4038 6338
432 324 489 377 Η
1628 316 1687 370 5.
1729 313 2054 372 GREGORII
2095 313 2447 373 THEOLOGI
3610 323 3678 378 12

430 432 750 510 Clu-istum
787 427 1172 510 referuntur,
1219 426 1601 510 singulaque
1650 444 2040 490 enumerans
2078 429 2336 510 nomina
2371 444 2513 507 quae
2553 427 2845 510 Christo,
2882 433 3012 510 tum
3054 433 3120 510 u_t
3146 429 3358 510 Verbo
3384 476 3400 502 ,
3436 439 3566 494 tum
3602 443 3670 497 ut

429 506 675 586 homini
722 509 1146 586 conveniunt,
1184 523 1254 568 ea
1309 506 1523 586 omnia
1565 522 1919 583 eorumque
1964 523 2189 586 causas
2236 506 2339 583 pie
2369 506 2441 568 ac
2473 507 2721 586 erudite
2755 508 3038 584 exponit.
3078 507 3152 569 In
3212 509 3433 586 quinta
3489 513 3675 574 deni-

429 604 557 666 que
592 584 703 667 (8),
737 585 935 667 sancti
958 585 1249 667 Spiritus
1282 582 1681 667 divinitatem
1715 582 2295 667 acprocessionem
2335 591 2551 667 contra
2586 582 2891 667 Arianos,‘
2923 582 3360 667 Eunomianos
3392 594 3456 649 et
3505 606 3674 667 pra?—

430 661 620 743 cipue
648 661 1133 744 Macedoniaan
1164 661 1418 744 fortiter
1446 663 1712 744 asserit;
1750 662 1939 744 idque
1968 663 2297 744 sapienter
2326 664 2621 744 observat
2650 704 2668 735 ,
2702 679 2831 744 non
2877 662 3023 725 ideo
3060 663 3329 744 plurima
3354 708 3370 733 .
3415 661 3669 744 exqui-

429 739 553 806 bus
590 740 791 803 sancti
826 740 1097 819 Spiritus
1142 740 1438 801 divinitas
1468 739 1879 819 apertissime
1910 741 2119 818 colligi
2177 742 2413 817 possit,
2448 739 2791 819 rejicienda
2832 758 2972 803 esse
2999 786 3018 815 ,
3048 739 3220 819 Quod
3253 742 3389 819 ipsa
3413 787 3429 814 ,
3466 739 3672 808 cei-tas

430 823 514 885 ob
545 835 791 892 causas,
826 818 957 881 non
986 818 1069 879 ita
1102 834 1401 896 expresse
1437 834 1756 879 sacrarum
1818 818 2197 879 Litterarum
2253 818 2689 880 monumentis
2722 818 3089 895 consignata
3144 819 3264 890 sit,
3308 837 3425 881 nec
3480 823 3673 885 anxie

431 903 510 962 de
552 898 883 961 nominum
920 911 1081 959 sono
1132 895 1550 972 litigandum,
1610 912 1752 958 cum
1811 912 1912 957 res
1970 896 2140 975 ipsas
2208 896 2545 975 Scripturte
2605 898 2981 959 auctoritate
3032 900 3469 973 comprobatas
3526 918 3673 962 esse

430 983 695 1043 constet.

506 1055 617 1118 Ill.
648 1054 1043 1133 Analyticam
1079 1052 1344 1133 istarum
1378 1052 1737 1133 orationum
1775 1052 2103 1131 synopsim
2155 1053 2370 1130 paucis
2402 1052 2660 1132 quidem
2695 1053 3023 1133 attigimus
3050 1067 3183 1133 ,_ne
3238 1051 3469 1133 fusiori
3530 1072 3669 1117 ser-

428 1151 622 1197 mone
656 1130 905 1194 illarum
939 1134 1174 1202 aciem,
1206 1130 1260 1191 si
1299 1131 1381 1191 ita
1424 1130 1599 1205 loqui
1635 1130 1723 1190 fas
1757 1139 1887 1202 est,
1930 1130 2460 1193 Obtunderemus.
2486 1130 2915 1194 Consentinnt
2941 1131 3174 1193 eruditi
3209 1147 3317 1192 eas
3348 1132 3670 1193 Constan-

427 1211 695 1287 tinOpoli
731 1211 975 1272 habitas
1024 1210 1225 1270 fuisse
1260 1224 1426 1269 anno
1455 1210 1593 1270 380.
1621 1209 1969 1285 Gregorius
2021 1210 2158 1287 ipse
2192 1209 2376 1270 nobis
2407 1209 2600 1287 hujus
2628 1210 2713 1270 rei
2747 1220 3119 1286 argumenta
3171 1210 3554 1285 suppeditat.
3587 1209 3661 1270 In

427 1290 714 1353 oratione
763 1287 933 1349 enim
974 1287 1454 1365 quadragesima
1488 1287 1761 1348 secunda
1786 1331 1803 1359 ,
1836 1286 2131 1365 sequenti
2163 1302 2331 1348 anno
2392 1286 2799 1365 prnuuntiata
2829 1332 2845 1360 ,
2883 1289 2962 1349 de
2990 1286 3332 1364 Scriptura!
3372 1289 3665 1350 testimo-

425 1370 588 1436 niis,
620 1382 763 1445 quae
807 1384 851 1445 _a
901 1364 1239 1445 Catholicis
1298 1364 1361 1424 in
1396 1365 1769 1445 bmreticos,
1808 1365 1903 1445 vel
1936 1364 2209 1445 abistis
2241 1364 2309 1425 in
2343 1364 2748 1445 orthodoxos
2776 1365 3261 1445 torquebantur,
3317 1382 3535 1445 agens,
3571 1367 3666 1429 sic

425 1442 711 1524 loquitur
741 1443 821 1523 (9)
858 1462 875 1524 ι
911 1466 939 1499 α
972 1445 1046 1505 Et
1078 1442 1336 1522 quidem
1387 1442 1724 1524 Scriptum
1764 1442 2127 1504 testimonia
2154 1488 2169 1516 ,
2196 1459 2338 1524 qum
2370 1442 2856 1524 mentientibus
2896 1442 3276 1524 “molestiam
3301 1443 3611 1505 exhibent
3636 1487 3657 1519 ,

423 1519 568 1585 aliis
602 1519 1068 1600 relinquimus,
1099 1519 1250 1600 cum
1283 1537 1316 1600 ς]
1347 1520 1566 1581 multis
1594 1520 1727 1600 jam
1761 1538 1959 1597 saepe,
1998 1528 2126 1600 tum
2162 1519 2351 1580 etiam
2385 1539 2415 1600 a
2464 1521 2651 1581 nobis
2688 1519 2853 1580 haud
2886 1520 3320 1600 perfunctorie
3351 1529 3433 1600 et_
3462 1523 3662 1597 negli-

422 1609 645 1681 genter
691 1597 917 1681 lilteris
952 1597 1238 1661 mandata
1276 1598 1533 1660 fuerint.
1599 1597 1633 1656 in
1687 1599 1855 1681 Quae
1904 1599 2117 1681 verba,
2177 1600 2355 1672 juxta
2397 1599 2801 1674 interpretes,
2835 1597 2964 1660 neu
3001 1598 3227 1681 solum
3267 1597 3661 1681 theologicas

422 1674 741 1741 orationes
776 1679 1150 1755 designant,
1192 1693 1409 1738 verum
1471 1694 1578 1737 eas
1615 1678 1805 1737 etiam
1831 1676 1961 1755 jam
1995 1678 2293 1752 scriptas,
2332 1692 2714 1752 summaque
2749 1692 2893 1736 cum
2919 1693 3077 1755 cura
3112 1674 3466 1755 elaboratas
3499 1679 3662 1739 indi-

419 1764 586 1819 cant.
620 1756 858 1834 Conjici
890 1752 1146 1834 quoque
1189 1760 1429 1832 potest,
1474 1754 1756 1831 singulas
1807 1752 2065 1834 quidem
2107 1756 2317 1834 ipsas,
2357 1756 2567 1834 primo
2608 1769 2718 1834 pro
2750 1754 3063 1834 concione
3113 1752 3388 1834 habitas,
3444 1763 3661 1831 postea

422 1851 573 1897 vero
606 1831 1223 1910 maturius'dig'estas
1249 1876 1266 1906 ,
1299 1833 1375 1893 ab
1416 1834 1556 1910 ipso
1588 1833 1898 1908 Gregorio
1930 1832 2131 1910 fuisse
2177 1832 2405 1910 litteris
2460 1831 2892 1910 consignatas.
2946 1832 3108 1892 Hinc
3153 1831 3276 1891 illa:
3327 1834 3656 1893 orationes

422 1930 550 1975 non
583 1912 903 1974 immerito
946 1908 1095 1972 vista
1125 1908 1890 1990 psunt‘Hieronymoglibri
1932 1908 2210 1990 _formam
2269 1909 2529 1990 referre.
2572 1909 2801 1970 Scribit
2842 1911 3014 1990 enim
3074 1911 3194 1990 hac
3253 1910 3329 1971 de
3383 1910 3603 1990 r_e_(10)
3638 1930 3654 1968 :

425 2013 455 2048 α
493 1992 817 2053 Adversus
861 1989 1251 2052 Eunomium
1285 1987 1448 2049 liber
1479 1986 1683 2060 unus,
1719 1988 1809 2050 De
1842 1986 2076 2064 Spiritu
2109 1997 2327 2048 sancto
2364 1988 2521 2047 liber
2558 2004 2748 2047 unus.
2790 2010 2817 2042 ιι
2853 1988 2943 2047 Ex
2976 1987 3215 2065 quibus
3253 1986 3662 2049 manifestum

420 2079 540 2142 est,
591 2075 869 2148 quatuor
923 2069 1145 2129 saltem
1182 2067 1450 2148 priores,
1484 2074 1707 2144 utpote
1758 2082 1899 2145 qua)
1930 2080 2146 2148 secum
2179 2065 2549 2148 _a_rctissit_ne
2593 2065 2954 2148 commeant
2978 2106 2995 2135 ,
3032 2067 3216 2125 unica
3248 2072 3495 2148 tantum
3527 2082 3664 2126 ora-

420 2142 629 2221 tione,
659 2164 776 2208 seu
811 2146 971 2207 libro
997 2190 1013 2219 ,
1041 2164 1072 2207 a
1110 2142 1325 2207 sancto
1359 2142 1628 2205 Doctore
1670 2142 2151 2221 comprehendi.
2179 2143 2357 2205 Hanc
2399 2142 2587 2221 etiam
2622 2142 2702 2202 ob
2741 2159 3033 2221 causam,
3076 2159 3287 2221 neque
3313 2144 3651 2221 vulgatum

418 2242 633 2287 earum
683 2226 972 2285 ordinem
1025 2232 1271 2284 mutare
1294 2266 1310 2296 ,
1347 2239 1557 2301 neque
1588 2223 1768 2283 aliam
1800 2222 1876 2280 ab
1901 2220 2041 2301 alia
2074 2238 2366 2300 separare
2401 2220 2749 2293 voluimus,
2788 2222 2929 2283 licet
2967 2220 3105 2281 alite
3134 2220 3391 2282 interim
3422 2221 3658 2282 oratio-

419 2319 533 2365 nes
563 2304 750 2365 dictae
774 2310 836 2365 et
865 2302 1210 2379 interjectae
1242 2300 1707 2363 videri’merito
1741 2300 2016 2378 possint.

508 2401 561 2472 8)
585 2399 679 2472 ρι’.
712 2415 862 2454 xxxr.
975 2469 1024 2472 Α
2149 2397 2283 2472 _(t_(_))
2307 2396 2384 2451 De
2414 2398 2593 2467 script.
2616 2398 2765 2464 eccl.,
2791 2411 2907 2466 cap.
2940 2397 3059 2460 H7.
3084 2396 3217 2467 Opp.
3249 2404 3290 2451 t.
3321 2396 3387 2464 ll,
3411 2395 3513 2454 col.
3539 2395 3641 2451 707

510 2467 562 2540 9)
588 2468 680 2525 0r.
719 2484 853 2534 xw,
881 2484 933 2523 ιι.
967 2469 1055 2525 18.
2100 2467 2185 2522 ed.
2211 2467 2284 2521 Μ.

823 2760 1206 2837 ORATIO
1239 2758 1584 2836 XXVII“.

2600 2753 2965 2839 ΛΟΓΟΣ
2996 2754 3177 2837 KZ'.

812 2931 1278 2989 THEOLOGICA
1332 2929 1597 2986 PRIMA.

2477 2932 2936 2986 ΘΕΟΛΟΓΙΚΟΣ
2965 2933 3269 2986 ΠΡΩΤΟΣ.

590 3070 849 3124 Adversus
886 3066 1241 3121 Eunomianos
1269 3067 1462 3136 prwvia
1492 3067 1808 3121 dissertatio.

2307 3070 2467 3125 Κατὰ
2491 3071 2883 3141 Εὑνομιανῶν
2907 3071 3019 3141 (11)
3044 3070 3368 3140 προδιάλεξ
3372 3090 3445 3136 ις.

481 3203 523 3259 1.
564 3202 645 3257 Ad
673 3216 786 3267 eos,
812 3200 905 3268 qui
934 3207 1122 3253 ornate
1154 3198 1364 3253 dicendi
1399 3197 1695 3268 cupiditate
1728 3195 1981 3268 ﬂagrant,

415 3292 549 3347 mihi
596 3305 779 3347 sermo
812 3290 939 3345 erit.
974 3288 1041 3343 Et
1071 3298 1132 3342 ut
1170 3288 1464 3357 Scriptura.-
1494 3287 1672 3341 verbis
1707 3288 1979 3352 exordiar,

414 3384 550 3439 Ecce
591 3398 683 3453 ego
717 3382 992 3436 adversum
1040 3390 1088 3436 te
1134 3380 1562 3435 contumeliosam
1584 3382 1626 3444 ³,
1661 3390 1769 3434 tam
1804 3380 1855 3435 in
1883 3380 1980 3435 do—

412 3477 602 3541 cendo,
631 3489 793 3544 quam
826 3474 878 3528 in
908 3473 1196 3537 audiendo,
1221 3482 1275 3528 et
1302 3471 1612 3541 cegitando.
1645 3470 1782 3527 Sunt
1807 3472 1976 3539 enim,

411 3574 539 3620 sunt
566 3565 806 3633 quidam,
840 3562 1037 3632 quibus
1058 3575 1161 3616 non
1191 3560 1361 3632 488
1390 3576 1549 3615 aures
1573 3565 1857 3625 duntaxat,
1883 3561 1976 3615 sed

411 3657 574 3711 etiam
614 3655 793 3724 lingua
851 3664 1011 3721 atque
1067 3652 1200 3706 adeo
1246 3666 1436 3705 manus
1484 3666 1701 3719 quoque
1746 3652 1894 3718 ipsae,
1921 3658 1980 3703 ut

410 3746 586 3810 video.
623 3745 689 3799 ad
714 3756 993 3798 sermones
1027 3751 1240 3797 nostros
1278 3740 1576 3811 pruriunt,‘
1623 3742 1823 3810 quique
1864 3742 1981 3794 ina-

412 3836 573 3893 nibus
640 3834 841 3900 verbis,
893 3842 949 3888 et
1004 3832 1436 3888 contentionibus
1495 3832 1631 3886 falso
1692 3833 1981 3887 nominatae

2156 3206 2233 3256 A'.
2262 3204 2405 3275 Πρὸς
2438 3205 2565 3267 τοὺς
2614 3206 2671 3258 ἐν
2703 3206 2845 3275 λόγῳ
2880 3204 3122 3276 κομψοὺς
3155 3207 3182 3258 6
3224 3206 3399 3275 λόγος.
3439 3208 3550 3260 Καὶ
3574 3207 3658 3260 ἴνα

2084 3293 2191 3346 ἀπὸ
2233 3295 2330 3365 τῆς
2380 3295 2602 3365 Γρᾶ-φῆς
2657 3295 2941 3367 ἄρξωμαι·
2986 3294 3141 3350 Ἰδοὺ
3162 3294 3275 3363 ἐγὼ
3309 3296 3407 3348 ἐπὶ
3446 3295 3521 3348 σὲ
3548 3295 3657 3362 τὴν

2082 3385 2449 3452 ὑϐρίστριαν,
2466 3386 2557 3439 καὶ
2568 3386 2866 3450 παίδευσιν,
2880 3387 2972 3439 καὶ
2983 3386 3168 3456 ἀκοὴν,
3181 3386 3272 3438 καὶ
3282 3385 3569 3455 διάνοιαν(1
3579 3386 3632 3453 2)
3641 3426 3657 3440 .

2082 3474 2202 3526 Εἰσὶ
2233 3474 2374 3544 γὰρ,
2433 3473 2539 3527 εἰσί
2583 3491 2745 3539 τινες,
2779 3476 2828 3527 οἱ
2876 3474 2974 3544 τὴν
3011 3474 3177 3544 ἀκοὴν
3210 3474 3321 3544 (15)
3374 3472 3659 3543 προσκνώ-

2084 3579 2232 3633 μενοι
2285 3564 2380 3616 καὶ
2433 3563 2533 3633 τὴν
2584 3562 2854 3631 γλῶσσαν,
2886 3562 2984 3633 ἤδη
3031 3561 3116 3624 δὲ,
3152 3562 3227 3625 ὡς
3266 3560 3410 3630 ὁρῶ,
3445 3561 3538 3613 καὶ
3561 3560 3659 3630 τὴν

2080 3656 2238 3722 χεῖρα
2269 3652 2377 3719 (14)
2412 3655 2524 3715 τοῖς
2552 3653 2838 3723 ἡμετέροις
2863 3652 3061 3720 λόγοις,
3091 3652 3185 3704 καὶ
3221 3654 3499 3724 χαίροντες
3541 3653 3658 3723 (15)

2080 3745 2202 3805 ταῖς
2236 3741 2476 3814 βεϐήλοις
2510 3745 2881 3812 κενοφωνίαις,
2912 3746 3003 3798 καὶ
3036 3742 3339 3797 ἀντιθέσεσι
3380 3744 3476 3814 τῆς
3499 3743 3658 3813 ψευδ-

2080 3834 2297 3905 ωνύμου
2356 3833 2628 3904 γνώσεως,
2669 3836 2765 3889 καὶ
2804 3839 2923 3900 ταῖς
2975 3837 3054 3899 εἰς
3084 3836 3233 3889 οὐδὲν
3267 3837 3536 3908 χρήσιμον
3565 3854 3657 3906 φε-

409 3927 675 3993 εοίειιιίαι,
729 3939 792 3981 ac
834 3924 1262 3995 disputationum
1305 3922 1499 3993 pugnis
1531 3921 1578 3987 ⁵,
1625 3937 1744 3991 quae
1780 3922 1976 3977 nullam

2084 3926 2304 3995 ρούσαις
2328 3926 2702 3997 λογομαχίαις.
2730 3926 2887 3979 Οὕτω
2908 3926 3016 3998 γὰρ
3048 3929 3077 3979 ὁ
3110 3926 3317 3989 Παῦλος
3351 3926 3508 3979 καλεῖ
3548 3927 3658 3978 πᾶν

409 4018 699 4079 utilitatem
742 4014 998 4079 afferunt,
1046 4013 1406 4068 obiectantur.
1465 4012 1554 4066 Sic
1600 4012 1765 4075 enim,
1823 4011 1981 4079 quid-

2084 4015 2140 4069 τὸ
2168 4017 2225 4070 ἐν
2257 4016 2400 4087 λόγῳ
2428 4016 2682 4087 περιττὸν
2705 4018 2796 4071 καὶ
2821 4017 3133 4087 περίεργον,
3174 4018 3202 4069 ὀ
3225 4013 3320 4069 τοῦ
3357 4032 3653 4086 συντετμη-

409 4109 537 4178 quid
574 4107 627 4161 in
678 4105 880 4169 verbis.
922 4104 1005 4160 vel
1043 4117 1527 4174 supervacaneum,
1580 4102 1665 4158 vel
1702 4102 1976 4157 curiosum

2085 4104 2246 4175 μένου
2275 4105 2387 4175 (16)
2412 4105 2568 4175 λόγου
2605 4105 2779 4177 κῆρυξ
2808 4106 2902 4159 καὶ
2932 4104 3251 4177 βεϐαιωτὴς,
3274 4108 3302 4159 ὁ
3337 4106 3443 4158 τῶν
3462 4106 3657 4160 ἁλιέων

411 4202 514 4258 est,
557 4203 716 4249 vocat
766 4193 1001 4258 Paulus,
1043 4192 1131 4247 ille
1184 4191 1412 4246 breviati
1444 4193 1590 4246 verbi
1630 4194 1651 4224 ⁸
1701 4207 1876 4261 praeco
1924 4201 1978 4249 et

2085 4194 2329 4266 μαθητὴς
2359 4197 2451 4248 καὶ
2472 4195 2809 4258 διδάσκαλος.
2845 4190 3002 4249 Οὗτοι
3039 4195 3116 4257 δὲ,
3147 4197 3275 4266 περὶ
3305 4189 3379 4250 ὧν
3422 4196 3450 4247 ὁ
3478 4197 3653 4265 λόγος,

409 4290 666 4348 assertor,
698 4282 788 4337 ille
826 4282 1152 4350 piscatorum
1194 4278 1510 4349 discipulus,
1552 4294 1615 4335 ac
1654 4291 1970 4351 praeceptor.

2084 4287 2191 4340 εἴθε
2219 4290 2339 4358 μὲν,
2372 4287 2563 4358 ὥσπερ
2594 4286 2692 4357 τὴν
2724 4287 2973 4355 γλῶσσαν
3006 4286 3300 4359 εὖστροφον
3331 4288 3532 4357 ἔχουσι,
3562 4290 3657 4340 καὶ

409 4372 476 4429 Ili
526 4388 651 4428 vero
698 4374 762 4428 de
806 4372 999 4443 quibus
1050 4371 1351 4426 orationem
1407 4372 1686 4435 habemus,
1743 4374 1974 4437 utinam,

2084 4378 2260 4449 δεινὴν
2307 4378 2587 4432 ἐπιθέσθαι
2634 4377 2814 4446 λόγοις
2861 4378 3260 4448 εὐγενεστέροις
3293 4395 3352 4430 τε
3390 4380 3482 4430 καὶ
3513 4378 3658 4430 δοκι-

410 4464 854 4534 quemadmodum
911 4462 1143 4531 linguam
1192 4461 1481 4515 volubilem
1536 4462 1755 4525 habent,
1815 4473 1978 4532 atque

2090 4470 2373 4540 μωτέροις,
2404 4469 2544 4523 οὕτω
2571 4487 2621 4522 τι
2650 4470 2745 4521 καὶ
2778 4470 2905 4538 περὶ
2932 4470 3030 4531 τὰς
3059 4470 3285 4537 πράξεις
3309 4469 3651 4539 ἠσχολοῦντο.

408 4546 763 4613 nobilioribus
821 4566 872 4611 et
935 4554 1339 4622 probatioribus
1399 4554 1578 4608 verbis
1639 4555 1971 4611 insectandis

2086 4560 2295 4630 Μικρὸν
2338 4556 2460 4623 οὖν,
2506 4560 2599 4613 καὶ
2637 4558 2764 4621 ἴσως
2806 4553 2965 4629 ἦττον
3007 4558 3071 4612 ἂν
3112 4555 3249 4630 ἦσαν
3282 4561 3529 4628 σοφισταὶ
3562 4560 3655 4613 καὶ

474 4667 496 4698 ⁸
527 4664 635 4721 Jer.
688 4683 740 4730 L,
785 4666 875 4721 51.
955 4665 975 4696 ³
1020 4662 1063 4716 ll
1108 4664 1248 4718 Tim.
1292 4679 1363 4726 tv,
1402 4665 1455 4719 5.
1530 4665 1552 4696 ⁸
1582 4665 1599 4719 l
1629 4665 1768 4721 Tim.
1800 4683 1871 4727 vr,
1911 4672 1967 4723 4.

2087 4672 2241 4727 Rom.
2267 4689 2340 4736 tx,
2364 4675 2451 4729 28.

479 4790 504 4819 ι
541 4776 685 4831 Alias
708 4774 945 4830 XXXIII.
962 4775 1092 4843 Qua:
1104 4786 1281 4831 autem
1308 4774 1377 4829 27
1392 4784 1530 4841 erat,
1551 4792 1690 4831 nunc
1703 4776 1791 4831 '56.
1818 4778 2007 4834 ——lla-

406 4849 515 4906 bita
543 4860 682 4900 anno
712 4845 834 4900 580.

479 4918 779 4987 (,HLKard
821 4915 1242 4987 Εὑνομιανῶν.
1273 4916 1403 4987 Reg.
1434 4930 1485 4981 a,
1519 4914 1668 4971 Colb.
1713 4917 1765 4971 5.
1818 4916 1938 4971 Ruf.
1966 4937 1977 4970 :

406 4985 549 5060 Πρὸς
572 4986 946 5060 Ἐὔνομιᾳνοὺς
972 4985 1331 5060 ῖτροδιμάλεξις,
1359 4985 1460 5040 *καὶ
1487 4987 1568 5060 ὅτι
1594 4987 1653 5039 οὐ
1689 4988 1979 5060 παντὸςὲτὸ
2158 4990 2269 5060 (15)
2302 4989 2419 5057 Τὴν
2451 4985 2659 5060 datatim
2695 4992 2875 5060 Forte,
2908 4992 2970 5059 τῇ
3001 4992 3157 5060 ἀκοῇ.
3191 4991 3351 5049 Εοιτ.

408 5054 696 5128 περιθεοιῖ
721 5054 1079 5128 διαλέγεσθάι,
1109 5056 1143 5126 ἢ
1173 5057 1421 5128 πάντοτε·
1461 5073 1480 5107 ι
1532 5056 1733 5128 Praevia
1774 5057 1826 5110 iu
1866 5056 1977 5109 Eu~

2158 5054 2267 5128 (14)
2307 5054 2413 5112 Κὰὶ
2452 5059 2566 5127 τὴν
2589 5054 2791 5128 χεῖρα.
2824 5054 3073 5127 Designat
3106 5054 3191 5114 hic
3223 5061 3511 5127 Gregorius
3543 5062 3650 5115 Eu-

408 5124 688 5198 uoiuianos
720 5124 1049 5198 dissertatio,
1101 5124 1168 5198 et
1197 5126 1340 5194 quod
1383 5141 1497 5198 nec
1536 5126 1815 5198 continuo,
1848 5140 1974 5198 nec
2085 5124 2460 5198 noinianorum
2514 5124 3100 5197 itnprobitatequui,
3137 5145 3258 5183 cum
3308 5124 3537 5198 ifuparcs
3565 5147 3653 5182 es-

407 5195 657 5269 tltnnilms
684 5194 856 5248 modis
882 5195 946 5269 de
978 5197 1086 5269 D‘eo
1120 5195 1615 5269 dissere_ndnm_sit.
1652 5214 1670 5245 ι
1700 5194 1969 5269 Regbm;
2081 5206 2200 5269 sent
2233 5196 2511 5266 Gregorio,
2548 5194 2719 5265 ipsum
2772 5209 2947 5251 tamen
2996 5194 3133 5252 male
3182 5194 3469 5259 mulctandi
3497 5202 3651 5269 cupi-

407 5264 548 5349 Πρὸς
565 5263 960 5349 βὺνομιανούς.
975 5264 1259 5349 pompeii:
1292 5265 1452 5349 Κετὰ
1471 5265 1849 5349 ΔΕὐνομιιινῶγ,
1868 5263 1973 5349 ,διαὶ

2084 5265 2257 5349 uitale
2278 5263 2558 5349 ardebant.

407 5326 539 5405 περ).
565 5326 837 5400 θεολοῆίας
867 5333 1202 5403 «pestateng
1228 5348 1241 5363 '
1286 5353 1305 5384 ι
1349 5334 1552 5388 Contra
1591 5326 1970 5395 Eunomianos,

408 5406 547 5457 etde
572 5404 834 5461 theoloeia
858 5405 1296 5461 praedissertatio.
1338 5421 1356 5453 ι
1384 5432 1451 5443 -
1471 5422 1489 5453 ι
1523 5404 1612 5457 Sic
1641 5403 1970 5461 inscribitur,

2151 5326 2262 5405 (i5)
2292 5335 2419 5401 Τοῖς
2445 5337 2751 5405 ἡμετέροις
2774 5338 2999 5405 λόγοις,
3033 5336 3130 5388 καὶ
3165 5336 3493 5405 χαίροντες.
3531 5337 3653 5391 11ωο

2084 5402 2344 5457 desuntiu
2381 5406 2509 5461 lteu.
2549 5422 2578 5457 a
2610 5418 2663 5459 et
2701 5408 2792 5461 Or.
2825 5407 2879 5458 2.

408 5418 463 5457 et
482 5418 547 5457 ue
572 5418 834 5471 theologia
858 5418 1296 5472 praeutssertauo.
1338 5421 1356 5453 ι
1384 5432 1451 5443 -
1471 5422 1489 5453 ι
1523 5418 1612 5457 διο
1641 5418 1970 5466 inscribitur,

408 5473 484 5527 ait
521 5472 708 5538 Leuv.,
754 5482 1032 5543 propterea
1076 5475 1216 5543 quod
1261 5473 1312 5526 in
1355 5488 1416 5527 ea
1471 5472 1821 5543 quarumdam
1892 5485 1975 5543 re-

2084 5418 2344 5457 uesuntlu
2381 5418 2509 5474 lteg.
2549 5422 2578 5457 a
2610 5418 2663 5459 et
2701 5418 2792 5461 Ur.
2825 5418 2879 5458 ‘2.

2084 5539 2115 5543 Δ
2154 5473 2261 5542 (16)
2286 5474 2799 5543 Συντετμημένου.
2832 5475 2929 5527 Hic
2961 5474 3146 5529 alludit
3179 5478 3242 5527 ad
3288 5475 3431 5528 hunc
3475 5472 3648 5526 locum

410 5559 530 5612 rum
556 5538 817 5612 expositio
842 5538 994 5611 quasi
1024 5538 1399 5612 praeminatur.
1439 5560 1457 5593 ι
1488 5538 1705 5612 laedunt
1745 5538 1975 5612 uo‘nnulj
2082 5538 2251 5595 Rom;
2279 5544 2469 5608 Ix,28,
2506 5538 2711 5609 in'quo
2752 5545 2947 5598 Paulus
2996 5544 3341 5612 Evangelium
3381 5544 3646 5612 nominat.

2095 5628 2112 5660 ι
2147 5611 2443 5667 breviatum
2482 5614 2736 5676 verbum,
2783 5632 2801 5665 ι
2853 5616 2993 5682 quod
3042 5629 3130 5670 res
3152 5611 3429 5668 maximas
3466 5611 3651 5682 paucis

2086 5681 2266 5737 verbis
2301 5682 2705 5752 complectatur.

2187 4783 2296 4851 (1⁸2)
2325 4786 2436 4837 Καὶ
2480 4782 2815 4847 παίὸευσιν,
2859 4784 2957 4836 καὶ
3003 4784 3215 4850 ἀκοὴν,
3264 4785 3359 4836 καὶ
3388 4782 3655 4840 διάνοιαν

2092 4849 2216 4905 Hmc
2242 4849 2433 4922 desunt
2468 4855 2518 4905 in
2555 4852 2825 4922 plerisque
2854 4854 3008 4922 codd.
3042 4849 3150 4906 Nec
3179 4868 3238 4906 ea
3262 4867 3382 4908 esse
3405 4852 3651 4922 Gregorii

2090 4930 2239 4978 nutat
2267 4921 2474 4975 Billius.
2510 4921 2761 4988 Agnoscit
2793 4933 2964 4975 tamen
2997 4921 3156 4976 Elias.

408 5611 467 5741 Li,
495 5604 691 5736 ῗρῤἐθη
720 5612 776 5667 ἐν
814 5604 1411 5677 Κὶονστάντινουπόλει,
1460 5630 1478 5661 ι
1522 5604 1978 5677 Constantinopoli

446 5698 491 5737 ιο
522 5698 570 5737 a.
602 5702 620 5735 ι

446 5698 570 5737 ulla.
602 5702 620 5735 ι
