4038 6338
290 306 360 363 t3
1315 306 1579 365 ORATIO
1616 307 1829 364 xxvn.
1872 342 1940 351 .-
1981 310 2415 370 THEOLOGICA
2455 318 2496 370 1.
3056 300 3061 303 ’
3474 317 3540 369 ιι

287 425 549 478 κυϐισταὶ
580 425 755 493 λόγων
779 425 894 493 (17)
928 425 1117 478 ἄτοποι
1159 427 1250 478 καὶ
1272 428 1602 503 παράδοξοι,
1639 429 1703 480 ἵν’
1741 428 1856 481 εἴπιι

1982 444 2160 484 acrem
2185 442 2238 485 et
2264 434 2656 497 vehementem,
2691 434 2771 489 sic
2800 433 2957 488 etiam
2986 432 3039 486 in
3070 433 3274 500 agendo
3295 435 3539 489 eamdem

286 531 345 568 τι
376 516 472 569 καὶ
502 515 727 582 γελοίως
749 515 875 583 περὶ
903 513 1113 582 γελοίου
1142 516 1482 585 πράγματος.

1978 534 2198 587 operam
2232 522 2593 577 collocarent!
2642 522 2837 578 Parum
2884 523 3069 593 igitur,
3116 532 3170 576 et
3205 523 3382 576 minus
3428 521 3541 576 for-

293 616 441 659 tasse
476 604 821 658 cavillatores
860 614 1067 668 essent,
1114 607 1158 658 si
1205 606 1254 659 id
1300 605 1563 673 facerent,
1623 622 1721 662 nec
1781 615 1891 662 tam
1932 609 2164 665 absurde
2221 621 2382 681 atque
2443 612 2737 670 insolenter
2775 614 2827 669 in
2876 614 3077 680 verbis,
3118 614 3345 684 perinde
3375 622 3541 681 atque

288 697 347 751 in
397 696 528 749 aleae
574 695 721 755 ludo,
769 703 1137 757 versarentur,
1186 706 1242 748 ut
1282 695 1509 750 ridicule
1552 697 1617 751 de
1658 712 1716 751 re
1747 698 1972 752 ridicula
2001 699 2209 769 loquar.

362 783 440 835 B’.
472 783 626 835 Ἐπεὶ
668 783 724 835 δὲ
761 784 940 837 πᾶσαν
984 782 1262 849 εὐσεϐείας
1294 785 1409 837 ὁδὸν
1453 786 1871 852 καταλύσαντες,

287 876 429 946 πρὸς
462 873 521 927 ἓν
559 874 715 927 τοῦτο
749 873 1007 943 βλέπουσι
1045 875 1240 945 μόνον,
1283 878 1311 929 ὅ
1348 895 1401 929 τι
1434 878 1683 949 δήσουσιν
1728 880 1760 951 ἢ
1790 878 1877 931 λύ-

284 984 442 1020 σουσι
468 966 487 1038 ζ
498 966 582 1036 18)
611 966 720 1018 τῶν
753 966 1211 1037 προϐαλλομένων
1244 968 1517 1040 (καθάπερ
1542 972 1599 1022 ὲν
1617 974 1728 1033 τοῖς
1753 970 1877 1024 θεά-

284 1077 440 1129 τροις
465 1062 514 1111 οί
546 1057 615 1111 τὰ
649 1058 1006 1128 παλαίσματα
1032 1055 1473 1129 δημοσιεύοντες,
1504 1062 1597 1114 καὶ
1635 1061 1742 1114 τῶν
1773 1078 1876 1115 πα-

281 1149 604 1220 λαισμάτων
647 1149 744 1219 οὐχ
782 1150 882 1202 ὅσα
913 1150 1050 1219 πρὸς
1095 1149 1249 1221 νίκην
1293 1152 1447 1222 φέρει
1490 1152 1628 1204 κατὰ
1676 1152 1873 1223 νόμους

281 1239 589 1309 ἀθλήσεως,
614 1239 730 1293 ἀλλ’
763 1239 866 1292 ὅσα
898 1239 995 1310 τὴν
1022 1238 1145 1307 ὄψιν
1173 1239 1394 1293 κλέπτει
1420 1239 1527 1293 τῶν
1547 1239 1773 1311 ἀμαθῶν
1804 1242 1869 1294 τὰ

280 1328 531 1391 τοιαῦτα,
572 1329 668 1381 καὶ
699 1326 1033 1399 συναρπάζει
1053 1329 1143 1381 τὸν
1167 1328 1502 1401 ἐπαινέτην),
1533 1329 1628 1383 καὶ
1659 1330 1742 1383 δεῖ
1766 1332 1870 1384 πᾶ-

282 1437 383 1473 σαν
417 1421 517 1491 μὲν
548 1420 755 1492 ἀγορὰν
782 1420 1236 1491 περιϐομϐεῖσθαι
1276 1423 1390 1482 τοῖς
1419 1421 1622 1477 τούτων
1654 1423 1832 1493 λόγοις
1852 1464 1867 1490 ,

282 1514 392 1565 πᾶν
416 1512 473 1564 δὲ
504 1511 1231 1582 συμπόσιονάποκναίεσθαι
1265 1511 1503 1584 φλυαρίᾳ
1542 1514 1637 1566 καὶ
1681 1513 1863 1585 ἀηδίᾳ,

279 1603 462 1655 πᾶσαν
481 1601 542 1654 δὲ
567 1601 762 1673 ἑορτὴν
791 1602 887 1656 καὶ
921 1599 1115 1665 πένθος
1142 1601 1310 1667 ἅπαν,
1350 1604 1450 1673 τὴν
1482 1603 1581 1673 μὲν
1609 1603 1863 1671 ἀνέορτον

2046 790 2109 845 ll.
2153 793 2419 858 Quoniam
2458 804 2658 858 autem,
2695 796 2838 850 omni
2868 796 3086 865 pietatis
3109 795 3195 849 via
3236 796 3448 850 sublata
3477 806 3537 851 et

1976 878 2183 944 deleta,
2241 882 2339 935 hoc
2391 898 2554 936 unum
2601 883 2703 936 sibi
2754 894 3078 953 proponunt,
3109 893 3167 938 ut
3212 886 3538 954 quaestiones

1979 970 2062 1025 vel
2113 971 2404 1042 stringant,
2449 974 2529 1029 vel
2568 972 2781 1030 solvant
2815 975 3304 1045 (quemadmodum,
3353 977 3443 1044 qui
3481 975 3536 1029 in

1976 1056 2210 1113 theatris
2240 1060 2384 1130 vulgi
2434 1061 2602 1117 oculis
2647 1063 2939 1117 certamina
2988 1071 3281 1127 ostentant,
3319 1065 3536 1131 ει,ρυί-

1974 1149 2094 1202 dem
2127 1150 2391 1221 ejusmodi
2422 1154 2776 1208 certaminum
2812 1168 3028 1225 genera,
3076 1169 3196 1223 quae
3241 1168 3345 1209 non
3380 1152 3533 1222 juxta

1972 1239 2235 1310 palaestra:
2287 1242 2432 1313 leges
2486 1243 2766 1299 victoriam
2812 1253 3148 1315 comparant,
3187 1244 3281 1299 sed
3314 1245 3535 1315 imperi-

1971 1343 2149 1387 torum
2188 1337 2451 1389 duntaxat
2494 1320 2679 1391 oculos
2717 1337 3110 1407 perstringunt,
3158 1351 3221 1391 ac
3257 1335 3468 1391 laudem
3503 1354 3534 1391 a

1968 1423 2369 1492 spectatoribus
2409 1432 2689 1496 captant);
2734 1434 2788 1481 et
2819 1441 2905 1482 res
2939 1426 3042 1482 huc
3069 1427 3225 1492 redit,
3259 1436 3318 1483 ut
3341 1428 3531 1483 horum

1967 1512 2452 1583 disputationibus,
2500 1526 2555 1570 et
2603 1514 2778 1570 forum
2810 1531 2969 1572 omne
2999 1517 3431 1589 circumstrepat,
3479 1528 3536 1573 et

1970 1603 2214 1657 convivia
2246 1605 2428 1659 omnia
2474 1604 2781 1673 huiusmodi
2833 1621 3094 1677 nugarum
3148 1608 3305 1663 taedio
3336 1608 3535 1663 obtun-

276 1687 415 1747 εἶναι
459 1693 559 1746 καὶ
613 1692 817 1763 μεστὴν
869 1692 1191 1763 κατηφείας,
1252 1694 1312 1747 τὸ
1340 1693 1397 1747 δὲ
1421 1694 1856 1765 παραμυθεῖσθαι

1968 1690 2189 1760 dantur,
2220 1701 2275 1748 et
2303 1692 2502 1748 festum
2536 1707 2696 1750 omne
2725 1694 3031 1751 infestivum
3072 1696 3143 1752 sit
3174 1713 3237 1752 ac
3263 1698 3535 1755 maestitiae

277 1785 537 1855 συμφορᾷ
578 1760 786 1854 μείζονι
837 1782 945 1852 (19)
980 1760 1095 1845 τοῖς
1138 1782 1436 1853 ζητήμασι,
1496 1760 1674 1837 πᾶσαν
1710 1784 1766 1837 δὲ
1787 1784 1856 1837 δι-

1962 1782 2207 1852 plenum,
2260 1793 2314 1840 et
2362 1784 2544 1841 luctus
2592 1787 2771 1844 omnis
2827 1788 3017 1859 majori
3063 1790 3387 1857 calamitate,
3430 1791 3533 1846 hoc

274 1873 555 1943 οχλείσθαι
603 1874 1011 1943 γυναικωνῖτιν,
1031 1871 1293 1944 ἁπλότητι
1328 1873 1643 1945 σύντροφον,
1681 1874 1864 1929 καὶτὸ

274 1966 373 2036 τῆς
404 1964 591 2028 αἰδοῦς
631 1964 790 2027 ἄνθος
815 1962 1191 2018 ἀποσυλᾶσθαι
1225 1967 1291 2035 τῇ
1328 1965 1455 2035 περὶ
1501 1965 1659 2034 λόγον
1699 1983 1864 2036 ταχυ-

274 2055 424 2126 τῆτι·
459 2054 654 2124 ἐπειδὴ
687 2052 862 2106 ταῦτα
887 2051 1054 2118 οὕτω,
1090 2053 1271 2106 καὶτὸ
1304 2054 1474 2107 κακὸν
1501 2055 1727 2124 ἄσχετον
1770 2054 1863 2108 καὶ

272 2147 549 2217 ἀφόρητον
574 2185 590 2210 ,
625 2146 722 2199 καὶ
747 2144 1051 2199 κινδυνεύει
1100 2144 1415 2217 τεχνύδριον
1467 2146 1580 2218 (20)
1635 2143 1772 2202 εἶναι
1803 2148 1863 2201 τὸ

276 2238 420 2308 μέγα
456 2237 618 2307 ἡμῶν
653 2237 973 2307 μυστήριονο
1026 2235 1180 2306 φέρε,
1224 2236 1479 2291 τοσοῦτον
1524 2238 1653 2305 γοῦν
1708 2238 1862 2308 ήμῶν

272 2328 702 2399 ἀνασχέσθωσαν
748 2330 795 2379 οἱ
848 2327 1185 2381 κατάσκοποι
1214 2327 1350 2399 (21),
1399 2328 1725 2398 σπλάγχνοις
1755 2346 1859 2382 πα-

270 2421 483 2489 τρικοῖς
507 2417 863 2489 κινουμένων,
904 2417 1031 2483 καὶ,
1057 2418 1086 2471 ὅ
1126 2435 1290 2489 φησιν
1329 2420 1358 2471 6
1395 2417 1535 2482 θεῖος
1573 2420 1859 2490 Ἱερεμίας,

272 2510 749 2581 σπαρασσομένων
776 2508 841 2561 τὰ
864 2508 1215 2580 αίσθητήρια,
1246 2510 1369 2562 ὅσον
1390 2510 1463 2580 μὴ
1486 2509 1730 2581 τραχέως
1770 2512 1861 2566 τὸν

271 2603 402 2673 περὶ
422 2601 630 2655 τούτων
655 2599 911 2665 δέξασθαι
936 2601 1113 2669 λόγον,
1148 2601 1243 2654 καὶ
1268 2600 1365 2671 τὴν
1391 2601 1639 2669 γλῶσσαν
1669 2604 1860 2673 μικρὸν

272 2694 624 2764 ἐπισχόντες,
676 2693 743 2746 ἂν
786 2693 895 2762 ἄρα
940 2692 1034 2745 καὶ
1078 2691 1187 2763 (22)
1232 2691 1515 2757 δύνωνται,
1553 2694 1652 2762 τὴν
1693 2694 1859 2766 ἀκοὴν

270 2787 403 2855 ἡμῖν
450 2784 823 2838 ύποθέτωσαν.
872 2782 1096 2845 Πάντως
1131 2782 1188 2835 δὲ
1234 2782 1385 2835 οὐδὲν
1424 2780 1854 2855 ζημιωθήσεσθε.

272 2878 344 2929 Ἦ
374 2876 487 2947 γὰρ
520 2877 600 2939 είς
639 2869 754 2928 ὦτα
802 2874 1142 2945 ἐλαλήσαμεν
1203 2874 1540 2939 ἀκουόντων,
1601 2874 1693 2927 καί
1738 2892 1859 2928 τινα

267 2968 484 3038 καρπὸν
527 2966 685 3036 ἔσχεν
716 2967 743 3017 6
776 2964 964 3032 λόγος,
998 2965 1096 3035 τὴν
1133 2963 1403 3031 ὠφέλειαν
1444 2962 1542 3034 τὴν
1590 2965 1857 3035 ὑμετέραν

266 3056 483 3126 (ἐπειδὴ
518 3054 735 3125 σπείρει
777 3054 875 3123 μὲν
915 3054 944 3105 6
981 3052 1221 3124 σπείρων
1247 3054 1338 3106 τὸν
1369 3053 1528 3120 λόγον
1554 3054 1646 3105 ἐπὶ
1675 3056 1854 3107 πᾶσαν
1880 3083 1927 3147 C

263 3145 540 3210 διάνοιαν,
576 3145 918 3213 καρποφορεῖ
953 3142 1011 3195 δὲ
1126 3142 1263 3212 καλή
1300 3158 1360 3194 τε
1393 3142 1487 3194 καὶ
1527 3142 1787 3214 γόνιμος)·
1816 3142 1849 3214 ἢ

263 3236 546 3307 ἀπήλθετε
574 3233 863 3288 καὶτοῦτο
913 3232 1027 3303 (25)
1078 3232 1235 3303 ἡμῶν
1281 3231 1706 3298 διαπτύσαντες,
1759 3233 1853 3286 καὶ

264 3328 493 3382 πλείονα
540 3325 796 3387 λαϐόντες
843 3322 975 3393 ύλην
1019 3321 1329 3390 ἀντιλογίας
1373 3339 1434 3375 τε
1467 3323 1694 3391 καὶτῆς
1728 3322 1850 3375 καθ’

262 3418 424 3490 ἡμῶν
457 3417 756 3488 λοιδορίας,
796 3417 881 3468 ἵνα
909 3415 1005 3467 καὶ
1040 3412 1239 3484 μᾶλλον
1276 3414 1416 3483 ὑμᾶς
1446 3413 1642 3475 αὐτοὺς
1669 3413 1850 3465 ἑστιά-

264 3527 419 3580 σητε.
458 3508 552 3579 Μὴ
588 3507 906 3578 θαυμάσητε
950 3506 1043 3573 δὲ,
1076 3507 1124 3558 εἰ
1162 3505 1465 3577 παράδοξον
1513 3505 1622 3575 ἐρῶ
1662 3504 1848 3573 λόγον,

260 3602 360 3655 καὶ
396 3600 552 3671 παρὰ
589 3600 681 3653 τὸν
709 3599 973 3671 ὑμέτερον
1014 3596 1197 3668 νόμον,
1238 3597 1288 3651 οἳ
1327 3597 1501 3650 πάντα
1543 3595 1737 3650 εἰδέναι
1782 3612 1842 3648 τε

260 3693 359 3746 καὶ
393 3693 672 3747 διδάσκειν
706 3691 1049 3763 ὑπισχνεῖσθε
1096 3691 1215 3744 λίαν
1262 3688 1522 3752 νεανικῶς
1576 3689 1672 3742 καὶ
1722 3704 1844 3756 γεν-

260 3785 451 3849 ναίως,
487 3785 575 3838 ἵνα
607 3783 682 3855 μὴ
710 3782 863 3835 λυπῶ
891 3781 1061 3851 λέγων
1089 3779 1315 3852 ἀμαθῶς
1345 3781 1441 3833 καὶ
1471 3776 1735 3849 θρασέως.

1966 1881 2070 1940 est,
2118 1874 2478 1943 quaestionum
2529 1878 2792 1948 argutiis,
2842 1879 3141 1948 mitigetur,
3192 1895 3254 1936 ac
3302 1881 3532 1951 denique

1970 1978 2222 2033 gynaecea
2262 1965 2481 2035 omnia,
2520 1966 2885 2036 simplicitatis
2935 1968 3172 2037 alumna,
3226 1974 3528 2040 turbentur,

1964 2062 2018 2107 et
2050 2054 2270 2124 pudoris
2310 2053 2409 2110 ﬂos
2446 2057 2704 2126 praecipiti
2737 2057 2839 2113 bac
2879 2060 3241 2114 contendendi
3301 2062 3529 2118 libidine

1962 2143 2321 2214 compiletur;
2364 2146 2640 2215 quoniam,
2681 2148 2921 2216 inquam,
2951 2148 3067 2203 hac
3097 2151 3170 2204 ita
3203 2165 3262 2205 se
3296 2153 3518 2218 habent,

1965 2237 2205 2304 adeoque
2245 2236 2585 2292 intoleranda
2607 2245 2690 2291 est
2715 2237 2798 2292 vis
2826 2237 2983 2305 hujus
3020 2240 3168 2307 mali,
3214 2249 3274 2294 ut
3315 2244 3530 2311 pericu-

1964 2320 2073 2374 lum
2117 2321 2207 2385 sit,
2259 2336 2328 2376 ne
2369 2336 2622 2392 magnum
2665 2323 2787 2378 fidei
2826 2334 3024 2379 nostra:
3066 2329 3382 2397 mysterium
3413 2330 3528 2385 exi-

1962 2426 2063 2480 gua
2093 2418 2336 2481 quaedam
2381 2413 2612 2468 articula
2656 2428 2775 2470 esse
2815 2416 3101 2470 videatur:
3136 2434 3251 2488 age,
3300 2435 3398 2476 nos
3430 2437 3525 2491 pa-

1964 2501 2130 2554 ternis
2178 2501 2480 2557 visceribus
2518 2502 2791 2568 incitatos,
2823 2512 3004 2575 atque,
3035 2517 3093 2559 ut
3118 2506 3366 2565 Jeremia:
3395 2525 3524 2565 ver-

1960 2588 2044 2643 bis
2078 2599 2197 2645 utar
2229 2592 2271 2658 ⁸,
2306 2594 2568 2649 sensoriis
2612 2596 2869 2651 distortos
2908 2608 2962 2652 et
3002 2599 3254 2666 laniatus,
3278 2602 3526 2670 explora-

1964 2691 2108 2738 tores
2133 2684 2219 2739 isti
2256 2685 2518 2742 hactenus
2552 2686 2849 2757 perferant,
2878 2698 2959 2743 ιιι.
2991 2705 3111 2760 quae
3139 2693 3205 2747 de
3239 2693 3325 2748 bis
3365 2695 3528 2749 rebus

1961 2772 2156 2829 dicturi
2198 2780 2405 2842 sumus,
2446 2792 2601 2848 aequo
2641 2779 2822 2834 animo
2868 2781 3168 2851 excipiant;
3215 2797 3279 2837 ac
3319 2783 3523 2853 lingua,

1959 2866 2004 2921 si
2036 2866 2194 2920 modo
2242 2877 2463 2937 queant,
2518 2869 2831 2938 aliquandiu
2871 2870 3110 2937 frenata,
3161 2874 3316 2929 nobis
3367 2891 3525 2932 aures

1958 2957 2255 3025 praebeant.
2300 2956 2356 3011 In
2401 2974 2505 3027 qua
2538 2974 2595 3014 re
2625 2959 2762 3014 nihil
2808 2959 3051 3029 profecto
3079 2971 3184 3028 est,
3212 2978 3310 3019 cur
3341 2968 3523 3021 damni

1960 3047 2216 3117 quidquid
2261 3051 2537 3104 metuatis.
2572 3049 2677 3104 Aut
2711 3051 2859 3105 enim
2889 3066 2988 3120 ego
3018 3051 3070 3106 in
3098 3067 3258 3108 aures
3296 3056 3521 3111 audien-

1958 3137 2087 3191 tium
2127 3141 2144 3170 ⁷
2174 3138 2386 3208 loquar,
2429 3147 2591 3209 atque
2632 3142 2705 3196 ita
2745 3140 2980 3197 fructum
3008 3142 3262 3212 aliquem,
3290 3145 3394 3200 hoc
3415 3156 3519 3212 est,

1954 3228 2239 3285 utilitatem
2270 3239 2527 3290 vestram.
2546 3231 2714 3303 589
2743 3233 2928 3288 oratio
2952 3233 3192 3289 allatura
3221 3248 3307 3291 est
3329 3242 3523 3307 (quan-

1954 3335 2118 3390 quam
2152 3321 2298 3375 enim
2340 3322 2387 3376 is
2419 3322 2510 3391 qui
2548 3324 2774 3377 verbum
2825 3322 2921 3378 Dei
2959 3323 3191 3379 seminat
3214 3326 3257 3391 ⁸,
3304 3326 3360 3380 in
3398 3327 3521 3381 ani-

1954 3424 2071 3465 mos
2104 3424 2292 3464 omnes
2329 3410 2582 3474 seminat,
2635 3419 2813 3465 tamen
2860 3412 3015 3479 probi
3059 3413 3322 3467 duntaxat
3354 3420 3520 3483 atque

1954 3499 2172 3555 fecundi
2217 3500 2450 3555 fructum
2500 3500 2739 3570 ferunt);
2786 3508 2881 3555 aut
2925 3501 3001 3555 ita
3037 3502 3422 3568 discesseritis,
3461 3516 3519 3560 ut

1955 3591 2100 3647 hunc
2129 3604 2346 3659 quoque
2373 3604 2677 3646 sermonem
2721 3598 2965 3645 nostrum
3008 3591 3333 3660 explodatis,
3380 3594 3518 3649 ube-

1949 3682 2258 3750 rioremque
2278 3680 2706 3746 contradicendi,
2740 3681 3003 3751 nobisque
3027 3682 3353 3739 convitiandi
3385 3699 3505 3740 ma-

1950 3773 2141 3828 teriam
2193 3772 2608 3837 nanciscamini,
2658 3787 2766 3842 quo
2818 3772 3031 3843 plenius
3080 3774 3246 3829 etiam
3304 3776 3516 3833 animos

261 3888 479 3933 vestros
521 3875 777 3945 pascatis.
808 3872 920 3929 Nec
960 3886 1090 3928 vero
1128 3872 1324 3927 mirum
1370 3871 1525 3925 vobis
1556 3870 1823 3934 videatur,
1864 3866 1909 3923 si
1971 3864 2100 3934 quid
2170 3878 2200 3917 a
2267 3872 2451 3918 vestra
2484 3862 2756 3934 Opinione,
2795 3878 2860 3918 ac
2898 3865 3013 3934 lege
3056 3873 3235 3920 vestra
3278 3864 3515 3922 alienum

261 3971 481 4035 dixero,
510 3967 604 4037 qui
635 3968 776 4023 seire
840 3980 938 4022 vos
999 3963 1184 4020 omnia
1227 3970 1283 4018 et
1319 3962 1513 4018 docere
1555 3960 1906 4032 profitemini,
1947 3971 2203 4028 perquam
2258 3954 2475 4011 fortiter
2522 3971 2587 4012 ac
2637 3971 2929 4029 generose;
2983 3973 3091 4015 non
3141 3961 3287 4016 enim
3334 3962 3511 4017 dicam

260 4061 428 4115 stulte
478 4068 534 4113 et
589 4066 826 4121 temere,
895 4070 965 4110 ne
1025 4054 1152 4125 quid
1210 4053 1420 4108 animos
1476 4062 1684 4109 vestros
1736 4051 2026 4108 offendam.

332 4150 409 4205 Ρ.
448 4150 525 4204 Ού
555 4147 775 4211 παντὸς,
816 4141 862 4201 ὦ
885 4140 1049 4209 οὗτοι,
1076 4144 1138 4198 τὸ
1175 4142 1302 4215 περὶ
1343 4140 1478 4195 Θεοῦ
1509 4142 1837 4211 φιλοσοφεῖν,

260 4243 323 4295 οὗ
352 4239 584 4302 παντός’
613 4239 711 4307 οὐχ
739 4235 882 4290 οὕτω
928 4236 991 4288 τὸ
1032 4235 1265 4305 πρᾶγμα
1309 4231 1543 4299 εὔωνον,
1590 4233 1683 4287 καὶ
1728 4233 1837 4287 τῶν

257 4334 435 4404 χαμαὶ
465 4330 795 4401 ἐρχομένων.
839 4326 1140 4399 Προσθήσω
1163 4324 1241 4390 δὲ,
1275 4322 1397 4376 οὐδὲ
1427 4322 1676 4388 πάντοτε,
1715 4323 1835 4377 οὐδὲ

259 4426 448 4487 πᾶσιν,
479 4421 604 4475 οὐδὲ
634 4420 831 4486 πάντα,
856 4418 969 4472 ἀλλ’
1005 4417 1151 4471 ἐστιν
1183 4416 1293 4480 ὅτε,
1329 4414 1425 4468 καὶ
1464 4410 1545 4478 οἷς
1574 4413 1705 4516 (24),
1740 4416 1835 4468 καὶ
1865 4458 1915 4516 D

257 4516 346 4583 ἐφ’
378 4515 525 4567 ὅσον.
561 4512 636 4566 Ού
674 4512 891 4567 πάντων
926 4508 1045 4579 μὲν,
1078 4506 1294 4560 ὅτιτῶν
1323 4503 1702 4575 ὲξητασμένων
1746 4507 1840 4558 καὶ

255 4604 664 4675 διαῦεϐηκότων
705 4604 762 4655 ὲν
800 4600 1024 4671 θεωρίᾳ,
1065 4598 1164 4652 καὶ
1194 4596 1301 4668 πρὸ
1343 4596 1569 4658 τούτων,
1604 4594 1698 4646 καὶ
1732 4594 1839 4664 ψυ-

256 4695 358 4767 χὴν
399 4695 496 4748 καὶ
539 4692 702 4763 σῶμα
742 4689 1201 4761 κεκαθαρμένων,
1239 4686 1273 4757 ἢ
1310 4684 1746 4756 καθαιρομένων,
1779 4683 1839 4738 τὺ

258 4785 651 4857 μετριώτατον.
688 4783 773 4855 Μὴ
799 4781 1026 4852 καθαρῷ
1042 4780 1152 4850 γὰρ
1177 4778 1443 4832 ἅπτεσθαι
1478 4773 1720 4845 καθαροῦ
1746 4792 1838 4828 τυ-

254 4877 347 4948 χὸν
389 4875 516 4929 οὐδὲ
560 4874 831 4944 ἀσφαλὲς,
869 4872 1059 4942 ὥσπερ
1091 4869 1211 4923 οὐδὲ
1247 4868 1367 4937 ὄψει
1398 4865 1572 4936 σαθρᾷ
1606 4863 1838 4936 ἡλιακῆς

328 5012 482 5067 ‘Jer.
520 5026 592 5075 tv,
623 5010 707 5065 19.
784 5008 804 5039 ⁷
828 5005 992 5062 Eccli.
1028 5020 1154 5071 xxv,
1189 5004 1275 5058 12.
1352 5003 1373 5034 ⁸
1411 5002 1599 5057 Matth.
1631 5016 1750 5070 xm,
1780 5003 1835 5055 4.

2013 4137 2099 4193 Ill.
2143 4137 2260 4193 Non
2303 4138 2540 4208 cujusvis
2564 4147 2666 4203 est,
2704 4153 2738 4196 ο
2766 4139 2891 4207 viri,
2938 4139 3007 4198 de
3056 4138 3167 4196 Deo
3207 4143 3508 4210 disserere,

1943 4247 2073 4297 non,
2102 4230 2344 4300 inquam,
2389 4228 2664 4299 cujusvis;
2712 4245 2817 4285 non
2848 4230 2984 4287 adeo
3013 4231 3138 4286 vilis
3170 4246 3236 4287 ac
3271 4235 3502 4301 protrita

1945 4323 2061 4377 haec
2110 4336 2199 4377 res
2243 4330 2343 4388 est,
2381 4330 2437 4376 et
2469 4336 2681 4388 eorum,
2731 4323 2823 4393 qui
2868 4323 3016 4378 bumi
3062 4324 3239 4379 adhuc
3271 4335 3504 4395 reptant.

1941 4412 2151 4468 Addam
2197 4414 2362 4468 etiam
2412 4427 2521 4467 non
2572 4412 2816 4483 cujusvis
2872 4414 3151 4481 temporis,
3208 4428 3308 4469 nec
3357 4416 3501 4484 apud

1941 4504 2185 4573 quosvis,
2219 4518 2321 4558 nec
2355 4504 2422 4558 de
2457 4503 2776 4573 quibusvis;
2831 4505 2925 4558 sed
2967 4512 3118 4559 certo
3153 4514 3409 4574 tempore,
3450 4516 3505 4561 et

1939 4598 2080 4665 apud
2126 4606 2305 4651 certos
2351 4596 2616 4662 homines,
2667 4606 2723 4652 et
2759 4597 3110 4667 aliquousque
3148 4598 3250 4654 hoc
3297 4598 3503 4653 facien-

1936 4690 2062 4740 dum
2091 4695 2194 4742 est.
2222 4685 2338 4742 Non
2371 4688 2661 4757 cujuslibet
2686 4687 2928 4758 quidem,
2964 4690 3220 4758 quoniam
3254 4690 3355 4745 hoc
3384 4706 3503 4744 mu-

1937 4778 2086 4833 neris
2112 4779 2199 4834 his
2227 4780 2487 4837 duntaxat
2510 4780 2795 4846 incumbit,
2824 4781 2915 4851 qui
2943 4781 3286 4837 exactissime
3316 4780 3501 4850 explo-

1943 4868 2045 4924 rati
2101 4881 2259 4938 sunt,
2307 4886 2371 4927 ac
2424 4872 2838 4944 contemplanda
2887 4871 3041 4942 longe
3093 4878 3494 4943 processerunt,

320 5126 432 5197 (17)
463 5125 757 5198 ΚυιῖιςγτιιὶΔ
783 5123 1000 5191 λόγων.
1034 5138 1054 5171 ι
1083 5118 1404 5198 Sermonum
1431 5118 1761 5198 urinatores,
1792 5134 1811 5168 ι

1959 5116 2029 5198 ob
2063 5130 2170 5181 xvt,
2201 5115 2269 5182 2,
2315 5134 2333 5168 ι
2381 5130 2639 5175 onerosos
2681 5117 3046 5174 consolatores
3092 5133 3111 5167 ι
3171 5114 3374 5170 amicos
3402 5130 3496 5183 ap-

250 5196 301 5249 id
328 5185 431 5259 est,
475 5213 495 5245 ι
531 5195 622 5263 qui
658 5207 717 5245 se
746 5185 1760 5263 insermonesprmcipites_dcvolvunt_.
1795 5204 1814 5237 ι
1926 5186 2107 5263 pellat.

251 5265 340 5320 Sic
396 5256 749 5332 designantur
800 5256 1148 5322 Eunomiani,
1208 5259 1322 5325 qui,
1357 5258 1702 5332 priuatorum
1738 5256 1821 5332 iu-

1982 5256 2110 5339 .(20)
2152 5256 2530 5339 Ἰέχνιξῲιον·ἶ
2563 5255 2748 5312 Billius
2784 5256 2837 5311 in
2875 5256 3046 5326 prima
3075 5254 3186 5309 ed.:
3230 5273 3248 5305 ι
3279 5264 3495 5324 arguta-

250 5347 383 5398 star,
428 5324 644 5387 sursum
700 5347 764 5384 ac
805 5336 1054 5385 deorsum
1107 5324 1406 5398 argutaudo
1451 5325 1711 5381 ferantur.
1762 5324 1817 5379 In
1927 5324 2114 5398 tricem
2143 5324 2427 5398 quamdam
2453 5334 2677 5398 artem_.s

249 5403 540 5467 nonnullis,
570 5399 850 5465 κυϐευταί,
886 5418 904 5450 ι
951 5398 1238 5467 aleatores.
1265 5415 1284 5449 ι

1999 5396 2112 5467 (2t)
2144 5397 2545 5452 Κατάσκοποι.
2605 5395 2684 5451 Eo
2728 5396 2942 5450 nomine
2994 5394 3157 5449 falsos
3214 5392 3492 5463 episcopos

316 5472 431 5543 (18)
464 5464 779 5543 ,Δῆσουσιν
798 5470 837 5539 ἢ
864 5470 1150 5523 λύσουσι.
1198 5466 1257 5521 1η
1288 5464 1629 5536 quibusdam,
1654 5464 1827 5535 δήσω-

1959 5464 2211 5543 ἱειείῇοεξὲ·

247 5542 333 5597 σιν
351 5542 635 5666 ἴξλύσωσι.
1254 5606 1280 5617 __

253 5680 273 5686 Δ
316 5613 428 5686 (1.)
474 5609 952 5686 ῌαραμυθεξσθαι
999 5625 1302 5686 συμφορςι-
1320 5601 1676 5686 μείζονι.“1ι1
1720 5613 1825 5686 est,

249 5673 597 5748 θαὸύνεσθαῐ,
622 5673 901 5750 (gravior,
924 5673 1503 5735 onerosior'cﬂiéiatur.
1533 5694 1551 5728 ι
1574 5673 1665 5730 Sic
1681 5674 1825 5730 enim

1998 5536 2110 5606 (22)
2142 5537 2274 5593 Καί.
2310 5536 2470 5591 Deest
2496 5536 2548 5589 in
2579 5536 2742 5606 Regg.
2779 5550 2830 5601 a,
2859 5534 2966 5601 bm,
2992 5543 3045 5588 et
3069 5534 3162 5590 0r.
3189 5533 3240 5586 (Ξ,

2000 5606 2111 5676 (25)
2144 5606 2342 5676 Τοῦτοέ
2372 5606 2466 5661 Or.
2491 5606 2543 5667 1,
2572 5606 2778 5660 τοῦτον.

2002 5669 2112 5747 (24)
2139 5675 2246 5731 Καὶ
2277 5672 2386 5744 οἷς.
2418 5676 2581 5733 Coisl.
2608 5677 2660 5744 1,
2692 5677 2783 5733 καὶ
2814 5675 2895 5745 ἐφ’
2922 5669 3021 5737 οἷς.
