4038 6338
511 351 581 409 is
1709 354 1766 409 S.
1807 352 2134 410 GREGORll
2176 355 2520 415 TDEOLDGI
3678 375 3742 428 ιδ

506 469 763 542 priusque
806 465 990 530 etiam,
1034 474 1087 520 et
1126 478 1344 535 corpus,
1381 474 1434 520 et
1470 466 1711 522 animum
1747 483 1777 521 a
1814 469 2059 524 vitiorun:

2177 474 2413 538 ἀκτῖνος.
2448 476 2574 529 Ὅτε
2612 477 2665 530 δέ
2689 495 2701 542 ;
2744 479 2936 535 Ἠνίκα
2962 480 3027 536 ἂν
3051 483 3244 556 σχολὴν
3277 485 3496 557 ἄγωμεν
3521 488 3627 543 ἀπὸ
3650 491 3744 560 τῆς

507 559 757 616 sordibus
785 565 1105 628 purgarunt,
1131 566 1243 622 aut,
1274 567 1331 610 ιιι
1365 559 1685 628 parcissime
1716 559 1928 629 loquar,
1950 562 2062 631 jam

509 652 611 705 hoc
643 658 827 719 agunt,
867 657 925 702 ut
952 663 1011 703 se
1043 664 1071 700 a
1101 648 1355 703 vitiorum
1396 648 1514 702 labe
1553 660 1800 719 purgent.
1851 650 2067 720 lmpuro

505 741 650 793 enim
712 753 823 791 rem
879 753 1068 807 puram
1127 740 1414 805 attingere,
1465 753 1529 791 ne
1568 739 1809 807 periculo
1856 742 2072 810 quidem

506 830 737 884 fortasse
785 839 957 894 caret,
1012 830 1459 897 quemadmodum
1534 845 1634 885 nec
1690 836 1851 901 aegris
1903 832 2074 887 oculis

506 922 638 978 solis
661 922 841 977 radios
873 920 1091 977 intueri.
1129 920 1355 986 Quando
1380 921 1602 975 autem?
1633 920 1769 976 Tum
1799 922 2071 990 videlicet,

504 1030 627 1070 cum
675 1015 741 1069 ab
792 1020 1015 1071 externo
1060 1012 1169 1066 luto
1202 1028 1266 1066 ac
1300 1012 1527 1067 tumultu
1556 1012 1789 1081 quietem
1840 1013 2072 1084 agimus,

470 1120 607 1171 :nec
646 1105 894 1175 princeps
928 1104 1095 1157 nostri
1129 1118 1253 1172 pars
1292 1103 1551 1171 improbis
1586 1104 1846 1174 vagisque
1871 1104 2058 1173 fsimn-

503 1198 665 1253 lacris
706 1195 1069 1261 contunditur,
1116 1197 1242 1250 dum
1283 1195 1427 1249 velut
1476 1195 1812 1252 deformibus
1871 1195 2071 1250 litteris

502 1288 773 1357 elegantes
819 1285 1058 1349 litteras,
1096 1299 1360 1353 caenoque
1410 1295 1743 1356 unguentum
1796 1286 2065 1340 admisce-

501 1393 637 1431 mus.
668 1374 871 1431 Vacare
912 1375 1055 1429 enim
1118 1376 1261 1429 haud
1293 1375 1452 1430 dubie
1503 1384 1739 1443 oportet,
1788 1382 1842 1430 et
1899 1373 2069 1429 Deum

499 1482 825 1537 cognoscere
854 1485 869 1522 :
899 1482 1129 1538 cumque
1163 1475 1370 1537 tempus
1398 1468 1792 1537 acceperimus,
1824 1467 1876 1521 id
1901 1481 2067 1539 agen-

500 1560 623 1614 dum
661 1570 764 1626 est,
800 1569 859 1613 ut
896 1559 1092 1613 divina:
1128 1560 1389 1613 doctrinae
1439 1558 1818 1613 rectitudiuem
1860 1558 2060 1629 judice-

504 1667 642 1705 mns.
689 1652 839 1720 Apud
876 1666 1011 1721 quos
1048 1651 1249 1720 porro?
1278 1650 1479 1719 Nempe
1511 1650 1649 1719 apud
1674 1663 1788 1712 eos,
1827 1650 1917 1719 qui
1953 1663 2065 1703 rem

499 1741 803 1809 huiusmodi
850 1742 1088 1797 studiose
1129 1756 1192 1796 ac
1217 1742 1359 1796 serio
1394 1742 1811 1812 amplectuntur.
1866 1741 2067 1809 quique

2177 563 2374 630 ἔξωθεν
2406 565 2545 630 ἰλύος
2572 568 2801 639 (25))«11
2832 573 3097 643 ταραχῆς,
3126 578 3217 629 καὶ
3250 578 3325 649 μὴ
3346 578 3405 631 τὸ
3425 581 3746 650 ἡγεμονικὸν

2177 657 2334 727 ἡμῶν
2375 660 2670 732 συγκέηται
2701 666 2812 727 τοῖς
2841 665 3131 737 μοχθηροῖς
3154 669 3264 736 (26)
3292 672 3483 735 τύποις
3508 674 3601 726 καὶ
3615 674 3749 726 πλα-

2175 747 2470 817 νωμένοις,
2522 746 2631 802 οἷον
2681 753 2967 822 γράμμασι
3033 759 3287 827 πονηροῖς
3340 760 3747 830 άναμιγνύντων

2176 839 2345 912 κάλλη
2376 842 2739 913 γραμμάτων,
2775 844 2806 913 ἢ
2850 844 3092 917 βορϐόρῳ
3141 847 3326 918 μύρων
3377 850 3617 921 εὐωδίαν.
3658 853 3744 903 Δεν

2174 928 2283 999 γάρ
2331 929 2407 1000 τῷ
2450 930 2564 983 ὄντι
2600 932 2879 1001 σχολάσαι,
2933 936 3027 989 καὶ
3055 936 3255 1005 γνῶναι
3288 937 3419 990 Θεόν
3466 938 3575 1008 (27)
3600 957 3613 970 ’
3654 941 3748 993 καὶ

2173 1023 2300 1075 ὅταν
2322 1022 2573 1093 λάϐωμεν
2599 1026 2786 1095 καιρὸν
2809 1026 2938 1097 (28),
2975 1029 3179 1099 κρίνειν
3209 1028 3483 1097 θεολογίας
3525 1030 3750 1102 εὐθύτη-

2173 1130 2257 1167 τα.
2294 1114 2417 1165 Τίσι
2445 1113 2536 1177 ae;
2565 1110 2659 1178 Οἷς
2685 1116 2745 1168 τὸ
2774 1118 3003 1188 πρᾶγμα
3031 1119 3118 1172 διὰ
3149 1121 3403 1191 σπουδῆς,
3436 1123 3528 1175 καὶ
3556 1123 3653 1193 οὐχ
3673 1123 3748 1185 ὼς

2172 1200 2229 1253 ἓν
2256 1218 2308 1254 τι
2352 1202 2459 1254 τῶν
2488 1203 2684 1265 ἄλλων.
2715 1207 2807 1259 καὶ
2849 1206 3008 1261 τοῦτο
3039 1210 3363 1280 φλυαρεῖταιλ
3385 1211 3571 1283 ἡδέως,
3611 1213 3748 1283 μετὰ

2172 1291 2297 1353 τοὺς
2327 1293 2605 1358 ἱππικοὺς,
2638 1296 2732 1347 καὶ
2760 1296 2828 1349 τὰ
2855 1297 3081 1368 θέατρα,
3124 1300 3218 1352 καὶ
3258 1299 3326 1353 τά
3366 1301 3608 1371 ᾄσματα,
3655 1304 3748 1356 καὶ

2171 1379 2268 1450 τὴν
2291 1381 2552 1453 γαστέρα,
2581 1384 2675 1437 καὶ
2707 1384 2775 1437 τά
2813 1385 2918 1438 ὑπὸ
2947 1388 3208 1460 γαστέραο
3245 1383 3326 1451 οἷς
3352 1393 3445 1444 καὶ
3466 1392 3623 1445 τοῦτο
3654 1394 3749 1463 μέο

2175 1487 2263 1539 ρος
2296 1473 2524 1542 τρυφῆς,
2555 1476 2587 1543 ἡ
2613 1476 2739 1545 περ)⁵
2772 1475 2943 1529 ταῦτα
2964 1478 3247 1548 ὲρεσχελία
3271 1482 3363 1534 καὶ
3392 1482 3750 1552 κομψείατῶν

2170 1561 2514 1616 ἀντιθέσεων.
2564 1565 2697 1617 Τίνα
2735 1566 2791 1619 δὲ
2836 1568 3252 1640 φιλοσοφητέον,
3300 1574 3393 1626 καὶ
3423 1574 3517 1627 ἐπὶ
3549 1575 3744 1639 πόσους

2174 1651 2314 1705 Ὅσα
2362 1655 2492 1724 ἡμῖν
2543 1657 2763 1724 ἐφικτὰ,
2812 1659 2905 1711 καὶ
2950 1660 3031 1728 ἐφ’
3078 1661 3201 1713 ὅσον
3249 1664 3281 1732 ὴ
3335 1662 3428 1716 τοῦ
3461 1664 3748 1726 ἀκούοντος

2168 1742 2281 1809 ἕξις
2306 1745 2603 1813 ἐφικνεῖται
2634 1748 2744 1818 (29)
2779 1750 2870 1803 καὶ
2893 1749 3140 1821 δύναμις·
3177 1752 3262 1804 ἵνα
3300 1754 3374 1825 μὴ
3409 1753 3661 1824 καθάπερ
3689 1755 3747 1805 αἱ

497 1848 603 1888 non
634 1841 690 1887 ut
719 1832 992 1902 quidpiam
1039 1834 1204 1899 aliud,
1257 1835 1336 1889 sic
1368 1835 1470 1888 hoc
1499 1848 1714 1903 quoque
1747 1833 1924 1903 inepta
1951 1848 2053 1887 nn-

2168 1834 2597 1905 ὑπερϐάλλουσαι
2620 1838 2728 1891 τῶν
2751 1839 2941 1907 φωνῶν
2972 1840 3134 1910 ἢτῶν
3167 1842 3402 1912 τροφῶν,
3438 1844 3537 1914 τὴν
3579 1845 3748 1914 ἀκοὴν

497 1925 729 1997 gacitate
780 1935 1218 1995 prosequuntur,
1289 1934 1411 1996 post
1463 1926 1737 1981 circenses
1794 1924 1949 1978 ludos
2011 1933 2059 1977 et

2170 1925 2477 1995 βλάπτωσιν
2492 1928 2649 1999 (30)ἥ
2680 1930 2747 1981 τὰ
2764 1930 3008 2000 σώματα·
3026 1933 3071 1983 εἰ
3095 1931 3358 2002 βούλειδὲ.
3381 1934 3488 1987 τῶν
3514 1936 3749 2006 φορτίων

496 2013 824 2084 spectacula,
886 2024 1005 2084 post
1056 2016 1379 2080 cautiones,
1440 2024 1559 2085 post
1616 2014 1848 2082 denique
1899 2028 2059 2082 quam

2168 2016 2234 2067 τά
2247 2016 2757 2087 ὑπὲρδύναμιντοὺς
2771 2020 3158 2085 ὑποὸαίνοντας
3174 2024 3304 2093 (31),
3333 2025 3365 2095 ἢ
3391 2025 3489 2093 τὴν
3506 2025 3607 2095 γῆν
3637 2025 3748 2078 τῶν

497 2106 698 2171 ventri,
742 2116 797 2159 et
844 2106 927 2169 iis,
964 2122 1085 2175 qua:
1128 2108 1227 2162 sub
1269 2115 1459 2160 ventre
1505 2112 1652 2168 sunt,
1697 2102 2059 2166 indulserint;

2168 2106 2338 2159 ὑετῶν
2361 2107 2410 2158 οί
2432 2108 2797 2180 σφοδρότεροι·
2815 2110 2955 2164 οὓτω
2968 2111 3032 2183 δὴ
3056 2114 3149 2166 καὶ
3176 2107 3321 2168 οὗτοι
3344 2120 3458 2179 τοῖς
3478 2118 3747 2189 στερροῖς.

496 2196 588 2265 qui
619 2196 834 2266 quidem
873 2197 944 2251 ita
976 2197 1185 2268 perdite
1210 2196 1385 2251 allecti
1422 2204 1568 2260 sunt,
1614 2205 1670 2247 ut
1703 2196 1804 2247 hoc
1839 2206 2056 2261 quoque

2168 2197 2231 2248 ἵν’
2273 2195 2446 2259 οὕτως
2473 2197 2640 2261 εἴπω,
2672 2199 2778 2251 τῶν
2808 2199 2979 2268 λόγων
3022 2204 3500 2270 καταπιεσθέντες,
3537 2208 3630 2260 καὶ
3646 2207 3747 2278 βα-

496 2290 548 2343 in
588 2290 1103 2346 oblectamentorum
1144 2298 1294 2358 parte
1345 2298 1653 2350 numerent,
1703 2287 1958 2340 nimirum
1996 2285 2059 2339 de

2168 2285 2450 2354 ρυνθέντες
2483 2287 2806 2358 ζημιωθεῖεν
2832 2291 2925 2343 καὶ
2961 2293 3039 2353 εἰς
3064 2291 3162 2361 τὴν
3185 2294 3416 2364 ἀρχαίαν
3443 2295 3691 2368 δύναμιν.

495 2382 692 2440 divinis
743 2388 901 2441 rebus
953 2385 1162 2454 nugari,
1220 2392 1380 2454 atque
1434 2392 1624 2454 arguta
1678 2381 2043 2449 disputatione
2083 2388 2419 2434 concertare.
2450 2380 2568 2435 Jam
2637 2383 2701 2437 de
2760 2383 2978 2451 quibus.
3042 2393 3097 2439 et
3130 2402 3412 2457 quousque
3457 2390 3740 2458 disputan-

495 2476 662 2529 dum?
694 2476 767 2531 De
797 2476 880 2532 bis
904 2477 1097 2543 solum,
1141 2491 1261 2545 qum
1309 2475 1509 2545 ingenii
1580 2472 1746 2528 nostri
1808 2470 1973 2543 490
2030 2469 2325 2533 modulum,
2392 2480 2555 2539 atque
2626 2472 2887 2528 auditoris
2922 2483 3137 2543 captum
3194 2491 3297 2531 non
3349 2480 3745 2546 exceduntzue

494 2565 718 2636 alioqui,
753 2575 812 2621 ιιι
858 2565 1024 2619 nimia
1061 2565 1210 2620 vocis
1257 2563 1486 2619 intentio
1528 2572 1690 2631 atque
1736 2560 2054 2613 immodicus
2092 2557 2265 2618 cibus,
2296 2571 2454 2613 aures
2495 2566 2549 2611 et
2587 2572 2811 2626 corpora
2894 2558 3181 2616 labefactat
3217 2582 3229 2616 :
3264 2571 3376 2628 aut,
3420 2565 3464 2619 si
3545 2568 3736 2623 mavis.

492 2659 721 2714 sarcinae
768 2657 969 2713 viribus
1010 2654 1284 2724 graviores
1333 2651 1632 2722 baiulorum
1670 2651 1950 2713 humeros,
1978 2661 2043 2701 ac
2082 2647 2390 2702 crebriores
2438 2646 2631 2716 pluviae
2675 2657 2876 2703 terram
2929 2650 3241 2719 opprimunt
3285 2672 3298 2709 :
3341 2655 3414 2709 ita
3451 2657 3613 2711 etiam
3640 2673 3736 2713 au-

489 2751 697 2807 ditores
726 2746 1115 2819 quaestionibus
1146 2744 1480 2814 gravioribus
1525 2757 1589 2797 ac
1619 2740 1925 2796 durioribus
1964 2740 2207 2807 oppressi
2254 2749 2416 2809 atque
2468 2737 2721 2801 confecti.
2749 2740 3007 2809 pristinas
3045 2756 3259 2812 quoque
3289 2745 3431 2801 vires
3467 2748 3735 2804 amittant.

562 2860 651 2917 Ν.
711 2858 895 2927 Neque
954 2869 1084 2912 vero
1128 2868 1244 2910 naec
1297 2854 1583 2924 quisquam
1650 2851 1725 2905 ita
1789 2850 2045 2920 accipiat,

490 2951 643 3023 quasi
683 2949 848 3004 Deum
897 2954 1151 3017 perpetua
1188 2943 1447 2999 memoria
1492 2941 1774 2998 colendum
1804 2954 1927 2995 esse
1962 2955 2059 2994 ne-

491 3056 638 3113 gem,
665 3052 732 3094 ne
758 3050 946 3091 rursus
982 3035 1267 3089 adversum
1312 3047 1410 3087 nos
1454 3031 1682 3092 irruant,
1733 3028 1823 3097 qui
1868 3027 2048 3082 omnia

493 3131 653 3188 facile
670 3145 730 3185 ac
752 3128 932 3183 statim
961 3127 1014 3180 in
1039 3124 1358 3180 calumniam
1391 3124 1628 3177 trahunt.
1657 3121 1764 3177 Nec
1783 3121 1924 3176 enim
1949 3131 2055 3173 tam

492 3234 634 3290 sape
664 3218 915 3288 spiritum
941 3216 1157 3281 dueere,
1197 3228 1359 3283 quam
1405 3212 1497 3267 Dei
1548 3210 1867 3265 meminisse
1901 3210 2062 3263 debe-

493 3326 652 3368 mus:
684 3310 815 3371 imo,
881 3307 925 3361 si
977 3304 1079 3359 hoc
1124 3304 1287 3357 etiam
1339 3301 1443 3357 dici
1493 3309 1690 3371 potest,
1742 3299 1880 3353 nihil
1918 3297 2060 3352 aliud

491 3415 651 3471 quam
675 3399 798 3465 hoc,
824 3396 1149 3452 iaciendum.
1190 3393 1321 3448 Nam
1351 3402 1406 3448 et
1424 3407 1532 3462 ego
1560 3393 1704 3447 inter
1733 3405 1829 3446 eos
1859 3403 2056 3446 nomen

492 3501 671 3545 meum
719 3483 1002 3557 proﬁteor,
1053 3482 1144 3552 qui
1187 3483 1410 3536 verbum
1465 3480 1592 3534 illud
1640 3480 1891 3547 probant,
1918 3477 2060 3548 quod

492 3594 592 3635 nos
615 3578 701 3634 die
735 3592 800 3633 ae
829 3574 1154 3643 noctejubet
1181 3572 1495 3637 meditari’,
1523 3584 1769 3641 vespere,
1803 3579 1857 3624 et
1878 3583 2059 3635 mane,

495 3678 549 3725 at
591 3667 816 3723 meridie
863 3679 1088 3720 narrare
1112 3664 1175 3729 ⁸⁸,
1213 3678 1277 3719 ac
1307 3662 1544 3732 denique
1586 3661 1910 3717 benedicere
1947 3659 2056 3715 Do-

492 3761 694 3815 minum
726 3760 777 3813 in
805 3759 951 3813 omni
981 3768 1219 3827 tempore
1245 3758 1289 3788 “
1315 3773 1330 3823 ;
1386 3759 1518 3820 sive,
1548 3766 1606 3809 ut
1635 3755 1817 3810 verbis
1862 3755 2061 3827 Moysis

492 3861 632 3914 utar,
679 3850 1029 3911 dormiamus,
1079 3847 1193 3903 sive
1236 3861 1647 3915 consurgamns,
1689 3846 1803 3901 sive
1841 3846 1945 3901 iter
1975 3843 2059 3898 fa-

490 3944 698 3997 ciamus
724 3943 790 4005 “,
820 3941 933 3995 sive
960 3939 1089 4009 quid
1136 3938 1279 3993 aliud
1326 3953 1570 4008 agamus,
1614 3945 1778 4007 atque
1802 3938 1903 3993 hac
1938 3937 2052 4006 ipsa

495 4031 863 4088 recordatione
888 4029 953 4082 ad
976 4027 1261 4097 puritatem
1292 4025 1596 4081 informari.
1642 4024 1932 4090 Quocirca,
1979 4037 2048 4077 ne

493 4127 614 4197 quis
655 4132 911 4194 perpetuo
951 4121 1114 4175 Deum
1162 4120 1419 4175 memoria
1468 4128 1662 4183 teneat,
1712 4119 1857 4173 haud
1911 4127 2056 4185 veto,

493 4219 588 4273 sed
637 4229 703 4270 ne
742 4215 808 4269 de
856 4212 963 4267 Deo
1007 4212 1281 4282 disputet:
1320 4212 1427 4265 imo
1475 4225 1575 4266 nec
1625 4211 1725 4265 hoc
1777 4209 2053 4279 prohibeo,

495 4322 563 4363 ne
611 4307 677 4362 de
737 4304 847 4359 Deo
902 4303 1165 4373 disputes,
1220 4302 1364 4356 velut
1407 4302 1535 4371 quid
1580 4301 1828 4369 impium,
1866 4302 1958 4356 sed
1991 4314 2057 4355 ne

2236 2849 2309 2903 A'.
2338 2850 2445 2902 Καὶ
2465 2849 2524 2901 οὐ
2548 2848 2691 2917 λέγω
2709 2847 2891 2915 τοῦτο,
2929 2850 3003 2920 μὴ
3026 2850 3134 2904 δεῖν
3176 2851 3403 2907 πάντοτε
3435 2856 3747 2926 μεμνῆσθαι

2166 2940 2321 2994 Θεοῦ·
2354 2940 2429 3011 μὴ
2454 2940 2614 2994 πάλιν
2653 2942 3071 3011 ὲπιφυέσθωσαν
3101 2944 3230 3014 ἡμῖν
3263 2946 3312 2998 οἱ
3337 2946 3515 2999 πάντα
3538 2947 3748 3004 εὔκολοι

2166 3033 2259 3085 καὶ
2283 3034 2487 3101 ταχεῖς.
2533 3032 2944 3103 Μνημονευτέον
2984 3035 3091 3104 γὰρ
3122 3034 3256 3087 Θευῦ
3306 3036 3506 3106 μᾶλλον
3543 3038 3577 3109 ἢ
3618 3042 3748 3094 ἁνα-

2165 3122 2480 3175 πνευστέον·
2510 3122 2604 3175 κα)¹
2631 3124 2678 3174 εί
2716 3117 2825 3175 οἷόν
2850 3140 2908 3175 τε
2940 3123 3098 3175 τοῦτο
3129 3124 3240 3194 (52)
3269 3126 3463 3191 είπεῖν,
3499 3129 3632 3200 μηδὲ
3661 3130 3747 3184 ἄλ-

2163 3212 2223 3264 λο
2245 3229 2297 3264 τι
2323 3212 2355 3281 ἢ
2382 3211 2541 3265 τοῦτο
2578 3213 2867 3283 πρακτέον.
2904 3214 3074 3281 Κάγὼ
3101 3214 3210 3268 τῶν
3235 3217 3603 3271 ἐπαινούντων
3630 3222 3747 3291 εἰμὶ

2162 3303 2252 3356 τὸν
2285 3302 2589 3371 λόγονβῦ),
2620 3304 2678 3367 ὃς
2717 3304 2947 3375 μελετᾷν
2968 3305 3182 3377 ἡμέρας
3214 3307 3307 3360 καὶ
3341 3309 3535 3374 νυκτὸς
3566 3310 3746 3365 διακε-

2162 3392 2393 3447 λεύεται.
2428 3394 2522 3446 καὶ
2588 3394 2825 3466 ἑσπέρας
2864 3396 2955 3448 καὶ
2988 3395 3131 3467 πρωῒ
3164 3398 3255 3450 καὶ
3291 3400 3638 3471 μεσημβρίας
3662 3402 3741 3456 δι-

2164 3485 2434 3553 ηγεῖσθαι,
2464 3485 2557 3539 καὶ
2587 3486 2829 3553 εὐλογεῖν
2849 3486 2939 3539 τὸν
2968 3487 3173 3557 Κύριον
3204 3488 3262 3540 ἐν
3290 3492 3449 3544 παντὶ
3469 3492 3662 3564 καιρῷ·
3694 3495 3743 3546 εί

2162 3574 2243 3627 δεῖ
2270 3574 2362 3626 καὶ
2397 3576 2457 3627 τὸ
2489 3575 2765 3638 Μωῦσέως
2805 3575 2999 3637 εἰπεῖν,
3034 3574 3439 3648 κοιταζόμενον,
3466 3580 3746 3636 νδιανιστάο

2168 3680 2346 3735 μενον,
2384 3664 2793 3736 ὁδοιποροῦντα,
2845 3665 2874 3717 ὃ
2901 3684 2952 3719 τι
2983 3662 3075 3721 οὖν
3123 3668 3251 3721 5.110
3295 3670 3621 3740 πράττοντα,
3650 3676 3746 3728 καὶ

2162 3759 2228 3828 τῇ
2263 3758 2450 3829 μνήμῃ
2480 3756 2781 3810 τυποῦσθαι
2819 3757 2955 3831 πρὸς
2990 3759 3360 3831 καθαρότητα.
3394 3763 3557 3816 Ὥστε
3585 3766 3647 3817 οὑ
3684 3767 3744 3818 τὸ

2170 3848 2474 3918 μεμνῆσθαι
2508 3848 2772 3918 διηνεκῶς
2804 3849 3017 3915 κωλύω,
3065 3851 3125 3904 τὸ
3172 3850 3444 3919 θεολογεῖν
3491 3854 3581 3906 δέ’
3619 3856 3743 3910 οὐδὲ

2166 3939 2263 4009 τὴν
2303 3938 2613 4004 θεολογίαν,
2658 3938 2847 4010 ὥσπερ
2879 3940 3069 4004 ἀσεϐὲς
3104 3942 3240 4011 (54),
3289 3942 3425 3996 ἀλλὰ
3457 3944 3556 3997 τὴ)
3584 3945 3744 3999 ἀκαι-

2167 4031 2303 4102 ρίαν·
2321 4032 2442 4085 οὑδὲ
2470 4032 2567 4104 τὴν
2581 4033 2942 4097 διδασκαλίαν,
2973 4036 3106 4089 ἀλλὰ
3131 4036 3228 4106 τὴν
3257 4037 3542 4108 ἀμετρίαν.
3575 4038 3621 4089 Η
3646 4037 3740 4107 μέ-

2163 4125 2307 4187 λιτος
2359 4125 2457 4195 μὲν
2513 4125 2794 4196 πλησμονὴ
2838 4127 2932 4179 καὶ
2982 4127 3139 4197 κόρος
3185 4129 3378 4197 ὲμετὸν
3420 4126 3733 4198 ἐργάζεται,

2164 4214 2365 4284 καίπερ
2414 4213 2563 4277 ὄντος
2618 4214 2862 4285 μέλιτος,
2898 4216 2991 4268 καὶ
3032 4214 3221 4285 καιρὸς
3270 4215 3345 4285 τῷ
3379 4218 3542 4269 παντὶ
3592 4217 3737 4289 πρά-

2162 4320 2361 4373 γματι,
2401 4303 2475 4366 ὡς
2510 4304 2813 4373 Σολομῶντι
2857 4305 3022 4374 κάμο)⁵
3070 4305 3234 4368 δοκεῖ,
3267 4306 3361 4357 καὶ
3391 4306 3449 4357 τὸ
3476 4306 3637 4359 καλὸν
3679 4306 3740 4359 οὐ

495 4393 874 4466 intempestive
917 4408 931 4447 :
979 4407 1080 4447 nee
1135 4391 1237 4445 hoc
1289 4405 1413 4461 ago,
1465 4399 1523 4445 ut
1568 4390 1795 4445 docendi
1861 4403 2056 4443 munus

2168 4393 2346 4455 καλὸν,
2376 4393 2501 4446 ὅταν
2539 4392 2613 4463 μὴ
2654 4392 2833 4455 καλῶς
2855 4394 3072 4463 γίνηται
3103 4393 3313 4465 (ὥσπερ
3342 4394 3501 4458 ἄνθος
3536 4396 3594 4447 ὲν
3626 4413 3741 4466 χει-

492 4487 796 4558 explodam,
840 4484 935 4540 sed
969 4498 1036 4539 ne
1075 4482 1462 4538 mediocritatis
1489 4482 1623 4537 llnes
1654 4481 1941 4537 transiliat.
1971 4482 2052 4533 An

494 4593 646 4642 vero,
677 4591 798 4632 cum
824 4574 998 4630 mellis
1019 4589 1231 4644 quoque
1254 4574 1443 4643 ipsius,
1470 4574 1821 4643 quantumvis
1854 4573 2051 4638 dulcis,

494 4667 710 4721 satietas
752 4666 1013 4719 vomitum
1057 4672 1272 4719 moveat
1297 4662 1363 4728 ¹³,
1409 4677 1674 4731 suumque
1722 4663 1915 4730 cuique
1956 4675 2054 4714 ne-

492 4754 640 4824 gotio
678 4752 1005 4808 destinatum
1052 4752 1123 4806 sit
1177 4761 1385 4821 tempus
1414 4752 1485 4814 ",
1517 4762 1574 4806 ut
1600 4767 1699 4822 ego
1732 4767 1851 4806 cum
1895 4750 2051 4805 Salo-

2169 4479 2305 4551 μῶνι
2332 4480 2608 4543 παντελῶς
2636 4481 2829 4550 ἄωρον,
2854 4482 2945 4534 καὶ⁸
2965 4481 3177 4548 γυναιξὶ
3205 4482 3406 4551 κόσμος
3428 4483 3738 4553 ἀνδρεῖος,ῆ

2164 4574 2468 4639 γυναικεῖος
2494 4571 2738 4642 ἀνδράσι,
2770 4573 2864 4624 κα)⁸
2889 4571 3073 4626 πένθει
3102 4573 3434 4644 γεωμετρία,
3463 4573 3555 4625 καὶ
3597 4575 3740 4642 πότῳ

2162 4661 2437 4731 δάκρυον),
2470 4661 2704 4715 ἐνταῦθα
2731 4662 2786 4715 δὲ
2818 4662 2978 4731 μόνον
3010 4664 3101 4716 τὸν
3143 4665 3330 4734 καιρὸν
3374 4664 3736 4734 ἀτιμάσομεν,

2162 4744 2222 4803 οὗ
2261 4749 2493 4819 μάλιστα
2524 4750 2779 4820 τιμητέον
2813 4748 2872 4801 τὸ
2897 4750 3180 4820 εὔκαιρονς

491 4861 651 4902 mone
678 4859 907 4909 censeo;
948 4858 1178 4913 cumque
1212 4857 1271 4897 ea
1298 4858 1418 4913 quae
1460 4859 1556 4914 per
1597 4858 1657 4899 se
1698 4843 1836 4897 bona
1866 4853 2014 4908 sunt,
2047 4842 2149 4898 nisi
2179 4843 2315 4898 bene
2351 4849 2667 4904 traeientur,
2714 4844 2834 4897 boni
2878 4844 3106 4911 gratiam
3157 4844 3384 4913 perdant
3409 4845 3536 4916 (non
3582 4844 3739 4903 aliter

560 5042 582 5075 ’
609 5041 751 5097 Psal.
784 5055 824 5104 t,
862 5038 917 5094 2.
985 5039 1027 5070 ¹⁶
1101 5037 1243 5097 Psal.
1275 5053 1382 5103 uv,
1416 5038 1502 5093 18.
1582 5036 1622 5069 ¹¹
1651 5037 1792 5093 Psal.
1828 5054 2022 5105 xum,

2200 5042 2243 5071 ¹²
2273 5041 2427 5095 Deut.
2458 5056 2529 5104 vr,
2556 5042 2609 5096 7.
2691 5044 2733 5074 ’³
2767 5042 2924 5097 Prov.
2954 5061 3078 5109 xxv,
3106 5044 3197 5099 27.
3286 5046 3329 5077 “
3351 5036 3531 5100 Eccle.
3568 5062 3647 5112 ιιι,
3681 5045 3731 5098 1.

580 5243 673 5312 25)
706 5240 971 5312 Ἕξωθεγ
1004 5239 1191 5306 ἰλύος.
1235 5259 1253 5292 ι
1291 5241 1373 5312 Ab
1410 5247 1633 5312 externo
1664 5246 1791 5293 tuto.
1813 5257 1831 5289 ι
1873 5237 1925 5292 Id
1954 5245 2055 5302 est,

493 5330 516 5368 ι
551 5328 580 5367 a
613 5308 795 5368 carnis
821 5308 997 5378 studio
1020 5319 1074 5361 et
1105 5310 1380 5378 terrestris
1404 5310 1653 5378 negotiis.
1678 5326 1696 5358 ι

559 5382 670 5455 (26)
694 5375 1046 5455 Μοχθηρρῒς.
1077 5377 1448 5455 «laborisac
1476 5374 1735 5434 molestiae
1770 5374 1963 5455 plenis.
1995 5394 2013 5426 ι

558 5444 671 5534 {2.7)
704 5444 1261 5534 Kdl'th_Qsdr'.
1301 5449 1518 5503 Billius:
1558 5466 1576 5499 ι
1619 5459 1676 5501 ιιι
1716 5445 1784 5500 ad
1821 5444 1917 5499 Dei
1958 5461 2040 5500 cu-

486 5523 786 5591 gnitionem
818 5523 1209 5591 perveniamus.
1232 5539 1251 5572 ι

559 5591 670 5664 (28)
701 5582 981 5664 Adt‘fwger
1004 5590 1230 5664 καιρόν,
1254 5599 1359 5644 etc.
1399 5586 1599 5642 Allndit
1641 5588 1707 5641 ad
1744 5587 1858 5639 haec
1888 5582 2050 5664 verba

491 5655 623 5728 psal.
657 5655 847 5721 ἰιχιν,
868 5655 945 5713 ’ὅς
987 5672 1005 5706 ι
1044 5657 1460 5728 Cum'accepero
1488 5668 1729 5727 tempus,
1761 5670 1860 5725 ego
1892 5655 2050 5721 justi-

490 5732 591 5786 tias
610 5730 883 5800 iudicabo.
908 5748 928 5781 ο

2257 5232 2347 5307 29)
2386 5234 2760 5307 Ἑρικγεῖται.
2795 5237 2958 5293 Coisl.
2986 5239 3035 5300 1,
3069 5237 3161 5293 Or.
3192 5239 3244 5302 l,
3268 5238 3730 5307 θιο.,ὲξικνείται.

2375 5304 2715 5378 Βλάπτωσι.
2745 5308 3022 5378 Κρεηιηη,
3053 5308 3368 5378 βλάπτουσι.

2256 5374 2345 5451 )
2375 5374 3029 5451 ξΥςιοϐαίνονταξᾌΙὶθεη
3050 5374 3158 5442 bin,
3180 5377 3621 5451 ὑπερϐαίνοντας.

2372 5444 2565 5516 Τοῦτο.
2596 5444 2750 5516 Deest
2776 5449 2825 5499 in
2854 5444 2989 5516 Reg.
3018 5446 3103 5500 bm
3142 5458 3196 5502 et
3223 5444 3315 5503 01⁵.
3356 5450 3411 5502 1.

2368 5515 2579 5587 ᾼᾴγον.
2617 5515 2731 5587 Duo
2757 5509 3147 5587 Colb:,'v6p.0v,
3185 5533 3204 5567 ι
3241 5518 3430 5587 legem.
3455 5537 3473 5571 ι

2231 5521 2344 5650 (33;
2368 5521 2579 5583 Λόγον.
2617 5521 2731 5568 Duo
2757 5521 2931 5576 Colb.,
2963 5521 3147 5585 νόμον,
3185 5533 3204 5567 ι
3241 5521 3430 5587 legem.
3455 5537 3473 5571 ι

2229 5584 2321 5654 (.34
2377 5584 2600 5651 Ὥσπερ
2624 5584 2857 5651 ἀσεϐές.
2888 5585 3018 5654 Reg.
3062 5587 3170 5650 bm,
3204 5587 3310 5641 duo
3348 5588 3523 5651 Colb.,
3557 5586 3727 5645 Coisl.

2158 5654 2212 5717 5,
2239 5653 2330 5707 0r.
2373 5655 2425 5716 l.
2456 5655 2592 5722 ὅπερ
2616 5654 2859 5719 εὐσεϐές,
2882 5674 2898 5707 ι
2925 5653 3063 5727 quod
3088 5656 3231 5727 pium
3260 5667 3364 5713 est.
3392 5678 3408 5711 ι
3436 5658 3527 5715 Sic
3555 5659 3719 5717 etiam

2158 5723 2283 5778 lenit
2311 5722 2514 5778 Dillius.

2179 5735 2283 5793 egit
2311 5735 2514 5779 Utlltus.

2232 5233 2255 5512 Ξ
