4038 6338
281 389 346 443 17
1315 386 1575 444 ORATIO
1615 387 1831 443 XXVII.
1873 418 1941 428 —-—
1980 388 2421 446 THEOLOGICA
2458 392 2498 446 1.
3470 404 3537 460 ι8

276 518 438 577 atque
460 508 637 563 hieme
660 507 1017 579 intempestivi
1075 515 1201 562 sunt
1240 504 1420 573 ﬂores,
1474 520 1571 562 nec
1608 504 1929 562 mulieribus
1972 508 2160 572 virilis,
2208 523 2306 565 nec
2347 508 2479 563 viris
2525 509 2802 567 muliebris
2845 519 3074 568 ornatus
3130 516 3402 581 convenit,
3444 533 3542 576 nec

277 600 443 654 luctui
510 600 837 669 geometria,
872 612 970 653 nec
1008 597 1257 655 convivio
1296 595 1598 667 lacrymae),
1632 596 1720 651 hic
1760 596 1933 652 solum
1977 596 2175 651 nullam
2218 599 2476 667 temporis
2511 602 2771 655 rationem
2805 602 3145 669 habebimus,
3180 605 3269 659 ubi
3304 608 3541 664 maxima

273 698 394 768 ejus
420 697 560 751 ratio
591 696 836 751 habenda
866 695 992 751 est?

346 790 421 841 E'.
463 788 767 859 Μηδαμῶς,
796 782 841 841 ὦ
868 788 1012 857 φίλοι
1042 786 1134 841 καὶ
1162 785 1415 854 ἀδελφοί·
1451 784 1713 855 ἀδελφοὺς
1756 784 1864 856 γὰρ

2039 783 2097 839 ν.
2114 784 2290 852 Absit,
2307 800 2340 841 0
2360 785 2520 840 amici
2546 800 2608 841 ac
2625 785 2821 842 fratres
2848 808 2859 842 :
2881 789 3075 845 fratres
3097 791 3240 846 enim
3261 792 3437 848 adhuc
3452 810 3546 851 vos

277 881 419 950 ὑμᾶς
442 880 522 932 ἔτι
558 879 731 941 καλῶ,
766 880 969 950 καίπερ
1006 880 1106 932 οὐκ
1137 876 1442 946 ἀδελφικῶς
1496 877 1715 947 ἔχοντας
1737 894 1749 906 ο
1789 876 1861 946 μὴ

272 971 416 1025 οὕτω
445 970 812 1041 διανοώμεθα,
844 970 976 1041 μηδὲ
1006 968 1257 1039 καθάπερ
1278 969 1433 1022 ἵπποι
1451 970 1499 1021 οἱ
1528 967 1720 1038 θερμοὶ
1750 968 1864 1036 ('55)

271 1064 369 1118 καὶ
394 1061 757 1116 δυσκάθεκτοι
791 1062 929 1131 (56),
966 1061 1055 1114 τὸν
1097 1060 1361 1131 ἐπιϐάτην
1394 1058 1649 1129 λογισμὸν
1692 1059 1864 1130 ἀπορ-

277 1154 554 1225 ρίψαντες,
596 1154 691 1208 καὶ
730 1154 830 1224 τὴν
866 1152 1046 1217 καλῶς
1082 1153 1357 1222 ἀγχουσαν
1401 1150 1686 1204 εὐλάϐειαν
1732 1151 1867 1202 ἀπο-

276 1246 603 1307 πτύσαντες,
646 1244 838 1315 πόρῤω
871 1242 971 1312 τῆς
1017 1241 1222 1312 νύσσης
1269 1241 1510 1311 θέωμεν·
1565 1239 1678 1294 ἀλλ’
1736 1240 1866 1293 εἴσω

272 1336 383 1389 τῶν
421 1334 714 1407 ἡμετέρων
752 1335 895 1404 ὅρων
930 1333 1335 1403 φιλοσοφῶμεν,
1371 1332 1467 1384 καὶ
1490 1332 1564 1402 μὴ
1588 1333 1667 1391 είς
1704 1330 1867 1398 Αἴγυ-

274 1445 406 1481 πτον
442 1427 555 1495 (57)
604 1424 1004 1496 ἐκφερώμεθα,
1041 1424 1173 1494 μηδὲ
1215 1426 1295 1486 εἰς
1340 1423 1656 1493 Ἀσσυρίους
1710 1437 1869 1474 κατα-

271 1518 607 1589 συρώμεθα,
656 1517 792 1589 μηδὲ
837 1517 1053 1588 ᾄδωμεν
1082 1515 1179 1586 τὴν
1225 1515 1367 1586 ᾠδὴν
1408 1514 1614 1586 Κυρίου
1647 1514 1737 1566 ἐπὶ
1766 1514 1868 1582 γῆς

271 1611 565 1683 ἀλλοτρίας
586 1654 601 1675 ,
636 1611 815 1681 πάσης
854 1609 1022 1681 ἀκοῆς
1059 1609 1223 1672 λέγω,
1265 1608 1422 1678 ξένης
1455 1624 1511 1660 τε
1540 1606 1633 1660 καὶ
1669 1606 1867 1677 ἡμετέ-

271 1716 392 1769 pug,
433 1699 635 1769 ἐχθρᾶς
681 1701 776 1752 καὶ
819 1698 1000 1766 φιλίας
1027 1697 1159 1767 (58),
1186 1697 1525 1767 εὐγνώμονος
1557 1698 1649 1749 καὶ
1696 1695 1870 1765 ἀγνώ-

273 1809 437 1861 μονος
467 1792 601 1863 (59),
629 1793 662 1862 ἢ
696 1791 819 1845 λίαν
854 1790 1131 1862 ἐπιμελῶς
1164 1794 1322 1861 τηρεί
1354 1792 1420 1845 τὰ
1463 1790 1728 1861 ἡμέτερα,
1776 1790 1869 1843 καὶ

271 1883 521 1953 βούλοιτο
550 1882 614 1936 ἀν
650 1884 744 1936 τὸν
786 1884 1058 1954 σπινθῆρα
1098 1883 1207 1935 τῶν
1240 1886 1298 1935 ἐν
1327 1885 1460 1954 ἡμῖν
1503 1883 1689 1937 κακῶν
1715 1883 1869 1951 γενέ-

270 1974 397 2027 σθαι
430 1973 628 2043 φλόγα,
660 1975 883 2041 ἐξάπτει
916 1993 976 2029 τε
1007 1976 1102 2030 καὶ
1132 1975 1507 2046 ἀναῤῥιπίζει,
1552 1976 1646 2031 καὶ
1677 1976 1756 2038 είς
1778 1974 1871 2027 ού-

273 2065 440 2133 ρανδν
478 2064 623 2135 αἴρει
658 2066 780 2128 ταῖς
815 2066 944 2135 παρ’
980 2065 1179 2134 ἑαυτῆς
1206 2065 1317 2133 (40)
1358 2062 1554 2134 αὔραις
1583 2063 1844 2117 λανθάνου

1965 875 2198 944 appello,
2217 876 2431 931 tametsi
2458 891 2644 947 parum
2666 876 2903 933 fraterno
2923 894 3048 948 erga
3077 896 3175 936 nos
3192 884 3372 938 animo
3392 884 3539 941 si-tis:

1967 968 2108 1023 absit
2134 978 2188 1021 ut
2203 968 2274 1023 ita
2290 968 2605 1036 sentiamus,
2622 984 2683 1025 ac
2699 968 2843 1024 velut
2856 972 2977 1039 equi
2992 972 3196 1028 feroces
3208 984 3260 1028 et
3275 959 3541 1040 indomiti,

1967 1061 2201 1124 ratione,
2227 1060 2381 1129 quasi
2400 1074 2635 1123 sessore,
2662 1076 2915 1128 excussa,
2937 1062 3292 1135 religiosaque
3318 1069 3545 1136 gravita-

1969 1163 2041 1219 te,
2063 1169 2165 1224 qua
2191 1154 2452 1223 praeclare
2468 1156 2891 1225 compescimur,
2914 1157 3214 1226 repudiata,
3238 1161 3423 1229 procul
3444 1177 3540 1217 ex-

1970 1248 2051 1294 tra
2077 1250 2274 1294 metam
2305 1255 2623 1303 curramus;
2652 1256 2839 1294 verum
2871 1242 3066 1295 liuibus
3087 1243 3288 1297 nostris
3309 1245 3546 1315 disputa-

1973 1334 2146 1387 tiones
2171 1343 2387 1388 nostras
2416 1348 2785 1397 coerceamus,
2806 1348 2905 1387 nec
2928 1334 2979 1387 in
3001 1333 3289 1405 [Egyptum
3310 1338 3547 1406 praecipi-

1971 1434 2051 1479 tes
2077 1424 2337 1490 ieramur,
2366 1440 2464 1480 nec
2482 1424 2547 1478 ad
2563 1424 2817 1494 Assyrios
2838 1426 3239 1494 pertrahamur,
3258 1440 3357 1480 nec
3382 1428 3547 1482 canti-

1970 1531 2090 1570 cum
2112 1516 2321 1571 Domini
2346 1516 2399 1570 in
2424 1526 2565 1570 terra
2591 1514 2766 1569 aliena
2786 1524 3067 1572 cantemus
3083 1516 3148 1581 ‘5,
3164 1517 3266 1571 hoc
3284 1526 3386 1584 est,
3406 1519 3546 1588 apud

1970 1609 2191 1678 quosvis
2208 1609 2502 1672 auditores,
2522 1617 2630 1661 tam
2652 1617 2919 1663 nosuates
2936 1624 3094 1677 quam
3116 1622 3419 1674 extraneos,
3438 1621 3543 1664 tam

1971 1701 2152 1755 hostes
2168 1714 2328 1768 quam
2348 1700 2573 1765 amicos,
2596 1711 2703 1753 tam
2730 1700 2991 1769 benignos
3008 1716 3168 1770 quam
3200 1700 3460 1770 malignos
3482 1716 3546 1756 ac

1970 1790 2130 1861 491
2182 1799 2567 1860 praeposteros,
2606 1792 2695 1859 qui
2743 1808 2957 1847 summo
3006 1793 3185 1847 studio
3217 1809 3301 1848 res
3334 1803 3547 1850 nostras

1973 1882 2295 1948 explorant,
2352 1881 2594 1951 nihilque
2655 1882 2868 1938 avidius
2919 1892 3216 1953 expetunt,
3272 1899 3432 1953 quam
3489 1897 3548 1939 ut

1975 1973 2236 2030 malorum
2285 1984 2592 2029 nostrorum
2636 1974 2867 2028 scintilla
2917 1977 2969 2030 in
3019 1976 3289 2032 ﬂammam
3338 1988 3544 2046 surgat,

1974 2079 2136 2133 quam
2185 2064 2349 2118 ctiam
2405 2063 2591 2116 furtim
2633 2065 2994 2131 exsuscitant,
3023 2076 3185 2134 atque
3221 2068 3544 2131 accendunt,

269 2129 364 2221 σα,
393 2157 489 2209 καὶ
533 2129 678 2209 ποιεῖ
702 2157 803 2224 τῆς
834 2129 1183 2218 Βαϐυλωνίας
1213 2129 1409 2224 φλογὸς
1435 2129 1511 2209 -τὰ
1546 2155 1731 2226 κύκλῳ
1766 2173 1866 2208 κα-

1976 2129 2229 2225 auraaque
2260 2172 2371 2210 sua:
2406 2154 2587 2209 aﬂlatu
2622 2157 2673 2209 in
2702 2156 2900 2211 cadum
2937 2129 3205 2221 attollunt,
3239 2170 3293 2214 et
3316 2129 3547 2232 Babylo;

265 2247 650 2317 ταφλεγούσης
691 2246 1051 2319 ὑψηλοτέραν.
1112 2246 1333 2317 Ἐπειδὴ
1379 2247 1488 2317 γὰρ
1529 2248 1628 2301 οὐκ
1658 2251 1715 2301 ἐν
1756 2250 1871 2310 τοῖς

266 2341 489 2394 ἑαυτῶν
530 2340 796 2410 δόγμασιν
842 2339 1025 2410 ἔχουσι
1058 2339 1157 2411 τὴν
1192 2339 1363 2410 ἰσχὺν,
1396 2341 1455 2394 ὲν
1505 2343 1617 2403 τοῖς
1668 2338 1869 2410 ἡμετέ-

271 2447 390 2502 ροις
436 2431 659 2503 σαθροῖς
690 2429 897 2501 ταύτην
936 2428 1263 2500 θηρεύουσι,
1295 2429 1390 2483 καὶ
1431 2428 1520 2483 διὰ
1558 2429 1736 2493 τοῦτο,
1764 2429 1870 2482 ῶσ-

268 2539 381 2594 περ
423 2524 478 2576 αἱ
526 2524 679 2593 μυῖαι
716 2524 832 2585 τοῖς
869 2521 1199 2592 τραύμασιν,
1246 2518 1389 2574 οὕτω
1421 2522 1536 2584 τοῖς
1582 2522 1870 2591 ἡμετέροις

267 2612 632 2674 ἐπιτίθενται,
656 2612 765 2665 εἴτε
788 2611 1105 2682 ἀτυχήμασι
1131 2610 1238 2682 χρὴ
1259 2610 1462 2679 λέγειν,
1493 2610 1602 2664 εἴτε
1622 2612 1870 2683 ἁμαρτή-

272 2720 464 2775 μασιν.
502 2702 645 2756 Ἀλλ’
684 2704 848 2773 ἡμεῖς
889 2718 952 2770 γε
1002 2700 1077 2773 μὴ
1122 2702 1213 2755 ἐπὶ
1257 2702 1439 2755 πλεῖον
1488 2704 1634 2775 ἡμᾶς
1672 2703 1870 2767 αὐτοὺς

267 2796 661 2865 ἀγνοήσωμεν,
696 2792 830 2863 μηδὲ
867 2792 928 2845 τὸ
958 2792 1087 2863 περὶ
1113 2790 1284 2845 ταῦτα
1316 2792 1543 2862 κόσμιον
1586 2792 1868 2863 ἀτιμάσω-

271 2904 410 2958 μενο
460 2885 576 2939 ἀλλ’
616 2887 664 2938 εί
702 2884 777 2955 μὴ
805 2882 904 2954 τὴν
935 2882 1137 2954 ἔχθραν
1184 2883 1593 2937 καταλύσασθαι
1620 2884 1866 2948 δυνατὸν,

269 2980 454 3033 ἐκεῖνό
486 2977 599 3049 (Η)
630 2994 694 3046 γε
718 2976 1015 3049 συμϐῶμεν
1044 2976 1315 3047 ἀλλήλοις,
1346 2976 1621 3048 μυστικῶς
1663 2977 1733 3031 τὰ
1766 2995 1868 3047 μυ-

270 3072 437 3125 στικὰ
463 3069 823 3141 φθέγγεσθαι,
852 3070 947 3123 xui.
970 3068 1141 3137 ἀγίως
1163 3066 1232 3121 τὰ
1259 3068 1413 3137 ἅγια,
1440 3069 1533 3122 καὶ
1561 3069 1634 3141 μὴ
1659 3070 1870 3139 ῥίπτειν

270 3165 355 3222 εἰς
388 3162 651 3233 βεϐήλους
676 3160 847 3223 ἀκοὰς
870 3159 940 3213 τὰ
975 3160 1049 3229 μὴ
1078 3158 1311 3231 ἔκφορα,
1344 3159 1478 3230 μηδὲ
1510 3159 1869 3231 σεμνοτέρους

269 3256 432 3327 ἡμῶν
463 3253 854 3323 ἀποφαίνωμεν
890 3253 1017 3314 τοὺς
1046 3250 1490 3320 προσκυνοῦντας
1526 3255 1639 3315 τοῖς
1682 3251 1870 3323 δαιμο-

269 3349 432 3409 νίοις,
469 3348 562 3399 καὶ
583 3346 694 3398 τῶν
726 3344 968 3416 αἰσχρῶν
1000 3343 1184 3414 μύθων
1214 3346 1309 3398 καὶ
1343 3344 1683 3415 πραγμάτων
1718 3345 1872 3416 θερα-

272 3442 506 3504 πεντὰς,
534 3439 582 3492 οἳ
606 3438 800 3491 θᾶττον
839 3438 904 3491 ἂν
936 3437 1033 3492 τοῦ
1066 3437 1318 3507 αἵματος,
1352 3438 1385 3507 ἢ
1422 3436 1597 3504 λόγων
1619 3437 1767 3491 ἐστιν
1795 3432 1870 3492 ὧν

1801 3483 1941 3542 ΪὈ

274 3531 558 3601 μεταδοῖεν
592 3532 705 3593 τοῖς
735 3530 1025 3600 ἀμυήτοιςο
1055 3528 1169 3582 ἀλλ’
1191 3527 1443 3598 εἰδῶμεν,
1476 3527 1665 3600 ὥσπερ
1700 3529 1867 3600 ὲσθῆ-

269 3639 386 3685 τος,
418 3622 513 3675 xui.
534 3621 769 3691 διαίτης,
806 3621 900 3675 καὶ
932 3620 1188 3689 γέλωτος,
1213 3622 1308 3673 καὶ
1337 3619 1667 3691 βαδίσματος
1702 3618 1869 3677 οὖσάν

270 3731 395 3767 τινα
409 3714 746 3784 κοσμιότητα
759 3714 867 3784 (4’2)
880 3712 1039 3773 ,οὕτω
1053 3713 1146 3765 καὶ
1155 3713 1313 3781 λόγου
1331 3714 1424 3765 καὶ
1440 3715 1759 3785 σιωπῆς,ὅτι
1774 3717 1869 3770 καὶ

271 3807 446 3875 Λόγον
495 3805 871 3877 πρεσϐεύομεν
907 3804 1044 3875 μετὰ
1065 3804 1173 3857 τῶν
1198 3804 1370 3860 ἄλλων
1401 3802 1495 3857 τοῦ
1526 3804 1661 3859 Θεοῦ
1694 3825 1865 3879 προσ-

272 3899 537 3971 ηγοριῶν,
569 3900 662 3952 καὶ
702 3899 986 3970 δυνάμεων
1008 3917 1021 3930 ·
1054 3898 1196 3951 ἔστω
1222 3900 1316 3952 καὶ
1339 3898 1400 3951 τὸ
1425 3898 1728 3968 φιλόνεικον
1747 3901 1857 3973 (43)

271 3994 307 4063 ἡ
317 3992 431 4061 μῶν
455 3992 703 4061 ἔννομον.
1446 3997 1459 4011 ⁸

1972 2250 2091 2304 nica
2124 2247 2337 2303 ﬂamma
2369 2249 2431 2313 ’⁸,
2475 2249 2527 2303 in
2565 2249 2751 2304 orbem
2791 2252 2972 2305 omnia
3022 2253 3332 2322 populante,
3376 2256 3544 2311 subli-

1972 2341 2196 2394 miorem
2242 2340 2491 2394 reddunt.
2552 2340 2820 2406 Quoniam
2871 2342 3016 2396 enim
3044 2344 3096 2397 in
3130 2344 3245 2398 suis
3279 2345 3544 2415 dogmati-

1972 2430 2073 2485 bus
2098 2430 2232 2484 nihil
2278 2429 2382 2483 sibi
2428 2429 2666 2498 prmsidii
2707 2429 3027 2500 roborisque
3074 2432 3430 2486 consumtum
3465 2432 3545 2485 vi-

1972 2522 2120 2587 dent,
2159 2521 2261 2603 hoc
2294 2521 2346 2575 in
2381 2529 2691 2576 nostrarum
2728 2536 2910 2575 rerum
2948 2521 3320 2578 imbecillitate
3351 2538 3550 2578 venan-

1974 2622 2083 2668 tur.
2113 2614 2191 2668 Ac
2226 2614 2471 2683 proinde,
2506 2611 2958 2683 quemadmodum
2994 2629 3192 2670 muscae
3215 2613 3546 2680 vulneribus,

1972 2706 2047 2760 ita
2074 2706 2278 2760 nostris
2301 2704 2727 2770 calamitatibus,
2763 2712 2876 2765 aut,
2902 2703 2947 2758 si
2981 2704 3175 2773 mavis,
3209 2706 3410 2762 erratis
3447 2705 3550 2761 im-

1972 2798 2202 2852 minent.
2268 2800 2340 2853 At
2394 2811 2492 2851 nos
2550 2796 2767 2867 quidem
2826 2798 3188 2869 nosmetipsos
3236 2798 3438 2853 diutius
3483 2812 3550 2853 ne

1974 2891 2309 2960 ignoremus,
2362 2904 2461 2945 nec
2516 2890 2972 2957 moderationem,
3017 2903 3137 2959 qua:
3176 2890 3227 2943 in
3267 2889 3351 2945 his
3390 2889 3550 2945 rebus

1973 2982 2198 3035 tenenda
2230 2990 2335 3048 est,
2368 2994 2747 3049 aspernemur.
2778 2980 2935 3047 Quod
2968 2980 3011 3035 si
3038 2979 3352 3035 inimicitias
3388 2990 3549 3050 atque

1971 3072 2094 3127 odia
2140 3072 2492 3143 exstinguere
2528 3086 2632 3126 non
2669 3086 2980 3141 possumus,
3014 3070 3144 3127 illud
3181 3069 3371 3127 saltem
3410 3071 3552 3126 inter

1972 3178 2073 3219 nos
2104 3164 2418 3230 conveniat,
2452 3172 2511 3217 ut
2534 3163 2761 3235 mystica
2791 3162 3044 3233 mys:ice,
3071 3171 3125 3217 et
3152 3172 3340 3217 sancta
3362 3172 3551 3218 sancte

1973 3258 2381 3326 proloquamur,
2417 3269 2516 3310 nec
2549 3255 2601 3309 in
2630 3256 2889 3322 profanas
2922 3269 3100 3320 aures,
3132 3269 3252 3323 quze
3281 3254 3333 3308 in
3360 3253 3550 3324 vulgus

1972 3347 2152 3403 eﬂerri
2209 3346 2364 3403 nefas
2411 3356 2515 3414 est,
2558 3348 2930 3417 prnjiciamus,
2983 3361 3082 3401 nec
3114 3345 3385 3417 patiamur
3429 3348 3553 3401 reli-

1974 3440 2237 3510 giosiores
2274 3453 2436 3507 quam
2479 3452 2577 3492 nos
2607 3437 2780 3492 videri
2825 3452 2953 3502 eos,
3002 3438 3092 3506 qui
3133 3437 3403 3492 daemones
3456 3436 3551 3491 ad-

1978 3541 2161 3597 orant,
2181 3541 2235 3585 et
2265 3531 2499 3599 turpium
2529 3528 2830 3584 fabularum
2851 3544 2914 3584 ac
2944 3544 3123 3584 rerum
3157 3527 3359 3584 cultum
3388 3531 3551 3599 proli-

1979 3633 2193 3690 tentur;
2252 3623 2450 3692 quippe
2492 3624 2583 3691 qui
2630 3622 2718 3687 iis,
2752 3622 2842 3692 qui
2878 3636 2982 3677 non
3025 3621 3211 3678 iisdem
3244 3622 3417 3677 sacris
3448 3621 3552 3676 ini-

1975 3717 2089 3772 tiati
2150 3726 2309 3780 sunt,
2367 3730 2619 3770 cruorem
2671 3716 2850 3785 potius
2903 3730 3059 3769 suum
3115 3714 3547 3785 impertirentur,

1973 3824 2134 3878 quam
2181 3820 2483 3872 sermones,
2545 3807 2743 3875 quibus
2794 3805 3049 3876 mysteria
3086 3820 3182 3860 sua
3215 3806 3548 3875 detegerem.

1974 3902 2371 3972 Agnoscamus,
2419 3908 2478 3952 ut
2524 3899 2577 3951 in
2621 3898 2838 3960 vestitu,
2893 3897 3060 3961 victu,
3107 3898 3241 3962 risu,
3274 3906 3435 3966 atque
3469 3896 3542 3950 in-

1973 4010 2150 4054 cessu,
2193 3993 2271 4047 sic
2300 3994 2352 4045 in
2378 4005 2631 4046 sermone
2666 4006 2730 4045 ac
2765 3989 2983 4046 silentio
3010 3997 3228 4045 modum
3262 3989 3549 4057 quemdam

271 4104 338 4140 ac
382 4087 641 4141 det-orum
680 4085 971 4139 tenendum
1009 4099 1152 4151 esse,
1199 4086 1499 4153 praesertim
1543 4100 1667 4139 cum
1713 4086 1854 4141 inter
1897 4096 1975 4142 tot
2040 4087 2133 4141 Dei
2176 4085 2409 4139 virtutes
2441 4099 2503 4138 ac
2540 4084 2756 4137 nomina
2790 4082 2962 4150 Λόγον
2998 4098 3233 4153 quoque,
3285 4082 3385 4137 hoc
3431 4091 3549 4146 est,

276 4177 539 4241 Verbum,
577 4178 858 4241 colamus;
908 4187 1069 4246 atque
1110 4177 1412 4244 contingat,
1442 4187 1499 4229 ut
1529 4177 1642 4245 ipsa
1681 4179 1844 4231 etiam
1887 4178 2164 4235 contentio
2193 4186 2375 4232 nostra
2406 4175 2644 4244 legitima
2679 4174 2769 4228 sit.

346 4277 437 4340 ς’.
478 4273 545 4325 Τί
572 4274 826 4342 γέννησιν
866 4270 977 4341 (44)
1011 4270 1199 4324 ἀκούει
1237 4271 1371 4325 Θεοῦ
1413 4273 1506 4325 καὶ
1536 4273 1736 4335 κτίσιν,
1771 4277 1864 4328 καὶ

270 4365 407 4417 Θεὸν
455 4363 517 4427 ἐξ
545 4364 645 4416 ούκ
689 4363 879 4423 ὄντων,
923 4362 1016 4415 καὶ
1069 4361 1261 4431 τομὴν,
1310 4363 1404 4415 καὶ
1442 4362 1729 4433 διαίρεσιν,
1770 4366 1865 4418 καὶ

271 4454 557 4516 ἀνάλυσιν,
586 4454 616 4505 ὁ
644 4452 839 4523 πικρὸς
878 4450 987 4503 τῶν
1032 4450 1339 4520 λεγομένων
1385 4450 1661 4521 ἀκροατής
1710 4450 1863 4521 (45);
1902 4518 1915 4533 .

272 4549 340 4600 Τί
364 4547 628 4610 δικαστὰς
654 4547 783 4607 τοὺς
813 4544 1149 4615 κατηγόρους
1182 4542 1509 4613 καθίζομεν;
1542 4543 1606 4595 Τί
1635 4543 1702 4596 τὰ
1735 4544 1861 4615 ξίφη

270 4643 385 4702 τοῖς
428 4638 645 4711 ἐχθροῖς
685 4634 1095 4707 ἑγχειρίζομενς
1134 4633 1279 4699 Πῶς,
1335 4632 1459 4695 οἴει,
1511 4632 1721 4699 δέξεται
1769 4636 1860 4687 τὸν

2043 4273 2127 4328 Vl.
2169 4273 2278 4328 Cur
2316 4272 2409 4326 Dei
2448 4271 2852 4341 generationem
2902 4279 2958 4325 et
2994 4269 3352 4334 creationem,
3390 4279 3553 4339 atque

1968 4366 2134 4421 Deum
2165 4380 2230 4420 ex
2268 4363 2443 4418 nihilo
2477 4372 2682 4427 ortum,
2716 4378 2813 4417 cur
2835 4361 3126 4428 sectiones,
3157 4370 3211 4416 et
3236 4360 3548 4424 divisiones,

1969 4471 2030 4510 ac
2075 4455 2435 4511 resolutiones
2477 4453 2567 4507 ille
2608 4454 2780 4517 audit,
2815 4453 2907 4520 qui
2947 4466 3092 4506 saevo
3143 4459 3307 4520 atque
3339 4450 3551 4505 infenso

1971 4547 2151 4599 animo
2203 4544 2508 4612 hujusmodi
2559 4556 2836 4596 sermones
2869 4542 3167 4612 expendit?
3199 4542 3309 4597 Cur
3330 4558 3552 4597 accusa-

1975 4643 2118 4687 tores
2164 4633 2311 4701 ipsos
2351 4631 2561 4699 judtces
2602 4632 3016 4687 constituimus?
3055 4631 3163 4688 Cur
3208 4632 3453 4688 ltOstibus
3493 4635 3547 4686 in

276 4732 640 4802 περὶτούτων
674 4730 860 4798 λόγον,
899 4729 934 4801 ἢ
971 4728 1090 4798 μεθ’
1133 4727 1252 4789 οἵας
1279 4724 1377 4795 τῆς
1415 4725 1673 4792 διανοίας,
1709 4729 1736 4780 ό
1769 4728 1865 4791 τὰς

1973 4726 2263 4797 perniciem
2310 4736 2552 4780 nostram
2576 4724 2786 4796 gladios
2814 4726 3182 4797 porrigimus?
3210 4726 3326 4793 Quo
3350 4734 3537 4798 pacto,

347 4826 389 4856 ⁸⁸
419 4821 561 4879 Psai.
583 4837 804 4887 cum,
846 4822 898 4874 ὁ.
978 4821 1022 4851 ³⁸
1049 4820 1180 4871 Dan.
1217 4833 1296 4880 ιιι,
1316 4817 1404 4871 2‘2.

348 4935 548 5005 (35)Ol
583 4933 804 5003 θερμοί.
843 4931 1001 4987 Deest
1028 4933 1078 4984 οἱ
1111 4930 1160 4981 in
1186 4929 1353 5000 Begg.
1380 4948 1433 4995 a,
1471 4934 1580 4999 bin,
1616 4932 1857 4996 Coisl.3,

276 5008 464 5144 ⁸ιὲἓᾶ
484 5009 613 5130 1ira:
646 5073 1187 5145 δυσκάθεκταηὸἰο
1224 5075 1355 5145 ncg.
1388 5072 1498 5138 bin,
1530 5073 1696 5129 Coisl.
1737 5074 1792 5139 δ,
1814 5084 1869 5127 ct

278 5148 373 5203 0r.
417 5148 466 5199 i.
494 5147 549 5200 In
577 5146 762 5211 editis,
797 5145 891 5197 καὶ
915 5144 1267 5209 δυσκάθετος.

350 5218 462 5287 (57)
496 5218 603 5283 Εὶς
631 5207 958 5284 Αιγυπτον.
993 5232 1012 5265 ι
1048 5216 1105 5269 lu
1130 5207 1438 5286 IEgjptum.
1474 5231 1491 5264 ι
1528 5210 1584 5266 Id
1608 5225 1712 5279 est,
1747 5231 1763 5265 ι
1803 5228 1868 5267 ne
1918 5207 1921 5210 ⁴

282 5288 451 5343 aliena
486 5289 740 5356 dogmata
766 5295 1061 5356 spectentur.
1091 5305 1109 5336 ι

349 5358 463 5430 (58)
505 5355 740 5430 Φιλίας.
786 5355 899 5409 Duo
924 5355 1113 5430 (Μελ,
1141 5355 1320 5430 φίλης.

348 5423 461 5497 (39)
497 5426 899 5497 Εὐγνώμονος
938 5424 1035 5479 καὶ
1079 5423 1444 5497 ἀγνώμονος.
1495 5423 1639 5478 Elias
1685 5424 1866 5490 vertit,

288 5517 309 5551 ι
359 5496 503 5553 ιἰοοιε
536 5499 971 5558 ratiocinantem,
998 5505 1049 5547 et
1075 5496 1259 5564 judicii
1285 5507 1584 5564 expertem.
1631 5513 1652 5547 ι

351 5568 464 5636 (40)
503 5566 775 5635 Ἑαυτῆς.
818 5566 912 5621 Or.
946 5567 990 5631 I,
1023 5566 1252 5628 ἑαυτοῖς.

355 5640 467 5709 (ιι)
499 5638 756 5692 Ἐκεῖνο.
786 5636 841 5689 lu
864 5638 1159 5709 nonnullis,
1186 5636 1398 5709 ἐκείνῳ.

499 5688 897 5828 έρᾶιιῖότητα.
934 5704 1025 5760 Sic
1222 5688 1397 5777 Regii.
1448 5705 1550 5759 Alii
1599 5704 1867 5777 κοσμότη-

409 5796 548 5828 1116³11(
571 5794 666 5828 058
699 5817 711 5828 .

286 5798 353 5833 τι).
384 5794 666 5833 llm‘lttlose
680 5794 711 5833 l.

361 5776 877 5917 (λ’ἓίῗιῖἶῗιῖῗῖὲικον.
916 5848 1101 5903 Dillius
1132 5847 1198 5903 ad
1247 5846 1543 5917 marginem
1569 5844 1695 5902 Bas.
1732 5847 1869 5901 scri-

1972 4932 2097 5000 psit,
2132 4931 2192 4986 τὸ
2232 4930 2533 5003 φιλότιμον.
2584 4932 2673 4986 Sic
2701 4933 2863 4985 etiam
2908 4932 3086 5003 legunt
3115 4931 3256 4986 Elias
3284 4940 3337 4987 et
3381 4930 3549 5003 Leuvf

1974 5002 2220 5074 Combef.
2248 5002 2425 5068 νει-ο,
2446 5002 2770 5074 φιλονεικεῖν
2810 5004 2948 5074 ἡμῖν
2978 5019 2989 5031 ’
3020 5021 3038 5054 ι
3076 5002 3250 5071 ipsum
3280 5003 3380 5074 ltpc
3408 5002 3551 5072 quod

1974 5073 2368 5137 contendimus,
2401 5074 2470 5127 sit
2496 5074 2648 5127 nobis
2679 5073 2991 5141 legitimum.
3019 5091 3037 5123 ι

2046 5143 2158 5212 (44)
2186 5141 2510 5209 Γέννησιν,
2542 5151 2646 5197 etc.
2679 5139 2971 5211 Gregorius
2990 5143 3078 5212 hic
3103 5140 3414 5212 perstringit
3440 5139 3551 5194 Eu-

1975 5211 2261 5267 nomianos
2287 5253 2301 5277 ,
2334 5215 2424 5282 qui
2448 5252 2463 5277 ,
2505 5213 2645 5282 apud
2680 5212 2911 5281 gentiles
2938 5251 2951 5276 ,
2980 5211 3177 5280 quibus
3210 5227 3314 5265 non
3356 5211 3553 5266 licebat

1975 5284 2098 5337 talia
2134 5285 2341 5349 audire,
2377 5284 2443 5338 de
2474 5283 2583 5337 Deo
2615 5291 2936 5352 arroganter
2958 5293 3012 5336 et
3039 5297 3160 5335 cum
3187 5282 3555 5337 ostentatione

1972 5354 2343 5416 disserebant,
2377 5369 2500 5408 cum
2546 5354 2645 5421 ipsi
2688 5353 2739 5407 iu
2778 5353 2997 5406 deorum
3043 5365 3262 5405 suorum
3310 5352 3547 5421 patro_ci~

1972 5425 2121 5476 nium
2174 5438 2453 5478 sermones
2494 5419 2657 5477 etiam
2691 5422 2949 5477 adhibere
2987 5429 3225 5492 possent.
3277 5420 3410 5475 Nam
3439 5419 3548 5474 Eu-

1970 5493 2208 5547 nomiani
2242 5502 2480 5549 creatum
2514 5506 2636 5548 esse
2661 5492 2857 5547 Filium
2893 5491 3008 5555 Dei,
3033 5500 3320 5560 ortumque
3365 5491 3431 5546 de
3464 5492 3549 5544 ni-

1971 5564 2081 5617 ltiio
2119 5564 2547 5629 contendebant,
2593 5563 2784 5633 sicque
2828 5564 3074 5617 eumdem
3105 5577 3133 5615 a
3180 5561 3342 5616 Patre
3395 5560 3546 5632 quasi

1968 5634 2295 5688 dissecatum
2329 5633 2672 5702 separabaut.

2038 5699 2511 5825 $45)’A_xpoar1iq.
2554 5720 2575 5754 ι
2617 5703 2858 5789 A‘ttditor.
2911 5722 2930 5755 ι
2979 5699 3201 5783 Cpislin.
3257 5703 3307 5765 1,
3364 5699 3547 5766 Egera-

2062 5793 2124 5825 λς.
2162 5792 2178 5825 ι
2218 5777 2517 5825 indagator.
2560 5793 2577 5825 ι
2623 5776 2714 5825 bu:
2740 5783 2898 5825 etiam
2926 5774 3053 5825 lcztt
3086 5771 3291 5825 Btlltus.

1971 5771 2124 5845 στῆς,
2162 5792 2178 5826 ι
2218 5771 2517 5845 indagatur.
2560 5793 2577 5825 ι
2623 5775 2714 5830 Sic
2740 5774 2898 5828 etiam
2926 5774 3053 5844 legit
3086 5771 3291 5827 Billius.
