4038 6338
482 396 549 452 ¹9
1708 412 1765 468 S.
1808 412 2143 471 GREGORII
2184 414 2528 474 THEOLOGI
3649 417 3722 473 ΞΟ

482 521 655 577 quove
680 508 882 575 animo,
914 525 1006 567 eos
1037 512 1345 584 hujusmodi
1390 531 1695 576 sermonem
1724 534 2045 594 accepturos

2162 527 2395 596 αοιχείας
2424 529 2662 581 ἐπαινῶν
2691 529 2785 582 καὶ
2814 529 2910 593 τὰς
2937 527 3339 597 παιδοφθορίας,
3370 527 3462 581 καὶ
3486 543 3723 599 προσκυ-

483 610 691 660 censes,
735 599 825 667 qui
859 601 1141 668 adulteria,
1165 613 1227 669 ,et
1257 619 1552 675 puerorum
1579 619 1764 678 stupra
1793 613 2043 669 laudibus

483 686 735 753 eth-runt,
772 691 861 758 qui
905 692 1039 747 vitia
1081 693 1349 764 adorant,
1394 712 1495 754 nec
1545 701 1837 773 quidquam
1884 719 2044 774 supra

483 792 683 847 corpus
721 782 959 849 cogitare
993 791 1236 853 possunt,
1268 787 1360 856 qui
1398 788 1513 843 beri
1551 798 1607 845 et
1633 792 1826 847 nudius
1858 793 2048 847 tertius

486 870 616 924 deos
655 870 759 925 sibi
794 873 1174 941 condiderunt,
1211 890 1413 948 eosque
1443 880 1768 951 turpissimis
1796 883 2052 938 facinori-

481 962 583 1016 bus
608 961 784 1019 claros
816 972 870 1019 et
898 966 1145 1021 nobiles?
1186 968 1378 1024 Annon
1420 974 1651 1028 crasse?
1704 973 1818 1030 Non
1862 974 2048 1031 ﬁnde?

480 1046 597 1104 Non
633 1051 849 1120 inepte?
892 1054 1007 1109 Non
1051 1070 1152 1112 suo
1189 1057 1421 1128 denique
1469 1063 1655 1117 more?
1701 1062 1890 1120 Nonne
1926 1065 2049 1121 deo-

482 1159 601 1198 rum
635 1161 855 1201 suorum
886 1162 951 1203 ac
982 1150 1237 1204 vitiorum
1265 1150 1431 1222 492
1459 1154 1818 1222 patrocinium
1851 1169 1881 1209 a
1906 1156 2051 1212 theo-

481 1236 625 1305 l0gia
663 1248 749 1292 tua
780 1239 1072 1293 haurient?
1098 1240 1232 1295 Nam
1264 1257 1387 1297 cum
1432 1244 1518 1300 his
1572 1245 1798 1300 vocibus
1826 1246 1925 1316 ipsi
1958 1262 2052 1317 per

481 1339 747 1380 summam
797 1328 1125 1383 calumniam
1170 1338 1425 1396 utamur,
1473 1347 1580 1401 quo
1624 1333 1839 1389 tandem
1893 1335 2052 1391 modo

483 1416 606 1471 illos
660 1418 929 1474 adducere
960 1435 1246 1489 queamus,
1280 1431 1338 1475 ut
1368 1422 1762 1494 philosophiam
1811 1436 2049 1482 nostram

481 1508 876 1577 amplectantur
896 1510 919 1563 ?
943 1509 1186 1580 Cumque
1214 1527 1309 1581 per
1342 1528 1401 1566 se
1428 1514 1526 1583 ipsi
1558 1515 1609 1568 in
1632 1516 2051 1571 commiscendis

481 1598 641 1653 malis
669 1600 895 1655 solertes
922 1602 1053 1666 sint,
1081 1603 1298 1670 quando
1322 1605 1540 1659 tandem
1570 1606 1638 1659 ab
1658 1605 1855 1661 oblatis
1877 1607 2048 1662 absti-

481 1692 727 1746 nebunt?
780 1694 903 1749 Haec
938 1695 1093 1751 nobis
1123 1694 1325 1751 bellum
1356 1697 1514 1751 civile
1542 1706 1707 1766 atque
1736 1698 2049 1753 intestinum

481 1785 682 1840 attulit.
720 1784 845 1840 limc
870 1786 967 1853 illi,
999 1786 1090 1856 qui
1128 1802 1223 1857 pro
1253 1787 1427 1843 Verbo
1455 1789 1653 1854 acrius,
1678 1803 1842 1858 quam
1874 1789 2051 1842 Verbo

2149 616 2257 669 νῶν
2284 617 2351 670 τά
2401 619 2568 689 πάθη,
2605 622 2696 673 καὶ¹
2735 621 2903 691 μηδὲν
2941 621 3080 691 ὑπὲρ
3110 619 3170 671 τὸ
3196 617 3353 689 σῶμα
3381 618 3720 688 διανοηθῆναι

2146 707 2462 778 δυνάμενος,
2508 712 2535 762 ὁ
2570 712 2694 781 χθὲς
2728 711 2821 764 καὶ
2850 710 3042 781 πρώην
3092 709 3270 779 ἑαυτῷ
3317 710 3517 780 στήσας
3543 708 3719 771 θεοὺς,

2148 798 2240 850 καὶ
2270 794 2492 863 τούτους
2524 802 2614 855 ἐπὶ
2645 805 2755 865 τοῖς
2793 801 3086 870 αἰσχίστοις
3118 798 3578 871 γνωριζομένουςζ
3609 799 3720 869 Οὐχ

2150 886 2376 954 ὑλικῶςς
2404 890 2517 943 Οὐκ
2543 890 2780 963 αἰσχρῶς
2803 909 2818 954 ;
2851 891 2963 944 Οὐκ
2985 889 3211 960 ἀμαθῶς
3230 906 3246 957 ;
3268 890 3378 960 Οὐχ
3400 890 3475 952 ὡς
3496 887 3717 953 εἴωθεν;

2150 978 2225 1031 Οὐ
2257 981 2554 1052 συνήγορον
2578 981 2689 1035 τῶν
2729 983 2946 1036 οίκείων
2980 981 3117 1034 θεῶν
3145 982 3239 1035 καὶ
3268 980 3453 1034 παθῶν
3491 980 3589 1051 τὴν
3624 980 3724 1050 σὴν

2150 1070 2426 1141 θεολογίαν
2466 1075 2781 1145 ποιήσεται;
2816 1076 2879 1128 Et
2905 1076 3016 1147 γάρ
3052 1075 3205 1129 αὐτοὶ
3230 1072 3342 1143 (46)
3368 1074 3487 1135 ταῖς
3520 1074 3727 1139 φωναῖς

2148 1160 2372 1224 ταύταις
2391 1163 2786 1234 ἐπηρεάζομεν,
2813 1165 2975 1235 σχολῇ
3007 1166 3057 1233 γ’
3086 1164 3152 1217 ἂν
3177 1163 3415 1225 ἐκείνους
3436 1160 3728 1231 πείσαιμεν

2150 1252 2457 1321 φιλοσοφεῖν
2489 1254 2546 1306 ὲν
2581 1257 2693 1318 τοίς
2731 1256 3055 1326 ἡμετέροις·
3108 1254 3204 1307 καὶ
3250 1255 3299 1306 εί
3345 1253 3475 1325 παρ’
3515 1250 3727 1305 ἑαυτῶν

2150 1347 2286 1398 είσιν
2339 1346 2631 1416 ὲφευρεταὶ
2680 1346 2895 1409 κακῶν,
2961 1346 3094 1399 ποτὲ
3147 1345 3216 1399 ἂν
3274 1343 3385 1399 τῶν
3435 1342 3727 1413 διδομένων

2150 1435 2486 1505 ἀπόσχοιντο.
2527 1436 2710 1491 Ταῦτα
2743 1440 2873 1508 ἡμῖν
2905 1439 2932 1490 ὁ
2982 1437 3117 1507 πρὸς
3154 1436 3416 1507 ἀλλήλους
3454 1435 3723 1504 πόλεμος·

2149 1523 2319 1578 ταῦτα
2346 1528 2392 1577 οἱ
2430 1527 2611 1581 πλεῖον
2646 1529 2787 1600 ὑπὲρ
2819 1528 2911 1582 τοῦ
2957 1529 3129 1596 Λόγου
3173 1528 3486 1599 μαχόμενοι,
3526 1526 3558 1597 ἢ
3601 1526 3727 1579 ὅσον

2150 1616 2371 1686 ἀρέσκει
2407 1617 2485 1687 τῷ
2514 1617 2691 1689 Λόγῳ,
2721 1621 2816 1673 καὶ⁵
2840 1620 3031 1673 ταυτὸν
3059 1619 3358 1689 πάσχοντες
3394 1619 3505 1680 τοῖς
3540 1632 3727 1687 μαινο-

2153 1704 2354 1773 μένοις,
2404 1706 2455 1757 οἳ
2501 1707 2625 1770 τοὺς
2671 1707 2831 1771 ἰδίους
2875 1708 3058 1771 οἴκους
3106 1707 3469 1769 ἀνάπτουσιν,
3517 1704 3550 1775 ἦ
3601 1705 3729 1767 τοὺς

2155 1796 2347 1861 παῖδας
2386 1799 2815 1868 σπαράττουσιν,
2868 1799 2903 1869 ἢ
2943 1799 3070 1863 τοὺς
3117 1798 3309 1867 γονέας
3345 1793 3724 1867 περιωθοῦσιν,

481 1878 579 1945 ipsi
612 1886 823 1947 gratum
862 1878 954 1945 sit,
999 1881 1338 1947 depugnant;
1384 1894 1481 1935 nec
1519 1879 1826 1936 hominibus
1869 1879 2050 1935 furore

2162 1886 2228 1949 ὡς
2256 1887 2565 1960 ἀλλοτρίους
2590 1889 2915 1960 νομίζοντες.

481 1969 745 2036 correptis
793 1970 1081 2025 dissimiles
1143 1980 1288 2036 sunt,
1340 1972 1431 2041 qui
1487 1987 1614 2027 suas
1661 1972 1849 2029 domos
1892 1975 2203 2043 incendunt,
2256 1980 2337 2034 vel
2418 1983 2613 2038 liberos
2656 1984 2972 2048 dilacerant,

486 2061 644 2125 dunt,
674 2070 860 2132 utpote
891 2063 981 2131 qui
1015 2078 1111 2133 pro
1134 2063 1327 2117 alienis
1361 2078 1453 2118 eos
1482 2064 1733 2119 habeant.

559 2154 665 2209 V'Il.
702 2155 820 2210 Jam
848 2171 975 2210 vero
1006 2166 1359 2225 posteaquam
1389 2172 1503 2225 eos,
1528 2158 1618 2225 qui
1644 2173 1672 2211 a
1702 2158 1858 2214 nobis
1883 2159 2044 2219 alieni

484 2252 631 2308 sunt,
682 2260 710 2298 a
742 2246 1045 2299 divinarum
1095 2261 1275 2301 rerum
1322 2248 1718 2302 auscultatione
1768 2251 2046 2304 submovi-

485 2352 639 2401 mus,
686 2344 848 2405 atque
890 2338 941 2389 in
991 2350 1280 2404 porcorum
1327 2350 1542 2407 gregem
1589 2353 1933 2393 numerosam
1976 2339 2052 2393 le-

484 2430 692 2498 gionem
728 2428 779 2481 in
813 2426 1134 2497 profundum
1177 2436 1422 2482 ruentem
1466 2428 1837 2498 ablegavimus
1868 2430 1933 2494 ¹⁷,
1964 2444 2051 2485 se-

488 2520 672 2587 quitur
697 2519 829 2588 jam,
863 2528 919 2574 ut
951 2520 1309 2590 nosmetipsos
1339 2520 1713 2591 inspiciamus,
1739 2536 1825 2586 ac,
1858 2528 2053 2577 statuae

485 2613 768 2683 cujusdam
813 2614 1006 2679 instar,
1050 2612 1352 2683 theologum
1385 2614 1450 2667 ad
1482 2628 1696 2669 omnem
1728 2614 2054 2685 elegantiam

485 2706 843 2776 expoliamus.
874 2706 1003 2761 Illud
1030 2721 1158 2761 vero
1191 2704 1340 2775 prius
1369 2707 1775 2775 expendendum
1800 2717 1904 2771 est,
1938 2723 2059 2777 qua:

488 2800 602 2854 haec
640 2805 784 2852 tanta
808 2797 1114 2867 disputandi
1142 2797 1426 2867 cupiditas,
1461 2811 1525 2851 ac
1571 2796 1766 2867 lingua:
1801 2799 2057 2869 prurigo?

487 2892 618 2959 Quis
638 2906 807 2945 novus
829 2890 914 2945 hic
937 2890 1176 2956 morbus,
1200 2890 1536 2959 aviditasque
1557 2890 1931 2959 inexplebilis?
1952 2891 2062 2946 Cur

488 2983 735 3038 manibus
753 2982 971 3048 vinctis,
1002 2982 1615 3053 Iinguamarmavimus‘!
1638 2981 1753 3036 Non
1783 2981 2063 3051 hospitali-

489 3084 676 3139 tatem,
702 3089 805 3129 non
840 3073 1133 3129 fraternam
1158 3073 1501 3137 charitatem,
1537 3087 1642 3128 non
1666 3079 1907 3127 mutuum
1936 3088 2063 3128 con-

489 3166 619 3237 iugii
643 3181 905 3231 amorem,
925 3180 1033 3220 non
1055 3164 1419 3236 virginitatem
1444 3163 1761 3219 laudamus?
1790 3162 1903 3221 Non
1934 3178 2065 3233 pau-

488 3274 675 3329 perum
715 3258 1026 3314 alendorum
1066 3271 1249 3312 curam
1276 3295 1293 3323 ,
1323 3270 1430 3311 non
1458 3257 1789 3325 psalmorum
1822 3264 2061 3319 cantum,

3054 1985 3135 2039 vel
3204 1998 3266 2052 pa
3277 1991 3455 2036 rentes
3512 1993 3728 2050 prouu-

2225 2160 2295 2215 Z'.
2348 2159 2499 2214 Ἐπεὶ
2532 2162 2587 2214 δὲ
2627 2161 3120 2233 ἀπεσκευασάμεθα
3163 2161 3255 2213 τοῦ
3290 2161 3447 2228 λόγου
3483 2160 3543 2213 τὸ
3571 2159 3729 2213 ἁλλό-

2152 2250 2321 2322 τριον,
2368 2252 2461 2303 καὶ¹
2504 2253 2582 2315 είς
2627 2252 2724 2321 τὴν
2766 2252 2967 2322 ἀγέλην
3018 2250 3127 2303 τῶν
3167 2250 3364 2321 χοίρων
3403 2248 3731 2319 ἀπεπεμψά-

2158 2341 2296 2412 μεθιι
2330 2342 2421 2397 τὸν
2464 2343 2631 2395 πολὺν
2671 2342 2910 2411 λεγεῶνα
2949 2343 3088 2395 κατά
3128 2341 3302 2411 βυθῶν
3327 2342 3667 2411 χωρήσαντα,
3701 2340 3735 2393 δ

2163 2432 2416 2502 δεύτερόν
2454 2435 2567 2486 ἐστι
2600 2433 2732 2502 (47),
2771 2434 2906 2504 πρὸς
2947 2435 3092 2505 ἡμᾶς
3131 2434 3325 2495 αὐτοὺς
3369 2432 3597 2502 ἴδωμεν,
3640 2445 3736 2485 και

2171 2529 2185 2578 i
2204 2548 2211 2575 ι
2231 2544 2411 2599 σωμεν
2441 2529 2518 2589 είς
2557 2526 2749 2589 κάλλος
2771 2566 2783 2588 ,
2807 2525 2994 2596 ὥσπερ
3018 2526 3324 2597 ἀνδριάντα,
3352 2524 3441 2576 τὸν
3464 2523 3728 2593 θεολόγον.

2170 2622 2373 2675 Ἐκεῖνο
2410 2620 2465 2671 δὲ
2501 2618 2715 2689 πρῶτον
2759 2616 2868 2688 (.58)
2915 2614 3276 2687 λογισώμεθα,
3321 2615 3401 2679 τίς
3431 2616 3463 2685 η
3496 2614 3732 2683 τοσαύτη

2160 2715 2287 2785 περὶ
2312 2714 2404 2765 τὸν
2439 2712 2596 2779 λόγον
2641 2709 2940 2779 φιλοτιμία,
2996 2708 3088 2761 καὶ
3120 2707 3503 2776 γλωσσαλγία;
3554 2707 3651 2768 Τίς
3695 2707 3730 2774 ἠ

2159 2805 2319 2876 καινὴ
2346 2803 2497 2866 νόσος
2529 2802 2665 2872 αὕτη
2697 2801 2790 2853 καὶ
2826 2799 3132 2870 ἀπληστία;
3180 2800 3245 2851 Τί
3288 2798 3385 2861 τὰς
3422 2799 3610 2867 χεῖρας
3636 2796 3733 2867 δη-

2161 2914 2381 2959 σαντες,
2440 2895 2537 2957 τάς
2594 2893 2843 2962 γλώσσας
2894 2892 3239 2962 ώπλίσαμεν;
3298 2891 3373 2944 Οὐ
3416 2888 3738 2959 φιλοξενίαν

2161 2986 2526 3057 ὲπαινοῦμενς
2582 2986 2655 3039 Οὐ
2712 2982 3095 3052 ῳιλαδελφίαν,
3154 2981 3215 3033 οὐ
3271 2979 3619 3049 φιλανδρίαν,
3671 2977 3735 3030 οὐ

2164 3078 2478 3151 παρθενίαν,
2508 3078 2568 3129 οὐ
2606 3073 3016 3147 πτωχοτροφίαν
3044 3070 3429 3141 θαυμάζομεν;
3458 3069 3532 3122 Οὐ
3566 3068 3738 3137 ψαλμο

2161 3170 2351 3241 ῳδίαν,
2394 3169 2455 3221 οὐ
2519 3168 2786 3237 πάννυχον
2847 3166 3071 3229 στάσιν,
3125 3163 3186 3216 οὐ
3239 3162 3509 3232 δάκρυον;
3556 3161 3631 3213 Οὐ
3674 3159 3739 3213 τὸ

2167 3261 2326 3333 σῶμα
2366 3258 2643 3330 νηστείαις
2700 3256 3099 3325 ὑποπιέζομενς
3158 3254 3231 3307 Οὐ
3274 3252 3340 3305 δι’
3382 3253 3545 3323 εὐχῆς
3599 3250 3738 3322 πρὸς

490 3365 597 3405 non
627 3358 946 3405 nocturnam
961 3349 1391 3416 stationem,non
1406 3347 1678 3416 lacrymas
1697 3346 2059 3400 admiramur?

2166 3354 2297 3406 Θεὸν
2342 3350 2722 3421 ὲκδημοῦμενς
2759 3350 2831 3403 Οὐ
2880 3346 2957 3418 τῷ
2991 3346 3258 3417 κρείττονι
3284 3345 3345 3398 τὸ
3377 3347 3557 3415 χεῖρον
3600 3342 3739 3395 ὑπο-

491 3440 610 3497 Non
648 3454 845 3510 corpus
871 3439 1091 3509 jejuniis
1118 3436 1457 3508 premimus?
1482 3436 1598 3491 Non
1629 3450 1724 3505 per
1759 3436 2059 3491 orationem

2166 3444 2485 3513 ζεύγνυμεν,
2516 3441 2608 3496 τὸν
2640 3441 2766 3511 χοῦν
2791 3439 2936 3508 λέγω
2963 3438 3041 3508 τῷ
3069 3436 3369 3507 πνεύματι,⁸
3387 3435 3463 3497 ώς
3488 3433 3555 3487 ἂν
3582 3433 3630 3485 οί
3658 3431 3740 3500 τῷ

490 3532 556 3586 ad
586 3532 753 3587 Deum
788 3528 1222 3600 peregrinantur?
1249 3526 1393 3594 Non,
1416 3533 1475 3580 ut
1498 3540 1591 3581 eos
1622 3525 1804 3579 facere
1839 3540 1936 3593 par
1954 3532 2057 3588 est,

2162 3536 2403 3607 κράματι
2431 3532 2540 3603 (49)
2572 3532 2793 3595 δικαίως
2814 3529 3152 3594 δικάζοντες;
3186 3528 3260 3580 Οὐ
3301 3525 3531 3597 μελέτην
3571 3521 3738 3578 θανά-

494 3624 585 3695 qui
623 3623 802 3693 iustos
842 3635 901 3676 se
947 3624 1182 3673 humano
1223 3626 1654 3689 temperamento
1680 3616 1893 3687 judices
1928 3632 2059 3685 prae-

2162 3643 2254 3678 του
2299 3624 2387 3677 τὸν
2437 3624 2548 3694 βίον
2603 3621 2939 3693 ποιούμεθας
2994 3622 3068 3674 Οὐ
3113 3619 3221 3672 τῶν
3260 3616 3445 3671 παθῶν
3481 3615 3739 3669 δεσπόται

494 3717 646 3779 bent,
697 3712 1025 3768 deteriorem
1074 3719 1290 3781 partem
1348 3710 1711 3776 praistantiori
1740 3750 1755 3775 ,
1810 3709 1921 3763 hoc
1961 3714 2065 3771 est,

495 3807 771 3876 pulverem
849 3802 1086 3873 spiritui,
1147 3801 1502 3871 subjicimns?
1570 3800 1687 3855 Non
1747 3808 2068 3870 praesentem

501 3901 641 3954 hanc
698 3896 863 3950 vitam
920 3893 1111 3947 mortis
1157 3892 1563 3947 meditationem
1609 3891 1883 3946 facimus?
1924 3889 2063 3955 Non,

502 3985 806 4055 nobilitatis
850 3984 1108 4038 divinitus
1160 3977 1343 4036 indita:
1378 3996 1665 4047 memores,
1698 3982 1983 4051 imperium
2015 3984 2065 4036 in

504 4077 669 4133 animi
719 4076 1154 4147 perturbationes
1192 4072 1525 4141 arripimus?
1569 4071 1683 4127 Non
1734 4087 1869 4126 iram
1922 4072 2070 4127 intu-

502 4178 833 4226 mescentem
867 4181 931 4222 ac
964 4167 1274 4222 saevientem
1303 4165 1634 4230 cicuramus,
1667 4180 1773 4219 non
1808 4164 2071 4233 dejicien-

502 4274 612 4318 tem
647 4260 982 4328 superbiam,
1008 4274 1113 4312 non
1140 4270 1430 4312 maerorem
1458 4257 1945 4321 inconsideratum,
1968 4272 2072 4310 non

502 4355 755 4410 stolidam
784 4352 1140 4422 voluptatem,
1168 4365 1275 4404 non
1308 4363 1589 4419 procacem
1615 4359 1669 4403 et
1696 4348 2065 4403 meretricium

500 4447 692 4509 risum,
746 4458 852 4498 non
901 4443 1230 4512 praecipitem
1280 4448 1577 4507 aspectum,
1626 4454 1731 4493 non
1773 4438 2067 4508 inexplebi-

501 4538 603 4594 lem
634 4537 906 4601 audiendi,
947 4549 1050 4589 non
1086 4533 1432 4587 immodicam
1475 4530 1724 4599 loquendi
1766 4529 2069 4593 libidinem,

501 4645 609 4684 non
657 4628 921 4682 absurdus
966 4626 1343 4696 cogitationes,
1377 4639 1484 4678 non
1516 4624 1749 4691 denique
1771 4622 2065 4691 quidquam

502 4736 688 4776 eorum
711 4733 830 4790 qua:
853 4733 883 4772 a
911 4717 1065 4773 nobis
1097 4727 1287 4773 contra
1321 4732 1417 4771 nos
1446 4729 1737 4786 perversus
1773 4714 1861 4770 ille
1896 4714 2070 4770 hostis

576 4879 618 4910 "
644 4877 777 4932 Luc.
809 4891 925 4938 vni,
954 4873 1024 4929 50
1051 4888 1201 4943 seqq.

2165 3716 2562 3787 καθιστάμεθα,
2591 3715 2924 3787 μεμνημένοι
2945 3713 3044 3783 τῆς
3069 3712 3271 3767 ἄνωθεν
3295 3711 3405 3781 (50)
3428 3709 3744 3777 εὐγενείας;

2167 3812 2240 3863 Οὐ
2271 3809 2440 3880 θυμὸν
2467 3806 2859 3879 τιθασσεύομεν
2892 3805 3196 3870 ἐξοιδοῦντα
3234 3803 3327 3857 καὶ
3356 3800 3744 3872 άγριαίνοντα;

2169 3901 2282 3953 Οὐκ
2328 3898 2560 3969 ἔπαρσιν
2601 3897 3042 3952 καταϐάλλουσαν
3087 3896 3220 3967 (51),
3280 3894 3341 3948 οὐ
3392 3892 3571 3963 λύπην
3615 3890 3743 3944 ἀλό-

2168 4008 2372 4061 γιστον,
2403 3992 2499 4062 οὐχ
2540 3990 2730 4063 ἡδονὴν
2758 3990 3103 4053 ἀπαίδευτον,
3133 3988 3195 4041 οὐ
3221 3986 3433 4054 γέλωτα
3465 3982 3743 4053 πορνικὸν,

2168 4083 2270 4136 οὐκ
2321 4082 2443 4150 ὄψιν
2487 4082 2740 4142 ἄτακτον,
2791 4079 2892 4132 οὐκ
2944 4077 3111 4147 ἀκοὴν
3154 4075 3449 4145 ἄπληστον,
3494 4072 3554 4125 οὐ
3588 4070 3746 4137 λόγον

2170 4172 2427 4243 ἄμετρον,
2459 4172 2520 4225 οὐ
2554 4171 2790 4224 διάνοιαν
2824 4170 3070 4232 ἔκτοπον,
3100 4168 3198 4238 οὐχ
3229 4167 3328 4219 ὅσα
3365 4166 3495 4235 παρ’
3530 4162 3684 4234 ἡμῶν
3716 4163 3749 4214 ὁ

2173 4263 2414 4335 Πονηρὸς
2443 4262 2564 4315 καθ’
2594 4262 2750 4333 ἡμῶν
2781 4260 3065 4331 λαμϐάνει,
3098 4258 3187 4312 τὸν
3226 4255 3314 4310 διὰ
3350 4255 3459 4308 τῶν
3492 4253 3743 4324 θυρίδων,

2172 4354 2247 4417 ὡς
2295 4357 2325 4424 ἡ
2372 4354 2559 4424 Γραφή
2598 4371 2782 4423 φησιν,
2835 4353 3009 4405 εἴτουν
3064 4346 3451 4419 αἰσθητηρίων,
3509 4343 3750 4412 εἰσάγων

2176 4445 2431 4507 θάνατον;
2486 4445 2600 4496 Πᾶν
2652 4443 2749 4513 μὲν
2782 4438 2872 4496 οὖν
2902 4441 3242 4502 τούναντίον,
3284 4438 3377 4491 καὶ
3413 4438 3523 4497 τοῖς
3571 4434 3749 4487 ἄλλων

2177 4534 2401 4588 πάθεσιν
2456 4534 2765 4606 ἐλευθερίαν
2811 4533 3141 4603 δεδώκαμεν,
3194 4530 3381 4600 ὥσπερ
3413 4528 3461 4580 οἱ
3511 4524 3751 4595 βασιλεῖς

2179 4625 2274 4690 τὰς
2320 4627 2617 4688 ἐπινικίους
2670 4626 2889 4694 ἀφέσεις
2925 4625 3055 4693 (59.),
3095 4623 3253 4693 μόνον
3302 4619 3367 4673 ἂν
3427 4619 3559 4689 πρὸς
3602 4617 3751 4687 ἡμᾶς

2182 4716 2409 4768 νεύσωσι
2440 4715 2573 4784 (55),
2607 4715 2696 4766 καὶ
2722 4713 2861 4767 κατά
2885 4712 3021 4766 Θεοῦ
3046 4711 3314 4782 φέρωνται
3347 4709 3457 4780 (54)
3487 4705 3751 4777 θρασύτε-

573 5035 686 5104 (46)
719 5038 786 5089 Ei
813 5034 921 5104 γὰρ
950 5032 1140 5094 αὐτοί,
1174 5040 1280 5104 etc.
1317 5029 1667 5104 Eunomiani,
1700 5028 1878 5083 audito
1912 5043 2059 5104 c__ge-

2180 5096 2192 5104 .
2218 5024 2356 5104 .(50)
2399 5022 2511 5092 Τῆς
2539 5021 2786 5076 ἄνωθεν.
2825 5036 2843 5071 ι
2883 5017 3188 5075 Nobilitatis
3214 5030 3373 5087 quam
3405 5026 3435 5067 e
3478 5010 3614 5067 caelo
3641 5020 3753 5065 tra-

502 5099 850 5163 nerationis}
882 5099 1013 5157 'Filii
1052 5101 1330 5161 vocabulo,
1376 5117 1495 5154 eam
1533 5101 1690 5153 modo
1742 5099 1969 5151 naturali
2017 5107 2071 5152 et

502 5191 762 5247 corporeo
794 5174 986 5228 factum
1018 5187 1138 5228 esse
1166 5172 1491 5247 objicieliant
1513 5210 1526 5234 ,
1559 5184 1621 5247 ac
1652 5168 1873 5247 proinde
1916 5168 2071 5247 Chri:

504 5238 643 5303 stui'n
668 5256 910 5301 creatum
956 5258 1077 5297 esse
1118 5242 1530 5295 contendebant.
1582 5238 1733 5303 Quod
1769 5238 2070 5306 disputandi

502 5333 669 5383 genus
703 5316 990 5385 plurimum
1020 5312 1228 5365 favebat
1263 5310 1537 5385 gentilium
1570 5309 1840 5385 eri-nribus
1867 5348 1882 5373 ,
1918 5308 2075 5385 ipsis-

503 5376 607 5454 que
654 5376 965 5439 scandalum
1012 5391 1160 5447 erat,
1198 5376 1487 5449 quominus
1543 5376 1859 5432 catholicam
1916 5377 2071 5431 fidem

502 5457 957 5517 amplexarentur.

573 5515 683 5595 (Ϊιιῖ)
722 5528 789 5577 Ὃ
823 5522 1103 5595 δεύτερόν
1156 5522 1306 5574 ἐστι.
1371 5520 1533 5574 Coisl.
1663 5519 1874 5595 _addit,
1921 5515 2080 5568 τοῦτο

502 5590 835 5665 ποιήσωμεν,
874 5612 892 5644 ι
928 5593 1068 5665 quod
1105 5595 1396 5665 secundum
1431 5601 1543 5665 est,
1576 5590 1626 5643 id
1658 5590 1969 5644 faciamus.»

1008 5644 1173 5729 licgg.
1209 5676 1259 5731 τι,
1304 5660 1412 5721 lim,
1441 5644 1723 5731 πρότερον.

575 5678 686 5731 (48)
711 5678 970 5728 ΙΙρωτον.
1010 5678 1173 5729 ἤριζε.
1209 5678 1259 5717 a.
1304 5678 1412 5721 uni,
1441 5678 1603 5731 προτε
1674 5678 1723 5715 ν.

572 5736 686 5805 (49)
730 5736 824 5801 Ὠς
851 5731 927 5805 ἃιτ
958 5735 1011 5784 οι
1040 5732 1120 5795 τῷ
1148 5729 1415 5805 κράματι,
1460 5741 1564 5784 etc.
1606 5678 1768 5785 £23m.
1797 5747 1809 5783 :
1847 5746 1865 5805 ξ
1909 5725 2079 5805 Sicuti

507 5797 701 5877 debent
791 5797 879 5869 qui
910 5803 1102 5877 iustam
1119 5801 1199 5877 ⁸(ιε
1251 5797 1695 5868 temperamento,
1724 5801 1867 5871 ιιυοιι
1907 5808 1991 5855 est
2026 5797 2077 5850 in

507 5870 740 5938 (huius,
766 5873 1083 5929 sententiam
1116 5869 1314 5925 lerunt.
1343 5888 1361 5920 ι

2180 5096 2375 5150 himns.
2401 5113 2418 5145 ι

2250 5165 2362 5235 (51)
2397 5160 2929 5235 Καταϐάιιλουσαγ.
2967 5157 3246 5235 Lcuvenk.
3282 5154 3428 5235 legit,
3480 5150 3755 5235 καταϐάλ-

2180 5222 2367 5307 λομεν.
2399 5233 2602 5307 ᾼΙΙιιόῃ.
2638 5234 2819 5307 forsan
2853 5226 3248 5307 Greg_orius__ad
3282 5222 3584 5307 lizéeverlia
3608 5222 3747 5290 psal.

2182 5297 2352 5368 Lx'xu,
2387 5306 2474 5365 18,
2510 5322 2527 5354 ι
2566 5301 2818 5369 Dejecisti
2855 5297 3095 5373 eosrdum
3126 5297 3551 5373 allevat-cntum!
3586 5361 3622 5373 η

2258 5362 2369 5447 (δέ)
2422 5362 2701 5447 ’Ᾰφέοξεξᾳ
2726 5372 3114 5447 «__Vacati_ones.
3143 5386 3160 5413 ι
3189 5367 3242 5447 ld
3261 5376 3363 5447 est,
3391 5362 3559 5447 inquit
3583 5362 3753 5447 ιεέιιιιςἐ

2193 5466 2212 5495 ι
2245 5431 2543 5516 quietem'a
2581 5431 2851 5496 laboribus
2900 5440 3126 5503 militias,
3175 5446 3227 5492 et
3272 5435 3644 5489 liberationem
3685 5431 3758 5485 ab

2187 5514 2331 5573 omni
2369 5514 2643 5568 servitute.
2678 5529 2696 5561 ι

2260 5568 2372 5657 (55)
2400 5585 2707 5657 λΝεύσωσι.
2740 5579 2829 5634 Sic
2876 5580 3006 5651 Reg.
3054 5578 3167 5643 bm,
3199 5574 3346 5639 Bas.,
3384 5581 3438 5628 et
3475 5570 3662 5626 Comb.
3698 5568 3757 5623 In

2190 5657 2721 5795 θάίὲἷῖυᾶἒῖηζγται.
2762 5722 2853 5779 Sic
2882 5720 3042 5777 Coisl.
3087 5718 3139 5785 1,
3178 5716 3300 5772 Bas.
3330 5714 3388 5770 In
3414 5711 3522 5777 cd.,
3561 5709 3760 5781 φέρον-

2186 5813 2293 5851 ται.
