4038 6338
289 399 361 455 91
1331 398 1587 453 ORATIO
1626 400 1839 455 XXVII.
1876 432 1947 441 —
1987 400 2429 458 THEOLOGICA
2465 402 2507 457 1.
3465 398 3540 451 93

300 512 415 566 ρον,
449 494 482 565 ἢ
530 492 888 564 ἁσεϐεστερον
930 492 1072 561 (53)·
1110 492 1203 544 καὶ
1246 492 1415 545 κακὸν
1445 493 1504 545 ού
1546 492 1711 546 καλοῦ
1744 495 1856 563 πρά

1990 497 2201 566 accipit;
2233 511 2328 565 per
2359 496 2641 559 fenestras,
2679 503 2737 550 ιιι
2767 495 3041 566 Scriptura
3074 493 3311 565 loquitur
3336 492 3398 556 η,
3429 493 3533 545 hoc

293 603 509 656 γματος
544 583 730 655 μισθὸν
764 584 1116 655 ἀντιδίδομεν,
1151 583 1247 654 τῆς
1270 584 1520 648 ἀσεϐείας
1542 583 1638 655 τὴν
1664 589 1862 659 mpm.

1985 599 2085 649 est,
2140 603 2238 657 per
2276 603 2529 643 sensuum
2582 602 2813 657 organa,
2872 599 3098 642 mortem
3152 582 3539 641 introducens?

300 679 444 732 σίαν.
1318 680 1321 681 ⁷

1986 677 2098 734 lmo
2150 688 2335 733 contra
2386 679 2603 732 omnino
2654 678 2905 743 facimus,
2939 688 3099 747 atque
3127 676 3288 750 493
3316 674 3538 728 aliorum

298 768 447 820 vitiis
500 766 804 821 libertatem
847 765 1037 820 damus
1065 765 1193 834 (non
1226 780 1384 821 secus
1414 780 1478 821 ac
1508 774 1657 836 parta
1696 767 1921 822 victoria
1964 784 2117 839 reges
2143 768 2401 824 militibus
2466 769 2578 825 suis
2642 769 2950 823 vacationes
3017 767 3373 837 concedunt),
3440 765 3539 821 hac

305 856 580 908 duntaxat
612 854 730 924 lege
793 864 850 908 et
915 856 1245 919 conditione,
1305 865 1362 909 ut
1406 856 1458 909 in
1512 867 1725 911 nostras
1770 865 1953 925 partes
1991 860 2392 927 propendeant,
2448 868 2611 928 atque
2657 860 2915 912 adversus
2967 858 3129 912 Deum
3183 856 3375 926 majori
3418 870 3539 911 cum

297 947 526 1000 audacia
562 958 618 1002 et
658 948 932 1017 impietate
978 955 1165 1014 ruant;
1219 965 1282 1003 ac
1329 950 1521 1003 malam
1565 966 1668 1004 non
1705 951 1858 1005 bonae
1899 951 1976 1005 rei
2040 952 2342 1008 mercedem
2416 952 2547 1023 ipsis
2606 950 2910 1021 pendimus,
2943 964 3040 1018 pro
3078 949 3350 1018 impietate
3382 947 3541 1001 nimi~

294 1057 415 1096 rum
454 1042 712 1111 peccandi
750 1042 1026 1095 licentiam
1056 1043 1185 1111 ipsis
1214 1044 1605 1110 persolventes.

365 1133 451 1185 H'.
484 1131 768 1199 Καίτοιγε,
801 1125 847 1185 ὦ
878 1132 1181 1186 διαλεκτικὲ
1209 1134 1300 1187 καὶ
1331 1133 1477 1199 λάλε,
1516 1136 1775 1206 ἐρωτήσω
1809 1135 1867 1187 σέ

292 1237 347 1272 τι
382 1220 583 1292 μικρόν
600 1237 615 1252 ο
648 1221 713 1273 σὺ
737 1220 794 1273 δὲ
826 1222 1139 1293 ἀπόκριναι,
1168 1224 1301 1294 φησὶ
1328 1223 1405 1294 τῷ
1449 1223 1568 1276 Ἰὼϐ
1593 1226 1625 1277 ὁ
1648 1224 1737 1278 διὰ
1761 1224 1870 1278 λαί-

290 1308 463 1370 λαπος
507 1308 600 1361 καὶ
632 1308 808 1377 νεφῶν
854 1311 1226 1381 χρηματίζων.
1274 1312 1505 1383 Πότερον
1541 1312 1733 1367 πολλαὶ
1770 1331 1867 1383 μο-

291 1398 383 1451 ναὶ
412 1397 526 1466 (56)
560 1400 711 1470 παρά
740 1398 817 1469 τῷ
854 1398 1003 1470 Θεῷ,
1037 1400 1176 1472 ὅπερ
1210 1400 1446 1465 ἀκούεις,
1478 1403 1509 1472 ἤ
1556 1403 1693 1472 μία;
1742 1404 1871 1457 Πολ-

290 1487 404 1552 λαὶ,
429 1488 621 1553 δώσεις
645 1490 879 1562 δηλαδὴ,
906 1492 1000 1544 καὶ
1037 1491 1097 1544 ού
1132 1491 1247 1562 μία,
1282 1492 1514 1563 Πότερον
1554 1494 1610 1546 δὲ
1656 1493 1871 1565 πληρω-

292 1576 454 1647 θῆναι
486 1577 567 1629 δεῖ
590 1578 787 1642 πάσας,
823 1579 856 1649 ἢ
886 1578 986 1643 τὰς
1026 1580 1145 1650 μὲν,
1179 1581 1275 1645 τὰς
1300 1581 1357 1634 δὲ
1383 1580 1467 1648 οὒ,
1498 1582 1573 1646 ὡς
1615 1578 1753 1635 εἶναι
1781 1600 1870 1636 κε-

2047 1129 2179 1185 Vlll.
2220 1126 2382 1197 Atqui
2412 1165 2427 1190 ,
2470 1140 2502 1180 ο
2531 1125 2811 1181 dialectice
2855 1132 2909 1179 et
2938 1122 3129 1191 loquax
3155 1162 3169 1186 ,
3206 1117 3445 1174 nonnihil
3486 1123 3538 1170 te

1975 1219 2315 1287 interrogabo
2345 1235 2358 1271 :
2395 1224 2448 1270 tu
2486 1230 2616 1271 vero
2661 1213 2960 1284 responde,
2999 1222 3055 1265 ut
3108 1209 3383 1278 inquiebat
3413 1208 3498 1261 ille
3521 1247 3535 1271 ,

1974 1310 2063 1379 qui
2093 1309 2157 1362 ad
2187 1306 2286 1362 Job
2310 1319 2405 1375 per
2436 1303 2704 1357 turbinem
2735 1316 2798 1356 ac
2822 1300 2991 1354 nubes
3011 1297 3228 1353 oracula
3253 1297 3444 1351 edebat
3474 1294 3537 1347 ι’.

1975 1398 2220 1453 Multmne
2250 1395 2389 1464 apud
2433 1393 2597 1448 Deum
2635 1391 2941 1445 mansiones
2989 1396 3113 1442 sunt
3137 1425 3152 1450 ,
3186 1382 3539 1455 quemadmo-

1975 1492 2100 1547 dum
2151 1488 2429 1557 Scriptura
2480 1483 2731 1550 docet“,
2779 1496 2847 1536 an
2888 1495 2994 1534 una
3043 1475 3289 1534 tantum?
3339 1472 3539 1539 Multa,

1977 1581 2189 1650 inquies
2212 1619 2226 1646 ,
2258 1594 2362 1635 non
2395 1591 2523 1631 una.
2565 1574 2746 1630 Recte.
2781 1574 2893 1643 Age
2939 1584 3106 1632 vero,
3142 1582 3306 1622 easne
3351 1578 3541 1619 omnes

289 1666 411 1728 νὰς,
440 1667 537 1720 καὶ
564 1667 738 1738 μάτην
760 1669 1198 1740 ἠτοιμασμένας;
1225 1672 1334 1724 Ναὶ
1359 1672 1565 1736 πάσας-
1592 1673 1739 1726 οὐδὲν
1763 1673 1862 1743 γὰρ

1972 1671 2209 1741 impleri,
2250 1683 2319 1725 an
2366 1666 2625 1737 quasdam
2674 1664 2927 1733 quidem,
2957 1669 3181 1717 steteras
3216 1666 3393 1712 autem
3438 1655 3539 1709 mi-

290 1756 421 1826 εἰκῆ
452 1758 562 1810 τῶν
594 1758 743 1829 παρὰ
767 1759 903 1813 Θεοῦ
920 1761 1246 1831 γενομένων.
1273 1761 1486 1834 Ταύτην
1510 1764 1586 1828 δὲ,
1619 1763 1713 1816 ὃτί
1742 1780 1870 1817 ποτε

291 1845 484 1916 θήσεις
516 1847 615 1918 τὴν
642 1847 829 1918 μονὴν,
857 1849 998 1919 ἔχοις
1032 1849 1099 1903 ἂν
1131 1852 1305 1904 εἰπεῖν
1326 1867 1339 1915 ;
1363 1847 1508 1924 ’Ἄρα
1536 1852 1633 1923 τὴν
1665 1854 1872 1906 ἐκεῖθεν

293 1935 607 1989 ἀνάπαυσίν
639 1954 696 1989 τε
726 1940 818 1991 καὶ
850 1938 1005 2002 δόξαν
1032 1940 1131 2010 τὴν
1163 1941 1532 2011 ἀποκειμένην
1558 1944 1669 2006 τοῖς
1705 1960 1874 2013 μακα-

293 2022 433 2093 ρίοις
468 2024 603 2093 (57),
630 2025 661 2095 ἢ
690 2026 817 2079 ἄλλο
848 2045 935 2094 τι;
970 2029 1082 2083 Οὐκ
1118 2028 1246 2083 ἄλλο
1269 2047 1340 2094 τι,
1371 2029 1403 2100 ἢ
1436 2030 1611 2085 τοῦτο.
1656 2032 1870 2105 Ἐπειδὴ

284 2112 439 2166 τοῦθ’
473 2114 583 2182 (58)
618 2115 1068 2189 ὡμολογήσαμεν,
1099 2121 1319 2173 κάκεῖνο
1354 2121 1867 2194 προσεξετάσωμεν·

292 2203 455 2254 Ἔστι
489 2221 542 2256 τι
566 2204 626 2255 τὸ
664 2205 866 2268 ταύτας
895 2208 1187 2278 προξενοῦν
1228 2210 1326 2273 τὰς
1364 2210 1550 2280 μονὰς,
1583 2212 1657 2275 ὡς
1688 2215 1715 2265 ὁ
1741 2212 1871 2283 ἐμὸς

284 2290 468 2358 λόγος,
502 2292 741 2361 ἢούδένζ
787 2296 939 2349 Ἔστι
978 2297 1213 2359 πάντως.
1247 2297 1311 2349 Τί
1342 2298 1538 2366 τοῦτος
1578 2300 1650 2352 Τὸ
1682 2300 1869 2369 διαφό-

286 2397 421 2449 ρους
449 2377 587 2435 εἶναι
625 2383 897 2448 πολιτείας
923 2387 1017 2439 καὶ
1056 2386 1424 2458 προαιρέσεις,
1451 2390 1545 2443 καὶ
1580 2390 1744 2460 ἄλλην
1773 2391 1868 2444 ἀλ-

285 2469 455 2539 λαχοῦ
480 2471 666 2542 φέρειν
698 2473 839 2527 κατὰ
862 2475 960 2546 τὴν
997 2476 1288 2544 ἀναλογίαν
1313 2477 1415 2547 τῆς
1450 2478 1705 2545 πίστεως,
1731 2480 1869 2551 ὅπερ

286 2562 382 2612 καὶ
416 2561 597 2627 ὀδοὺς
633 2562 989 2634 ὀνομάζομεν.
1019 2566 1205 2629 Πάσας
1238 2565 1331 2621 οὖν
1356 2568 1620 2633 ὁδευτέον,
1652 2570 1686 2640 ἦ
1715 2588 1869 2633 τινας

283 2652 396 2704 τῶν
436 2653 571 2705 ὁδῶν
603 2653 841 2720 τούτων;
893 2657 956 2708 El
1011 2657 1109 2726 μὲν
1153 2652 1263 2711 οἷόν
1304 2676 1362 2711 τε
1408 2660 1500 2712 τὸν
1552 2662 1731 2722 αὐτὸν,
1766 2662 1866 2716 πά-

286 2761 389 2808 σας
416 2746 559 2813 (59)’
592 2749 641 2798 εἱ
669 2747 727 2799 δὲ
761 2747 857 2817 μὴ,
890 2750 970 2802 ὅτι
1002 2749 1291 2813 πλείστας”
1326 2753 1372 2803 εἰ
1401 2752 1457 2805 δὲ
1491 2753 1589 2823 μὴ,
1619 2753 1789 2817 τινάς·
1818 2755 1867 2807 εί

283 2835 341 2888 δὲ
391 2837 526 2907 μηδὲ
555 2837 732 2903 τοῦτο,
772 2841 913 2909 μέγα
951 2841 1054 2893 κᾶν
1100 2843 1149 2893 εἰ
1199 2841 1324 2911 μίαν
1366 2841 1747 2912 διαφερόντως,
1790 2845 1865 2909 ὥς

283 2930 347 2997 γέ
404 2947 495 2999 μοι
549 2930 818 2998 φαίνεται.
885 2934 1088 3003 Ὀρθῶς
1140 2934 1297 2986 τοῦτο
1335 2935 1753 3006 ὑπολαμϐάνεις.
1801 2939 1864 2991 Τί

1974 1763 2136 1826 nime,
2166 1771 2225 1816 ut
2258 1761 2445 1815 inanes
2484 1765 2538 1812 et
2574 1756 2769 1810 frustra
2800 1752 3056 1823 paratas?
3099 1750 3294 1819 Utique
3323 1761 3533 1802 omnes.

1972 1852 2156 1921 Neque
2186 1853 2329 1906 enim
2368 1865 2397 1904 a
2431 1848 2540 1903 Deo
2583 1846 2877 1915 quidquam
2913 1852 3117 1898 temere
3159 1849 3317 1908 atque
3359 1839 3538 1892 incas-

1971 1960 2090 2001 sum
2117 1945 2318 1998 factum
2345 1950 2447 1996 est.
2472 1941 2553 1995 An
2579 1953 2742 2009 porro
2770 1939 2874 1991 hoc
2897 1948 3111 2004 quoque
3140 1931 3319 1986 dicere
3346 1943 3537 1997 queas,

1971 2038 2098 2106 quid
2129 2036 2341 2090 tandem
2380 2034 2451 2088 sit
2482 2033 2598 2087 haec
2631 2028 2876 2084 mansio?
2909 2025 3043 2079 Num
3086 2023 3299 2093 requies
3329 2032 3384 2077 et
3421 2019 3540 2090 glo-

1971 2129 2071 2191 ria,
2103 2141 2221 2197 quae
2241 2125 2413 2180 beatis
2435 2124 2487 2177 in
2508 2121 2645 2176 caelo
2676 2117 2949 2174 recondita
2972 2123 3077 2179 est,
3108 2129 3176 2167 an
3200 2111 3329 2181 quid
3355 2108 3537 2165 aliud?

1969 2217 2111 2273 Nihil
2164 2216 2341 2281 aliud,
2390 2228 2552 2283 quam
2605 2211 2747 2274 hoc,
2802 2208 3031 2275 inquies.
3086 2204 3159 2258 De
3216 2205 3317 2257 hoc
3374 2201 3536 2270 igitur

1969 2309 2182 2379 quando
2214 2306 2355 2361 inter
2394 2318 2493 2359 nos
2543 2308 2779 2363 constat,
2823 2297 2954 2351 illud
3002 2296 3217 2364 insuper
3261 2292 3534 2361 expenda-

1969 2414 2088 2455 mus
2113 2417 2126 2452 :
2164 2398 2325 2453 Estne
2356 2394 2582 2466 aliquid,
2602 2392 2742 2461 quod
2773 2389 2927 2443 nobis
2956 2385 3261 2441 mansiones
3287 2383 3384 2436 has
3408 2397 3537 2435 con-

1968 2490 2113 2547 eiliet
2135 2530 2149 2556 ,
2178 2497 2236 2544 ut
2283 2501 2398 2542 mea
2430 2494 2511 2541 est
2543 2481 2808 2539 sententia
2830 2522 2845 2547 ,
2880 2494 2947 2533 an
2979 2476 3198 2533 omnino
3244 2473 3415 2529 nihil?
3443 2472 3536 2528 Est

1968 2595 2096 2637 sane
2118 2623 2137 2649 ,
2172 2580 2368 2648 inquis.
2414 2575 2677 2643 Quidnam
2713 2572 2852 2628 hoc?
2905 2568 3019 2625 Hoc
3063 2567 3318 2623 nimirum
3348 2605 3363 2630 ,
3392 2564 3536 2635 quod

1968 2671 2177 2726 diversa
2213 2669 2321 2722 sint
2355 2663 2567 2719 vivendi
2616 2675 2809 2732 genera
2856 2669 2909 2715 et
2934 2658 3177 2713 instituta
3208 2695 3224 2720 ,
3257 2654 3327 2709 ita
3354 2663 3532 2707 tamen

1969 2771 2023 2815 ut
2064 2759 2242 2813 omnia
2277 2757 2385 2813 sint
2423 2754 2545 2809 ﬁdei
2580 2760 2937 2807 consentanea
2961 2788 2975 2814 ,
3006 2748 3254 2818 quodque
3288 2760 3384 2800 nos
3421 2743 3530 2796 vias

1967 2850 2313 2920 appellamus.
2363 2846 2502 2913 Quid
2543 2842 2706 2912 ergo?
2756 2840 2921 2895 Hisne
2972 2838 3225 2894 omnibus
3280 2833 3532 2888 incedere

1968 2954 2188 2996 necesse
2212 2947 2316 3002 est,
2343 2952 2410 2990 an
2442 2934 2759 3004 quihusdam
2793 2930 2964 2984 solum
2988 2929 3010 2981 ?
3036 2926 3320 2989 Omnibus,
3345 2925 3388 2979 si
3419 2925 3532 2993 qui-

280 3014 413 3079 οὖνς
462 3019 630 3073 Ὅταν
676 3020 913 3091 ἀκούσῃς
967 3023 1097 3091 μίαν
1143 3022 1261 3075 ὁδὸν
1310 3020 1467 3085 εἶναι,
1522 3027 1616 3078 καὶ⁵
1662 3027 1862 3099 ταύτην

1971 3030 2087 3085 dem
2129 3044 2265 3083 unus
2297 3037 2463 3096 atque
2485 3024 2625 3079 idem
2657 3022 2758 3077 hoc
2788 3020 2992 3089 possit;
3018 3017 3101 3073 sin
3146 3017 3344 3078 minus,
3381 3028 3533 3069 com-

284 3108 518 3179 στενὴν,
546 3111 599 3161 τί
634 3128 715 3163 σοι
752 3113 997 3180 φαίνεται
1030 3113 1224 3184 δηλοῦν
1248 3116 1276 3167 ὁ
1314 3114 1506 3183 λόγος;
1558 3118 1701 3171 Μίαν
1747 3120 1863 3190 μὲν,

280 3194 374 3246 διὰ
415 3194 514 3264 τὴν
548 3197 783 3268 ἀρετήν·
833 3202 930 3269 μία
965 3202 1094 3271 γὰρ,
1129 3202 1235 3254 κᾶν
1265 3204 1344 3265 είς
1374 3203 1542 3256 πολλὰ
1574 3206 1823 3278 σχίζηται
1848 3224 1863 3239 ο

287 3286 485 3356 στενὴν
514 3288 586 3352 δὲ,
626 3288 712 3341 διὰ
738 3291 863 3353 τοὺς
888 3292 1137 3363 ἱδρῶτας,
1168 3295 1261 3347 καὶ
1290 3294 1349 3347 τὸ
1387 3297 1460 3365 μὴ
1490 3296 1700 3362 πολλοῖς
1727 3295 1864 3353 εἶναι

290 3375 483 3447 βατὴν,
510 3378 585 3441 ὡς
610 3380 743 3450 πρὸς
768 3381 827 3433 τὸ
854 3382 1055 3454 πλῆθος
1074 3384 1182 3437 τῶν
1211 3386 1490 3448 ἐναντίων,
1517 3388 1609 3440 καὶ
1632 3388 1744 3441 ὅσοι
1777 3390 1867 3444 διὰ

284 3466 388 3535 τῆς
417 3467 617 3531 κακίας
656 3469 949 3523 ὁδεύουσιν.
992 3471 1146 3526 Οὕτω
1173 3474 1343 3542 κάμοὶ
1369 3473 1531 3527 δοκεῖ.
1580 3476 1644 3529 Τί
1676 3473 1787 3541 οὖν,
1820 3473 1865 3531 ὦ

287 3559 555 3629 βέλτιστε,
586 3564 743 3635 εἴπερ
766 3566 925 3619 τοῦτο
949 3567 1121 3632 οὕτως
1144 3569 1277 3639 ἔχει,
1306 3570 1494 3641 ὥσπερ
1514 3572 1635 3624 τινὰ
1657 3571 1862 3639 πενίαν,

284 3654 670 3719 καταγνῶντες
698 3655 791 3709 τοῦ
826 3658 1096 3728 ἡμετέρου
1141 3660 1328 3728 λόγου,
1366 3661 1544 3725 πάσας
1573 3662 1671 3725 τὰς
1702 3662 1865 3726 ἄλλας

282 3744 437 3808 ὁδοὺς
459 3746 709 3814 ἀφέντες,
735 3750 871 3820 πρὸς
889 3750 1015 3820 μίαν
1038 3751 1241 3823 ταύτην
1271 3753 1501 3824 φέρεσθε
1522 3754 1617 3806 καὶ
1638 3753 1863 3807 ὡθεῖσθε

284 3835 382 3907 τὴν
409 3836 497 3890 διὰ
527 3839 685 3907 λόγου
724 3842 816 3893 καὶ
851 3841 1105 3915 θεωρίας,
1139 3843 1213 3906 ὡς
1243 3843 1397 3896 αὐτοὶ
1421 3843 1598 3897 οἴεσθε
1628 3844 1760 3914 (60),
1789 3844 1864 3909 ὡς

280 3925 338 3979 δὲ
365 3927 478 3996 ὲ.γώ
514 3946 677 3999 φημι,
715 3932 1029 4002 ἀδολεσχίας
1053 3933 1143 3987 κάι
1164 3935 1483 4005 τερατείας;
1531 3936 1864 4007 Ἐπιτιμάτω

282 4019 492 4084 Παῦλος
524 4023 675 4091 ὑμῖν,
710 4022 864 4077 τοῦτο
895 4025 1107 4095 πικρῶς
1149 4025 1421 4089 ὀνειδίζων
1459 4026 1597 4095 μετὰ
1636 4026 1732 4096 τὴν
1755 4027 1859 4079 ἀπ-

284 4111 589 4182 αρίθμησιν
624 4113 732 4167 τῶν
765 4116 1138 4185 χαρισμάτων,
1168 4117 1225 4167 ὲν
1247 4112 1324 4179 οἷς
1358 4133 1521 4186 φησιν
1543 4132 1555 4146 °
1589 4115 1685 4184 Μὴ
1714 4114 1864 4169 mir-

278 4218 381 4269 τες
436 4206 801 4271 ἀπόστολοι;
851 4206 947 4276 Μὴ
1001 4207 1223 4274 πάντες
1280 4207 1609 4278 προφῆται;
1654 4207 1750 4261 καὶ
1795 4205 1863 4261 τὰ

280 4292 431 4362 ἑξῆς·

1968 3122 2239 3190 pluribus;
2294 3127 2387 3173 aut
2436 3126 2585 3173 certe
2642 3113 2986 3184 quibusdam.
3039 3108 3190 3175 Quod
3241 3108 3282 3161 si
3326 3120 3391 3160 ne
3428 3105 3530 3159 hoc

1968 3213 2182 3282 quidem
2220 3209 2580 3273 concedatur,
2607 3206 2839 3276 amplum
2869 3214 3045 3257 tamen
3070 3242 3085 3266 ,
3112 3210 3169 3254 ut
3202 3199 3327 3253 mihi
3376 3197 3529 3252 vide-

1969 3312 2077 3365 tur,
2121 3301 2317 3364 fuerit,
2362 3298 2445 3353 vel
2498 3298 2655 3352 unica
2702 3298 2965 3350 duntaxat
3016 3291 3212 3347 eximie
3258 3290 3526 3343 incedere.

1967 3391 2135 3444 Recte
2169 3391 2271 3444 hoc
2295 3389 2596 3443 existimas.
2627 3385 2766 3453 Quid
2817 3383 3015 3453 igitur?
3042 3383 3173 3437 Cum
3204 3380 3363 3434 audis
3385 3378 3526 3430 viam

1969 3495 2128 3535 unam
2194 3494 2347 3545 esse,
2427 3491 2656 3546 eamque
2714 3481 3093 3545 perangustam
3148 3472 3229 3536 ἰ,
3280 3469 3417 3540 quid
3466 3468 3532 3523 iis

1966 3571 2145 3625 verbis
2190 3569 2481 3640 signiﬁcari
2518 3567 2713 3638 putas?
2758 3564 2930 3623 Unam
2975 3578 3105 3619 sane
3148 3574 3287 3623 esse,
3340 3559 3385 3615 si
3422 3558 3533 3614 vin-

1968 3671 2134 3716 tutem
2166 3671 2414 3729 spectes;
2459 3658 2573 3714 haec
2600 3659 2743 3714 enim
2772 3657 2928 3711 unica
2956 3665 3063 3721 est,
3095 3654 3217 3709 licet
3253 3652 3303 3707 in
3337 3649 3532 3705 multas

1967 3761 2147 3822 partes
2176 3761 2421 3816 secetur;
2463 3764 2648 3805 verum
2698 3758 2981 3817 angustam
3029 3756 3245 3817 propter
3281 3743 3527 3808 sudores,

1964 3855 2019 3900 et
2060 3844 2185 3914 quia
2230 3859 2335 3899 non
2386 3858 2417 3897 a
2466 3842 2647 3897 multis
2691 3840 2903 3907 teritur,
2941 3841 2985 3895 si
3025 3838 3238 3907 quidem
3286 3835 3529 3889 multitu-

1965 3935 2143 3990 dinem
2196 3950 2382 3990 eorum
2430 3934 2673 4006 cogites,
2724 3933 2816 4003 qui
2868 3929 3143 3987 contrario
3189 3929 3382 3983 itinere
3436 3938 3530 3996 per

1963 4025 2153 4079 vitium
2201 4025 2537 4095 gradiuntur.
2572 4024 2648 4079 lta
2682 4022 2813 4078 mihi
2864 4036 3078 4092 quoque
3126 4020 3357 4074 videtur.
3391 4015 3531 4084 Quid

1963 4131 2094 4187 ergo
2135 4131 2313 4171 causa:
2352 4126 2465 4183 est,
2522 4116 2607 4170 vir
2653 4114 2892 4186 optime,
2923 4128 3041 4167 cum
3088 4111 3165 4167 ita
3211 4124 3271 4165 se
3310 4123 3396 4163 res
3437 4109 3528 4162 ha-

1961 4208 2160 4277 beant,
2207 4210 2390 4279 quod,
2442 4218 2667 4265 caeteras
2731 4221 2922 4262 onmes
2969 4206 3084 4260 vias
3142 4201 3526 4273 repudiantes,

1966 4308 2216 4370 tanquam
2274 4302 2617 4371 pauperiem,
2690 4300 2910 4370 explosa
2958 4306 3141 4353 nostra
3203 4294 3395 4366 agendi
3441 4308 3528 4347 ra.

282 4383 457 4452 tione,
511 4386 743 4443 ferimini
794 4403 856 4443 ac
901 4389 1283 4457 protrudimini
1341 4402 1530 4443 omnes
1571 4386 1638 4443 ad
1699 4384 1839 4444 hanc
1899 4403 2085 4453 unam,
2128 4405 2249 4461 qua:
2292 4405 2388 4459 per
2420 4389 2811 4458 disputationes
2864 4402 2929 4443 ac
2998 4385 3422 4456 speculationes,
3470 4378 3527 4435 ιιι

282 4476 382 4546 ipsi
416 4479 637 4547 putatis,
674 4490 731 4533 ut
761 4479 924 4552 494
955 4488 1133 4533 autem
1180 4495 1301 4548 ego,
1350 4496 1519 4551 nugas
1550 4490 1605 4535 et
1652 4479 1973 4549 praestigias,
2010 4482 2247 4536 teritur?
2304 4480 2560 4551 Objurget
2616 4495 2713 4536 vos
2742 4477 2938 4533 Paulus
2963 4516 2978 4541 ,
3047 4485 3169 4544 post
3228 4474 3525 4543 gratiarum

278 4572 744 4626 enumerationem
781 4575 978 4629 acriter
1048 4574 1134 4628 his
1177 4574 1355 4629 verbis
1400 4575 1704 4630 invehens:
1746 4573 1892 4627 Num
1965 4591 2137 4631 omnes
2184 4576 2447 4645 apostoli?
2496 4574 2635 4630 Num
2680 4588 2855 4627 omnes
2901 4568 3163 4642 prophetae
3190 4568 3275 4623 “‘2
3316 4578 3371 4623 et
3408 4582 3529 4639 qua:

278 4673 599 4732 sequuntur.

349 4756 429 4810 θ’.
474 4756 654 4810 Ἔστω
681 4756 759 4820 δὲ,
795 4757 1021 4830 ὑψηλὸς,
1059 4761 1146 4824 σὺ,
1190 4762 1285 4815 καὶ
1322 4759 1540 4831 ὑψηλῶν
1574 4759 1736 4832 πέρα,
1771 4760 1862 4814 καὶ

2035 4758 2127 4815 1X.
2169 4758 2298 4813 Esto
2326 4764 2503 4811 autem
2542 4773 2555 4809 :
2603 4756 2678 4811 sis
2719 4754 2836 4824 ipse
2869 4753 3010 4809 altus
3044 4754 3112 4821 ζει
3155 4751 3431 4819 sublimis,
3471 4762 3527 4809 et

277 4847 422 4919 ὑπὲρ
459 4848 557 4910 τὰς
595 4847 821 4916 νεφέλας
853 4850 900 4900 εί
934 4848 1134 4918 βούλει,
1165 4851 1192 4902 ὁ
1229 4849 1335 4903 τῶν
1366 4850 1605 4903 ἀθεάτων
1640 4848 1855 4920 θεατὴς,

1966 4851 2285 4908 sublimibus
2325 4848 2627 4913 sublimior,
2658 4858 2821 4918 atque
2848 4846 2977 4917 ipsis
3000 4844 3162 4901 etiam
3196 4843 3448 4910 nubibus,
3477 4845 3530 4898 si

351 4983 396 5014 “
428 4980 541 5037 Jer.
579 4996 659 5046 ιι,
689 4982 780 5038 21.
855 4982 896 5014 ¹⁹
935 4979 1036 5037 Job
1077 4999 1304 5049 xxxvm,
1354 4985 1407 5039 5.
1485 4987 1529 5017 ²⁰
1566 4986 1721 5043 Joan.
1780 5003 1862 5045 xw

1971 5030 1983 5041 .
2062 4990 2103 5020 ²¹
2146 4987 2335 5042 Matth.
2375 5001 2482 5052 vn,
2527 4985 2612 5040 15.
2690 4986 2735 5016 ⁸³
2786 4983 2803 5038 Ι
2856 4982 2981 5038 Cor.
3022 4996 3129 5046 xu,
3175 4980 3267 5037 29.

348 5135 460 5210 (ξε)
497 5134 946 5210 ᾍΨεϐἐᾳτερσν.
982 5137 1136 5210 Deest
1159 5139 1208 5194 in
1230 5138 1356 5210 Reg.
1380 5155 1429 5206 a,
1451 5141 1654 5197 duobus
1673 5141 1847 5209 Colb.,

276 5215 329 5261 et
357 5206 452 5260 Or.
489 5206 541 5259 1.
574 5206 682 5258 Nec
713 5206 897 5262 Billitts
928 5208 1107 5261 vertit.

348 5276 461 5349 (56)
500 5276 729 5349 Πολλαί
746 5278 947 5349 μοναί.
977 5276 1276 5332 Mansiones
1312 5278 1508 5349 inultae.
1537 5298 1556 5332 ι
1585 5280 1696 5334 Non
1724 5296 1850 5349 pro-

275 5355 397 5414 pter
430 5346 668 5420 locorum
703 5348 1039 5420 discrimina,
1069 5366 1112 5420 ι
1138 5350 1312 5418 inquit
1342 5347 1504 5420 Elias,
1538 5368 1556 5400 ι
1592 5352 1682 5404 sed
1720 5346 1847 5420 pro-

275 5427 397 5483 pter
433 5414 717 5469 domorum
751 5418 1015 5471 ordinem.
1068 5414 1227 5471 Nam‘
1256 5430 1311 5472 ut
1360 5419 1402 5472 si
1434 5435 1593 5473 unam
1631 5414 1845 5474 domum

276 5492 624 5563 unartantum
662 5485 880 5563 lucerna
923 5486 1207 5563 splendore
1267 5502 1366 5541 suo
1390 5489 1683 5563 collustret,
1725 5490 1845 5558 qui-

276 5554 405 5634 libet
433 5554 864 5634 se_0rsim_luce!n
903 5558 1228 5634 peculiarem
1249 5558 1505 5634 percipit,
1536 5554 1840 5634 quanquam

275 5622 453 5677 lumen
488 5624 539 5676 in
575 5624 770 5677 multas
810 5622 957 5679 faces
990 5642 1092 5679 non
1114 5622 1419 5680 dividatur;
1441 5622 1531 5682 Sic
1554 5622 1619 5681 'in
1665 5622 1845 5683 futuro

276 5693 472 5747 saeculo
504 5694 739 5748 universi
773 5696 1016 5749 homines
1039 5697 1167 5765 justi
1206 5696 1529 5764 recipientur
1555 5700 1740 5752 eodem
1771 5700 1841 5750 lo-

276 5779 340 5816 co
364 5774 414 5818 et
448 5780 553 5819 non
594 5765 907 5832 separatim,
935 5766 1155 5837 singulis
1184 5782 1283 5837 pro
1322 5783 1418 5822 suo
1453 5769 1629 5835 uredo,
1669 5779 1715 5823 ct
1752 5784 1843 5823 co-

1957 5147 2075 5202 dem
2110 5144 2309 5200 lumine
2339 5142 2599 5214 spirituali
2626 5142 2960 5214 splendorem
2990 5140 3380 5214 haurientibus,
3428 5159 3519 5197 ra-

1957 5218 2207 5284 tioneque
2241 5214 2342 5269 sibi
2368 5210 2720 5269 conveniente
2746 5211 3000 5284 gaudium
3037 5224 3100 5265 ac
3140 5210 3378 5266 laetitiam
3421 5229 3517 5268 ca-

1951 5287 2243 5354 pientibus.
2276 5302 2295 5335 ι

2022 5356 2137 5425 (57)
2174 5354 2515 5421 Μακαρέως.
2539 5352 2826 5425 _Reg._bm,
2859 5348 3107 5425 δικαίοις,
3122 5366 3164 5425 ἰ
3195 5349 3375 5425 iustis.
3410 5370 3428 5403 ι

2022 5420 2133 5496 (58)
2186 5420 2417 5493 Ἐπειδὴ
2462 5420 2663 5479 101702—
2687 5421 2818 5492 Reg.
2864 5421 2973 5487 bm,
3019 5432 3073 5475 et
3114 5420 3203 5475 Or.
3242 5420 3293 5483 l,
3328 5421 3514 5493 ἐπειδὴ

1946 5494 2124 5549 τοῦτο.

2020 5564 2131 5633 (5.9)
2174 5564 2397 5630 Πάσας.
2438 5563 2569 5633 Reg.
2604 5562 2718 5626 bm,
2751 5560 2922 5633 etUOr.
2963 5559 3007 5633 Ι,
3032 5558 3266 5633 ἁπάσας.

1972 5665 1985 5707 -_
2027 5630 2139 5707 (60)
2191 5635 2284 5701 Ὡς
2327 5635 2494 5689 αὐτοὶ
2523 5630 2762 5688 ὀϊεσθε.
2801 5630 2923 5686 llaec
2978 5631 3169 5686 desunt
3216 5632 3269 5685 in
3310 5630 3517 5685 duobus

1954 5703 2121 5776 Regg.
