4038 6338
470 448 541 502 25
1492 456 1499 463 “
1664 443 1718 499 S.
1763 443 2046 501 CREGOR

2149 442 2479 501 THEOLOGI
3630 457 3699 512 ’21

471 564 545 617 ita
595 562 772 625 timet,
807 566 984 622 altior,
1035 572 1241 623 rerum,
1282 574 1399 627 qua:
1431 558 1710 614 oculorum
1755 576 2030 630 aspectum

2149 563 2161 612 5
2198 578 2303 613 των
2337 562 2590 631 ἀρῥήτων
2637 562 2926 633 ἀκροατὴς,
2953 565 2979 616 ό
3008 580 3145 634 μετα
3180 565 3364 619 Ἠλίαν
3389 566 3700 639 μετάρσιος,

470 657 747 720 superent,
792 658 1085 716 spectator,
1110 658 1164 703 et
1193 662 1512 701 arcanorum
1549 650 1835 704 verborum
1875 652 2032 704 audi-

472 753 556 795 tor
580 742 646 806 ²³,
682 751 801 810 post
830 740 999 794 Etiam
1026 741 1078 794 in
1107 739 1335 795 sublime
1362 750 1546 809 raptus
1570 740 1637 806 “,
1664 750 1783 810 post
1816 741 2032 812 Moysen

475 834 566 889 Dei
594 818 975 902 conspectione
997 833 1224 887 donatus
1260 834 1327 899 ³⁸,
1357 842 1474 902 post
1501 833 1721 887 Paulum
1750 834 1800 887 in
1835 834 2032 888 coelum

472 935 687 981 evectus
711 926 797 980 ¹⁶;
848 925 975 995 quid
1026 923 1238 979 tandem
1294 934 1396 989 est,
1451 926 1592 996 quod
1646 925 1782 981 alios
1820 941 2035 996 quoque

471 1017 630 1071 unius
676 1014 783 1069 diei
842 1024 1113 1069 momento
1154 1022 1371 1071 sanctos
1416 1015 1608 1084 lingis,
1660 1025 1715 1071 et
1755 1017 2031 1087 theologos

471 1118 646 1168 creas,
672 1104 1134 1173 eruditionemque
1161 1104 1290 1173 ipsis
1321 1104 1465 1159 velut
1498 1105 1749 1172 inspiras,
1779 1115 1833 1160 et
1866 1109 2032 1160 multa

472 1196 720 1266 imperite
746 1196 1028 1251 doctorum
1070 1196 1423 1251 conciliabula
1451 1196 1583 1252 lacis
1607 1197 1629 1249 ?
1672 1194 1781 1251 Cur
1810 1214 2035 1253 aranea-

472 1302 590 1340 rum
622 1285 741 1340 telis
772 1285 1093 1342 inlirmiores
1123 1286 1400 1356 illaqueas,
1431 1303 1495 1342 ex
1521 1302 1694 1358 eoque
1725 1290 1817 1343 tibi
1841 1291 2032 1343 scitum

472 1376 673 1446 aliquid
708 1391 770 1431 ac
808 1376 1124 1446 prteclarum
1156 1380 1333 1433 Facere
1363 1379 1598 1435 videris?
1629 1380 1737 1435 Cur
1772 1383 2034 1436 adversus

472 1470 631 1523 tidem
661 1470 954 1524 crabrones
979 1469 1226 1525 excitus?
1255 1468 1364 1523 Cur
1404 1470 1811 1526 dialecticorum
1841 1488 2031 1540 agmen

476 1560 632 1615 nobis
674 1574 740 1615 ex
785 1569 1023 1627 tempore
1059 1559 1344 1628 producis,
1396 1574 1500 1614 non
1537 1560 1695 1614 aliter
1737 1576 1799 1615 ac
1840 1560 2034 1615 fabula:

474 1652 625 1716 olim,
658 1652 938 1722 gigantes?
985 1652 1095 1705 Cur
1144 1652 1444 1707 levissimos
1491 1667 1731 1720 quosque
1770 1653 1936 1717 viros,
1974 1666 2035 1706 ac

474 1743 711 1797 virorum
740 1742 955 1796 nomine
986 1742 1252 1812 indignos,
1278 1742 1420 1798 velut
1446 1743 1725 1797 colluviem
1750 1744 2034 1812 quamdam

477 1834 528 1887 in
558 1848 717 1887 unam
750 1832 1057 1901 voraginem
1084 1848 1301 1903 cogens,
1335 1848 1398 1888 ac
1437 1834 1721 1888 verborum
1768 1833 2036 1888 illecebris

476 1921 732 1989 magis’ae
776 1924 944 1990 magis
971 1919 1317 1987 clleminaus,
1353 1936 1542 1975 novant
1583 1936 1647 1976 ex
1681 1923 1810 1991 ipsis
1846 1924 2036 1992 impie-

478 2011 603 2065 tatis
663 2011 929 2065 ollicinam
990 2012 1309 2076 condidisti,
1362 2020 1535 2066 astute
1587 2011 1799 2066 interim
1847 2029 2033 2068 eorum

476 2102 711 2157 amentia
754 2103 819 2156 ad
850 2102 1130 2158 utilitatem
1182 2113 1325 2157 tuam
1368 2103 1626 2170 abutens,
1668 2113 1828 2172 atque
1866 2120 1929 2159 ex
1974 2119 2038 2157 ea

479 2206 708 2246 messem
764 2191 1011 2247 faciens?
1052 2191 1187 2246 Num
1230 2192 1314 2247 his
1364 2192 1692 2263 reiragaris?
1751 2192 1884 2246 Num
1935 2194 2038 2249 alia

2139 651 2228 703 καὶ
2286 653 2314 704 ὁ
2382 651 2518 720 μετά
2574 652 2811 705 Μωῦσέα
2863 653 3179 722 θεοφανείας
3229 656 3555 726 ἠξιωμένος,
3610 664 3701 716 καὶ

2140 740 2277 809 μετά
2311 741 2520 794 Παῦλον
2564 743 2847 814 οὐράνιος’
2874 744 2925 796 τί
2960 744 3053 797 καὶ
3084 747 3209 809 τοὺς
3238 747 3428 810 ἄλλους
3464 750 3699 821 αὐθημε-

2138 832 2229 901 ρὸν
2256 832 2510 896 πλάττεις
2543 835 2748 902 ἁγίους,
2790 836 2884 888 καὶ
2915 840 3234 907 χειροτονεῖς
3271 838 3569 908 θεολόγους,
3610 844 3700 895 καὶ

2136 916 2244 975 οἷον
2274 926 2499 993 ἐμπνεῖς
2537 925 2635 996 τὴν
2680 926 2989 991 παίδευσιν,
3037 928 3130 980 καὶ
3174 930 3478 1001 πεποίηκας
3510 931 3700 999 λογίων

2136 1012 2361 1083 ἀμαθῶν
2396 1014 2563 1067 πολλά
2615 1016 2904 1086 συνέδρια;
2945 1017 3007 1069 Ti
3058 1021 3168 1081 τοῖς
3219 1018 3523 1089 ἀραχνείοις
3560 1021 3697 1089 ὑφά-

2137 1122 2305 1176 σμασι
2337 1106 2446 1176 (61)
2482 1106 2757 1177 ἐνδεσμεῖς
2786 1109 2913 1172 τοὺς
2958 1107 3409 1180 ἀσθενεστέρους,
3440 1110 3515 1174 ὡς
3556 1110 3619 1181 δή
3648 1128 3699 1164 τι

2140 1197 2297 1266 σοφὸν
2326 1197 2420 1250 καὶ
2452 1198 2625 1267 μέγας
2661 1198 2724 1249 Τί
2764 1197 3001 1268 σφηκίας
3030 1197 3138 1269 (62)
3165 1198 3396 1269 ὲγείρεις
3435 1198 3573 1252 κατὰ
3600 1198 3701 1267 τῆς

2139 1288 2403 1350 πίστεως;
2440 1288 2504 1339 Τί
2549 1286 2847 1357 σχεδιάζεις
2882 1290 3011 1357 ἡμῖν
3043 1287 3394 1341 διαλεκτικῶν
3428 1288 3698 1352 ἀνάδοσιν,

2138 1382 2323 1451 ὥσπερ
2370 1382 2418 1432 ol
2456 1382 2610 1451 μῦθοι
2651 1382 2816 1436 πάλαι
2865 1383 2991 1445 τοὺς
3037 1382 3326 1449 γίγαντας;
3366 1382 3430 1435 Τί
3456 1382 3561 1434 τῶν
3610 1382 3670 1437 ἀν

2136 1475 2274 1545 δρῶν
2302 1476 2423 1528 ὅσον
2452 1472 2671 1542 κοῦφον,
2706 1473 2799 1525 καὶ
2828 1472 3105 1543 ἄνανδρον,
3135 1471 3321 1543 ῶσπερ
3350 1472 3471 1525 τινὰ
3503 1491 3701 1544 συρφε-

2135 1562 2253 1625 τδν,
2304 1564 2383 1624 είς
2419 1561 2546 1630 μίαν
2592 1560 2869 1630 χαράδραν
2923 1558 3270 1627 συναγαγὼν,
3308 1560 3399 1613 καὶ
3444 1562 3699 1634 κολακεία

2136 1649 2293 1704 πλέον
2320 1651 2572 1722 θηλύνας,
2600 1650 2782 1704 καινὸν
2813 1652 3171 1722 ἐργαστήριον
3205 1649 3313 1721 (65)
3340 1652 3700 1724 ἐδημιούργη-

2140 1758 2264 1808 σας,
2293 1742 2389 1794 οὐκ
2422 1742 2637 1811 ἀσόφως
2668 1740 2765 1811 τὴν
2795 1740 2979 1794 ἄνοιαν
3018 1739 3193 1793 αὐτῶν
3224 1741 3664 1812 ἐκκαρπούμενος
3684 1785 3700 1808 ,

2150 1833 2471 1901 Ἀντιλέγεις
2524 1833 2616 1886 καὶ
2661 1830 2897 1897 τούτοις;
2942 1832 3034 1884 καὶ
3077 1831 3309 1902 οὐδαμοῦ
3380 1850 3459 1885 σοι
3499 1832 3699 1898 τᾶλλα;

2141 1926 2234 1977 καὶ
2281 1925 2382 1994 τὴν
2423 1924 2675 1992 γλῶσσαν
2725 1924 2804 1975 δεῖ
2840 1920 3186 1976 δυναστεύειν
3236 1922 3471 1986 πάντως,
3503 1924 3597 1976 καὶ
3640 1924 3703 1975 οὐ

2145 2016 2393 2085 κατέχεις
2435 2016 2535 2087 τὴν
2561 2015 2723 2068 ὠδῖνα
2746 2013 2839 2067 τοῦ
2868 2013 3060 2083 λόγους
3105 2014 3247 2083 ἔχεις
3283 2014 3390 2085 (64)
3420 2016 3511 2067 καὶ
3540 2015 3704 2076 ἄλλας

2143 2106 2420 2171 ὑποθέσεις
2457 2107 2653 2170 πολλάς
2723 2124 2784 2160 τε
2830 2108 2922 2160 καὶ
2971 2107 3313 2177 φιλοτίμουςο
3354 2109 3469 2160 ἐκεῖ
3510 2106 3707 2177 τρέψον

2145 2199 2282 2270 μετὰ
2315 2199 2407 2252 τοῦ
2435 2199 2706 2270 χρησίμου
2734 2198 2831 2270 τὴν
2863 2199 3015 2252 νόσον
3042 2198 3175 2269 (651.

476 2299 574 2352 pro
611 2284 793 2340 ‘nibilo
847 2286 1098 2356 reputas?
1142 2283 1277 2339 Num
1328 2286 1563 2356 linguam
1617 2295 1761 2339 tuam
1814 2288 2034 2343 omnino
2070 2290 2335 2347 dominari
2364 2307 2581 2348 necesse
2652 2299 2755 2356 est,
2821 2307 2916 2346 nec
2961 2300 3013 2344 tu
3054 2291 3439 2361 parturientem
3498 2302 3707 2345 sermo-

476 2394 601 2436 nem
654 2380 945 2449 reprimere
976 2377 1160 2448 potes?
1230 2376 1406 2431 llabes
1456 2376 1618 2431 etiam
1666 2377 1768 2430 alia
1804 2378 1969 2433 multa
2016 2390 2069 2436 et
2105 2379 2399 2437 honoriﬁca
2445 2381 2821 2451 disputationis
2892 2390 3223 2450 argumenta.
3270 2379 3511 2434 Morbum
3566 2380 3708 2435 hunc

480 2472 546 2526 ad
574 2470 686 2526 haec
718 2470 919 2525 utiliter
947 2478 1219 2525 converte.

550 2562 616 2615 Χ.
660 2561 971 2632 Pythagora:
1000 2561 1301 2627 silentium,
1343 2571 1397 2616 et
1429 2559 1579 2615 fabas
1614 2560 1732 2615 illas
1768 2558 2032 2632 Orphicas

481 2656 783 2717 insectare,
830 2661 1211 2721 recentemque
1243 2652 1433 2706 horum
1466 2652 1746 2708 verborum
1783 2667 2039 2720 arrogan-

484 2748 609 2800 tiam
648 2761 661 2797 :
707 2743 828 2814 Ipse
872 2744 1022 2797 dixit.
1063 2742 1299 2797 Platonis
1344 2743 1489 2798 ideas
1538 2745 1774 2813 impete,
1833 2745 2042 2799 animo-

484 2854 710 2909 rumque
765 2847 1072 2894 nostrorum
1140 2839 1191 2893 in
1266 2838 1369 2893 alia
1431 2847 1596 2906 atque
1648 2837 1753 2892 alia
1815 2852 2043 2906 corpora

484 2933 833 3002 migrationes
874 2941 929 2986 et
971 2929 1341 2994 circuitiones,
1390 2939 1444 2983 et
1492 2930 1945 2994 reminiscentias,
1980 2944 2043 2985 ac

483 3025 711 3093 denique
740 3037 843 3077 non
890 3022 1143 3092 pulchros
1176 3034 1385 3076 amores
1416 3035 1509 3089 per
1550 3022 1774 3089 pulchra
1818 3035 2044 3091 corpora

484 3119 535 3171 in
559 3117 793 3171 animum
819 3115 1128 3171 subeuntes.
1155 3113 1369 3184 Epicuri
1393 3113 1611 3182 impium
1643 3112 1886 3169 Numinis
1918 3128 2048 3169 con-

2212 2562 2263 2617 I'.
2294 2562 2462 2616 Βάλλε
2496 2579 2584 2632 μοι
2609 2560 2923 2630 Πυθαγόρου
2945 2558 3053 2627 (66)
3086 2557 3181 2628 τὴν
3205 2558 3434 2627 σιωπὴν,
3466 2558 3559 2611 καὶ
3584 2558 3710 2627 τοὺς

2146 2656 2383 2726 κυάμους
2406 2656 2529 2717 τοὺς
2561 2653 2866 2724 Ὀρφικοὺς,
2888 2652 2981 2704 καὶ
3006 2652 3101 2721 τὴν
3121 2649 3246 2722 περὶ
3267 2650 3346 2711 τὸ,
3370 2650 3559 2714 Αὐτὸς
3572 2650 3707 2717 ἔφα,

2144 2746 2460 2817 καινοτέραν
2512 2742 2848 2807 ἀλαζονείαν.
2906 2743 3073 2797 Βάλλε
3124 2760 3212 2813 μοι
3271 2742 3554 2805 Πλάτωνος
3610 2739 3710 2803 τὰς

2150 2838 2291 2901 ἰδέας
2324 2836 2457 2909 (67),
2488 2835 2583 2888 καὶ
2611 2834 2707 2899 τὰς
2737 2834 3251 2905 μετενσωματώσεις
3271 2874 3284 2894 ,
3316 2834 3408 2886 καὶ
3436 2831 3712 2904 περιόδους

2149 2929 2257 2983 τῶν
2289 2928 2575 3001 ἡμετέρων
2594 2925 2804 2996 ψυχῶν,
2835 2926 2929 2979 καὶ
2952 2927 3049 2985 τὰς
3083 2924 3437 2993 ἀναμνήσεις,
3466 2923 3559 2975 καὶ
3584 2921 3712 2982 τοὺς

2150 3018 2211 3070 οὐ
2252 3017 2443 3080 καλοὺς
2486 3015 2571 3068 διὰ
2605 3014 2712 3067 τῶν
2746 3014 2923 3067 καλῶν
2957 3013 3219 3083 σωμάτων
3250 3012 3339 3064 ἐπὶ
3365 3010 3541 3081 ψυχὴν
3579 3009 3713 3081 ἔρω-

2152 3126 2269 3173 τας.
2317 3108 2636 3178 Ἐπικούρου
2674 3106 2770 3177 τὴν
2803 3104 2989 3159 ἀθείαν
3030 3102 3159 3174 (68),
3199 3102 3292 3155 καὶ
3324 3101 3425 3166 τὰς
3455 3092 3711 3171 ἀτόμους,

486 3217 767 3276 templum,
808 3217 863 3261 et
893 3217 1122 3270 atomos,
1157 3181 1318 3275 atque
1346 3181 1575 3260 alienam
1606 3205 1921 3275 philosopho
1952 3220 2046 3259 vo-

2152 3204 2246 3257 καὶ
2282 3203 2378 3275 τὴν
2409 3202 2731 3272 ἀφιλόσοφον
2780 3200 2971 3271 ἡδονήν
2997 3216 3010 3229 ·
3059 3195 3459 3268 Ἀριστοτέλους
3495 3195 3594 3265 τὴν
3626 3210 3716 3265 μι-

485 3298 743 3366 lnptatem
769 3296 983 3367 exagita
1009 3313 1024 3361 ;
1050 3295 1354 3352 Aristotelis
1374 3310 1704 3365 praepaream
1732 3304 1787 3350 et
1809 3296 2048 3366 angustis

486 3389 680 3445 ﬁnibus
710 3388 1172 3453 circumscriptam
1198 3385 1361 3459 495
1392 3386 1810 3453 Providentiam,
1841 3395 1895 3441 et
1926 3386 2049 3440 arti-

486 3481 691 3545 ﬁcium,
715 3479 969 3535 mortales
998 3479 1064 3535 de
1086 3479 1264 3532 anima
1289 3492 1589 3545 sermones,
1619 3488 1781 3547 atque
1815 3479 2046 3533 humana

485 3573 733 3636 dogmata
764 3570 982 3626 conluta
1009 3585 1024 3635 ;
1056 3569 1361 3625 Stoicorum
1407 3569 1780 3638 supercilium,
1814 3568 2049 3639 Cynico-

487 3677 605 3713 rum
630 3660 913 3729 ingluviem
939 3670 994 3715 et
1015 3658 1500 3716 circumforaneam
1526 3658 1795 3713 levitatem
1818 3659 2046 3713 incesse.

486 3751 728 3808 Vacuum
784 3752 948 3817 item,
989 3760 1044 3808 et
1079 3751 1329 3821 plenum,
1366 3765 1430 3805 ac
1467 3763 1803 3819 quaecunque
1856 3747 1931 3800 illi
1980 3746 2045 3800 de

555 3884 603 3917 ’³
649 3884 691 3939 ll
747 3885 872 3941 Cor.
935 3901 1043 3950 xu,
1086 3886 1139 3939 4.
1216 3884 1262 3917 ’⁸
1298 3884 1362 3939 IV
1400 3883 1529 3953 Reg.
1571 3900 1645 3949 ιι,
1689 3884 1776 3938 11.

562 4020 673 4089 (61)
730 4020 1077 4089 Ὑφάσμασι.
1116 4019 1276 4073 Deest
1304 4018 1356 4074 in
1388 4017 1593 4071 duobus
1632 4016 1825 4086 Regg.,
1851 4016 2056 4072 duobus

490 4090 666 4150 Colb.,
707 4102 755 4143 et
784 4089 876 4144 Or.
912 4093 961 4145 1.

560 4161 674 4228 (62)
716 4160 1003 4228 Σφηκίας.
1065 4177 1083 4209 1
1117 4157 1439 4221 Crabrones,
1489 4174 1509 4207 1
1566 4156 1617 4210 id
1676 4163 1760 4211 est
1811 4174 1830 4206 1
1874 4154 2052 4209 etimi-

492 4245 674 4367 ωξθέ)
717 4294 1152 4368 Ἐργαστήριον.
1197 4296 1380 4368 Cojsl._
1418 4295 1468 4368 Ι,
1510 4292 1691 4368 eth.
1760 4295 1785 4348 1
1829 4293 2049 4360 addunt,

491 4364 782 4431 ἀσεϐείας(
800 4364 827 4420 1’
858 4364 1165 4435 impietatis.
1206 4385 1224 4418 1
1255 4366 1344 4420 Sic
1369 4366 1493 4434 legit
1520 4364 1722 4435 Billius.

563 4439 675 4508 (64)
716 4431 947 4507 Ἔχεις(
972 4447 1079 4494 etc.
1139 4436 1382 4508 Ostendit
1425 4431 1722 4504 Gregorius
1767 4431 2055 4508 Eunomia-

492 4502 596 4583 nis,
615 4508 765 4577 plura
784 4502 895 4562 alia
919 4521 985 4562 ac
1017 4506 1308 4583 honoriﬁca
1343 4518 1463 4583 esse
1487 4502 1827 4583 argumenta,
1865 4516 1927 4555 ea
1950 4502 2053 4556 sci-
2087 4528 2130 4583 Ι)

492 4572 632 4633 116111⁷
664 4592 784 4645 qua:
826 4593 893 4631 cx
933 4576 1209 4643 gentilium
1257 4575 1488 4645 scriptis
1519 4572 1757 4645 depromi
1806 4581 2051 4645 possunt,

496 4660 605 4701 tum
644 4641 704 4700 1ιί
739 4641 989 4715 loquendi
1028 4645 1289 4714 prurigini
1331 4641 1689 4707 satisfaciant,
1719 4650 1826 4694 tum
1864 4650 1923 4696 ut
1953 4641 2053 4695 sibi

495 4717 752 4783 doctrina:
774 4726 825 4769 et
848 4715 1165 4782 eloquentiae
1188 4728 1379 4783 nomen
1411 4720 1742 4783 comparent.

565 4780 678 4855 (65)
721 4784 841 4853 Τὴν
862 4778 1071 4855 νόὰον.
1105 4803 1129 4855 1
1155 4782 1392 4855 Morbum
1426 4778 1594 4845 hunc;
1626 4799 1645 4831 1
1673 4778 1921 4849 loquendi
1951 4779 2059 4834 sci-

496 4853 621 4909 licet
649 4853 711 4909 ac
737 4854 1135 4908 contradicendi
1163 4853 1445 4919 pruritum.

569 4925 680 4993 (66)
720 4923 1088 4992 Πυθαγόρου,
1124 4916 1587 4993 είοχΡγιιιιιεοτξιε
1612 4916 1907 4993 discipulis
1947 4917 2057 4993 suis

500 4988 774 5050 silentium
808 4988 907 5061 per
923 4988 1346 5061 quinquennium
1376 4999 1430 5043 et
1458 5005 1487 5042 a
1521 4988 1656 5042 labis
1677 4988 2055 5061 abstinentiam

501 5058 903 5132 prmseribebat.
939 5058 1283 5116 Cumaulem
1328 5059 1790 5132 interrogarentur
1830 5058 1894 5108 de
1922 5072 2058 5132 quo-

500 5126 619 5188 dam
652 5134 819 5204 ipsius
843 5132 1403 5204 doctrinmudogmate,
1430 5127 1558 5182 nihil
1591 5126 1734 5181 aliud
1768 5126 2055 5194 responde-

500 5206 648 5264 bant,
672 5198 866 5272 ’(11111111,
896 5221 913 5253 1
947 5198 1067 5270 Ipse
1089 5200 1247 5272 dixit.
1268 5218 1296 5272 Δ1

571 5260 1042 5343 (67)’Πλάεω1έξ>ς
1098 5268 1202 5334 τὰς
1236 5267 1416 5333 ἰδέας.
1448 5287 1465 5318 1
1506 5264 1742 5343 Platonis
1783 5264 1947 5343 ideas.
2002 5260 2059 5315 Id

499 5333 605 5407 est,
648 5333 676 5394 ι’
695 5344 869 5411 inquit
894 5333 1099 5403 Billius,
1127 5357 1145 5389 1
1171 5333 1345 5411 rerum
1373 5354 1491 5406 qua:
1510 5337 1640 5411 liun_t
1659 5333 2003 5411 exemplaria,
2023 5349 2054 5411 .r

499 5404 600 5466 seu.
648 5430 667 5463 1
701 5404 1035 5479 exemplares
1083 5423 1256 5462 rerum
1299 5404 1515 5461 fortnas.
1560 5425 1577 5457 1
1616 5404 1671 5479 111
1717 5407 1828 5479 hoc
1862 5404 2062 5479 erravit

500 5480 675 5545 Plato,
718 5472 1040 5547 quod-ideas
1067 5492 1214 5533 cura
1249 5479 1412 5531 Deum
1446 5476 1738 5536 statuebat,
1783 5472 2061 5536 aiebatqne

504 5550 693 5615 Deum,
717 5546 770 5604 in
800 5555 911 5605 hmc
945 5550 1098 5618 quasi
1125 5548 1368 5615 exempla
1389 5546 1797 5618 respicientem,
1827 5552 2063 5618 resscri-

501 5608 691 5675 sibiles
719 5608 1042 5674 condidisse.
1077 5608 1339 5671 Praeterea
1372 5608 1595 5685 docebat
1640 5612 1778 5666 idem
1829 5608 2062 5685 philoso-

500 5691 638 5756 phus
674 5699 912 5742 nostrum
945 5688 1102 5753 scire,
1153 5685 1286 5739 nihil
1316 5684 1459 5757 aliud
1500 5696 1640 5744 esse,
1687 5695 1846 5757 quam
1899 5684 2063 5757 remi:

500 5747 659 5821 inisci,
686 5759 838 5826 quasi
869 5747 1288 5810 anitnus'noster
1315 5755 1550 5826 imbutus
1582 5747 1728 5805 esset
1762 5747 2063 5826 huiusmodi

497 5819 801 5900 cognitione
823 5842 886 5885 ac
906 5826 1155 5891 scientia,
1185 5833 1469 5894 antequam
1497 5824 1547 5877 in
1573 5834 1767 5889 corpus
1791 5819 2064 5888 immigra-

2161 3294 2418 3364 κρολόγον
2466 3293 2727 3363 Πρόνοιαν
2764 3289 2895 3361 (69),
2939 3290 3032 3342 καὶ
3069 3289 3129 3341 τὸ
3159 3288 3420 3357 ἔντεχνον,
3470 3285 3713 3346 καὶτοὺς

2154 3382 2379 3453 θνητοὺς
2412 3383 2538 3452 περὶ
2564 3381 2741 3451 ψυχῆς
2778 3380 2967 3447 λόγους
2985 3420 2998 3442 ,
3025 3380 3118 3432 καὶ
3147 3378 3205 3430 τὸ
3236 3375 3576 3448 ἀνθρωπικὸν
3607 3374 3716 3427 τῶν

2151 3476 2452 3545 δογμάτων·
2476 3475 2571 3544 τῆς
2594 3475 2758 3536 Στοᾶς
2786 3471 2896 3542 (70)
2919 3471 3015 3540 τὴν
3039 3470 3230 3540 ὀφρὺν,
3259 3468 3365 3521 τῶν
3388 3467 3573 3519 Κυνῶν
3600 3466 3714 3535 (71)

2154 3566 2213 3619 τὸ
2250 3566 2427 3634 λίχνον
2468 3581 2527 3615 τε
2561 3565 2656 3616 καὶ
2703 3564 2973 3632 ἀγοραῖον.
3014 3560 3181 3614 Βάλλε
3229 3576 3317 3629 μοι
3349 3558 3408 3610 τὸ
3441 3558 3612 3618 κενὸν,
3652 3557 3717 3609 τὸ

2156 3655 2357 3725 πλῆρες
2373 3657 2478 3707 τῶν
2501 3654 2851 3725 ληρημάτων,
2877 3653 2976 3705 ὅσα
2996 3652 3122 3721 περὶ
3146 3650 3280 3702 θεῶν
3301 3650 3333 3720 ἢ
3357 3649 3557 3702 θυσιῶν
3579 3648 3715 3717 (72),

2154 3747 2282 3818 περ).
2311 3745 2561 3810 εἰδώλων,
2594 3746 2719 3817 περὶ
2748 3745 3014 3814 δαιμόνων
3042 3743 3383 3811 ἀγαθοποιῶν
3403 3760 3460 3795 τε
3484 3742 3592 3813 (75)
3619 3742 3716 3794 καὶ

1854 3884 1900 3914 ’⁸
1940 3882 2108 3937 Exod.
2150 3897 2355 3946 χχχιιι,
2384 3881 2473 3934 εει.
2550 3880 2596 3911 ’⁸
2633 3879 2675 3934 ll
2713 3878 2834 3934 Cor.
2887 3895 2989 3943 ιιι,
3024 3880 3077 3933 4.

2161 4028 2264 4073 ret.
2300 4015 2547 4084 angavit
2577 4015 2737 4069 etiam
2773 4013 3068 4084 animarum
3103 4012 3156 4066 in
3192 4011 3299 4084 alia
3346 4026 3411 4065 ex
3450 4010 3569 4084 aliis
3597 4024 3719 4062 cor-

2163 4088 2382 4157 poribus
2406 4078 2802 4157 niigrationem.
2835 4083 2947 4138 Hoc
2970 4092 3146 4135 autem
3174 4081 3361 4150 dogma
3388 4096 3416 4133 a
3448 4078 3719 4149 Pythago-

2164 4153 2219 4210 ra
2251 4153 2531 4219 acceperat
2564 4153 2730 4206 Plato.

2232 4225 2340 4296 (68)
2384 4216 2736 4296 νἘζίικούρου
2790 4220 3239 4296 t_7‘1r_d.0£lar.j
3282 4216 3491 4287 Epicuri
3523 4217 3725 4296 _atltei-

2160 4288 2355 4349 sm'utn.
2401 4313 2419 4345 1
2460 4288 2859 4360 Deumttegavit
2893 4290 3174 4360 Epicurus.
3203 4288 3479 4360 summum
3522 4289 3722 4360 bonum

2159 4366 2212 4417 in
2271 4364 2542 4432 voluptate
2585 4356 2836 4432 ponebat,
2883 4356 3055 4412 idest
3088 4359 3145 4432 _in
3182 4356 3721 4432 ab_sentia_omninni

2159 4426 2423 4487 dolorum'.
2484 4426 2877 4485 Providentiam
2931 4443 2961 4482 e
3030 4426 3187 4483 rebus
3241 4426 3488 4480 humanis
3534 4432 3721 4479 sustu-

2159 4502 2239 4557 lit.

2226 4571 2334 4641 (69)
2378 4570 2845 4641 Ἀριστοτέλουςῇ
2869 4567 2984 4641 τὴν
3022 4565 3379 4641 μικρολόγον
3406 4564 3723 4641 Πρρνοιανς.

2163 4631 2483 4695 Aristoteles
2525 4639 2706 4691 d0cuit
2748 4637 2983 4690 cmlestia
3022 4631 3140 4689 sola
3190 4650 3218 4686 a
3258 4631 3363 4687 Deo
3414 4631 3724 4701 gubernari,

2157 4726 2261 4763 non
2307 4719 2484 4763 autem
2549 4710 2802 4766 humana,
2866 4712 3047 4769 utpote
3092 4718 3211 4769 quae
3264 4702 3366 4756 sint
3416 4700 3563 4768 parvi
3604 4715 3723 4753 mo-

2155 4781 2346 4833 meuti.
2399 4775 2640 4829 Tradidit
2674 4773 2837 4828 etiam
2889 4774 3120 4825 animam
3153 4787 3256 4825 non
3292 4784 3410 4825 esse
3448 4771 3729 4823 immorta-

2155 4848 2257 4903 lem
2268 4888 2281 4901 .

2230 4916 2342 4983 (70)
2386 4913 2498 4982 Τῆς
2551 4909 2761 4983 Στοᾶς.
2798 4910 3026 4983 Athenis
3050 4919 3184 4983 ‘erat
3239 4927 3258 4960 1
3292 4909 3549 4983 porticus,
3590 4925 3608 4957 1
3645 4906 3726 4983 _i_n

2156 4975 2261 5053 qua
2289 4975 2813 5053 Z'eno'philosOphtts
2839 4979 3129 5053 discipulos
3156 4975 3399 5053 docebat.
3435 4977 3583 5031 Unde
3608 4975 3731 5053 prhi-

2159 5043 2368 5121 losophi
2409 5072 2426 5103 1
2462 5043 2629 5105 Stoici
2670 5043 3010 5121 inuncupati
3039 5058 3191 5121 sunt,
3224 5047 3312 5115 qui
3349 5057 3505 5100 antea
3548 5060 3577 5097 ιι
3630 5043 3732 5098 Ze-

2158 5118 2300 5177 none
2326 5122 2584 5187 magistro
2623 5136 2641 5170 1
2678 5118 2929 5173 Zenonici
2965 5136 2983 5169 1
3021 5118 3357 5170 dicebantur.

2232 5191 2342 5262 (71)
2387 5183 2509 5244 Τῶν
2533 5187 3369 5262 Kurderntisthenesmprimus
3400 5198 3596 5262 novum
3624 5183 3733 5262 hoc

2159 5250 2509 5333 philosophiae
2556 5272 2724 5333 genus
2771 5256 3083 5311 introduxit.
3128 5250 3269 5333 βίοιὶ
3309 5264 3434 5307 sunt
3465 5271 3510 5333 Δ1
3544 5250 3735 5333 ,βξ-1ιί-

2162 5322 2235 5394 ci,
2276 5349 2294 5381 1
2324 5322 2435 5383 sive
2487 5344 2515 5381 a
2558 5322 2868 5396 Cynosarge
2898 5324 3198 5396 gymnasio,
3243 5325 3293 5375 in
3321 5338 3426 5396 quo
3451 5322 3735 5396 Antisthe-

2163 5391 2259 5454 nes
2288 5391 2668 5469 proﬁtebatur,
2696 5391 2868 5469 sive'a
2896 5391 3085 5469 canina
3119 5392 3487 5469 mordacitate,
3529 5405 3637 5458 qua
3679 5391 3734 5444 in

2164 5462 2443 5524 hominum
2476 5467 2615 5519 vitas
2647 5466 2788 5517 nullo
2821 5464 3131 5517 discrimine
3160 5462 3569 5514 inveltehantur.

2235 5537 2344 5609 (72)
2388 5540 2455 5592 Ἢ
2484 5535 2729 5592 θυσιῶν.
2764 5534 2857 5589 0r.
2896 5533 2944 5598 1,
2984 5533 3075 5584 καὶ
3109 5528 3327 5585 θυσιῶν.
3357 5530 3570 5592 Comb.,
3605 5529 3740 5601 περὶ

2166 5608 2384 5660 θυσιῶν.

2237 5679 2346 5757 (75)
2400 5671 2909 5757 Ἀγαθοποιῶνῃτε.
2937 5668 3093 5757 βεδε.
3154 5671 3264 5737 bm,
3306 5677 3360 5723 et
3407 5668 3512 5723 duo
3551 5665 3741 5735 Colb.,

2167 5738 2382 5816 ἀγαθῶν
2405 5738 2484 5811 τε,
2524 5766 2539 5795 1
2578 5744 2728 5798 bonis
2766 5751 2814 5796 et
2850 5738 3020 5795 malis.
3061 5756 3079 5789 1
