4038 6338
275 464 349 519 25
1320 463 1579 522 ORATIO
1619 465 1857 522 XXVIII.
1897 496 1967 508 —
2004 465 2441 525 THEOLOGICA
2479 467 2541 525 II.
3454 468 3525 522 9.6

279 581 618 643 κακοποιῶν,
651 579 752 633 ὅσα
787 578 913 649 περὶ
947 577 1223 648 μαντείας,
1254 576 1584 645 θεαγωγίας,
1617 576 1844 649 ψυχαγω

1968 578 2090 644 diis,
2130 578 2197 633 de
2235 578 2534 641 sacrificiis,
2568 577 2633 632 de
2672 575 3013 641 simu-acris,
3065 574 3131 630 de
3171 568 3519 644 dremonibus,

277 673 430 737 γίας,
499 672 715 740 ἄστρων
768 667 1071 738 δυνάμεως,
1130 666 1522 738 τερατεύονται.
1578 669 1643 720 Ei
1684 668 1739 720 δὲ
1792 662 1857 720 σὺ

277 760 455 813 ταῦτα
504 761 603 831 μὲν
640 759 890 825 ἁπαξιοῖς
926 757 1118 826 λόγου,
1153 758 1227 822 ὡς
1262 759 1431 829 μικρά
1458 775 1516 811 τε
1548 758 1639 811 καὶ
1662 758 1857 811 πολλά-

280 867 370 913 κις
402 848 760 919 ἐληλεγμένα,
801 846 930 918 περὶ
972 846 1027 898 δὲ
1060 845 1126 899 τὰ
1172 845 1241 898 σὰ
1271 846 1498 917 στρέφῃ,
1544 846 1636 899 καὶ
1676 844 1857 917 ζητεῖς

278 941 342 993 τὸ
368 944 425 993 ὲν
453 939 665 1002 τούτοις
697 939 808 1010 (74)
837 936 1144 1007 φιλότιμον⁸
1181 937 1292 1005 ἐγώ
1320 954 1401 991 σοι
1435 937 1712 991 κάνταῦθα
1743 936 1855 1006 (75)

280 1032 591 1107 παρέξομαι
612 1032 873 1095 πλατείας
892 1032 1062 1095 ὁδούς.
1089 1030 1367 1099 Φιλοσόφει
1392 1047 1481 1101 μοι
1505 1030 1631 1100 περὶ
1651 1028 1854 1100 κόσμου

279 1123 312 1194 ἤ
352 1122 597 1192 κόσμων,
630 1122 757 1192 περὶ
797 1121 947 1191 ὕλης,
977 1121 1103 1189 περὶ
1124 1120 1320 1191 ψυχῆς,
1352 1120 1481 1191 περὶ
1508 1119 1737 1187 λογικῶν
1759 1118 1857 1189 φύε

280 1232 423 1267 σεων
457 1213 741 1284 βελτιόνων
780 1230 836 1266 τε
874 1212 968 1264 καὶ
996 1212 1253 1282 χειρόνων
1291 1210 1423 1281 (76),
1454 1210 1583 1279 περὶ
1615 1210 1853 1263 ἀναστά-

281 1321 441 1367 σεως,
472 1304 728 1373 κρίσεως,
762 1300 1195 1364 ἀνταποδόσεως,
1225 1299 1459 1371 Χριστοῦ
1495 1299 1849 1369 παθημάτων.

291 1396 382 1448 Ἐν
408 1395 619 1458 τούτοις
655 1395 763 1463 γὰρ
798 1392 891 1447 καὶ
924 1392 982 1446 τὸ
1016 1392 1394 1463 ἐπιτυγχάνειν
1426 1393 1525 1445 οὐκ
1558 1392 1849 1463 ἄχρηστον,

277 1485 375 1536 καὶ
399 1483 464 1537 τὺ
492 1484 881 1553 διαμαρτάνειν
909 1483 1017 1554 (77)
1048 1483 1345 1537 ἀκίνδυνον.
1378 1482 1496 1553 Θεῷ
1522 1482 1578 1536 δὲ
1608 1483 1852 1547 ἐντευξό-

281 1572 452 1641 μεθα,
495 1572 591 1641 νῦν
640 1573 736 1642 μὲν
767 1572 956 1640 ὀλίγα,
997 1572 1190 1644 μικρὸν
1237 1572 1293 1625 δὲ
1336 1571 1557 1641 ὕστερον
1606 1571 1735 1635 ἴσως
1764 1589 1853 1624 τε-

276 1662 567 1733 λεώτερον,
603 1666 660 1717 ὲν
690 1662 839 1733 αὐτῷ
871 1662 1091 1734 Χριστῷ
1136 1662 1306 1734 Ἰησοῦ
1344 1662 1421 1732 τῷ
1449 1662 1639 1733 Κυρίῳ
1672 1662 1850 1734 ἡμῶν,

274 1749 321 1822 ᾧ
356 1758 388 1825 ἡ
431 1755 559 1822 δόξα
588 1755 669 1818 είς
696 1757 821 1819 τοὺς
854 1755 1055 1818 αἰῶνας
1277 1755 1467 1825 Ἀμήν.

1966 676 2078 723 tum
2128 669 2415 731 beneﬁcis,
2456 677 2565 723 tum
2597 668 2889 731 maleficis,
2932 680 3265 737 quaecunque
3294 667 3359 722 de
3392 668 3526 724 divi-

1965 761 2185 815 natione
2209 795 2224 824 ,
2272 759 2336 814 de
2373 760 2591 815 deorum
2631 768 2685 813 et
2725 760 3029 813 animarum
3076 758 3405 823 evocatione,
3457 775 3521 815 ac

1965 859 2238 919 postremo
2272 850 2337 903 de
2370 850 2419 902 vi
2448 856 2502 903 et
2547 846 2799 902 facultate
2833 846 3068 901 siderum
3100 846 3389 902 vanissime
3414 847 3525 901 disa

1964 948 2174 1009 putant.
2227 939 2381 1005 Quod
2415 938 2460 993 si
2507 946 2562 992 tu
2597 937 2810 1007 quidem
2862 936 3044 992 dehis
3079 937 3259 999 rebus,
3299 945 3357 990 ut
3399 944 3523 1006 par-

1957 1034 2059 1099 vis,
2107 1046 2171 1085 ac
2216 1046 2356 1101 sa'pe
2400 1027 2711 1095 confutatis,
2773 1027 3187 1096 disputationem
3241 1027 3522 1083 instituisre

1958 1137 2198 1189 recusas,
2232 1122 2285 1176 in
2318 1122 2422 1177 tuis
2458 1136 2585 1175 vero
2609 1119 2815 1175 versari
2846 1118 3041 1186 gestis,
3085 1117 3259 1185 iisque
3292 1117 3521 1188 gloriam

1958 1229 2021 1268 ac
2056 1213 2287 1268 nominis
2315 1213 2678 1268 celebritatem
2737 1209 2962 1265 affectas
3005 1228 3017 1264 :
3053 1209 3142 1264 hi‘c
3175 1218 3287 1279 ego
3309 1216 3519 1279 quoque

1961 1301 2283 1356 latissimum
2333 1302 2426 1356 tibi
2472 1316 2721 1369 campum
2768 1299 3029 1369 aperiam.
3089 1299 3166 1353 De
3199 1299 3533 1354 mtindo'v‘el-

1958 1393 2170 1448 mundis
2216 1391 2618 1462 philosophare,
2666 1392 2732 1446 de
2781 1392 3043 1456 materia,
3098 1390 3166 1446 de
3214 1391 3424 1454 anima,
3454 1378 3520 1446 de

1955 1484 2165 1538 naturis
2197 1483 2403 1537 ratione
2426 1483 2684 1552 praeditis,
2719 1493 2829 1538 tam
2864 1483 3021 1538 bonis
3047 1497 3208 1552 quam
3239 1481 3425 1546 malis,
3456 1484 3521 1538 de

1924 1574 2379 1637 -resurrectione,
2439 1575 2505 1630 de
2552 1574 2777 1644 judicio,
2831 1575 2898 1629 de
2943 1574 3178 1644 praamiis
3224 1588 3288 1628 ac
3324 1575 3520 1642 poenis,

1957 1664 2023 1719 de
2052 1664 2251 1720 Christi
2296 1667 2642 1721 cruciatibus.
2682 1664 2737 1718 In
2782 1665 2865 1721 his
2899 1666 3045 1721 enim
3081 1665 3433 1735 argumentis,
3467 1675 3525 1720 et

1956 1768 2176 1823 scopmn
2215 1756 2428 1823 assequi
2457 1755 2587 1808 utile
2616 1764 2718 1818 est,
2748 1762 2800 1809 et
2842 1755 3097 1809 aberrare
3133 1754 3353 1808 minime
3381 1753 3523 1821 peri-

276 1846 547 1899 culosum.
573 1844 643 1897 At
672 1858 802 1897 vero
826 1859 946 1900 cum
980 1846 1109 1909 Deo,
1142 1844 1194 1897 in
1227 1844 1326 1898 hac
1348 1843 1563 1912 quidem
1592 1842 1696 1896 vita
1726 1840 1974 1911 parcius,
2011 1842 2288 1912 aliquanto
2350 1852 2470 1913 post
2513 1854 2692 1898 autem
2767 1843 2999 1899 fortasse
3060 1843 3299 1914 plenius,
3371 1856 3521 1898 com-

279 1937 541 1992 mercium
586 1936 903 1991 habebimus
924 1976 940 1999 ,
973 1937 1022 1989 in
1054 1936 1172 2006 ipso
1196 1934 1412 1990 Christo
1453 1932 1578 1990 Jcsu
1616 1935 1841 1990 Domino
1881 1942 2086 1999 nostro,
2119 1935 2203 1988 cui
2237 1935 2307 1989 sit
2332 1934 2501 2005 gloria
2534 1936 2587 1990 in
2614 1934 2828 1990 saecula.
2868 1935 3059 1989 Amen.

344 2055 458 2127 (74)
512 2059 608 2109 Ἐν
638 2057 899 2127 τούτοις.)
919 2055 1014 2114 Or.
1049 2058 1099 2121 I,
1122 2059 1179 2110 ἐν
1200 2056 1396 2126 λόγοις.

348 2126 463 2193 (75)
502 2126 835 2180 Κάνταῦθα.
873 2126 1002 2194 Reg.
1037 2129 1144 2193 hut,
1177 2127 1271 2181 καὶ
1297 2126 1566 2181 ἐντεῦθεν.

346 2196 461 2266 (76)
498 2196 831 2266 Βελιίόνων
873 2212 938 2250 τε
984 2197 1080 2248 καὶ
1131 2197 1434 2266 χειρόνων.
1462 2197 1608 2252 Elias
1635 2197 1687 2251 id
1724 2215 1743 2249 ι
1783 2196 1851 2252 de

272 2265 434 2335 bouis
455 2276 511 2319 et
539 2265 693 2335 malis
717 2265 921 2335 angelis
956 2285 975 2317 ι
1008 2265 1247 2335 expauit.

345 2334 459 2405 (77)
482 2334 572 2405 ,Τὸ
599 2333 1039 2405 διαμαρτάνειν,
1065 2333 1167 2390 etc.
1200 2334 1475 2405 Scholium
1515 2335 1666 2404 Regii
1696 2336 1812 2390 codi
1831 2366 1846 2379 -

273 2402 451 2476 cis-sic
477 2404 638 2476 habet
659 2418 683 2476 Ξ
702 2402 883 2476 Ἄξιον
904 2405 1195 2476 ἀπορῆσαι,
1220 2405 1334 2467 πῶς
1356 2404 1483 2473 περὶ
1499 2402 1844 2476 Χριστιανῶν

272 2473 613 2545 ζητημάτων-
633 2469 797 2545 εἶπεν
812 2471 949 2545 εἶναι
978 2469 1252 2545 ἀκίνδυνον
1271 2491 1338 2526 πε
1347 2475 1399 2544 pl.
1424 2469 1593 2545 ταῦτα
1614 2475 1844 2545 διαμαρ-

273 2547 419 2625 τίῖνς
454 2542 523 2595 τά
554 2541 662 2612 γὰρ
687 2542 855 2627 πολλὰ
881 2543 988 2596 τῶν
1015 2541 1510 2667 ζηττγμάτωνθπρὸς
1536 2545 1661 2607 τοὺς
1692 2541 1840 2625 αἱρεῖ

273 2628 457 2667 τικους
491 2613 620 2667 περὶ
652 2629 853 2666 τουτων
871 2615 1003 2667 ἡμῖν
1023 2630 1034 2642 ·
1079 2633 1096 2664 ι
1191 2615 1435 2667 trandum
1466 2629 1617 2667 sane.
1644 2631 1739 2667 cur
1770 2615 1840 2667 dt-

272 2613 457 2673 τικοὺς
491 2613 620 2683 περὶ
652 2613 853 2666 τούτων
871 2615 1003 2684 ἡμῖν
1023 2630 1034 2642 ·
1072 2613 1096 2664 ⁷(
1137 2613 1435 2668 Mirandum
1466 2629 1617 2677 sane,
1644 2613 1846 2668 cur-di-

274 2682 415 2760 aetit
458 2681 753 2760 Gregorius
801 2685 1309 2760 periculosumhnon
1340 2696 1484 2760 esse,
1528 2686 1570 2737 si
1605 2684 1745 2752 quis,
1791 2684 1842 2737 in

274 2752 358 2805 his
392 2751 814 2819 quaestionibus,
835 2767 953 2820 quae
984 2753 1123 2806 inter
1158 2751 1493 2806 Christianos
1540 2751 1841 2817 versantur,

272 2834 315 2891 ag
330 2835 497 2887 scopo
519 2820 752 2891 aberret.
780 2820 887 2875 Illae
909 2824 1050 2875 enim
1075 2823 1454 2876 controversia:
1469 2834 1614 2886 sunt,
1647 2831 1703 2876 nt
1728 2824 1846 2891 plu-

272 2889 492 2955 rimum,
530 2889 674 2945 inter
699 2891 1009 2946 Catholicos
1047 2901 1102 2946 et
1135 2892 1434 2946 hwreticos.
1471 2909 1490 2943 ι
1521 2889 1846 2960 Conjiciinus

309 3059 438 3103 ξ

1882 2034 1925 2089 Β
1956 2066 2133 2112 tamen
2179 2057 2504 2115 difﬁcultatis
2552 2060 2747 2115 nodum
2796 2059 2927 2115 solvi
2976 2075 3152 2128 posse,
3200 2061 3245 2117 si
3292 2077 3393 2117 vox
3441 2063 3519 2118 διο

1951 2128 2286 2199 αμαρτάνειν
2314 2128 2626 2199 accipiatur,
2655 2145 2759 2184 non
2787 2145 2884 2199 pro
2913 2147 2932 2181 ι
2966 2144 2996 2183 a
3023 2145 3248 2199 scopo,a
3266 2142 3407 2187 recta
3433 2136 3517 2188 via

1952 2198 2228 2265 aberrare,
2265 2216 2285 2249 ι
2320 2198 2462 2252 circa
2497 2198 2843 2267 quaestiones,
2872 2214 2990 2267 qua:
3015 2201 3066 2253 in
3094 2198 3516 2257 controversiam

1951 2277 2235 2337 vocantur,
2282 2268 2426 2337 quod
2480 2283 2695 2337 semper
2727 2269 3083 2336 periculosum
3131 2278 3246 2335 est;
3287 2273 3381 2325 sed
3421 2286 3518 2337 pro

1955 2353 1975 2388 ι
2008 2350 2105 2404 spe
2130 2336 2401 2406 frustrari,
2432 2356 2451 2389 ι
2486 2336 2632 2391 circa
2667 2352 2760 2392 eos
2783 2338 3097 2406 quibuscum
3126 2336 3515 2406 disputationes

1948 2405 2311 2475 aggredimur,
2339 2407 2430 2475 qui
2464 2407 2517 2461 in
2542 2405 2815 2461 erroribus
2848 2406 3114 2463 obstinate
3148 2405 3512 2474 perseverant,

1948 2473 2073 2528 licet
2118 2485 2228 2528 tum
2262 2473 2447 2540 verbo,
2482 2485 2590 2529 tum
2619 2475 2835 2542 scriptis
2869 2475 3076 2529 illorum
3115 2473 3268 2530 error
3316 2478 3513 2532 invicte

1946 2546 2265 2615 confutetur.
2285 2545 2375 2599 Sic
2395 2546 2535 2615 enim
2556 2554 2697 2599 recte
2725 2545 2920 2600 dicitur
2953 2564 2972 2596 ε
3009 2545 3225 2600 minime
3247 2547 3510 2615 periculo-

1944 2627 2083 2667 sum.
2124 2632 2144 2665 ι
2178 2612 2566 2668 Lcuvenklaius
2598 2616 2737 2669 hunc
2766 2624 3075 2669 contextum
3114 2615 3191 2668 sic
3223 2612 3449 2670 reddidit
3480 2631 3498 2668 ι

1950 2700 1967 2733 ι
2008 2681 2142 2736 Nam
2178 2694 2235 2737 ut
2270 2684 2322 2737 in
2360 2684 2440 2736 his
2476 2690 2557 2737 cst
2585 2685 2713 2737 utile
2738 2693 2991 2752 przcstare
3022 2684 3161 2752 Quod
3190 2685 3396 2753 cupias,
3428 2686 3510 2741 sic

1946 2753 2337 2873 {exspectationi
2366 2762 2596 2821 votoque
2622 2755 2783 2806 animi
2814 2769 2918 2806 non
2948 2753 3278 2819 satisfacere,
3311 2757 3516 2822 pericu-

1966 2838 1999 2873 υ
2027 2832 2196 2873 caret.
2229 2841 2248 2873 ι

1966 2838 1999 2874 υ
2027 2832 2196 2876 caret.
2229 2841 2248 2874 ι

2018 2889 2127 2960 (78)
2148 2889 2394 2957 Αὶῶγας.
2412 2889 2544 2961 Reg.
2559 2891 2666 2955 bm,
2686 2900 2737 2946 ct
2754 2891 2848 2946 Or.
2874 2893 2896 2946 I
2927 2891 3266 2958 addunt,tt7w
3277 2892 3510 2949 αἰώνων.

358 3083 3510 3116 γῄῃω

766 3219 1123 3308 ΛΟΓΟΣ
1160 3217 1362 3308 ΚΗ.

602 3378 689 3430 ΘΕ
698 3382 788 3432 ΟΛ
797 3381 1070 3434 ΟΓΙΚΟΣ
1098 3384 1135 3432 Δ
1145 3383 1188 3434 Ε
1201 3383 1490 3435 ΥΤΕΡΟΣ.

724 3513 863 3580 Περὶ
892 3514 1200 3581 θεολογίας
1236 3514 1370 3586 (79).

336 3647 415 3698 Δ’.
474 3646 693 3717 Ἐπειδὴ
721 3646 834 3717 (80)
861 3648 1278 3719 άνεκαθήραμεν
1326 3650 1403 3721 τῷ
1434 3650 1575 3720 λόγῳ
1605 3650 1695 3703 τὸν
1721 3650 1840 3705 θεο-

270 3737 453 3805 λόγον,
484 3733 595 3791 οἷόν
617 3755 677 3790 τε
712 3736 851 3793 εἶναι
871 3739 975 3810 χρὴ
997 3740 1314 3805 διελθόντες,
1352 3743 1445 3795 καὶ
1470 3742 1664 3795 οἷστισι
1691 3742 1839 3812 φιλο-

270 3826 555 3895 σοφητέον,
587 3827 680 3881 καὶ
714 3827 895 3898 ἡνίκα,
930 3829 1024 3881 καὶ
1061 3829 1211 3881 ὅσονο
1238 3830 1318 3882 ὅτι
1340 3829 1416 3893 ὡς
1442 3824 1552 3883 οἷόν
1581 3848 1638 3883 τε
1674 3832 1843 3885 καθα-

269 3915 360 3984 ρὸν
402 3914 539 3983 (81),
582 3915 667 3968 ἵνα
718 3917 857 3985 φωτὶ
898 3917 1379 3988 καταλαμϐάνηται
1422 3919 1568 3989 φῶςο
1602 3921 1695 3973 καὶ
1728 3923 1842 3984 τοῖς

266 4007 732 4077 ὲπιμελεστέροις,
773 4008 861 4061 ἵνα
898 4009 972 4080 μὴ
1003 4010 1194 4077 ἄγονος
1317 4012 1397 4073 εἰς
1429 4012 1619 4080 ἄγονον
1659 4011 1842 4083 χώραν

265 4098 558 4167 ἐμπίπτων
603 4099 631 4149 ὁ
668 4098 822 4165 λόγος
844 4115 857 4127 ·
895 4100 987 4152 καὶ
1025 4100 1151 4152 ὅταν
1186 4100 1426 4171 γαλήνην
1458 4100 1670 4171 ἔχωμεν
1696 4100 1840 4155 ἔνδον

265 4188 375 4240 ἀπὸ
400 4191 501 4259 τῆς
542 4187 647 4252 ἔξω
684 4192 1006 4260 περιφορᾶς,
1032 4190 1173 4243 ὥστε
1206 4190 1299 4261 μὴ,
1340 4191 1591 4264 καθάπερ
1628 4194 1676 4245 οἱ
1711 4192 1838 4246 λυτ-

264 4284 465 4346 τῶντες
513 4281 644 4353 (82),
693 4280 769 4351 τῷ
812 4280 1080 4351 πνεύματι
1116 4280 1531 4335 διακόπτεσθαι·
1578 4281 1671 4335 καὶ
1713 4282 1839 4335 ὅσον

265 4376 648 4445 ἐχωρήσαμεν,
676 4374 708 4444 ἢ
739 4373 1083 4444 χωρούμεθα.
1120 4370 1336 4444 Ἐπειδὴ
1360 4372 1531 4426 ταῦτα
1550 4373 1712 4439 οὕτω,
1744 4375 1839 4428 καὶ

266 4467 579 4537 ἐνεώσαμεν
633 4468 845 4529 ἑαυτοῖς
896 4464 1015 4518 θεῖα
1075 4464 1327 4535 νεώματα
1382 4466 1510 4534 (85),
1568 4466 1709 4520 ὥστε
1764 4466 1839 4538 μὴ

266 4557 514 4628 σπείρειν
565 4557 654 4608 ἐπ’
693 4556 976 4620 ἀκάνθαις,
1033 4558 1127 4610 καὶ
1166 4558 1227 4610 τὸ
1277 4558 1567 4629 πρόσωπον
1603 4562 1702 4630 τῆς
1735 4559 1839 4629 γῆς

264 4648 648 4718 ὡμαλίσαμεν,
681 4650 746 4718 τῇ
781 4647 967 4719 Γραφῇ
992 4649 1331 4711 τυπωθέντες
1356 4666 1415 4701 τε
1438 4650 1533 4702 καὶ
1560 4649 1839 4703 τυπώσαν-

2303 3233 2679 3311 ORATIO
2702 3237 3094 3318 XXVIII‘.

2243 3378 2338 3433 ΤΗ
2351 3380 2712 3441 EOLOGICA
2753 3388 2939 3445 SECU
2952 3391 3092 3446 NDA
3109 3432 3122 3447 .

2538 3524 2615 3578 De
2647 3525 2927 3597 theologia.

2012 3653 2056 3704 1.
2099 3652 2363 3718 Quoniam
2410 3668 2661 3713 sermone
2710 3660 3015 3732 theologum
3066 3670 3504 3737 repurgavimus,

1942 3756 2061 3796 cum
2100 3742 2231 3798 illud
2262 3747 2634 3814 exposuimus,
2660 3760 2714 3805 et
2738 3751 2949 3820 qualem
2976 3768 3097 3809 eum
3121 3771 3262 3822 esse,
3286 3769 3339 3813 et
3368 3763 3506 3829 apud

1943 3847 2098 3900 quos,
2127 3844 2181 3887 et
2204 3838 2444 3904 quando,
2469 3847 2525 3893 et
2550 3851 2812 3910 quatenus
2838 3845 3203 3918 phil050phari
3226 3860 3502 3919 oporteat:

1943 3941 2065 3979 nam
2099 3935 2155 3981 et
2182 3943 2303 3982 eum
2334 3944 2494 3998 quam
2529 3936 2761 3990 maxime
2788 3951 2980 4005 purum
3012 3954 3129 3995 esse
3156 3955 3377 3998 necesse
3398 3952 3503 4008 est,

1942 4027 1998 4071 ut
2036 4018 2154 4075 luce
2192 4019 2367 4075 lucem
2395 4025 2673 4093 percipiat,
2710 4038 2766 4081 et
2818 4030 2956 4096 apud
2994 4032 3288 4098 studiosos,
3329 4043 3385 4089 et
3410 4034 3496 4089 di-

1941 4107 2165 4178 ligentes
2195 4111 2468 4167 auditores
2496 4116 2795 4172 orationem
2828 4119 3046 4185 habere,
3077 4120 3244 4193 496
3271 4138 3339 4177 ne
3367 4104 3500 4179 alio-

1941 4202 2031 4271 qui
2074 4203 2127 4257 in
2192 4203 2427 4259 sterilem
2490 4215 2688 4260 terram
2745 4222 2923 4264 sermo
2984 4211 3257 4275 incidens,
3309 4214 3505 4270 sterilis

1941 4308 2152 4363 quoque
2183 4295 2298 4363 ipse
2319 4294 2388 4348 sit
2406 4296 2478 4361 ";
2509 4306 2564 4352 et
2590 4305 2701 4351 tum
2729 4298 2941 4353 demum
2959 4340 2973 4365 ,
3007 4316 3128 4355 cum
3155 4301 3224 4356 ab
3250 4310 3502 4358 externa-

1942 4399 2057 4439 rum
2099 4399 2275 4441 rerum
2306 4386 2602 4455 jactatione
2636 4390 2981 4457 tranquillum
3018 4392 3254 4446 animum
3297 4392 3498 4448 habue-

1940 4476 2127 4543 rimus,
2156 4493 2246 4542 ne,
2271 4480 2413 4548 quod
2441 4479 2882 4549 singultientibus
2917 4483 3165 4536 accidere
3195 4483 3348 4545 solet,
3386 4483 3500 4549 spi-

1941 4568 2076 4622 ritus
2121 4568 2275 4623 nobis
2332 4571 2794 4639 interrumpatur:
2850 4585 2915 4625 ac
2967 4572 3196 4640 denique
3242 4572 3504 4628 hactenus

1941 4657 2343 4726 disserendum,
2392 4671 2658 4729 quatenus
2704 4662 2787 4716 vel
2830 4662 2929 4732 ipsi
2978 4665 3360 4733 concepimus,
3417 4666 3501 4719 vel

267 4756 386 4802 τες·
446 4738 600 4812 φέρε,
650 4741 764 4803 τοῖς
801 4740 899 4810 τῆς
936 4739 1207 4809 θεολογίας
1241 4743 1341 4812 ἤδη
1382 4741 1708 4812 προσθῶμεν
1751 4743 1837 4797 λόο

1946 4746 2011 4802 ab
2041 4745 2232 4801 alienis
2260 4750 2611 4818 concipimur.
2645 4752 2948 4819 Quoniam,
2983 4754 3225 4821 inquam,
3276 4754 3389 4809 haec
3428 4754 3499 4807 ita

263 4846 401 4898 γοις,
438 4830 874 4901 προστησάμενοι
904 4830 999 4884 τοῦ
1040 4831 1193 4899 λόγου
1213 4824 1324 4885 ’τὸν
1358 4832 1593 4902 Πατέρα,
1624 4834 1716 4886 καὶ
1742 4833 1835 4886 τὸν

270 4921 414 4982 ι’ἱὸν,
446 4921 540 4971 καὶ
560 4920 620 4971 τὸ
642 4918 866 4989 Πνεῦμα
890 4921 952 4973 τὸ
981 4920 1150 4989 ἅγιον,
1182 4922 1306 4992 περὶ
1332 4914 1407 4974 ὧν
1429 4924 1457 4974 ό
1485 4921 1657 4990 λόγος,
1691 4922 1833 4976 ῶστε

269 5012 352 5063 τὸν
388 5011 488 5082 μὲν
516 5010 777 5075 εὐδοκεῖν,
827 5009 918 5063 τὸν
951 5010 1008 5063 δὲ
1046 5015 1339 5083 συνεργεῖν,
1373 5012 1433 5065 τὸ
1468 5013 1523 5066 δὲ
1571 5016 1795 5083 ἐμπνεῖν
1818 5032 1829 5043 ·

1941 4853 1999 4894 se
2029 4837 2249 4900 habent,
2292 4854 2356 4893 ac
2377 4880 2393 4907 ,
2426 4856 2494 4894 ne
2541 4856 2701 4910 super
2733 4844 2916 4910 spinas
2958 4859 3206 4899 seramus
3230 4844 3300 4909 ",
3347 4844 3502 4898 nobis

1942 4930 2119 4983 divina
2171 4931 2383 4986 novalia
2429 4934 2743 4989 novavimus
2773 4936 2841 5000 '9,
2881 4945 3144 5003 terraeque
3162 4934 3499 5003 superficiem

1940 5019 2483 5089 complanav‘imus”,
2526 5020 2805 5093 Scriptura
2856 5024 3105 5079 videlicet
3151 5039 3340 5086 sacra,
3387 5034 3499 5078 tum

265 5104 466 5174 μᾶλλον
496 5102 553 5155 δὲ
593 5102 721 5171 μίαν
757 5104 823 5155 ὲκ
849 5103 951 5172 τῆς
995 5105 1121 5173 μιᾶς
1153 5104 1401 5175 θεότητος
1439 5106 1688 5175 γενέσθαι
1737 5110 1833 5179 τὴν

1946 5110 2040 5177 ipsi
2068 5111 2363 5175 informati,
2403 5120 2512 5166 tum
2536 5115 2670 5167 alios
2705 5114 3060 5169 informantes
3088 5133 3101 5169 :
3130 5130 3248 5185 age,
3278 5114 3390 5184 jam
3425 5118 3493 5171 ad

332 5218 376 5248 ³⁷
414 5216 607 5271 Matth.
646 5231 744 5272 xm
769 5256 784 5281 ,
813 5216 929 5272 Set
950 5233 1101 5290 seqq.
1174 5220 1220 5252 ⁸⁸
1259 5221 1459 5275 ibid.7.
1538 5222 1844 5288 ’Ἶρι-,ηαξ

1962 5227 2005 5259 ³ο
2030 5226 2134 5283 Isa.
2160 5243 2347 5293 xxvm,
2367 5228 2457 5284 25.

331 5306 811 5389 fLélialei'XnI‘Y.
843 5307 973 5375 Quae
1009 5317 1185 5367 autem
1212 5312 1281 5367 28
1306 5323 1444 5377 erat,
1470 5330 1611 5371 nunc
1639 5315 1727 5370 26.
1755 5347 1823 5357 —
1929 5327 1985 5372 et
2037 5319 2296 5386 auditori,
2334 5322 2541 5389 puritas
2571 5323 2873 5378 necessaria
2897 5332 3001 5388 est,
3041 5340 3060 5374 ι
3100 5332 3158 5377 ut
3193 5323 3281 5377 lux
3312 5324 3429 5379 luce
3470 5339 3493 5373 ι

279 5367 472 5424 Habita
502 5385 647 5425 anno
668 5371 793 5426 580.

330 5446 445 5509 (79)
483 5448 624 5524 Ιζερὶ
649 5451 979 5524 ᾷεολογίας.
1007 5448 1096 5505 Sic
1121 5452 1269 5524 editi.
1296 5452 1492 5507 Eadem
1526 5453 1828 5524 inscriptio-

278 5528 349 5587 ne
398 5514 598 5587 gaudet
654 5517 709 5569 in
755 5514 1022 5587 plerisque
1043 5522 1339 5576 codicibus.

331 5585 446 5652 (80)
498 5585 767 5654 Ἐπειδήζ
788 5590 881 5644 Or.
904 5585 963 5670 of.
992 5590 1169 5643 ὲπειδέ
1198 5590 1262 5661 (Γ.
1299 5606 1393 5658 pro
1419 5592 1540 5646 ἐπεὶ
1571 5592 1673 5717 δέὂ.

331 5655 443 5717 (81)
483 5655 775 5717 Καθαρόν.
823 5658 988 5712 COIsl.
1046 5660 1097 5717 Ι.
1149 5660 1241 5715 0r.
1287 5663 1335 5717 1.
1389 5674 1517 5717 elc..
1555 5681 1673 5717 και

331 5655 443 5735 (8!)
469 5655 775 5735 βᾳθαρόν.
823 5658 988 5712 Coisl.
1046 5660 1097 5725 Ι,
1149 5655 1335 5735 OE],
1374 5674 1517 5735 _elc.,
1555 5655 1827 5735 καθαροῖς.

1933 5390 2279 5465 percipiatur,
2312 5392 2469 5465 abiis
2492 5394 2744 5465 scilicet:
2785 5393 2877 5462 qui
2905 5395 3161 5465 majorem
3188 5407 3373 5449 curam
3410 5404 3496 5448 ιιι·-

1936 5458 2175 5521 tulerint,
2219 5479 2237 5511 ι
2264 5463 2374 5523 τοῖς
2398 5462 2487 5514 ὲπι

2494 5462 2854 5534 μελεστὲροις.

2006 5527 2119 5597 (8:!)
2152 5531 2216 5581 Οἱ
2247 5527 2597 5595 λυττῶντες.
2636 5527 2780 5595 R;ts.,
2813 5533 2863 5585 οἱ
2892 5532 3160 5597 λύζοντες.

2007 5590 2116 5668 (85)
2157 5599 2292 5652 Θεῖα
2320 5590 2602 5670 νεώματὰ.
2644 5590 2841 5656 Allndit
2882 5590 3218 5671 proiectovrad
3259 5602 3373 5659 haec
3407 5605 3495 5657 .le-

1934 5682 2065 5721 rem.
2096 5672 2279 5735 verba,
2306 5686 2378 5735 Iv,
2409 5673 2444 5723 3
2476 5692 2488 5726 :
2525 5692 2541 5722 ι
2583 5671 2784 5726 Novate
2822 5670 2971 5727 vobis
2999 5670 3206 5733 uovale,
3242 5682 3292 5726 ct
3334 5676 3495 5728 nolite

261 5720 953 5807 gotttbeﬁsiuslutramque
1001 5720 1186 5807 vocent
1230 5720 1386 5785 simul
1446 5720 1827 5807 admittendam
1932 5720 2111 5791 serere
2140 5720 2560 5807 'sui.»éé'é.tinth§.
2583 5720 3307 5796 avdllvll'dil—élivaltl'vitii—Ilia!
3334 5720 3496 5795 rigati-3;

264 5800 432 5870 putat,
463 5808 568 5860 qua
599 5795 1183 5870 admissasic-reddit;
1224 5819 1241 5851 ι
1275 5812 1331 5854 ut
1358 5818 1522 5870 purus
1550 5804 1696 5869 puris
1729 5821 1825 5857 uu-

1933 5822 2120 5868 xxvm,
2157 5807 2227 5860 95
2259 5829 2267 5862 :
2301 5827 2318 5859 ε
2357 5808 2542 5868 Nonne
2571 5827 2690 5868 cum
2728 5811 3084 5879 adaequaverit
3131 5810 3323 5867 faciem
3355 5814 3497 5880 ejus,

265 5860 412 5916 ribus
433 5876 736 5920 sermonem
780 5866 1043 5922 infundat.
1080 5888 1098 5920 ρ
1138 5860 1370 5940 υιτὶιιυιέ
1402 5860 1578 5940 enim,
1624 5874 1826 5929 oratori
1930 5860 2156 5943 scretp»
2195 5860 2299 5934 etc.
