4038 6338
486 402 559 458 27
1724 406 1781 459 S.
1823 405 2152 463 GREGOBII
2193 408 2537 464 THEOLOGI
3677 412 3749 470 28

490 513 772 584 theologia:
830 526 1109 568 sermones
1167 512 1529 580 accedamus,
1578 512 1832 581 Patrem,
1878 526 1933 570 et
1979 516 2056 570 Fi-

2174 517 2438 589 ἒλλαμψιν
2483 517 2676 581 ἑνικῶς
2704 517 3086 591 διαιρουμένην
3120 519 3253 591 (84),
3287 520 3380 575 καὶ
3414 527 3748 596 συναπτομέ-

490 603 642 668 lium,
671 614 725 660 et
768 604 1029 676 Spiritum
1065 610 1337 666 sanctum,
1374 606 1439 661 de
1469 604 1666 675 quibus
1693 605 1875 662 dicere
1909 608 2056 663 insti-

2172 627 2268 680 νην
2305 610 2614 682 διαιρετῶς,
2637 609 2664 663 ὃ
2694 610 2788 663 καὶ
2818 609 3139 681 παράδοξον.

490 694 726 764 luimus,
771 698 1002 753 orationi
1049 704 1253 752 nostra:
1292 698 1692 768 praeﬁcientes;
1725 708 1782 754 ut
1819 709 1873 755 et
1914 699 2076 774 Pater
2115 716 2383 771 propensa
2433 719 2555 773 erga
2596 718 2694 757 nos
2764 702 3040 758 voluntate
3112 703 3205 770 sit,
3236 712 3289 759 et
3320 703 3486 760 Filius
3518 705 3743 775 adjutri-

490 802 607 842 cem
636 805 852 844 manum
880 790 1141 860 porrigat,
1173 799 1229 844 et
1280 788 1518 858 Spiritus
1559 789 1668 845 vim
1734 806 1891 846 suam
1962 792 2137 861 amet;
2180 795 2293 860 vel,
2342 803 2400 848 ut
2443 794 2643 849 rectius
2690 794 2903 863 loquar,
2939 809 3075 850 unus
3105 796 3171 850 ab
3201 812 3303 850 una
3345 798 3641 868 eademque
3665 800 3747 854 di-

490 882 714 936 vinitate
736 891 885 938 ortus
910 882 1085 952 fulgor
1107 880 1479 947 nosillustret,
1543 884 1873 952 coniunctim
1935 885 2245 949 distinctus.
2314 902 2379 942 ac
2422 886 2719 941 distinctim
2764 886 3113 955 cunjunetus,
3147 887 3198 943 id
3251 888 3390 959 quod
3457 889 3610 944 valde
3656 896 3748 944 ιη’·

491 972 713 1025 randum
748 981 849 1027 est.

557 1058 621 1113 ll.
662 1060 788 1116 Mihi
822 1076 984 1129 porro
1011 1063 1064 1116 in
1098 1071 1335 1119 montem
1369 1063 1625 1121 alacriter
1648 1067 1965 1123 ascendenti
1995 1067 2061 1133 ⁸¹,

490 1162 604 1219 aut,
641 1161 701 1207 ut
747 1154 928 1208 verius
963 1153 1171 1218 dicam,
1214 1154 1511 1212 ascendere
1544 1158 1867 1227 proponenti
1899 1158 2061 1215 simul

488 1260 553 1300 ac
582 1244 906 1313 trepidanti,
938 1245 1064 1300 illud
1100 1255 1322 1316 propter
1349 1262 1532 1317 spem,
1559 1249 1663 1305 hoc
1695 1261 1917 1320 propter
1958 1252 2060 1307 im-

487 1336 861 1401 becillitatem,
895 1346 955 1392 ut
982 1339 1176 1393 nubem
1204 1348 1508 1409 penetrem,
1532 1355 1595 1396 ac
1624 1356 1746 1396 cum
1778 1342 1888 1397 Deo
1912 1356 2055 1398 com-

486 1428 745 1482 mereimn
797 1429 1021 1483 habeam
1066 1428 1231 1499 (Deus
1270 1431 1416 1484 enim
1463 1430 1534 1486 ita
1582 1431 1755 1502 jubet)
1787 1426 1895 1488 :si
1937 1434 2058 1503 quis

484 1520 664 1574 Aaron
695 1529 807 1585 est,
837 1520 1089 1574 comitem
1118 1535 1176 1576 se
1222 1535 1481 1577 ascensus
1504 1523 1777 1593 praebeat,
1819 1532 1980 1595 atque
2004 1525 2055 1577 in
2089 1581 2097 1589 ,

485 1610 789 1681 propinquo
818 1619 944 1678 stet,
976 1610 1139 1666 etiam
1187 1611 1232 1666 si
1273 1621 1432 1667 extra
1472 1612 1669 1669 nubem
1702 1614 1805 1669 sibi
1837 1629 2059 1667 manen-

2240 1066 2318 1123 B'.
2369 1066 2596 1119 ’Ᾱνιόντι
2627 1064 2683 1119 δέ
2711 1081 2801 1135 μοι
2829 1063 3123 1135 προθύμως
3144 1063 3236 1117 ἐπὶ
3262 1062 3323 1116 τὸ
3349 1062 3493 1133 ὅρος,
3528 1063 3559 1135 ἢ
3589 1064 3648 1117 τό
3681 1081 3746 1133 γε

2164 1158 2524 1230 ἀληθέστερον
2556 1158 2748 1222 εἰπεῖν,
2777 1156 3212 1228 προθυμουμένῳ
3243 1172 3303 1207 τε
3339 1154 3453 1225 ἅμα
3476 1156 3570 1209 καὶ
3604 1158 3747 1225 ἀγω-

2162 1250 2367 1313 νιῶντι,
2410 1249 2472 1302 τὸ
2506 1249 2603 1320 μὲν
2641 1248 2729 1301 διὰ
2775 1248 2875 1318 τὴν
2903 1247 3114 1312 ὲλπίδα,
3148 1246 3210 1299 τὸ
3238 1246 3295 1301 δὲ
3330 1246 3417 1301 διὰ
3464 1247 3563 1318 τὴν
3593 1247 3748 1302 ἀσθέ-

2160 1357 2307 1395 νειαν
2350 1339 2482 1410 (85),
2527 1340 2614 1392 ἵνα
2656 1341 2753 1409 τῆς
2791 1338 3021 1408 νεφέλης
3054 1339 3185 1391 εἴσω
3215 1338 3457 1409 γένωμαι
3485 1338 3618 1410 (86),
3652 1341 3746 1393 καὶ

2159 1431 2279 1501 Θεῷ
2306 1431 2657 1501 συγγένωμαι
2682 1427 2860 1499 (τοῦτο
2885 1428 2995 1500 γὰρ
3028 1428 3234 1482 κελεύει
3260 1428 3437 1498 Θεός)·
3461 1430 3510 1481 εί
3541 1430 3640 1498 μέν
3660 1447 3745 1495 τις

2173 1522 2405 1594 Ἀαρὼν,
2440 1522 2724 1588 συνανίτω,
2766 1524 2860 1576 καὶ
2905 1522 3151 1593 στηκέτω
3202 1520 3448 1590 πλησίον,
3499 1522 3601 1575 κᾶν
3637 1522 3742 1590 ἔξω

2165 1613 2345 1685 μένειν
2380 1613 2482 1684 τῆς
2512 1612 2743 1683 νεφέλης
2778 1612 2892 1686 δέῃ,
2922 1611 3078 1666 τοῦτο
3115 1611 3419 1682 δεχόμενος.
3454 1613 3515 1665 El
3560 1612 3616 1667 δέ
3658 1631 3744 1677 τις

486 1677 611 1755 dum
645 1677 748 1766 sit,
773 1703 1180 1773 aequibonique
1204 1704 1519 1761 consulens.
1560 1704 1619 1758 Si
1649 1713 1830 1759 autem
1869 1703 2056 1759 Nadab

2162 1677 2368 1771 i‘ia8i6,
2393 1677 2449 1775 ἢ,
2470 1677 2709 1768 Ἀϐινοὺδ,
2746 1704 2778 1775 ἣ
2817 1677 2914 1776 τῆς
2943 1677 3254 1776 γερουσία-ς,
3273 1703 3437 1757 ἀνίτω
3462 1703 3579 1775 μὲν,
3608 1703 3745 1758 ἀλλὰ

495 1794 803 1864 quispiatu,
857 1804 952 1849 aut
983 1795 1159 1850 Abiud
1186 1837 1202 1864 ,
1251 1804 1346 1851 aut
1388 1811 1455 1852 ex
1500 1796 1776 1850 seniorum
1827 1796 2056 1862 ordine,

483 1886 741 1942 ascendat
778 1886 866 1941 ille
908 1887 1124 1957 quidem
1150 1927 1165 1951 ,
1211 1902 1395 1942 verum
1427 1888 1613 1958 procul
1660 1888 1909 1953 insistat,
1956 1903 2056 1959 pro

485 1976 824 2046 purgationis
856 1991 969 2032 sua:
1009 1980 1199 2032 merito
1230 1992 1293 2033 ac
1321 1978 1600 2049 dignitate.
1632 1978 1688 2035 Si
1719 1994 1850 2035 vero
1901 1981 2049 2050 quis-

485 2068 630 2137 piam
656 2081 687 2122 e
715 2066 894 2138 vulgo,
931 2076 1097 2138 atque
1127 2066 1435 2137 hujusmodi
1466 2069 1801 2125 sublimitate
1838 2084 1903 2124 ac
1930 2085 2051 2140 spe-

483 2156 749 2212 culatione
782 2158 1066 2228 indignus,
1101 2161 1147 2212 si
1178 2158 1395 2227 quidem
1439 2158 1664 2213 omnino
1710 2158 1957 2227 impurus
1996 2171 2060 2213 ac

2165 1797 2415 1869 στηκέτω
2443 1796 2745 1869 πόρρωθεν,
2776 1795 2918 1850 κατά
2949 1795 3047 1867 τὴν
3075 1795 3231 1861 ἀξίαν
3263 1796 3363 1864 τῆς
3400 1794 3741 1866 καθάρσεως.

2161 1889 2224 1941 Εἰ
2249 1887 2306 1940 δέ
2335 1904 2418 1951 τις
2450 1887 2557 1940 τῶν
2583 1884 2793 1939 πολλῶν
2827 1886 2917 1939 καὶ
2939 1884 3170 1949 ἀναξίων
3201 1884 3367 1955 ὕψους
3390 1884 3628 1938 τοιούτου
3650 1885 3745 1938 καὶ

2162 1978 2418 2050 θεωρίας,
2454 1980 2502 2031 εί
2551 1978 2649 2048 μὲν
2690 1976 2921 2046 ἄναγνος
2963 1977 3161 2047 πάντη,
3216 1978 3347 2047 μηδὲ
3378 1977 3637 2048 προσίτω,
3682 1980 3743 2031 οὐ

2161 2070 2269 2141 γὰρ
2306 2070 2419 2139 (87)
2458 2068 2730 2138 ἀσφαλές·
2764 2070 2813 2121 εί
2855 2068 2911 2121 δὲ
2951 2068 3257 2142 πρόσκαιρα
3297 2068 3425 2137 γοῦν
3459 2067 3567 2140 (88)
3597 2071 3749 2139 ἡγνι-

2162 2162 2378 2232 σμένος,
2416 2162 2567 2215 κάτω
2597 2162 2825 2232 μενέτω,
2854 2161 2949 2214 καὶ
2979 2161 3149 2231 μόνης
3177 2161 3422 2215 ἀκουέτω
3442 2163 3542 2232 τῆς
3563 2163 3747 2233 φωνῆς

484 2250 740 2318 profanus
769 2249 876 2315 sit,
913 2250 1059 2305 nullo
1104 2252 1263 2306 modo
1308 2252 1569 2318 accedat,
1600 2264 1775 2319 neque
1815 2250 1959 2306 enim
1988 2263 2052 2305 ea

2161 2254 2253 2307 καὶ
2286 2253 2387 2323 τῆς
2419 2251 2740 2320 σάλπιγγος,
2772 2250 2881 2306 τῶν
2910 2250 3082 2321 ψιλῶν
3113 2254 3214 2321 τῆς
3254 2252 3534 2317 εὐσεϐείας
3566 2253 3747 2324 ῥημά-

483 2356 572 2396 res
610 2341 832 2411 periculi
883 2356 1078 2411 expers
1108 2352 1192 2405 est
1228 2360 1241 2397 :
1284 2343 1330 2397 si
1365 2352 1542 2398 autem
1574 2342 1766 2397 saltem
1794 2342 1861 2397 ad
1908 2343 2056 2397 horae

2161 2360 2265 2397 των
2285 2360 2297 2372 ·
2334 2342 2727 2413 καπνιςόμενόν
2756 2359 2813 2395 τε
2845 2342 2906 2395 τὸ
2931 2341 3055 2412 ὅρος
3082 2341 3325 2411 βλεπέτω
3357 2341 3469 2412 (89)
3492 2342 3582 2395 καὶ
3614 2360 3746 2395 κατ-

484 2443 694 2504 tempus
724 2443 1004 2504 purgatus,
1056 2435 1193 2489 infra
1239 2435 1524 2502 subsistat,
1571 2450 1636 2490 ae
1662 2435 1833 2490 solam
1868 2449 2056 2489 vocem

483 2534 538 2580 et
564 2527 883 2592 buccinam,
923 2528 1025 2582 hoc
1054 2536 1158 2592 est,
1194 2531 1333 2582 nuda
1384 2526 1604 2595 pietatis
1645 2527 1812 2582 verba
1852 2527 2055 2581 audiat.

484 2618 719 2675 Montem
750 2620 912 2674 etiam
950 2620 1097 2676 fumo
1145 2619 1533 2675 circumfusum
1573 2635 1638 2675 ae
1678 2626 2055 2675 coruscantem

483 2721 694 2775 cernat,
715 2721 922 2767 terrore
950 2712 1111 2767 simul
1136 2726 1228 2767 eos
1250 2720 1305 2767 et
1327 2711 1685 2765 admiratione
1711 2709 2056 2774 aﬂicientem,

482 2802 680 2873 quibus
712 2802 1009 2858 aScendere
1057 2802 1284 2857 minime
1316 2803 1458 2857 licet.
1487 2801 1639 2870 Quod
1676 2800 1719 2856 si
1753 2801 1874 2870 quis
1915 2801 2055 2854 mala

483 2906 540 2951 et
580 2910 719 2950 saeva
758 2896 928 2950 bestia
966 2902 1079 2961 est,
1121 2909 1220 2949 nec
1269 2894 1652 2961 speculationis
1686 2901 1740 2948 et
1777 2892 2056 2961 theologia:

483 2983 594 3039 ullo
626 2983 787 3039 modo
832 2999 1035 3053 capax,
1074 3000 1175 3050 ne,
1207 2985 1353 3039 velut
1392 2985 1445 3039 in
1500 2984 1683 3049 silvis,
1728 2994 1943 3039 versute
1987 2998 2051 3037 ac

482 3077 754 3131 malitiose
804 3077 1012 3142 latitet,
1056 3087 1115 3132 ut
1153 3077 1352 3147 impetu
1389 3086 1607 3146 repente
1642 3075 1786 3132 facto
1825 3076 2049 3130 verbum

483 3166 699 3236 aliquod
721 3206 737 3232 ,
780 3166 863 3220 vel
901 3165 1093 3236 dogma
1134 3166 1344 3235 rapiat,
1376 3177 1540 3235 atque
1565 3166 2053 3221 obtrectationibus

485 3265 541 3309 et
588 3256 873 3311 calumniis
919 3256 1330 3311 saluberrimam
1382 3256 1687 3311 doctrinam
1741 3256 2053 3324 discerpat,

482 3360 665 3401 verum
695 3347 909 3418 longius
932 3348 1107 3402 adhuc
1131 3348 1414 3414 consistat,
1441 3355 1604 3417 atque
1633 3361 1663 3401 a
1692 3354 1875 3402 monte
1902 3361 2059 3400 rece-

483 3442 623 3496 dat:
675 3440 873 3510 alioqui
923 3441 1189 3509 lapidibus
1233 3442 1590 3512 opprimetur,
1648 3452 1703 3496 et
1748 3442 2051 3507 obteretur,

484 3529 763 3601 nialusque
797 3531 936 3586 male
975 3534 1320 3601 perdetur“.
1378 3532 1545 3604 497
1595 3533 1864 3603 (Lapides
1912 3533 2055 3587 enim

484 3632 610 3675 sunt
648 3622 900 3678 belluinis
940 3623 1251 3679 hominibus
1285 3624 1401 3678 veri
1434 3639 1497 3677 ac
1522 3624 1678 3678 solidi
1706 3638 2007 3678 sermones.
2036 3625 2053 3691 )

486 3713 845 3785 Sive-pardus
886 3716 977 3781 sit,
1010 3716 1171 3771 simul
1200 3732 1321 3771 enm
1356 3716 1520 3771 variis
1550 3716 1661 3771 suis
1686 3716 1829 3771 notis
1854 3727 1910 3770 et
1939 3730 2052 3769 ma-

485 3802 622 3857 culis
658 3804 920 3859 moriatur
945 3805 991 3837 ”
1024 3825 1039 3860 :
1071 3806 1185 3860 sive
1236 3805 1320 3860 leo
1349 3805 1564 3873 rapiens
1606 3813 1661 3860 et
1706 3805 1959 3874 rugiens,
1993 3819 2058 3860 ac

486 3910 736 3964 quaerens
789 3912 1077 3967 quamnam
1130 3897 1432 3952 animarum
1482 3906 1575 3952 aut
1614 3896 1909 3953 dictionum
1960 3913 2060 3951 no-

485 3995 717 4043 strarum
744 3990 966 4045 devoret
992 3990 1037 4022 “
1062 4007 1077 4056 ;
1105 3990 1221 4044 sive
1249 4004 1445 4059 porcus
1466 4030 1481 4054 ,
1519 3991 1763 4059 egregias
1794 3999 1851 4045 et
1888 3990 2059 4059 pellu-

484 4080 634 4135 cidas
659 4080 901 4135 veritatis
932 4080 1252 4150 margaritas
1292 4080 1621 4135 conculcans
1643 4080 1723 4145 ‘5;
1760 4081 1877 4135 sive
1899 4080 2058 4151 lupus

485 4170 756 4225 Arabicns
781 4170 826 4201 ³⁸
852 4179 906 4224 et
931 4169 1268 4238 peregrinus,
1294 4179 1386 4222 aut
1418 4171 1581 4224 etiam
1613 4170 1718 4236 his,
1747 4170 1923 4239 quoad
1954 4186 2045 4226 so-

2158 2434 2631 2505 αστραπτόμενυν,
2693 2434 2920 2505 ἀπειλήν
2964 2450 3021 2486 τε
3068 2432 3204 2503 ὁμοῦ
3251 2434 3345 2485 καὶ
3403 2433 3587 2503 θαῦμα
3631 2437 3746 2499 τοῖς

2158 2526 2369 2580 ἀνιέναι
2407 2528 2480 2597 μὴ
2508 2525 2847 2595 δυναμένοις.
2884 2527 2944 2578 Ei
2982 2524 3037 2577 δέ
3085 2542 3167 2588 τις
3204 2524 3391 2596 θηρίον
3428 2526 3546 2578 ἐστὶ
3579 2542 3745 2596 πονη-

2163 2618 2274 2689 ρδν,
2309 2619 2401 2671 καὶ
2425 2618 2721 2688 ἀνήμερον,
2748 2618 2842 2670 καὶ
2864 2616 3212 2670 ἀνεπίδεκτον
3229 2617 3404 2688 πάντη
3433 2617 3604 2686 λόγων
3630 2616 3742 2689 (90)

2159 2710 2396 2781 θεωρίας
2438 2710 2532 2763 καὶ
2582 2709 2880 2778 θεολογίας,
2920 2709 2993 2779 μὴ
3028 2709 3393 2779 ὲμφωλευέτω
3434 2713 3554 2773 ταῖς
3590 2710 3744 2773 ὕλαις

2158 2802 2485 2871 κακούργως
2510 2803 2603 2856 καὶ
2634 2800 2943 2870 κακοήθως,
2981 2800 3069 2853 ἵνα
3101 2800 3245 2862 τινὸς
3282 2800 3511 2870 λάϐηται
3543 2800 3747 2871 δόγμα·-

2157 2895 2300 2966 τοςῆ
2334 2895 2597 2966 ῥήματος,
2630 2893 2843 2963 ἁθρόως
2876 2892 2984 2963 (91)
3027 2893 3439 2965 προσπηδῆσαν,
3476 2893 3567 2945 καὶ
3602 2910 3742 2945 σπα-

2168 2986 2305 3059 ράξῃ
2349 2987 2476 3048 τοὺς
2516 2985 2855 3053 ὑγιαίνοντας
2889 2984 3077 3052 λόγους
3121 2986 3240 3047 ταῖς
3276 2984 3591 3056 ὲπηρείαις·
3630 2985 3742 3038 ἀλλ’

2161 3075 2241 3129 ἔτι
2287 3076 2570 3148 πόρρωθεν
2611 3077 2877 3147 στηκέτω,
2920 3076 3012 3129 καὶ
3047 3076 3399 3146 ἀποχωρείτω
3425 3075 3517 3129 τοῦ
3549 3075 3740 3149 ὅρους·

2160 3166 2191 3237 ἢ
2224 3164 2720 3236 λιθοϐοληθήσεται,
2750 3166 2843 3219 καὶ
2876 3165 3312 3238 συντριϐήσεται,
3338 3166 3431 3220 καί
3463 3167 3742 3220 ἀπολεῖται

2164 3254 2353 3318 κακῶς
2380 3256 2575 3319 κακός’
2618 3255 2754 3309 λίθοι
2779 3256 2887 3326 γάρ
2916 3257 3027 3319 τοῖς
3062 3255 3401 3326 θηριώδεσιν,
3446 3257 3494 3309 οἱ
3525 3255 3744 3327 ἀληθεῖς

2158 3348 2303 3417 λόγοι
2335 3349 2426 3403 καὶ
2453 3348 2689 3420 στερροί.
2723 3348 2845 3401 Εἴτε
2877 3348 3139 3419 πάρδαλις
3168 3349 3273 3419 εἴη,
3309 3348 3746 3419 συναποθνησκέ-

2160 3456 2236 3491 τω
2267 3441 2379 3500 τοῖς
2413 3437 2761 3508 ποικίλμασιν
2786 3454 2799 3467 ο
2836 3437 2949 3489 εἴτε
2985 3436 3121 3490 λέων
3155 3435 3414 3507 ἁρπάζων
3445 3437 3538 3490 καὶ
3570 3436 3743 3508 ὠρυό-

2165 3547 2344 3600 μενος,
2376 3530 2469 3581 καὶ
2502 3527 2679 3597 ζητῶν
2710 3529 2897 3597 ἥντινα
2924 3527 3125 3598 βρῶσιν
3152 3528 3436 3597 ποιήσεται
3475 3528 3583 3579 τῶν
3609 3530 3743 3597 ἡμεο

2160 3620 2216 3671 τὲ
2227 3637 2332 3691 ρων
2362 3619 2548 3689 ψυχῶν
2576 3618 2607 3688 ἢ
2634 3617 2831 3684 λέξεων
2854 3635 2867 3648 ’
2894 3618 3002 3670 εἴτε
3028 3617 3124 3680 σῦς
3151 3616 3479 3670 καταπατῶν
3504 3618 3627 3680 τοὺς
3650 3635 3747 3671 κα-

2160 3709 2285 3773 λούς
2317 3727 2375 3762 τε
2405 3710 2501 3762 καὶ
2530 3709 2773 3776 διαυγεῖς
2798 3708 3142 3778 μαργαρίτας
3180 3707 3279 3777 τῆς
3306 3707 3562 3773 ἀληθείας
3585 3723 3596 3735 ·
3632 3708 3741 3759 εἴτε

2161 3803 2323 3865 λύκος
2369 3800 2655 3872 ’Λραϐικὸς
2690 3800 2802 3870 (92)
2848 3802 2941 3853 καὶ
2974 3798 3288 3868 ἀλλόφυλος,
3339 3798 3370 3869 ἢ
3405 3799 3498 3852 καὶ
3538 3798 3745 3852 τούτων

2160 3892 2414 3962 ὀξύτερος
2451 3894 2563 3954 τοῖς
2602 3891 2958 3960 σοφίσμασινο
3008 3892 3131 3963 εἴτε,
3159 3889 3401 3959 ἀλώπηξ,
3434 3888 3626 3959 δολερά
3658 3907 3744 3953 τις

2160 3983 2305 4053 ψυχὴ
2343 3982 2438 4036 καὶ
2472 3983 2720 4046 ἄπιστος,
2748 3983 2842 4034 καὶ
2873 3982 3061 4035 ἄλλοτε
3090 3981 3221 4051 ἄλλη
3256 3983 3368 4044 τοῖς
3406 3983 3617 4051 καιροῖς
3649 3981 3743 4034 καὶ

2158 4077 2280 4137 ταῖς
2308 4073 2520 4144 χρείαις
2559 4071 3046 4144 συμμορφουμένη,
3105 4072 3173 4142 ἢν
3218 4070 3389 4143 νεκρὰ
3430 4072 3619 4140 τρέφει
3649 4072 3746 4125 καὶ

2160 4164 2393 4217 ὀδωδότα
2428 4162 2674 4233 σώματα,
2707 4163 2739 4234 ἦ
2776 4162 3100 4234 ἀμπελῶνες
3121 4163 3327 4235 μικροὶ,
3359 4162 3466 4215 τῶν
3490 4163 3744 4232 μεγάλων

486 4254 757 4321 pbismata
790 4263 845 4309 et
889 4253 1161 4323 eaptiosas
1208 4254 1620 4324 disputationes,
1667 4258 1911 4321 acutior;
1944 4259 2056 4313 sive

2161 4254 2631 4323 διαπεφευγότων·
2695 4255 2805 4307 εἴτε
2853 4271 2906 4307 τι
2957 4254 3083 4309 ἄλλο
3131 4254 3239 4308 τῶν
3290 4254 3604 4324 ὠμοϐόρων,
3646 4252 3743 4307 καὶ¹

487 4345 679 4415 vulpes
698 4346 766 4410 ⁸⁷,
796 4346 897 4399 hoc
926 4354 1029 4409 est,
1063 4353 1280 4399 versuta
1311 4346 1554 4414 quaadam
1592 4345 1767 4399 anima
1791 4387 1806 4411 ,
1844 4346 2055 4417 ﬁdeque

2161 4347 2481 4417 ἀποϐλήτων
2512 4344 2591 4417 τῷ
2623 4345 2790 4417 νόμῳ,
2820 4346 2915 4399 καὶ
2951 4345 3011 4399 ού
3042 4344 3293 4415 καθαρῶν
3331 4346 3411 4407 είς
3449 4343 3647 4414 βρῶσίν
3680 4361 3743 4396 τε

485 4436 710 4506 ancipiti
743 4435 989 4505 praedita,
1014 4445 1065 4489 et
1084 4451 1179 4505 pro
1196 4446 1492 4506 temporum
1511 4437 1877 4492 varietatealia
1893 4448 2054 4508 atque

2161 4439 2255 4491 καὶ
2284 4437 2604 4491 ἀπόλαυσιν.
2640 4437 2894 4490 Βούλεται
2937 4436 3046 4506 γὰρ
3085 4436 3287 4491 τούτων
3320 4437 3686 4506 ἀποχωρήσας
3713 4437 3741 4487 ό

482 4524 614 4588 alia,
636 4538 935 4594 novamque
950 4524 1195 4591 subinde,
1208 4534 1265 4581 ut
1279 4526 1329 4580 id
1349 4527 1509 4581 rebus
1527 4528 1640 4582 suis
1655 4530 1960 4583 conducere
1973 4545 2055 4584 ar-

2161 4530 2333 4597 λόγος,
2351 4528 2493 4583 οὕτω
2517 4528 2676 4593 πλαξὶ
2704 4529 2955 4600 στερραῖς
2982 4527 3076 4582 καὶ
3095 4527 3323 4591 λιθίναις
3345 4526 3737 4597 ἐγγράφεσθαι,

480 4615 740 4681 bitratur,
773 4614 999 4669 formam
1029 4631 1336 4684 assumens,
1363 4632 1523 4688 quam
1559 4631 1772 4674 mortua
1800 4629 1855 4675 et
1888 4621 2050 4675 fetida

2161 4623 2252 4676 καὶ
2283 4620 2507 4685 ταύταις
2535 4620 2941 4692 ἀμφοτέρωθεν,
2974 4621 3063 4673 διά
3097 4637 3157 4673 τε
3192 4621 3253 4673 τὸ
3293 4619 3616 4690 φαινόμενον
3644 4618 3740 4672 τοῦ

477 4720 707 4775 corpora
748 4709 1017 4774 nutriunt,
1052 4718 1145 4764 aut
1179 4710 1410 4767 humiles
1434 4712 1629 4775 vineae,
1657 4728 1778 4767 cum
1810 4714 1877 4768 ad
1913 4714 2052 4770 altas

2161 4715 2346 4785 νόμου,
2385 4715 2480 4768 καὶ
2513 4714 2573 4767 τὸ
2599 4712 3002 4785 κρυπτόμενον·
3031 4713 3091 4765 τὸ
3122 4712 3219 4782 μὲν
3240 4715 3353 4776 τοῖς
3381 4712 3595 4775 πολλοῖς
3628 4710 3739 4781 (95)

478 4798 723 4868 aSpirare
776 4811 1041 4869 nequeat;
1098 4803 1213 4855 sive
1270 4801 1503 4872 denique
1555 4804 1699 4858 aliud
1766 4806 2036 4875 quoddam
2088 4809 2430 4862 erudiverunt
2492 4805 2725 4871 animal,
2790 4804 3028 4873 legisque
3089 4805 3265 4859 edicto
3339 4804 3738 4872 rejeetaneumv

548 4936 587 4968 ³¹
608 4934 999 5001 Exod.xrx,24.
1035 4935 1516 5002 “Mattb.xxt,4l.
1553 4938 1958 5007 ³³Ιετ.ιιιι,ἳ“5.
1992 4940 2237 4996 “lPetr.
2261 4939 2389 5005 v,8.
2419 4939 2462 4970 ³⁸
2485 4937 2673 4991 Matth.
2693 4936 2861 5004 vn,6.
2891 4935 3153 4991 “Habac.
3180 4906 3287 5001 1,8.
3319 4936 3363 4968 θ’
3385 4935 3618 5000 Cant.tt,
3648 4934 3738 4991 l5.

548 5049 664 5128 (84)
716 5050 954 5128 Ἑνικῶς
995 5051 1437 5128 διαιρουμέφξην,
1486 5063 1592 5109 etc.
1639 5074 1658 5107 ι
1710 5055 2051 5128 Corijunctim

2161 5058 2340 5113 bebat.
2376 5056 2496 5110 Bill.

477 5122 783 5184 distinctus,
809 5137 871 5175 ac
897 5122 1189 5197 distinetim
1218 5124 1554 5197 coniunctus,
1598 5146 1617 5197 ι
1649 5128 1700 5181 id
1721 5122 1839 5189 est;
1860 5146 1877 5178 ι
1915 5129 2054 5183 sicut

2233 5129 2345 5197 (89)
2385 5126 2681 5180 Βλεπέτω.
2722 5125 2775 5181 In
2806 5126 3095 5197 nonnullis,
3125 5123 3357 5195 βλέπων.

477 5202 943 5266 unusperma‘net,
966 5194 1578 5266 ethunsidistingnatur,
1607 5196 1677 5251 ita
1704 5201 2056 5266 quodammo-
2234 5194 2344 5266 (90)
2384 5197 2609 5265 Λόγων.
2641 5197 2852 5260 Comb.,
2880 5195 3057 5264 λόγου.
3113 5194 3129 5266 ς

478 5207 617 5247 unus
644 5202 943 5261 permanet,
966 5202 1175 5246 etiamsi
1199 5202 1578 5264 distinguatur,
1607 5202 1677 5251 ita
1704 5202 2056 5266 quodammo-

478 5262 952 5337 do_d_i_stinguitt_tr,
980 5262 1074 5315 etsi
1111 5264 1451 5337 cohaereant

2255 5202 2323 5251 90
2384 5202 2609 5265 Λόγων.
2641 5202 2852 5260 Comb.,
2880 5202 3057 5264 λόγου.
3126 5234 3129 5237 ›

2228 5202 2344 5337 (91)
2392 5268 2664 5335 Ἀθρόως.
2700 5266 2914 5337 Comb.,
2941 5266 3035 5337 xei
3068 5264 3298 5337 ἀθρόως.

2543 5074 2556 5108 :
2592 5074 2610 5107 ι
2653 5055 2842 5111 leviter
2864 5056 3073 5111 saltem.
3107 5073 3126 5107 ι

2229 5330 2562 5406 (92)Λύκος
2616 5330 3241 5405 Ἆραϐικός.ΑΙΙιιι1ίί3(1
3275 5332 3570 5406 htecverba
3629 5330 3735 5406 [la-

2156 5401 2349 5473 bacuc',
2384 5424 2422 5473 ι,
2454 5401 2577 5460 ϐτί(
2620 5401 2928 5459 velociores
2960 5406 3097 5473 lupis
3124 5403 3469 5473 vespertinis.
3498 5420 3516 5451 ι
3547 5401 3600 5453 In
3631 5401 3729 5456 Se-

2160 5470 2436 5548 ptuaginta
2500 5476 2734 5548 legitur:
2795 5494 2812 5525 ι
2851 5476 2991 5541 lupis
3018 5470 3274 5548 Arabiae,
3311 5490 3330 5523 ›
3383 5470 3473 5541 qui
3525 5474 3737 5525 cazteris

2160 5543 2353 5601 robore
2384 5558 2437 5598 et
2471 5543 2798 5612 proceritate
2827 5554 2952 5597 sunt
2992 5543 3344 5599 crudeliores.

2229 5616 2339 5688 (95)
2372 5618 2438 5671 Τὸ
2458 5608 2719 5688 μὲν-τοῖς
2738 5615 3010 5688 πολτᾷοῖς,
3040 5625 3147 5688 etc.
3178 5612 3329 5688 Bill._:
3357 5629 3374 5659 ι
3405 5608 3509 5663 illis
3537 5608 3734 5676 pleris-

2162 5681 2284 5810 quei
2323 5681 2583 5810 'etbhumi
2633 5684 2994 5753 manentibus,
3039 5686 3139 5739 hoc
3175 5681 3381 5752 paucis,
3411 5692 3733 5748 sursumque

2166 5766 2249 5810 ten
2292 5760 2396 5810 enti
2443 5771 2521 5810 us.
2564 5773 2582 5806 ι

2166 5757 2521 5812 tendentibus.
2564 5773 2582 5806 ι

548 5331 663 5405 (85)
716 5330 1077 5405 Ἀσθένειᾳγ.
1109 5332 1201 5387 Or.
1234 5334 1285 5396 1,
1324 5333 1601 5405 ἀλήθειαν,
1635 5355 1652 5387 ι
1693 5339 2006 5405 veritatem,
2034 5359 2051 5391 ι

478 5410 534 5455 et
563 5402 637 5455 ad
672 5415 867 5470 marg,
900 5402 1203 5455 ἀσθένειαν.

546 5470 659 5543 (8(5)
701 5470 990 5540 Γένιυμαι.
1030 5471 1167 5543 Πρε.
1190 5487 1242 5534 a,
1274 5473 1601 5543 γενώμενος.

698 5543 854 5618 [lpos
868 5560 986 5605 ιτω,
1007 5543 1079 5597 οὐ
1097 5541 1229 5618 γάρ.
1248 5543 1395 5618 0r._1
1408 5541 1768 5618 ,ξπροσιτέτω,
1787 5547 1911 5600 οὐδὲ
1930 5549 2053 5618 γάρ.

571 5610 661 5679 88)
691 5611 1044 5681 [Apama/pa
1076 5610 1245 5681 γοῦν.
1284 5632 1301 5663 ι
1347 5610 1547 5667 83116111
1602 5618 1667 5670 ad
1723 5618 1868 5671 hora:
1914 5610 2047 5671 teni-

478 5694 599 5750 pus.
634 5699 652 5730 ι
689 5679 800 5762 [lac
831 5679 1585 5762 voce'siguitieat.Gregorius
1621 5697 1830 5762 tempus
1865 5697 1914 5742 et
1959 5688 2051 5762 Ιιοο

480 5766 617 5819 ram,
650 5751 843 5821 quibus
878 5751 962 5807 lex
1002 5751 1231 5810 a’certis
1263 5753 1620 5813 immunditiis
1658 5751 1929 5813 abétinere
1968 5756 2053 5826 ju-
