4038 6338
298 430 373 487 29
1382 428 1639 486 ORATIO
1676 427 1914 487 XXVIII.
1954 460 2025 475 --
2064 429 2503 489 THEOLOGICA
2539 431 2606 488 II.
3294 480 3300 484 .
3500 437 3569 492 30

295 540 394 596 καὶ
413 537 567 593 κάτω
601 532 843 607 μένουσι,
870 533 931 588 τὸ
970 534 1028 588 δὲ
1067 536 1181 602 τοῖς
1218 534 1416 606 ὀλίγοις
1457 540 1552 593 καὶ
1598 541 1710 595 ἄνω
1757 542 1898 611 φθά-

295 648 502 688 νουσιν.

2008 559 2108 599 nec
2133 559 2346 614 purum,
2383 553 2443 600 ut
2480 546 2545 600 iis
2573 554 2629 601 et
2653 544 2795 601 vesci
2837 553 2891 601 et
2919 544 3021 601 frui
3052 544 3230 603 liceat.
3267 550 3391 606 Vult
3427 555 3569 607 enim

2004 643 2191 692 nostra
2226 637 2472 692 doctrina
2517 636 2584 691 ab
2609 638 2692 692 his
2734 639 3044 705 abscedere,
3073 648 3231 710 atque
3272 643 3340 696 ita
3388 646 3570 702 solidis

296 732 356 780 et
404 720 632 791 lapideis
680 717 877 774 tabulis
920 718 1170 785 inscribi,
1226 719 1390 790 idque
1434 723 1725 793 utrinque,
1755 726 1897 795 quod
1936 729 2191 785 nimirum
2263 730 2345 784 lex
2412 730 2606 801 partim
2641 732 2921 800 perspicua
2959 733 3054 798 sit,
3081 736 3275 803 partim
3312 738 3489 793 abdita
3517 751 3569 797 et

298 814 598 868 abstrusa:
635 810 766 867 illud
793 810 1015 880 quidem
1043 809 1317 880 plerisque
1341 812 1408 866 ad
1445 812 1657 869 radices
1695 816 1898 871 montis
1938 819 2388 889 subsistentibus,
2418 822 2519 876 hoc
2558 830 2740 878 autem
2809 825 2995 894 paucis
3029 825 3083 881 in
3117 835 3352 884 montem
3377 844 3569 886 ascen-

298 907 579 961 dentibus.

370 995 446 1047 I".
488 993 556 1047 Τί
576 992 737 1047 τοῦτο
771 992 992 1058 ἔπαθον,
1019 986 1064 1047 ὦ
1094 993 1260 1064 φίλοι,
1283 996 1378 1049 καὶ
1415 994 1633 1066 μύσται,
1664 997 1757 1051 καὶ
1788 998 1876 1069 τῆς

2063 998 2148 1056 lll.
2190 999 2388 1055 Verum
2410 1001 2538 1070 quid
2577 1000 2707 1056 mihi
2742 1001 2958 1066 accidit,
2996 1016 3030 1057 o
3064 1003 3247 1068 amici,
3279 1019 3344 1060 ac
3374 1005 3567 1061 iisdem

295 1086 562 1157 ἀληθείας
597 1085 960 1157 συνερασταίς
1002 1087 1263 1158 Ἔτρεχον
1314 1087 1424 1158 (94)
1463 1088 1582 1159 μὲν,
1620 1088 1697 1150 ὡς
1757 1090 1890 1145 Θεὸν

296 1178 770 1248 καταληψόμενος,
808 1177 903 1231 καὶ
945 1177 1119 1241 οὕτως
1155 1178 1383 1250 ἀνῆλθον
1414 1180 1506 1232 ἐπὶ
1538 1180 1598 1233 τὸ
1620 1180 1766 1250 ὄρος,
1795 1181 1891 1234 καὶ

292 1271 395 1342 τὴν
435 1269 672 1339 νεφέλην
700 1269 932 1339 διέσχον,
981 1269 1112 1322 εἴσω
1152 1269 1441 1340 γενόμενος
1472 1271 1581 1324 ἀπὸ
1623 1274 1723 1342 τῆς
1756 1271 1888 1343 ὕλης

296 1363 391 1415 καὶ
418 1362 527 1414 τῶν
559 1359 780 1427 ὑλικῶν,
826 1360 918 1414 καὶ
939 1362 1018 1424 εἰς
1051 1361 1306 1431 ἐμαυτὸν,
1330 1361 1404 1425 ὡς
1423 1355 1533 1415 οἷόν
1558 1378 1636 1425 τε,
1664 1378 1890 1430 συστρα-

296 1452 437 1521 φείς.
483 1452 638 1504 Ἐπεὶ
673 1452 730 1503 δὲ
765 1450 1128 1522 προσέϐλεψα,
1165 1451 1317 1521 μόλις
1351 1448 1489 1505 εἶδον
1520 1452 1655 1505 Θεοῦ
1678 1453 1747 1506 τὰ
1767 1453 1887 1507 ὀπί-

297 1544 422 1595 σθια
448 1541 593 1611 (95)·
628 1542 722 1595 καὶ
754 1542 932 1606 τοῦτο,
961 1544 1027 1612 τῇ
1063 1542 1237 1613 πέτρᾳ
1268 1542 1618 1606 σκεπασθεὶς,
1643 1542 1721 1610 τῷ
1756 1560 1887 1615 σαρ-

295 1634 528 1687 κωθέντι
556 1634 624 1687 δι’
660 1636 806 1706 ἡμᾶς
832 1635 992 1706 Λόγῳ
1028 1635 1163 1707 (96).
1208 1636 1320 1689 Καὶ
1366 1637 1561 1707 μικρὸν
1595 1636 1883 1706 διακύψας,

292 1731 356 1783 οὐ
400 1730 503 1801 τὴν
539 1728 765 1801 πρώτην
795 1748 853 1783 τε
884 1730 979 1784 καὶ
1013 1732 1290 1801 ἀκήρατον
1330 1729 1510 1798 φύσιν,
1557 1732 1651 1784 καὶ
1694 1731 1882 1802 ἑαυτῇ,

292 1820 437 1888 λέγω
467 1820 534 1890 δὴ
561 1820 626 1890 τῇ
654 1820 863 1890 Τριάδι,
889 1820 1326 1891 γινωσκομένην,
1355 1821 1451 1874 καὶ
1483 1822 1580 1891 ὅση
1610 1819 1704 1874 τοῦ
1732 1820 1883 1892 πρώ-

291 1930 388 1965 του
435 1911 936 1982 καταπετάσματος
982 1915 1111 1966 είσω
1155 1912 1337 1983 μένει,
1377 1913 1470 1967 καὶ
1511 1913 1616 1965 ὑπὸ
1646 1912 1752 1965 τῶν
1790 1929 1885 1982 χε-

294 2006 495 2077 ρουϐιμ
527 2004 973 2072 συγκαλύπτεται
1011 2004 1146 2069 (97),
1182 2003 1297 2056 ἀλλ’
1324 2004 1425 2073 ὅση
1468 2003 1754 2057 τελευταία
1788 2003 1883 2056 καὶ

290 2098 371 2161 είς
402 2098 553 2167 ἡμᾶς
583 2095 883 2164 φθάνουσα.
920 2094 987 2147 Ἦ
1012 2094 1068 2147 δέ
1102 2097 1268 2160 ἐστιν,
1302 2096 1403 2148 ὅσα
1445 2095 1554 2166 (98)
1597 2095 1698 2165 ἐμὲ
1723 2093 1884 2164 γινώ-

290 2206 464 2253 σκειν,
496 2190 530 2258 ἡ
567 2189 625 2240 ὲν
647 2189 759 2249 τοῖς
788 2186 1071 2256 κτίσμασι,
1100 2187 1194 2239 καὶ
1225 2188 1336 2251 τοῖς
1366 2188 1459 2239 ὑπ’
1483 2187 1649 2239 αὐτοῦ
1681 2186 1881 2258 προϐενο

288 2281 387 2349 ὅλη
397 2280 583 2349 μένοις
602 2280 698 2332 καὶ
716 2277 1107 2347 διοικουμένοις
1131 2278 1505 2348 μεγαλειότης,
1531 2280 1585 2349 ἢ,
1603 2279 1677 2343 ὡς
1692 2281 1720 2332 ὁ
1741 2278 1881 2342 Θεῖος

1992 1093 2163 1148 sacris
2193 1092 2426 1159 initiati,
2463 1092 2811 1163 ejusdemque
2847 1093 3095 1149 veritatis
3145 1097 3403 1152 studiosi?
3431 1097 3564 1153 Cur-

1990 1184 2176 1238 rebam
2213 1184 2313 1238 hoc
2345 1185 2549 1250 animo,
2586 1185 2738 1252 quasi
2775 1183 2940 1238 Deum
2973 1195 3355 1255 percepturus,
3381 1189 3567 1259 sicque

1990 1274 2041 1328 in
2069 1282 2307 1328 montem
2339 1275 2583 1339 ascendi,
2618 1289 2681 1331 ac
2718 1276 2912 1329 nubem
2944 1276 3261 1345 penetravi,
3289 1293 3317 1331 a
3342 1282 3565 1339 materia

1991 1364 2263 1432 rebusque
2298 1364 2522 1419 materia
2566 1364 2944 1421 constantibus
2991 1367 3268 1433 reductus,
3303 1376 3466 1438 atque
3511 1371 3564 1425 in

1988 1454 2288 1522 meipsum,
2343 1455 2521 1523 quoad
2570 1454 2688 1524 ejus
2725 1454 2838 1509 ﬁeri
2868 1465 3116 1526 poterat,
3167 1456 3447 1513 collectus.
3499 1458 3567 1515 Ut

1988 1550 2168 1599 autem
2196 1546 2473 1599 oculorum
2534 1544 2705 1600 aciem
2754 1544 2948 1614 adjeci,
2980 1546 3063 1601 vix
3102 1547 3204 1603 hoc
3254 1549 3414 1604 etiam
3445 1563 3565 1604 sum

1987 1643 2312 1690 consecutus
2332 1676 2348 1700 ,
2380 1646 2437 1689 ut
2470 1635 2566 1691 Dei
2620 1637 2925 1705 posteriora
2974 1652 3254 1694 cernerem
3287 1640 3334 1672 ⁸⁸
3354 1679 3371 1706 ,
3404 1642 3567 1711 idque

1985 1736 2135 1796 petra
2160 1766 2174 1790 ,
2215 1728 2317 1781 hoc
2343 1738 2461 1792 est,
2500 1728 2681 1783 Verbo
2709 1739 2908 1785 nostra:
2955 1732 3146 1788 salutis
3181 1748 3343 1790 causa
3398 1736 3567 1791 incar-

1985 1828 2134 1879 nato,
2163 1830 2462 1876 contectus.
2504 1821 2679 1890 Atque
2709 1822 3040 1893 aliquantum
3072 1827 3425 1897 prospiciens,
3456 1845 3563 1885 non

1985 1909 2209 1979 primam
2251 1908 2395 1963 illam
2427 1918 2481 1965 et
2512 1912 2853 1979 purissimam
2901 1923 3175 1982 naturam,
3203 1916 3411 1987 sibique
3437 1917 3560 1987 ipsi,

1984 1999 2036 2053 id
2067 2009 2151 2054 est
2188 1998 2462 2065 Trinitati,
2498 2011 2697 2066 notam,
2749 2017 2974 2071 quaeque
3007 2004 3183 2073 primo
3211 2006 3327 2062 velo
3352 2006 3561 2063 obtecta

1984 2098 2188 2154 manet,
2213 2098 2266 2143 et
2293 2104 2321 2143 a
2370 2091 2651 2146 cherubim
2685 2092 2988 2162 obtegitur,
3013 2097 3355 2167 conspicatus
3402 2114 3521 2155 sum
3543 2140 3561 2167 ,

1982 2196 2169 2236 verum
2220 2191 2547 2250 postremam
2588 2192 2750 2251 atque
2776 2184 2843 2238 ad
2895 2200 2992 2241 nos
3031 2190 3561 2259 pertingentem.Ea

1983 2281 2163 2327 autem
2206 2282 2310 2339 est,
2335 2282 2393 2327 ut
2428 2274 2643 2343 quidem
2668 2275 2784 2343 ipse
2808 2278 3114 2344 cognitione
3143 2294 3421 2349 assequar,
3451 2297 3564 2335 ma-

287 2369 451 2422 Δαὸὶδ
479 2368 760 2440 ὀνομάζει,
795 2368 1259 2439 μεγαλοπρέπεια.
1296 2369 1480 2424 Ταῦτα
1506 2371 1613 2442 γὰρ
1645 2370 1778 2423 Θεοῦ
1810 2370 1876 2423 τὰ

1979 2367 2145 2433 iestas
2171 2367 2256 2421 illa
2280 2407 2294 2431 ,
2332 2368 2447 2432 vel,
2479 2378 2538 2422 ut
2561 2367 2728 2422 David
2754 2370 3007 2438 appellat,
3046 2372 3442 2443 magniﬁcentia
3476 2375 3522 2407 ⁸⁸
3544 2416 3560 2439 ,

284 2461 509 2515 ὀπίσθια
548 2459 682 2530 (99),
714 2462 815 2513 ὅσα
856 2461 972 2530 μετ’
1002 2461 1208 2513 ἐκεῖνον
1252 2460 1463 2513 ἐκείνου
1497 2462 1875 2532 γνωρίσματα,

284 2552 476 2624 ὥσπερ
520 2554 575 2604 αἱ
621 2550 740 2604 καθ’
768 2551 975 2605 ὑδάτων
1016 2550 1170 2622 ἡλίου
1206 2551 1356 2604 σκιαὶ
1390 2552 1485 2605 καὶ
1518 2552 1725 2615 εἰκόνες
1762 2555 1891 2616 ταῖς

286 2644 520 2714 σαθραῖς
539 2643 697 2711 ὂψεσι
720 2641 1151 2713 παραδεικνῦσαι
1173 2642 1265 2695 τὸν
1288 2643 1463 2713 ἥλιον,
1485 2643 1605 2695 ἐπεὶ
1631 2642 1705 2712 μὴ
1720 2643 1881 2695 αὐτὸν

283 2737 653 2806 προσϐλέπειν
669 2736 714 2807 (ίΙ
726 2739 743 2805 )
754 2730 865 2789 οἷόν
877 2734 1040 2806 τε,τῷ
1051 2738 1346 2807 ἀκραιφνεῖ
1356 2735 1447 2788 τοῦ
1463 2734 1637 2804 φωτὸς
1650 2733 1883 2788 νικῶντα

281 2829 381 2899 τὴν
402 2828 677 2899 αἴσθησιν.
715 2826 903 2891 Οῦτως
918 2822 1011 2881 οῦν
1044 2827 1405 2898 Θεολογήσεις,
1440 2825 1542 2879 κᾶν
1570 2823 1635 2897 ᾗς
1650 2826 1876 2896 Μωσῆς,

283 2922 377 2975 καὶ
388 2920 761 2993 ΦαραῶΘεὸς,
774 2919 875 2974 κᾶν
896 2920 1057 2992 μέχρι
1072 2919 1254 2991 τρίτου
1269 2918 1366 2991 (‘2),
1384 2919 1522 2973 κατὰ
1535 2918 1625 2972 τὸν
1646 2917 1876 2987 Παῦλον,

282 3014 516 3085 οὐρανοῦ
535 3014 751 3085 φθάσῃς
771 3013 865 3067 καὶ
880 3013 1125 3085 ἀκούσῃς
1147 3012 1358 3084 ἄρρητα
1376 3014 1611 3083 ῥήματα·
1630 3010 1731 3064 κᾶν
1744 3010 1884 3082 ὑπὲρ

282 3107 525 3169 ἐκείνους
540 3107 616 3176 (5)
633 3106 791 3177 γένῃ,
810 3105 1110 3175 ἀγγελικης
1120 3120 1265 3166 τινος
1280 3104 1313 3174 ἢ
1338 3102 1741 3174 ἁρχαγγελικῆς
1758 3104 1884 3156 στά-

284 3199 423 3262 σεώς
454 3215 516 3251 τε
548 3199 644 3250 καὶ
667 3197 873 3261 τάξεως
895 3198 1220 3268 ἠξιωμένος.
1241 3194 1360 3248 Κᾶν
1394 3194 1501 3266 γὰρ
1526 3196 1773 3266 οὐράνιον
1806 3196 1882 3266 (4)

286 3288 457 3354 ἆπαν,
473 3289 580 3342 κᾶν
598 3289 989 3360 ὑπερουράνιόν
1012 3305 1086 3351 τι,
1119 3288 1212 3341 καὶ
1237 3287 1370 3341 πολὺ
1385 3288 1483 3358 τὴν
1503 3286 1880 3357 φύσινξῦψηλό-

1983 2477 2102 2531 qua:
2129 2461 2182 2514 in
2220 2459 2381 2515 rebus
2416 2460 2483 2515 ab
2504 2475 2570 2515 eo
2600 2462 2798 2516 creatis
2836 2464 3217 2533 productisque
3265 2475 3321 2520 et
3366 2469 3563 2534 guber-

1985 2552 2130 2607 natis
2155 2551 2352 2607 elucet.
2385 2550 2475 2607 Dei
2504 2552 2702 2623 quippe
2718 2554 3016 2622 posteriora
3037 2565 3237 2610 suntea
3263 2595 3278 2621 ,
3307 2572 3426 2626 quae
3443 2565 3563 2626 post

1990 2658 2113 2697 eum
2156 2644 2500 2709 exstiterunt,
2524 2644 2787 2712 nobisque
2818 2645 2985 2715 ipsius
3022 2662 3215 2701 numen
3248 2648 3523 2703 declarant
3546 2689 3562 2715 ,

1986 2748 2092 2787 non
2130 2747 2287 2787 secus
2321 2733 2566 2787 videlicet
2611 2747 2674 2787 ac
2702 2733 2830 2788 solis
2874 2734 2928 2787 in
2964 2736 3119 2805 aquis
3149 2736 3353 2793 umbrae
3402 2748 3565 2809 atque

1986 2823 2274 2879 simulacra
2312 2824 2542 2879 inﬁrmis
2557 2824 2728 2879 oculis
2759 2826 2927 2881 solem
2961 2838 3370 2896 repraesentant,
3394 2845 3566 2899 quan-

1986 2913 2271 2982 doquidem
2309 2928 2429 2967 eum
2484 2914 2696 2968 ohtueri
2742 2929 2850 2969 non
2899 2930 3205 2985 possumus,
3241 2928 3422 2988 utpote
3471 2922 3563 2990 qui

1986 3005 2124 3059 lucis
2185 3004 2420 3072 puritate
2464 3003 2632 3075 498
2685 3020 2905 3060 sensum
2958 3022 3171 3062 omnem
3206 3020 3444 3078 superat.
3480 3011 3563 3066 Ad

1985 3097 2126 3152 hunc
2162 3096 2350 3166 itaque
2376 3100 2593 3152 modum
2629 3098 2863 3167 theologi
2902 3114 3103 3155 munus
3133 3102 3333 3165 ohibis,
3374 3120 3565 3174 quam-

1982 3190 2065 3245 vis
2085 3190 2246 3244 etiam
2301 3188 2513 3260 Moyses
2552 3190 2646 3254 sis,
2678 3190 2927 3262 Densque
2953 3191 3251 3249 Pharaonis
3281 3193 3348 3258 “,
3379 3209 3565 3264 quam-

1988 3281 2067 3335 vis
2096 3280 2161 3333 ad
2191 3280 2409 3335 tertium
2464 3295 2634 3351 usque
2665 3272 2886 3346 coelum,
2927 3284 3097 3338 instar
3135 3284 3283 3340 Pauli
3307 3286 3375 3354 δι,
3406 3288 3565 3341 abre-

281 3396 440 3451 τερον
459 3376 694 3451 ἠμῶνῇ,
724 3380 817 3432 καὶ
838 3378 1117 3450 ἐγγυτέρω
1146 3378 1303 3443 Θεοῦ,
1331 3378 1492 3432 πλέον
1517 3378 1709 3448 ἀπέχει
1745 3377 1876 3431 Θεοῦ

1984 3383 2106 3442 ptus
2136 3372 2328 3439 lueris,
2368 3381 2532 3443 atque
2564 3389 2759 3427 arcana
2793 3375 2955 3428 verba
2993 3376 3295 3441 audiveris;
3322 3377 3566 3444 quamvis

281 3470 376 3538 καὶ
387 3472 487 3541 τῆς
500 3470 712 3534 τελείας
730 3469 1107 3541 καταλήψεως,
1121 3469 1153 3541 ἢ
1170 3471 1295 3523 ὅσον
1312 3468 1470 3541 ἡμῶν
1486 3466 1876 3539 ὑπεραίρειτοῦ

1983 3466 2145 3521 etiam
2173 3479 2335 3533 supra
2365 3464 2486 3520 illos
2522 3477 2761 3531 evectus,
2802 3464 3096 3534 angelicam
3147 3467 3431 3535 quamdam
3472 3475 3566 3521 aut

287 3561 574 3627 συνθέτου,
598 3563 691 3615 καὶ
710 3560 990 3627 ταπεινοῦ,
1011 3560 1103 3613 καὶ
1121 3560 1269 3613 κάτω
1289 3558 1563 3628 βρίθοντος
1577 3559 1873 3630 κράματος.

1983 3554 2415 3624 archangelicam
2467 3555 2647 3625 sedem
2702 3565 2758 3612 et
2807 3557 3052 3611 ordinem
3098 3557 3175 3611 sis
3219 3567 3562 3613 consecutus.

283 3645 535 3707 Creatum
573 3652 715 3706 enim
741 3667 934 3717 omne,
971 3653 1085 3706 sive
1150 3650 1372 3706 cteleste
1435 3651 1549 3704 sive
1603 3647 2029 3719 supereteleste,
2094 3647 2222 3702 licet
2286 3645 2586 3701 sublimiori
2628 3662 2788 3716 quam
2838 3661 2934 3701 nos
2990 3653 3181 3700 natura
3235 3647 3561 3715 praeditum,

285 3743 502 3814 Deoque
528 3744 775 3805 vicinius,
806 3742 1033 3812 longiori
1090 3752 1268 3798 tamen
1315 3741 1597 3797 intervallo
1637 3758 1665 3795 a
1723 3742 1851 3802 Deo.
1893 3754 1959 3795 ac
2013 3738 2170 3809 plena
2243 3738 2334 3794 illa
2398 3747 2453 3794 et
2504 3738 2748 3794 absoluta
2811 3738 3120 3807 cognitione
3160 3738 3358 3805 distat,
3405 3754 3566 3809 quam

280 3843 389 3899 quo
412 3833 764 3895 compositam
794 3833 936 3887 hanc
966 3842 1205 3887 nostram
1235 3870 1252 3897 ,
1291 3842 1347 3887 et
1389 3832 1655 3901 abiectam
1702 3842 1865 3904 atque
1904 3830 2049 3886 hutni
2090 3840 2401 3901 vergentem
2428 3845 2663 3886 massam
2695 3839 2939 3901 superat.

353 3931 429 3981 A'.
482 3924 737 3998 ’Δρκτέον
790 3920 882 3980 οῦν
920 3925 1063 3979 οὕτω
1120 3926 1309 3980 πάλιν·
1355 3925 1486 3980 Θεὸν
1519 3925 1707 3995 νοῆσαι
1741 3927 1861 3996 μὲν,

2037 3926 2125 3980 lV.
2163 3924 2288 3980 Esto
2336 3924 2497 3996 igitur
2545 3925 2645 3979 hoc
2679 3924 2908 3980 alterum
2958 3925 3222 3982 orationis
3255 3929 3561 3988 exordium.

284 4021 518 4093 χαλεπόν
538 4038 553 4051 ’
588 4020 796 4092 φράσαι
827 4019 907 4085 δὲ,
939 4018 1225 4083 ἀδύνατον,
1255 4017 1332 4081 ὣς
1355 4035 1438 4082 τις
1470 4018 1579 4071 τῶν
1622 4018 1695 4089 (5)
1734 4021 1867 4090 παρ’

287 4112 515 4183 Ἕλλησι
565 4111 828 4181 θεολόγων
882 4112 1296 4184 ἐφιλοσόφησεν,
1337 4114 1437 4165 οὐκ
1479 4112 1718 4183 ἀτέχνως
1745 4114 1869 4185 ἐμοὶ

281 4204 449 4267 δοκεῖ,
485 4202 574 4256 ἴνα
605 4204 701 4256 καὶ
733 4204 1122 4275 κατειληφέναι
1161 4206 1287 4277 δόξῃ
1324 4205 1385 4257 τὸ
1413 4203 1647 4274 χαλεπὸν
1669 4206 1867 4270 εἰπεῖν,

281 4297 378 4350 καὶ
416 4295 659 4369 διαφύγῃ
703 4296 781 4367 τῷ
825 4297 1187 4369 ἀνεκφράστῳ
1240 4298 1330 4351 τὸν
1390 4296 1631 4368 ἔλεγχον.
1707 4297 1865 4351 Ἀλλὰ

279 4386 490 4453 φράσαι
528 4384 650 4454 μὲν,
697 4384 979 4452 ἀδύνατον,
1011 4386 1087 4448 ὡς
1114 4386 1143 4438 ὁ
1170 4386 1301 4455 ἐμὸς
1329 4385 1511 4454 λόγος·
1560 4385 1751 4455 νοῆσαι
1784 4386 1863 4453 δὲ,

278 4475 706 4548 ἀδυνατώτερον.
762 4476 836 4528 Τὸ
878 4477 975 4548 μὲν
1014 4477 1123 4548 γάρ
1175 4476 1383 4548 νοηθὲν,
1433 4476 1576 4547 τάχα
1607 4476 1672 4529 ἂν
1705 4475 1864 4545 λόγος

276 4569 593 4639 δηλώσειεν,
629 4569 678 4622 εἰ
713 4570 808 4622 καὶ
843 4570 917 4640 μὴ
950 4569 1204 4641 μετρίως,
1238 4568 1353 4623 ἀλλ’
1378 4568 1636 4639 ἀμυδρῶς
1669 4586 1732 4637 γε
1783 4568 1861 4639 τῷ

282 4661 356 4733 μὴ
391 4662 569 4733 πάντη
599 4661 667 4716 τὰ
701 4655 816 4716 ὦτα
846 4661 1246 4734 διεφθαρμένῳ,
1278 4661 1373 4714 καὶ
1398 4660 1592 4732 νωορῷ
1613 4660 1711 4731 τὴν
1744 4661 1863 4715 διά-

338 4816 392 4891 Π³⁸
422 4815 591 4870 Exod.
630 4830 823 4880 χχχιιι,
878 4816 965 4870 9.3.
1047 4815 1089 4846 ³⁹
1123 4815 1264 4869 Psal.
1301 4831 1415 4880 vttt,
1444 4813 1500 4869 ‘2.
1576 4815 1620 4845 ‘°
1650 4814 1821 4871 Exod.
1845 4830 1939 4879 vn,
1972 4815 2022 4870 l.

347 4971 460 5042 (94)
512 4972 848 5042 "Etpexor.
877 4970 1008 5039 Reg.
1042 4987 1137 5042 Aa,
1164 4982 1300 5042 Ires_
1335 4969 1485 5026 Colh.
1546 4979 1599 5024 et
1653 4969 1749 5029 Or.
1804 4972 1856 5034 l,

277 5039 448 5113 εἶχον.
480 5041 574 5096 Sic
602 5039 762 5095 etiam
805 5041 1015 5095 videtur
1042 5040 1236 5112 legisse
1284 5040 1471 5106 Lcuv.,
1524 5044 1613 5108 qui
1650 5044 1849 5098 vertit:

282 5133 299 5163 ι
338 5114 567 5166 Animus
595 5121 713 5166 erat
750 5110 912 5163 Deum
943 5112 1420 5166 comprehendere.
1462 5130 1479 5161 ι
1514 5121 1621 5165 etc.

282 5133 299 5163 1
338 5125 567 5166 Αιιιιιιιιε
595 5125 713 5166 erat
751 5125 912 5163 υιξυιιι
943 5125 1420 5169 comprehendere.
1462 5130 1479 5161 ι
1514 5125 1621 5165 CIC.

346 5129 567 5166 aluimus
595 5129 713 5166 erat
751 5129 912 5163 ueutn
943 5129 1420 5180 comprenenuere.
1462 5130 1479 5161 ι
1514 5129 1621 5165 etc.

346 5183 461 5251 (95)
494 5181 572 5235 Τὰ
591 5181 857 5237 ὀπίσθια.
892 5180 1075 5237 Schol.
1116 5198 1128 5233 :
1171 5180 1514 5251 Οἰκονομίαν·
1550 5201 1567 5233 ι
1604 5183 1856 5238 Incarna-

278 5264 502 5307 ttatiettt.
538 5271 557 5303 ι

347 5323 461 5387 (96)
487 5323 675 5391 Λόγῳ.
705 5321 839 5385 Reg.
874 5337 929 5384 ιι,
947 5321 1067 5393 Θεῷ
1088 5321 1268 5393 Λόγῳ.

345 5393 458 5462 (97)
512 5391 1174 5463 Συπηιαλύπτετίιιζιιοε
1199 5391 1554 5461 prapitiatorii
1591 5392 1854 5463 velamen,

275 5463 342 5517 de
369 5463 674 5534 qunExnd.
707 5478 855 5524 xxvi,
880 5464 969 5529 5|,
1006 5462 1273 5532 signiﬁcat
1308 5463 1359 5514 in
1412 5477 1570 5534 sensu
1611 5462 1856 5534 Gregorii

274 5532 694 5601 prohibitionem
724 5534 1193 5601 contemplationis
1217 5547 1441 5588 summa:
1467 5532 1609 5589 illius
1631 5532 1856 5588 naturae.

347 5602 460 5669 (98)
500 5604 678 5657 Ὅσα.
713 5602 844 5671 Reg.
886 5620 936 5665 a,
962 5603 1057 5667 ὡς.

345 5673 459 5742 (99)
507 5674 587 5727 Τὰ
630 5674 896 5727 ὀπίσθια.
927 5673 1388 5741 Quemadmodum
1433 5690 1452 5725 ι
1492 5672 1659 5728 facies
1705 5672 1796 5727 Dei
1839 5694 1856 5726 ι

277 5744 635 5815 substantiam
659 5753 715 5798 et
747 5746 1027 5804 deitatem,
1056 5745 1237 5798 tnundi
1288 5744 1561 5815 egeatione
1604 5744 1860 5815 priorem,

279 5813 356 5937 sic
391 5832 408 5863 ι
450 5819 752 5880 posteriora
791 5832 809 5865 ›
864 5816 1189 5871 creationem
1223 5825 1276 5869 et
1324 5812 1722 5870 Providentiam
1775 5816 1857 5869 in-

318 5894 476 5937 tcant.

318 5894 476 5939 tcant.

1971 4019 2137 4074 Deum
2177 4017 2451 4074 intellectu
2486 4017 2763 4088 percipere
2784 4017 2998 4073 dillicile
3022 4028 3137 4074 est:
3161 4019 3337 4089 eloqui
3382 4032 3562 4077 autem

1991 4110 2351 4181 mpossibile,
2393 4120 2450 4165 ut
2509 4109 2856 4168 profanorum
2917 4110 3289 4182 theologorum
3342 4114 3562 4183 quidam

1971 4203 2173 4269 docuit,
2211 4216 2331 4257 meo
2382 4202 2598 4272 quidem
2627 4200 2833 4269 judicio
2858 4241 2873 4264 ,
2902 4217 3007 4257 non
3042 4203 3294 4259 incallide
3321 4243 3336 4269 ,
3369 4220 3563 4275 nempe

1969 4303 2028 4348 ut
2061 4308 2128 4348 ex
2166 4307 2232 4348 eo
2262 4295 2404 4363 quod
2462 4294 2739 4349 intellectu
2770 4292 3036 4351 diﬁicilem
3071 4294 3323 4361 alIirmal,
3354 4298 3563 4366 opinio-

1969 4399 2090 4438 nem
2132 4385 2443 4441 hominihus
2498 4384 2721 4450 aﬁ'erat,
2748 4401 2807 4440 se
2859 4401 2981 4440 eum
3020 4387 3325 4456 cognitione
3366 4403 3551 4455 perce-

1969 4478 2143 4547 pisse;
2175 4492 2239 4530 ex
2263 4492 2328 4532 eo
2354 4487 2536 4532 autem
2572 4478 2713 4547 quod
2745 4477 2909 4531 nullis
2938 4478 3121 4533 verbis
3144 4492 3268 4532 eum
3292 4478 3558 4547 explicari

1969 4583 2128 4637 posse
2157 4568 2255 4630 ait,
2299 4568 2401 4622 hoc
2453 4577 2599 4637 agat,
2666 4583 2733 4621 ne
2767 4569 2979 4622 inscitia
3028 4583 3124 4623 sua
3175 4570 3330 4639 prodi
3393 4580 3559 4639 atque

1968 4660 2215 4716 convinci
2242 4670 2424 4728 queat.
2464 4659 2573 4730 Ego
2607 4674 2734 4716 vero
2765 4660 2838 4714 ita
2870 4660 3047 4730 potius
3077 4661 3365 4717 dicendum
3414 4675 3545 4717 cen-

2101 4815 2144 4845 “
2176 4813 2214 4867 II
2243 4815 2367 4870 Cor.
2389 4831 2489 4881 xu,
2513 4816 2568 4869 2.

2042 4970 2119 5111 (Ι)
2145 4972 2578 5039 Προσϐλέπειν.
2623 4973 2754 5041 Reg.
2786 4989 2840 5039 ει,
2891 4973 3131 5046 βλέπειν.

2042 5041 2096 5111 (2
2161 5044 2385 5111 Τρίτον.
2420 5044 2631 5111 Comb.,
2672 5044 2769 5098 τοῦ
2804 5045 3013 5111 τρίτου.

2040 5041 2119 5113 (2)
2161 5044 2385 5111 Τρίτον.
2420 5044 2631 5111 Comb.,
2672 5044 2769 5120 τοῦ
2804 5041 3013 5117 τρίτου.

1972 5207 1983 5220 '
2039 5134 2120 5221 (ξι)
2161 5136 2483 5201 Ἐκείνους.
2536 5138 2666 5207 Reg.
2718 5138 2832 5205 bin,
2876 5139 2983 5194 duo
3039 5137 3193 5194 Colb.
3248 5146 3304 5193 et
3357 5137 3449 5194 Or.
3501 5139 3553 5208 l,

1968 5222 2198 5261 εκεινον.

1890 5292 1934 5347 D
2035 5298 2109 5369 (4)
2136 5296 2261 5351 Κᾶν
2282 5298 2405 5370 γὰρ
2430 5296 2742 5370 οὐράνιον,
2790 5307 2895 5354 elc.
2930 5298 2985 5370 Id
3033 5299 3283 5370 intelligit
3314 5299 3459 5354 Elias
3488 5300 3556 5356 de

1974 5387 1992 5420 (
2034 5368 2192 5433 etelo,
2238 5386 2255 5418 ι
2291 5379 2344 5422 et
2377 5368 2443 5422 de
2492 5388 2509 5420 t
2544 5369 2769 5439 angelis,
2810 5388 2828 5420 ι
2890 5369 2982 5439 qui
3016 5385 3181 5439 super
3200 5368 3372 5425 éwlos
3402 5381 3551 5426 sunt.

2041 5462 2256 5546 ’Ὡς
2305 5459 2565 5546 τις-τῷν,
2593 5471 2711 5546 etc;
2744 5460 2896 5546 Pla‘to
2931 5462 3018 5546 hic
3064 5462 3405 5546 intelligitur,
3458 5464 3553 5531 qui

1968 5533 2024 5622 it}
2050 5528 2264 5611 'Timiro
2309 5534 2381 5585 ita
2406 5533 2570 5622 habet
2603 5551 2614 5584 :
2645 5532 2890 5622 :I‘ov‘pév
2929 5528 3023 5585 οῦν
3059 5528 3288 5622 ποιητὴν
3310 5533 3412 5622 καὶ
3443 5528 3553 5622 πα-

1965 5603 2099 5685 τέρα
2120 5601 2235 5685 τοῦ.
2256 5602 2462 5685 παντὸς
2510 5602 2694 5685 εῦρεῖν
2735 5601 2801 5685 τὸ
2840 5601 3429 5685 ἔργ-ονμκαιξιεῦρῇτα
3472 5604 3553 5683 είς

1968 5672 2174 5734 πάντας
2213 5672 2471 5725 ἀδύνατον
2510 5672 2709 5741 λέγειν.
2738 5672 2889 5738 Quod
2921 5672 3129 5729 Tullius
3155 5674 3247 5728 lib.
3271 5672 3281 5676 ⁷
3304 5673 3381 5725 De
3422 5673 3548 5725 ιιιιὶ-

1967 5745 2207 5797 vanitate
2242 5744 2319 5796 sic
2342 5743 2554 5814 reddit:
2590 5762 2606 5794 ι
2642 5741 2792 5814 Illum
2830 5744 3046 5814 quidem
3072 5745 3224 5813 quasi
3265 5753 3545 5814 parentem

1968 5814 2124 5879 hujus
2156 5814 2522 5884 universitatis
2548 5813 2794 5867 invenire
2820 5811 3036 5884 diﬁicile
3065 5810 3168 5882 est,
3187 5810 3408 5884 et,‘cum
3432 5810 3545 5882 jam

1975 5885 2267 5953 inveneris,
2301 5883 2539 5941 indicare
2568 5884 2619 5939 in
2648 5884 2859 5953 vulgus,
2888 5883 3057 5940 nefas.
3093 5903 3113 5937 ι
