4038 6338
473 410 536 464 31
1671 416 1731 465 ὃ.
1773 411 2094 469 ϐιιιΰυιιιι
2137 412 2483 471 THEOLOGI
3646 412 3717 470 '52

472 544 585 596 sco,
618 529 708 585 Dei
762 539 1005 586 naturam
1069 530 1228 586 nullis
1280 530 1494 600 quidem
1548 530 1729 587 verbis
1780 530 2039 602 explicari

2155 550 2315 589 νοιαν.
2356 533 2430 586 Τὸ
2457 534 2512 587 δὲ
2543 545 2766 586 τοσοῦτο
2791 531 2865 603 (ὕ)
2894 534 3125 603 πρᾶγμα
3151 534 3215 603 τῇ
3251 531 3456 601 διανοίᾳ
3490 529 3717 601 περιλα-

473 638 631 693 posse
665 625 884 690 ;animo
919 634 1099 678 antem
1142 634 1303 692 alque
1331 625 1601 681 intellectu
1652 628 2038 696 comprehendi

2155 626 2279 691 δεῖν,
2334 625 2548 688 πάντως
2591 625 2847 679 ἀδύνατον
2891 626 2980 677 καὶ
3033 625 3334 694 ἀμήχανον,
3384 622 3458 691 μὴ
3495 622 3575 674 ὅτι
3607 623 3719 683 τοῖς

474 715 642 768 multo
661 716 1031 783 minns'posse.
1063 714 1196 769 Nam
1228 717 1369 783 quod
1395 717 1517 785 quis
1542 718 1722 772 animo
1750 727 1804 772 et
1834 719 2040 775 ratiooe

2155 716 2740 785 καταϐεϐλακευμένοις
2772 715 2845 784 (7)
2871 714 2963 767 καὶ
2993 714 3143 766 κάτω
3173 714 3438 777 νεύουσιν,
3470 711 3604 765 ἀλλά
3623 711 3718 763 καὶ

472 803 782 873 complexus
804 805 981 869 fuerit,
1040 806 1094 859 id
1124 820 1336 874 quoque
1371 806 1600 862 fortasse
1645 822 1898 864 sermone
1947 811 2041 864 de-

475 895 682 949 clarare
712 903 892 965 queat,
926 896 970 949 si
1004 910 1072 950 ne
1107 897 1455 951 mediocriter
1502 898 1738 966 quidem,
1769 909 1824 953 at
1851 899 2037 955 saltem

473 987 724 1051 obscure,
763 989 921 1041 modo
951 988 1251 1043 auditorem
1286 996 1476 1043 nactus
1536 992 1609 1043 sit
1664 1004 1769 1043 non
1821 991 2039 1046 omnino

477 1077 724 1144 surdum,
761 1077 1009 1146 tardique
1035 1086 1091 1133 et
1113 1079 1307 1149 stupidi
1339 1078 1559 1148 ingenii.
1594 1080 1663 1133 At
1695 1096 1806 1135 rem
1834 1090 2038 1135 tantam

476 1168 657 1222 animo
690 1169 1167 1236 comprehendere,
1200 1171 1421 1223 omnino
1453 1170 1778 1237 impossibile
1805 1179 1907 1236 est,
1938 1185 2043 1224 non

476 1256 637 1310 modo
669 1257 877 1327 ignavis
908 1267 962 1313 et
1012 1259 1303 1328 languidis,
1369 1260 1727 1329 deorsumque
1773 1261 2042 1329 vergenti-

476 1348 599 1412 bus,
658 1350 752 1403 sed
804 1350 1011 1420 magnis
1070 1352 1233 1406 etiam
1286 1361 1339 1407 et
1391 1352 1619 1406 excelsis
1663 1351 1791 1408 viris
1844 1352 2044 1419 Deique

476 1454 663 1495 amore
713 1441 973 1510 praeditis,
1032 1456 1095 1496 ac
1143 1442 1462 1497 mortalibus
1494 1457 1740 1512 peraeque
1770 1443 2040 1505 omnibus,

475 1531 670 1599 quibus
696 1533 762 1586 ad
794 1534 905 1588 veri
953 1533 1315 1602 cognitionem
1370 1534 1542 1601 caligo
1594 1534 1704 1586 haec
1749 1541 1804 1586 et
1858 1532 2039 1586 carnis

2143 811 2255 871 τοῖς
2286 808 2405 860 λίαν
2440 806 2742 877 ὑψηλοῖς.τε
2776 806 2869 858 καὶ
2898 804 3184 872 φιλοθέοις,
3208 804 3303 856 καὶ
3336 802 3538 871 ὁμοίιος
3567 801 3718 873 πάσῃ

2147 901 2374 969 γεννητῇ
2416 898 2491 969 (8)
2514 897 2692 966 φύσει,
2726 898 2818 949 καί⁵
2841 894 2922 958 οἷς
2949 898 2977 948 ὁ
3003 895 3162 964 ζόφος
3190 888 3343 957 οὗτος
3376 892 3714 963 ἐπιπροσθεῖ,

2146 989 2240 1040 καὶ
2286 988 2346 1040 τὸ
2393 988 2535 1056 παχὺ
2582 986 2740 1039 τοῦτο
2782 986 3027 1056 σαρκίον,
3063 984 3197 1054 πρὸς
3237 982 3333 1054 τὴν
3360 982 3453 1033 τοῦ
3486 981 3719 1051 ἀληθοῦς

2145 1079 2471 1149 κατανόησιν
2491 1094 2505 1108 ο
2528 1080 2627 1131 οὐκ
2657 1074 2772 1129 οἶδα
2794 1076 2849 1129 δὲ
2884 1076 2980 1144 (9),
3016 1077 3064 1127 εί
3100 1076 3173 1144 μὴ
3198 1076 3290 1127 καὶ
3320 1076 3438 1135 ταῖς
3463 1072 3720 1145 ἀνωτέρω

2144 1170 2239 1222 καὶ
2273 1172 2484 1239 νοεραῖς
2510 1169 2760 1237 φύσεσιν·
2800 1168 2876 1233 αἳ,
2904 1166 2993 1220 διὰ
3034 1168 3093 1219 τὸ
3125 1165 3347 1235 πλησίον
3384 1160 3523 1217 εἷναι
3558 1163 3718 1228 θεοῦ,

2143 1262 2239 1314 καὶ
2263 1262 2369 1331 ὅλῳ
2393 1261 2470 1331 τῷ
2504 1262 2642 1328 φωτὶ
2672 1257 3144 1328 καταλάμπεσθαι,
3173 1258 3334 1327 τυχὸν
3361 1256 3427 1310 ἂν
3456 1258 3551 1309 καὶ
3579 1273 3717 1326 τρα-

2142 1354 2335 1413 νοῖντο,
2400 1354 2449 1403 εί
2505 1352 2598 1405 καὶ
2655 1349 2729 1421 μὴ
2792 1350 2989 1419 πάντη,
3036 1347 3149 1401 ἀλλ’
3207 1346 3363 1417 ἡμῶν
3409 1362 3472 1414 γε
3517 1345 3717 1398 τελεώ-

2140 1444 2299 1512 τερὸν
2322 1460 2379 1494 τε
2412 1443 2507 1494 καὶ
2530 1442 2924 1512 ὲκτυπὼτερον,
2957 1440 3050 1493 καὶ
3082 1439 3255 1492 ἄλλων
3285 1439 3438 1493 ἄλλαι
3470 1438 3650 1491 πλεῖον
3682 1438 3716 1507 ἢ

2144 1530 2381 1594 ἔλαττον,
2412 1532 2551 1585 κατά
2573 1531 2668 1601 τὴν
2694 1530 2985 1599 ἀναλογίαν
3021 1530 3120 1600 τῆς
3139 1528 3364 1593 τάξεως.

476 1624 751 1680 crassities
784 1626 1031 1681 tenebras
1060 1625 1308 1683 offundit.
1364 1627 1540 1695 Atque
1587 1627 1729 1681 haud
1770 1627 1885 1681 scio
1973 1641 2037 1681 In
2078 1627 2177 1680 hoc
2210 1641 2426 1696 quoque
2460 1626 2865 1681 sublimioribus
2924 1625 3028 1680 illis
3085 1634 3141 1679 et
3165 1624 3588 1692 intelligentibus
3618 1638 3715 1678 na-

480 1716 632 1781 turis,
670 1725 915 1787 negatum
975 1732 1081 1773 non
1134 1719 1237 1783 sit;
1291 1732 1408 1787 quae
1468 1717 1594 1786 quia
1647 1718 1753 1773 Deo
1792 1718 2009 1787 propius
2065 1716 2266 1787 junctte
2313 1726 2459 1785 sunt,
2524 1732 2588 1772 ac
2617 1727 2728 1773 toto
2776 1717 2868 1773 illo
2915 1716 3198 1786 splendore
3246 1716 3534 1778 collucent,
3596 1731 3719 1771 cer-

480 1820 609 1860 uere
663 1808 849 1874 utique
893 1806 1122 1864 fortasse
1177 1818 1407 1877 queant,
1464 1808 1508 1861 si
1539 1822 1646 1861 non
1680 1821 1904 1876 prorsus
1927 1847 1942 1873 ,
1996 1821 2057 1862 ac
2093 1816 2242 1863 certe
2271 1808 2481 1878 plenius
2514 1822 2675 1878 quam
2706 1822 2805 1863 nos
2860 1817 2911 1863 et
2967 1806 3211 1871 solidius,
3247 1814 3408 1875 atque
3436 1805 3554 1860 alia:
3576 1806 3717 1871 aliis,

477 1913 574 1968 pro
600 1900 861 1971 cujusque
894 1902 1108 1966 ordine,
1137 1902 1219 1956 vel
1248 1901 1490 1967 uberius,
1512 1902 1597 1955 vel
1632 1902 1873 1971 parcius.

550 1993 613 2048 V.
647 1992 752 2047 Sed
782 1993 849 2049 de
873 1994 975 2048 bac
1002 2009 1059 2049 re
1088 1994 1175 2049 hic
1199 1994 1266 2049 sit
1296 1994 1436 2049 ﬁnis.
1472 1994 1623 2061 Quod
1646 2003 1827 2048 autem
1855 1992 1920 2046 ad
1950 2006 2045 2047 nos

2218 1990 2293 2046 E'.
2323 1989 2495 2043 Τοῦτο
2513 1989 2612 2060 μὲν
2636 1984 2730 2041 οὗν
2754 1987 2989 2043 ἐνταῦθα
3014 1985 3242 2041 κείσθω·
3270 1985 3333 2039 τὸ
3350 1985 3405 2038 δὲ
3426 1984 3718 2055 ἡμέτερον,

476 2084 691 2149 attinet,
726 2097 830 2137 non
862 2099 962 2153 pax
995 2086 1363 2141 tantummodo
1398 2085 1487 2140 Dei
1521 2093 1810 2153 exsuperat
1830 2096 2042 2139 omnem

479 2183 712 2229 mentem
742 2182 795 2230 et
826 2175 1184 2244 cognitionem
1207 2176 1273 2241 δ’,
1300 2189 1398 2231 nec
1454 2189 1787 2245 quaecunque
1822 2175 1886 2230 iis
1913 2214 1929 2240 ,
1955 2175 2044 2244 qui

474 2259 735 2331 justitiam
769 2262 1054 2327 coluerint,
1079 2263 1244 2335 599
1270 2264 1324 2319 in
1346 2264 1540 2319 divinis
1568 2263 2046 2333 pollicitationibus

476 2354 756 2425 recondita
792 2364 939 2421 sunt,
963 2370 1083 2424 quae
1122 2371 1220 2410 nec
1246 2357 1416 2411 oculis
1450 2358 1596 2412 cerni
1622 2402 1634 2419 .
1688 2373 1787 2413 nec
1829 2359 2048 2415 auribus

476 2441 673 2511 excipi,
699 2457 795 2497 nec
822 2443 1001 2498 animo
1029 2445 1249 2514 cogitari
1280 2461 1342 2500 ac
1369 2447 1596 2516 perspici
1618 2447 1682 2512 “,
1707 2449 1806 2503 nisi
1842 2452 2045 2504 tenuis-

477 2534 639 2597 sime,
667 2542 927 2601 possunt,
979 2550 1078 2590 nec
1102 2546 1293 2591 exacta
1320 2547 1375 2591 et
1406 2537 1648 2593 absoluta
1682 2554 1862 2595 rerum
1897 2556 2047 2597 crea-

481 2629 655 2675 tarum
697 2622 933 2691 cognitio
979 2625 1136 2694 (nam
1180 2625 1369 2679 harum
1401 2642 1615 2697 quoque
1647 2640 1697 2685 te
1735 2630 1878 2686 solas
1927 2647 2047 2685 um-

477 2716 607 2768 bras
630 2722 813 2771 tenere
843 2717 985 2771 baud
1016 2717 1253 2780 dubites,
1284 2733 1405 2772 cum
1447 2719 1778 2789 Scripturam
1816 2721 1882 2775 ad
1908 2721 2051 2776 hunc

478 2807 696 2862 modum
724 2807 1026 2879 loquentem
1056 2810 1289 2864 audieris
1317 2829 1331 2864 :
1371 2809 1565 2865 Videbo
1587 2811 1761 2880 caelos,
1788 2828 1944 2883 opera
1966 2814 2050 2867 di-

476 2899 701 2968 gitorum
734 2908 965 2966 tuorum,
996 2901 1174 2955 lunam
1226 2912 1275 2956 et
1324 2903 1501 2957 stellas
1531 2904 1595 2968 “,
1630 2920 1878 2974 eamque,
1933 2921 2051 2974 quae

477 2988 608 3057 ipsis
639 2991 813 3056 inest,
847 2990 1056 3044 ﬁrmam
1100 3002 1155 3046 et
1183 2994 1427 3047 stabilem
1480 2995 1738 3049 rationem
1768 3034 1784 3061 ,
1832 2998 2052 3066 perinde

478 3077 686 3133 scilicet
716 3086 875 3148 atque
907 3079 958 3133 in
989 3079 1091 3134 hac
1114 3081 1224 3136 vita
1252 3097 1313 3137 ea
1349 3082 1567 3137 minime
1594 3083 1799 3150 videns,
1833 3086 1926 3139 sed
1951 3087 2050 3139 ali-

2148 2083 2247 2152 ούχ
2301 2083 2335 2151 ἡ
2374 2081 2565 2151 εἰρήνη
2592 2078 2686 2132 τοῦ
2712 2078 2846 2131 Θεοῦ
2900 2075 3059 2149 μόνον
3090 2075 3346 2147 ὑπερέχει
3391 2076 3567 2129 πάντα
3597 2074 3723 2128 νοῦν

2148 2172 2243 2227 καὶ
2276 2170 2598 2241 κατάληψιν,
2632 2169 2753 2224 οὐδὲ
2781 2170 2882 2223 ὅσα
2912 2170 3023 2232 τοῖς
3047 2168 3273 2231 δικαίοις
3297 2167 3443 2221 ἐστὶν
3463 2170 3521 2220 ὲν
3550 2169 3723 2234 ἑπαγ-

2147 2263 2355 2335 γελίαις
2383 2263 2741 2333 ἀποκείμενα,
2770 2261 2842 2315 τὰ
2869 2263 3003 2333 μήτε
3035 2260 3335 2330 ὀφθαλμοῖς
3372 2259 3485 2330 (l0)
3519 2259 3720 2329 ὁρατὰ,

2152 2357 2289 2428 μήτε
2317 2355 2451 2410 ὠσὶν
2481 2353 2741 2415 ἀκουστὰ,
2777 2355 2911 2424 μήτε
2930 2353 3136 2423 διανοίᾳ
3164 2350 3435 2423 θεωρητὰ,
3461 2350 3599 2404 κατά
3635 2368 3727 2420 μι-

2151 2446 2279 2516 κρὸν
2312 2444 2464 2513 γοῦν,
2494 2443 2614 2497 οὐδὲ
2656 2445 2689 2513 ἡ
2723 2444 2821 2513 τῆς
2856 2442 3088 2504 κτίσεως
3129 2439 3363 2512 ἀκριϐὴς
3396 2438 3725 2509 κατανόησις

2152 2535 2269 2603 (καὶ
2304 2532 2413 2604 γὰρ
2461 2533 2555 2585 καὶ
2580 2532 2781 2603 ταύτης
2812 2529 3061 2601 πείσθητι
3100 2529 3201 2592 τὰς
3241 2530 3399 2592 σκιὰς
3440 2528 3584 2599 ἔχειν
3623 2528 3722 2598 μό-

2149 2644 2260 2693 νον,
2287 2626 2414 2680 ὅταν
2452 2624 2714 2695 ἀκούσῃς’
2757 2624 3017 2691 Ὀψομαι
3053 2620 3194 2686 τοὺς
3234 2620 3549 2689 οὐρανοὺς,
3580 2620 3725 2689 ἔργα

2149 2718 2268 2772 τῶν
2313 2716 2626 2770 δακτύλων
2670 2730 2808 2780 σου,
2848 2714 3124 2781 σελήνην
3161 2712 3259 2766 καὶ
3295 2710 3577 2779 ἀστέρας,
3629 2711 3726 2764 καὶ

2150 2809 2240 2862 τὸν
2266 2810 2325 2862 ὲν
2356 2808 2538 2870 αὐτοῖς
2566 2807 2760 2875 πάγιον
2787 2805 2971 2873 λόγον·
3003 2804 3078 2867 ὡς
3109 2804 3230 2874 οὐχὶ
3269 2801 3365 2855 νῦν
3391 2801 3552 2873 ὁρῶν,
3585 2800 3728 2869 ὀψό-

2156 2916 2314 2972 μενος
2340 2899 2397 2952 δὲ
2425 2897 2570 2950 ἔστιν
2599 2897 2731 2966 ὅτε)·
2764 2894 2899 2948 ἀλλὰ
2945 2892 3078 2948 πολὺ
3117 2892 3222 2960 πρὸ
3256 2888 3484 2949 τούτων,
3525 2889 3559 2958 ἡ
3586 2887 3727 2958 ὑπὲρ

2149 2993 2341 3057 ταῦτα,
2371 2991 2465 3044 καὶ
2493 2991 2550 3057 ἐξ
2575 2985 2643 3063 ἦς
2669 2990 2862 3054 ταῦτα,
2895 2987 3054 3056 φύσις
3094 2983 3331 3056 ἄληπτός
3374 3000 3427 3035 τε
3468 2981 3559 3035 καὶ
3588 2981 3725 3034 ἀπε-

2157 3084 2437 3154 ρίληπτος·
2467 3081 2609 3149 λέγω
2640 3081 2718 3147 δὲ,
2740 3081 2838 3151 οὐχ
2859 3082 2939 3135 ὅτι
2962 3078 3128 3143 ἔστιν,
3155 3076 3266 3130 ἀλλ’
3294 3076 3330 3146 ἦ
3350 3075 3433 3139 τίς
3459 3076 3622 3129 ἐστιν.
3650 3074 3726 3127 ού

477 3168 695 3235 quando
751 3171 1173 3240 perspecturus)
1214 3189 1227 3225 :
1271 3172 1363 3226 sed
1398 3171 1565 3227 multo
1624 3175 1797 3244 magis
1861 3186 2050 3228 natura

2155 3174 2262 3245 γάρ
2296 3173 2452 3227 κενὸν
2482 3174 2593 3243 (ll)
2620 3174 2681 3227 τὸ
2704 3173 2966 3242 κήρυγμα
2998 3169 3173 3240 ἡμῶν,
3197 3167 3315 3221 οὐδὲ
3341 3166 3542 3237 ματαία
3573 3165 3727 3235 ὴιηπί-

480 3256 570 3310 illa
602 3257 686 3312 bis
713 3258 994 3312 sublimior
1020 3300 1034 3324 ,
1074 3271 1129 3315 et
1165 3276 1231 3315 ex
1272 3277 1376 3331 qua
1409 3262 1521 3317 haec
1570 3264 1832 3332 originem
1874 3276 2050 3320 traxe-

2156 3284 2272 3330 στις
2292 3266 2469 3336 ἡμῶν,
2508 3266 2629 3317 οὐδὲ
2656 3263 2812 3317 τοῦτό
2838 3266 2984 3315 ἐστιν
3015 3261 3043 3313 ὃ
3065 3259 3457 3331 δογματίζομεν
3489 3257 3587 3329 (μὴ
3621 3257 3729 3311 πά-

482 3357 629 3411 rnnt,
663 3358 880 3418 captum
909 3366 1120 3405 omnem
1158 3361 1213 3407 et
1246 3355 1779 3423 comprehensionem
1814 3368 2050 3427 superat.

2155 3359 2237 3411 λιν
2399 3356 2817 3428 εὐγνωμοσύνην
2844 3354 2999 3425 ἡμῶν
3022 3351 3213 3414 ἀθείας
3234 3350 3407 3423 λάϐῃς
3441 3349 3613 3420 ἀρχὴν
3635 3349 3731 3403 καὶ

481 3437 590 3493 Nec
611 3454 742 3495 vero.
769 3442 884 3496 haec
915 3441 1077 3496 verba
1120 3444 1193 3497 ita
1228 3446 1397 3513 accipi
1434 3446 1614 3511 velim,
1664 3450 1817 3518 quasi
1856 3450 2050 3518 percipi

2156 3450 2544 3518 συκοφαντίας,
2579 3450 2672 3502 καὶ
2699 3445 3049 3517 κατεπαρθῇς
3083 3444 3158 3507 ὡς
3192 3443 3300 3513 (ιε)
3327 3442 3732 3512 ὁμολογούντων

482 3545 587 3586 non
618 3546 778 3601 posse
802 3532 1001 3601 dicam,
1049 3536 1190 3604 quod
1216 3536 1288 3591 sit
1319 3537 1481 3603 Deus,
1518 3538 1610 3591 sed
1636 3540 1785 3609 quid,
1816 3550 1870 3594 et
1902 3540 2050 3610 quale

2157 3540 2256 3610 τὴν
2291 3540 2551 3607 ἄγνοιαν).
2587 3538 2841 3590 Πλεῖστον
2866 3536 2974 3606 γὰρ
2993 3535 3234 3603 διαφέρει
3272 3532 3365 3585 τοῦ
3394 3529 3530 3587 εἶναί
3551 3550 3604 3586 τι
3634 3549 3731 3585 πε-

483 3624 575 3678 sit.
612 3623 794 3693 Neque
826 3625 968 3679 enim
1006 3627 1182 3681 inanis
1227 3637 1310 3681 est
1338 3628 1655 3694 praedicatio
1704 3638 1913 3692 nostra,
1962 3644 2050 3683 nec

2163 3629 2405 3694 πείσθαι,
2432 3628 2495 3680 τὸ
2517 3627 2570 3679 τί
2605 3626 2734 3679 ποτέ
2758 3626 2872 3679 ἐστι
2906 3622 3063 3677 τοῦτο
3088 3624 3304 3677 εἰδέναι.

485 3730 618 3770 vana
656 3716 786 3772 ﬁdes
817 3727 998 3772 nostra
1024 3718 1108 3784 ‘5;
1145 3735 1242 3774 nec
1293 3720 1343 3773 id
1400 3728 1519 3785 est,
1553 3719 1696 3789 quod
1760 3730 2050 3775 astrutmus
2109 3721 2225 3792 (ne
2258 3736 2442 3775 rursus
2470 3721 2521 3773 id
2571 3721 2711 3788 quod
2767 3717 2932 3787 probe
2979 3717 3313 3786 candideqne
3371 3716 3634 3778 diximus,
3681 3715 3733 3769 in

485 3808 783 3878 impietatis
810 3820 865 3866 et
895 3812 1181 3867 calumnia:
1212 3824 1587 3883 argumentum
1621 3816 1805 3869 trahas
1829 3855 1844 3879 ,
1877 3830 1939 3870 ac
2001 3815 2176 3881 nobis,
2252 3826 2309 3869 ut
2374 3815 2732 3885 ignorantiam
2773 3811 3176 3875 conﬁtentibus,
3225 3821 3543 3879 arroganter
3568 3808 3736 3863 insul-

489 3920 569 3967 tes
597 3905 638 3976 ).
688 3905 980 3959 Plurimum
1013 3920 1243 3975 namque
1273 3905 1518 3973 interest,
1579 3916 1731 3962 certo
1790 3908 1885 3963 tibi
1944 3910 2271 3978 persuadeas
2318 3908 2521 3977 aliquid
2568 3921 2710 3972 esse,
2741 3921 2830 3971 an,
2865 3904 2992 3974 quid
3050 3906 3261 3959 tandem
3298 3904 3426 3958 illud
3461 3904 3549 3968 sit,
3586 3919 3735 3959 com-

487 4006 693 4063 pertum
715 3996 936 4051 habeas.

557 4094 640 4149 Vl.
674 4095 882 4149 Etenim
915 4094 1056 4162 quod
1106 4093 1245 4148 Deus
1297 4092 1389 4156 sit,
1424 4108 1486 4147 ac
1524 4097 1774 4165 princeps
1818 4097 2060 4165 quaedam

486 4202 670 4251 causa,
700 4201 821 4255 qua:
851 4199 941 4239 res
981 4200 1168 4239 omnes
1196 4186 1515 4254 procrearit,
1561 4196 1721 4257 atque
1752 4195 2058 4254 conservet,

490 4289 598 4331 tum
628 4277 767 4331 oculi
800 4275 925 4345 ipsi,
960 4284 1070 4327 tum
1104 4274 1184 4329 lex
1232 4277 1494 4332 naturalis
1526 4280 1756 4341 docent;
1796 4280 1891 4341 illi,
1936 4280 2059 4334 dum

489 4368 728 4421 rebusin
780 4375 1054 4432 aspectum
1104 4365 1419 4420 cadentibus
1464 4367 1635 4421 aciem
1683 4368 2057 4438 aliigunt,eas-

488 4474 594 4528 que
630 4468 684 4512 et
713 4457 937 4526 pulchre
990 4458 1124 4511 fixas
1161 4465 1216 4512 et
1250 4457 1471 4514 stabiles
1518 4474 1662 4524 esse,
1696 4469 1749 4513 et
1787 4461 2058 4529 progredi,

489 4561 652 4619 atque
678 4550 921 4612 immote,
942 4557 999 4601 ut
1026 4546 1098 4602 ita
1123 4548 1320 4614 dicam,
1348 4550 1548 4604 moveri
1583 4551 1830 4621 volviqne
1856 4552 2059 4621 perspi~

486 4642 639 4694 ciunt
671 4655 686 4694 :
716 4641 832 4693 hzec
862 4648 1038 4693 autem
1064 4679 1080 4703 ,
1111 4639 1236 4693 dum
1265 4654 1360 4709 per
1406 4655 1491 4695 res
1537 4640 1710 4696 oculis
1744 4641 2014 4709 subjectas
2041 4684 2058 4707 ,

489 4746 553 4785 ac
582 4738 727 4784 recto
754 4729 941 4784 ordine
969 4729 1258 4785 collocatas
1284 4773 1298 4797 ,
1362 4740 1638 4786 auctorem
1692 4748 1879 4787 earnm
1910 4743 2059 4790 certo

488 4822 704 4890 quidem
731 4820 1102 4874 ratiocinando
1121 4821 1445 4890 assequitur.
1468 4821 1710 4888 Quonam
1739 4826 1879 4879 enim
1904 4825 2061 4880 modo

490 4910 738 4965 universa
774 4910 891 4964 haec
937 4925 1117 4965 rerum
1161 4910 1333 4965 moles
1374 4911 1460 4964 vel
1507 4912 1768 4979 producta
1820 4930 2057 4983 unquam

493 5002 708 5067 luisset,
747 5001 830 5056 vel
854 5002 1193 5063 consisteret,
1225 5001 1327 5054 nisi
1380 5003 1520 5057 Dens
1559 5004 1740 5058 omnia
1771 5006 1827 5058 in
1882 5022 2059 5060 rerum

2235 4093 2326 4157 (ζ’.
2367 4087 2473 4142 Τοῦ
2537 4086 2634 4157 μὲν
2692 4084 2800 4156 γὰρ
2855 4080 2994 4137 εἶναι
3038 4082 3189 4145 Θεὸν,
3243 4082 3335 4135 καὶ
3378 4082 3476 4152 τὴν
3521 4082 3736 4135 πάντων

2165 4182 2453 4253 ποιητικήν
2498 4196 2555 4232 τε
2596 4179 2688 4232 καὶ
2727 4176 3045 4244 συνεκτικὴν
3075 4176 3272 4242 αἰτίαν,
3307 4176 3398 4228 καὶ
3430 4174 3550 4244 ὄψις
3589 4174 3739 4228 διδά-

2163 4275 2379 4337 σκαλος,
2414 4271 2509 4325 καὶ
2553 4270 2581 4321 ὁ
2616 4268 2845 4338 φυσικὸς
2873 4268 3034 4337 νόμος
3058 4283 3071 4295 ·
3113 4269 3145 4336 ἡ
3181 4266 3279 4335 μὲν
3306 4268 3418 4327 τοῖς
3439 4264 3739 4335 ὁρωμένοις
3804 4318 3807 4321 _

2165 4363 2608 4439 προσϐάλλουσα,
2658 4362 2753 4415 καὶ
2795 4361 3069 4431 πεπηγόσι
3108 4357 3310 4425 καλῶς,
3348 4358 3441 4411 καὶ
3472 4357 3735 4422 ὁδεύουσι,

2162 4460 2254 4513 καὶ
2281 4457 2571 4527 ἀκινήτως,
2608 4453 2693 4506 ἵνα
2740 4453 2913 4515 οὓτως
2946 4453 3107 4517 εἴπω,
3144 4449 3486 4519 κινουμένοις
3519 4450 3614 4502 καὶ
3644 4468 3740 4519 φε-

2167 4550 2437 4622 ρομένοις·
2472 4551 2500 4601 ὁ
2531 4548 2607 4612 δὲ,
2640 4546 2727 4599 διὰ
2773 4545 2879 4599 τῶν
2914 4544 3204 4615 ὁρωμένων
3246 4542 3341 4596 καὶ
3365 4541 3737 4611 τεταγμένων,

2164 4643 2253 4697 τὸν
2275 4640 2518 4712 ἀρχηγὸν
2547 4638 2750 4691 τούτων
2785 4635 3250 4705 συλλογιζόμενος.
3275 4633 3401 4695 Πῶς
3421 4633 3530 4704 γὰρ
3561 4632 3625 4687 ἂν
3646 4634 3741 4686 καὶ

2165 4734 2373 4803 ὑπέστη
2417 4731 2537 4784 τόδε
2576 4730 2638 4783 τὸ
2675 4730 2803 4793 πᾶν,
2847 4728 2881 4798 ἢ
2916 4726 3167 4796 συνέστη,
3204 4726 3276 4796 μὴ
3301 4724 3434 4778 Θεοῦ
3464 4725 3532 4778 τὰ
3562 4724 3741 4777 πάντα

2164 4825 2257 4879 καὶ
2288 4820 2649 4881 ούσιώσαντος
2691 4819 2783 4872 καὶ
2818 4817 3163 4887 συνέχοντος;
3200 4815 3335 4867 Οὐδὲ
3376 4815 3481 4886 γὰρ
3507 4812 3739 4886 κιθάραν

2165 4935 2247 4979 τις
2265 4913 2405 4985 ὁρῶν
2434 4911 2694 4967 κάλλιστα
2721 4910 3059 4980 ἠσκημένην,
3082 4907 3176 4960 καὶ
3209 4908 3307 4978 τὴν
3336 4906 3538 4977 ταύτης
3572 4907 3739 4975 εὐαρ-

2170 5006 2394 5076 μοστίαν
2458 5003 2553 5058 καὶ⁸
2608 5002 2891 5069 εὐταξίαν,
2946 5001 2979 5071 ἢ
3034 5001 3134 5071 τῆς
3188 4999 3517 5072 κιθαρῳδίας
3574 4999 3742 5070 αὐτῆς

560 5116 606 5145 δ’
637 5112 831 5181 Philip.
869 5128 943 5178 tv,
990 5114 1040 5166 7.
1116 5112 1161 5145 ⁸³
1186 5112 1206 5167 ι
1234 5112 1355 5167 Cor.
1396 5129 1466 5177 ll,
1499 5114 1551 5170 9.
1627 5114 1674 5147 “
1704 5114 1795 5170 Ps.
1838 5131 1951 5175 vin.
2004 5117 2050 5169 4.

2156 5118 2175 5148 ⁸
2207 5115 2369 5171 lCor.
2419 5130 2507 5177 XV,
2544 5115 2631 5171 M.

564 5226 639 5295 (6)
695 5227 976 5282 Τοσοῦτο.
1031 5226 1196 5298 Begg.
1236 5242 1291 5293 a,
1343 5228 1430 5282 bin
1465 5238 1516 5283 et
1570 5227 1661 5284 Or.
1722 5228 1774 5294 ί,
1835 5230 2065 5297 τοιοῦτο,

499 5317 514 5346 ι
555 5298 737 5348 talem.
776 5316 795 5349 ι

2242 5228 2352 5302 (l0)
2390 5229 2630 5302 munire
2653 5227 2999 5302 ὀφθαλμοῖς,
3023 5237 3125 5281 etc.
3163 5226 3419 5302 Ol)St“l‘\_i:ll.
3442 5224 3585 5280 Elias
3608 5226 3741 5281 Cre-

2178 5296 2346 5356 tensis
2387 5296 2499 5355 lnrc
2524 5296 2763 5368 Apostol’t
2817 5296 2977 5368 verba
3009 5308 3247 5351 mutuaza
3290 5296 3454 5368 fuisse
3495 5311 3567 5368 exh
3613 5313 3745 5365 apo—

567 5366 641 5447 ('l)
676 5366 1356 5447 Katafsmaxevyévmc.
1418 5369 1530 5424 Duo
1567 5368 1742 5434 C0lb.,
1798 5368 1894 5425 Or.
1939 5374 1959 5424 1
2013 5385 2050 5425 εἲ

2176 5373 2380 5447 crvpbo
2410 5366 2685 5447 libr_o,q_ni
2719 5371 2786 5423 ab
2814 5367 2928 5421 Elia
2964 5368 3223 5447 propheta
3260 5366 3493 5447 scriptus
3524 5367 3740 5447 dicitur.

496 5437 653 5507 Butl.,
682 5437 1225 5507 κατεϐλακευμένως.

567 5506 643 5579 (ἓ)
674 5506 1141 5579 Γιῑιῖνηῖῆκιῑεε.
1173 5524 1219 5579 α
1238 5516 1293 5579 οι
1320 5509 1413 5564 Or-
1447 5510 1495 5571 ί.
1524 5509 1725 5579 γινητῇ

573 5548 649 5645 ibi
674 5548 1888 5645 ‘oiob'Séi'siX'iieéi{Ethnici-filiiplures.
1916 5580 2071 5635 Deest

496 5645 554 5717 δέ
578 5645 638 5717 in
662 5646 749 5700 ed.
778 5646 987 5701 Nullum
1011 5656 1157 5717 certe
1186 5656 1269 5701 cst
1292 5648 1533 5709 dubium,
1553 5647 1679 5717 quin
1698 5650 1871 5714 angeli
1908 5651 2071 5704 Deum

503 5716 740 5777 videant,
785 5731 1015 5783 eumque
1062 5716 1227 5769 visuri
1276 5717 1382 5769 sint
1419 5716 1687 5782 homines,
1740 5734 1864 5774 cum
1917 5731 2069 5777 aeter-

503 5798 627 5838 nam
660 5783 1043 5840 beatitudinem
1073 5784 1456 5854 adipiscentur.

2173 5436 2366 5507 Quidni
2410 5442 2585 5509 potius
2607 5441 2887 5508 desumpta
2919 5453 2983 5492 ex
3017 5438 3168 5492 Isaia:
3215 5452 3357 5501 anv,
3403 5437 3460 5501 4,
3493 5455 3511 5488 ι
3558 5436 3746 5491 oculus

2176 5527 2279 5565 non
2313 5510 2470 5572 vidit,
2508 5529 2525 5561 ι
2547 5520 2653 5563 etc.

2245 5580 2354 5650 (Η)
2390 5579 2597 5633 Κενόν,
2627 5579 2772 5638 ἰδίη..
2802 5576 3013 5650 καινόν,
3038 5594 3057 5627 ι
3094 5590 3247 5630 nova.
3275 5594 3317 5650 ξι

2250 5645 2361 5719 (η’)
2413 5650 2520 5704 Καὶ
2571 5646 2946 5716 κατεπαρθῇς
2983 5647 3083 5713 ὡς,
3124 5656 3228 5700 ctr.
3273 5648 3325 5699 Id
3364 5655 3467 5707 est,
3508 5661 3542 5719 t_
3574 5653 3627 5699 ct
3652 5645 3745 5698 ad-

2177 5717 2392 5777 versum
2427 5738 2521 5773 nos
2549 5720 2816 5789 insnt'gas,
2850 5718 3002 5789 quasi
3035 5731 3131 5773 nos
3161 5719 3508 5787 proﬁteantur
3533 5717 3745 5785 ignora-

2180 5806 2236 5846 re
2274 5808 2339 5846 an
2382 5791 2448 5846 sit
2471 5792 2631 5846 Deus.
2672 5808 2689 5842 ι
