4038 6338
300 334 371 389 '53
1302 339 1569 395 ORATIO
1606 339 1846 398 XXVIII.
1889 374 1956 383 —
1995 342 2433 402 THEOLOGICA
2472 346 2536 402 II.
3493 361 3562 417 54

298 447 539 512 ἁκούων,
572 445 703 501 ἄλλο
735 463 786 499 τι
801 446 847 518 ,ἦ
882 447 974 502 τὸν
1002 447 1101 518 τῆς
1133 448 1364 521 κιθάρας
1396 452 1745 524 δημιουργὸν,
1792 456 1867 508 κα¹

1992 466 2240 514 naturam
2303 459 2634 530 protulisset,
2686 470 2849 533 atque
2879 466 3259 522 conservaret?
3295 468 3562 537 Quemad-

298 540 389 593 τὸν
407 538 715 610 κιθαρῳδὸν
745 540 1006 610 ὲννοήσει,
1030 542 1125 594 καὶ
1148 543 1283 613 πρὸς
1310 544 1472 598 αὐτὸν
1493 545 1880 617 άναδραμείται

295 633 361 700 τῇ
389 629 624 701 διανοίᾳ,
670 631 774 684 κᾶν
811 631 1021 699 ἀγνοῶν
1049 632 1186 704 τύχῃ
1218 637 1338 698 ταῖς
1362 634 1578 705 ὕψεσιν·
1621 637 1762 690 οὕτω
1790 640 1882 691 καὶ

295 722 431 790 ἡμῖν
462 720 524 773 τὸ
567 722 849 789 ποιητικὸν
878 722 1057 794 δῆλον,
1090 725 1181 778 κα)⁸
1212 726 1276 779 τὸ
1308 725 1511 789 κινοῦν,
1545 726 1638 780 καὶ
1680 729 1880 799 τηροῦν

296 815 364 868 τὰ
391 818 758 886 πεποιημένα,
792 818 893 872 κᾶν
925 820 999 891 μὴ
1018 820 1224 890 διανοίᾳ
1256 821 1755 894 περιλαμὸἁνηται·
1788 825 1880 877 καὶ

297 905 413 958 λίαν
445 906 740 977 ἀγνώμων,
773 908 803 959 ὁ
836 909 909 980 μὴ
947 910 1104 981 μέχρι
1130 911 1337 964 τούτων
1363 911 1567 982 προῖὼν
1597 912 1878 979 ἑκουσίως,

296 995 391 1048 καὶ
441 997 565 1058 ταῖς
592 998 849 1065 φυσικαῖς
883 997 1146 1068 ἑπόμενος
1191 998 1524 1065 ἀποδείξεσιν
1549 1016 1561 1030 ·
1612 999 1726 1053 ἀλλ’
1758 1000 1879 1054 οὐδὲ

295 1085 453 1139 τοῦτο
473 1082 613 1140 εἷναι
643 1087 795 1151 Θεὸν,
827 1088 964 1158 ὅπερ
995 1087 1432 1159 ἐφαντάσθημεν,
1459 1089 1492 1159 ἢ
1526 1090 1878 1145 άνετυπωσά-

298 1176 462 1247 μεθα,
493 1178 527 1248 ἦ
549 1178 708 1246 λόγος
737 1179 847 1249 (15)
876 1179 1212 1251 ὑπέγραψεν.
1246 1181 1307 1233 Ei
1341 1180 1399 1234 δέ
1431 1199 1513 1245 τις
1540 1182 1598 1235 ἐν
1631 1182 1878 1253 περινοίᾳ

292 1271 489 1324 τούτου
519 1271 655 1325 ποτὲ
694 1272 806 1342 (14)
843 1272 948 1327 κᾶν
990 1274 1084 1327 ἐπὶ
1115 1275 1278 1328 ποσὸν
1299 1276 1532 1344 ἐγένετο,
1567 1277 1650 1341 τίς
1681 1279 1714 1348 ἡ
1744 1278 1880 1331 ἀπό·

292 1362 494 1429 δειξιςς
527 1363 613 1426 τίς
651 1363 822 1427 οὕτως
874 1365 953 1427 εἰς
995 1364 1220 1435 ἔσχατον
1268 1366 1458 1435 σοφίας
1491 1367 1749 1437 ἀφίκετο;
1794 1367 1877 1431 τίς

292 1452 553 1505 τοσούτου
587 1455 925 1525 χαρίσματος
949 1453 1152 1525 ἠξιώθη
1181 1455 1343 1523 ποτέ;
1375 1456 1457 1519 τίς
1485 1456 1628 1509 οὕτω
1666 1457 1724 1509 τὸ
1758 1457 1880 1509 στό-

293 1561 371 1613 μα
401 1544 504 1613 τῆς
530 1544 767 1607 διανοίας
792 1545 989 1615 ἤνοιξε,
1035 1546 1128 1599 καὶ
1156 1546 1374 1600 εἵλκυσε
1415 1547 1657 1617 Πνεῦμα,
1689 1549 1772 1601 ἵνα
1799 1548 1879 1619 τῷ

288 1633 360 1686 τὰ
382 1633 563 1686 πάντα
587 1634 879 1704 ἐρευνῶντι
909 1635 1002 1689 καὶ
1025 1636 1367 1705 γινώσκοντι,
1400 1638 1493 1693 καὶ
1520 1639 1589 1692 τὰ
1613 1640 1751 1710 βάθη
1778 1639 1873 1693 τοῦ

287 1721 451 1787 Θεοῦ,
505 1725 805 1795 Πνεύματι,
865 1725 996 1778 Θεὸν
1045 1726 1348 1799 καταλάϐῃ,
1408 1731 1502 1781 καὶ
1552 1731 1746 1801 μηκέτι
1780 1729 1875 1783 τοῦ

1983 550 2199 605 modum
2226 551 2371 606 enim
2397 552 2664 622 quispiam
2715 554 2980 610 citharam
3028 556 3391 626 pulcherrime
3426 577 3558 616 cou-

1983 641 2178 697 fectam
2206 651 2257 699 et
2288 642 2622 699 elaboratam
2671 647 3043 717 conspiciens,
3077 649 3301 722 ejusque
3344 653 3559 707 concin-

1981 735 2208 791 nitatem
2242 745 2296 792 et
2321 737 2790 804 constitutionem,
2820 748 2912 793 aut
2942 741 3104 797 etiam
3144 742 3312 813 ipsius
3335 743 3557 799 citharae

1981 836 2197 881 cantum
2251 828 2493 892 audiens,
2548 827 2680 882 nihil
2733 829 2876 887 aliud
2916 847 3076 901 quam
3129 834 3555 904 ipsuntcitharan

1982 919 2315 974 conditorem
2353 929 2408 974 et
2431 920 2790 977 citharoedum
2821 933 3000 978 mente
3035 935 3270 995 reputat,
3300 937 3461 998 atque
3490 928 3556 981 ad

1978 1022 2100 1063 eum
2137 1010 2466 1081 cogitatione
2497 1011 2688 1077 fertur,
2733 1013 2944 1067 etiamsi
2987 1015 3053 1070 de
3084 1015 3220 1072 facie
3264 1017 3503 1088 ignotum
3540 1035 3552 1073 :

1980 1102 2166 1158 eodem
2220 1117 2433 1174 quoque
2463 1103 2621 1159 modo
2652 1105 2828 1173 nobis,
2858 1106 2926 1169 is,
2959 1106 3046 1175 qui
3084 1121 3169 1161 res
3195 1106 3406 1174 effecit,
3435 1108 3559 1164 ell'e-

1981 1201 2206 1263 ctasque
2252 1203 2431 1249 movet
2480 1203 2643 1264 atque
2697 1204 3025 1263 conservat,
3075 1197 3394 1254 manifestus
3444 1208 3548 1262 est,

1977 1280 2193 1337 etiamsi
2246 1292 2428 1338 mente
2466 1282 2688 1338 minimc
2744 1285 3250 1352 comprehendatur.
3287 1285 3362 1340 Ac
3397 1286 3556 1343 nimis
3664 1314 3669 1319 ι

1978 1373 2217 1441 profecto
2258 1373 2423 1429 hebes
2467 1381 2523 1429 et
2564 1373 2793 1429 stolidus
2839 1384 2959 1443 est,
3002 1374 3246 1445 quisquis
3284 1391 3393 1431 non
3425 1376 3557 1431 huc-

1979 1480 2149 1533 usque
2178 1475 2367 1535 sponte
2420 1480 2517 1521 sua
2561 1466 2940 1536 progreditur,
2993 1467 3429 1537 naturaliumque
3467 1469 3557 1523 de-

1979 1557 2430 1612 monstrationum
2486 1558 2732 1629 vestigiis
2786 1558 3031 1614 insistit:
3067 1568 3229 1630 atque
3283 1562 3416 1616 adeo
3455 1560 3558 1616 hoc

1980 1650 2079 1705 sibi
2112 1652 2441 1720 persuadet,
2475 1666 2544 1706 ne
2570 1652 2621 1706 id
2652 1651 2870 1720 quidem
2897 1649 3063 1705 Deum
3101 1666 3221 1707 esse
3246 1692 3261 1716 ,
3298 1652 3439 1722 quod
3474 1650 3556 1706 vel

1981 1742 2216 1812 imagine
2244 1742 2477 1810 quadam
2508 1743 2671 1798 animi
2702 1743 3048 1812 concepimus
3068 1782 3082 1805 .
3118 1742 3204 1798 vel
3238 1742 3555 1797 informavi-

289 1814 484 1884 πρόσω
518 1815 728 1886 δέηται,
764 1817 825 1869 τὸ
855 1815 1082 1886 ἔσχατον
1102 1797 1325 1890 ὀρεκτὸν
1351 1818 1491 1889 ἔχων
1516 1797 1637 1892 ἤδη,
1674 1821 1768 1875 καὶ
1796 1822 1867 1886 είς

1984 1848 2125 1900 mus,
2160 1833 2243 1888 vel
2273 1833 2537 1889 orationis
2567 1833 2730 1906 500
2764 1833 3017 1905 penicillo
3047 1842 3319 1903 utcunque
3354 1832 3557 1889 descri-

286 1904 319 1957 ὂ
367 1906 523 1959 πᾶσα
574 1906 794 1960 σπεύδει
843 1908 935 1960 καὶ
981 1907 1225 1963 πολιτεία
1268 1910 1363 1963 τοῦ
1395 1910 1600 1981 ὑψηλοῦ
1650 1912 1742 1965 καὶ
1770 1911 1879 1965 διά-

286 2012 412 2050 νοια
433 2014 448 2064 ;

1980 1926 2211 1995 psimus.
2253 1923 2404 1991 Quod
2456 1925 2500 1979 si
2553 1924 2676 1993 quis
2729 1938 2965 1992 unquam
3020 1922 3347 1994 cogitatione
3385 1921 3554 1977 Deum

1981 2032 2199 2089 quoquo
2230 2017 2386 2071 modo
2410 2015 2840 2087 comprehendit,
2877 2029 3112 2085 quonam
3144 2054 3159 2079 ,
3191 2016 3437 2080 obsecro,
3470 2030 3556 2068 ar-

286 2122 552 2180 gumento
572 2113 624 2168 id
663 2115 948 2184 probabit?
975 2116 1171 2187 Ecquis
1194 2117 1337 2172 enim
1362 2132 1426 2173 eo
1451 2117 1732 2187 sapientia:
1756 2116 2030 2187 pervenit?
2055 2111 2255 2184 Ecquis
2289 2125 2526 2179 unquam
2553 2117 2758 2162 tantam
2789 2108 3016 2177 gratiam
3067 2108 3324 2163 divinitus
3368 2122 3558 2163 conse-

287 2216 451 2259 cutus
478 2208 603 2260 est?
635 2207 833 2278 Ecquis
861 2225 922 2265 os
968 2211 1169 2266 mentis
1219 2211 1290 2265 ita
1333 2213 1577 2282 aperuit,
1646 2228 1709 2268 ac
1762 2211 2024 2282 Spiritum
2092 2208 2315 2263 attraxit
2344 2206 2428 2273 “,
2487 2214 2543 2259 ut
2595 2202 2832 2273 Spiritus
2882 2203 3062 2258 omnia
3122 2202 3554 2273 perscrutantis,

285 2308 455 2367 atque
484 2300 648 2355 etiam
682 2301 775 2357 Dei
836 2304 1100 2373 proluuda
1129 2308 1510 2375 cognoscentis
1534 2306 1577 2338 ‘7
1616 2321 1719 2376 ope
1768 2316 1929 2375 atque
1967 2303 2300 2372 adiumento,
2342 2299 2434 2354 Dei
2462 2308 2711 2354 naturam
2748 2295 3239 2367 comprehenderit,
3288 2309 3399 2354 nec
3437 2293 3553 2368 jam

286 2390 520 2445 ulterius
547 2394 798 2464 progredi
838 2410 1060 2452 necesse
1094 2397 1328 2464 habeat,
1398 2408 1584 2468 utpote
1631 2400 1721 2469 qui
1759 2410 2064 2454 extremum
2095 2394 2226 2450 illud
2254 2392 2614 2464 appetendum
2638 2391 2751 2462 jam
2809 2392 3028 2457 habeat,
3085 2392 3152 2446 ad
3195 2394 3337 2462 quod
3379 2393 3556 2445 omnis

283 2488 601 2543 Sublimium
658 2490 896 2546 virorum
943 2503 999 2547 et
1042 2495 1152 2548 vita
1182 2504 1238 2548 et
1266 2496 1524 2564 cogitatio
1554 2496 1867 2551 contendit?

356 2582 432 2633 Z'.
472 2580 541 2633 Τί
565 2583 672 2653 γάρ
702 2600 832 2636 ποτε
864 2584 1115 2660 ύπολήψῃ
1138 2585 1198 2639 τὸ
1219 2586 1394 2651 Θεῖον,
1421 2589 1578 2659 εἴπερ
1597 2588 1745 2653 ὅλαις
1762 2588 1872 2661 (15)

282 2674 405 2735 ταῖς
436 2672 683 2740 λογικαῖς
714 2675 989 2741 πιστεύεις
1014 2677 1223 2746 ἐφόδοις
1254 2678 1365 2751 (16)
1390 2697 1403 2746 ;
1441 2681 1473 2752 ἦ
1510 2680 1646 2753 πρὸς
1671 2682 1725 2734 τί
1757 2699 1814 2734 σε
1844 2682 1873 2734 ὁ

283 2762 441 2831 λόγος
468 2764 655 2829 ἀνάξει
682 2766 1103 2839 βασανιζόμενος
1129 2769 1261 2841 (17),
1287 2765 1332 2825 ὧ
1354 2771 1752 2842 φιλοσοφώτατε
1782 2774 1868 2841 σὺ,

281 2856 380 2908 καὶ
414 2855 862 2926 θεολογικώτατε,
899 2860 994 2913 καὶ
1035 2861 1355 2933 καυχώμενε
1398 2865 1477 2928 είς
1524 2863 1593 2917 τὰ
1622 2866 1866 2937 ἄμετρα;

284 2947 525 3020 Πότερον
558 2950 749 3021 σῶμα;
796 2952 890 3005 καὶ
923 2954 1038 3018 πῶς
1082 2953 1143 3007 τὸ
1178 2955 1423 3025 ἄπειρον,
1460 2956 1553 3009 καὶ
1595 2956 1867 3027 ἀόριστον,

281 3041 379 3091 καὶ
412 3040 843 3111 ἀσχημάτιστον,
890 3044 985 3097 καὶ
1019 3044 1242 3114 ἀναφὲς
1275 3046 1369 3099 καὶ
1408 3031 1668 3118 ἀόρατον;
1704 3046 1736 3119 ἢ
1775 3046 1869 3100 καὶ

276 3131 455 3185 ταῦτα
512 3132 779 3204 σώματας
820 3135 882 3186 Ὢ
913 3136 1014 3205 τῆς
1051 3135 1334 3202 ἐξουσίαςὶ
1368 3138 1429 3191 ού
1463 3138 1570 3208 γὰρ
1600 3138 1737 3209 αύτὴ
1770 3139 1869 3207 cpti—

2054 2584 2165 2642 VII.
2191 2585 2329 2653 Quid
2368 2586 2511 2640 enim
2558 2584 2772 2639 tandem
2823 2582 2989 2637 Deum
3039 2595 3162 2638 esse
3192 2580 3460 2645 censebis,
3510 2579 3555 2633 si

1984 2678 2319 2747 argumentis
2349 2692 2377 2731 a
2416 2677 2629 2732 ratione
2660 2677 2841 2745 petitis
2870 2674 3026 2731 ﬁdem
3074 2674 3292 2727 omnino
3338 2672 3502 2727 habes
3533 2672 3556 2725 ?
3640 2748 3643 2751 _

1978 2774 2089 2829 Aut
2118 2787 2228 2843 quo
2261 2769 2477 2825 tandem
2514 2778 2565 2823 te
2597 2768 2861 2824 subvehet
2885 2769 3000 2822 hanc
3029 2765 3320 2834 disputatio
3343 2804 3357 2829 ,
3389 2765 3431 2819 si
3460 2780 3554 2819 ac-

1976 2865 2221 2921 curatius
2255 2861 2639 2917 examinetur?
2670 2859 2766 2929 Te,
2795 2861 3035 2931 inquam,
3058 2858 3293 2929 appello,
3319 2857 3409 2927 qui
3436 2856 3555 2927 phi-

1972 2954 2231 3026 losophia:
2285 2969 2348 3008 ac
2403 2952 2685 3022 theologia:
2744 2952 3099 3022 principatum
3151 2949 3247 3003 tibi
3287 2947 3552 3013 vindicas,

1972 3056 2134 3117 atque
2166 3048 2219 3100 in
2258 3045 2580 3099 immensum
2623 3042 2896 3113 gloriaris.
2941 3042 3022 3096 An
3056 3055 3251 3110 corpus
3278 3054 3399 3096 eum
3431 3054 3553 3094 esse

1972 3140 2156 3196 dices?
2183 3137 2429 3206 Quonam
2457 3151 2587 3207 ergo
2611 3135 2771 3190 modo
2800 3135 3117 3201 immensus,
3171 3131 3436 3199 inﬁnitus,
3482 3131 3548 3186 [i-

279 3239 366 3287 σις
394 3223 684 3294 σωμάτων.
719 3227 790 3279 Ἦ
833 3226 992 3298 σῶμα
1030 3229 1149 3299 μὲν,
1191 3228 1312 3299 οὐχὶ
1349 3229 1521 3283 ταῦτα
1548 3230 1639 3295 δέ;
1670 3232 1733 3283 Ὢ
1763 3229 1866 3299 τῆς

1970 3248 2118 3303 guraa
2153 3246 2351 3301 expers
2378 3238 2480 3295 est,
2514 3242 2579 3282 ac
2611 3226 2845 3296 denique
2867 3224 3153 3294 ejusmodi,
3180 3234 3238 3279 ut
3261 3236 3361 3280 nec
3382 3222 3549 3292 tangi,

276 3314 593 3386 παχύτητος
626 3316 768 3388 (18)!
804 3318 888 3372 ἵνα
920 3318 1085 3389 μηδὲν
1112 3318 1273 3373 πλέον
1296 3322 1328 3391 ἡ
1338 3321 1453 3390 μῶν
1475 3321 1571 3392 ἔχῃ
1605 3320 1666 3374 τὸ
1685 3321 1860 3377 Θεῖον.

276 3405 407 3469 Πῶς
431 3405 542 3476 γάρ
568 3408 765 3462 σεπτὸν
785 3410 915 3479 (19),
948 3412 997 3463 εἰ
1026 3414 1430 3484 περιγραπτόν;
1463 3413 1495 3483 ἢ
1528 3413 1640 3477 πῶς
1672 3414 1864 3484 φεύξε-

273 3510 367 3548 ται
413 3495 475 3547 τὸ
514 3498 579 3549 ὲκ
611 3499 889 3569 στοιχείων
926 3503 1265 3570 συγκεῖσθαι,
1297 3504 1392 3557 καὶ
1424 3505 1503 3566 εἰς
1526 3504 1669 3557 αὐτὰ
1703 3505 1864 3558 πάλιν

273 3584 628 3653 ἀναλύεσθαι,
656 3589 690 3660 ἢ
727 3592 819 3644 καὶ
859 3592 996 3657 ὅλως
1018 3593 1274 3661 λύεσθαι;
1307 3594 1563 3657 Σύνθεσις
1595 3595 1732 3668 γὰρ,
1764 3596 1864 3666 ἀρ-

273 3676 344 3747 χὴ
378 3677 599 3748 μάχης·
640 3680 787 3753 μάχη
821 3682 899 3748 δὲ,
927 3684 1292 3750 διαστάσεως·
1332 3686 1363 3757 ή
1393 3685 1469 3751 δὲ,
1493 3685 1730 3750 λύσεως’
1762 3686 1858 3740 λύ-

275 3783 360 3829 σις
399 3768 458 3821 δὲ
492 3769 773 3843 ἀλλότριον
825 3772 1001 3844 πάντη
1047 3774 1204 3838 Θεοῦ,
1246 3778 1340 3829 καὶ
1372 3775 1472 3846 τῆς
1501 3774 1724 3847 πρώτης
1753 3776 1857 3845 φύ-

274 3875 434 3922 σεως.
477 3858 687 3915 Οὔκουν
734 3862 1035 3929 διάστασις,
1092 3866 1178 3919 ἵνα
1224 3866 1298 3937 μὴ
1323 3866 1502 3930 λύσις’
1539 3867 1657 3920 οὐδὲ
1687 3868 1859 3938 μάχη,

272 3950 362 4002 ἴνα
392 3951 468 4022 μὴ
498 3951 809 4017 διάστασις·
854 3956 972 4009 οὐδὲ
1003 3956 1270 4023 σύνθεσις,
1308 3957 1393 4010 ἵνα
1430 3956 1503 4029 μὴ
1550 3958 1695 4029 μάχη
1721 3974 1732 3985 ’
1772 3958 1859 4012 διὰ

269 4041 431 4095 τοῦτο
485 4043 607 4097 οὐδὲ
660 4046 839 4116 σῶμα,
896 4046 983 4100 ἵνα
1034 4048 1108 4120 μὴ
1163 4047 1430 4112 σύνθεσις.
1469 4050 1563 4101 Ἐκ
1615 4049 1723 4101 τῶν
1767 4066 1856 4102 τε-

269 4132 539 4188 λευταίων
570 4135 664 4189 ἐπὶ
693 4137 763 4189 τὰ
798 4138 988 4209 πρῶτα
1025 4141 1053 4193 ὁ
1085 4139 1240 4207 λόγος
1281 4139 1467 4207 ἀνιὼν,
1500 4139 1671 4205 οὕτως
1708 4141 1857 4195 ἵστα-

268 4241 382 4279 ται.

1972 3338 2072 3379 nec
2100 3323 2272 3379 oculis
2301 3320 2449 3376 cerni
2484 3319 2689 3391 queat?
2717 3319 2797 3373 An
2834 3319 2947 3373 haec
2979 3331 3192 3388 quoque
3236 3316 3290 3370 in
3323 3329 3550 3384 corpora

1972 3413 2211 3469 cadunt?
2233 3413 2276 3469 Ο
2301 3410 2614 3467 licentiam!
2644 3408 2758 3463 Non
2783 3409 2926 3463 enim
2978 3409 3092 3462 haec
3131 3420 3416 3474 corporum
3453 3420 3549 3459 na-

1974 3511 2090 3557 tura
2125 3508 2231 3556 est.
2259 3502 2340 3555 An
2372 3514 2569 3568 corpus
2589 3498 2807 3567 quidem
2828 3512 2948 3552 esse
2973 3505 3197 3560 statues,
3222 3495 3545 3550 immensum

1974 3609 2125 3659 vero,
2170 3602 2334 3662 atque
2358 3590 2649 3656 inﬁnitum,
2681 3598 2983 3659 cmteraque
3004 3587 3161 3656 hujus
3187 3586 3399 3656 generis
3425 3600 3547 3641 esse

1970 3684 2235 3758 negabis?
2274 3684 2318 3740 Ο
2341 3682 2643 3738 crassitiem
2668 3682 2682 3735 Ξ
2711 3690 2768 3736 ιιι
2798 3681 2942 3736 nulla
2970 3695 3028 3735 re
3057 3681 3200 3736 Deus
3225 3680 3379 3735 nobis
3407 3694 3546 3749 prae-

1966 3787 2093 3834 stet.
2114 3776 2253 3844 Quid
2276 3776 2420 3831 enim
2448 3774 2631 3829 all‘erri
2654 3782 2853 3844 potest,
2878 3788 2974 3829 cur
2998 3772 3208 3828 colatur
3229 3780 3391 3842 atque
3418 3771 3546 3825 ado-

1968 3879 2137 3933 retur,
2172 3867 2216 3922 si
2252 3867 2699 3935 circumscriptus
2745 3865 2863 3921 est?
2896 3864 3004 3919 Aut
3051 3863 3181 3934 quid
3212 3878 3388 3920 causae
3422 3878 3545 3918 esse

1964 3963 2228 4026 dicemus,
2262 3960 2391 4031 quin
2416 3976 2478 4015 ex
2510 3959 2793 4016 elementis
2839 3957 3104 4015 conﬂatus
3137 3957 3227 4024 sit,
3276 3966 3440 4027 atque
3486 3957 3540 4011 in

1961 4054 2149 4109 eadem
2186 4052 2364 4107 denuo
2415 4052 2691 4123 redigatur
2717 4090 2733 4117 ,
2790 4059 2879 4105 aut
2911 4050 3075 4105 etiam
3116 4063 3339 4118 prorsus
3366 4048 3537 4102 inter-

1966 4140 2093 4194 eat?
2130 4137 2467 4208 Compositio
2519 4140 2719 4209 quippe
2752 4152 2943 4210 pugna:
2980 4137 3191 4193 initium
3227 4146 3330 4202 est,
3360 4151 3536 4205 pugna

1958 4243 2135 4285 autem
2169 4231 2399 4295 dissidii,
2430 4231 2712 4285 dissidium
2764 4229 3085 4284 solutionis:
3119 4227 3313 4283 solutio
3370 4239 3533 4294 porro

270 4319 419 4374 nullo
442 4319 602 4375 modo
625 4320 678 4374 in
700 4320 863 4375 Deum
888 4337 951 4377 ac
980 4323 1206 4392 primam
1229 4322 1372 4376 illam
1395 4330 1638 4377 naturam
1669 4323 1831 4378 cadit.
1865 4321 2124 4390 Quocirca
2148 4322 2662 4394 nullumﬂissidium
2695 4321 3085 4377 admittendum
3116 4327 3220 4384 est,
3248 4335 3312 4374 ne
3337 4317 3535 4373 solutio

269 4422 639 4483 consequatur
680 4432 693 4469 :
724 4429 820 4471 nec
855 4432 1056 4488 pugna,
1086 4432 1154 4473 ne
1179 4417 1457 4473 dissidium
1483 4419 1692 4474 oriatur
1724 4438 1737 4473 :
1778 4434 1878 4475 nec
1924 4420 2268 4488 compositio,
2297 4434 2365 4474 ne
2392 4434 2567 4490 pugna
2593 4419 2838 4473 exsistat.
2871 4421 2949 4471 Ac
2996 4416 3221 4485 proinde
3243 4429 3310 4468 ne
3339 4426 3535 4482 corpus

268 4506 489 4574 quidem
504 4516 608 4571 est,
630 4522 696 4561 ne
716 4509 914 4578 alioqui
932 4511 1286 4579 compositum
1306 4511 1522 4580 quidem
1542 4528 1661 4567 eum
1683 4527 1904 4569 necesse
1927 4515 2015 4568 sit.
2037 4514 2127 4567 Sir.
2144 4517 2210 4569 ab
2229 4513 2488 4569 extremis
2503 4513 2567 4566 ad
2597 4511 2766 4579 prima
2799 4522 3085 4564 recurrens
3108 4505 3285 4559 oratio
3304 4504 3521 4559 insistit.

341 4595 426 4649 H'.
467 4596 592 4660 Πῶς
624 4596 682 4649 δὲ
705 4598 797 4651 καὶ
831 4598 1133 4670 σωθήσεται
1166 4601 1227 4653 τὸ
1262 4601 1349 4654 διὰ
1378 4602 1593 4655 πάντων
1620 4603 1848 4673 διήκειν,

2026 4605 2159 4661 VIII.
2200 4605 2317 4660 Iam
2349 4620 2480 4659 vero
2533 4603 2797 4671 quomodo
2851 4600 2979 4654 illttd
3032 4600 3167 4653 tueri
3210 4596 3529 4669 poterimus,

266 4688 365 4740 καὶ
398 4686 639 4757 πληροῦν
660 4686 729 4740 τὰ
762 4688 939 4743 πάντα
968 4690 1121 4754 Θεὸν,
1155 4693 1293 4744 κατά
1318 4692 1399 4755 τὸ,
1435 4692 1579 4761 Οὐχὶ
1608 4692 1714 4746 τὸν
1743 4695 1845 4747 οὺ-

260 4779 455 4847 ρανὸν
476 4780 575 4832 καὶ
593 4778 708 4848 τὴν
727 4779 841 4848 γῆν
862 4780 977 4850 ἐγὼ
994 4781 1216 4850 πλιηρῶ
1229 4798 1248 4846 ;
1274 4783 1437 4853 λέγει
1459 4786 1693 4852 Κύριοςν
1729 4786 1843 4848 καὶ,

264 4872 511 4940 Πνεῦμα
541 4874 761 4939 Κυρίου
783 4873 1140 4942 πεπλήρωκε
1170 4874 1285 4943 τὴν
1309 4876 1686 4945 οἰκουμένην.
1713 4878 1760 4929 εί
1787 4877 1847 4930 τὸ

265 4963 367 5034 μὲν
402 4965 732 5035 περιγράφοι
758 4965 891 5035 (20),
927 4966 987 5019 τὸ
1032 4966 1089 5020 δὲ
1142 4968 1565 5039 περιγράφοντος
1616 4969 1687 5022 Ἢ
1735 4969 1843 5041 γὰρ

260 5054 353 5107 διὰ
381 5055 540 5108 κενοῦ
573 5056 813 5127 χωρήσει
841 5056 933 5110 τοῦ
953 5058 1170 5125 παντὸς,
1200 5060 1296 5113 καὶ
1322 5060 1390 5113 τὰ
1426 5061 1603 5114 πάντα
1626 5061 1843 5132 οἰχήσε-

1952 4700 2094 4767 quod
2128 4697 2204 4751 ait
2254 4696 2530 4766 Scriptura
2556 4735 2570 4760 ,
2613 4697 2776 4749 Deum
2830 4693 3007 4749 omnia
3041 4692 3335 4762 pervadere
3371 4701 3532 4760 atque

1955 4789 2214 4857 implere,
2240 4788 2395 4858 juxta
2438 4788 2607 4841 illud:
2643 4785 2831 4839 Nonne
2861 4785 3045 4839 coelum
3088 4795 3138 4837 et
3190 4794 3383 4837 terram
3434 4799 3529 4851 ego

1955 4878 2183 4946 impleo?
2212 4878 2338 4931 dicit
2393 4876 2649 4931 Dominus
2680 4875 2765 4939 ⁴⁸;
2795 4886 2872 4938 et,
2926 4873 3155 4941 Spiritus
3198 4872 3409 4926 Domini
3441 4888 3527 4925 re-

1951 4973 2101 5039 plevit
2142 4971 2316 5025 orbem
2360 4981 2619 5025 terrarum
2649 4969 2729 5032 ";
2778 4970 2821 5024 si
2866 4968 3003 5021 Deus
3056 4967 3251 5036 partim
3290 4965 3527 5019 circum-

1951 5063 2172 5129 scribat,
2221 5062 2415 5131 partim
2447 5041 2957 5116 circumscribatur?
2983 5058 3090 5113 Aut
3117 5055 3258 5113 enim
3296 5069 3395 5126 per
3429 5069 3527 5108 va-

330 5210 378 5242 “
420 5207 513 5264 Ps.
574 5223 765 5276 cxvm,
809 5210 929 5267 I3I.
1007 5212 1053 5244 "
1094 5212 1110 5266 I
1164 5213 1289 5269 Cur.
1339 5227 1399 5278 ιι,
1434 5212 1521 5270 10.
1599 5214 1643 5247 ⁸⁸
1669 5214 1781 5271 .Ier.
1817 5232 1971 5281 χχιιι,
2000 5218 2093 5271 24.
2169 5216 2214 5250 ⁸³
2244 5216 2372 5287 Sap.
2407 5232 2446 5274 ι.
2473 5218 2525 5272 7.

325 5321 441 5391 (l3)
464 5326 676 5391 Λόγος.
704 5321 803 5379 Hic
836 5323 981 5380 Elias
1006 5342 1026 5376 ι
1066 5326 1354 5392 rationem,
1389 5346 1406 5379 ι
1432 5342 1536 5381 non
1572 5346 1591 5380 ι
1622 5344 1835 5387 sermo-

260 5409 380 5447 nem
420 5413 439 5443 ι
477 5393 749 5460 intelligit.

327 5462 441 5526 (14)
466 5462 638 5515 Ποτέ.
657 5463 816 5517 Deest
843 5463 893 5517 in
925 5464 1019 5522 0r.
1059 5465 1112 5520 I.

468 5532 703 5617 ξρλᾳίς.
732 5533 896 5617 ουλει.
977 5545 1037 5617 ct_
1064 5536 1159 5617 0r.
1188 5536 1267 5617 I,_
1286 5536 1442 5602 ὅλως,
1478 5556 1496 5589 ι
1543 5540 1829 5617 omnm)

325 5601 437 5677 (I9)
473 5601 765 5677 Ἐφόδοιςτ
796 5604 960 5661 Coisl.
1012 5607 1317 5677 Lappa;
1714 5601 1809 5617 κητ-

325 5672 435 5747 (I'i)
467 5672 964 5747 βασᾳνιζιξιιενος.
996 5672 1246 5747 (ἓοίεῙίΞ.
1275 5677 1608 5747 βιαῖκιιενος.

324 5742 437 5811 (18)
466 5743 534 5797 ’Ὠ
567 5740 678 5810 τῆς
703 5742 990 5813 ἐξουσίας
1009 5746 1071 5800 .'..
1104 5745 1150 5799 ὦ
1175 5740 1286 5817 τῆςῖ
1314 5740 1657 5820 nupturae
1678 5752 1697 5803 .'
1737 5750 1828 5807 Sic

1937 5331 2101 5388 Coisl.
2143 5332 2193 5386 I.
2224 5332 2378 5386 Deest
2400 5330 2446 5385 ὣ
2468 5332 2518 5385 in
2547 5333 2634 5385 ed.

2011 5402 2120 5469 (l9)
2159 5402 2291 5468 Πῶς
2322 5402 2431 5472 γὰρ
2460 5405 2705 5465 σεπτόν,
2729 5412 2834 5457 etc.
2865 5422 2884 5454 ι
2913 5402 3189 5468 Quomodo
3222 5404 3364 5457 enim
3396 5416 3521 5460 eum

1940 5472 2205 5534 colamus,
2237 5473 2282 5526 si
2314 5473 2684 5527 circumscribi
2728 5476 2936 5542 potest?
2966 5474 3071 5527 Aut
3096 5474 3363 5540 quomodo
3388 5489 3520 5529 cou-

1938 5544 2128 5597 cedere
2163 5542 2605 5606 detrectabimus,
2640 5558 2762 5597 eum
2802 5560 2867 5598 ex
2904 5544 3179 5599 elementis
3225 5543 3517 5600 conﬂatum

1937 5627 2077 5677 esse,
2114 5620 2274 5689 atque
2312 5613 2365 5689 in
2405 5614 2593 5673 eadem
2626 5615 2801 5670 denuo
2847 5614 3217 5683 redigendum,
3282 5615 3515 5689 denique

1935 5697 2159 5752 prorsus
2191 5684 2559 5738 interiturum.
2603 5704 2621 5736 ι

2006 5754 2118 5821 (ευ)
2144 5752 2512 5823 Περιπκίεροι.
2553 5756 2687 5826 Ileg.
2720 5769 2770 5821 a,
2799 5760 3149 5827 περιγράφει.
