4038 6338
446 283 518 340 55
1656 275 1713 330 S.
1755 272 2086 331 GREGORII
2127 272 2473 330 THEOLOGI
3640 267 3714 322 36

448 414 605 457 cuam
636 397 1041 453 universitatem
1072 394 1433 465 grassalntur,
1465 399 1516 447 et
1542 406 1629 447 res
1652 406 1840 447 omnes
1863 393 2018 447 nobis

2141 411 2208 445 ται
2238 395 2389 463 ἡμῖν,
2422 392 2489 444 ἶν’
2520 388 2750 460 ὑϐρισθῇ
2781 387 2935 455 Θεὸς,
2965 385 3057 440 καὶ
3090 384 3250 455 σῶμα
3278 382 3585 454 γενόμενος,
3619 385 3714 438 καὶ

447 490 723 562 peribunt,
779 497 840 543 ut
894 487 973 543 sic
1028 485 1169 540 Deus
1200 482 1526 538 contumelia
1563 480 1842 548 aﬂiciatur,
1878 483 2037 537 nimi-

449 598 572 637 rum
603 589 658 635 et
691 580 782 649 qui
813 592 1010 648 corpus
1037 577 1126 640 sit,
1158 575 1297 630 etiis
1346 589 1464 644 quae
1486 574 1793 645 procreavit
1812 584 2034 630 careat:

451 682 545 728 aut
575 688 770 742 corpus
792 670 844 725 in
876 668 1193 736 corporibus
1226 668 1351 730 erit,
1378 666 1429 720 id
1462 668 1605 735 quod
1642 665 1756 718 lieri
1807 681 1910 719 non
1943 680 2040 733 po-

450 770 599 817 test:
626 770 718 815 aut
771 757 1174 828 implicabitur,
1202 765 1257 809 et
1317 764 1637 823 opponetur,
1687 752 2037 820 quemadmo—

451 854 577 908 dum
599 867 684 919 ea,
713 866 831 920 qua:
853 848 1159 918 liquiditate
1185 846 1408 917 praedita
1439 853 1599 912 sunt,
1630 842 1785 913 501
1821 845 1961 897 inter
1980 856 2038 897 se

454 942 790 1004 miscentur;
832 948 996 1007 atque
1022 936 1130 990 alia
1157 936 1385 1002 secabit,
1422 944 1475 988 et
1496 934 1563 988 ab
1591 932 1714 987 aliis
1742 947 1931 986 rursus
1952 947 2037 987 se-

458 1030 690 1094 cabitur,
717 1029 860 1097 quod
896 1027 1027 1098 ipsis
1056 1028 1221 1080 etiam
1255 1022 1474 1094 Epicuri
1507 1021 1707 1076 atomis
1754 1019 2039 1075 absurdius

452 1130 507 1175 et
540 1119 738 1173 anilius
762 1127 848 1173 est
876 1135 890 1184 ;
929 1118 1115 1186 sicque
1146 1115 1302 1169 nobis
1333 1114 1657 1177 collabetur,
1695 1126 1796 1166 nec
1818 1125 2035 1180 corpus,

449 1224 551 1266 nec
582 1209 739 1265 solidi
787 1208 1077 1278 quidquam
1130 1207 1354 1261 habebit
1401 1207 1517 1260 haec
1561 1203 1878 1273 disputatio,
1932 1217 2036 1271 qua

449 1314 651 1370 corpus
737 1301 845 1355 Deo
939 1299 1179 1354 tribuere
1242 1311 1527 1353 conamur.
1589 1295 1744 1362 Quod
1805 1293 1851 1348 si
1911 1307 2037 1347 eum

451 1405 650 1459 corpus
681 1390 920 1444 materiae
950 1402 1145 1458 expers
1203 1400 1326 1441 esse
1371 1384 1772 1450 contenderint,
1821 1381 1867 1437 si
1919 1382 2040 1452 qui-

451 1481 574 1535 dem
613 1481 862 1551 qnintum
913 1479 1065 1544 illud,
1122 1487 1184 1532 ut
1238 1476 1480 1532 nonnulli
1517 1483 1876 1540 censuerunt,
1905 1482 1959 1528 et
1986 1473 2037 1527 in

450 1572 636 1627 orbem
662 1571 894 1627 volubile
935 1589 948 1625 :
973 1572 1044 1625 sit
1073 1584 1203 1624 sane
1231 1583 1428 1637 corpus
1451 1566 1718 1637 quoddam
1752 1566 1999 1634 quintum
2020 1603 2036 1629 ,

457 1675 512 1719 et
542 1678 571 1717 a
614 1664 839 1718 materia
872 1672 1157 1725 semotum,
1188 1671 1351 1729 atque
1374 1659 1563 1722 etiam,
1593 1657 1638 1712 si
1672 1656 1802 1725 ipsis
1830 1655 1903 1709 ita
1928 1653 2040 1709 col-

2138 482 2238 534 οὐκ
2271 481 2404 551 ἔχων
2443 480 2541 533 ὅσα
2569 479 2895 548 πεποίηκεν·
2927 478 2960 547 ἢ
3000 476 3157 547 σῶμα
3197 477 3254 528 ὲν
3289 474 3503 545 σώμασι
3537 474 3713 539 ἔσται,

2137 573 2271 641 ὅπερ
2312 570 2570 623 ἀδύνατον
2592 584 2604 599 ·
2640 570 2673 639 ἢ
2707 569 3043 638 πλακήσεται
3084 567 3178 620 καὶ
3217 564 3715 636 ἀντιπαρατεθῆσε-

2137 680 2245 729 ται,
2284 660 2470 731 ὥσπερ
2503 660 2613 730 (21)
2664 660 2765 713 ὅσα
2809 658 2917 712 τῶν
2954 658 3135 728 ὑγρῶν
3187 657 3471 728 μίγνυται·
3514 658 3608 709 καὶ
3651 656 3715 709 τὸ

2142 756 2238 825 μὲν
2268 755 2478 824 τέμνει,
2504 752 2607 806 ὑπὸ
2629 752 2685 804 δὲ
2720 750 2813 804 τοῦ
2846 750 3206 823 τμηθήσεται,
3234 749 3262 801 ὃ
3295 751 3388 802 καὶ
3419 750 3524 802 τῶν
3567 750 3716 802 Ἐπι-

2137 846 2401 917 κουρείων
2449 845 2667 913 ἀτόμων
2723 842 3067 913 ἀτοπώτερόν
3115 859 3176 895 τε
3227 842 3321 895 καὶ
3377 840 3716 911 γραωδέστε-

2139 955 2230 1008 ρον
2257 937 2388 1009 (22)·
2423 937 2515 989 καὶ
2546 935 2686 989 οὕτω
2717 935 3051 987 διαπεσεῖται
3092 934 3243 1004 ἡμῖν,
3278 932 3372 985 καὶ
3417 932 3575 1001 σῶμα
3617 932 3717 1001 οὐχ

2135 1030 2268 1096 ἕξει,
2295 1028 2415 1081 οὐδὲ
2437 1027 2597 1097 πῆξίν
2630 1044 2750 1080 τινα
2787 1028 2815 1079 ὁ
2839 1028 2967 1097 περὶ
2999 1026 3091 1079 τοῦ
3124 1026 3373 1096 σώματος
3396 1025 3552 1092 λόγος
3576 1023 3709 1095 (25).

2139 1120 2206 1173 Εἰ
2235 1119 2290 1172 δὲ
2316 1119 2476 1172 ἄῦλον
2512 1120 2776 1188 φήσομεν,
2828 1120 2876 1169 εἰ
2914 1118 3011 1187 μὲν
3041 1117 3102 1169 τὸ
3150 1115 3413 1186 πέμπτον,
3457 1114 3533 1177 ὣς
3573 1131 3715 1168 τισιν

2137 1210 2281 1276 εδοξε
2314 1209 2448 1279 (2.1),
2493 1210 2588 1261 καὶ
2631 1209 2731 1278 τὴν
2772 1207 2956 1277 κύκλῳ
2993 1207 3164 1277 φορὰν
3206 1208 3533 1279 φερόμενον
3576 1206 3717 1259 ἔστω

2142 1302 2239 1373 μὲν
2268 1301 2428 1356 ἆῦλόν
2448 1318 2499 1352 τι
2533 1300 2627 1353 καὶ
2660 1300 2907 1369 πέμπτον
2938 1299 3116 1369 σῶμα,
3146 1302 3193 1353 εἰ
3223 1299 3501 1369 βούλονται
3522 1299 3600 1364 δὲ,
3624 1299 3717 1351 καὶ

2138 1394 2445 1464 ἀσώματον,
2479 1393 2620 1446 κατὰ
2652 1393 2751 1464 τὴν
2773 1393 3068 1463 αὐτόνομον
3095 1392 3272 1446 αὐτῶν
3303 1392 3397 1446 τοῦ
3432 1392 3588 1460 λόγου
3620 1409 3717 1461 φο-

2143 1484 2243 1556 ρὰν
2274 1485 2369 1537 καὶ
2391 1485 2693 1538 ἀνάπλασιν
2714 1502 2728 1518 ο
2760 1485 2908 1538 οὐδὲν
2945 1484 3055 1555 γὰρ
3084 1484 3178 1538 νῦν
3211 1484 3339 1555 περὶ
3366 1485 3556 1538 τούτου
3588 1483 3716 1537 διοί-

2143 1592 2306 1645 σομαι
2332 1574 2465 1644 (25).
2489 1575 2646 1627 Κατὰ
2674 1574 2726 1627 τί
2747 1574 2801 1627 δὲ
2824 1574 2934 1628 τῶν
2954 1574 3286 1644 κινουμένων
3313 1574 3463 1628 ἔσται
3501 1575 3596 1628 καὶ
3619 1591 3717 1643 φε-

2145 1665 2408 1737 ρομένων,
2447 1667 2533 1718 ἵνα
2575 1665 2649 1736 μὴ
2698 1666 2844 1734 λέγω
2896 1666 2994 1737 τὴν
3034 1665 3210 1735 ὓϐριν,
3251 1668 3299 1718 εἰ
3326 1666 3396 1718 τὰ
3431 1665 3572 1720 αὐτὰ
3603 1667 3718 1727 τοῖς

455 1755 672 1809 libuerit
700 1796 716 1821 ,
746 1754 1161 1822 incorporeum;
1197 1749 1632 1821 quandoquidem
1685 1748 1758 1801 ita
1792 1761 2038 1803 sermone

2141 1751 2525 1821 πεποιημένοις
2554 1752 2582 1803 ό
2612 1748 2928 1819 πεποιηκὼς
2956 1749 3327 1820 κινηθήσεται.
3366 1751 3461 1803 καὶ
3485 1753 3596 1813 τοῖς
3630 1766 3715 1817 φε-

452 1844 749 1914 romparati
808 1851 977 1908 sunt,
1014 1852 1072 1897 ut
1097 1856 1192 1911 pro
1220 1840 1445 1896 arbitrio
1476 1840 1530 1894 in
1584 1853 1801 1893 onmem
1834 1847 2038 1907 partem

457 1951 579 1991 sese
632 1943 870 1999 versent,
908 1949 971 1989 ac
1004 1932 1218 2003 quidvis
1246 1930 1534 2002 eﬂingant;
1568 1929 1701 1984 nihil
1737 1928 1880 1983 enim
1936 1927 2041 1982 hac

455 2029 523 2084 de
551 2043 609 2083 re
635 2027 689 2083 in
740 2026 1027 2097 praesentia
1067 2039 1187 2079 cum
1253 2023 1358 2078 illis
1405 2021 1732 2077 altercabor.
1771 2020 2038 2074 Caeterum

451 2134 561 2186 quo
598 2118 811 2173 tandem
853 2117 907 2171 in
939 2130 1139 2188 genere
1160 2114 1266 2170 erit
1296 2129 1483 2169 earum
1520 2126 1723 2179 rerum,
1752 2125 1869 2180 quae
1895 2120 2039 2165 motu

450 2210 663 2264 cientur
692 2217 741 2264 et
771 2209 1043 2279 agitantur
1063 2245 1078 2271 ,
1114 2216 1173 2261 ut
1201 2204 1417 2260 interim
1450 2214 1682 2267 taceam,
1715 2217 1878 2272 quam
1906 2216 2038 2274 gra-

450 2300 535 2352 vis
563 2298 633 2353 sit
660 2299 1023 2361 contumeli'e,
1057 2309 1325 2360 asserere,
1350 2293 1661 2350 Creatorem
1688 2294 1898 2357 eodem,
1932 2307 2039 2362 quo

454 2405 541 2443 res
580 2389 647 2443 ab
683 2404 748 2444 eo
775 2398 1011 2452 creatas,
1052 2395 1198 2441 motu
1235 2386 1475 2451 incitari,
1511 2395 1673 2455 atque
1702 2400 1846 2451 eum,
1885 2384 2039 2454 cujus

449 2483 503 2534 vi
538 2497 601 2536 ac
646 2482 865 2535 numine
903 2494 991 2535 res
1028 2479 1261 2534 condita:
1299 2477 1612 2544 volvuntur,
1644 2477 1688 2532 si
1722 2488 1901 2532 tamen
1939 2479 2040 2532 hoc

452 2574 618 2627 etiam
649 2572 823 2627 daturi
870 2580 1017 2636 sunt,
1049 2572 1239 2626 eodem
1296 2570 1453 2624 modo
1483 2584 1606 2624 cum
1659 2569 1726 2623 iis
1784 2569 1922 2624 volvi
1976 2584 2041 2625 ac

455 2665 835 2720 circumferri?
861 2664 1053 2731 Quaero
1082 2665 1281 2726 etiam,
1316 2664 1572 2732 quidnam
1619 2663 1689 2716 sit
1734 2662 1875 2731 quod
1921 2661 2041 2715 uni-

2139 1842 2385 1914 ρομένοις
2420 1845 2448 1896 ὁ
2482 1843 2683 1913 φέρων,
2721 1841 2775 1895 εἴ
2809 1860 2873 1911 γε
2909 1843 3004 1895 καὶ
3046 1842 3203 1896 τοῦτο
3228 1842 3491 1908 δώοουσι;
3535 1844 3599 1895 Τί
3630 1842 3717 1895 δαὶ

2134 1934 2195 1987 τὸ
2228 1933 2338 2003 (26)
2392 1932 2550 1986 τοῦτο
2598 1932 2759 1986 πάλιν
2812 1932 3031 1997 κινοῦν;
3086 1933 3138 1986 τί
3170 1932 3226 1986 δὲ
3260 1932 3321 1985 τὸ
3355 1935 3462 1986 πᾶν
3502 1932 3716 1999 κινοῦν;

2136 2025 2354 2079 κάκεῖνο
2367 2023 2417 2077 τί
2441 2042 2454 2089 ;
2486 2025 2580 2077 καὶ
2603 2025 2655 2077 τί
2683 2024 2843 2078 πάλιν
2856 2025 3031 2077 ἐκεῖνο
3050 2041 3064 2090 ;
3086 2025 3179 2079 καὶ
3200 2024 3356 2078 τοῦτο
3372 2027 3450 2087 εἰς
3471 2024 3716 2096 ἄπειρον.

2137 2113 2262 2178 Πῶς
2314 2113 2402 2167 δαὶ
2439 2114 2538 2167 οὐκ
2567 2115 2624 2167 ὲν
2654 2115 2805 2183 τόπῳ
2839 2114 3075 2180 πάντως,
3107 2116 3160 2167 ετ
3185 2131 3247 2182 γε
3277 2115 3611 2186 φερόμενον;
3654 2114 3720 2166 Εἰ

2136 2205 2193 2260 δὲ
2218 2205 2345 2259 ἄλλο
2374 2223 2426 2257 τι
2455 2205 2605 2276 παρὰ
2630 2206 2694 2258 τὸ
2731 2206 2979 2277 πέμπτον
3008 2207 3290 2277 φήσουσιν,
3329 2208 3376 2260 εἰ
3421 2206 3521 2276 μὲν
3547 2206 3720 2273 ἀγγε-

2140 2297 2309 2350 λικόψ
2341 2296 2503 2349 πόθεν
2530 2298 2610 2351 ὅτι
2635 2297 2853 2367 ἄγγελοι
2882 2299 2994 2369 (27)
3032 2298 3275 2369 σώματα,
3311 2300 3403 2352 καὶ
3430 2298 3552 2353 τινα
3590 2298 3722 2351 ταῦ-

2141 2404 2239 2453 τα;
2275 2389 2370 2441 καὶ
2402 2389 2565 2461 πόσρν
2598 2388 2709 2461 (28)
2748 2390 2884 2461 ὑπὲρ
2914 2389 3142 2458 ἄγγελον
3190 2389 3276 2461 εἴη
3308 2390 3460 2455 Θεὸς,
3498 2384 3558 2443 οὗ
3611 2389 3721 2442 λει-

2142 2480 2369 2550 τουργὸς
2403 2478 2669 2548 ἄγγελος;
2719 2481 2782 2533 Ει
2816 2481 2871 2533 δὲ
2911 2481 3047 2553 ὑπὲρ
3080 2480 3271 2548 ταῦτα,
3310 2481 3468 2535 πάλιν
3493 2480 3721 2552 εἰσήχθη

2144 2571 2413 2641 σωμάτων
2445 2573 2611 2643 ἑσμὸς
2644 2573 2947 2642 ἀλόγιστος,
2979 2574 3074 2627 καὶ
3114 2574 3383 2647 φλυαρίας
3415 2573 3594 2645 βυθὸς,
3633 2574 3693 2626 οὑ

2144 2661 2315 2733 δαμοῦ
2357 2664 2546 2734 στῆναι
2574 2664 2893 2735 δυνάμενος.

3990 1296 3991 1337 1

3994 1488 3995 1529 1

3996 1586 3997 1615 1

3998 1684 3999 1705 1

4000 1778 4001 1801 1

4001 1874 4003 1904 1

454 2773 669 2812 versum
701 2758 803 2812 hoc
835 2758 1085 2812 moveat?
1118 2755 1382 2823 Quidnam
1419 2770 1547 2809 vero
1595 2754 1738 2825 quod
1788 2753 2028 2809 vicissim
2070 2754 2200 2810 illud
2259 2767 2494 2821 moveat,
2566 2773 2629 2812 ac
2668 2774 2881 2814 rursum
2919 2775 2947 2813 a
2974 2775 3080 2830 quo
3118 2759 3247 2814 illud
3282 2758 3595 2813 moveatur?
3628 2757 3711 2811 Eo

451 2850 683 2916 demque
724 2849 885 2901 modo
939 2847 994 2901 in
1036 2845 1305 2899 inﬁnitum
1350 2845 1683 2915 progrediar.
1718 2842 1819 2910 Qui
1870 2844 2029 2898 etiam
2072 2845 2186 2899 fieri
2223 2854 2419 2914 potest,
2482 2856 2541 2900 ut
2570 2849 2791 2905 omnino
2854 2866 2958 2905 non
3013 2851 3085 2905 sit
3134 2850 3184 2904 in
3236 2849 3375 2917 loco,
3407 2850 3453 2904 si
3506 2848 3721 2920 quidem

454 2942 647 3003 fertur,
686 2955 750 2995 ac
782 2949 927 2994 motu
976 2938 1271 2994 incitatur?
1307 2938 1423 2993 Jam
1482 2937 1527 2993 si
1580 2937 1726 2992 aliud
1772 2936 2043 3007 quoddam
2084 2952 2297 3006 corpus.
2334 2949 2531 3008 praeter
2570 2940 2816 3009 quintum
2851 2942 3002 3007 illud,
3074 2940 3241 2997 Deum
3293 2955 3414 2996 esse
3463 2948 3723 2995 statuant»

452 3034 497 3087 si
541 3033 754 3101 quidem
794 3031 1092 3103 angelicum
1138 3050 1152 3087 :
1192 3034 1337 3087 unde
1388 3032 1699 3101 probabunt
1732 3032 1953 3101 angelos
1993 3047 2222 3101 corpore
2276 3044 2544 3101 constare,
2617 3046 2673 3092 et
2711 3052 2819 3106 quo
2877 3038 3090 3092 tandem
3142 3037 3411 3106 corpore?
3452 3036 3722 3102 Quantum

453 3132 655 3188 autem,
678 3122 723 3178 si
751 3136 836 3179 res
868 3123 939 3177 ita
963 3137 1022 3178 se
1052 3124 1267 3190 habeat,
1301 3123 1442 3181 Deus
1511 3124 1783 3193 angelum,
1816 3139 1925 3194 quo
1987 3125 2234 3181 ministro
2266 3127 2457 3192 utitur,
2483 3128 2811 3184 antecellet?
2846 3128 2903 3183 Si
2928 3143 3123 3197 corpus
3150 3129 3421 3198 quoddam
3450 3127 3536 3181 his
3594 3127 3721 3181 sub-

455 3215 636 3271 limius
687 3230 807 3273 esse
848 3217 1109 3285 dixerint,
1147 3233 1336 3289 rursus
1375 3233 1664 3289 corporum
1730 3233 1957 3274 examen
2029 3221 2255 3277 rationis
2321 3236 2515 3291 expers
2568 3224 2873 3290 inducetur,
2922 3239 2988 3279 ac
3040 3239 3301 3295 nugarum
3353 3236 3549 3293 gurges
3590 3222 3723 3276 adeo

456 3308 782 3382 profundus,
806 3320 865 3365 ut
905 3325 1170 3381 nusquam
1208 3326 1305 3381 pes
1344 3311 1436 3381 ﬁgi
1465 3312 1655 3380 possit.

526 3399 617 3455 IX.
651 3401 830 3471 Atque
856 3400 982 3457 hinc
1015 3410 1250 3467 constat,
1290 3401 1458 3457 Deum
1492 3417 1691 3473 corpus
1731 3417 1840 3459 non
1892 3418 2033 3459 esse.

2212 3401 2291 3455 8'.
2326 3401 2483 3455 Οὕτω
2508 3402 2605 3473 μὲν
2638 3398 2730 3457 οὖν
2773 3402 2883 3473 (29)
2917 3403 2977 3456 οὐ
3008 3403 3164 3474 σῶμα
3188 3405 3320 3474 ἡμῖν
3358 3404 3386 3455 ὁ
3412 3402 3562 3466 Θεός·
3602 3401 3722 3456 οὐδὲ

457 3492 644 3563 Neque
665 3494 809 3548 enim
836 3495 1014 3550 adhuc
1062 3497 1349 3566 qniSquam
1392 3510 1602 3561 eorum,
1655 3498 1745 3567 qui
1783 3496 2037 3553 divinitus

2143 3494 2252 3566 γὰρ
2278 3495 2377 3567 ἤδη
2406 3512 2489 3558 τις
2511 3493 2668 3547 τοῦτο
2698 3494 2804 3547 τῶν
2832 3494 3222 3555 θεοπνεύστων.
3252 3494 3284 3564 ἢ
3314 3488 3722 3565 εἶπεν,ἢπαρε-

457 3581 620 3637 amitti
657 3592 801 3649 sunt,
830 3584 934 3640 hoc
959 3584 1045 3640 vel
1076 3586 1233 3650 dixit,
1254 3586 1341 3643 vel
1364 3588 1431 3657 ab
1463 3587 1585 3643 aliis
1638 3588 1838 3642 dictum
1885 3601 2036 3641 com-

2141 3585 2352 3649 δέξατο,
2405 3583 2526 3635 οὐδὲ
2591 3583 2689 3653 τῆς
2752 3584 3031 3655 ἡμετέρας
3084 3582 3197 3651 (50)
3246 3583 3413 3653 αὐλῆς
3465 3584 3494 3635 ό
3545 3584 3719 3651 λόγος.

461 3673 732 3742 probavit,
764 3690 864 3731 nec
896 3676 1070 3732 nostri
1105 3677 1265 3733 ovilis
1292 3686 1376 3732 est
1402 3678 1517 3733 haec
1546 3678 1812 3734 doctrina.
1840 3676 2038 3747 Super-

2143 3677 2403 3729 Λείπεται
2429 3675 2492 3746 δὴ
2522 3672 2812 3745 ἀσώματον
2853 3673 3273 3743 ὑπολαμϐάνειν.
3315 3672 3455 3725 Ἀλλ’
3490 3673 3537 3725 εἰ
3576 3673 3722 3726 ἀσώ-

458 3773 544 3822 est
573 3766 754 3836 igitur,
782 3775 842 3821 ut
894 3768 1269 3837 incorporeum
1296 3783 1418 3824 esse
1449 3769 1617 3825 Deum
1646 3768 2035 3823 existimemus.

468 3855 690 3922 Verum,
752 3864 1030 3928 utcunque
1080 3860 1455 3928 incorporeum
1495 3861 1758 3925 dicamus,
1804 3859 2037 3914 nondum

461 3959 642 4007 tamen
670 3951 775 4005 hoc
809 3960 1058 4005 naturam
1112 3951 1257 4008 illius
1301 3952 1704 4023 essentiamque
1731 3950 2037 4020 complecti—

465 4049 553 4095 tur
581 4051 637 4096 et
667 4041 939 4109 declarat;
979 4044 1432 4113 quemadmodum
1461 4059 1563 4101 nec
1589 4045 1905 4116 ingenitum,
1942 4058 2042 4100 nec

465 4131 786 4199 anarchum,
809 4132 997 4200 idest,
1024 4134 1276 4205 principii
1309 4149 1528 4205 expers,
1558 4148 1657 4190 nec
1681 4133 2037 4199 immutabile,

533 4307 645 4383 (2i)
673 4308 919 4383 Ὤσπζερ.
946 4308 1039 4383 Sic
1067 4314 1171 4369 duo
1208 4310 1402 4383 Regg.,
1431 4319 1540 4368 tres
1570 4310 1747 4377 Colb.,
1766 4309 1933 4367 Coisl.
1976 4311 2029 4376 1,

465 4377 588 4458 (11⁵.⁸
597 4377 651 4458 ξ,
680 4390 785 4458 εις.
818 4377 874 4458 lli
896 4381 1025 4458 _ed.,
1055 4386 1089 4458 ἢ
1124 4377 1331 4458 ὥσπερ,

535 4449 1147 4523 (22)Γραωδέστερόν.
1192 4449 1355 4508 Coisl.
1392 4454 1417 4507 1
1456 4453 1624 4518 addit,
1677 4451 1752 4516 ὼς
1804 4451 2039 4523 οἱγπερὶ

462 4519 635 4597 ταῦτα
665 4519 1029 4597 ὲσχολακότες
1051 4527 1345 4597 ὲλήρησαν,
1379 4544 1397 4575 ι
1436 4525 1639 4597 auilitts
1661 4525 1823 4597 etiam
1855 4522 1922 4577 iis
1940 4519 2039 4597 de:

467 4592 791 4660 liramentis,
824 4608 943 4660 quae
978 4591 1223 4650 homines
1251 4600 1301 4647 in
1358 4596 1458 4649 hac
1511 4594 1790 4660 disciplina
1840 4591 2044 4647 versati

468 4659 998 4733 finxe_run_t.‘rliaec
1038 4674 1214 4717 tamen
1253 4665 1446 4720 desunt
1478 4665 1529 4718 in
1561 4659 1831 4733 plerisque
1881 4664 2039 4719 codd.

468 4738 524 4783 et
554 4728 671 4801 94.,
708 4727 847 4801 {ﬁlias
868 4739 1044 4801 autem
1074 4733 1330 4801 agnoscit.

542 4798 658 4867 (25)
713 4797 765 4848 Ὀ
806 4798 938 4871 περὶ
988 4797 1416 4869 τοῦ’σώματος
1453 4803 1654 4871 λόγος.
1695 4800 1817 4854 Iimc
1863 4802 2042 4870 jungit

470 4868 635 4923 Lenv.
674 4882 794 4921 cum
832 4868 913 4921 his
962 4868 1329 4937 superioribus
1383 4868 1583 4931 verbis.
1618 4872 1711 4923 καὶ
1742 4868 1884 4922 οὕτω
1929 4868 2043 4923 δια-

469 4938 739 4992 πεισεῖται
790 4939 942 5007 ἡμῖν,
975 4940 1157 5005 sicque
1217 4941 1427 4993 reddit:
1488 4958 1505 4989 ι
1544 4942 1714 5007 Atque
1748 4942 1848 4993 boc
1884 4943 2045 4992 modo

472 5009 637 5069 ratio,
697 5023 816 5076 qua:
867 5009 974 5060 Deo
1010 5024 1206 5078 corpus
1236 5011 1499 5076 attribuit,
1534 5012 1827 5063 subsistere
1886 5009 2041 5062 nobis

470 5080 688 5201 aegris;
718 5079 960 5147 adeoque
1000 5094 1099 5133 nec
1132 5094 1348 5149 corpus,
1382 5095 1479 5135 nec
1508 5094 1819 5148 compagem
1880 5078 2041 5131 ullam

507 5164 535 5200 a
578 5163 607 5199 e
649 5160 757 5201 η.»

507 5149 757 5201 abebh.»

543 5216 654 5287 (24)
690 5218 797 5283 Ὃς
821 5232 982 5271 τισιν
999 5217 1192 5283 ἔδοξε.
1233 5218 1305 5271 Ex
1340 5219 1422 5273 bis
1463 5220 1561 5273 fuit
1587 5217 1924 5280 Aristoteles,
1950 5218 2041 5287 qui

473 5297 670 5357 praeter
722 5298 956 5357 quatuor
1018 5304 1195 5342 rerum
1251 5288 1534 5358 principia,
1597 5304 1690 5342 seu
1752 5288 2038 5352 elementa,

474 5372 593 5425 qua:
645 5370 769 5412 sunt
825 5375 841 5409 ι
878 5373 1037 5424 aqua,
1076 5366 1238 5422 terra,
1293 5359 1431 5425 ignis
1460 5371 1512 5413 et
1550 5374 1663 5422 aer,
1694 5377 1712 5408 ι
1770 5359 2039 5426 quintum,

476 5441 669 5497 nempe
716 5444 735 5478 ι
771 5427 985 5488 malum.
1019 5446 1037 5479 ο
1080 5442 1112 5483 e
1154 5429 1374 5483 materia
1405 5431 1636 5497 quadam
1679 5426 2037 5493 eﬂormatum,

476 5494 810 5552 admittebat.

550 5566 661 5639 (ἓξ)
692 5567 1010 5639 Δέοίιῖομαι.
1047 5568 1177 5639 Reg.
1207 5585 1258 5633 a,
1278 5568 1564 5639 διοίσομεν.

554 5635 666 5708 (26)
710 5636 775 5690 Τί
815 5635 909 5692 δαὶ
960 5639 1047 5703 τό,
1090 5635 1197 5693 etc.
1244 5639 1376 5708 Reg.
1424 5635 1508 5691 but
1557 5646 1609 5691 ct
1658 5637 1751 5693 0r.
1798 5639 1849 5703 1,
1884 5638 1934 5691 τί
1984 5639 2042 5692 δὲ

482 5703 769 5763 1:6.Totum
794 5709 933 5766 hunc
950 5708 1122 5765 locum
1140 5712 1219 5768 sic
1236 5703 1395 5767 vertit
1427 5708 1727 5766 Leuv.:cAt
1751 5711 1913 5775 enim,
1938 5709 2039 5765 ob-

2144 3784 2331 3838 ματον,
2365 3767 2517 3820 οὔπω
2566 3767 2663 3838 μὲν
2710 3764 2829 3819 οὐδὲ
2864 3764 3020 3817 τοῦτο
3061 3764 3161 3834 τῆς
3212 3764 3399 3827 οὐσίας
3432 3780 3721 3836 παραστα-

2139 3859 2287 3913 τικόν
2312 3877 2371 3912 τε
2398 3860 2489 3913 καὶ
2518 3857 2864 3930 περιεκτικὸν
2910 3857 3047 3927 (51),
3088 3857 3276 3929 ὥσπερ
3306 3856 3428 3909 οὐδὲ
3460 3857 3520 3909 τὸ
3557 3856 3718 3924 ἀγέν-

2140 3968 2318 4021 νητον,
2345 3952 2439 4004 καὶ
2476 3952 2535 4005 τὸ
2584 3951 2844 4022 ἄναρχον,
2882 3949 2978 4003 καὶ
3015 3950 3076 4002 τὸ
3114 3948 3490 4013 ἀναλλοίωτον,
3519 3950 3613 4002 καὶ
3661 3948 3721 4001 τὸ

2141 4043 2442 4115 ἄφθαρτον,
2472 4043 2566 4097 καὶ
2590 4044 2690 4096 ὅσα
2714 4043 2843 4113 περὶ
2866 4041 3024 4105 Θεοῦ,
3056 4042 3090 4112 ἢ
3118 4042 3246 4112 περὶ
3272 4041 3403 4094 Θεὸν
3454 4036 3592 4094 εἶναι
3634 4038 3721 4092 λέ-

2142 4151 2315 4204 γεται.
2348 4134 2413 4186 Τί
2439 4133 2546 4206 γὰρ
2575 4134 2689 4188 ὄντι
2712 4134 2824 4204 (52)
2851 4134 3000 4205 αὑτῷ
3017 4132 3158 4187 κατὰ
3181 4132 3278 4203 τὴν
3295 4133 3454 4202 φύσιν
3486 4132 3579 4186 καὶ
3621 4130 3718 4202 τὴν

2147 4325 2320 4372 secro.
2337 4313 2605 4381 quodnam
2623 4310 2726 4364 erit
2750 4325 2778 4363 a
2802 4326 2908 4380 quo
2927 4311 3235 4381 universum
3258 4310 3360 4381 hoc
3378 4306 3719 4381 movebitur?

2148 4377 2411 4447 Quidnam
2435 4383 2560 4436 illud
2579 4377 2832 4435 vicissim'
2853 4381 3120 4435 movebit?
3136 4380 3272 4447 Quid
3292 4380 3418 4433 item
3450 4378 3614 4432 illud?
3637 4377 3720 4447 ldg

2141 4446 2247 4517 que
2273 4452 2405 4504 adeo
2437 4452 2488 4506 in
2516 4452 2804 4507 inﬁnitum.
2819 4451 2938 4504 iSic
2960 4452 3144 4507 Graeca
3166 4446 3387 4504 videtur
3407 4448 3631 4517 legisse:
3653 4446 3718 4517 Τζ

2142 4515 2198 4575 δὲ
2230 4521 2340 4575 πᾶν
2374 4522 2591 4587 κινοῦν;
2642 4520 2693 4574 τί
2743 4521 2799 4574 δὲ
2847 4520 3005 4575 τοῦτο
3058 4521 3219 4575 πάλιν
3255 4515 3482 4584 κινοῦνξ
3510 4517 3605 4570 καὶ
3662 4515 3718 4568 τί

2144 4590 2303 4662 πάλιν
2328 4594 2529 4658 ἐκεῖνος
2564 4592 2837 4646 καὶτοῦτο
2866 4593 2945 4654 εἰς
2979 4592 3223 4662 ἄπειρον.

2214 4661 2326 4732 (2³1)
2356 4665 2651 4733 Ἄγγελοι.
2695 4662 2912 4733 Reg._a,
2941 4663 2991 4713 οἱ
3015 4659 3255 4733 ausim.

2074 4744 2119 4799 ι)
2218 4726 2328 4801 (28)
2357 4726 2577 4801 Πᾴσον.
2609 4733 2721 4786 Dno
2755 4726 2929 4801 Colb.,
2965 4741 3019 4801 et
3052 4726 3146 4785 0r.
3179 4733 3219 4801 1_
3239 4726 3460 4801 addunt,
3487 4728 3574 4782 ἄν.

2217 4797 2328 4870 (29)
2362 4799 2505 4856 Οὖν.
2537 4804 2694 4870 Deest
2720 4801 2769 4853 in
2805 4799 2934 4870 Reg.
2969 4800 3056 4854 bm
3097 4809 3151 4854 et
3177 4797 3279 4870 _Or.
3310 4800 3361 4851 1.

2218 4804 2308 4870 (29
2362 4804 2505 4856 Οὖν.
2537 4804 2694 4855 Deest
2720 4804 2769 4853 in
2805 4804 2934 4868 lieg.
2969 4804 3056 4854 bm
3097 4809 3151 4854 et
3184 4804 3279 4852 Ur.
3310 4804 3361 4851 1.

2218 4804 2328 4943 (50)
2361 4871 2512 4924 Οὐδὲ
2542 4869 2651 4937 τῆς
2695 4868 3141 4943 τῃιεζέρςιςηειο.
3176 4868 3295 4943 Bill.
3332 4890 3343 4924 :
3386 4886 3405 4920 ι
3439 4866 3614 4937 Atque
3648 4867 3715 4921 ab

2150 4940 2452 5005 huiusmodi
2482 4956 2732 4994 sermone
2762 4940 2892 4993 tides
2912 4940 3164 4995 Ecclesia!
3194 4940 3471 4993 abhorret.
3512 4956 3531 4990 ι

2218 5010 2747 5079 (51)Περιεκτικόν.
2779 5009 2935 5063 Deest
2966 5010 3017 5062 in
3042 5010 3314 5079 nonnullis
3347 5009 3503 5079 codd.

2216 5076 2327 5146 (‘32)
2366 5076 2555 5149 Tt’ydp
2578 5080 2723 5144 ὄντι,
2753 5087 2857 5133 etc.
2892 5079 3009 5135 Bill.
3042 5094 3057 5133 :
3090 5097 3107 5129 ι
3133 5077 3374 5132 Primum
3403 5078 3568 5140 enim,
3593 5076 3719 5130 huic

2146 5153 2363 5218 quidem
2391 5148 2555 5214 certe,
2594 5151 2684 5219 qui
2738 5148 2829 5219 Dei
2856 5159 3088 5204 mentem
3129 5163 3255 5203 vere
3282 5149 3534 5219 habeat,‘
3555 5155 3719 5214 atque

2148 5215 2199 5273 in
2230 5215 2680 5291 contemplatione
2707 5216 3003 5291 perfectior
3032 5219 3147 5291 ait,
3179 5215 3628 5273 considerandum
3663 5225 3719 5267 et

2145 5288 2553 5359 expendendum
2608 5288 2865 5361 occurrit,
2912 5289 3045 5361 quid
3096 5289 3245 5361 Deus
3295 5297 3493 5361 natura
3518 5300 3613 5340 sua
3664 5294 3719 5336 et

2144 5361 2440 5415 substantia
2466 5363 2535 5415 sit
2570 5376 2583 5413 :
2619 5375 2682 5414 ac
2699 5358 2883 5428 postea
2912 5358 3014 5412 hoc
3043 5358 3404 5427 adjiciendum
3438 5363 3709 5428 superest,

2145 5445 2267 5483 eum
2289 5448 2385 5485 nec
2408 5432 2618 5485 initium
2634 5427 2854 5491 habere,
2877 5443 2974 5483 nec
2996 5443 3024 5480 a
3050 5442 3109 5481 se
3136 5444 3367 5498 unquam
3391 5427 3713 5498 desciscere;

2144 5514 2243 5553 nec
2271 5500 2375 5555 line
2431 5501 2536 5555 ullo
2560 5498 2929 5556 circumscribi
2961 5512 3025 5552 ac
3054 5492 3283 5561 deliniri,
3309 5500 3422 5559 sed,
3457 5492 3713 5564 quidquid

2145 5569 2197 5621 in
2229 5585 2405 5624 rerum
2447 5583 2637 5628 natura
2690 5579 2794 5638 εει,
2824 5569 3029 5624 ambitu
3061 5584 3157 5624 suo
3212 5566 3495 5636 complecti
3552 5574 3713 5631 atque

2146 5652 2415 5696 coercere.
2462 5659 2479 5692 Ι
