4038 6338
245 293 312 349 37
1244 284 1506 344 ORATIO
1545 282 1786 340 xxvut.
1826 315 1894 327 -
1934 282 2373 343 THEOLOGICA
2410 285 2477 342 ιι.
3444 292 3517 349 58

239 408 542 462 ὑπόστασιν
565 402 823 477 ὖπάρχει,
866 403 929 457 τὸ
960 403 1036 476 μὴ
1069 404 1244 475 ἀρχὴν
1275 404 1445 475 ἔχειν,
1471 404 1605 475 μηδὲ
1636 401 1831 468 ἐξίστα·

1947 418 2045 459 nec
2082 404 2507 474 incorruptibile,
2538 413 2843 474 caeteraque
2880 405 3081 470 omnia,
3122 404 3279 476 502
3310 423 3427 478 quae
3452 410 3518 465 de

239 498 387 561 σθαι,
420 497 558 567 μηδὲ
592 493 1004 567 περατοῦσθαις
1058 494 1199 546 Ἀλλ’
1229 494 1349 548 ὅλον
1401 494 1462 546 τὸ
1489 490 1629 548 εἶναι
1679 511 1834 565 περι-

235 588 540 659 λαμὸἀνειν
586 587 831 639 λείπεται
861 583 1315 655 προσφιλοσοφεῖν
1348 600 1407 636 τε
1463 585 1556 636 καὶ
1599 582 1829 655 προσεξ-

238 679 457 742 ετάζειν
486 677 567 746 τῷ
591 693 655 744 γε
683 676 807 729 νοῦν
832 676 969 728 Θεοῦ
1005 675 1118 743 (55)
1159 672 1373 745 ἀληθῶς
1401 672 1596 742 ἔχοντι,
1632 675 1725 726 καὶ
1749 690 1838 726 τε-

238 769 493 839 λεωτέρῳ
520 768 622 837 τὴν
652 767 905 838 θεωρίαν.
956 766 1041 829 Ὠς
1076 765 1185 838 γὰρ
1234 766 1334 819 οὐκ
1362 765 1527 836 ἀρκεῖ
1561 765 1623 816 τὸ
1676 764 1837 833 σῶμα

239 862 435 923 εἰπεῖν,
470 858 590 929 me
615 857 995 928 γεγεννῆσθαι,
1033 857 1168 927 πρὸς
1196 855 1257 909 τὸ
1286 855 1479 919 καὶτὸ,
1508 855 1638 925 περὶ
1655 854 1684 907 ὃ
1708 855 1840 909 ταῦ-

237 970 330 1015 τι,
359 948 719 1020 παραστῆσαι
773 966 835 1000 τε
885 948 979 1000 καὶ
1029 946 1295 1016 δηλῶσαι,
1349 945 1487 999 ἀλλὰ
1511 944 1591 997 δεῖ
1638 934 1838 997 xciv-co

240 1036 610 1106 ὑποκείμενον
628 1034 840 1098 τούτοις
864 1037 1062 1100 εἰπεῖν,
1080 1036 1129 1086 εί
1161 1033 1344 1104 μέλλοι
1372 1034 1484 1101 (54)
1508 1032 1727 1097 τελείως
1743 1034 1836 1087 καὶ

240 1129 615 1199 ἀποχρώντως
640 1127 702 1180 τὸ
728 1126 1016 1197 νοούμενον
1057 1123 1509 1197 παραστήσεσθαι
1530 1123 1584 1194 (ἢ
1610 1123 1718 1196 γὰρ
1741 1124 1834 1177 ἄν-

241 1220 483 1291 θρωπος,
502 1218 537 1288 ἢ
552 1217 740 1287 βοῦς,ἢ
756 1217 922 1279 ἵππος
933 1215 1091 1270 τοῦτο
1111 1216 1171 1269 τὸ
1190 1214 1620 1285 ὲνσώματον,καὶ
1646 1213 1838 1281 γεννώ-

242 1311 526 1382 μενον.κα“ι
540 1305 1117 1379 φθειρόμενον)·οὗτως
1128 1305 1248 1359 οὐδὲ
1260 1307 1379 1358 ἐκεῖ
1406 1306 1656 1375 στήσεται
1677 1305 1837 1376 μέχρι

238 1403 332 1456 τοῦ
363 1402 543 1454 εξπεῖν
581 1399 619 1453 ἃ
653 1398 728 1470 μὴ
762 1398 931 1463 ἐστιν,
962 1400 991 1451 ὁ
1017 1397 1118 1468 τὴν
1140 1395 1235 1450 τοῦ
1266 1396 1420 1458 ὄντος
1445 1394 1837 1467 πολυπραγμο-

238 1497 346 1549 νῶν
381 1493 567 1563 φύσιν·
593 1491 731 1546 ἀλλὰ
758 1491 839 1544 δεῖ
871 1489 1009 1561 πρὸς
1035 1487 1114 1559 τῷ
1159 1486 1271 1558 (55)
1298 1487 1474 1540 εἰπεῖν
1508 1487 1545 1541 ἃ
1586 1487 1661 1557 μὴ
1696 1485 1833 1552 ἔστι,

239 1587 335 1640 καὶ
364 1587 394 1638 ὃ
423 1587 578 1639 ἐστιν
607 1585 803 1636 εἰπεῖν·
826 1583 936 1651 ὅσῳ
964 1580 1059 1634 καὶ
1087 1582 1216 1651 ῥᾷον
1245 1578 1305 1631 ἓν
1352 1596 1405 1632 τι
1437 1577 1770 1650 περιλαϐεῖν,
1798 1579 1831 1648 ἢ

237 1679 311 1732 τὰ
340 1679 521 1732 πάντα
550 1676 675 1729 καθ’
704 1676 934 1728 ἕκαστον
970 1674 1247 1735 ἀπειπεῖν,
1276 1671 1365 1723 ἴνα
1393 1668 1457 1723 ἔκ
1493 1687 1554 1722 τε
1589 1669 1700 1740 (56)
1730 1668 1833 1738 τῆς

1939 494 2068 560 Deo,
2097 494 2181 548 vel
2215 494 2358 549 circa
2395 493 2983 563 Deum,pr;cdicantur.
3013 494 3150 562 Quid
3175 498 3317 551 enim
3352 499 3517 565 prod-

1938 593 2023 639 est
2069 584 2135 638 ad
2189 583 2530 639 indicandam
2582 584 2753 652 ipsius
2808 596 3058 640 naturam
3110 596 3164 642 et
3215 586 3518 641 subsisten-

1942 674 2067 727 tiam
2093 687 2196 742 qua
2225 673 2458 736 exsistit,
2491 672 2535 727 si
2570 672 2719 729 dicas
2767 674 2888 729 eum
2921 675 3132 730 initium
3154 690 3259 730 non
3293 674 3516 739 habere,

1940 778 2039 819 nec
2068 779 2095 816 a
2114 778 2173 818 se
2196 778 2429 833 unquam
2452 763 2780 830 desciscere,
2805 778 2903 821 nec
2926 766 3046 821 ullis
3070 766 3318 822 terminis
3341 765 3516 820 inclu-

1939 850 2030 905 di?
2070 849 2270 905 Verum
2309 858 2473 905 totam
2521 852 2641 922 ejus
2693 855 2981 909 essentiam
3028 855 3433 911 edisserendam
3462 864 3518 911 et

1938 941 2316 1011 inquirendam
2368 941 2496 997 huic
2526 942 2904 1012 relinquimus,
2938 945 3029 1013 qui
3069 960 3195 1000 vere
3232 945 3326 999 Dei
3376 946 3516 1001 noti-

1940 1032 2068 1086 tiam
2092 1032 2273 1099 habet,
2316 1041 2478 1101 atque
2528 1033 2582 1086 in
2615 1034 3035 1102 contemplanda
3081 1034 3373 1103 perfectior
3408 1045 3514 1092 est.

1942 1123 2177 1179 Utenim
2219 1124 2490 1180 nonsatis
2520 1133 2605 1179 est
2648 1139 2846 1195 corpus
2888 1126 3087 1189 dicere,
3125 1134 3218 1179 aut
3260 1142 3516 1197 procrea-

1939 1225 2048 1268 tum
2076 1229 2217 1279 esse,
2248 1215 2316 1269 ad
2350 1215 2452 1269 hoc
2482 1216 2566 1270 vel
2601 1216 2751 1280 illud,
2781 1218 2865 1271 cui
2898 1217 3009 1271 haec
3034 1217 3301 1287 adjacent,
3333 1220 3516 1290 εει»τί-

1936 1301 2187 1356 mendum
2231 1311 2285 1358 et
2315 1303 2683 1371 indicandum,
2718 1306 2811 1361 sed
2860 1307 2989 1376 quid
3020 1308 3132 1376 ipsa
3164 1321 3377 1377 quoque
3430 1324 3517 1364 res

1934 1391 2178 1459 subjecta
2201 1392 2292 1458 sit,
2318 1394 2603 1449 dicendum
2630 1403 2732 1462 est,
2751 1394 2796 1449 si
2823 1395 2980 1450 modo
3000 1395 3268 1462 volumus,
3292 1396 3345 1450 in
3375 1397 3517 1467 quod

1935 1482 2257 1552 cogitamus,
2290 1483 2446 1552 plene
2481 1493 2643 1555 atque
2687 1486 2902 1541 abunde
2940 1496 3331 1556 reprtesentare
3378 1488 3519 1561 (po-

1937 1579 2042 1628 test
2071 1574 2213 1628 enim
2259 1576 2343 1631 vel
2377 1575 2559 1642 homo,
2613 1577 2695 1631 vel
2733 1577 2849 1644 bos,
2904 1578 2989 1634 vel
3024 1593 3193 1649 equus
3242 1594 3378 1647 esse,
3417 1581 3521 1635 hoc

1935 1664 2078 1732 quod
2102 1679 2419 1735 corporeum
2448 1684 2513 1724 ac
2538 1679 2879 1739 procreatum
2908 1681 2963 1725 et
3002 1671 3353 1740 corruptibile
3397 1684 3520 1727 esse

237 1770 582 1839 ἀναιρέσεως
630 1760 706 1820 ὧν
738 1765 841 1818 οὐκ
887 1762 1027 1828 ἐστι,
1066 1761 1291 1832 καὶτῆς
1320 1753 1383 1813 οῦ
1440 1762 1553 1813 ἐστι
1603 1760 1825 1824 θέσεως,

1933 1756 2343 1827 pronuntiamus
2377 1757 2433 1828 ):
2463 1760 2529 1814 ad
2570 1760 2818 1816 eumdem
2844 1762 3060 1817 modum
3114 1762 3205 1831 qui
3228 1761 3322 1815 Dei
3364 1772 3521 1817 natu-

238 1858 555 1930 περιληφθῇ
598 1857 658 1909 τὸ
684 1854 993 1925 νοούμενον.
1030 1852 1087 1905 Ὁ
1117 1851 1197 1916 δὲ,
1247 1850 1283 1904 δι
1319 1851 1416 1922 μὲν
1444 1851 1544 1903 οὐκ
1569 1849 1684 1902 ἐστι
1740 1850 1827 1902 λέ-

237 1966 375 2016 γων,
413 1948 635 2001 σιωπῶν
682 1947 740 2000 δὲ
785 1947 812 1999 ὅ
842 1946 978 2005 ἐστι,
1026 1946 1172 1996 ποιεῖ
1214 1943 1615 2014 παραπλήσιον,
1644 1941 1829 2013 ὥσπερ

238 2040 304 2094 ἂν
337 2040 452 2109 (37)
491 2040 541 2091 εἰ
599 2038 669 2091 τὰ
700 2037 862 2091 πέντε
904 2036 985 2099 δὶς
1028 2037 1129 2089 ὅσα
1161 2034 1310 2088 ἐστὶν
1347 2034 1720 2105 ἐρωτώμενος,
1749 2034 1830 2086 ὅτι

236 2129 342 2200 μὲν
362 2129 424 2180 οὐ
461 2126 718 2194 δύσλέγοι
755 2124 889 2195 (58),
925 2122 1046 2175 οὐδὲ
1074 2121 1221 2192 τρία,
1263 2121 1383 2174 οὐδὲ
1416 2120 1675 2190 τέσσαρα,
1709 2117 1831 2171 οὐδὲ

236 2221 426 2279 πέντε,
457 2217 578 2271 οὐδὲ
608 2215 839 2279 εἴκοσιν,
892 2213 1012 2266 οὐδὲ
1045 2211 1359 2282 τριάκοντα.
1390 2208 1510 2261 οὐδέ
1556 2225 1697 2274 τινα,
1744 2208 1830 2259 ἵνα

238 2310 479 2367 συνελὼν
499 2308 662 2373 εἴπω,
698 2307 807 2361 τῶν
832 2305 981 2368 ἐντὸς
1010 2303 1251 2367 δεκάδος,
1283 2302 1316 2371 ἢ
1355 2300 1655 2354 δεκαδικῶν
1708 2300 1829 2371 ἀρι-

241 2403 414 2472 ἱμῶν⁹
448 2402 530 2454 ὅτι
556 2400 613 2452 δὲ
630 2400 716 2470 εἴη
741 2399 875 2452 δέκα
897 2395 971 2466 μὴ
996 2394 1166 2462 λέγοι,
1188 2392 1323 2464 μηδὲ
1355 2390 1549 2462 ἐρείδει
1584 2391 1673 2443 τὸν
1703 2389 1828 2443 νοῦν

234 2492 332 2547 τοῦ
364 2491 680 2563 ἐρωτῶντος
720 2489 801 2551 είς
852 2487 911 2539 τὸ
958 2484 1307 2556 ζητούμενον.
1354 2480 1541 2551 Πολλῷ
1566 2480 1673 2551 γὰρ
1702 2482 1830 2551 ῥᾷον
1874 2499 1892 2542 ι

234 2583 335 2636 καὶ
366 2578 779 2649 συντομώτερον
807 2579 871 2630 ὲκ
894 2574 987 2628 τοῦ
1020 2575 1049 2627 ὃ
1079 2574 1226 2626 ἐστιν
1260 2573 1361 2625 ὅσα
1387 2572 1487 2624 οὐκ
1514 2571 1629 2624 ἔστι
1660 2570 1831 2640 δηλῶ-

235 2690 350 2733 σαι,
380 2673 414 2741 ἧ
446 2672 511 2723 ὲκ
544 2668 638 2722 τοῦ
669 2668 880 2722 ἀνελεῖν
922 2666 958 2720 ἃ
998 2667 1071 2737 μὴ
1120 2664 1288 2727 ἔστιν,
1340 2663 1367 2715 ὅ
1401 2663 1548 2714 ἐστιν
1590 2659 1829 2727 ἐνδείξα-

236 2764 383 2817 σθαι.
416 2763 487 2815 Ἢ
513 2761 670 2814 τοῦτο
707 2760 807 2831 μὲν
833 2759 994 2812 παντὶ
1008 2757 1185 2829 δῆλον.

1932 1861 2046 1900 ram
2075 1847 2339 1903 curiosius
2366 1848 2739 1919 inquirendam
2760 1852 2992 1919 duxerit,
3008 1868 3115 1908 non
3139 1855 3225 1910 hic
3248 1857 3513 1925 conquie-

1936 1946 2071 2003 scet,
2119 1945 2175 1991 ut
2229 1939 2393 2005 dicat,
2427 1940 2553 2010 quid
2583 1955 2687 1996 non
2718 1943 2789 1996 sit
2827 1943 2991 2008 Deus,
3021 1945 3115 1999 sed
3156 1945 3259 2000 hoc
3306 1959 3519 2015 quoque

1934 2027 2036 2096 ipsi
2070 2027 2432 2094 adjiciendum
2465 2028 2588 2095 erit,
2626 2038 2705 2092 ut,
2739 2030 2867 2098 quid
2910 2030 3002 2096 sit,
3051 2039 3322 2097 exponat;
3357 2030 3520 2099 idque

1934 2130 1999 2171 eo
2030 2117 2220 2185 magis,
2268 2117 2411 2185 quod
2443 2117 2621 2172 minus
2670 2116 2882 2172 dilIicile
2915 2127 2998 2172 est
3030 2133 3193 2172 unum
3243 2118 3517 2189 quidpiam

1937 2208 2117 2262 animo
2150 2207 2459 2276 complecti,
2490 2224 2651 2278 quam
2684 2210 2867 2265 omnia
2905 2209 3178 2279 sigillatim
3224 2211 3519 2267 inﬁciendo

1938 2312 2239 2362 removere,
2294 2308 2354 2353 ut
2399 2298 2617 2366 rejectis
2650 2300 2737 2365 iis,
2772 2315 2891 2370 quae
2930 2316 3035 2354 non
3067 2309 3169 2367 est,
3206 2308 3262 2354 et
3311 2302 3516 2356 consti-

1938 2396 2050 2442 tuto
2073 2402 2156 2449 eo.
2193 2389 2335 2458 quod
2363 2390 2453 2453 sit,
2503 2390 2995 2461 comprehendatur
3025 2390 3078 2445 id
3121 2390 3264 2459 quod
3308 2391 3517 2462 cogita-

1937 2494 2078 2533 mus.
2108 2479 2207 2545 Qui
2237 2495 2366 2534 vero
2393 2482 2491 2545 ita,
2520 2482 2648 2549 quid
2685 2497 2772 2537 res
2799 2481 2977 2550 aliqua
3010 2496 3112 2536 non
3143 2482 3238 2547 sit,
3276 2498 3519 2552 pronun-

1938 2569 2051 2633 tiat,
2085 2579 2140 2622 ut
2172 2570 2408 2637 interim,
2432 2574 2571 2647 quid
2592 2574 2685 2635 sit,
2728 2581 2920 2637 taceat,
2946 2586 3051 2626 non
3083 2571 3345 2628 absimilis
3366 2582 3449 2628 est
3472 2575 3519 2629 ei

1934 2659 2022 2728 qui
2055 2670 2292 2728 rogatus,
2348 2662 2430 2715 bis
2453 2663 2693 2731 quinque
2743 2672 2874 2732 quot
2898 2663 3026 2728 sint,
3053 2664 3374 2734 respondeat
3403 2666 3517 2732 qui-

1934 2749 2052 2802 dem
2082 2765 2144 2805 ea
2187 2765 2286 2804 nec
2318 2751 2425 2806 duo
2464 2768 2605 2819 esse,
2639 2768 2737 2808 nec
2792 2755 2915 2819 tria,
2969 2769 3067 2809 nec
3108 2765 3365 2824 quatuor,
3420 2768 3518 2809 nec

233 2858 494 2926 quinque,
527 2867 629 2907 nec
658 2851 870 2920 viginti,
894 2865 993 2905 nec
1018 2850 1258 2920 triginta,
1291 2862 1415 2914 nec,
1447 2856 1506 2901 ut
1531 2843 1678 2900 brevi
1747 2841 2100 2910 compleCtar,
2164 2844 2335 2899 ullum
2406 2859 2691 2899 numerum
2727 2846 2863 2900 citra
2900 2846 2984 2901 vel
3031 2846 3172 2901 ultra
3203 2841 3518 2901 denarium;

233 2965 496 3008 cancrum
536 2949 680 3019 quod
717 2949 901 3004 decem
930 2948 1059 3013 sint,
1097 2961 1203 3001 non
1240 2945 1405 3010 dicat,
1434 2958 1533 2998 nec
1578 2949 1813 2995 mentem
1852 2939 1987 3006 ejus,
2018 2954 2048 2992 a
2111 2955 2217 3009 quo
2276 2942 2663 3010 interrogatur,
2696 2943 2762 2995 ad
2798 2942 2850 2995 id
2888 2942 3031 3011 quod
3082 2942 3365 3010 quresitum
3414 2950 3517 2997 est.

233 3044 437 3115 alligat.
468 3042 637 3098 Multo
663 3043 808 3098 enim
856 3040 1066 3097 facilius
1098 3050 1154 3097 et
1178 3038 1615 3110 compendiosius
1645 3046 1746 3100 est,
1773 3050 1839 3089 ex
1877 3049 1961 3099 eo,
1990 3036 2152 3103 quod,
2186 3037 2313 3105 quid
2334 3037 2423 3101 sit,
2455 3036 2677 3101 dixeris,
2711 3037 2968 3106 quidquid
2988 3051 3092 3092 non
3122 3036 3193 3091 sit
3219 3036 3517 3101 declarare,

233 3145 398 3199 tinam
430 3152 495 3192 ex
525 3151 741 3200 eorum,
772 3137 900 3206 quid
953 3151 1060 3190 non
1100 3145 1207 3202 est,
1235 3134 1505 3190 ablatione
1555 3142 1715 3201 atque
1743 3128 2094 3194 inticiatione,
2132 3145 2251 3199 quae
2287 3132 2379 3198 sit,
2412 3132 2820 3198 demonstrare;
2859 3131 3313 3200 quemadmodum
3344 3130 3515 3203 cuivis

232 3229 586 3298 perspicuum
621 3242 741 3283 esse
777 3229 1039 3283 arbitror.

310 3321 369 3372 ι’.
401 3319 558 3373 Ἐπεὶ
579 3317 637 3371 δέ
659 3318 810 3370 ἐστιν
836 3314 1125 3388 ἀσώματον
1158 3318 1289 3388 ἡμῖν
1336 3315 1397 3369 es
1427 3316 1601 3381 Θεῖον,
1643 3311 1831 3383 μικρόν

2010 3308 2071 3363 Χ.
2098 3311 2363 3378 Quoniam
2397 3313 2561 3381 igitur
2586 3315 2751 3368 Deum
2778 3328 3006 3383 corpore
3034 3327 3226 3369 vacare
3254 3312 3407 3368 nobis
3433 3300 3514 3366 es'

228 3428 286 3464 τι
317 3408 827 3480 προσεξετάσωμεν.
862 3408 1097 3479 Πότερον
1130 3407 1367 3479 οὐδαμοῦ
1401 3405 1580 3469 τοῦτο,
1610 3406 1643 3474 ἡ
1675 3405 1826 3456 ἐστιν

229 3501 399 3563 omo;
427 3500 491 3552 Ei
538 3499 639 3570 μὲν
666 3500 776 3570 γὰρ
808 3498 1066 3569 οὐδαμοῦ,
1095 3498 1327 3571 ζητήσαι
1354 3515 1438 3561 τις
1466 3496 1531 3551 ἂν
1555 3496 1663 3549 τῶν
1693 3495 1831 3564 ἄγαν

231 3589 603 3654 ὲξεταστικῶν
634 3588 771 3658 (39),
815 3588 932 3652 πῶς
957 3588 1025 3642 ἂν
1053 3589 1147 3643 καὶ
1183 3588 1290 3660 εἴη.
1325 3588 1388 3640 Εἰ
1414 3588 1526 3657 γὰρ
1545 3586 1607 3639 τὸ
1641 3585 1715 3657 μὴ
1746 3584 1826 3651 ὃν,

232 3680 500 3751 οὐδαμοῦ,
534 3680 594 3733 τὸ
634 3678 913 3752 μηδαμοῦ,
934 3679 1098 3750 τυχὸν
1124 3679 1243 3732 οὐδὲ
1278 3679 1357 3732 δν.
1390 3679 1453 3731 Ei
1473 3677 1531 3731 δέ
1562 3676 1678 3729 ὲστί
1703 3693 1826 3739 που,

234 3773 460 3835 πάντως
512 3772 749 3843 ἐπείπερ
796 3773 964 3836 ἐστὶν,
1008 3772 1043 3841 ἢ
1079 3774 1136 3825 ἐν
1173 3771 1252 3841 τῷ
1284 3771 1463 3835 παντὶ,
1499 3771 1532 3843 ἢ
1582 3770 1719 3841 ὑπὲρ
1770 3769 1829 3822 τὸ

232 3865 368 3935 πᾶν.
418 3861 559 3915 Ἀλλ’
598 3864 648 3915 εἰ
682 3862 781 3934 μὲν
813 3864 872 3916 έν
898 3862 975 3932 τῷ
1006 3864 1188 3929 παντὶ,
1234 3863 1267 3933 ἧ
1296 3880 1423 3929 τινι,
1452 3862 1485 3932 ἢ
1522 3859 1822 3931 πανταχοῦ.

232 3956 349 4008 Καὶ
377 3956 428 4008 εί
461 3955 560 4025 μὲν
589 3953 649 4008 ἔν
669 3972 802 4019 τινι,
828 3955 919 4009 ὑπ’
946 3954 1226 4018 ἐλάττονος
1248 3952 1822 4027 περιγραφήσεταιτοῦ

229 4062 411 4107 τινος.
447 4044 514 4097 Εἰ
543 4043 601 4097 δὲ
646 4044 922 4115 πανταχοῦ
969 4045 1098 4114 (40),
1135 4044 1239 4097 ὑπὸ
1274 4044 1517 4107 πλείονος
1549 4044 1641 4098 καὶ
1669 4043 1826 4099 ἄλλου

230 4130 456 4195 πολλοῦ,
517 4131 658 4201 λέγω
687 4131 766 4194 δὲ,
801 4132 862 4185 τὸ
906 4132 1299 4204 ’περιεχόμενον
1331 4131 1425 4185 τοῦ
1461 4132 1823 4204 περιέχοντος.

230 4227 299 4279 Εἰ
314 4226 375 4277 τὸ
388 4225 498 4277 πᾶν
515 4225 618 4278 ὑπὸ
637 4223 730 4277 τοῦ
750 4223 947 4289 παντὸς
974 4224 1156 4294 μέλλει
1184 4224 1296 4294 (ii)
1316 4223 1823 4295 περισχεθήσεσθαι,

228 4315 330 4368 καὶ
350 4312 553 4383 μηδένα
584 4312 748 4367 τόπον
776 4309 914 4367 εἶναι
936 4313 1287 4384 περιγραφῆς
1314 4313 1619 4385 ἐλεύθερον.
1644 4314 1827 4367 Ταῦτα

232 4405 335 4473 μὲν
350 4401 482 4471 (49),
505 4403 553 4454 εἰ
569 4402 627 4455 ἐν
642 4401 719 4471 τῷ
735 4402 918 4455 παντί.
933 4402 1043 4456 Καὶ
1062 4402 1185 4468 ποῦ,
1207 4403 1337 4474 πρὶν
1353 4403 1601 4472 γενέσθαι
1614 4403 1673 4457 τὸ
1686 4406 1791 4458 πᾶν
1806 4422 1821 4470 ;

227 4492 367 4546 Οὐδὲ
400 4493 509 4562 γὰρ
554 4492 714 4547 τοῦτο
742 4493 934 4563 μικρὸν
965 4495 1044 4558 είς
1092 4495 1348 4566 ἀπορίαν.
1392 4497 1454 4551 El
1495 4497 1551 4550 δὲ
1585 4500 1723 4570 ὑπὲρ
1764 4499 1825 4552 τὸ

229 4585 366 4647 πᾶν,
398 4578 486 4654 ἄρ’
520 4581 674 4637 οὐδὲν
702 4578 769 4653 ἦν
798 4583 858 4635 τὸ
879 4583 1123 4654 διορίζον
1166 4585 1296 4639 αὐτὸ
1321 4585 1412 4639 τοῦ
1443 4586 1671 4652 παντὸς;
1712 4585 1822 4642 Ποῦ

226 4676 290 4728 δὲ
339 4674 401 4726 τὸ
447 4674 586 4743 ὑπὲρ
618 4673 811 4737 τοῦτο;
870 4676 979 4728 Καὶ
1017 4676 1135 4733 πῶς
1187 4677 1381 4748 ἐνοήθη
1421 4678 1482 4730 τὸ
1525 4679 1817 4748 ὑπεραῖρον
1847 4660 1897 4721 D

228 4765 328 4817 καὶ
351 4765 801 4837 ὑπεραιρόμενον,
847 4767 947 4819 οὐκ
976 4766 1128 4830 ὄντος
1151 4768 1277 4837 ὅρον
1318 4769 1458 4833 τινὸς
1482 4768 1573 4822 τοῦ
1596 4769 1819 4840 τέμνον-

230 4872 325 4918 τος
347 4854 525 4909 ταῦτα
574 4855 667 4908 καὶ
695 4855 1054 4927 διορίζοντοςς
1108 4860 1177 4911 Ἦ
1208 4860 1312 4931 χρὴ
1342 4863 1554 4925 πάντως
1576 4858 1713 4915 εἶναι
1760 4863 1819 4934 to

231 4944 423 5013 μέσον,
475 4946 569 4997 καὶ
614 4936 659 5012 ᾧ
706 4944 1037 5015 περατοῦται
1082 4948 1144 5001 τὸ
1197 4949 1324 5014 πᾶν,
1360 4950 1451 5003 καὶ
1491 4951 1549 5003 τὸ
1593 4952 1732 5024 ὑπὲρ
1758 4953 1818 5005 τὸ

304 5148 419 5217 (55)
456 5149 626 5203 Θεοῦ.
657 5149 813 5203 Deest
844 5149 895 5203 in
930 5149 1021 5205 Or.
1048 5151 1097 5203 l.

301 5217 416 5291 (δέ)
440 5218 687 5291 Μέλλρι.
721 5219 851 5291 lieg.
888 5235 939 5291 ιι,
977 5221 1179 5291 μέλλει.

326 5288 417 5354 55)
456 5287 557 5352 Τῷ.
589 5288 752 5343 Coisl.
782 5290 834 5352 1,
864 5290 945 5347 τό.

326 5301 417 5354 ab)
456 5301 557 5352 'l'tp.
589 5301 752 5343 uoisl.
782 5301 834 5352 1,
864 5301 945 5347 το.

300 5301 415 5431 (ξιξ)
443 5360 555 5431 ξζῖκ
580 5376 662 5411 τε.
707 5359 936 5431 [ὶεεειτε
964 5361 1014 5413 in
1042 5361 1172 5431 Reg.
1209 5361 1318 5415 bm.

298 5428 413 5497 (37)
441 5429 667 5497 Ὥσπερ
699 5427 794 5482 ἄν.
833 5430 1073 5485 υεεειᾶν
1114 5427 1276 5484 ιῖιΟι.
1316 5431 1373 5484 1.

297 5492 410 5571 (ᾇὸ)
482 5499 589 5571 Οὐ.
627 5492 743 5571 δύο
799 5499 983 5570 λέγοι,
1036 5512 1143 5554 etc.
1203 5500 1371 5567 Regg.
1417 5517 1467 5568 a,
1537 5503 1649 5571 bm,
1710 5512 1816 5559 tres

223 5564 382 5645 Cplb.
442 5578 498 5622 et
551 5565 644 5623 Or.
702 5569 749 5635 1,
808 5564 890 5623 οὑ’
918 5571 1009 5623 δύο
1063 5570 1231 5640 λέγει,
1285 5564 1414 5626 οὐδὲ
1455 5564 1646 5645 τρεῖς,
1692 5575 1813 5627 οὐδὲ

223 5637 521 5701 τέσσαρας.

301 5690 573 5781 (ὅθῌτῶν
595 5710 749 5781 ἄγαν
769 5710 1190 5777 ἐξεταστικῶν.
1233 5730 1251 5765 ι
1292 5711 1393 5779 Qui
1435 5714 1573 5772 scire
1622 5730 1687 5771 ac
1731 5714 1815 5769 in-

1934 3405 2273 3473 exitloratum
2299 3445 2314 3470 ,
2356 3405 2632 3474 aliquanto
2669 3406 2894 3460 ulterius
2926 3406 2978 3459 in
3019 3406 3339 3473 inquirendo
3385 3419 3513 3475 pro»

1932 3497 2260 3567 grediamur.
2288 3495 2635 3567 Nusquamne
2670 3497 2758 3550 ille
2784 3505 2887 3561 est,
2917 3512 2984 3551 an
3022 3497 3257 3552 alicubi?
3287 3495 3343 3551 Si
3366 3498 3511 3552 enim

1932 3602 2217 3656 nusquam,
2253 3595 2458 3656 quaeret
2489 3586 2718 3642 fortasse
2752 3586 2948 3656 aliquis
2970 3601 3038 3640 ex
3070 3586 3137 3641 iis
3184 3587 3277 3655 qui
3327 3586 3511 3657 inqui-

1934 3679 2086 3733 rendi
2116 3693 2181 3734 ac
2231 3678 2541 3749 disputandi
2597 3678 2896 3734 subtilitate
2940 3678 3234 3750 impensius
3258 3680 3511 3749 gaudent,

1930 3769 2200 3836 quomodo
2225 3783 2346 3825 esse
2369 3783 2584 3838 quoque
2607 3770 2797 3839 possit.
2826 3770 2958 3824 Nam
2983 3770 3028 3825 si
3052 3770 3104 3825 id
3122 3772 3263 3841 quod
3281 3786 3387 3827 non
3405 3782 3509 3837 εει,

1931 3877 2196 3932 nusquam
2226 3870 2355 3917 est:
2398 3861 2450 3917 id
2510 3877 2727 3931 quoque
2782 3863 2924 3931 quod
2977 3878 3243 3933 nusquam
3295 3873 3397 3928 est,
3442 3878 3513 3919 ne

1929 3953 2143 4023 quidem
2188 3951 2419 4009 fortasse
2447 3963 2549 4009 est.
2583 3952 2735 4019 Quod
2770 3952 2814 4008 si
2867 3952 3061 4008 alicubi
3117 3968 3237 4009 esse
3284 3955 3506 4021 dixeris,

1928 4042 2304 4113 proculdubio,
2335 4042 2774 4111 quandoquidem
2804 4050 2906 4107 est,
2937 4041 3018 4096 vel
3045 4041 3098 4096 in
3126 4041 3379 4097 universo
3402 4053 3507 4110 est,

1928 4132 2010 4186 vel
2039 4147 2201 4203 supra
2231 4133 2560 4189 universum.
2590 4132 2646 4186 Si
2677 4133 2730 4186 in
2770 4132 3056 4197 universo;
3090 4132 3175 4188 vel
3200 4133 3251 4187 in
3273 4134 3507 4203 quadam

1925 4224 2042 4293 ejus
2068 4235 2222 4294 parte
2251 4234 2355 4290 est,
2387 4225 2469 4280 vel
2488 4224 2646 4295 503
2671 4224 2889 4293 ubique.
2918 4223 2975 4277 Si
2999 4222 3228 4291 quadam
3253 4223 3306 4277 in
3330 4232 3504 4293 parte,

1927 4332 2057 4387 ergo
2087 4332 2114 4370 a
2143 4316 2336 4371 minori
2373 4316 2475 4371 hac
2502 4328 2653 4384 parte
2704 4316 3186 4371 circumscribetur
3256 4314 3349 4368 Sin
3382 4313 3504 4368 ubi-

1925 4423 2051 4479 que,
2079 4409 2147 4463 ab
2176 4408 2433 4477 ampliore
2470 4407 2685 4475 alioque
2718 4406 2886 4460 multo
2940 4404 3167 4473 majore,
3220 4405 3273 4459 id
3312 4413 3417 4469 est,
3469 4420 3501 4459 a

1925 4500 2233 4555 continente
2257 4498 2644 4552 continebitur.
2677 4495 2803 4549 Haec
2825 4495 2867 4548 si
2894 4494 3225 4558 dederimus,
3260 4494 3499 4550 futurum

1924 4601 2026 4656 est,
2068 4600 2125 4646 ut
2152 4591 2460 4644 universum
2490 4587 2724 4642 universi
2774 4585 3058 4656 complexu
3090 4593 3374 4652 teneatur,
3402 4601 3502 4644 nec

1925 4683 2061 4738 ullus
2094 4698 2121 4735 a
2150 4680 2653 4750 circumscriptione
2696 4677 2833 4733 liber
2867 4686 3042 4733 exstet
3095 4677 3263 4733 locus.
3309 4677 3364 4732 In
3400 4678 3500 4734 has

1924 4770 2544 4827 absurditatesincidant
2569 4783 2791 4823 necesse
2821 4775 2928 4831 est,
2966 4769 3058 4836 qui
3109 4783 3231 4822 eum
3277 4769 3328 4823 in
3380 4770 3500 4823 uni-

1925 4879 2083 4918 verso
2106 4878 2226 4917 esse
2250 4862 2506 4916 dixerint.
2560 4861 2637 4914 Ac
2669 4869 2950 4930 prmterea,
2984 4859 3202 4914 ubinam
3228 4871 3366 4926 erat,
3401 4874 3499 4912 an-

1925 4965 2139 5025 tequam
2176 4955 2429 5008 universa
2476 4953 2595 5007 haec
2639 4966 2820 5007 rerum
2873 4951 3123 5007 machina
3164 4950 3494 5006 exstitisset?

1927 5155 2193 5223 vestigare
2221 5154 2400 5208 omnia
2433 5162 2674 5221 cupiunt.
2719 5171 2738 5205 ι

1997 5221 2109 5296 (40)
2133 5226 2202 5278 El
2230 5223 2306 5296 δὲ
2334 5223 2664 5296 πανταχοῦ,
2696 5233 2800 5278 ειε.
2858 5222 3032 5296 Βὶηά
3058 5240 3077 5273 ι
3122 5221 3240 5296 Sin
3269 5222 3487 5296 ubique,

1923 5294 2054 5364 ergo
2079 5294 2144 5348 ab
2193 5295 2297 5349 alio
2326 5294 2494 5348 multo
2532 5294 2734 5360 majore
2764 5294 3128 5347 continebitur
3162 5294 3242 5364 gsi
3274 5294 3488 5361 quidem

1923 5362 2160 5419 futurum
2189 5376 2291 5430 est,
2323 5373 2380 5417 ut
2404 5365 2545 5417 Deus
2578 5375 2719 5417 totus
2745 5363 2977 5417 universi
3003 5362 3281 5431 complexu
3320 5373 3492 5419 tenea-

1924 5445 2030 5499 tur,
2069 5451 2164 5489 nec
2190 5436 2290 5486 ulla
2322 5448 2385 5486 ex
2424 5444 2571 5502 parte
2597 5432 3110 5501 circumscriptionis
3134 5448 3327 5501 expers
3357 5435 3481 5489 sit.»

1992 5506 2104 5575 (41)
2158 5504 2398 5558 Μέλλει,
2458 5504 2589 5574 lteg.
2659 5505 2771 5568 bm,
2829 5513 2936 5558 tres
2981 5503 3132 5558 Colb.
3193 5511 3248 5557 et
3295 5505 3483 5559 Comb.

1966 5576 2125 5628 έλλοι.

2163 5643 2350 5697 Ταῦτα
2374 5642 2508 5711 μέν,
2558 5653 2660 5697 etc.
2695 5643 2876 5715 ¢_Hacc
2902 5643 3114 5711 quidem
3148 5656 3483 5715 consequen-

1921 5728 2027 5785 tur,
2063 5712 2107 5772 si
2142 5717 2193 5770 iu
2225 5717 2326 5771 hac
2348 5715 2694 5772 universitate
2717 5712 2856 5769 Deus
2875 5715 3248 5771 constituatur.
3283 5731 3305 5766 ι
