4038 6338
536 279 609 338 39
1733 273 1792 329 S.
1832 270 2163 330 GREGORII
2206 268 2549 330 TIIEOLOGI
3699 278 3772 333 40

541 401 676 455 Nam
696 396 795 452 hoc
814 409 1026 466 quoque
1047 407 1150 449 non
1175 392 1342 449 levem
1363 390 1724 448 difﬁcultatem
1746 392 1921 449 affert.
1947 393 2098 459 Quod

2205 394 2342 457 πᾶν;
2374 394 2483 447 Καὶ
2514 394 2570 446 τί
2618 391 2743 447 ἄλλο
2791 390 3002 463 τοῦτοῆ
3040 389 3203 455 τόπος
3243 391 3411 457 ἐστὶν,
3446 393 3613 466 ὅνπερ
3640 395 3775 463 ὲφύ·⁸

538 494 583 546 si
609 506 729 545 eum
759 502 917 558 supra
954 487 1259 543 universum
1290 500 1409 541 esse
1447 486 1697 551 dixerint,
1733 484 1895 554 quid?
1926 483 2094 537 Nihil-

2196 498 2362 551 γομεν
2388 500 2403 548 ;
2429 484 2537 536 Καὶ
2562 482 2714 537 οὗπω
2738 482 2880 551 λέγω
2909 482 2969 535 τὸ
2994 482 3368 553 περιγραπτὺν
3391 480 3605 545 πάντως
3630 477 3776 537 εἶναι

538 596 608 635 ne
627 588 764 643 eral,
797 580 935 649 quod
966 592 1085 631 eum
1126 576 1194 629 ab
1222 576 1470 630 universo
1510 573 1822 629 dirimeret?
1861 571 2089 626 Ubinam

2197 572 2256 625 τὸ
2285 572 2457 637 Θείον,
2487 574 2580 626 καὶ
2603 575 2649 625 εί
2670 572 2999 645 (43)διανοίᾳ
3017 571 3380 641 καταληπτόν·
3406 570 3464 626 ἓν
3485 571 3590 644 γὰρ
3624 590 3777 643 περι-

537 684 698 737 porro
724 678 856 728 erat,
890 666 1027 736 quod
1059 679 1217 732 supra
1272 663 1577 718 universum
1624 661 1773 716 erat?
1800 663 1907 715 Aut
1955 675 2088 730 quo-

2196 663 2411 730 γραφῆς
2433 657 2573 725 εἶδος
2603 664 2698 716 καὶ
2720 662 2754 732 ἡ
2781 661 3103 731 κατάληψις.

539 763 699 818 modo
724 759 1011 816 internosci
1041 766 1251 828 poterat
1282 757 1355 820 id,
1389 756 1533 826 quod
1565 755 1847 811 sublimius
1869 765 2004 817 erat,
2037 754 2104 809 ab
2141 767 2229 837 eo,
2260 757 2401 824 quod
2432 755 2675 821 inferius,
2708 770 2830 811 cum
2867 755 3043 809 nullus
3108 754 3262 809 limes
3323 764 3486 819 esset,
3527 754 3615 824 qui
3660 755 3774 811 haec

537 867 845 917 secerneret
877 870 939 910 ac
989 852 1374 923 distingueret?
1400 853 1587 908 Annon
1608 849 1827 904 omnino
1876 862 2095 905 necesse
2134 858 2218 904 est
2251 850 2481 902 medium
2509 850 2775 917 quoddam
2801 862 2943 912 esse,
2970 862 3097 917 quo,
3121 848 3267 903 velut
3331 847 3579 914 termino,
3638 848 3773 904 diri-

538 962 714 1006 matur
735 949 1035 1003 universum
1058 948 1125 1001 ab
1154 960 1238 1009 eo,
1262 945 1402 1014 quod
1432 960 1592 1012 supra
1629 945 1934 998 universum
1962 943 2090 999 est?
2126 942 2261 1010 Quid
2291 954 2468 998 autem
2501 942 2642 996 aliud
2709 942 2810 998 hoc
2874 942 3053 1007 fuerit,
3079 955 3238 1012 quam
3266 943 3437 1008 locus,
3469 954 3629 1012 quem
3652 944 3769 1015 jam

537 1051 660 1097 ante
689 1037 1046 1096 exclusimus?
1076 1036 1317 1091 Nondum
1366 1035 1510 1113 enim
1550 1048 1932 1101 connuemoro,
1982 1034 2095 1089 fieri
2133 1034 2352 1089 omnino
2387 1048 2488 1088 non
2523 1048 2699 1103 posse,
2767 1033 2896 1102 quin
2959 1035 3401 1103 circumscriptus
3427 1040 3499 1096 sit
3533 1042 3695 1106 Deus,
3720 1041 3770 1095 si

535 1134 718 1189 animo
735 1142 789 1188 et
805 1131 1127 1201 cogitatione
1145 1128 1524 1197 comprehendi
1541 1136 1735 1196 potest.
1758 1127 1931 1217 puum
1948 1126 2146 1196 quippe
2163 1126 2677 1195 circumscriptionis
2694 1141 2863 1195 genus
2881 1127 3288 1196 comprehensio
3304 1144 3518 1201 quoque
3536 1134 3648 1203 ipsa
3661 1142 3767 1187 est.

610 1222 699 1279 XI.
730 1222 997 1290 Quorsum
1027 1227 1204 1273 autem
1261 1220 1373 1272 haec
1419 1217 1672 1282 disserui,
1730 1211 2098 1287 curiosiusque

2270 1215 2373 1269 IA'.
2415 1216 2570 1279 Τίνος
2602 1211 2695 1268 οὖν
2729 1215 2910 1268 ἕνεκεν
2941 1215 3111 1269 ταῦτα
3155 1216 3384 1287 διῆλθον,
3427 1220 3521 1273 καὶ
3549 1237 3773 1292 περιερ-

537 1316 787 1379 fortasse,
823 1326 985 1382 qttam
1019 1309 1157 1380 vulgi
1196 1324 1353 1363 aures
1390 1307 1584 1372 ferant,
1636 1322 1698 1362 ac
1725 1323 1821 1377 pro
1848 1323 1909 1362 ea
1931 1346 1946 1372 ,
1979 1322 2098 1376 qua:

2199 1304 2320 1373 γότε
2330 1322 2418 1376 ρον
2442 1304 2570 1368 ἴσως
2592 1304 2624 1374 ἢ
2650 1303 2789 1356 κατὰ
2809 1303 2907 1366 τὰς
2935 1302 3042 1355 τῶν
3062 1303 3265 1357 πολλῶν
3289 1306 3476 1373 ἀκοὰς,
3508 1308 3603 1361 καὶ
3626 1309 3769 1362 κατὰ

540 1407 641 1463 hac
683 1411 1000 1474 tempestate
1033 1402 1193 1471 viget,
1228 1398 1533 1468 disputandi
1558 1398 1763 1454 ratione
1782 1398 1944 1468 (quas,
1970 1398 2099 1453 sim-

537 1498 660 1569 plici
692 1506 852 1565 atque
881 1495 1110 1564 ingenua
1151 1506 1328 1545 rerum
1355 1490 1655 1544 divinarum
1683 1490 2097 1558 pertractatione

536 1596 840 1656 contempta
870 1594 924 1638 et
951 1598 1046 1653 pro
1077 1580 1245 1635 nihilo
1271 1581 1473 1644 habita,
1514 1579 1793 1635 subdolum
1830 1589 1989 1649 atque
2013 1579 2095 1634 in-

536 1678 770 1734 volutum
805 1674 1018 1729 dicendi
1050 1687 1218 1741 genus
1258 1670 1491 1738 invexit;
1519 1682 1575 1725 ut
1608 1670 1857 1725 nimirum
1892 1686 1955 1726 ex
1985 1670 2095 1725 fru-
2127 1705 2167 1759 Β

533 1769 708 1823 etibus
734 1767 895 1821 arbor
920 1766 991 1830 ⁵ο,
1029 1766 1129 1819 hoc
1158 1773 1261 1831 est,
1288 1772 1405 1817 ater
1433 1762 1517 1816 ille
1546 1777 1609 1816 ac
1646 1762 1957 1817 tenebrosus
1987 1760 2095 1829 spi-

535 1859 687 1921 ritus,
714 1853 1013 1925 bnjnsmodi
1046 1853 1350 1922 dogmatum
1384 1850 1612 1917 alllator,
1644 1866 1706 1906 ex
1742 1851 1842 1906 hac
1861 1851 2095 1919 disputa.

536 1947 695 2000 tionis
717 1945 946 2014 caligine
984 1942 1361 2014 agnoscatur)?
1395 1942 1509 1996 Non
1534 1942 1676 1997 enim
1710 1942 1807 1997 hoc
1840 1955 1904 1995 eo
1933 1957 1963 1995 a
2010 1957 2095 1997 me

535 2035 732 2091 factum
782 2046 883 2098 est,
923 2044 979 2089 ut
1014 2034 1127 2104 ipse
1174 2048 1387 2102 quoque
1434 2048 1567 2087 nova
1619 2042 1673 2087 et
1711 2035 1777 2087 ab
1822 2034 2093 2087 hominum

534 2124 779 2180 sensibus
807 2124 980 2178 aliena
1031 2122 1294 2193 proferre,
1348 2131 1506 2191 atque
1534 2123 1731 2177 eximia
1776 2123 2005 2192 quadam
2040 2133 2097 2178 et

531 2215 809 2271 excellenti
866 2216 1125 2284 sapientia
1165 2222 1388 2266 ornatus
1424 2226 1546 2266 esse
1588 2212 1632 2242 ³¹
1681 2211 1884 2279 videar,
1925 2214 2093 2268 nodos

535 2314 776 2369 nectens,
802 2314 963 2373 atque
980 2304 1201 2358 astricta
1224 2301 1518 2357 dissolvens
1542 2320 1556 2369 ;
1584 2303 1721 2372 quod
1744 2304 1956 2372 quidem
1984 2319 2094 2358 ma-

534 2409 706 2462 guum.
723 2394 956 2448 Danielis
973 2392 1288 2446 miraculum
1319 2391 1450 2459 fuit;
1486 2407 1669 2447 verum
1688 2403 1743 2446 ut
1769 2394 1893 2447 illud
1913 2403 2094 2449 osten-

532 2485 656 2539 dam
682 2523 697 2547 ,
729 2484 869 2552 quod
903 2482 1160 2537 orationis
1193 2483 1456 2554 principio
1497 2485 1675 2540 dicere
1708 2486 2049 2540 instituebam
2076 2526 2090 2550 ,

534 2574 784 2629 nimirum
818 2573 977 2628 Deum
1010 2581 1159 2627 extra
1188 2574 1406 2628 humani
1444 2574 1642 2643 ingenii
1686 2584 1896 2641 captum
1928 2591 2046 2630 esse
2075 2614 2091 2640 ,

534 2679 633 2721 nec
666 2673 852 2731 totum,
887 2673 1122 2732 quantus
1147 2673 1252 2727 est,
1282 2654 1503 2735 cogitari
1529 2673 1690 2734 atque
1719 2666 1897 2719 animo
1924 2666 2092 2719 infor-

531 2756 667 2810 mari
693 2771 877 2826 posse;
902 2756 1059 2825 idque
1080 2770 1186 2809 non
1203 2757 1273 2810 ob
1290 2756 1545 2811 invidiam
1581 2757 1758 2828 (longe
1781 2758 1919 2812 enim
1942 2759 2095 2813 abest

533 2864 565 2901 a
600 2848 777 2902 divina
804 2856 994 2902 natura
1027 2847 1236 2902 invidiae
1258 2847 1415 2915 livor,
1451 2858 1635 2919 utpote
1663 2865 1778 2918 qua:
1804 2850 1946 2903 omni
1972 2864 2094 2919 per-

535 2940 835 2996 turbatione
870 2949 1043 3005 vacat,
1093 2939 1313 3008 solaque
1346 2941 1484 2996 bona
1530 2949 1583 2994 et
1611 2942 1823 2995 domina
1876 2952 1978 3006 cst,
2030 2955 2095 2995 ac

2197 1397 2290 1449 τὸν
2320 1396 2412 1449 νῦν
2437 1395 2547 1463 (44)
2592 1394 2969 1464 κεκρατηκότα
3011 1393 3178 1448 τύπον
3202 1394 3307 1446 τῶν
3354 1394 3525 1463 λόγων
3574 1396 3652 1467 (ὃς
3703 1396 3771 1449 τὸ

2198 1490 2443 1557 γενναῖον
2458 1486 2552 1539 καὶ
2578 1484 2783 1539 ἁπλοῦν
2823 1485 3119 1555 ἀτιμάσας,
3148 1485 3210 1537 τὸ
3255 1486 3467 1541 σκολιὸν
3511 1489 3604 1542 καὶ
3644 1505 3769 1559 γρι-

2200 1579 2408 1648 φοειδὲς
2457 1578 2569 1647 (45)
2609 1577 2992 1648 ἐπεισήγαγεν·
3052 1576 3128 1639 ὼς
3176 1578 3239 1629 ὲκ
3288 1577 3395 1630 τῶν
3433 1579 3657 1649 καρπῶν
3704 1579 3769 1632 τὸ

2197 1669 2408 1739 δένδρον
2433 1667 2817 1738 γινώσκεσθαι,
2836 1668 2977 1736 λέγω
3002 1667 3061 1721 δὲ
3093 1667 3155 1720 τὸ
3186 1668 3438 1739 ἐνεργοῦν
3457 1669 3527 1722 τὰ
3541 1669 3768 1724 τοιαῦτα

2195 1760 2440 1831 δόγματα
2488 1760 2677 1823 σκότος
2709 1761 2771 1813 ὲκ
2803 1759 2896 1812 τοῦ
2923 1759 3086 1827 ζόφου
3123 1758 3230 1813 τῶν
3267 1760 3629 1832 λεγομένων);
3687 1762 3765 1815 Ού

2196 1855 2302 1925 γὰρ
2328 1854 2415 1907 ἵνα
2443 1852 2537 1906 καὶ
2570 1852 2732 1916 αὐτὸς
2766 1850 3042 1922 παράδοξα
3081 1850 3258 1917 λέγειν
3282 1851 3437 1918 δόξω,
3468 1854 3561 1908 καὶ
3584 1871 3768 1926 περιτ-

2194 1946 2284 2009 τὸς
2314 1944 2587 2015 φαίνωμαι
2614 1943 2711 2014 τὴν
2758 1942 2970 2013 σοφίαν,
3006 1943 3220 1998 πλέκων
3273 1944 3596 2015 συνδέσμους
3626 1946 3765 2017 (46),

2196 2039 2288 2092 καὶ
2331 2036 2559 2091 διαλύων
2603 2036 2965 2107 κρατούμενα,
3018 2037 3173 2090 τοῦτο
3199 2036 3261 2108 δὴ
3288 2037 3348 2090 τὸ
3388 2038 3532 2107 μέγα
3579 2039 3768 2112 θαῦμα

2193 2128 2287 2182 τοῦ
2317 2128 2533 2199 Δανιήλο
2559 2128 2675 2182 ἀλλ’
2709 2128 2774 2180 ἶν’
2803 2129 2979 2181 ἐκεῖνο
3006 2127 3328 2199 δηλώσαιμι,
3358 2131 3386 2183 ὅ
3418 2148 3506 2201 μοι
3527 2131 3708 2199 λέγειν
3736 2134 3767 2184 ό

2194 2220 2348 2289 λόγος
2376 2221 2468 2274 ἀπ’
2492 2220 2667 2291 ἀρχῆς
2696 2219 2919 2291 ὥρμησε
2941 2220 3073 2288 (47).
3105 2220 3275 2273 Τοῦτο
3323 2221 3381 2274 δὲ
3418 2222 3471 2274 τί
3510 2216 3577 2291 ἦν
3608 2223 3759 2291 (48);

2194 2310 2267 2363 Τὸ
2297 2310 2369 2381 μὴ
2385 2309 2585 2380 ληπτὸν
2614 2304 2751 2362 εἷναι
2783 2308 3098 2381 ἀνθρωπίνῃ
3121 2308 3326 2379 διανοίᾳ
3370 2310 3432 2362 τὸ
3462 2310 3633 2377 Θεῖον,
3658 2328 3765 2383 μη-

2193 2401 2250 2454 δὲ
2271 2401 2390 2454 ὅλον
2426 2401 2549 2454 ὅσον
2596 2399 2713 2453 ἐστὶ
2758 2399 3141 2469 φαντάζεσθαι·
3178 2400 3272 2454 καὶ
3302 2401 3461 2454 τοῦτο
3510 2401 3631 2456 οὔτε
3672 2402 3766 2456 διὰ

2196 2492 2386 2561 φθόνον
2422 2490 2663 2562 (μακρὰν
2704 2491 2814 2561 γὰρ
2839 2490 2940 2557 τῆς
2986 2490 3137 2555 θείας
3170 2491 3381 2561 φύσεως
3411 2492 3621 2562 φθόνος.
3661 2494 3766 2564 τῆς

2193 2601 2256 2652 γε
2290 2582 2553 2647 ἀπαθοῦς,
2582 2583 2676 2636 καὶ
2716 2584 2883 2654 μόνης
2910 2581 3139 2653 ἀγαθῆς,
3164 2584 3259 2637 καὶ⁸
3280 2586 3492 2654 κυρίας,
3514 2584 3609 2639 καὶ
3652 2585 3764 2655 μά-

2194 2676 2350 2728 λιστα
2364 2674 2471 2727 τῶν
2502 2673 2695 2726 ἑαυτοῦ
2718 2674 3031 2744 κτισμάτων
3050 2677 3176 2745 περὶ
3196 2674 3258 2728 τὸ
3287 2674 3610 2745 τιμιώτατον
3623 2676 3762 2746 (49).

2194 2767 2259 2820 Τί
2303 2766 2413 2837 γὰρ
2461 2766 2619 2835 Λόγῳ
2654 2766 2759 2836 πρὸ
2790 2767 2897 2819 τῶν
2922 2766 3152 2835 λογικῶν
3172 2783 3185 2797 ·
3240 2766 3361 2819 ἐπεὶ
3415 2766 3509 2820 καὶ
3542 2768 3672 2821 αὐτὸ
3702 2769 3766 2821 τὸ

2194 2858 2490 2927 ὑποστῆναι
2534 2857 2633 2927 τῆς
2675 2857 2851 2928 ἄκρας
2895 2858 3271 2929 ἀγαθότητος).
3315 2858 3439 2911 οὗτε
3470 2860 3550 2923 εἰς
3597 2859 3765 2932 τιμὴν

2195 2949 2388 3003 ἑαυτοῦ
2434 2950 2527 3002 καὶ
2574 2949 2731 3016 δόξαν
2776 2950 2871 3004 τοῦ
2917 2952 3158 3025 πλήρους
3187 2950 3320 3021 (50),
3360 2952 3446 3005 ἵνα
3490 2951 3569 3022 τῷ
3597 2954 3766 3023 ἀνεφ-

534 3032 827 3104 ριτεεοιιίηι
844 3046 968 3101 erga
998 3031 1073 3098 id,
1113 3032 1253 3101 quod
1282 3046 1345 3086 ex
1372 3032 1621 3087 omnibus
1644 3031 1803 3085 rebus
1822 3045 1851 3084 a
1876 3045 1934 3085 se
1961 3046 2091 3084 con-

2195 3040 2324 3111 ίκτῳ
2348 3039 2407 3092 τὸ
2431 3039 2610 3109 τίμιον
2633 3040 2731 3114 ἔχῃ
2757 3042 2849 3093 καὶ
2875 3041 2935 3093 τὸ
2964 3041 3276 3112 σεϐάσμιον.
3299 3041 3469 3096 Τοῦτο
3496 3043 3603 3115 γὰρ
3626 3046 3767 3097 πάν-

534 3123 660 3177 ditis
690 3121 920 3185 maximo
952 3121 1005 3175 in
1030 3122 1202 3192 pretio
1223 3120 1405 3176 habet.
1437 3120 1575 3187 Quid
1609 3120 1752 3174 enim
1794 3120 1933 3188 apud
1963 3119 2095 3173 Ver-

532 3213 658 3269 bum
690 3213 866 3285 priore
893 3211 1009 3266 loco
1038 3226 1101 3265 ac
1133 3225 1359 3266 numero
1405 3220 1522 3278 est,
1573 3226 1729 3278 quam
1776 3226 1894 3281 qua}
1928 3212 2095 3265 ratio-

2196 3149 2305 3195 τως
2333 3131 2443 3202 (51)
2476 3133 2788 3200 σοφιστικὸν
2810 3134 2903 3187 κα)⁸
2925 3133 3223 3205 ἀλλότριον,
3241 3136 3315 3205 μὴ
3342 3135 3594 3199 ὃτιΘεοῦ,
3644 3135 3768 3190 ἀλλ’

2195 3221 2313 3274 οὐδὲ
2368 3220 2655 3292 ἀνθρώπου
2708 3223 2941 3294 μετρίως
2992 3223 3289 3289 ἐπιεικοῦς,
3345 3225 3438 3278 καί
3487 3242 3538 3278 τι
3592 3225 3769 3289 δεξιὸν

533 3319 655 3359 nem
714 3318 778 3358 ac
840 3302 1105 3358 sermonis
1164 3300 1327 3373 505
1378 3302 1688 3357 facultatem
1738 3305 2095 3374 acceperunt?

2196 3310 2373 3382 ἑαυτῷ
2413 3312 2732 3377 συνειδότος,
2788 3315 2852 3366 ἐκ
2884 3314 2978 3366 τοῦ
3008 3313 3236 3368 κωλύειν
3269 3316 3489 3387 ἑτέρους
3519 3314 3578 3368 τὸ
3614 3333 3771 3387 πρω-

531 3396 969 3466 Quandoquidem
1001 3397 1102 3451 hoc
1137 3409 1352 3466 quoque
1401 3395 1598 3465 ipsum,
1627 3396 1767 3464 quod
1814 3408 2093 3466 procreata

2196 3403 2337 3455 τεῖον
2355 3402 2691 3473 πορίζεσθαι.

530 3496 675 3556 sunt,
699 3502 919 3543 summa
951 3486 1224 3554 cujusdam
1255 3484 1447 3540 divinae
1490 3485 1746 3539 bonitatis
1798 3497 2169 3556 argumentum
2200 3491 2324 3561 est),
2389 3505 2486 3545 nec
2522 3500 2580 3543 ut
2643 3491 2767 3544 inde
2825 3490 3016 3559 ipsius,
3071 3491 3163 3558 qui
3207 3490 3395 3560 plenus
3434 3499 3536 3554 est,
3570 3491 3766 3547 houon

531 3581 819 3649 gloriaeque
872 3578 1161 3646 quidquam
1216 3578 1516 3641 accederet,
1548 3585 1606 3630 ut
1654 3577 1900 3633 videlicet
1927 3593 1993 3634 ex
2023 3596 2087 3635 eo
2127 3583 2267 3651 quod
2301 3584 2367 3637 ad
2436 3583 2551 3651 ejus
2614 3581 2978 3651 cognitionem
3013 3584 3270 3637 mortales
3328 3584 3610 3652 pervenire
3662 3601 3764 3642 ne-

530 3680 751 3742 queunt,
789 3667 958 3737 major
978 3669 1044 3721 ad
1080 3668 1250 3737 ipsum
1278 3667 1449 3720 honor
1486 3680 1551 3721 ac
1580 3669 1856 3723 veneratio
1882 3670 2083 3727 redeat.
2127 3672 2490 3744 Sophisticum
2560 3674 2701 3729 enim
2769 3674 2962 3742 plane,
3016 3682 3177 3743 atque
3209 3674 3444 3728 alienum
3486 3687 3605 3743 est,
3655 3694 3765 3735 non

531 3769 706 3822 dicam
737 3780 767 3819 a
797 3766 927 3827 Deo,
961 3763 1055 3819 sed
1086 3764 1153 3818 ab
1194 3762 1431 3827 homine,
1462 3763 1721 3818 mediocri
1756 3764 1945 3820 saltem
1980 3768 2249 3836 probitate
2268 3772 2611 3841 candoreque
2676 3770 2897 3839 praedito
2918 3806 2932 3832 ,
2997 3777 3157 3838 atque
3216 3770 3459 3840 ingeuure
3485 3775 3764 3844 cujusdam

534 3858 835 3915 honestatis
864 3855 965 3912 sibi
992 3855 1232 3919 conscio,
1282 3855 1632 3924 prohibendis
1674 3857 1795 3913 aliis
1829 3859 2191 3930 principatum
2220 3864 2321 3918 sibi
2354 3878 2630 3932 arrogare.

602 3952 715 4007 Ill.
757 3951 955 4007 Verum
982 3948 1188 4004 aliasne
1215 3950 1377 4005 etiam
1401 3952 1660 4019 quasdam
1690 3953 1759 4007 ob
1780 3968 1993 4023 causas,
2020 3958 2098 4011 vi-

2266 3960 2366 4011 IB'.
2422 3958 2560 4011 Ἀλλ’
2587 3959 2637 4010 εί
2673 3956 2771 4027 μὲν
2802 3954 2895 4008 καὶ
2935 3953 3002 4008 δι’
3033 3953 3197 4016 ἄλλας
3233 3954 3428 4019 αἰτίας,
3459 3955 3646 4008 εἰδεῖεν
3696 3957 3765 4010 ἂν

532 4046 709 4104 derint
732 4044 789 4109 ii,
815 4043 907 4113 qui
969 4041 1080 4097 Deo
1124 4043 1535 4113 propinquiores
1588 4047 2098 4118 conjunctiorcsque

2195 4051 2243 4103 οἱ
2275 4049 2554 4120 ἐγγυτέρω
2573 4047 2729 4113 Θεοῦ,
2760 4048 2854 4100 καὶ¹
2884 4045 2991 4098 τῶν
3007 4045 3424 4114 ἀνεξιχνιάστων
3451 4046 3614 4099 αὐτοῦ
3644 4064 3766 4117 κρι-

533 4152 677 4208 sunt,
707 4151 868 4212 atque
892 4140 1452 4210 impervestigabilium
1490 4141 1659 4212 ipsius
1694 4143 2020 4212 judiciornm
2050 4144 2095 4176 ⁸³

2197 4140 2380 4210 μάτων
2407 4139 2640 4191 ἐπόπται
2673 4136 2765 4190 καὶ
2793 4134 3007 4205 θεωροὶ,
3039 4132 3197 4205 εἴπερ
3218 4133 3324 4186 είσί
3355 4150 3496 4195 τινες
3521 4135 3764 4189 τοσοῦτοι

536 4233 866 4301 inspectores
894 4240 948 4285 et
980 4231 1449 4299 contemplatores,
1479 4232 1521 4287 si
1549 4234 1638 4300 qui
1669 4242 1844 4287 tamen
1876 4240 1999 4287 sunt
2030 4235 2097 4288 ad

2195 4232 2290 4302 τὴν
2330 4230 2550 4303 ἀρετὴν,
2585 4229 2681 4282 καὶ
2724 4230 2783 4282 ὲν
2815 4226 3015 4296 ἴχνεσιν
3046 4225 3282 4278 ἀϐύσσου
3315 4225 3760 4296 περιπατοῦντες,

535 4336 653 4375 cam
681 4320 895 4376 virtutis
935 4320 1355 4390 magnitudinem
1384 4322 1579 4387 evecti,
1610 4332 1772 4389 atque
1811 4323 1864 4376 in
1918 4322 2095 4393 abyssi

2195 4320 2254 4373 τὸ
2298 4319 2361 4390 δὴ
2412 4319 2718 4389 λεγόμενονο
2777 4318 2898 4370 ὅσον
2941 4316 2984 4368 δ’
3011 4311 3102 4369 οῦν
3151 4316 3308 4385 ἡμεῖς
3336 4314 3761 4385 κατειλήφαμεν,

536 4412 772 4482 vestigiis
806 4412 1207 4467 deambulantes
1244 4412 1314 4473 ⁸³,
1363 4420 1421 4465 ιιι
1475 4413 1757 4480 proverbio
1804 4412 1905 4467 dici
1937 4414 2093 4467 solet.

2204 4412 2414 4481 μικροῖς
2468 4409 2686 4481 μέτροις
2730 4406 3051 4478 μετροῦντες
3098 4404 3169 4457 τὰ
3217 4404 3582 4475 δυσθεώρητα·
3623 4406 3763 4475 τάχα

537 4502 801 4569 Quantum
830 4512 1003 4556 tamen
1032 4518 1151 4567 nos,
1183 4503 1273 4571 qui
1298 4503 1506 4573 exiguis
1538 4504 1765 4559 modulis
1798 4518 1858 4559 ea
1891 4519 2008 4572 quae
2035 4505 2098 4559 ad

2204 4504 2321 4573 μὲν,
2355 4502 2443 4556 ἵνα
2476 4503 2549 4572 μὴ
2587 4501 2663 4572 τῷ
2695 4500 2857 4572 ρᾳδίῳ
2904 4494 3019 4568 τῆς
3044 4498 3314 4567 κτήσεως,
3349 4498 3517 4567 ῥᾴστη
3543 4496 3763 4566 γένηται

537 4590 997 4659 contemplandum
1043 4591 1274 4646 difﬁcilia
1298 4601 1445 4655 sunt,
1471 4594 1755 4655 metimur,
1795 4592 2098 4660 conjectura

2202 4593 2364 4664 καὶὴ
2415 4592 2508 4645 τοῦ
2553 4582 2847 4661 κτηθέντος
2884 4588 3146 4658 ἀποϐολή.
3182 4588 3330 4639 Φιλεῖ
3380 4586 3489 4656 γὰρ
3546 4588 3606 4639 τὸ
3664 4588 3763 4656 μὲν

538 4683 745 4751 assequi
765 4692 1186 4751 possumus,tres
1215 4683 1373 4751 hujus
1394 4683 1465 4737 rei
1481 4698 1654 4738 causae
1680 4683 1859 4738 afferri
1886 4696 2098 4754 queant.

2203 4684 2349 4753 πόνῳ
2379 4683 2575 4754 κτηθὲν
2610 4682 2806 4753 μᾶλλον
2840 4680 3175 4749 κρατεῖσθαν
3219 4679 3280 4731 τὸ
3325 4678 3379 4730 δὲ
3415 4677 3612 4748 ῥᾳδίως
3642 4696 3767 4747 κτη-

538 4773 715 4829 Prima
749 4772 953 4840 forsan,
979 4788 1064 4838 ne,
1088 4774 1158 4828 ob
1204 4772 1535 4843 adipiscendi
1563 4773 1900 4838 facilitatem,
1931 4774 2098 4831 facilis

2204 4774 2315 4837 οὲν,
2341 4775 2434 4827 καὶ
2452 4772 2823 4827 ἀποπτύεσθαι
2853 4771 2963 4842 (52)
2986 4773 3239 4840 τάχιστα,
3274 4771 3348 4833 ὡς
3373 4770 3535 4825 πάλιν
3560 4768 3766 4839 ληφθῆ-

607 4939 654 4972 ⁸⁰
688 4937 873 4993 Matth.
913 4952 1009 5004 vlt,
1038 4934 1126 4990 20.
1204 4935 1247 4967 “
1271 4935 1402 4988 Dan.
1428 4949 1483 4998 v,
1510 4933 1596 4987 11.
1674 4934 1719 4964 "
1745 4932 1897 4987 Rom.
1929 4946 2005 4996 XI,
2029 4932 2117 4987 55.
2194 4933 2353 4988 “Job
2388 4932 2710 4996 nxvthG.

638 5050 721 5117 15)
754 5049 860 5103 Kal
886 5050 957 5102 εὶ.
995 5048 1152 5102 Deest
1176 5047 1222 5099 si
1254 5046 1305 5117 in
1340 5044 1471 5117 Bcg.
1496 5043 1658 5117 Cypr.
1766 5111 1791 5117 _

2282 5044 2390 5117 (48)
2430 5046 2609 5117 Τοῦτον
2637 5046 2705 5098 δὲ
2729 5046 2785 5099 τί
2809 5041 2905 5114 ἦν.
2937 5045 3094 5117 Deest
3123 5044 3174 5097 τί
3199 5044 3250 5097 in
3280 5044 3373 5117 ρι’.
3412 5045 3463 5099 1.

634 5111 723 5185 Η)
759 5119 865 5171 Τὸν
894 5118 1029 5171 νῦν.
1060 5118 1151 5170 Sic
1184 5116 1338 5185 codd.
1360 5113 1414 5167 In
1428 5111 1558 5185 iedf,
1584 5112 1673 5185 τὸν
1703 5111 1844 5185 νοῦνἱ
1902 5179 1918 5185 _
2053 5181 2065 5185 _

2278 5111 2386 5185 (49)
2459 5111 2842 5185 Τιμιώτατονξ
2916 5116 3103 5168 Comi).
3146 5114 3423 5185 praefert,
3502 5113 3767 5185 οἰκειότα-

634 5179 723 5255 45)
756 5185 1114 5255 Γριφοειδές.
1140 5186 1229 5255 Sic
1268 5184 1397 5252 Reg.
1434 5184 1519 5239 btn
1547 5192 1603 5255 et
1627 5179 1955 5255 Coislalaln
1977 5181 2098 5251 qui-

2208 5179 2317 5238 τον.
2356 5179 2378 5236 ἑ
2412 5179 2637 5239 Μοὶἱηιο
2689 5186 2791 5241 sibi
2837 5179 3227 5239 necessitudine
3272 5184 3634 5253 conjuncmm,
3684 5183 3766 5236 fa-

542 5251 1103 5327 οιιὲιΙαήμίγριφῶδες.
1138 5254 1203 5327 In
1224 5256 1332 5318 ed.,
1352 5251 1704 5327 γρυφοειδές-.-
1730 5252 1934 5327 Schol,
1963 5256 2098 5327 αἰνι-

2206 5256 2648 5327 ntiliarissitnnm.
2670 5274 2705 5327 Al

2276 5326 2388 5391 (50)
2428 5324 2538 5378 Τοῦ
2560 5324 2851 5393 πλήρους.
2873 5323 3074 5377 Alludit
3102 5322 3166 5375 ad
3198 5322 3312 5376 haec
3352 5322 3501 5375 Isaia:
3537 5320 3695 5374 verba
3726 5335 3767 5382 ι,

2207 5394 2265 5447 11
2301 5409 2314 5445 :
2357 5414 2374 5445 ι
2408 5394 2523 5460 Quo
2557 5396 2684 5447 mihi
2745 5394 3138 5448 multitudinem
3176 5394 3512 5446 victimarum
3563 5399 3767 5445 vestra-

2207 5465 2358 5518 rum?
2384 5466 2511 5517 dicit
2536 5464 2789 5517 Dominus
2819 5479 2832 5513 :
2864 5463 3050 5530 plenus
3076 5476 3215 5526 sum,
3256 5482 3273 5514 ι
3311 5469 3414 5515 etc.

2277 5533 2387 5603 (5|)
2417 5532 2674 5597 Πάντως.
2706 5533 2918 5593 C0mb.,
2940 5532 3139 5603 πάντη.

2278 5599 2387 5673 (5:!)
2431 5603 2884 5657 ’Λποπτύεσθαι.
2925 5602 3017 5656 0r.
3052 5601 3074 5653 1
3106 5599 3489 5653 ἀποπτύεται.

611 5050 631 5258 ἒ

542 5320 895 5397 γματιυδέςζί
925 5320 1294 5397 πγιιὶειιιτιιίοε.
1332 5320 1581 5397 obscure.
1614 5341 1632 5397 ι
1665 5320 1827 5397 Notat
1854 5322 1943 5397 hic
1964 5322 2098 5397 Gre:

543 5391 727 5475 gorius
770 5391 1150 5460 Eunomiatios,
1183 5408 1244 5448 ac
1292 5392 1556 5462 praecipue
1602 5392 1813 5445 Aetium
1854 5391 2097 5446 Eunomii

545 5473 879 5531 magistrum.

618 5531 730 5601 (46)
758 5530 1160 5602 Συνδέσμους.
1195 5531 1417 5602 Vulgata
1449 5531 1622 5602 versio
1644 5530 1773 5602 Dan.
1799 5546 1849 5591 v.
1892 5530 1979 5594 12,
2005 5532 2101 5585 ha-

546 5600 655 5662 bet.
696 5600 717 5652 t
744 5603 967 5655 obscura
989 5600 1365 5668 interpretari,
1391 5610 1444 5655 ct
1478 5601 1633 5669 ligata
1661 5600 1975 5657 dissolvere.
2005 5620 2023 5652 ι

613 5672 724 5742 (17)
757 5673 1038 5742 Ὤρμησε.
1074 5673 1127 5727 ltt
1154 5674 1439 5737 nonnullis,
1474 5669 1713 5740 ὥρμητο.
