  <div class='ocr_page' id='page_1' title='image "/cluster/home/n/w/nwhite01/storage/ocr_20150623/36/hvd.32044024464877/026.png"; bbox 0 0 4038 6338; ppageno 0'>
   <div class='ocr_carea' id='block_1_1' title="bbox 13 6081 24 6118">
    <p class='ocr_par' dir='ltr' id='par_1_1' title="bbox 13 6081 24 6118">
     <span class='ocr_line' id='line_1_1' title="bbox 13 6081 24 6118; baseline 0 0"><span class='ocrx_word' id='word_1_1' title='bbox 13 6081 24 6118; x_wconf 88' lang='lat' dir='ltr'><strong>I</strong></span> 
     </span>
    </p>
   </div>
   <div class='ocr_carea' id='block_1_2' title="bbox 276 274 1855 364">
    <p class='ocr_par' dir='ltr' id='par_1_2' title="bbox 276 301 1855 364">
     <span class='ocr_line' id='line_1_2' title="bbox 276 301 1855 364; baseline -0.004 0"><span class='ocrx_word' id='word_1_2' title='bbox 276 309 338 364; x_wconf 79' lang='grc' dir='ltr'><strong>ιι</strong></span> <span class='ocrx_word' id='word_1_3' title='bbox 1269 301 1528 360; x_wconf 77' lang='lat' dir='ltr'><strong>ORATIO</strong></span> <span class='ocrx_word' id='word_1_4' title='bbox 1569 301 1800 357; x_wconf 75' lang='lat' dir='ltr'><strong>XXVIII.</strong></span> <span class='ocrx_word' id='word_1_5' title='bbox 1842 335 1855 342; x_wconf 95' lang='lat'><strong>-</strong></span> 
     </span>
    </p>
   </div>
   <div class='ocr_carea' id='block_1_3' title="bbox 1959 274 3528 364">
    <p class='ocr_par' dir='ltr' id='par_1_3' title="bbox 1959 274 3528 362">
     <span class='ocr_line' id='line_1_3' title="bbox 1959 274 3528 362; baseline 0.004 -6"><span class='ocrx_word' id='word_1_6' title='bbox 1959 300 2388 358; x_wconf 75' lang='lat' dir='ltr'><strong>I&#39;HEOLOGICA</strong></span> <span class='ocrx_word' id='word_1_7' title='bbox 2428 302 2496 358; x_wconf 88' lang='grc' dir='ltr'><strong>ιι.</strong></span> <span class='ocrx_word' id='word_1_8' title='bbox 3355 274 3363 278; x_wconf 68' lang='grc'><strong>’</strong></span> <span class='ocrx_word' id='word_1_9' title='bbox 3454 307 3528 362; x_wconf 72' lang='grc' dir='ltr'><strong>ιε</strong></span> 
     </span>
    </p>
   </div>
   <div class='ocr_carea' id='block_1_4' title="bbox 263 383 1855 489">
    <p class='ocr_par' dir='ltr' id='par_1_4' title="bbox 263 411 1846 489">
     <span class='ocr_line' id='line_1_4' title="bbox 263 411 1846 489; baseline -0.008 -13"><span class='ocrx_word' id='word_1_10' title='bbox 263 437 356 476; x_wconf 82' lang='grc' dir='ltr'><strong>ναι</strong></span> <span class='ocrx_word' id='word_1_11' title='bbox 374 416 695 489; x_wconf 78' lang='grc' dir='ltr'>δυνάμενονο</span> <span class='ocrx_word' id='word_1_12' title='bbox 728 416 822 469; x_wconf 74' lang='grc' dir='ltr'><strong>καὶ</strong></span> <span class='ocrx_word' id='word_1_13' title='bbox 849 413 1024 477; x_wconf 69' lang='grc' dir='ltr'>οὕτως</span> <span class='ocrx_word' id='word_1_14' title='bbox 1058 411 1172 484; x_wconf 76' lang='grc'>(55)</span> <span class='ocrx_word' id='word_1_15' title='bbox 1205 412 1495 484; x_wconf 78' lang='grc' dir='ltr'>εὐεργεσία</span> <span class='ocrx_word' id='word_1_16' title='bbox 1524 411 1846 465; x_wconf 75' lang='grc' dir='ltr'><strong>καθίσταται</strong></span> 
     </span>
    </p>
   </div>
   <div class='ocr_carea' id='block_1_5' title="bbox 1959 383 3527 489">
    <p class='ocr_par' dir='ltr' id='par_1_5' title="bbox 1959 383 3527 483">
     <span class='ocr_line' id='line_1_5' title="bbox 1959 383 3527 483; baseline 0.006 -19"><span class='ocrx_word' id='word_1_17' title='bbox 1959 425 2174 481; x_wconf 88' lang='lat' dir='ltr'><strong>quoque</strong></span> <span class='ocrx_word' id='word_1_18' title='bbox 2209 425 2286 466; x_wconf 86' lang='lat' dir='ltr'><strong>ret</strong></span> <span class='ocrx_word' id='word_1_19' title='bbox 2326 417 2567 479; x_wconf 58' lang='lat' dir='ltr'><strong>quesita;</strong></span> <span class='ocrx_word' id='word_1_20' title='bbox 2583 409 2799 478; x_wconf 85' lang='lat' dir='ltr'><strong>jactura</strong></span> <span class='ocrx_word' id='word_1_21' title='bbox 2826 411 2916 468; x_wconf 90' lang='lat' dir='ltr'><strong>sit.</strong></span> <span class='ocrx_word' id='word_1_22' title='bbox 2943 413 3029 469; x_wconf 87' lang='lat' dir='ltr'><strong>Fit</strong></span> <span class='ocrx_word' id='word_1_23' title='bbox 3077 415 3219 469; x_wconf 88' lang='lat' dir='ltr'><strong>enim</strong></span> <span class='ocrx_word' id='word_1_24' title='bbox 3277 415 3410 483; x_wconf 82' lang='lat' dir='ltr'><strong>fere,</strong></span> <span class='ocrx_word' id='word_1_25' title='bbox 3435 383 3527 474; x_wconf 50' lang='grc' dir='ltr'><strong>ἰιι</strong></span> 
     </span>
    </p>
   </div>
   <div class='ocr_carea' id='block_1_6' title="bbox 262 503 1841 584">
    <p class='ocr_par' dir='ltr' id='par_1_6' title="bbox 262 503 1841 584">
     <span class='ocr_line' id='line_1_6' title="bbox 262 503 1841 584; baseline -0.009 -16"><span class='ocrx_word' id='word_1_26' title='bbox 262 514 325 568; x_wconf 75' lang='grc' dir='ltr'><strong>τὸ</strong></span> <span class='ocrx_word' id='word_1_27' title='bbox 361 514 437 584; x_wconf 80' lang='grc' dir='ltr'>μὴ</span> <span class='ocrx_word' id='word_1_28' title='bbox 473 511 758 583; x_wconf 77' lang='grc' dir='ltr'>πρόχειρον</span> <span class='ocrx_word' id='word_1_29' title='bbox 779 511 877 579; x_wconf 78' lang='grc' dir='ltr'>τῆς</span> <span class='ocrx_word' id='word_1_30' title='bbox 901 505 1240 579; x_wconf 80' lang='grc' dir='ltr'>εὐεργεσίας,</span> <span class='ocrx_word' id='word_1_31' title='bbox 1272 507 1383 567; x_wconf 84' lang='grc' dir='ltr'>τοῖς</span> <span class='ocrx_word' id='word_1_32' title='bbox 1405 520 1468 572; x_wconf 89' lang='grc' dir='ltr'><strong>γε</strong></span> <span class='ocrx_word' id='word_1_33' title='bbox 1491 503 1615 556; x_wconf 82' lang='grc' dir='ltr'>νοῦν</span> <span class='ocrx_word' id='word_1_34' title='bbox 1641 503 1841 574; x_wconf 83' lang='grc' dir='ltr'>ἔχουσι.</span> 
     </span>
    </p>
   </div>
   <div class='ocr_carea' id='block_1_7' title="bbox 262 596 1845 676">
    <p class='ocr_par' dir='ltr' id='par_1_7' title="bbox 262 596 1845 676">
     <span class='ocr_line' id='line_1_7' title="bbox 262 596 1845 676; baseline -0.008 -16"><span class='ocrx_word' id='word_1_35' title='bbox 262 607 419 676; x_wconf 84' lang='grc' dir='ltr'>Τάχα</span> <span class='ocrx_word' id='word_1_36' title='bbox 464 603 541 665; x_wconf 75' lang='grc' dir='ltr'>δὲ.</span> <span class='ocrx_word' id='word_1_37' title='bbox 581 603 658 665; x_wconf 84' lang='grc' dir='ltr'>ὡς</span> <span class='ocrx_word' id='word_1_38' title='bbox 698 603 771 673; x_wconf 77' lang='grc' dir='ltr'>μὴ</span> <span class='ocrx_word' id='word_1_39' title='bbox 793 600 990 654; x_wconf 80' lang='grc' dir='ltr'>ταυτὸν</span> <span class='ocrx_word' id='word_1_40' title='bbox 1018 599 1168 669; x_wconf 78' lang='grc' dir='ltr'>ἡμᾶς</span> <span class='ocrx_word' id='word_1_41' title='bbox 1197 597 1274 669; x_wconf 80' lang='grc' dir='ltr'><strong>τῷ</strong></span> <span class='ocrx_word' id='word_1_42' title='bbox 1301 597 1514 650; x_wconf 84' lang='grc' dir='ltr'><strong>πεσόντι</strong></span> <span class='ocrx_word' id='word_1_43' title='bbox 1551 596 1845 668; x_wconf 75' lang='grc' dir='ltr'><strong>Ἑωσφόρῳ</strong></span> 
     </span>
    </p>
   </div>
   <div class='ocr_carea' id='block_1_8' title="bbox 261 688 1846 769">
    <p class='ocr_par' dir='ltr' id='par_1_8' title="bbox 261 688 1846 769">
     <span class='ocr_line' id='line_1_8' title="bbox 261 688 1846 769; baseline -0.008 -16"><span class='ocrx_word' id='word_1_44' title='bbox 261 699 440 769; x_wconf 64' lang='grc' dir='ltr'>πάσ-χε</span> <span class='ocrx_word' id='word_1_45' title='bbox 451 714 500 750; x_wconf 88' lang='grc' dir='ltr'><strong>ιν</strong></span> <span class='ocrx_word' id='word_1_46' title='bbox 531 696 670 764; x_wconf 70' lang='grc'>(54),</span> <span class='ocrx_word' id='word_1_47' title='bbox 700 697 765 748; x_wconf 80' lang='grc' dir='ltr'>ἐκ</span> <span class='ocrx_word' id='word_1_48' title='bbox 797 694 890 748; x_wconf 87' lang='grc' dir='ltr'><strong>τοῦ</strong></span> <span class='ocrx_word' id='word_1_49' title='bbox 911 693 970 748; x_wconf 78' lang='grc' dir='ltr'><strong>τὸ</strong></span> <span class='ocrx_word' id='word_1_50' title='bbox 991 694 1106 762; x_wconf 81' lang='grc' dir='ltr'><strong>φῶς</strong></span> <span class='ocrx_word' id='word_1_51' title='bbox 1132 691 1251 746; x_wconf 83' lang='grc' dir='ltr'>ὅλον</span> <span class='ocrx_word' id='word_1_52' title='bbox 1274 690 1521 762; x_wconf 83' lang='grc' dir='ltr'>χωρῆσαι</span> <span class='ocrx_word' id='word_1_53' title='bbox 1565 688 1846 742; x_wconf 80' lang='grc' dir='ltr'>κατέναντι</span> 
     </span>
    </p>
   </div>
   <div class='ocr_carea' id='block_1_9' title="bbox 261 780 1848 861">
    <p class='ocr_par' dir='ltr' id='par_1_9' title="bbox 261 780 1848 861">
     <span class='ocr_line' id='line_1_9' title="bbox 261 780 1848 861; baseline -0.008 -17"><span class='ocrx_word' id='word_1_54' title='bbox 261 790 475 861; x_wconf 73' lang='grc' dir='ltr'>Κυρίου</span> <span class='ocrx_word' id='word_1_55' title='bbox 493 786 930 858; x_wconf 79' lang='grc' dir='ltr'>παντοκράτορος</span> <span class='ocrx_word' id='word_1_56' title='bbox 953 784 1274 857; x_wconf 79' lang='grc' dir='ltr'>τραχηλιᾷν,</span> <span class='ocrx_word' id='word_1_57' title='bbox 1292 781 1386 835; x_wconf 76' lang='grc' dir='ltr'><strong>καὶ</strong></span> <span class='ocrx_word' id='word_1_58' title='bbox 1420 783 1635 835; x_wconf 81' lang='grc' dir='ltr'>πίπτειν</span> <span class='ocrx_word' id='word_1_59' title='bbox 1657 782 1721 833; x_wconf 84' lang='grc' dir='ltr'>ὲκ</span> <span class='ocrx_word' id='word_1_60' title='bbox 1749 780 1848 850; x_wconf 83' lang='grc' dir='ltr'>τῆς</span> 
     </span>
    </p>
   </div>
   <div class='ocr_carea' id='block_1_10' title="bbox 265 871 1847 953">
    <p class='ocr_par' dir='ltr' id='par_1_10' title="bbox 265 871 1847 953">
     <span class='ocr_line' id='line_1_10' title="bbox 265 871 1847 953; baseline -0.008 -17"><span class='ocrx_word' id='word_1_61' title='bbox 265 882 576 953; x_wconf 80' lang='grc' dir='ltr'>ὲπάρσεως,</span> <span class='ocrx_word' id='word_1_62' title='bbox 607 880 807 949; x_wconf 78' lang='grc' dir='ltr'>πτῶμα</span> <span class='ocrx_word' id='word_1_63' title='bbox 830 877 1044 931; x_wconf 85' lang='grc' dir='ltr'>πάντων</span> <span class='ocrx_word' id='word_1_64' title='bbox 1068 874 1447 928; x_wconf 79' lang='grc' dir='ltr'>ὲλεεινότατον.</span> <span class='ocrx_word' id='word_1_65' title='bbox 1474 873 1647 943; x_wconf 85' lang='grc' dir='ltr'>Τυχὸν</span> <span class='ocrx_word' id='word_1_66' title='bbox 1672 871 1750 933; x_wconf 74' lang='grc' dir='ltr'><strong>δὲ,</strong></span> <span class='ocrx_word' id='word_1_67' title='bbox 1779 871 1847 923; x_wconf 85' lang='grc' dir='ltr'>ἵν’</span> 
     </span>
    </p>
   </div>
   <div class='ocr_carea' id='block_1_11' title="bbox 266 963 1846 1047">
    <p class='ocr_par' dir='ltr' id='par_1_11' title="bbox 266 963 1846 1047">
     <span class='ocr_line' id='line_1_11' title="bbox 266 963 1846 1047; baseline -0.006 -21"><span class='ocrx_word' id='word_1_68' title='bbox 266 969 382 1047; x_wconf 77' lang='grc' dir='ltr'><strong>ᾗτι</strong></span> <span class='ocrx_word' id='word_1_69' title='bbox 411 972 576 1025; x_wconf 83' lang='grc' dir='ltr'>πλέον</span> <span class='ocrx_word' id='word_1_70' title='bbox 605 971 814 1024; x_wconf 73' lang='grc' dir='ltr'>ἐκεῖθεν</span> <span class='ocrx_word' id='word_1_71' title='bbox 869 965 1029 1024; x_wconf 82' lang='grc' dir='ltr'>ἆθλον</span> <span class='ocrx_word' id='word_1_72' title='bbox 1079 967 1394 1039; x_wconf 74' lang='grc' dir='ltr'>φιλοπονίας</span> <span class='ocrx_word' id='word_1_73' title='bbox 1438 966 1533 1020; x_wconf 70' lang='grc' dir='ltr'><strong>καὶ</strong></span> <span class='ocrx_word' id='word_1_74' title='bbox 1592 963 1846 1036; x_wconf 86' lang='grc' dir='ltr'>λαμπροῦ</span> 
     </span>
    </p>
   </div>
   <div class='ocr_carea' id='block_1_12' title="bbox 265 1053 1847 1133">
    <p class='ocr_par' dir='ltr' id='par_1_12' title="bbox 265 1053 1847 1133">
     <span class='ocr_line' id='line_1_12' title="bbox 265 1053 1847 1133; baseline -0.008 -17"><span class='ocrx_word' id='word_1_75' title='bbox 265 1064 383 1133; x_wconf 79' lang='grc' dir='ltr'>βίου</span> <span class='ocrx_word' id='word_1_76' title='bbox 422 1064 543 1126; x_wconf 79' lang='grc' dir='ltr'>τοῖς</span> <span class='ocrx_word' id='word_1_77' title='bbox 582 1059 816 1114; x_wconf 74' lang='grc' dir='ltr'>ἐνταῦθα</span> <span class='ocrx_word' id='word_1_78' title='bbox 838 1058 1290 1129; x_wconf 81' lang='grc' dir='ltr'>κεκαθαρμένοις,</span> <span class='ocrx_word' id='word_1_79' title='bbox 1310 1057 1404 1110; x_wconf 72' lang='grc' dir='ltr'><strong>καὶ</strong></span> <span class='ocrx_word' id='word_1_80' title='bbox 1434 1053 1847 1126; x_wconf 79' lang='grc' dir='ltr'>μακροθυμοῦσι</span> 
     </span>
    </p>
   </div>
   <div class='ocr_carea' id='block_1_13' title="bbox 264 1145 1849 1228">
    <p class='ocr_par' dir='ltr' id='par_1_13' title="bbox 264 1145 1849 1228">
     <span class='ocr_line' id='line_1_13' title="bbox 264 1145 1849 1228; baseline -0.008 -18"><span class='ocrx_word' id='word_1_81' title='bbox 264 1154 406 1228; x_wconf 78' lang='grc' dir='ltr'>πρὸς</span> <span class='ocrx_word' id='word_1_82' title='bbox 442 1155 507 1208; x_wconf 83' lang='grc' dir='ltr'>τὺ</span> <span class='ocrx_word' id='word_1_83' title='bbox 548 1152 904 1224; x_wconf 77' lang='grc' dir='ltr'>ποθούμενον.</span> <span class='ocrx_word' id='word_1_84' title='bbox 934 1150 1035 1203; x_wconf 83' lang='grc' dir='ltr'><strong>Διὰ</strong></span> <span class='ocrx_word' id='word_1_85' title='bbox 1079 1149 1237 1203; x_wconf 85' lang='grc' dir='ltr'>τοῦτο</span> <span class='ocrx_word' id='word_1_86' title='bbox 1261 1149 1422 1220; x_wconf 83' lang='grc' dir='ltr'>μέσος</span> <span class='ocrx_word' id='word_1_87' title='bbox 1459 1147 1614 1219; x_wconf 80' lang='grc' dir='ltr'>ἡμῶν</span> <span class='ocrx_word' id='word_1_88' title='bbox 1651 1163 1711 1198; x_wconf 86' lang='grc' dir='ltr'><strong>τε</strong></span> <span class='ocrx_word' id='word_1_89' title='bbox 1754 1145 1849 1198; x_wconf 71' lang='grc' dir='ltr'><strong>κα)⁵</strong></span> 
     </span>
    </p>
   </div>
   <div class='ocr_carea' id='block_1_14' title="bbox 263 1236 1847 1317">
    <p class='ocr_par' dir='ltr' id='par_1_14' title="bbox 263 1236 1847 1317">
     <span class='ocr_line' id='line_1_14' title="bbox 263 1236 1847 1317; baseline -0.007 -16"><span class='ocrx_word' id='word_1_90' title='bbox 263 1247 401 1302; x_wconf 79' lang='grc' dir='ltr'>Θεοῦ</span> <span class='ocrx_word' id='word_1_91' title='bbox 447 1249 478 1302; x_wconf 87' lang='grc' dir='ltr'><strong>ό</strong></span> <span class='ocrx_word' id='word_1_92' title='bbox 528 1245 841 1317; x_wconf 81' lang='grc' dir='ltr'>σωματικδς</span> <span class='ocrx_word' id='word_1_93' title='bbox 873 1236 1029 1306; x_wconf 68' lang='grc' dir='ltr'>οὗτος</span> <span class='ocrx_word' id='word_1_94' title='bbox 1058 1243 1275 1296; x_wconf 84' lang='grc' dir='ltr'>ἵσταται</span> <span class='ocrx_word' id='word_1_95' title='bbox 1319 1241 1533 1311; x_wconf 61' lang='grc' dir='ltr'>γνόφος,</span> <span class='ocrx_word' id='word_1_96' title='bbox 1570 1239 1758 1311; x_wconf 85' lang='grc' dir='ltr'>ὥσπερ</span> <span class='ocrx_word' id='word_1_97' title='bbox 1814 1239 1847 1308; x_wconf 87' lang='grc' dir='ltr'>ἡ</span> 
     </span>
    </p>
   </div>
   <div class='ocr_carea' id='block_1_15' title="bbox 260 1331 1846 1412">
    <p class='ocr_par' dir='ltr' id='par_1_15' title="bbox 260 1331 1846 1412">
     <span class='ocr_line' id='line_1_15' title="bbox 260 1331 1846 1412; baseline -0.008 -18"><span class='ocrx_word' id='word_1_98' title='bbox 260 1340 468 1412; x_wconf 73' lang='grc' dir='ltr'>νεφέλη</span> <span class='ocrx_word' id='word_1_99' title='bbox 497 1337 610 1408; x_wconf 90' lang='grc'>(55)</span> <span class='ocrx_word' id='word_1_100' title='bbox 631 1335 860 1390; x_wconf 85' lang='grc' dir='ltr'>τοπάλαι</span> <span class='ocrx_word' id='word_1_101' title='bbox 874 1335 980 1388; x_wconf 83' lang='grc' dir='ltr'><strong>τῶν</strong></span> <span class='ocrx_word' id='word_1_102' title='bbox 996 1332 1306 1402; x_wconf 81' lang='grc' dir='ltr'>Αἰγυπτίων</span> <span class='ocrx_word' id='word_1_103' title='bbox 1327 1333 1415 1386; x_wconf 68' lang='grc' dir='ltr'><strong>καὶ</strong></span> <span class='ocrx_word' id='word_1_104' title='bbox 1440 1332 1546 1384; x_wconf 81' lang='grc' dir='ltr'><strong>τῶν</strong></span> <span class='ocrx_word' id='word_1_105' title='bbox 1562 1331 1846 1401; x_wconf 80' lang='grc' dir='ltr'>Ἐϐραίων.</span> 
     </span>
    </p>
   </div>
   <div class='ocr_carea' id='block_1_16' title="bbox 263 1421 1850 1492">
    <p class='ocr_par' dir='ltr' id='par_1_16' title="bbox 263 1421 1850 1492">
     <span class='ocr_line' id='line_1_16' title="bbox 263 1421 1850 1492; baseline -0.008 -8"><span class='ocrx_word' id='word_1_106' title='bbox 263 1432 378 1484; x_wconf 68' lang='grc' dir='ltr'>Καὶ</span> <span class='ocrx_word' id='word_1_107' title='bbox 432 1429 592 1484; x_wconf 87' lang='grc' dir='ltr'>τοῦτό</span> <span class='ocrx_word' id='word_1_108' title='bbox 650 1431 797 1482; x_wconf 82' lang='grc' dir='ltr'>ἐστιν</span> <span class='ocrx_word' id='word_1_109' title='bbox 836 1428 991 1490; x_wconf 86' lang='grc' dir='ltr'>ίσως,</span> <span class='ocrx_word' id='word_1_110' title='bbox 1023 1425 1052 1478; x_wconf 80' lang='grc' dir='ltr'>ὃ</span> <span class='ocrx_word' id='word_1_111' title='bbox 1098 1424 1250 1476; x_wconf 81' lang='grc' dir='ltr'>ἕοετο</span> <span class='ocrx_word' id='word_1_112' title='bbox 1283 1423 1471 1484; x_wconf 80' lang='grc' dir='ltr'>σκότος</span> <span class='ocrx_word' id='word_1_113' title='bbox 1525 1421 1850 1492; x_wconf 67' lang='grc' dir='ltr'>ἀποκρυφὴν</span> 
     </span>
    </p>
   </div>
   <div class='ocr_carea' id='block_1_17' title="bbox 263 1510 1850 1588">
    <p class='ocr_par' dir='ltr' id='par_1_17' title="bbox 263 1510 1850 1588">
     <span class='ocr_line' id='line_1_17' title="bbox 263 1510 1850 1588; baseline -0.008 -15"><span class='ocrx_word' id='word_1_114' title='bbox 263 1519 458 1582; x_wconf 76' lang='grc' dir='ltr'>αὐτοῦ,</span> <span class='ocrx_word' id='word_1_115' title='bbox 513 1517 613 1588; x_wconf 77' lang='grc' dir='ltr'>τὴν</span> <span class='ocrx_word' id='word_1_116' title='bbox 670 1515 946 1588; x_wconf 75' lang='grc' dir='ltr'>ἡμετέραν</span> <span class='ocrx_word' id='word_1_117' title='bbox 975 1513 1282 1585; x_wconf 77' lang='grc' dir='ltr'>παχύτητα,</span> <span class='ocrx_word' id='word_1_118' title='bbox 1322 1513 1389 1566; x_wconf 78' lang='grc' dir='ltr'>δι’</span> <span class='ocrx_word' id='word_1_119' title='bbox 1423 1512 1490 1583; x_wconf 75' lang='grc' dir='ltr'>ἢν</span> <span class='ocrx_word' id='word_1_120' title='bbox 1534 1512 1703 1580; x_wconf 77' lang='grc' dir='ltr'>ὀλίγοι</span> <span class='ocrx_word' id='word_1_121' title='bbox 1757 1510 1850 1563; x_wconf 78' lang='grc' dir='ltr'><strong>καὶ</strong></span> 
     </span>
    </p>
   </div>
   <div class='ocr_carea' id='block_1_18' title="bbox 267 1601 1852 1684">
    <p class='ocr_par' dir='ltr' id='par_1_18' title="bbox 267 1601 1852 1684">
     <span class='ocr_line' id='line_1_18' title="bbox 267 1601 1852 1684; baseline -0.007 -18"><span class='ocrx_word' id='word_1_122' title='bbox 267 1611 468 1684; x_wconf 76' lang='grc' dir='ltr'>μικρὸν</span> <span class='ocrx_word' id='word_1_123' title='bbox 519 1608 924 1664; x_wconf 78' lang='grc' dir='ltr'>διακύπτουσιν.</span> <span class='ocrx_word' id='word_1_124' title='bbox 953 1607 1122 1660; x_wconf 85' lang='grc' dir='ltr'>Τοῦτο</span> <span class='ocrx_word' id='word_1_125' title='bbox 1145 1605 1243 1677; x_wconf 81' lang='grc' dir='ltr'>μὲν</span> <span class='ocrx_word' id='word_1_126' title='bbox 1277 1601 1368 1658; x_wconf 77' lang='grc' dir='ltr'><strong>οῦν</strong></span> <span class='ocrx_word' id='word_1_127' title='bbox 1392 1604 1852 1675; x_wconf 66' lang='grc' dir='ltr'>φιλοσοφείτωσαν</span> 
     </span>
    </p>
   </div>
   <div class='ocr_carea' id='block_1_19' title="bbox 261 1695 1849 1774">
    <p class='ocr_par' dir='ltr' id='par_1_19' title="bbox 261 1695 1849 1774">
     <span class='ocr_line' id='line_1_19' title="bbox 261 1695 1849 1774; baseline -0.006 -17"><span class='ocrx_word' id='word_1_128' title='bbox 261 1701 348 1767; x_wconf 73' lang='grc' dir='ltr'>οἷς</span> <span class='ocrx_word' id='word_1_129' title='bbox 374 1701 660 1774; x_wconf 77' lang='grc' dir='ltr'>ἐπιμελὲς,</span> <span class='ocrx_word' id='word_1_130' title='bbox 697 1701 792 1754; x_wconf 71' lang='grc' dir='ltr'>καὶ</span> <span class='ocrx_word' id='word_1_131' title='bbox 805 1701 1073 1753; x_wconf 86' lang='grc' dir='ltr'>ἀνίτωσαν</span> <span class='ocrx_word' id='word_1_132' title='bbox 1100 1699 1191 1750; x_wconf 73' lang='grc' dir='ltr'>ἐπὶ</span> <span class='ocrx_word' id='word_1_133' title='bbox 1219 1697 1464 1750; x_wconf 82' lang='grc' dir='ltr'>πλεῖστον</span> <span class='ocrx_word' id='word_1_134' title='bbox 1503 1697 1602 1767; x_wconf 77' lang='grc' dir='ltr'>τῆς</span> <span class='ocrx_word' id='word_1_135' title='bbox 1631 1695 1849 1748; x_wconf 86' lang='grc' dir='ltr'>διασκέ-</span> 
     </span>
    </p>
   </div>
   <div class='ocr_carea' id='block_1_20' title="bbox 260 1784 1849 1864">
    <p class='ocr_par' dir='ltr' id='par_1_20' title="bbox 260 1784 1849 1864">
     <span class='ocr_line' id='line_1_20' title="bbox 260 1784 1849 1864; baseline -0.008 -17"><span class='ocrx_word' id='word_1_136' title='bbox 260 1794 433 1864; x_wconf 67' lang='grc' dir='ltr'>ψεως·</span> <span class='ocrx_word' id='word_1_137' title='bbox 473 1794 604 1863; x_wconf 78' lang='grc' dir='ltr'>ἡμῖν</span> <span class='ocrx_word' id='word_1_138' title='bbox 636 1791 682 1844; x_wconf 84' lang='grc' dir='ltr'>δ’</span> <span class='ocrx_word' id='word_1_139' title='bbox 705 1785 798 1843; x_wconf 75' lang='grc' dir='ltr'>οὖν</span> <span class='ocrx_word' id='word_1_140' title='bbox 837 1791 1010 1842; x_wconf 76' lang='grc' dir='ltr'>ἐκεῖνο</span> <span class='ocrx_word' id='word_1_141' title='bbox 1037 1786 1310 1858; x_wconf 83' lang='grc' dir='ltr'>γνώριμον</span> <span class='ocrx_word' id='word_1_142' title='bbox 1346 1788 1457 1848; x_wconf 89' lang='grc' dir='ltr'>τοῖς</span> <span class='ocrx_word' id='word_1_143' title='bbox 1483 1785 1726 1855; x_wconf 83' lang='grc' dir='ltr'>δεσμίοις</span> <span class='ocrx_word' id='word_1_144' title='bbox 1751 1784 1849 1854; x_wconf 79' lang='grc' dir='ltr'>τῆς</span> 
     </span>
    </p>
   </div>
   <div class='ocr_carea' id='block_1_21' title="bbox 261 1874 1849 1956">
    <p class='ocr_par' dir='ltr' id='par_1_21' title="bbox 261 1874 1849 1956">
     <span class='ocr_line' id='line_1_21' title="bbox 261 1874 1849 1956; baseline -0.019 2"><span class='ocrx_word' id='word_1_145' title='bbox 261 1886 394 1956; x_wconf 71' lang='grc' dir='ltr'><strong>Ύῆςο</strong></span> <span class='ocrx_word' id='word_1_146' title='bbox 436 1885 467 1937; x_wconf 76' lang='grc' dir='ltr'><strong>δ</strong></span> <span class='ocrx_word' id='word_1_147' title='bbox 501 1900 667 1953; x_wconf 73' lang='grc' dir='ltr'>φησιν</span> <span class='ocrx_word' id='word_1_148' title='bbox 707 1883 737 1934; x_wconf 75' lang='grc' dir='ltr'>ὁ</span> <span class='ocrx_word' id='word_1_149' title='bbox 783 1881 923 1943; x_wconf 82' lang='grc' dir='ltr'>θεῖος</span> <span class='ocrx_word' id='word_1_150' title='bbox 961 1879 1250 1951; x_wconf 81' lang='grc' dir='ltr'>Ἱερεμίας.</span> <span class='ocrx_word' id='word_1_151' title='bbox 1284 1876 1377 1930; x_wconf 72' lang='grc' dir='ltr'><strong>καὶ</strong></span> <span class='ocrx_word' id='word_1_152' title='bbox 1401 1876 1460 1928; x_wconf 84' lang='grc' dir='ltr'><strong>τὸ</strong></span> <span class='ocrx_word' id='word_1_153' title='bbox 1499 1878 1642 1945; x_wconf 76' lang='grc' dir='ltr'>παχὺ</span> <span class='ocrx_word' id='word_1_154' title='bbox 1692 1874 1849 1928; x_wconf 86' lang='grc' dir='ltr'>τοῦτο</span> 
     </span>
    </p>
   </div>
   <div class='ocr_carea' id='block_1_22' title="bbox 267 1965 1849 2048">
    <p class='ocr_par' dir='ltr' id='par_1_22' title="bbox 267 1965 1849 2048">
     <span class='ocr_line' id='line_1_22' title="bbox 267 1965 1849 2048; baseline -0.007 -18"><span class='ocrx_word' id='word_1_155' title='bbox 267 1975 498 2048; x_wconf 81' lang='grc' dir='ltr'>σαρκίον</span> <span class='ocrx_word' id='word_1_156' title='bbox 556 1972 1044 2045; x_wconf 74' lang='grc' dir='ltr'>περιϐεϐλημένοις</span> <span class='ocrx_word' id='word_1_157' title='bbox 1070 1969 1204 2041; x_wconf 68' lang='grc'>(56)·</span> <span class='ocrx_word' id='word_1_158' title='bbox 1251 1969 1334 2021; x_wconf 85' lang='grc' dir='ltr'>ὃτι</span> <span class='ocrx_word' id='word_1_159' title='bbox 1367 1968 1554 2037; x_wconf 76' lang='grc' dir='ltr'>ὥσπερ</span> <span class='ocrx_word' id='word_1_160' title='bbox 1585 1965 1849 2020; x_wconf 79' lang='grc' dir='ltr'>ἀδύνατον</span> 
     </span>
    </p>
   </div>
   <div class='ocr_carea' id='block_1_23' title="bbox 265 2055 1850 2135">
    <p class='ocr_par' dir='ltr' id='par_1_23' title="bbox 265 2055 1850 2135">
     <span class='ocr_line' id='line_1_23' title="bbox 265 2055 1850 2135; baseline -0.006 -18"><span class='ocrx_word' id='word_1_161' title='bbox 265 2063 576 2135; x_wconf 73' lang='grc' dir='ltr'>ὑπερϐῆναι</span> <span class='ocrx_word' id='word_1_162' title='bbox 604 2061 714 2133; x_wconf 87' lang='grc'>(57)</span> <span class='ocrx_word' id='word_1_163' title='bbox 745 2061 842 2132; x_wconf 78' lang='grc' dir='ltr'><strong>τὴν</strong></span> <span class='ocrx_word' id='word_1_164' title='bbox 874 2059 1067 2114; x_wconf 80' lang='grc' dir='ltr'>ἑαυτοῦ</span> <span class='ocrx_word' id='word_1_165' title='bbox 1105 2057 1284 2122; x_wconf 78' lang='grc' dir='ltr'>σκιὰν,</span> <span class='ocrx_word' id='word_1_166' title='bbox 1320 2057 1414 2111; x_wconf 70' lang='grc' dir='ltr'>καὶ</span> <span class='ocrx_word' id='word_1_167' title='bbox 1438 2055 1516 2126; x_wconf 80' lang='grc' dir='ltr'>τῷ</span> <span class='ocrx_word' id='word_1_168' title='bbox 1551 2056 1670 2109; x_wconf 86' lang='grc' dir='ltr'>λίαν</span> <span class='ocrx_word' id='word_1_169' title='bbox 1703 2057 1850 2108; x_wconf 79' lang='grc' dir='ltr'>ἐπει-</span> 
     </span>
    </p>
   </div>
   <div class='ocr_carea' id='block_1_24' title="bbox 265 2148 1855 2226">
    <p class='ocr_par' dir='ltr' id='par_1_24' title="bbox 265 2148 1855 2226">
     <span class='ocr_line' id='line_1_24' title="bbox 265 2148 1855 2226; baseline -0.006 -17"><span class='ocrx_word' id='word_1_170' title='bbox 265 2155 489 2226; x_wconf 82' lang='grc' dir='ltr'>γομένῳ</span> <span class='ocrx_word' id='word_1_171' title='bbox 521 2153 736 2225; x_wconf 70' lang='grc' dir='ltr'>(φθάνει</span> <span class='ocrx_word' id='word_1_172' title='bbox 769 2153 890 2224; x_wconf 59' lang='grc' dir='ltr'>γὰρ</span> <span class='ocrx_word' id='word_1_173' title='bbox 919 2152 1007 2205; x_wconf 74' lang='grc' dir='ltr'>ἀεὶ</span> <span class='ocrx_word' id='word_1_174' title='bbox 1051 2150 1324 2217; x_wconf 87' lang='grc' dir='ltr'>τοσοῦτον,</span> <span class='ocrx_word' id='word_1_175' title='bbox 1355 2149 1476 2202; x_wconf 82' lang='grc' dir='ltr'>ὅσον</span> <span class='ocrx_word' id='word_1_176' title='bbox 1504 2148 1855 2218; x_wconf 74' lang='grc' dir='ltr'>καταλαμϐά-</span> 
     </span>
    </p>
   </div>
   <div class='ocr_carea' id='block_1_25' title="bbox 268 2237 1852 2317">
    <p class='ocr_par' dir='ltr' id='par_1_25' title="bbox 268 2237 1852 2317">
     <span class='ocr_line' id='line_1_25' title="bbox 268 2237 1852 2317; baseline -0.006 -16"><span class='ocrx_word' id='word_1_177' title='bbox 268 2248 473 2315; x_wconf 81' lang='grc' dir='ltr'>νεται),</span> <span class='ocrx_word' id='word_1_178' title='bbox 519 2247 555 2317; x_wconf 78' lang='grc' dir='ltr'><strong>ἦ</strong></span> <span class='ocrx_word' id='word_1_179' title='bbox 577 2248 691 2309; x_wconf 86' lang='grc' dir='ltr'>τοῖς</span> <span class='ocrx_word' id='word_1_180' title='bbox 723 2245 938 2316; x_wconf 81' lang='grc' dir='ltr'>ὁρατοῖς</span> <span class='ocrx_word' id='word_1_181' title='bbox 971 2242 1271 2313; x_wconf 86' lang='grc' dir='ltr'>πλησιάσαι</span> <span class='ocrx_word' id='word_1_182' title='bbox 1303 2240 1403 2311; x_wconf 80' lang='grc' dir='ltr'>τὴν</span> <span class='ocrx_word' id='word_1_183' title='bbox 1435 2239 1575 2308; x_wconf 65' lang='grc' dir='ltr'>ὄψιν,</span> <span class='ocrx_word' id='word_1_184' title='bbox 1609 2239 1730 2310; x_wconf 84' lang='grc' dir='ltr'>δίχα</span> <span class='ocrx_word' id='word_1_185' title='bbox 1759 2237 1852 2291; x_wconf 88' lang='grc' dir='ltr'><strong>τοῦ</strong></span> 
     </span>
    </p>
   </div>
   <div class='ocr_carea' id='block_1_26' title="bbox 270 2330 1852 2408">
    <p class='ocr_par' dir='ltr' id='par_1_26' title="bbox 270 2330 1852 2408">
     <span class='ocr_line' id='line_1_26' title="bbox 270 2330 1852 2408; baseline -0.005 -16"><span class='ocrx_word' id='word_1_186' title='bbox 270 2340 331 2392; x_wconf 79' lang='grc' dir='ltr'>ἑν</span> <span class='ocrx_word' id='word_1_187' title='bbox 361 2338 516 2408; x_wconf 83' lang='grc' dir='ltr'>μέσῳ</span> <span class='ocrx_word' id='word_1_188' title='bbox 546 2337 722 2406; x_wconf 81' lang='grc' dir='ltr'>φωτὸς</span> <span class='ocrx_word' id='word_1_189' title='bbox 770 2337 864 2389; x_wconf 73' lang='grc' dir='ltr'><strong>καὶ</strong></span> <span class='ocrx_word' id='word_1_190' title='bbox 893 2333 1140 2406; x_wconf 81' lang='grc' dir='ltr'>ἀέρος.ἢ</span> <span class='ocrx_word' id='word_1_191' title='bbox 1194 2332 1304 2386; x_wconf 72' lang='grc' dir='ltr'><strong>τῶν</strong></span> <span class='ocrx_word' id='word_1_192' title='bbox 1357 2331 1564 2385; x_wconf 82' lang='grc' dir='ltr'>ὑδάτων</span> <span class='ocrx_word' id='word_1_193' title='bbox 1610 2330 1715 2397; x_wconf 77' lang='grc' dir='ltr'>ἔξω</span> <span class='ocrx_word' id='word_1_194' title='bbox 1753 2331 1852 2403; x_wconf 81' lang='grc' dir='ltr'><strong>τὴν</strong></span> 
     </span>
    </p>
   </div>
   <div class='ocr_carea' id='block_1_27' title="bbox 268 2422 1852 2502">
    <p class='ocr_par' dir='ltr' id='par_1_27' title="bbox 268 2422 1852 2502">
     <span class='ocr_line' id='line_1_27' title="bbox 268 2422 1852 2502; baseline -0.006 -18"><span class='ocrx_word' id='word_1_195' title='bbox 268 2431 481 2502; x_wconf 78' lang='grc' dir='ltr'>νηκτὴν</span> <span class='ocrx_word' id='word_1_196' title='bbox 517 2429 678 2498; x_wconf 75' lang='grc' dir='ltr'>φύσιν</span> <span class='ocrx_word' id='word_1_197' title='bbox 701 2426 1096 2482; x_wconf 82' lang='grc' dir='ltr'>διολισθαίνειν·</span> <span class='ocrx_word' id='word_1_198' title='bbox 1124 2422 1299 2486; x_wconf 76' lang='grc' dir='ltr'>οὕτως</span> <span class='ocrx_word' id='word_1_199' title='bbox 1328 2423 1606 2494; x_wconf 83' lang='grc' dir='ltr'>ἀμήχανον</span> <span class='ocrx_word' id='word_1_200' title='bbox 1636 2424 1748 2486; x_wconf 84' lang='grc' dir='ltr'>τοῖς</span> <span class='ocrx_word' id='word_1_201' title='bbox 1794 2425 1852 2475; x_wconf 82' lang='grc' dir='ltr'>ὲν</span> 
     </span>
    </p>
   </div>
   <div class='ocr_carea' id='block_1_28' title="bbox 267 2512 1854 2592">
    <p class='ocr_par' dir='ltr' id='par_1_28' title="bbox 267 2512 1854 2592">
     <span class='ocr_line' id='line_1_28' title="bbox 267 2512 1854 2592; baseline -0.006 -18"><span class='ocrx_word' id='word_1_202' title='bbox 267 2521 486 2591; x_wconf 79' lang='grc' dir='ltr'>σώματι</span> <span class='ocrx_word' id='word_1_203' title='bbox 532 2519 666 2592; x_wconf 84' lang='grc'>(58),</span> <span class='ocrx_word' id='word_1_204' title='bbox 717 2519 840 2590; x_wconf 84' lang='grc' dir='ltr'>δίχα</span> <span class='ocrx_word' id='word_1_205' title='bbox 873 2517 981 2571; x_wconf 84' lang='grc' dir='ltr'><strong>τῶν</strong></span> <span class='ocrx_word' id='word_1_206' title='bbox 1020 2513 1366 2588; x_wconf 81' lang='grc' dir='ltr'>σωματικῶν,</span> <span class='ocrx_word' id='word_1_207' title='bbox 1405 2513 1581 2583; x_wconf 87' lang='grc' dir='ltr'>πάντη</span> <span class='ocrx_word' id='word_1_208' title='bbox 1603 2512 1854 2581; x_wconf 83' lang='grc' dir='ltr'>γενέσθαι</span> 
     </span>
    </p>
   </div>
   <div class='ocr_carea' id='block_1_29' title="bbox 269 2604 1853 2682">
    <p class='ocr_par' dir='ltr' id='par_1_29' title="bbox 269 2604 1853 2682">
     <span class='ocr_line' id='line_1_29' title="bbox 269 2604 1853 2682; baseline -0.004 -19"><span class='ocrx_word' id='word_1_209' title='bbox 269 2611 413 2682; x_wconf 76' lang='grc' dir='ltr'>μετὰ</span> <span class='ocrx_word' id='word_1_210' title='bbox 437 2610 545 2662; x_wconf 81' lang='grc' dir='ltr'>τῶν</span> <span class='ocrx_word' id='word_1_211' title='bbox 576 2609 900 2680; x_wconf 78' lang='grc' dir='ltr'>νοουμένων.</span> <span class='ocrx_word' id='word_1_212' title='bbox 932 2607 1044 2661; x_wconf 70' lang='grc' dir='ltr'><strong>Ἀεὶ</strong></span> <span class='ocrx_word' id='word_1_213' title='bbox 1070 2608 1176 2678; x_wconf 86' lang='grc' dir='ltr'><strong>γάρ</strong></span> <span class='ocrx_word' id='word_1_214' title='bbox 1205 2623 1257 2659; x_wconf 91' lang='grc' dir='ltr'><strong>τι</strong></span> <span class='ocrx_word' id='word_1_215' title='bbox 1288 2606 1721 2676; x_wconf 84' lang='grc' dir='ltr'>παρεμπεσεῖται</span> <span class='ocrx_word' id='word_1_216' title='bbox 1746 2604 1853 2656; x_wconf 84' lang='grc' dir='ltr'><strong>τῶν</strong></span> 
     </span>
    </p>
   </div>
   <div class='ocr_carea' id='block_1_30' title="bbox 267 2695 1858 2774">
    <p class='ocr_par' dir='ltr' id='par_1_30' title="bbox 267 2695 1858 2774">
     <span class='ocr_line' id='line_1_30' title="bbox 267 2695 1858 2774; baseline -0.004 -20"><span class='ocrx_word' id='word_1_217' title='bbox 267 2702 591 2774; x_wconf 70' lang='grc' dir='ltr'>ἡμετέρων,</span> <span class='ocrx_word' id='word_1_218' title='bbox 642 2700 746 2755; x_wconf 74' lang='grc' dir='ltr'><strong>κᾶν</strong></span> <span class='ocrx_word' id='word_1_219' title='bbox 800 2701 883 2754; x_wconf 80' lang='grc' dir='ltr'>ὅτι</span> <span class='ocrx_word' id='word_1_220' title='bbox 929 2698 1159 2771; x_wconf 81' lang='grc' dir='ltr'>μάλιστα</span> <span class='ocrx_word' id='word_1_221' title='bbox 1207 2697 1449 2769; x_wconf 84' lang='grc' dir='ltr'>χωρίσας</span> <span class='ocrx_word' id='word_1_222' title='bbox 1501 2696 1691 2749; x_wconf 75' lang='grc' dir='ltr'>ἑαυτὸν</span> <span class='ocrx_word' id='word_1_223' title='bbox 1750 2695 1858 2748; x_wconf 82' lang='grc' dir='ltr'><strong>τῶν</strong></span> 
     </span>
    </p>
   </div>
   <div class='ocr_carea' id='block_1_31' title="bbox 266 2786 1860 2863">
    <p class='ocr_par' dir='ltr' id='par_1_31' title="bbox 266 2786 1860 2863">
     <span class='ocr_line' id='line_1_31' title="bbox 266 2786 1860 2863; baseline -0.004 -17"><span class='ocrx_word' id='word_1_224' title='bbox 266 2791 566 2863; x_wconf 79' lang='grc' dir='ltr'>ὁρωμένων</span> <span class='ocrx_word' id='word_1_225' title='bbox 590 2793 618 2845; x_wconf 89' lang='grc' dir='ltr'><strong>ό</strong></span> <span class='ocrx_word' id='word_1_226' title='bbox 647 2791 792 2856; x_wconf 91' lang='grc' dir='ltr'>νοῦς,</span> <span class='ocrx_word' id='word_1_227' title='bbox 822 2791 914 2844; x_wconf 76' lang='grc' dir='ltr'><strong>καὶ</strong></span> <span class='ocrx_word' id='word_1_228' title='bbox 941 2790 1062 2843; x_wconf 70' lang='grc' dir='ltr'>καθ’</span> <span class='ocrx_word' id='word_1_229' title='bbox 1085 2786 1276 2840; x_wconf 75' lang='grc' dir='ltr'>ἑαυτὸν</span> <span class='ocrx_word' id='word_1_230' title='bbox 1304 2787 1612 2856; x_wconf 84' lang='grc' dir='ltr'>γενόμενος.</span> <span class='ocrx_word' id='word_1_231' title='bbox 1690 2804 1860 2856; x_wconf 88' lang='grc' dir='ltr'>προσ-</span> 
     </span>
    </p>
   </div>
   <div class='ocr_carea' id='block_1_32' title="bbox 267 2877 1860 2956">
    <p class='ocr_par' dir='ltr' id='par_1_32' title="bbox 267 2877 1860 2956">
     <span class='ocr_line' id='line_1_32' title="bbox 267 2877 1860 2956; baseline -0.005 -18"><span class='ocrx_word' id='word_1_232' title='bbox 267 2883 488 2938; x_wconf 74' lang='grc' dir='ltr'>ϐάλλειν</span> <span class='ocrx_word' id='word_1_233' title='bbox 519 2886 779 2956; x_wconf 77' lang='grc' dir='ltr'>ἐπιχειρῇ</span> <span class='ocrx_word' id='word_1_234' title='bbox 799 2887 910 2947; x_wconf 84' lang='grc' dir='ltr'>τοῖς</span> <span class='ocrx_word' id='word_1_235' title='bbox 941 2879 1226 2949; x_wconf 71' lang='grc' dir='ltr'>συγγενέσι</span> <span class='ocrx_word' id='word_1_236' title='bbox 1248 2880 1342 2931; x_wconf 70' lang='grc' dir='ltr'><strong>καὶ</strong></span> <span class='ocrx_word' id='word_1_237' title='bbox 1367 2878 1638 2948; x_wconf 79' lang='grc' dir='ltr'>ἀοράτως.</span> <span class='ocrx_word' id='word_1_238' title='bbox 1671 2877 1860 2951; x_wconf 82' lang='grc' dir='ltr'>Γνώσῃ</span> 
     </span>
    </p>
   </div>
   <div class='ocr_carea' id='block_1_33' title="bbox 267 2975 547 3040">
    <p class='ocr_par' dir='ltr' id='par_1_33' title="bbox 267 2975 547 3040">
     <span class='ocr_line' id='line_1_33' title="bbox 267 2975 547 3040; baseline 0.007 -12"><span class='ocrx_word' id='word_1_239' title='bbox 267 2975 331 3028; x_wconf 76' lang='grc' dir='ltr'>δὲ</span> <span class='ocrx_word' id='word_1_240' title='bbox 352 2975 547 3040; x_wconf 73' lang='grc' dir='ltr'>οὕτως.</span> 
     </span>
    </p>
   </div>
   <div class='ocr_carea' id='block_1_34' title="bbox 1951 501 3526 577">
    <p class='ocr_par' dir='ltr' id='par_1_34' title="bbox 1951 501 3526 577">
     <span class='ocr_line' id='line_1_34' title="bbox 1951 501 3526 577; baseline 0.006 -23"><span class='ocrx_word' id='word_1_241' title='bbox 1951 503 2093 571; x_wconf 87' lang='lat' dir='ltr'><strong>quod</strong></span> <span class='ocrx_word' id='word_1_242' title='bbox 2129 517 2233 556; x_wconf 91' lang='lat' dir='ltr'><strong>non</strong></span> <span class='ocrx_word' id='word_1_243' title='bbox 2267 502 2386 557; x_wconf 86' lang='lat' dir='ltr'><strong>sine</strong></span> <span class='ocrx_word' id='word_1_244' title='bbox 2417 501 2603 558; x_wconf 90' lang='lat' dir='ltr'><strong>labore</strong></span> <span class='ocrx_word' id='word_1_245' title='bbox 2632 511 2796 574; x_wconf 88' lang='lat' dir='ltr'><strong>atque</strong></span> <span class='ocrx_word' id='word_1_246' title='bbox 2840 505 3105 562; x_wconf 88' lang='lat' dir='ltr'><strong>industria</strong></span> <span class='ocrx_word' id='word_1_247' title='bbox 3159 517 3370 577; x_wconf 84' lang='lat' dir='ltr'><strong>partum</strong></span> <span class='ocrx_word' id='word_1_248' title='bbox 3419 523 3526 571; x_wconf 84' lang='lat' dir='ltr'><strong>cst,</strong></span> 
     </span>
    </p>
   </div>
   <div class='ocr_carea' id='block_1_35' title="bbox 1950 593 3530 670">
    <p class='ocr_par' dir='ltr' id='par_1_35' title="bbox 1950 593 3530 670">
     <span class='ocr_line' id='line_1_35' title="bbox 1950 593 3530 670; baseline 0.006 -23"><span class='ocrx_word' id='word_1_249' title='bbox 1950 593 2154 648; x_wconf 90' lang='lat' dir='ltr'><strong>arctius</strong></span> <span class='ocrx_word' id='word_1_250' title='bbox 2193 608 2407 663; x_wconf 88' lang='lat' dir='ltr'><strong>quoque</strong></span> <span class='ocrx_word' id='word_1_251' title='bbox 2441 603 2687 650; x_wconf 90' lang='lat' dir='ltr'><strong>teneatur</strong></span> <span class='ocrx_word' id='word_1_252' title='bbox 2715 614 2728 651; x_wconf 92' lang='lat'><strong>:</strong></span> <span class='ocrx_word' id='word_1_253' title='bbox 2761 597 2904 666; x_wconf 90' lang='lat' dir='ltr'><strong>quod</strong></span> <span class='ocrx_word' id='word_1_254' title='bbox 2934 607 3116 658; x_wconf 85' lang='lat' dir='ltr'><strong>autem</strong></span> <span class='ocrx_word' id='word_1_255' title='bbox 3140 599 3284 660; x_wconf 85' lang='lat' dir='ltr'><strong>nullo</strong></span> <span class='ocrx_word' id='word_1_256' title='bbox 3313 603 3530 670; x_wconf 77' lang='lat' dir='ltr'><strong>negotio</strong></span> 
     </span>
    </p>
   </div>
   <div class='ocr_carea' id='block_1_36' title="bbox 1950 679 3530 763">
    <p class='ocr_par' dir='ltr' id='par_1_36' title="bbox 1950 679 3530 763">
     <span class='ocr_line' id='line_1_36' title="bbox 1950 679 3530 763; baseline 0.008 -23"><span class='ocrx_word' id='word_1_257' title='bbox 1950 696 2319 754; x_wconf 83' lang='lat' dir='ltr'><strong>comparatum</strong></span> <span class='ocrx_word' id='word_1_258' title='bbox 2356 695 2469 751; x_wconf 87' lang='lat' dir='ltr'><strong>est,</strong></span> <span class='ocrx_word' id='word_1_259' title='bbox 2522 687 2786 743; x_wconf 92' lang='lat' dir='ltr'><strong>citissime</strong></span> <span class='ocrx_word' id='word_1_260' title='bbox 2837 679 3078 757; x_wconf 86' lang='lat' dir='ltr'><strong>vilescat,</strong></span> <span class='ocrx_word' id='word_1_261' title='bbox 3113 701 3170 748; x_wconf 89' lang='lat' dir='ltr'><strong>et</strong></span> <span class='ocrx_word' id='word_1_262' title='bbox 3220 695 3530 763; x_wconf 85' lang='lat' dir='ltr'><strong>abjiciatur.</strong></span> 
     </span>
    </p>
   </div>
   <div class='ocr_carea' id='block_1_37' title="bbox 1947 776 3527 852">
    <p class='ocr_par' dir='ltr' id='par_1_37' title="bbox 1947 776 3527 852">
     <span class='ocr_line' id='line_1_37' title="bbox 1947 776 3527 852; baseline 0.009 -24"><span class='ocrx_word' id='word_1_263' title='bbox 1947 785 2131 844; x_wconf 90' lang='lat' dir='ltr'><strong>utpote</strong></span> <span class='ocrx_word' id='word_1_264' title='bbox 2153 776 2293 844; x_wconf 89' lang='lat' dir='ltr'><strong>quod</strong></span> <span class='ocrx_word' id='word_1_265' title='bbox 2326 777 2632 846; x_wconf 84' lang='lat' dir='ltr'><strong>recuperari</strong></span> <span class='ocrx_word' id='word_1_266' title='bbox 2668 778 2836 846; x_wconf 88' lang='lat' dir='ltr'><strong>possit</strong></span> <span class='ocrx_word' id='word_1_267' title='bbox 2871 798 2885 846; x_wconf 91' lang='lat'><strong>;</strong></span> <span class='ocrx_word' id='word_1_268' title='bbox 2927 789 3088 852; x_wconf 86' lang='lat' dir='ltr'><strong>atque</strong></span> <span class='ocrx_word' id='word_1_269' title='bbox 3115 783 3188 838; x_wconf 88' lang='lat' dir='ltr'><strong>ita</strong></span> <span class='ocrx_word' id='word_1_270' title='bbox 3232 785 3286 839; x_wconf 90' lang='lat' dir='ltr'><strong>iu</strong></span> <span class='ocrx_word' id='word_1_271' title='bbox 3321 787 3527 842; x_wconf 86' lang='lat' dir='ltr'><strong>beneﬁ-</strong></span> 
     </span>
    </p>
   </div>
   <div class='ocr_carea' id='block_1_38' title="bbox 1948 868 3533 947">
    <p class='ocr_par' dir='ltr' id='par_1_38' title="bbox 1948 868 3533 947">
     <span class='ocr_line' id='line_1_38' title="bbox 1948 868 3533 947; baseline 0.008 -24"><span class='ocrx_word' id='word_1_272' title='bbox 1948 869 2091 923; x_wconf 90' lang='lat' dir='ltr'><strong>cium</strong></span> <span class='ocrx_word' id='word_1_273' title='bbox 2121 868 2265 924; x_wconf 87' lang='lat' dir='ltr'><strong>cedit</strong></span> <span class='ocrx_word' id='word_1_274' title='bbox 2293 884 2398 924; x_wconf 87' lang='lat' dir='ltr'><strong>non</strong></span> <span class='ocrx_word' id='word_1_275' title='bbox 2420 869 2576 925; x_wconf 89' lang='lat' dir='ltr'><strong>obvia</strong></span> <span class='ocrx_word' id='word_1_276' title='bbox 2604 869 2692 925; x_wconf 88' lang='lat' dir='ltr'><strong>illa</strong></span> <span class='ocrx_word' id='word_1_277' title='bbox 2723 871 3096 940; x_wconf 88' lang='lat' dir='ltr'><strong>beneﬁcentia,</strong></span> <span class='ocrx_word' id='word_1_278' title='bbox 3131 878 3270 947; x_wconf 90' lang='lat' dir='ltr'><strong>apud</strong></span> <span class='ocrx_word' id='word_1_279' title='bbox 3301 893 3397 934; x_wconf 90' lang='lat' dir='ltr'><strong>eos</strong></span> <span class='ocrx_word' id='word_1_280' title='bbox 3419 881 3533 936; x_wconf 88' lang='lat' dir='ltr'><strong>sal-</strong></span> 
     </span>
    </p>
   </div>
   <div class='ocr_carea' id='block_1_39' title="bbox 1956 961 3636 1036">
    <p class='ocr_par' dir='ltr' id='par_1_39' title="bbox 1956 961 3636 1036">
     <span class='ocr_line' id='line_1_39' title="bbox 1956 961 3636 1036; baseline 0.01 -24"><span class='ocrx_word' id='word_1_281' title='bbox 1956 967 2080 1022; x_wconf 91' lang='lat' dir='ltr'><strong>tem,</strong></span> <span class='ocrx_word' id='word_1_282' title='bbox 2111 961 2201 1029; x_wconf 89' lang='lat' dir='ltr'><strong>qui</strong></span> <span class='ocrx_word' id='word_1_283' title='bbox 2252 961 2544 1030; x_wconf 85' lang='lat' dir='ltr'><strong>prudentes</strong></span> <span class='ocrx_word' id='word_1_284' title='bbox 2583 971 2727 1018; x_wconf 88' lang='lat' dir='ltr'><strong>sunt.</strong></span> <span class='ocrx_word' id='word_1_285' title='bbox 2780 963 2987 1028; x_wconf 85' lang='lat' dir='ltr'><strong>Altera,</strong></span> <span class='ocrx_word' id='word_1_286' title='bbox 3041 981 3109 1021; x_wconf 91' lang='lat' dir='ltr'><strong>ne</strong></span> <span class='ocrx_word' id='word_1_287' title='bbox 3163 967 3303 1024; x_wconf 87' lang='lat' dir='ltr'><strong>idem</strong></span> <span class='ocrx_word' id='word_1_288' title='bbox 3352 971 3533 1036; x_wconf 89' lang='lat' dir='ltr'><strong>nobis,</strong></span> <span class='ocrx_word' id='word_1_289' title='bbox 3633 986 3636 990; x_wconf 87' lang='lat'>&#39;</span> 
     </span>
    </p>
   </div>
   <div class='ocr_carea' id='block_1_40' title="bbox 1953 1050 3535 1131">
    <p class='ocr_par' dir='ltr' id='par_1_40' title="bbox 1953 1050 3535 1131">
     <span class='ocr_line' id='line_1_40' title="bbox 1953 1050 3535 1131; baseline 0.011 -29"><span class='ocrx_word' id='word_1_290' title='bbox 1953 1050 2095 1120; x_wconf 92' lang='lat' dir='ltr'><strong>quod</strong></span> <span class='ocrx_word' id='word_1_291' title='bbox 2144 1051 2391 1108; x_wconf 85' lang='lat' dir='ltr'><strong>Lucifero</strong></span> <span class='ocrx_word' id='word_1_292' title='bbox 2422 1053 2494 1107; x_wconf 87' lang='lat' dir='ltr'><strong>illi</strong></span> <span class='ocrx_word' id='word_1_293' title='bbox 2532 1053 2785 1124; x_wconf 89' lang='lat' dir='ltr'><strong>prolapso</strong></span> <span class='ocrx_word' id='word_1_294' title='bbox 2823 1055 2891 1121; x_wconf 65' lang='lat'><strong>&quot;*,</strong></span> <span class='ocrx_word' id='word_1_295' title='bbox 2923 1057 3167 1126; x_wconf 86' lang='lat' dir='ltr'><strong>accidat;</strong></span> <span class='ocrx_word' id='word_1_296' title='bbox 3201 1061 3301 1117; x_wconf 87' lang='lat' dir='ltr'><strong>hoc</strong></span> <span class='ocrx_word' id='word_1_297' title='bbox 3325 1071 3431 1131; x_wconf 90' lang='lat' dir='ltr'><strong>est,</strong></span> <span class='ocrx_word' id='word_1_298' title='bbox 3466 1079 3535 1119; x_wconf 86' lang='lat' dir='ltr'><strong>ne</strong></span> 
     </span>
    </p>
   </div>
   <div class='ocr_carea' id='block_1_41' title="bbox 1953 1143 3533 1214">
    <p class='ocr_par' dir='ltr' id='par_1_41' title="bbox 1953 1143 3533 1214">
     <span class='ocr_line' id='line_1_41' title="bbox 1953 1143 3533 1214; baseline 0.008 -17"><span class='ocrx_word' id='word_1_299' title='bbox 1953 1151 2068 1198; x_wconf 93' lang='lat' dir='ltr'><strong>toto</strong></span> <span class='ocrx_word' id='word_1_300' title='bbox 2101 1143 2193 1198; x_wconf 89' lang='lat' dir='ltr'><strong>illo</strong></span> <span class='ocrx_word' id='word_1_301' title='bbox 2225 1143 2431 1214; x_wconf 80' lang='lat' dir='ltr'><strong>fulgore</strong></span> <span class='ocrx_word' id='word_1_302' title='bbox 2487 1145 2686 1214; x_wconf 78' lang='lat' dir='ltr'><strong>perfusi</strong></span> <span class='ocrx_word' id='word_1_303' title='bbox 2720 1147 2986 1202; x_wconf 81' lang='lat' dir='ltr'><strong>cervicem</strong></span> <span class='ocrx_word' id='word_1_304' title='bbox 3041 1149 3299 1208; x_wconf 88' lang='lat' dir='ltr'><strong>adversus</strong></span> <span class='ocrx_word' id='word_1_305' title='bbox 3352 1153 3533 1209; x_wconf 87' lang='lat' dir='ltr'><strong>Domi-</strong></span> 
     </span>
    </p>
   </div>
   <div class='ocr_carea' id='block_1_42' title="bbox 1952 1237 3532 1310">
    <p class='ocr_par' dir='ltr' id='par_1_42' title="bbox 1952 1237 3532 1310">
     <span class='ocr_line' id='line_1_42' title="bbox 1952 1237 3532 1310; baseline 0.007 -21"><span class='ocrx_word' id='word_1_306' title='bbox 1952 1249 2080 1289; x_wconf 89' lang='lat' dir='ltr'><strong>num</strong></span> <span class='ocrx_word' id='word_1_307' title='bbox 2104 1237 2530 1305; x_wconf 87' lang='lat' dir='ltr'><strong>omnipotentem</strong></span> <span class='ocrx_word' id='word_1_308' title='bbox 2555 1239 2885 1305; x_wconf 81' lang='lat' dir='ltr'><strong>attollamus,</strong></span> <span class='ocrx_word' id='word_1_309' title='bbox 2940 1248 3103 1310; x_wconf 88' lang='lat' dir='ltr'><strong>atque</strong></span> <span class='ocrx_word' id='word_1_310' title='bbox 3145 1241 3215 1296; x_wconf 88' lang='lat' dir='ltr'><strong>ob</strong></span> <span class='ocrx_word' id='word_1_311' title='bbox 3244 1243 3532 1302; x_wconf 78' lang='lat' dir='ltr'><strong>elationem</strong></span> 
     </span>
    </p>
   </div>
   <div class='ocr_carea' id='block_1_43' title="bbox 1954 1329 3533 1393">
    <p class='ocr_par' dir='ltr' id='par_1_43' title="bbox 1954 1329 3533 1393">
     <span class='ocr_line' id='line_1_43' title="bbox 1954 1329 3533 1393; baseline 0.008 -13"><span class='ocrx_word' id='word_1_312' title='bbox 1954 1341 2295 1393; x_wconf 87' lang='lat' dir='ltr'><strong>corruamus,</strong></span> <span class='ocrx_word' id='word_1_313' title='bbox 2329 1343 2456 1384; x_wconf 91' lang='lat' dir='ltr'><strong>casu</strong></span> <span class='ocrx_word' id='word_1_314' title='bbox 2487 1329 2728 1384; x_wconf 91' lang='lat' dir='ltr'><strong>omnium</strong></span> <span class='ocrx_word' id='word_1_315' title='bbox 2762 1329 3069 1386; x_wconf 90' lang='lat' dir='ltr'><strong>miserrimo</strong></span> <span class='ocrx_word' id='word_1_316' title='bbox 3091 1340 3145 1387; x_wconf 89' lang='lat' dir='ltr'><strong>et</strong></span> <span class='ocrx_word' id='word_1_317' title='bbox 3169 1333 3533 1392; x_wconf 87' lang='lat' dir='ltr'><strong>calamitosis-</strong></span> 
     </span>
    </p>
   </div>
   <div class='ocr_carea' id='block_1_44' title="bbox 1953 1421 3535 1498">
    <p class='ocr_par' dir='ltr' id='par_1_44' title="bbox 1953 1421 3535 1498">
     <span class='ocr_line' id='line_1_44' title="bbox 1953 1421 3535 1498; baseline 0.006 -24"><span class='ocrx_word' id='word_1_318' title='bbox 1953 1421 2110 1475; x_wconf 86' lang='lat' dir='ltr'><strong>simo.</strong></span> <span class='ocrx_word' id='word_1_319' title='bbox 2143 1421 2443 1487; x_wconf 88' lang='lat' dir='ltr'><strong>Postrema,</strong></span> <span class='ocrx_word' id='word_1_320' title='bbox 2475 1431 2532 1476; x_wconf 91' lang='lat' dir='ltr'><strong>ttt</strong></span> <span class='ocrx_word' id='word_1_321' title='bbox 2571 1437 2670 1491; x_wconf 91' lang='lat' dir='ltr'><strong>pro</strong></span> <span class='ocrx_word' id='word_1_322' title='bbox 2716 1423 2992 1478; x_wconf 61' lang='lat' dir='ltr'><strong>industria;</strong></span> <span class='ocrx_word' id='word_1_323' title='bbox 3042 1439 3154 1480; x_wconf 77' lang='lat' dir='ltr'><strong>sua:</strong></span> <span class='ocrx_word' id='word_1_324' title='bbox 3202 1426 3535 1498; x_wconf 81' lang='lat' dir='ltr'><strong>illustrisque</strong></span> 
     </span>
    </p>
   </div>
   <div class='ocr_carea' id='block_1_45' title="bbox 1953 1511 3534 1585">
    <p class='ocr_par' dir='ltr' id='par_1_45' title="bbox 1953 1511 3534 1585">
     <span class='ocr_line' id='line_1_45' title="bbox 1953 1511 3534 1585; baseline 0.008 -22"><span class='ocrx_word' id='word_1_325' title='bbox 1953 1511 2078 1564; x_wconf 66' lang='lat' dir='ltr'><strong>vita!</strong></span> <span class='ocrx_word' id='word_1_326' title='bbox 2103 1511 2326 1579; x_wconf 81' lang='lat' dir='ltr'><strong>praemio</strong></span> <span class='ocrx_word' id='word_1_327' title='bbox 2351 1511 2572 1566; x_wconf 84' lang='lat' dir='ltr'><strong>uberius</strong></span> <span class='ocrx_word' id='word_1_328' title='bbox 2602 1511 2802 1581; x_wconf 87' lang='lat' dir='ltr'><strong>aliquid</strong></span> <span class='ocrx_word' id='word_1_329' title='bbox 2838 1513 3094 1579; x_wconf 79' lang='lat' dir='ltr'><strong>habeant,</strong></span> <span class='ocrx_word' id='word_1_330' title='bbox 3131 1515 3219 1585; x_wconf 86' lang='lat' dir='ltr'><strong>qui</strong></span> <span class='ocrx_word' id='word_1_331' title='bbox 3244 1517 3331 1572; x_wconf 90' lang='lat' dir='ltr'><strong>hic</strong></span> <span class='ocrx_word' id='word_1_332' title='bbox 3361 1532 3480 1574; x_wconf 86' lang='lat' dir='ltr'><strong>sese</strong></span> <span class='ocrx_word' id='word_1_333' title='bbox 3501 1535 3534 1574; x_wconf 81' lang='lat' dir='ltr'><strong>a</strong></span> 
     </span>
    </p>
   </div>
   <div class='ocr_carea' id='block_1_46' title="bbox 1953 1601 3538 1672">
    <p class='ocr_par' dir='ltr' id='par_1_46' title="bbox 1953 1601 3538 1672">
     <span class='ocr_line' id='line_1_46' title="bbox 1953 1601 3538 1672; baseline 0.006 -19"><span class='ocrx_word' id='word_1_334' title='bbox 1953 1601 2205 1657; x_wconf 89' lang='lat' dir='ltr'><strong>vitiorum</strong></span> <span class='ocrx_word' id='word_1_335' title='bbox 2243 1601 2361 1656; x_wconf 89' lang='lat' dir='ltr'><strong>labe</strong></span> <span class='ocrx_word' id='word_1_336' title='bbox 2404 1603 2792 1672; x_wconf 83' lang='lat' dir='ltr'><strong>perpurgarint</strong></span> <span class='ocrx_word' id='word_1_337' title='bbox 2817 1642 2833 1666; x_wconf 89' lang='lat'><strong>,</strong></span> <span class='ocrx_word' id='word_1_338' title='bbox 2869 1619 2933 1658; x_wconf 90' lang='lat' dir='ltr'><strong>ac</strong></span> <span class='ocrx_word' id='word_1_339' title='bbox 2967 1619 3077 1658; x_wconf 91' lang='lat' dir='ltr'><strong>rem</strong></span> <span class='ocrx_word' id='word_1_340' title='bbox 3125 1606 3430 1662; x_wconf 86' lang='lat' dir='ltr'><strong>adamatam</strong></span> <span class='ocrx_word' id='word_1_341' title='bbox 3480 1617 3538 1664; x_wconf 89' lang='lat' dir='ltr'><strong>et</strong></span> 
     </span>
    </p>
   </div>
   <div class='ocr_carea' id='block_1_47' title="bbox 1953 1693 3538 1765">
    <p class='ocr_par' dir='ltr' id='par_1_47' title="bbox 1953 1693 3538 1765">
     <span class='ocr_line' id='line_1_47' title="bbox 1953 1693 3538 1765; baseline 0.006 -19"><span class='ocrx_word' id='word_1_342' title='bbox 1953 1693 2244 1764; x_wconf 79' lang='lat' dir='ltr'><strong>expetitum</strong></span> <span class='ocrx_word' id='word_1_343' title='bbox 2287 1693 2618 1763; x_wconf 80' lang='lat' dir='ltr'><strong>patientibus</strong></span> <span class='ocrx_word' id='word_1_344' title='bbox 2673 1694 2867 1749; x_wconf 88' lang='lat' dir='ltr'><strong>animis</strong></span> <span class='ocrx_word' id='word_1_345' title='bbox 2910 1698 3298 1765; x_wconf 81' lang='lat' dir='ltr'><strong>exspectarint.</strong></span> <span class='ocrx_word' id='word_1_346' title='bbox 3331 1699 3538 1756; x_wconf 91' lang='lat' dir='ltr'><strong>Idcirco</strong></span> 
     </span>
    </p>
   </div>
   <div class='ocr_carea' id='block_1_48' title="bbox 1957 1783 3534 1862">
    <p class='ocr_par' dir='ltr' id='par_1_48' title="bbox 1957 1783 3534 1862">
     <span class='ocr_line' id='line_1_48' title="bbox 1957 1783 3534 1862; baseline 0.006 -24"><span class='ocrx_word' id='word_1_347' title='bbox 1957 1785 2132 1840; x_wconf 85' lang='lat' dir='ltr'><strong>media</strong></span> <span class='ocrx_word' id='word_1_348' title='bbox 2167 1783 2310 1840; x_wconf 87' lang='lat' dir='ltr'><strong>inter</strong></span> <span class='ocrx_word' id='word_1_349' title='bbox 2343 1801 2442 1840; x_wconf 85' lang='lat' dir='ltr'><strong>nos</strong></span> <span class='ocrx_word' id='word_1_350' title='bbox 2465 1801 2527 1841; x_wconf 86' lang='lat' dir='ltr'><strong>ac</strong></span> <span class='ocrx_word' id='word_1_351' title='bbox 2553 1785 2721 1841; x_wconf 87' lang='lat' dir='ltr'><strong>Deum</strong></span> <span class='ocrx_word' id='word_1_352' title='bbox 2745 1802 3002 1859; x_wconf 86' lang='lat' dir='ltr'><strong>corporea</strong></span> <span class='ocrx_word' id='word_1_353' title='bbox 3029 1790 3144 1845; x_wconf 64' lang='lat' dir='ltr'><strong>hate</strong></span> <span class='ocrx_word' id='word_1_354' title='bbox 3165 1791 3337 1862; x_wconf 87' lang='lat' dir='ltr'><strong>caligo</strong></span> <span class='ocrx_word' id='word_1_355' title='bbox 3365 1793 3534 1848; x_wconf 83' lang='lat' dir='ltr'><strong>inter-</strong></span> 
     </span>
    </p>
   </div>
   <div class='ocr_carea' id='block_1_49' title="bbox 1950 1875 3536 1956">
    <p class='ocr_par' dir='ltr' id='par_1_49' title="bbox 1950 1875 3536 1956">
     <span class='ocr_line' id='line_1_49' title="bbox 1950 1875 3536 1956; baseline 0.006 -26"><span class='ocrx_word' id='word_1_356' title='bbox 1950 1875 2096 1945; x_wconf 79' lang='lat' dir='ltr'><strong>jecta</strong></span> <span class='ocrx_word' id='word_1_357' title='bbox 2131 1885 2235 1940; x_wconf 90' lang='lat' dir='ltr'><strong>est;</strong></span> <span class='ocrx_word' id='word_1_358' title='bbox 2265 1891 2370 1930; x_wconf 92' lang='lat' dir='ltr'><strong>non</strong></span> <span class='ocrx_word' id='word_1_359' title='bbox 2398 1891 2556 1932; x_wconf 90' lang='lat' dir='ltr'><strong>secus</strong></span> <span class='ocrx_word' id='word_1_360' title='bbox 2595 1893 2658 1933; x_wconf 90' lang='lat' dir='ltr'><strong>ac</strong></span> <span class='ocrx_word' id='word_1_361' title='bbox 2689 1880 2858 1935; x_wconf 89' lang='lat' dir='ltr'><strong>nubes</strong></span> <span class='ocrx_word' id='word_1_362' title='bbox 2877 1881 2966 1934; x_wconf 89' lang='lat' dir='ltr'><strong>illa</strong></span> <span class='ocrx_word' id='word_1_363' title='bbox 2992 1882 3038 1914; x_wconf 84' lang='lat'><strong>&quot;</strong></span> <span class='ocrx_word' id='word_1_364' title='bbox 3066 1881 3193 1936; x_wconf 91' lang='lat' dir='ltr'><strong>olim</strong></span> <span class='ocrx_word' id='word_1_365' title='bbox 3217 1884 3358 1938; x_wconf 88' lang='lat' dir='ltr'><strong>inter</strong></span> <span class='ocrx_word' id='word_1_366' title='bbox 3373 1885 3536 1956; x_wconf 58' lang='grc' dir='ltr'><strong>Λεωκ-</strong></span> 
     </span>
    </p>
   </div>
   <div class='ocr_carea' id='block_1_50' title="bbox 1957 1966 3536 2042">
    <p class='ocr_par' dir='ltr' id='par_1_50' title="bbox 1957 1966 3536 2042">
     <span class='ocr_line' id='line_1_50' title="bbox 1957 1966 3536 2042; baseline 0.005 -22"><span class='ocrx_word' id='word_1_367' title='bbox 1957 1969 2101 2037; x_wconf 90' lang='lat' dir='ltr'><strong>ptios</strong></span> <span class='ocrx_word' id='word_1_368' title='bbox 2124 1975 2178 2022; x_wconf 90' lang='lat' dir='ltr'><strong>et</strong></span> <span class='ocrx_word' id='word_1_369' title='bbox 2203 1966 2482 2023; x_wconf 66' lang='lat' dir='ltr'><strong>Hebraeos.</strong></span> <span class='ocrx_word' id='word_1_370' title='bbox 2508 1969 2584 2021; x_wconf 85' lang='lat' dir='ltr'><strong>Ac</strong></span> <span class='ocrx_word' id='word_1_371' title='bbox 2607 1966 2836 2024; x_wconf 79' lang='lat' dir='ltr'><strong>fortasse</strong></span> <span class='ocrx_word' id='word_1_372' title='bbox 2861 1971 2964 2025; x_wconf 91' lang='lat' dir='ltr'><strong>huc</strong></span> <span class='ocrx_word' id='word_1_373' title='bbox 2987 1979 3201 2042; x_wconf 82' lang='lat' dir='ltr'><strong>spectat</strong></span> <span class='ocrx_word' id='word_1_374' title='bbox 3225 1972 3352 2027; x_wconf 90' lang='lat' dir='ltr'><strong>illud</strong></span> <span class='ocrx_word' id='word_1_375' title='bbox 3385 1974 3536 2029; x_wconf 88' lang='lat' dir='ltr'><strong>Scri-</strong></span> 
     </span>
    </p>
   </div>
   <div class='ocr_carea' id='block_1_51' title="bbox 1956 2059 3536 2133">
    <p class='ocr_par' dir='ltr' id='par_1_51' title="bbox 1956 2059 3536 2133">
     <span class='ocr_line' id='line_1_51' title="bbox 1956 2059 3536 2133; baseline 0.006 -19"><span class='ocrx_word' id='word_1_376' title='bbox 1956 2069 2148 2132; x_wconf 72' lang='lat' dir='ltr'><strong>ptum,</strong></span> <span class='ocrx_word' id='word_1_377' title='bbox 2163 2059 2348 2114; x_wconf 88' lang='lat' dir='ltr'><strong>Posuit</strong></span> <span class='ocrx_word' id='word_1_378' title='bbox 2368 2061 2614 2116; x_wconf 85' lang='lat' dir='ltr'><strong>tenebras</strong></span> <span class='ocrx_word' id='word_1_379' title='bbox 2632 2061 2908 2116; x_wconf 85' lang='lat' dir='ltr'><strong>latibulum</strong></span> <span class='ocrx_word' id='word_1_380' title='bbox 2927 2063 3114 2130; x_wconf 77' lang='lat' dir='ltr'><strong>sibi“,</strong></span> <span class='ocrx_word' id='word_1_381' title='bbox 3141 2066 3242 2120; x_wconf 88' lang='lat' dir='ltr'><strong>hoc</strong></span> <span class='ocrx_word' id='word_1_382' title='bbox 3266 2076 3368 2133; x_wconf 92' lang='lat' dir='ltr'><strong>est,</strong></span> <span class='ocrx_word' id='word_1_383' title='bbox 3387 2081 3536 2123; x_wconf 86' lang='lat' dir='ltr'><strong>cras-</strong></span> 
     </span>
    </p>
   </div>
   <div class='ocr_carea' id='block_1_52' title="bbox 1961 2153 3538 2229">
    <p class='ocr_par' dir='ltr' id='par_1_52' title="bbox 1961 2153 3538 2229">
     <span class='ocr_line' id='line_1_52' title="bbox 1961 2153 3538 2229; baseline 0.004 -22"><span class='ocrx_word' id='word_1_384' title='bbox 1961 2153 2140 2208; x_wconf 89' lang='lat' dir='ltr'><strong>sitiem</strong></span> <span class='ocrx_word' id='word_1_385' title='bbox 2166 2160 2432 2217; x_wconf 88' lang='lat' dir='ltr'><strong>nostram,</strong></span> <span class='ocrx_word' id='word_1_386' title='bbox 2463 2167 2568 2223; x_wconf 88' lang='lat' dir='ltr'><strong>qua</strong></span> <span class='ocrx_word' id='word_1_387' title='bbox 2621 2153 2701 2220; x_wconf 91' lang='lat' dir='ltr'><strong>ﬁt,</strong></span> <span class='ocrx_word' id='word_1_388' title='bbox 2732 2161 2789 2207; x_wconf 92' lang='lat' dir='ltr'><strong>ut</strong></span> <span class='ocrx_word' id='word_1_389' title='bbox 2821 2154 2977 2222; x_wconf 89' lang='lat' dir='ltr'><strong>pauci</strong></span> <span class='ocrx_word' id='word_1_390' title='bbox 3002 2156 3243 2222; x_wconf 90' lang='lat' dir='ltr'><strong>omnino,</strong></span> <span class='ocrx_word' id='word_1_391' title='bbox 3274 2158 3418 2228; x_wconf 87' lang='lat' dir='ltr'><strong>iique</strong></span> <span class='ocrx_word' id='word_1_392' title='bbox 3443 2175 3538 2229; x_wconf 84' lang='lat' dir='ltr'><strong>pa-</strong></span> 
     </span>
    </p>
   </div>
   <div class='ocr_carea' id='block_1_53' title="bbox 1961 2244 3536 2314">
    <p class='ocr_par' dir='ltr' id='par_1_53' title="bbox 1961 2244 3536 2314">
     <span class='ocr_line' id='line_1_53' title="bbox 1961 2244 3536 2314; baseline 0.004 -16"><span class='ocrx_word' id='word_1_393' title='bbox 1961 2259 2080 2298; x_wconf 91' lang='lat' dir='ltr'><strong>rum</strong></span> <span class='ocrx_word' id='word_1_394' title='bbox 2119 2244 2404 2298; x_wconf 89' lang='lat' dir='ltr'><strong>admodum</strong></span> <span class='ocrx_word' id='word_1_395' title='bbox 2438 2245 2814 2314; x_wconf 86' lang='lat' dir='ltr'><strong>transpiciant.</strong></span> <span class='ocrx_word' id='word_1_396' title='bbox 2869 2245 2972 2300; x_wconf 93' lang='lat' dir='ltr'><strong>Sed</strong></span> <span class='ocrx_word' id='word_1_397' title='bbox 3007 2248 3073 2302; x_wconf 90' lang='lat' dir='ltr'><strong>de</strong></span> <span class='ocrx_word' id='word_1_398' title='bbox 3121 2247 3225 2302; x_wconf 88' lang='lat' dir='ltr'><strong>hac</strong></span> <span class='ocrx_word' id='word_1_399' title='bbox 3265 2263 3323 2302; x_wconf 89' lang='lat' dir='ltr'><strong>re</strong></span> <span class='ocrx_word' id='word_1_400' title='bbox 3376 2265 3536 2305; x_wconf 90' lang='lat' dir='ltr'><strong>accu-</strong></span> 
     </span>
    </p>
   </div>
   <div class='ocr_carea' id='block_1_54' title="bbox 1960 2333 3537 2406">
    <p class='ocr_par' dir='ltr' id='par_1_54' title="bbox 1960 2333 3537 2406">
     <span class='ocr_line' id='line_1_54' title="bbox 1960 2333 3537 2406; baseline 0.006 -20"><span class='ocrx_word' id='word_1_401' title='bbox 1960 2333 2134 2388; x_wconf 90' lang='lat' dir='ltr'><strong>ratius</strong></span> <span class='ocrx_word' id='word_1_402' title='bbox 2183 2333 2652 2402; x_wconf 80' lang='lat' dir='ltr'><strong>phiIOSOpItentur,</strong></span> <span class='ocrx_word' id='word_1_403' title='bbox 2685 2335 3054 2406; x_wconf 89' lang='lat' dir='ltr'><strong>altissimeque</strong></span> <span class='ocrx_word' id='word_1_404' title='bbox 3101 2338 3537 2394; x_wconf 80' lang='lat' dir='ltr'><strong>consideratione</strong></span> 
     </span>
    </p>
   </div>
   <div class='ocr_carea' id='block_1_55' title="bbox 1958 2425 3538 2495">
    <p class='ocr_par' dir='ltr' id='par_1_55' title="bbox 1958 2425 3538 2495">
     <span class='ocr_line' id='line_1_55' title="bbox 1958 2425 3538 2495; baseline 0.005 -17"><span class='ocrx_word' id='word_1_405' title='bbox 1958 2425 2352 2495; x_wconf 86' lang='lat' dir='ltr'><strong>provehantur,</strong></span> <span class='ocrx_word' id='word_1_406' title='bbox 2383 2426 2578 2494; x_wconf 89' lang='lat' dir='ltr'><strong>quibus</strong></span> <span class='ocrx_word' id='word_1_407' title='bbox 2600 2427 2651 2481; x_wconf 90' lang='lat' dir='ltr'><strong>id</strong></span> <span class='ocrx_word' id='word_1_408' title='bbox 2683 2428 2864 2482; x_wconf 89' lang='lat' dir='ltr'><strong>studio</strong></span> <span class='ocrx_word' id='word_1_409' title='bbox 2901 2438 2958 2484; x_wconf 90' lang='lat' dir='ltr'><strong>et</strong></span> <span class='ocrx_word' id='word_1_410' title='bbox 2982 2443 3127 2484; x_wconf 72' lang='lat' dir='ltr'><strong>curze</strong></span> <span class='ocrx_word' id='word_1_411' title='bbox 3158 2429 3341 2486; x_wconf 85' lang='lat' dir='ltr'><strong>fuerit.</strong></span> <span class='ocrx_word' id='word_1_412' title='bbox 3373 2430 3538 2486; x_wconf 84' lang='lat' dir='ltr'><strong>Nobis</strong></span> 
     </span>
    </p>
   </div>
   <div class='ocr_carea' id='block_1_56' title="bbox 1958 2517 3537 2591">
    <p class='ocr_par' dir='ltr' id='par_1_56' title="bbox 1958 2517 3537 2591">
     <span class='ocr_line' id='line_1_56' title="bbox 1958 2517 3537 2591; baseline 0.004 -20"><span class='ocrx_word' id='word_1_413' title='bbox 1958 2517 2168 2586; x_wconf 80' lang='lat' dir='ltr'><strong>utique,</strong></span> <span class='ocrx_word' id='word_1_414' title='bbox 2199 2518 2291 2587; x_wconf 91' lang='lat' dir='ltr'><strong>qui</strong></span> <span class='ocrx_word' id='word_1_415' title='bbox 2319 2526 2478 2572; x_wconf 83' lang='lat' dir='ltr'><strong>terrae</strong></span> <span class='ocrx_word' id='word_1_416' title='bbox 2501 2518 2730 2573; x_wconf 81' lang='lat' dir='ltr'><strong>vinculis</strong></span> <span class='ocrx_word' id='word_1_417' title='bbox 2761 2521 2966 2576; x_wconf 84' lang='lat' dir='ltr'><strong>astricti</strong></span> <span class='ocrx_word' id='word_1_418' title='bbox 2995 2530 3237 2578; x_wconf 91' lang='lat' dir='ltr'><strong>tenemur</strong></span> <span class='ocrx_word' id='word_1_419' title='bbox 3265 2523 3334 2591; x_wconf 84' lang='grc'><strong>⁵⁷,</strong></span> <span class='ocrx_word' id='word_1_420' title='bbox 3363 2533 3420 2578; x_wconf 86' lang='grc' dir='ltr'><strong>ιιι</strong></span> <span class='ocrx_word' id='word_1_421' title='bbox 3444 2523 3537 2580; x_wconf 81' lang='lat' dir='ltr'><strong>Je-</strong></span> 
     </span>
    </p>
   </div>
   <div class='ocr_carea' id='block_1_57' title="bbox 1959 2609 3538 2686">
    <p class='ocr_par' dir='ltr' id='par_1_57' title="bbox 1959 2609 3538 2686">
     <span class='ocr_line' id='line_1_57' title="bbox 1959 2609 3538 2686; baseline 0.006 -24"><span class='ocrx_word' id='word_1_422' title='bbox 1959 2609 2142 2665; x_wconf 76' lang='lat' dir='ltr'><strong>remiae</strong></span> <span class='ocrx_word' id='word_1_423' title='bbox 2179 2609 2360 2665; x_wconf 84' lang='lat' dir='ltr'><strong>verbis</strong></span> <span class='ocrx_word' id='word_1_424' title='bbox 2391 2620 2531 2676; x_wconf 88' lang='lat' dir='ltr'><strong>utar,</strong></span> <span class='ocrx_word' id='word_1_425' title='bbox 2558 2627 2851 2682; x_wconf 84' lang='lat' dir='ltr'><strong>crassaque</strong></span> <span class='ocrx_word' id='word_1_426' title='bbox 2882 2615 2982 2669; x_wconf 86' lang='lat' dir='ltr'><strong>bac</strong></span> <span class='ocrx_word' id='word_1_427' title='bbox 3013 2630 3181 2670; x_wconf 87' lang='lat' dir='ltr'><strong>carne</strong></span> <span class='ocrx_word' id='word_1_428' title='bbox 3210 2616 3538 2686; x_wconf 80' lang='lat' dir='ltr'><strong>obtegimur,</strong></span> 
     </span>
    </p>
   </div>
   <div class='ocr_carea' id='block_1_58' title="bbox 1964 2701 3540 2775">
    <p class='ocr_par' dir='ltr' id='par_1_58' title="bbox 1964 2701 3540 2775">
     <span class='ocr_line' id='line_1_58' title="bbox 1964 2701 3540 2775; baseline 0.007 -21"><span class='ocrx_word' id='word_1_429' title='bbox 1964 2701 2068 2755; x_wconf 92' lang='lat' dir='ltr'><strong>boc</strong></span> <span class='ocrx_word' id='word_1_430' title='bbox 2093 2703 2436 2772; x_wconf 87' lang='lat' dir='ltr'><strong>perspicuum</strong></span> <span class='ocrx_word' id='word_1_431' title='bbox 2477 2712 2585 2771; x_wconf 88' lang='lat' dir='ltr'><strong>est,</strong></span> <span class='ocrx_word' id='word_1_432' title='bbox 2623 2705 2764 2773; x_wconf 90' lang='lat' dir='ltr'><strong>quod</strong></span> <span class='ocrx_word' id='word_1_433' title='bbox 2799 2709 3248 2775; x_wconf 87' lang='lat' dir='ltr'><strong>quemadmodum</strong></span> <span class='ocrx_word' id='word_1_434' title='bbox 3278 2709 3422 2764; x_wconf 87' lang='lat' dir='ltr'><strong>nulla</strong></span> <span class='ocrx_word' id='word_1_435' title='bbox 3452 2725 3540 2765; x_wconf 84' lang='lat' dir='ltr'><strong>ra-</strong></span> 
     </span>
    </p>
   </div>
   <div class='ocr_carea' id='block_1_59' title="bbox 1961 2790 3540 2872">
    <p class='ocr_par' dir='ltr' id='par_1_59' title="bbox 1961 2790 3540 2872">
     <span class='ocr_line' id='line_1_59' title="bbox 1961 2790 3540 2872; baseline 0.009 -28"><span class='ocrx_word' id='word_1_436' title='bbox 1961 2790 2106 2845; x_wconf 90' lang='lat' dir='ltr'><strong>tione</strong></span> <span class='ocrx_word' id='word_1_437' title='bbox 2133 2791 2248 2847; x_wconf 83' lang='lat' dir='ltr'><strong>ﬁeri</strong></span> <span class='ocrx_word' id='word_1_438' title='bbox 2278 2793 2438 2864; x_wconf 83' lang='lat'><strong>505</strong></span> <span class='ocrx_word' id='word_1_439' title='bbox 2459 2804 2655 2864; x_wconf 85' lang='lat' dir='ltr'><strong>potest,</strong></span> <span class='ocrx_word' id='word_1_440' title='bbox 2679 2805 2736 2850; x_wconf 90' lang='lat' dir='ltr'><strong>ut</strong></span> <span class='ocrx_word' id='word_1_441' title='bbox 2757 2798 3046 2866; x_wconf 84' lang='lat' dir='ltr'><strong>quispiam,</strong></span> <span class='ocrx_word' id='word_1_442' title='bbox 3071 2801 3368 2870; x_wconf 87' lang='lat' dir='ltr'><strong>quamlibet</strong></span> <span class='ocrx_word' id='word_1_443' title='bbox 3387 2817 3540 2872; x_wconf 86' lang='lat' dir='ltr'><strong>gres-</strong></span> 
     </span>
    </p>
   </div>
   <div class='ocr_carea' id='block_1_60' title="bbox 1959 2885 3539 2960">
    <p class='ocr_par' dir='ltr' id='par_1_60' title="bbox 1959 2885 3539 2960">
     <span class='ocr_line' id='line_1_60' title="bbox 1959 2885 3539 2960; baseline 0.007 -24"><span class='ocrx_word' id='word_1_444' title='bbox 1959 2897 2080 2936; x_wconf 89' lang='lat' dir='ltr'><strong>sum</strong></span> <span class='ocrx_word' id='word_1_445' title='bbox 2137 2893 2352 2952; x_wconf 88' lang='lat' dir='ltr'><strong>urgeat,</strong></span> <span class='ocrx_word' id='word_1_446' title='bbox 2413 2885 2660 2940; x_wconf 87' lang='lat' dir='ltr'><strong>umbram</strong></span> <span class='ocrx_word' id='word_1_447' title='bbox 2712 2901 2863 2942; x_wconf 87' lang='lat' dir='ltr'><strong>suam</strong></span> <span class='ocrx_word' id='word_1_448' title='bbox 2910 2898 3194 2958; x_wconf 73' lang='lat' dir='ltr'><strong>pmtereat</strong></span> <span class='ocrx_word' id='word_1_449' title='bbox 3226 2893 3244 2960; x_wconf 92' lang='lat'><strong>(</strong></span> <span class='ocrx_word' id='word_1_450' title='bbox 3277 2900 3539 2960; x_wconf 86' lang='lat' dir='ltr'><strong>quantum</strong></span> 
     </span>
    </p>
   </div>
   <div class='ocr_carea' id='block_1_61' title="bbox 1960 2973 3541 3049">
    <p class='ocr_par' dir='ltr' id='par_1_61' title="bbox 1960 2973 3541 3049">
     <span class='ocr_line' id='line_1_61' title="bbox 1960 2973 3541 3049; baseline 0.004 -23"><span class='ocrx_word' id='word_1_451' title='bbox 1960 2973 2104 3026; x_wconf 89' lang='lat' dir='ltr'><strong>enim</strong></span> <span class='ocrx_word' id='word_1_452' title='bbox 2133 2988 2252 3029; x_wconf 88' lang='lat' dir='ltr'><strong>eam</strong></span> <span class='ocrx_word' id='word_1_453' title='bbox 2277 2976 2604 3045; x_wconf 88' lang='lat' dir='ltr'><strong>assequeris,</strong></span> <span class='ocrx_word' id='word_1_454' title='bbox 2654 2985 2858 3031; x_wconf 89' lang='lat' dir='ltr'><strong>tantum</strong></span> <span class='ocrx_word' id='word_1_455' title='bbox 2885 2977 3046 3032; x_wconf 90' lang='lat' dir='ltr'><strong>etiam</strong></span> <span class='ocrx_word' id='word_1_456' title='bbox 3075 2979 3164 3034; x_wconf 87' lang='lat' dir='ltr'><strong>illa</strong></span> <span class='ocrx_word' id='word_1_457' title='bbox 3195 2994 3410 3049; x_wconf 86' lang='lat' dir='ltr'><strong>semper</strong></span> <span class='ocrx_word' id='word_1_458' title='bbox 3440 2996 3541 3035; x_wconf 87' lang='lat' dir='ltr'><strong>an.</strong></span> 
     </span>
    </p>
   </div>
   <div class='ocr_carea' id='block_1_62' title="bbox 269 3065 3541 3143">
    <p class='ocr_par' dir='ltr' id='par_1_62' title="bbox 269 3065 3541 3143">
     <span class='ocr_line' id='line_1_62' title="bbox 269 3065 3541 3143; baseline 0.001 -18"><span class='ocrx_word' id='word_1_459' title='bbox 269 3070 490 3125; x_wconf 82' lang='lat' dir='ltr'><strong>tevertit</strong></span> <span class='ocrx_word' id='word_1_460' title='bbox 525 3072 580 3141; x_wconf 94' lang='lat'><strong>),</strong></span> <span class='ocrx_word' id='word_1_461' title='bbox 613 3077 708 3125; x_wconf 89' lang='lat' dir='ltr'><strong>aut</strong></span> <span class='ocrx_word' id='word_1_462' title='bbox 732 3069 918 3125; x_wconf 91' lang='lat' dir='ltr'><strong>oculus</strong></span> <span class='ocrx_word' id='word_1_463' title='bbox 949 3069 1111 3124; x_wconf 86' lang='lat' dir='ltr'><strong>rebus</strong></span> <span class='ocrx_word' id='word_1_464' title='bbox 1142 3066 1197 3122; x_wconf 91' lang='lat' dir='ltr'><strong>in</strong></span> <span class='ocrx_word' id='word_1_465' title='bbox 1221 3074 1498 3136; x_wconf 88' lang='lat' dir='ltr'><strong>aspectum</strong></span> <span class='ocrx_word' id='word_1_466' title='bbox 1526 3065 1847 3120; x_wconf 87' lang='lat' dir='ltr'><strong>cadentibus</strong></span> <span class='ocrx_word' id='word_1_467' title='bbox 1883 3065 2020 3122; x_wconf 84' lang='lat' dir='ltr'><strong>citra</strong></span> <span class='ocrx_word' id='word_1_468' title='bbox 2056 3066 2432 3122; x_wconf 89' lang='lat' dir='ltr'><strong>intermediam</strong></span> <span class='ocrx_word' id='word_1_469' title='bbox 2463 3069 2634 3125; x_wconf 88' lang='lat' dir='ltr'><strong>lucem</strong></span> <span class='ocrx_word' id='word_1_470' title='bbox 2667 3078 2721 3124; x_wconf 90' lang='lat' dir='ltr'><strong>et</strong></span> <span class='ocrx_word' id='word_1_471' title='bbox 2781 3084 2960 3124; x_wconf 85' lang='lat' dir='ltr'><strong>aerem</strong></span> <span class='ocrx_word' id='word_1_472' title='bbox 3025 3071 3408 3143; x_wconf 76' lang='lat' dir='ltr'><strong>coniungatur,</strong></span> <span class='ocrx_word' id='word_1_473' title='bbox 3449 3080 3541 3128; x_wconf 88' lang='lat' dir='ltr'><strong>aut</strong></span> 
     </span>
    </p>
   </div>
   <div class='ocr_carea' id='block_1_63' title="bbox 267 3157 3526 3234">
    <p class='ocr_par' dir='ltr' id='par_1_63' title="bbox 267 3157 3526 3234">
     <span class='ocr_line' id='line_1_63' title="bbox 267 3157 3526 3234; baseline 0.002 -20"><span class='ocrx_word' id='word_1_474' title='bbox 267 3161 450 3231; x_wconf 87' lang='lat' dir='ltr'><strong>pisces</strong></span> <span class='ocrx_word' id='word_1_475' title='bbox 486 3173 642 3217; x_wconf 81' lang='lat' dir='ltr'><strong>extra</strong></span> <span class='ocrx_word' id='word_1_476' title='bbox 677 3176 847 3231; x_wconf 89' lang='lat' dir='ltr'><strong>aquas</strong></span> <span class='ocrx_word' id='word_1_477' title='bbox 867 3169 1087 3226; x_wconf 83' lang='lat' dir='ltr'><strong>natent;</strong></span> <span class='ocrx_word' id='word_1_478' title='bbox 1127 3159 1199 3214; x_wconf 87' lang='lat' dir='ltr'><strong>ita</strong></span> <span class='ocrx_word' id='word_1_479' title='bbox 1219 3159 1381 3214; x_wconf 88' lang='lat' dir='ltr'><strong>etiam</strong></span> <span class='ocrx_word' id='word_1_480' title='bbox 1406 3157 1734 3228; x_wconf 89' lang='lat' dir='ltr'><strong>impossibile</strong></span> <span class='ocrx_word' id='word_1_481' title='bbox 1798 3167 1883 3214; x_wconf 86' lang='lat' dir='ltr'><strong>est</strong></span> <span class='ocrx_word' id='word_1_482' title='bbox 1918 3158 2005 3224; x_wconf 89' lang='lat' dir='ltr'><strong>iis,</strong></span> <span class='ocrx_word' id='word_1_483' title='bbox 2069 3160 2159 3229; x_wconf 88' lang='lat' dir='ltr'><strong>qui</strong></span> <span class='ocrx_word' id='word_1_484' title='bbox 2194 3161 2511 3230; x_wconf 88' lang='lat' dir='ltr'><strong>corporibus</strong></span> <span class='ocrx_word' id='word_1_485' title='bbox 2544 3161 2734 3217; x_wconf 89' lang='lat' dir='ltr'><strong>inclusi</strong></span> <span class='ocrx_word' id='word_1_486' title='bbox 2785 3172 2933 3228; x_wconf 90' lang='lat' dir='ltr'><strong>sunt,</strong></span> <span class='ocrx_word' id='word_1_487' title='bbox 2980 3163 3097 3219; x_wconf 91' lang='lat' dir='ltr'><strong>sine</strong></span> <span class='ocrx_word' id='word_1_488' title='bbox 3139 3179 3526 3234; x_wconf 86' lang='lat' dir='ltr'><strong>corporearum</strong></span> 
     </span>
    </p>
   </div>
   <div class='ocr_carea' id='block_1_64' title="bbox 270 3249 3539 3326">
    <p class='ocr_par' dir='ltr' id='par_1_64' title="bbox 270 3249 3539 3326">
     <span class='ocr_line' id='line_1_64' title="bbox 270 3249 3539 3326; baseline -0.001 -15"><span class='ocrx_word' id='word_1_489' title='bbox 270 3260 341 3311; x_wconf 68' lang='lat' dir='ltr'><strong>ac</strong></span> <span class='ocrx_word' id='word_1_490' title='bbox 371 3253 703 3312; x_wconf 89' lang='lat' dir='ltr'><strong>sensibilium</strong></span> <span class='ocrx_word' id='word_1_491' title='bbox 755 3268 935 3309; x_wconf 89' lang='lat' dir='ltr'><strong>rerum</strong></span> <span class='ocrx_word' id='word_1_492' title='bbox 980 3251 1329 3318; x_wconf 88' lang='lat' dir='ltr'><strong>adminiculo,</strong></span> <span class='ocrx_word' id='word_1_493' title='bbox 1378 3251 1542 3306; x_wconf 90' lang='lat' dir='ltr'><strong>rebus</strong></span> <span class='ocrx_word' id='word_1_494' title='bbox 1591 3251 1676 3317; x_wconf 90' lang='lat' dir='ltr'><strong>iis,</strong></span> <span class='ocrx_word' id='word_1_495' title='bbox 1729 3249 1849 3320; x_wconf 64' lang='lat' dir='ltr'><strong>quae</strong></span> <span class='ocrx_word' id='word_1_496' title='bbox 1923 3253 2104 3307; x_wconf 89' lang='lat' dir='ltr'><strong>animo</strong></span> <span class='ocrx_word' id='word_1_497' title='bbox 2175 3269 2238 3309; x_wconf 91' lang='lat' dir='ltr'><strong>ac</strong></span> <span class='ocrx_word' id='word_1_498' title='bbox 2287 3254 2497 3309; x_wconf 88' lang='lat' dir='ltr'><strong>ratione</strong></span> <span class='ocrx_word' id='word_1_499' title='bbox 2555 3255 2944 3326; x_wconf 86' lang='lat' dir='ltr'><strong>intelliguntur,</strong></span> <span class='ocrx_word' id='word_1_500' title='bbox 2993 3258 3215 3315; x_wconf 90' lang='lat' dir='ltr'><strong>omnino</strong></span> <span class='ocrx_word' id='word_1_501' title='bbox 3266 3258 3539 3326; x_wconf 81' lang='lat' dir='ltr'><strong>conjungi.</strong></span> 
     </span>
    </p>
   </div>
   <div class='ocr_carea' id='block_1_65' title="bbox 269 3339 3540 3416">
    <p class='ocr_par' dir='ltr' id='par_1_65' title="bbox 269 3339 3540 3416">
     <span class='ocr_line' id='line_1_65' title="bbox 269 3339 3540 3416; baseline 0.001 -14"><span class='ocrx_word' id='word_1_502' title='bbox 269 3347 504 3416; x_wconf 85' lang='lat' dir='ltr'><strong>Semper</strong></span> <span class='ocrx_word' id='word_1_503' title='bbox 535 3344 680 3399; x_wconf 90' lang='lat' dir='ltr'><strong>enim</strong></span> <span class='ocrx_word' id='word_1_504' title='bbox 710 3343 886 3397; x_wconf 91' lang='lat' dir='ltr'><strong>obiter</strong></span> <span class='ocrx_word' id='word_1_505' title='bbox 911 3339 1168 3396; x_wconf 84' lang='lat' dir='ltr'><strong>sensibile</strong></span> <span class='ocrx_word' id='word_1_506' title='bbox 1197 3339 1396 3409; x_wconf 90' lang='lat' dir='ltr'><strong>aliquid</strong></span> <span class='ocrx_word' id='word_1_507' title='bbox 1423 3355 1600 3394; x_wconf 90' lang='lat' dir='ltr'><strong>rerum</strong></span> <span class='ocrx_word' id='word_1_508' title='bbox 1626 3348 1934 3395; x_wconf 86' lang='lat' dir='ltr'><strong>nostrarum</strong></span> <span class='ocrx_word' id='word_1_509' title='bbox 1965 3341 2180 3407; x_wconf 87' lang='lat' dir='ltr'><strong>incidit,</strong></span> <span class='ocrx_word' id='word_1_510' title='bbox 2239 3345 2585 3413; x_wconf 83' lang='lat' dir='ltr'><strong>quantumvis</strong></span> <span class='ocrx_word' id='word_1_511' title='bbox 2648 3346 2881 3400; x_wconf 81' lang='lat' dir='ltr'><strong>maxime</strong></span> <span class='ocrx_word' id='word_1_512' title='bbox 2914 3355 3096 3401; x_wconf 90' lang='lat' dir='ltr'><strong>nostra</strong></span> <span class='ocrx_word' id='word_1_513' title='bbox 3140 3361 3290 3403; x_wconf 89' lang='lat' dir='ltr'><strong>mens</strong></span> <span class='ocrx_word' id='word_1_514' title='bbox 3351 3349 3421 3403; x_wconf 85' lang='lat' dir='ltr'><strong>ab</strong></span> <span class='ocrx_word' id='word_1_515' title='bbox 3470 3349 3540 3404; x_wconf 90' lang='lat' dir='ltr'><strong>iis</strong></span> 
     </span>
    </p>
   </div>
   <div class='ocr_carea' id='block_1_66' title="bbox 269 3431 3540 3508">
    <p class='ocr_par' dir='ltr' id='par_1_66' title="bbox 269 3431 3540 3508">
     <span class='ocr_line' id='line_1_66' title="bbox 269 3431 3540 3508; baseline 0.002 -18"><span class='ocrx_word' id='word_1_516' title='bbox 269 3439 463 3501; x_wconf 87' lang='lat' dir='ltr'><strong>rebus,</strong></span> <span class='ocrx_word' id='word_1_517' title='bbox 497 3450 617 3508; x_wconf 70' lang='lat' dir='ltr'><strong>quae</strong></span> <span class='ocrx_word' id='word_1_518' title='bbox 641 3437 695 3491; x_wconf 90' lang='lat' dir='ltr'><strong>in</strong></span> <span class='ocrx_word' id='word_1_519' title='bbox 721 3444 998 3503; x_wconf 79' lang='lat' dir='ltr'><strong>aSpectum</strong></span> <span class='ocrx_word' id='word_1_520' title='bbox 1031 3433 1256 3497; x_wconf 89' lang='lat' dir='ltr'><strong>cadunt,</strong></span> <span class='ocrx_word' id='word_1_521' title='bbox 1286 3433 1580 3497; x_wconf 86' lang='lat' dir='ltr'><strong>abstracta,</strong></span> <span class='ocrx_word' id='word_1_522' title='bbox 1606 3431 1842 3500; x_wconf 86' lang='lat' dir='ltr'><strong>atquein</strong></span> <span class='ocrx_word' id='word_1_523' title='bbox 1881 3433 2111 3502; x_wconf 89' lang='lat' dir='ltr'><strong>seipsam</strong></span> <span class='ocrx_word' id='word_1_524' title='bbox 2173 3434 2421 3498; x_wconf 88' lang='lat' dir='ltr'><strong>collecta,</strong></span> <span class='ocrx_word' id='word_1_525' title='bbox 2472 3449 2560 3490; x_wconf 88' lang='lat' dir='ltr'><strong>res</strong></span> <span class='ocrx_word' id='word_1_526' title='bbox 2625 3446 2918 3505; x_wconf 86' lang='lat' dir='ltr'><strong>cognatas,</strong></span> <span class='ocrx_word' id='word_1_527' title='bbox 2954 3445 3011 3492; x_wconf 87' lang='lat' dir='ltr'><strong>et</strong></span> <span class='ocrx_word' id='word_1_528' title='bbox 3048 3437 3328 3494; x_wconf 90' lang='lat' dir='ltr'><strong>oculorum</strong></span> <span class='ocrx_word' id='word_1_529' title='bbox 3367 3441 3540 3496; x_wconf 87' lang='lat' dir='ltr'><strong>aciem</strong></span> 
     </span>
    </p>
   </div>
   <div class='ocr_carea' id='block_1_67' title="bbox 272 3524 3152 3602">
    <p class='ocr_par' dir='ltr' id='par_1_67' title="bbox 272 3524 3152 3602">
     <span class='ocr_line' id='line_1_67' title="bbox 272 3524 3152 3602; baseline -0.001 -16"><span class='ocrx_word' id='word_1_530' title='bbox 272 3532 547 3602; x_wconf 78' lang='lat' dir='ltr'><strong>fugientes</strong></span> <span class='ocrx_word' id='word_1_531' title='bbox 592 3527 810 3598; x_wconf 84' lang='lat' dir='ltr'><strong>assequi</strong></span> <span class='ocrx_word' id='word_1_532' title='bbox 863 3542 926 3581; x_wconf 86' lang='lat' dir='ltr'><strong>ac</strong></span> <span class='ocrx_word' id='word_1_533' title='bbox 968 3525 1246 3596; x_wconf 89' lang='lat' dir='ltr'><strong>percipere</strong></span> <span class='ocrx_word' id='word_1_534' title='bbox 1297 3524 1660 3579; x_wconf 88' lang='lat' dir='ltr'><strong>contenderit.</strong></span> <span class='ocrx_word' id='word_1_535' title='bbox 1701 3525 1858 3590; x_wconf 85' lang='lat' dir='ltr'><strong>Quod</strong></span> <span class='ocrx_word' id='word_1_536' title='bbox 1896 3527 2110 3596; x_wconf 89' lang='lat' dir='ltr'><strong>quidem</strong></span> <span class='ocrx_word' id='word_1_537' title='bbox 2144 3527 2215 3581; x_wconf 88' lang='lat' dir='ltr'><strong>ita</strong></span> <span class='ocrx_word' id='word_1_538' title='bbox 2249 3527 2343 3582; x_wconf 91' lang='lat' dir='ltr'><strong>tibi</strong></span> <span class='ocrx_word' id='word_1_539' title='bbox 2375 3527 2577 3581; x_wconf 89' lang='lat' dir='ltr'><strong>clarum</strong></span> <span class='ocrx_word' id='word_1_540' title='bbox 2611 3542 2674 3583; x_wconf 91' lang='lat' dir='ltr'><strong>ac</strong></span> <span class='ocrx_word' id='word_1_541' title='bbox 2706 3527 2997 3585; x_wconf 88' lang='lat' dir='ltr'><strong>dilucidum</strong></span> <span class='ocrx_word' id='word_1_542' title='bbox 3029 3530 3152 3587; x_wconf 88' lang='lat' dir='ltr'><strong>erit.</strong></span> 
     </span>
    </p>
   </div>
   <div class='ocr_carea' id='block_1_68' title="bbox 345 3618 1855 3693">
    <p class='ocr_par' dir='ltr' id='par_1_68' title="bbox 345 3618 1855 3693">
     <span class='ocr_line' id='line_1_68' title="bbox 345 3618 1855 3693; baseline -0.005 -15"><span class='ocrx_word' id='word_1_543' title='bbox 345 3626 446 3681; x_wconf 81' lang='lat' dir='ltr'><strong>Il&quot;.</strong></span> <span class='ocrx_word' id='word_1_544' title='bbox 473 3625 551 3678; x_wconf 85' lang='grc' dir='ltr'><strong>Οὐ</strong></span> <span class='ocrx_word' id='word_1_545' title='bbox 582 3623 822 3693; x_wconf 88' lang='grc' dir='ltr'>πνεῦμα,</span> <span class='ocrx_word' id='word_1_546' title='bbox 868 3621 964 3676; x_wconf 80' lang='grc' dir='ltr'><strong>καὶ</strong></span> <span class='ocrx_word' id='word_1_547' title='bbox 988 3619 1119 3691; x_wconf 89' lang='grc' dir='ltr'>πῦρ,</span> <span class='ocrx_word' id='word_1_548' title='bbox 1155 3621 1249 3673; x_wconf 73' lang='grc' dir='ltr'><strong>καὶ</strong></span> <span class='ocrx_word' id='word_1_549' title='bbox 1287 3619 1422 3688; x_wconf 83' lang='grc' dir='ltr'>φῶς,</span> <span class='ocrx_word' id='word_1_550' title='bbox 1451 3618 1640 3690; x_wconf 85' lang='grc' dir='ltr'>ἀγάπη</span> <span class='ocrx_word' id='word_1_551' title='bbox 1675 3635 1734 3672; x_wconf 90' lang='grc' dir='ltr'><strong>τε</strong></span> <span class='ocrx_word' id='word_1_552' title='bbox 1769 3619 1855 3672; x_wconf 69' lang='grc' dir='ltr'>κα)</span> 
     </span>
    </p>
   </div>
   <div class='ocr_carea' id='block_1_69' title="bbox 1959 3618 3541 3693">
    <p class='ocr_par' dir='ltr' id='par_1_69' title="bbox 2035 3619 3541 3692">
     <span class='ocr_line' id='line_1_69' title="bbox 2035 3619 3541 3692; baseline 0.005 -17"><span class='ocrx_word' id='word_1_553' title='bbox 2035 3619 2172 3675; x_wconf 74' lang='lat' dir='ltr'><strong>XIII.</strong></span> <span class='ocrx_word' id='word_1_554' title='bbox 2203 3621 2394 3675; x_wconf 83' lang='lat' dir='ltr'><strong>Nonne</strong></span> <span class='ocrx_word' id='word_1_555' title='bbox 2428 3621 2674 3690; x_wconf 74' lang='lat' dir='ltr'><strong>spiritus,</strong></span> <span class='ocrx_word' id='word_1_556' title='bbox 2719 3630 2774 3677; x_wconf 87' lang='lat' dir='ltr'><strong>et</strong></span> <span class='ocrx_word' id='word_1_557' title='bbox 2815 3621 2979 3692; x_wconf 78' lang='lat' dir='ltr'><strong>ignis,</strong></span> <span class='ocrx_word' id='word_1_558' title='bbox 3011 3631 3065 3678; x_wconf 91' lang='lat' dir='ltr'><strong>et</strong></span> <span class='ocrx_word' id='word_1_559' title='bbox 3093 3623 3208 3690; x_wconf 80' lang='lat' dir='ltr'><strong>lux,</strong></span> <span class='ocrx_word' id='word_1_560' title='bbox 3259 3633 3316 3680; x_wconf 89' lang='lat' dir='ltr'><strong>et</strong></span> <span class='ocrx_word' id='word_1_561' title='bbox 3362 3625 3541 3682; x_wconf 82' lang='lat' dir='ltr'><strong>chari-</strong></span> 
     </span>
    </p>
   </div>
   <div class='ocr_carea' id='block_1_70' title="bbox 274 3708 1864 3788">
    <p class='ocr_par' dir='ltr' id='par_1_70' title="bbox 274 3708 1864 3788">
     <span class='ocr_line' id='line_1_70' title="bbox 274 3708 1864 3788; baseline -0.006 -16"><span class='ocrx_word' id='word_1_562' title='bbox 274 3718 460 3788; x_wconf 56' lang='grc' dir='ltr'>σοφία,</span> <span class='ocrx_word' id='word_1_563' title='bbox 489 3715 586 3770; x_wconf 70' lang='grc' dir='ltr'><strong>καὶ</strong></span> <span class='ocrx_word' id='word_1_564' title='bbox 613 3712 954 3782; x_wconf 79' lang='grc' dir='ltr'>δικαιοσύνη,</span> <span class='ocrx_word' id='word_1_565' title='bbox 984 3711 1077 3764; x_wconf 71' lang='grc' dir='ltr'>καὶ</span> <span class='ocrx_word' id='word_1_566' title='bbox 1104 3709 1248 3773; x_wconf 85' lang='grc' dir='ltr'>νοῦς,</span> <span class='ocrx_word' id='word_1_567' title='bbox 1304 3710 1396 3762; x_wconf 71' lang='grc' dir='ltr'>καὶ</span> <span class='ocrx_word' id='word_1_568' title='bbox 1430 3708 1606 3776; x_wconf 87' lang='grc' dir='ltr'>λόγος,</span> <span class='ocrx_word' id='word_1_569' title='bbox 1642 3709 1738 3762; x_wconf 71' lang='grc' dir='ltr'>καὶ</span> <span class='ocrx_word' id='word_1_570' title='bbox 1793 3709 1864 3762; x_wconf 84' lang='grc' dir='ltr'>τὰ</span> 
     </span>
    </p>
   </div>
   <div class='ocr_carea' id='block_1_71' title="bbox 268 3799 1860 3877">
    <p class='ocr_par' dir='ltr' id='par_1_71' title="bbox 268 3799 1860 3877">
     <span class='ocr_line' id='line_1_71' title="bbox 268 3799 1860 3877; baseline -0.008 -14"><span class='ocrx_word' id='word_1_571' title='bbox 268 3808 502 3863; x_wconf 85' lang='grc' dir='ltr'>τοιαῦτα</span> <span class='ocrx_word' id='word_1_572' title='bbox 535 3805 673 3877; x_wconf 88' lang='grc'>(59),</span> <span class='ocrx_word' id='word_1_573' title='bbox 709 3805 768 3857; x_wconf 85' lang='grc' dir='ltr'>αἱ</span> <span class='ocrx_word' id='word_1_574' title='bbox 809 3801 1173 3874; x_wconf 85' lang='grc' dir='ltr'>προσηγορίαι</span> <span class='ocrx_word' id='word_1_575' title='bbox 1205 3802 1303 3872; x_wconf 82' lang='grc' dir='ltr'>τῆς</span> <span class='ocrx_word' id='word_1_576' title='bbox 1345 3799 1568 3871; x_wconf 80' lang='grc' dir='ltr'>πρώτης</span> <span class='ocrx_word' id='word_1_577' title='bbox 1615 3799 1860 3869; x_wconf 54' lang='grc' dir='ltr'>φύσεως</span> 
     </span>
    </p>
   </div>
   <div class='ocr_carea' id='block_1_72' title="bbox 270 3891 1859 3967">
    <p class='ocr_par' dir='ltr' id='par_1_72' title="bbox 270 3891 1859 3967">
     <span class='ocr_line' id='line_1_72' title="bbox 270 3891 1859 3967; baseline -0.009 -10"><span class='ocrx_word' id='word_1_578' title='bbox 270 3905 340 3956; x_wconf 84' lang='grc' dir='ltr'>Τί</span> <span class='ocrx_word' id='word_1_579' title='bbox 374 3896 506 3965; x_wconf 83' lang='grc' dir='ltr'>οῦν;</span> <span class='ocrx_word' id='word_1_580' title='bbox 538 3901 610 3953; x_wconf 84' lang='grc' dir='ltr'><em>Ἢ</em></span> <span class='ocrx_word' id='word_1_581' title='bbox 637 3897 856 3967; x_wconf 84' lang='grc' dir='ltr'>πνεῦμα</span> <span class='ocrx_word' id='word_1_582' title='bbox 885 3897 1098 3966; x_wconf 87' lang='grc' dir='ltr'>νοήσεις</span> <span class='ocrx_word' id='word_1_583' title='bbox 1125 3895 1246 3964; x_wconf 84' lang='grc' dir='ltr'>δίχα</span> <span class='ocrx_word' id='word_1_584' title='bbox 1281 3895 1452 3964; x_wconf 72' lang='grc' dir='ltr'>φορᾶς</span> <span class='ocrx_word' id='word_1_585' title='bbox 1477 3891 1571 3945; x_wconf 71' lang='grc' dir='ltr'><strong>καὶ</strong></span> <span class='ocrx_word' id='word_1_586' title='bbox 1622 3891 1859 3962; x_wconf 81' lang='grc' dir='ltr'>χύσεως;</span> 
     </span>
    </p>
   </div>
   <div class='ocr_carea' id='block_1_73' title="bbox 274 3981 1861 4063">
    <p class='ocr_par' dir='ltr' id='par_1_73' title="bbox 274 3981 1861 4063">
     <span class='ocr_line' id='line_1_73' title="bbox 274 3981 1861 4063; baseline -0.009 -15"><span class='ocrx_word' id='word_1_587' title='bbox 274 3993 351 4047; x_wconf 82' lang='grc' dir='ltr'><strong><em>Ἥ</em></strong></span> <span class='ocrx_word' id='word_1_588' title='bbox 371 3991 488 4063; x_wconf 77' lang='grc' dir='ltr'><strong>πῦρ</strong></span> <span class='ocrx_word' id='word_1_589' title='bbox 516 3989 622 4055; x_wconf 76' lang='grc' dir='ltr'>ἔξω</span> <span class='ocrx_word' id='word_1_590' title='bbox 656 3989 754 4059; x_wconf 77' lang='grc' dir='ltr'>τῆς</span> <span class='ocrx_word' id='word_1_591' title='bbox 788 3987 942 4056; x_wconf 85' lang='grc' dir='ltr'>ῦλης,</span> <span class='ocrx_word' id='word_1_592' title='bbox 975 3985 1068 4038; x_wconf 74' lang='grc' dir='ltr'>καὶ</span> <span class='ocrx_word' id='word_1_593' title='bbox 1110 3985 1210 4052; x_wconf 79' lang='grc' dir='ltr'>τῆς</span> <span class='ocrx_word' id='word_1_594' title='bbox 1235 3985 1347 4039; x_wconf 82' lang='grc' dir='ltr'>ἄνω</span> <span class='ocrx_word' id='word_1_595' title='bbox 1396 3984 1586 4055; x_wconf 75' lang='grc' dir='ltr'>φορᾶς,</span> <span class='ocrx_word' id='word_1_596' title='bbox 1617 3984 1709 4036; x_wconf 77' lang='grc' dir='ltr'><strong>καὶ</strong></span> <span class='ocrx_word' id='word_1_597' title='bbox 1765 3981 1861 4035; x_wconf 83' lang='grc' dir='ltr'><strong>τοῦ</strong></span> 
     </span>
    </p>
   </div>
   <div class='ocr_carea' id='block_1_74' title="bbox 274 4075 1864 4156">
    <p class='ocr_par' dir='ltr' id='par_1_74' title="bbox 274 4075 1864 4156">
     <span class='ocr_line' id='line_1_74' title="bbox 274 4075 1864 4156; baseline -0.007 -16"><span class='ocrx_word' id='word_1_598' title='bbox 274 4085 415 4141; x_wconf 78' lang='grc' dir='ltr'>ιδίου</span> <span class='ocrx_word' id='word_1_599' title='bbox 465 4081 756 4156; x_wconf 80' lang='grc' dir='ltr'>χρώματός</span> <span class='ocrx_word' id='word_1_600' title='bbox 796 4098 856 4134; x_wconf 88' lang='grc' dir='ltr'><strong>τε</strong></span> <span class='ocrx_word' id='word_1_601' title='bbox 899 4079 992 4131; x_wconf 80' lang='grc' dir='ltr'>καὶ</span> <span class='ocrx_word' id='word_1_602' title='bbox 1021 4079 1325 4148; x_wconf 75' lang='grc' dir='ltr'>σχήματο;;</span> <span class='ocrx_word' id='word_1_603' title='bbox 1364 4077 1433 4128; x_wconf 88' lang='grc' dir='ltr'><strong><em>Ἢ</em></strong></span> <span class='ocrx_word' id='word_1_604' title='bbox 1464 4077 1579 4145; x_wconf 75' lang='grc' dir='ltr'><strong>φῶς</strong></span> <span class='ocrx_word' id='word_1_605' title='bbox 1611 4077 1710 4129; x_wconf 75' lang='grc' dir='ltr'><strong>οὐκ</strong></span> <span class='ocrx_word' id='word_1_606' title='bbox 1741 4075 1864 4148; x_wconf 87' lang='grc' dir='ltr'>ἀέρι</span> 
     </span>
    </p>
   </div>
   <div class='ocr_carea' id='block_1_75' title="bbox 275 4165 1864 4246">
    <p class='ocr_par' dir='ltr' id='par_1_75' title="bbox 275 4165 1864 4246">
     <span class='ocr_line' id='line_1_75' title="bbox 275 4165 1864 4246; baseline -0.006 -16"><span class='ocrx_word' id='word_1_607' title='bbox 275 4175 590 4246; x_wconf 74' lang='grc' dir='ltr'>σύγκρατόν</span> <span class='ocrx_word' id='word_1_608' title='bbox 619 4191 679 4226; x_wconf 89' lang='grc' dir='ltr'><strong>τε</strong></span> <span class='ocrx_word' id='word_1_609' title='bbox 715 4173 810 4226; x_wconf 74' lang='grc' dir='ltr'><strong>καὶ</strong></span> <span class='ocrx_word' id='word_1_610' title='bbox 837 4173 1036 4242; x_wconf 77' lang='grc' dir='ltr'>ἄφετον</span> <span class='ocrx_word' id='word_1_611' title='bbox 1074 4170 1167 4224; x_wconf 90' lang='grc' dir='ltr'><strong>τοῦ</strong></span> <span class='ocrx_word' id='word_1_612' title='bbox 1207 4165 1320 4223; x_wconf 84' lang='grc' dir='ltr'>οἷον</span> <span class='ocrx_word' id='word_1_613' title='bbox 1344 4169 1643 4237; x_wconf 76' lang='grc' dir='ltr'>γεννῶντάς</span> <span class='ocrx_word' id='word_1_614' title='bbox 1675 4186 1734 4222; x_wconf 88' lang='grc' dir='ltr'><strong>τε</strong></span> <span class='ocrx_word' id='word_1_615' title='bbox 1768 4169 1864 4222; x_wconf 66' lang='grc' dir='ltr'><strong>καὶ¹</strong></span> 
     </span>
    </p>
   </div>
   <div class='ocr_carea' id='block_1_76' title="bbox 273 4255 1862 4340">
    <p class='ocr_par' dir='ltr' id='par_1_76' title="bbox 273 4255 1862 4340">
     <span class='ocr_line' id='line_1_76' title="bbox 273 4255 1862 4340; baseline -0.004 -18"><span class='ocrx_word' id='word_1_616' title='bbox 273 4269 644 4340; x_wconf 49' lang='grc' dir='ltr'>φωτίζοντος</span> <span class='ocrx_word' id='word_1_617' title='bbox 683 4266 826 4320; x_wconf 85' lang='grc' dir='ltr'>Νοῦν</span> <span class='ocrx_word' id='word_1_618' title='bbox 849 4266 907 4320; x_wconf 81' lang='grc' dir='ltr'><strong>δὲ</strong></span> <span class='ocrx_word' id='word_1_619' title='bbox 939 4264 1098 4329; x_wconf 73' lang='grc' dir='ltr'>τίνας</span> <span class='ocrx_word' id='word_1_620' title='bbox 1145 4261 1236 4332; x_wconf 86' lang='grc' dir='ltr'><strong>Μὴ</strong></span> <span class='ocrx_word' id='word_1_621' title='bbox 1270 4263 1359 4316; x_wconf 79' lang='grc' dir='ltr'><strong>τὸν</strong></span> <span class='ocrx_word' id='word_1_622' title='bbox 1387 4264 1444 4315; x_wconf 82' lang='grc' dir='ltr'><strong>ὲν</strong></span> <span class='ocrx_word' id='word_1_623' title='bbox 1470 4261 1638 4333; x_wconf 74' lang='grc' dir='ltr'>ἄλλῳ,</span> <span class='ocrx_word' id='word_1_624' title='bbox 1675 4263 1770 4316; x_wconf 73' lang='grc' dir='ltr'><strong>καὶ</strong></span> <span class='ocrx_word' id='word_1_625' title='bbox 1803 4255 1862 4316; x_wconf 70' lang='grc' dir='ltr'>οὗ</span> 
     </span>
    </p>
   </div>
   <div class='ocr_carea' id='block_1_77' title="bbox 273 4352 1861 4434">
    <p class='ocr_par' dir='ltr' id='par_1_77' title="bbox 273 4352 1861 4434">
     <span class='ocr_line' id='line_1_77' title="bbox 273 4352 1861 4434; baseline -0.007 -18"><span class='ocrx_word' id='word_1_626' title='bbox 273 4363 558 4434; x_wconf 64' lang='grc' dir='ltr'>κιθὴματα</span> <span class='ocrx_word' id='word_1_627' title='bbox 593 4360 664 4413; x_wconf 82' lang='grc' dir='ltr'>τὰ</span> <span class='ocrx_word' id='word_1_628' title='bbox 715 4359 1078 4428; x_wconf 74' lang='grc' dir='ltr'>διανοήματα,</span> <span class='ocrx_word' id='word_1_629' title='bbox 1124 4353 1454 4427; x_wconf 72' lang='grc' dir='ltr'>ἠρεμοῦντα,</span> <span class='ocrx_word' id='word_1_630' title='bbox 1487 4354 1519 4424; x_wconf 85' lang='grc' dir='ltr'>ἢ</span> <span class='ocrx_word' id='word_1_631' title='bbox 1557 4352 1861 4425; x_wconf 78' lang='grc' dir='ltr'>προϐαλλό-</span> 
     </span>
    </p>
   </div>
   <div class='ocr_carea' id='block_1_78' title="bbox 273 4443 1859 4525">
    <p class='ocr_par' dir='ltr' id='par_1_78' title="bbox 273 4443 1859 4525">
     <span class='ocr_line' id='line_1_78' title="bbox 273 4443 1859 4525; baseline -0.009 -19"><span class='ocrx_word' id='word_1_632' title='bbox 273 4471 420 4525; x_wconf 84' lang='grc' dir='ltr'>μενα</span> <span class='ocrx_word' id='word_1_633' title='bbox 445 4469 462 4518; x_wconf 83' lang='lat'><strong>;</strong></span> <span class='ocrx_word' id='word_1_634' title='bbox 487 4452 659 4520; x_wconf 83' lang='grc' dir='ltr'>Λόγον</span> <span class='ocrx_word' id='word_1_635' title='bbox 689 4450 744 4503; x_wconf 82' lang='grc' dir='ltr'>δὲ</span> <span class='ocrx_word' id='word_1_636' title='bbox 769 4448 889 4501; x_wconf 85' lang='grc' dir='ltr'>τίνα</span> <span class='ocrx_word' id='word_1_637' title='bbox 921 4445 1074 4518; x_wconf 79' lang='grc' dir='ltr'>παρὰ</span> <span class='ocrx_word' id='word_1_638' title='bbox 1114 4445 1206 4498; x_wconf 79' lang='grc' dir='ltr'><strong>τὸν</strong></span> <span class='ocrx_word' id='word_1_639' title='bbox 1230 4443 1574 4519; x_wconf 81' lang='grc' dir='ltr'>ἡσυχάζοντα</span> <span class='ocrx_word' id='word_1_640' title='bbox 1607 4445 1664 4495; x_wconf 81' lang='grc' dir='ltr'><strong>ἐν</strong></span> <span class='ocrx_word' id='word_1_641' title='bbox 1705 4444 1859 4512; x_wconf 81' lang='grc' dir='ltr'>ἡμῖν,</span> 
     </span>
    </p>
   </div>
   <div class='ocr_carea' id='block_1_79' title="bbox 271 4531 1864 4617">
    <p class='ocr_par' dir='ltr' id='par_1_79' title="bbox 271 4531 1864 4617">
     <span class='ocr_line' id='line_1_79' title="bbox 271 4531 1864 4617; baseline -0.01 -18"><span class='ocrx_word' id='word_1_642' title='bbox 271 4547 310 4617; x_wconf 81' lang='grc' dir='ltr'><strong>ἢ</strong></span> <span class='ocrx_word' id='word_1_643' title='bbox 342 4546 632 4616; x_wconf 82' lang='grc' dir='ltr'>χεόμενον;</span> <span class='ocrx_word' id='word_1_644' title='bbox 670 4541 816 4596; x_wconf 83' lang='grc' dir='ltr'><strong>ὀκνῶ</strong></span> <span class='ocrx_word' id='word_1_645' title='bbox 864 4540 974 4610; x_wconf 83' lang='grc' dir='ltr'><strong>γὰρ</strong></span> <span class='ocrx_word' id='word_1_646' title='bbox 1007 4539 1203 4601; x_wconf 86' lang='grc' dir='ltr'>εἰπεῖν,</span> <span class='ocrx_word' id='word_1_647' title='bbox 1250 4535 1532 4606; x_wconf 86' lang='grc' dir='ltr'>λυόμενον.</span> <span class='ocrx_word' id='word_1_648' title='bbox 1572 4534 1636 4585; x_wconf 84' lang='grc' dir='ltr'>Εἰ</span> <span class='ocrx_word' id='word_1_649' title='bbox 1678 4533 1736 4584; x_wconf 78' lang='grc' dir='ltr'>δὲ</span> <span class='ocrx_word' id='word_1_650' title='bbox 1767 4531 1864 4584; x_wconf 71' lang='grc' dir='ltr'><strong>καὶ</strong></span> 
     </span>
    </p>
   </div>
   <div class='ocr_carea' id='block_1_80' title="bbox 273 4623 1920 4706">
    <p class='ocr_par' dir='ltr' id='par_1_80' title="bbox 273 4623 1920 4706">
     <span class='ocr_line' id='line_1_80' title="bbox 273 4623 1920 4706; baseline -0.009 -16"><span class='ocrx_word' id='word_1_651' title='bbox 273 4637 493 4706; x_wconf 67' lang='grc' dir='ltr'>σοφίαν,</span> <span class='ocrx_word' id='word_1_652' title='bbox 534 4634 656 4688; x_wconf 87' lang='grc' dir='ltr'>τίνα</span> <span class='ocrx_word' id='word_1_653' title='bbox 688 4633 840 4704; x_wconf 76' lang='grc' dir='ltr'>παρὰ</span> <span class='ocrx_word' id='word_1_654' title='bbox 870 4631 969 4703; x_wconf 79' lang='grc' dir='ltr'><strong>τὴν</strong></span> <span class='ocrx_word' id='word_1_655' title='bbox 999 4631 1136 4697; x_wconf 71' lang='grc' dir='ltr'>ἕξιν,</span> <span class='ocrx_word' id='word_1_656' title='bbox 1175 4629 1270 4682; x_wconf 68' lang='grc' dir='ltr'><strong>κει.)¹</strong></span> <span class='ocrx_word' id='word_1_657' title='bbox 1295 4626 1393 4698; x_wconf 81' lang='grc' dir='ltr'>τὴν</span> <span class='ocrx_word' id='word_1_658' title='bbox 1426 4627 1485 4679; x_wconf 82' lang='grc' dir='ltr'>ὲν</span> <span class='ocrx_word' id='word_1_659' title='bbox 1509 4627 1621 4688; x_wconf 87' lang='grc' dir='ltr'>τοῖς</span> <span class='ocrx_word' id='word_1_660' title='bbox 1655 4623 1865 4694; x_wconf 82' lang='grc' dir='ltr'>Θεωρή-</span> <span class='ocrx_word' id='word_1_661' title='bbox 1917 4685 1920 4688; x_wconf 96' lang='lat'><em>_</em></span> 
     </span>
    </p>
   </div>
   <div class='ocr_carea' id='block_1_81' title="bbox 277 4717 1866 4801">
    <p class='ocr_par' dir='ltr' id='par_1_81' title="bbox 277 4717 1866 4801">
     <span class='ocr_line' id='line_1_81' title="bbox 277 4717 1866 4801; baseline -0.009 -18"><span class='ocrx_word' id='word_1_662' title='bbox 277 4717 452 4801; x_wconf 79' lang='grc' dir='ltr'>μασιν</span> <span class='ocrx_word' id='word_1_663' title='bbox 471 4727 580 4797; x_wconf 86' lang='grc'>(60)</span> <span class='ocrx_word' id='word_1_664' title='bbox 601 4725 710 4778; x_wconf 80' lang='grc' dir='ltr'>εἴτε</span> <span class='ocrx_word' id='word_1_665' title='bbox 741 4725 926 4790; x_wconf 83' lang='grc' dir='ltr'>Θείοις,</span> <span class='ocrx_word' id='word_1_666' title='bbox 963 4723 1071 4776; x_wconf 81' lang='grc' dir='ltr'>εἴτε</span> <span class='ocrx_word' id='word_1_667' title='bbox 1106 4721 1201 4774; x_wconf 74' lang='grc' dir='ltr'><strong>καὶ</strong></span> <span class='ocrx_word' id='word_1_668' title='bbox 1223 4717 1622 4790; x_wconf 81' lang='grc' dir='ltr'>ἀνθρωπίνοις;</span> <span class='ocrx_word' id='word_1_669' title='bbox 1650 4717 1866 4768; x_wconf 85' lang='grc' dir='ltr'>Δικαιο-</span> 
     </span>
    </p>
   </div>
   <div class='ocr_carea' id='block_1_82' title="bbox 1969 3712 3540 3787">
    <p class='ocr_par' dir='ltr' id='par_1_82' title="bbox 1969 3712 3540 3787">
     <span class='ocr_line' id='line_1_82' title="bbox 1969 3712 3540 3787; baseline 0.003 -19"><span class='ocrx_word' id='word_1_670' title='bbox 1969 3721 2076 3778; x_wconf 87' lang='lat' dir='ltr'><strong>tas,</strong></span> <span class='ocrx_word' id='word_1_671' title='bbox 2119 3723 2176 3768; x_wconf 88' lang='lat' dir='ltr'><strong>et</strong></span> <span class='ocrx_word' id='word_1_672' title='bbox 2218 3713 2506 3780; x_wconf 85' lang='lat' dir='ltr'><strong>sapientia,</strong></span> <span class='ocrx_word' id='word_1_673' title='bbox 2549 3721 2602 3767; x_wconf 90' lang='lat' dir='ltr'><strong>et</strong></span> <span class='ocrx_word' id='word_1_674' title='bbox 2637 3712 2882 3781; x_wconf 90' lang='lat' dir='ltr'><strong>justitia,</strong></span> <span class='ocrx_word' id='word_1_675' title='bbox 2912 3724 2968 3768; x_wconf 91' lang='lat' dir='ltr'><strong>et</strong></span> <span class='ocrx_word' id='word_1_676' title='bbox 2993 3729 3180 3784; x_wconf 88' lang='lat' dir='ltr'><strong>mens,</strong></span> <span class='ocrx_word' id='word_1_677' title='bbox 3210 3723 3267 3773; x_wconf 91' lang='lat' dir='ltr'><strong>et</strong></span> <span class='ocrx_word' id='word_1_678' title='bbox 3291 3719 3540 3787; x_wconf 84' lang='lat' dir='ltr'><strong>verbum,</strong></span> 
     </span>
    </p>
   </div>
   <div class='ocr_carea' id='block_1_83' title="bbox 1968 3807 3542 3877">
    <p class='ocr_par' dir='ltr' id='par_1_83' title="bbox 1968 3807 3542 3877">
     <span class='ocr_line' id='line_1_83' title="bbox 1968 3807 3542 3877; baseline 0.003 -16"><span class='ocrx_word' id='word_1_679' title='bbox 1968 3819 2133 3877; x_wconf 88' lang='lat' dir='ltr'><strong>atque</strong></span> <span class='ocrx_word' id='word_1_680' title='bbox 2163 3807 2386 3868; x_wconf 87' lang='lat' dir='ltr'><strong>similia,</strong></span> <span class='ocrx_word' id='word_1_681' title='bbox 2427 3809 2691 3877; x_wconf 91' lang='lat' dir='ltr'><strong>principis</strong></span> <span class='ocrx_word' id='word_1_682' title='bbox 2722 3807 2866 3862; x_wconf 91' lang='lat' dir='ltr'><strong>illius</strong></span> <span class='ocrx_word' id='word_1_683' title='bbox 2898 3815 3108 3864; x_wconf 73' lang='lat' dir='ltr'><strong>natura:</strong></span> <span class='ocrx_word' id='word_1_684' title='bbox 3131 3818 3258 3864; x_wconf 89' lang='lat' dir='ltr'><strong>sunt</strong></span> <span class='ocrx_word' id='word_1_685' title='bbox 3279 3812 3542 3865; x_wconf 73' lang='lat' dir='ltr'><strong>nomina?</strong></span> 
     </span>
    </p>
   </div>
   <div class='ocr_carea' id='block_1_84' title="bbox 1969 3896 3542 3968">
    <p class='ocr_par' dir='ltr' id='par_1_84' title="bbox 1969 3896 3542 3968">
     <span class='ocr_line' id='line_1_84' title="bbox 1969 3896 3542 3968; baseline 0.004 -20"><span class='ocrx_word' id='word_1_686' title='bbox 1969 3896 2108 3963; x_wconf 83' lang='lat' dir='ltr'><strong>Quid</strong></span> <span class='ocrx_word' id='word_1_687' title='bbox 2140 3897 2304 3966; x_wconf 73' lang='lat' dir='ltr'><strong>igitur</strong></span> <span class='ocrx_word' id='word_1_688' title='bbox 2329 3897 2351 3951; x_wconf 89' lang='lat'><strong>?</strong></span> <span class='ocrx_word' id='word_1_689' title='bbox 2382 3899 2463 3950; x_wconf 80' lang='lat' dir='ltr'><strong>An</strong></span> <span class='ocrx_word' id='word_1_690' title='bbox 2489 3897 2739 3964; x_wconf 89' lang='lat' dir='ltr'><strong>spiritum</strong></span> <span class='ocrx_word' id='word_1_691' title='bbox 2767 3896 2949 3952; x_wconf 87' lang='lat' dir='ltr'><strong>animo</strong></span> <span class='ocrx_word' id='word_1_692' title='bbox 2979 3897 3279 3967; x_wconf 83' lang='lat' dir='ltr'><strong>concipies.</strong></span> <span class='ocrx_word' id='word_1_693' title='bbox 3304 3899 3397 3968; x_wconf 91' lang='lat' dir='ltr'><strong>qui</strong></span> <span class='ocrx_word' id='word_1_694' title='bbox 3423 3915 3542 3954; x_wconf 87' lang='lat' dir='ltr'><strong>mo-</strong></span> 
     </span>
    </p>
   </div>
   <div class='ocr_carea' id='block_1_85' title="bbox 1969 3985 3544 4058">
    <p class='ocr_par' dir='ltr' id='par_1_85' title="bbox 1969 3985 3544 4058">
     <span class='ocr_line' id='line_1_85' title="bbox 1969 3985 3544 4058; baseline 0.001 -18"><span class='ocrx_word' id='word_1_695' title='bbox 1969 3995 2058 4041; x_wconf 84' lang='lat' dir='ltr'><strong>tus</strong></span> <span class='ocrx_word' id='word_1_696' title='bbox 2085 4001 2149 4041; x_wconf 89' lang='lat' dir='ltr'><strong>ac</strong></span> <span class='ocrx_word' id='word_1_697' title='bbox 2183 3987 2485 4042; x_wconf 86' lang='lat' dir='ltr'><strong>dill&#39;usionis</strong></span> <span class='ocrx_word' id='word_1_698' title='bbox 2515 4001 2710 4058; x_wconf 79' lang='lat' dir='ltr'><strong>expers</strong></span> <span class='ocrx_word' id='word_1_699' title='bbox 2735 3987 2806 4040; x_wconf 88' lang='lat' dir='ltr'><strong>sit</strong></span> <span class='ocrx_word' id='word_1_700' title='bbox 2840 3986 2863 4038; x_wconf 87' lang='lat'><strong>?</strong></span> <span class='ocrx_word' id='word_1_701' title='bbox 2897 3986 2978 4040; x_wconf 84' lang='lat' dir='ltr'><strong>An</strong></span> <span class='ocrx_word' id='word_1_702' title='bbox 3015 3985 3217 4058; x_wconf 88' lang='lat' dir='ltr'><strong>ignem,</strong></span> <span class='ocrx_word' id='word_1_703' title='bbox 3245 3987 3336 4058; x_wconf 91' lang='lat' dir='ltr'><strong>qui</strong></span> <span class='ocrx_word' id='word_1_704' title='bbox 3371 3996 3544 4042; x_wconf 89' lang='lat' dir='ltr'><strong>mate-</strong></span> 
     </span>
    </p>
   </div>
   <div class='ocr_carea' id='block_1_86' title="bbox 1971 4077 3542 4149">
    <p class='ocr_par' dir='ltr' id='par_1_86' title="bbox 1971 4077 3542 4149">
     <span class='ocr_line' id='line_1_86' title="bbox 1971 4077 3542 4149; baseline 0.001 -15"><span class='ocrx_word' id='word_1_705' title='bbox 1971 4080 2052 4134; x_wconf 88' lang='lat' dir='ltr'><strong>ria</strong></span> <span class='ocrx_word' id='word_1_706' title='bbox 2078 4090 2283 4146; x_wconf 84' lang='lat' dir='ltr'><strong>careat,</strong></span> <span class='ocrx_word' id='word_1_707' title='bbox 2308 4093 2635 4148; x_wconf 86' lang='lat' dir='ltr'><strong>sursumque</strong></span> <span class='ocrx_word' id='word_1_708' title='bbox 2670 4095 2776 4134; x_wconf 90' lang='lat' dir='ltr'><strong>non</strong></span> <span class='ocrx_word' id='word_1_709' title='bbox 2807 4077 3040 4145; x_wconf 86' lang='lat' dir='ltr'><strong>feratur,</strong></span> <span class='ocrx_word' id='word_1_710' title='bbox 3069 4093 3170 4134; x_wconf 89' lang='lat' dir='ltr'><strong>nec</strong></span> <span class='ocrx_word' id='word_1_711' title='bbox 3203 4080 3424 4149; x_wconf 84' lang='lat' dir='ltr'><strong>proprio</strong></span> <span class='ocrx_word' id='word_1_712' title='bbox 3450 4095 3542 4136; x_wconf 86' lang='lat' dir='ltr'><strong>co-</strong></span> 
     </span>
    </p>
   </div>
   <div class='ocr_carea' id='block_1_87' title="bbox 1971 4171 3543 4243">
    <p class='ocr_par' dir='ltr' id='par_1_87' title="bbox 1971 4171 3543 4243">
     <span class='ocr_line' id='line_1_87' title="bbox 1971 4171 3543 4243; baseline -0.001 -17"><span class='ocrx_word' id='word_1_713' title='bbox 1971 4173 2086 4227; x_wconf 90' lang='lat' dir='ltr'><strong>lore</strong></span> <span class='ocrx_word' id='word_1_714' title='bbox 2139 4188 2203 4228; x_wconf 89' lang='lat' dir='ltr'><strong>ac</strong></span> <span class='ocrx_word' id='word_1_715' title='bbox 2253 4171 2426 4243; x_wconf 86' lang='lat' dir='ltr'><strong>ﬁgura</strong></span> <span class='ocrx_word' id='word_1_716' title='bbox 2473 4172 2729 4242; x_wconf 85' lang='lat' dir='ltr'><strong>praeditus</strong></span> <span class='ocrx_word' id='word_1_717' title='bbox 2759 4172 2874 4226; x_wconf 87' lang='lat' dir='ltr'><strong>sit?</strong></span> <span class='ocrx_word' id='word_1_718' title='bbox 2919 4173 2999 4226; x_wconf 90' lang='lat' dir='ltr'><strong>An</strong></span> <span class='ocrx_word' id='word_1_719' title='bbox 3031 4171 3205 4228; x_wconf 89' lang='lat' dir='ltr'><strong>lucem</strong></span> <span class='ocrx_word' id='word_1_720' title='bbox 3245 4172 3388 4228; x_wconf 89' lang='lat' dir='ltr'><strong>nullo</strong></span> <span class='ocrx_word' id='word_1_721' title='bbox 3416 4189 3543 4228; x_wconf 90' lang='lat' dir='ltr'><strong>aere</strong></span> 
     </span>
    </p>
   </div>
   <div class='ocr_carea' id='block_1_88' title="bbox 1971 4260 3537 4332">
    <p class='ocr_par' dir='ltr' id='par_1_88' title="bbox 1971 4260 3537 4332">
     <span class='ocr_line' id='line_1_88' title="bbox 1971 4260 3537 4332; baseline 0.003 -19"><span class='ocrx_word' id='word_1_722' title='bbox 1971 4260 2308 4329; x_wconf 86' lang='lat' dir='ltr'><strong>permistam,</strong></span> <span class='ocrx_word' id='word_1_723' title='bbox 2342 4269 2502 4329; x_wconf 89' lang='lat' dir='ltr'><strong>atque</strong></span> <span class='ocrx_word' id='word_1_724' title='bbox 2532 4275 2560 4314; x_wconf 91' lang='lat' dir='ltr'><strong>a</strong></span> <span class='ocrx_word' id='word_1_725' title='bbox 2593 4276 2692 4315; x_wconf 91' lang='lat' dir='ltr'><strong>suo</strong></span> <span class='ocrx_word' id='word_1_726' title='bbox 2737 4261 2891 4330; x_wconf 86' lang='lat' dir='ltr'><strong>quasi</strong></span> <span class='ocrx_word' id='word_1_727' title='bbox 2938 4270 3164 4332; x_wconf 85' lang='lat' dir='ltr'><strong>parente</strong></span> <span class='ocrx_word' id='word_1_728' title='bbox 3194 4276 3424 4332; x_wconf 88' lang='lat' dir='ltr'><strong>eamque</strong></span> <span class='ocrx_word' id='word_1_729' title='bbox 3452 4263 3537 4318; x_wconf 79' lang='lat' dir='ltr'><strong>ef-</strong></span> 
     </span>
    </p>
   </div>
   <div class='ocr_carea' id='block_1_89' title="bbox 1971 4353 3538 4425">
    <p class='ocr_par' dir='ltr' id='par_1_89' title="bbox 1971 4353 3538 4425">
     <span class='ocr_line' id='line_1_89' title="bbox 1971 4353 3538 4425; baseline 0.001 -18"><span class='ocrx_word' id='word_1_730' title='bbox 1971 4354 2228 4410; x_wconf 87' lang='lat' dir='ltr'><strong>fundente</strong></span> <span class='ocrx_word' id='word_1_731' title='bbox 2263 4354 2646 4425; x_wconf 75' lang='lat' dir='ltr'><strong>segregatum?</strong></span> <span class='ocrx_word' id='word_1_732' title='bbox 2681 4353 2799 4408; x_wconf 88' lang='lat' dir='ltr'><strong>.Iam</strong></span> <span class='ocrx_word' id='word_1_733' title='bbox 2833 4363 3093 4420; x_wconf 89' lang='lat' dir='ltr'><strong>mentem,</strong></span> <span class='ocrx_word' id='word_1_734' title='bbox 3125 4369 3286 4423; x_wconf 90' lang='lat' dir='ltr'><strong>quam</strong></span> <span class='ocrx_word' id='word_1_735' title='bbox 3323 4357 3538 4410; x_wconf 89' lang='lat' dir='ltr'><strong>tandem</strong></span> 
     </span>
    </p>
   </div>
   <div class='ocr_carea' id='block_1_90' title="bbox 1965 4427 3541 4514">
    <p class='ocr_par' dir='ltr' id='par_1_90' title="bbox 1965 4427 3541 4514">
     <span class='ocr_line' id='line_1_90' title="bbox 1965 4427 3541 4514; baseline 0.001 -16"><span class='ocrx_word' id='word_1_736' title='bbox 1965 4443 2234 4512; x_wconf 85' lang='lat' dir='ltr'><strong>intelliges</strong></span> <span class='ocrx_word' id='word_1_737' title='bbox 2257 4427 2282 4496; x_wconf 56' lang='grc' dir='ltr'><strong>ί</strong></span> <span class='ocrx_word' id='word_1_738' title='bbox 2305 4445 2386 4498; x_wconf 86' lang='lat' dir='ltr'><strong>An</strong></span> <span class='ocrx_word' id='word_1_739' title='bbox 2420 4459 2525 4498; x_wconf 90' lang='lat' dir='ltr'><strong>non</strong></span> <span class='ocrx_word' id='word_1_740' title='bbox 2553 4457 2672 4497; x_wconf 91' lang='lat' dir='ltr'><strong>eam</strong></span> <span class='ocrx_word' id='word_1_741' title='bbox 2698 4483 2714 4510; x_wconf 95' lang='lat'><strong>,</strong></span> <span class='ocrx_word' id='word_1_742' title='bbox 2741 4458 2861 4512; x_wconf 80' lang='lat' dir='ltr'><strong>quae</strong></span> <span class='ocrx_word' id='word_1_743' title='bbox 2896 4443 2951 4497; x_wconf 85' lang='lat' dir='ltr'><strong>in</strong></span> <span class='ocrx_word' id='word_1_744' title='bbox 3001 4442 3109 4497; x_wconf 91' lang='lat' dir='ltr'><strong>alio</strong></span> <span class='ocrx_word' id='word_1_745' title='bbox 3139 4451 3244 4510; x_wconf 91' lang='lat' dir='ltr'><strong>est,</strong></span> <span class='ocrx_word' id='word_1_746' title='bbox 3278 4443 3541 4514; x_wconf 87' lang='lat' dir='ltr'><strong>cujusque</strong></span> 
     </span>
    </p>
   </div>
   <div class='ocr_carea' id='block_1_91' title="bbox 1966 4533 3534 4606">
    <p class='ocr_par' dir='ltr' id='par_1_91' title="bbox 1966 4533 3534 4606">
     <span class='ocr_line' id='line_1_91' title="bbox 1966 4533 3534 4606; baseline 0.002 -17"><span class='ocrx_word' id='word_1_747' title='bbox 1966 4545 2144 4590; x_wconf 88' lang='lat' dir='ltr'><strong>motus</strong></span> <span class='ocrx_word' id='word_1_748' title='bbox 2165 4534 2520 4602; x_wconf 84' lang='lat' dir='ltr'><strong>cogitationes</strong></span> <span class='ocrx_word' id='word_1_749' title='bbox 2551 4543 2698 4600; x_wconf 90' lang='lat' dir='ltr'><strong>sunt,</strong></span> <span class='ocrx_word' id='word_1_750' title='bbox 2736 4533 2818 4602; x_wconf 82' lang='lat' dir='ltr'><strong>vel</strong></span> <span class='ocrx_word' id='word_1_751' title='bbox 2854 4535 3050 4602; x_wconf 68' lang='lat' dir='ltr'><strong>tacitae,</strong></span> <span class='ocrx_word' id='word_1_752' title='bbox 3080 4535 3167 4590; x_wconf 90' lang='lat' dir='ltr'><strong>vel</strong></span> <span class='ocrx_word' id='word_1_753' title='bbox 3197 4550 3317 4590; x_wconf 89' lang='lat' dir='ltr'><strong>sese</strong></span> <span class='ocrx_word' id='word_1_754' title='bbox 3349 4537 3534 4606; x_wconf 81' lang='lat' dir='ltr'><strong>profe—</strong></span> 
     </span>
    </p>
   </div>
   <div class='ocr_carea' id='block_1_92' title="bbox 1967 4626 3537 4700">
    <p class='ocr_par' dir='ltr' id='par_1_92' title="bbox 1967 4626 3537 4700">
     <span class='ocr_line' id='line_1_92' title="bbox 1967 4626 3537 4700; baseline 0.003 -20"><span class='ocrx_word' id='word_1_755' title='bbox 1967 4628 2200 4683; x_wconf 77' lang='lat' dir='ltr'><strong>rentes?</strong></span> <span class='ocrx_word' id='word_1_756' title='bbox 2249 4627 2400 4693; x_wconf 86' lang='lat' dir='ltr'><strong>Quod</strong></span> <span class='ocrx_word' id='word_1_757' title='bbox 2447 4626 2576 4680; x_wconf 90' lang='lat' dir='ltr'><strong>item</strong></span> <span class='ocrx_word' id='word_1_758' title='bbox 2610 4627 2878 4682; x_wconf 83' lang='lat' dir='ltr'><strong>verbum?</strong></span> <span class='ocrx_word' id='word_1_759' title='bbox 2927 4627 3007 4681; x_wconf 82' lang='lat' dir='ltr'><strong>An</strong></span> <span class='ocrx_word' id='word_1_760' title='bbox 3051 4645 3157 4684; x_wconf 89' lang='lat' dir='ltr'><strong>non</strong></span> <span class='ocrx_word' id='word_1_761' title='bbox 3194 4629 3358 4695; x_wconf 90' lang='lat' dir='ltr'><strong>illud,</strong></span> <span class='ocrx_word' id='word_1_762' title='bbox 3394 4633 3537 4700; x_wconf 84' lang='lat' dir='ltr'><strong>quod</strong></span> 
     </span>
    </p>
   </div>
   <div class='ocr_carea' id='block_1_93' title="bbox 1969 4716 3536 4787">
    <p class='ocr_par' dir='ltr' id='par_1_93' title="bbox 1969 4716 3536 4787">
     <span class='ocr_line' id='line_1_93' title="bbox 1969 4716 3536 4787; baseline 0.004 -17"><span class='ocrx_word' id='word_1_763' title='bbox 1969 4717 2050 4772; x_wconf 83' lang='lat' dir='ltr'><strong>vel</strong></span> <span class='ocrx_word' id='word_1_764' title='bbox 2077 4719 2130 4771; x_wconf 91' lang='lat' dir='ltr'><strong>in</strong></span> <span class='ocrx_word' id='word_1_765' title='bbox 2173 4719 2328 4772; x_wconf 90' lang='lat' dir='ltr'><strong>nobis</strong></span> <span class='ocrx_word' id='word_1_766' title='bbox 2353 4717 2608 4787; x_wconf 89' lang='lat' dir='ltr'><strong>quiescit,</strong></span> <span class='ocrx_word' id='word_1_767' title='bbox 2657 4716 2741 4773; x_wconf 87' lang='lat' dir='ltr'><strong>vel</strong></span> <span class='ocrx_word' id='word_1_768' title='bbox 2779 4717 3145 4773; x_wconf 83' lang='lat' dir='ltr'><strong>diﬂ&#39;unditur?</strong></span> <span class='ocrx_word' id='word_1_769' title='bbox 3177 4735 3369 4775; x_wconf 89' lang='lat' dir='ltr'><strong>vereor</strong></span> <span class='ocrx_word' id='word_1_770' title='bbox 3394 4723 3536 4776; x_wconf 89' lang='lat' dir='ltr'><strong>enim</strong></span> 
     </span>
    </p>
   </div>
   <div class='ocr_carea' id='block_1_94' title="bbox 275 4807 1855 4892">
    <p class='ocr_par' dir='ltr' id='par_1_94' title="bbox 275 4807 1855 4892">
     <span class='ocr_line' id='line_1_94' title="bbox 275 4807 1855 4892; baseline -0.011 -16"><span class='ocrx_word' id='word_1_771' title='bbox 275 4822 446 4892; x_wconf 79' lang='grc' dir='ltr'>σύνην</span> <span class='ocrx_word' id='word_1_772' title='bbox 472 4837 533 4872; x_wconf 88' lang='grc' dir='ltr'><strong>τε</strong></span> <span class='ocrx_word' id='word_1_773' title='bbox 573 4822 667 4873; x_wconf 74' lang='grc' dir='ltr'><strong>καὶ</strong></span> <span class='ocrx_word' id='word_1_774' title='bbox 718 4818 958 4887; x_wconf 83' lang='grc' dir='ltr'>ἀγάπην,</span> <span class='ocrx_word' id='word_1_775' title='bbox 1012 4814 1072 4867; x_wconf 86' lang='grc' dir='ltr'><strong>οὐ</strong></span> <span class='ocrx_word' id='word_1_776' title='bbox 1119 4811 1388 4873; x_wconf 81' lang='grc' dir='ltr'>διαθέσεις</span> <span class='ocrx_word' id='word_1_777' title='bbox 1427 4807 1855 4878; x_wconf 84' lang='grc' dir='ltr'>ὲπαινουμένας;</span> 
     </span>
    </p>
   </div>
   <div class='ocr_carea' id='block_1_95' title="bbox 1959 4807 3538 4892">
    <p class='ocr_par' dir='ltr' id='par_1_95' title="bbox 1967 4807 3538 4882">
     <span class='ocr_line' id='line_1_95' title="bbox 1967 4807 3538 4882; baseline 0.003 -20"><span class='ocrx_word' id='word_1_778' title='bbox 1967 4809 2174 4875; x_wconf 88' lang='lat' dir='ltr'><strong>dicere,</strong></span> <span class='ocrx_word' id='word_1_779' title='bbox 2207 4808 2458 4864; x_wconf 89' lang='lat' dir='ltr'><strong>solvitur.</strong></span> <span class='ocrx_word' id='word_1_780' title='bbox 2491 4807 2662 4875; x_wconf 90' lang='lat' dir='ltr'><strong>Quam</strong></span> <span class='ocrx_word' id='word_1_781' title='bbox 2713 4825 2878 4880; x_wconf 92' lang='lat' dir='ltr'><strong>porro</strong></span> <span class='ocrx_word' id='word_1_782' title='bbox 2933 4810 3262 4880; x_wconf 87' lang='lat' dir='ltr'><strong>sapientiam</strong></span> <span class='ocrx_word' id='word_1_783' title='bbox 3289 4850 3306 4877; x_wconf 90' lang='lat'><strong>,</strong></span> <span class='ocrx_word' id='word_1_784' title='bbox 3341 4823 3538 4882; x_wconf 58' lang='lat' dir='ltr'><strong>praster</strong></span> 
     </span>
    </p>
   </div>
   <div class='ocr_carea' id='block_1_96' title="bbox 346 4951 790 5012">
    <p class='ocr_par' dir='ltr' id='par_1_96' title="bbox 346 4951 790 5012">
     <span class='ocr_line' id='line_1_96' title="bbox 346 4951 790 5012; baseline -0.009 -3"><span class='ocrx_word' id='word_1_785' title='bbox 346 4955 394 4987; x_wconf 71' lang='grc' dir='ltr'><strong>’δ</strong></span> <span class='ocrx_word' id='word_1_786' title='bbox 425 4955 530 5009; x_wconf 85' lang='lat' dir='ltr'><strong>Isa.</strong></span> <span class='ocrx_word' id='word_1_787' title='bbox 562 4969 666 5012; x_wconf 78' lang='lat' dir='ltr'><strong>SIV,</strong></span> <span class='ocrx_word' id='word_1_788' title='bbox 703 4951 790 5006; x_wconf 74' lang='grc'><strong>12.</strong></span> 
     </span>
    </p>
   </div>
   <div class='ocr_carea' id='block_1_97' title="bbox 349 5063 1850 5144">
    <p class='ocr_par' dir='ltr' id='par_1_97' title="bbox 349 5063 1850 5144">
     <span class='ocr_line' id='line_1_97' title="bbox 349 5063 1850 5144; baseline -0.006 -16"><span class='ocrx_word' id='word_1_789' title='bbox 349 5073 463 5144; x_wconf 81' lang='lat'><strong>(5&#39;5)</strong></span> <span class='ocrx_word' id='word_1_790' title='bbox 497 5071 607 5126; x_wconf 76' lang='grc' dir='ltr'><strong>Καὶ</strong></span> <span class='ocrx_word' id='word_1_791' title='bbox 637 5067 1070 5144; x_wconf 30' lang='grc' dir='ltr'>οὕτως-,Λιξιικ-ἱιὶ</span> <span class='ocrx_word' id='word_1_792' title='bbox 1102 5075 1208 5130; x_wconf 91' lang='lat' dir='ltr'><strong>est,</strong></span> <span class='ocrx_word' id='word_1_793' title='bbox 1249 5083 1269 5116; x_wconf 79' lang='grc' dir='ltr'><strong>ι</strong></span> <span class='ocrx_word' id='word_1_794' title='bbox 1303 5079 1365 5144; x_wconf 76' lang='lat' dir='ltr'><strong>ac</strong></span> <span class='ocrx_word' id='word_1_795' title='bbox 1385 5063 1462 5118; x_wconf 88' lang='lat' dir='ltr'><strong>sic</strong></span> <span class='ocrx_word' id='word_1_796' title='bbox 1488 5063 1662 5144; x_wconf 53' lang='lat' dir='ltr'><strong>ipsa!!!</strong></span> <span class='ocrx_word' id='word_1_797' title='bbox 1685 5063 1850 5144; x_wconf 52' lang='lat' dir='ltr'><strong>benef</strong></span> 
     </span>
    </p>
   </div>
   <div class='ocr_carea' id='block_1_98' title="bbox 277 5135 1852 5211">
    <p class='ocr_par' dir='ltr' id='par_1_98' title="bbox 277 5135 1852 5211">
     <span class='ocr_line' id='line_1_98' title="bbox 277 5135 1852 5211; baseline -0.004 -15"><span class='ocrx_word' id='word_1_798' title='bbox 277 5135 384 5199; x_wconf 77' lang='lat' dir='ltr'><strong>ﬁcii</strong></span> <span class='ocrx_word' id='word_1_799' title='bbox 409 5135 762 5211; x_wconf 80' lang='lat' dir='ltr'><strong>comparandi</strong></span> <span class='ocrx_word' id='word_1_800' title='bbox 802 5135 1180 5194; x_wconf 85' lang='lat' dir='ltr'><strong>difﬁcultatem</strong></span> <span class='ocrx_word' id='word_1_801' title='bbox 1214 5151 1312 5206; x_wconf 90' lang='lat' dir='ltr'><strong>pro</strong></span> <span class='ocrx_word' id='word_1_802' title='bbox 1344 5135 1607 5188; x_wconf 89' lang='lat' dir='ltr'><strong>beneﬁcio</strong></span> <span class='ocrx_word' id='word_1_803' title='bbox 1649 5135 1852 5191; x_wconf 85' lang='lat' dir='ltr'><strong>habent</strong></span> 
     </span>
    </p>
   </div>
   <div class='ocr_carea' id='block_1_99' title="bbox 273 5209 847 5266">
    <p class='ocr_par' dir='ltr' id='par_1_99' title="bbox 273 5209 847 5266">
     <span class='ocr_line' id='line_1_99' title="bbox 273 5209 847 5266; baseline -0.012 0"><span class='ocrx_word' id='word_1_804' title='bbox 273 5214 488 5266; x_wconf 85' lang='lat' dir='ltr'><strong>cordali</strong></span> <span class='ocrx_word' id='word_1_805' title='bbox 515 5209 785 5264; x_wconf 79' lang='lat' dir='ltr'><strong>Iiomiues.</strong></span> <span class='ocrx_word' id='word_1_806' title='bbox 829 5228 847 5259; x_wconf 72' lang='grc' dir='ltr'><strong>ι</strong></span> 
     </span>
    </p>
   </div>
   <div class='ocr_carea' id='block_1_100' title="bbox 349 5275 1272 5350">
    <p class='ocr_par' dir='ltr' id='par_1_100' title="bbox 349 5275 1272 5350">
     <span class='ocr_line' id='line_1_100' title="bbox 349 5275 1272 5350; baseline -0.011 -13"><span class='ocrx_word' id='word_1_807' title='bbox 349 5283 464 5350; x_wconf 73' lang='grc'>(54)</span> <span class='ocrx_word' id='word_1_808' title='bbox 494 5279 781 5350; x_wconf 78' lang='grc' dir='ltr'>Πάσχειν.</span> <span class='ocrx_word' id='word_1_809' title='bbox 808 5277 1020 5350; x_wconf 66' lang='lat' dir='ltr'><strong>Cpmb.,</strong></span> <span class='ocrx_word' id='word_1_810' title='bbox 1057 5275 1272 5350; x_wconf 56' lang='lat' dir='ltr'><strong>«opsiti.</strong></span> 
     </span>
    </p>
   </div>
   <div class='ocr_carea' id='block_1_101' title="bbox 346 5284 1858 5421">
    <p class='ocr_par' dir='ltr' id='par_1_101' title="bbox 346 5284 1858 5421">
     <span class='ocr_line' id='line_1_101' title="bbox 349 5284 1272 5350; baseline -0.012 -12"><span class='ocrx_word' id='word_1_811' title='bbox 349 5284 442 5350; x_wconf 77' lang='grc'>(54</span> <span class='ocrx_word' id='word_1_812' title='bbox 494 5284 781 5347; x_wconf 79' lang='grc' dir='ltr'>Πάσχειν.</span> <span class='ocrx_word' id='word_1_813' title='bbox 808 5284 1020 5342; x_wconf 80' lang='lat' dir='ltr'><strong>Comb.,</strong></span> <span class='ocrx_word' id='word_1_814' title='bbox 1057 5284 1272 5330; x_wconf 77' lang='grc' dir='ltr'>παθεῖν.</span> 
     </span>
     <span class='ocr_line' id='line_1_102' title="bbox 346 5284 1858 5421; baseline -0.005 -15"><span class='ocrx_word' id='word_1_815' title='bbox 346 5284 464 5421; x_wconf 51' lang='grc' dir='ltr'>(55ζ</span> <span class='ocrx_word' id='word_1_816' title='bbox 505 5349 772 5421; x_wconf 67' lang='grc' dir='ltr'>Νεφέλη.</span> <span class='ocrx_word' id='word_1_817' title='bbox 832 5346 1018 5421; x_wconf 70' lang='lat' dir='ltr'><strong>Schol.</strong></span> <span class='ocrx_word' id='word_1_818' title='bbox 1057 5343 1380 5421; x_wconf 35' lang='lat' dir='ltr'><strong>:‘__Negpé111v</strong></span> <span class='ocrx_word' id='word_1_819' title='bbox 1434 5343 1582 5421; x_wconf 83' lang='grc' dir='ltr'>λέγει</span> <span class='ocrx_word' id='word_1_820' title='bbox 1619 5345 1680 5421; x_wconf 76' lang='grc' dir='ltr'><strong>τὸ</strong></span> <span class='ocrx_word' id='word_1_821' title='bbox 1703 5415 1714 5421; x_wconf 87' lang='lat'>_</span> <span class='ocrx_word' id='word_1_822' title='bbox 1738 5343 1858 5421; x_wconf 73' lang='grc' dir='ltr'>ἐπί-</span> 
     </span>
    </p>
   </div>
   <div class='ocr_carea' id='block_1_102' title="bbox 274 5361 1854 5503">
    <p class='ocr_par' dir='ltr' id='par_1_102' title="bbox 274 5361 1854 5503">
     <span class='ocr_line' id='line_1_103' title="bbox 346 5361 1854 5421; baseline -0.005 -15"><span class='ocrx_word' id='word_1_823' title='bbox 346 5361 458 5421; x_wconf 84' lang='grc'>(55)</span> <span class='ocrx_word' id='word_1_824' title='bbox 505 5361 772 5418; x_wconf 66' lang='grc' dir='ltr'>Νεφέλη.</span> <span class='ocrx_word' id='word_1_825' title='bbox 832 5361 1069 5402; x_wconf 72' lang='grc' dir='ltr'>δοιιοι.ε</span> <span class='ocrx_word' id='word_1_826' title='bbox 1129 5361 1310 5414; x_wconf 53' lang='lat' dir='ltr'><strong>Dic-Lenes</strong></span> <span class='ocrx_word' id='word_1_827' title='bbox 1349 5362 1380 5397; x_wconf 93' lang='grc' dir='ltr'><strong>ν</strong></span> <span class='ocrx_word' id='word_1_828' title='bbox 1435 5361 1582 5414; x_wconf 76' lang='grc' dir='ltr'>Αεγει</span> <span class='ocrx_word' id='word_1_829' title='bbox 1619 5361 1680 5398; x_wconf 90' lang='grc' dir='ltr'><strong>το</strong></span> <span class='ocrx_word' id='word_1_830' title='bbox 1738 5361 1854 5398; x_wconf 88' lang='grc' dir='ltr'>επι-</span> 
     </span>
     <span class='ocr_line' id='line_1_104' title="bbox 274 5361 1854 5503; baseline 0 0"><span class='ocrx_word' id='word_1_831' title='bbox 274 5423 512 5503; x_wconf 53' lang='lat' dir='ltr'><strong>suam</strong></span> <span class='ocrx_word' id='word_1_832' title='bbox 633 5420 808 5503; x_wconf 49' lang='lat' dir='ltr'><strong>vui-</strong></span> <span class='ocrx_word' id='word_1_833' title='bbox 838 5416 1044 5503; x_wconf 59' lang='grc' dir='ltr'><strong>σῶμαιη</strong></span> <span class='ocrx_word' id='word_1_834' title='bbox 1069 5361 1408 5503; x_wconf 15' lang='grc' dir='ltr'><strong>’βμεῖςξιλι</strong></span> <span class='ocrx_word' id='word_1_835' title='bbox 1452 5415 1656 5503; x_wconf 54' lang='grc' dir='ltr'><strong>γάρηή</strong></span> <span class='ocrx_word' id='word_1_836' title='bbox 1675 5415 1854 5503; x_wconf 59' lang='grc' dir='ltr'><strong>Διῐννλίῆε</strong></span> 
     </span>
    </p>
   </div>
   <div class='ocr_carea' id='block_1_103' title="bbox 271 5485 1854 5561">
    <p class='ocr_par' dir='ltr' id='par_1_103' title="bbox 271 5485 1854 5561">
     <span class='ocr_line' id='line_1_105' title="bbox 271 5485 1854 5561; baseline -0.002 -18"><span class='ocrx_word' id='word_1_837' title='bbox 271 5485 546 5561; x_wconf 69' lang='grc' dir='ltr'>ἡμέτερον</span> <span class='ocrx_word' id='word_1_838' title='bbox 566 5485 623 5543; x_wconf 74' lang='grc' dir='ltr'>δὲ</span> <span class='ocrx_word' id='word_1_839' title='bbox 650 5485 965 5561; x_wconf 43' lang='lat' dir='ltr'><strong>smnpm-:5</strong></span> <span class='ocrx_word' id='word_1_840' title='bbox 1002 5485 1207 5561; x_wconf 76' lang='lat' dir='ltr'><strong>Nubem</strong></span> <span class='ocrx_word' id='word_1_841' title='bbox 1237 5485 1476 5561; x_wconf 76' lang='lat' dir='ltr'><strong>appellat</strong></span> <span class='ocrx_word' id='word_1_842' title='bbox 1499 5485 1693 5553; x_wconf 77' lang='lat' dir='ltr'><strong>corpus</strong></span> <span class='ocrx_word' id='word_1_843' title='bbox 1711 5485 1854 5554; x_wconf 81' lang='lat' dir='ltr'><strong>quod</strong></span> 
     </span>
    </p>
   </div>
   <div class='ocr_carea' id='block_1_104' title="bbox 276 5557 1855 5627">
    <p class='ocr_par' dir='ltr' id='par_1_104' title="bbox 276 5557 1855 5627">
     <span class='ocr_line' id='line_1_106' title="bbox 276 5557 1855 5627; baseline -0.003 -13"><span class='ocrx_word' id='word_1_844' title='bbox 276 5557 472 5615; x_wconf 62' lang='lat' dir='ltr'><strong>sum</strong></span> <span class='ocrx_word' id='word_1_845' title='bbox 495 5561 768 5627; x_wconf 85' lang='lat' dir='ltr'><strong>objectum</strong></span> <span class='ocrx_word' id='word_1_846' title='bbox 797 5557 899 5611; x_wconf 79' lang='lat' dir='ltr'><strong>est.</strong></span> <span class='ocrx_word' id='word_1_847' title='bbox 925 5557 1036 5612; x_wconf 84' lang='lat' dir='ltr'><strong>Nos</strong></span> <span class='ocrx_word' id='word_1_848' title='bbox 1057 5557 1198 5612; x_wconf 87' lang='lat' dir='ltr'><strong>enim</strong></span> <span class='ocrx_word' id='word_1_849' title='bbox 1221 5557 1398 5612; x_wconf 87' lang='lat' dir='ltr'><strong>anima</strong></span> <span class='ocrx_word' id='word_1_850' title='bbox 1430 5571 1635 5620; x_wconf 89' lang='lat' dir='ltr'><strong>sumus,</strong></span> <span class='ocrx_word' id='word_1_851' title='bbox 1659 5569 1855 5625; x_wconf 89' lang='lat' dir='ltr'><strong>corpus</strong></span> 
     </span>
    </p>
   </div>
   <div class='ocr_carea' id='block_1_105' title="bbox 277 5638 868 5685">
    <p class='ocr_par' dir='ltr' id='par_1_105' title="bbox 277 5638 868 5685">
     <span class='ocr_line' id='line_1_107' title="bbox 277 5638 868 5685; baseline -0.008 -2"><span class='ocrx_word' id='word_1_852' title='bbox 277 5645 406 5684; x_wconf 85' lang='lat' dir='ltr'><strong>vero</strong></span> <span class='ocrx_word' id='word_1_853' title='bbox 436 5641 679 5685; x_wconf 84' lang='lat' dir='ltr'><strong>nostrum</strong></span> <span class='ocrx_word' id='word_1_854' title='bbox 710 5638 813 5681; x_wconf 91' lang='lat' dir='ltr'><strong>est.</strong></span> <span class='ocrx_word' id='word_1_855' title='bbox 849 5645 868 5678; x_wconf 72' lang='grc' dir='ltr'><strong>ι</strong></span> 
     </span>
    </p>
   </div>
   <div class='ocr_carea' id='block_1_106' title="bbox 348 5695 1847 5771">
    <p class='ocr_par' dir='ltr' id='par_1_106' title="bbox 348 5695 1847 5771">
     <span class='ocr_line' id='line_1_108' title="bbox 348 5695 1847 5771; baseline -0.003 -17"><span class='ocrx_word' id='word_1_856' title='bbox 348 5699 460 5771; x_wconf 88' lang='grc'>(56)</span> <span class='ocrx_word' id='word_1_857' title='bbox 483 5697 1033 5768; x_wconf 77' lang='grc' dir='ltr'>Περιϐεϐλημένοις.</span> <span class='ocrx_word' id='word_1_858' title='bbox 1069 5695 1159 5752; x_wconf 88' lang='lat' dir='ltr'><strong>Sic</strong></span> <span class='ocrx_word' id='word_1_859' title='bbox 1187 5695 1338 5751; x_wconf 87' lang='lat' dir='ltr'><strong>Colb.</strong></span> <span class='ocrx_word' id='word_1_860' title='bbox 1389 5696 1443 5753; x_wconf 81' lang='lat'><strong>&#39;5.</strong></span> <span class='ocrx_word' id='word_1_861' title='bbox 1486 5695 1610 5764; x_wconf 86' lang='lat' dir='ltr'><strong>Alii,</strong></span> <span class='ocrx_word' id='word_1_862' title='bbox 1648 5695 1847 5768; x_wconf 81' lang='grc' dir='ltr'>προϐε·</span> 
     </span>
    </p>
   </div>
   <div class='ocr_carea' id='block_1_107' title="bbox 555 5789 1347 5852">
    <p class='ocr_par' dir='ltr' id='par_1_107' title="bbox 555 5789 1347 5852">
     <span class='ocr_line' id='line_1_109' title="bbox 555 5789 1347 5852; baseline 0 0"><span class='ocrx_word' id='word_1_863' title='bbox 555 5792 835 5852; x_wconf 73' lang='grc' dir='ltr'>ΡΑτιιοι..</span> <span class='ocrx_word' id='word_1_864' title='bbox 883 5790 1002 5851; x_wconf 79' lang='lat' dir='ltr'><strong>Gn.</strong></span> <span class='ocrx_word' id='word_1_865' title='bbox 1049 5789 1347 5852; x_wconf 71' lang='lat' dir='ltr'><strong>XXXVI.</strong></span> 
     </span>
    </p>
   </div>
   <div class='ocr_carea' id='block_1_108' title="bbox 887 4943 2642 5013">
    <p class='ocr_par' dir='ltr' id='par_1_108' title="bbox 887 4943 2642 5013">
     <span class='ocr_line' id='line_1_110' title="bbox 887 4943 2642 5013; baseline -0.003 -9"><span class='ocrx_word' id='word_1_866' title='bbox 887 4950 935 4982; x_wconf 83' lang='lat'><strong>&quot;</strong></span> <span class='ocrx_word' id='word_1_867' title='bbox 985 4950 1153 5004; x_wconf 74' lang='lat' dir='ltr'><strong>Exod.</strong></span> <span class='ocrx_word' id='word_1_868' title='bbox 1193 4963 1302 5011; x_wconf 79' lang='lat' dir='ltr'><strong>xtv,</strong></span> <span class='ocrx_word' id='word_1_869' title='bbox 1350 4945 1440 4998; x_wconf 67' lang='grc' dir='ltr'><strong>ΞΟ.</strong></span> <span class='ocrx_word' id='word_1_870' title='bbox 1515 4945 1562 4977; x_wconf 78' lang='grc'><strong>⁸⁸</strong></span> <span class='ocrx_word' id='word_1_871' title='bbox 1613 4944 1753 5000; x_wconf 84' lang='lat' dir='ltr'><strong>Psal.</strong></span> <span class='ocrx_word' id='word_1_872' title='bbox 1789 4961 1922 5013; x_wconf 78' lang='lat' dir='ltr'><strong>xv&quot;,</strong></span> <span class='ocrx_word' id='word_1_873' title='bbox 1957 4945 2040 5000; x_wconf 78' lang='lat' dir='ltr'><strong>I2.</strong></span> <span class='ocrx_word' id='word_1_874' title='bbox 2115 4946 2160 4978; x_wconf 79' lang='grc'><strong>⁵⁷</strong></span> <span class='ocrx_word' id='word_1_875' title='bbox 2193 4943 2396 5000; x_wconf 85' lang='lat' dir='ltr'><strong>Threu.</strong></span> <span class='ocrx_word' id='word_1_876' title='bbox 2431 4961 2514 5012; x_wconf 87' lang='lat' dir='ltr'><strong>tu,</strong></span> <span class='ocrx_word' id='word_1_877' title='bbox 2551 4947 2642 5001; x_wconf 68' lang='grc'>54.</span> 
     </span>
    </p>
   </div>
   <div class='ocr_carea' id='block_1_109' title="bbox 1957 5066 2262 5130">
    <p class='ocr_par' dir='ltr' id='par_1_109' title="bbox 1957 5066 2262 5130">
     <span class='ocr_line' id='line_1_111' title="bbox 1957 5066 2262 5130; baseline 0 -10"><span class='ocrx_word' id='word_1_878' title='bbox 1957 5067 2056 5130; x_wconf 74' lang='grc' dir='ltr'><strong>ὅλη</strong></span> <span class='ocrx_word' id='word_1_879' title='bbox 2065 5066 2262 5130; x_wconf 83' lang='grc' dir='ltr'>μένοις.</span> 
     </span>
    </p>
   </div>
   <div class='ocr_carea' id='block_1_110' title="bbox 2025 5084 3538 5209">
    <p class='ocr_par' dir='ltr' id='par_1_110' title="bbox 2025 5084 3538 5209">
     <span class='ocr_line' id='line_1_112' title="bbox 2025 5084 3538 5209; baseline -0.001 -18"><span class='ocrx_word' id='word_1_880' title='bbox 2025 5084 2500 5209; x_wconf 44' lang='grc' dir='ltr'><strong>ἳὲςῖῗῗόξύναζον</strong></span> <span class='ocrx_word' id='word_1_881' title='bbox 2529 5136 2881 5206; x_wconf 78' lang='grc' dir='ltr'>ὑπερϐῆναι.</span> <span class='ocrx_word' id='word_1_882' title='bbox 2926 5136 3060 5207; x_wconf 79' lang='lat' dir='ltr'><strong>Reg.</strong></span> <span class='ocrx_word' id='word_1_883' title='bbox 3114 5137 3300 5209; x_wconf 80' lang='lat' dir='ltr'><strong>Cypr.,</strong></span> <span class='ocrx_word' id='word_1_884' title='bbox 3343 5135 3538 5191; x_wconf 80' lang='grc' dir='ltr'>ἀδύνα-</span> 
     </span>
    </p>
   </div>
   <div class='ocr_carea' id='block_1_111' title="bbox 1964 5205 2620 5278">
    <p class='ocr_par' dir='ltr' id='par_1_111' title="bbox 1964 5205 2620 5278">
     <span class='ocr_line' id='line_1_113' title="bbox 1964 5205 2620 5278; baseline 0 -18"><span class='ocrx_word' id='word_1_885' title='bbox 1964 5205 2234 5278; x_wconf 15' lang='grc' dir='ltr'>τόνᾲέστιν</span> <span class='ocrx_word' id='word_1_886' title='bbox 2254 5205 2620 5278; x_wconf 67' lang='grc' dir='ltr'>όπερϐαίνειν.</span> 
     </span>
    </p>
   </div>
   <div class='ocr_carea' id='block_1_112' title="bbox 2060 5275 3011 5350">
    <p class='ocr_par' dir='ltr' id='par_1_112' title="bbox 2060 5275 3011 5350">
     <span class='ocr_line' id='line_1_114' title="bbox 2060 5275 3011 5350; baseline 0.003 -20"><span class='ocrx_word' id='word_1_887' title='bbox 2060 5276 2150 5350; x_wconf 53' lang='lat' dir='ltr'><strong>ﬁt!)</strong></span> <span class='ocrx_word' id='word_1_888' title='bbox 2190 5275 2431 5350; x_wconf 59' lang='grc' dir='ltr'>Σώματι.</span> <span class='ocrx_word' id='word_1_889' title='bbox 2465 5276 2598 5350; x_wconf 67' lang='lat' dir='ltr'><strong>Reg.</strong></span> <span class='ocrx_word' id='word_1_890' title='bbox 2621 5277 2734 5340; x_wconf 88' lang='lat' dir='ltr'><strong>bm,</strong></span> <span class='ocrx_word' id='word_1_891' title='bbox 2777 5277 3011 5350; x_wconf 72' lang='grc' dir='ltr'>σώμασι.</span> 
     </span>
    </p>
   </div>
   <div class='ocr_carea' id='block_1_113' title="bbox 2035 5281 3538 5417">
    <p class='ocr_par' dir='ltr' id='par_1_113' title="bbox 2035 5281 3538 5417">
     <span class='ocr_line' id='line_1_115' title="bbox 2035 5281 3011 5416; baseline 0.002 -86"><span class='ocrx_word' id='word_1_892' title='bbox 2035 5281 2150 5416; x_wconf 56' lang='grc'>(58)</span> <span class='ocrx_word' id='word_1_893' title='bbox 2190 5281 2431 5399; x_wconf 56' lang='grc' dir='ltr'>Σώρατι.</span> <span class='ocrx_word' id='word_1_894' title='bbox 2465 5281 2598 5345; x_wconf 77' lang='lat' dir='ltr'><strong>Reg.</strong></span> <span class='ocrx_word' id='word_1_895' title='bbox 2621 5281 2734 5340; x_wconf 89' lang='lat' dir='ltr'><strong>bm,</strong></span> <span class='ocrx_word' id='word_1_896' title='bbox 2777 5281 3011 5350; x_wconf 83' lang='grc' dir='ltr'>σώμασι.</span> 
     </span>
     <span class='ocr_line' id='line_1_116' title="bbox 2060 5345 3538 5417; baseline 0.001 -17"><span class='ocrx_word' id='word_1_897' title='bbox 2060 5345 2149 5416; x_wconf 87' lang='grc'>59)</span> <span class='ocrx_word' id='word_1_898' title='bbox 2181 5351 2268 5400; x_wconf 84' lang='grc' dir='ltr'>Κα</span> <span class='ocrx_word' id='word_1_899' title='bbox 2314 5345 2387 5398; x_wconf 82' lang='grc' dir='ltr'>τὰ</span> <span class='ocrx_word' id='word_1_900' title='bbox 2429 5346 2687 5406; x_wconf 84' lang='grc' dir='ltr'>τοιαῦτα.</span> <span class='ocrx_word' id='word_1_901' title='bbox 2742 5358 2849 5402; x_wconf 85' lang='lat' dir='ltr'><strong>etc.</strong></span> <span class='ocrx_word' id='word_1_902' title='bbox 2897 5347 3019 5402; x_wconf 85' lang='lat' dir='ltr'><strong>Bill.</strong></span> <span class='ocrx_word' id='word_1_903' title='bbox 3065 5364 3080 5402; x_wconf 92' lang='lat'><strong>:</strong></span> <span class='ocrx_word' id='word_1_904' title='bbox 3140 5365 3160 5399; x_wconf 86' lang='grc' dir='ltr'><strong>ι</strong></span> <span class='ocrx_word' id='word_1_905' title='bbox 3193 5347 3382 5417; x_wconf 84' lang='lat' dir='ltr'><strong>Atque</strong></span> <span class='ocrx_word' id='word_1_906' title='bbox 3419 5346 3538 5401; x_wconf 84' lang='lat' dir='ltr'><strong>aliis</strong></span> 
     </span>
    </p>
   </div>
   <div class='ocr_carea' id='block_1_114' title="bbox 1965 5416 3538 5485">
    <p class='ocr_par' dir='ltr' id='par_1_114' title="bbox 1965 5416 3538 5485">
     <span class='ocr_line' id='line_1_117' title="bbox 1965 5416 3538 5485; baseline 0.002 -16"><span class='ocrx_word' id='word_1_907' title='bbox 1965 5428 2158 5470; x_wconf 89' lang='lat' dir='ltr'><strong>natura</strong></span> <span class='ocrx_word' id='word_1_908' title='bbox 2195 5417 2562 5485; x_wconf 89' lang='lat' dir='ltr'><strong>nuncupatur?</strong></span> <span class='ocrx_word' id='word_1_909' title='bbox 2600 5437 2618 5469; x_wconf 71' lang='grc' dir='ltr'><strong>ι</strong></span> <span class='ocrx_word' id='word_1_910' title='bbox 2654 5417 2711 5472; x_wconf 90' lang='lat' dir='ltr'><strong>In</strong></span> <span class='ocrx_word' id='word_1_911' title='bbox 2731 5418 2902 5484; x_wconf 89' lang='lat' dir='ltr'><strong>prima</strong></span> <span class='ocrx_word' id='word_1_912' title='bbox 2935 5426 3112 5473; x_wconf 87' lang='lat' dir='ltr'><strong>autem</strong></span> <span class='ocrx_word' id='word_1_913' title='bbox 3143 5417 3227 5472; x_wconf 89' lang='lat' dir='ltr'><strong>ed.</strong></span> <span class='ocrx_word' id='word_1_914' title='bbox 3259 5416 3329 5472; x_wconf 75' lang='grc' dir='ltr'><strong>ιι</strong></span> <span class='ocrx_word' id='word_1_915' title='bbox 3363 5416 3538 5485; x_wconf 77' lang='lat' dir='ltr'><strong>Atque</strong></span> 
     </span>
    </p>
   </div>
   <div class='ocr_carea' id='block_1_115' title="bbox 1963 5485 3462 5557">
    <p class='ocr_par' dir='ltr' id='par_1_115' title="bbox 1963 5485 3462 5557">
     <span class='ocr_line' id='line_1_118' title="bbox 1963 5485 3462 5557; baseline -0.001 -16"><span class='ocrx_word' id='word_1_916' title='bbox 1963 5485 2270 5557; x_wconf 79' lang='lat' dir='ltr'><strong>hujusmodi</strong></span> <span class='ocrx_word' id='word_1_917' title='bbox 2304 5486 2615 5557; x_wconf 76' lang='lat' dir='ltr'><strong>nominibus</strong></span> <span class='ocrx_word' id='word_1_918' title='bbox 2645 5488 2825 5542; x_wconf 85' lang='lat' dir='ltr'><strong>divina</strong></span> <span class='ocrx_word' id='word_1_919' title='bbox 2851 5497 3041 5543; x_wconf 85' lang='lat' dir='ltr'><strong>natura</strong></span> <span class='ocrx_word' id='word_1_920' title='bbox 3070 5487 3408 5557; x_wconf 82' lang='lat' dir='ltr'><strong>appellatur?</strong></span> <span class='ocrx_word' id='word_1_921' title='bbox 3443 5507 3462 5538; x_wconf 76' lang='grc' dir='ltr'><strong>ι</strong></span> 
     </span>
    </p>
   </div>
   <div class='ocr_carea' id='block_1_116' title="bbox 2033 5554 3542 5629">
    <p class='ocr_par' dir='ltr' id='par_1_116' title="bbox 2033 5554 3542 5629">
     <span class='ocr_line' id='line_1_119' title="bbox 2033 5554 3542 5629; baseline 0 -19"><span class='ocrx_word' id='word_1_922' title='bbox 2033 5554 2146 5629; x_wconf 82' lang='lat'><strong>(60)</strong></span> <span class='ocrx_word' id='word_1_923' title='bbox 2174 5556 2290 5629; x_wconf 27' lang='grc' dir='ltr'><strong>ΑἘν</strong></span> <span class='ocrx_word' id='word_1_924' title='bbox 2309 5555 2430 5629; x_wconf 69' lang='grc' dir='ltr'>τοῖς</span> <span class='ocrx_word' id='word_1_925' title='bbox 2451 5558 2844 5629; x_wconf 77' lang='grc' dir='ltr'>θεωρήμασιν.</span> <span class='ocrx_word' id='word_1_926' title='bbox 2877 5557 3008 5629; x_wconf 80' lang='lat' dir='ltr'><strong>Reg.</strong></span> <span class='ocrx_word' id='word_1_927' title='bbox 3032 5573 3086 5629; x_wconf 84' lang='lat' dir='ltr'><strong>a,</strong></span> <span class='ocrx_word' id='word_1_928' title='bbox 3109 5554 3177 5610; x_wconf 68' lang='grc' dir='ltr'>ἓν</span> <span class='ocrx_word' id='word_1_929' title='bbox 3199 5560 3310 5621; x_wconf 84' lang='grc' dir='ltr'>τοῖς</span> <span class='ocrx_word' id='word_1_930' title='bbox 3342 5560 3434 5629; x_wconf 82' lang='grc' dir='ltr'>νοὴ</span> <span class='ocrx_word' id='word_1_931' title='bbox 3445 5574 3542 5628; x_wconf 84' lang='grc' dir='ltr'>μα-</span> 
     </span>
    </p>
   </div>
   <div class='ocr_carea' id='block_1_117' title="bbox 1962 5626 3541 5752">
    <p class='ocr_par' dir='ltr' id='par_1_117' title="bbox 1962 5626 3541 5752">
     <span class='ocr_line' id='line_1_120' title="bbox 1962 5626 3541 5700; baseline 0.001 -21"><span class='ocrx_word' id='word_1_932' title='bbox 1962 5643 2014 5679; x_wconf 91' lang='grc' dir='ltr'><strong>σι</strong></span> <span class='ocrx_word' id='word_1_933' title='bbox 2044 5627 2138 5678; x_wconf 68' lang='lat' dir='ltr'><strong>xu).</strong></span> <span class='ocrx_word' id='word_1_934' title='bbox 2167 5626 2538 5698; x_wconf 82' lang='grc' dir='ltr'>θεωρήμασιν,</span> <span class='ocrx_word' id='word_1_935' title='bbox 2559 5626 2590 5681; x_wconf 54' lang='grc' dir='ltr'>⁷ι</span> <span class='ocrx_word' id='word_1_936' title='bbox 2641 5626 2694 5684; x_wconf 84' lang='lat' dir='ltr'><strong>in</strong></span> <span class='ocrx_word' id='word_1_937' title='bbox 2729 5628 3147 5700; x_wconf 78' lang='lat' dir='ltr'><strong>cogitationibus</strong></span> <span class='ocrx_word' id='word_1_938' title='bbox 3192 5638 3250 5684; x_wconf 89' lang='lat' dir='ltr'><strong>et</strong></span> <span class='ocrx_word' id='word_1_939' title='bbox 3288 5626 3541 5684; x_wconf 73' lang='lat' dir='ltr'><strong>contem-</strong></span> 
     </span>
     <span class='ocr_line' id='line_1_121' title="bbox 1962 5696 2340 5752; baseline -0.011 0"><span class='ocrx_word' id='word_1_940' title='bbox 1962 5696 2298 5752; x_wconf 82' lang='lat' dir='ltr'><strong>Dlationibus.</strong></span> <span class='ocrx_word' id='word_1_941' title='bbox 2322 5716 2340 5748; x_wconf 73' lang='grc' dir='ltr'><strong>ι</strong></span> 
     </span>
    </p>
   </div>
   <div class='ocr_carea' id='block_1_118' title="bbox 1958 5705 2340 5765">
    <p class='ocr_par' dir='ltr' id='par_1_118' title="bbox 1958 5705 2340 5765">
     <span class='ocr_line' id='line_1_122' title="bbox 1958 5705 2340 5765; baseline -0.003 -16"><span class='ocrx_word' id='word_1_942' title='bbox 1958 5705 2298 5765; x_wconf 84' lang='lat' dir='ltr'><strong>plationibus.</strong></span> <span class='ocrx_word' id='word_1_943' title='bbox 2322 5716 2340 5748; x_wconf 73' lang='grc' dir='ltr'><strong>ι</strong></span> 
     </span>
    </p>
   </div>
  </div>
