4038 6338
523 305 596 364 4ὖ
1760 310 1816 365 S.
1858 310 2183 369 GREGORII
2225 308 2569 372 THEOLOGI
3695 312 3769 368 ιι

522 441 666 494 eam,
697 424 1057 495 quae-habitus
1085 434 1191 493 est,
1228 432 1390 495 atque
1415 464 1430 491 ,
1459 425 1541 480 vel
1572 425 1625 480 in
1659 427 1882 493 divinis,
1918 432 1999 485 vel
2039 432 2072 485 it

2194 433 2287 485 κα)⁵
2306 432 2403 503 τὴν
2441 433 2539 503 μὲν
2570 432 2675 501 τῆς,
2697 431 2930 495 ἀδικίας,
2963 432 3059 501 τὴν
3090 432 3146 485 δὲ
3190 429 3282 484 τοῦ
3319 430 3508 500 μίσους
3534 429 3761 484 ἀντίπα-

521 520 777 575 humanis
828 520 991 575 rebus
1058 520 1485 589 contemplandis
1544 522 1852 576 versatur?
1914 521 2085 588 Quam

520 627 681 683 porro
712 612 978 682 justitiam
1009 619 1062 666 et
1085 611 1452 666 charitatem?
1498 612 1688 667 Nonne
1721 612 2008 682 praeclaras
2032 622 2087 667 et

517 718 639 758 cum
694 702 849 756 laude
898 702 1213 772 conjunctas
1258 702 1572 760 all‘ectiones
1623 707 1877 774 (quarum
1913 705 2085 758 altera

510 792 810 863 injustitiae,
847 793 1012 846 altera
1036 793 1160 848 odio
1188 793 1548 864 adversetur),
1583 808 1726 848 nunc
1755 808 1874 848 sese
1902 794 2079 847 inten-

514 888 722 951 dentcs,
759 900 901 939 nunc
930 884 1268 940 remittentes
1296 901 1310 949 ;
1350 899 1506 947 nunc
1546 884 1869 939 accedentes
1894 924 1909 948 ,
1940 898 2084 938 nunc

513 974 856 1040 decedentes,
885 990 949 1029 ac
975 984 1121 1029 certa
1147 975 1366 1028 omnino
1396 974 1656 1042 qualitate
1705 988 1801 1027 nos
1834 972 2080 1026 allicien-

513 1076 595 1122 tes
624 1075 677 1121 et
706 1064 1077 1130 immutantes,
1104 1064 1243 1119 haud
1281 1078 1437 1118 secus
1476 1078 1538 1117 ac
1567 1063 1774 1118 colores
1814 1062 2082 1131 corpora?

511 1157 595 1211 An
620 1154 799 1226 potius
835 1154 990 1209 nobis
1020 1153 1321 1209 faciendum
1370 1162 1474 1218 est,
1511 1162 1569 1207 ut
1601 1153 1667 1207 ab
1697 1154 1782 1207 his
1823 1151 2083 1207 absceda-

509 1260 657 1313 rnus,
694 1259 756 1298 ac
782 1258 976 1298 numen
1013 1243 1187 1311 ipsum
1246 1240 1557 1309 seiunctim,
1598 1241 1775 1310 quoad
1813 1240 1929 1307 ejus
1962 1241 2081 1295 lieri

509 1347 710 1408 potest,
746 1336 1167 1406 perspiciamus,
1216 1334 1596 1402 particularem
1630 1333 1917 1402 quamdam
1954 1348 2080 1403 spe-

509 1430 648 1486 ciem
682 1446 747 1484 ex
772 1427 1080 1483 simulacris
1110 1426 1474 1495 colligentes?
1511 1426 1769 1492 Quaenam
1797 1426 1962 1496 igitur
1996 1436 2080 1481 est

506 1519 621 1575 haec
650 1520 878 1586 molitio,
906 1533 1024 1589 quae
1046 1527 1100 1574 et
1128 1533 1195 1574 ex
1228 1518 1313 1572 his
1334 1519 1479 1572 velut
1502 1518 1786 1584 conlietur,
1818 1528 1873 1573 et
1899 1529 2077 1573 tamen

506 1611 623 1666 haec
664 1626 768 1667 non
801 1612 920 1665 sit?
950 1614 1058 1666 Aut
1104 1613 1372 1681 quomodo
1420 1611 1493 1676 id,
1521 1610 1664 1680 quod
1689 1626 1855 1664 unum
1883 1619 1986 1674 est,
2014 1624 2079 1663 ac

505 1713 697 1772 suapte
726 1712 920 1758 natura
945 1705 1352 1774 compositionis
1375 1717 1589 1772 expers,
1614 1717 1716 1757 nec
1747 1702 1867 1757 ullis
1896 1716 2075 1756 rerum

2197 523 2307 585 λον,
2340 522 2746 591 ἐπιτεινομένας
2783 538 2841 574 τε
2866 524 2958 575 καὶ
2980 521 3269 592 ἀνιεμένας
3306 520 3439 592 (61),
3477 536 3762 591 προσγινο-

2194 613 2361 683 μένας
2390 631 2450 665 τε
2479 614 2572 667 καὶ
2601 612 3017 683 ἀπογινομένας,
3047 614 3141 665 καὶ
3162 612 3297 674 ὅλως
3335 609 3592 672 ποιούσας
3615 611 3761 679 ἡμᾶς

2191 705 2282 757 καὶ
2315 704 2650 769 ἀλλοιοῦσας,
2692 704 2881 775 ὥσπερ
2914 705 2969 756 αἱ
3000 704 3157 774 χρόαι
3190 702 3259 754 τὰ
3298 701 3555 770 σώματα;
3588 701 3658 752 Ἦ
3682 701 3761 753 δεῖ

2186 797 2388 850 τούτων
2412 798 2751 859 ἀποστάντας
2764 800 2794 867 ἡ
2807 800 2933 868 μᾶς,
2948 797 3079 850 αὐτὸ
3108 795 3225 849 καθ’
3244 795 3401 848 ἑαυτὸ
3417 796 3474 847 τὸ
3492 795 3632 847 θεῖον
3649 793 3759 864 (62)

2191 888 2337 953 ἰδεῖν,
2373 889 2448 952 ὡς
2473 883 2583 941 οἶόν
2620 906 2703 948 τε,
2732 890 2959 959 μερικήν
2986 905 3109 941 τινα
3136 887 3435 956 φαντασίαν
3469 887 3531 938 ὲκ
3556 886 3662 938 τῶν
3693 887 3763 939 εἰ-

2186 981 2481 1052 κασμάτων
2505 980 2958 1051 συλλεγομένους;
2992 980 3087 1042 Τίς
3114 975 3263 1049 οὖνὴ
3295 979 3507 1051 μηχανὴ
3549 978 3658 1049 (6'5)
3698 980 3762 1031 ὲκ

2184 1073 2387 1127 τούτων
2410 1091 2489 1137 τε,
2522 1073 2616 1126 καὶ
2648 1072 2723 1143 μὴ
2767 1070 2972 1137 ταῦτα;
3005 1072 3077 1124 ’Ἡ
3111 1071 3227 1134 πῶς
3250 1071 3420 1124 ταῦτα
3452 1070 3645 1135 πάντα,
3666 1072 3762 1123 καὶ

2183 1161 2402 1225 τελείως
2430 1162 2677 1222 ἕκαστον,
2711 1161 2772 1213 τὸ
2804 1160 2861 1213 ἓν
2906 1160 3018 1229 (64)
3049 1162 3113 1230 τῇ
3151 1159 3311 1229 φύσει
3349 1159 3640 1213 ἀσύνθετον
3666 1160 3761 1214 καὶ

2185 1255 2536 1318 ἁνείκαστον;
2589 1252 2744 1306 Οὕτω
2793 1254 2992 1323 κάμνει
3022 1251 3248 1321 ἐκϐῆναι
3287 1252 3355 1305 τὰ
3385 1252 3671 1323 σωματικά
3728 1254 3757 1305 ὁ

2180 1345 2449 1417 ἡμέτερος
2478 1343 2621 1409 νοῦς,
2654 1344 2747 1397 κα).
2767 1345 2993 1413 γυμνοῖς
3007 1342 3264 1413 ὁμιλῆσαι
3294 1345 3403 1405 τοῖς
3425 1343 3755 1412 ἀσωμάτοις,

2182 1436 2286 1499 ἕως
2319 1436 2511 1488 σκοπεῖ
2555 1433 2691 1504 μετὰ
2724 1432 2825 1501 τῆς
2870 1432 3005 1495 ἰδίας
3032 1431 3313 1494 ἀσθενείας
3347 1431 3414 1484 τὰ
3442 1431 3579 1500 ὑπὲρ
3604 1430 3759 1483 δύνα-

2185 1542 2297 1596 μιν.
2334 1526 2486 1578 Ἐπεὶ
2516 1524 2724 1593 ἐφίεται
2760 1524 2856 1593 μὲν
2888 1524 3037 1575 πᾶσα
3058 1521 3248 1591 λογικὴ
3270 1521 3430 1589 φύσις
3451 1520 3607 1582 Θεοῦ,
3663 1521 3757 1574 καὶ

2178 1621 2279 1688 τῆς
2306 1617 2525 1689 πρώτης
2574 1616 2770 1678 αἰτίαςθ
2807 1612 3131 1668 καταλαϐεῖν
3165 1613 3221 1666 δὲ
3268 1612 3536 1674 ἀδυνατεῖ,
3592 1611 3657 1665 δι’
3690 1611 3758 1675 ἃς

2181 1706 2333 1763 εἷπον
2366 1709 2565 1770 αἰτίας.
2595 1707 2897 1778 Κάμνουσα
2938 1706 2994 1759 δὲ
3027 1705 3106 1776 τῷ
3146 1705 3315 1775 πόθῳ,
3368 1705 3461 1758 καὶ
3480 1699 3589 1757 οἷον
3623 1722 3758 1772 σφα-

512 1792 817 1850 simulacris
845 1795 1167 1849 adumbrari
1196 1804 1414 1864 potest,
1451 1795 1565 1849 haec
1594 1794 1773 1850 omnia
1804 1804 1855 1847 et
1883 1794 2072 1848 horum

2178 1801 2414 1865 δάζουσα
2442 1800 2575 1871 (65),
2622 1801 2716 1854 κα)⁸
2747 1799 2845 1870 τὴν
2876 1796 3076 1869 ζημίαν
3130 1798 3190 1851 οὐ
3222 1798 3478 1868 φέρουσα,
3508 1795 3756 1866 δεύτερον

508 1886 932 1957 unumquodque
988 1885 1223 1957 perfecte
1270 1886 1479 1940 fuerit?
1529 1886 1605 1939 Ita
1669 1901 1820 1940 mens
1897 1893 2078 1940 nostra

502 1978 722 2048 languet
749 1992 812 2035 ae
833 1977 1062 2043 fatiscit,
1095 1980 1221 2032 dum
1252 1994 1282 2032 e
1311 1979 1589 2047 corporeis
1614 1988 1667 2032 et
1730 1968 2079 2031 sensibilibus

413 2135 415 2137 ι
504 2070 669 2127 rebus
693 2070 976 2136 excedere,
1013 2069 1175 2140 506
1206 2078 1369 2138 atque
1390 2068 1724 2136 iucorporeis
1750 2068 1883 2121 citra
1914 2067 2075 2121 ullius

505 2162 583 2217 rei
618 2162 975 2217 interventum
1026 2161 1177 2231 jungi
1228 2162 1447 2225 studet,
1495 2160 1731 2229 quandiu
1793 2175 1918 2214 cum
1977 2174 2072 2213 sua

506 2253 840 2319 infirmitate,
866 2269 951 2321 ea,
981 2269 1101 2323 qua:
1144 2253 1312 2325 ipsius
1349 2253 1491 2307 vires
1517 2261 1795 2322 superant,
1822 2250 2075 2321 specula-

504 2356 611 2401 tur.
669 2347 882 2402 Etenim
933 2347 1098 2401 Deum
1124 2386 1139 2411 ,
1172 2361 1237 2400 ac
1271 2345 1572 2415 principem
1614 2344 1759 2398 illaut
1814 2357 2035 2398 causam
2058 2382 2072 2409 ,

504 2448 695 2494 natura
725 2440 940 2509 quidem
970 2439 1145 2495 omnis
1173 2439 1403 2494 rationis
1436 2438 1703 2507 particeps
1738 2436 1941 2505 appetit
1968 2451 1983 2500 ;
2019 2444 2076 2489 ut

503 2540 686 2588 autem
736 2546 856 2587 eam
905 2539 1249 2600 assequatur,
1277 2530 1346 2585 ob
1385 2544 1498 2593 eas,
1536 2543 1669 2597 quas
1694 2527 1827 2591 dixi,
1859 2541 2070 2591 causas,

506 2620 649 2677 vires
676 2621 952 2677 deficiunt.
984 2620 1267 2691 Languens
1302 2629 1480 2673 autem
1511 2618 1799 2682 desiderio,
1840 2631 1903 2671 ac
1935 2615 2074 2671 male

2180 1892 2413 1942 ποιεῖται
2446 1888 2612 1941 πλοῦν
2648 1886 2835 1959 (66),ἢ
2871 1887 3006 1957 πρὸς
3034 1886 3103 1938 τὰ
3129 1884 3382 1957 ὁρώμενα
3413 1885 3624 1955 βλέψαι,
3660 1888 3755 1938 καὶ

2174 1981 2377 2033 τούτων
2428 1997 2480 2032 τι
2511 1980 2732 2051 ποιῆσαι
2770 1979 2924 2041 Θεὸν,
2962 1977 3147 2041 κακῶς
3177 1980 3370 2031 είδυῖαο
3405 1977 3477 2048 (τί
3511 1978 3617 2048 γάρ
3644 1978 3753 2031 τῶν

2173 2066 2385 2136 ὁρατῶν
2402 2066 2494 2118 τοῦ
2534 2066 2787 2138 ὁρῶντος,
2820 2065 2914 2118 καί
2966 2065 3128 2118 πόσον
3156 2066 3303 2118 ἐστὶν
3332 2065 3659 2137 ὑψηλότερόν
3694 2084 3751 2120 τε

2174 2159 2268 2210 καὶ
2299 2157 2712 2227 θεοειδέστερον,
2776 2157 2841 2210 ἵν’
2971 2158 3031 2209 τὸ
3065 2157 3162 2227 μὲν
3190 2155 3543 2227 προσκυνοῦν,
3583 2156 3644 2208 τὸ
3696 2157 3753 2210 δὲ

2172 2247 2641 2319 προσκυνούμενον
2668 2248 2706 2313 ;)
2741 2248 2772 2318 ἢ
2808 2248 2897 2301 διὰ
2943 2249 3034 2301 τοῦ
3061 2248 3289 2311 κάλλους
3335 2248 3445 2319 (67)
3485 2248 3589 2301 τῶν
3613 2251 3752 2319 ὁρω-

2174 2339 2350 2410 μένων
2385 2340 2479 2392 καὶ
2515 2340 2611 2409 τῆς
2645 2339 2920 2405 εὐταξίας,
2953 2340 3085 2392 Θεὸν
3125 2339 3411 2411 γνωρίσαι,
3446 2339 3541 2392 καὶ
3572 2339 3750 2410 ὁδηγῷ

2169 2430 2233 2498 τῇ
2282 2428 2422 2497 ὄψει,
2475 2427 2583 2480 τῶν
2639 2426 2780 2498 ὑπὲρ
2815 2429 2911 2499 τὴν
2951 2428 3071 2491 ὁψιν
3108 2427 3435 2499 χρήσασθαι,
3492 2428 3626 2482 ἀλλὰ
3674 2430 3749 2502 μὴ

2171 2520 2512 2592 ζημιωθῆναι
2545 2520 2676 2574 Θεὸν
2708 2520 2797 2574 διὰ
2834 2522 2932 2593 τῆς
2961 2522 3430 2593 μεγαλοπρεπείας
3469 2522 3575 2575 τῶν
3606 2525 3746 2594 ὁρω-

2174 2612 2371 2684 μένων.

501 2711 724 2766 omnino
755 2708 967 2775 all'ecta,
999 2708 1388 2779 azgerrimeque
1421 2708 1522 2761 hoc
1561 2707 1815 2761 damnum
1859 2703 2057 2768 ferens,
2101 2702 2416 2768 secundam,
2452 2710 2509 2755 ut
2573 2701 2680 2756 dici
2742 2703 2895 2767 solet,
2930 2703 3326 2771 navigationem
3352 2706 3471 2772 init,
3494 2715 3551 2761 ut
3578 2708 3732 2762 seili-

507 2811 617 2869 cet,
652 2804 737 2856 vel
759 2802 828 2856 ad
858 2815 942 2855 res
973 2815 1100 2865 eas,
1131 2813 1251 2869 quae
1281 2799 1383 2854 sub
1416 2798 1693 2855 oculorum
1730 2812 1950 2852 sensum
2012 2795 2232 2858 cadunt,
2300 2793 2485 2848 oculos
2550 2793 2751 2858 ﬂectat,
2821 2808 2885 2848 ac
2923 2796 3230 2865 quampiam
3264 2810 3447 2851 earum
3495 2813 3591 2868 pro
3639 2815 3744 2856 nu-

499 2893 649 2948 mine
702 2890 875 2956 colat,
910 2889 1149 2960 pessimo
1198 2889 1382 2956 utique
1442 2885 1672 2941 consilio
1706 2885 1890 2939 labens
1914 2882 2064 2955 (quid
2103 2883 2246 2937 enim
2278 2882 2329 2935 in
2360 2880 2612 2935 omnibus
2655 2880 2836 2944 rebus,
2873 2895 2991 2949 quae
3048 2884 3217 2937 oculis
3280 2896 3594 2952 cernuntur,
3633 2902 3720 2952 eo,

500 3001 531 3039 a
566 2999 674 3054 quo
708 2994 1025 3048 cernuntur,
1058 2981 1321 3037 excelsius
1363 2990 1417 3034 et
1449 2978 1686 3034 divinius
1713 2986 1816 3043 est,
1848 2990 1907 3031 ut
1934 2975 2060 3031 illud
2101 2975 2374 3037 adoretur,
2415 2974 2516 3027 hoc
2588 2986 2713 3026 vero
2744 2971 2932 3027 adoret
2951 2972 3039 3042 ?);
3071 2974 3153 3027 vel
3196 2989 3291 3043 per
3324 2977 3725 3045 aspeCtahilium

498 3094 681 3135 rerum
733 3077 1185 3148 pulchritudinem
1256 3084 1311 3130 et
1371 3075 1648 3137 ordinem,
1720 3072 1812 3127 Dei
1886 3070 2246 3140 cognitionem
2312 3076 2672 3137 assequatur,
2736 3076 2894 3136 atque
2950 3067 3018 3121 ad
3066 3081 3126 3122 ea
3176 3070 3557 3141 percipienda,
3613 3087 3732 3142 qua:

496 3169 776 3226 oculorum
832 3168 1075 3223 obtutum
1134 3164 1373 3234 fugiunt,
1449 3165 1675 3218 ducibus
1742 3160 1913 3216 oculis
1965 3168 2169 3223 utatur,
2250 3173 2355 3214 non
2414 3166 2594 3212 autem
2645 3171 2741 3227 per
2831 3171 3017 3211 earum
3102 3174 3324 3227 rerum,
3407 3178 3525 3232 qua:
3574 3163 3747 3220 oculis

498 3261 756 3330 subjecta:
800 3267 949 3324 sunt,
979 3256 1436 3328 magniﬁcentiam
1460 3293 1475 3321 ,
1510 3254 1603 3309 Dei
1655 3254 1921 3325 iacturam
1982 3252 2168 3308 faciat.

565 3348 707 3406 XIV.
739 3349 877 3404 Hinc
927 3347 1017 3402 alii
1056 3338 1267 3411 solem,
1303 3344 1391 3399 alii
1450 3343 1668 3411 lunam,
1699 3343 1789 3397 alii
1833 3343 2070 3397 siderum

2246 3342 2343 3396 IA’.
2382 3338 2662 3393 Ἐντεῦθεν
2691 3339 2741 3392 οἱ
2788 3338 2886 3410 μὲν
2912 3339 3083 3411 ἥλιον,
3123 3340 3172 3394 οί
3207 3339 3263 3395 δὲ
3286 3342 3535 3415 σελήνην,
3591 3346 3638 3399 οἱ
3687 3347 3745 3401 δὲ

498 3441 922 3507 multitudinem,
954 3438 1043 3495 alii
1077 3437 1272 3494 coelum
1331 3450 1546 3506 quoque
1583 3435 1757 3505 ipsum
1784 3448 1891 3488 una
1942 3448 2065 3488 cum

2172 3432 2414 3502 ἀστέρων
2451 3430 2674 3501 πλῆθος,
2702 3432 2751 3484 οἱ
2792 3430 2848 3485 δὲ
2888 3432 3116 3503 οὐρανὸν
3149 3433 3309 3486 αὐτὸν
3349 3435 3464 3505 ἅμα
3513 3436 3741 3501 τούτοις,

494 3533 602 3588 illis
633 3573 648 3598 ,
693 3532 893 3602 quibus
951 3545 1050 3601 pro
1086 3538 1265 3583 motus
1319 3528 1582 3595 qualitate
1637 3527 1718 3581 vel
1765 3527 2066 3597 quantitate

493 3620 679 3677 mundi
716 3619 1160 3689 gubernationem
1196 3616 1834 3685 administrationemque
1864 3616 2066 3671 tribue-

495 3721 656 3778 runt;
688 3711 777 3765 alii
808 3723 996 3765 rursus
1028 3718 1248 3779 propter
1299 3709 1664 3764 necessarium
1718 3724 1900 3774 usum,
1957 3718 2068 3763 ter-

500 3818 642 3869 ram,
669 3816 887 3872 aquam,
919 3814 1120 3863 aerem,
1167 3800 1365 3869 ignem,
1399 3802 1539 3868 quod
1569 3801 1654 3855 his
1682 3800 1909 3856 sublatis
1960 3803 2062 3856 lm-

491 3908 665 3949 manaa
710 3894 834 3948 vitae
877 3891 1218 3947 incolumitas
1260 3901 1507 3946 constare
1565 3908 1668 3947 non
1712 3894 1916 3961 possit;
1972 3895 2063 3949 alii

492 3984 725 4055 denique
754 3981 1013 4053 quidquid
1069 3996 1133 4036 ex
1177 3981 1337 4037 rebus
1384 3982 1800 4051 aspectabilibus
1851 3994 2057 4040 temere

491 4074 625 4144 ipsis
650 4072 908 4137 occurrit,
938 4069 1221 4125 coluerunt
1254 4110 1268 4135 ,
1295 4071 1657 4141 pulcherrima
1688 4089 1917 4143 quchue
1966 4090 2059 4129 eo-

489 4179 635 4227 rum,
681 4177 799 4232 quae
846 4161 1177 4222 cernebant.
1212 4175 1309 4230 pro
1352 4161 1455 4215 diis
1505 4162 1605 4216 sibi
1643 4163 2054 4219 constituentes.

490 4248 601 4306 Nec
633 4250 937 4317 defuerunt,
967 4250 1057 4320 qui
1108 4258 1314 4305 statuas
1343 4265 1408 4304 ac
1445 4250 1696 4320 figmenta
1732 4252 1928 4307 divinis
1957 4255 2059 4309 ho-

487 4342 713 4399 noribus
757 4340 1058 4405 affecerint,
1117 4340 1349 4411 primum
1380 4341 1593 4410 quidem
1632 4342 2058 4413 propinquorum

487 4444 544 4491 et
606 4435 1083 4497 necessariorum,
1122 4434 1157 4488 ii
1196 4434 1489 4498 videlicet,
1520 4436 1609 4504 qui
1663 4435 2057 4489 vehementiori

486 4526 637 4581 luctu
671 4524 1084 4592 afﬂictabantur,
1118 4526 1504 4595 corporeisque
1540 4525 1703 4581 rebus
1731 4528 2060 4583 addictiores

487 4625 665 4683 erant,
695 4626 855 4687 atque
878 4617 1125 4673 homines
1154 4617 1262 4670 vita
1309 4615 1524 4671 functos
1582 4629 2057 4674 monumentorum

2166 3515 2247 3586 οἷς
2272 3523 2366 3576 καὶ
2395 3522 2455 3576 τὸ
2485 3524 2592 3576 πᾶν
2619 3524 2770 3591 ἄγειν
2797 3523 3061 3577 δεδώκασι
3092 3526 3232 3580 κατὰ
3250 3526 3310 3578 τὸ
3338 3526 3487 3579 ποιὸν
3514 3528 3545 3596 ἦ
3579 3529 3743 3582 ποσὸν

2166 3610 2267 3681 τῆς
2296 3612 2582 3682 κινήσεως·
2642 3613 2692 3663 οἱ
2720 3612 2777 3665 δὲ
2824 3612 2889 3665 τά
2918 3617 3176 3682 στοιχεῖα,
3211 3614 3336 3683 γῆν,
3387 3613 3549 3685 ὕδωρ,
3581 3617 3740 3687 ἀέρα,

2167 3700 2297 3773 πῦρ,
2322 3701 2408 3754 διὰ
2437 3701 2498 3753 τὸ
2524 3701 2802 3773 χρειῶδες,
2825 3695 2898 3754 ὧν
2931 3702 3059 3757 ἄνευ
3087 3705 3208 3757 οὐδὲ
3234 3705 3491 3776 συστῆναι
3519 3707 3742 3761 δυνατὸν

2163 3795 2256 3849 τὸν
2287 3794 2625 3865 ἀνθρώπινον
2661 3794 2795 3865 βίον⁸
2828 3798 2877 3848 οἱ
2906 3797 2961 3850 δὲ
2993 3798 3019 3850 ὃ
3045 3815 3097 3850 τι
3134 3797 3346 3868 τύχοιεν
3381 3799 3610 3863 ἕκαστος
3630 3801 3740 3854 τῶν

2165 3879 2373 3955 ὁρατῶν
2423 3884 2816 3953 ἐσεϐάσθησαν,
2871 3880 2944 3940 ὧν
2969 3885 3152 3956 ἐώρων
3184 3890 3252 3941 τὰ
3281 3888 3539 3942 κάλλιστα
3584 3889 3741 3953 θεοὺς

2166 3976 2627 4048 προστησάμενοι.
2661 3976 2783 4030 Εἰσὶ
2808 3979 2864 4031 δὲ
2894 3978 2943 4031 οἳ
2978 3978 3071 4033 καὶ
3096 3980 3333 4048 εἰκόνας,
3368 3984 3462 4035 καὶ
3490 3981 3739 4053 πλάσμα-

2162 4086 2250 4134 τα,
2285 4068 2474 4141 πρῶτα
2506 4071 2605 4141 μὲν
2628 4070 2733 4124 τῶν
2751 4073 2983 4137 οίκείων,
3009 4074 3124 4143 οἵγε
3152 4075 3623 4147 περιπαθέστεροι,
3644 4076 3739 4128 καὶ

2165 4160 2630 4234 σωματικώτεροι,
2664 4163 2755 4216 καὶ
2796 4165 3064 4235 τιμῶντες
3091 4166 3217 4229 τοὺς
3243 4166 3573 4230 ἀπελθόντας
3625 4170 3738 4230 τοῖς

2163 4252 2566 4323 ὑπομνήμασιψ
2609 4254 2798 4309 ἔπειτα
2850 4258 3083 4311 καὶτῶν
3116 4257 3300 4324 ξένων,
3352 4259 3399 4312 οἳ
3435 4262 3551 4330 μετ’
3580 4259 3738 4313 ὲκεί-

2162 4360 2304 4409 νους,
2334 4345 2426 4398 καὶ
2462 4346 2679 4418 μακρὰν
2731 4348 2825 4400 ἀπ’
2870 4349 3116 4415 ἐκείνων,
3152 4350 3345 4420 ἀγνοίᾳ
3376 4350 3473 4421 τῆς
3514 4348 3737 4419 πρώτης

2164 4439 2397 4508 φύσεως,
2432 4441 2525 4494 κα)⁵
2551 4441 2841 4514 ἀκολουθίᾳ
2869 4445 2967 4514 τῆς
3006 4443 3406 4515 παραδοθείσης
3449 4443 3636 4513 τιμῆς,
3661 4443 3738 4505 ὡς

2161 4529 2385 4600 ἐννόμου
2438 4531 2531 4583 καὶ⁴
2573 4532 2893 4601 ἀναγκαίας.
2936 4534 3153 4606 Ἐπειδὴ
3203 4535 3378 4605 χρόνῳ
3404 4534 3464 4586 τὸ
3493 4534 3611 4598 ἔθος
3650 4534 3739 4604 βε-

2162 4621 2416 4688 ϐαιωθέν,
2462 4624 2719 4696 ἐνομίσθη
2754 4626 2918 4697 νόμος
2967 4626 3102 4697 (68).
3156 4622 3319 4696 Οἶμαι
3353 4626 3409 4679 δὲ
3454 4627 3547 4679 καὶ
3573 4626 3734 4678 δυνα-

486 4710 692 4765 honore
722 4710 1219 4778 prosequebantur:
1251 4717 1369 4777 post
1393 4716 1573 4762 autem
1603 4700 1901 4765 alienorum
1920 4726 2052 4766 cuo-

2172 4713 2339 4767 ττείαν
2368 4714 2479 4785 (69)
2524 4716 2668 4779 τινὲς
2704 4715 3120 4787 θεραπεύοντες,
3155 4717 3248 4772 καὶ
3289 4716 3477 4788 ῥώμην
3519 4717 3737 4770 ιέπαινέ⁴

555 4889 575 4951 (
580 4888 668 4957 61)
712 4886 1073 4956 Ἀνιεμένας.
1101 4885 1266 4942 Coisl.
1294 4885 1319 4937 1
1352 4882 1572 4957 aliique,
1601 4885 1911 4957 ἀνειμένας.

557 4953 668 5027 (62)
693 4953 880 5013 Θεῖονξ
913 4958 1026 5027 Duo
1048 4957 1241 5026 Bcgg.,
1276 4964 1384 5009 tres
1411 4953 1584 5019 Colb.,
1620 4953 1784 5014 CoiSl.
1819 4957 1843 5010 l
1884 4966 1935 5010 et
1958 4955 2051 5012 0r.

482 5031 508 5085 1
544 5026 769 5089 addunt,
793 5029 857 5081 ὲκ
898 5026 1123 5079 τούτων.

555 5099 663 5169 (63)
716 5095 994 5169 Mnxcujti.
1046 5094 1228 5169 Schol.
1264 5112 1278 5148 :
1314 5094 1412 5169 ξΕκ
1447 5091 1655 5169 τούτων
1691 5094 1804 5169 μὲν
1858 5113 2059 5169 φαντα-

481 5162 686 5241 ζόμεθα
724 5162 1228 5241 τῂνθε-ίανηιρύσιν,
1275 5164 1336 5216 οὐ
1374 5162 1544 5216 ταῦτα
1583 5165 1665 5241 δέ-
1686 5162 1889 5241 ἐστινὴ
1939 5167 2057 5221 θεία

482 5234 662 5307 aptior:
702 5256 720 5287 ‹
762 5234 836 5289 Ex
865 5237 949 5289 his
984 5234 1218 5307 divinam
1242 5244 1520 5307 naturam
1582 5234 1907 5304 effingimus,
1937 5253 2055 5306 qua:

485 5304 662 5361 tamen
690 5306 866 5361 divina
900 5314 1095 5358 natura
1128 5304 1348 5358 minime
1368 5304 1456 5357 sit.
1500 5321 1519 5354 ι

481 5370 665 5499 In(Si?)
696 5374 882 5498 £55».
913 5374 1008 5429 Sic
1040 5371 1171 5443 Reg.
1203 5373 1313 5429 bm.
1358 5373 1451 5428 Sic
1490 5373 1655 5429 etiam
1683 5373 1811 5445 legit
1842 5374 2047 5430 Billius.

507 5462 537 5499 η
569 5449 676 5509 ed.,
696 5449 754 5498 τὸ
777 5449 854 5498 ὲν.
1576 5502 1579 5503 ν

556 5512 1141 5588 (65)-Σραδάζουσατ
1210 5513 1388 5588 Schol.
1428 5531 1470 5588 _:
1528 5513 1793 5578 Χαλεπῶς
1858 5515 2055 5588 φέρου·

483 5584 576 5639 aa:
637 5584 971 5640 (Desiderio
1032 5585 1227 5656 acrius,
1260 5584 1554 5647 stimulata,
1608 5594 1662 5656 et
1710 5587 1793 5639 sui
1858 5584 2051 5656 iut'pos,

483 5656 635 5723 quasi
672 5666 991 5710 exaestuans.
1032 5673 1050 5707 ι
1090 5655 1253 5711 Coisl.
1281 5656 1334 5719 1,
1361 5654 1820 5727 πανουργεύουσα.

555 5727 665 5797 (66)
691 5728 976 5797 Δεύτερον
998 5727 1241 5782 ποιεῖται
1269 5726 1484 5781 πλοῦν.
1511 5726 1543 5777 «⁷
1573 5728 1872 5783 Secundam
1903 5730 2052 5783 navi-

2162 4889 2569 4962 gationeminit.
2615 4909 2633 4941 ι
2670 4889 2726 4945 Id
2756 4892 3037 4961 proverbio
3068 4893 3282 4957 dicitur,
3324 4908 3443 4948 cum
3496 4894 3614 4962 quis
3660 4893 3727 4947 ad

2164 4972 2372 5031 summa
2394 4960 2698 5031 pertingere
2720 4960 2824 5015 non
2856 4963 3060 5027 valens,
3096 4966 3339 5031 proxima
3358 4960 3721 5017 consectatur.

2167 5045 2186 5102 ς
2223 5028 2709 5102 Quemadmodum,
2750 5049 2768 5082 ι
2802 5033 2975 5102 inquit
3014 5028 3216 5098 Dillius,
3254 5053 3271 5084 ι
3314 5034 3401 5101 qui
3451 5034 3580 5086 mari
3632 5034 3736 5086 iter

2155 5097 2379 5172 faciunt,
2420 5114 2540 5172 cum
2570 5115 2714 5164 cum,
2739 5097 2898 5170 quem
2929 5106 3162 5157 maxime
3193 5097 3399 5172 optant,
3433 5114 3726 5171 nequeunt,

2154 5168 2459 5241 proximum
2486 5171 2558 5223 illi
2602 5168 2803 5236 tamen,
2827 5188 3132 5241 quanquam
3158 5168 3264 5228 non
3310 5174 3444 5227 adeo
3481 5168 3721 5226 commo-

2154 5240 2300 5297 dum,
2328 5252 2543 5293 cursum
2569 5250 2753 5295 tenere
2794 5240 3075 5297 cenantur.
3120 5262 3139 5294 ι

2224 5308 2335 5429 (67)
2362 5311 2433 5363 Ἣ
2454 5309 2550 5362 διὰ
2572 5311 2678 5363 τοῦ
2708 5310 2994 5378 κάλλους,
3023 5323 3125 5366 etc.
3149 5311 3201 5365 Id
3227 5321 3329 5372 est,
3355 5311 3451 5366 «ob
3473 5311 3723 5365 eximiam

2249 5379 2605 5429 cltriludinem
2636 5381 3206 5429 elegantissimumnue
3254 5396 3434 5429 rerum
3486 5381 3718 5429 sensibi-

2157 5379 2605 5450 pulcltritudiuem
2636 5381 3206 5450 elegantissimumque
3254 5396 3434 5435 rerum
3486 5381 3718 5434 sensibi-

2154 5447 2283 5499 lium
2310 5448 2573 5512 ordinem,
2635 5447 2969 5504 divinitatem
3014 5447 3173 5507 rebus
3206 5452 3335 5518 ipsis
3373 5451 3718 5505 sensibilibus

2155 5518 2376 5574 tribuat.
2410 5532 2474 5572 ac
2496 5520 2565 5572 ita
2594 5520 2758 5573 Deum
2788 5522 3018 5575 amittat.
3047 5540 3074 5573 ο

2380 5589 2699 5661 Ἐνομίσθη
2735 5592 2939 5659 νόμος.
2970 5591 3184 5652 Comb.,
3216 5608 3378 5661 νομος
3413 5606 3643 5661 εγενετο..

2222 5658 2332 5727 (69)
2385 5660 2774 5715 Δυναστείαν.
2807 5662 2898 5715 Sic
2966 5664 3071 5715 duo
3130 5658 3321 5728 lieggl.
3377 5671 3487 5717 tres
3542 5658 3716 5722 (2011).,

2150 5727 2313 5785 Coisl.
2339 5728 2391 5796 1,
2418 5727 2509 5785 0r.
2546 5729 2569 5782 1
2605 5738 2659 5786 et
2683 5730 2803 5788 Par.
2823 5731 2879 5786 ltt
2909 5731 3020 5800 ed.,
3053 5727 3383 5795 δυναστείας.
