4038 6338
224 393 296 451 ‘5
1273 387 1531 446 ORATIO
1574 386 1806 444 XXVIII.

1953 386 2393 446 THEOLOGICA
2430 391 2497 446 ll.
3416 393 3487 450 46

224 505 442 566 σαντες,
473 501 571 556 καὶ
604 501 800 566 κάλλος
829 497 1230 569 θαυμάσαντες,
1273 498 1392 552 Θεὸν
1429 499 1693 570 ἐποίησαν
1740 497 1816 569 τῷ

1930 512 2042 568 que,
2076 515 2268 571 nempe
2297 502 2357 568 ii,
2382 503 2474 572 qui
2526 510 2708 560 mu.tts
2749 513 2871 576 post
2903 517 2997 560 eos
3025 503 3240 560 saeculis
3263 505 3490 561 exstite-

223 595 401 665 χρόνῳ
436 595 528 647 τὸν
579 593 911 664 τιμώμενον,
959 589 1392 661 προσλαϐόμενοί
1425 591 1536 661 (70)
1568 607 1688 644 τινα
1726 589 1822 642 καὶ

226 681 401 752 μῦθον
421 685 521 753 τῆς
543 681 818 752 ἐξαπάτης
852 681 964 750 (71)
988 678 1298 749 ἐπίκουρον.

1930 601 2074 655 runt,
2108 592 2444 662 ignoratione
2463 595 2716 650 videlicet
2761 597 2950 665 prima:
2987 595 3132 650 illius
3161 605 3390 659 naturae,
3427 611 3492 652 ac
3553 582 3573 594 ’

1833 688 1840 694 “
1929 683 2072 737 serie
2103 698 2199 754 per
2229 700 2422 741 manus
2470 686 2601 756 ipsis
2650 701 2680 740 a
2718 686 3016 757 majoribus
3064 687 3245 742 traditi
3287 687 3488 753 cultus,

225 775 384 844 quasi
432 775 566 843 justi
591 785 644 831 et
680 774 990 830 necessarii.
1017 773 1361 829 Consuetudo
1416 773 1586 838 enim,
1655 774 1913 844 temporis
1955 776 2348 848 longinquitate
2410 783 2761 848 conﬁrmata,
2826 797 2923 852 pro
2972 782 3088 852 lege
3149 782 3330 837 habita
3388 793 3491 858 est‘

229 866 528 922 Nonnullos
555 868 718 922 etiam
743 868 911 922 fuisse
965 867 1224 932 arbitror,
1285 865 1377 936 qui
1443 880 1709 920 summam
1751 865 1976 934 alicujus
2038 877 2361 938 potestatem
2408 871 2557 926 omni
2603 872 2944 927 observantia
2980 876 3251 938 colentes,
3285 885 3338 930 et
3365 889 3492 931 cor-

229 957 377 1030 poris
406 960 574 1013 robur
609 958 857 1013 laudibus
893 956 1204 1022 efferentes,
1235 971 1299 1012 ac
1324 955 1510 1011 formae
1543 966 1879 1012 venustatem
1908 959 2258 1028 admirantes,
2290 977 2412 1018 eum
2473 964 2713 1027 tandem,
2776 977 2934 1030 quem
2999 965 3360 1030 honorabant,
3429 967 3482 1022 in

235 1055 468 1108 deorum
515 1067 805 1108 numerum
845 1053 1234 1124 ascripserint,
1298 1051 1365 1106 ad
1413 1051 1720 1120 hujusmodi
1785 1051 2094 1123 impostura:
2133 1057 2434 1112 subsidium
2485 1066 2540 1112 et
2588 1056 2946 1126 patrocinium
2975 1099 2988 1126 ,
3063 1057 3272 1114 fabulas
3322 1073 3486 1128 quas-

232 1148 354 1204 dam
396 1157 764 1204 assumentes.

299 1237 407 1297 IE’.
451 1244 514 1296 οι
562 1243 962 1316 ἐμπαθέστεροι
990 1242 1046 1297 δὲ
1065 1242 1244 1297 αὐτῶν
1277 1242 1372 1296 καὶ
1396 1242 1467 1296 τά
1503 1241 1649 1313 πάθη
1669 1241 1825 1307 Θεοῦς

226 1334 513 1403 ἐνόμισαν,
538 1334 570 1404 ἦ
601 1333 756 1397 Θεοὺς
786 1335 896 1405 (72)
919 1334 1207 1404 ἐτίμησαν,
1244 1333 1436 1404 Θυμδν,
1463 1334 1556 1387 καὶ
1608 1352 1826 1404 μιαιφο-

235 1425 372 1488 δξαν,
412 1426 512 1479 καὶ
563 1425 871 1494 ἀσέλγειαν,
903 1426 997 1479 καὶ
1057 1425 1249 1496 μέθην,
1293 1425 1387 1478 καὶ
1435 1425 1536 1478 οὐκ
1581 1421 1676 1478 οἷδ’
1707 1427 1735 1478 ὃ
1773 1443 1826 1478 τι

229 1516 364 1570 ἄλλο
381 1516 492 1568 τῶν
509 1515 719 1580 τούτοις
737 1515 1154 1587 παραπλησίων·
1177 1516 1237 1568 ού
1256 1514 1444 1585 καλὴν,
1469 1515 1584 1567 ούδέ
1613 1515 1824 1568 δικαίαν

229 1606 440 1677 ταύτην
473 1607 774 1674 ἀπολογίαν
802 1606 1091 1679 εὑράμενοι
1122 1605 1228 1660 τῶν
1261 1607 1475 1659 οἰκείων
1498 1608 1826 1677 ἁμαρτημά-

231 1714 364 1751 των.
411 1697 526 1749 Καὶ
556 1696 681 1760 τοὺς
729 1696 830 1767 μὲν
855 1697 1071 1767 ἀφῆκαν
1102 1697 1254 1749 κάτω
1285 1696 1422 1763 (75),
1448 1697 1574 1759 τοὺς
1611 1696 1668 1748 δὲ
1720 1696 1825 1749 ὑπὸ

2001 1241 2160 1312 507
2193 1238 2309 1294 XV.
2343 1237 2460 1294 Jam
2484 1239 2819 1295 v1tt05tssimi
2851 1238 3052 1308 quique
3082 1238 3210 1293 vitia
3238 1238 3353 1309 ipsa
3389 1240 3502 1296 [ωι

1930 1333 2135 1400 desque
2162 1328 2384 1384 all‘ectus
2408 1329 2538 1386 deos
2562 1343 2684 1384 esse
2711 1338 3075 1397 censuerunt,
3103 1340 3198 1385 aut
3219 1342 3365 1386 certe
3392 1333 3495 1388 sub

1931 1423 2157 1479 deorum
2211 1422 2427 1476 nomine
2455 1421 2762 1488 coluerunt,
2801 1422 2936 1476 iram
2963 1423 3243 1486 nimirum,
3269 1424 3493 1490 caedem,

1929 1515 2228 1578 libidinem,
2262 1515 2655 1579 temulentiam,
2681 1525 2736 1570 et
2767 1522 2958 1570 extera
2987 1515 3102 1584 ejus
3129 1517 3365 1586 generis,
3391 1531 3498 1571 non

1931 1619 2159 1674 aequam,
2195 1618 2294 1659 nec
2329 1604 2610 1658 honestam
2660 1604 2800 1659 hanc
2833 1605 3099 1660 scelerum
3131 1619 3352 1660 suorum
3402 1620 3499 1660 ex-

1930 1695 2262 1750 cusationem
2291 1695 2457 1750 nacti.
2494 1698 2669 1766 Atque
2697 1711 2790 1752 eos
2841 1698 3034 1766 partim
3077 1697 3130 1754 in
3179 1695 3336 1752 terra'
3365 1697 3496 1752 reli—

231 1781 343 1856 γῆν
404 1787 650 1859 ἔκρυψαν
695 1785 830 1858 (74),
879 1787 1039 1840 τοῦτο
1095 1785 1331 1848 συνετῶς
1373 1786 1553 1855 μόνον·
1585 1785 1711 1849 τοὺς
1768 1785 1825 1838 δὲ

1930 1796 2187 1856 querunt,
2221 1787 2416 1855 partim
2437 1786 2576 1842 infra
2604 1797 2803 1842 terram
2832 1788 3314 1853 occultarunt,hoc
3331 1805 3496 1844 unum

230 1877 515 1947 ἀνήγαγον
546 1879 624 1938 εἰς
660 1876 751 1929 τὸν
774 1877 997 1946 οὐρανόν
1025 1876 1162 1945 (75).
1208 1876 1272 1926 Ὢ
1310 1875 1408 1945 τῆς
1449 1875 1663 1944 γελοίας
1696 1875 1826 1944 κλη-

231 1969 520 2039 ροδοσίαςέ
579 1962 713 2020 Εἶτα
764 1967 980 2038 ἑκάστῳ
1031 1966 1140 2020 τῶν
1186 1966 1523 2036 πλασμάτων
1551 1966 1722 2037 ὄνομά
1774 1984 1827 2020 τι

231 2059 376 2113 Θεῶν
419 2059 452 2130 ἢ
482 2059 754 2130 δαιμόνων
783 2058 1237 2128 ἐπιφημίσαντες,
1269 2057 1408 2110 κατὰ
1446 2058 1542 2129 τὴν
1583 2058 1828 2123 ἐξουσίαν

231 2149 334 2202 καὶ
371 2148 702 2219 αὐτονομίαν
755 2148 854 2217 τῆς
900 2147 1128 2218 πλάνης,
1157 2149 1249 2202 καὶ
1283 2149 1576 2219 ἀγάλματα
1606 2149 1828 2220 ἱδρυσά-

233 2257 416 2310 μενοι,
463 2232 541 2290 ὧν
583 2238 676 2292 καὶ
716 2238 778 2292 τὸ
827 2239 1117 2302 πολυτελὲς
1167 2239 1380 2311 δέλεαρ
1415 2241 1610 2310 αἵμασι
1639 2258 1695 2293 τε
1735 2241 1829 2293 καὶ

234 2326 514 2390 κνίσσαις,
566 2325 683 2379 ἔστι
720 2326 776 2379 δέ
818 2328 873 2380 οἴ
918 2345 980 2396 γε
1015 2327 1150 2398 (76),
1189 2329 1282 2381 καὶ
1314 2329 1548 2399 πράξεσι
1580 2329 1700 2382 λίαν
1744 2332 1830 2384 αἱ-

234 2421 457 2489 σχραῖς,
503 2418 727 2489 μανίαις
754 2435 812 2471 τε
845 2419 938 2472 καὶ
967 2418 1463 2489 ἀνθρωποκτονίαις
1508 2423 1673 2491 τιμᾷν
1709 2423 1830 2475 τού-

231 2523 366 2571 τους
394 2509 506 2579 (77)
534 2508 814 2578 ἐνόμισαν·
847 2508 1102 2571 τοιαύτας
1123 2509 1230 2579 γάρ
1258 2509 1496 2578 ἔπρεπεν
1520 2508 1660 2564 εἶναι
1691 2511 1828 2564 Θεῶν

235 2599 500 2652 τοιούτων
519 2601 615 2652 καὶ
641 2598 741 2662 τάς
768 2600 952 2670 τιμάς.
985 2600 1122 2670 Ἤδη
1166 2601 1222 2653 δὲ
1246 2601 1341 2654 καὶ
1370 2602 1661 2665 κνωδάλοις
1694 2603 1827 2675 (78),

238 2691 340 2743 δια)⁵
369 2685 746 2761 τετραπόόοις,
775 2692 870 2744 καὶ
918 2691 1192 2760 ἑρπετοῖς,
1237 2691 1334 2745 καὶ
1363 2691 1569 2745 τούτων
1603 2695 1712 2756 τοῖς
1748 2694 1830 2746 αἱ·

237 2781 486 2852 σχίστοις
533 2800 592 2835 τε
646 2783 740 2836 καὶ
771 2783 1132 2851 γελοιοτάτοις
1189 2783 1417 2845 ἑαυτοὺς
1470 2783 1828 2854 καθύϐρισαν,

239 2872 341 2926 καὶ
362 2876 573 2934 τοέτοις
594 2872 850 2941 φέροντες
874 2872 971 2943 τὴν
1003 2871 1093 2924 τοῦ
1123 2871 1256 2925 Θεοῦ
1281 2869 1438 2935 δόξαν
1463 2873 1827 2943 προσέθηκαψ

236 2961 316 3026 ὡς
340 2963 413 3033 μὴ
434 2964 615 3035 ῥᾴδιον
633 2959 767 3017 εἷναι
781 2965 980 3034 κρῖναι,
998 2963 1125 3016 ποτέ
1136 2981 1240 3029 ρων
1257 2963 1366 3034 (79)
1381 2964 1462 3015 δεῖ
1477 2967 1830 3034 καταφρονεῖν

242 3053 467 3125 μᾶλλον.
490 3055 598 3108 τῶν
620 3055 1086 3126 προσκυνούντων,
1116 3055 1148 3126 ἢ
1184 3055 1292 3107 τῶν
1318 3071 1625 3126 προσκυνου
1635 3058 1828 3128 μένων·

1931 1877 2066 1930 satis
2089 1876 2354 1943 consulte,
2391 1878 2586 1946 partim
2629 1879 2682 1932 in
2721 1879 2914 1934 caelum
2948 1890 3244 1934 evexerunt
3274 1899 3287 1936 :
3319 1897 3352 1935 ο
3377 1881 3503 1936 ridi-

1927 1963 2102 2020 culam
2134 1966 2468 2020 haereditatis
2497 1967 2847 2034 partitionem
2875 1969 2888 2022 !
2926 1969 3004 2022 Ac
3032 1969 3226 2028 deinde
3273 1985 3370 2038 pro
3414 1985 3498 2024 er-

1929 2055 2072 2111 roris
2099 2055 2346 2111 libertate
2374 2067 2427 2112 et
2457 2056 2670 2112 licentia
2693 2097 2707 2124 ,
2743 2058 3000 2128 ﬁgmento
3047 2060 3241 2128 cuique
3304 2075 3498 2114 nomen

1928 2146 2165 2216 aliquod,
2191 2148 2275 2202 vel
2313 2147 2560 2213 deorum,
2594 2148 2676 2202 vel
2701 2151 3002 2204 datmonum
3033 2151 3366 2215 indiderunt,
3393 2160 3498 2204 sta-

1931 2247 2156 2309 tuasque
2183 2240 2403 2308 insnpcr
2441 2249 2752 2306 erexerunt,
2781 2256 2979 2310 easque
3021 2243 3155 2296 adeo
3183 2241 3500 2312 magniﬁcas

1929 2339 1984 2386 et
2014 2331 2344 2386 excellentes
2369 2369 2384 2396 ,
2420 2342 2476 2385 ut
2507 2331 2684 2399 pretio
2714 2332 2828 2400 ipso
2862 2331 3004 2401 vulgi
3044 2333 3252 2388 animos
3286 2333 3494 2388 inesca-

1930 2429 2072 2475 rent.
2096 2420 2178 2474 Ad
2221 2421 2334 2475 haec
2364 2435 2460 2490 per
2487 2432 2710 2476 cruores
2746 2430 2800 2475 et
2831 2422 3072 2475 carnium
3101 2422 3354 2489 nidores',
3380 2422 3498 2492 qui-

1930 2511 2051 2566 dam
2093 2511 2254 2565 etiam
2287 2525 2382 2580 per
2418 2511 2661 2566 actiones
2690 2512 2743 2564 in
2775 2512 2962 2580 primis
3009 2511 3180 2568 foedas
3203 2553 3218 2580 ,
3258 2513 3360 2568 hoc
3395 2522 3496 2578 est,

1930 2601 2142 2658 frores
2175 2616 2240 2656 ac
2273 2601 2448 2656 caedes
2469 2640 2484 2666 ,
2521 2601 2824 2670 hujusmodi
2873 2607 3090 2655 numina
3126 2602 3229 2656 rite
3259 2602 3360 2658 coli
3392 2604 3502 2656 exi-

1935 2695 2262 2758 stimarunt;
2313 2692 2447 2745 tales
2483 2692 2678 2762 quippe
2714 2691 2908 2746 talibus
2933 2692 3037 2747 diis
3060 2692 3291 2748 honores
3313 2694 3500 2749 haberi

1932 2782 2308 2838 conveniebat.
2362 2782 2438 2837 Eo
2474 2783 2636 2836 etiam
2673 2782 2920 2836 amentiae
2974 2784 3191 2852 quidam
3242 2799 3503 2856 prorupe—

1934 2883 2083 2941 runt,
2111 2883 2172 2929 ut
2207 2874 2449 2930 colendis
2476 2875 2685 2940 avibus,
2709 2882 2762 2928 et
2789 2876 3244 2945 quadrupedibus,
3263 2886 3318 2932 et
3343 2880 3502 2948 repti«

1932 2965 2074 3020 libus
2108 2966 2176 3032 ⁸⁸,
2205 2975 2368 3035 atque
2396 2967 2588 3020 horum
2633 2966 2961 3036 turpissimis
2993 2969 3295 3037 quibusque
3332 2971 3505 3025 maxi-

1936 3072 2130 3128 meque
2165 3058 2408 3113 ridiculis
2431 3098 2445 3122 ,
2484 3059 2689 3126 seipsos
2720 3057 3047 3113 contumelia
3075 3057 3368 3123 allicerent,
3404 3059 3501 3114 iis-

235 3147 384 3217 τάχα
428 3147 485 3200 δὲ
522 3146 616 3201 καὶ
648 3147 781 3200 πολὺ
814 3147 973 3199 πλέον
1005 3145 1112 3199 τῶν
1143 3143 1532 3213 λατρευόντων,
1566 3147 1647 3200 ὅτι
1677 3147 1827 3218 λογι-

1936 3165 2040 3220 que
2088 3151 2181 3206 Dei
2242 3150 2470 3221 gloriam
2525 3150 2894 3204 attribuerunt
2923 3157 3020 3204 :ut
3069 3165 3176 3204 non
3225 3151 3295 3204 sit
3343 3150 3507 3207 facile

238 3240 351 3309 κῆς
397 3241 550 3302 ὄντες
609 3239 843 3309 ιρύσεως,
888 3239 984 3292 καὶ
1035 3238 1195 3309 χάριν
1229 3239 1364 3292 Θεοῦ
1407 3238 1716 3310 δεξάμενοι,
1766 3241 1828 3294 τὸ

235 3333 429 3402 χεῖρον
453 3331 529 3393 ὡς
570 3331 792 3402 ἄμεινον
827 3331 1233 3402 προεστήσαντο
1259 3329 1390 3400 (80)·
1424 3329 1519 3383 καὶ
1545 3329 1703 3383 τοῦτο
1734 3331 1828 3385 τοῦ

236 3420 487 3492 πονηροῦ
508 3422 569 3474 τὸ
595 3423 855 3492 σόφισμα,
881 3420 958 3492 τῷ
998 3419 1147 3492 καλῷ
1172 3421 1659 3492 καταχρησαμένου
1692 3422 1828 3491 πρὸς

233 3512 304 3568 τὸ
329 3514 519 3577 κακὸν,
543 3507 632 3566 οἶα
656 3513 724 3568 τά
755 3513 926 3566 πολλά
952 3512 1058 3567 τῶν
1086 3512 1296 3565 ἐκείνου
1331 3511 1825 3582 κακουργημάτων.

237 3601 586 3678 Παραλαϐὼν
643 3605 753 3674 γάρ
798 3604 976 3659 αὐτῶν
1011 3603 1099 3657 τὸν
1123 3602 1286 3656 πόθον
1314 3601 1666 3672 πλανώμενον
1713 3602 1824 3673 (8i)

239 3697 390 3750 κατὰ
446 3696 582 3749 Θεοῦ
635 3697 882 3766 ζήτησιν,
919 3691 985 3748 ἵν’
1015 3696 1095 3757 εἰς
1133 3693 1323 3746 ἑαυτὸν
1359 3691 1473 3763 (8‘2)
1513 3692 1827 3766 περισπάσῃ

240 3789 307 3844 τὺ
332 3785 552 3860 κράτος,
579 3790 673 3842 καὶ
715 3787 883 3859 κλέψῃ
909 3786 1006 3858 τὴν
1032 3785 1234 3853 ἔφεσιν·
1269 3784 1456 3854 ὥσπερ
1486 3783 1680 3852 τυφλὸν
1715 3802 1828 3854 χει-

243 3881 517 3953 ραγωγῶν
562 3880 680 3934 ὁδοῦ
707 3897 848 3944 τινος
876 3879 1177 3949 ἐφιέμενον,
1208 3874 1400 3937 ἄλλους
1427 3873 1658 3944 ἀλλαχοῦ
1692 3891 1826 3927 κατ-

241 3969 581 4044 εκρήμνισε,
635 3973 729 4026 κα)⁵
771 3970 1076 4040 διέσπειρεν
1134 3970 1214 4032 εἰς
1257 3968 1315 4021 ἐν
1355 3986 1407 4022 τι
1436 3967 1666 4020 θανάτου
1733 3965 1826 4020 κα)¹

240 4065 528 4128 ἀπωλείας
560 4063 854 4136 βάραθρον.

1933 3241 2261 3297 constituere
2285 3280 2299 3305 ,
2335 3243 2440 3297 utri
2474 3243 2647 3312 magis
2679 3241 3062 3296 contemnendi
3106 3241 3236 3305 sint,
3275 3242 3382 3296 iine
3411 3244 3503 3313 qui

1933 3330 2338 3395 adorabant,an
2370 3331 2459 3400 qui
2486 3333 2872 3387 adorabantur.
2905 3331 3158 3386 Fortasse
3182 3347 3309 3387 vero
3337 3333 3506 3387 multo

1932 3421 2123 3490 majori
2153 3430 2467 3489 contemptu
2503 3431 2664 3490 atque
2695 3423 2985 3490 ignominia
3027 3424 3174 3493 digni
3207 3433 3382 3489 erant,
3411 3428 3504 3494 qui

1934 3524 2022 3565 res
2080 3508 2391 3578 huiusmodi
2423 3511 2758 3576 adorabant;
2805 3512 3057 3580 quoniam
3087 3552 3102 3579 ,
3133 3527 3257 3566 cum
3311 3523 3505 3569 natura

1933 3602 2144 3656 ratione
2173 3602 2397 3671 praedita
2425 3603 2602 3658 ornati
2633 3612 2842 3670 essent,
2871 3602 3073 3672 Deique
3099 3605 3328 3674 gratiam
3353 3621 3508 3661 accc-

1933 3694 2172 3762 pissent,
2209 3696 2449 3750 deterius
2494 3695 2702 3750 meliori
2745 3695 3119 3764 praetulerunt.
3159 3698 3335 3766 Atque
3389 3699 3511 3754 haec

1941 3777 2042 3835 fuit
2066 3784 2216 3851 pravi
2245 3783 2387 3838 illius
2432 3783 2700 3839 calliditas
2728 3794 2783 3840 et
2811 3785 3103 3854 impostura
3127 3825 3143 3850 ,
3174 3801 3234 3840 re
3267 3787 3404 3842 bona
3437 3789 3512 3844 ad

1935 3873 2134 3927 malum
2161 3863 2496 3940 'abutentis;
2525 3877 2702 3946 qualia
2753 3885 2879 3930 sunt
2914 3876 3174 3946 pleraque
3208 3878 3348 3934 illius
3374 3893 3506 3933 ver-

1933 3977 2051 4020 suta
2078 3963 2344 4025 facinora.
2380 3967 2511 4022 Nam
2539 3985 2659 4024 cum
2682 3984 2870 4024 eorum
2915 3969 3265 4038 cupiditatem
3307 3972 3371 4025 ad
3407 3973 3506 4027 Dei

1933 4059 2390 4126 conquisitionem
2412 4060 2754 4115 oberrantem
2788 4060 3111 4130 accepisset,
3141 4071 3201 4115 ut
3233 4063 3505 4133 principa-

244 4168 366 4214 tum
393 4161 462 4213 ad
497 4175 557 4214 se
583 4159 936 4222 transferret,
975 4171 1038 4212 ac
1066 4153 1389 4211 desiderium
1422 4167 1611 4208 eorum
1675 4149 1938 4215 eluderet,
1971 4153 2125 4220 quasi
2192 4169 2429 4239 εεικειιιη⁸
2466 4153 2566 4207 viae
2631 4152 2906 4222 cujusdam
2939 4153 3234 4240 cupiditate
3273 4155 3506 4226 ﬂagrau-

246 4257 363 4305 zeut
423 4251 812 4317 manuduccns,
845 4250 981 4306 alios
1027 4248 1133 4304 alio
1160 4245 1466 4318 praecipites
1497 4245 1626 4314 egit,
1658 4253 1819 4304 atque
1858 4243 1912 4298 in
1978 4260 2139 4299 unum
2181 4245 2446 4315 quoddam
2522 4245 2708 4306 mortis
2754 4245 3014 4314 exitiique
3080 4245 3398 4302 barathrum
3429 4249 3506 4304 di-

248 4346 476 4415 spersit.

325 4439 442 4505 15,".
475 4429 640 4492 Οὗτοι
668 4437 769 4508 μὲν
793 4437 857 4508 δὴ
878 4436 1067 4490 ταῦτα·
1093 4435 1240 4507 ἡμᾶς
1287 4432 1342 4486 δὲ
1373 4435 1400 4486 ὁ
1422 4431 1578 4501 λόγος
1599 4431 1827 4503 δεξάμε-

2006 4429 2143 4488 XVI.
2170 4431 2348 4504 Atque
2373 4433 2489 4487 hmc
2519 4430 2736 4500 quidem
2773 4428 2868 4482 illi.
2903 4427 3010 4482 Nos
3041 4435 3242 4492 autem,
3283 4428 3377 4508 Dei
3411 4431 3508 4484 de-

243 4529 684 4600 νοςὲφιεμένους
713 4523 869 4590 Θεοῦ,
903 4527 995 4580 κα)⁵
1027 4527 1099 4596 μὴ
1149 4523 1508 4594 ἀνεχομένους
1546 4521 1605 4575 τὸ
1637 4522 1832 4592 ἀνηγε-

247 4624 514 4695 μόνευτον
562 4639 620 4675 τε
660 4621 756 4674 καὶ
804 4618 1191 4690 ἀκυϐέρνητον·
1234 4611 1355 4668 εἶτα
1382 4617 1493 4677 τοῖς
1533 4607 1833 4684 ὁρωμένοις

244 4712 607 4783 προσϐάλλων
634 4711 768 4779 (85),
787 4712 1009 4772 καὶτοῖς
1035 4705 1288 4777 ἀπαρχῆς
1319 4703 1682 4774 ἐντυγχάνων,
1708 4703 1832 4758 οὔτε

320 4808 367 4838 ⁵⁸
400 4807 554 4860 Rom.
587 4820 627 4865 ι,
659 4804 750 4857 25.

323 4921 436 4990 (70)
463 4919 966 4990 Προσλαϐὁμενοι.
983 4916 1212 4990 _Ct_tm_b.,
1234 4911 1646 4990 προσλαϐόντες.

323 4985 434 5052 (71)
469 4985 827 5056 Ἑξαπάτηζι.
857 4987 1019 5042 Coisl.
1045 4987 1095 5047 1,
1114 4985 1524 5056 ἐξαπατήσεως.

322 5061 434 5130 (72)
472 5062 676 5125 Θεούς.
697 5053 866 5130 Deest
886 5059 936 5111 in
967 5056 1137 5130 _Ot'._-i.
1170 5055 1222 5106 In
1247 5053 1356 5130 ed.,
1386 5053 1546 5114 θεοῖς.

321 5121 434 5200 (75)
462 5133 571 5184 Kal
614 5121 913 5200 έοιὺςίμὲν
948 5122 1380 5200 ἀρῆκατς-κὰτω
1405 5161 1419 5186 ,
1471 5131 1578 5174 etc.
1629 5121 1833 5200 Alludit

247 5193 545 5268 Gregorius
587 5200 652 5251 ad
711 5193 1008 5268 fabulosam
1044 5194 1386 5262 partitionem
1414 5231 1428 5255 ,
1476 5207 1590 5268 qua
1631 5193 1826 5268 coelum

245 5261 390 5332 Jm‘i,
433 5286 583 5324 mare
609 5269 875 5336 Neptuno,
921 5261 1216 5336 inferorum
1264 5261 1502 5332 regnum
1537 5262 1742 5316 Plutoni
1774 5261 1826 5315 in

247 5354 452 5399 sortem
493 5334 723 5392 cessisse
751 5337 905 5390 tinxit
933 5334 1246 5404 antiquitas.

322 5411 435 5480 (74)
459 5412 794 5477 Ἔκρυψαν.
833 5407 964 5475 Reg.
1013 5400 1209 5475 Cipn,
1241 5401 1575 5474 ἀπέρριψαν,
1619 5418 1638 5452 ι
1675 5400 1822 5456 abie-

246 5492 460 5539 cernat.
494 5498 512 5532 ι

317 5553 431 5609 (75)
463 5551 573 5604 Τὸν
594 5549 878 5617 οὐρανόν.
909 5546 1067 5600 Deest
1084 5544 1184 5617 τόν
1210 5544 1270 5617 in
1311 5543 1482 5617 Oril.
1515 5611 1527 5617 _
1627 5572 1667 5617 _-

321 5608 432 5693 (τις)
467 5608 750 5676 Ἔστι’δὲ
785 5619 843 5672 οἵ
891 5631 977 5684 τε.
1004 5614 1157 5673 Colb.
1202 5614 1253 5666 ι.
1291 5623 1343 5668 et
1378 5611 1592 5677 Camn,
1624 5610 1735 5662 εστ,
1769 5608 1826 5663 δὲ

246 5695 359 5748 ὅτε.
1551 5725 1556 5730 .

327 5765 435 5831 (Π)
468 5763 646 5834 Τιμᾷν
696 5761 967 5826 τούτους.
1029 5753 1121 5813 Sic
1178 5753 1310 5827 Reg.
1371 5753 1529 5824 Cypr.
1572 5751 1630 5807 ln
1670 5751 1800 5807 edit.

1938 4524 2138 4580 siderio
2169 4525 2456 4594 ﬂagrantes
2477 4563 2492 4586 ,
2525 4530 2688 4588 atque
2728 4517 2927 4572 animis
2951 4517 3022 4570 ita
3055 4526 3422 4586 comparatos,
3445 4531 3510 4574 ut

1939 4618 2340 4670 universitatem
2368 4617 2506 4669 hanc
2541 4615 2676 4668 duce
2709 4622 2872 4679 atque
2923 4610 3286 4679 gubernatore
3317 4624 3505 4666 carere

1939 4707 2085 4763 nullo
2135 4707 2290 4762 modo
2320 4706 2605 4761 admittere
2635 4717 2921 4774 queamus,
2951 4700 3086 4755 ratio
3118 4700 3415 4770 excipiens,
3443 4718 3508 4757 ac

1925 4911 2080 4946 τουτο
2101 4911 2284 4963 τιμάν.
3224 4951 3236 4963 ,

1949 5033 1955 5034 ί
1997 4964 2106 5034 (⁵18)
2136 4951 2500 5027 minarum.
2543 4959 2690 5014 Elias
2746 4975 2764 5008 ι
2807 4969 2934 5010 aves
2991 4972 3012 5006 ι
3071 4949 3335 5034 intelligit.
3395 4949 3504 5034 But

1928 5030 2097 5116 dae'us,
2129 5054 2146 5085 ι
2180 5037 2319 5089 feras
2357 5052 2376 5085 ι
2435 5041 2545 5086 tam
2589 5037 2901 5091 terrestres,
2932 5038 3092 5094 quam
3139 5030 3416 5090 aquaticas
3452 5030 3507 5077 et

1928 5118 2428 5245 Ποτέρων.
2460 5171 2551 5227 Sic
2580 5169 2741 5225 Coisl.
2779 5167 2830 5232 l,
2870 5173 2925 5221 et
2951 5172 3060 5220 tres
3085 5160 3235 5217 Colb.
3266 5160 3393 5229 Alii,
3413 5160 3505 5214 πό-

1927 5244 2105 5316 τερον,
2144 5261 2329 5313 prave.
2363 5245 2522 5316 Eutr.

1999 5301 2111 5388 (80)
2142 5301 2624 5384 Προεστήσαντο.
2673 5307 2806 5378 Reg.
2855 5306 3045 5375 Cypr.,
3097 5301 3503 5373 προετιμήσαν-

1926 5405 2745 5532 το(81)Πλανώμεῂονλ,ίὶοξεὴ
2777 5449 2834 5532 1,
2865 5442 3266 5532 πλανωμένωνὶ
3334 5508 3426 5532 me

1977 5508 2108 5603 .ἰὲἐὶ
2136 5508 2495 5603 ἓὶῖέᾳῦξόν.
2513 5521 2617 5603 _Sic
2633 5521 2756 5603 Δ(ιιεο
2777 5508 2969 5603 ιϊςςε..
3002 5508 3110 5569 tres
3141 5511 3314 5576 Colb.,
3333 5508 3477 5596 Coisl
3496 5553 3502 5564 .

1928 5603 1952 5657 1
1996 5589 2050 5656 et
2079 5589 2132 5665 3,
2160 5589 2347 5654 (South.
2386 5599 2438 5649 In
2463 5594 2572 5657 ed.,
2599 5591 2680 5665 εές
2707 5589 2904 5659 ἑαυτήν

1926 5648 2570 5794 ᾆνῐὲδῖἠὶῦἇέἀωωνί
2617 5648 2752 5732 n'eg.
2825 5648 2885 5723 θ’,
2941 5665 2996 5712 et
3044 5654 3136 5710 0r.
3190 5653 3254 5720 ι,
3301 5648 3504 5723 προϐα-

1949 5762 2051 5798 ων.
3068 5759 3070 5762 ν
