4038 6338
506 354 576 410 Η
1747 351 1802 407 S.
1843 351 2071 409 GREGO

2211 348 2556 412 THEOLOGI
2843 429 2846 432 λ
3688 361 3760 417 ιε

507 462 700 522 deinde
731 461 783 516 in
824 476 910 517 res
939 461 1110 517 oculis
1144 459 1417 528 subiectas
1463 462 1700 528 intuens,
1745 473 1906 534 atque
1941 466 2071 520 adeo

2184 467 2344 538 μέχρι
2381 469 2585 522 τούτων
2615 467 2862 540 ἔστησεν.
2905 471 2978 524 Οὐ
3013 471 3121 542 γὰρ
3154 467 3222 544 ἦν
3261 463 3427 540 ’λόγου
3457 473 3640 527 δοῦναι
3663 473 3758 545 τὴν

504 573 594 624 ea,
623 570 743 628 quae
765 557 832 610 ab
865 556 1020 612 initio
1049 556 1262 611 condita
1295 565 1442 623 sunt,
1486 556 1860 623 considerans,
1893 574 1961 612 ne
1989 560 2078 614 hic

504 654 720 725 quidem
765 651 929 723 508
981 648 1204 718 gradum
1254 647 1393 702 ﬁxit.
1435 647 1621 718 Neque
1661 649 1806 703 enim
1849 651 2076 706 rationis

502 755 642 811 eral,
674 745 762 810 iis,
796 758 914 812 qum
935 782 950 807 ,
983 748 1244 811 quantum
1272 741 1337 794 ad
1377 753 1616 803 sensum,
1651 741 1767 808 pari
1793 741 2074 796 nobiscum

502 838 807 894 conditione
835 844 1001 898 sunt,
1029 833 1390 902 principatum
1427 831 1576 885 dare.
1610 831 1749 898 Quin
1784 833 1960 900 potius
1982 847 2079 887 co-

502 945 620 986 rum
647 941 748 996 ope
779 934 941 994 atque
985 924 1296 994 adiumento
1330 938 1426 976 nos
1453 922 1521 975 ad
1555 922 1605 976 id
1627 962 1642 987 ,
1685 924 1828 992 quod
1861 923 1940 978 his
1985 939 2076 978 su-

499 1021 681 1092 perius
713 1025 814 1082 est,
839 1015 1103 1087 cujusque
1133 1013 1396 1069 beneﬁcio
1425 1013 1540 1067 hac
1579 1023 1725 1078 sunt,
1753 1013 2074 1080 ducit.Qnid

499 1110 645 1168 enim
681 1111 891 1165 tandem
925 1108 1054 1162 illud
1087 1114 1200 1171 est,
1230 1106 1372 1174 quod
1401 1105 1643 1160 coelestia
1680 1117 1731 1161 et
1777 1106 2072 1172 terrestria,

501 1217 764 1277 quisque,
797 1199 880 1255 vel
913 1213 1008 1269 per
1050 1213 1228 1252 aerem
1249 1239 1264 1263 ,
1298 1198 1378 1252 vel
1420 1211 1516 1267 per
1564 1211 1756 1264 aquam
1801 1196 2070 1260 feruntur,

499 1297 584 1352 vel
613 1295 792 1366 potius
817 1307 899 1357 ca,
931 1305 1050 1361 quae
1082 1291 1166 1344 his
1197 1290 1377 1358 priora
1404 1297 1552 1351 sunt,
1591 1289 1814 1349 emtum,
1847 1298 2070 1354 terram,

503 1403 707 1451 acrem,
739 1399 932 1455 aquam
962 1391 1116 1438 certo
1158 1381 1346 1436 ordine
1395 1380 1721 1436 collocavit?
1765 1380 1897 1446 Quis
1960 1383 2075 1435 haec

502 1479 718 1534 miscuit
746 1491 809 1532 ac
837 1474 1108 1546 seiunxit?
1139 1472 1268 1540 Quae
1293 1481 1476 1528 mutua
1507 1473 1696 1526 horum
1727 1473 1961 1527 societas
1987 1487 2077 1526 na-

502 1580 741 1639 turaeque
765 1567 1016 1638 cognatio
1040 1575 1093 1621 et
1117 1565 1448 1636 conspiratio
1473 1565 1496 1617 ?
1536 1565 1651 1622 Hoc
1680 1567 1822 1620 enim
1850 1565 2069 1630 dictum,

500 1663 628 1718 licet
657 1661 893 1717 hominis
924 1671 956 1714 ιι
990 1659 1250 1728 religione
1300 1668 1486 1713 nostra
1536 1659 1698 1713 alieni
1730 1699 1746 1722 ,
1794 1658 1927 1712 mihi
1963 1673 2072 1711 ma-

501 1767 740 1825 gnopere
779 1753 1080 1821 probatur:
1120 1747 1254 1814 Quis
1283 1759 1477 1802 motum
1503 1749 1583 1802 Itis
1625 1748 1834 1814 attulit,
1865 1765 1926 1802 ac
1952 1765 2071 1817 per-

2181 560 2481 630 ἡγεμονὶαν
2529 564 2643 626 τοῖς
2678 561 2960 634 ὁμοτίμοις
3021 564 3159 616 κατὰ
3205 565 3304 635 τὴν
3347 565 3594 636 αἴσθησιν
3619 565 3758 636 (84).

2179 651 2288 703 Καὶ
2322 650 2410 703 διὰ
2437 651 2643 706 τούτων
2688 654 2810 721 ἄγει
2869 653 3006 726 πρὸς
3031 655 3091 707 τὸ
3137 655 3276 726 ὑπὲρ
3301 654 3494 720 ταῦτα,
3545 657 3640 711 καὶ
3691 659 3756 710 δι’

2177 731 2238 792 οὗ
2265 741 2373 811 (85)
2405 741 2612 806 τούτοις
2649 743 2709 795 τὸ
2730 739 2865 797 εἶναι
2896 744 3194 814 περίεστιν.
3243 745 3285 797 Τ
3291 745 3308 798 ί
3351 746 3458 817 γὰρ
3497 746 3557 798 τὸ
3587 744 3758 812 τάξαν

2177 830 2248 884 τὰ
2277 831 2510 903 οὐράνιά
2546 851 2605 886 τε
2642 833 2752 904 (86)
2781 835 2870 887 καὶ
2895 835 2962 887 τὰ
2988 835 3226 904 ἐπίγεια,
3262 838 3361 890 ὅσα
3401 855 3458 889 τε
3486 836 3551 890 δι’
3575 837 3757 908 ἀέρος,

2179 915 2271 978 καί
2298 925 2397 978 ὅσα
2424 926 2546 979 καθ’
2583 926 2794 990 ὓδατος,
2839 927 3036 998 μᾶλλον
3081 930 3138 983 δὲ
3167 929 3236 983 τὰ
3265 929 3369 1000 πρὸ
3393 929 3618 993 τούτων,
3669 931 3761 982 οὐ-

2179 1016 2358 1086 ρανὸν,
2388 1019 2481 1069 καὶ
2503 1019 2627 1088 γῆν,
2659 1020 2751 1072 καὶ
2784 1019 2940 1090 ἀέρα,
2969 1019 3062 1074 καὶ
3093 1019 3252 1090 φύσιν
3275 1021 3493 1086 ὓδατος
3517 1021 3610 1084 Τίς
3631 1020 3760 1074 ταῦ-

2175 1126 2244 1162 τα
2263 1108 2415 1179 ἔμιξε
2439 1111 2530 1162 καὶ
2548 1111 2801 1181 ἐμέρισεν
2823 1128 2836 1175 ;
2861 1112 2944 1176 τίς
2970 1112 3082 1180 (87)
3110 1113 3363 1166 κοινωνία
3390 1113 3597 1167 τούτων
3622 1115 3760 1185 πρὸς

2177 1198 2402 1270 ἄλληλα,
2457 1203 2551 1254 καὶ
2578 1203 2856 1272 συμφυῖα,
2893 1205 2988 1257 καὶ
3040 1204 3346 1275 σύμπνοιας
3383 1206 3622 1260 Ἐπαινῶ
3649 1207 3760 1278 γὰρ

2177 1292 2266 1343 τὸν
2295 1292 2551 1364 εἰρηκότα
2583 1294 2714 1363 (88),
2749 1295 2851 1348 κᾶν
2867 1295 3141 1367 ἀλλότριος
3255 1297 3364 1368 (89)
3401 1299 3460 1350 Τί
3487 1297 3552 1352 τὸ
3577 1299 3762 1352 ταῦτα

2176 1387 2513 1452 κεκινηκὸς,
2546 1388 2644 1440 καὶ
2688 1385 2837 1457 ἄγον
2891 1389 3000 1460 (90)
3063 1389 3176 1458 τὴν
3240 1389 3509 1458 ἄληκτον
3565 1392 3760 1460 φορὰν·

2175 1477 2274 1530 καὶ
2319 1477 2632 1532 ἀκώλυτον
2673 1495 2687 1544 ;
2739 1474 2828 1551 ἆρ’
2886 1481 2984 1550 οὐχ
3033 1482 3061 1533 6
3101 1481 3351 1552 τεχνίτης
3383 1480 3607 1548 τούτων,
3665 1483 3760 1536 κα)¹

2178 1570 2311 1621 πᾶσι
2343 1568 2500 1636 λόγον
2556 1569 2750 1632 ἐνθεὶς,
2780 1569 2902 1623 καθ’
2926 1570 2987 1623 ὃν
3012 1570 3072 1623 τὸ
3119 1573 3232 1624 πᾶν·
3273 1571 3502 1643 φέρεται
3547 1587 3606 1624 τε
3664 1572 3760 1626 καὶ

2175 1659 2478 1728 διεξάγεται
2503 1677 2516 1724 ;
2542 1661 2638 1724 Τίς
2681 1661 2735 1713 δὲ
2766 1663 2794 1714 6
2821 1662 3071 1732 τεχνίτης
3101 1661 3304 1727 τούτων
3326 1680 3340 1730 ;
3363 1661 3451 1736 ἆρ’
3481 1665 3580 1735 οὐχ
3601 1666 3629 1718 ὁ
3653 1681 3758 1718 πε-

2181 1751 2422 1822 ποιηκὼς
2463 1753 2573 1821 (91)
2600 1752 2792 1816 ταῦτα,
2849 1755 2941 1806 καὶ
2970 1755 3049 1817 εἰς
3087 1753 3146 1806 τὸ
3186 1749 3325 1807 εἶναι
3356 1754 3466 1826 (92)
3500 1745 3757 1828 παραγαέ

499 1857 654 1916 petua
724 1843 1036 1912 minimeque
1096 1842 1343 1910 impedito
1406 1857 1560 1896 cursu
1617 1858 1678 1894 ea
1734 1839 2071 1894 moderatur?

2181 1841 2325 1910 γώνς
2360 1843 2420 1894 οὐ
2451 1841 2560 1913 γὰρ
2609 1842 2774 1914 δὴτῷ
2802 1845 3094 1915 αὐτομάτῳ
3133 1843 3318 1898 δοτέον
3344 1845 3616 1918 τοσαύτην
3661 1845 3756 1901 δύ-

499 1939 582 1992 An
623 1951 731 1991 non
773 1948 960 1990 eorum
990 1931 1187 1986 artifex
1212 1939 1266 1986 et
1298 1930 1588 1998 qui‘rebus
1617 1930 1870 1985 omnibus
1903 1931 2070 1985 ratio-

501 2046 626 2087 nem
663 2043 784 2084 eam
815 2025 1035 2091 indidit,
1077 2038 1180 2093 qua
1243 2023 1556 2080 universum
1592 2020 1763 2075 fertur
1787 2033 1839 2076 et
1879 2023 2077 2092 guber-

2175 1946 2360 2006 ναμιν.
2393 1935 2573 1988 Ἔστω
2595 1935 2704 2008 γὰρ
2729 1936 2790 1989 τὸ
2826 1936 3079 2004 γενέσθαι
3119 1936 3214 1989 τοῦ
3244 1938 3579 2008 αὐτομάτου·
3608 1937 3756 2002 τινος

2171 2026 2232 2078 τὸ
2265 2024 2454 2090 rigat;
2505 2027 2616 2078 Καὶ
2665 2026 2844 2090 τοῦτο,
2885 2029 2933 2079 εἰ
2975 2027 3140 2090 δοκεῖ,
3174 2027 3370 2098 δῶμεν·
3405 2028 3546 2092 τίνος
3574 2027 3636 2081 τὸ
3663 2045 3761 2096 τη-

500 2125 698 2182 natur!
724 2123 854 2190 Quis
889 2135 1052 2190 porro
1091 2119 1284 2173 horum
1334 2114 1570 2170 artifex?
1617 2116 1698 2168 An
1739 2131 1842 2169 non
1888 2117 1951 2177 is,
1981 2116 2071 2183 qui

2177 2117 2338 2188 ρῆσαι
2373 2118 2467 2169 καὶ
2501 2117 2732 2185 φυλάξαι
2759 2117 2880 2170 καθ’
2924 2117 3018 2181 οὓς
3045 2119 3261 2190 πρῶτον
3295 2119 3505 2191 ὑπέστη
3534 2119 3757 2188 λόγους;

501 2224 615 2276 hac
643 2213 948 2289 procreavit
987 2221 1152 2280 atque
1184 2209 1238 2263 in
1273 2223 1452 2263 rerum
1495 2216 1742 2261 naturam
1771 2206 2071 2276 produxit?

2177 2209 2356 2280 ἑτέρου
2390 2209 2554 2274 τινδς,
2584 2210 2616 2280 ἢ
2651 2210 2743 2262 τοῦ
2769 2209 3076 2281 αὐτομάτου
3099 2226 3114 2274 ;
3139 2209 3360 2282 Ἐτέρου
3379 2209 3577 2281 δηλαδὴ
3606 2209 3761 2281 παρὰ

501 2311 687 2381 Neque
716 2306 861 2362 enim
889 2301 1244 2374 proculdubio
1291 2299 1435 2352 casui
1469 2297 1804 2366 fortunaque
1840 2297 1954 2350 haec
1987 2296 2070 2350 vis

2177 2300 2227 2352 τὸ
2271 2301 2596 2370 αὐτόματον.
2656 2301 2824 2354 Τοῦτο
2875 2302 2932 2354 δὲ
2961 2302 3012 2355 τί
3063 2319 3194 2355 ποτε
3226 2302 3354 2356 ἄλλο
3397 2301 3536 2373 πλὴν
3584 2302 3752 2366 Θεὸς;

501 2413 556 2458 et
593 2399 820 2456 facultas
858 2391 1175 2450 ascrihenda
1221 2401 1326 2445 εει.
1361 2389 1431 2444 Ut
1485 2390 1626 2444 enim
1689 2388 1790 2442 hoc
1836 2388 2023 2443 demus
2053 2430 2068 2454 ,

2177 2391 2356 2456 Οὕτως
2385 2396 2411 2446 6
2441 2396 2505 2447 ὲκ
2527 2393 2660 2446 Θεοῦ
2687 2393 2842 2462 λόγος
2876 2395 2971 2448 καὶ
2992 2396 3125 2447 πᾶσι
3155 2395 3451 2464 σύμφυτος,
3486 2394 3580 2448 καὶ⁸
3606 2393 3760 2466 πρῶ·-

499 2508 630 2550 casn
656 2490 837 2548 omnia
866 2485 1160 2547 exstitisse,
1181 2485 1267 2539 cui
1300 2484 1511 2537 tandem
1545 2495 1731 2536 eorum
1756 2482 2071 2536 constitutio

2177 2500 2258 2546 τος
2307 2485 2362 2536 ἐν
2411 2484 2540 2554 ἡμῖν
2591 2483 2701 2553 (95)
2750 2485 2914 2556 νόμος
2953 2485 3048 2538 καὶ
3082 2486 3215 2538 πᾶσι
3255 2486 3618 2556 συνημμένος,
3667 2487 3759 2540 ἐπὶ

499 2599 564 2641 ac
593 2579 874 2652 dispositio
923 2573 1204 2632 tribuenda
1232 2573 1382 2628 erit?
1423 2573 1598 2641 Atque
1635 2579 1692 2624 ut
1726 2571 1829 2625 hoc
1858 2585 2071 2640 quoque

2179 2573 2311 2626 Θεὸν
2331 2575 2480 2644 ἡμᾶς
2509 2574 2781 2644 ἀνήγαγεν
2809 2577 2873 2627 ὲκ
2897 2575 3004 2629 τῶν
3022 2575 3332 2648 ὁρωμένων.
3353 2576 3463 2628 Καὶ
3490 2574 3554 2648 δὴ
3582 2575 3758 2646 λέγω·-

498 2679 674 2749 ipsum
700 2715 714 2739 ,
743 2673 788 2728 si
820 2673 891 2726 ita
919 2669 1103 2730 lubet,
1140 2665 1288 2721 casui
1316 2664 1676 2720 concedamus
1704 2701 1719 2727 ,
1767 2661 2071 2729 cuiusnam,

2177 2682 2278 2734 μεν
2310 2665 2420 2737 (94)
2457 2665 2760 2736 ἀρξάμενοι
2786 2665 2968 2724 πάλιν.

499 2784 706 2843 quaeso,
748 2765 932 2830 fuerit,
966 2763 1101 2826 haec,
1127 2759 1282 2828 juxta
1346 2771 1439 2812 eas
1505 2755 1762 2821 rationes,
1799 2753 1995 2823 quibus
2055 2756 2287 2824 primum
2338 2770 2515 2811 creata
2557 2768 2720 2822 sunt,
2795 2758 2928 2812 tueri
2971 2767 3132 2828 atque
3193 2757 3562 2814 conservare?
3598 2756 3755 2814 Alte—

499 2867 684 2922 riusne
720 2857 1018 2929 cuiuspiam
1041 2893 1057 2920 ,
1115 2870 1180 2908 an
1209 2851 1404 2907 casus?
1444 2848 1681 2904 Alterius
1715 2851 1956 2919 profecto
1984 2891 1997 2912 ,
2032 2866 2139 2904 non
2171 2866 2350 2907 casus.
2398 2852 2510 2908 lloc
2550 2863 2728 2908 autem
2763 2854 2892 2922 quid
2922 2855 3135 2908 tandem
3176 2852 3318 2908 aliud
3379 2868 3501 2909 esse
3569 2863 3754 2923 queat,

498 2971 661 3028 quam
711 2950 901 3008 Deus?
953 2949 1044 3004 Sic
1096 2947 1257 3010 ratio,
1288 2959 1408 3014 quze
1431 2959 1496 2998 ex
1532 2944 1639 2998 Deo
1666 2955 1770 3008 est,
1816 2952 1870 2996 et
1894 2943 2106 2998 cunctis
2142 2943 2306 2999 insita
2333 2985 2349 3011 ,
2380 2956 2435 3001 et
2476 2947 2646 3016 prima
2698 2946 2751 3000 in
2784 2945 3091 3015 pectoribus
3130 2945 3331 2998 nostris
3370 2944 3592 3000 condita
3633 2944 3758 3032 lex,

498 3049 814 3116 cunctisque
845 3040 1162 3098 mortalibus
1201 3040 1421 3102 innexa,
1458 3051 1556 3092 nos
1587 3038 1653 3090 ab
1697 3037 1760 3091 iis
1805 3037 1967 3091 rebus
1995 3079 2010 3104 ,
2054 3053 2176 3106 qua:
2199 3039 2370 3094 oculis
2401 3051 2717 3106 cernuntur,
2757 3039 2826 3094 ad
2861 3040 3026 3094 Deum
3066 3038 3334 3093 subvexit.
3381 3038 3461 3093 Ac
3531 3039 3759 3109 proinde

500 3147 602 3200 hoc
660 3149 822 3210 pacto
875 3150 1060 3190 rursus
1114 3133 1480 3189 exordiatnur.

573 3232 732 3290 XVII.
765 3229 910 3297 Quid
947 3226 1162 3281 laudent
1197 3224 1335 3279 Deus
1385 3232 1577 3276 natura
1618 3236 1714 3276 sua
1751 3231 1804 3276 et
1831 3223 2068 3278 essentia

2244 3225 2340 3277 lZ'.
2376 3222 2527 3289 Θεὸν,
2581 3222 2609 3276 ὃ
2658 3220 2710 3272 τί
2744 3236 2874 3272 ποτε
2920 3219 3017 3290 μὲν
3049 3217 3165 3271 ἔστι
3212 3218 3310 3289 τὴν
3338 3218 3498 3288 φύσιν
3530 3217 3624 3274 καὶ
3659 3219 3758 3291 τὴν

500 3325 594 3393 sit,
621 3336 728 3378 nec
756 3322 1034 3376 hommum
1074 3314 1364 3386 quisquam
1422 3327 1657 3382 unquam
1691 3313 1901 3367 invenit
1926 3353 1940 3377 ,
1976 3329 2077 3369 nec

498 3415 747 3471 invenire
770 3419 969 3481 potest.
999 3409 1078 3461 Au
1110 3421 1240 3461 vero
1285 3404 1576 3474 aliquando
1608 3404 1679 3458 sit
1710 3404 2032 3460 inventurus
2057 3445 2071 3470 ,

497 3513 708 3578 quaerat
729 3503 834 3557 hoc
859 3499 948 3570 qui
984 3497 1146 3560 volet,
1183 3511 1246 3550 ac
1281 3503 1678 3564 perscrutetur.
1705 3491 1817 3547 Mea
1855 3494 2072 3561 quidem

496 3597 792 3661 sententia,
820 3603 931 3646 tum
968 3591 1184 3645 demum
1218 3588 1321 3642 hoc
1351 3587 1612 3654 inveniet,
1650 3602 1775 3641 cum
1811 3585 2075 3642 deiformc

499 3693 606 3747 hoc
633 3698 796 3756 atque
821 3683 1082 3744 divinum,
1135 3679 1186 3734 id
1219 3689 1338 3741 est,
1372 3693 1526 3732 mens
1585 3685 1770 3732 nostra
1831 3687 1886 3731 et
1938 3679 2075 3732 ratio

500 3796 624 3838 cum
666 3788 859 3834 natura
897 3781 1126 3842 cognata
1165 3769 1453 3840 conjuncta
1492 3768 1674 3836 fuerit,
1711 3777 1764 3822 et
1799 3768 1973 3837 imago
2003 3769 2080 3847 ad.

498 3869 766 3940 exemplar
799 3866 928 3921 illud
967 3877 1144 3928 suum,
1162 3860 1312 3929 cujus
1343 3873 1483 3914 nunc
1511 3859 1780 3914 desiderio
1813 3859 2072 3927 tangitur,

500 3958 1016 4025 ascenderit.Atque
1049 3953 1176 4008 illud
1211 3951 1340 4006 mihi
1371 3964 1490 4006 esse
1514 3952 1744 4018 videtur,
1779 3949 1919 4020 quod
1957 3952 2071 4022 pri-

499 4055 730 4110 marium
754 4043 1100 4120 philosophia:
1126 4053 1282 4114 caput
1314 4051 1416 4108 est,
1435 4056 1623 4110 nempe
1647 4056 1744 4097 nos
1783 4042 2072 4110 aliquando

502 4152 690 4199 antum
755 4137 1098 4208 cognituros,
1145 4145 1402 4203 quantum
1451 4134 1650 4202 cogniti
1696 4148 1884 4188 sumus
1929 4131 2069 4185 "9-".

468 4237 573 4291 .At
617 4233 674 4288 in
726 4231 829 4285 hac
879 4224 1259 4294 mortali.vita
1313 4223 1573 4295 quidquid
1623 4224 1690 4278 ad
1755 4239 1853 4278 nos
1905 4237 2073 4293 usque

501 4318 780 4394 pertingit,
815 4315 960 4371 aliud
983 4303 1243 4377 nihilest,
1273 4326 1433 4382 quam
1459 4312 1689 4382 exiguus
1732 4311 1947 4379 quidam
1993 4311 2070 4365 ri-

500 4413 676 4475 vulus,
701 4423 766 4464 ac
786 4405 930 4462 velut
970 4405 1360 4474 509-parvus
1413 4417 1619 4473 magna:
1673 4401 1809 4456 lucis
1862 4401 2064 4454 radius.

499 4501 858 4572 Quamobrem
899 4496 945 4553 si
982 4497 1106 4566 quis
1151 4496 1318 4551 Deum
1344 4495 1616 4566 cognovit,
1647 4501 1762 4559 aut,
1788 4493 2064 4562 Scriptura

569 4615 730 4670 ειν-σοι
756 4615 880 4671 Cor.
913 4629 1033 4680 xm,
1056 4613 1144 4668 12.

2183 3314 2406 3377 οὐσίαν,
2460 3313 2584 3366 οὗτε
2632 3329 2716 3375 τις
2769 3307 2929 3384 εὗρεν
2990 3310 3294 3384 ἀνθρώπων
3351 3310 3588 3378 πώποτε,
3632 3311 3759 3366 οὐτε

2186 3406 2293 3475 μὴν
2332 3403 2441 3475 (95)
2465 3402 2618 3476 εὕρῃ.
2655 3402 2796 3455 Ἀλλ’
2833 3403 2883 3455 εἰ
2915 3401 3016 3473 μὲν
3044 3403 3266 3472 εὑρήσει
3300 3401 3456 3465 ποτὲ,
3486 3402 3759 3472 ζητείσθω

2182 3494 2358 3556 τοῦτο,
2391 3495 2485 3549 καὶ
2515 3493 2908 3563 φιλοσοφείσοω
2942 3491 3090 3564 παρὰ
3117 3491 3224 3545 τῶν
3273 3491 3630 3562 βουλομένωνο
3659 3496 3757 3548 εὑ-

2187 3588 2339 3656 ρήσει
2364 3585 2440 3647 δὲ,
2484 3584 2559 3646 ὡς
2596 3587 2623 3636 6
2669 3581 2800 3652 ἐμὸς
2836 3583 2944 3653 (96)
2981 3582 3156 3649 λόγος,
3199 3581 3414 3637 ἐπειδὰν
3447 3582 3506 3634 τὺ
3526 3582 3756 3649 θεοειδὲς

2182 3672 2338 3726 τοῦτο
2370 3671 2460 3724 καὶ
2487 3672 2648 3732 Οεῖον,
2679 3668 2820 3738 λέγω
2848 3671 2905 3724 δὲ
2941 3671 3029 3724 τὸν
3060 3670 3324 3741 ἡμέτερον
3372 3670 3496 3725 νοῦν
3541 3689 3601 3726 τε
3659 3676 3755 3728 καὶ

2182 3766 2358 3834 λόγον,
2390 3765 2467 3834 τῷ
2491 3765 2676 3834 οἰκείῳ
2705 3763 2813 3833 (97)
2839 3748 3139 3833 προσμίξῃ,
3176 3763 3270 3815 καὶ
3296 3763 3327 3833 ἡ
3357 3763 3520 3816 εἰκὼν
3547 3749 3764 3840 ἀνέλθῃ-

2183 3856 2317 3924 πρὸς
2332 3855 2390 3908 τὸ
2413 3855 2740 3926 ἀρχέτυπον,
2773 3849 2832 3907 οὗ
2861 3853 2954 3906 νῦν
2981 3854 3094 3923 ἔχει
3123 3855 3223 3925 τὴν
3244 3854 3446 3922 ἔφεσιν.
3466 3857 3575 3910 Καὶ
3595 3857 3756 3912 τοῦτο

2183 3943 2319 4000 εἷναί
2345 3964 2431 4016 μοι
2462 3945 2608 3998 δοκεῖ
2646 3946 2705 3998 τὸ
2732 3945 2871 3998 πάνυ
2919 3945 3398 4017 φιλοσοφούμενον,
3422 3947 3751 4020 ἐπιγνώσε-

2165 4041 2324 4095 σθαί
2377 4053 2520 4092 ποτε
2569 4037 2764 4108 ἡμᾶς,
2816 4038 2970 4092 ὅσον
3018 4038 3380 4108 ἐγνώσμεθα.
3438 4041 3510 4093 Τὸ
3558 4041 3614 4094 δὲ
3655 4042 3751 4098 νῦν

2181 4125 2320 4183 εἶναι
2333 4129 2462 4199 (98),
2479 4128 2706 4199 βραχεῖὰ
2719 4145 2801 4192 τις
2817 4127 3059 4198 ἀπορροὴ
3079 4129 3185 4180 πᾶν
3201 4128 3259 4181 τὸ
3276 4131 3353 4192 εἰς
3367 4131 3511 4200 ἡμᾶς
3526 4130 3747 4199 φθάνον,

2180 4221 2274 4275 καὶ
2299 4215 2408 4273 οἷον
2442 4219 2676 4290 μεγάλου
2703 4218 2876 4288 φωτὸς
2897 4219 3088 4290 μικρὸν
3108 4219 3635 4291 ἀπαύγασμα.Ὥστε
3656 4225 3750 4277 καὶ

2181 4314 2233 4366 εῐ
2256 4330 2338 4375 τις
2361 4311 2498 4379 ἔγνω
2523 4310 2676 4373 Θεὸν,
2702 4309 2734 4380 ἢ
2762 4310 3056 4378 ἐγνωκέναι
3099 4310 3531 4382 μεμαρτύρηται,
3564 4313 3751 4367 τοσοῦ·

2180 4417 2268 4454 τον
2295 4399 2455 4468 ἔγνω,
2475 4399 2600 4452 ὅσον
2623 4397 2778 4452 ἄλλου
2810 4397 2884 4469 μὴ
2929 4397 2989 4449 τὸ
3009 4397 3120 4450 ἴσον
3146 4396 3542 4466 ἐλλαμφοέντος
3575 4399 3749 4470 φανῆ-

2180 4509 2266 4546 ναι
2299 4489 2766 4561 φωτοειδέστερος·
2797 4487 2891 4542 καὶ
2923 4487 2984 4540 τὸ
3007 4485 3366 4558 ὑπερϐάλλον,
3404 4486 3610 4540 τέλειον
3635 4489 3750 4540 ἐνο-

539 4763 542 4767 .
568 4711 681 4784 (Βᾷ)
710 4710 872 4784 Κατὰ
897 4709 1013 4784 τὴν
1033 4708 1342 4784 αἴσθησιν.
1364 4691 1769 4784 ι-ριιιιιιιιιιιιειιι
1789 4717 2061 4784 sensum.»

2177 4701 2226 4755 In
2249 4698 2366 4784 Ie‘d‘x,
2387 4692 2761 4784 ἐπει-πεοιηζιοςἼ

497 4775 703 4840 εοίιοιζι
735 4782 810 4834 οὐ
835 4775 978 4835 κατὰ
1007 4777 1099 4830 τὸν
1135 4776 1277 4829 νοῦψ
1313 4793 1332 4826 ι
1375 4775 1489 4830 Νοιι
1532 4783 1793 4843 quantum
1821 4777 1888 4828 ad
1913 4789 2065 4828 men-

498 4862 683 4992 ιθῐῗέῦ)
712 4920 792 4974 Δι’
823 4915 919 4992 οὗ.
958 4935 978 4992 ς
1014 4862 1200 4992 cuius.
1240 4931 1258 4965 ι
1287 4911 1492 4992 Schol.:
1528 4910 1811 4992 13068506;
1843 4929 1862 4962 ι
1900 4911 2061 4992 ῡεί.ι

570 4921 662 4992 (85
712 4921 792 4974 Δι’
823 4921 919 4974 οὗ.
959 4935 978 4968 ι
1014 4921 1200 4986 Cujus.
1240 4931 1258 4965 ι
1287 4921 1492 4967 Schol.:
1528 4921 1622 4965 του
1653 4921 1810 4964 Θεουι
1843 4929 1862 4962 ι
1900 4921 2013 4965 Dei.
2041 4929 2061 4962 ι

570 4921 683 5064 (86)
716 4985 975 5058 Οὑρὰνιὰ
1011 5002 1096 5039 τε.
1138 4984 1298 5038 Deest
1333 4998 1393 5034 τε
1432 4983 1484 5037 in
1523 4981 1734 5036 duobus
1774 4981 1965 5051 Regg.,
2011 4990 2066 5034 et

496 5063 594 5118 0r.
627 5063 679 5117 1.

571 5131 680 5202 (87)
708 5131 822 5202 Τις.
857 5128 974 5202 Duo
1010 5121 1437 5202 Beggza‘ddunt,
1461 5123 1518 5191 ἡ.

566 5189 679 5273 (88)
710 5189 820 5273 T63-
840 5189 1344 5273 stpnxdtgtfﬁchol.
1376 5189 1493 5273 rbv’
1529 5189 1809 5273 Πλάτωνα·
1832 5209 1849 5241 ι
1872 5189 2066 5273 Plato-

496 5260 698 5327 neinﬁ
733 5260 905 5335 Quod.
931 5260 1279 5335 verisimilius
1326 5262 1550 5335 quidem
1604 5261 1805 5314 dictum
1851 5260 2064 5335 videtur

495 5344 563 5396 de
601 5340 705 5394 isto
733 5329 1071 5409 philosopho,
1101 5345 1262 5400 quam
1305 5329 1373 5385 de
1419 5330 1680 5401 Oppiane,
1730 5340 1789 5383 ut
1816 5329 1928 5384 vult
1954 5329 2064 5383 Bil-

517 5409 683 5549 misit?
712 5417 871 5532 tanta.
903 5471 1159 5549 ταῇτα...
1315 5468 1645 5549 ἀκῴιυτον.
1666 5468 1790 5524 Hice
1816 5467 1869 5523 in
1893 5467 2056 5525 Coisl.

495 5547 530 5601 5
560 5540 624 5602 id
657 5540 828 5614 utarg.
859 5540 1457 5614 ascribuntur_Platoni.

563 5616 678 5697 (99)
706 5607 814 5670 Κάἷ
837 5613 1007 5697 ἆγον,
1057 5622 1162 5697 ιιιιιε
1209 5609 1343 5697 Deg‘.
1379 5611 1541 5697 Cypr.
1581 5610 1742 5697 habet
1772 5625 1786 5663 :
1833 5607 1927 5662 καὶ
1958 5607 2063 5662 ὐπὸ

493 5680 846 5760 την-ἄληκτον
875 5680 1046 5757 ᾠορὰν
1077 5681 1172 5760 atat
1200 5680 1478 5760 άιιώλυτον
1503 5680 1727 5760 ᾁγαγέν.

568 5756 680 5820 (91)
705 5747 782 5813 ’Ὅ
810 5747 1167 5824 πεῖπὸιηκώς.
1199 5753 1289 5808 Sic
1315 5760 1423 5808 tres
1439 5747 1737 5820 Colli.,‘0r.
1775 5750 1828 5816 1,
1863 5757 1916 5806 et
1933 5747 2058 5805 Par.

2245 4757 2484 4840 (υὲιβζς
2520 4764 2585 4840 ηδ
2612 4757 2788 4840 smit-
2821 4760 2973 4840 Ρξιικι
3001 4762 3079 4840 εἱς
3117 4758 3180 4840 τῆ
3207 4757 3288 4840 ἓν.-

2242 4827 2354 4908 (95)
2388 4827 2491 4908 Ἐ’ᾆ·
2525 4832 2686 4900 ἡμῖν.
2706 4831 2807 4908 §ic
3034 4829 3238 4908 _l_n_ed.,_
3257 4827 3484 4908 ὲνρμῖν.

2239 4897 2349 4976 (94)
2385 4897 2678 4976 Λέγωίιειί.
2704 4899 3067 4976 Sientlontbel'.
3093 4897 3148 4951 In
3168 4897 3545 4976 δύη-λέγομεν

2243 4964 2354 5049 (95)
2389 4964 2560 5028 Οὔτε⁷
2588 4971 2732 5042 mir,
2797 4967 2933 5040 Reg.
3005 4970 3117 5033 bm,
3162 4967 3255 5025 Or.
3299 4968 3350 5033 Ι,
3391 4964 3576 5032 Basil.,
3619 4964 3746 5021 οὔτε

2170 5065 2365 5189 In](.96)_
2396 5114 2562 5189 me
2606 5112 2768 5181 ἐμός.
2811 5109 2901 5189 Sic
2936 5110 3039 5163 duo
3075 5107 3274 5179 Regg.,
3305 5117 3360 5163 et
3391 5107 3486 5163 0r.
3524 5107 3570 5162 Ι.
3613 5106 3744 5173 Alii,

2163 5181 2420 5256 ὡς’ὲμός,
2453 5185 2628 5256 minus
2654 5192 2817 5256 recte:
2847 5181 3000 5256 Eutr.

2237 5245 2349 5330 (9"?)
2380 5245 2631 5330 Plxslqn
2659 5251 2750 5305 Sic
2784 5251 2912 5317 Reg.
2941 5249 3050 5330 but,
3076 5245 3236 5330 coisl.
3277 5247 3335 5328 5,
3375 5255 3522 5330 etc,
3561 5263 3580 5325 ι
3619 5260 3741 5300 cum

2166 5317 2296 5383 Deo.
2327 5317 2344 5378 ἱ
2381 5317 2590 5380 Etenim
2621 5325 2800 5384 homo,
2831 5334 2952 5394 cum
2983 5318 3145 5394 sit_ad
3178 5317 3465 5394 imaginem
3487 5317 3748 5394 θεῖοι-ωει-

2168 5407 2274 5462 tus,
2305 5397 2414 5450 Deo
2436 5395 2667 5462 quodam
2701 5389 3038 5462 cognationis
3063 5386 3182 5456 jure
3201 5385 3650 5453 estconjunmus.
3681 5385 3738 5440 In

2164 5467 2275 5533 ed.,
2307 5465 2510 5535 οἰσείῳ.

2164 5608 2224 5616 __
2237 5535 2352 5616 (ιβ)
2374 5533 2465 5616 ,τὸ
2489 5532 2560 5616 δέ
2589 5531 2708 5586 νῦν
2733 5525 2906 5616 εἶναι
2939 5525 3110 5616 9915,!-
3138 5526 3283 5616 ἔρηβξ
3309 5535 3434 5616 ,ίῖἓὲ
3447 5523 3738 5616 ,ςὲἯεὶῑιος

2164 5595 2437 5663 Τὸ“δὲ’νῢν
2455 5603 2680 5674 γνῶναι,
2705 5619 2724 5654 ι
2755 5602 2908 5669 Quod
2931 5607 3108 5654 autem
3139 5611 3278 5653 nunc
3303 5595 3734 5657 coanoscimus,’

2165 5689 2272 5736 etc.
