4038 6338
250 393 317 451 19
1286 393 1547 449 ORATIO
1586 392 1823 448 XXVIII.
1862 426 1932 435 -
1969 392 2406 450 THEOLOGILA
2448 392 2512 447 II.
3434 388 3512 448 ει)

253 506 444 579 μίσθη,
483 508 549 561 ού
574 510 642 579 τῇ
699 507 955 581 ἀληθείᾳ,
995 510 1063 579 τῇ
1115 507 1174 561 δὲ
1212 506 1306 561 τοῦ
1341 507 1569 580 πλησίον
1614 507 1829 578 δυνάμει

1951 514 2104 573 teste,
2138 506 2457 578 cognovisse
2503 505 2722 573 dicitur,
2755 512 2983 560 eatenus
3022 503 3337 574 cognovisse
3379 519 3509 559 cen-

248 601 812 671 παραμετροῦμενον.

1947 600 2151 656 sendus
2177 609 2280 667 cst,
2313 607 2584 669 quatenus
2614 597 2880 653 uberioris
2910 596 3212 666 splendoris
3241 596 3510 667 particeps

247 694 323 747 sit
350 734 367 755 ,
407 708 573 762 quam
606 695 701 763 qui
732 694 911 749 minus
942 693 1164 750 luminis
1198 694 1458 750 divinitus
1492 695 1725 765 accepit.
1759 694 1836 749 lta
1873 696 2257 765 exsuperantia
2333 695 2484 761 haec,
2545 693 2783 762 perfecta
2816 693 3052 763 cognitio
3077 691 3380 748 existimata
3404 701 3509 760 est,

250 800 359 837 non
392 784 462 836 ad
490 785 566 837 rei
614 785 787 853 ipsius
828 785 1135 851 veritatem,
1166 785 1259 839 sed
1282 785 1349 838 ad
1372 786 1601 840 aliorum
1635 788 1907 841 modulum
1940 796 1995 841 et
2024 786 2333 841 facultatem
2366 797 2651 855 perpensa.

329 876 434 927 ιη’.
458 874 561 928 Διὰ
576 876 736 929 τοῦτο
768 876 934 940 Ἐνὼς
969 877 1066 947 μὲν
1089 876 1314 946 ἤλπισεν
1331 877 1707 931 ἐπικαλεῖσθαι
1731 878 1839 948 (99)

250 968 342 1021 τὸν
375 968 606 1039 Κύριονο
635 966 793 1031 ἐλπὶς
815 968 876 1021 τὸ
908 967 1343 1039 κατορθούμενον
1372 965 1461 1039 ἦν,
1487 968 1751 1023 καὶτοῦτο
1777 971 1838 1023 ού

258 1058 528 1127 γνώσεως,
558 1058 675 1112 ἀλλ’
701 1060 1064 1129 ἐπικλήσεως.
1107 1058 1279 1128 Ἑνὼχ
1314 1059 1370 1112 δὲ
1417 1059 1678 1129 μετετέθη
1719 1059 1838 1130 μὲν,

250 1149 402 1202 οῦς-’.ω
431 1150 494 1203 δὲ
532 1150 715 1221 δῆλον,
742 1153 793 1204 εί
817 1150 954 1203 Θεοῦ
986 1150 1147 1218 φύσιν
1191 1150 1524 1221 περιλαϐὼν,
1556 1151 1588 1220 ἢ
1616 1150 1841 1221 περιλη-

250 1239 509 1310 ψόμενος.
543 1241 651 1294 Τοῦ
679 1241 736 1295 δὲ
756 1241 901 1304 Νῶε,
934 1240 1098 1295 καλὸν
1130 1242 1164 1311 ἡ
1206 1241 1586 1312 εὐαρέστησις,
1619 1238 1712 1294 τοῦ
1748 1242 1841 1294 καὶ

251 1332 458 1401 κόσμον
490 1330 613 1384 ὅλον
636 1330 697 1396 ἐξ
728 1332 934 1385 ὑδάτων
962 1331 1332 1385 διασώσασθαι
1360 1331 1759 1395 πιστευθέντος,
1803 1333 1836 1401 ἢ

251 1420 463 1490 κόσμου
495 1421 811 1491 σπέρματα,
833 1420 975 1493 ξύλῳ
1002 1423 1182 1493 μικρῷ
1206 1423 1460 1492 φεύγοντι
1489 1424 1562 1491 ιι)
1599 1424 1697 1491 τὴν
1722 1423 1841 1475 ἐπί-

250 1509 463 1562 κλυσιν.
508 1510 761 1581 Ἀϐραὰμ
784 1511 842 1564 δὲ
872 1510 1163 1582 ἐδικαιώθη
1186 1514 1284 1582 μὲν
1311 1515 1375 1566 έκ
1405 1513 1661 1575 πίστεως,
1688 1516 1716 1566 ὁ
1743 1513 1840 1583 μέ-

243 1618 352 1669 ταις
394 1602 766 1673 πατριάρχης,
797 1603 892 1656 καὶ
922 1603 1038 1657 θύει
1066 1604 1254 1658 θυσίαν
1280 1602 1455 1676 ξένην,
1485 1605 1578 1658 καὶ
1606 1605 1706 1674 τῆς
1735 1621 1834 1674 μεο

244 1692 425 1760 γάλης
479 1693 793 1745 ἀντίτυπον·
830 1694 964 1748 Θεὸν
1012 1696 1069 1748 δὲ
1115 1697 1214 1765 ούχ
1252 1696 1329 1759 ὡς
1369 1697 1500 1749 Θεὸν
1534 1692 1692 1762 εἶδεν,
1721 1695 1834 1749 ἀλλ’

241 1784 322 1847 ὡς
352 1784 647 1853 ἄνθρωπον
694 1785 913 1857 ἔθρεψε,
944 1788 1040 1841 καὶ
1087 1789 1345 1862 ἐπῃνέθη,
1383 1790 1667 1853 σεϐασθεὶς
1711 1791 1836 1842 ὅσον

243 1878 577 1931 κατέλαϐεν.
626 1878 820 1933 Ἰακὼϐ
849 1880 925 1943 δὲ,
962 1881 1205 1951 κλίμακα
1234 1882 1332 1951 μὲν
1360 1882 1572 1951 ὑψηλὴν
1606 1882 1832 1950 ἐφαντά·

242 1968 352 2037 σθη
379 1969 526 2032 τινὰ,
572 1969 664 2020 καὶ
695 1969 942 2037 ἀγγέλων
992 1971 1198 2037 ἄνοδον,
1241 1971 1336 2023 καὶ
1380 1971 1581 2041 στήλην
1626 1972 1836 2040 ἀλείφει

244 2058 531 2129 μυστικῶς
573 2060 731 2129 (ἴσως
774 2061 860 2113 ἵνα
899 2060 990 2113 τὸν
1032 2063 1171 2132 ὑπὲρ
1195 2061 1354 2133 ἡμῶν
1381 2062 1668 2131 ἀλειφέντα
1695 2062 1837 2115 λίθον

247 2152 673 2224 παραδηλώσῃ),
731 2154 827 2207 καὶ
864 2149 1012 2217 οἶκος
1039 2153 1172 2208 Θεοῦ
1230 2155 1306 2225 (2)
1342 2155 1491 2225 τόπῳ
1527 2156 1632 2207 τινὶ
1670 2171 1837 2227 προσ-

239 2243 478 2312 ηγορίαν
500 2242 734 2307 δίδωσιν,
759 2246 839 2306 είς
872 2246 1049 2316 τιμὴν
1080 2245 1173 2299 τοῦ
1201 2245 1479 2314 ὀφθέντος,
1512 2244 1605 2299 καὶ
1644 2246 1718 2310 ὡς
1746 2246 1837 2298 ἀν-

240 2330 455 2402 θρώπῳ
474 2332 554 2403 τῷ
574 2333 693 2404 Θεῷ
715 2334 1102 2404 προσπαλαίει,
1132 2336 1165 2405 ἤ
1195 2336 1277 2398 τίς
1301 2337 1431 2389 ποτέ
1457 2339 1601 2390 ἐστιν
1625 2339 1657 2407 ἡ
1692 2337 1835 2408 πάλη

238 2422 383 2475 Θεοῦ
424 2423 565 2494 πρὸς
605 2423 912 2494 ἄνθρωπον,
947 2425 980 2497 ἢ
1017 2425 1159 2496 τάχα
1201 2426 1298 2496 τῆς
1324 2426 1669 2496 ἀνθρωπίνης
1700 2428 1836 2498 ἀρεσ-

240 2513 347 2581 τῆς
390 2513 530 2584 πρὸς
558 2514 693 2567 Θεὸν
719 2515 1091 2582 ἀντεξέτασις,
1127 2518 1222 2570 καὶ
1263 2517 1505 2587 σύμϐολα
1538 2518 1633 2589 τῆς
1661 2518 1836 2589 πάλης

239 2606 343 2658 ἐπὶ
392 2606 490 2659 τοῦ
528 2606 779 2677 σώματος
831 2609 1005 2679 φέρει,
1069 2609 1166 2680 τὴν
1201 2610 1371 2679 ἧτταν
1403 2611 1835 2682 παραδεικνύντα

240 2697 351 2765 τῆς
401 2699 670 2768 γεννητῆς
705 2700 784 2770 (5)
834 2700 1069 2768 φύσεως,
1095 2702 1188 2754 καὶ
1221 2698 1382 2755 ἆθλον
1428 2703 1708 2767 εὐσεϐείας
1736 2705 1834 2775 τὴν

245 2786 557 2857 μεταϐολὴν
578 2787 675 2857 τῆς
692 2789 1064 2859 προσηγορίας
1084 2790 1370 2860 λαμϐάνει,
1393 2791 1830 2862 μετονομασθεὶς,

241 2878 375 2931 ἀντὶ
418 2876 635 2940 Ἰακὼϐ,
680 2878 915 2950 Ἰσραὴλ,
969 2880 1124 2934 τοῦτο
1150 2882 1215 2953 δὴ
1261 2883 1322 2936 τὸ
1359 2884 1499 2953 μέγα
1530 2885 1624 2937 καὶ
1653 2885 1833 2955 τίμιον

241 2970 443 3038 δνομα’
480 2970 657 3022 ἐκεῖνο
704 2971 782 3033 δὲ,
824 2969 947 3025 οὔτε
984 2973 1164 3037 αὐτὸς,
1195 2973 1318 3026 οὔτε
1368 2992 1450 3039 τις
1483 2976 1623 3047 ὑπὲρ
1675 2977 1833 3031 αὑτὸν

246 3062 421 3133 μέχρι
461 3062 703 3133 σήμερον
760 3063 1102 3133 ἐκαυχήσατο
1131 3064 1241 3118 τῶν
1269 3066 1475 3119 δώδεκα
1514 3067 1714 3135 φυλῶν,
1757 3062 1832 3122 ὧν

2014 875 2201 931 XVIII.
2235 876 2498 943 Quocirca
2530 875 2672 930 Enos
2713 872 2929 943 quidem
2972 887 3120 942 spem
3166 871 3351 926 habuit
3392 872 3511 929 fore

1942 976 1998 1022 ut
2037 967 2323 1022 Dominum
2356 968 2634 1023 invocaret
2657 965 2701 997 ⁶¹
2731 980 2746 1019 :
2772 965 2861 1019 ubi
2893 964 3040 1020 vides
3063 979 3211 1033 spem
3248 966 3513 1020 duntaxat

1942 1058 1993 1112 in
2019 1073 2085 1114 eo
2117 1057 2349 1123 laudari,
2377 1071 2607 1127 eamque
2649 1070 2755 1111 non
2782 1054 3127 1124 cognitionis,
3161 1056 3255 1111 sed
3290 1056 3509 1127 invoca-

1942 1149 2121 1204 tionis.
2160 1149 2346 1204 Enoch
2387 1158 2588 1213 autem,
2648 1146 2893 1216 quamvis
2931 1146 3220 1201 translatus
3268 1146 3510 1213 fuerit“,

1941 1241 2181 1295 nondum
2222 1248 2401 1295 tamen
2439 1246 2690 1305 constat,
2729 1252 2795 1292 an
2839 1236 2929 1291 Dei
2981 1247 3230 1291 naturam
3270 1253 3514 1308 compre-

1941 1332 2227 1397 henderit,
2280 1340 2373 1385 aut
2418 1329 2918 1400 comprehensurus
2964 1330 3053 1383 sit.
3101 1329 3220 1383 Jam
3266 1329 3393 1396 Noe,
3426 1332 3511 1385 cui

1939 1421 2088 1477 orbis
2135 1421 2373 1477 universi
2425 1422 2496 1476 ab
2549 1436 2812 1490 aquarum
2871 1419 3115 1491 periculo
3155 1422 3513 1476 conservandi

1940 1528 2069 1569 cura
2113 1513 2319 1567 credita
2369 1522 2453 1567 est
2475 1514 2540 1576 ⁸³,
2569 1513 2651 1567 vel
2697 1513 2872 1582 potius
2922 1513 3069 1567 orbis
3123 1514 3329 1566 semina
3367 1528 3516 1567 com-

1940 1604 2129 1667 missa,
2148 1604 2344 1672 exiguo
2368 1602 2511 1673 ligno
2533 1602 2791 1656 diluvium
2818 1601 3074 1677 fugientia
3099 1602 3163 1667 “,
3192 1602 3320 1657 hinc
3340 1601 3512 1657 solum

1941 1694 2149 1749 laudem
2165 1705 2493 1750 consecutus
2515 1703 2617 1759 est,
2641 1694 2783 1763 quod
2808 1695 2920 1749 Deo
2965 1702 3148 1764 gratus
3177 1704 3231 1749 et
3260 1702 3515 1763 acceptus

1941 1786 2149 1842 fuisset.
2182 1787 2407 1857 Magnus
2444 1802 2605 1855 porro
2638 1788 2725 1843 ille
2767 1788 3077 1858 patriarcha
3108 1787 3404 1851 Abraham,
3445 1800 3512 1841 ex

1940 1879 2046 1934 [ide
2072 1879 2289 1947 quidem
2339 1878 2667 1946 justiticatus
2696 1892 2779 1935 est
2802 1882 2868 1945 ⁸⁸,
2905 1895 2966 1935 ac
2991 1895 3183 1936 novam
3222 1888 3275 1933 et
3302 1879 3509 1933 inaudi-

1942 1979 2049 2023 tam
2086 1970 2381 2034 victimam,
2414 1985 2728 2039 magnaaque
2757 1971 2900 2025 illius
2950 1972 3176 2041 figuram
3212 1979 3510 2040 gerentem,

1938 2062 2196 2116 obtulit“
2225 2079 2237 2114 :
2270 2071 2325 2115 at
2360 2062 2522 2116 Deum
2572 2078 2673 2116 non
2722 2073 2780 2115 ut
2810 2064 2977 2117 Deum
3001 2063 3300 2130 conspexit,
3327 2062 3420 2116 sed
3456 2070 3513 2114 ut

1939 2153 2212 2207 hominem
2248 2153 2381 2207 aluit
2402 2154 2486 2218 ‘7;
2524 2169 2586 2207 ac
2630 2154 2854 2223 proinde
2916 2154 3165 2208 laudatus
3205 2164 3305 2217 est,
3344 2154 3508 2223 quod,

1939 2254 2197 2313 quanlum
2256 2246 2521 2314 percepit,
2570 2254 2778 2299 tantum
2825 2260 3040 2313 quoque
3081 2253 3371 2299 veneratus
3403 2252 3507 2299 εει.

1943 2332 2077 2389 Nam
2146 2335 2273 2403 quid
2333 2335 2400 2389 de
2443 2333 2608 2389 Jacob
2644 2335 2843 2399 dicam,
2897 2335 2988 2403 qui
3050 2334 3178 2388 licet
3223 2331 3507 2388 sublimem

1946 2429 2232 2498 quamdam
2255 2428 2482 2490 scalam,
2510 2437 2564 2482 ct
2589 2427 2945 2481 ascendentes
2978 2426 3193 2495 angelos
3220 2425 3271 2479 in
3305 2423 3510 2479 somnis

1938 2518 2286 2587 conspicatus
2318 2517 2390 2573 sit
2416 2518 2483 2581 “,
2515 2533 2579 2573 ac
2616 2518 2921 2572 columnam
2959 2532 3063 2572 non
3099 2518 3214 2571 sine
3256 2514 3510 2586 mysterio

1938 2609 2169 2678 quodam
2203 2609 2417 2662 tinxerit
2438 2609 2695 2675 (fortasse
2734 2616 2794 2661 ut
2824 2607 3052 2675 lapidem
3091 2604 3279 2660 salutis
3313 2611 3513 2658 nostra:

1937 2714 2101 2756 causa
2145 2710 2365 2755 unctum
2435 2698 2819 2770 significaret),
2859 2709 3022 2766 atque
3072 2697 3125 2750 in
3172 2694 3311 2763 ejus,
3351 2708 3509 2764 quem

1937 2799 2335 2860 conspexerat,
2390 2792 2682 2855 honorem,
2740 2788 2873 2843 loco
2907 2787 3118 2842 cuidam
3165 2787 3354 2841 domus
3412 2783 3505 2838 Dei

1936 2893 2349 2954 cognomentum
2393 2881 2731 2952 imposuerit,
2766 2895 2830 2935 ac
2880 2895 3001 2935 cum
3051 2879 3162 2934 Deo
3194 2876 3348 2947 quasi
3388 2891 3509 2931 cum

1940 2976 2157 3030 homine
2186 2974 2388 3028 luctam
2431 2974 2636 3037 inierit,
2664 2986 3000 3042 quaecunque
3040 2970 3257 3024 tandem
3294 2968 3384 3022 illa
3414 2967 3509 3022 Dei

1937 3083 2059 3122 cum
2090 3066 2309 3121 homine
2347 3066 2489 3119 lucta
2524 3079 2643 3119 esse
2685 3073 2867 3132 queat.
2906 3062 3000 3116 His
3026 3061 3170 3115 enim
3196 3059 3376 3114 verbis
3399 3058 3509 3113 Ior-

243 3154 438 3225 πατὴρ
498 3149 589 3225 ἦν,
627 3154 708 3206 ὅτι
774 3152 906 3207 Θεοῦ
975 3155 1136 3223 φύσιν
1185 3155 1218 3226 ἢ
1268 3156 1391 3226 ὅφιν
1431 3158 1558 3228 ὃλην
1602 3157 1829 3231 ἐχώρη-

1937 3170 2080 3215 tasse
2107 3160 2240 3214 nihil
2288 3160 2434 3215 aliud
2486 3160 2963 3228 indieatur,quam
3007 3157 3253 3210 humanae
3295 3153 3509 3207 virtutis

240 3263 343 3301 σίν
378 3245 478 3317 (4)·
1937 3266 2058 3304 cum
2093 3251 2272 3305 divina
2300 3250 2658 3320 comparatio,
2689 3249 2955 3318 luctteque
2993 3248 3169 3317 signa,
3200 3260 3319 3317 quae
3351 3260 3508 3299 crea-

240 3350 361 3392 tam
409 3350 659 3394 natnram
700 3341 897 3396 victam
965 3353 1087 3396 esse
1134 3340 1503 3405 ostenderent,
1571 3341 1624 3395 in
1678 3356 1900 3411 corpore
1939 3342 2145 3406 tulerit,
2188 3357 2251 3397 ac
2305 3343 2537 3411 denique
2587 3356 2684 3409 pro
2740 3342 2957 3411 pietatis
3003 3338 3225 3409 praemio
3273 3337 3507 3393 nominis

237 3432 736 3484 commutationem
792 3430 1100 3500 acceperit,
1160 3445 1258 3499 pro
1308 3431 1474 3486 Jacoh
1535 3432 1823 3496 nimirum,
1871 3446 2065 3503 magno
2102 3432 2193 3486 illo
2245 3442 2300 3486 et
2342 3434 2545 3487 eximio
2575 3433 2792 3487 Israelis
2853 3430 3072 3485 nomine
3135 3438 3502 3499 nuncupatus;

240 3524 355 3575 hoc
403 3529 582 3575 tamen
625 3535 723 3575 nec
768 3521 901 3591 ipse,
948 3535 1048 3575 nec
1081 3521 1365 3592 quisquam
1412 3537 1479 3576 eo
1520 3523 1824 3587 sublimior,
1868 3523 1932 3577 ad
1963 3524 2105 3577 hunc
2140 3537 2310 3592 usque
2344 3525 2484 3579 diem
2511 3523 2563 3577 in
2602 3523 2856 3577 omnibus
2913 3522 3195 3577 duodecim
3238 3522 3503 3585 tribubus,

238 3626 484 3681 quarum
523 3621 678 3679 pater
703 3612 928 3677 exsritit,
960 3610 1176 3682 gloriari
1226 3614 1617 3682 magnificoque
1684 3614 1979 3683 prmdicare
2034 3616 2227 3684 potuit,
2289 3630 2347 3670 se
2400 3623 2562 3670 totam
2618 3615 2709 3669 Dei
2776 3624 3025 3671 naturam
3094 3615 3275 3671 animo
3312 3629 3505 3685 perceo

239 3717 412 3774 pisse.

318 3799 421 3853 19'.
457 3799 614 3868 Ἠλία
657 3798 735 3865 δὲ,
764 3797 887 3851 οὔτε
923 3796 1139 3869 πνεῦμα
1178 3798 1367 3868 βίαιον,
1400 3799 1523 3852 οὔτε
1560 3800 1831 3872 πῦρ,οῦτε

242 3892 602 3960 συσσεισμὸς,
648 3890 723 3953 ὡς
763 3891 861 3960 τῆς
889 3890 1128 3961 ἱστορίας
1182 3890 1420 3953 ἀκούεις,
1467 3891 1583 3944 ἀλλ’
1625 3894 1655 3962 ἡ
1690 3890 1831 3964 αὖρα

240 4002 328 4048 τις
351 3984 509 4053 ὀλίγη
533 3983 633 4053 τὴν
655 3982 747 4035 τοῦ
764 3982 895 4035 Θεοῦ
920 3984 1241 4055 παρουσίαν,
1268 3982 1566 4047 καὶταῦτα,
1585 3986 1644 4036 ού
1671 3984 1829 4052 φύσιν

239 4077 712 4148 ὲσκιαγράφησεν.
747 4075 904 4147 Ἠλία
928 4077 1065 4139 τίνι;
1113 4075 1171 4128 ὃν
1195 4076 1289 4128 καὶ¹
1326 4076 1477 4146 ἅρμα
1522 4076 1691 4146 πυρὸς
1740 4078 1831 4128 ἀν-

240 4174 367 4238 άγει
416 4171 555 4241 πρὸς
580 4169 827 4240 οὐρανὸν,
858 4168 1050 4238 δηλοῦν
1078 4164 1172 4219 τοῦ
1218 4166 1426 4220 δικαίου
1459 4167 1519 4220 τὸ
1555 4168 1690 4238 ὑπὲρ
1731 4167 1826 4220 ἅν-

239 4265 484 4334 θρωπον.
519 4259 717 4313 nam
750 4258 805 4311 δὲ
833 4258 925 4312 τὸν
955 4257 1144 4329 κριτὴν
1182 4257 1468 4328 πρότερον,
1504 4259 1597 4311 καὶ
1620 4258 1820 4329 Πέτρον

236 4355 334 4407 τὸν
370 4351 618 4423 μαθητὴν
653 4350 898 4420 ὓστερον,
929 4349 1044 4412 πῶς
1087 4349 1149 4401 ού
1172 4348 1551 4418 τεθαύμακας;
1589 4349 1679 4401 τὸν
1726 4348 1822 4419 μὲν

2009 3798 2151 3852 XIX.
2190 3796 2297 3852 Nec
2342 3811 2471 3851 vero
2516 3796 2666 3861 Elite,
2692 3795 2775 3851 vel
2823 3797 3047 3865 spiritus
3080 3797 3391 3867 vehemens,
3421 3801 3507 3856 vel

1934 3891 2095 3961 ignis,
2134 3890 2215 3944 vel
2252 3898 2411 3945 terrae
2460 3890 2765 3953 concussio,
2797 3897 2854 3942 ut
2883 3887 3046 3959 510
3070 3889 3312 3946 historiae
3335 3906 3507 3947 sacra:

1933 3980 2294 4035 monumentis
2317 3980 2588 4049 proditum
2621 3990 2722 4046 est,
2760 3982 2853 4035 sed
2892 3996 3023 4036 aura
3053 3985 3295 4051 quaedam
3328 3986 3505 4042 tenuis

1934 4074 2027 4127 Dei
2058 4073 2425 4140 praesentiam,
2450 4086 2555 4125 non
2590 4080 2769 4125 autem
2808 4081 3058 4127 naturam
3090 4074 3284 4143 ipsam,
3311 4075 3503 4131 aditu.-

1931 4165 2192 4220 bravit”.
2222 4164 2399 4235 Ipsum
2451 4164 2621 4218 Eliam
2676 4165 2816 4229 dico,
2867 4179 3024 4233 quem
3071 4165 3258 4236 igneus
3288 4183 3504 4239 quoque

1930 4274 2122 4314 currus
2168 4260 2218 4312 in
2281 4258 2475 4312 omium
2522 4258 2794 4324 evexit",
2823 4257 3155 4327 significans,
3190 4268 3250 4313 ut
3288 4260 3500 4330 opinor,

1930 4353 2258 4423 singularem
2289 4352 2580 4422 quamdam
2635 4351 2868 4406 hominis
2901 4350 3181 4417 virtutem,
3218 4360 3379 4422 atque
3402 4353 3504 4407 hu—

236 4445 366 4498 esse
400 4444 525 4513 ὅφιν
570 4442 807 4513 φέροντα
854 4439 946 4494 τοῦ
983 4441 1375 4509 φαντασθέντος
1410 4442 1563 4507 Θεοῦ,
1597 4442 1690 4495 καὶ
1738 4443 1826 4496 διὰ

1935 4457 2149 4497 manum
2179 4440 2460 4512 fastigium
2494 4442 2868 4497 excedentem.
2901 4442 3081 4509 Quid?
3112 4444 3225 4499 Non
3263 4452 3314 4499 te
3337 4446 3501 4515 judex

236 4536 421 4599 τοῦτο,
469 4535 901 4603 Ἀπολὼλαμεν,
930 4527 976 4586 ὦ
1019 4533 1215 4602 γῦναι,
1257 4532 1500 4601 λέγοντα,
1535 4534 1683 4587 Θεὸν
1714 4534 1817 4585 ἑω-

230 4629 532 4697 ράκαμεν,
577 4626 653 4689 ὼς
690 4625 752 4678 ού
796 4625 1050 4695 χωρητῆς
1104 4623 1269 4694 οῦσης
1320 4624 1647 4696 ἀνθρώποις,
1700 4625 1820 4677 οὐδὲ

239 4719 545 4791 φαντασίας
574 4718 745 4781 θείας,
779 4716 852 4787 μὴ
892 4716 972 4769 ὅτι
999 4733 1063 4785 γε
1100 4715 1331 4786 φύσεωςο
1377 4716 1466 4769 τὸν
1500 4716 1555 4769 δὲ
1593 4717 1684 4768 καὶ
1730 4716 1820 4769 τὸν

344 4812 391 4843 ⁸⁸
420 4810 558 4864 Gen.
596 4825 668 4872 tv,
702 4807 789 4861 26.

265 4884 287 4915 ³
312 4880 452 4936 Gen.
481 4894 622 4944 uti,
665 4878 701 4930 2
750 4894 902 4947 seqq.

312 4994 427 5066 (99)
498 4989 1432 5066 ’meaxeiddat:___}locem_uhanc
1508 4992 1562 5066 i_t_r_
1641 4993 1813 5066 activa

238 5060 661 5137 significatione
687 5062 895 5137 accepit
931 5061 1136 5137 _Billius.
1179 5060 1312 5126 Alii,
1363 5070 1475 5130 post
1508 5060 1816 5137 Theodore-

238 5131 381 5196 tu'rn,
427 5134 501 5202 in_
519 5132 731 5200 passiva
777 5131 1081 5199 accipiunt,
1128 5143 1181 5185 et
1215 5141 1430 5187 vertunt
1471 5147 1485 5184 :
1522 5150 1539 5182 ι
1570 5134 1817 5202 Speravit

235 5208 357 5261 fore
387 5213 446 5257 ut
479 5200 740 5256 Dominus
772 5202 1127 5254 invocaretur.
1159 5219 1176 5252 i

311 5274 390 5359 (1)
787 5270 953 5327 Savil.
998 5280 1052 5326 et
1109 5271 1320 5338 Comb.,
1360 5271 1708 5340 διαφυγόντα.
1738 5271 1814 5337 ,ιιι

235 5342 382 5406 aliis,
413 5342 751 5411 διαφυγῲιτι.

308 5413 391 5487 (2)
430 5407 571 5487 Καὶ,
592 5407 760 5487 οἶκος
809 5411 979 5487 Θεοῦ.
1032 5409 1495 5487 «__Dornus_Dei.3
1543 5408 1813 5487 Begg._a,

238 5478 493 5547 hrri,'duo
530 5482 685 5536 Colb.
713 5492 767 5536 et
803 5480 899 5537 Or.
930 5483 983 5543 1,
1016 5478 1155 5540 εἶδος
1190 5480 1348 5547 Θεοῦ,
1393 5500 1410 5533 ι
1455 5480 1619 5534 facies
1655 5478 1767 5536 Dei.
1793 5500 1810 5533 ι

240 5556 473 5611 Fatetur
520 5552 711 5606 Billins
757 5552 812 5606 in
858 5553 1001 5606 notis
1033 5568 1090 5607 se
1135 5552 1186 5605 in
1238 5553 1402 5621 priori
1459 5550 1693 5605 editione
1740 5553 1818 5605 sic

239 5625 473 5681 vertisse
525 5622 849 5677 auctoritate
898 5623 1176 5685 codicum;
1228 5635 1401 5692 neque
1448 5622 1581 5675 hanc
1628 5621 1815 5692 lectio;-

246 5711 368 5750 netn
424 5692 835 5763 improbandarn
859 5692 1105 5763 _judical.
1137 5691 1273 5763 _Sed
1312 5690 1384 5746 _in
1444 5694 1677 5763 secunda
1728 5690 1813 5763 ed.

242 5756 634 5836 praetulit'cum
669 5760 803 5831 Elia,
829 5756 978 5827 οἰκος
1020 5760 1178 5829 Θεοῦ,
1211 5781 1229 5816 ι
1259 5764 1448 5820 dontns
1486 5760 1596 5828 Dei,
1624 5779 1640 5809 ι
1677 5761 1816 5833 quod

887 4808 929 4838 ⁶²
952 4806 1085 4861 Gen.
1118 4823 1167 4867 v,
1194 4808 1282 4860 21.
1365 4807 1409 4837 ⁸³
1435 4805 1569 4860 Gen.
1610 4823 1683 4872 vr,
1720 4806 1786 4860 15
1818 4821 1938 4874 sqq.
2045 4805 2089 4836 “
2112 4805 2247 4860 Gen.
2280 4818 2355 4867 ιιι,
2387 4805 2408 4857 1
2436 4819 2555 4874 sqq.

888 4917 902 4929 .
984 4878 1025 4908 ⁶⁷
1051 4875 1187 4929 Gen.
1218 4892 1373 4929 xvm.
1403 4876 1437 4929 2
1464 4891 1582 4929 sua.
1613 4878 1657 4908 ⁸⁸
1688 4877 1822 4929 Gen.
1848 4890 2040 4929 xxvnt.
2064 4875 2149 4929 12.
2229 4874 2273 4905 ⁸⁸
2301 4874 2363 4929 ιιι
2387 4874 2519 4929 Iiee.
2555 4892 2643 4929 xu

1101 4892 1187 4930 en.
1218 4892 1373 4939 xvnt,
1403 4876 1437 4929 2
1464 4891 1582 4946 sqq.
1613 4878 1657 4908 ⁸⁸
1688 4877 1822 4931 Gen.
1848 4890 2040 4941 xxvnt,
2064 4875 2149 4930 12.
2229 4874 2273 4905 ⁸⁸
2301 4874 2363 4929 ιιι
2387 4874 2519 4945 Iieg.
2555 4892 2665 4941 χιε,
2698 4877 2758 4930 11
2799 4892 2918 4947 sqq.

1927 4533 2017 4588 ille
2054 4532 2270 4598 Manue,
2315 4549 2379 4587 ac
2426 4532 2617 4586 Petrus
2660 4532 2957 4601 apostolus,
2998 4534 3355 4589 admiratione
3390 4534 3501 4587 alli—

1928 4624 2120 4679 ciunt?
2164 4623 2407 4690 Quorum
2449 4623 2589 4678 alter
2629 4638 2697 4678 ne
2732 4635 3083 4695 conspectum
3118 4626 3336 4696 quidem
3379 4627 3497 4693 Dei,

1927 4731 2023 4786 per
2068 4716 2356 4785 imaginem
2401 4714 2503 4785 ipsi
2547 4716 2910 4786 obversantis,
2960 4717 3101 4773 ferre
3152 4728 3382 4788 poterat,
3435 4734 3497 4775 ac

2045 4804 2089 4836 ⁶¹⁵
2112 4804 2247 4860 Gen.
2280 4818 2355 4867 ιιι,
2387 4805 2408 4857 1
2436 4819 2555 4874 sqq.
2658 4804 2701 4837 ⁸⁸
2723 4804 2860 4860 Gen.
2896 4822 2985 4871 xv,
3022 4806 3083 4866 6;
3120 4806 3275 4862 Rom.
3321 4824 3393 4874 tv,
3440 4811 3491 4863 5.

2993 4877 3038 4907 ⁷⁰
3065 4876 3129 4931 ιν
3154 4877 3285 4949 Iieg.
3315 4895 3375 4941 ιι.
3406 4879 3493 4936 11.

1931 5010 1949 5044 ι
1977 4990 2218 5062 Gregorii
2250 4992 2434 5059 verba,
2462 4991 2528 5045 de
2563 4990 2666 5062 loci
2703 4993 3119 5061 nuncupatione,
3151 4992 3337 5048 Jacobi
3369 5012 3489 5049 cum

1925 5061 2120 5129 angelo
2174 5061 2374 5115 luctum
2439 5061 2815 5129 prmcedant.»
2877 5063 2933 5117 Si
2994 5064 3273 5117 lectionem
3344 5062 3490 5130 οἶκος

1922 5132 2059 5185 Θεοῦ
2094 5131 2412 5201 praattrleris,
2449 5132 2561 5201 lege
2586 5131 2722 5185 Gen.
2750 5146 2940 5197 xxvm,
2978 5132 3064 5193 12,
3097 5134 3163 5185 17
3191 5143 3244 5185 et
3276 5135 3364 5189 19.
3396 5137 3488 5190 Sin

1922 5197 2147 5274 alteram
2179 5197 2317 5274 εἶδος
2347 5197 2522 5274 Θεοῦξ
2546 5200 2660 5274 lege
2695 5200 2829 5255 Gen.
2857 5219 3029 5274 xxxii,
3050 5203 3142 5266 21,
3163 5203 3250 5257 50.
3269 5205 3325 5258 Si
3359 5221 3486 5274 ape-

1923 5272 2168 5327 riendum
2204 5271 2276 5325 sit
2313 5271 2439 5341 quid
2473 5271 2572 5326 hac
2600 5273 2664 5324 de
2692 5286 2746 5325 re
2778 5273 3090 5337 sentiamus,
3126 5276 3302 5341 aptior
3336 5271 3487 5329 nobis

1923 5342 2135 5414 videtur
2162 5341 2319 5414 lectio
2344 5360 2362 5414 ι
2387 5340 2554 5414 facies
2588 5340 2910 5414 Dei_.rqnam
2946 5340 3169 5397 «domus
3194 5343 3486 5414 Dei,rquia

1920 5411 2308 5481 hicﬂpraecipue
2329 5412 2394 5481 de
2429 5410 2633 5481 visione
2662 5411 2752 5466 Dei
2782 5413 3105 5481 disputatur.

1992 5480 2068 5555 (ὅ)
2106 5480 2439 5555 {erratis
2473 5479 2605 5555 “93-
2633 5481 2819 5555 Cypra
2853 5479 3105 5555 Ῡενητῆς-

1991 5549 2067 5621 (4)
2120 5549 2471 5620 Ἐχώρησεν.
2520 5549 2633 5621 Nan
2681 5549 2816 5606 bene
2864 5549 3081 5607 unum
3114 5552 3283 5607 oculis
3331 5569 3488 5608 usur-

1920 5620 2104 5693 passe;
2137 5639 2155 5672 ι
2189 5637 2285 5675 nec
2315 5622 2504 5693 melius
2529 5620 2693 5676 Leuv.
2726 5641 2745 5673 ι
2773 5623 3081 5693 aspiciendo
3108 5640 3125 5673 ι
3156 5625 3484 5692 percepisse,

1925 5689 2084 5762 quasi
2123 5701 2313 5762 natura
2360 5692 2537 5746 divina
2575 5706 2656 5748 res
2705 5689 2850 5747 esset
2902 5712 2917 5743 ι
2943 5692 3109 5748 oculis
3131 5689 3242 5747 {et
3284 5689 3486 5762 (θερε-

1921 5761 2027 5818 ctui
2050 5780 2067 5814 ι
2100 5761 2355 5829 subjecta.
