4038 6338
512 353 578 413 61
1753 357 1810 416 S.
1852 356 2179 417 GREGORII
2221 359 2568 416 THEOLOGI
3693 357 3762 411 5?.

442 486 455 495 ’λ
516 472 742 541 proinde
778 474 990 529 diccbat
1021 473 1345 542 :Periimus,
1376 490 1530 543 uxor,
1571 478 1737 534 Deum
1762 479 1993 535 vidimus
2014 480 2082 549 ⁷⁸,

2215 480 2512 553 >αινόμενον
2537 476 2769 550 Χριστὸν
2791 476 2870 548 τῷ
2912 476 3080 548 πλοίῳ
3131 476 3205 548 μὴ
3254 473 3629 547 προσιέμενον,
3672 474 3769 531 καὶ

512 568 773 633 tanquam
821 565 1068 621 videlicet
1129 566 1402 633 homines,
1452 584 1519 623 ne
1569 570 1734 624 divini
1785 573 2000 641 quidem
2032 575 2085 627 in

2220 568 2276 620 ιά
2299 569 2454 622 τοῦτο
2488 571 2969 640 ἀποπεμπόμενοψ
2997 570 3235 638 καίτοιγε
3276 568 3603 639 θερμότερος
3660 566 3769 620 τῶν

517 652 755 723 imagine
786 664 1127 724 conspectus,
1170 656 1368 711 nedum
1400 668 1609 713 naturas
1645 661 1834 728 ipsius,
1864 677 2090 730 capaces

2215 658 2362 711 ιλλων
2395 661 2474 723 εἰς
2506 660 2799 728 ἐπίγνωσιν
2826 659 3062 732 Χριστοῦ
3111 660 3336 731 Πέτρος,
3370 659 3464 712 καὶ
3496 659 3583 711 διὰ
3612 658 3770 709 τοῦτο

514 742 627 796 sint
663 759 676 795 :
711 742 848 796 alter
878 744 1226 810 conspicuum
1267 748 1431 800 etiam
1480 748 1757 803 Christum
1785 751 1836 804 iu
1866 752 2090 805 navicu-

2215 752 2649 822 ιακαριζόμενος,
2702 753 2797 806 καὶ
2848 752 2916 805 τὰ
2958 752 3188 823 μέγιστα
3243 752 3652 820 πιστευόμενος.
3703 749 3769 801 Τί

519 832 625 886 lam
656 833 943 887 admittere
958 836 1261 898 recusabat,
1284 846 1447 906 atque
1467 838 1749 909 ablegabat
1769 842 1835 892 τί.
1863 840 2012 907 Quod
2026 857 2090 898 eo

2215 843 2234 889 ι’
2266 842 2329 895 ἂν
2358 844 2531 905 εἴποις
2560 843 2686 913 περὶ
2728 844 2972 907 Ἡσαΐου,
2999 843 3092 896 καὶ
3121 840 3378 914 Ἰεζεχιὴλ
3415 841 3506 895 τοῦ
3536 840 3643 894 τῶν
3674 856 3772 909 με·

517 938 734 992 quoque
757 924 1053 979 mirabilius
1075 927 1243 982 videri
1271 930 1445 996 debet,
1464 934 1607 999 quod
1633 933 1773 986 idem
1802 933 1867 986 ad
1888 933 2089 990 Christi

2215 932 2389 993 τίσει-ων
2437 933 2815 996 έπόπτου,καὶ
2853 932 2961 985 τῶν
3017 932 3218 986 λοιπῶν
3246 931 3568 1003 προφητῶνς
3614 924 3688 983 ὧν
3741 930 3775 983 6

518 1016 848 1086 agnitionem
870 1018 1033 1070 animi
1061 1021 1254 1074 ardore
1268 1021 1400 1074 alios
1415 1024 1854 1092 anteibat,coque
1878 1026 2092 1082 nomine

2215 1024 2292 1076 ιὲν
2318 1024 2405 1076 τὸν
2438 1023 2643 1094 Κύριον
2669 1023 2929 1077 Σαϐϐαὼθ
2956 1023 3031 1094 (5)
3058 1020 3162 1076 εἶδε
3196 1023 3499 1095 καθήμενον
3531 1022 3623 1074 ἐπὶ
3648 1020 3776 1092 θρό-

518 1107 708 1161 beatus
724 1107 1044 1177 praedicatus
1065 1118 1146 1164 est
1168 1111 1233 1174 ⁷³,
1261 1127 1454 1180 resque
1473 1116 1732 1169 maximas
1760 1118 1812 1169 in
1831 1118 1984 1171 fidem
2005 1135 2111 1179 ac»

2215 1129 2285 1165 νου
2315 1111 2489 1183 δόξης,
2546 1112 2642 1165 καὶ
2685 1112 2870 1165 τοῦτον
2910 1112 3015 1165 ὑπὸ
3050 1111 3157 1164 τῶν
3193 1112 3573 1184 ἐξαπτερύγων
3613 1128 3775 1182 σεραο

517 1198 683 1267 cepit.
704 1198 841 1265 Quid
878 1199 1068 1255 Isaiam
1097 1210 1150 1255 et
1172 1201 1504 1259 Ezechielem
1526 1222 1704 1260 rerum
1736 1184 2097 1264 maximarum

2215 1203 2299 1272 ρὶμ
2342 1202 2729 1273 κυκλούμενον,
2774 1203 2868 1256 καὶ
2906 1202 3247 1273 αίνούμενον,
3285 1204 3381 1256 καὶ
3426 1202 3776 1273 ἀποκρυπτό-

519 1297 878 1358 spectatorem
929 1291 1270 1363 reliquosque
1308 1297 1597 1364 prophetas
1644 1301 2097 1357 commemorem?

2215 1312 2356 1348 ιενον
2390 1294 2488 1365 (ὕ),
2514 1295 2702 1347 ἑαυτόν
2732 1312 2791 1347 τε
2815 1294 2892 1365 τῷ
2952 1295 3184 1366 ἄνθρακι
3225 1294 3636 1366 καθαιρόμενον,
3678 1294 3777 1348 καὶ

519 1375 760 1443 Quorqu
795 1381 930 1436 alter
959 1381 1243 1438 Dominum
1279 1384 1556 1441 Sabbaoth
1612 1388 1665 1442 in
1707 1390 1891 1459 gloria)
1943 1394 2096 1450 thro-

2215 1386 2334 1455 τρὸς
2362 1384 2459 1457 τὴν
2508 1386 2847 1457 προφητείαν
2882 1386 3357 1456 καταρτιζόμενον·
3404 1388 3432 1440 6
3472 1385 3527 1438 δὲ
3574 1386 3668 1437 καὶ
3711 1383 3776 1437 τὸ

522 1484 593 1524 no
621 1472 894 1526 sedentem
929 1473 1061 1528 vidit
1096 1474 1161 1541 7",
1191 1491 1422 1546 eumque
1453 1492 1483 1532 a
1512 1481 1785 1549 seraphim
1821 1483 1967 1539 senis
1998 1486 2098 1542 alis

2215 1477 2378 1547 Ξχημα
2426 1477 2517 1529 τοῦ
2564 1476 2699 1530 Θεοῦ
2750 1478 2817 1530 τὰ
2867 1477 3133 1548 χερουϐὶμ
3180 1477 3500 1548 διαγράφει,
3549 1478 3643 1531 καὶ
3679 1476 3775 1530 τὸν

519 1561 761 1632 ργωάὶιῑε
787 1562 839 1615 in
856 1565 1038 1619 orbem
1058 1566 1292 1621 cinctum
1316 1583 1378 1623 ac
1398 1567 1674 1625 laudatum
1698 1580 1752 1626 et
1776 1581 1994 1636 tectum,
2013 1590 2102 1631 se-

521 1666 628 1722 que
649 1653 817 1722 ipsum
839 1638 1071 1711 carbone
1098 1667 1500 1728 perpurgatum,
1516 1669 1677 1729 atque
1703 1660 1769 1715 ad
1792 1662 2095 1718 obeundum

521 1740 818 1809 prophetia:
836 1757 1028 1797 munus
1041 1744 1383 1800 adornatum.
1404 1745 1553 1801 Alter
1569 1749 1871 1804 vehiculum
1887 1766 2101 1821 quoque

523 1829 616 1884 Dei
635 1830 701 1898 ⁷⁸,
736 1833 836 1887 hoc
882 1842 986 1899 est,
1031 1835 1355 1891 cherubinos
1406 1837 1684 1905 describit,
1738 1842 2099 1912 tlironumque
2131 1822 2173 1875 Β

524 1921 657 1990 ipsis
700 1923 1071 1987 excelsiorem,
1112 1940 1285 1995 eoque
1329 1925 1619 1983 sublimius
1670 1929 2094 2000 firmamentum,

526 2021 689 2083 atque
715 2017 934 2086 insuper
962 2031 1107 2084 eum,
1133 2018 1225 2087 qui
1266 2019 1317 2073 in
1360 2020 1702 2076 firmamento
1747 2036 1866 2077 sese
1913 2032 2099 2080 utcun-

523 2122 631 2176 que
652 2111 1073 2178 consplcandum
1111 2114 1410 2182 praebebat,
1434 2129 1703 2184 vocesque
1734 2115 1899 2170 etiam
1930 2132 2094 2187 quas-

523 2196 670 2263 dam,
711 2206 765 2252 et
795 2198 1046 2268 impetus,
1079 2209 1241 2269 atque
1276 2203 1549 2268 actiones;
1591 2203 1771 2273 idque,
1804 2206 1916 2260 sive
1947 2207 2094 2261 diur-

524 2298 654 2339 num
697 2288 967 2356 quoddam
1022 2290 1126 2344 hoc
1191 2300 1503 2361 spectrum,
1560 2293 1690 2347 solis
1736 2295 2096 2351 sanctissimis

526 2375 661 2431 viris
700 2379 1017 2447 spectabile,
1066 2380 1181 2434 sive
1227 2380 1450 2436 minime
1500 2380 1661 2437 fallax
1712 2384 1888 2439 noctis
1936 2386 2093 2450 visio,

527 2467 643 2521 sive
676 2471 874 2538 praevia
910 2471 1155 2540 quaedam
1206 2473 1404 2529 mentis
1434 2474 1738 2544 impressio,
1773 2475 1949 2530 futura
1979 2486 2097 2531 tan-

526 2576 687 2631 quam
728 2566 1016 2633 prmseutia
1046 2567 1348 2630 exhibens,
1386 2566 1498 2621 sive
1529 2581 1785 2621 arcanum
1830 2570 2095 2637 quoddam

531 2654 678 2710 aliud
719 2657 1016 2725 prophetia:
1060 2674 1249 2729 genus,
1306 2660 1487 2714 dicere
1527 2674 1771 2729 nequeo;
1808 2662 1956 2714 novit
1998 2662 2100 2717 hoc

2200 1566 2339 1637 ὑπὲρ
2394 1565 2573 1618 αὐτῶν
2620 1566 2715 1635 (6⁸)
2753 1566 2960 1638 θρόνον,
3020 1568 3197 1620 καὶτὸ
3243 1568 3380 1639 ὑπὲρ
3441 1567 3602 1620 αὑτοῦ
3653 1584 3778 1620 στε-

2202 1656 2412 1727 ρέωμα,
2468 1658 2561 1712 καὶ
2603 1658 2693 1711 τὸν
2736 1659 2792 1711 ὲν
2826 1658 2904 1731 τῷ
2956 1658 3297 1731 περεώματι
3344 1656 3774 1729 φανταζόμενον,

2202 1749 2295 1801 καὶ
2350 1747 2532 1817 φωνάς
2568 1749 2630 1817 δή
2673 1767 2847 1814 τινας,
2901 1750 2994 1803 καὶ
3052 1750 3249 1822 ὁρμὰς,
3281 1751 3372 1805 καὶ
3414 1750 3635 1820 πράξεις
3668 1749 3773 1819 (η’

2202 1844 2296 1896 καὶ
2329 1843 2526 1907 ταῦτα,
2578 1847 2686 1897 εἴτε
2745 1846 3016 1915 φαντασία
3063 1866 3147 1912 τις
3176 1844 3242 1919 ἦν
3295 1848 3549 1921 ἡμερινὴ,
3596 1847 3777 1920 μόνοις

2203 1934 2450 2006 θεωρητὴ
2479 1938 2590 1998 τοῖς
2619 1935 2815 2004 ἁγίοις,
2849 1938 2959 1991 εἴτε
2987 1939 3177 2001 νυκτὸς
3207 1939 3441 2010 ἀψευδὴς
3484 1939 3624 2009 ὄψις,
3664 1938 3778 1993 εἴτε

2202 2025 2293 2081 τοῦ
2318 2027 2644 2097 ἡγεμονικοῦ
2660 2028 2918 2093 ,τύπωσις
2953 2031 3320 2102 συγγενομένη
3354 2030 3429 2098 (8)
3479 2033 3591 2093 τοῖς
3643 2029 3779 2100 μέλ-

2203 2117 2381 2171 λουσιν
2427 2119 2502 2181 ὼς
2531 2121 2965 2190 παροῦσιν,,εἱ’τε
3011 2138 3064 2174 τι
3097 2121 3225 2175 ἄλλο
3265 2122 3599 2193 προφητείας
3640 2117 3778 2184 εἶδος

2200 2208 2530 2279 ἀπόρρητον,
2568 2210 2669 2263 οὐκ
2701 2211 2810 2281 ἔχω
2832 2212 3030 2280 λέγειν’
3066 2212 3178 2266 ἀλλ’
3211 2208 3348 2267 οἶδεν
3372 2214 3401 2266 6
3430 2212 3537 2264 τῶν
3568 2227 3785 2282 προφη-

2200 2300 2307 2354 τῶν
2336 2300 2488 2365 Θεὸς,
2523 2301 2618 2355 καὶ
2643 2303 2693 2355 οἱ
2721 2302 2787 2357 τὰ
2809 2302 3028 2357 τοιαῦτα
3048 2303 3446 2375 ἐνεργούμενοι.
3481 2303 3625 2373 Πλὴν
3652 2301 3781 2356 οὕτε

2202 2386 2344 2445 οὗτοι
2390 2392 2517 2463 περὶ
2568 2385 2642 2446 ὧν
2698 2395 2726 2447 6
2783 2392 2959 2460 λόγος,
3004 2392 3127 2447 οὔτε
3174 2411 3257 2457 τις
3311 2393 3464 2456 ἄλλος
3499 2393 3608 2447 τῶν
3648 2378 3781 2447 ’κατ’

2205 2480 2401 2544 αὐτοὺς
2454 2481 2552 2552 (9),
2611 2480 2740 2553 ἔστη
2794 2484 2852 2535 ὲν
2904 2483 3249 2554 ὑποστήματι
3300 2481 3411 2553 (10)
3466 2483 3561 2536 καὶ
3621 2482 3783 2552 οὐσίᾳ

2205 2573 2432 2643 Κυρίου,
2464 2572 2603 2627 κατά
2635 2573 2697 2626 τὸ
2749 2574 3157 2646 γεγραμμένον,
3208 2574 3329 2628 οὐδὲ
3365 2572 3501 2627 Θεοῦ
3550 2574 3710 2643 φύσιν
3744 2572 3781 2645 ἢ

2207 2660 2343 2718 εἶδεν
2370 2662 2402 2733 ἢ
2449 2664 2825 2735 ὲξηγόρευσεν.

526 2748 912 2819 prophetarum
940 2749 1103 2814 Deus,
1136 2758 1189 2805 et
1213 2750 1306 2819 qui
1348 2752 1652 2821 lmjusmodi
1714 2750 1979 2807 alﬂatibus
2049 2753 2339 2821 agitantur.
2403 2753 2666 2808 Caeterum
2696 2769 2866 2823 neque
2929 2752 3004 2819 hi,
3032 2753 3098 2807 de
3126 2753 3319 2823 quibus
3349 2751 3555 2821 loquor,
3612 2747 3784 2821 nequo

532 2844 813 2915 quisquam
867 2844 1003 2900 alius
1044 2846 1284 2915 ejusdem
1328 2848 1555 2912 ordinis,
1597 2848 1650 2902 in
1695 2849 1992 2903 substantia
2034 2857 2091 2903 et
2126 2849 2361 2904 essentia
2393 2849 2627 2915 Domini,
2670 2858 2729 2903 ut
2785 2848 3062 2918 Scriptura
3096 2846 3332 2917 loquitur
3370 2847 3445 2912 ⁷⁸,
3476 2845 3647 2911 stetit,
3681 2858 3786 2902 nee

539 2937 635 2993 Dei
678 2946 950 3007 naturam,
984 2948 1078 2992 aut
1117 2938 1271 3003 vidit,
1304 2948 1397 2992 aut
1436 2938 1557 2994 aliis
1603 2940 1841 3008 prodidit
1867 2949 1919 2995 et
1949 2938 2223 3009 patefecit.
2706 2954 2709 2957 '

602 3030 723 3087 XX.
758 3030 913 3097 Quod
958 3032 1004 3086 si
1049 3031 1218 3086 Paulo
1268 3047 1352 3095 ea,
1395 3047 1513 3100 qua:
1559 3032 1778 3087 tertium
1817 3033 2099 3098 coelum",

2272 3033 2359 3088 K'.
2405 3033 2602 3104 Παύλῳ
2660 3033 2739 3099 δὲ,
2779 3033 2827 3085 εί
2886 3031 2984 3102 μὲν
3051 3028 3260 3099 εκφορά
3323 3026 3432 3098 (11)
3494 3021 3563 3098 ἦν
3625 3024 3777 3097 άπερ

531 3132 696 3193 atque
732 3123 799 3177 ad
844 3121 974 3177 illud
1013 3137 1185 3191 usque
1224 3122 1557 3191 progressio,
1594 3123 1679 3177 vel
1712 3126 1981 3189 ascensio,
2015 3126 2099 3181 vel

534 3215 831 3286 assumptio
884 3215 1148 3278 exhibuit,
1182 3214 1504 3269 mortalibus
1538 3216 1797 3286 evulgare
1840 3217 2101 3284 licuisset,

533 3308 765 3377 amplius
793 3306 1045 3376 quiddam
1078 3304 1234 3375 511
1272 3304 1507 3362 fortasse
1532 3307 1597 3362 de
1622 3307 1732 3363 Deo
1765 3310 2107 3378 cognovisse-

534 3415 677 3465 mus,
705 3399 751 3455 si
776 3398 935 3453 modo
965 3413 1163 3453 arcana
1192 3399 1307 3454 haec
1333 3413 1494 3454 causa
1526 3408 1663 3464 erat,
1694 3415 1789 3453 cur
1826 3402 1877 3454 in
1910 3400 2103 3455 ccelum

536 3500 839 3561 raperetur.
869 3491 1134 3557 Quoniam
1178 3500 1358 3545 autem
1390 3490 1505 3545 hmc
1534 3491 1582 3545 ei
1618 3492 1671 3544 in
1701 3492 1890 3561 vulgus
1916 3492 2108 3547 efferre

535 3585 690 3639 nefas
737 3595 876 3650 erat,
923 3583 1187 3638 faciamus
1236 3599 1333 3638 nos
1390 3598 1626 3653 quoque,
1665 3593 1723 3636 ut
1782 3598 1843 3637 ea
1892 3583 2107 3638 silentio

536 3677 997 3732 commendemus.
1031 3676 1207 3744 Atque
1237 3676 1338 3729 hoc
1378 3676 1637 3729 duntaxat
1676 3675 1897 3729 Paulum
1920 3675 2107 3729 dicen-

542 3778 650 3824 tem
683 3767 966 3822 audiamus
996 3785 1009 3821 :
1046 3766 1133 3820 Ea:
1175 3775 1323 3835 parte
1361 3769 1738 3837 cognoscimus,
1770 3779 1815 3821 et
1862 3784 1926 3821 ex
1964 3777 2109 3836 parte

539 3859 992 3929 prophetamus".
1051 3858 1199 3923 Haec,
1247 3867 1411 3928 atque
1464 3860 1731 3930 ejusmodi
1784 3860 1940 3913 fateri
2003 3875 2108 3914 non

541 3953 751 4008 dubitat
804 3952 894 4007 ille
961 3951 1186 4006 scientia
1246 3966 1589 4022 nequaquam
1656 3952 1973 4021 imperitus,
2022 3952 2111 4006 ille

541 4043 970 4113 experimentum
1035 4057 1093 4097 se
1167 4042 1417 4095 daturum
1519 4041 1777 4095 minitans
1842 4040 2111 4111 loquentis

542 4135 598 4187 in
655 4148 715 4188 se
760 4132 1002 4200 Christi,
1073 4147 1333 4199 magnus,
1410 4132 1665 4201 inquam,
1720 4131 1809 4185 ille
1865 4132 2111 4187 veritatis

553 4232 927 4294 propugnator
978 4236 1033 4279 et
1098 4225 1305 4279 doctor.
1374 4223 1556 4291 quue
1619 4227 1837 4279 nomine
1896 4239 2112 4279 onmem

543 4332 756 4387 quoque
780 4318 1070 4372 humanam
1100 4331 1162 4370 ac
1193 4324 1462 4370 terrenam
1486 4315 1767 4369 scientiam
1791 4315 1921 4370 nihil
1951 4330 2112 4386 supra

2210 3126 2365 3197 ἔσχεν
2417 3125 2527 3196 (12)
2553 3128 2580 3178 ὁ
2625 3124 2806 3196 τρίτος
2847 3122 3093 3193 οὐρανὸς,
3131 3120 3225 3173 καὶ
3266 3120 3298 3189 ἡ
3350 3118 3541 3189 μέγρις
3574 3117 3787 3171 ἐκείνου

2211 3217 2451 3288 πρόοδος,
2481 3215 2513 3285 ἢ
2569 3214 2854 3276 ἀνάϐασις,
2889 3213 2922 3283 ἢ
2974 3210 3261 3279 ἀνάληψις,
3294 3208 3434 3277 τάχα
3466 3206 3531 3261 ἄν
3559 3223 3611 3258 τι
3656 3207 3788 3279 περὶ

2212 3307 2346 3361 Θεοῦ
2382 3307 2542 3360 πλέον
2597 3305 2863 3376 ἔγνωμεν,
2900 3302 3059 3375 εἴπερ
3102 3300 3261 3354 τοῦτο
3292 3295 3358 3371 ἦν
3388 3298 3448 3352 τὸ
3478 3298 3574 3369 τῆς
3603 3299 3786 3368 ἁρπα-

2213 3401 2313 3471 γῆς
2349 3401 2659 3471 μυστήριονο
2702 3400 2821 3451 ἐπεὶ
2856 3397 2911 3451 δὲ
2942 3397 3155 3468 ἄρρητα
3186 3390 3274 3464 ἦν,
3300 3393 3395 3445 καὶ
3425 3393 3557 3463 ἡμῖν
3607 3392 3785 3461 σιωπῇ

2211 3492 2480 3563 τιμάσθω.
2514 3491 2779 3544 Τοσοῦτον
2803 3489 2860 3542 δὲ
2887 3488 3208 3556 ἀκούσωμεν
3239 3482 3403 3538 αὑτοῦ
3457 3480 3668 3537 Παύλου
3695 3481 3789 3535 λέ-

2213 3602 2419 3654 γοντος,
2459 3585 2541 3636 ὄτι
2558 3586 2656 3637 Ἐκ
2678 3582 2899 3650 μέρους
2925 3578 3315 3648 γινώσκομεν,
3341 3574 3436 3628 καὶ
3463 3573 3532 3626 ἐκ
3566 3573 3790 3642 μέρους

2214 3677 2683 3745 προφητεύομεν.
2730 3673 2933 3733 Ταῦτα,
2982 3669 3075 3723 καὶ
3105 3668 3172 3721 τὰ
3218 3664 3441 3719 τοιαῦτα
3470 3663 3721 3734 ὁμολογεί
3761 3667 3791 3720 6

2219 3770 2293 3840 μὴ
2327 3765 2542 3834 ἰδιώτης
2590 3766 2687 3835 τὴν
2721 3763 2945 3833 γνῶσιν,
2989 3764 3016 3815 6
3060 3759 3286 3830 δοκιμὴν
3318 3756 3554 3810 ἀπειλῶν
3598 3754 3692 3808 τοῦ
3730 3756 3789 3807 ὲν

2216 3859 2365 3930 αὐτῷ
2426 3857 2713 3919 λαλοῦντος
2768 3852 3028 3926 Χριστοῦ,
3089 3854 3117 3905 6
3171 3850 3341 3921 μέγας
3387 3849 3487 3914 τῆς
3535 3845 3790 3917 ἀληθείας

2218 3949 2651 4024 προαγωνιστὴς,
2693 3947 2788 4002 καὶ
2840 3943 3174 4007 διδάσκαλος.
3214 3941 3303 3995 Διὸ
3340 3940 3433 3993 καὶ
3468 3940 3578 4008 (15)
3611 3939 3792 3992 πᾶσαν

2216 4043 2313 4114 τὴν
2356 4043 2505 4096 κάτω
2543 4040 2742 4110 γνῶσιν
2793 4038 2944 4091 οὐδὲν
2982 4036 3123 4107 ὑπὲρ
3178 4034 3246 4088 τὰ
3282 4032 3523 4103 ἔσοπτρα
3570 4030 3664 4084 καὶ
3720 4030 3790 4084 τά

2218 4134 2513 4203 αἰνίγματα
2572 4130 2797 4194 τίθεται,
2854 4128 2930 4192 ὡς
2991 4130 3048 4181 ἐν
3112 4128 3326 4197 μικροῖς
3377 4125 3473 4195 τῆς
3534 4121 3792 4193 ἀληθείας

2222 4223 2512 4293 ἱσταμένην
2564 4220 2897 4291 ἰνδάλμασιν.
2933 4217 2994 4273 Εἰ
3033 4217 3089 4271 δὲ
3128 4217 3201 4287 μὴ
3246 4215 3362 4271 λίαν
3394 4212 3533 4267 δοκῶ
3562 4229 3670 4266 τισι
3694 4228 3793 4263 πε-

2222 4315 2402 4388 ριττὸς
2424 4314 2517 4371 καὶ
2546 4312 2835 4385 περίεργος
2864 4311 2933 4365 τά
2956 4310 3179 4366 τοιαῦτα
3204 4307 3489 4375 ἐξετάζων,
3516 4307 3633 4360 οὐδὲ
3659 4304 3792 4359 ἄλλα

545 4407 765 4477 specula
815 4415 869 4462 et
916 4406 1271 4476 arnigmata"
1326 4419 1446 4460 esse
1501 4405 1711 4470 statuit,
1762 4413 1945 4474 utpote
1998 4420 2111 4475 qua}

2221 4406 2343 4461 τινὰ
2372 4405 2588 4476 τυχὸνῆ
2623 4404 2796 4458 ταῦτα
2823 4399 2915 4475 ἦν,
2963 4402 2998 4456 δι
3032 4403 3108 4474 μὴ
3158 4400 3415 4457 δύνασθαι
3465 4398 3557 4451 νῦν
3604 4397 3796 4468 βαστα-

649 4590 693 4621 ⁷¹
719 4588 894 4642 Jutlie.
928 4605 1042 4653 xm,
1069 4589 1159 4643 Ἦ.
1236 4588 1279 4622 ⁷³
1304 4586 1431 4642 Luc.
1466 4604 1517 4653 v,
1548 4586 1600 4642 8.
1681 4588 1725 4619 ⁷³
1752 4586 1937 4642 Matth.
1974 4602 2082 4651 xvi,
2109 4588 2195 4642 l7.

712 4659 756 4689 "
779 4658 823 4713 ll
848 4660 972 4713 Cor.
1016 4674 1115 4713 χιι.
1156 4658 1211 4713 ‘2.
1313 4658 1398 4710 ⁷⁸1
1429 4656 1553 4713 Cor.
1590 4674 1708 4713 xttt.
1739 4659 1793 4713 9.
1887 4658 2087 4713 “ibid.
2130 4657 2198 4713 12

546 4657 638 4716 18.
712 4659 756 4689 "
779 4658 823 4713 ll
848 4660 972 4713 Cor.
1016 4674 1115 4725 χιι,
1156 4658 1211 4713 ‘2.
1313 4658 1398 4710 ⁷⁸1
1429 4656 1553 4715 Cor.
1590 4674 1708 4722 xm,
1739 4659 1793 4714 9.

620 4815 699 4886 (5)
738 4812 1034 4868 Σαὸὅαώθ.
1070 4813 1203 4882 Reg.
1235 4814 1346 4877 bm,
1365 4814 1550 4886 _et_Or.
1582 4816 1632 4879 l,
1669 4813 1916 4869 Σαϐαὼθ.

619 4883 698 4955 (6)
750 4886 1320 4953 Ἀποκρυπτόμενον.
1353 4883 1554 4939 Colb.l
1588 4894 1641 4940 et
1683 4886 1776 4940 Or.
1806 4887 1857 4950 1,
1892 4884 2129 4955 κρυπτό-

776 5025 938 5045 (ΜΑΑ-
974 5023 1161 5045 ...9.μπ--
1211 5023 1323 5045 ﬂ...
1370 5024 1512 5045 re---“
1582 5023 1717 5045 ,οι-ι-
1763 5024 1917 5045 “3..-?

555 5023 566 5027 ⁷
622 5026 724 5149 (6⁸)
776 5025 941 5091 Ὑπερ
965 5023 1180 5081 αὐτῶν.
1211 5023 1343 5092 Reg.
1369 5024 1555 5095 Cypr.,
1581 5023 1721 5094 ὑπὲρ
1756 5024 1940 5077 αὑτοῦ.
1969 5024 2129 5079 Com-

550 5097 619 5177 be
651 5135 682 5181 ,Δ
714 5103 882 5181 putat
916 5094 1408 5181 1οεειιι1ιιιιικὺπὲρ
1448 5093 1596 5181 αὑτό,
1649 5109 1884 5181 nempe,”
1909 5095 2127 5181 ὄχημα,

552 5167 689 5245 sicut
714 5175 779 5245 et_
806 5179 927 5245 mox
954 5179 1049 5245 pro
1073 5165 1131 5217 τὸ
1159 5165 1298 5245 ὑπὲρ
1327 5165 1512 5219 αὑτοῦ.
1543 5174 1726 5218 censet
1759 5165 2125 5231 scribendum,

553 5236 693 5307 ὑπὲρ
723 5235 908 5307 αὐτόν,
933 5235 1157 5307 scilicet,
1184 5235 1393 5307 θρόνον.

624 5304 702 5375 (7)
745 5304 1017 5372 ΙΙριὶξεις.
1041 5305 1190 5375 Data,
1220 5304 1423 5371 τάξεις,
1453 5322 1471 5355 ι
1499 5304 1734 5358 ordines.
1757 5323 1775 5356 ι

622 5374 700 5445 (8)
744 5374 1174 5443 Συγγενομένη.
1210 5375 1299 5429 Or.
1330 5375 1381 5445 1,
1415 5376 1830 5443 συγγενομένου.

628 5382 679 5445 (8
744 5382 1174 5443 Συγγενομένη.
1210 5382 1299 5429 Ur.
1330 5382 1381 5438 1,
1415 5382 1830 5443 συγγενομένου.

628 5382 705 5517 (9)
742 5448 880 5501 Κατ’
908 5446 1147 5510 αὐτούς.
1191 5447 1301 5499 Duo
1332 5444 1497 5514 Ἆρες.
1524 5456 1575 5498 et
1601 5448 1693 5499 Or.
1726 5447 1774 5510 l,
1817 5445 1959 5499 κατά
2004 5443 2125 5497 τού-

555 5534 702 5570 τους.

630 5534 888 5658 (ῗίηἘν
943 5585 1491 5658 ὑποστήματιηνοκ
1538 5594 1620 5658 est
1664 5582 1911 5658 Jeremue
1958 5597 2118 5658 xxiii,

562 5653 652 5721 l8,
685 5653 771 5711 cui
830 5658 1102 5728 subiungit
1146 5653 1462 5726 Gregorius,
1518 5655 1611 5707 καὶ
1640 5653 1842 5728 Αούσίᾳ,
1872 5653 2124 5728 explica-

560 5729 723 5783 tionis
758 5724 940 5789 causa,
968 5724 1119 5797 quasi
1150 5724 1369 5781 vox'illa
1412 5744 1430 5775 ι
1454 5725 1760 5789 essentiam,
1786 5742 1803 5774 ι
1842 5724 1955 5797 sive
1994 5741 2012 5773 ι
2037 5737 2127 5797 na-

560 5806 747 5855 turam
782 5798 872 5853 Dei
898 5816 915 5849 ι
955 5791 1243 5869 signiticet,
1286 5798 1431 5867 quod
1472 5813 1501 5851 a
1543 5809 1667 5851 vero
1707 5808 1869 5850 sensu
1916 5791 2124 5865 longius

2295 4596 2317 4619 θ
2368 4603 2448 4646 sa.
2477 4603 2550 4653 vi,
2588 4587 2637 4641 1.
2713 4587 2758 4618 ⁷⁵
2791 4586 2984 4640 Ezccn.
3016 4600 3055 4643 ι,
3086 4590 3119 4637 4
3150 4598 3298 4653 seqq.
3324 4582 3369 4615 ⁷⁸
3398 4579 3598 4638 Jcrem.
3632 4596 3791 4647 χχιιι,

2241 4816 2412 4870 abest.
2448 4815 2578 4886 jox
2614 4814 2771 4886 enim
2820 4812 3041 4867 Hebraea
3096 4801 3790 4886 Jeremiaenrronsiliumn

2235 4896 2412 4939 sonat.
2447 4884 2581 4938 lliuc
2614 4883 2832 4950 Vulgata
2868 4892 3015 4953 recte
3045 4881 3260 4953 reddit:
3300 4896 3317 4929 ι
3349 4875 3648 4953 Ωυίξκςιιίιῐξ
3695 4873 3795 4953 ad-

2235 4955 2339 5009 fuit
2382 4955 2608 5010 consilio
2643 4944 2892 5007 Domini?
2921 4972 2939 5004 ι
2984 4950 3331 5024 Septuaginta
3374 4957 3428 5001 et
3463 4944 3795 5024 Theodotion

2234 5026 2673 5094 interpretantur,
2714 5044 2732 5075 ι
2766 5015 3161 5085 substantiam,
3192 5015 3359 5094 i_seu
3432 5035 3450 5068 ι
3472 5015 3798 5094 subsisten-

2236 5087 2396 5160 tiam';
2420 5114 2438 5146 ι
2473 5096 2686 5164 Aquila,
2720 5112 2741 5144 ‹
2769 5102 3096 5164 secretum,»
3132 5102 3185 5164 et
3218 5087 3601 5164 Symmachus.
3634 5102 3652 5132 ι
3682 5096 3799 5136 ser-

2236 5153 2771 5220 tnonetti.i'Verutn
2834 5177 2992 5218 voces
3044 5153 3335 5234 ὑπόστημα
3393 5168 3445 5212 et
3499 5153 3797 5234 ὑπόστασις

2236 5244 2386 5289 recte
2434 5236 2568 5289 verti
2607 5242 2845 5305 possunt,
2888 5252 2907 5285 ι
2936 5232 3130 5305 statio,»
3166 5241 3218 5284 et
3253 5249 3273 5281 ι
3300 5241 3642 5305 consessus,»
3688 5232 3797 5303 sic-

2236 5320 2341 5374 que
2394 5294 2621 5375 pr0pius'
2672 5294 2981 5360 accederent
3050 5304 3117 5357 ad
3165 5300 3455 5372 genuinum
3520 5294 3796 5349 llebraica:

2224 5377 2371 5431 vocis
2403 5391 2643 5431 sensum.

2297 5444 2739 5568 fll)E’Ex5:opd.
2806 5442 3115 5513 Legendum
3195 5440 3406 5494 videtur
3478 5450 3631 5500 esse,
3700 5433 3791 5486 ἔκ-

2297 5534 2383 5568 οα.
2460 5532 2570 5568 DIT.

2264 5531 2383 5571 οοα.
2415 5531 2570 5571 ΙέιῡΙΤ.

2223 5530 2383 5588 φορα.
2415 5530 2570 5571 non.
3485 5576 3493 5588 .
3576 5576 3587 5587 _

2296 5586 2409 5655 (l2)
2454 5587 2694 5655 Ἔσχεν.
2726 5581 2888 5638 Coisl.
2914 5582 2973 5655 5,
3002 5580 3295 5653 παρέσχεν,
3330 5597 3348 5631 ι
3374 5577 3639 5640 exhibuit,
3668 5588 3795 5645 sup-

2222 5653 2499 5725 peditavit.
2527 5674 2546 5706 ι
2568 5653 2704 5708 ’Βίιι
2735 5669 2755 5725 ς
2788 5673 2805 5705 ι
2833 5653 3092 5725 continet.
3119 5671 3137 5704 ι

2295 5725 2405 5798 (15)
2445 5726 2539 5782 Διὸ
2578 5724 2697 5782 καί.
2729 5724 2859 5794 Reg.
2884 5737 2915 5779 a
2944 5734 2997 5780 et
3024 5723 3127 5779 duo
3154 5720 3329 5790 Culb.,
3352 5719 3379 5773 ὃ
3405 5722 3517 5774 καί.
