4038 6338
264 396 340 453 53
1318 400 1577 458 ORATIO
1614 404 1851 459 XXVIII.

1959 437 1963 445 ι
2003 402 2440 458 THEOLOG‘ICA
2477 401 2540 457 11.
3462 401 3533 460 54

262 511 489 584 χθῆναι,
542 515 572 565 6
625 514 797 582 Λόγος
842 513 1002 577 αὐτὸς
1052 515 1403 597 ὑπῃνίσσετο,
1455 518 1529 581 ὧς
1573 519 1685 588 (14)
1736 536 1853 571 ποτε

1970 519 2110 573 ultra
2134 518 2329 588 exigua
2362 516 2607 597 veritatis
2636 513 2925 571 simulacra
2957 513 3176 567 minime
3202 528 3319 569 sese
3353 517 3530 584 porri~

264 605 767 675 βασταχθησὸμενα
791 606 885 659 καὶ
913 594 1394 677 τρανωθησόμένα·
1445 611 1536 662 καὶ
1571 611 1712 682 ἅπερ
1748 610 1858 681 (15)

263 695 393 765 μηδ’
422 694 491 746 ἂν
536 694 699 745 αὐτὸν
724 693 1017 764 δυνηθῆναι
1068 696 1315 765 χωρῆσαι
1352 696 1445 749 τὸν
1473 697 1675 766 κόσμον
1724 696 1859 767 (16),

272 786 537 856 Ἰωάννης
570 788 597 839 6
626 785 719 838 τοῦ
747 786 920 853 Λόγου
948 786 1257 858 πρόδρομος
1289 788 1422 857 (17),
1461 790 1493 858 ή
1522 788 1729 859 μεγάλη
1765 789 1863 857 τῆς

260 877 524 948 ἀληθείας
554 877 725 947 φωνὴ,
747 876 1045 947 διωρίζετο.

1969 621 2075 681 gat.
2112 611 2263 676 Quod
2296 610 2396 663 nisi
2427 623 2510 662 me
2550 608 2814 678 quiSpiam
2845 607 2897 660 in
2936 606 3094 676 hujus
3124 606 3336 676 generis
3371 608 3531 663 rebus

1970 702 2320 770 exquirendis
2353 699 2513 754 nimis
2548 700 2757 753 curiose
2791 706 2844 753 et
2890 712 3289 767 supervacaneo
3328 700 3533 754 versari

1971 791 2263 855 existimet,
2292 789 2472 845 dicere
2518 803 2730 858 quoque
2761 803 2866 842 non
2916 803 3126 853 verear,
3158 803 3258 844 nec
3281 789 3380 842 alia
3414 790 3535 859 qui-

1975 882 2093 936 dem
2139 882 2389 947 fortasse,
2441 894 2601 949 quam
2655 880 2792 943 hzec,
2839 893 2901 932 ea
2936 892 3076 943 esse,
3122 894 3242 948 quae
3284 878 3535 936 Christus

262 971 376 1038 ip~e
449 969 655 1037 portari
702 969 754 1022 in
821 970 922 1023 hac
974 971 1080 1023 vita
1123 984 1279 1039 posse
1332 970 1545 1033 negavit
1593 971 1660 1035 ⁸ο,
1697 970 1842 1025 velut
1876 970 2164 1042 aliquando
2198 971 2479 1041 portanda,
2518 977 2571 1025 et
2609 968 2964 1033 declaranda;
3005 978 3058 1023 et
3115 984 3232 1038 qua:
3261 969 3352 1024 ille
3372 969 3533 1025 Verbi

258 1074 574 1128 praecursor
619 1059 880 1125 Joannes,
938 1070 992 1115 et
1048 1077 1238 1131 magna
1294 1063 1537 1116 veritatis
1569 1080 1692 1127 vux,
1729 1079 1795 1118 ne
1820 1079 1849 1118 a
1882 1065 2081 1120 mundo
2109 1065 2324 1133 quidem
2353 1063 2468 1133 capi
2501 1077 2659 1133 posse
2683 1059 3136 1127 pronuntiavit“.

331 1153 469 1207 KA'.
498 1155 657 1207 Πᾶσα
706 1156 806 1226 μὲν
832 1152 926 1209 οὖν
976 1156 1224 1228 ἀλήθεια,
1272 1159 1367 1210 καὶ
1413 1160 1518 1221 πᾶς
1544 1159 1702 1227 λόγος
1728 1159 1855 1212 δυσ-

259 1244 578 1315 τέκμαρτός
613 1262 675 1297 τε
743 1247 839 1299 καὶ
897 1245 1293 1319 δυσθεώρητος·
1349 1248 1442 1302 καὶ
1479 1244 1592 1302 οἷον
1642 1250 1858 1321 ὀργάνῳ

262 1336 454 1408 μικρῷ
501 1337 715 1406 μεγάλα
763 1338 1224 1409 δημιουργοῦμεν,
1254 1342 1319 1410 τῇ
1352 1339 1664 1411 ἀνθρωπίνῃ
1697 1342 1858 1412 σοφία

258 1426 357 1495 τὴν
412 1427 528 1479 τῶν
564 1426 733 1480 ὄντων
773 1427 974 1496 γνῶσιν
1032 1427 1374 1499 θηρεύοντες,
1433 1430 1528 1482 καὶ
1571 1432 1682 1493 τοῖς
1729 1448 1857 1503 νοη-

258 1519 373 1579 τοῖς
408 1517 528 1587 (18)
560 1517 988 1588 προσϐάλλοντες
1020 1518 1157 1587 μετὰ
1185 1518 1293 1571 τῶν
1338 1518 1661 1589 αἰσθήσεων·
1687 1520 1719 1591 ἢ
1760 1521 1858 1574 οὐκ

260 1608 392 1660 ἄνευ
436 1604 771 1676 αἰσθήσεων,
825 1606 914 1675 ὑφ’
947 1600 1021 1660 ὧν
1055 1606 1466 1677 -περιφερόμεθα
1499 1607 1593 1660 καὶ
1647 1606 1859 1660 πλανώ-

260 1697 430 1768 μεθα,
487 1699 583 1751 καὶ
628 1698 730 1750 οὑκ
773 1697 968 1767 ἔχομεν
996 1697 1188 1768 γυμνῷ
1232 1697 1311 1768 τῷ
1340 1698 1421 1752 νοῒ
1464 1701 1692 1770 γυμνοῖς
1746 1702 1859 1763 τοῖς

257 1789 590 1859 πράγμασιν
644 1789 1089 1858 ἐντυγχάνοντες,
1131 1789 1331 1860 μᾶλλόν
1361 1808 1415 1843 τι
1456 1790 1737 1861 προσιέναι
1786 1794 1852 1862 τῇ

1978 1170 1984 1175 ’
2034 1160 2177 1214 XXI.
2210 1159 2407 1214 Verum
2452 1159 2594 1212 enim
2627 1172 2759 1212 vero
2813 1172 2934 1212 cum
2991 1158 3193 1213 veritas
3263 1158 3443 1213 omnis
3476 1167 3532 1214 et

1964 1250 2259 1320 disputatio
2292 1248 2585 1320 plurimum
2619 1246 2954 1302 diﬁicultatis
2992 1255 3157 1315 atque
3189 1248 3533 1303 obscuritatis

1967 1339 2202 1405 habeat;
2232 1354 2295 1395 ac
2341 1353 2440 1393 nos
2478 1336 2627 1392 velut
2660 1342 2856 1405 parvo
2900 1335 3133 1405 quodam
3177 1336 3533 1391 instrumento

1966 1446 2055 1487 res
2103 1446 2329 1502 magnas
2374 1429 2586 1484 ellicere
2623 1428 2930 1492 moliamur,
2988 1428 3236 1481 humanae
3284 1427 3532 1483 videlicet

1960 1524 2239 1593 sapientiae
2280 1522 2592 1591 adiumento
2635 1535 2815 1574 rerum
2859 1518 3223 1589 cognitionem
3257 1535 3534 1589 aucupan-

1962 1624 2063 1683 tes,
2094 1630 2159 1670 ac
2190 1630 2297 1679 res,
2327 1629 2445 1685 qua:
2470 1612 2633 1668 animi
2670 1621 2875 1667 tantum
2905 1611 3256 1681 intelligentia
3283 1625 3531 1680 compre-

1962 1706 2293 1772 henduntur,
2342 1720 2440 1775 per
2468 1719 2660 1760 sensus
2694 1716 3016 1773 cognoscere
3040 1703 3412 1773 aggredimur;
3439 1713 3532 1758 aut

1961 1805 2112 1852 certe
2144 1812 2247 1851 non
2292 1797 2407 1852 sine
2443 1797 2709 1861 sensibus,
2746 1796 2943 1865 quibus
2985 1796 3223 1864 undique
3258 1793 3528 1863 iactamur

256 1880 516 1951 ἀληθείᾳ,
545 1882 641 1933 καὶ
673 1881 767 1935 τὸν
805 1880 928 1933 νοῦν
969 1880 1269 1935 τυποῦσθαι
1301 1885 1421 1945 ταῖς
1472 1882 1853 1951 καταλήψεσιν.

1961 1896 2015 1944 et
2049 1889 2100 1942 in
2136 1902 2376 1943 errorem
2429 1888 2815 1957 pertrahimur,
2850 1901 2948 1941 nec
2989 1888 3131 1941 nuda
3182 1897 3361 1941 mente
3404 1902 3527 1942 cum

270 1970 329 2023 ὐ
350 1970 412 2022 δὲ
446 1972 574 2041 περὶ
599 1970 734 2023 Θεοῦ
762 1970 938 2039 λόγος,
966 1971 1076 2041 ὅσῳ
1100 1972 1446 2044 τελεώτερος,
1473 1972 1711 2043 τοσούτῳ
1732 1973 1860 2026 δυσ-

257 2062 638 2131 εφικτότερος,
688 2061 785 2115 κα)¹
837 2060 1055 2125 πλείους
1114 2062 1211 2126 τάς
1243 2062 1562 2133 ἀντιλήψεις
1601 2063 1738 2133 ἔχων
1765 2065 1860 2117 καὶ

254 2150 359 2213 τὰς
409 2149 597 2214 λύσεις
634 2151 1064 2225 ὲργωδεστέρας.
1098 2154 1214 2206 Πᾶν
1235 2152 1344 2224 γὰρ
1371 2154 1433 2206 τὸ
1483 2154 1854 2225 ἐνιστάμενον,

259 2242 366 2296 κᾶν
418 2241 760 2313 βραχύτατον
783 2239 839 2316 ᾖ,
878 2244 969 2297 τὸν
993 2243 1086 2297 τοῦ
1131 2244 1289 2313 λόγου
1312 2246 1510 2317 δρόμον
1539 2247 1734 2317 ἐπέσχε
1762 2247 1856 2299 καὶ

259 2334 589 2399 διεκώλυσε,
624 2336 720 2387 καὶ
770 2335 871 2406 τὴν
900 2337 982 2399 είς
1026 2336 1087 2388 τὸ
1140 2338 1330 2408 πρόσω
1371 2339 1545 2408 φορὰν
1586 2338 1853 2408 διέκοψενο

258 2424 457 2496 ὥσπερ
484 2426 539 2477 οἱ
564 2426 693 2488 τοὺς
738 2426 938 2491 ἵππους
969 2430 1080 2492 τοῖς
1128 2429 1387 2499 ῥυτῆρσιν
1431 2429 1642 2500 ἁθρόως
1670 2429 1858 2501 μεθέλ-

258 2535 467 2580 xcv-:5;
521 2518 874 2589 φερομένους,
916 2520 1010 2573 καὶ
1056 2519 1135 2590 τῷ
1183 2520 1429 2592 ἀδοκήτῳ
1468 2520 1560 2574 τοῦ
1590 2522 1852 2594 τιναγμοῦ

256 2608 712 2680 περιτρέποντες.
745 2609 902 2663 Οὕτω
929 2610 1184 2683 Σολομὼν
1222 2612 1319 2681 μὲν
1355 2614 1383 2664 6
1416 2611 1526 2683 (19)
1560 2613 1853 2685 σοφισάμεο

255 2718 347 2764 νος
374 2699 638 2766 περισσά,
678 2701 819 2770 ὑπὲρ
846 2702 1057 2767 πάντας
1123 2703 1253 2766 τοὺς
1279 2703 1605 2774 γενομένους
1645 2704 1853 2778 ἔμπρο-

258 2790 414 2855 σθεν,
437 2792 532 2843 καὶ
556 2790 677 2843 καθ’
701 2792 913 2856 ἑαυτὸν,
940 2787 983 2860 ᾧ
1005 2792 1065 2846 τὸ
1095 2794 1193 2864 τῆς
1216 2794 1441 2865 καρδίας
1459 2795 1655 2858 πλάτος
1683 2796 1852 2868 δῶρον

258 2880 426 2945 Θεοῦ,
458 2881 609 2951 καὶὴ
642 2880 873 2953 ψάμμου
903 2882 1263 2955 δαψιλεστέρα
1288 2884 1444 2955 χύσις
1472 2885 1571 2956 τῆς
1597 2885 1848 2959 Θεωρίας,

262 2979 382 3047 ὅσῳ
425 2977 590 3029 πλέον
624 2976 917 3048 ἐμϐατεύει
972 2982 1083 3042 τοῖς
1142 2978 1352 3049 βάθεσι,
1395 2980 1632 3052 τοσούτῳ
1688 2982 1851 3037 πλέον

261 3071 494 3144 ίλιγγιᾷ,
547 3074 641 3127 καὶ
675 3071 828 3135 τέλος
858 3089 909 3125 τι
944 3073 1181 3124 ποιεῖται
1259 3074 1449 3143 σοφίας
1497 3078 1674 3149 εὑρεῖν
1727 3079 1849 3131 ὅσον

258 3163 523 3233 διέφυγεν
573 3163 708 3234 (20).
757 3163 969 3227 Παῦλος
1025 3164 1082 3217 δὲ
1132 3168 1385 3237 πειρᾶται
1421 3168 1516 3239 μὲν
1543 3169 1845 3239 ἐφικέσθαι,

1959 1976 2118 2031 nudis
2144 1978 2301 2031 rebus
2324 1976 2553 2041 versari,
2580 1985 2741 2044 atque
2772 1976 2895 2030 inde
2912 1976 2977 2029 ad
3003 1978 3285 2030 veritatem
3308 1976 3527 2045 propius

1959 2067 2237 2133 accedere,
2263 2066 2531 2136 rebusque
2556 2067 2821 2137 perceptis
2851 2080 2914 2120 ac
2941 2067 3347 2139 comprehensis
3379 2082 3529 2121 men-

1960 2168 2067 2216 tem
2100 2158 2395 2215 informare
2434 2174 2740 2229 possumus.
2774 2158 2908 2212 Tum
2939 2174 3067 2213 vero
3096 2158 3391 2226 disputatio
3441 2173 3525 2223 ea,

1958 2268 2077 2323 qum
2113 2253 2177 2307 de
2214 2252 2321 2306 Deo
2373 2250 2688 2320 suscipitur,
2722 2264 2828 2318 quo
2871 2249 3189 2318 perfectior,
3217 2264 3281 2301 eo
3308 2262 3525 2318 quoque

1958 2342 2225 2399 dillieilior
2261 2351 2363 2407 est,
2397 2341 2748 2412 pluribusque
2793 2339 3239 2409 objectationibns
3274 2347 3439 2409 patet,
3470 2338 3526 2392 in

1959 2436 2130 2504 iisque
2161 2434 2426 2490 diluendis
2452 2449 2513 2489 ac
2537 2432 2892 2488 dissolvendis
2908 2431 3029 2502 plus
3058 2432 3253 2500 negotii
3279 2430 3519 2486 facessit.

1956 2513 2109 2583 Nihil
2126 2527 2270 2581 enim
2291 2536 2397 2581 tam
2418 2526 2551 2581 levis
2571 2525 2856 2596 exiguique
2885 2524 3136 2594 ponderis
3160 2523 3313 2578 nobis
3339 2523 3527 2578 adver-

1955 2618 2061 2673 sari
2088 2627 2282 2688 potest,
2307 2617 2445 2687 quod
2462 2632 2564 2671 non
2579 2614 2953 2685 disputationis
2972 2629 3187 2669 cursum
3226 2614 3519 2668 interrum~

1967 2720 2059 2781 pat
2119 2721 2281 2779 atque
2389 2708 2742 2777 comprimat,
2806 2706 3172 2775 impediatque
3232 2705 3522 2774 quominus

1953 2804 2093 2857 ultra
2143 2799 2569 2871 progrediamur.
2623 2798 3077 2866 Quemadmodum
3113 2797 3201 2866 qui
3254 2811 3421 2865 equos
3455 2795 3523 2848 ad

1953 2908 2169 2949 cursum
2222 2893 2470 2946 incitatos
2518 2898 2734 2959 repente
2777 2888 2928 2943 freno
2976 2887 3285 2953 retrahunt,
3311 2900 3374 2940 ac
3431 2898 3528 2954 per

1958 2984 2294 3054 inopinatam
2318 2993 2371 3037 et
2410 2981 2744 3051 repentinam
2799 2979 3168 3034 excussionem
3230 2986 3524 3032 retrorsum

1956 3086 2141 3147 agunt.
2199 3074 2293 3131 Sic
2341 3075 2591 3128 nimirum
2648 3071 2924 3137 Salomon,
2961 3072 3048 3141 qui
3097 3070 3364 3134 omnibus,
3401 3083 3524 3124 cum

1956 3183 2091 3232 suae,
2128 3176 2238 3221 tum
2272 3166 2568 3235 superioris
2596 3164 2867 3219 memoriae
2902 3162 3208 3217 hominibus
3245 3159 3523 3230 sapientiae

259 3219 448 3311 obeam.
480 3219 625 3324 λέγω
667 3219 770 3327 τῆς
809 3255 903 3309 τοῦ
935 3254 1069 3309 Θεοῦ
1109 3219 1343 3326 φύσεως,
1386 3219 1543 3313 τοῦτο
1570 3219 1677 3332 γάρ
1733 3219 1849 3332 ᾔδει

1959 3246 2115 3315 laude
2158 3219 2487 3328 praestitit",
2540 3264 2595 3312 et
2645 3257 2827 3312 cordis
2864 3255 3198 3310 latitudinem
3242 3253 3334 3308 Dei
3364 3253 3526 3307 bene-

258 3347 552 3411 παντελῶς
602 3348 863 3402 ἀδύνατον
902 3347 985 3415 ὃν,
1028 3348 1166 3401 ἀλλά
1224 3349 1383 3419 μόνον
1434 3350 1542 3403 τῶν
1574 3350 1667 3404 τοῦ
1717 3350 1851 3404 Θεοῦ

259 3441 577 3513 χριμάτων.
616 3440 770 3492 Ἐπεὶ
795 3440 850 3492 δὲ
875 3440 971 3510 οὐχ
1010 3440 1248 3511 εὑρίσκει
1281 3442 1532 3509 διέξοδον,
1585 3443 1703 3495 οὐδὲ
1729 3443 1853 3497 στά-

263 3547 354 3583 σιν
378 3528 481 3598 τῆς
520 3528 859 3595 ἀναϐάσεως,
896 3530 1015 3582 οὐδὲ
1044 3528 1125 3593 εἷς
1154 3547 1205 3583 τι
1240 3531 1351 3602 (21)
1392 3532 1624 3603 φανερὸν
1666 3532 1852 3586 τελευ-

261 3623 339 3692 τᾷ
378 3621 556 3692 πέρας
597 3622 630 3691 ἡ
659 3620 1158 3692 πολυπραγμοσύνη
1180 3623 1277 3693 τῆς
1304 3623 1558 3691 διανοίας,
1586 3624 1669 3677 ἀεί
1710 3641 1855 3689 τινος

262 3715 711 3786 ὑποτραινομένου
742 3716 837 3769 τοῦ
889 3715 1187 3778 λείποντοςο
1217 3715 1262 3768 ὣ
1309 3717 1401 3769 τοῦ
1428 3716 1701 3788 θαύματος
1746 3717 1853 3791 (ἵνα

264 3807 362 3859 καὶ
413 3806 578 3867 αὐτὸς
612 3806 768 3859 πάθω
791 3806 852 3859 τὸ
899 3805 1061 3875 iaov)!
1099 3805 1363 3877 ὲμπλήξει
1388 3810 1719 3880 περιγράφει
1763 3810 1854 3863 τὸν

262 3895 450 3963 λόγον,
481 3896 576 3948 καὶ
602 3896 829 3949 πλοῦτον
856 3895 1014 3962 Θεοῦ,
1045 3898 1139 3949 καὶ
1173 3897 1333 3968 βάθος
1352 3899 1414 3951 τὸ
1444 3901 1650 3954 τοιοῦτο
1679 3902 1851 3969 καλεῖ,

262 3989 361 4039 καὶ
391 3987 648 4057 ὁμολογεῖ
674 3988 782 4040 τῶν
799 3987 896 4040 τοῦ
913 3988 1048 4042 Θεοῦ
1069 3991 1351 4062 κριμάτων
1373 3991 1434 4044 τὸ
1450 3992 1851 4065 ἀκατάληπτον,

267 4079 561 4148 μονονουχὶ
591 4078 660 4131 τὰ
685 4077 825 4132 αὐτὰ
860 4077 939 4150 τῷ
965 4079 1129 4133 Δαὸὶδ
1160 4081 1550 4153 φθεγγόμενος,
1580 4085 1707 4137 ποτὲ
1759 4086 1854 4157 μὲν

262 4167 510 4230 ἄβυσσον
542 4167 742 4239 πολλὴν
766 4168 1086 4238 ὀνομάζοντι
1118 4172 1186 4225 τὰ
1207 4172 1302 4225 τοῦ
1324 4173 1457 4227 Θεοῦ
1503 4174 1763 4244 κρίματα,
1788 4172 1856 4248 ἧς

262 4259 369 4311 οὐκ
397 4256 514 4309 ἔστι
539 4256 639 4326 τὴν
668 4256 886 4327 ἕδρανῆ
922 4258 1108 4329 μέτρῳ
1139 4259 1171 4327 ἢ
1210 4260 1460 4330 αἰσθήσει
1486 4260 1692 4326 λαϐεῖν,
1725 4264 1855 4317 ποτὲ

262 4348 323 4400 δὲ
370 4346 869 4417 τεθαυμαστῶσθαι
927 4347 1024 4418 τὴν
1096 4350 1297 4417 γνῶσιν
1347 4349 1407 4416 ἐξ
1473 4352 1704 4415 ἑαυτοῦ,
1761 4355 1855 4407 καὶ

264 4440 369 4509 τῆς
436 4439 632 4493 ἑαυτοῦ
692 4439 1007 4503 συστάσεως
1076 4440 1187 4512 (22)
1240 4440 1471 4510 λέγοντι,
1515 4444 1856 4516 κεκραταιῶ-

1955 3351 2077 3407 ﬁcio
2143 3350 2303 3420 512
2365 3349 2613 3419 accepit,
2676 3363 2741 3403 ac
2804 3356 3003 3401 tantam
3056 3343 3527 3414 contemplationis

1953 3444 2162 3514 copiam
2188 3451 2241 3498 et
2274 3445 2577 3497 ubertatem
2596 3441 2663 3505 ⁸³,
2694 3449 2751 3494 ιιι
2780 3454 2957 3494 arenae
2986 3452 3267 3493 numerum
3294 3436 3526 3490 excede-

1955 3545 2056 3599 ret,
2097 3548 2203 3603 quo
2247 3533 2409 3587 altius
2458 3532 2510 3587 in
2559 3532 2658 3587 has
2688 3528 3081 3600 profunditates
3120 3534 3384 3596 penetrat,
3419 3525 3521 3578 hoc

1958 3623 2129 3693 magis
2156 3631 2369 3687 aestuat,
2404 3637 2467 3676 ac
2495 3622 2651 3675 linem
2685 3618 2967 3690 quemdam
2998 3616 3272 3687 sapientia:
3313 3613 3516 3670 consti-

1958 3715 2078 3779 tuit,
2115 3713 2366 3766 nimirum
2419 3713 2559 3782 quod
2610 3708 2927 3773 invenisset,
2986 3715 3244 3777 quantum
3290 3721 3352 3761 ea
3394 3721 3425 3760 a
3459 3719 3521 3761 se

1958 3804 2251 3877 fugeret“.
2283 3803 2563 3859 Consimili
2614 3816 2831 3873 quoque
2863 3799 3022 3854 modo
3052 3798 3270 3862 Paulus,
3304 3812 3411 3853 non
3438 3797 3519 3851 di-

1955 3912 2073 3952 cam
2103 3897 2197 3951 Dei
2228 3905 2499 3959 naturam,
2530 3896 2631 3949 hoc
2656 3893 2798 3949 enim
2824 3906 3045 3961 prorsus
3064 3906 3225 3960 supra
3254 3890 3520 3944 humanas

1955 3992 2099 4045 vires
2122 4004 2241 4044 esse
2270 3998 2612 4059 perspectum
2636 3985 2891 4053 habebat,
2932 3985 3023 4041 sed
3055 3983 3147 4039 Dci
3180 3980 3520 4049 solumjudi-

1956 4082 2036 4138 cia
2069 4058 2372 4151 cognitione
2407 4079 2617 4149 assequi
2644 4086 2889 4133 conatur.
2920 4058 3181 4143 Quoniam
3210 4083 3389 4132 autem
3422 4087 3521 4128 nec

1955 4173 2159 4227 exitum
2191 4172 2381 4237 ullum,
2413 4185 2513 4226 nec
2548 4186 2655 4240 quo
2686 4184 2968 4225 ascensum
2996 4168 3158 4237 ﬁgere
3186 4182 3249 4221 ac
3277 4164 3524 4221 stabilire

1954 4273 2159 4335 posset,
2196 4262 2523 4332 reperiebat,
2566 4276 2665 4316 nec
2706 4260 2993 4333 perspicuo
3027 4258 3135 4314 ullo
3176 4256 3282 4312 ﬁne
3306 4255 3523 4311 curiosa

1956 4356 2127 4424 ipsius
2155 4355 2317 4410 animi
2342 4354 2701 4424 perscrutatiu
2750 4351 3122 4417 claudebatur,
3156 4348 3300 4418 quod
3330 4347 3522 4402 videli-

1956 4456 2047 4502 cet
2072 4446 2299 4502 subinde
2328 4460 2543 4515 semper
2569 4442 2771 4511 aliquid
2801 4440 2992 4519 reliqui
3015 4455 3135 4496 esse
3161 4441 3518 4510 perspiceret:

268 4531 398 4587 σθαί
430 4549 491 4585 τε
545 4531 708 4585 πλέον
754 4531 787 4603 ἢ
823 4532 965 4586 κατὰ
978 4533 1078 4603 τὴν
1108 4534 1301 4587 ἑαυτοῦ
1326 4534 1551 4606 δύναμιν
1580 4537 1670 4599 καὶ
1694 4538 1851 4610 περί-

1959 4553 1991 4592 ο
2017 4553 2130 4592 rem
2158 4538 2349 4591 miram
2374 4551 2436 4590 ac
2466 4534 2810 4604 stupendum!
2853 4532 3064 4602 (utipse
3093 4545 3305 4600 quoque
3334 4529 3523 4584 eodem

265 4624 475 4695 δραξιν.

1963 4627 2157 4683 allectu
2208 4626 2573 4694 commovcar)
2652 4623 2951 4678 orationem
3012 4621 3368 4677 admiratione
3419 4622 3527 4677 eir-

266 4716 610 4782 cumscrihit,
659 4716 817 4786 idque
844 4715 938 4781 Dei
966 4730 1095 4785 opes
1126 4733 1189 4773 ac
1226 4720 1547 4789 profundum
1575 4719 1897 4789 appellat,ac
1928 4721 2023 4775 οιιί
2076 4718 2273 4788 judicia
2308 4716 2509 4772 nullius
2559 4716 2772 4788 ingenio
2814 4714 3017 4785 percipi
3050 4724 3103 4769 et
3140 4716 3523 4784 comprehendi

266 4824 429 4880 posse
490 4809 721 4879 ingenue
783 4808 1064 4876 fatetur”,
1129 4812 1318 4868 iisdem
1378 4814 1761 4883 propemodum
1791 4814 1970 4870 verbis
1996 4828 2118 4868 eum
2151 4810 2352 4865 Davide
2378 4819 2554 4876 utens,
2578 4808 2668 4878 qui
2693 4820 2835 4861 nunc
2887 4805 3085 4874 judicia
3143 4805 3236 4860 Dei
3268 4806 3523 4878 abyssum

346 4901 396 4977 ξ’
423 4899 581 4954 Joan.
612 4916 724 4977 Et,
767 4900 853 4955 12.
929 4901 973 4933 ⁸⁸
999 4900 1155 4957 Joan.
1186 4918 1299 4967 xxi,
1324 4904 1412 4958 25.
1496 4905 1540 4937 ⁸⁸
1571 4902 1632 4958 Ill
1667 4903 1797 4977 Reg.
1839 4920 1923 4970 ιιι,
1971 4903 2052 4959 12.

269 4970 314 5002 ⁸³
332 4970 489 5023 Rom.
522 4986 596 5034 XI,
624 4971 712 5023 55.

270 5062 637 5187 (Ἀρί)ᾆέςᾶ
666 5063 795 5134 Reg.
828 5063 1014 5136 Cypr.,
1044 5064 1192 5126 ἴσως.
1223 5062 1359 5133 Reg.
1395 5062 1506 5129 bni,
1536 5063 1701 5118 Coisl.
1729 5063 1753 5116 1
1804 5071 1858 5117 et

322 5150 362 5186 r.
392 5150 438 5195 ι,
472 5150 637 5195 απερ.

345 5152 825 5325 ςέὠαιτὲἷιῗᾶπερ.
878 5204 1067 5259 Plures
1116 5201 1284 5272 Regg.
1328 5210 1383 5257 et
1432 5200 1619 5270 Colb.,
1675 5205 1769 5256 καὶ
1817 5202 1853 5256 ἃ

277 5290 432 5343 μηοε.

345 5343 456 5415 (16)
500 5345 615 5398 Τὸν
652 5345 901 5415 κόσμον.
937 5344 1052 5399 Duo
1092 5344 1282 5413 Regg.,
1314 5352 1426 5397 tres
1466 5340 1617 5415 Coll).
1654 5352 1707 5397 et
1752 5344 1843 5399 Or.

276 5414 329 5476 1,
357 5413 449 5468 τὸν
483 5415 637 5469 κάτω
682 5413 909 5485 κόσμον.
956 5416 1048 5469 Sic
1104 5417 1233 5483 legit
1282 5417 1475 5479 Leuv.,
1504 5413 1595 5482 qui
1650 5416 1843 5483 vertit,

282 5502 299 5533 ι
329 5487 585 5537 mundum
621 5487 761 5541 hunc
790 5486 1038 5542 inferum.
1062 5504 1081 5537 ι

373 5554 461 5622 17)
501 5556 863 5625 Πρόδρομος.
917 5555 1107 5610 Mirum
1160 5555 1327 5610 videri
1367 5562 1545 5625 potest
1583 5553 1846 5609 Joannem

280 5622 697 5696 Evangelistam,
729 5622 897 5681 'Verbi
938 5641 1327 5696 praecursorem
1368 5622 1399 5678 a
1430 5623 1706 5696 “Gregorio
1752 5642 1848 5695 ap-

283 5692 490 5763 pellari.
537 5695 681 5748 [ﬁlias
733 5697 901 5762 hanc,
938 5692 1094 5752 inter
1152 5697 1316 5755 alias,
1384 5692 1847 5761 all‘ert'causan'i,

286 5779 493 5835 perime,
524 5783 543 5816 ι
570 5766 714 5833 quod
748 5777 802 5821 et
826 5767 1092 5835 interpres
1121 5767 1278 5821 fuerit
1302 5766 1557 5821 doctrina:
1584 5765 1649 5819 de
1686 5764 1845 5820 Deo.»

218 5860 223 5861 ί
287 5832 468 5900 Billius
508 5832 636 5891 vero
669 5846 814 5915 putat
846 5832 1161 5910 Gregorium
1212 5837 1297 5894 hic
1341 5854 1360 5889 ι
1391 5840 1660 5893 memoria:
1699 5836 1850 5921 lapsu

2154 4902 2200 4941 ⁸³
2230 4900 2272 4955 ll
2305 4901 2425 4955 Par.
2457 4915 2495 4966 ι,
2530 4899 2615 4955 12.
2692 4896 2737 4929 ⁸⁸
2786 4896 2961 4953 Eccle.
2992 4912 3089 4963 vn,
3118 4895 3218 4956 24:
3270 4912 3383 4963 vin,
3435 4896 3521 4951 17.

1962 5076 2193 5128 errasse,
2222 5062 2361 5130 quod
2389 5076 2510 5116 eum
2544 5060 2703 5116 Verbi
2750 5076 3158 5129 praecursorem,
3185 5070 3238 5114 et
3268 5061 3523 5118 Veritatis

1961 5147 2144 5186 vocem
2178 5132 2426 5200 appellet,
2463 5148 2619 5199 quem
2652 5134 2868 5185 tonitrni
2904 5133 3080 5200 potius
3117 5131 3282 5184 ﬁlium
3330 5149 3525 5189 vocare

1954 5202 2259 5256 debueram
2292 5202 2451 5253 Addit
2480 5206 2638 5254 etiam
2671 5202 2741 5254 ita
2770 5203 3002 5255 sensisse
3036 5200 3344 5255 Maximum.

2026 5272 2138 5341 (18)
2178 5271 2287 5324 Kal
2327 5270 2450 5336 τοῖς
2491 5270 2747 5338 νοητοῖς,
2791 5284 2895 5326 etc.
2932 5272 3117 5325 Billius
3156 5288 3169 5324 ;
3211 5288 3229 5321 ι
3260 5286 3323 5325 ac
3365 5272 3525 5333 rebus

1957 5341 2354 5396 intellectilibus
2409 5344 2643 5395 animum
2698 5357 2802 5401 una
2858 5358 2978 5395 cum
3040 5341 3283 5397 sensibus
3333 5342 3523 5395 admo-

1948 5414 2143 5466 Ventis.
2166 5432 2183 5463 ι

2024 5484 2040 5550 (
2054 5482 2134 5552 19)
2175 5481 2459 5553 Σολομὼγ
2481 5479 2596 5553 μὲν
2621 5484 2672 5533 d.
2700 5478 2909 5553 Comi»,
2936 5479 3185 5551 Σολομὼν
3210 5483 3256 5534 6.

2024 5550 2135 5623 (20)
2178 5550 2361 5605 Ὅσον
2406 5550 2706 5621 διέφυγεν.
2741 5550 2953 5606 Dillius:
2991 5568 3008 5601 ι
3039 5550 3296 5621 quantum
3324 5568 3386 5606 ca
3410 5566 3440 5606 a
3464 5568 3522 5608 se

1950 5620 2181 5688 eﬂttgiel.
2205 5641 2222 5673 ι

2025 5693 2136 5763 (21)
2182 5691 2334 5746 Οὐδέ
2376 5691 2465 5757 εἴς
2496 5709 2572 5758 τι,
2603 5700 2733 5751 etc.,
2770 5711 2789 5743 ι
2816 5706 2927 5763 nec
2974 5689 3133 5763 ullam
3180 5690 3521 5759 perspicuam

1954 5760 2178 5818 curiosa:
2210 5762 2372 5815 animi
2410 5762 2852 5827 perscrutatiouis
2885 5771 3076 5814 metam
3118 5760 3368 5817 habebat.
3394 5779 3411 5813 ι

2027 5833 2137 5905 (2‘2)
2176 5831 2551 5899 Σιεστάσεως.
2584 5832 2801 5887 Billius:
2840 5850 2857 5883 ι
2881 5831 3210 5897 creatione;
