4038 6338
470 365 543 427 ἷδ
1676 358 1733 415 S.
1777 354 2103 414 GREGOBII
2139 351 2489 409 THEOLOGI
3647 333 3718 389 56

472 483 698 538 multam
738 480 973 546 vocat",
1007 477 1161 547 cujus
1188 474 1436 540 fundum,
1473 488 1573 531 nec
1628 488 1902 538 mensura,
1945 486 2047 527 nec
2090 485 2251 526 sensu
2280 467 2401 538 capi
2425 473 2621 537 queat;
2654 476 2800 518 nunc
2836 458 3131 515 mirabilem
3159 455 3353 512 factam
3381 452 3718 547 essescien-

473 574 601 628 tiam
654 588 722 627 ex
768 573 944 641 seipso
998 546 1191 637 suique
1238 567 1407 637 ipsius
1462 567 1847 623 constitutione
1879 563 2195 636 pronuntiat
2214 562 2281 626 ⁸⁷,
2321 569 2484 629 atque
2513 558 2649 613 adeo
2688 554 2987 620 robustam,
3022 562 3080 605 ut
3110 549 3317 603 viribus
3351 546 3554 602 nostris
3595 558 3715 599 eam

468 678 667 733 capere
701 671 755 719 et
786 660 1065 732 complecti
1098 674 1445 727 nequeamus.
2322 708 2328 715 ,
2512 719 2520 729 .

549 726 710 809 XX".
765 753 836 808 Ut
880 726 1022 807 enim
1064 726 1227 805 missa
1257 751 1359 804 alia
1400 751 1628 814 faciens,
1684 748 1876 818 inquit,
1929 760 2044 800 me-

2218 744 2341 799 KB'.
2374 743 2489 796 ’Ῑνα
2513 726 2639 810 γάρ
2693 735 2861 791 τᾶλλα
2904 734 3091 796 ἐάσας,
3114 730 3268 800 φησὶ,
3301 727 3439 797 πρὸς
3485 726 3719 818 ἐμαυτὸν

474 847 655 915 ipsum
681 857 1003 911 omnemque
1042 842 1332 896 humanant
1384 852 1627 895 naturam
1653 852 1708 894 et
1730 854 2044 909 compagem

2161 836 2347 905 Βλέψω,
2377 834 2469 887 καὶ
2513 832 2691 884 πᾶσαν
2734 830 2831 899 τὴν
2869 823 3216 897 ἀνθρωπίνην
3267 820 3427 889 φύσιν
3454 820 3546 871 καὶ
3585 816 3722 887 σύμ-

476 939 708 1000 iutuear,
740 949 859 1002 quae
905 938 1018 988 haec
1056 934 1237 988 mistio
1276 942 1455 987 nostra
1490 933 1610 986 est?
1661 930 1791 997 Quis
1828 928 2046 985 motus?

472 1026 757 1094 Quomodo
780 1025 831 1079 id
852 1025 992 1094 quod
1027 1025 1329 1079 immortale
1357 1033 1459 1088 est,
1489 1039 1609 1078 cum
1639 1021 1849 1077 mortali
1881 1036 2048 1089 copu-

476 1120 642 1171 latum
674 1114 794 1171 est?
827 1115 1108 1183 Quomodo
1147 1115 1398 1169 deorsum
1427 1114 1554 1180 lino,
1601 1124 1658 1167 et
1701 1127 1913 1166 sursum
1964 1110 2045 1165 fe-

476 1209 603 1265 ror?
647 1206 930 1275 Quomodo
969 1205 1148 1260 anima
1202 1204 1712 1259 Circumscribitur?
1764 1203 2047 1271 Quomodo

479 1295 643 1349 vitam
695 1292 1024 1362 impertitur,
1068 1302 1123 1346 et
1152 1291 1442 1347 affectuum
1469 1293 1530 1346 lit
1572 1292 1879 1361 particeps?
1905 1292 2049 1358 Quo-

440 1370 441 1373 η
479 1385 642 1440 modo
685 1399 836 1439 utens
886 1383 1047 1437 simul
1094 1394 1147 1435 et
1199 1383 1611 1451 circumscripta
1664 1393 1845 1448 est,et
1889 1382 2051 1436 nullis

477 1476 728 1531 terminis
766 1474 995 1537 inclusa,
1027 1475 1080 1527 in
1126 1474 1282 1528 nobis
1325 1483 1523 1539 manet,
1558 1482 1611 1527 et
1642 1482 1819 1529 motus
1854 1472 2046 1527 ﬂuxio-

482 1568 677 1636 nisque
708 1565 984 1620 celeritate
1033 1566 1215 1620 omnia
1250 1565 1572 1633 perlustrat?
1620 1565 1898 1631 Quomodo
1938 1581 2051 1620 ser-

480 1660 662 1714 monis
691 1673 855 1728 opera
902 1658 1197 1728 percipitur
1223 1657 1481 1723 vicissim,
1512 1667 1567 1712 et
1592 1657 2048 1722 communicatur,

480 1766 547 1805 ac
581 1765 677 1819 per
702 1764 879 1804 aerem
912 1758 1213 1820 graSSatur,
1247 1761 1301 1803 et
1334 1763 1458 1803 cum
1510 1748 1671 1803 rebus
1704 1748 1837 1817 ipsis
1869 1748 2049 1816 ingre-

481 1843 966 1909 dituriQuomodo
1013 1858 1134 1897 cum
1190 1841 1440 1896 sensibus
1475 1843 1923 1896 consuetudinem
1955 1842 2053 1894 lia-

483 1934 595 1999 bet,
642 1949 706 1989 ac
748 1949 937 1989 rursus
986 1935 1211 1989 seorsim
1266 1949 1297 1987 a
1340 1934 1593 1988 sensibus
1637 1948 1759 1988 sese
1815 1933 2054 2004 colligit?

482 2026 680 2095 Atque,
732 2036 788 2078 ut
812 2039 932 2094 qua:
972 2026 1150 2093 priora
1190 2035 1315 2078 sunt
1374 2025 1573 2089 dicam,
1600 2040 1717 2092 quae
1744 2025 1916 2093 prima
1953 2040 2052 2079 no-

482 2118 583 2172 stri
615 2116 811 2172 ellictio
843 2126 899 2171 et
942 2116 1259 2171 constitutio
1307 2118 1359 2169 in
1413 2125 1621 2170 natura;
1648 2114 1893 2171 oﬂicina?
1925 2117 2056 2183 Quae

480 2208 647 2261 etiam
682 2217 954 2277 postrema
1010 2206 1262 2261 formatio
1314 2221 1376 2261 ac
1428 2206 1728 2276 perfeCtio?
1768 2206 1899 2273 Quae
1946 2207 2054 2263 cibi

486 2300 744 2370 appetitio
779 2316 843 2355 ac
875 2299 1221 2355 distributio?
1245 2297 1375 2365 Quis
1398 2314 1499 2355 nos
1526 2310 1716 2368 sponte
1755 2301 1823 2355 ad
1855 2301 2057 2369 primos

483 2392 609 2446 illos
639 2391 814 2446 fontes
840 2406 904 2446 ac
930 2390 1053 2445 vitae
1084 2405 1280 2445 causas
1323 2390 1513 2445 duxit?
1538 2390 1816 2457 Quomodo
1854 2406 2055 2461 corpus

481 2481 644 2546 cibis,
672 2482 887 2537 animus
916 2491 1105 2536 contra
1145 2494 1396 2535 sermone
1425 2495 1488 2535 ac
1510 2480 1753 2535 doctrina
1775 2480 2057 2550 pascitur?

484 2573 619 2639 Qua:
648 2582 732 2627 est
762 2572 849 2626 illa
881 2583 1085 2627 natura:
1124 2572 1205 2627 vis
1237 2573 1693 2642 mutuaqueinter
1720 2582 1973 2642 parentes
2001 2582 2059 2629 et

486 2660 689 2716 liberos
710 2660 945 2726 aﬂectio,
980 2669 1036 2715 ut
1065 2661 1218 2730 quasi
1249 2661 1478 2729 quodam
1510 2661 1711 2730 pbiltro
1740 2662 2057 2717 continean-

489 2750 616 2817 tur?
643 2751 920 2817 Quomodo
972 2750 1139 2804 ﬁrmae
1192 2766 1258 2806 ac
1301 2752 1521 2807 stabiles
1564 2761 1686 2807 sunt
1747 2754 1975 2823 species,
2004 2761 2061 2809 et

487 2842 714 2897 interim
744 2843 886 2897 notis
915 2843 1055 2897 inter
1078 2856 1136 2897 se
1157 2842 1451 2910 distinctae,
1477 2842 1635 2913 513
1671 2859 1899 2914 quarum
1928 2858 2054 2915 pro~

489 2934 775 3002 prietates,
816 2948 939 2988 cum
971 2944 1118 2990 tanto
1146 2948 1370 2989 numero
1391 2934 1525 3001 sint,
1556 2934 1769 3002 assequi
1793 2948 1899 2990 non
1927 2950 2056 3004 pos-

487 3024 716 3081 sumus?
749 3025 1027 3092 Quomodo
1078 3026 1217 3081 idem
1271 3026 1470 3079 animal
1525 3025 1753 3082 mortale
1798 3027 1958 3081 simul
2004 3036 2060 3082 et

488 3115 797 3170 immortale
842 3125 953 3182 est;
982 3116 1207 3171 mortale
1270 3114 1485 3184 quidem
1529 3116 1737 3173 ratione
1782 3117 2060 3187 migratio-

490 3207 609 3270 nis,
655 3207 959 3262 immortale
1029 3217 1208 3262 autem
1255 3208 1462 3263 ratione
1514 3209 1945 3277 procreationis?
1984 3208 2056 3265 Ut

489 3300 636 3355 enim
686 3300 830 3353 aliud
879 3307 1051 3354 morte
1081 3299 1418 3367 subducitur,
1454 3301 1526 3353 ita
1565 3316 1751 3356 rursus
1782 3300 1882 3369 ipsi
1914 3301 2059 3356 aliud

2148 908 2309 999 πηξιν
2336 926 2468 996 (25),
2492 922 2577 987 τίς
2610 924 2642 993 ὴ
2676 920 2820 991 μίξις
2841 915 3144 989 ἠμῶν;Τίς
3178 915 3210 983 ἡ
3238 912 3485 982 κίνησιςς
3517 911 3639 973 Πῶς
3660 908 3724 999 τό

2148 997 2413 1071 ἀθάνατον
2440 1012 2520 1082 τῷ
2546 1009 2726 1082 θνητῷ
2752 1006 3097 1080 συνεκράθη;
3130 1004 3254 1069 Πῶς
3280 1002 3431 1056 κάτω
3464 1001 3591 1071 ρέω,
3626 997 3725 1051 καὶ

2147 1112 2259 1164 ἄνω
2307 1108 2578 1180 φέρομαι;
2635 1104 2760 1167 Πῶς
2789 1103 2936 1173 ψυχὴ
2973 1099 3373 1171 περιγράφεται
3409 1095 3557 1163 (24);
3605 1091 3727 1155 πῶς

2149 1200 2292 1271 ζωὴν
2320 1199 2523 1260 δίδωσι,
2557 1197 2653 1249 καὶ
2689 1194 2895 1256 πάθους
2925 1188 3366 1262 μεταλαμϐάνει;
3397 1185 3522 1247 Πῶς
3550 1184 3578 1235 ό
3599 1182 3726 1246 νοῦς

2149 1292 2242 1343 καὶ
2272 1307 2336 1343 πε
2347 1286 2643 1360 ριγραπτὸς
2672 1286 2767 1338 καὶ
2786 1284 3035 1354 ἀόριστος
3051 1282 3183 1351 (25),
3198 1281 3255 1332 ὲν
3270 1280 3398 1349 ἡμῖν
3420 1275 3612 1347 μένων,
3630 1274 3729 1328 κατ.

2150 1386 2325 1440 πάντα
2348 1382 2618 1453 ὲῷοδεύων
2657 1381 2810 1451 τάχει
2838 1380 3009 1449 φορᾶς
3037 1377 3128 1430 καὶ
3157 1374 3392 1445 ρεύσεως
3427 1370 3569 1441 (9.6);
3599 1368 3726 1431 Πῶς

2154 1474 2632 1547 μεταλαμϐάνεται
2662 1472 2803 1541 λόγῳ
2832 1471 2926 1523 καὶ
2958 1465 3318 1539 μεταδὶδοται,
3350 1462 3444 1515 καὶ
3470 1461 3535 1513 δι’
3563 1461 3727 1531 ἀέρος

2150 1571 2335 1641 χωρεῖ.
2388 1567 2483 1619 καὶ
2532 1563 2670 1635 μετὰ
2697 1563 2807 1615 τῶν
2838 1560 3179 1632 πραγμάτων
3214 1555 3553 1626 εἰσέρχεται;
3600 1550 3727 1613 Πῶς

2150 1659 2400 1729 αἰσθήσει
2447 1657 2710 1718 κοινωνεῖ,
2744 1654 2838 1708 κοιλ¹
2868 1650 3217 1705 συστέλλεται
3258 1647 3365 1701 ἀπὸ
3392 1644 3500 1699 τῶν
3530 1641 3724 1711 αἰσθή-

2153 1766 2321 1815 σεων;
2378 1750 2485 1801 Καὶ
2536 1748 2615 1801 ἔτι
2663 1749 2770 1819 πρὸ
2818 1745 3044 1808 τούτων,
3081 1743 3164 1806 τίς
3212 1742 3245 1812 ἡ
3289 1732 3477 1811 πρώτη
3533 1736 3729 1798 πλάσις

2151 1842 2328 1913 ἡμῶν,
2384 1842 2478 1894 καὶ
2527 1840 2783 1903 σύστασις
2841 1839 2900 1890 ὲν
2952 1835 3029 1905 τῷ
3063 1835 3164 1904 τῆς
3218 1832 3431 1901 φύσεως
3460 1832 3732 1900 ἐργαστη-

2156 1934 2256 2005 ρίῳ
2287 1933 2398 2004 (27)
2420 1950 2434 1998 ;
2465 1934 2575 1987 Καὶ
2604 1932 2688 1996 τίς
2712 1934 2745 2003 ἡ
2770 1929 3051 1983 τελευταία
3088 1928 3365 1998 μόρφωσις
3392 1924 3487 1977 καὶ
3511 1921 3731 1975 τελείω-

2157 2043 2277 2092 σις;
2306 2025 2401 2089 Τίς
2446 2027 2479 2095 ἡ
2512 2026 2609 2095 τῆς
2639 2025 2847 2095 τροφῆς
2868 2022 3052 2091 ἔφεσις
3080 2021 3173 2074 καὶ
3206 2019 3469 2081 διάδοσις;
3500 2014 3611 2069 Καὶ
3644 2012 3730 2076 τίς

2158 2120 2364 2190 ἢγαγεν
2391 2118 2483 2171 ἐπὶ
2502 2115 2603 2180 τάς
2632 2115 2850 2188 πρώτας
2878 2112 3058 2185 πηγὰς
3075 2112 3210 2182 (28),
3232 2108 3430 2163 κα).τοῦ
3449 2107 3547 2178 ζῇν
3558 2108 3732 2177 ἀφορ-

2160 2212 2267 2282 μάς
2285 2210 2605 2281 αὐτομάτως
2623 2209 2777 2273 ;Πῶς
2806 2208 2995 2270 σιτίοις
3027 2205 3124 2277 μὲν
3147 2202 3327 2274 σῶμα,
3338 2202 3481 2272 λόγῳ
3507 2200 3564 2253 δὲ
3582 2198 3731 2270 ψυχὴ

2156 2302 2445 2372 τρέφεται;
2488 2300 2585 2363 Τίς
2613 2302 2646 2370 ἡ
2689 2301 2788 2370 τῆς
2820 2298 3035 2368 φύσεως
3072 2294 3225 2365 ὁλκὴ,
3258 2294 3353 2347 καὶ⁹
3376 2292 3510 2364 πρὸς
3526 2289 3733 2361 ἄλληλα

2160 2393 2349 2462 σχέσις
2398 2394 2515 2454 τοῖς
2549 2390 2779 2459 γεννῶσι
2818 2389 2911 2442 καὶ
2955 2388 3069 2450 τοῖς
3111 2382 3490 2454 γεννωμένοις,
3522 2382 3609 2435 ἵνα
3650 2378 3731 2449 τῷ

2159 2486 2363 2558 φίλτρῳ
2394 2484 2709 2555 συνέχηται;
2755 2481 2879 2545 Πῶς
2913 2480 3180 2551 ἑστηκότα
3229 2494 3290 2530 τε
3345 2474 3416 2528 τά
3446 2474 3580 2544 εἴδη,
3638 2471 3736 2526 καὶ

2156 2579 2267 2640 τοῖς
2296 2575 2639 2647 χαρακτῆρσι
2672 2573 3016 2642 διεστηκότα,
3048 2565 3123 2625 ὧν
3155 2568 3424 2622 τοσούτων
3450 2566 3640 2630 ὄντων,
3673 2564 3732 2617 αἱ

2162 2669 2420 2740 ἰδιότητες
2448 2666 2761 2736 άνέφικτοις
2796 2664 2921 2728 Πῶς
2953 2664 3015 2717 τὸ
3066 2662 3197 2716 αὐτὸ
3241 2660 3379 2722 ζῶον
3412 2657 3603 2727 θνητὸν
3636 2655 3736 2709 καὶ

2158 2760 2443 2821 ἀθάνατον,
2477 2759 2535 2811 τὸ
2569 2758 2665 2828 μὲν
2696 2760 2762 2828 τῇ
2791 2754 3120 2826 μεταστάσει
3157 2753 3290 2821 (9.9),
3323 2750 3387 2803 τὸ
3420 2750 3477 2802 δὲ
3513 2751 3578 2818 τῇ
3610 2763 3736 2816 γεν-

2158 2855 2221 2925 νὴ
2231 2870 2338 2918 σει;
2363 2853 2435 2905 Τὸ
2461 2851 2557 2922 μὲν
2573 2850 2642 2916 γά
2651 2867 2682 2921 ρ
2700 2846 2989 2917 ὑπεξῆλθε,
3004 2846 3067 2899 τὸ
3085 2846 3141 2899 δὲ
3157 2841 3526 2913 άντεισῆλθεν,
3544 2839 3736 2908 ῶσπερ

2158 2946 2215 2998 ὲν
2242 2943 2384 3014 ό).κῷ
2414 2941 2659 3013 ποταμοῦ
2717 2940 2791 3012 μὴ
2818 2938 3050 3002 ἑστῶτος
3086 2937 3181 2990 καὶ
3222 2934 3492 3006 μένοντος.
3554 2927 3735 2984 Πολλά

2158 3036 2203 3088 δ’
2254 3036 2319 3090 ἂν
2355 3036 2433 3088 ἔτι
2485 3034 2871 3104 φιλοσοφήσαις
2900 3030 3010 3100 (50)
3038 3028 3165 3100 περὶ
3196 3025 3371 3098 μελῶν
3402 3024 3495 3076 καὶ
3527 3022 3731 3093 μερῶν,

2160 3128 2363 3197 καὶτῆς
2391 3126 2524 3197 πρὸς
2536 3124 2738 3195 ἄλληλα
2756 3121 2960 3177 τούτων
2982 3117 3366 3190 εὐαρμοστίας,
3388 3113 3523 3185 πρὸς
3542 3111 3736 3183 χρείαν

2158 3237 2217 3272 τε
2248 3218 2385 3289 ὁμοῦ
2439 3217 2531 3271 καὶ
2562 3216 2755 3279 κάλλος
2806 3210 3154 3268 συνεστώτων
3196 3226 3254 3262 τε
3289 3208 3383 3261 καὶ
3409 3202 3731 3266 διεστώτων,

2163 3309 2501 3382 προεχόντων
2545 3326 2606 3361 τε
2636 3307 2729 3361 καὶ
2759 3304 3159 3378 προεχομένων,
3197 3299 3497 3371 ἐνουμένων
3542 3312 3600 3348 τε
3636 3292 3736 3347 καὶ

488 3392 836 3461 subrogantur,
890 3406 994 3443 non
1066 3405 1222 3445 secus
1270 3398 1432 3459 atque
1480 3391 1531 3445 iu
1576 3390 1811 3447 ﬂuminis
1860 3403 2057 3460 tractu,

2164 3401 2515 3475 σχιζομένων,
2541 3400 2902 3472 περιεχόντων
2936 3413 2995 3449 τε
3028 3395 3122 3449 κα)⁵
3155 3388 3558 3481 περιεχομένων
3581 3384 3734 3481 νόμῳ

489 3485 636 3552 quod
693 3483 854 3538 simul
908 3482 1108 3537 [luxum
1160 3494 1245 3538 est
1287 3492 1343 3538 et
1390 3484 1602 3539 stabile.
1647 3484 1810 3541 Multa
1855 3486 1920 3541 de
1961 3488 2060 3543 ho-

494 3575 658 3630 minis
710 3576 967 3630 membris
1019 3585 1076 3629 et
1127 3575 1370 3644 partibus
1419 3576 1593 3631 adhuc
1639 3592 2063 3633 commemorare

492 3665 690 3735 possis,
738 3681 802 3720 ac
859 3666 926 3720 de
977 3675 1160 3720 mutua
1209 3681 1395 3721 earum
1445 3668 2065 3738 concinnitate;quippe

491 3772 618 3826 qua:
646 3764 855 3812 natura:
886 3757 1004 3828 lege
1040 3772 1103 3812 ac
1129 3759 1359 3827 ratione,
1400 3774 1505 3814 non
1546 3761 1725 3817 minus
1753 3764 1818 3816 ad
1850 3763 2067 3833 elegan-

496 3850 838 3918 tiam,quani
885 3850 948 3902 ad
1001 3851 1309 3916 utilitatem,
1364 3851 1766 3923 coniungantur
1813 3855 1973 3911 simul
2012 3865 2068 3912 et

564 3962 611 3994 “
640 3961 781 4017 Psal.
813 3977 979 4027 xxxv,
1002 3963 1053 4016 7.
1130 3964 1172 3995 ⁸⁷
1195 3963 1335 4018 Psal.
1370 3979 1630 4028 cxxxvttt,
1662 3964 1714 4019 6.

566 4099 679 4238 (⁸25)
716 4098 1045 4168 Σύμπηξιν.
1081 4099 1264 4153 Billius
1293 4118 1305 4152 :
1344 4118 1362 4150 (
1392 4101 1846 4155 constitutionem.
1874 4121 1893 4153 ι

567 4169 658 4237 (24
718 4170 1160 4238 Περιγράφεται.
1187 4187 1204 4219 t
1230 4169 1756 4224 Circmnscrihitur.»
1780 4169 1869 4225 Sic

567 4169 679 4238 (24)
718 4170 1160 4238 Περιγράφεται.
1187 4187 1204 4219 t
1230 4169 1756 4224 Circmnscrihitur.»
1780 4169 1869 4225 Sic
1893 4170 2059 4226 Coisl.

497 4240 551 4306 l,
578 4240 774 4307 aliique
799 4242 1014 4307 optima:
1045 4249 1182 4293 notae
1219 4241 1373 4294 codd.
1403 4239 1551 4292 Hauc
1584 4240 1859 4293 lectionem
1887 4253 2068 4307 postu-

497 4310 610 4363 lant
641 4323 763 4382 mox
797 4309 1063 4382 opposita,
1092 4309 1465 4382 περιγραπτὸς
1488 4318 1540 4365 et
1570 4310 1837 4382 ἀόριστος.
1867 4312 1925 4365 In
1952 4312 2065 4379 ed.,

494 4379 868 4451 περιφέρεται,
909 4396 927 4429 ι
956 4379 1346 4451 circumfertur.
1370 4398 1389 4430 ο

570 4448 680 4519 (25)
702 4448 1044 4519 ίᾎόριστος.
1094 4449 1182 4503 Sic
1215 4450 1377 4519 llegg.
1409 4464 1459 4511 a,
1493 4449 1602 4512 bm,
1636 4448 1799 4504 Coisl.
1832 4450 1855 4503 1
1888 4459 1939 4505 et
1969 4450 2063 4509 0r.

493 4520 550 4573 2.
576 4516 770 4589 Παρὰ..
798 4519 1050 4589 ἀόρατος,
1086 4536 1104 4570 ι
1138 4516 1437 4573 invisibilis.
1461 4538 1479 4571 ι

567 4588 679 4660 (26)
729 4588 1055 4660 Ῥεύσεως,
1076 4589 1206 4659 Reg.
1233 4589 1392 4657 Gypr.
1421 4598 1471 4660 et
1501 4588 1592 4643 0r.
1621 4589 1673 4655 1,
1710 4589 1937 4660 ῥύσεως.

569 4657 684 4728 (9-7)
735 4660 836 4712 Ἐν
871 4657 948 4723 τῷ
993 4659 1102 4728 τῆς
1142 4657 1383 4728 φύσεως
1438 4657 1827 4729 ἐργαστηρίῳ.
1863 4660 1918 4716 Id
1961 4673 2065 4729 est,

499 4748 522 4781 ι
551 4732 671 4783 alvo
701 4739 963 4783 materna.
978 4749 994 4779 ι

569 4799 681 4867 (9,8)
718 4798 942 4868 Πηγάς.
974 4798 1117 4852 Elias
1145 4817 1157 4852 :
1188 4816 1206 4849 ι
1239 4799 1409 4868 fontes
1444 4799 1614 4855 lactis.
1641 4820 1660 4853 ι

570 4870 681 4941 (‘29)
723 4869 796 4922 Τὸ
819 4871 935 4937 μὲν
962 4868 1035 4938 τῇ
1066 4867 1445 4935 μεταστάσει,
1479 4882 1580 4942 etc.
1614 4870 1743 4937 Reg.
1776 4871 1962 4942 Cypra.
2005 4871 2068 4924 τὸ

500 4942 601 5013 μὲν
629 4942 1100 5013 τῇμμεταποιήσει,
1128 4950 1255 5013 clm,
1297 4956 1314 4989 ι
1347 4941 1571 5013 mortale
1614 4941 1831 5013 quidem
1861 4941 2068 4994 ratione

501 5009 857 5081 migrationis,
881 5030 899 5061 ι
942 5009 1033 5063 seu
1080 5027 1098 5059 ι
1126 5009 1537 5081 innuutationis.
1560 5030 1576 5062 ι
1612 5020 1703 5064 aut
1738 5028 1756 5060 ι
1787 5012 2064 5076 interitus;

502 5079 803 5135 immortale
830 5088 1007 5132 autem
1038 5079 1245 5133 ratione
1292 5082 1697 5145 procreationis,
1721 5100 1739 5131 ι
1771 5096 1890 5144 seu,
1928 5099 1947 5132 ι
1978 5095 2069 5146 ge-

503 5149 817 5204 nerationis.
846 5168 862 5199 ι
900 5149 987 5202 Sic
1016 5148 1217 5214 optime
1247 5148 1420 5201 locum
1450 5150 1607 5202 istum
1642 5152 2070 5210 interpretantur

497 5220 686 5276 Billius
710 5226 762 5271 et
795 5216 1210 5281 Leuvenklaius;
1245 5219 1489 5286 quamvis
1515 5220 1669 5273 aliter
1690 5222 1884 5273 sentiat
1910 5218 2068 5273 Com-

500 5291 738 5345 belisius.
778 5286 953 5341 Vertit
997 5287 1138 5341 enim
1184 5289 1264 5341 vir
1292 5290 1519 5343 d0etus:
1556 5308 1573 5340 ι
1608 5290 1826 5343 Mortale
1874 5290 2069 5343 nativi-

503 5371 628 5423 tate,
681 5356 982 5411 immortale
1025 5358 1405 5427 migratione:
1451 5357 1652 5413 Forsan
1697 5361 1761 5412 ad
1807 5361 1946 5414 lianc
1987 5361 2069 5414 itt-

504 5428 938 5495 terpretatiouem
1027 5429 1291 5482 adductus
1364 5439 1446 5480 est
1514 5430 1837 5483 auctoritate
1911 5430 2066 5496 hujus

504 5498 682 5572 ASi-lml.
710 5513 721 5547 τ
758 5496 836 5566 Τῇ
882 5496 979 5572 μέν
1011 5498 1259 5572 γεννήσει
1304 5498 1515 5567 θνητὸν,
1544 5503 1611 5572 τῇ
1642 5500 1698 5552 δὲ
1743 5501 2067 5572 μεταστάσει

502 5569 797 5619 ἀθάνατονο
856 5567 1258 5622 «GeneratiOne
1309 5573 1523 5638 quidem
1581 5567 1825 5637 mortale,
1862 5571 2067 5640 migra-

507 5642 649 5691 tione
683 5646 883 5697 autem,
911 5658 928 5689 ι
980 5654 1097 5703 seu,
1134 5657 1152 5689 ι
1179 5640 1385 5694 ratione
1419 5640 1688 5695 discessus
1722 5656 1753 5694 e
1796 5643 1929 5700 vita,
1968 5643 2069 5694 im-

508 5708 789 5761 mortale.)
840 5707 1060 5763 Fatetur
1121 5718 1299 5764 tamen
1373 5708 1511 5764 Billii
1572 5711 2067 5779 interpretationem

509 5797 526 5831 τ
563 5794 741 5833 ιοιάω
786 5794 902 5835 esse
942 5783 1005 5836 de
1037 5781 1359 5838 animalibus
1395 5782 1446 5837 in
1489 5796 1706 5852 genere,
1746 5783 1917 5852 quod,
1964 5796 2067 5838 uno

2160 3472 2250 3549 καὶ
2276 3472 2419 3563 λόγῳ
2450 3491 2684 3559 φύσεως.
2708 3489 2880 3542 Πολλά
2905 3486 3035 3557 περὶ
3051 3482 3242 3552 φωνῶν
3266 3480 3358 3532 καὶ
3385 3475 3583 3530 ἀκοῶνο
3613 3472 3733 3535 πῶς

2163 3587 2220 3639 αἱ
2248 3586 2345 3655 μὲν
2379 3583 2631 3654 φέρονται
2660 3580 2749 3633 διὰ
2776 3579 2882 3631 τῶν
2925 3571 3242 3646 φωνητικῶν
3274 3568 3538 3641 ὁργάνων,
3571 3566 3626 3618 αἱ
3675 3563 3735 3615 δὲ

2164 3674 2511 3744 ὑποδέχονται
2542 3670 2677 3740 (51),
2723 3668 2810 3720 διὰ
2831 3668 2927 3737 τῆς
2954 3669 3010 3718 ὲν
3032 3664 3181 3735 μέσῳ
3210 3660 3303 3714 τοῦ
3332 3658 3490 3728 ἀέρος
3518 3655 3733 3727 πληγῆς

2164 3766 2257 3818 καὶ
2276 3763 2571 3825 τυπώσεως
2620 3759 2875 3830 ἀλλήλαις
2915 3754 3354 3827 ἐπιμιγνύμεναι.
3380 3748 3557 3804 Πολλὰ
3604 3746 3735 3817 περὶ

2164 3856 2342 3926 ὂψεως
2372 3855 2627 3926 ἀρρήτως
2654 3848 3014 3918 κοινωνούσης
3038 3849 3149 3909 τοῖς
3192 3844 3426 3916 ὁρατοῖς.
3457 3840 3550 3894 καὶ
3586 3838 3734 3909 μόνῳ

2166 4120 2225 4159 se
2246 4103 2593 4165 subducente,
2625 4102 2741 4170 ejus
2773 4100 2890 4155 loco
2928 4096 3197 4170 subintrat
3239 4095 3459 4170 al_iud;g
3506 4093 3599 4149 sed
3636 4092 3735 4149 ad-

2168 4175 2276 4237 dit,
2325 4194 2342 4225 t
2389 4174 2516 4228 illud
2565 4173 2616 4226 itt
2653 4166 2877 4226 'liomiue
2918 4167 3189 4237 singulare
3234 4166 3550 4221 miraculum
3591 4178 3730 4229 esse,

2168 4245 2310 4311 quod
2339 4245 2408 4298 sit
2447 4242 2657 4297 mortali
2687 4251 2741 4296 et
2776 4239 3060 4294 immortali
3095 4238 3565 4311 tttisttts,_terrena
3604 4237 3735 4288 sub-

2170 4305 2369 4369 stantia
2397 4325 2451 4368 et
2485 4312 2821 4376 immortalis,
2860 4323 3086 4364 nascens
3130 4306 3371 4361 mortalis
3412 4315 3467 4359 et
3497 4305 3736 4376 migrans

2172 4384 2546 4440 immortalis.»
2587 4374 3001 4449 Verum.ripsius
3036 4377 3439 4449 pacedixerim,
3468 4391 3571 4449 non
3602 4374 3735 4433 satis

2173 4453 2402 4508 attendit
2451 4453 2515 4506 ad
2548 4450 2803 4518 Theologi
2852 4447 3107 4503 mentem.
3143 4447 3435 4516 Gregorius
3481 4447 3624 4518 enim
3669 4460 3735 4500 eo

2174 4524 2272 4577 loci
2315 4523 2583 4578 hominem
2627 4515 2874 4590 respicit,
2918 4534 3024 4573 non
3059 4527 3322 4590 quatenus
3352 4532 3417 4571 ex
3459 4515 3638 4569 anima
3680 4525 3738 4570 et

2168 4608 2396 4662 corpore
2476 4588 2804 4662 compositus
2863 4599 2987 4662 est,
3043 4588 3142 4662 sed
3199 4596 3405 4641 tantum
3466 4596 3735 4662 quatenus

2169 4657 2511 4727 est'auimal,
2556 4657 2669 4725 aut,
2712 4662 2864 4731 juxta
2899 4657 3145 4731 id_quod
3190 4672 3311 4710 cum
3360 4659 3569 4711 caeteris
3616 4658 3735 4711 ani-

2172 4734 2397 4789 malibus
2432 4727 2727 4787 commune
2745 4731 2928 4784 habet.
2955 4727 3125 4781 Porro
3168 4740 3230 4779 ea
3279 4742 3343 4780 ex
3398 4736 3568 4795 parte,
3616 4741 3732 4789 seu,

2170 4804 2351 4858 habita
2419 4802 2790 4856 tantummodo
2844 4798 3087 4865 corporis
3138 4796 3377 4861 ratione,
3430 4796 3620 4859 homo,
3669 4797 3737 4849 ad

2168 4873 2417 4941 Gregorii
2457 4881 2713 4936 tuentem,
2750 4888 2784 4941 ν(
2817 4869 3035 4924 interitu
3061 4866 3322 4941 mortalis
3364 4877 3482 4941 est,_
3512 4867 3736 4941 immor-

2174 4937 2306 4997 talis
2329 4958 2455 4996 vero
2492 4940 2899 5010 procreatione;
2928 4958 2947 4991 ι
2983 4939 3106 5005 quia
3154 4937 3418 5010 videlicet,
3454 4938 3736 4991 deﬁciente

2171 5028 2277 5066 uno
2310 5007 2558 5081 corpore,
2588 5012 2732 5064 aliud
2775 5010 3047 5064 nascendo
3087 5007 3354 5072 succedit,
3402 5008 3472 5059 ita
3511 5016 3569 5060 ut
3602 5023 3738 5060 nun-

2170 5099 2331 5150 quam
2377 5081 2588 5135 desinat
2616 5095 2736 5135 esse
2778 5081 3335 5150 corpnsliumanum,
3381 5093 3530 5150 «non
3581 5091 3736 5130 secus

2170 5147 2349 5220 atque,
2372 5171 2390 5203 ι
2433 5160 2491 5205 ut
2522 5153 2597 5205 ait
2630 5152 2741 5220 ipse
2769 5147 3139 5220 Gregorius,_t
3169 5147 3221 5200 itt
3265 5148 3507 5220 tlumiuis
3539 5157 3733 5211 tractu,

2170 5216 2308 5289 quod
2336 5216 2498 5276 simul
2528 5216 2726 5274 ﬂuxum
2757 5229 2842 5274 est
2870 5216 2923 5273 et
2960 5217 3170 5272 stabile.
3192 5236 3211 5269 ι
3265 5216 3419 5289 Unde
3455 5218 3735 5289 immortao

2171 5287 2291 5348 litas
2321 5294 2407 5347 hic
2437 5309 2468 5346 a
2503 5291 2767 5360 Gregorio
2807 5290 3040 5345 sumitur
3069 5303 3189 5360 pro
3226 5287 3423 5357 speciei
3469 5287 3740 5360 perpetui-

2172 5371 2299 5426 tate,
2326 5365 2375 5417 id
2401 5372 2502 5428 est,
2533 5357 2637 5430 pro
2657 5372 2911 5430 perpetua
2944 5357 3287 5414 morientium
3315 5366 3368 5425 et
3402 5358 3738 5412 nascentium

2171 5433 2446 5485 hominum
2476 5432 2843 5487 successione.

2239 5503 2349 5573 (50)
2391 5500 2862 5571 Φιλοσοφήσαις.
2903 5498 3068 5573 βοίδι.
3105 5500 3172 5564 2,
3229 5497 3736 5571 σπερμολογήσαις,

2176 5590 2194 5624 ι
2225 5570 2443 5641 nugare,
2482 5570 2748 5627 blaterare
2780 5570 2971 5639 possis.
2994 5590 3010 5621 ι

2238 5636 2349 5715 (5Ῑ)
2404 5636 2838 5710 Ύποδέχοντάι.
2877 5641 3042 5696 Coisl.
3074 5642 3097 5695 l
3135 5651 3190 5696 et
3218 5640 3431 5710 Comb.,
3468 5636 3739 5709 imqpr-

2170 5730 2276 5780 ται,
2318 5734 2335 5768 t
2363 5716 2628 5775 insonant.
2654 5730 2672 5765 ι
2704 5727 2820 5778 seu,
2855 5730 2873 5765 ι
2905 5723 3180 5769 resonant.
3203 5732 3220 5765 ι
