4038 6338
266 300 342 354 57
1284 305 1550 365 ORATIO
1589 308 1830 367 XXVIII.
1866 342 1936 353 —
1973 309 2419 367 THEOLOGICA
2458 310 2528 367 II.
3477 308 3549 367 58

262 417 352 488 τῷ
381 416 702 488 βούλεσθαι,
758 420 852 473 xui
887 417 1023 490 ὁμοῦ
1047 422 1402 493 κινουμένης,
1452 424 1548 477 xui
1574 426 1738 479 ταυτδ
1761 427 1839 497 (59

1945 425 2415 497 ,distinguantur,
2462 422 2771 494 praecellant
2820 432 2874 478 et
2928 420 3193 491 dignitate
3265 420 3548 478 inferiores

262 510 352 579 τῷ
390 509 480 563 νοῒ
509 510 851 581 πασχούσης.
884 512 1038 565 Μετὰ
1061 513 1170 585 γὰρ
1210 514 1304 567 τοῦ
1334 516 1450 568 ἴσου
1481 517 1702 587 τάχους,
1731 521 1839 573 ἐκεῖ

1976 519 2107 582 sint,
2142 519 2399 571 uniantur
2427 527 2481 570 et
2509 516 2907 582 distrahantur,
2934 514 3244 568 contineant
3287 521 3339 567 et
3367 514 3544 567 conti-

262 601 363 664 νός
404 620 469 655 τε
500 603 757 672 μίγνυται
782 606 894 667 τοῖς
942 605 1274 675 νοουμένοις,
1303 608 1397 660 xui
1426 607 1566 676 αὕτη
1596 612 1708 673 τοῖς
1729 611 1839 682 ὀρω

1976 618 2224 663 neantur.
2252 608 2413 662 Multa
2436 608 2599 663 etiam
2620 608 2685 661 de
2711 607 2933 661 vocibus
2954 615 3007 661 et
3032 606 3217 660 auditu
3247 623 3261 660 :
3292 601 3546 659 nimirum

270 694 498 762 μένοις.
533 694 716 747 Πολλὰ
745 696 875 766 περὶ
913 695 1019 749 τῶν
1049 696 1224 751 ἄλλων
1254 699 1578 771 αἰσθήσεων,
1609 700 1665 754 αϊ
1696 719 1839 772 παρα

1975 704 2248 772 quomodo
2288 703 2389 757 illa:
2432 717 2527 771 per
2567 700 2769 754 vocalia
2814 701 3169 755 instrumenta
3208 699 3544 765 deferantur,

264 784 436 855 δοχαί
461 786 609 848 τινές
641 788 747 838 εἰσι
791 785 899 839 τῶν
940 786 1160 851 ἔξωθεν,
1217 788 1359 860 λόγῳ
1389 791 1498 861 (35)
1529 791 1605 863 μὴ
1635 791 1839 863 θεωρού

1976 794 2065 849 hic
2102 809 2232 849 vero
2284 809 2379 847 eas
2414 793 2671 861 excipiat,
2704 806 2768 846 ac
2796 807 2890 861 per
2919 792 3224 847 intermedii
3258 794 3401 848 aeris
3430 807 3548 861 per-

266 893 473 944 μεναι.
522 876 698 928 Πολλά
731 876 860 948 περὶ
892 877 992 947 τῆς
1046 879 1104 931 ὲν
1133 877 1321 942 ὕπνοις
1358 880 1741 945 ἀναπαύσεως,
1775 899 1839 935 κα

1972 888 2280 942 cussionem
2313 898 2475 956 alque
2509 884 2920 954 impressionem
2962 885 3100 938 inter
3129 900 3187 938 se
3224 884 3543 954 jungantur.

264 966 376 1035 τῆς
412 966 487 1018 δι’
514 967 809 1036 ὀνειράτων
863 966 1234 1034 ἀναπλάσεως,
1280 971 1497 1040 μνήμης
1529 987 1589 1022 τε
1615 971 1710 1023 xui
1742 972 1839 1023 ἀνα

1978 977 2143 1031 Multa
2186 980 2309 1032 item
2346 979 2411 1031 de
2445 976 2638 1038 oculis,
2682 975 2771 1044 qui
2824 974 2982 1028 modo
3009 978 3241 1041 quodam
3283 974 3543 1029 inelfabili

269 1059 561 1126 μνήσεως,
589 1056 850 1127 λογισμοῦ
893 1075 950 1110 τε
978 1060 1071 1111 καὶ
1097 1057 1292 1129 θυμοῦ,
1337 1062 1430 1113 xui
1460 1062 1717 1130 ἐφέσεως,
1776 1080 1839 1115 κα

1979 1084 2099 1123 cum
2130 1071 2197 1125 iis
2226 1071 2403 1135 rebus,
2424 1084 2559 1137 quas
2583 1069 2874 1131 cernimus,
2906 1068 3283 1122 conimercium
3321 1067 3540 1129 habent,

266 1150 571 1218 traversum;
594 1152 786 1214 εἰπεῖν,
822 1150 965 1214 ὅσοις
984 1152 1011 1204 6
1035 1152 1228 1223 μικρὸς
1243 1147 1395 1217 οὗτος
1424 1154 1626 1224 κόσμος
1655 1157 1839 1209 διοικεί

1978 1175 2043 1213 ac
2075 1161 2187 1213 sola
2232 1160 2527 1221 voluntate,
2572 1156 2730 1212 simul
2774 1157 2937 1210 etiam
2996 1173 3116 1212 cum
3150 1173 3210 1211 ea
3242 1166 3542 1215 moventur.

262 1253 387 1300 ται,
413 1241 444 1291 6
474 1240 573 1293 ἄνθ
582 1257 781 1310 ρωπος.

1980 1250 2277 1318 eodemque.
2324 1250 2483 1304 modo
2522 1264 2641 1303 cum
2667 1259 2846 1302 mente
2884 1249 3214 1302 adiciuntur.
3249 1248 3367 1301 Pari
3397 1248 3540 1300 enim

264 1331 585 1396 celeritate,
606 1341 660 1388 et
688 1332 803 1387 btec
834 1331 1259 1401 intellectilibus,
1291 1344 1345 1390 et
1372 1335 1446 1389 illi
1472 1334 1772 1390 visibilibus
1796 1338 1955 1393 rebus
1977 1338 2299 1408 junguntur.
2333 1339 2496 1394 Multa
2524 1348 2787 1409 praeterea
2818 1338 2885 1393 de
2901 1339 3121 1408 reliquis
3150 1337 3420 1399 sensibus,
3450 1342 3541 1407 qui

264 1420 431 1476 velut
465 1423 817 1479 admittendis
838 1425 1078 1480 externis
1113 1427 1272 1481 rebus
1302 1428 1558 1482 destinati
1580 1438 1725 1495 sunt,
1760 1445 1857 1485 nec
1888 1433 2097 1487 ratione
2129 1434 2517 1503 percipiuntur.
2539 1432 2699 1487 Multa
2727 1432 2956 1501 denique
2981 1433 3046 1486 de
3069 1446 3152 1496 ea,
3183 1446 3287 1500 qua
3311 1430 3364 1484 in
3392 1445 3543 1485 som-

266 1512 368 1567 nis
409 1514 672 1581 fruimur,
706 1516 890 1585 quiete
915 1525 1077 1587 atque
1113 1519 1503 1574 insomniorum
1534 1521 1823 1589 ﬁgmentis,
1855 1523 1922 1578 de
1946 1525 2206 1579 memoria
2235 1534 2289 1579 et
2316 1524 2745 1590 reminiscentia,
2781 1524 2847 1577 de
2886 1523 3120 1586 ratione,
3150 1532 3204 1576 et
3234 1522 3337 1586 ira,
3369 1530 3420 1583 et
3446 1536 3541 1575 cu-

264 1606 534 1675 piditate,
572 1608 925 1678 reliquisque,
985 1620 1041 1664 ut
1094 1627 1200 1666 uno
1233 1611 1397 1665 verbo
1449 1612 1797 1680 complectar,
1835 1615 2032 1684 quibus
2082 1630 2279 1683 parvus
2331 1616 2419 1671 hic
2451 1615 2703 1681 mundus,
2742 1614 2792 1669 id
2832 1622 2935 1680 est,
2966 1614 3148 1677 homo,
3181 1614 3536 1683 gubernatur.

343 1697 481 1750 ΚΡ.
516 1698 706 1751 Βούλει
738 1716 819 1752 σοι
853 1701 946 1752 xui
976 1701 1074 1765 τὰς
1111 1701 1219 1754 τῶν
1266 1702 1441 1757 ἄλλων
1488 1702 1641 1767 ζώων
1674 1704 1839 1775 διαφο

2031 1704 2223 1762 XXIII.
2260 1705 2426 1763 Visne
2457 1708 2684 1763 aliorum
2717 1722 2932 1777 quoque
2964 1705 3319 1759 animantium
3346 1706 3541 1760 discri-

267 1786 378 1857 ρὰς
414 1786 530 1856 (54)
561 1788 698 1857 πρός
733 1806 793 1841 τε
828 1792 976 1859 ἡμᾶς
1012 1790 1108 1844 xui
1160 1792 1296 1863 πρὸς
1331 1791 1553 1863 ἄλληλα,
1580 1793 1769 1861 φύσεις
1796 1812 1856 1847 τε

265 1877 370 1929 xui
412 1878 684 1943 γενέσεις,
721 1880 816 1931 xui
848 1880 1178 1951 ἀνατροφὰς,
1214 1882 1309 1936 xui
1355 1881 1558 1955 χώρας,
1594 1884 1687 1936 καὶ
1726 1884 1854 1957 ἤθη,

265 1969 368 2022 xui
407 1965 523 2021 οἷον
560 1970 835 2035 πολιτείας
878 1972 1414 2044 καταριθμήσωμαι;
1466 1974 1589 2039 Πῶς
1638 1974 1707 2028 τὰ
1755 1976 1856 2045 μὲν

263 2059 525 2127 ἀγελαῖα,
585 2060 655 2114 τὰ
704 2062 761 2114 δὲ
796 2063 1093 2131 μοναδικά;
1140 2063 1206 2116 τὰ
1251 2064 1351 2134 μὲν
1396 2064 1677 2136 ποηφάγα,
1706 2064 1856 2119 τὰδὲ

242 2151 625 2225 σαρκοϐόρω
655 2152 725 2205 τὰ
762 2152 860 2222 μὲν
893 2153 1173 2224 θυμοειδῆ,
1215 2154 1284 2208 τὰ
1314 2156 1370 2209 δὲ
1404 2157 1587 2227 ἥμερα
1612 2173 1625 2221 ;
1655 2157 1722 2210 τὰ
1755 2156 1855 2227 μὲν

265 2240 637 2312 φιλάνθρωπα
665 2243 758 2295 xui
785 2243 1078 2314 σύντροφα,
1104 2244 1171 2298 τά
1196 2245 1251 2298 δὲ
1284 2246 1550 2299 ἀτίθασσα
1586 2248 1679 2301 xui
1694 2247 1854 2300 ’ἐλεύ-

264 2332 440 2404 θερα;
474 2335 570 2386 xui
590 2334 659 2387 τά
687 2335 784 2405 μὲν
823 2330 935 2389 οἷον
968 2336 1241 2408 ὲγγύτερα
1276 2337 1434 2407 λόγου
1464 2356 1525 2391 τε
1559 2339 1651 2392 xui
1682 2338 1855 2409 μαθή-

266 2440 433 2487 σεως,
459 2424 527 2477 τὰ
565 2426 624 2478 δὲ
657 2426 935 2490 παντελῶς
964 2427 1132 2496 ἄλογα
1173 2430 1268 2482 xui
1308 2429 1661 2500 ἀμαθέστατα
1691 2430 1803 2500 (55)
1831 2447 1846 2495 ;

260 2513 337 2565 τὰ
373 2514 476 2584 μὲν
518 2514 779 2569 πλειόνων
827 2517 1152 2588 αἰσθήσεων,
1192 2520 1261 2572 τὰ
1297 2519 1355 2573 δὲ
1415 2520 1740 2584 ὲλαττόνωνς
1782 2520 1853 2574 τὰ

267 2607 374 2675 μὲν
397 2608 657 2678 ἀκίνητα,
692 2608 763 2662 τὰ
798 2609 854 2662 δὲ
898 2611 1277 2680 μεταϐατικάς
1317 2612 1384 2666 τὰ
1422 2614 1519 2684 μὲν
1551 2614 1847 2685 ταχύτατα,

263 2698 337 2750 τὰ
367 2699 426 2751 δὲ
457 2701 748 2770 παχύτατα
776 2700 923 2771 (56);
953 2703 1022 2757 τὲ
1059 2703 1158 2774 μὲν
1188 2705 1592 2777 ὑπερϐάλλοντα
1629 2706 1849 2775 μεγέθει

265 2788 364 2841 xui
392 2789 579 2843 κάλλει
608 2792 640 2862 ἦ
678 2791 758 2862 τῷ
798 2793 968 2864 ἑτέρῳ
997 2795 1233 2861 τούτων,
1272 2795 1342 2848 τὰ
1373 2795 1427 2849 δὲ
1473 2795 1782 2867 βραχύτατα
1814 2797 1847 2869 ἢ

262 2883 709 2957 δυσειδέσταταῆ
742 2887 837 2939 xui
866 2887 1179 2959 ἀμφότερα;
1211 2890 1279 2940 τὰ
1309 2888 1407 2958 μὲν
1440 2888 1666 2958 ἄλκιμα,
1698 2887 1767 2941 τὰ
1793 2889 1849 2941 δὲ

264 2974 510 3045 ἀσθενῆς
545 2976 613 3029 τὰ
659 2976 757 3046 μὲν
798 2977 1092 3046 ἁμυντικᾶ,
1128 2976 1195 3030 τὰ
1236 2976 1293 3029 δὲ
1328 2976 1546 3030 ὕποπτα
1591 2978 1684 3030 καὶ
1730 2978 1849 3031 ἐπί-

1958 1799 2125 1864 mina,
2152 1800 2368 1867 quibus,
2411 1807 2522 1852 tum
2549 1813 2577 1853 a
2607 1798 2783 1861 nobis,
2819 1808 2930 1851 tum
2961 1798 3103 1851 inter
3150 1810 3208 1851 se
3253 1794 3530 1862 diﬂerunt,

1958 1898 2177 1943 naturas
2211 1890 2372 1944 etiam
2405 1898 2651 1953 etortus,
2678 1898 2729 1943 et
2762 1888 3133 1953 educationes,
3171 1895 3225 1940 et
3255 1886 3520 1957 regiones,

1956 1988 2010 2033 et
2040 1993 2240 2045 mores,
2272 1994 2336 2034 ac
2365 1977 2511 2033 velut
2542 1980 2595 2033 in
2627 1978 2899 2046 republica
2929 1978 3051 2032 vita:
3080 1977 3256 2032 olIicia
3306 1992 3531 2031 enume-

1955 2071 2111 2125 rcm?
2138 2070 2387 2136 Quonam
2416 2074 2576 2125 modo
2610 2070 2714 2124 alia
2745 2071 3010 2126 societate
3041 2070 3401 2130 delectantur,
3422 2067 3530 2124 alia

1955 2161 2189 2231 solivaga
2215 2160 2380 2216 sunt?
2412 2161 2529 2216 Alia
2566 2162 2770 2226 herbis,
2805 2160 2910 2214 alia
2970 2160 3229 2215 carnibus
3279 2159 3529 2213 nutriun-

1956 2253 2082 2307 tur?
2106 2252 2221 2306 Alia
2248 2267 2387 2308 sauia
2413 2262 2469 2307 et
2504 2251 2806 2306 truculenta
2846 2258 2995 2317 sunt,
3049 2249 3154 2303 alia
3204 2256 3482 2303 mansueta
3507 2248 3529 2302 ἰ

1952 2343 2070 2397 Alia
2123 2358 2244 2398 cum
2291 2343 2605 2398 hominibus
2650 2342 2852 2397 versari
2892 2351 3054 2410 atque
3082 2340 3154 2393 ali
3192 2338 3384 2404 solent,
3424 2337 3528 2392 alia

1954 2432 2209 2487 indomita
2242 2442 2295 2488 et
2322 2433 2491 2488 libera
2523 2432 2690 2488 sunt?
2718 2433 2835 2486 Alia
2865 2431 2930 2485 ad
2984 2431 3246 2484 rationem
3284 2438 3338 2483 et
3365 2428 3528 2482 disci-

1952 2521 2151 2590 plinam
2201 2520 2365 2593 514
2395 2525 2614 2591 propius
2670 2522 2952 2583 accedunt,
3009 2520 3112 2573 alia
3158 2534 3187 2571 a
3240 2518 3446 2573 ratione
3474 2525 3530 2574 et

1952 2612 2234 2682 disciplina
2266 2628 2489 2682 prorsus
2531 2613 2872 2667 abhorrent?
2901 2611 3019 2667 Alia
3056 2609 3298 2681 pluribus
3346 2612 3525 2666 sensi-

1952 2705 2074 2768 bus,
2114 2704 2219 2757 alia
2254 2704 2599 2771 paucioribus
2646 2704 2867 2774 praedita
2902 2703 3060 2757 sunt?
3103 2703 3217 2755 Alia
3252 2711 3398 2757 motu
3432 2717 3525 2757 ca-

1951 2803 2094 2862 rent,
2137 2794 2240 2847 alia
2275 2794 2552 2864 gradiendi
2584 2793 2902 2849 facultatem
2932 2793 3168 2848 habent?
3215 2794 3329 2848 Alia
3357 2792 3527 2848 celer-

1953 2888 2115 2951 rima,
2166 2886 2271 2940 alia
2321 2887 2627 2941 tardissima
2680 2886 2844 2941 sunt?
2874 2886 2991 2939 Alia
3044 2886 3433 2952 magnitudine,
3470 2895 3526 2941 et

1951 2977 2381 3047 pulchritudine,
2418 2988 2507 3032 aut
2539 2978 2801 3032 alterutro
2848 2977 3041 3031 horum
3075 2977 3378 3040 excellunt,
3417 2975 3521 3029 alia

262 3066 435 3120 δούλα
456 3085 471 3129 ς
496 3067 566 3121 τὰ
599 3070 697 3140 μὲν
726 3069 972 3138 φυλακτά
995 3069 1129 3140 (57),
1150 3067 1217 3122 τὰ
1241 3069 1296 3122 δὲ
1322 3069 1607 3139 ἀφύλακτα
1627 3069 1724 3135 ;τὰ
1748 3070 1839 3140 μὲν

1954 3077 2135 3120 autem
2174 3065 2467 3136 perexigua
2498 3074 2645 3131 sunt,
2677 3075 2764 3121 aut
2801 3065 3333 3130 deformissima,aut
3357 3065 3521 3119 etiam

262 3158 500 3228 φιλεργᾶ
530 3160 623 3213 xui
658 3160 995 3231 οἰκονομικὰ,
1019 3160 1087 3213 τά
1111 3160 1166 3213 δὲ
1190 3160 1535 3214 παντάπασιν
1566 3159 1711 3231 ἀργὰ
1745 3160 1841 3213 xui

260 3248 617 3318 ἀπρονόητα;
654 3250 762 3302 Kui
794 3249 872 3302 ἔτι
917 3250 1021 3320 πρὸ
1049 3248 1273 3314 τούτων,
1301 3248 1418 3313 πῶς
1448 3248 1517 3302 τὰ
1548 3249 1645 3319 μὲν
1670 3250 1843 3319 ἑρπυ-

261 3339 428 3391 anxi
454 3339 589 3402 (58),
634 3339 702 3393 τὰ
739 3340 796 3392 δὲ
839 3340 1029 3412 ὅρθια;
1078 3340 1147 3393 τὰ
1191 3341 1288 3411 μὲν
1333 3340 1639 3411 φιλόχωρα,
1679 3339 1746 3392 τὰ
1785 3340 1842 3391 δὲ

259 3430 529 3498 ἁμφίῦιας
555 3429 624 3482 τὰ
650 3430 747 3501 μὲν
775 3431 1061 3500 φιλόκαλοι,
1092 3431 1160 3485 τὰ
1202 3431 1257 3484 δὲ
1286 3428 1677 3485 ἀκαλλώπιστα
1702 3445 1716 3492 ;
1746 3446 1843 3481 συ·-

258 3519 401 3591 ζυγῆ
435 3540 494 3574 τε
526 3524 619 3575 xui
651 3522 859 3594 ἀζυγῆ;
892 3523 1146 3595 σώφρονά
1174 3541 1233 3577 τε
1274 3524 1367 3577 καὶ
1397 3523 1705 3586 ἀκόλαστας
1744 3540 1841 3574 πο-

256 3614 463 3682 λύγονά
499 3631 558 3667 τε
605 3615 700 3667 xui
744 3615 805 3667 οὐ
850 3614 1155 3684 πολύγονα;
1206 3615 1477 3685 μακρόὸιά
1521 3632 1579 3668 τε
1612 3614 1705 3667 xui
1736 3613 1847 3666 ὀλι-

255 3705 450 3773 γόόια;
512 3704 725 3776 Κάμνοι
782 3704 849 3760 ἂν
892 3708 1025 3777 ἡμῖν
1071 3708 1099 3760 6
1145 3705 1304 3775 λόγος
1340 3708 1454 3770 τοῖς
1494 3704 1634 3759 κατά
1678 3706 1845 3777 μέρος

258 3796 511 3864 ἐπεξιών.

1954 3169 2185 3229 utroque
2212 3163 2341 3218 vitio
2366 3161 2659 3217 laborant?
2687 3161 2803 3214 Alia
2839 3170 3061 3215 strenua
3102 3168 3254 3223 sunt,
3283 3158 3386 3212 alia
3421 3157 3523 3212 im-

1951 3252 2190 3307 becilla?
2221 3253 2339 3308 Alia
2369 3252 2626 3320 injuriam
2674 3259 2863 3321 aperto
2922 3252 3123 3319 impetu
3176 3249 3516 3319 propulsant,

1949 3340 2054 3396 alia
2099 3355 2349 3414 suspecta
2390 3355 2445 3399 et
2493 3343 2751 3399 insidiosa
2802 3343 2965 3397 sunt?
3010 3343 3127 3397 Alia
3181 3352 3361 3403 cauta,
3413 3341 3520 3395 alia

1945 3436 2199 3492 incauta?
2232 3436 2346 3490 Alia
2388 3434 2665 3488 industriae
2717 3434 2907 3503 reique
2958 3432 3243 3487 familiaris
3285 3431 3519 3486 admini-

1944 3527 2151 3584 strandi
2176 3526 2331 3580 laude
2358 3524 2574 3587 ﬂorent,
2617 3524 2722 3579 alia
2777 3539 2998 3593 prorsus
3054 3523 3247 3578 inertia
3298 3532 3424 3577 sunt
3464 3531 3521 3578 et

1946 3617 2284 3687 improvida?
2318 3616 2576 3685 Quodque
2624 3616 2773 3686 prius
2824 3616 3106 3670 dicendum
3142 3624 3281 3676 erat,
3313 3615 3405 3683 qui
3436 3615 3517 3678 lit,

1945 3720 2009 3764 ut
2039 3708 2142 3762 alia
2170 3709 2319 3763 humi
2357 3716 2600 3777 serpant,
2641 3705 2744 3760 alia
2784 3720 3009 3776 corpore
3038 3714 3183 3760 recto
3213 3704 3363 3759 sint?
3399 3705 3518 3759 Alia

1946 3808 2094 3853 certa
2133 3799 2262 3854 sede
2302 3800 2670 3868 acquiescant,
2704 3798 2807 3852 alia
2854 3798 2908 3851 in
2963 3808 3191 3864 utroque
3251 3795 3518 3851 elemento

256 3891 493 3961 degant?
533 3891 651 3945 Alia
700 3890 982 3962 elegantiae
1012 3891 1253 3946 studiosa
1306 3890 1432 3957 sint,
1473 3890 1576 3945 alia
1620 3891 1822 3945 eultmn
1863 3905 2077 3945 omnem
2118 3893 2408 3960 respuant?
2466 3891 2584 3945 Alia
2658 3891 2943 3960 conjugata
2980 3889 3108 3949 sint,
3146 3887 3251 3939 alia
3287 3903 3317 3941 a
3367 3902 3504 3942 con-

250 3982 401 4052 jugio
441 3983 810 4037 abhorreant?
836 3983 951 4036 Alia
989 3984 1182 4053 pudica
1241 3983 1369 4048 sint,
1436 3983 1540 4037 alia
1609 3982 1815 4036 libidini
1884 3982 2102 4037 dedita?
2130 3982 2246 4036 Alia
2289 3981 2695 4047 fecundissima,
2729 3979 2832 4033 alia
2861 3994 3050 4049 parum
3088 3979 3367 4046 fecunda“!
3397 3978 3517 4033 Alia

255 4071 521 4126 diuturna:
557 4072 697 4137 vita},
746 4071 850 4125 alia
903 4072 1118 4127 brevis?
1151 4071 1372 4127 Deficiet
1422 4088 1506 4127 me
1536 4088 1736 4135 sermo,
1777 4070 1821 4125 si
1864 4070 2136 4140 sigillatim
2165 4073 2346 4127 omnia
2373 4070 2624 4142 persequi
2651 4081 2875 4125 tentem.

322 4168 452 4222 ΚΝ.
484 4166 689 4236 Σκέψαι
729 4185 819 4238 μοι
853 4168 949 4219 xui
994 4169 1198 4240 νηκτὴν
1257 4168 1418 4238 φύσιν
1464 4170 1571 4223 τῶν
1623 4168 1828 4254 ὑδάτων

2005 4165 2196 4226 XXIV.
2231 4167 2346 4239 Age
2381 4168 2612 4238 piscium
2650 4182 2865 4238 quoque
2893 4176 3147 4220 naturam
3178 4165 3308 4221 mihi
3340 4165 3517 4222 consi-

253 4258 733 4326 διολισθαίνουσαν,
760 4260 855 4312 xui
883 4257 994 4313 οἷον
1034 4261 1336 4332 ίπταμένην
1369 4261 1511 4315 κατὰ
1536 4262 1634 4332 τῆς
1665 4262 1836 4333 ὑγρᾶς

256 4350 490 4421 φύσεως,
519 4350 615 4403 xui
653 4349 747 4403 τοῦ
794 4350 892 4421 μὲν
931 4350 1063 4404 ίδίου
1109 4351 1333 4406 σπῶσαν
1380 4353 1561 4423 ἀέρος,
1595 4352 1670 4423 τῷ
1702 4355 1839 4424 ἠμε-

251 4443 394 4513 τέρῳ
413 4443 470 4496 δὲ
498 4441 931 4507 κινδυνεύουσαν,
959 4443 1148 4515 ὥσπερ
1176 4446 1270 4498 xui
1307 4447 1465 4516 ἡμεῖς
1492 4449 1549 4499 ὲν
1570 4450 1683 4510 τοῖς
1711 4446 1837 4500 ὕδα-

252 4549 370 4589 στν·
404 4532 509 4604 ἤθη
555 4549 613 4585 τε
649 4532 743 4585 xui
791 4533 936 4605 πάθη
959 4573 973 4596 ,
1011 4535 1103 4587 xui
1149 4533 1342 4605 μίξεις,
1387 4536 1481 4588 xui
1520 4537 1701 4604 γονὰς,
1739 4537 1833 4592 xui

253 4625 481 4696 μεγέθη,
518 4624 615 4678 xui
649 4625 843 4697 κάλλη,
866 4625 1192 4698 φιλοχωρίας
1223 4644 1282 4679 τε
1322 4627 1415 4680 xui
1444 4627 1668 4690 πλάνας,
1705 4645 1831 4681 συν-

248 4716 401 4778 όδους
445 4732 507 4769 τε
556 4714 652 4768 xui
705 4716 1120 4787 ἀποχωρήσεις,
1166 4715 1261 4768 xui
1311 4715 1576 4786 ἰδιότητας
1635 4712 1827 4785 μικροῦ

246 4811 358 4872 τοῖς
395 4806 666 4875 ἐπιγείοις
700 4806 1112 4878 παραπλησίας,
1145 4806 1259 4860 ἐστι
1303 4807 1359 4860 δὲ
1404 4802 1479 4861 ὧν
1518 4808 1611 4861 xui
1638 4807 1827 4861 κοινώ-

249 4899 388 4965 νίας,
423 4900 520 4953 xui
542 4898 809 4970 ἰδιότητας
832 4896 1164 4963 ἀντιθέτους,
1204 4897 1260 4951 ἐν
1296 4916 1355 4951 τε
1394 4899 1558 4953 εἴδεσι
1584 4900 1679 4953 xui
1707 4900 1826 4953 ὀνό-

292 5056 432 5141 .(5Ξ)
473 5056 681 5110 Ταυτό.
715 5054 848 5124 Reg.
893 5054 1010 5121 bm,
1047 5053 1155 5109 duo
1182 5053 1333 5110 CoIb.
1373 5066 1429 5110 et
1474 5054 1566 5111 Ου’.
1599 5056 1652 5121 I,
1691 5074 1824 5109 ταυο

246 5143 360 5183 τον.

317 5196 431 5267 (55)
474 5194 601 5251 Τῶν
642 5195 886 5267 ἔξωθεν,
922 5195 1103 5267 λόγῳ,
1152 5205 1259 5251 etc.
1302 5194 1433 5265 Reg.
1478 5194 1667 5267 Qypr.,
1714 5195 1825 5249 τῶν

247 5267 451 5332 ἔξωθεν
501 5266 696 5336 λόγων.
747 5284 765 5316 ι
795 5266 928 5321 Vera
976 5266 1156 5330 lectio,
1189 5267 1430 5336 DIIIQUII
1482 5266 1670 5321 Comb.
1720 5283 1823 5335 qua

247 5340 505 5403 admissa,
537 5335 617 5393 sic
647 5337 809 5405 t'ertit
836 5354 850 5390 :
889 5355 907 5388 ι
940 5337 1013 5391 De
1049 5335 1269 5405 reliquis
1292 5337 1557 5402 sensibus,
1581 5337 1670 5405 qui
1699 5346 1823 5391 sunt

247 5409 492 5476 quadam
522 5404 883 5462 adnﬁssiones
915 5404 1213 5469 rationum,
1240 5422 1359 5475 qua:
1391 5416 1541 5461 extra
1581 5404 1630 5459 in
1664 5409 1820 5461 rebus

247 5489 391 5546 sunt,
416 5494 542 5533 cum
580 5478 803 5532 minime
828 5476 1004 5531 oculis
1028 5480 1459 5546 conspiciantur;
1483 5494 1502 5527 ι
1541 5477 1641 5539 vel,
1686 5495 1704 5527 ι
1725 5477 1814 5545 qui

247 5545 486 5617 (sensus)
518 5548 685 5602 veluti
718 5547 972 5601 fenestrae
1010 5545 1264 5615 qumdam
1298 5557 1445 5609 sunt,
1486 5546 1819 5616 excipiendis

252 5618 314 5670 iis
346 5618 668 5679 rationibus,
711 5632 831 5687 quae
872 5617 1211 5673 extrinsecus
1241 5618 1547 5684 adveniunt,
1592 5627 1643 5675 et
1686 5632 1820 5687 quas

253 5690 455 5742 ratione
487 5689 870 5757 conspicimus,
901 5688 1175 5743 destinati.
1200 5705 1219 5739 ι

319 5758 429 5830 (5i)
470 5757 783 5828 Διαφοριὶς.
820 5760 957 5829 Reg.
983 5774 1035 5826 a,
1067 5759 1427 5828 ἁναστροφας.

1944 4259 2094 4325 dera,
2123 4273 2217 4331 per
2246 4276 2415 4331 aquas
2447 4260 2763 4325 labentium,
2792 4268 2847 4313 et
2876 4275 2970 4329 per
2990 4258 3251 4327 liquidum
3278 4257 3517 4313 elemen-

1934 4362 2084 4420 tum,
2121 4363 2180 4407 ut
2221 4353 2295 4407 ita
2326 4352 2524 4417 dicam,
2554 4351 2874 4413 volantium,
2902 4366 2964 4404 ac
2994 4350 3267 4419 propriqu
3296 4349 3514 4418 quidem

1886 4446 1889 4447 ⁷
1943 4460 2125 4499 aerem
2178 4452 2295 4498 tuto
2328 4442 2717 4504 haurientium,
2749 4441 2801 4495 in
2832 4448 3021 4494 nostro
3064 4448 3245 4494 autem
3292 4438 3513 4507 pericli-

1946 4535 2197 4598 tantium,
2234 4533 2691 4603 quemadmodum
2722 4546 2821 4587 nos
2849 4544 3064 4599 quoque
3091 4531 3141 4583 in
3186 4530 3343 4599 aquis
3371 4529 3511 4585 sole-

1938 4641 2091 4680 mus:
2119 4641 2296 4680 mores
2323 4626 2486 4678 etiam
2516 4638 2729 4689 eorum,
2766 4632 2820 4677 et
2860 4621 3109 4685 atiectus.
3137 4632 3192 4677 et
3220 4622 3427 4686 coitus,
3458 4630 3515 4677 et
3552 4678 3555 4681 .

1935 4716 2331 4788 generationes,
2384 4725 2437 4769 et
2479 4714 2895 4785 magnitudines,
2945 4722 3002 4766 et
3058 4711 3511 4782 pulchritudines,

1933 4820 2111 4863 certas
2145 4807 2271 4861 item
2324 4805 2633 4860 mansiones
2665 4814 2718 4858 et
2751 4805 3148 4866 oherrationcs,
3189 4818 3512 4873 congressus

1933 4915 1995 4955 ac
2024 4900 2361 4954 secessiones
2387 4908 2438 4952 et
2466 4899 2825 4968 proprietates
2880 4897 3231 4952 terrestribus
3260 4898 3510 4951 animan-

2003 5055 2116 5126 (53)
2168 5052 2587 5124 Ἄμθέστατα.
2639 5052 2694 5107 1η
2747 5050 3104 5123 quibusdam,
3158 5051 3506 5124 ἀμετάθετα,

1938 5145 1957 5178 ι
1987 5126 2362 5179 imtnulabilia.
2397 5143 2416 5175 ι

2004 5196 2113 5265 (56)
2159 5199 2234 5251 Τὰ
2278 5195 2396 5265 μὲν
2426 5194 2749 5265 ταχύτατα,
2792 5190 2863 5246 τὰ
2910 5190 2984 5265 δὲ
3030 5194 3361 5265 παχύτατα,
3415 5192 3507 5265 Sic

1930 5263 2060 5336 Ieg‘it
2095 5263 2599 5336 Leuveiiklaius,‘et
2630 5264 2712 5336 ita
2732 5264 3010 5336 legendum
3039 5275 3309 5336 putamus.
3338 5263 3389 5315 lu
3416 5263 3503 5318 ed.

1932 5331 2123 5406 legitur
2152 5346 2380 5406 tantum,
2402 5335 2471 5388 τά
2498 5334 2553 5387 δὲ
2582 5332 2877 5406 ταχύτατα.
2911 5331 3116 5406 (Itinera
3148 5333 3362 5406 desunt.

2000 5399 2113 5477 (57)
2158 5406 2234 5460 Tit
2277 5404 2393 5475 μὲν
2433 5399 2729 5477 φυλακὲἆ.
2782 5402 2906 5456 Haec
2953 5402 3148 5477 desunt
3174 5402 3255 5477 _iu_
3297 5399 3507 5477 ed._Sic

1930 5471 2109 5531 tamen
2161 5471 2447 5547 legendum
2470 5475 2834 5547 arbitramur,_
2864 5473 3109 5547 quamvis
3136 5471 3371 5547 Adeticiat
3403 5472 3506 5527 hac

1926 5547 1978 5601 in
2013 5562 2069 5601 re
2102 5542 2344 5602 codi'cum
2369 5545 2684 5601 auctoritas.
2712 5542 3007 5599 Antithesis
3035 5544 3205 5600 series
3234 5542 3285 5597 id
3318 5550 3503 5612 postu-

1927 5618 2039 5671 lare
2075 5619 2309 5670 videtur.

1981 5687 2110 5771 ’(58)
2160 5685 2537 5757 Ἐρπυστικά.
2604 5683 2753 5741 Cnlb.
2801 5684 2834 5739 5
2882 5692 2937 5740 et
2982 5681 3075 5738 Or.
3119 5681 3184 5751 I,
3240 5683 3504 5755 ὲρπηστι-

1925 5774 2021 5812 κα.
