4038 6338
432 332 502 388 59
1631 329 1690 388 ς.
1733 328 2061 386 GREGORII
2101 326 2449 385 THEOLOGI
3609 314 3676 372 60

435 448 578 504 tibus
629 461 764 517 pene
809 445 1139 512 consimiles,
1192 447 1570 502 nonnullorum
1612 449 1777 503 etiam
1835 449 2006 505 socie-

2130 465 2291 503 ιασιν.
2327 445 2529 515 Σκέψαι
2573 460 2660 514 μοι
2701 440 2793 496 καὶ
2830 440 3032 512 ὀρνέων
3070 436 3181 508 (59)
3218 435 3414 505 ἀγέλας
3441 434 3532 490 καὶ
3557 446 3678 485 ποι-

439 550 598 605 tates,
631 549 686 595 et
721 541 1046 604 contrarias,
1101 547 1209 592 tam
1245 538 1298 592 in
1338 539 1528 595 formis
1561 555 1721 610 quam
1750 541 1804 595 in
1833 542 2006 596 nomi-

439 633 622 698 nibus,
659 631 1033 702 proprietates.
1081 629 1160 684 Ad
1195 629 1311 684 haec
1357 645 1548 700 greges
1597 631 1776 685 avium
1833 640 2005 686 tecum

441 732 653 794 reputa,
687 735 954 792 quamque
980 721 1128 799 varia
1163 729 1218 776 et
1246 721 1527 792 multiplici
1562 723 1729 792 figura
1757 723 1885 788 sint,
1917 737 2010 776 va-

440 815 643 882 riisque
677 810 989 866 coloribus:
1028 811 1122 880 qui
1162 810 1272 876 ﬁat,
1314 820 1374 866 ut
1417 813 1521 865 alia
1559 821 1705 865 muta
1735 812 1864 876 sint,
1905 811 2009 866 alia

443 898 676 966 canora;
709 915 934 969 quaeque
973 899 1165 953 horum
1215 899 1522 955 suavissimi
1570 910 1762 954 cantus
1814 902 1886 954 sit
1924 915 2012 954 ra-

445 994 538 1058 tio,
557 1002 610 1048 et
627 1006 656 1045 a
683 1007 790 1061 quo
817 992 956 1046 hanc
977 991 1282 1046 facultatem
1303 993 1660 1057 acceperint?
1683 992 1814 1058 Quis
1838 991 2010 1060 lyram

444 1080 641 1135 cicadis
675 1080 727 1133 in
780 1089 997 1148 pectore
1023 1081 1189 1147 dedit,
1215 1089 1269 1135 et
1295 1090 1488 1135 cantus
1531 1079 1649 1136 illos
1688 1090 1853 1149 atque
1887 1095 2012 1148 gar-

445 1171 602 1236 ritus,
637 1185 794 1241 quos,
827 1186 945 1226 cum
975 1172 1274 1226 meridiano
1303 1171 1430 1226 solis
1461 1181 1593 1225 testu
1636 1171 1703 1226 ad
1751 1171 2028 1225 musicam

446 1263 762 1328 incitantur,
805 1263 859 1318 in
898 1263 1152 1318 arborum
1194 1263 1361 1317 ramis
1393 1261 1645 1328 fundunt,
1678 1278 1741 1317 ac
1789 1277 2013 1316 nemora

447 1365 597 1408 sono
621 1352 874 1420 implent,
909 1361 964 1406 et
1001 1352 1262 1406 viatorem
1308 1350 1532 1406 vocibus
1576 1351 2016 1422 prosequuntur?

450 1438 580 1504 Quis
599 1448 814 1494 cantum
848 1439 997 1494 illum
1041 1454 1162 1494 cum
1215 1455 1386 1511 cygno
1437 1443 1697 1506 contexit,
1741 1456 1847 1511 quo
1879 1451 2015 1496 tem-

449 1545 581 1602 pore
621 1532 814 1600 pennis
863 1533 916 1586 in
951 1547 1138 1586 auram
1186 1534 1439 1603 expansis
1485 1533 1748 1602 ejusmodi
1796 1533 2013 1589 sibilum

450 1622 581 1690 edit,
608 1627 698 1692 qui
753 1624 1006 1679 carminis
1042 1625 1214 1679 instar
1256 1626 1363 1681 sit?
1400 1625 1554 1682 Mitto
1604 1627 1748 1680 enim
1795 1626 1913 1682 illas
1963 1627 2014 1681 vi

452 1725 736 1784 expressas
761 1729 944 1780 voces,
976 1723 1029 1769 et
1061 1715 1318 1785 quidquid
1351 1726 1498 1771 artes
1524 1717 1786 1772 adversus
1817 1717 2006 1771 verita-

2109 539 2306 602 κιλίας,
2339 537 2396 591 έν
2421 553 2481 590 τε
2523 536 2763 606 σχήμασι
2802 533 2897 587 κα)¹
2928 529 3204 603 χρώμασι,
3234 528 3342 581 τῶν
3363 544 3421 580 τε
3447 525 3677 586 ἀλάλων,

2108 631 2202 684 καὶ
2229 629 2337 682 τῶν
2386 625 2625 698 ᾠδικῶν·
2681 625 2777 678 κα)⁸
2821 624 2905 686 τίς
2943 622 3043 693 τῆς
3092 619 3294 673 τούτων
3347 617 3609 688 μελῳδίας
3651 617 3682 669 6

2109 720 2285 789 λόγος,
2325 720 2418 773 καὶ
2463 717 2613 789 παρά
2648 717 2823 781 τίνος;
2870 715 2954 777 τίς
2992 712 3020 765 6
3061 712 3184 774 δοὺς
3221 711 3424 777 τέττιγι
3460 708 3557 780 τὴν
3593 709 3684 761 ἐπὶ

2113 812 2342 884 στήθους
2379 809 2593 881 μαγάδα
2621 807 2754 879 (40),
2785 806 2878 860 καί¹
2900 803 2969 865 τά
2994 804 3084 856 ἐπὶ
3111 803 3216 855 τῶν
3238 799 3441 854 κλάδων
3467 798 3688 871 ᾄσματά

2109 919 2171 954 τε
2204 903 2298 955 καὶ
2342 900 2728 972 τερετίσματα,
2791 897 2916 950 ὅταν
2973 894 3107 965 ἡλίῳ
3170 891 3425 946 κινῶνται
3471 889 3540 942 τά
3585 905 3684 959 με-

2113 991 2389 1064 σημϐρινὰ
2417 987 2900 1062 μουσουργοῦντες,
2925 987 3018 1045 καὶ
3043 981 3402 1052 καταφωνῶσι
3426 980 3494 1035 τά
3525 981 3687 1052 ἄλση,

2113 1088 2207 1140 καὶ
2231 1085 2506 1157 ὁδοιπόρον
2540 1085 2658 1147 ταῖς
2693 1084 2896 1152 φωναῖς
2923 1079 3370 1149 παραπέμπωσις
3408 1077 3504 1139 Τίς
3535 1078 3562 1129 6
3592 1073 3690 1128 κύ-

2113 1195 2225 1247 κνῳ
2262 1174 2599 1244 συνυφαίνων
2630 1175 2728 1244 τὴν
2760 1172 2922 1244 ᾠδὴν,
2953 1171 3080 1224 ὅταν
3105 1167 3380 1240 ἐκπετάσῃ
3411 1166 3470 1219 τὸ
3491 1165 3690 1237 πτερὸν

2114 1269 2234 1330 ταῖς
2266 1265 2482 1337 αῦραις,
2523 1265 2616 1318 καὶ
2660 1266 2786 1336 ποιῇ
2834 1262 2994 1334 μέλος
3039 1260 3098 1315 τὸ
3133 1259 3405 1330 σύριγμα;
3455 1257 3556 1310 Ἐῶ
3581 1255 3688 1326 γὰρ

2114 1356 2291 1424 λέγειν
2310 1355 2408 1420 τὰς
2443 1354 2652 1425 βιαίους
2687 1353 2891 1424 φωνὰς,
2917 1353 3009 1406 καὶ
3042 1351 3141 1404 ὃσα
3170 1350 3350 1420 τέχναι
3382 1347 3692 1418 σοφίζονται

2115 1445 2258 1499 κατὰ
2284 1445 2382 1514 τῆς
2415 1443 2690 1514 ἀληθείας.
2737 1442 2908 1496 Πόθεν
2939 1440 3105 1504 ταὼς,
3132 1442 3159 1492 6
3191 1437 3405 1502 ἀλαζὼν
3425 1438 3570 1509 ὅρνις
3599 1436 3694 1488 καὶ

2115 1534 2356 1606 Μηδικδς
2392 1534 2526 1603 (Ill),
2577 1531 2721 1585 οὕτω
2759 1529 3042 1600 φιλόκαλος
3089 1529 3182 1582 καὶ
3227 1526 3524 1596 φιλότιμος,
3552 1522 3694 1576 ὥστε

2117 1625 2372 1698 (καὶγὰρ
2415 1625 2725 1678 αἰσθάνεται
2771 1621 2866 1677 τοῦ
2906 1622 3105 1676 οἰκείου
3150 1617 3397 1687 κάλλους)
3437 1617 3564 1671 ὅταν
3608 1615 3694 1686 ἴδῃ

2118 1714 2240 1768 τινὰ
2290 1712 2675 1785 πλησιάζοντα,
2725 1714 2759 1785 ἢ
2808 1715 2927 1776 ταῖς
2965 1711 3206 1784 θηλείαις
3241 1709 3374 1780 (12),
3424 1706 3499 1770 ὥς
3538 1722 3694 1775 φασι,

453 1815 558 1862 tem
590 1807 864 1877 ingeniose
893 1807 1391 1862 comminiscuntur.
1441 1807 1540 1874 Qui
1575 1807 1634 1862 fit
1668 1818 1726 1864 ut
1755 1822 2016 1878 arrogans

2130 1803 2542 1868 καλλωπίζεται,
2579 1803 2668 1855 τὸν
2697 1803 2898 1874 αὐχένα
2923 1802 3136 1874 διάρας,
3166 1801 3260 1854 καὶ
3280 1799 3340 1852 τὸ
3375 1798 3569 1871 πτερὸν
3600 1813 3698 1850 κυ-

432 1898 543 1955 .ille
578 1907 633 1953 et
663 1897 902 1952 Medicus
950 1913 1089 1966 pavo
1120 1897 1442 1969 elegantiam
1496 1897 1829 1968 gloriamque
1883 1897 2016 1952 adeo

453 1988 693 2053 aﬂ‘ectet,
739 1997 799 2043 ut
845 1989 1057 2059 quoties
1119 1988 1350 2060 aliquem
1390 1989 1610 2057 propius
1657 1987 2002 2042 accedentem

455 2078 616 2150 515
662 2079 876 2144 viderit,
928 2087 1021 2134 aut
1073 2079 1239 2134 etiam
1297 2078 1532 2142 feminis,
1579 2088 1636 2132 ut
1675 2077 1848 2146 aiunt,
1899 2092 2021 2133 sese

454 2180 729 2224 ostentare
776 2172 1006 2226 voluerit
1059 2172 1182 2241 (nec
1225 2171 1369 2225 enim
1428 2169 1848 2239 pulchritudinis
1909 2183 2022 2225 sum

457 2261 676 2331 ignarus
724 2263 850 2334 est),
899 2262 1182 2319 confestim
1225 2261 1366 2318 elata
1415 2264 1648 2327 cervice,
1693 2273 1854 2332 atque
1889 2263 2022 2330 alis,

457 2369 577 2422 quae
598 2368 820 2408 aureum
848 2355 1134 2422 quemdam
1177 2353 1436 2424 fulgorem
1469 2353 1736 2422 referunt,
1770 2369 1834 2408 ac
1874 2353 2020 2408 side-

458 2455 578 2495 rum
615 2441 957 2510 splendorem
991 2443 1292 2507 imitantur,
1342 2444 1395 2498 in
1442 2446 1630 2500 orbem
1660 2444 2022 2512 concinnatis,

459 2532 706 2600 Corporis
749 2533 830 2588 sui
879 2534 1328 2604 pulchritudinem
1373 2536 1592 2592 amasiis
1619 2535 1730 2591 suis
1777 2551 1898 2592 cum
1931 2552 2025 2592 su-

2119 1896 2391 1964 κλοτερῶς
2421 1895 2753 1967 περιστήσας
2784 1896 2846 1948 τὸ
2874 1895 3181 1967 χρυσαυγὲς
3214 1891 3308 1944 καὶ
3341 1889 3696 1959 κατάστερον,

2121 1987 2392 2058 θεατρίζει
2435 1988 2546 2057 (43)
2578 1987 2639 2039 τὸ
2681 1985 2874 2051 κάλλος
2911 1989 3022 2050 τοῖς
3064 1984 3176 2056 (44)
3223 1984 3511 2055 ἐρασταῖς,
3559 1979 3701 2058 μετὰ

2124 2079 2356 2150 σοϐαροῦ
2400 2078 2496 2132 τοῦ
2553 2079 2916 2151 βαδίσματος;
2966 2079 3029 2133 Ἦ
3067 2079 3164 2150 μὲν
3217 2073 3309 2131 οὖν
3352 2076 3470 2130 θεία
3507 2073 3701 2146 Γραφὴ

2123 2174 2220 2229 καὶ
2263 2173 2537 2242 γυναικῶν
2581 2173 2850 2244 θαυμάζει
2899 2173 3088 2243 σοφίαν
3133 2171 3232 2242 τὴν
3267 2173 3325 2224 ὲν
3363 2169 3700 2238 ὑφάσμασιν,

2135 2266 2230 2331 Τίς
2262 2264 2463 2332 ἔδωκε,
2500 2265 2752 2335 λέγουσα,
2773 2265 3048 2336 γυναιξὶν
3086 2262 3437 2338 ὑφάσματος
3476 2259 3707 2327 σοφίαν·

2129 2355 2226 2409 καὶ
2252 2356 2632 2426 ποικιλτικὴν
2672 2356 3052 2434 ἑπιστήμην;
3086 2355 3232 2408 Ζώου
3271 2348 3486 2420 λογικοῦ
3524 2347 3704 2412 τοῦτο,

2130 2449 2223 2502 κα)⁵
2247 2449 2498 2522 περιττοῦ
2519 2451 2617 2523 τὴν
2635 2449 2848 2521 σοφίαν,
2872 2450 2965 2502 καὶ
2987 2448 3146 2520 μέχρι
3175 2445 3281 2500 τῶν
3307 2443 3570 2516 οὐρανίων
3587 2439 3706 2512 (ιδ)

2131 2539 2428 2605 όδεύοντος.

460 2626 628 2690 perho
674 2629 904 2695 quodam
944 2631 1178 2695 incessu,
1227 2630 1371 2684 velut
1407 2631 1460 2685 in
1499 2632 1729 2696 theatro,
1767 2635 2115 2702 spectandam
2182 2639 2482 2707 proponat?
2548 2638 2625 2693 Ac
2683 2637 2962 2706 Scriptura
3024 2636 3238 2710 quidem
3283 2648 3436 2689 sacra
3505 2628 3706 2686 mulie-

462 2734 582 2775 rum
620 2721 671 2775 in
707 2723 1052 2776 contexendis
1075 2721 1199 2776 telis
1259 2721 1532 2776 solertiam
1568 2724 1650 2778 his
1719 2725 1898 2779 verbis
1959 2727 2256 2785 admiratur
2291 2746 2305 2783 :
2348 2730 2479 2798 Quis
2517 2730 2667 2784 dedit
2709 2728 3026 2783 mulieribus
3081 2737 3306 2781 textum
3361 2725 3703 2793 sapientiam,

464 2823 754 2879 rerumque
778 2810 1156 2865 variandarum
1185 2812 1559 2866 scientiam"?
1609 2812 1700 2868 Est
1751 2814 1892 2868 enim
1935 2815 2040 2872 hoc
2077 2819 2366 2877 animantis
2430 2822 2638 2876 ratione
2706 2819 2938 2890 praediti,
2981 2818 3286 2890 eximiaque
3326 2817 3588 2887 sapientia
3616 2818 3705 2870 in-

465 2901 677 2962 structi.
703 2908 864 2969 atque
897 2901 962 2953 ad
987 2901 1226 2956 caelestia
1257 2917 1424 2971 usque
1459 2906 1778 2973 grassantis.
1862 2907 1864 2910 ’

534 2991 700 3047 XXV.
729 2993 807 3048 'l‘u
843 3009 967 3049 vero
998 2995 1124 3049 tnihi
1170 2997 1467 3051 naturalem
1523 3014 1738 3068 quoque
1787 2999 2028 3056 animan-

2206 3001 2332 3056 KE'.
2361 3001 2432 3054 Σὺ
2459 3000 2513 3053 δέ
2548 3017 2636 3071 μοι
2658 2999 2934 3070 θαύμασον
2964 2999 3059 3056 καὶ
3087 2997 3295 3066 ἀλόγων
3317 2996 3550 3070 φυσικὴν
3580 2994 3711 3050 σύν-

465 3085 600 3138 tium
659 3086 884 3140 rationis
933 3088 1232 3156 expertium
1277 3089 1547 3144 solertiam
1585 3092 1817 3160 suspice,
1864 3094 2032 3147 ratio-

467 3192 694 3247 nesque,
725 3179 768 3232 si
801 3189 970 3247 potes,
999 3178 1230 3235 declara.
1276 3179 1556 3247 Quomodo
1587 3183 1837 3238 volucres
1859 3184 1910 3238 in
1941 3199 2034 3252 pec

468 3269 590 3335 tris,
626 3281 680 3322 et
713 3271 1016 3336 arboribus,
1061 3286 1126 3325 ac
1176 3273 1351 3338 tectis,
1385 3286 1490 3327 non
1538 3273 1715 3329 minus
1745 3274 2038 3343 elegantes,

467 3373 629 3428 quam
680 3369 843 3423 tutos,
874 3370 929 3415 et
973 3361 1177 3416 alendis
1223 3362 1383 3432 pullis
1418 3364 1850 3419 accommodatos
1891 3365 2040 3419 nidos

467 3451 794 3512 elaborant?
835 3451 984 3508 [inde
1019 3455 1212 3522 apibus
1253 3464 1309 3510 et
1358 3456 1576 3510 araneis
1622 3465 1801 3510 tantus
1840 3455 2042 3510 laboris

470 3552 635 3610 atque
675 3545 954 3599 industriae
991 3561 1162 3612 amor,
1192 3556 1251 3600 ut
1294 3545 1396 3601 illae
1440 3548 1656 3616 quidem
1708 3547 1858 3603 favos
1910 3562 2044 3602 con-

471 3619 704 3699 struant,
743 3653 806 3692 ac
843 3640 1259 3708 sexangularum
1301 3640 1626 3706 fistularum,
1670 3641 1879 3711 sibique
1909 3641 2045 3696 invi—

473 3739 589 3779 cem
647 3741 713 3779 ex
753 3727 980 3782 adverso
1029 3731 1491 3798 respondentium,
1535 3731 1848 3801 adjumento
1908 3746 2039 3786 con-

476 3813 712 3882 tineant,
740 3827 794 3870 et
846 3833 942 3888 per
985 3819 1365 3876 intermedium
1416 3823 1699 3892 parietem,
1743 3833 1904 3892 atque
1949 3839 2042 3878 an-

474 3905 630 3975 gulos
679 3909 842 3964 rectis
875 3908 1134 3966 lateribus
1183 3911 1492 3966 alternatim
1554 3914 1780 3968 innexos
1821 3913 2047 3968 domici-

475 3997 605 4050 lium
661 4014 812 4053 suum
875 3999 1116 4069 fulciaut,
1177 4003 1337 4074 idque
1375 4006 1426 4058 in
1467 4014 1576 4058 tant
1609 4005 1917 4076 caliginosis
1970 4003 2049 4058 al-

475 4091 730 4143 vearibus
762 4092 1112 4162 obscurisque
1142 4094 1410 4166 figmentis
1447 4112 1460 4148 :
1493 4097 1609 4150 istm
1644 4105 1823 4150 autent
1858 4111 2048 4152 rursus

478 4191 575 4244 per
606 4193 776 4247 usque
818 4183 950 4235 adeo
981 4183 1159 4236 tenuia
1197 4191 1252 4238 et
1275 4183 1490 4238 subtilia
1519 4185 1749 4239 stamina
1788 4182 2048 4253 multipli-

476 4267 614 4324 citer
641 4271 850 4324 intensa
882 4272 1128 4328 sinuosas
1156 4273 1288 4328 telas
1315 4282 1603 4328 contexaut
1632 4273 1942 4344 (etquidem
1980 4287 2045 4328 ex

2139 3110 2253 3146 εσιν
2277 3092 2410 3164 (46),
2442 3093 2535 3145 κα).
2591 3092 2717 3155 τοὺς
2767 3091 2976 3160 λόγους,
3015 3091 3061 3142 εί
3100 3089 3324 3144 δύνασαι
3357 3089 3492 3159 (47),
3535 3089 3709 3160 παρά-

2141 3201 2354 3255 στησον.
2388 3182 2510 3246 Πῶς
2537 3183 2634 3254 μὲν
2655 3183 2827 3256 ὄρνισι
2851 3182 3052 3246 καλιαί,
3076 3181 3268 3253 πέτραι
3295 3198 3354 3233 τε
3380 3181 3472 3234 καὶ
3494 3180 3710 3250 δένδρα,

2142 3276 2235 3329 καί
2267 3275 2475 3346 ὅροφοι,
2518 3277 2596 3338 είς
2633 3274 2930 3345 ἀσφάλειάν
2969 3293 3026 3328 τε
3065 3273 3200 3345 ὁμοῦ
3255 3275 3349 3330 καὶ
3387 3273 3578 3336 κάλλος
3625 3273 3717 3338 ὲξ-

2141 3367 2475 3439 ησκημέναι,
2512 3368 2603 3421 καί
2630 3371 2742 3432 τοῖς
2779 3367 3126 3439 τρεφομένοις
3154 3366 3500 3437 ὲπιτηδείως;
3542 3365 3706 3418 Πόθετ

2140 3460 2198 3513 δὲ
2229 3460 2510 3531 μελίσσαις
2539 3478 2595 3514 τε
2627 3460 2721 3513 καί
2749 3460 3011 3530 ἀράχναις
3042 3458 3102 3510 τὸ
3134 3457 3388 3526 φιλεργὸν
3428 3457 3522 3510 καὶ
3564 3458 3717 3527 (pud-

2141 3567 2348 3621 τεχνον,
2377 3551 2464 3603 ἵνα
2509 3553 2630 3612 ταῖς
2678 3549 2775 3620 μὲν
2813 3549 2881 3602 τά
2924 3547 3090 3619 κηρία
3125 3549 3412 3618 πλέκηται,
3463 3548 3556 3600 καὶ
3589 3564 3714 3600 συνι-

2144 3641 2333 3710 έχηται
2359 3639 2425 3692 δι’
2463 3639 2744 3708 ἑξαγώνων
2779 3638 3050 3708 συρίγγων
3077 3639 3168 3691 καὶ
3195 3637 3584 3708 ἀντιστρόφων,
3619 3637 3714 3690 καὶ

2143 3731 2204 3784 τὸ
2229 3731 2437 3802 ἑδραῖον
2471 3730 2681 3793 αὐταῖς,
2715 3729 2802 3783 διὰ
2828 3729 2920 3782 τοῦ
2958 3729 3122 3799 μέσου
3160 3729 3591 3798 διατειχίσματος
3622 3727 3715 3782 καὶ

2145 3824 2382 3894 ἀλλαγῆς
2419 3823 2859 3894 ἐπιπλεκομένων
2904 3826 3023 3887 ταῖς
3060 3822 3291 3885 εὐθείαις
3337 3820 3444 3874 τῶν
3483 3819 3712 3889 γωνιῶν,

2147 3916 2620 3989 πραγματεύηται,
2672 3916 2767 3970 καὶ
2813 3915 2985 3969 ταῦτα
3025 3917 3082 3968 ὲν
3125 3914 3370 3985 ζοφεροῖς
3415 3912 3556 3966 οῦτω
3605 3914 3716 3974 τοῖς

2149 4009 2395 4080 σίμϐλοις
2423 4009 2518 4062 καὶ
2541 4007 2790 4080 ἀοράτοις
2812 4011 2923 4070 τοῖς
2945 4005 3256 4077 πλάσμασιν
3275 4004 3385 4074 (48)
3406 4018 3420 4033 °
3445 4005 3500 4057 αί
3527 4004 3581 4057 δὲ
3605 4002 3715 4073 (49)

2147 4099 2236 4153 διὰ
2266 4097 2477 4152 λεπτῶν
2521 4099 2662 4152 οὕτω
2715 4097 2808 4151 καὶ
2849 4097 3048 4168 ἀερίων
3095 4096 3278 4170 σχεδὸν
3324 4096 3432 4150 τῶν
3461 4095 3717 4166 νημάτων

2149 4188 2444 4252 πολυειδῶς
2480 4188 2914 4260 διατεταμένων,
2960 4186 3330 4250 πολυπλόκους
3375 4187 3499 4249 τοὺς
3539 4186 3718 4249 ἱστοὺς

2150 4279 2495 4350 ὲξυφαίνουσι
2523 4280 2632 4352 (50)
2671 4281 2786 4351 (καὶ
2813 4279 2986 4334 ταῦτα
3007 4279 3067 4345 ἐξ
3099 4280 3318 4350 ἀφανῶν
3348 4279 3454 4333 τῶν
3489 4277 3714 4350 ἀρχῶν),

480 4364 588 4410 tam
615 4359 825 4430 exiguis
844 4360 1031 4426 initiis,
1052 4370 1110 4416 ut
1128 4362 1210 4416 vix
1235 4362 1336 4414 ulla
1355 4361 1630 4416 oculorum
1649 4362 1766 4417 acie
1782 4363 2028 4432 pervider

2153 4369 2365 4440 οἴκησίν
2388 4387 2446 4423 τε
2471 4369 2607 4442 ὁμοῦ
2639 4371 2846 4442 τιμίαν,
2875 4372 2968 4426 καὶ
2996 4372 3165 4445 θήραν
3187 4371 3294 4424 τῶν
3317 4359 3554 4426 ἀσθενῶν
3582 4371 3719 4441 (51),

478 4451 729 4521 possint),
761 4467 879 4521 qua:
903 4453 1030 4520 ipsis
1055 4463 1109 4508 et
1133 4468 1231 4524 pro
1260 4455 1460 4509 eximio
1492 4455 1726 4525 quodam
1767 4454 2043 4509 domicilio

479 4541 605 4606 sint,
648 4551 704 4596 et
743 4545 1004 4599 venandis
1061 4545 1330 4602 alimonia:
1387 4561 1548 4602 causa
1607 4545 2048 4603 imbecillioribus

549 4723 594 4754 ⁸⁸
635 4721 734 4777 Job
768 4739 992 4792 xurtlt,
1017 4726 1105 4781 36.

552 4885 664 4962 (59)
713 4883 985 4962 Ῑρρνέφν-
1021 4888 1116 4962 9η·
1149 4889 1200 4962 1,
1237 4887 1486 4962 ὁργίθῳνο

554 4955 665 5025 (10)
705 4955 974 5032 Nereida.
1002 4959 1198 5032 _Schol.
1224 4976 1238 5013 :
1263 4955 1470 5032 Mat-(dt;
1511 4958 1799 5032 κυρίως,ή
1842 4960 1941 5030 τῆς
1970 4977 2056 5014 κιο

483 5027 653 5101 θάρας
685 5026 780 5101 καὶ
824 5026 926 5101 τῆς
954 5027 1121 5100 λύρας
1151 5033 1184 5100 ἠ
1220 5029 1319 5092 τὰς
1359 5028 1554 5101 νεύρας
1586 5026 1928 5098 βαστάζουσα
1963 5047 2057 5084 σα-

483 5094 599 5160 νίς·
636 5115 655 5148 ι
685 5094 910 5164 Proprie
947 5094 1034 5152 est
1064 5094 1354 5155 tabulatum
1387 5094 1608 5154 citharae
1650 5101 1734 5156 vel
1771 5101 2056 5156 testudinis

484 5166 718 5221 chordas
749 5168 1073 5222 sustinens.»

557 5236 669 5307 (41)
709 5235 996 5311 Μηδικάς,
1031 5237 1122 5311 Sit;
1160 5255 1296 5308 pavo
1346 5239 1662 5308 appellatur,
1702 5240 1843 5311 quod
1885 5255 1916 5298 e
1948 5239 2058 5296 Me-

487 5306 676 5361 dorum
707 5314 923 5374 regione
949 5307 1019 5361 sit
1049 5306 1264 5365 allatus.

559 5376 669 5447 (42)
713 5377 780 5447 Ἦ
825 5377 954 5443 ταῖς
987 5381 1272 5446 θηλείαις.
1313 5379 1409 5434 Hic
1441 5374 1666 5434 ‘videlttr
1701 5380 1905 5447 deesse,
1937 5383 2054 5435 ἐπι-

487 5443 797 5520 δείκιρυσθαι
828 5443 1104 5520 βούληται,
1133 5443 1426 5504 ειιιέἰηιίιε
1449 5452 1597 5520 quid.
1634 5448 1792 5506 Eutr.

561 5516 672 5586 (45)
712 5516 1018 5587 Θεατρίζὲὶ.
1062 5521 1152 5576 Sic
1181 5520 1343 5577 Coisl.
1398 5516 1583 5590 1,770r.
1619 5521 1672 5588 1,
1707 5532 1812 5578 etc.
1857 5521 1914 5578 in
1945 5520 2056 5588 ed.,

490 5583 814 5651 θεατρίζειν.

590 5603 814 5659 τριςειν.

588 5657 678 5726 M)
724 5659 868 5724 Τοῖς.
898 5659 1082 5723 Forte,
1107 5662 1246 5724 ταῖς.
1279 5660 1438 5718 Entr.

567 5708 680 5788 Πῦῖ
1523 5732 1788 5806 οὐρανῶν,
1821 5751 1838 5786 ι
1867 5733 1933 5790 ad
1961 5746 2066 5794 ((B-

2120 4495 2124 4499 -
2154 4461 2232 4524 είς
2257 4461 2462 4532 τροφῆς
2488 4460 2600 4532 (5‘2)
2635 4463 2958 4528 ἀπόλαυσινς
3001 4464 3158 4526 Ποῖος
3191 4463 3482 4533 Εὐκλείδης
3519 4463 3722 4532 ἐμιμή-

2157 4567 2286 4605 σατο
2333 4551 2524 4620 ταῦτα,
2579 4557 2864 4628 γραμμαῖς
2905 4553 3279 4631 ὲμφιλοσοφῶν
3317 4555 3436 4628 ταῖς
3485 4555 3583 4608 οὐκ
3631 4551 3721 4618 09-

2157 4887 2238 4943 ios
2253 4886 2560 4942 .tendentis.
2592 4905 2610 4938 ι

2230 4957 2342 5026 (46)
2384 4958 2663 5011 Σύνεσιν.
2695 4953 2828 5012 Tres
2852 4955 3030 5023 Culb.,
3061 4956 3221 5012 Coisl.
3257 4956 3282 5010 1
3331 4967 3384 5012 ct
3406 4955 3615 5019 C0mh.,
3644 4953 3725 5007 κί-

2157 5043 2330 5095 νητιν,
2369 5047 2390 5078 ι
2426 5039 2650 5083 motum.
2689 5045 2708 5078 ι

2373 5100 2441 5177 E_l
2460 5097 2756 5177 δύνασαι.
2785 5101 2941 5177 t_)cest
2964 5097 3013 5177 in
3037 5097 3278 5177 pluribus
3307 5098 3460 5153 codd.
3522 5165 3536 5177 _

2240 5164 2349 5238 (48)
2389 5167 2732 5236 Πνὶάσμασι.
2797 5164 3104 5236 Legendum
3167 5170 3410 5238 videtur,
3481 5164 3728 5233 πλέγμα-

2164 5237 2295 5308 σι,⁷ι
2333 5240 2494 5293 textis
2523 5238 2775 5292 calathis.
2816 5255 2836 5289 ι
2875 5238 3247 5294 Alveariorum
3287 5237 3430 5293 enim
3481 5241 3594 5292 haec
3646 5243 3730 5288 εει

2163 5309 2474 5376 descriptio.

2236 5375 2356 5454 (19)
2387 5381 2455 5454 all
2469 5376 2567 5454 δέ.
2601 5375 2694 5454 Qr.
2732 5378 2785 5441 1,
2812 5377 2861 5430 oi

2400 5449 2840 5523 ξΕξυφαζνουςι.
2881 5447 2974 5523 0r.
3012 5449 3063 5513 1,
3092 5447 3440 5523 ὲξυφαίνωσι.

2236 5510 2347 5592 (51)
2401 5510 2708 5574 Ἁὰθὲνῶν.
2749 5517 2880 5589 Reg.
2932 5510 3148 5582 ιιιιι,ἐι⁷
3179 5510 3272 5574 Or.
3313 5518 3362 5586 l,
3422 5510 3734 5572 ἀσθενεστέ-

2169 5611 2350 5731 ρωῖέὲ)
2395 5661 2641 5731 Τρυφῆς.
2699 5659 2756 5716 In
2800 5659 3140 5731 quibusdam,
3187 5659 3416 5738 τρυφῆς,
3457 5677 3475 5710 ι
3513 5651 3730 5712 delicia-

2167 5749 2309 5796 ιύιιι,
2347 5751 2364 5784 ι
