4038 6338
259 391 325 446 6|
1275 384 1542 443 ORATIO
1583 390 1822 448 XXVIII.
1860 422 1929 435 —-—
1969 392 2409 452 THEOLOGICA
2450 393 2515 450 ll.
3468 396 3538 452 62

266 523 389 568 aut;
442 501 581 573 (53),
616 501 711 557 καὶ
755 500 978 571 κάμνων
1017 500 1073 553 ὲν
1124 502 1245 564 ταῖς
1300 503 1669 571 ἀποδείξεσιν;
1704 508 1859 571 Τίνος

1966 511 2332 566 animantibus
2364 508 2700 563 inserviant?
2731 506 2927 576 Ecquis
2973 506 3217 561 Euclides
3242 507 3341 564 hoc
3370 511 3538 564 artiﬁ-

264 597 633 668 Παλαμήδους
672 593 784 665 (54)
821 591 1052 646 τακτικὰ
1082 593 1363 663 κινήματά
1394 612 1453 647 τε
1483 597 1579 650 καὶ
1604 600 1859 669 σχήματα

263 690 541 760 γεράνων,
578 686 654 747 ῶς
689 702 842 754 φασι,
870 684 966 737 καὶ
1012 682 1183 735 ταῦτα
1226 683 1566 755 παιδεύματα
1604 687 1861 757 κινουμέ-

266 802 374 835 νων
415 782 474 831 ὲν
526 778 701 843 τάξει,
753 775 846 829 καὶ
913 772 1053 845 μετὰ
1111 773 1361 843 ποικίλης
1411 775 1512 845 τῆς
1564 778 1857 847 πτήσεως;

266 876 424 929 Ποῖοι
460 870 690 931 Φειδίαι,
729 867 824 919 καὶ
858 865 1104 929 Ζεύξιδες
1151 864 1263 933 (55)
1290 905 1305 929 ,
1352 867 1448 920 καὶ
1496 868 1857 937 Πολύγνωτοι,

267 962 579 1035 Παρῤάσιοί
609 961 669 1011 τέ
700 975 847 1021 τινες
898 957 991 1011 καὶ
1036 956 1475 1025 Ἀγλαόφωντες,
1516 960 1687 1030 κάλλη
1739 961 1859 1032 μεθ’

183 1082 192 1092 ·
268 1053 583 1125 ὑπερϐολῆς
610 1051 845 1123 γράφειν
878 1048 972 1101 καὶ
1001 1046 1257 1101 πλάττειν
1283 1048 1513 1115 είδότες;
1544 1051 1639 1116 Τίς
1668 1051 1859 1106 Κνώσ-

268 1162 382 1208 me;
412 1142 527 1214 (56)
556 1140 815 1195 Δαιδάλου
845 1139 1004 1211 χορὸς
1025 1137 1361 1210 ἐναρμόνιος,
1385 1142 1571 1213 νύμφῃ
1606 1143 1860 1216 πονηθεὶς

265 1248 347 1307 εἰς
402 1243 639 1307 κάλλους
700 1239 1059 1311 περιουσίαν;
1116 1240 1150 1309 ἢ
1212 1234 1532 1307 λαϐύρινθος
1584 1234 1857 1306 Κρητικὸς

265 1335 606 1398 δυσδιέξοδος
656 1336 749 1387 καὶ
800 1333 1135 1398 δυσέλικτος,
1188 1331 1489 1402 ποιητικῶς
1534 1331 1728 1395 εἰπεῖν,
1763 1329 1858 1381 καὶ

267 1428 537 1489 πολλάκις
571 1426 682 1493 (57)
723 1426 981 1479 ἁπάντων
1030 1424 1209 1496 ἐαυτῷ
1250 1427 1365 1487 τοῖς
1403 1424 1501 1493 τῆς
1542 1422 1737 1491 τέχνης
1767 1438 1856 1473 σο-

268 1517 570 1586 ςίσμασιν;
603 1516 711 1569 Καὶ
742 1512 932 1567 σιωπῶ
967 1515 1273 1585 μυρμήκων
1303 1514 1506 1584 ταμεῑά
1533 1512 1644 1584 (58)
1673 1530 1732 1565 τε
1765 1512 1858 1565 καὶ

265 1605 497 1675 ταμίας,
550 1605 644 1659 καὶ
693 1603 1067 1675 θησαυρισμὸν
1111 1604 1319 1675 τροφῆς
1369 1603 1447 1675 τῷ
1494 1601 1673 1674 καιρῷ
1721 1602 1859 1672 σύμ-

271 1714 499 1769 μετρον,
523 1684 695 1751 τᾶλλα
720 1714 781 1749 τε
811 1697 910 1750 ὅσα
938 1696 1066 1766 περ).
1101 1696 1235 1752 ὁδῶν
1267 1695 1362 1750 καὶ
1392 1698 1522 1770 περ).
1554 1696 1664 1767 (59)
1695 1697 1858 1766 ἡγου-

272 1786 475 1856 μένων,
528 1786 624 1838 καὶ
668 1784 770 1856 τῆς
822 1788 881 1842 ἐν
918 1788 1030 1849 τοῖς
1078 1785 1261 1858 ἔργοις
1314 1785 1563 1850 εὐταξίας
1611 1785 1857 1857 ἔγνωμεν

270 1877 658 1949 ἱστορούμενα.

1962 603 2106 656 cium
2160 616 2396 670 unquam
2438 599 2703 653 imitando
2758 599 3045 667 expressit,
3096 599 3161 652 de
3215 598 3371 655 lineis
3412 615 3534 669 per-

1966 702 2207 747 tractans
2240 706 2510 760 nusquam
2542 690 2903 754 exstantibus,
2929 700 3089 757 atque
3118 692 3170 743 in
3200 690 3537 761 demonstra-

1962 783 2196 839 tionibus
2234 784 2398 836 anxio
2427 783 2613 837 labore
2640 782 2949 835 desudans?
2980 782 3175 851 Ecquis
3196 783 3532 848 Palamedes,

1961 876 2052 944 qui
2088 878 2249 930 etiam
2276 875 2414 929 aciei
2447 873 2782 929 instruenda:
2814 881 3004 935 artem,
3031 888 3092 927 ac
3116 884 3290 928 motus
3319 884 3370 929 et
3402 875 3534 945 ﬁgu-

1942 983 2067 1033 ras,
2096 967 2260 1021 nullis
2310 966 2430 1021 aliis
2468 964 2894 1036 praeceptoribus
2934 978 3092 1032 quam
3123 965 3365 1032 gruibus,
3406 981 3535 1020 usus

1959 1058 2213 1114 didicisse
2248 1058 2440 1125 fertur,
2477 1072 2598 1111 cum
2633 1054 2888 1110 videlicet
2926 1068 3019 1109 eas
3060 1055 3247 1108 ordine
3292 1071 3354 1109 ac
3396 1056 3535 1109 mul-

1960 1145 2122 1212 tiplici
2151 1146 2364 1200 volatus
2393 1159 2590 1214 genere
2626 1142 2829 1198 moveri
2865 1144 3273 1212 perspexisset?
3301 1144 3531 1211 Quinam

1959 1235 2181 1300 Phidiae,
2213 1245 2266 1290 et
2299 1235 2586 1301 Zeuxides,
2622 1241 2676 1289 et.
2716 1234 3014 1304 Polygnoti,
3064 1232 3334 1288 Parrhasii
3367 1236 3531 1289 etiam

1960 1338 2015 1384 et
2072 1328 2501 1399 AglaOphontes,
2540 1328 2632 1399 qui
2690 1326 2992 1382 incredibili
3046 1328 3273 1394 quadam
3320 1328 3534 1395 elegan-

1961 1421 2091 1474 tium
2122 1419 2419 1475 formarum
2467 1419 2858 1489 pingendarum
2906 1426 2958 1473 ct
2992 1417 3403 1485 sculpendarum
3440 1431 3534 1485 pe-

1960 1512 2081 1565 ritia
2107 1510 2457 1565 claruerunt?
2507 1510 2641 1577 Quis
2669 1509 2933 1566 Gnossius
2970 1507 3133 1579 516
3182 1506 3379 1561 Daedali
3406 1509 3531 1562 cho-

1958 1617 2051 1655 rus
2092 1603 2157 1655 ad
2198 1602 2434 1657 musicos
2474 1616 2727 1656 numeros
2781 1614 2900 1656 sese
2955 1614 3200 1664 movens,
3235 1600 3288 1653 in
3342 1597 3532 1666 puellae

1959 1692 2189 1762 gratiam
2226 1692 2292 1745 ad
2341 1707 2559 1747 omnem
2591 1691 2726 1747 artis
2759 1690 3220 1762 pulchritudinem
3258 1690 3536 1745 confectus

1960 1794 2014 1839 et
2051 1784 2361 1855 expolitus?
2390 1784 2521 1851 Quis
2562 1784 2839 1840 Cretensis
2865 1783 3226 1854 labyrinthus,
3258 1792 3316 1837 ut
3353 1792 3536 1852 poeta-

1887 1867 1931 1921 Β
1961 1893 2077 1932 rum
2113 1892 2264 1932 more
2304 1877 2514 1945 loquar,
2552 1876 2792 1931 diiliciles
2833 1878 3011 1932 exitus
3052 1884 3106 1929 et
3152 1875 3407 1944 ambages
3448 1875 3537 1929 ha-

268 1970 427 2035 bens,
492 1970 894 2040 identidemque
952 1971 1008 2026 in
1075 1984 1198 2027 sese
1231 1986 1328 2040 per
1350 1972 1486 2027 artis
1548 1970 1871 2027 industriam
1904 1972 2230 2027 incurrens?
2277 1972 2452 2027 Taceo
2519 1970 2865 2027 formicarum
2926 1970 3185 2041 penuaria
3243 1984 3537 2038 eorumque

270 2062 559 2125 custodes,
589 2071 644 2113 et
708 2060 954 2117 alimenti
1024 2060 1412 2131 aggestionem,
1474 2062 1704 2132 tempori
1738 2063 2177 2133 respondentem,
2213 2077 2277 2119 ac
2303 2071 2494 2117 caetera
2523 2076 2588 2117 ea
2640 2076 2779 2131 quae,
2802 2062 2949 2116 etde
3002 2075 3187 2116 earum
3221 2060 3322 2115 viis
3350 2074 3411 2114 ac
3438 2059 3538 2113 du-

341 2244 491 2308 KG’.
522 2244 587 2296 El
608 2242 814 2296 τούτων
846 2242 1067 2313 ἐφικτδς
1105 2245 1133 2297 ὁ
1165 2242 1326 2312 λόγος
1355 2256 1458 2307 σοι,
1489 2246 1585 2299 καὶ
1614 2244 1714 2315 τὴν
1736 2244 1865 2316 περὶ

267 2332 449 2386 ταῦτα
478 2332 694 2386 σύνεσιν
734 2332 927 2402 ἔγνως,
974 2333 1171 2403 σκέψαι
1220 2336 1314 2387 καὶ
1360 2335 1544 2404 φυτῶν
1576 2336 1862 2408 διαφορὰς,

174 2158 185 2163 ’
268 2152 447 2214 cibus,
500 2160 555 2206 et
590 2166 657 2207 eo
701 2152 910 2219 ordine,
977 2168 1139 2221 quem
1202 2154 1254 2208 in
1306 2154 1562 2225 operibus
1608 2166 1851 2221 servant,
1892 2156 2241 2211 historiarum
2264 2156 2626 2211 monumentis
2653 2154 2967 2224 consignata
3010 2165 3155 2209 sunt.

2031 2244 2221 2301 XXVI.
2263 2245 2416 2312 Quod
2458 2245 2503 2300 si
2568 2245 2762 2299 horum
2804 2244 3044 2299 omnium
3095 2244 3333 2299 rationes
3390 2258 3537 2299 asse-

1961 2338 2172 2408 queris,
2219 2353 2284 2392 ac
2324 2335 2666 2407 prudentiam
2712 2349 2853 2399 eam,
2885 2349 2991 2403 qua
3020 2334 3406 2402 gubernantur,
3442 2350 3535 2388 co-

273 2424 437 2496 μέχρι
470 2424 691 2495 καὶτῆς
736 2425 794 2476 ὲν
833 2423 1050 2493 φύλλοις
1100 2424 1462 2495 φιλοτεχνίας,
1498 2424 1636 2497 πρὸς
1667 2426 1726 2480 τὸ
1749 2428 1861 2497 ἥδι-

1961 2429 2169 2499 gnitam
2221 2436 2274 2483 et
2327 2426 2660 2496 exploratam
2695 2425 2885 2490 habes,
2934 2424 3122 2480 confer
3150 2425 3261 2493 jam
3299 2428 3535 2480 animum

275 2515 402 2568 στόν
432 2530 497 2566 τε
520 2512 637 2583 ἅμα
665 2515 786 2576 ταῖς
827 2512 1004 2581 ὄψεσι,
1040 2514 1134 2566 καὶ
1162 2516 1275 2578 τοῖς
1305 2518 1542 2586 καρποῖς
1578 2515 1864 2586 χρησιμώ-

268 2622 452 2661 τατον.
485 2603 692 2675 Σκέψαι
741 2621 834 2674 μοι
880 2605 975 2658 καὶ
1008 2604 1236 2677 καρπῶν
1272 2607 1546 2662 ποικιλίαν
1577 2608 1670 2660 καὶ
1704 2608 1865 2676 ἀφθο-

268 2703 413 2765 νίαν,
452 2702 550 2757 καὶ
578 2701 815 2772 μάλιστα
848 2699 959 2756 τῶν
988 2702 1432 2770 ἀναγκαιοτάτων
1466 2704 1527 2758 τὸ
1556 2704 1859 2759 κάλλιστον.

270 2796 383 2849 Καὶ
418 2794 619 2866 σκέψαι
650 2812 740 2866 μοι
776 2796 873 2851 καὶ
901 2794 1160 2866 δυνάμεις
1186 2796 1371 2866 ῥιζῶν,
1408 2798 1501 2851 καὶ
1535 2797 1744 2868 χυμῶν,
1768 2797 1863 2851 καὶ

270 2882 501 2944 ἀνθέων.
551 2884 644 2937 καὶ
688 2883 889 2954 ὀδμῶν,
937 2884 1036 2951 οὐχ
1083 2882 1314 2953 ἡδίστων
1361 2886 1547 2956 μόνον,
1590 2885 1729 2940 ἀλλὰ
1769 2886 1862 2940 καὶ

270 2976 412 3048 πρὸς
464 2976 678 3044 ὑγίειαν
723 2974 1070 3046 ἐπιτηδείων,
1119 2978 1219 3030 καὶ
1275 2977 1582 3047 χρωμάτων
1632 2979 1861 3050 χάριτας

269 3066 366 3119 καὶ
400 3066 713 3138 ποιότητας,
759 3065 839 3118 ἔτι
877 3065 934 3118 δὲ
984 3065 1147 3119 λίθων
1197 3066 1543 3132 πολυτελείας
1581 3070 1675 3122 καὶ
1707 3069 1857 3121 διαυ-

268 3158 457 3225 γείας·
496 3135 684 3228 ἐπειδή
724 3174 805 3211 σοι
842 3158 1018 3211 πάντα
1049 3157 1378 3229 προῦθηκεν,
1414 3160 1602 3231 ὥσπερ
1637 3162 1694 3214 ἐν
1717 3177 1854 3214 παν·
1882 3135 1929 3196 c

268 3247 456 3318 δαισίᾳ
488 3251 662 3318 κοινῇ,
694 3249 793 3302 ὅσα
827 3266 886 3301 τε
934 3251 1204 3319 ἀναγκαῖα
1255 3252 1348 3303 καὶ
1388 3252 1485 3305 ὅσα
1536 3253 1671 3321 πρὸς
1713 3252 1850 3305 άπό-

270 3341 488 3402 λαυσιν,
519 3342 552 3410 ἡ
586 3340 746 3406 φύσις
766 3358 780 3374 ο
819 3342 907 3407 ἵν’,
941 3343 989 3394 εἰ
1020 3346 1092 3415 μή
1116 3362 1168 3396 τι
1194 3343 1341 3409 ἄλλο,
1378 3344 1438 3409 ἐξ
1461 3337 1536 3396 ὧν
1566 3345 1849 3416 εύεργετῇ,

271 3433 552 3504 γνωρίσῃς
589 3432 739 3498 Θεὸν,
767 3433 964 3504 καὶτῷ
998 3435 1225 3499 δεῖσθαι,
1268 3436 1399 3508 γένῃ
1438 3434 1663 3488 σεαυτοῦ
1724 3454 1851 3491 συν·

271 3524 565 3595 ετὼτερος.
596 3523 871 3577 Ἐντεῦθεν
887 3525 1077 3579 ἔπελθέ
1110 3545 1199 3599 μοι
1231 3529 1332 3598 γῆς
1360 3528 1534 3599 πλάτη
1568 3528 1662 3582 καὶ
1686 3529 1877 3599 μήκη,

271 3620 372 3689 τῆς
412 3617 599 3686 κοινῆς
632 3617 849 3671 πάντων
881 3619 1108 3690 μητρὸς,
1145 3621 1239 3674 καὶ
1264 3620 1496 3683 κόλπους
1518 3621 1855 3687 θαλαττίους,

272 3708 526 3779 ἀλλήλοις
546 3726 605 3763 τε
639 3710 733 3761 καὶ
756 3713 822 3781 τῇ
859 3714 928 3781 γῇ
958 3712 1371 3782 συνδεδεμένους
1406 3712 1541 3784 (60),
1567 3714 1659 3767 καὶ
1680 3713 1858 3767 ἀλσῶν

272 3801 471 3871 κάλλη,
522 3802 617 3854 καὶ
657 3805 957 3872 ποταμοὺς,
1011 3804 1105 3857 καὶ
1148 3803 1332 3874 πηγὰς
1372 3805 1614 3873 δαψιλεῖς
1648 3824 1710 3858 τε
1763 3807 1857 3864 καὶ

271 3892 559 3956 ἀεννάους,
607 3894 667 3946 ού
721 3894 878 3964 μόνον
922 3894 1146 3965 ψυχρῶν
1200 3896 1294 3947 καὶ
1339 3895 1585 3965 ποτίμων
1624 3896 1851 3962 ὑδάτων,

272 3987 371 4040 καὶ
398 3986 506 4040 τῶν
537 3985 678 4059 ὑπὲρ
699 3987 803 4056 γῆς
836 3986 969 4059 (Gl),
1005 3986 1140 4039 ἀλλὰ
1175 3988 1268 4039 καὶ
1291 3985 1412 4038 ὅσαι
1436 3986 1541 4039 ὑπὸ
1563 3989 1666 4054 γῆν
1702 3987 1856 4057 ῥέου-

275 4095 388 4142 σαι,
422 4078 521 4132 καὶ
566 4078 848 4148 σήραγγάς
877 4077 987 4149 (62)
1013 4095 1165 4141 τινας
1195 4078 1604 4149 ὑποτρέχουσαι,
1640 4074 1735 4131 εἶτ’
1779 4078 1860 4144 EE-

269 4166 585 4240 ωοούμεναι
634 4168 793 4239 βιαίῳ
824 4168 902 4241 τῷ
935 4168 1204 4240 πνεύματι
1235 4169 1332 4223 καὶ
1374 4169 1856 4241 ἀντιτυπούμεναι,

343 4371 457 4441 (55)
495 4370 867 4440 Γραμμαῖς...
901 4372 1012 4425 οὐκ
1038 4371 1270 4439 οὔσαις.
1325 4390 1343 4422 ι
1378 4370 1559 4427 Lineis
1585 4387 1848 4441 nusquam

271 4442 613 4513 exstantibus
653 4455 668 4494 :
710 4443 792 4494 vel
823 4442 985 4513 quod,
1026 4460 1046 4493 ι
1085 4442 1260 4513 inquit
1300 4442 1463 4501 Elias.
1506 4444 1621 4513 sin
1683 4443 1847 4497 animi

272 4511 709 4566 consideratione
738 4526 842 4565 non
871 4512 1131 4573 haereant.
1159 4511 1468 4581 postquam,
1498 4511 1686 4569 earnm
1719 4528 1852 4581 qua-

271 4584 317 4637 si
352 4581 643 4636 simulacra
680 4581 1028 4646 evanuerint;
1060 4582 1141 4635 vel
1175 4581 1338 4648 quod,
1384 4601 1402 4635 ι
1442 4585 1592 4636 addit
1624 4581 1811 4637 Dillius
1836 4621 1851 4647 ,

278 4671 297 4705 ι
341 4652 516 4707 oculis
547 4651 694 4705 cerni
726 4661 1017 4719 nequeant.
1062 4671 1081 4704 ι
1113 4650 1305 4719 Quidni
1350 4653 1543 4719 potius.
1574 4652 1852 4714 addemus,

271 4724 413 4791 quod
471 4736 579 4777 non
619 4721 931 4792 exstentqin
966 4736 1146 4792 rerum
1184 4734 1408 4787 natura;
1454 4722 1650 4792 quippe
1679 4738 1799 4791 quze
1824 4737 1856 4776 a

275 4790 678 4847 mathematicis
704 4790 817 4845 sola
851 4790 1204 4859 longitudinis
1230 4790 1563 4846 dimensione
1610 4793 1857 4846 conside-

273 4872 481 4928 rantur,
511 4862 662 4915 nulla
694 4862 879 4915 habita
906 4862 1119 4917 ratione
1149 4861 1452 4918 latitudinis
1490 4873 1544 4917 et
1578 4861 1857 4932 profundi-

274 4934 417 4988 tatis.

340 5002 454 5073 (54)
495 5001 921 5070 Παλαμήδους.
986 4999 1201 5057 Primus
1262 5000 1575 5057 Palamedes
1650 5002 1852 5067 fertur,

272 5088 461 5143 gruum
524 5073 857 5141 compositos
889 5080 1068 5125 motus
1111 5073 1467 5143 observando,
1517 5074 1731 5142 liguras.
1772 5088 1858 5127 sev

272 5145 504 5197 cundum
535 5156 673 5211 quas
716 5143 1057 5195 instruuntur
1084 5143 1250 5204 acies,
1288 5142 1577 5197 invenisse.
1612 5144 1750 5211 Quid
1791 5144 1856 5197 de

272 5214 494 5282 gruibus
525 5210 746 5279 scripsit
773 5210 1002 5277 Plinius,
1024 5211 1150 5282 lege
1171 5211 1262 5266 lib.
1302 5227 1353 5275 x,
1382 5226 1430 5282 c_.
1471 5212 1561 5267 24.

340 5282 454 5354 (55)
496 5282 744 5354 Φειδίᾳι,
773 5282 871 5335 καὶ
888 5279 1189 5354 Ζεύξιδες,
1213 5292 1369 5354 _elc._¢
1395 5279 1615 5354 Phidias
1645 5302 1664 5334 ι
1696 5281 1857 5354 Athe-

275 5350 506 5415 niensis,
527 5352 722 5406 nobilis
738 5353 1055 5416 statuarius,
1090 5354 1179 5421 qui
1210 5352 1263 5406 in
1292 5350 1452 5422 ebore
1474 5353 1760 5422 scalpendo
1788 5352 1858 5406 cio

274 5431 353 5475 tra
393 5422 648 5477 aemulum
679 5422 897 5477 claruit.
944 5441 964 5474 ι
1000 5420 1198 5477 Zeuxis
1243 5440 1261 5474 ι
1311 5420 1654 5475 Heracleotes
1685 5423 1859 5491 pictor

274 5508 367 5546 sua
396 5503 557 5548 aetate
582 5493 870 5547 maximus.
915 5511 933 5545 (
963 5492 1309 5563 Polygnotus,
1332 5510 1363 5563 Α»
1403 5493 1575 5559 patria
1602 5492 1849 5563 Thasius,

273 5571 328 5615 et
357 5565 553 5631 pictor,
598 5564 946 5631 nonagesima
980 5560 1296 5632 Olympiade
1324 5560 1523 5616 ﬂoruit.
1555 5581 1572 5612 ι
1611 5562 1852 5616 Parrba-

276 5632 411 5693 sius,
452 5652 472 5685 ι
509 5634 685 5700 pictor
708 5632 955 5703 insignis,
982 5634 1072 5702 qui
1102 5634 1307 5702 primus
1333 5632 1645 5703 synietriam
1682 5633 1859 5703 pictu-

285 5716 355 5755 rae
393 5703 571 5773 dedit.
595 5720 625 5773 _r
668 5701 980 5773 Aglaophon
1000 5701 1031 5756 ί»
1071 5701 1246 5773 pictor
1274 5701 1671 5767 nobilissimus,
1708 5701 1859 5769 cujus

281 5772 522 5825 meminit
550 5769 753 5826 Plinius
788 5772 825 5826 Ι.
840 5769 1025 5838 ἰκχν,
1052 5769 1103 5827 (Ξ.
1130 5772 1183 5827 9.

347 5840 459 5914 (56)
499 5840 837 5912 Κνώσσιος,
871 5853 973 5902 etc.
1016 5863 1035 5899 ι
1073 5842 1314 5903 Gnossus
1348 5861 1367 5899 ι
1410 5845 1536 5903 urbs
1552 5843 1723 5901 Cretae
1748 5842 1855 5900 cla-
1958 5904 1977 5917 __

1961 2519 2030 2574 ad
2064 2518 2218 2572 varia
2252 2517 2503 2586 stirpium
2537 2530 2760 2586 genera,
2787 2516 3187 2585 artiﬁciumque
3213 2516 3372 2570 etiam
3409 2516 3535 2570 illud

1962 2610 2229 2681 expende,
2262 2609 2405 2679 quod
2437 2608 2582 2663 foliis
2616 2608 2748 2677 ipsis
2787 2607 2951 2671 inest,
2995 2607 3261 2678 simulque
3284 2618 3337 2661 et
3366 2608 3539 2661 maxi-

1958 2717 2101 2758 mam
2166 2700 2339 2757 oculis
2408 2700 2753 2771 voluptatem,
2821 2706 2875 2754 et
2934 2698 3195 2753 fructibus
3253 2698 3537 2752 utilitatem

1958 2794 2134 2851 ail‘ert.
2175 2794 2493 2859 Considera,
2548 2807 2751 2863 quaeso,
2789 2802 2843 2847 et
2903 2791 3170 2845 fructuum
3211 2792 3535 2844 varietatem

1957 2898 2011 2945 et
2056 2889 2386 2944 uberrimam
2431 2888 2666 2956 coniam,
2706 2899 2770 2940 ac
2823 2883 3126 2955 praesertim
3161 2898 3373 2948 eorum,
3419 2897 3538 2951 qua:

1956 2982 2020 3036 ad
2054 2982 2220 3035 vitam
2245 2981 2540 3051 degendam
2569 2979 2801 3051 maxime
2838 2976 3147 3032 necessaria
3192 2985 3338 3039 sunt,
3376 2990 3525 3029 sum-

1957 3086 2102 3127 mam
2161 3045 2889 3147 pulchritudinem/Cogita
2956 3066 3117 3119 etiam
3180 3064 3440 3133 stirpium
3484 3074 3539 3119 et

1960 3179 2267 3229 succorum,
2326 3170 2382 3219 et
2438 3162 2630 3218 ﬂorum
2694 3171 2857 3231 atque
2909 3161 3159 3224 odorum,
3209 3172 3314 3213 non
3374 3156 3539 3213 modo

1959 3257 2429 3321 suavissimorum,
2458 3268 2644 3309 verum
2668 3253 2829 3308 etiam
2867 3254 2934 3306 ad
2964 3250 3208 3320 corporis
3248 3250 3534 3305 sanitatem

1960 3349 2387 3420 aptissi‘morum,
2447 3346 2593 3401 vires
2648 3357 2704 3400 et
2744 3343 3045 3407 facultates,
3102 3341 3339 3397 colorum
3372 3342 3535 3394 etiam

1958 3440 2279 3509 elegantiam
2309 3447 2365 3491 et
2389 3437 2701 3507 qualitates,
2734 3444 2897 3504 atque
2932 3435 3155 3501 insuper
3195 3447 3529 3502 gemmarum
3610 3472 3611 3475 η

1958 3530 2155 3586 eximia
2187 3529 2358 3599 pretia
2386 3536 2441 3585 et
2469 3527 2815 3597 splendores;
2855 3524 3289 3596 quandoquidem
3324 3522 3533 3590 omnia,

1960 3633 2066 3679 tam
2102 3639 2222 3692 quae
2257 3624 2325 3677 ad
2355 3621 2693 3678 necessarios
2731 3619 2854 3674 vitae
2901 3634 3051 3681 usus,
3090 3632 3253 3687 quam
3304 3630 3424 3685 quas
3456 3615 3525 3669 ad

1956 3715 2175 3771 delicias
2225 3722 2490 3785 spectant,
2538 3704 2683 3767 velut
2730 3712 2784 3765 in
2825 3708 3094 3766 communi
3146 3707 3397 3763 convivio
3431 3722 3530 3761 na-

1961 3816 2079 3862 tura
2111 3807 2428 3877 proposuit;
2466 3815 2544 3870 ut,
2577 3805 2621 3860 si
2669 3805 2802 3859 nihil
2842 3803 3008 3869 aliud,
3054 3815 3117 3856 ex
3163 3801 3293 3898 ἰιςίε
3334 3800 3530 3855 saltem

1964 3900 2244 3956 beneﬂciis
2277 3901 2443 3954 Deum
2473 3912 2789 3968 cognoscas,
2826 3907 2988 3963 atque
3021 3896 3089 3949 ob
3116 3893 3394 3968 penuriam
3427 3906 3532 3962 qua

1961 3994 2199 4058 laboras,
2269 3992 2439 4062 teipso
2499 3965 2818 4061 prudentior
2875 3965 3341 4081 eﬂiciaris/ilinc
3404 3983 3535 4039 mihi

1964 4084 2148 4151 facito,
2184 4094 2245 4138 ut
2274 4094 2431 4139 teme
2461 4082 2763 4138 communis
2796 4081 3038 4135 omnium
3070 4076 3306 4150 parentis
3352 4076 3537 4132 latitu-

1966 4173 2145 4228 dinem
2185 4171 2686 4242 longitudinemque
2730 4185 3037 4242 percurras,
3079 4178 3135 4225 et
3166 4168 3333 4223 maris
3361 4167 3535 4235 sinus,

1958 4374 2193 4440 rissima,
2237 4376 2431 4431 Minois
2465 4375 2632 4445 regia,
2663 4375 2789 4428 olim
2832 4391 2851 4425 ι
2892 4372 3122 4445 geratus
3156 4389 3174 4422 ι
3208 4367 3468 4445 appellata
3504 4382 3534 4421 a

1957 4445 2135 4500 vicino
2158 4446 2399 4514 ejusdem
2430 4440 2662 4500 noniinis
2695 4445 2874 4498 ﬂuvio.
2909 4442 2981 4514 Ea
3008 4440 3117 4514 fuit
3145 4441 3284 4514 apud
3324 4447 3538 4514 veteres

1959 4516 2024 4570 de
2053 4506 2265 4571 Daedalo
2296 4518 2503 4584 opinio,
2543 4515 2684 4581 quod
2715 4515 2910 4584 statuis
2928 4510 3303 4584 it_nmob_i_libu_s
3348 4506 3537 4562 oculos

1959 4584 2253 4648 induxerit,
2308 4579 2772 4654 atque'etljecerit,
2819 4581 3012 4637 abditis
3058 4579 3372 4654 quibusdam
3413 4591 3540 4631 ner-

1956 4654 2062 4717 vis,
2103 4664 2162 4708 ut
2209 4644 2315 4730 huc
2346 4644 2507 4730 aique
2552 4644 2686 4730 iilu_c_
2722 4644 3090 4730 moverentur,
3127 4650 3261 4730 adet}
3292 4647 3538 4730 scite,"ut

1958 4716 2329 4797 spectantibus
2378 4716 2559 4779 vivere
2585 4720 3093 4797 _viderentur._Vide
3123 4719 3417 4797 Diodorum
3451 4716 3539 4797 Si-

1957 4788 2137 4848 culum
2175 4794 2268 4851 lib.
2314 4810 2367 4859 v,
2420 4802 2528 4850 etc.
2584 4794 2727 4848 idem
2782 4791 3027 4846 Da-dalus
3069 4788 3429 4858 labyrinthum
3459 4788 3536 4859 _in

1959 4862 2121 4918 Creta
2150 4855 2474 4930 construxit,
2502 4864 2782 4930 multiplici
2813 4864 3059 4915 intricata
3084 4855 3292 4913 viarum
3326 4855 3537 4930 perple-

1960 4934 2131 4989 xitate
2160 4924 2578 4991 irremeabilem.
2622 4924 2753 4991 Vide
2792 4932 2980 5003 Virgil.
3023 4930 3156 4985 λΕη.
3192 4944 3245 4993 v,
3280 4924 3337 4982 et
3376 4924 3532 4983 Ovid.

1960 5002 2182 5056 Metam.
2212 5021 2326 5056 vm.
3159 5054 3161 5056 ,

2021 5013 2182 5059 etum.
2212 5021 2326 5062 νιιι.
3158 5054 3161 5057 λ

2029 5074 2142 5144 (57)
2181 5076 2291 5129 Καὶ
2324 5077 2643 5143 πολλάκις,
2672 5084 2778 5129 etc.
2821 5091 2840 5124 ι
2874 5072 3048 5142 Atque
3074 5067 3365 5124 artiﬁciosa
3388 5065 3531 5122 frau-

1961 5143 2026 5198 de
2056 5147 2325 5200 multoties
2354 5146 2753 5212 reciprocatu‘s?
2786 5163 2805 5196 ι

2051 5214 2141 5285 58)
2186 5216 2416 5285 Ταμεῖα.
2450 5215 2715 5280 Combel‘.,
2741 5214 2982 5285 ταμιεῖα.

2056 5278 2142 5355 59)
2183 5278 2344 5355 ιιερι.
2376 5288 2533 5339 Deest
2561 5288 2611 5339 in
2643 5278 3018 5355 tribusiColbu
3052 5288 3105 5355 e_t
3132 5279 3231 5355 Or._
3256 5278 3306 5333 1.

2030 5288 2120 5355 (59
2183 5288 2344 5355 Περι.
2376 5288 2533 5339 Deest
2561 5288 2611 5339 in
2643 5288 2814 5339 tribus
2843 5288 3018 5343 Colb.,
3052 5288 3105 5335 et
3132 5288 3225 5335 Ur.
3256 5288 3306 5333 1.

2030 5288 2142 5425 (60)
2178 5355 2675 5425 Συνὸεδεμένους.
2707 5355 2797 5410 Sic
2818 5354 2948 5424 lteg.
2987 5368 3036 5408 a.
3071 5351 3130 5404 ln
3169 5352 3279 5413 ed.,
3313 5349 3527 5401 συνδεο-

2032 5441 2176 5488 νους.

1962 5424 2293 5565 μέἷὲἵῗ’Καὶ
2326 5490 2448 5565 τῶν
2469 5488 2619 5559 ὑπὲρ
2641 5490 2773 5560 γῆς,
2800 5499 2957 5565 etc.__¢
2989 5486 3532 5565 Qumqttesupernler-

1960 5555 2098 5631 rant,
2123 5555 2183 5620 et
2219 5580 2342 5634 qua:
2371 5562 2559 5634 subtus
2579 5555 2810 5616 terram.
2849 5578 2869 5611 ι
2898 5558 3059 5612 Forte
3100 5556 3368 5634 significat
3399 5555 3540 5634 Grca

1961 5625 2142 5705 gorius
2172 5625 2339 5705 aquas
2376 5633 2598 5705 calidas,
2639 5640 2693 5685 et
2721 5645 2814 5686 eas
2842 5644 2960 5700 qua:
2981 5642 3046 5683 ex
3082 5625 3313 5681 metallis
3356 5625 3532 5682 medi-

1960 5702 2234 5761 caminum
2258 5703 2365 5757 vim
2395 5702 2672 5757 hauriunt.

2036 5775 2149 5849 (62)
2191 5773 2525 5846 Σήραγγας.
2562 5773 2618 5828 ln
2646 5768 2986 5841 quibusdam,
3014 5765 3293 5838 σύριγγας.
