4038 6338
456 337 528 396 65
1632 341 1693 398 8.
1733 340 2063 399 GREGORII
2104 341 2451 401 THEOLOGI
3651 338 3735 395 64

455 456 573 505 tum
604 457 791 505 mutuo
830 464 991 516 nexu,
1026 458 1136 504 tum
1170 447 1335 505 etiam
1382 465 1505 506 cum
1544 461 1688 508 terra
1717 455 1862 510 velut
1910 455 2032 511 vin-

2160 449 2231 509 ἴτ’
2262 453 2670 526 ὲκπυρούμεναι
2720 453 2799 526 τῷ
2852 454 3067 527 σφοδρῷ
3109 450 3208 525 τῆς
3246 452 3421 523 πάλης
3470 453 3563 506 καὶ
3617 454 3735 523 τῆς

458 541 595 597 culis
621 540 938 611 quibusdam
968 541 1315 609 constrictos,
1341 552 1398 598 et
1424 558 1705 599 nemorum
1734 546 2033 614 pulchritu-

2159 546 2480 610 ιντιθέσεως,
2512 547 2617 617 ὅπη
2652 546 2909 617 παρείκοι
2940 546 3080 601 κατὰ
3114 545 3306 617 μικρὸν
3336 545 3735 615 ἅναρῤήγνυν-

459 631 634 696 dines,
681 640 736 686 et
779 630 991 698 ﬂuvios,
1048 639 1107 686 et
1154 629 1332 687 fontes
1386 630 1577 688 uberes
1613 648 1680 689 ac
1736 649 2027 704 perennes,

2159 655 2245 703 ται,
2279 638 2374 691 καὶ
2404 638 2498 709 τὴν
2541 638 2652 691 τῶν
2698 638 2916 709 θερμῶν
2967 638 3207 709 λουτρῶν
3241 637 3429 709 χρείαν
3462 635 3733 690 ἐντεῦθεν

461 739 568 779 non
602 722 759 778 modo
786 723 1084 791 gelidarum
1117 731 1172 778 et
1196 723 1510 793 potabilium
1547 739 1836 796 aquarum,
1879 743 2034 797 qua:-

2159 733 2265 800 ιμίν
2316 731 2646 801 χαρίζονται,
2691 728 2958 800 πολλαχοῦ
3006 729 3104 799 τῆς
3153 730 3275 799 γῆς,
3321 727 3414 780 καὶ
3451 726 3593 795 μετὰ
3620 725 3736 796 τῆς

461 829 566 883 que
588 815 640 867 iu
670 824 812 867 terra
840 822 985 880 sunt,
1021 815 1116 869 sed
1140 830 1331 870 earum
1375 816 1565 881 etiam,
1597 832 1716 886 qua:
1740 818 1879 874 infra
1920 829 2035 875 ter-

2159 821 2383 885 ηναντίας
2413 823 2526 889 (63)
2558 822 2857 892 δυνάμεως,
2896 821 3138 891 ἰατρείαν
3165 818 3394 889 ἄμισθον
3429 819 3522 871 καὶ
3557 817 3737 872 αὐτό-

462 920 577 961 ram
638 904 887 970 ﬂuentes,
936 914 992 962 et
1044 921 1240 976 specus
1287 908 1548 978 quosdam
1597 910 1911 977 subeuntes,
1970 927 2035 967 ac

462 995 656 1051 deinde
689 995 923 1050 violento
955 996 1136 1065 aliquo
1176 995 1305 1051 ﬂatu
1350 995 1593 1067 impulsae
1634 1007 1798 1067 atque
1850 1014 2035 1068 reper-

462 1099 656 1150 cussae,
712 1100 899 1155 p05tea
951 1101 1050 1157 per
1088 1086 1367 1144 conﬂictus
1403 1086 1629 1157 latjusce
1670 1098 1836 1159 atque
1882 1092 2038 1146 oblu-

462 1175 714 1231 ctationis
773 1177 1166 1233 vehementiam
1224 1178 1600 1244 inﬂammatae,
1658 1195 1874 1249 quaqua
1927 1182 2039 1238 fors

2138 929 2324 982 ματον.
2356 913 2490 965 Εἰπὲ
2515 913 2632 976 πῶς
2655 914 2748 966 καὶ
2772 911 2935 965 πόθεν
2963 910 3134 964 ταῦτα
3160 930 3174 976 ;
3205 911 3268 964 Τί
3288 910 3349 962 τὸ
3384 909 3525 980 μέγα
3555 909 3735 962 τοῦτο

2136 1007 2231 1057 καὶ
2264 1005 2484 1075 ἄτεχνον
2516 1004 2626 1075 (64)
2662 1004 2930 1074 ὖφασμας
2963 1003 3075 1074 Οὐχ
3118 998 3281 1073 ἦττον
3324 1000 3583 1055 ἐπαινετὰ
3619 999 3736 1069 τῆς

2138 1094 2274 1164 πρὸς
2303 1094 2505 1163 ἄλληλα
2548 1096 2788 1165 σχέσεως
2826 1093 2961 1163 (65),
2995 1092 3027 1163 ἢ
3066 1092 3187 1146 καθ’
3221 1091 3449 1147 ἕκαστον
3477 1089 3733 1162 θεωρού-

2142 1202 2295 1255 μενα.
2329 1184 2453 1248 Πῶς
2485 1187 2559 1257 γῆ
2594 1186 2691 1256 μὲν
2728 1186 2927 1255 ἕστηκε
2978 1184 3151 1251 παγία
3197 1184 3291 1236 καὶ
3335 1182 3596 1251 ἁκλινής;
3629 1180 3737 1233 ἐπὶ

2138 1277 2280 1339 τίνος
2311 1277 2578 1348 ὀχουμένη
2598 1292 2625 1342 ;·
2656 1278 2751 1329 καὶ
2782 1277 2924 1337 τίνος
2960 1274 3111 1337 ὄντος
3155 1273 3247 1326 τοῦ
3298 1272 3685 1344 ὑπερείδοντος
3713 1287 3731 1335 ;

2141 1366 2232 1417 καὶ
2262 1366 2405 1429 τίνος
2441 1368 2615 1418 ἐκεῖνο
2638 1365 2798 1418 πάλιν
2826 1382 2841 1431 ;
2869 1363 3002 1418 Οὐδὲ
3030 1364 3139 1434 γὰρ
3162 1365 3191 1415 6
3219 1362 3374 1431 λόγος
3409 1362 3540 1432 ἔχει,
3573 1360 3670 1430 ἐφ’
3702 1360 3736 1413 ὃ

2141 1456 2379 1525 ἓρεισθῇ,
2410 1455 2547 1526 πλὴν
2573 1455 2665 1508 τοῦ
2694 1455 2839 1507 θείου
2882 1454 3204 1524 θελήματος.
3249 1453 3363 1505 Καὶ
3398 1453 3512 1516 πῶς
3547 1454 3581 1523 ἡ
3623 1452 3734 1523 μὲν

467 1539 678 1596 scilicet
706 1541 1030 1595 medicinam
1060 1559 1122 1598 ac
1154 1543 1313 1614 517
1353 1556 1546 1613 sponte
1602 1556 2037 1613 promanantem.

2159 1548 2218 1609 εἰς
2253 1547 2395 1617 ὀρῶν
2423 1546 2668 1618 κορυφὰς
2700 1545 3003 1616 ἀνηγμένη,
3036 1547 3069 1615 ὴ
3109 1545 3168 1598 δὲ
3202 1546 3281 1609 εἰς
3306 1544 3461 1599 πεδία
3493 1545 3737 1609 καθεζο-

469 1631 586 1698 Dic,
597 1632 845 1698 obsecro,
860 1634 1128 1703 quomodo
1150 1645 1204 1689 et
1223 1636 1361 1690 unde
1383 1636 1533 1691 haec?
1556 1637 1813 1702 Quasnam
1844 1651 2040 1707 magna

2159 1639 2303 1707 ιένη,
2346 1637 2624 1691 καὶτοῦτο
2668 1636 2990 1700 πολυειδῶς,
3034 1638 3129 1690 καὶ
3169 1636 3447 1699 ποικίλως,
3482 1637 3577 1689 καί
3602 1638 3738 1700 ταῖς

470 1726 587 1780 haec
622 1735 784 1794 atque
813 1728 946 1781 artis
979 1742 1177 1795 expers
1209 1729 1453 1782 textura?
1495 1728 1603 1783 Nec
1636 1729 1783 1783 enim
1820 1729 1889 1803 ob
1924 1744 2044 1782 mu-

2159 1728 2263 1780 ιατ⁹
2293 1727 2472 1796 ὀλίγον
2517 1727 2838 1796 ἐναλλαγαῖς
2892 1727 3280 1799 μεθισταμένη,
3332 1727 3469 1798 πρός
3513 1744 3576 1780 τε
3626 1726 3737 1798 τὴν

472 1813 616 1869 tuam
682 1829 802 1870 eam
854 1815 1227 1883 aﬂectionem,
1280 1834 1441 1887 quam
1484 1820 1623 1873 inter
1679 1835 1740 1874 se
1810 1796 2039 1883 habent,

2159 1818 2334 1888 χρείαν
2366 1793 2508 1873 ἐστὶν
2538 1793 2908 1890 ἀφθονωτέρα,
2936 1821 3028 1872 καὶ
3065 1793 3142 1890 τῶ
3183 1793 3413 1887 ποικίλῳ
3444 1793 3741 1888 χαριεστέ-

470 1906 652 1963 minus
693 1908 869 1965 laudis
933 1920 1230 1975 merentur,
1281 1927 1442 1981 quam
1487 1912 1535 1967 si
1580 1913 1806 1968 seorsim
1842 1928 2040 1966 unum-

2159 1925 2252 1977 pat;
2284 1910 2377 1962 καὶ
2407 1912 2439 1980 ἡ
2479 1910 2577 1980 μὲν
2598 1912 2679 1973 εἰς
2711 1911 2955 1980 οἰκήσεις
2986 1911 3347 1980 νενεμημένη,
3379 1911 3413 1980 ἡ
3448 1910 3505 1961 δὲ
3530 1908 3735 1978 ἀοίκη-

471 1999 722 2071 quodque
775 2003 1167 2057 consideretur.
1219 2003 1336 2071 Quo
1387 2014 1542 2074 pacto
1597 2014 1740 2058 terra
1793 2004 1950 2059 firma
1987 2016 2043 2059 et

2159 2017 2253 2063 tog,
2277 2001 2407 2070 ὅσην
2449 2003 2504 2055 αί
2530 2002 2832 2073 ὑπερϐολαὶ
2860 2003 2969 2057 τῶν
3011 2003 3153 2075 ὀρῶν
3183 2002 3597 2071 ἀποτέμνονται,
3637 2001 3741 2055 καὶ

472 2088 694 2145 immota
750 2093 1030 2147 constitit?
1060 2093 1327 2161 Quidnam
1376 2109 1474 2162 pro
1547 2095 1797 2151 vehiculo
1837 2095 2039 2150 habet?

2159 2093 2279 2163 ἱλλη
2305 2093 2439 2163 πρὸς
2466 2094 2592 2147 ἄλλο
2615 2112 2668 2147 τι
2697 2097 2867 2164 πέρας
2889 2095 3178 2165 σχιζομένη
3209 2096 3304 2147 καὶ
3327 2092 3738 2155 ἀποϐαίνουσα,

472 2180 635 2248 Cujus
660 2183 736 2238 rei
764 2184 1094 2240 adminiculo
1138 2185 1394 2241 fulcitur?
1431 2185 1677 2255 Quidque
1717 2202 1902 2241 rursus
1930 2185 2038 2239 ful-

2159 2184 2248 2253 τῆς
2280 2183 2373 2235 τοῦ
2413 2183 2547 2237 Θεοῦ
2585 2184 2982 2256 μεγαλουργίας
3014 2185 3405 2257 ἐναργέστατόν
3436 2185 3549 2238 ἐστι
3584 2183 3742 2254 γνώ-

474 2280 649 2327 turant
707 2275 850 2330 illaut
897 2277 1172 2332 sustinet?
1219 2277 1400 2345 Neque
1452 2277 1597 2332 enim
1643 2278 1836 2331 rationi
1887 2278 2046 2346 quid-
2154 2293 2357 2349 ρισμα;

474 2384 660 2437 quam,
707 2370 792 2423 cui
825 2372 1115 2438 innitatur,
1180 2372 1444 2437 occurrit,
1514 2372 1561 2425 si
1611 2371 1847 2425 divinam
1887 2371 2215 2426 voluntatem
2255 2373 2559 2439 exceperis.
2595 2370 2713 2437 Quo
2753 2381 2909 2440 pacto
2958 2387 3044 2438 ea,
3114 2373 3311 2443 partim
3356 2373 3410 2428 in
3460 2373 3739 2428 montium

476 2463 707 2521 vertices
754 2476 1065 2530 assurgens,
1113 2462 1310 2531 partim
1357 2464 1411 2518 in
1475 2477 1695 2531 campos
1735 2462 2041 2523 subsidens,
2085 2460 2245 2530 idque
2321 2462 2468 2516 varie
2535 2470 2591 2517 et
2624 2462 3018 2530 multipliciter,
3070 2478 3135 2519 ac
3176 2461 3409 2531 denique
3466 2462 3738 2533 paulatim

477 2557 791 2611 alternando
848 2568 1217 2624 commutata,
1274 2568 1384 2614 tum
1449 2559 1518 2615 ad
1582 2559 1859 2615 hominum
1917 2572 2050 2613 usus
2088 2557 2326 2623 uberior,
2368 2566 2479 2611 tum
2525 2557 2788 2611 varietate
2825 2557 2940 2629 ipsa
2999 2557 3334 2626 jucundior“:
3375 2557 3476 2624 Qui
3518 2556 3577 2611 fit
3613 2595 3633 2622 ,
3680 2566 3743 2611 ut

478 2655 759 2722 partimin
802 2654 1071 2709 domicilia
1122 2655 1291 2710 divisa
1337 2656 1427 2722 sit,
1476 2657 1672 2726 partim
1728 2655 1927 2711 inculta
1977 2663 2033 2709 et
2070 2653 2441 2709 inhabitabilis
2503 2653 2879 2723 relinquatur,
2951 2662 3209 2723 quantum
3259 2654 3511 2708 nimirum
3545 2651 3743 2708 excel-

478 2746 678 2802 sissimi
738 2749 937 2816 quique
1003 2756 1211 2804 montes
1277 2752 1345 2805 ah
1372 2765 1437 2805 ea
1488 2751 1833 2816 abscindunt,
1881 2761 2045 2821 atque
2083 2750 2184 2803 alia
2231 2749 2296 2802 ad
2333 2748 2497 2803 alium
2547 2749 2837 2818 quemdam
2891 2748 3036 2803 orbis
3108 2749 3267 2805 ﬁnem
3336 2747 3570 2805 dissecta
3617 2764 3746 2820 por-

480 2848 736 2908 rectaque
771 2838 934 2893 divini
981 2840 1180 2909 opiﬂcii
1230 2841 1683 2911 magniﬁcentiam
1733 2841 2161 2897 luculentissima
2192 2845 2512 2907 argumento
2547 2837 2821 2892 declarat?

465 1264 687 1332 tulerit,
740 1268 998 1337 paulatim
1054 1278 1388 1339 erumpunt,
1450 1270 1685 1334 hincque
1737 1272 2035 1328 calidorum

464 1354 782 1411 balneorum
831 1373 986 1413 usum
1037 1360 1193 1415 nobis
1244 1361 1520 1431 plerisque
1562 1371 1720 1417 terra:
1780 1362 1934 1425 locis,
1982 1372 2041 1417 et

466 1462 589 1503 cum
649 1449 921 1503 contraria
974 1451 1261 1515 facultate,
1316 1452 1680 1529 suppeditant,
1742 1454 2038 1522 gratuitam

554 2928 760 2985 XXVII.
803 2930 920 2986 Jam
959 2947 1086 2987 vero
1114 2947 1285 2998 mare,
1331 2936 1377 2989 si
1422 2950 1527 2989 non
1558 2935 1926 3005 magnitudine
1953 2949 2048 2989 sua

2223 2932 2351 2984 KZ'.
2397 2930 2677 3001 Θαλάττης
2723 2930 2799 2991 δὲ,
2849 2930 2897 2983 εί
2948 2931 3044 2993 μὲν
3100 2930 3175 3002 μὴ
3218 2932 3277 2984 τὸ
3325 2932 3550 3002 μέγεθος
3581 2928 3743 3005 εἶχον

481 3019 729 3078 mirabile
755 3022 882 3076 mihi
918 3034 1230 3079 occurreret
1257 3064 1270 3088 ,
1308 3025 1586 3081 lenitatem
1629 3025 1816 3094 utique
1842 3035 1898 3081 et
1930 3026 2050 3096 pla-

2159 3021 2477 3092 θαυμάζειν,
2504 3021 2790 3091 ἐθαύμασα
2817 3020 2881 3075 ἂν
2909 3022 2969 3074 τὸ
2993 3022 3220 3093 ἥμερον,
3246 3024 3339 3076 καὶ
3370 3023 3485 3087 πῶς
3512 3024 3734 3079 ἵσταται

481 3114 758 3169 ciditatem
815 3114 1133 3180 admirarer,
1177 3115 1449 3186 simulque
1484 3133 1593 3188 quo
1637 3130 1797 3189 pacto
1848 3118 1960 3186 ﬂat,
1997 3127 2057 3173 ut

2159 3114 2420 3185 λελυμένη
2455 3113 2564 3167 τῶν
2594 3113 2737 3166 ἰδίων
2760 3113 2902 3183 ὅρων
2937 3113 3114 3177 ἐντός·
3143 3116 3189 3166 εἰ
3215 3114 3269 3167 δὲ
3301 3115 3373 3186 μὴ
3402 3115 3463 3168 τὸ
3491 3117 3733 3189 ἥμερον,

484 3205 730 3275 quamvis
768 3204 995 3260 liberum
1040 3221 1105 3262 ac
1155 3208 1412 3273 solutum,
1469 3209 1671 3266 ﬁnibus
1724 3220 1901 3266 tamen
1943 3214 2056 3268 suis

2159 3208 2373 3269 πάντως
2403 3207 2463 3258 τὸ
2500 3205 2745 3275 μέγεθος.
2792 3206 2943 3258 Ἐπεὶ
2967 3204 3021 3258 δὲ
3055 3207 3360 3277 ἀμφότερα,
3399 3206 3496 3278 τὴν
3533 3211 3591 3261 ἐν
3628 3212 3742 3280 ἁμ-

485 3295 791 3352 consistat:
827 3298 971 3366 quod
1025 3297 1070 3351 si
1119 3313 1225 3353 non
1276 3299 1577 3366 lenitatem,
1629 3302 2054 3370 magnitudinem

2159 3300 2403 3369 φοτέροις
2436 3297 2665 3368 δύναμιν
2703 3296 3078 3367 ἐπαινέσομαι.
3108 3298 3173 3349 Τί
3204 3297 3264 3350 τὸ
3294 3299 3637 3366 συναγαγόν;
3674 3301 3743 3353 Τί

487 3395 636 3441 certe
677 3386 1029 3454 suspicerem.
1090 3386 1359 3454 Quoniam
1402 3398 1583 3445 autem
1630 3399 1860 3460 utraque
1903 3392 2058 3447 laude

2159 3392 2219 3444 τὸ
2265 3391 2470 3461 δῆσαν;
2528 3388 2651 3452 Πῶς
2695 3388 2977 3460 ἐπαίρεταί
3019 3405 3078 3441 τε
3110 3389 3203 3442 καὶ
3257 3390 3490 3452 ἵσταται,
3544 3389 3743 3463 ὥσπερ

486 3477 720 3543 excellit,
771 3488 1053 3545 utramque
1113 3480 1223 3534 vim
1270 3487 1323 3535 et
1373 3480 1684 3537 facultatem
1731 3484 2053 3552 praedicabo.

2160 3480 2449 3551 αἰδουμένη
2484 3480 2582 3549 τὴν
2621 3479 2834 3547 γείτονα
2871 3480 3009 3549 γῆν;
3040 3478 3164 3541 Πῶς
3197 3479 3289 3530 καὶ
3322 3478 3534 3548 δέχεται
3563 3497 3743 3537 ποτα-

490 3568 622 3635 Quis
647 3576 849 3622 tantam
877 3583 1142 3636 aquarum
1166 3569 1363 3626 molem
1393 3570 1715 3641 conjunxit?
1746 3574 1877 3639 Quis
1903 3575 2057 3643 quasi

2163 3573 2295 3642 μοὺς
2322 3571 2529 3632 πάντας
2569 3568 2701 3639 (66),
2736 3570 2830 3621 καὶ
2862 3571 2893 3639 ἡ
2936 3569 3071 3640 αὐτὴ
3100 3569 3337 3639 διαμένει
3374 3569 3460 3623 διὰ
3495 3572 3743 3644 πλήθους

489 3662 723 3716 vinculis
744 3661 1063 3728 quibusdam
1098 3662 1395 3717 astrinxit?
1429 3662 1535 3730 Qui
1566 3665 1647 3731 lit,
1673 3674 1732 3719 ut
1759 3666 2056 3729 attollatur,

487 3760 543 3806 et
569 3760 743 3805 tamen
774 3750 890 3804 loco
923 3764 1021 3804 suo
1053 3765 1111 3804 se
1142 3753 1440 3819 contineat,
1474 3754 1699 3822 perinde
1732 3770 1796 3809 ac
1827 3757 2058 3811 vicinam

493 3853 693 3896 terram
743 3842 1010 3895 reverita?
1063 3841 1164 3909 Qui
1213 3843 1289 3906 ﬂt,
1355 3858 1411 3897 ut
1467 3859 1590 3899 cum
1626 3845 1816 3901 ﬂuvios
1869 3862 2060 3903 omnes

491 3931 753 3998 excipiat,
782 3932 851 3987 ob
884 3933 1243 3987 exuberantes
1269 3942 1447 3987 tamen
1490 3949 1619 4003 Opes
1652 3945 1706 3989 et
1735 3936 1936 4005 c0pias,
1970 3947 2064 3991 aut

493 4040 601 4094 quo
631 4023 794 4077 verbo
834 4023 886 4077 id
910 4023 1285 4093 appellandum
1327 4025 1419 4091 sit,
1464 4025 1668 4090 nescio,
1716 4025 1914 4080 nullam
1948 4042 2065 4081 am-

492 4116 775 4188 plitudinis
822 4117 1187 4173 accessionem
1234 4117 1419 4183 faciat,
1474 4120 1570 4173 sed
1618 4120 1806 4173 eadem
1852 4134 2066 4188 semper

2160 3660 2498 3732 περιουσίαν,
2540 3659 2573 3729 ἢ
2625 3659 2723 3711 οὐκ
2763 3654 2856 3710 οἶδ’
2893 3658 2921 3709 ὃ
2960 3675 3010 3709 τι
3050 3658 3161 3727 (67)
3203 3658 3307 3728 χρὴ
3351 3656 3561 3726 λέγειν;
3610 3661 3743 3725 Πῶς

2160 3755 2386 3825 ψάμμος
2414 3753 2560 3823 ὃριον
2592 3753 2749 3823 αὐτῇ,
2780 3750 3081 3822 τηλικούτῳ
3118 3752 3397 3822 στοιχείῳς
3431 3753 3656 3823 Ἐχουσί
3686 3773 3740 3808 τι

2162 3846 2341 3915 λέγειν
2379 3848 2427 3898 οἱ
2459 3845 2693 3915 φυσικοὶ,
2736 3844 2830 3897 καὶ
2864 3844 3013 3912 σοφοὶ
3052 3842 3121 3896 τὰ
3168 3844 3390 3914 μάταια,
3424 3846 3518 3899 καὶ
3548 3846 3741 3917 κυάθῳ

2168 3940 2491 4011 μετροῦντες
2521 3938 2633 4010 (68)
2661 3938 2826 4001 ὅντως
2865 3937 2962 4008 τὴν
2997 3936 3290 4003 θάλασσαν,
3329 3937 3396 3991 τὰ
3432 3938 3741 4009 τηλικαῦτα

2162 4033 2281 4094 ταῖς
2308 4028 2516 4084 ἑαυτῶν
2546 4028 2844 4094 ὲπινοίαις;
2885 4029 2917 4100 ἢ
2962 4028 3241 4099 συντόμως
3293 4028 3402 4097 ἐγὼ
3453 4030 3603 4101 παρὰ
3638 4031 3743 4102 τῆς

2166 4123 2388 4193 Γραφῆς
2415 4121 2573 4174 τοῦτο
2616 4120 2979 4190 φιλοσοφήσω,
3024 4122 3116 4173 καὶ
3156 4120 3263 4175 τῶν
3305 4123 3525 4196 μακρῶν
3563 4124 3743 4193 λόγων

494 4210 685 4280 suique
714 4208 905 4264 similis
930 4219 1145 4263 maneat
1169 4210 1191 4263 ?
1214 4209 1314 4276 Qui
1345 4210 1403 4263 lit
1424 4252 1437 4276 ,
1480 4218 1537 4263 ut
1569 4219 1773 4263 tantum
1822 4208 2058 4265 elemeu~

2168 4212 2535 4284 πιθανώτερόν
2563 4229 2622 4265 τε
2664 4212 2757 4265 καὶ
2786 4210 3177 4282 ἁληθέστερον;
3225 4216 3581 4285 Πρόσταγμα
3609 4218 3744 4286 ἐγύ-

496 4309 608 4355 tum
638 4315 860 4355 arenam
889 4315 987 4369 pro
1010 4301 1241 4356 termino
1274 4302 1471 4357 habeat
1494 4301 1581 4354 '9?
1634 4299 1933 4356 Possumne
1964 4302 2058 4356 hoc

2159 4318 2359 4372 ρωσεν
2409 4303 2509 4357 ἐπὶ
2558 4304 2879 4372 πρόσωπον
2932 4302 3168 4369 ὕδατος.
3217 4305 3385 4358 Τοῦτο
3422 4309 3519 4376 τῆς
3565 4308 3743 4380 ὑγρᾶς

493 4390 746 4460 expedire
779 4390 1026 4461 physici,
1088 4399 1250 4460 atque
1300 4389 1480 4444 inanis
1533 4389 1854 4444 eruditionis
1908 4389 2065 4445 laude

491 4480 755 4547 celebres,
788 4496 851 4537 ac
884 4495 1009 4535 vere
1037 4482 1235 4553 cyatho
1268 4496 1446 4548 mare,
1493 4481 1593 4536 hoc
1626 4491 1728 4547 cst,
1768 4496 1852 4536 res
1885 4492 2067 4537 tantas

493 4572 710 4642 ingenio
741 4586 838 4626 suo
868 4572 1186 4626 metientes?
1215 4570 1297 4626 An
1328 4572 1521 4627 faciam
1556 4573 1688 4643 ipse,
1715 4583 1774 4628 ut
1806 4574 2067 4643 paucissi—

496 4664 599 4715 mis
643 4661 822 4714 verbis
849 4661 950 4714 hoc
976 4676 1042 4715 ex
1072 4658 1353 4730 Scriptura
1385 4678 1538 4716 sacra
1584 4664 1872 4735 explicem,
1906 4665 2067 4733 idque

495 4750 824 4823 probabilius
855 4764 917 4804 ac
952 4750 1153 4815 verius,
1202 4767 1363 4821 quam
1404 4752 1504 4821 ipsi
1538 4768 1660 4808 cum
1702 4754 1928 4818 prolixis
1956 4756 2069 4811 suis

601 4844 647 4876 "
668 4841 868 4897 Jcreut.
906 4856 958 4908 ν,
989 4841 1080 4894 22.

569 4956 677 5027 (65)
718 4952 878 5007 Μετὰ
905 4950 1012 5027 τῆς
1039 4950 1337 5027 ἐναντίας.
1388 4972 1406 5005 ι
1434 4954 1567 5008 Cum
1592 4957 1746 5024 aquis
1782 4957 2008 5027 frigidis.
2028 4975 2065 5027 ί»

498 5025 823 5097 Plerumque
852 5026 996 5078 enim
1024 5025 1327 5075 scaturiunt
1355 5037 1385 5077 e
1421 5027 1720 5096 pr0piuquo
1752 5025 1905 5097 aqua:
1937 5026 2071 5081 cali-

500 5100 582 5154 da:
610 5112 729 5150 Cttttt
766 5096 993 5163 frigidis.

575 5167 688 5236 (64)
730 5166 1029 5233 Ἃτεχνογ.
1058 5168 1167 5223 lloc
1194 5169 1501 5222 universum
1527 5165 1721 5220 dicitur
1756 5184 1775 5218 ι
1812 5166 1946 5220 artis
1978 5181 2070 5220 ex-

500 5253 648 5310 pers,
687 5256 705 5288 ι
740 5240 881 5304 quod
914 5241 1070 5294 nullis
1107 5241 1176 5293 sit
1213 5239 1533 5291 fabricatum
1567 5236 1837 5310 inanibus,
1871 5236 2072 5310 sedili-

504 5306 703 5362 Vittittts
728 5317 1056 5362 Cuntextum.
1091 5311 1366 5363 Scltoliuut
1389 5322 1513 5359 vero
1534 5306 1615 5359 sic
1637 5307 1854 5374 exponit
1883 5323 1897 5359 :
1932 5306 2073 5374 ’Ύφο

501 5394 675 5450 ασμα,
701 5376 808 5450 vel,
841 5379 1091 5450 υφασμὸν
1114 5379 1209 5450 τὴν
1249 5374 1657 5450 σύμπηξιν-τῶν
1682 5376 1936 5448 στοιχέων
1972 5392 2075 5450 κα-

503 5444 585 5521 λεῖ
630 5447 724 5500 καὶ
767 5444 901 5518 πρὸς
948 5444 1474 5521 ἄλληλα’νεῦσιν·ἰ
1513 5444 2076 5521 Τυιιυτιιιιι”εψρυιιίιι

502 5519 891 5572 elementorum
925 5518 1258 5591 cOmpagem,
1301 5530 1355 5575 et
1383 5530 1623 5573 mutuam
1660 5518 1713 5571 in
1745 5533 1803 5573 se
1843 5532 2074 5590 propen-

504 5604 734 5644 8I0ttetlt.
778 5608 797 5639 ι

577 5656 686 5727 (b5)
734 5657 847 5727 Τῆς
900 5657 1050 5727 πρὸς
1095 5659 1336 5728 ἄλληλα
1386 5658 1675 5728 σχέσεως.
1708 5658 1873 5714 Lcuv.
1906 5677 1923 5712 ι
1962 5657 2077 5715 Non

510 5729 687 5785 minus
724 5728 896 5785 laudis
927 5743 1201 5785 merentur
1225 5733 1416 5786 collata
1453 5735 1594 5787 inter
1614 5743 1691 5784 se.
1734 5748 1753 5781 ι

2170 4395 2384 4466 φύσεως
2410 4397 2438 4449 6
2459 4395 2672 4466 δεσμός.
2707 4392 2829 4458 Πῶς
2857 4394 2913 4447 δὲ
2950 4394 3043 4447 τὸν
3074 4398 3323 4467 χερσαῖον
3352 4398 3594 4453 ναυτίλον
3626 4400 3739 4469 (69)

2171 4487 2292 4555 ἄγει
2323 4487 2463 4557 ξύλῳ
2494 4484 2673 4557 μικρῷ
2705 4486 2796 4538 καὶ
2826 4485 3128 4556 πνεύματι;
3158 4487 3335 4556 (τοῦτο
3364 4489 3423 4539 οὐ
3443 4488 3743 4559 θαυμάζεις

2170 4576 2309 4648 ὀρῶν
2330 4595 2343 4643 ;
2368 4575 2475 4629 οὐδ’
2511 4576 2785 4642 ὲξίσταταί
2833 4593 2921 4628 σου
2958 4577 2991 4647 ἡ
3025 4575 3280 4647 διάνοια;)
3307 4578 3392 4631 ἵνα
3422 4578 3493 4647 γῆ
3518 4580 3610 4632 καὶ
3645 4579 3743 4633 0d-

2170 4670 2345 4721 λασσα
2373 4667 2568 4720 δεθῶσι
2611 4671 2731 4729 ταῖς
2776 4668 2985 4738 χρείαις
3015 4670 3108 4721 καὶ
3149 4671 3266 4731 ταῖς
3297 4669 3617 4739 ἐπιμιξίαις,
3648 4672 3743 4724 καὶ

2174 4762 2250 4824 είς
2276 4759 2335 4811 ἓν
2361 4757 2488 4830 ἔλθῃ
2521 4757 2633 4828 (70)
2656 4757 2733 4829 τῷ
2756 4757 3025 4830 ἀνθρώπῳ
3046 4758 3115 4812 τὰ
3142 4759 3391 4814 τοσοῦτον
3407 4761 3647 4832 ἀλλήλων
3665 4761 3745 4816 δι·

2247 4955 2359 5027 (66)
2397 4953 2655 5021 Πάντας.
2710 4955 2877 5024 chg.
2944 4968 2995 5020 a,
3048 4952 3159 5017 luu,
3212 4962 3266 5009 et
3316 4951 3411 5008 0r.
3470 4952 3522 5020 l,
3572 4951 3746 5007 ἄπαν-

2174 5043 2293 5089 τας.

2245 5096 2355 5167 (67)
2396 5098 2471 5151 “Il
2491 5098 2601 5150 οὐκ
2631 5092 2741 5150 οἷδ’
2760 5094 2867 5157 ὅτι,
2898 5101 3002 5147 etc.
3028 5090 3193 5144 Leuv.
3219 5111 3237 5143 ι
3273 5092 3526 5167 Equidem
3554 5101 3644 5167 aut
3666 5094 3749 5145 ni-

2179 5164 2262 5221 hil
2286 5164 2457 5221 habt-0
2480 5169 2621 5235 quod
2654 5167 2851 5227 dicam,
2889 5174 2982 5217 aut
3019 5177 3285 5216 sununatu
3322 5165 3391 5219 ob
3442 5164 3744 5217 vnstitatem

2180 5237 2364 5304 utaris,
2396 5238 2495 5291 hoc
2528 5236 2640 5291 ﬁeri
2674 5244 2869 5304 statuo.
2907 5252 2926 5286 ι

2252 5298 2364 5376 (68)
2401 5307 2789 5374 Μετροῦντες.
2819 5301 3087 5376 Contbef.,
3126 5298 3581 5376 συμμετροῦντες.

2253 5372 2365 5449 (69)
2402 5372 2700 5449 Χεροαῖον
2753 5375 3062 5449 ναυτίλον.
3122 5391 3140 5423 ι
3190 5372 3529 5449 Τετςιέειτεηι,
3575 5372 3749 5449 nauti-

2183 5443 2311 5505 lum.
2346 5443 2363 5500 ὦ
2394 5443 2492 5503 Sic
2511 5449 2781 5501 hominem
2824 5444 3100 5514 eleganter
3157 5444 3406 5514 appellat,
3436 5443 3745 5511 Gregorius.

2188 5537 2207 5572 ι
2239 5517 2482 5572 Nautilus
2524 5535 2541 5567 ι
2574 5517 2736 5586 piscis
2786 5525 2868 5568 est
2921 5515 2999 5570 sic
3044 5513 3239 5581 dictus,
3271 5513 3411 5584 quod
3447 5518 3596 5568 navis
3630 5526 3750 5581 Spe-

2184 5590 2321 5644 ciem
2347 5587 2617 5657 prmferat.

2254 5652 2366 5730 (70)
2414 5659 2625 5727 "Edon.
2658 5654 2921 5722 Combef.,
2950 5652 3195 5725 συνέλθῃ.
