4038 6338
276 313 353 371 65

1296 315 1553 374 ORATIO
1591 316 1834 377 XXVIII.
1874 349 1944 360 —-
1983 319 2420 382 THEOLOGICA
2462 325 2528 384 ll.
3486 334 3558 392 σο

278 428 572 498 εστηκὸτα
602 430 745 484 κατὰ
760 430 863 502 τὴν
895 430 1084 499 φύσιν;
1115 430 1272 494 Τίνες
1286 430 1342 484 δὲ
1359 432 1551 501 πηγῶν
1581 433 1637 485 αἱ
1667 434 1852 504 πρῶτα

1989 435 2483 503 disputationibus?
2562 440 2896 513 Praeceptum
2970 444 3324 502 circumdedit
3399 464 3562 522 super

277 521 493 587 πηγαὶ,
524 520 781 592 ζήτησον,
811 521 1086 593 ἄνθρωπε,
1120 521 1175 573 εἴ
1200 521 1251 574 τί
1292 537 1373 574 σοι
1409 521 1612 575 τούτων
1642 522 1883 593 ἐξιχνεῦ-

277 626 377 662 σαι
406 610 443 682 ἦ
472 614 655 683 εὑρεῖν
688 613 913 667 δυνατόν
936 631 951 679 ;
979 615 1072 667 καὶ
1093 614 1177 677 τίς
1204 616 1231 667 ὁ
1249 616 1514 683 ποταμοῖς
1540 615 1653 685 (71)
1691 616 1881 687 σχίσας

276 705 380 755 καὶ
415 705 581 757 πεδία
613 707 707 758 καὶ
734 706 855 776 ὅρη,
897 708 989 760 καὶ
1028 706 1151 771 δοὺς
1189 706 1280 759 τὸν
1326 707 1525 778 δρόμον
1558 707 1878 774 ἀκώλυτονς

279 796 378 846 καὶ
406 796 532 858 πῶς
563 797 627 849 ὲκ
653 797 760 849 τῶν
797 798 1054 851 ἐναντίων
1086 798 1146 851 τὸ
1181 797 1386 867 θαῦμα,
1438 799 1573 869 μήτε
1606 798 1882 869 Θαλάσσης

275 883 651 955 ἐπεξιούσης,
711 887 847 958 μήτε
901 886 1166 957 ποταμῶν
1218 886 1559 957 ίσταμένων;
1608 887 1705 951 Τίς
1754 887 1810 940 δὲ
1846 889 1880 958 ἡ

274 974 391 1027 τῶν
427 978 644 1031 ὑδάτων
676 979 851 1051 τροφὴ
893 979 1026 1048 (72),
1064 979 1157 1032 καὶ
1190 978 1242 1031 τί
1272 978 1333 1031 τὸ
1364 978 1569 1048 ταύτης
1599 979 1878 1050 διάφορον,

274 1067 387 1119 τῶν
456 1071 557 1138 μὲν
606 1070 813 1124 ἄνωθεν
847 1069 1178 1142 ἀειδομένων,
1207 1070 1315 1123 τῶν
1349 1070 1404 1122 δὲ
1435 1073 1553 1134 ταῖς
1578 1070 1753 1142 ῥίζαις
1780 1089 1878 1124 πο·

269 1158 614 1230 τεξομένων,
653 1162 741 1214 ἵνα
779 1179 832 1214 τι
886 1162 979 1214 κα)⁸
1028 1162 1189 1225 αὐτὸς
1236 1162 1639 1233 κατατρυφήσω
1667 1162 1761 1214 τοῦ
1794 1161 1881 1214 λό-

273 1267 400 1318 γου,
446 1251 588 1305 θεοῦ
624 1252 721 1324 τὴν
744 1252 953 1323 τρυφὴν
977 1251 1339 1323 ἐξηγούμενος
1368 1268 1381 1317 ;

1980 525 2169 580 faciem
2199 544 2352 599 aqua:
2375 531 2445 586 '°.
2489 531 2600 589 Hoc
2630 535 2862 591 humidae
2902 547 3107 593 natura:
3145 540 3416 596 vinculum
3446 552 3554 600 est.

1985 614 2102 670 Jant
2133 620 2403 687 quomodo
2434 629 2747 679 terrestrem
2785 627 3049 683 nautilum
3081 630 3277 700 exiguo
3305 630 3450 702 ligno
3491 647 3558 689 ac

1981 718 2138 763 vento
2161 712 2345 765 ducit?
2374 713 2392 785 (
2413 713 2521 770 [loc
2547 724 2599 768 tu
2644 732 2766 771 cum
2795 720 2997 785 cernis,
3045 736 3151 777 non
3196 721 3558 782 admiratione

1978 795 2275 868 deligeris?
2312 800 2425 857 Non
2460 818 2612 859 mens
2653 816 2804 861 extra
2843 824 2901 863 se
2955 811 3242 883 rapitur?)
3298 812 3464 884 quue
3498 822 3557 871 ut

1980 902 2134 942 mare
2159 905 2222 943 ac
2248 900 2392 947 terra
2424 894 2900 953 commoditatibus
2930 910 2983 954 et
3028 904 3373 959 commerciis
3414 906 3557 961 inter

1979 991 2040 1033 se
2086 969 2609 1056 vinciantur,'5r§
2638 1002 2701 1041 ac
2730 1001 2817 1054 ea,
2852 1003 2971 1058 qum
3003 1001 3192 1046 natura
3236 995 3368 1049 adeo
3401 996 3577 1050 inter

1976 1085 2037 1124 se.
2065 1072 2354 1142 dissidem,
2382 1078 2449 1130 ad
2481 1078 2716 1135 hominis
2762 1095 2921 1136 usum
2973 1084 3404 1156 conjungautur?
3447 1089 3554 1157 Qui

1976 1176 2137 1230 porro
2166 1162 2396 1220 fontium
2436 1169 2598 1237 primi
2633 1170 2830 1239 fontes,
2861 1175 3089 1243 quaeras'
3105 1178 3288 1243 velim,
3311 1196 3343 1235 ο
3367 1181 3550 1245 homo,

1975 1254 2021 1307 si
2054 1255 2182 1323 quid
2209 1258 2400 1313 horum
2436 1261 2761 1331 investigare
2790 1276 2881 1321 aut
2913 1267 3156 1323 invenire
3190 1281 3342 1339 potes
3380 1288 3394 1326 :
3435 1281 3547 1327 tum

269 1349 401 1417 quis
445 1348 631 1403 ﬂuviis
662 1362 879 1417 campos
908 1359 961 1404 et
994 1357 1205 1403 montes
1250 1349 1532 1414 dissecuit,
1594 1363 1657 1403 ac
1695 1348 1926 1403 liberum
1965 1365 2185 1406 cursum
2217 1356 2297 1410 eis
2334 1360 2646 1415 concessit?
2675 1362 2793 1428 Quo
2837 1364 2998 1417 etiam
3027 1377 3185 1435 pacto
3224 1382 3288 1421 ex
3337 1379 3553 1425 contra-

282 1439 390 1493 riis
420 1440 591 1493 rebus
619 1439 938 1492 miraculum
1002 1442 1264 1503 exsistat,
1318 1441 1443 1494 dum
1514 1453 1614 1494 nec
1678 1454 1827 1494 mare
1906 1456 2142 1510 unquam
2192 1448 2511 1519 regurgitat,
2571 1466 2671 1507 nec
2721 1451 2867 1509 ﬂuvii
2912 1456 3252 1513 subsistunt?
3306 1459 3388 1514 Ad
3438 1461 3553 1516 hate

266 1547 399 1601 quae
432 1546 704 1602 aquarum
738 1531 1028 1600 alimonia,
1078 1534 1328 1603 quodque
1394 1535 1553 1605 hujus
1624 1535 1936 1619 discrimen,
1978 1538 2175 1608 quippe
2208 1557 2296 1596 res
2337 1546 2581 1613 quaedam
2619 1558 2785 1615 sunt,
2837 1567 2957 1617 quae
2995 1553 3227 1623 desuper
3279 1556 3546 1626 rigantur,

270 1623 538 1692 quaedam
576 1637 789 1686 rursus,
816 1622 1011 1693 quibus
1036 1633 1195 1694 potus
1224 1640 1321 1693 per
1354 1627 1578 1685 radices,
1626 1640 1755 1681 suas
1809 1627 2207 1696 suppeditatur,
2276 1642 2333 1687 ut
2398 1634 2513 1706 ipse
2559 1654 2777 1711 quoque
2809 1641 3066 1697 delicioso
3101 1622 3312 1700 dicendi
3330 1622 3552 1714 'genere

269 1728 422 1782 utar,
456 1719 586 1771 dum
630 1717 722 1772 Dei
762 1718 983 1774 delicias
1010 1721 1257 1775 oratione
1286 1721 1651 1791 complector?

346 1814 491 1869 κη’.
533 1816 669 1883 ’Ἄγε
699 1815 765 1886 δὴ
799 1815 904 1886 γῆν
949 1817 1128 1886 ἀφεὶς,
1160 1819 1254 1873 καὶ
1290 1819 1359 1872 τὰ
1400 1819 1526 1891 περὶ
1571 1820 1695 1890 γῆν,
1734 1818 1852 1891 προ‹

2044 1818 2281 1873 XXVIII.
2338 1818 2443 1875 Sed
2491 1822 2603 1893 jam
2665 1826 2828 1881 missa
2885 1827 3023 1884 facta
3079 1840 3244 1897 terra,
3282 1830 3550 1903 rebusque

268 1910 362 1960 τον
400 1910 547 1978 ἀέρα
594 1911 917 1980 κουφίσθητι
952 1914 1064 1974 τοῖς
1096 1912 1195 1981 τῆς
1232 1912 1467 1972 διανοίας
1501 1914 1737 1982 πτεροῖς,
1778 1912 1867 1964 ἵνα

270 2014 354 2049 σοι
392 1997 524 2050 καθ’
555 1998 671 2050 ὁδον
694 1998 723 2049 ό
753 1998 909 2067 λόγος
932 2000 1095 2070 προΐῃ
1116 2018 1128 2030 ο
1160 2000 1412 2053 κάκεῖθεν
1440 2002 1618 2066 ἀνάξω
1646 2017 1703 2052 σε
1730 1999 1865 2071 πρὸς

267 2087 339 2139 τα
384 2088 639 2157 οὐράνια,
701 2090 796 2141 καὶ
840 2090 928 2141 τὸν
978 2089 1204 2159 οὐρανὸν
1248 2091 1430 2154 αὑτὸν,
1479 2094 1571 2144 καὶ
1620 2091 1690 2143 τὰ
1727 2092 1865 2162 ὑπὲρ

266 2179 529 2250 οὐρανόν.
567 2180 677 2233 Καὶ
707 2184 819 2244 τοῖς
853 2182 980 2252 ἑξῆς
1004 2182 1154 2235 όκνεῖ
1178 2184 1277 2253 μὲν
1306 2184 1607 2255 προσϐῆναι
1634 2186 1661 2236 ό
1684 2184 1861 2252 λόγος,

267 2270 652 2342 προσ6ήσεται
702 2272 759 2324 δὲ
806 2274 957 2343 ὅμως
1003 2274 1196 2327 ὁπόσον
1243 2274 1469 2339 ἔξεστιν.
1529 2276 1623 2339 Τίς
1661 2278 1689 2329 ό
1734 2276 1864 2347 χέας

268 2363 440 2431 ἀέρα,
471 2364 564 2416 τὸν
606 2364 773 2418 πολὺν
820 2365 1006 2419 τοῦτον
1056 2366 1282 2419 πλοῦτον
1324 2367 1417 2419 καὶ
1465 2367 1722 2436 ἄφθονον,
1762 2370 1862 2422 οὐκ

268 2456 479 2520 ἀξίαις,
508 2457 570 2509 ού
594 2456 783 2527 τύχαις
821 2456 1209 2527 μετρούμενον,
1251 2458 1348 2526 οὐχ
1378 2458 1524 2529 ὅροις
1555 2458 1861 2530 κρατούμε-

269 2562 385 2610 νον,
430 2547 531 2617 οὐχ
566 2547 806 2617 ἡλικίαις
844 2547 1217 2618 μεριζόμενον,
1258 2547 1396 2601 ἀλλὰ
1443 2548 1584 2602 κατά
1630 2550 1723 2621 τὴν
1764 2548 1858 2603 τοῦ

270 2638 456 2707 μάννα
489 2639 749 2710 διανομὴν
774 2679 789 2704 ,
824 2640 1127 2711 αὐταρκείᾳ
1167 2640 1721 2711 περιλαμϐανόμενον,
1762 2644 1857 2695 καὶ

272 2731 557 2802 ἰσομοιρίᾳ
587 2730 930 2802 τιμώμενονς
956 2732 1015 2786 τὸ
1038 2734 1137 2804 τῆς
1167 2734 1374 2804 πτηνῖμς
1408 2734 1620 2802 φύσεως
1651 2735 1854 2805 ὄχημα,

274 2823 373 2893 τὴν
391 2822 614 2893 ἀνέμων
647 2824 828 2893 ἕδραν,
850 2824 947 2895 τὴν
965 2824 1123 2894 ὡρῶν
1143 2824 1445 2895 εὐκαιρίαν,
1462 2827 1559 2897 τὴν
1580 2825 1730 2890 ζώων
1751 2826 1855 2895 ψύ-

271 2932 464 2983 χωσιν,
485 2915 689 2985 μᾶλλον
708 2916 765 2967 δὲ
782 2916 882 2987 τῆς
897 2916 1072 2986 ψυχῆς
1096 2916 1230 2987 πρὸς
1246 2916 1306 2969 τὸ
1328 2917 1484 2987 σῶμα
1505 2920 1851 2989 συντήρησιν,

270 3008 329 3059 ἐν
409 3004 661 3077 σώματα,
683 3007 775 3060 καὶ
804 3006 921 3077 μεθ’
937 3001 997 3060 οὗ
1015 3007 1190 3075 λόγος,
1215 3010 1272 3061 ὲν
1292 3000 1335 3075 ᾧ
1361 3008 1475 3077 φῶς
1498 3008 1590 3062 καὶ
1612 3010 1669 3062 τὸ
1690 3028 1856 3078 φωτι-

268 3094 528 3168 ζόμενον,
555 3097 649 3151 καὶ
678 3100 711 3170 ἡ
745 3099 887 3169 ὄψις,
920 3100 952 3171 ἡ
981 3099 1048 3151 δι’
1078 3098 1243 3152 αὐτοῦ
1287 3100 1484 3171 ῥέουσα
1510 3118 1525 3167 ;
1560 3102 1759 3154 Σκόπει
1796 3102 1851 3156 δέ

1972 1912 2226 1976 terrenis,
2272 1914 2474 1969 indutis
2516 1917 2681 1971 animi
2720 1921 2911 1986 pennis
2962 1922 3014 1977 in
3062 1938 3242 1977 aerem
3292 1926 3545 1990 convola,

1969 2009 2028 2052 ιιι
2076 2011 2223 2055 recto
2270 2004 2460 2057 ordine
2498 2010 2875 2075 progrediatur
2901 2012 3121 2066 oratio:
3152 2029 3215 2068 ac
3256 2014 3451 2071 deinde
3491 2026 3546 2068 te

1968 2087 2113 2144 illiue
2144 2090 2211 2143 ad
2242 2091 2481 2145 cmlestia
2507 2133 2523 2160 ,
2563 2094 2870 2165 cmlumque
2915 2102 3051 2154 adeo
3094 2100 3292 2170 ipsum,
3339 2111 3395 2157 et
3423 2117 3547 2172 quae

1967 2178 2105 2233 coelo
2149 2180 2430 2248 superiora
2472 2190 2618 2248 sunt,
2667 2186 2913 2240 eveham.
2966 2187 3284 2258 Quanquam
3335 2191 3404 2246 ad
3452 2206 3541 2257 ea,

1966 2284 2085 2337 qua:
2116 2270 2370 2341 deinceps
2402 2282 2727 2343 sequuntur,
2764 2278 3022 2333 accedere
3069 2278 3269 2349 refugit
3321 2281 3537 2351 quidem

1967 2371 2028 2408 ac
2064 2356 2378 2411 reformidat
2414 2360 2621 2426 oratio;
2663 2363 2756 2415 sed
2804 2372 2983 2419 tamen
3034 2380 3293 2435 quantum
3332 2370 3535 2437 licebit,

1966 2445 2204 2498 accedet.
2236 2443 2367 2511 Quis
2397 2461 2574 2502 aerem
2612 2447 2771 2512 fudit,
2816 2450 3060 2517 uberem,
3102 2454 3352 2523 inquam,
3396 2456 3541 2511 hunc

1963 2544 2018 2588 et.
2050 2536 2329 2602 copiosum
2364 2538 2705 2602 thesaurum,
2755 2558 2859 2594 non
2912 2557 3009 2610 pro
3058 2544 3317 2614 cujusque
3365 2547 3539 2616 digni-

1965 2634 2071 2679 tate
2112 2634 2276 2694 atque
2328 2628 2562 2685 fortunis
2612 2632 2763 2686 varie
2811 2632 3140 2701 dimensum,
3181 2651 3287 2690 non
3339 2636 3537 2693 finibus

1962 2717 2083 2773 ullis
2109 2719 2375 2774 inclusum
2401 2736 2463 2775 ac
2496 2722 3000 2795 circumscriptum,
3036 2742 3139 2782 non
3179 2742 3276 2797 pro
3311 2738 3533 2784 aetatum

1963 2810 2168 2864 ratione
2196 2811 2565 2879 distributum,
2607 2829 2813 2881 verum,
2868 2817 3010 2886 quod
3057 2817 3184 2873 olim
3235 2820 3289 2872 in
3336 2832 3533 2875 manna

1959 2902 2186 2973 contigit
2224 2904 2292 2969 ⁹¹,
2359 2916 2619 2973 quantum
2669 2908 2861 2977 cuique
2893 2919 2978 2963 sat
3014 2908 3129 2973 sit,
3182 2904 3531 2978 impertitum,

1959 3003 2120 3062 atque
2165 2996 2545 3064 aequabilitatis
2596 2998 2801 3053 honore
2850 2999 3206 3055 decoratum?
3245 3000 3398 3067 Quis,
3451 3003 3533 3057 in-

1957 3101 2147 3155 quam,
2218 3090 2318 3143 hoc
2375 3090 2554 3144 avium
2624 3090 2963 3156 vehiculum,
3032 3093 3170 3147 hanc
3246 3103 3528 3149 ventorum

271 3154 364 3258 μοί
400 3189 498 3242 καὶ
529 3189 598 3242 τὰ
619 3154 747 3259 ὲξῖξς
771 3154 873 3241 ’.οὐ
908 3154 1015 3261 γαρ
1051 3154 1439 3263 συγχωρόῦμαι
1471 3154 1548 3262 τῶ
1577 3193 1697 3262 ἁέρι
1730 3193 1851 3246 δοῦν

1959 3183 2169 3246 sedem,
2205 3180 2309 3236 hoc
2333 3182 2683 3248 elementum,
2716 3198 2825 3254 quo
2854 3192 2908 3238 et
2935 3185 3059 3239 anni
3108 3193 3290 3255 partes
3320 3190 3529 3256 tempe;

266 3297 356 3332 ναι
383 3279 482 3351 τὴν
514 3281 734 3334 ἃπασαν
766 3282 1080 3335 δυναστείαν
1108 3282 1214 3336 τῶν
1254 3283 1346 3335 τοῦ
1382 3283 1542 3354 ἀέρος
1584 3282 1723 3338 εἶναι
1762 3303 1847 3339 νου

270 3371 605 3442 μιζομένων.
643 3372 778 3425 Τίνα
814 3373 912 3443 μὲν
954 3373 1171 3443 ἀνέμων
1201 3375 1436 3442 ταμεῖα;
1474 3374 1616 3437 τίνες
1651 3376 1851 3444 θησαυ-

267 3464 354 3532 ροὶ
408 3464 621 3533 χιόνος;
671 3464 769 3525 Τίς
816 3464 872 3517 δὲ
907 3464 1194 3528 ότετοκὼς
1241 3465 1446 3536 βώλους
1490 3466 1602 3537 (75)
1632 3466 1845 3536 δῴσου,

262 3555 409 3607 κατὰ
450 3553 514 3607 τὸ
563 3556 946 3626 γεγραμμένον
976 3572 990 3620 ;
1036 3557 1127 3609 Ἐκ
1158 3556 1394 3626 γαστρός
1424 3557 1479 3610 δὲ
1514 3557 1658 3620 τίνος
1691 3561 1847 3612 ἐκπο-

265 3643 486 3714 ρεύεται
528 3645 900 3715 κρύσταλλοςς
959 3646 1053 3707 Τίς
1099 3646 1127 3697 ό
1180 3645 1459 3716 δεσμεύων
1508 3646 1648 3717 ὕδωρ
1679 3649 1737 3701 ἐν
1759 3666 1845 3702 νε-

262 3738 479 3805 φέλαις,
533 3738 626 3789 καὶ
658 3736 719 3789 τὸ
774 3737 870 3806 μὲν
920 3738 1071 3800 tm;
1110 3738 1203 3790 ἐπὶ
1230 3737 1337 3790 τῶν
1369 3739 1604 3807 νεφελῶν
1634 3740 1700 3808 (ὣ
1749 3743 1842 3796 τοῦ

262 3826 543 3897 θαύματος
566 3826 609 3895 ι)
644 3825 788 3896 λόγῳ
813 3826 1190 3895 κρατουμένην
1227 3826 1387 3895 φύσιν
1414 3828 1523 3897 (74)
1558 3828 1654 3899 τὴν
1683 3831 1842 3898 ῥέου-

261 3934 382 3983 σαν,
433 3917 495 3971 τὺ
529 3917 585 3970 δὲ
627 3918 832 3986 ἐκχέων
879 3917 990 3987 (75)
1028 3918 1121 3970 ἐπὶ
1168 3918 1461 3989 πρόσωπον
1518 3922 1699 3991 πάσης
1741 3922 1841 3993 τῆς

258 4010 381 4081 γῆς,
410 4010 506 4063 καὶ
542 4009 780 4080 σπείρων
827 4009 1054 4080 καιρίως
1096 4010 1188 4062 καὶ
1231 4010 1528 4081 όμοτίμως,
1582 4013 1675 4064 καὶ
1718 4013 1837 4065 οὐδὲ

255 4102 437 4170 ἀφιεὶς
472 4102 689 4155 ἅπασαν
721 4102 832 4170 (76)
859 4103 959 4172 τὴν
995 4101 1168 4174 ὑγρὰν
1198 4102 1385 4156 οὐσίαν
1421 4104 1710 4176 ἐλευθέραν
1746 4108 1837 4159 καὶ

252 4191 483 4262 ἄσχετον
527 4194 708 4264 (ἀρκεῖ
739 4192 848 4263 γὰρ
883 4196 915 4264 ἡ
953 4192 1047 4245 ἐπὶ
1096 4193 1221 4246 Νῶε
1265 4195 1554 4266 κάθαρσις,
1598 4198 1691 4249 καὶ
1738 4197 1837 4268 τῆς

251 4281 445 4334 ἑαυτοῦ
495 4281 760 4353 διαθήκης
797 4282 897 4334 οὐκ
935 4282 1255 4354 ἐπιλήσμων
1301 4287 1329 4338 ό
1379 4286 1831 4355 ἀψευδέστατος),

248 4373 371 4424 οίιτε
404 4371 616 4442 ἀνέχων
646 4373 1011 4434 παντάπασιν,
1045 4374 1129 4426 ἵνα
1167 4374 1242 4445 μὴ
1272 4376 1432 4429 πάλιν
1476 4377 1658 4431 Ἡλίου
1689 4380 1832 4444 τινὸς

1957 3281 2167 3339 rantur,
2203 3282 2257 3326 et
2283 3274 2595 3326 animantur
2624 3273 2955 3339 animantia,
3005 3274 3087 3329 vel
3136 3277 3314 3329 anima
3346 3279 3523 3346 potius

1956 3381 2077 3420 cum
2102 3381 2331 3434 corpore
2361 3376 2739 3435 conservatur,
2778 3368 2829 3420 in
2857 3383 2963 3437 quo
2990 3383 3216 3436 corpora
3240 3411 3254 3435 ,
3283 3377 3338 3423 et
3368 3368 3527 3440 cujus

1952 3474 2054 3526 0pc
2086 3467 2248 3526 atque
2277 3456 2586 3526 adjumettto
2636 3458 2929 3526 loquimur,
2985 3460 3036 3513 in
3070 3475 3178 3529 quo
3221 3461 3422 3525 lumen,
3472 3472 3526 3517 et

1949 3566 2036 3605 res
2084 3550 2284 3604 lumine
2346 3548 2606 3619 perfusar,
2670 3563 2834 3619 atque
2887 3550 3000 3622 ipse
3049 3551 3211 3605 etiam
3255 3563 3512 3621 aspectus

1947 3659 2044 3712 per
2073 3658 2194 3698 eum
2224 3643 2432 3698 fluens?
2468 3643 2632 3700 Volre
2667 3645 2777 3713 jam
2822 3645 3002 3699 animo
3032 3659 3095 3698 ea
3124 3660 3241 3715 quin
3274 3661 3520 3716 sequun-

1948 3747 2032 3789 tur
2069 3753 2081 3789 :
2120 3750 2219 3790 nec
2253 3737 2395 3789 enim
2448 3737 2577 3790 mihi
2610 3737 2688 3792 fas
2720 3747 2802 3791 est
2830 3737 2940 3792 aeri
2978 3738 3287 3791 universum
3332 3750 3519 3790 carum

1945 3842 2124 3880 rerum
2154 3826 2437 3896 imperium
2468 3826 2692 3897 largiri,
2729 3843 2847 3897 qua:
2879 3827 3021 3880 aeris
3046 3842 3166 3881 esse
3197 3835 3507 3881 censentur.

1943 3919 2072 3986 Qua:
2106 3928 2388 3973 ventorqu
2444 3919 2848 3989 promptuaria?
2892 3919 2993 3987 Qui
3045 3918 3184 3973 nivis
3237 3919 3520 3973 thesauri?

1942 4010 2074 4079 Quis
2106 4012 2248 4065 roris
2289 4012 2482 4079 stillas,
2516 4020 2574 4065 ut
2605 4028 2725 4066 cmn
2759 4010 3041 4081 Scriptura
3084 4010 3296 4080 loquar,
3348 4025 3515 4080 pepe-

1940 4104 2051 4157 rit?
2101 4103 2142 4157 E
2184 4103 2339 4173 cujus
2389 4113 2544 4158 utero
2596 4103 2797 4172 glacies
2848 4118 3071 4174 egressa
3119 4111 3204 4156 est
3236 4101 3321 4155 "‘2
3384 4103 3516 4167 Quis

1937 4208 2132 4263 aquam
2167 4196 2218 4248 iu
2249 4193 2481 4250 nubibus
2508 4195 2691 4263 alligat
2716 4196 2783 4259 ”,
2838 4209 3065 4263 eamque
3093 4193 3159 4262 (ο
3192 4208 3303 4248 rem
3337 4194 3514 4249 adiui-

1941 4286 2166 4339 raudam
2195 4285 2249 4353 Ξ)
2277 4286 2474 4355 partim
2506 4285 2559 4340 in
2586 4285 2819 4340 nubibus
2861 4285 2979 4355 ﬁgit
3023 4285 3188 4339 verbo
3226 4299 3509 4352 compres-

1937 4392 2076 4441 sam,
2114 4377 2326 4431 tametsi
2357 4386 2547 4430 natura
2586 4390 2681 4429 sua
2720 4375 2916 4429 fluxam
2950 4385 3003 4429 et
3032 4374 3243 4428 labilem
3264 4412 3279 4437 ,
3310 4376 3508 4441 partim

247 4463 551 4535 δεηθῶμεν,
575 4464 674 4535 τὴν
700 4464 971 4536 ξηρότητα
996 4465 1211 4529 λύοντος
1236 4485 1249 4533 ;
1289 4468 1413 4520 Ἐὰν
1439 4467 1649 4541 κλείσῃ,
1671 4472 1822 4541 φησὶ,

1961 4483 1991 4520 ιι
2030 4467 2193 4520 totius
2238 4475 2397 4520 teme
2445 4465 2635 4519 faciem
2668 4464 2921 4528 effundit,
2960 4478 3022 4517 ac
3076 4464 3396 4530 tempestive
3452 4472 3508 4518 et

246 4558 334 4611 τὸν
366 4558 616 4628 οὐρανὸν,
664 4558 747 4620 τίς
794 4557 1029 4623 ἀνοίξει;
1075 4557 1168 4610 ἐὰν
1208 4558 1262 4610 δὲ
1301 4558 1490 4631 ἀνοίξῃ
1532 4560 1660 4623 τοὺς
1698 4578 1829 4614 κατ-

250 4649 535 4720 αράκτας,
575 4649 659 4713 τίς
707 4648 951 4713 συνέξεις
989 4649 1071 4713 τίς
1114 4650 1246 4703 οἴσει
1278 4651 1374 4723 τὴν
1423 4652 1509 4704 ἐπ’
1543 4652 1826 4725 ἀμφότερα

244 4740 336 4794 τοῦ
369 4742 675 4805 ὑετίζοντος
716 4740 1004 4810 ἀμετρίαν,
1050 4740 1147 4794 ἐὰν
1201 4742 1274 4813 μὴ
1321 4745 1435 4807 τοῖς
1491 4742 1684 4797 ἐαυτοῦ
1730 4746 1825 4815 μέ-

220 4849 390 4900 .τροις
425 4835 521 4887 καὶ
573 4833 852 4904 σταθμοῖς,
899 4834 1195 4907 διεξαγάγῃ
1238 4835 1349 4904 (77)
1379 4834 1449 4888 τὰ
1494 4835 1819 4907 σύμπαντα;

244 4926 306 4979 Τί
343 4943 432 4996 μοι
464 4925 852 4997 φιλοσοφήσεις
879 4928 1007 4997 περὶ
1034 4925 1330 4999 ἀστραπῶν
1363 4929 1457 4981 καὶ
1489 4927 1748 5000 βροντῶν,
1778 4920 1823 4980 ὦ

247 5013 478 5086 βροντῶν
523 5015 634 5069 ἀπὸ
661 5016 766 5086 γῆς
808 5017 895 5083 σὺ,
953 5016 1046 5072 καὶ
1100 5017 1221 5071 οὐδὲ
1276 5020 1489 5089 μικροῖς
1529 5019 1822 5092 σπινθῆρσι

310 5172 355 5204 ’⁸
372 5170 475 5226 Job
506 5186 659 5237 xm,
714 5170 801 5224 10.

307 5330 419 5399 (71)
452 5327 769 5399 Ποταμοὶὶιο
805 5327 896 5384 Sic
915 5328 1073 5385 codd.
1104 5326 1160 5381 In
1184 5326 1298 5389 etl.,
1329 5328 1625 5399 ποταμούς.

306 5396 418 5521 (72)
464 5396 678 5481 Τρυφή..
706 5417 728 5452 ι
756 5400 1052 5481 ᾼΙίιηοιιίο.
1083 5417 1103 5449 ι
1130 5413 1235 5452 non
1260 5413 1363 5467 qua
1390 5396 1605 5451 alantur
1636 5410 1812 5465 aqua,

306 5491 310 5520 ι
357 5486 461 5521 una
487 5486 571 5521 res
596 5470 733 5521 altas
756 5485 884 5521 lusa:
912 5484 1065 5521 aauze
1095 5469 1266 5521 alunt.

242 5483 329 5524 seu
357 5486 461 5537 qua
487 5486 571 5525 res
596 5483 733 5524 altas
756 5485 884 5537 Ipsae
912 5484 1065 5537 aquze
1095 5483 1266 5522 alunt.

305 5535 415 5609 (73)
455 5538 724 5606 Βώλους.
776 5535 872 5594 Sic
912 5535 1075 5604 LXX,
1115 5548 1171 5595 et
1211 5536 1306 5593 Or.
1356 5538 1412 5593 1.
1459 5535 1516 5592 In
1570 5536 1685 5604 ed.,
1726 5536 1814 5608 βό-

241 5605 413 5749 10.33)
451 5681 664 5735 Φύσιν.
701 5679 832 5752 Reg.
866 5681 1053 5751 Cypr.,
1078 5679 1176 5750 τὴν
1201 5678 1380 5747 φύσιν.

1933 4558 2125 4628 α’(ιιιοΙί
2163 4557 2323 4611 modo
2360 4557 2565 4625 spargit
2593 4574 2607 4610 :
2634 4571 2699 4611 ac
2746 4570 2921 4624 neque
2969 4555 3244 4609 humidam
3289 4569 3506 4609 omnem

1935 4649 2300 4707 substantiam
2361 4648 2584 4705 liberam
2618 4659 2670 4704 et
2703 4648 2933 4703 solutam
2968 4647 3225 4717 relinquit
3272 4644 3508 4716 (sufficit

1931 4744 2076 4799 enim
2143 4743 2393 4814 purgatio
2439 4743 2567 4809 illa,
2630 4758 2749 4811 qua:
2798 4753 3039 4812 tempore
3088 4741 3201 4797 Noe
3255 4741 3503 4812 contigit,

1928 4836 2182 4905 pactique
2211 4836 2294 4891 sui
2326 4836 2374 4867 ἰ
2406 4836 2720 4890 memoriam
2756 4835 3163 4905 haudquaquam
3192 4835 3233 4888 is
3263 4832 3457 4900 abjccit
3487 4873 3504 4899 ,

1930 4928 2021 4999 qui
2069 4928 2138 4983 ab
2179 4927 2326 4983 omni
2371 4926 2648 4982 mendacio
2680 4938 2761 4981 est
2788 4925 3208 4996 alienissimus),
3246 4940 3344 4980 nec
3382 4941 3505 4981 rur-

1929 5032 2023 5074 sus
2072 5019 2292 5074 omnino
2320 5018 2549 5085 inhibet,
2590 5031 2655 5072 ne
2697 5017 2893 5072 iterum
2949 5016 3063 5071 Elia
3102 5017 3334 5086 qundam
3362 5031 3499 5088 opus

887 5171 930 5203 ³⁸
982 5170 1151 5226 Exod.
1188 5185 1302 5246 xvi,
1334 5171 1400 5225 18
1437 5184 1591 5243 seqq.
1667 5171 1712 5204 "
1741 5171 1841 5228 Job

1956 5188 2100 5238 mn,
2137 5171 2228 5241 28,
2256 5172 2346 5229 29.
2423 5172 2468 5207 ”
2495 5171 2638 5227 Psal.
2673 5187 2898 5238 cxxnv,
2941 5173 2991 5227 7.
3068 5174 3114 5206 “
3137 5171 3273 5229 Gen.
3304 5190 3378 5239 Ix,
3409 5174 3495 5229 12.

1995 5326 2108 5399 (75)
2159 5326 2434 5399 Ἑκχέων.
2459 5324 2552 5381 Sic
2580 5324 2687 5381 duo
2718 5325 2911 5398 liegg.,
2949 5326 3043 5385 Or.
3080 5329 3103 5382 l
3136 5336 3190 5382 et
3210 5327 3401 5383 Comb.
3436 5331 3495 5384 lu

1921 5396 2269 5483 εάέιξεειέρνο

1993 5468 2105 5540 (76)
2128 5464 2439 5540 ’⁵’Λπασαν.
2472 5464 2604 5537 Reg.
2644 5466 2830 5538 Cypr.,
2868 5466 3061 5537 ἅπασι,
3082 5467 3259 5537 quasi,
3291 5467 3496 5523 παντά-

1921 5539 2075 5601 πασι,
2112 5556 2130 5588 ι
2168 5539 2413 5607 omnino,
2441 5551 2684 5607 prorsus.
2720 5558 2739 5592 ι

1990 5609 2102 5681 (77)
2140 5606 2487 5681 Διεξαγάγῃ.
2517 5607 2648 5680 Reg.
2680 5623 2732 5676 a,
2760 5618 2814 5667 et
2836 5608 2928 5666 ΟΡ.
2959 5609 3011 5677 1,
3036 5607 3280 5687 διεεάγῃ.
3379 5660 3385 5667 .
