4038 6338
541 348 610 404 47
1782 343 1836 400 S.
1878 343 2208 400 GREGORII
2248 340 2593 405 THEOLOGI
3721 356 3789 412 48

541 457 735 517 deinde
766 457 818 510 in
859 471 945 512 res
974 455 1146 510 oculis
1178 451 1450 521 subjectas
1497 455 1735 520 intuens,
1779 465 1942 526 atque
1977 459 2105 512 adeo

2219 460 2380 532 μέχρι
2418 462 2622 515 τούτων
2652 461 2899 533 ἔστησεν.
2941 465 3014 517 Οὑ
3049 465 3158 535 γὰρ
3191 460 3259 537 ἦν
3299 457 3464 534 ’λόγου
3494 467 3674 520 δοῦναι
3696 467 3788 538 τὴν

540 567 629 619 ea,
658 565 778 622 quae
801 551 868 606 ab
899 551 1054 606 initio
1083 549 1296 604 condita
1329 557 1476 616 sunt,
1521 549 1896 615 considerans,
1929 565 1996 605 ne
2024 553 2113 606 hic

539 648 755 719 quidem
800 645 963 718 508
1015 642 1239 713 gradum
1288 639 1427 695 ﬁxit.
1470 639 1656 711 Neque
1696 642 1842 696 enim
1884 643 2111 699 rationis

538 748 677 805 erat,
709 739 796 803 iis,
831 752 948 806 quae
969 775 984 800 ,
1017 743 1278 804 quantum
1307 734 1372 786 ad
1411 746 1651 795 sensum,
1685 733 1802 801 pari
1827 735 2109 788 nobiscum

538 831 842 888 conditione
871 837 996 882 sunt
1019 867 1036 892 ,
1062 826 1426 896 principatum
1463 824 1612 878 dare.
1645 824 1784 890 Quin
1820 826 1996 892 potius
2018 841 2115 880 co-

538 938 655 980 rum
681 935 783 990 ope
814 927 976 988 atque
1019 917 1330 987 adjumento
1365 931 1462 969 nos
1489 915 1556 968 ad
1590 915 1640 968 id
1663 955 1678 980 ,
1721 917 1864 985 quod
1896 916 1976 970 his
2021 932 2112 971 su-

535 1015 715 1086 perius
747 1019 850 1076 est,
874 1008 1137 1080 cujusque
1167 1006 1431 1062 beneﬁcio
1460 1007 1576 1060 haec
1615 1016 1761 1071 sunt,
1789 1006 2111 1073 ditcit.Quid

534 1105 679 1162 enim
715 1105 926 1158 tandem
959 1101 1088 1154 illud
1122 1108 1235 1163 est,
1264 1099 1407 1168 quod
1437 1099 1678 1153 caelestia
1716 1109 1767 1154 et
1813 1099 2108 1165 terrestria,

535 1211 798 1271 quaeque,
831 1193 914 1248 vel
947 1206 1042 1262 per
1085 1205 1299 1257 aerem,
1334 1191 1414 1244 vel
1455 1205 1552 1260 per
1599 1204 1791 1257 aquam
1837 1188 2106 1254 feruntur,

534 1290 619 1345 vel
647 1289 826 1359 potius
851 1300 934 1350 ea,
965 1298 1084 1354 quae
1117 1283 1202 1337 his
1232 1283 1412 1352 priora
1440 1289 1588 1344 sunt,
1627 1282 1850 1341 omium.
1883 1291 2106 1347 terram,

537 1396 741 1444 aerem,
773 1392 967 1448 aquam
997 1384 1150 1432 certo
1193 1375 1383 1429 ordine
1431 1373 1756 1430 collocavit?
1801 1372 1933 1438 Quis
1996 1375 2110 1428 haec

537 1473 754 1528 miscuit
781 1485 844 1525 ac
871 1467 1144 1540 seiunxit?
1175 1466 1304 1534 Quae
1330 1473 1512 1520 mutua
1542 1466 1731 1518 horum
1763 1465 1997 1520 societas
2023 1480 2113 1518 na-

538 1573 776 1632 turazque
801 1561 1051 1631 cognatio
1075 1568 1129 1614 et
1153 1558 1484 1630 conspiratio
1509 1559 1532 1610 ?
1572 1557 1687 1614 Hoc
1715 1559 1856 1613 enim
1885 1557 2105 1624 dictum,

536 1656 665 1712 licet
693 1654 928 1710 hominis
959 1665 992 1706 a
1026 1652 1288 1721 religione
1337 1661 1522 1706 nostra
1572 1651 1734 1706 alieni
1766 1691 1781 1714 ,
1830 1651 1963 1705 mihi
1999 1666 2108 1704 ma-

537 1759 776 1818 gnopere
815 1746 1117 1814 probatur:
1156 1741 1291 1808 Qui:
1320 1751 1512 1795 motum
1540 1742 1620 1796 his
1661 1741 1870 1807 attulit,
1901 1759 1962 1795 ac
1987 1759 2108 1811 per-

2217 552 2517 624 ἡγεμονεαν
2565 557 2680 618 τοῖς
2715 555 2997 627 ὁμοτίμοις
3057 557 3195 610 κατὰ
3242 558 3342 628 τὴν
3383 558 3630 630 αἴσθησιν
3654 558 3788 629 (84).

2215 643 2324 695 Καὶ
2359 643 2448 696 διὰ
2473 644 2680 699 τούτων
2725 646 2847 714 ἄγει
2905 647 3042 718 πρὸς
3067 648 3128 700 τὸ
3174 648 3313 720 ὑπὲρ
3337 648 3529 713 ταῦτα,
3581 650 3675 703 καὶ
3725 651 3788 704 δι’

2214 724 2274 784 οὗ
2301 733 2410 805 (85)
2442 734 2650 799 τούτοις
2685 736 2746 788 τὸ
2765 731 2902 790 εἶναι
2932 737 3231 808 περίεστιν.
3279 738 3344 791 Τί
3387 738 3494 810 γὰρ
3533 739 3594 791 τὸ
3622 737 3790 805 τάξαν

2213 823 2284 878 τὰ
2314 825 2546 897 οὐράνιὰ
2582 843 2641 879 τε
2679 825 2789 897 (86)
2817 828 2907 880 καὶ
2931 828 2998 880 τὰ
3024 828 3263 897 ἐπίγεια,
3298 830 3397 882 ὅσα
3436 847 3494 882 τε
3521 829 3587 882 δι’
3611 830 3789 900 ἀέρος,

2215 909 2308 970 διαὶ
2335 919 2433 972 ὅσα
2460 919 2582 973 καθ’
2619 919 2830 984 ὓδατος,
2874 920 3072 991 μᾶλλον
3118 923 3174 977 δὲ
3203 922 3272 976 τὰ
3301 922 3406 993 πρὸ
3429 922 3654 986 τούτων,
3704 923 3792 975 οὑ-

2215 1009 2395 1080 ρανὸν,
2424 1011 2517 1062 καὶ
2539 1011 2663 1081 γῆν,
2695 1013 2787 1064 κα).
2821 1011 2976 1083 ἀέρα,
3004 1012 3098 1066 καὶ
3129 1012 3288 1083 φύσιν
3311 1013 3529 1078 SBa-cog;
3553 1014 3646 1077 Τίς
3666 1013 3793 1066 ταῦ-

2211 1119 2280 1154 τα
2300 1100 2451 1172 ἔμιξε
2475 1103 2566 1155 καὶ
2584 1104 2837 1174 ἐμέρισεν
2859 1121 2873 1168 ;
2898 1105 2980 1169 τίς
3007 1105 3117 1174 (87)
3145 1106 3399 1160 κοινωνία
3426 1106 3632 1160 τούτων
3657 1107 3793 1178 πρὸς

2213 1191 2439 1263 ἄλληλα,
2493 1195 2586 1246 καὶ
2613 1197 2892 1264 συμφυῖα,
2930 1198 3024 1250 καὶ
3076 1197 3382 1268 σὺμπνοια;
3419 1199 3658 1253 Ἐπαινῶ
3686 1200 3793 1272 γὰρ

2213 1284 2301 1336 τὸν
2331 1285 2586 1357 εἰρηκότα
2619 1286 2750 1357 (88),
2785 1288 2888 1341 κᾶν
2903 1288 3177 1360 ἀλλότριος
3291 1291 3400 1362 (89)
3437 1292 3497 1344 Τί
3523 1291 3587 1344 τὸ
3613 1293 3795 1346 ταῦτα

2212 1379 2549 1446 κεκινηκὸς,
2582 1381 2679 1434 καὶ
2724 1379 2873 1450 ἄγον
2927 1381 3036 1453 (90)
3098 1382 3213 1451 τὴν
3277 1383 3545 1451 ἄληκτον
3601 1385 3794 1454 φορὰν

2210 1471 2309 1523 καὶ
2355 1470 2668 1526 ἀκώλυτον
2709 1488 2723 1537 ;
2774 1467 2864 1544 ἆρ’
2923 1473 3021 1543 οὑχ
3068 1475 3098 1526 ὁ
3137 1475 3387 1545 τεχνίτης
3419 1474 3644 1541 τούτων,
3703 1475 3796 1530 καὶ

2214 1564 2347 1614 πᾶσι
2379 1561 2536 1629 λόγον
2592 1562 2786 1626 ἐνθεὶς,
2815 1562 2938 1616 καθ’
2963 1563 3023 1616 ὂν
3048 1563 3109 1617 τὸ
3156 1566 3267 1618 πᾶν
3311 1565 3538 1636 φέρεται
3583 1581 3642 1618 τε
3703 1565 3796 1619 κα).

2211 1652 2514 1721 διεξάγεται
2538 1669 2552 1718 ;
2578 1654 2673 1717 Τίς
2717 1654 2771 1706 δὲ
2802 1656 2831 1706 ὁ
2857 1655 3107 1726 τεχνίτης
3138 1655 3340 1720 τούτων
3362 1673 3377 1723 ;
3399 1655 3486 1729 ἆρ’
3517 1658 3617 1728 οὑχ
3637 1659 3666 1712 ὁ
3693 1675 3794 1710 πε-

2216 1744 2457 1815 ποιηκὼς
2499 1745 2609 1815 (9-1)
2636 1745 2828 1810 ταῦτα,
2886 1747 2977 1799 κα).
3006 1748 3086 1810 εἰς
3123 1747 3183 1800 τὸ
3222 1743 3362 1800 εἶναι
3393 1747 3502 1819 (92)
3536 1737 3794 1821 παραγαέ

535 1805 690 1909 petua
761 1836 1072 1906 minimeque
1133 1835 1380 1903 impedito
1441 1849 1597 1888 cursu
1653 1851 1714 1887 ea
1771 1833 2105 1888 moderaturi

2217 1835 2360 1902 γών;
2397 1835 2456 1887 οὑ
2485 1835 2595 1906 γὰρ
2645 1835 2708 1907 δὴ
2732 1835 2810 1906 τῷ
2838 1838 3130 1908 αὐτομάτῳ
3170 1837 3353 1891 δοτέον
3380 1838 3653 1911 τοσαύτην
3700 1839 3794 1894 66-

535 1931 618 1985 An
659 1944 767 1983 non
808 1941 996 1982 eorum
1026 1924 1223 1979 artifex
1247 1933 1302 1980 et
1333 1923 1623 1992 qui-rebus
1653 1923 1905 1978 omnibus
1938 1925 2105 1979 ratio-

2212 1945 2395 1999 ναμιν.
2429 1929 2609 1982 Ἔστω
2631 1927 2740 2001 γὰρ
2765 1929 2826 1982 τὸ
2862 1929 3115 1998 γενέσθαι
3155 1929 3250 1982 τοῦ
3281 1931 3614 2000 αὐτομάτου·
3644 1930 3794 1996 τινος

535 2038 660 2080 nem
698 2035 818 2076 eam
850 2018 1071 2084 indidit,
1112 2032 1216 2087 qua
1280 2016 1592 2072 universum
1628 2014 1799 2069 fertur
1824 2025 1876 2068 et
1915 2016 2105 2085 guber-

2212 2019 2268 2072 τὸ
2301 2017 2490 2084 τάξαις
2540 2020 2652 2072 Καὶ
2701 2019 2880 2083 τοῦτο,
2921 2021 2969 2072 εἰ
3011 2021 3176 2084 δοκεῖ,
3209 2020 3406 2092 δῶμεν·
3441 2021 3584 2084 τίνος
3610 2021 3672 2074 τὸ
3702 2037 3798 2090 τη-

535 2117 732 2174 ιιειυτέ
759 2115 889 2183 Quis
925 2127 1088 2183 porro
1127 2112 1320 2166 horum
1369 2107 1604 2163 artifex?
1653 2109 1734 2161 An
1774 2124 1877 2162 non
1924 2110 1988 2171 is,
2018 2109 2105 2176 qui

2212 2110 2374 2182 ρῆσαι
2409 2111 2503 2162 καὶ
2537 2111 2768 2178 φυλάξαι
2795 2110 2916 2164 καθ’
2960 2110 3055 2174 οὓς
3080 2112 3297 2183 πρῶτον
3331 2112 3540 2184 ὑπέστη
3570 2112 3795 2182 λόγουςς

536 2216 650 2268 haec
677 2207 984 2281 procreavit
1023 2214 1187 2272 atque
1220 2202 1273 2256 in
1309 2216 1487 2256 rerum
1530 2209 1778 2253 naturam
1807 2199 2105 2268 produxit?

2212 2202 2392 2273 ἑτέρου
2426 2202 2588 2268 τινὸς,
2620 2204 2652 2273 ἣ
2687 2203 2779 2256 τοῦ
2805 2202 3112 2274 αὐτομάτου
3134 2219 3149 2266 ;
3175 2202 3396 2274 Ἐτέρου
3416 2203 3613 2274 δηλαδὴ
3642 2203 3798 2274 παρὰ

535 2304 722 2374 Neque
751 2299 896 2356 enim
925 2293 1279 2367 proculdubio
1327 2291 1471 2345 casui
1505 2290 1840 2358 fortunazqne
1875 2289 1990 2344 haec
2023 2289 2105 2344 vis

2212 2293 2263 2345 τὸ
2307 2294 2632 2364 αὐτόματον.
2691 2293 2860 2347 Τοῦτο
2911 2295 2968 2347 δὲ
2997 2295 3047 2348 τι
3098 2312 3230 2348 ποτε
3262 2295 3390 2348 ἄλλο
3433 2295 3572 2366 πλὴν
3619 2295 3791 2358 Θεόςς

535 2405 590 2452 et
627 2391 855 2448 facultas
893 2383 1212 2443 ascribenda
1258 2393 1361 2437 εει.
1397 2381 1466 2436 Ut
1520 2383 1662 2436 enim
1726 2381 1827 2435 hoc
1872 2381 2059 2436 demus
2089 2423 2104 2448 ,

2212 2384 2392 2449 Οὕτως
2420 2389 2448 2439 ὁ
2477 2389 2540 2440 ὲκ
2563 2386 2696 2439 Θεοῦ
2723 2385 2878 2455 λόγος
2911 2388 3006 2440 καὶ
3027 2389 3161 2440 πᾶσι
3191 2388 3486 2458 σύμφυτος,
3521 2387 3616 2441 κα).
3642 2387 3798 2459 πρῶ-

533 2501 664 2543 casu
691 2482 872 2540 omnia
901 2478 1196 2540 exstitisse,
1217 2479 1302 2530 cui
1335 2477 1547 2530 tandem
1580 2489 1767 2529 eorum
1793 2476 2105 2530 constitutio

2212 2493 2294 2539 τος
2343 2477 2398 2529 ἐν
2447 2477 2576 2546 ἡμῖν
2626 2477 2736 2546 (95)
2785 2478 2948 2548 νόμος
2988 2478 3084 2531 καὶ
3118 2479 3251 2532 πᾶσι
3291 2479 3654 2549 συνημμένος,
3706 2479 3798 2533 ἐπὶ

534 2593 600 2634 ac
628 2572 910 2645 dispositio
958 2567 1240 2624 tribuenda
1268 2565 1417 2620 erit?
1458 2565 1633 2634 Atque
1671 2573 1728 2617 ut
1763 2564 1865 2618 hoc
1895 2578 2105 2632 quoque

2215 2567 2347 2618 Θεὸν
2367 2569 2515 2637 ἡμᾶς
2545 2567 2816 2637 ἀνήγαγεν
2845 2570 2909 2620 ὲκ
2932 2567 3039 2622 τῶν
3057 2568 3368 2640 ὁρωμένων.
3388 2569 3499 2622 Καὶ
3526 2568 3590 2641 δὴ
3617 2568 3797 2639 λέγω-

533 2673 709 2741 ipsum
735 2707 749 2731 ,
778 2666 824 2720 si
856 2666 926 2718 ita
955 2663 1104 2717 lubet
1123 2699 1138 2721 ,
1176 2658 1323 2714 casui
1351 2657 1712 2712 concedamus
1741 2694 1755 2720 ,
1803 2654 2105 2722 cujusuam,

2213 2675 2313 2728 μεν
2345 2657 2456 2729 (94)
2491 2658 2796 2729 ἀρξάμενοι
2821 2659 3004 2716 πάλιν.

535 2776 742 2835 quaeso,
782 2758 967 2822 fuerit,
1001 2755 1136 2819 hzec,
1161 2752 1317 2820 juxta
1381 2765 1474 2805 eas
1541 2749 1798 2814 rationes,
1835 2747 2032 2816 quibus
2090 2749 2322 2817 primum
2373 2763 2551 2804 creata
2592 2761 2756 2815 sunt,
2831 2751 2964 2805 tueri
3005 2759 3168 2821 atque
3229 2751 3598 2807 con-servare?
3634 2749 3794 2808 Alte-

534 2858 720 2914 riusne
755 2849 1053 2922 cujuspian:
1076 2886 1092 2912 ,
1151 2863 1216 2901 an
1245 2843 1440 2900 casus?
1478 2842 1716 2897 Alterius
1751 2844 1992 2912 profecto
2019 2884 2032 2906 ,
2068 2859 2174 2898 non
2206 2859 2386 2901 casus.
2433 2845 2546 2900 lloc
2585 2857 2764 2901 autem
2799 2847 2927 2916 quid
2957 2848 3170 2901 tandem
3211 2845 3354 2901 aliud
3414 2861 3536 2902 esse
3605 2856 3794 2917 queat,

535 2963 697 3020 quam
746 2943 936 3000 Deus?
989 2942 1080 2996 Sic
1131 2940 1292 3004 ratio,
1323 2953 1443 3006 qum
1467 2951 1532 2991 ex
1567 2937 1675 2991 Deo
1702 2947 1806 3002 est,
1852 2945 1906 2989 ct
1929 2937 2141 2992 cunctis
2177 2937 2341 2992 insita
2368 2978 2384 3004 ,
2415 2949 2470 2994 et
2511 2939 2682 3010 prima
2734 2939 2787 2993 in
2819 2938 3126 3008 pectoribus
3166 2938 3367 2992 nostris
3405 2937 3626 2993 condita
3669 2937 3798 3026 lex,

533 3041 849 3108 cunctisque
881 3033 1197 3090 mortalibus
1236 3033 1456 3093 innexa,
1493 3045 1591 3084 nos
1622 3031 1689 3084 ab
1732 3031 1796 3084 iis
1841 3031 2003 3084 rebus
2029 3071 2045 3097 ,
2090 3045 2210 3100 qua:
2234 3033 2404 3088 oculis
2436 3043 2752 3100 cernuntur,
2791 3032 2861 3088 ad
2896 3033 3060 3087 Deum
3102 3031 3370 3086 subvexit.
3418 3031 3497 3086 Ac
3566 3033 3798 3103 proinde

536 3139 638 3191 hoc
696 3141 857 3202 pacto
909 3143 1095 3183 rursus
1149 3125 1515 3182 exordiamur.

608 3223 768 3281 XVII.
800 3221 946 3289 Quid
983 3218 1196 3274 tandem
1231 3217 1370 3272 Deus
1420 3225 1612 3269 natura
1653 3229 1749 3268 sua
1786 3225 1840 3270 et
1866 3216 2103 3270 essentia

2279 3219 2374 3271 lZ'.
2411 3215 2562 3282 Θεὸν,
2617 3215 2645 3269 ὅ
2693 3213 2746 3266 τί
2779 3229 2908 3266 ποτε
2955 3212 3052 3283 μὲν
3084 3211 3200 3265 ἔστι
3247 3211 3346 3283 τὴν
3374 3211 3533 3282 φύσιν
3566 3211 3659 3268 καὶ
3697 3213 3798 3286 τὴν

535 3316 630 3384 sit,
657 3328 762 3369 nec
792 3313 1069 3368 bommum
1109 3307 1398 3378 quisquam
1457 3321 1692 3375 unquam
1727 3306 1976 3370 invenit,
2011 3321 2112 3362 nec

533 3406 782 3463 invenire
806 3409 1004 3473 potest.
1034 3401 1114 3453 An
1145 3413 1275 3454 vero
1320 3397 1611 3466 aliquando
1643 3397 1715 3451 sit
1745 3397 2067 3454 inventurus
2092 3438 2106 3464 ,

533 3504 743 3570 quaerat
764 3493 868 3548 hoc
894 3491 982 3562 qui
1018 3489 1181 3552 volet,
1217 3503 1281 3543 ac
1314 3496 1712 3557 perscrutetur.
1739 3485 1852 3540 Mea
1889 3488 2106 3554 quidem

531 3589 826 3654 sententia,
855 3594 965 3638 tum
1003 3583 1217 3638 demum
1252 3581 1355 3635 hoc
1385 3580 1646 3646 inveniet,
1684 3595 1809 3632 cum
1845 3579 2109 3634 deiforme

534 3684 640 3739 hoc
666 3691 828 3749 atque
854 3675 1116 3737 divinum,
1169 3672 1219 3726 id
1253 3681 1372 3734 est,
1405 3686 1559 3724 mens
1618 3677 1804 3722 nostra
1866 3678 1920 3722 ct
1973 3671 2110 3724 ratio

534 3788 658 3830 cum
699 3781 891 3826 natura
931 3775 1159 3836 cognata
1197 3762 1486 3832 conjuncta
1525 3760 1708 3826 fuerit,
1745 3769 1798 3812 et
1833 3760 2007 3828 imago
2037 3759 2108 3813 ad

532 3861 798 3933 exempla.
831 3859 962 3914 illud
1000 3853 1346 3922 suum,cujus
1376 3865 1517 3905 nunc
1545 3849 1814 3905 desiderio
1848 3849 2106 3918 tangitur,

533 3951 855 4010 ascenderit.
875 3951 1050 4017 Atque
1082 3945 1209 4000 illud
1245 3944 1374 3998 mihi
1404 3956 1524 3997 esse
1549 3942 1778 4006 videtur,
1813 3939 1954 4010 quod
1992 3943 2106 4012 pri-

531 4049 763 4102 marium
787 4036 1133 4112 philosophia:
1159 4045 1315 4105 caput
1348 4042 1450 4099 est,
1469 4047 1658 4101 nempe
1682 4047 1778 4087 nos
1818 4031 2106 4101 aliquando

536 4144 723 4191 autum
789 4128 1132 4198 cognituros,
1179 4135 1435 4194 quantum
1486 4123 1683 4192 cogniti
1731 4138 1918 4178 sumus
1964 4123 2103 4176 59-“.

502 4228 606 4282 .At
650 4224 706 4278 in
760 4221 863 4275 hac
912 4214 1293 4282 mortali,vita
1347 4213 1607 4284 quidquid
1658 4214 1725 4268 ad
1789 4229 1888 4269 nos
1940 4228 2108 4285 usque

534 4308 813 4384 pertingit,
849 4305 995 4360 aliud
1017 4293 1277 4366 nihil'cst,
1307 4316 1467 4372 quam
1493 4301 1724 4372 exiguus
1767 4302 1982 4370 quidam
2027 4303 2104 4357 ri-

534 4403 711 4467 vulus,
735 4413 800 4455 ac
821 4395 964 4453 velut
1004 4394 1394 4466 Sos-parvus
1447 4407 1654 4463 magnae
1708 4392 1844 4448 lucis
1897 4393 2098 4448 radius.

533 4492 893 4563 Quamobrem
934 4487 978 4544 si
1015 4487 1140 4558 quis
1185 4486 1351 4542 Deum
1377 4485 1650 4557 cognovit,
1681 4493 1796 4551 aut,
1823 4485 2099 4555 Scriptura

603 4605 764 4660 ιιι-σοι
790 4605 914 4661 Cor.
947 4603 1178 4670 xm,12.

2217 3308 2441 3372 οὑσίαν,
2495 3307 2620 3360 οὔτε
2667 3322 2751 3369 τις
2804 3299 2964 3376 εὗρεν
3025 3303 3328 3376 ἀνθρώπων
3386 3303 3624 3372 πώποτε,
3667 3305 3798 3360 οὔτε

2221 3400 2328 3469 μὴν
2367 3397 2476 3470 (95)
2499 3396 2653 3470 εὕρῃ.
2691 3395 2831 3448 Ἀλλ’
2868 3396 2918 3448 εἰ
2949 3393 3052 3466 μὲν
3078 3395 3301 3465 εὑρήσει
3335 3394 3490 3458 ποτὲ,
3521 3396 3798 3466 ζητείσθω

2217 3487 2392 3550 τοῦτο,
2425 3489 2520 3542 καὶ
2550 3485 2942 3556 φιλοσοφεῖσθω
2977 3485 3125 3557 παρὰ
3152 3485 3260 3537 τῶν
3308 3485 3665 3555 βουλομένων·
3696 3491 3796 3542 εὑ-

2222 3580 2374 3647 ρήσει
2399 3578 2475 3638 δὲ,
2519 3577 2594 3638 ὡς
2630 3580 2658 3629 ὁ
2703 3575 2834 3645 ὲμὸς
2870 3575 2978 3644 (96)
3016 3575 3191 3642 λόγος,
3234 3574 3449 3628 ἐπειδὰν
3482 3575 3542 3627 τὸ
3561 3575 3796 3644 θεοειδὲς

2216 3663 2372 3716 τοῦτο
2405 3663 2494 3715 καὶ
2521 3664 2683 3724 θεῖον,
2714 3661 2854 3731 λέγω
2883 3663 2939 3716 δὲ
2975 3663 3064 3716 τὸν
3095 3663 3359 3734 ἡμέτερον
3408 3663 3531 3718 νοῦν
3576 3683 3637 3720 τε
3696 3671 3794 3723 καὶ

2215 3756 2392 3824 λόγον,
2425 3756 2502 3826 τῷ
2527 3757 2711 3826 οἰκείῳ
2739 3755 2847 3825 (97)
2873 3741 3173 3826 προσμίξῃ,
3211 3756 3304 3808 καὶ
3331 3757 3362 3826 ἡ
3392 3756 3555 3810 εἰκὼν
3583 3743 3802 3835 ἀνέλθῃ.

2217 3847 2352 3915 πρὸς
2367 3846 2424 3899 τὸ
2447 3846 2774 3918 ἀρχέτυπον,
2807 3842 2867 3901 οὑ
2896 3847 2989 3899 νῦν
3016 3847 3130 3916 ἔχει
3159 3848 3257 3920 τὴν
3279 3848 3480 3917 ἔφεσιν.
3501 3851 3610 3904 Καὶ
3630 3851 3794 3906 τοῦτο

2217 3934 2354 3992 εἷναί
2380 3956 2466 4008 μοι
2497 3938 2642 3991 δοκεῖ
2681 3939 2740 3992 τὸ
2766 3938 2906 3992 πάνυ
2953 3939 3244 4008 φιλοσοφοὺ
3253 3957 3432 4010 μενον,
3457 3941 3790 4014 ἐπιγνώσε-

2199 4033 2359 4086 σθαί
2411 4045 2554 4085 ποτε
2603 4030 2799 4100 ἡμᾶς,
2851 4032 3004 4085 ὅσον
3052 4031 3415 4102 ἑγνώσμεθα.
3472 4035 3544 4086 Τὸ
3593 4035 3649 4088 δὲ
3690 4037 3790 4093 νῦν

2217 4117 2354 4174 εἶναι
2367 4121 2472 4192 (98)
2483 4162 2496 4184 ,
2513 4122 2541 4192 β
2548 4121 2740 4192 ραχεῖά
2753 4139 2836 4185 τις
2851 4120 3092 4191 ἀπορροὴ
3114 4122 3219 4174 πᾶν
3235 4121 3294 4175 τὸ
3311 4125 3387 4186 εἰς
3402 4124 3546 4194 ἡμᾶς
3559 4124 3785 4192 φθάνον,

2215 4213 2310 4268 καὶ
2335 4208 2443 4266 οἷον
2477 4212 2710 4283 μεγάλου
2737 4212 2911 4282 φωτὸς
2931 4211 3122 4282 μικρὸν
3143 4212 3669 4285 ἀπαύγασμα.’⁷Ωο-τε
3691 4220 3789 4272 καὶ

2215 4306 2268 4358 εἴ
2291 4323 2372 4367 τις
2395 4303 2533 4372 ἔγνω
2558 4303 2710 4367 Θεὸν,
2736 4303 2768 4373 ἣ
2796 4303 3090 4371 ἐγνωκέναι
3133 4303 3566 4376 μεμαρτύρηται,
3599 4308 3790 4361 τοσοῦο

2215 4411 2304 4447 τον
2330 4391 2489 4461 ἔγνω,
2510 4391 2633 4445 ὅσον
2657 4390 2812 4445 ἄλλον
2844 4391 2918 4462 μὴ
2962 4390 3023 4442 τὸ
3043 4389 3154 4443 ἴσον
3180 4390 3576 4461 ὲλλαμφοέντος
3609 4393 3788 4464 φανῆ-

2215 4501 2302 4538 ναι
2333 4481 2800 4554 φωτοειδέστερος·
2831 4481 2924 4535 καὶ
2957 4480 3018 4534 τὺ
3041 4479 3400 4552 ὑπερϐάλλον,
3438 4480 3644 4534 τέλειον
3670 4481 3788 4534 ενο-

573 4753 576 4756 .
603 4701 716 4773 (84)
745 4699 906 4773 Κατὰ
931 4699 1047 4773 τὴν
1066 4697 1376 4773 αἴσθησιν.
1397 4696 1710 4773 «ﬂuentum
1738 4695 1804 4750 ad
1824 4710 2094 4773 sensum.)

2212 4694 2259 4747 ιιι
2285 4691 2400 4773 ειν
2420 4685 2794 4773 emetat“;-

532 4766 738 4829 Scbollz
770 4771 844 4823 Οὐ
870 4767 1012 4824 κατὰ
1041 4766 1132 4818 τὸν
1169 4767 1311 4820 νοῦν·
1347 4783 1366 4816 ι
1409 4766 1524 4821 Νοιι
1566 4774 1827 4835 quantum
1855 4769 1922 4819 ad
1948 4780 2098 4820 men-

532 4851 718 4982 ιωῗέῦ)
747 4909 826 4982 At’
857 4903 953 4982 οὗ.
992 4924 1012 4982 ς
1047 4851 1235 4982 cuius.
1273 4923 1292 4956 ι
1321 4902 1526 4982 Schol.:
1563 4901 1846 4982 τοὺ-Θεοῖς
1878 4921 1896 4954 ι
1934 4903 2047 4957 Dei.
2075 4921 2095 4954 ι

602 4911 696 4982 (85
747 4910 826 4963 Δι’
857 4910 953 4963 οὗ.
993 4924 1012 4958 ι
1047 4910 1235 4976 Cujus.
1273 4923 1292 4956 ι
1321 4910 1526 4958 Schol.:
1563 4910 1657 4956 τοῦ
1687 4910 1844 4956 Θεοῦ·
1878 4921 1896 4954 ι
1935 4910 2047 4957 Dei.
2075 4921 2095 4954 ι

531 4910 718 5108 0196)
750 4975 1009 5048 Οὐράνιά
1045 4993 1131 5030 τε.
1171 4975 1333 5030 Deest
1367 4989 1428 5026 τε
1466 4975 1518 5029 in
1557 4973 1768 5028 duobus
1808 4972 1999 5044 Regg.,
2045 4982 2101 5027 et

605 5120 715 5186 (87)
741 5121 857 5186 Τίς.
891 5118 1008 5173 Duo
1045 5113 1470 5186 Regg.gadd_unt_,
1495 5114 1552 5184 ἡ.

605 5125 692 5185 (87
741 5125 857 5186 Τίς.
892 5125 1008 5173 Duo
1046 5125 1212 5184 ltegg.
1245 5125 1470 5174 addunt,
1495 5125 1552 5184 η.

601 5125 715 5264 (88)
743 5191 854 5264 T_6r
874 5187 1169 5264 εζρηκιξτᾳ.
1189 5183 1377 5264 Schol.
1409 5183 1501 5264 τον
1562 5181 1843 5264 Πλατωνα·
1866 5201 1883 5233 ι
1906 5181 2100 5264 Plato-

531 5253 732 5318 nein.'r
767 5253 938 5326 Quod'
966 5253 1314 5334 verisimilius
1359 5254 1584 5334 quidem
1637 5253 1840 5305 dictum
1884 5253 2098 5334 videtur

528 5335 597 5413 de
635 5331 739 5414 isto
767 5321 1105 5410 philosopho,
1135 5339 1296 5393 quam
1340 5321 1407 5377 de
1452 5322 1714 5392 Oppiano,
1765 5331 1823 5375 ut
1850 5321 1962 5376 vult
1988 5321 2098 5374 Bil-

551 5415 717 5540 w(889|)
745 5409 905 5524 lignei)
937 5465 1193 5540 ταῆτα...
1349 5460 1678 5540 ἀκῴλυτον.
1699 5459 1825 5515 Haec
1850 5459 1903 5514 in
1927 5458 2090 5517 Coisl.

529 5539 565 5593 5
594 5532 659 5595 ad
691 5532 862 5608 inarg.
889 5532 1490 5608 ascribuntur_PlatOI_ti.

599 5608 713 5688 (99)
741 5597 848 5663 Κάἷ
872 5605 1041 5688 ἆγον,
1091 5615 1196 5688 etc:
1243 5602 1377 5688 βεξζ
1412 5602 1575 5688 Cypr.
1614 5602 1776 5688 habet
1806 5616 1820 5654 :
1867 5598 1962 5652 καὶ
1993 5597 2098 5653 ὑπὸ

527 5671 881 5757 τηύἕᾏηξιεον
910 5671 1080 5748 φοράν
1112 5672 1206 5757 rei
1233 5671 1512 5757 eam:
1537 5671 1761 5757 W72",-

603 5747 715 5809 l9l)
741 5739 817 5803 ’⁸0
845 5739 1200 5814 πεποιηκώς.
1233 5743 1322 5800 Sic
1349 5751 1457 5799 tres
1473 5739 1771 5811 Colli.,0r.
1809 5741 1862 5808 l,
1897 5747 1950 5797 et
1967 5739 2092 5797 P-ar.

2279 4751 2517 4833 estsic
2554 4756 2619 4833 (ὁ
2646 4751 2822 4833 sive:
2855 4753 3007 4833 lim“:
3035 4755 3113 4833 εἱς
3152 4751 3214 4833 τῆ
3241 4751 3322 4833 ἓν.-

2421 4821 2524 4901 ἘῨ
2559 4825 2720 4893 ἡμῖν,
2740 4824 2842 4901 _S_ic
3069 4823 3272 4901 lii-em,
3291 4821 3517 4901 ὲνὺμῖν.

2274 4889 2382 4969 (94)
2418 4889 2712 4969 Λέγωῂεν..
2738 4892 3102 4969 SichtmIDel'.
3127 4890 3181 4944 lu
3202 4889 3578 4969 gd.,_).é'~{_pusu

2277 4958 2387 5041 (95)
2423 4958 2593 5020 Οὔτε-⁷
2622 4963 2766 5034 mir,
2830 4960 2966 5032 Reg.
3039 4963 3151 5026 bm,
3195 4960 3290 5018 Or.
3332 4962 3384 5026 1,
3425 4958 3610 5026 Basil.,
3652 4958 3782 5015 οὔτε

2295 5106 2385 5167 96)
2429 5106 2524 5172 Ὠς
2563 5108 2596 5159 ό
2640 5105 2802 5174 ἐμός.
2845 5101 2934 5156 Sic
2970 5102 3073 5156 duo
3109 5100 3308 5172 Regg.,
3339 5111 3394 5156 et
3425 5101 3520 5156 0r.
3557 5101 3604 5155 l.
3646 5100 3778 5166 Alii,

2197 5174 2453 5248 ὡς’ὲμός,
2487 5177 2662 5248 minus
2688 5184 2851 5248 recte,
2881 5174 3034 5248 Eut_r.

2271 5239 2382 5322 (97)
2417 5239 2665 5322 gnem).
2693 5244 2784 5297 Sic
2817 5243 2945 5310 (leg.
2975 5243 3083 5322 bin,
3109 5239 3270 5322 coisl.
3311 5240 3369 5320 5,
3409 5249 3555 5322 διο,
3595 5257 3613 5319 ι
3652 5254 3774 5292 eum

2201 5310 2330 5374 Deo.
2361 5310 2379 5369 ἱ
2416 5310 2623 5372 Etenim
2655 5316 2834 5375 homo,
2865 5327 2986 5365 cum
3016 5311 3178 5380 sitad
3211 5311 3498 5380 imaginem
3521 5310 3780 5380 Deicrea-

2203 5399 2308 5454 tus,
2339 5388 2448 5442 Deo
2469 5387 2700 5454 quodam
2735 5382 3072 5454 cognationis
3096 5379 3215 5448 iure
3233 5377 3683 5446 est'conjuncuts.
3714 5378 3768 5432 lu

2623 5523 2742 5579 νῦν
2767 5518 2939 5608 alma.
2974 5519 3142 5608 Coisl.
3171 5520 3227 5587 '5,
3262 5526 3316 5608 et
3343 5529 3464 5608 tres
3481 5516 3769 5608 fulgent?

2198 5588 2352 5654 Τὺ“δὲ
2366 5588 2471 5654 ’νῦν
2490 5595 2714 5666 γνῶναι,
2739 5611 2758 5647 ι
2789 5595 2940 5662 Quod
2964 5599 3141 5648 autem
3171 5604 3311 5646 nunc
3336 5588 3764 5650 coenoscimns,»

2201 5680 2306 5727 etc.
