4038 6338
271 394 350 453 69
1312 395 1574 452 ORATIO
1613 394 1849 451 XXVIII.
1889 428 1958 437 —
1994 393 2432 452 TIIEOLOGILA
2474 394 2538 449 II.
3460 389 3538 450 50

275 508 478 581 μίσθη,
516 510 579 563 οὐ
604 512 670 582 τῇ
728 509 982 583 ἀληθείᾳ,
1022 513 1089 581 τῇ
1141 510 1200 563 δὲ
1238 508 1333 563 τοῦ
1367 510 1595 582 πλησίον
1641 510 1855 580 δυνάμει

1976 516 2130 575 teste,
2164 508 2484 580 cognovisse
2529 506 2748 574 dicitur,
2781 514 3009 562 eatenus
3049 504 3364 575 cognovisse
3405 521 3536 561 cen-

271 619 360 653 πα
370 603 839 674 ραμετρούμενον.

1974 603 2177 658 sendus
2203 611 2306 669 cst,
2339 610 2610 671 quatenus
2640 599 2906 655 uberioris
2937 598 3239 668 splendoris
3268 598 3537 669 particeps

271 696 354 748 sit
383 736 398 759 ,
439 711 602 765 quam
633 697 728 765 qui
759 697 938 752 minus
969 695 1191 752 luminis
1224 697 1484 752 divinitus
1519 698 1751 767 accepit.
1785 696 1863 751 Ita
1900 698 2283 768 exsuperantia
2359 696 2510 762 hare,
2571 694 2809 764 perfecta
2842 694 3078 765 cognitio
3103 693 3406 750 existimata
3431 702 3535 761 est,

274 802 391 839 ιιυιι
424 786 495 838 ad
520 787 595 840 rei
641 787 814 855 ipsius
855 787 1162 853 veritatem,
1192 788 1285 842 sed
1309 787 1375 841 ad
1398 788 1628 842 aliorum
1661 790 1934 843 modulum
1966 798 2021 844 et
2050 788 2359 843 facultatem
2392 799 2677 856 perpensa.
3002 781 3006 785 “

362 878 467 930 ιιιυ.
490 876 589 931 Διά
604 878 764 931 τοῦτο
795 878 961 942 Ἐνὼς
996 879 1093 949 μὲν
1115 878 1341 948 ἤλπισεν
1358 879 1733 933 ἐπικαλεῖσθαι
1757 881 1865 951 (99)

272 969 374 1023 τὸν
406 970 634 1040 Κύριον·
662 968 820 1033 ἐλπὶς
842 970 902 1023 τὸ
935 969 1369 1040 κατορθούμενον
1398 967 1488 1042 ἧν,
1512 971 1778 1025 καὶτοῦτο
1803 973 1864 1025 οὑ

280 1060 557 1129 γνώσεως,
586 1060 701 1114 ἀλλ’
727 1061 1091 1131 ἐπικλήσεως.
1134 1060 1307 1131 Ἑνὼχ
1340 1061 1397 1114 δὲ
1444 1061 1705 1131 μετετέθη
1746 1062 1864 1132 μὲν,

271 1150 433 1205 οῦπω
463 1151 521 1205 δὲ
561 1152 742 1223 δῆλον,
770 1154 819 1206 εί
844 1152 981 1205 Θεοῦ
1013 1152 1174 1220 φύσιν
1218 1152 1551 1224 περιλαϐὼν,
1582 1152 1614 1222 ἢ
1642 1152 1867 1223 περιλη-

270 1241 536 1311 ψόμενος.
570 1242 677 1296 Τοῦ
705 1243 763 1296 δὲ
783 1242 1125 1307 Νῶε,⁷καλὸν
1158 1244 1191 1313 ή
1233 1242 1613 1314 εὐαρέστησις,
1646 1240 1738 1296 τοῦ
1774 1244 1867 1296 καὶ

272 1333 487 1403 κόσμον
518 1332 639 1386 ὅλον
663 1332 723 1398 ἐξ
754 1334 961 1387 ὑδάτων
987 1334 1358 1387 διασώσασθαι
1387 1333 1785 1398 πιστευθέντος,
1830 1334 1863 1403 ἢ

274 1422 492 1491 κόσμου
522 1423 836 1494 σπέρματα,
860 1422 1001 1495 ξύλῳ
1029 1425 1209 1496 μικρῷ
1232 1425 1487 1494 φεύγοντι
1516 1425 1589 1494 fi)
1626 1425 1724 1493 τὴν
1749 1424 1867 1477 επί-

274 1510 491 1565 κλυσιν.
534 1512 788 1583 Ἀϐραὰμ
810 1513 867 1566 δὲ
898 1513 1190 1585 ἐδικαιώθη
1212 1516 1310 1585 μὲν
1337 1518 1401 1568 ὲκ
1432 1516 1687 1578 πίστεως,
1714 1518 1743 1568 ὁ
1770 1516 1867 1585 μέ-

272 1620 383 1671 ταις
424 1604 793 1675 πατριάρχης,
824 1606 918 1658 καὶ
949 1604 1064 1660 θύει
1092 1607 1280 1660 θυσίαν
1306 1605 1482 1678 ξένην,
1512 1607 1605 1660 καὶ¹
1633 1606 1733 1676 τῆς
1762 1623 1861 1675 με·

274 1693 455 1761 γὰλης
506 1694 818 1749 ἀντίτυπον·
856 1696 989 1750 Θεὸν
1039 1698 1096 1750 δὲ
1142 1699 1241 1768 οὐχ
1279 1698 1356 1761 ὠς
1395 1698 1526 1751 Θεὸν
1560 1695 1719 1764 εἶδεν,
1748 1698 1861 1751 ἀλλ’

271 1785 355 1848 ὡς
383 1785 674 1854 ἄνθρωπον
721 1787 938 1859 ἔθρεψε,
970 1791 1065 1843 καὶ⁹
1113 1791 1371 1864 ἐπῃνέθη,
1409 1791 1693 1855 σεϐασθεὶς
1737 1793 1862 1844 ὅσον

275 1880 602 1933 κατέλαϐεν.
654 1881 847 1935 Ἰακὼὸ
876 1882 951 1947 δὲ,
987 1884 1231 1953 κλίμακα
1260 1884 1358 1954 μὲν
1387 1884 1598 1954 ὑψηλὴν
1632 1884 1858 1952 ὲιραντά·

272 1969 382 2039 σθη
408 1970 553 2034 τινὰ,
598 1970 692 2022 καὶ
722 1971 967 2039 ἀγγέλων
1018 1973 1225 2039 ἄνοδον,
1267 1974 1363 2025 καὶ
1406 1974 1607 2043 στήλην
1652 1974 1862 2042 ἀλείφει

275 2060 559 2130 μυστικῶς
599 2061 759 2132 (ἴσως
801 2062 886 2115 ἵνα
926 2063 1016 2115 τὸν
1058 2065 1197 2135 ὑπὲρ
1222 2063 1380 2135 ἡμῶν
1407 2064 1693 2133 ἀλειφέντα
1720 2064 1863 2117 λίθον

278 2153 701 2225 παραδηλώσῃ),
758 2155 854 2208 καὶ
890 2151 1039 2218 οἶκος
1066 2156 1198 2210 Θεοῦ
1256 2157 1332 2226 (2)
1368 2157 1517 2227 τόπῳ
1552 2157 1658 2209 τινὶ
1696 2173 1862 2229 προσ-

270 2245 505 2313 ηγορίαν
527 2244 761 2310 δίδωσιν,
786 2248 865 2308 είς
898 2248 1074 2318 τιμὴν
1106 2247 1199 2300 τοῦ
1228 2247 1504 2316 ὀφθέντος,
1537 2245 1631 2300 καὶ
1670 2248 1744 2311 ὼς
1772 2249 1863 2300 ἁν-

271 2331 481 2404 θρώπῳ
501 2333 581 2404 τῷ
600 2335 721 2405 Θεῷ
743 2336 1129 2406 προσπαλαίει,
1158 2337 1191 2407 ἥ
1222 2338 1303 2401 τίς
1327 2339 1458 2391 ποτέ
1482 2342 1627 2392 ἐστιν
1651 2340 1683 2410 ή
1718 2339 1861 2410 πάλη

269 2422 410 2475 θεοῦ
452 2424 591 2495 πρὸς
633 2424 939 2496 ἄνθρωπον,
973 2426 1006 2498 ἢ
1043 2427 1184 2497 τάχα
1227 2429 1324 2498 τῆς
1350 2427 1695 2499 ἀνθρωπίνης
1726 2431 1861 2500 ἀρε-

270 2513 375 2583 τῆς
417 2515 559 2585 πρὸς
584 2516 720 2568 Θεὸν
746 2516 1117 2584 ἀντεξέτασις,
1153 2520 1247 2571 καὶ
1289 2519 1350 2571 σύ
1361 2519 1531 2589 μϐολα
1564 2520 1659 2591 τῆς
1686 2520 1862 2592 πάλης

270 2608 369 2659 ἐπὶ
418 2607 517 2660 τοῦ
556 2607 805 2678 σώματος
856 2611 1031 2681 φέρει,
1095 2611 1192 2682 τὴν
1227 2612 1396 2681 ἧτταν
1428 2613 1861 2685 παραδεικνύντα

270 2698 377 2766 τῆς
428 2700 697 2770 γεννητῆς
731 2701 811 2771 (5}
860 2702 1094 2770 φύσεως,
1120 2704 1214 2755 καὶ
1247 2700 1408 2757 ἆθλον
1453 2705 1734 2769 εὐσεϐείας
1762 2707 1860 2777 τὴν

275 2787 583 2859 μεταϐολὴν
604 2789 701 2858 τῆς
718 2791 1090 2861 προσηγορίας
1111 2792 1395 2861 λαμϐάνει,
1418 2793 1856 2864 μετονομασθεὶς,

2041 877 2227 934 XVIII.
2261 878 2524 945 Quocirca
2556 876 2699 931 Enos
2739 874 2955 945 quidem
2999 889 3147 944 spem
3192 874 3377 928 habuit
3419 873 3537 931 fore

1968 978 2025 1024 ut
2064 970 2350 1024 Dominum
2383 970 2661 1024 invocaret
2684 967 2726 999 ⁶¹
2758 966 2887 1021 :ubi
2920 966 3067 1022 vides
3090 980 3239 1035 spem
3274 968 3539 1022 duntaxat

1968 1060 2112 1116 ineo
2143 1060 2375 1124 laudari,
2404 1072 2634 1128 eamque
2676 1072 2787 1113 non
2808 1055 3153 1126 cognitionis,
3188 1058 3282 1113 sed
3316 1058 3536 1129 invoca-

1968 1151 2148 1206 tionis;
2187 1151 2373 1205 Enoch
2413 1160 2614 1214 autem,
2675 1148 2919 1218 quamvis
2958 1147 3247 1202 translatus
3294 1148 3536 1215 fuerit",

1968 1243 2208 1297 nondum
2248 1251 2429 1297 tamen
2465 1248 2716 1306 constat,
2755 1254 2822 1293 an
2865 1238 2956 1293 Dei
3008 1248 3257 1293 naturam
3297 1256 3541 1310 compre-

1968 1333 2254 1398 henderit,
2306 1342 2399 1387 aut
2445 1330 2944 1401 comprehensurus
2991 1331 3080 1385 sit.
3128 1330 3247 1385 Jam
3293 1331 3421 1398 Noe,
3454 1334 3538 1387 cui

1965 1422 2114 1478 orbis
2161 1422 2400 1478 universi
2451 1423 2522 1477 ab
2575 1438 2839 1492 aquarum
2898 1421 3141 1492 periculo
3181 1424 3541 1478 conservandi

1966 1530 2096 1570 cura
2140 1514 2345 1569 credita
2395 1524 2479 1569 est
2501 1515 2567 1578 ⁸³,
2596 1514 2678 1568 vel
2724 1514 2899 1583 potius
2949 1515 3096 1568 orbis
3150 1516 3355 1568 semina
3395 1529 3543 1569 com-

1967 1606 2155 1669 missa,
2175 1605 2370 1674 exiguo
2395 1603 2538 1674 ligno
2559 1603 2818 1657 diluvium
2845 1602 3101 1677 fugientia
3126 1604 3189 1668 “,
3219 1604 3347 1659 hinc
3367 1603 3539 1659 solum

1967 1696 2176 1751 laudem
2192 1706 2519 1751 consecutus
2542 1704 2643 1761 est,
2668 1695 2809 1764 quod
2835 1696 2946 1751 Deo
2991 1704 3175 1765 gratus
3204 1707 3258 1751 et
3287 1704 3541 1765 acceptus

1968 1788 2176 1845 fuisset.
2210 1789 2434 1859 Magnus
2470 1803 2632 1858 porro
2664 1789 2752 1844 ille
2793 1789 3104 1859 patriarcha
3134 1789 3431 1853 Abraham,
3472 1802 3538 1843 ex

1966 1881 2072 1936 fide
2098 1881 2316 1949 quidem
2366 1880 2694 1948 justiﬁeatus
2723 1893 2806 1937 est
2829 1884 2895 1947 ⁸⁵,
2932 1897 2993 1936 ac
3018 1897 3210 1937 novam
3248 1890 3301 1935 et
3328 1881 3536 1935 inaudi-

1968 1982 2074 2025 tam
2112 1972 2408 2035 victimam,
2440 1987 2754 2041 magnaeque
2783 1972 2927 2027 illius
2977 1973 3203 2042 figuram
3238 1981 3537 2042 gerentem,

1965 2064 2221 2118 obtulit“
2251 2081 2263 2117 :
2296 2073 2351 2117 at
2386 2064 2549 2118 Deum
2598 2080 2700 2118 nou
2749 2075 2806 2117 ut
2836 2066 3004 2118 Deum
3028 2065 3326 2132 conspexit,
3354 2063 3447 2117 sed
3482 2072 3539 2117 ut

1965 2155 2238 2210 hominem
2275 2155 2513 2221 aluit”;
2551 2171 2613 2209 ac
2656 2156 2880 2225 proinde
2942 2156 3191 2211 laudatus
3232 2165 3331 2219 est,
3371 2156 3535 2225 quod,

1965 2256 2223 2315 quantum
2283 2248 2546 2316 percepit,
2596 2256 2804 2301 tantum
2850 2262 3067 2315 quoque
3108 2255 3396 2302 veneratus
3430 2254 3533 2301 est.

1969 2334 2103 2391 Nam
2172 2337 2299 2405 quid
2359 2338 2426 2391 de
2469 2336 2634 2392 Jacob
2670 2338 2869 2401 dicam,
2923 2337 3015 2406 qui
3076 2336 3204 2391 licet
3249 2334 3534 2390 sublimem

1972 2431 2258 2501 quamdam
2281 2430 2508 2493 scalam,
2537 2439 2590 2484 ct
2616 2430 2971 2484 ascendentes
3004 2428 3219 2498 angelos
3246 2427 3297 2481 in
3331 2425 3536 2481 somnis

1964 2520 2311 2590 conSpicatus
2344 2519 2417 2575 sit
2442 2520 2510 2584 “,
2541 2536 2605 2576 ac
2642 2520 2947 2575 columnam
2984 2536 3088 2574 non
3125 2521 3240 2573 sine
3281 2516 3537 2589 mysterio

1964 2611 2195 2681 quodam
2229 2612 2443 2665 unxerit
2465 2611 2721 2678 (fortasse
2760 2619 2819 2663 ut
2850 2609 3078 2677 lapidem
3117 2607 3305 2663 salutis
3339 2614 3539 2661 nostra:

1963 2716 2127 2758 causa
2170 2713 2391 2757 unctum
2461 2701 2845 2773 significaret),
2885 2712 3047 2769 atque
3099 2699 3151 2753 in
3198 2697 3336 2766 ejus,
3376 2710 3534 2767 quem

1963 2802 2361 2863 conspexerat,
2416 2795 2707 2857 honorem,
2767 2791 2899 2845 Ιοςο·
2933 2789 3144 2845 cuidam
3190 2790 3379 2844 domus
3436 2786 3530 2841 Dei

1962 2895 2375 2956 cognomentum
2419 2883 2757 2954 imposuerit,
2792 2897 2856 2938 ac
2906 2898 3027 2938 eum
3077 2882 3187 2936 Deo
3219 2879 3373 2949 quasi
3414 2893 3534 2933 cum

1965 2978 2183 3033 homine
2212 2976 2414 3031 luctam
2457 2976 2662 3041 inierit,
2690 2988 3025 3044 quaecunque
3066 2973 3283 3027 tandem
3319 2970 3410 3025 illa
3439 2969 3534 3025 Dei

1962 3085 2084 3124 cum
2115 3069 2335 3124 homine
2372 3068 2514 3121 lucta
2550 3082 2668 3121 esse
2711 3076 2893 3135 queat.
2932 3064 3026 3119 His
3051 3064 3195 3118 enim
3222 3062 3401 3117 verbis
3425 3060 3535 3115 for-

271 3155 463 3225 πατὴρ
525 3150 615 3225 ἢν,
653 3156 735 3207 ὅτι
799 3154 932 3209 Θεοῦ
1000 3156 1161 3225 φύσιν
1211 3157 1244 3227 ἢ
1294 3157 1416 3227 ὅφιν
1456 3160 1584 3229 ὃλην
1628 3159 1854 3233 ἐχώρη-

1962 3172 2105 3218 tasse
2133 3162 2267 3216 nihil
2313 3162 2460 3217 aliud
2512 3163 2804 3226 indicatur,
2829 3175 2988 3230 quam
3032 3160 3279 3213 humanae
3320 3156 3534 3210 virtutis

269 3264 368 3301 σεν
404 3247 503 3318 (⁴)·
1962 3268 2084 3307 cum
2118 3253 2298 3307 divina
2326 3252 2684 3322 comparatio,
2715 3252 2980 3321 luctaeque
3019 3250 3194 3319 signa,
3226 3263 3345 3319 quae
3377 3263 3533 3302 crea-

268 3350 385 3393 tam
434 3351 685 3395 naturam
725 3342 922 3397 victam
991 3354 1113 3397 esse
1160 3342 1529 3407 ostenderent,
1596 3342 1651 3396 in
1704 3359 1926 3412 corpore
1964 3344 2171 3409 tulerit,
2213 3359 2277 3398 ac
2331 3345 2563 3413 denique
2613 3359 2709 3411 pro
2766 3344 2982 3413 pietatis
3028 3341 3251 3411 praemio
3299 3339 3533 3396 nominis

266 3433 761 3485 commutationem
817 3431 1125 3501 acceperit,
1186 3447 1284 3500 pro
1333 3432 1499 3488 .Iacob
1560 3434 1849 3498 nimirum,
1897 3449 2091 3504 magno
2128 3434 2218 3488 illo
2270 3444 2325 3489 et
2367 3436 2570 3489 eximio
2600 3435 2818 3489 lsraelis
2879 3433 3098 3488 nomine
3161 3442 3527 3503 nuncupatus;

266 3523 381 3575 boc
430 3530 608 3575 tamen
650 3536 749 3575 nec
794 3522 926 3592 ipse,
973 3536 1074 3576 nec
1106 3522 1391 3593 quisquam
1437 3540 1504 3578 eo
1546 3524 1850 3588 sublimior,
1893 3525 1957 3579 ad
1989 3526 2130 3579 hunc
2165 3539 2335 3595 usque
2369 3527 2510 3580 diem
2537 3526 2589 3579 in
2628 3526 2882 3580 omnibus
2938 3525 3221 3580 duodecim
3264 3526 3528 3588 tribubus,

265 3626 510 3685 quarum
549 3621 704 3680 pater
728 3612 954 3678 exstitit,
986 3611 1202 3682 gloriari
1252 3615 1643 3684 magniﬁccqne
1710 3617 2005 3684 prmdieare
2060 3618 2253 3686 potuit,
2314 3632 2373 3672 se
2425 3626 2588 3673 totam
2643 3617 2735 3672 Dei
2803 3627 3051 3673 naturam
3120 3618 3300 3674 animo
3337 3633 3529 3689 perce-

270 2879 400 2931 ἀντὶ
444 2877 661 2941 Ἰακὼϐ,
705 2880 941 2952 Ἰσραὴλ,
995 2882 1151 2935 τοῦτο
1177 2884 1240 2954 δὴ
1287 2885 1347 2938 τὺ
1384 2886 1525 2955 μέγα
1556 2887 1650 2939 καὶ
1679 2887 1858 2957 τίμιον

269 2970 468 3039 δνομω
506 2971 684 3023 ἐκεῖνο
729 2972 807 3035 δὲ,
849 2970 973 3026 οὔτε
1010 2975 1189 3038 αὐτὸς,
1221 2974 1344 3028 οὔτε
1393 2994 1476 3041 τις
1509 2978 1649 3049 ὑπὲρ
1700 2979 1858 3032 αὐτὸν

275 3063 447 3134 μέχρι
487 3064 729 3134 σήμερον
786 3064 1128 3135 ἐκαυχήσατο
1157 3066 1267 3120 τῶν
1295 3068 1501 3121 δώδεκα
1539 3069 1739 3137 φυλῶν,
1783 3064 1858 3124 ὧν

267 3704 437 3774 pisse.

343 3800 446 3853 18'.
483 3799 639 3869 Ἠλίᾳ
682 3799 761 3866 δὲ,
791 3797 913 3852 οὔτε
948 3797 1165 3869 πνεῦμα
1203 3799 1393 3869 βίαιον,
1425 3800 1549 3854 οὔτε
1585 3800 1856 3874 πῦρ,οὖτε

270 3892 627 3961 συσσεισμὸς,
673 3891 749 3953 ὡς
789 3892 887 3961 τῆς
915 3891 1153 3962 ἱστορίας
1207 3891 1445 3954 ἀκούεις,
1492 3892 1608 3945 ἀλλ’
1650 3895 1681 3963 ἡ
1715 3892 1857 3965 αὔρα

266 4003 352 4048 τις
376 3985 534 4054 ὀλίγη
558 3983 659 4054 τὴν
680 3983 773 4036 τοῦ
790 3983 921 4036 Θεοῦ
946 3984 1267 4056 παρουσίαν,
1294 3983 1592 4049 καὶταῦτα,
1610 3987 1669 4037 οὐ
1696 3986 1854 4054 φύσιν

266 4078 737 4149 ὲσκιαγράιρηςεν.
773 4076 930 4148 Ἠλία
952 4078 1091 4140 τίνι;
1138 4076 1196 4129 ὃν
1221 4077 1314 4129 καὶ
1351 4078 1502 4147 ὅρμα
1547 4077 1716 4148 πυρὸς
1765 4080 1856 4130 ἀν-

266 4174 395 4240 άγει
442 4171 581 4242 πρὸς
607 4170 852 4241 οὐρανὸν,
883 4168 1076 4239 δηλοῦν
1103 4165 1197 4221 τοῦ
1243 4167 1451 4221 δικαίου
1484 4169 1544 4221 τὺ
1580 4169 1715 4239 ὑπὲρ
1756 4168 1851 4222 ἄν-

266 4264 510 4334 θρωπον.
543 4260 743 4314 Μανωὲ
776 4259 831 4312 δὲ
859 4259 949 4312 τὸν
980 4257 1169 4330 κριτὴν
1207 4258 1493 4329 πρότερον,
1529 4260 1623 4312 καὶ
1646 4259 1845 4331 Πέτρον

264 4356 359 4407 τὸν
396 4352 644 4424 μαθητὴν
677 4351 923 4421 ὕστερον,
953 4350 1068 4413 πῶς
1113 4350 1174 4402 οὐ
1197 4349 1577 4419 τεθαύμακας;
1614 4350 1704 4403 τὸν
1751 4350 1848 4421 μὲν

2035 3800 2176 3854 XIX.
2214 3798 2323 3854 Nec
2368 3814 2496 3854 vero
2542 3799 2692 3864 Elim,
2718 3798 2800 3854 vel
2848 3800 3072 3868 spiritus
3105 3801 3416 3871 vehemens,
3446 3804 3532 3859 vel

1960 3894 2120 3962 ignis,
2160 3893 2240 3947 vel
2277 3900 2437 3947 terrae
2486 3893 2791 3956 concussio,
2822 3901 2880 3945 ut
2909 3890 3071 3962 510
3095 3893 3336 3949 historia:
3360 3909 3531 3951 sacra:

1958 3983 2319 4037 monumentis
2343 3983 2613 4052 proditum
2647 3993 2748 4049 est,
2786 3985 2878 4038 sed
2918 3999 3047 4039 aura
3078 3988 3320 4054 quaedam
3353 3989 3530 4045 tenuis

1959 4076 2053 4129 Dei
2084 4075 2450 4142 praesentiam.
2476 4089 2581 4128 non
2616 4083 2795 4128 autem
2832 4084 3083 4130 naturam
3115 4077 3309 4145 ipsam,
3336 4078 3527 4133 admu-

1956 4167 2217 4221 bravit".
2247 4166 2425 4237 Ipsum
2476 4167 2647 4221 Eliam
2702 4168 2841 4231 dico,
2891 4181 3050 4236 quem
3094 4168 3282 4238 igneus
3313 4186 3528 4241 quoque

1955 4276 2147 4317 currus
2193 4262 2244 4315 in
2307 4261 2500 4314 cmlum
2548 4261 2819 4327 evexit",
2848 4259 3179 4330 significans,
3214 4269 3274 4316 ut
3312 4262 3525 4332 opinor,

1955 4355 2284 4425 singularem
2314 4355 2605 4424 quamdam
2660 4354 2893 4408 hominis
2925 4353 3204 4419 virtutem,
3242 4363 3404 4425 atque
3427 4357 3529 4411 bu-

264 4445 391 4498 οὐδὲ
426 4445 551 4513 ὄψιν
596 4443 832 4513 φέροντα
878 4440 970 4494 τοῦ
1008 4442 1401 4510 φαντασθέντος
1435 4443 1589 4507 Θεοῦ,
1622 4444 1715 4496 καὶ
1763 4444 1851 4498 διὰ

1960 4459 2174 4498 manum
2205 4442 2485 4513 fastigium
2519 4444 2892 4499 excedentem.
2925 4444 3105 4511 Quid?
3135 4446 3250 4501 Non
3288 4455 3339 4502 te
3362 4448 3525 4517 iudex

264 4537 448 4600 τοῦτο,
494 4536 926 4604 Ἀπολώλαμεν,
954 4529 1001 4588 ὦ
1043 4534 1241 4603 γῦναι,
1282 4533 1525 4602 λέγοντα,
1560 4536 1708 4587 Θεὸν
1740 4535 1842 4587 ἑω-

258 4630 558 4697 ράκαμεν,
603 4627 678 4691 ὡς
714 4626 776 4679 οὐ
812 4626 1074 4709 (χωρητῆς
1128 4624 1293 4695 οὔσης
1344 4625 1672 4696 ἀνθρώποις,
1725 4626 1845 4679 οὐδὲ

268 4719 571 4791 φαντασίας
600 4719 769 4782 θείας,
803 4717 875 4789 μὴ
916 4718 996 4771 ὅτι
1023 4734 1088 4786 γε
1124 4717 1356 4787 φύσεως·
1401 4717 1490 4770 τὸν
1525 4718 1581 4770 δὲ
1618 4718 1709 4769 καὶ
1755 4718 1845 4770 τὸν

371 4813 416 4843 ⁶¹
446 4810 583 4865 Gen.
620 4825 693 4873 Iv,
726 4808 813 4862 26.

293 4885 314 4915 ³
339 4881 477 4937 Gen.
506 4895 646 4945 χχιι,
690 4879 726 4932 2
775 4894 926 4948 seqq.

339 4994 453 5066 (99)
523 4990 1457 5066 ἙπικαλεῖσθαιὶωγοοειιιωΙιιιιιο
1532 4994 1585 5066 i_n
1665 4995 1838 5048 activa

266 5062 684 5137 significatione
712 5063 919 5137 accepit
955 5062 1159 5137 Billius.
1203 5062 1337 5128 Alii,
1388 5071 1499 5132 post
1532 5062 1840 5137 Theodore-

266 5133 406 5197 tu'm,
454 5133 756 5204 inﬂpassiva
799 5133 1105 5204 accipiunt,
1152 5144 1206 5187 et
1240 5142 1453 5187 vertunt
1495 5149 1509 5186 :
1547 5152 1563 5184 ι
1595 5136 1841 5204 Speravit

265 5209 383 5262 fore
412 5214 471 5258 ut
504 5201 765 5257 Dominus
796 5203 1151 5259 invocaretur.
1182 5220 1200 5253 ι

338 5275 415 5360 (ι)
812 5272 976 5328 Savil.
1021 5281 1076 5327 et
1132 5272 1344 5338 Comb.,
1385 5272 1733 5342 διαφυγόντα.
1762 5273 1839 5339 In

265 5343 407 5406 aliis,
438 5343 776 5411 διαφυγρντι.

335 5408 595 5488 (2)7Ka'l_
616 5408 784 5488 οἶκος
833 5412 1002 5488 ρεοῦ.
1055 5410 1519 5488 (“Domus_Dei._r
1567 5410 1836 5488 Regg._a,

266 5479 517 5548 hnﬂduo
553 5484 709 5537 Colb.
737 5493 791 5537 et
827 5481 923 5538 Or.
955 5484 1006 5545 1,
1039 5479 1179 5543 εῐδος
1214 5482 1372 5547 Θεοῦ,
1418 5501 1435 5534 ι
1480 5482 1643 5536 facies
1677 5479 1790 5538 Dei.
1817 5502 1835 5536 ι

268 5556 497 5611 Fatetur
543 5553 735 5607 Billius
781 5552 836 5607 in
881 5555 1024 5607 notis
1056 5568 1113 5607 se
1159 5554 1210 5606 irt
1262 5554 1426 5622 priori
1483 5552 1717 5607 editione
1763 5556 1842 5607 sic

266 5626 497 5682 vertisse
548 5622 873 5678 auctoritate
916 5624 1200 5693 codicum;
1252 5636 1424 5693 neque
1471 5624 1606 5677 hanc
1652 5623 1838 5693 lectio,-

271 5712 388 5751 netn
446 5693 859 5764 improbandam
882 5692 1129 5764 judicat.
1161 5692 1297 5764 ASed
1338 5692 1408 5747 ’in
1467 5695 1700 5764 secunda
1752 5692 1837 5747 ed.

266 5757 658 5838 pmtulit‘cum
693 5760 826 5832 Elia,
853 5757 1001 5828 olivo;
1044 5761 1202 5831 Θεοῦ,
1235 5782 1253 5817 ι
1283 5764 1472 5821 domus
1511 5762 1620 5830 Dei,
1649 5780 1665 5811 ι
1701 5764 1840 5834 quod

911 4809 954 4840 "
975 4808 1108 4862 Gen.
1143 4824 1191 4868 ν,
1218 4809 1306 4861 Ἡ.
1390 4808 1433 4839 ⁸³
1459 4807 1594 4862 Gen.
1635 4825 1708 4873 vt,
1746 4808 1810 4861 I5
1843 4823 1962 4876 sqq.
2070 4807 2114 4838 “
2136 4807 2272 4863 Gen.
2304 4821 2380 4869 ιιι,
2412 4807 2432 4859 I
2462 4822 2580 4875 sqq.

1008 4879 1050 4910 67
1074 4876 1189 4910 Con
1244 4894 1371 4910 νιν-ιι
1427 4878 1585 4910 0mm
1638 4880 1682 4909 68
1713 4878 1823 4910 Ωιι..
1873 4892 2039 4910 ννιηιι
2089 4877 2153 4910 ΑΩ
2254 4876 2297 4907 69
2327 4876 2384 4910 Ill
2415 4877 2524 4910 ιεοη
2582 4894 2669 4910 νη-

1074 4876 1211 4931 Gen.
1244 4894 1397 4939 xvtu,
1427 4878 1462 4932 2
1488 4893 1607 4948 sqq.
1638 4880 1682 4909 ⁸⁸
1713 4878 1846 4933 Gen.

1960 4892 2065 4943 ml,
2089 4877 2174 4931 12.
2254 4876 2297 4907 ⁸⁸
2325 4876 2387 4931 ιιι
2412 4877 2544 4948 Iteg.
2580 4894 2690 4943 χιχ,
2722 4879 2783 4932 It
2822 4894 2941 4949 sqq.

1951 4535 2042 4590 ille
2079 4534 2295 4600 Manue,
2340 4550 2404 4589 ac
2451 4534 2643 4588 Petrus
2686 4534 2981 4603 apostolus,
3022 4536 3381 4591 admiratione
3415 4537 3526 4590 alli-

1952 4626 2145 4681 ciunt?
2189 4625 2432 4692 Quorum
2474 4625 2614 4679 alter
2655 4640 2722 4680 ne
2756 4637 3107 4696 conspectum
3143 4628 3361 4698 quidem
3403 4630 3521 4695 Dei,

1952 4733 2048 4788 per
2093 4718 2381 4787 imaginem
2427 4716 2529 4787 ipsi
2572 4718 2933 4787 obversantis,
2984 4719 3125 4775 ferre
3175 4730 3407 4790 poterat,
3460 4736 3523 4777 ac

2070 4807 2114 4838 “
2136 4806 2272 4863 Gen.
2304 4821 2380 4869 ιιι,
2412 4807 2432 4859 I
2462 4822 2580 4875 sqq.
2683 4806 2725 4839 ⁸⁸
2748 4806 2884 4862 Gen.
2920 4825 3009 4873 xv,
3046 4808 3107 4869 6;
3144 4808 3300 4863 ltorn.
3345 4826 3417 4876 tv,
3465 4814 3516 4866 5.

3018 4879 3061 4909 ⁷⁰
3088 4878 3153 4934 ιγ
3177 4878 3309 4951 Reg.
3340 4898 3401 4943 ιι.
3432 4882 3519 4939 Η.

1955 5012 1974 5047 ι
2001 4993 2242 5064 Gregorii
2275 4995 2459 5062 verba,
2486 4993 2552 5047 de
2587 4993 2691 5049 loci
2728 4996 3143 5062 nuncupatione,
3175 4994 3362 5051 Jacobi
3394 5014 3514 5052 cum

1950 5066 2144 5132 angelo
2199 5064 2398 5117 luctam
2463 5064 2839 5132 praecedant.»
2901 5066 2956 5120 Si
3017 5066 3297 5119 lectionem
3368 5064 3515 5133 οἶκος

1947 5134 2083 5188 Θεοῦ
2120 5134 2437 5203 praetuleris,
2474 5134 2586 5203 lege
2611 5133 2746 5188 Gen.
2774 5149 2963 5199 xxvm,
3002 5135 3088 5197 I2,
3121 5136 3187 5188 17
3215 5145 3268 5188 et
3300 5137 3388 5192 I9.
3420 5140 3512 5193 Sin

1947 5199 2171 5277 alteram
2203 5199 2341 5277 εἶδος
2371 5199 2548 5277 Θεοῦξ
2570 5203 2684 5277 lege
2719 5203 2852 5258 Gen.
2880 5221 3052 5277 xxxn,
3073 5206 3165 5269 ει,
3186 5206 3348 5261 50.8i
3383 5223 3509 5277 ape-

1948 5275 2194 5344 riendum
2228 5274 2300 5344 sit
2337 5274 2463 5344 quid
2498 5274 2596 5328 hac
2624 5276 2687 5327 de
2715 5288 2770 5327 re
2802 5276 3114 5339 sentiamus,
3150 5278 3326 5344 aptior
3360 5274 3511 5332 nobis

1948 5344 2159 5417 videtur
2186 5343 2343 5417 lectio
2368 5362 2385 5417 ι
2412 5343 2578 5417 facies
2612 5344 2933 5417 Deiaganam
2969 5343 3192 5400 «domus
3218 5346 3510 5417 Dei,iquia

1944 5414 2332 5483 hicipraecipue
2353 5415 2417 5468 de
2453 5413 2656 5483 visione
2685 5413 2775 5468 Dei
2805 5416 3128 5483 disputatur.

2016 5482 2092 5557 (1’3)
2130 5482 2463 5557 Εξννητῆς-
2498 5482 2629 5557 Res.
2657 5483 2843 5557 Cypra
2876 5482 3128 5557 γενητῆς-

2015 5551 2091 5624 (4)
2144 5551 2494 5623 Ἐχώρησεν.
2544 5551 2656 5624 Non
2704 5551 2839 5609 bene
2886 5551 3005 5609 ιιιιιξ
3034 5551 3104 5609 τ’(
3137 5555 3307 5610 oculis
3355 5573 3511 5612 usur-

1944 5622 2128 5696 paSse;
2160 5641 2179 5674 ι
2212 5640 2309 5677 nee
2339 5625 2528 5696 melius
2553 5622 2717 5679 Leuv.
2749 5643 2768 5677 ι
2796 5626 3105 5695 aSpiciendo
3132 5644 3149 5676 ι
3178 5628 3508 5696 percepisse,

1949 5691 2108 5766 quasi
2147 5703 2337 5766 natura
2383 5694 2561 5749 divina
2599 5709 2680 5751 res
2729 5691 2873 5750 esset
2925 5691 3266 5751 «oculisfct
3308 5691 3510 5766 (aspe-

1944 5763 2051 5821 ctui
2073 5782 2091 5816 ι
2123 5763 2379 5831 subjecta.
