4038 6338
521 351 587 411 51
1760 355 1816 413 S.
1858 353 2185 415 GREGORil
2227 356 2573 414 THEOLOGI
3697 353 3764 407 52

452 484 465 495 τ
525 470 750 540 proinde
786 471 997 527 diccbat
1029 471 1354 543 :Periimus,
1383 489 1537 541 uxor,
1577 476 1742 531 Deum
1767 477 1999 533 vidimus
2020 478 2088 546 7‘,

2226 478 2516 546 ιαινόμενον
2542 474 2774 548 Χριστὸν
2795 475 2874 546 τῷ
2916 474 3085 546 πλοίῳ
3135 474 3209 546 μὴ
3258 470 3633 544 προσιέμενον,
3676 471 3771 527 καὶ

521 567 779 631 tanquam
828 563 1076 620 videlicet
1138 565 1409 632 homines,
1458 582 1526 622 ne
1575 568 1740 623 divini
1790 570 2006 639 quidem
2038 573 2090 625 in

2226 566 2280 619 ιὰ
2303 550 2459 620 τοῦτο
2493 569 2973 638 ἀποπεμπόμενον·
3001 569 3239 637 καίτοιγε
3281 566 3607 636 θερμότερος
3663 563 3771 617 τῶν

525 650 762 720 imagine
793 663 1137 723 conspectus,
1180 656 1375 711 nedum
1406 666 1615 711 natura:
1650 659 1840 726 ipsius,
1869 675 2095 728 capaces

2226 656 2367 709 λλων
2400 659 2479 721 είς
2510 658 2804 726 ἐπίγνωσιν
2831 657 3067 730 Χριστοῦ
3116 658 3341 728 Πέτρος,
3375 656 3468 709 καὶ
3500 655 3587 708 διὰ
3616 654 3773 706 τοῦτο

522 739 635 793 sint
670 756 684 792 :
718 740 857 795 alter
888 744 1235 811 conspicuum
1274 747 1437 798 etiam
1485 746 1762 802 Christum
1791 749 1842 802 in
1872 750 2095 803 navicu-

2226 750 2655 820 ιακαριξόμενος,
2707 751 2803 804 καὶ
2852 750 2921 802 τά
2962 750 3192 820 μέγιστα
3247 749 3656 817 πιστευόμενος.
3707 746 3773 798 Τί

526 828 633 883 lam
664 831 953 887 admittere
970 836 1268 898 recusabat,
1291 845 1452 904 atque
1472 837 1655 907 ablcga
1667 840 1753 892 bat
1774 840 1840 891 7*.
1868 839 2017 905 Quod
2031 856 2094 896 eo

2226 841 2238 857 ‘
2269 840 2333 893 ἂν
2363 842 2535 903 εἴποις
2564 841 2691 911 περὶ
2732 842 2977 905 ’11σαῖου,
3004 841 3097 893 κα)¹
3126 838 3382 911 Ἰεζεχιὴλ
3419 838 3510 892 τοῦ
3540 837 3648 890 τῶν
3678 853 3775 906 με·-

525 935 745 992 quoque
767 925 1061 979 mirabilius
1084 926 1249 980 videri
1277 927 1450 994 debet,
1469 932 1612 997 quod
1638 931 1778 984 idem
1807 931 1872 985 ad
1894 931 2094 988 Christi

2226 930 2394 984 ’ίστων
2442 931 2820 993 ὲπόπτου,καὶ
2858 930 2965 983 τῶν
3022 930 3222 983 λοιπῶν
3250 928 3573 1000 προφητῶν;
3619 920 3692 979 ὧν
3745 927 3778 979 ὁ

527 1016 859 1085 agnitionem
880 1017 1041 1070 animi
1067 1018 1259 1071 ardore
1274 1018 1405 1072 alios
1420 1022 1860 1090 auteibat,eoqne
1883 1024 2097 1080 nomine

2226 1022 2296 1074 ιὲν
2321 1022 2410 1074 τὸν
2443 1022 2648 1091 Κύριον
2674 1020 2933 1075 Σαϐὅαὼθ
2961 1020 3036 1091 (5)
3062 1018 3166 1074 εἶδε
3201 1021 3504 1091 καθήμενον
3535 1019 3627 1071 ἐπὶ
3653 1016 3780 1088 096-

529 1106 718 1161 beatus
734 1106 1050 1176 praedicatus
1071 1116 1151 1161 est
1173 1108 1239 1172 ⁷³,
1266 1124 1459 1179 resque
1479 1114 1737 1167 maximas
1765 1116 1817 1167 in
1835 1115 1989 1169 iidem
2009 1132 2119 1175 ac-V

2230 1127 2289 1162 ου
2320 1109 2493 1179 δόξης,
2551 1109 2646 1163 καὶ
2690 1110 2875 1163 τοῦτον
2914 1110 3019 1163 ὑπὸ
3054 1109 3162 1162 τῶν
3198 1109 3577 1180 έξαπτερύγων
3618 1124 3781 1178 σερα-

528 1198 692 1267 cepit.
712 1196 847 1263 Quid
882 1197 1074 1252 lsaiam
1103 1208 1155 1252 et
1178 1199 1509 1257 Ezechielem
1530 1220 1709 1258 rerum
1741 1182 2101 1262 maximarum

2226 1201 2305 1269 ιὶμ
2346 1199 2733 1271 κυκλούμενον,
2779 1201 2872 1254 καὶ
2910 1200 3251 1270 αίνούμενον,
3290 1201 3386 1253 καὶ
3430 1199 3781 1270 ἀποκρυπτό-

529 1296 883 1356 spectatorem
935 1289 1276 1361 reliquosque
1313 1295 1603 1363 prophetas
1649 1299 2102 1356 commemorem?

2226 1309 2361 1345 ιενον
2395 1293 2493 1363 (6),
2520 1293 2707 1345 έαυτόν
2736 1310 2795 1345 τε
2820 1291 2897 1363 τῷ
2958 1292 3189 1364 ἄνθρακι
3230 1291 3641 1363 καθαιρόμενον,
3684 1290 3783 1344 καὶ

527 1374 766 1441 Quorum
800 1378 936 1434 alter
965 1379 1249 1436 Dominum
1284 1382 1562 1439 Sabbaoth
1618 1386 1669 1441 in
1712 1388 1896 1458 gloriae
1948 1392 2101 1449 thro-

2226 1383 2339 1453 πρὸς
2367 1383 2464 1455 τὴν
2513 1384 2851 1454 προφητείαν
2887 1384 3361 1454 καταρτιζόμενοψ
3409 1385 3437 1436 ὁ
3477 1382 3531 1435 δὲ
3579 1382 3673 1435 καὶ
3717 1380 3782 1433 τὸ

528 1482 599 1521 no
626 1469 900 1524 sedentem
936 1472 1066 1528 vidit
1102 1473 1167 1539 ⁷⁷,
1197 1489 1427 1544 eumque
1458 1490 1488 1530 a
1517 1479 1789 1547 seraphim
1826 1481 1972 1537 senis
2002 1484 2103 1540 alis

2226 1491 2383 1545 ,χημα
2430 1474 2521 1528 τοῦ
2570 1475 2704 1528 Θεοῦ
2755 1476 2821 1528 τὰ
2872 1474 3139 1546 χερουϐὶμ
3185 1474 3505 1546 διαγράφει,
3555 1473 3781 1527 καὶτὸν

525 1558 767 1630 ιιιάξάἱιὶε
794 1560 845 1613 in
862 1564 1045 1618 orbem
1064 1564 1296 1620 cinctum
1321 1582 1383 1621 ac
1403 1566 1679 1624 laudatum
1702 1580 1757 1625 et
1781 1579 1998 1635 tectum,
2018 1589 2107 1630 se-

2226 1565 2344 1635 νπὲρ
2399 1563 2577 1616 αὐτῶν
2624 1564 2720 1633 (θ’)
2758 1564 2965 1636 θρόνον,
3025 1566 3202 1618 καὶτὸ
3248 1566 3385 1637 ὑπὲρ
3447 1564 3607 1617 αὐτοῦ
3658 1581 3784 1617 στεο

527 1664 635 1720 que
654 1651 824 1720 ipsum
846 1638 1077 1710 carbo'ue
1103 1666 1505 1727 perpurgatum,
1522 1668 1682 1728 atque
1708 1659 1774 1714 ad
1796 1661 2100 1717 obeundum

2226 1655 2417 1725 ιέωμα,
2473 1656 2566 1710 καὶ
2608 1657 2698 1708 τὸν
2740 1657 2797 1709 ἐν
2831 1656 2909 1729 τῷ
2961 1656 3302 1728 στερεώματι
3350 1654 3781 1725 φανταζόμενον,

528 1738 824 1808 praphetize
842 1756 1033 1796 munus
1047 1743 1388 1798 adornatum.
1408 1744 1558 1800 Alter
1575 1748 1876 1803 vehiculum
1892 1765 2106 1820 quoque

2226 1747 2299 1799 (αἱ
2355 1746 2537 1815 φωνὰς
2572 1746 2635 1816 δή
2678 1765 2852 1812 τινας,
2906 1748 2999 1800 καὶ
3057 1748 3255 1819 ὁρμὰς,
3287 1748 3378 1801 καὶ
3419 1747 3640 1817 πράξεις
3674 1746 3780 1816 (7)⁸

530 1828 623 1882 Dei
642 1829 707 1897 ⁷⁸,
742 1832 842 1885 hoc
888 1842 991 1898 est,
1037 1834 1360 1890 cherubinos
1411 1836 1689 1903 describit,
1742 1840 2103 1910 thronumque

2226 1842 2300 1894 ιαί
2334 1841 2530 1907 ταῦτα,
2582 1844 2691 1896 εἴτε
2750 1845 3021 1912 φαντασία
3068 1863 3151 1909 τις
3182 1842 3247 1916 ἦν
3302 1845 3554 1917 ἡμερινὴ,
3602 1844 3785 1916 μόνοις

531 1920 663 1988 ipsis
706 1921 1077 1986 excelsiorem,
1117 1939 1290 1994 eoque
1334 1925 1624 1982 sublimius
1675 1928 2099 1998 ﬁrmamentum,

2226 1933 2454 2004 δεωρητὴ
2484 1936 2594 1996 τοῖς
2624 1933 2820 2001 ἁγίοις,
2854 1935 2962 1988 εἴτε
2992 1936 3183 1999 νυκτὸς
3213 1935 3447 2006 ἀψευδὴς
3490 1936 3630 2006 ὄψις,
3669 1935 3785 1990 εἴτε

531 2020 694 2082 atque
721 2015 939 2084 insuper
967 2029 1112 2083 eum,
1138 2018 1230 2086 qui
1270 2018 1322 2072 in
1364 2018 1707 2075 ﬁrmamento
1752 2035 1871 2076 sese
1919 2030 2103 2079 utcun-

2226 2023 2298 2078 τοῦ
2323 2025 2923 2095 ήγεμονικοῦ.τύπωσις
2958 2028 3325 2099 συγγενομένη
3360 2027 3434 2095 (8)
3485 2030 3596 2090 τοῖς
3649 2026 3787 2097 μέλ-

529 2120 636 2175 que
658 2110 1078 2177 conspicantium
1116 2113 1415 2180 prtebebat,
1439 2128 1708 2183 vocesque
1739 2115 1904 2169 etiam
1934 2130 2099 2185 quas-

2226 2133 2385 2169 LO‘JO’L‘J
2433 2116 2507 2179 ὡς
2536 2118 2969 2187 παροῦσιν,.εἱ’τε
3016 2136 3070 2171 τι
3101 2118 3230 2173 ἀλλο
3271 2119 3605 2189 προφητείας
3646 2114 3786 2182 εἶδος

529 2194 675 2261 dam,
716 2205 771 2249 et
800 2196 1051 2266 impetus,
1084 2208 1246 2269 atque
1281 2202 1555 2267 actiones;
1595 2202 1776 2271 idque,
1808 2205 1921 2258 sive
1951 2206 2099 2259 diur-

2226 2206 2535 2277 ιπόρρητον,
2574 2208 2673 2261 οὐκ
2706 2208 2815 2279 ἔχω
2837 2209 3036 2278 λέγειν’
3070 2209 3183 2264 ἀλλ’
3216 2205 3354 2265 οἶδεν
3378 2211 3407 2263 ό
3435 2208 3542 2261 τῶν
3574 2224 3792 2279 προφη-

531 2297 660 2338 num
702 2286 972 2353 quoddam
1028 2288 1131 2343 hoc
1196 2298 1508 2358 spectrum,
1565 2291 1695 2346 solis
1741 2294 2101 2350 sanctissimis

2226 2298 2312 2354 ςῶν
2342 2298 2492 2363 Θεὸς,
2528 2298 2623 2353 καὶ
2648 2300 2698 2352 οἱ
2726 2299 2792 2354 τά
2814 2300 3033 2355 τοιαῦτα
3054 2300 3452 2373 ὲνεργούμενοι.
3486 2300 3631 2370 Πλὴν
3658 2298 3789 2353 οὔτε

532 2374 667 2430 viris
706 2377 1022 2446 spectabile,
1072 2379 1185 2433 sive
1232 2379 1455 2435 minime
1504 2380 1666 2436 fallax
1718 2383 1893 2438 noctis
1940 2385 2098 2449 visio,

533 2466 649 2521 sive
681 2470 878 2537 praevia
916 2470 1159 2539 quaedam
1211 2472 1409 2527 mentis
1439 2473 1743 2542 impressio,
1779 2473 1954 2529 futura
1983 2484 2102 2530 tan-

532 2576 693 2630 quam
733 2565 1020 2633 przesentia
1052 2565 1353 2629 exhibens,
1391 2565 1503 2620 sive
1535 2580 1792 2620 arcanum
1835 2568 2100 2636 quoddam

537 2654 683 2709 aliud
724 2656 1021 2725 prophetia:
1065 2672 1254 2728 genus,
1311 2659 1493 2712 dicere
1533 2673 1777 2728 nequeo;
1814 2661 1961 2713 novit
2003 2661 2104 2716 hoc

2207 2384 2348 2444 οὗτοι
2394 2390 2521 2461 περὶ
2573 2383 2647 2444 ὧν
2703 2393 2731 2445 ό
2788 2390 2964 2458 λόγος,
3009 2389 3133 2444 οὗτε
3179 2408 3262 2454 τις
3317 2390 3470 2453 ἄλλος
3505 2390 3614 2444 τῶν
3658 2383 3789 2443 κατ’

2210 2479 2407 2542 αὐτοὺς
2460 2479 2556 2550 (9),
2617 2478 2745 2550 ἔστη
2800 2481 2857 2532 ὲν
2909 2480 3254 2551 ὑποστήματι
3305 2478 3416 2551 (10)
3472 2480 3567 2533 καὶ
3627 2478 3792 2550 οὐσίᾳ

2210 2572 2437 2642 Κυρίου,
2468 2570 2608 2625 κατά
2640 2571 2703 2624 τὸ
2754 2571 3163 2643 γεγραμμένον,
3214 2571 3335 2625 οὐδὲ
3371 2569 3506 2624 Θεοῦ
3555 2570 3716 2640 φύσιν
3750 2570 3791 2642 ἢ

2211 2658 2347 2717 εἶδεν
2375 2660 2407 2732 ἢ
2454 2661 2830 2733 ὲξηγόρευσεν.

531 2747 917 2818 prOphetarum
945 2748 1108 2812 Deus,
1141 2758 1194 2803 et
1219 2748 1311 2817 qui
1354 2750 1658 2820 hujusmodi
1719 2749 1985 2806 aiilatibus
2054 2752 2344 2820 agitantur.
2408 2752 2671 2806 Caeterum
2701 2766 2872 2821 neque
2934 2750 3009 2818 hi,
3038 2750 3104 2805 de
3132 2750 3326 2821 quibus
3355 2749 3560 2819 loquor,
3618 2745 3793 2820 nequo

538 2844 819 2914 quisquam
872 2843 1008 2899 alius
1049 2844 1289 2913 ejusdem
1333 2847 1561 2911 ordinis,
1602 2847 1656 2900 in
1700 2848 1997 2902 substantia
2039 2857 2095 2903 et
2130 2848 2367 2903 essentia
2399 2847 2633 2913 Domini,
2675 2856 2734 2901 ut
2790 2845 3068 2917 Scriptura
3102 2845 3338 2916 loquitur
3376 2846 3451 2911 ⁷⁸,
3483 2844 3653 2910 stetit,
3686 2857 3795 2901 nec

545 2936 640 2993 Dei
684 2945 955 3005 naturam,
990 2946 1085 2991 aut
1122 2937 1277 3002 vidit,
1310 2946 1402 2991 aut
1441 2937 1563 2992 aliis
1610 2939 1847 3007 prodidit
1873 2948 1925 2994 et
1954 2936 2228 3008 patefecit.
2710 2952 2715 2957 ί

608 3029 729 3085 XX.
764 3029 919 3096 Quod
964 3030 1010 3084 si
1055 3029 1224 3085 Paulo
1273 3045 1358 3094 ea,
1400 3046 1519 3099 qua:
1565 3031 1784 3086 tertium
1823 3032 2018 3086 coelum
2035 3032 2104 3097 ⁷⁷,

2279 3031 2364 3086 K'.
2410 3030 2608 3101 Παύλῳ
2666 3030 2744 3096 δὲ,
2785 3031 2834 3083 εί
2892 3030 2991 3100 μὲν
3059 3026 3267 3097 εκφορά
3329 3024 3438 3096 (11)
3500 3019 3569 3095 ἦν
3631 3022 3784 3095 ἅπερ

538 3132 702 3192 atque
738 3122 805 3176 ad
850 3120 979 3175 illud
1019 3136 1190 3189 usque
1231 3122 1563 3190 progressio,
1600 3121 1685 3176 vel
1719 3124 1988 3187 ascensio,
2021 3124 2105 3179 vel

540 3214 837 3285 assumptio
889 3213 1153 3276 exhibuit,
1186 3212 1509 3267 mortalibus
1543 3215 1803 3284 evulgare
1846 3215 2108 3281 licuisset,

540 3307 771 3376 amplius
798 3305 1051 3375 quiddam
1083 3304 1240 3375 511
1277 3303 1512 3360 fortasse
1537 3306 1603 3361 de
1628 3306 1739 3362 Deo
1772 3308 2114 3376 cognovisse-

540 3414 683 3465 mus,
711 3399 757 3454 si
782 3397 940 3453 modo
971 3413 1169 3453 arcana
1198 3398 1312 3453 haec
1338 3412 1500 3453 causa
1531 3407 1669 3463 erat,
1699 3414 1796 3452 cur
1832 3400 1883 3452 in
1916 3397 2109 3454 cmlum

543 3499 845 3561 raperetur.
875 3491 1140 3557 Quoniam
1183 3499 1363 3544 autem
1395 3490 1511 3544 hmc
1540 3490 1588 3544 ei
1624 3490 1677 3544 in
1707 3490 1897 3560 vulgus
1922 3491 2114 3545 ell‘erre

542 3584 697 3639 nefas
743 3594 882 3649 erat,
928 3583 1193 3638 faciamus
1240 3598 1338 3637 nos
1395 3597 1633 3651 quoque,
1670 3591 1730 3635 ut
1788 3597 1851 3636 ea
1899 3581 2113 3636 silentio

542 3676 1003 3732 commendemus.
1037 3675 1213 3743 Atque
1242 3675 1343 3728 hoc
1384 3674 1644 3727 duntaxat
1683 3673 1904 3727 Paulum
1928 3673 2113 3727 dicen-

548 3778 655 3823 tem
689 3767 971 3821 audiamus
1002 3784 1015 3820 :
1051 3764 1137 3819 Ea:
1180 3774 1329 3834 parte
1367 3766 1746 3834 cognoscimus,
1777 3776 1823 3818 el
1869 3782 1933 3819 ea:
1971 3774 2116 3834 parte

545 3857 998 3929 prophetarum".
1057 3856 1205 3922 Haec,
1253 3866 1418 3926 atque
1471 3858 1739 3927 ejusmodi
1792 3857 1948 3911 fateri
2010 3872 2114 3911 non

547 3953 756 4008 dubitat
810 3951 900 4005 ille
967 3950 1191 4004 scientia
1252 3964 1596 4020 nequaquam
1664 3950 1980 4018 imperitus,
2029 3949 2118 4004 ille

546 4043 976 4112 experimentum
1041 4055 1099 4095 se
1174 4040 1424 4094 daturum
1526 4039 1785 4093 minitans
1850 4039 2117 4109 loquentis

547 4135 605 4186 in
660 4147 722 4187 se
766 4131 1008 4198 Christi,
1079 4145 1340 4197 magnus,
1415 4130 1673 4200 inquam,
1728 4129 1817 4184 ille
1873 4130 2118 4186 veritatis

559 4230 933 4293 propugnator
985 4234 1040 4277 et
1105 4223 1312 4277 doctor.
1381 4221 1564 4291 quue
1627 4226 1845 4279 nomine
1904 4238 2119 4278 omnem

549 4330 762 4386 quoque
787 4316 1077 4370 humanam
1107 4329 1169 4369 ac
1200 4323 1469 4370 terrenam
1494 4315 1774 4369 scientiam
1797 4315 1927 4370 nihil
1958 4330 2118 4386 supra

2216 3125 2371 3195 ἔσχεν
2423 3124 2533 3195 (12)
2559 3125 2587 3176 ὁ
2631 3122 2812 3193 τρίτος
2853 3120 3100 3191 οὐρανὸς,
3138 3118 3231 3171 καὶ
3272 3118 3305 3185 ἡ
3357 3116 3547 3186 μέγρις
3580 3115 3795 3169 ἐκείνου

2216 3214 2458 3285 πρόοδος,
2488 3213 2520 3283 ἢ
2576 3211 2861 3274 ἀνάϐασις,
2896 3211 2929 3281 ἢ
2982 3208 3267 3276 ἀνάληψις,
3300 3205 3441 3274 τάχα
3473 3204 3537 3258 ἄν
3564 3221 3616 3255 τι
3662 3205 3797 3276 περὶ

2217 3305 2353 3359 Θεοῦ
2388 3304 2548 3358 πλέον
2604 3303 2870 3373 ἔγνωμεν,
2907 3301 3066 3371 εἴπερ
3108 3297 3266 3351 τοῦτο
3298 3292 3365 3367 ἦν
3395 3296 3454 3349 τὸ
3484 3296 3580 3366 τῆς
3609 3297 3795 3365 ἁρπα-

2218 3400 2319 3468 γῆς
2355 3398 2665 3468 μυστήριον·
2708 3397 2828 3448 ἐπεὶ
2863 3394 2919 3447 δὲ
2949 3393 3160 3465 ἄρρητα
3192 3386 3280 3461 ἦν,
3306 3389 3401 3443 καὶ
3431 3390 3563 3460 ἡμῖν
3612 3389 3793 3458 σιωπῇ

2217 3489 2486 3560 τιμάσθω.
2520 3488 2786 3540 Τοσοῦτον
2810 3486 2867 3539 δὲ
2895 3484 3213 3554 ἀκούσωμεν
3246 3480 3410 3536 αὑτοῦ
3463 3478 3673 3534 Παύλου
3701 3478 3797 3531 λέ-

2219 3600 2426 3652 γοντος,
2466 3582 2547 3634 ὅτι
2564 3584 2662 3635 Ἐκ
2684 3579 2906 3649 μέρους
2932 3575 3322 3647 γινώσκομεν,
3347 3572 3443 3627 καὶ
3470 3572 3537 3624 ἐκ
3572 3570 3798 3641 μέρους

2221 3675 2691 3743 προφητεύομεν.
2736 3672 2940 3732 Ταῦτα,
2988 3668 3082 3720 καὶ
3111 3666 3179 3719 τά
3225 3664 3448 3718 τοιαῦτα
3476 3661 3727 3733 ὁμολογεῖ
3766 3665 3800 3718 ὁ

2226 3767 2300 3837 μὴ
2335 3764 2549 3833 ἰδιώτης
2596 3765 2695 3834 τὴν
2729 3762 2952 3832 γνῶσιν,
2996 3763 3023 3813 ὁ
3066 3758 3293 3830 δοκιμὴν
3325 3755 3561 3810 ἀπειλῶν
3604 3752 3697 3806 τοῦ
3736 3754 3798 3805 ὲν

2223 3858 2371 3929 αὐτῷ
2433 3856 2720 3918 λαλοῦντος
2776 3850 3035 3924 Χριστοῦ,
3096 3853 3124 3904 ὁ
3177 3850 3348 3921 μέγας
3394 3848 3493 3913 τῆς
3541 3844 3800 3915 ἀληθείας

2224 3949 2658 4021 προαγωνιστὴς,
2699 3946 2794 4001 καὶ
2847 3942 3181 4006 διδάσκαλος.
3220 3940 3310 3993 Διὸ
3347 3939 3438 3991 καὶ
3474 3938 3584 4006 (15)
3617 3937 3801 3990 πᾶσαν

2222 4042 2320 4113 τὴν
2363 4043 2512 4096 κάτω
2550 4039 2748 4109 γνῶσιν
2800 4037 2951 4089 οὐδὲν
2989 4034 3130 4105 ὑπὲρ
3184 4032 3252 4085 τὰ
3289 4030 3529 4100 ἔσοπτρα
3576 4029 3670 4082 καὶ
3726 4028 3800 4082 τὰ

2225 4134 2520 4203 αἰνίγματα
2578 4129 2804 4193 τίθεται,
2860 4127 2936 4190 ὡς
2997 4128 3054 4179 ὲν
3118 4125 3331 4195 μικροῖς
3382 4122 3479 4192 τῆς
3539 4118 3802 4190 ἀληθείας

2229 4223 2519 4293 ἱσταμένην
2570 4220 2902 4290 ἱνδάλμασιν.
2940 4216 2999 4271 Εἰ
3039 4216 3094 4269 δὲ
3133 4215 3205 4284 μὴ
3251 4212 3367 4268 λίαν
3399 4210 3539 4264 δοκῶ
3567 4227 3676 4264 τισι
3700 4225 3803 4261 περ

2229 4314 2408 4387 ριττὸς
2430 4314 2524 4371 καὶ
2544 4311 2840 4384 ,περίεργος
2870 4310 2938 4363 τά
2962 4308 3184 4365 τοιαῦτα
3209 4304 3494 4372 ἐξετάζων,
3522 4304 3639 4357 οὐδὲ
3665 4302 3802 4357 ἄλλα

551 4405 772 4477 specula
822 4413 876 4459 et
923 4404 1211 4475 aenigmata
1234 4405 1278 4437 ⁷⁷
1333 4419 1453 4460 esse
1508 4405 1718 4471 statuit,
1769 4413 1952 4473 utpote
2005 4420 2119 4475 quae

2227 4405 2349 4460 τινὰ
2378 4405 2594 4476 τυχὸνῆ
2630 4403 2801 4456 ταῦτα
2828 4397 2921 4472 ἦν,
2968 4400 3004 4454 ἀ
3037 4400 3112 4471 μὴ
3162 4396 3421 4453 δύνασθαι
3470 4394 3562 4448 νῦν
3610 4395 3805 4466 βαστα-

656 4589 700 4619 ⁷⁸
725 4587 901 4641 Jutiic.
936 4603 1050 4651 xm,
1075 4588 1166 4641 Ἡ.
1244 4586 1286 4619 ⁷¹
1311 4584 1438 4639 Luc.
1473 4602 1524 4651 ν,
1555 4584 1606 4640 8.
1688 4587 1732 4617 ⁷³
1759 4585 1929 4640 Matth
1979 4601 2088 4651 xvt,
2115 4587 2201 4640 17.

719 4658 831 4710 ⁷⁷11
856 4658 979 4710 Cor.
1022 4673 1123 4710 xu.
1163 4657 1217 4710 2.
1321 4655 1405 4709 ⁷⁸1
1436 4654 1560 4710 Cor.
1597 4673 1714 4710 xm.
1746 4657 1799 4710 9.
1893 4658 1937 4688 7’
1966 4656 2093 4710 ibid.
2136 4655 2204 4710 12

1966 4673 2093 4710 ιυια.
2136 4673 2225 4710 12.

552 4656 645 4714 18.
719 4658 831 4713 ⁷⁷11
856 4658 979 4713 Cor.
1022 4673 1123 4723 xu,
1163 4657 1217 4711 2.
1321 4655 1405 4709 ⁷⁸1
1436 4654 1560 4711 Cor.
1597 4673 1714 4720 xm,
1746 4657 1799 4712 9.

652 4814 706 4884 5)
746 4811 1041 4867 Σαϐϐαὼθ.
1077 4813 1210 4882 Reg.
1243 4813 1353 4875 hm,
1374 4812 1557 4884 βίον.
1589 4815 1638 4877 1,
1675 4811 1922 4866 Σαϐαὼθ.

652 4816 706 4884 5)
746 4816 1041 4867 Σαϐῢαώθ.
1077 4816 1210 4882 Reg.
1243 4816 1353 4875 bm,
1383 4823 1435 4866 et
1464 4816 1557 4868 Or.
1589 4816 1638 4877 1,
1675 4816 1922 4866 Σαϐαὼθ.

626 4816 705 4953 (6)
757 4886 1327 4952 Ἀποκρυπτόμενον.
1359 4881 1512 4937 Colb.
1539 4884 1561 4937 1
1594 4893 1647 4939 et
1689 4884 1782 4937 Ur.
1814 4885 1863 4948 1,
1898 4881 2135 4952 κρυπτό-

783 5025 840 5039 I\II
878 5035 909 5039 ..
1024 5024 1036 5039 ο
1096 5022 1121 5031 ’⁵
1216 5022 1255 5039 n
1377 5022 1413 5039 n
1444 5038 1449 5039 γ
1474 5037 1516 5039 ν..
1596 5021 1608 5038 0
1666 5022 1680 5039 \
1807 5022 1819 5039 1
1898 5021 1923 5032 ⁵

562 5022 572 5026 ⁷
628 5024 731 5148 (6⁸)
783 5025 840 5076 Ὺ
839 5035 948 5089 περ
972 5022 1187 5079 αὐτῶν.
1216 5022 1349 5089 Reg.
1374 5022 1561 5093 Cypr.,
1587 5022 1728 5093 ὑπὲρ
1762 5022 1947 5076 αὑτοῦ.
1975 5022 2135 5077 Com-

557 5096 625 5171 be
657 5133 671 5147 .
721 5102 871 5162 putat
924 5093 1414 5171 ιριςθιιάιιιιιηὺπὲρ
1453 5092 1602 5171 αὑτό,
1654 5108 1890 5171 nempe,”
1916 5093 2133 5171 ὄχημα,

558 5166 697 5218 sicut
721 5173 777 5218 et
813 5177 934 5217 mox
960 5178 1055 5232 pro
1079 5163 1137 5216 τὸ
1165 5163 1303 5232 ὑπὲρ
1333 5163 1519 5217 αὑτοῦ.
1549 5172 1732 5217 censet
1766 5163 2131 5227 scribendum,

559 5235 701 5306 ὑπὲρ
730 5234 915 5306 αὐτόν,
940 5234 1162 5306 scilicet,
1190 5233 1398 5306 θρόνον.

631 5302 710 5374 (7)
752 5303 1023 5371 Πράξεις.
1048 5304 1196 5368 Par.,
1225 5302 1429 5371 τάξεις,
1459 5321 1477 5354 ι
1504 5302 1741 5374 ordines.
1763 5321 1781 5353 ι

630 5372 708 5445 (8)
751 5374 1180 5443 Σιυγγενομένη.
1215 5375 1305 5429 Or.
1335 5375 1387 5445 1,
1420 5372 1837 5445 συγγενομένου.

635 5438 712 5516 (9)
749 5438 891 5500 Kac;
914 5438 1157 5510 αὐτούς.
1196 5446 1306 5499 Duo
1337 5438 1508 5513 liegg.
1529 5438 1581 5495 et
1607 5438 1699 5496 Ui‘.
1732 5444 1781 5506 1,
1824 5440 1965 5495 κατά
2011 5438 2132 5493 τούς

562 5533 709 5568 τους.

800 5586 895 5638 Ἐν
950 5583 1497 5656 ὐποστήματιηὶοχ
1544 5592 1626 5656 est
1671 5579 1919 5656 Ieremia:
1964 5593 2126 5656 xiii",

570 5650 659 5719 l8,
692 5650 777 5709 cui
836 5657 1109 5725 subjungit
1152 5650 1468 5725 Gregorius,
1524 5651 1617 5704 xui
1646 5650 1849 5725 οὐσίᾳ,
1879 5650 2132 5725 explica-

568 5727 730 5781 tionis
764 5721 948 5787 causa;
974 5721 1125 5796 quasi
1157 5721 1375 5777 vox‘illa
1419 5722 1767 5796 tessentiam,
1793 5740 1809 5771 ι
1849 5721 1962 5796 sive
2001 5739 2019 5771 ι
2045 5734 2136 5796 na-

570 5803 754 5853 turam
788 5796 878 5852 Dei
904 5814 921 5847 ι
961 5789 1250 5866 signiticet,
1293 5794 1437 5863 quod
1479 5808 1507 5847 a
1551 5805 1673 5847 vero
1714 5805 1875 5848 sensu
1924 5789 2132 5863 longius

2302 4596 2323 4618 ⁸
2374 4602 2454 4645 sa.
2484 4602 2555 4652 vt,
2594 4585 2643 4638 1.
2718 4584 2763 4615 ⁷⁸
2797 4584 2989 4638 Ezccn.
3020 4597 3059 4640 ι.
3090 4587 3123 4634 4
3154 4595 3303 4650 seqq.
3329 4579 3374 4613 ⁷⁸
3403 4578 3604 4636 Jerem.
3637 4593 3800 4646 xxiii,

2246 4813 2417 4868 abest.
2469 4813 2584 4866 Vox
2635 4811 2776 4864 enim
2824 4808 3044 4863 llebrtea
3100 4805 3346 4863 Jeremiae
3401 4823 3420 4856 ι
3461 4800 3741 4858 consilium
3774 4819 3795 4852 ι

2241 4893 2418 4937 sonat.
2452 4881 2587 4935 llinc
2620 4881 2837 4947 Vulgata
2872 4889 3015 4933 recte
3049 4879 3223 4933 reddit
3253 4896 3265 4931 :
3305 4895 3322 4927 ι
3353 4874 3653 4947 Quis_eniln
3700 4872 3801 4947 ad-

2241 4953 2344 5007 iuit
2388 4952 2613 5007 consilio
2648 4943 2897 5005 Doinini?
2926 4969 2944 5002 ι
2988 4948 3336 5023 septuaginta
3379 4956 3433 5000 et
3468 4943 3799 5023 Theod0tion

2240 5023 2678 5090 interpretantur,
2719 5040 2736 5072 ι
2770 5014 3130 5076 substantiam
3151 5061 3165 5084 ,
3196 5014 3364 5090 S_seu
3437 5034 3455 5067 ι
3477 5014 3801 5090 subsisten-

2243 5086 2402 5157 tiatn';
2426 5110 2445 5143 ι
2478 5093 2691 5161 Aquila,
2726 5109 2745 5142 ι
2773 5099 3060 5153 secretum,
3083 5108 3100 5141 ι
3136 5101 3189 5161 et
3222 5086 3606 5161 Symmachus.-
3639 5101 3657 5131 ι
3686 5096 3802 5135 ser-

2242 5152 2776 5218 tiionetii.i'Vertiiii
2838 5176 2996 5216 voces
3049 5152 3339 5233 ῥπόστημα
3398 5167 3450 5210 et
3504 5152 3799 5233 ὑπόστασις

2242 5240 2393 5286 recte
2441 5234 2574 5287 verti
2612 5240 2850 5303 possunt,
2892 5249 2912 5282 ι
2940 5230 3135 5285 statio»
3170 5239 3222 5282 et
3258 5247 3277 5280 ι
3306 5240 3646 5303 consessus,_i
3692 5230 3799 5302 sic-

2243 5316 2349 5370 que
2401 5294 2626 5372 propius'
2676 5302 2986 5357 accederent
3054 5302 3121 5355 ad
3170 5298 3459 5370 genuinum
3525 5294 3798 5348 llebraica:

2231 5373 2379 5428 vocis
2411 5388 2648 5428 sensum.

2305 5442 2745 5567 (tUE’Exgpopd.
2811 5440 3119 5512 Legendum
3200 5438 3411 5492 videtur
3482 5449 3635 5498 esse,
3704 5431 3793 5485 ἐκ·

2306 5532 2390 5567 οα.
2467 5529 2576 5567 DIT.

2231 5528 2390 5573 φορα.
2421 5528 2576 5569 ILDIT.

2304 5532 2701 5653 ῗῗέβὲἒίχεν.
2732 5579 2894 5637 Cois].
2919 5581 2977 5653 '5,
3007 5579 3300 5651 παρέσχεν,
3335 5595 3353 5628 ι
3378 5574 3643 5638 exhibuit.
3673 5586 3797 5643 sup—

2230 5651 2506 5723 peditavit.
2534 5673 2553 5705 ι
2574 5651 2711 5706 ΒίΙΙ.
2741 5668 2761 5723 ζ
2794 5671 2811 5702 ι
2839 5651 3096 5723 continet.
3124 5670 3142 5703 ι

2304 5722 2412 5795 (15)
2452 5724 2546 5780 Διό
2585 5722 2703 5780 καί.
2736 5722 2865 5792 Reg.
2890 5736 2920 5777 a
2950 5733 3002 5778 et
3028 5721 3132 5778 duo
3158 5718 3334 5788 Culb.,
3356 5716 3383 5771 ὃ
3409 5720 3522 5772 και.
