4038 6338
286 372 359 430 53
1331 376 1590 434 ORATIO
1626 380 1865 435 XXVIII.
1909 411 1976 423 --
2017 378 2454 435 THEOLOGICA
2491 376 2553 432 II.
3475 376 3546 436 54

284 488 507 561 χθῆναι,
560 491 587 541 ὁ
639 490 810 558 Λόγος
856 489 1016 553 αὐτὸς
1066 492 1417 571 ύπῃνίσσετο,
1468 493 1543 557 ὣς
1586 495 1699 564 (14)
1749 512 1867 547 ποτε

1983 496 2123 549 ultra
2148 494 2343 564 exigua
2376 492 2621 571 veritatis
2650 489 2936 546 simulacra
2971 488 3190 543 minime
3216 504 3333 544 sese
3367 492 3544 560 porri-

285 581 780 652 βασταχθησόμενα
804 582 899 635 καὶ
926 570 1408 653 τρανωθησόμένω
1459 586 1549 638 καὶ
1584 586 1726 657 ἅπερ
1762 586 1872 657 (15)

285 671 410 740 μηδ’
438 671 507 723 ἂν
552 671 712 721 αὑτὸν
738 669 1031 740 δυνηθῆναι
1082 672 1329 742 χωρῆσαι
1365 672 1458 725 τὸν
1488 672 1689 742 κόσμον
1738 673 1873 742 (16),

294 762 552 831 Ἰωάννης
585 764 612 815 ὁ
640 761 733 814 τοῦ
760 762 933 829 Λόγου
962 762 1270 834 πρόδρομος
1303 764 1435 833 (17),
1474 766 1506 834 ἡ
1535 764 1743 835 μεγάλη
1779 764 1877 833 τῆς

282 853 540 923 ἀληθείας
569 852 739 925 φωνὴ,
761 852 1059 923 διωρίζετο.

1982 597 2089 656 gat.
2126 586 2277 652 Quod
2310 585 2409 639 nisi
2440 599 2523 637 me
2564 583 2827 654 quiSpiam
2858 582 2911 636 in
2950 581 3108 651 hujus
3137 581 3349 651 generis
3385 584 3545 638 rebus

1983 677 2334 747 exquirendis
2367 674 2527 729 nimis
2561 676 2771 728 curiose
2804 682 2858 729 et
2904 687 3303 743 supervacaneo
3342 675 3546 729 versari

1984 767 2277 830 existimet,
2306 765 2485 820 dicere
2532 778 2744 834 quoque
2775 778 2880 818 non
2930 778 3140 828 verear,
3172 779 3272 819 nec
3294 765 3393 817 alia
3427 765 3549 834 qui-

1988 858 2107 911 dem
2153 857 2402 923 fortasse,
2455 870 2615 924 quam
2668 855 2807 918 haec,
2853 868 2915 908 ea
2950 868 3090 919 esse,
3136 870 3256 925 quae
3298 853 3549 910 Christus

282 947 393 1015 ip~e
462 945 669 1013 portari
716 946 767 998 iu
834 946 936 1000 hac
987 948 1093 1000 vita
1136 960 1293 1015 posse
1346 946 1559 1010 negavit
1606 947 1674 1011 ⁸ο,
1711 946 1856 1001 velut
1890 946 2178 1018 aliquando
2211 946 2493 1016 portanda,
2532 953 2585 1000 et
2623 944 2978 1009 declaranda;
3019 954 3071 998 et
3128 959 3247 1014 qua:
3275 944 3365 1000 ille
3386 944 3547 1000 Verbi

278 1050 588 1104 przecursor
634 1035 893 1099 Joannes,
951 1046 1007 1091 et
1062 1053 1252 1107 magna
1308 1039 1551 1093 veritatis
1582 1056 1706 1103 vox,
1742 1055 1808 1094 ne
1834 1055 1863 1093 a
1896 1040 2095 1095 mundo
2123 1041 2337 1109 quidem
2367 1038 2482 1109 capi
2514 1053 2673 1108 posse
2697 1035 3149 1103 pronuntiavit".

350 1129 480 1183 ΚΧ.
510 1131 672 1183 Πᾶσα
721 1131 819 1202 μὲν
846 1128 939 1185 οῦν
990 1132 1237 1203 ἀλήθεια,
1285 1134 1381 1186 xui.
1427 1136 1531 1198 πᾶς
1558 1135 1716 1203 λόγος
1742 1135 1868 1188 δυσ-

278 1221 593 1291 τέκμαρτός
629 1238 690 1274 τε
757 1223 853 1275 καὶ
911 1222 1307 1296 δυσθεώρητος
1363 1225 1455 1278 καὶ
1493 1220 1605 1278 οἷον
1656 1226 1872 1297 ὀργάνῳ

282 1311 464 1383 μικρῷ
512 1313 729 1383 μεγάλα
777 1314 1238 1385 δημιουργοῦμεν,
1268 1318 1333 1386 τῇ
1366 1316 1678 1387 ἀνθρωπίνῃ
1711 1317 1871 1388 σοφίᾳ

278 1403 373 1471 τὴν
425 1403 543 1456 τῶν
578 1404 749 1456 ὄντων
788 1404 988 1472 γνῶσιν
1046 1403 1388 1476 θηρεύοντες,
1447 1406 1541 1458 καὶ
1584 1408 1695 1469 τοῖς
1743 1424 1870 1479 von-

276 1495 388 1555 τοῖς
421 1492 544 1563 (18)
574 1492 1002 1564 προσϐάλλοντες
1034 1494 1171 1564 μετὰ
1199 1494 1307 1547 τῶν
1352 1495 1675 1564 αἰσθήσεωνο
1701 1496 1733 1567 ἢ
1774 1497 1872 1549 οὐκ

279 1583 406 1636 ἄνευ
446 1580 785 1652 αἰσθήσεων,
839 1582 928 1651 ὑφ’
961 1575 1036 1637 ὧν
1069 1582 1481 1653 περιφερόμεθα
1513 1583 1606 1636 καὶ
1660 1582 1873 1637 πλανώο

279 1673 440 1744 μεθα,
498 1675 598 1727 καὶ
643 1674 744 1726 οὐκ
787 1673 982 1744 ἔχομεν
1010 1673 1201 1744 γυμνῷ
1246 1673 1325 1744 τῷ
1354 1674 1435 1728 νοῒ
1478 1677 1706 1746 γυμνοῖς
1760 1678 1873 1739 τοῖς

276 1765 605 1836 πράγμασιν
658 1764 1103 1835 ἐντυγχάνοντες,
1146 1765 1345 1836 μᾶλλόν
1375 1784 1429 1819 τι
1470 1766 1751 1837 προσιέναι
1800 1770 1866 1838 τῇ

1992 1146 1997 1151 ·
2048 1135 2190 1190 XXI.
2224 1135 2421 1189 Verum
2466 1135 2609 1188 enim
2640 1148 2773 1188 vero
2826 1148 2948 1187 cum
3003 1134 3207 1189 veritas
3277 1134 3457 1188 omnis
3490 1142 3545 1189 et

1978 1225 2273 1296 disputatio
2306 1224 2600 1295 plurimum
2633 1221 2967 1279 dillicultatis
3006 1230 3171 1290 atque
3202 1223 3547 1277 obscuritatis

1981 1316 2216 1381 habeat;
2246 1330 2309 1370 ac
2355 1329 2455 1369 nos
2492 1313 2641 1369 velut
2705 1326 2869 1381 parvo
2914 1311 3146 1381 quodam
3190 1312 3547 1367 instrumento

1980 1422 2068 1463 res
2117 1421 2343 1479 magnas
2388 1405 2600 1461 ellicere
2637 1403 2943 1467 moliamur,
3002 1404 3250 1456 humana:
3297 1402 3545 1459 videlicet

1974 1500 2253 1569 sapientiae
2294 1498 2605 1567 adiumento
2649 1510 2829 1550 rerum
2873 1493 3236 1564 cognitionem
3271 1510 3547 1564 aucupan-

1976 1599 2078 1659 tes,
2109 1606 2172 1647 ac
2204 1606 2311 1656 res,
2342 1606 2459 1661 quae
2484 1588 2647 1644 animi
2683 1598 2889 1642 tantum
2918 1587 3269 1657 intelligentia
3297 1601 3545 1656 compre-

1975 1682 2307 1749 henduntur,
2356 1696 2454 1751 per
2482 1695 2674 1736 sensus
2708 1692 3030 1749 cognoscere
3054 1679 3426 1749 aggredimur;
3453 1689 3546 1734 aut

1975 1781 2126 1828 certe
2159 1788 2261 1827 non
2305 1774 2421 1828 sine
2457 1773 2723 1837 sensibus,
2761 1772 2957 1841 quibus
2999 1771 3237 1839 undique
3271 1769 3542 1838 iactamur

275 1856 531 1927 ἀληθείᾳ,
560 1858 656 1909 καὶ
688 1857 781 1910 τὸν
819 1856 942 1909 νοῦν
983 1856 1283 1911 τυποῦσθαι
1315 1860 1434 1921 ταῖς
1485 1858 1867 1928 καταλήψεσιν.

1976 1871 2029 1920 et
2063 1865 2114 1918 in
2150 1878 2389 1919 errorem
2443 1864 2829 1933 pertrahimur,
2864 1877 2962 1917 nec
3003 1863 3144 1916 nuda
3196 1873 3374 1917 mente
3418 1878 3540 1917 cum

288 1946 345 1999 '0
366 1947 423 1999 δὲ
455 1948 588 2017 περὶ
613 1946 749 2000 Θεοῦ
775 1946 952 2015 λόγος,
980 1947 1090 2018 ὅσῳ
1115 1948 1461 2020 τελεώτερος,
1487 1949 1725 2019 τοσούτῳ
1745 1950 1875 2002 δυσ-

276 2038 652 2107 εφικτότερος,
702 2038 798 2090 καὶ
850 2037 1070 2101 πλείους
1128 2038 1225 2102 τὰς
1257 2038 1575 2109 ἀντιλήψεις
1615 2039 1752 2109 ἔχων
1779 2041 1874 2093 καὶ

272 2127 373 2190 τὰς
419 2126 611 2190 λύσεις
648 2127 1077 2201 ὲργωδεστέρας.
1112 2130 1228 2183 Πᾶν
1249 2130 1358 2201 γὰρ
1386 2131 1446 2183 τὸ
1497 2130 1868 2202 ἐνιστάμενον,

276 2218 380 2271 κᾶν
427 2218 774 2290 βραχύτατον
796 2216 853 2293 ᾖ,
892 2221 982 2274 τὸν
1006 2220 1101 2273 τοῦ
1145 2221 1303 2290 λόγου
1326 2223 1523 2295 δρόμον
1552 2223 1748 2293 ἐπέσχε
1777 2223 1871 2275 κα)⁸

276 2310 603 2375 διεκώλυσε,
638 2312 733 2363 καὶ
784 2312 885 2382 τὴν
914 2314 996 2376 είς
1040 2312 1102 2365 τὸ
1155 2314 1344 2384 πρόσω
1385 2315 1559 2384 φορὰν
1600 2314 1867 2385 διέκοψεν⁸

276 2399 465 2472 ὥσπερ
496 2402 552 2453 oi
579 2402 707 2465 τοὺς
751 2402 952 2467 ἵππους
982 2406 1094 2468 τοῖς
1142 2405 1401 2476 ῥυτῆρσιν
1445 2405 1656 2477 ἀθρόως
1684 2406 1872 2477 μεθέλ-

276 2511 478 2557 κοντες
536 2494 887 2565 φερομένους,
929 2496 1024 2549 κα)⁸
1070 2495 1149 2566 τῷ
1198 2496 1444 2567 ἀδοκήτῳ
1482 2496 1574 2550 τοῦ
1604 2499 1866 2569 τιναγμοῦ

274 2584 727 2656 περιτρέποντες.
759 2585 915 2639 Οῦτω
944 2586 1199 2658 Σολομὼν
1236 2587 1333 2657 μὲν
1369 2589 1397 2640 ό
1430 2587 1540 2658 (19)
1574 2589 1868 2661 σοφισάμε-

272 2694 361 2740 νος
385 2675 653 2742 περισσὰ,
693 2677 833 2747 ὑπὲρ
860 2678 1071 2742 πάντας
1138 2679 1267 2742 τοὺς
1293 2679 1619 2750 γενομένους
1659 2680 1867 2753 ἔμπρο-

275 2766 423 2832 σθεν,
446 2768 547 2820 καὶ
570 2766 691 2820 καθ’
715 2767 927 2831 ἑαυτὸν,
953 2762 997 2836 ᾧ
1019 2769 1079 2822 τὸ
1109 2769 1208 2840 τῆς
1230 2770 1455 2841 καρδίας
1473 2770 1670 2834 πλάτος
1698 2772 1867 2843 δῶρον

276 2856 434 2923 Θεοῦ,
469 2857 569 2910 καὶ
591 2859 624 2927 ἡ
657 2856 887 2929 ψάμμου
916 2859 1277 2931 δαψιλεστέρα
1303 2860 1458 2931 χύσις
1486 2861 1586 2932 τῆς
1611 2860 1862 2935 θεωρίας,

280 2955 394 3024 ὅσῳ
433 2953 604 3006 πλέον
639 2953 931 3024 ὲμόατεύει
986 2958 1097 3019 τοῖς
1156 2955 1366 3025 βάθεσι,
1409 2956 1646 3028 τοσούτῳ
1703 2957 1865 3013 πλέον

278 3048 508 3120 ίλιγγιᾷ,
562 3050 656 3103 καὶ
690 3048 842 3111 τέλος
872 3066 923 3101 τι
958 3050 1195 3101 ποιεῖται
1273 3050 1463 3118 σοφίας
1511 3054 1688 3125 εὑρεῖν
1742 3054 1863 3107 ὅσον

275 3139 538 3209 διέφυγεν
588 3140 722 3210 (20).
771 3139 982 3203 Παῦλος
1038 3140 1096 3194 δὲ
1146 3144 1399 3214 πειρᾶται
1435 3145 1530 3214 μὲν
1557 3144 1860 3214 ἐφικέσθαι,

276 3233 431 3285 οὔπω
494 3232 640 3299 λέγω
685 3235 784 3303 τῆς
824 3232 917 3285 τοῦ
948 3231 1083 3285 Θεοῦ
1123 3233 1357 3302 φύσεως,
1400 3235 1557 3289 τοῦτο
1584 3236 1692 3308 γὰρ
1747 3236 1863 3308 ᾔδει

276 3323 567 3387 παντελῶς
618 3323 877 3378 ἀδύνατον
916 3323 999 3390 ὃν,
1042 3324 1179 3377 ἀλλὰ
1237 3326 1397 3395 μόνον
1448 3326 1556 3380 τῶν
1588 3327 1682 3380 τοῦ
1731 3327 1864 3380 Θεοῦ

275 3416 592 3488 κριμάτων.
632 3416 786 3468 Ἐπεὶ
809 3416 865 3468 δὲ
889 3416 985 3485 οὐχ
1023 3416 1262 3487 εὑρίσκει
1294 3418 1547 3485 διέξοδον,
1599 3419 1717 3472 οὐδὲ
1743 3419 1867 3473 στά-

278 3523 365 3558 σιν
387 3505 495 3575 τῆς
535 3504 874 3570 ἁναῆάσεως,
911 3505 1029 3558 οὐδὲ
1058 3504 1138 3569 εἷς
1167 3524 1219 3559 τι
1254 3507 1365 3578 (ﬁl)
1406 3509 1639 3578 φανερὸν
1681 3509 1866 3562 τελευ-

278 3599 351 3668 τᾷ
389 3598 572 3668 πέρας
613 3598 645 3667 ἡ
675 3596 1173 3668 πολυπραγμοσύνη
1194 3599 1291 3669 τῆς
1318 3599 1572 3667 διανοίας,
1600 3599 1684 3653 ἀεί
1724 3617 1868 3665 τινος

279 3691 726 3761 ὑποεραινομένου
757 3692 851 3745 τοῦ
904 3691 1200 3755 λείποντος·
1230 3691 1275 3745 ὣ
1322 3693 1415 3745 τοῦ
1442 3692 1716 3764 θαύματος
1760 3694 1868 3766 (ἵνα

280 3783 374 3835 καὶ
424 3782 594 3843 αὐτὸς
626 3781 783 3835 πάθω
805 3782 866 3834 τὸ
913 3782 1075 3851 i'crov)!
1113 3782 1375 3853 ὲμπλήξει
1402 3785 1733 3855 περιγράφει
1777 3785 1868 3838 τὸν

278 3871 462 3939 λόγον,
495 3872 591 3924 καὶ
618 3871 844 3925 πλοῦτον
871 3871 1029 3937 Θεοῦ,
1060 3874 1154 3925 καὶ
1187 3873 1346 3944 βάθος
1364 3875 1427 3927 τὸ
1458 3876 1664 3930 τοιοῦτο
1693 3877 1865 3943 καλεῖ,

279 3965 373 4015 καὶ
402 3963 663 4033 ὁμολογεῖ
690 3964 797 4016 τῶν
814 3963 911 4016 τοῦ
928 3964 1062 4018 θεοῦ
1084 3967 1364 4037 χριμάτων
1387 3967 1447 4020 τὸ
1463 3968 1866 4041 ἀκατάληπτον,

283 4054 577 4124 μονονουχὶ
606 4054 676 4106 τὰ
700 4053 839 4107 αὐτὰ
874 4053 953 4124 τῷ
980 4055 1143 4108 Δαόὶδ
1174 4056 1563 4128 φθεγγόμενος,
1592 4061 1720 4112 ποτὲ
1773 4061 1869 4132 μὲν

278 4143 525 4205 ἄβυσσον
558 4143 757 4214 πολλὴν
781 4143 1100 4214 ὀνομάζοντι
1132 4148 1200 4200 τὰ
1222 4148 1315 4200 τοῦ
1338 4148 1471 4202 Θεοῦ
1516 4150 1777 4220 κρίματα,
1802 4146 1871 4224 ἧς

278 4234 382 4287 οὐκ
410 4233 529 4285 ἔστι
554 4232 654 4302 τὴν
683 4232 901 4303 ἕδρανῆ
936 4233 1122 4306 μέτρῳ
1153 4234 1185 4304 ἢ
1224 4235 1473 4306 αἰσθήσει
1499 4236 1706 4303 λαϐεῖν,
1739 4240 1869 4293 ποτὲ

278 4323 336 4376 δὲ
383 4322 884 4393 τεθαυμαστῶσθαι
942 4322 1039 4393 τὴν
1110 4327 1310 4393 γνῶσιν
1360 4325 1420 4391 ἐξ
1486 4328 1719 4392 ἑαυτοῦ,
1774 4331 1869 4383 καὶ

280 4416 383 4484 τῆς
450 4416 648 4469 ἑαυτοῦ
707 4414 1022 4478 συστάσεως
1091 4416 1201 4487 (22)
1255 4416 1485 4486 λέγοντι,
1529 4420 1870 4492 κεκραταιῶ-

1974 1952 2132 2007 nudis
2158 1955 2315 2007 rebus
2338 1951 2567 2017 versari,
2595 1960 2755 2020 atque
2786 1952 2910 2006 inde
2926 1951 2991 2005 ad
3017 1954 3299 2006 veritatem
3322 1952 3541 2022 propius

1973 2043 2251 2109 accedere,
2277 2042 2545 2112 rebusque
2571 2042 2836 2112 perceptis
2865 2056 2928 2096 ac
2956 2043 3361 2115 comprehensis
3393 2058 3542 2098 men-

1974 2143 2082 2191 tem
2115 2134 2408 2191 informare
2449 2150 2754 2204 possumus.
2788 2134 2922 2188 Tum
2953 2149 3081 2189 vero
3110 2134 3406 2203 disputatio
3455 2150 3539 2201 ea,

1950 2244 2091 2299 qua:
2127 2229 2192 2282 de
2228 2228 2335 2282 Deo
2387 2226 2702 2296 suscipitur,
2736 2240 2843 2294 quo
2886 2225 3204 2295 perfectior,
3232 2241 3296 2279 eo
3323 2240 3539 2296 quoque

1973 2319 2239 2375 diﬂicilior
2275 2327 2376 2383 est,
2410 2317 2762 2389 pluribusque
2808 2317 3254 2385 ohjectationibns
3290 2323 3452 2385 patet,
3484 2316 3539 2368 in

1972 2412 2145 2481 iisque
2175 2409 2440 2465 diluendis
2466 2426 2527 2465 ac
2551 2410 2906 2464 dissolveudis
2923 2408 3043 2478 plus
3073 2408 3267 2477 negotii
3293 2406 3533 2461 facessit.

1970 2503 2113 2559 Nihil
2140 2503 2284 2558 enim
2305 2512 2411 2557 tam
2431 2502 2565 2557 levis
2586 2501 2871 2571 exiguique
2900 2500 3151 2570 ponderis
3175 2499 3326 2554 nobis
3352 2498 3541 2553 adver-

1969 2594 2075 2650 sari
2103 2603 2296 2664 potest,
2320 2593 2459 2662 quod
2476 2607 2579 2647 non
2593 2591 2968 2661 disputationis
2987 2606 3201 2644 cursum
3239 2590 3531 2643 interrum-l

1981 2696 2073 2756 pat
2134 2697 2295 2755 atque
2403 2684 2757 2753 comprimat,
2820 2682 3186 2751 impediatque
3245 2680 3536 2749 quominus

1968 2779 2107 2832 ultra
2158 2776 2584 2847 progrediamur.
2637 2773 3092 2842 Quemadmodum
3127 2771 3215 2841 qui
3268 2786 3434 2841 equos
3469 2771 3537 2824 ad

1968 2883 2184 2925 cursum
2236 2868 2484 2922 incitatos
2532 2874 2749 2935 repente
2791 2864 2942 2919 freno
2991 2862 3300 2929 retrahunt,
3325 2877 3387 2916 ac
3445 2875 3541 2931 per

1973 2960 2308 3030 inopinatam
2333 2969 2386 3013 et
2424 2957 2759 3027 repentinam
2814 2956 3182 3011 excussiouem
3245 2963 3538 3008 retrorsum

1970 3061 2156 3122 agunt.
2214 3051 2308 3107 Sic
2355 3051 2607 3104 nimirum
2663 3047 2939 3113 Salomon,
2976 3048 3064 3117 qui
3113 3047 3378 3110 omnibus,
3415 3060 3537 3101 cum

1970 3158 2106 3208 suae,
2143 3152 2253 3197 tum
2287 3142 2582 3211 superioris
2610 3140 2883 3196 memoria
2916 3138 3223 3193 hominibus
3260 3135 3537 3206 sapientia:

1972 3237 2130 3291 laude
2173 3234 2503 3304 praestitit",
2555 3241 2610 3289 et
2660 3233 2842 3289 cordis
2879 3231 3213 3286 latitudinem
3256 3228 3349 3284 Dei
3379 3228 3540 3283 bene-

1970 3327 2092 3382 ficio
2158 3326 2318 3396 512
2380 3326 2627 3395 accepit,
2690 3339 2755 3379 ac
2819 3332 3019 3377 tantam
3071 3319 3540 3390 contemplationis

1968 3420 2177 3490 cupiam
2202 3426 2256 3474 et
2289 3420 2591 3473 ubertatem
2611 3418 2678 3481 ⁸³,
2708 3425 2766 3470 ιιι
2794 3430 2971 3469 arente
3002 3428 3282 3469 numerum
3308 3411 3540 3466 excede-

1969 3521 2071 3575 ret,
2112 3524 2218 3579 quo
2263 3509 2425 3563 altius
2474 3508 2526 3561 in
2574 3508 2674 3562 has
2703 3504 3096 3576 profunditates
3134 3509 3398 3571 penetrat,
3432 3501 3535 3553 hoc

1972 3599 2143 3669 magis
2170 3607 2385 3662 aestuat,
2420 3613 2482 3651 ac
2511 3597 2667 3651 linem
2700 3594 2982 3665 quemdam
3013 3592 3286 3662 sapientia:
3328 3589 3530 3645 consti-

1972 3691 2092 3755 tuit,
2129 3689 2381 3742 nimirum
2434 3689 2575 3758 quod
2626 3684 2941 3748 invenisset,
3000 3691 3258 3752 quantum
3304 3696 3365 3737 ea
3408 3696 3439 3735 a
3473 3695 3535 3737 se

1972 3781 2266 3852 fugeret“.
2298 3778 2579 3835 Consimili
2630 3791 2846 3848 quoque
2878 3774 3037 3829 modo
3066 3773 3284 3837 Paulus,
3318 3789 3425 3829 non
3452 3773 3533 3827 di~

1969 3888 2087 3928 cam
2118 3872 2212 3927 Dei
2244 3881 2514 3935 naturam,
2545 3872 2647 3925 hoc
2671 3869 2813 3924 enim
2840 3881 3060 3936 prorsus
3078 3882 3239 3935 supra
3268 3866 3533 3919 humanas

1969 3967 2113 4020 vires
2136 3980 2256 4020 esse
2286 3973 2627 4035 perspectum
2652 3960 2906 4027 habebat,
2946 3960 3038 4035 sed
3070 3957 3163 4013 Dei
3195 3957 3367 4012 solum
3389 3956 3533 4024 judi-

1970 4058 2051 4113 cia
2083 4034 2388 4127 cognitione
2422 4054 2633 4125 assequi
2659 4060 2904 4108 conatur.
2935 4034 3196 4117 Quoniam
3225 4058 3403 4107 autem
3435 4063 3535 4103 nec

1969 4149 2173 4204 exitum
2206 4148 2395 4212 ullum,
2428 4161 2527 4201 nec
2563 4160 2671 4215 quo
2702 4159 2982 4199 ascensum
3011 4142 3173 4212 figere
3201 4156 3264 4195 ac
3292 4139 3538 4195 stabilire

1969 4249 2173 4311 posset,
2211 4238 2538 4307 reperiebat,
2580 4251 2681 4291 nec
2721 4235 3008 4308 perspicuo
3042 4232 3150 4289 ullo
3192 4231 3297 4286 fine
3320 4230 3536 4285 curiosa

1971 4332 2141 4400 ipsius
2170 4331 2332 4385 animi
2356 4329 2716 4400 perscrutatio
2765 4326 3137 4392 claudebatur,
3171 4322 3313 4392 quod
3344 4321 3537 4376 videli-

1970 4432 2062 4478 cct
2086 4422 2313 4478 subinde
2343 4435 2558 4491 semper
2584 4418 2785 4487 aliquid
2815 4415 3007 4493 reliqui
3029 4430 3149 4471 esse
3176 4415 3533 4485 perspiceret:

284 4507 413 4562 σθαί
445 4525 507 4561 τε
561 4507 723 4561 πλέον
769 4507 802 4579 ἢ
838 4508 1092 4579 κατὰτὴν
1123 4509 1314 4562 ἑαυτοῦ
1340 4510 1564 4581 δύναμιν
1594 4513 1684 4577 καὶ
1708 4514 1865 4586 περί-

1974 4529 2005 4569 ο
2031 4529 2145 4568 rem
2172 4514 2364 4567 miram
2388 4526 2450 4566 ac
2480 4509 2825 4580 stupendum!
2868 4506 3079 4578 (utipse
3107 4520 3320 4575 quoque
3348 4503 3537 4560 eodem

280 4599 492 4671 δραξιν.

1977 4604 2171 4659 all‘ectu
2222 4602 2588 4671 commovcar)
2666 4599 2965 4654 orationem
3027 4597 3382 4652 admiratione
3432 4597 3540 4651 cir-

282 4692 625 4758 cumscribit,
674 4692 832 4762 idque
859 4691 953 4759 Dei
982 4707 1110 4761 opes
1140 4708 1203 4749 ac
1240 4696 1561 4765 profundum
1589 4695 1911 4766 appellat,ac
1943 4696 2037 4751 Dt-i
2090 4694 2288 4764 judicia
2322 4693 2523 4748 nullius
2573 4692 2786 4764 ingenio
2829 4689 3117 4761 percipiet
3155 4690 3536 4759 comprehendi

281 4798 446 4855 posse
506 4785 736 4855 ingenue
799 4784 1079 4851 fatetur”,
1144 4788 1333 4845 iisdem
1393 4789 1774 4859 propemodum
1805 4790 1984 4845 verbis
2011 4804 2132 4843 eum
2165 4786 2366 4841 Davide
2392 4795 2567 4852 utens,
2592 4784 2681 4854 qui
2707 4796 2849 4836 nunc
2902 4781 3100 4849 judicia
3158 4780 3251 4835 Dei
3282 4780 3535 4852 abyssum

363 4875 413 4953 ξο
440 4874 598 4929 JOan.
626 4892 739 4953 rivi,
783 4876 869 4931 I2.
944 4876 987 4909 “
1014 4875 1169 4933 Joan.
1202 4894 1313 4944 XXI,
1338 4880 1427 4934 25.
1511 4881 1555 4913 δ’
1585 4877 1647 4934 III
1682 4879 1811 4953 Reg.
1853 4895 1937 4945 ιιι,
1985 4879 2066 4935 I2.

284 4945 329 4978 ⁸³
349 4946 506 4999 Rom.
538 4962 613 5009 ιιι,
640 4947 727 4999 55.

284 5038 655 5163 0έὶᾓᾶᾌὲ
682 5039 811 5110 Reg.
844 5039 1029 5111 Cypr.,
1059 5039 1207 5101 ἴσως.
1239 5038 1374 5109 Reg.
1409 5038 1521 5103 bm,
1550 5038 1715 5093 Coisl.
1744 5039 1769 5090 I
1818 5046 1872 5092 et

338 5125 381 5162 r.
410 5125 455 5171 ι,
488 5126 655 5171 απερ.

362 5128 840 5300 ςέὧαιτὲἷῑῗθᾶπερ.
893 5179 1081 5235 Plures
1132 5177 1298 5248 Regg.
1343 5186 1397 5232 ct
1446 5176 1633 5244 COIb.,
1690 5179 1784 5231 καὶ
1832 5177 1868 5232 ἃ

364 5317 472 5391 (16)
517 5320 633 5391 Τὸν
669 5321 917 5389 κόσμον.
952 5320 1067 5374 Duo
1107 5320 1296 5389 Regg.,
1328 5327 1441 5372 tres
1480 5315 1631 5391 Coll).
1669 5327 1721 5372 et
1767 5318 1859 5391 Or.

291 5388 466 5451 1,τὸν
500 5390 654 5443 κάτω
699 5388 925 5460 κόσμον.
972 5392 1063 5445 Sic
1118 5388 1248 5459 legit
1297 5392 1489 5454 Leuv.,
1519 5388 1610 5457 qui
1665 5390 1858 5457 vertit,

297 5477 315 5508 ι
347 5462 601 5512 mundum
637 5462 778 5516 hunc
807 5461 1054 5517 inferum.
1077 5479 1096 5512 ι

390 5530 477 5597 17)
517 5531 879 5601 Πρόδρομος,
903 5600 909 5601 ί
934 5530 1122 5584 Mirum
1174 5530 1341 5585 videri
1382 5537 1559 5601 potest
1598 5526 1861 5601 Joannem

294 5597 714 5670 Evangelismm,
747 5597 913 5656 Verbi
954 5615 1341 5670 praecursorem
1382 5597 1414 5653 a
1446 5598 1721 5670 AGregorio
1767 5616 1863 5670 ap-

298 5667 506 5737 pellari.
553 5671 697 5723 Iulias
749 5672 917 5737 hanc,
955 5667 1109 5726 inter
1167 5671 1331 5731 alias,
1398 5667 1861 5735 affert—causam,

301 5754 509 5810 nempe,
540 5758 559 5791 ι
587 5741 731 5809 quod
765 5752 818 5796 et
842 5742 1108 5810 interpres
1137 5742 1293 5797 fuerit
1316 5741 1572 5796 doctrina:
1599 5741 1665 5794 de
1701 5739 1860 5794 Deo.»

303 5806 483 5875 Billius
524 5806 653 5865 vero
684 5821 829 5891 putat
862 5806 1176 5885 Gregorium
1227 5813 1311 5869 hic
1356 5829 1374 5864 ι
1406 5814 1675 5869 memoria:
1714 5811 1865 5895 lapsu

2169 4878 2215 4917 ⁸³
2245 4877 2287 4931 ll
2320 4877 2440 4931 Par.
2471 4891 2508 4941 ι,
2544 4874 2629 4930 12.
2706 4872 2752 4905 ⁸⁸
2801 4871 2975 4929 Eccle.
3006 4887 3104 4938 vn,
3134 4870 3233 4931 24;
3284 4886 3397 4937 vui,
3448 4870 3534 4925 17.

1976 5052 2207 5104 errasse,
2237 5038 2375 5106 quod
2403 5051 2524 5091 eum
2558 5036 2717 5091 Verbi
2764 5052 3173 5103 praecursorem,
3201 5045 3253 5089 et
3283 5036 3536 5093 Veritatis

1975 5123 2159 5162 vocem
2192 5107 2439 5174 appellet,
2476 5123 2633 5173 quem
2666 5108 2883 5160 tonitrui
2919 5108 3094 5175 potius
3131 5106 3297 5159 ﬁlium
3344 5122 3538 5164 vocare.

1969 5177 2273 5231 debuerat.»
2306 5177 2464 5229 Addit
2493 5180 2652 5229 etiam
2685 5177 2755 5229 ita
2784 5179 3017 5230 sensisse
3051 5175 3358 5230 Maximum.

2041 5247 2153 5314 (18)
2192 5246 2303 5298 Καὶ
2342 5244 2463 5311 τοῖς
2504 5246 2761 5313 νοητοῖς,
2805 5260 2909 5301 etc.
2947 5247 3132 5300 Dillius
3171 5262 3184 5299 :
3226 5262 3245 5295 ι
3275 5261 3337 5299 ac
3378 5247 3538 5309 rebus

1972 5315 2368 5371 intellectilibus
2422 5319 2657 5370 animum
2712 5322 2816 5375 una
2872 5333 2992 5371 cum
3054 5316 3298 5372 sensibus
3348 5317 3535 5370 adtn0~

1963 5387 2157 5440 ventis.
2179 5405 2197 5437 ι

2038 5456 2149 5527 (19)
2190 5456 2473 5527 Σολομὼν
2495 5454 2610 5527 μὲν
2635 5459 2686 5509 ὁ.
2715 5454 2924 5527 C9mh.,
2951 5454 3200 5525 Σολομὼν
3225 5458 3271 5509 ὁ.

1998 5525 2375 5649 "(29)!"0007
2420 5525 2721 5596 διέφυγεν.
2755 5526 2967 5595 Dillius:
3005 5543 3023 5576 ι
3054 5537 3311 5597 quantum
3340 5543 3400 5581 ea
3425 5542 3453 5581 a
3478 5543 3536 5583 se

2040 5612 2152 5649 uate
2183 5637 2196 5649 .
2219 5615 2236 5647 ι

1964 5599 2196 5661 ell'ugicl.
2219 5615 2236 5647 ι

2039 5666 2150 5738 (9.1)
2195 5666 2348 5721 Οὐδὲ
2389 5666 2479 5732 εἷς
2510 5684 2586 5734 τι,
2618 5676 2748 5727 etc.
2785 5686 2803 5719 ι
2845 5681 2941 5733 nec
2989 5665 3150 5720 ullam
3197 5666 3535 5735 perspicuam

1968 5738 2192 5793 curiosa:
2225 5738 2386 5790 animi
2424 5737 2866 5803 perscrutatiouis
2899 5746 3092 5789 metam
3134 5738 3383 5792 habebat.
3408 5755 3426 5788 ι

2040 5807 2151 5880 (22)
2190 5807 2566 5875 Σινστὰσεως.
2599 5808 2816 5863 Dillius:
2854 5826 2871 5859 ι
2895 5808 3225 5872 creatione;
