4038 6338
478 362 550 425 εδ
1683 357 1739 413 S.
1783 352 2109 413 GREGOBII
2146 351 2494 409 THEOLOGI
3652 332 3723 389 56

481 481 707 536 multam
747 478 980 544 vocat“,
1014 475 1169 546 cujus
1197 473 1443 541 fundum,
1480 488 1580 530 nec
1634 486 1908 537 mensura,
1952 484 2053 525 nec
2095 484 2256 525 sensu
2286 467 2407 539 capi
2432 473 2627 536 queat;
2660 476 2806 518 nunc
2840 458 3137 515 mirabilem
3165 455 3358 511 factam
3387 468 3508 509 esse
3545 451 3724 504 scien-

481 572 609 625 tiam
662 585 729 625 ex
776 571 951 639 seipso
1006 568 1199 637 suique
1245 567 1414 638 ipsius
1469 566 1852 621 constitutione
1885 561 2287 635 pronuntiat",
2326 569 2491 630 atque
2519 557 2655 613 adeo
2694 554 2992 621 robustam,
3027 562 3086 606 ut
3116 549 3322 604 viribus
3356 546 3559 602 nostris
3600 558 3721 599 eam

477 675 674 731 capere
708 669 762 716 et
794 660 1074 731 complecti
1107 672 1452 727 nequeamus.

557 707 672 730 l’v"
711 707 762 716 ν’
796 707 1074 731 """'|"""'
1107 707 1451 727 ""l"""‘""

557 751 718 806 XXII.
773 751 856 820 Ut,
888 752 1031 807 enim
1072 753 1234 805 missa
1264 751 1365 803 alia
1406 749 1634 813 faciens,
1690 747 1882 817 inquit,
1935 759 2049 800 me-

2224 707 2346 798 KB'.
2379 742 2495 796 Ἵνα
2518 719 2645 809 ’γὰρ
2698 735 2865 791 τᾶλλα
2909 734 3095 796 ἐάσας,
3120 730 3272 800 φησὶ,
3306 727 3443 797 πρὸς
3490 725 3724 820 ἐμαυτὸν

482 844 662 912 ipsum
689 856 1012 911 omnemque
1051 842 1339 896 humanam
1390 850 1633 894 naturam
1658 850 1713 893 et
1736 853 2049 908 compagem

484 937 717 999 intuear,
749 948 868 1003 quae
913 937 1025 987 haec
1063 932 1242 985 mistio
1282 941 1460 986 nostra
1497 931 1616 985 est?
1666 930 1796 996 Quis
1833 928 2052 983 motus?

480 1026 766 1093 Quomodo
789 1025 839 1079 id
859 1024 998 1093 quod
1033 1023 1335 1076 immortale
1363 1032 1465 1087 est,
1494 1038 1614 1077 cum
1645 1020 1854 1076 mortali
1887 1034 2052 1089 copu-

484 1118 651 1171 latum
682 1114 801 1170 est?
834 1113 1113 1180 Quomodo
1152 1112 1403 1167 deorsum
1433 1112 1559 1177 iluo,
1606 1122 1663 1165 et
1707 1126 1918 1165 sursum
1969 1109 2050 1164 fe-

484 1208 612 1264 ror?
656 1204 935 1273 Quomodo
974 1202 1152 1257 anima
1207 1202 1718 1258 circumscribitur?
1770 1202 2052 1269 Quomodo

487 1294 648 1347 vitam
701 1290 1028 1359 impertitur,
1074 1300 1128 1345 et
1158 1290 1447 1345 alfectuum
1475 1292 1535 1345 iit
1577 1291 1884 1360 particeps?
1910 1291 2055 1357 Quo-

486 1382 646 1437 modo
690 1396 841 1435 mens
891 1380 1053 1434 simul
1098 1392 1152 1434 et
1204 1381 1617 1449 circumscripta
1669 1391 1772 1447 εει,
1797 1392 1851 1436 et
1894 1381 2055 1435 nullis

483 1472 733 1527 terminis
771 1471 1000 1535 inclusa,
1032 1472 1085 1525 in
1131 1472 1287 1526 nobis
1330 1481 1528 1537 manet,
1563 1479 1617 1526 et
1646 1481 1824 1527 motus
1859 1471 2051 1526 ﬂuxio-

487 1564 681 1633 nisque
713 1562 990 1618 celeritate
1038 1564 1219 1618 omnia
1254 1563 1576 1631 perlustrat?
1626 1563 1903 1630 Quomodo
1942 1579 2056 1618 ser-

486 1656 668 1711 monis
696 1670 860 1725 opera
908 1656 1202 1725 percipitur
1227 1655 1486 1721 vicissim,
1518 1665 1573 1710 et
1597 1655 2052 1721 communicatur,

485 1762 552 1801 ac
586 1762 683 1816 per
707 1762 884 1802 aerem
916 1755 1218 1817 grassatur,
1251 1758 1305 1801 et
1339 1762 1463 1801 cum
1514 1746 1675 1801 rebus
1708 1747 1841 1816 ipsis
1874 1746 2054 1814 ingre-

487 1840 672 1894 ditur?
694 1841 970 1906 Quomodo
1017 1855 1138 1894 cum
1194 1839 1445 1894 sensibus
1479 1842 1928 1894 consuetudinem
1959 1840 2057 1893 ha-

487 1931 600 1995 bet,
647 1946 711 1986 ac
753 1946 942 1986 rursus
991 1933 1215 1986 seorsim
1270 1947 1300 1985 a
1344 1932 1598 1986 sensibus
1642 1946 1763 1986 sese
1820 1931 2058 2003 colligit?

487 2023 685 2092 Atque,
736 2032 793 2075 ut
816 2037 937 2091 quae
977 2023 1154 2091 priora
1194 2033 1319 2075 sunt
1378 2023 1578 2088 dicam,
1604 2038 1723 2091 qua:
1750 2024 1920 2091 prima
1958 2038 2056 2078 no-

485 2115 588 2168 stri
619 2113 815 2169 eilictio
847 2124 902 2169 et
945 2114 1263 2168 constitutio
1311 2115 1363 2167 in
1417 2124 1626 2169 natura:
1652 2113 1898 2169 ofﬁcina?
1930 2115 2061 2183 Quae

485 2205 651 2258 etiam
687 2215 957 2274 postrema
1013 2204 1266 2259 formatio
1318 2219 1379 2259 ac
1433 2204 1733 2274 perfecrio?
1773 2205 1904 2272 Quae
1950 2206 2058 2263 cibi

488 2298 748 2367 appetitio
782 2313 846 2352 ac
878 2297 1225 2353 distributio?
1248 2296 1379 2363 Quis
1403 2313 1504 2353 nos
1530 2308 1721 2367 sponte
1759 2299 1827 2353 ad
1859 2299 2061 2367 primos

488 2389 613 2443 illos
644 2388 817 2443 fontes
843 2403 907 2444 ac
933 2388 1056 2443 vita:
1087 2391 1284 2442 Causas
1327 2388 1517 2443 duxit?
1542 2388 1821 2455 Quomodo
1859 2405 2059 2460 corpus

484 2478 647 2543 cibis,
675 2479 890 2534 animus
920 2487 1108 2533 contra
1149 2492 1400 2533 sermone
1429 2494 1492 2533 ac
1514 2479 1757 2534 doctrina
1779 2480 2061 2549 pascitur?

488 2569 622 2636 Quae
651 2578 735 2624 est
765 2569 852 2623 illa
885 2580 1088 2623 natura:
1128 2569 1208 2625 vis
1241 2571 1697 2640 mutuaqueinter
1724 2581 1977 2642 parentes
2006 2582 2063 2629 et

489 2657 692 2713 liberos
713 2656 948 2723 alfectio,
983 2666 1039 2712 ut
1068 2659 1221 2728 quasi
1252 2659 1481 2727 quodam
1513 2660 1715 2728 phillro
1742 2662 2060 2716 continean-

492 2740 923 2814 tur‘l‘Quomodo
975 2747 1142 2802 firma:
1195 2764 1261 2804 ac
1304 2749 1524 2805 stabiles
1567 2760 1691 2805 sunt
1750 2753 1978 2822 species,
2007 2760 2064 2809 et

490 2839 716 2893 interim
747 2840 889 2894 notis
918 2840 1058 2894 inter
1081 2853 1139 2894 se
1160 2840 1454 2909 distinctae,
1480 2840 1639 2911 513
1675 2858 1903 2913 quarum
1931 2858 2057 2913 pro-

491 2929 777 2998 prietates,
819 2945 941 2985 cum
974 2940 1121 2987 tanto
1149 2946 1372 2987 numero
1394 2932 1528 3000 sint,
1559 2933 1772 3001 assequi
1797 2947 1903 2989 non
1930 2948 2059 3003 pos-

490 3021 717 3077 sumus?
751 3022 1030 3089 Quomodo
1080 3024 1219 3078 idem
1274 3024 1473 3077 animal
1529 3024 1756 3080 mortale
1801 3025 1963 3079 simul
2008 3036 2063 3081 et

490 3112 799 3166 immortale
844 3122 955 3179 est;
985 3113 1210 3168 mortale
1272 3112 1488 3181 quidem
1534 3114 1741 3171 ratione
1785 3116 2064 3185 migratio-

493 3203 612 3266 nis,
658 3203 962 3259 immortale
1032 3214 1211 3259 autem
1257 3205 1465 3260 ratione
1518 3207 1948 3274 procreationis?
1988 3206 2059 3263 Ut

490 3296 638 3351 enim
689 3296 833 3349 aliud
881 3304 1053 3351 morte
1083 3296 1421 3364 subducitur,
1456 3298 1529 3350 ita
1568 3313 1754 3354 rursus
1786 3298 1885 3367 ipsi
1918 3299 2062 3355 aliud

2153 835 2353 908 βλέψω,
2382 833 2474 888 καὶ
2518 832 2697 884 πᾶσαν
2739 830 2836 898 τὴν
2874 823 3220 897 ἀνθρωπίνην
3273 820 3550 889 φύσινκαὶ
3589 816 3727 887 σύμ-

2153 925 2315 998 πηξιν
2341 925 2473 995 (25),
2498 922 2582 987 τίς
2615 924 2648 993 ἡ
2681 920 2825 991 μίξις
2846 916 3004 989 ἡμῶν
3022 932 3036 979 ;
3054 915 3150 976 Τίς
3183 916 3216 983 ἡ
3242 912 3489 982 κίνησιςς
3522 911 3644 972 Πῶς
3664 908 3727 998 rb

2153 996 2418 1070 ἀθάνατον
2445 1012 2525 1082 τῷ
2552 1009 2731 1081 θνητῷ
2758 1006 3102 1079 συνεκράθη;
3136 1004 3259 1068 Πῶς
3286 1002 3437 1056 κάτω
3468 1001 3597 1071 ρέω,
3632 996 3730 1051 καὶ

2152 1110 2264 1163 ἄνω
2312 1108 2583 1179 φέρομαις
2640 1104 2765 1167 Πῶς
2794 1102 2941 1173 ψυχὴ
2978 1098 3377 1171 περιγράφεται
3414 1094 3561 1163 (24);
3609 1091 3731 1154 πῶς

2155 1200 2297 1270 ζωὴν
2325 1198 2528 1258 δίδωσι,
2562 1196 2659 1248 καὶ
2694 1193 2900 1255 πάθους
2931 1188 3371 1262 μεταλαμϐάνει;
3401 1184 3527 1247 Πῶς
3554 1184 3582 1235 ὁ
3603 1180 3730 1245 νοῦς

2154 1290 2247 1342 καὶ
2277 1306 2341 1341 πε
2352 1286 2648 1359 ριγραπτὸς
2678 1285 2771 1337 καὶ
2791 1284 3040 1354 ἀόριστος
3056 1280 3187 1351 ('25),
3203 1280 3260 1331 ἐν
3274 1280 3403 1348 ἡμῖν
3424 1275 3617 1346 μένων,
3635 1272 3733 1327 καὶ

2155 1385 2330 1438 πάντα
2353 1382 2623 1453 ἐφοδεύων
2661 1380 2815 1450 τάχει
2842 1379 3013 1448 φορᾶς
3041 1376 3133 1429 καὶ
3162 1373 3396 1445 ρεύσεως
3432 1369 3573 1441 (9.6);
3604 1367 3730 1431 Πῶς

2159 1474 2637 1546 μεταλαμϐάνεται
2667 1471 2807 1540 λόγῳ
2838 1470 2930 1522 καὶ
2962 1465 3323 1538 μεταδίδοται,
3354 1461 3448 1515 καὶ
3474 1459 3539 1512 δι’
3568 1460 3731 1530 ἀέρος

2155 1570 2341 1639 χωρεῖ,
2393 1566 2487 1618 καὶ
2536 1562 2674 1633 μετὰ
2702 1562 2811 1615 τῶν
2842 1559 3183 1631 πραγμάτων
3218 1554 3557 1625 εἰσέρχεται;
3605 1550 3731 1612 Πῶς

2155 1657 2404 1727 αἰσθήσει
2451 1656 2715 1717 κοινωνεῖ,
2748 1653 2842 1707 καὶ
2873 1649 3221 1704 συστέλλεται
3263 1645 3370 1699 ἀπὸ
3396 1644 3505 1698 τῶν
3535 1640 3729 1711 αἰσθή-

2158 1766 2326 1814 σεων;
2383 1748 2490 1800 Καὶ
2540 1747 2619 1800 ἔτι
2667 1748 2774 1817 πρὸ
2823 1744 3048 1807 τούτων,
3085 1742 3168 1805 τίς
3216 1742 3249 1811 ὴ
3293 1730 3481 1810 πρώτη
3537 1735 3733 1797 πλάσις

2156 1840 2332 1911 ἡμῶν,
2388 1841 2483 1893 καὶ
2532 1839 2787 1903 σύστασις
2845 1838 2904 1889 ἐν
2956 1834 3033 1905 τῷ
3067 1834 3168 1904 τῆς
3222 1831 3435 1900 φύσεως
3464 1831 3736 1899 ἐργαστη-

2161 1933 2261 2004 ρίῳ
2291 1931 2438 2004 ('27);
2469 1932 2579 1985 Καὶ
2608 1931 2691 1995 τίς
2717 1933 2749 2001 ἡ
2774 1928 3055 1982 τελευταία
3092 1927 3369 1998 μόρφωσις
3396 1924 3491 1976 καὶ
3515 1921 3735 1975 τελείω-

2162 2042 2281 2090 σιςς
2310 2024 2405 2088 Τίς
2450 2026 2483 2094 ἡ
2515 2025 2613 2094 τῆς
2643 2025 2851 2094 τροφῆς
2873 2022 3056 2090 ἔφεσις
3084 2020 3177 2073 καὶ
3210 2018 3473 2080 διάδοσις;
3505 2013 3615 2069 Καὶ
3648 2012 3734 2076 τίς

2163 2119 2368 2189 ἤγαγεν
2395 2117 2487 2170 ἐπὶ
2507 2114 2607 2180 τὰς
2636 2114 2854 2187 πρώτας
2882 2112 3061 2185 πηγὰς
3078 2111 3214 2182 (28),
3236 2108 3434 2163 κα).τοῦ
3453 2107 3551 2179 ζῇν
3563 2108 3736 2177 ἀφορ-

2166 2211 2271 2281 μὰς
2288 2209 2609 2281 αὐτομάτως
2627 2208 2781 2273 ;Πῶς
2810 2207 2999 2269 σιτίοις
3031 2205 3128 2276 μὲν
3152 2202 3331 2274 σῶμα,
3342 2201 3485 2272 λόγῳ
3512 2200 3569 2253 δὲ
3586 2198 3735 2270 ψυχὴ

2160 2300 2450 2371 τρέφεται;
2491 2299 2589 2362 Τίς
2617 2301 2650 2370 ἡ
2693 2300 2792 2369 τῆς
2823 2297 3039 2368 φύσεως
3076 2293 3229 2364 ὁλκὴ,
3263 2293 3357 2347 καὶ
3380 2292 3515 2364 πρὸς
3531 2289 3738 2362 ἄλληλα

2164 2392 2353 2461 σχέσις
2402 2393 2518 2454 τοῖς
2552 2388 2783 2458 γεννῶσι
2822 2388 2915 2441 καὶ
2959 2388 3073 2449 τοῖς
3116 2383 3494 2455 γεννωμένοις,
3526 2383 3613 2435 ἵνα
3654 2378 3737 2450 τῷ

2163 2486 2367 2557 φίλτρῳ
2398 2483 2713 2554 συνέχηταις
2758 2481 2884 2544 Πῶς
2916 2480 3184 2550 ἑστηκότα
3233 2493 3293 2530 τε
3350 2474 3420 2528 τὰ
3451 2474 3584 2544 εἴδη,
3642 2473 3740 2526 καὶ

2160 2578 2271 2639 τοῖς
2299 2574 2643 2646 χαρακτῆρσι
2676 2572 3019 2641 διεστηκότα,
3051 2564 3127 2624 ὧν
3159 2567 3428 2622 τοσούτων
3455 2566 3644 2630 ὄντων,
3678 2564 3737 2617 αἱ

2166 2669 2423 2739 ἰδιότητες
2451 2665 2764 2735 ἀνέφικτοι;
2800 2663 2925 2727 Πῶς
2957 2663 3018 2716 τὸ
3069 2662 3201 2716 αὐτὸ
3245 2660 3383 2721 ζῶον
3416 2657 3607 2728 θνητὸν
3640 2655 3740 2709 καὶ

2161 2759 2446 2820 ἀθάνατον,
2481 2758 2539 2811 τὸ
2572 2758 2668 2827 μὲν
2699 2759 2766 2827 τῇ
2795 2754 3124 2825 μεταστάσει
3160 2752 3293 2821 (29),
3327 2749 3391 2803 τὸ
3424 2749 3481 2803 δὲ
3516 2751 3581 2818 τῇ
3614 2764 3740 2816 γεν-

2160 2854 2341 2924 νήσεις
2366 2852 2438 2904 Τὸ
2464 2851 2560 2921 μὲν
2576 2849 2645 2915 γά
2654 2866 2685 2920 ρ
2704 2846 2992 2915 ὑπεξῆλθε,
3008 2846 3069 2898 τὸ
3089 2845 3145 2899 δὲ
3161 2840 3529 2912 άντεισῆλθεν,
3548 2839 3740 2909 ὥσπερ

2162 2945 2218 2997 ἐν
2246 2942 2387 3013 ὁλκῷ
2418 2940 2662 3012 ποταιμοῦ
2721 2938 2793 3010 μὴ
2821 2937 3053 3001 ἑστῶτος
3090 2936 3184 2990 καὶ
3226 2934 3496 3005 μένοντος.
3557 2928 3739 2984 Πολλὰ

2162 3035 2207 3087 δ’
2257 3035 2322 3088 ἂν
2357 3034 2437 3086 ἔτι
2488 3033 2875 3103 φιλοσοφήσαις
2904 3028 3014 3099 (50)
3042 3028 3169 3100 περὶ
3200 3024 3375 3098 μελῶν
3406 3024 3499 3077 καὶ
3531 3022 3734 3093 μερῶν,

2164 3127 2366 3197 καὶτῆς
2395 3126 2527 3196 πρὸς
2539 3123 2742 3194 ἄλληλα
2759 3120 2964 3175 τούτων
2985 3117 3369 3190 εὐαρμοστῑας,
3390 3114 3526 3185 πρὸς
3544 3112 3739 3184 χρείαν

2162 3235 2221 3270 τε
2252 3216 2388 3288 ὁμοῦ
2442 3216 2534 3270 δια)¹
2566 3215 2759 3278 κάλλος
2810 3210 3157 3267 συνεστώτων
3199 3226 3257 3261 τε
3292 3208 3386 3260 καὶ
3412 3203 3734 3267 διεστώτων,

2165 3307 2503 3380 προεχόντων
2548 3325 2608 3359 τε
2640 3306 2732 3360 καὶ
2762 3304 3161 3377 προεχομένων,
3200 3298 3499 3370 ὲνουμένων
3546 3312 3604 3348 τε
3639 3293 3739 3348 καὶ

490 3387 838 3457 subrogatur,
892 3402 996 3441 non
1068 3402 1225 3442 secus
1272 3395 1435 3456 atque
1482 3389 1533 3443 in
1579 3388 1813 3445 ﬂuminis
1863 3400 2060 3458 tractu,

2167 3400 2517 3473 σχιζομένων,
2543 3398 2904 3470 περιεχόντων
2938 3411 2997 3447 τε
3030 3394 3125 3448 καὶ
3158 3388 3561 3479 περιεχομένων
3584 3384 3736 3479 νόρξῳ

490 3481 638 3549 quod
695 3479 856 3535 simul
909 3478 1110 3534 ﬂuxum
1162 3490 1247 3535 est
1289 3490 1346 3536 et
1393 3482 1605 3538 stabile.
1650 3482 1812 3539 Multa
1857 3484 1923 3539 de
1964 3485 2061 3541 ho-

494 3571 659 3626 minis
712 3572 969 3627 membris
1021 3582 1078 3626 et
1128 3572 1373 3641 partibus
1421 3574 1596 3629 adhuc
1641 3590 2065 3631 commemorare

494 3661 691 3731 possis,
740 3677 804 3716 ac
861 3663 927 3716 de
978 3673 1161 3717 mutua
1211 3678 1398 3718 earum
1448 3665 1843 3732 concinnitate;
1872 3667 2067 3737 quippe

493 3767 618 3821 quae
647 3759 855 3807 natura:
887 3753 1004 3824 lege
1042 3768 1105 3808 ac
1130 3756 1361 3823 ratione,
1403 3771 1507 3810 non
1549 3757 1728 3813 minus
1756 3761 1821 3813 ad
1853 3761 2069 3832 elegan-

496 3845 839 3912 tiam,quam
886 3846 949 3898 ad
1002 3846 1312 3911 utilitatem,
1367 3848 1769 3919 coniungantur
1816 3852 1975 3908 simul
2015 3863 2070 3909 et

565 3956 611 3989 “
640 3956 782 4012 Psal.
814 3973 980 4023 xxxv,
1003 3958 1054 4012 7.
1132 3960 1174 3991 ⁸⁷
1197 3958 1337 4015 Psal.
1373 3975 1632 4025 cxxxvm,
1665 3960 1717 4015 6.

566 4095 677 4165 (25)
717 4093 1047 4163 Σύμπηξιν.
1082 4095 1266 4165 Billius
1295 4113 1307 4148 :
1346 4113 1364 4145 ‹
1393 4097 1848 4152 constitutionem.
1876 4117 1895 4149 ι

567 4164 679 4233 (24)
718 4165 1162 4233 Περιγρὰφεται.
1188 4182 1206 4215 ι
1231 4164 1758 4221 Circumscrihimr.»
1782 4166 1871 4222 Sic
1896 4167 2061 4223 Goisl.

496 4235 551 4305 l,
578 4234 774 4301 aliique
800 4237 1016 4302 optima:
1046 4245 1183 4288 notae
1221 4237 1375 4289 codd.
1404 4235 1553 4288 Hanc
1586 4236 1861 4291 lectionem
1890 4250 2070 4305 postu-

497 4304 609 4358 lant
641 4318 764 4379 mox
797 4305 1064 4379 opposita,
1093 4305 1466 4379 περιγραπτός
1490 4314 1541 4361 et
1571 4307 1840 4379 ἀόριστος.
1870 4309 1927 4363 In
1954 4310 2066 4377 ed.,

494 4374 869 4446 περιφέρεται,
910 4392 928 4424 ι
957 4374 1348 4430 circumfertur.
1370 4395 1390 4427 ο

570 4444 679 4515 (25)
702 4444 1044 4515 λἈόριστος.
1095 4446 1182 4500 Sic
1216 4446 1378 4513 liegg.
1410 4461 1459 4508 a,
1494 4445 1603 4510 bm,
1637 4446 1801 4502 Coisl.
1834 4448 1858 4501 l
1890 4457 1941 4503 et
1971 4448 2064 4507 0r.

492 4516 549 4569 2.
577 4514 769 4585 ἰατά..
799 4515 1050 4585 ἀόρατος,
1086 4533 1103 4566 ι
1137 4516 1437 4570 invisibilis.
1461 4535 1479 4567 ι

566 4584 679 4655 (26)
729 4584 1039 4655 Ῥεύσξως.
1076 4586 1206 4655 lleg.
1233 4586 1392 4654 Cypr.
1421 4594 1471 4639 et
1502 4586 1593 4640 Or.
1621 4587 1675 4652 1,

568 4653 683 4722 (9.7)
734 4655 836 4707 Ἐν
872 4653 948 4718 τῷ
992 4655 1102 4723 τῆς
1142 4653 1383 4723 ῥύσεως

499 4743 522 4776 ‹
552 4727 671 4777 alvo
700 4734 994 4777 materna.»

568 4793 680 4860 (εδ)
718 4792 942 4861 Πηγάς.
974 4793 1117 4848 Elias
1145 4812 1157 4848 :
1189 4811 1208 4845 ι
1240 4795 1410 4849 fontes
1445 4796 1615 4852 Iactis.
1641 4817 1660 4849 ι

570 4863 688 4939 (9.9)
723 4862 796 4915 Τὸ
819 4865 935 4931 μὲν
960 4862 1035 4939 τῇ
1066 4863 1444 4929 μεταστάσει,
1479 4878 1580 4939 etc.
1614 4867 1742 4934 Reg.
1774 4868 1961 4939 Cypra.
2004 4868 2067 4921 τὸ

500 4936 601 5006 μὲν
629 4936 1101 5006 τῇμμεταποιήσει,
1128 4945 1256 5006 ουκ,
1298 4952 1315 4984 ι
1348 4937 1570 5006 mortale
1613 4936 1832 5005 quidem
1859 4936 2067 4992 ratione

501 5002 856 5074 inigratioiiis,
880 5024 898 5056 ι
942 5002 1033 5058 seu
1080 5022 1098 5054 ι
1130 5004 1535 5065 immolationis.
1558 5026 1575 5057 ι
1610 5002 1702 5061 aut
1736 5025 1755 5057 ι
1785 5009 2063 5074 interitus;

502 5074 802 5145 immortale
829 5083 1007 5145 autem
1038 5074 1256 5145 ratione
1292 5079 1696 5140 procreationis,
1719 5096 1737 5128 ι
1770 5093 1889 5141 seu,
1927 5096 1946 5129 ι
1977 5094 2069 5145 ge-

502 5142 816 5197 nerationis.
844 5163 861 5193 ι
899 5144 987 5198 Sic
1015 5144 1218 5209 optime.
1245 5143 1419 5197 locum
1448 5146 1604 5198 istum
1640 5142 2068 5207 interpretantur

496 5213 685 5270 Billius
708 5220 761 5266 et
780 5212 1209 5282 Louvenklaius;
1244 5215 1487 5282 quamvis
1513 5217 1667 5270 aliter
1687 5218 1882 5271 sentiat
1909 5216 2066 5271 Com-

498 5284 737 5339 beiisius.
776 5281 952 5337 Vertit
996 5284 1137 5339 enim
1183 5285 1262 5337 vir
1290 5285 1515 5339 doctus:
1554 5306 1571 5336 ι
1605 5287 1824 5340 Mortale
1873 5287 2067 5340 nativi-

501 5364 627 5418 tate,
679 5353 981 5408 immortale
1024 5355 1402 5424 migratione.»
1446 5354 1650 5410 Forsan
1695 5358 1760 5409 ad
1805 5358 1944 5410 hanc
1986 5357 2067 5410 in-

502 5424 937 5491 terpretationem
1026 5426 1287 5478 adductus
1361 5435 1443 5477 est
1511 5427 1835 5480 auctoritate
1909 5426 2065 5493 hujus

502 5493 681 5567 Srhol.
709 5510 719 5546 τ
757 5493 835 5564 Τῇ
880 5494 978 5567 μέν
1009 5496 1255 5567 γεννήσει
1300 5494 1512 5564 θνητὸν,
1541 5500 1607 5567 τῇ
1640 5497 1696 5548 δὲ
1740 5496 2065 5566 μεταστάσει

500 5564 796 5616 ἀθάνατονο
855 5564 1255 5619 «GeneratiOne
1305 5569 1520 5634 quidem
1578 5564 1823 5632 mortale,
1861 5567 2065 5636 migra-

504 5636 647 5687 tione
681 5644 881 5695 autem,
908 5655 925 5686 ι
976 5650 1093 5699 seu,
1130 5654 1147 5686 ι
1174 5636 1381 5690 ratione
1415 5636 1686 5690 discessus
1719 5651 1749 5689 e
1793 5638 1927 5696 vita,
1967 5639 2066 5690 im-

505 5705 787 5757 mortale.)
839 5705 1056 5760 Fatetur
1118 5715 1295 5759 tamen
1368 5704 1507 5759 Billii
1568 5706 2066 5773 interpretationem

507 5792 524 5826 ι
561 5790 738 5828 veram
783 5789 899 5830 esse
938 5778 1002 5831 de
1034 5776 1356 5833 animalibus
1391 5777 1442 5831 in
1485 5791 1703 5846 genere,
1743 5778 1914 5847 quod,
1961 5792 2065 5834 uno

1712 4586 1937 4657 ῥύσεως.

1438 4656 1828 4726 ἐργαστηρίῳ.
1864 4658 1917 4713 Id
1960 4671 2065 4726 εει,

2163 3494 2253 3547 καὶ
2279 3492 2421 3561 λόγῳ
2452 3489 2687 3558 φύσεως.
2710 3487 2883 3540 Πολλὰ
2908 3484 3037 3556 περὶ
3054 3482 3244 3552 φωνῶν
3268 3480 3361 3532 καὶ
3388 3475 3585 3530 ἀκοῶνο
3616 3473 3735 3535 πῶς

2166 3586 2223 3638 αἱ
2250 3584 2347 3654 μὲν
2382 3582 2633 3652 φέρονται
2663 3578 2751 3632 διὰ
2779 3578 2886 3630 τῶν
2927 3572 3244 3646 φωνητικῶν
3276 3569 3541 3643 ὀργάνων,
3574 3566 3629 3620 αἱ
3677 3564 3737 3616 δὲ

2168 3672 2514 3742 ὑποδέχονται
2546 3669 2680 3739 (51),
2726 3667 2813 3721 διὰ
2834 3668 2930 3738 τῆς
2956 3669 3013 3719 ὲν
3034 3665 3184 3736 μέσῳ
3213 3661 3306 3715 τοῦ
3336 3659 3493 3730 ἀέρος
3520 3655 3734 3727 πληγῆς

2166 3764 2260 3816 καὶ
2279 3762 2573 3825 τυπώσεως
2623 3760 2878 3831 ἀλλήλαις
2918 3755 3356 3827 ἐπιμιγνύμεναι.
3383 3748 3560 3806 Πολλὰ
3607 3747 3736 3818 περὶ

2167 3855 2345 3924 ὖψεως
2375 3854 2629 3925 ἀρρήτως
2656 3850 3016 3918 κοινωνούσης
3040 3850 3151 3911 τοῖς
3194 3846 3428 3917 ὁρατοῖς.
3459 3841 3552 3896 καὶ
3589 3839 3736 3910 μόνῳ

2168 4118 2227 4157 se
2248 4102 2595 4165 subducente.
2625 4102 2742 4170 ejus
2773 4100 2891 4155 loco
2928 4098 3197 4170 subintrat
3240 4096 3460 4170 al_iud;g
3507 4095 3600 4151 sed
3637 4093 3736 4151 ad-

2170 4173 2278 4235 dit,
2327 4192 2344 4223 ι
2392 4172 2517 4226 illud
2566 4173 2617 4226 in
2654 4166 2878 4226 homine
2918 4168 3189 4237 singulare
3234 4166 3551 4220 miraculum
3592 4179 3731 4231 esse,

2170 4243 2312 4308 quod
2341 4243 2409 4297 sit
2448 4242 2658 4296 mortali
2688 4251 2742 4296 et
2776 4240 3060 4294 immortali
3096 4238 3564 4308 mistus,terrena
3604 4238 3736 4290 sub-

2172 4307 2369 4367 stantia
2398 4324 2452 4367 et
2486 4311 2822 4376 immortalis,
2860 4323 3085 4363 nascens
3130 4307 3371 4361 mortalis
3412 4316 3467 4360 et
3497 4307 3737 4370 migrans

2174 4384 2546 4439 immortalis.»
2587 4380 2802 4439 Verum.
2834 4381 3001 4447 ipsius
3036 4393 3165 4447 pace
3189 4378 3438 4440 dixerim,
3468 4392 3571 4432 non
3602 4376 3736 4436 satis

2100 4486 2144 4540 υ
2174 4452 2403 4540 attendit
2446 4453 2516 4533 ad
2548 4449 2816 4532 Theologi'
2851 4458 3107 4502 mentem.
3142 4447 3435 4516 Gregorius
3481 4449 3623 4526 enim
3669 4462 3737 4540 eo

2175 4522 2273 4575 loci
2316 4523 2583 4577 hominem
2627 4522 2874 4588 respicit,
2918 4534 3023 4573 non
3059 4529 3322 4587 quatenus
3352 4534 3417 4571 ex
3458 4517 3637 4570 anima
3681 4527 3738 4572 et

2169 4607 2396 4661 corpore
2477 4591 2804 4661 compositus
2863 4599 2987 4661 est,
3042 4589 3141 4661 sed
3198 4597 3404 4641 tantum
3465 4597 3735 4661 quatenus

2169 4657 2511 4725 est'animal,
2556 4657 2668 4723 aut,
2712 4660 2864 4729 juxta
2899 4658 2981 4729 id_
3000 4657 3144 4725 quod
3189 4672 3309 4710 cum
3358 4660 3569 4712 caeteris
3615 4660 3735 4712 ani-

2171 4732 2396 4787 malibus
2431 4726 2723 4785 commune
2744 4729 2927 4783 habet.
2954 4726 3123 4780 Porro
3166 4740 3228 4779 ea
3277 4742 3342 4780 ex
3397 4736 3566 4796 parte,
3614 4742 3732 4791 seu,

2169 4801 2351 4855 habita
2418 4799 2789 4853 tantummodo
2842 4797 3085 4865 corporis
3136 4797 3376 4862 ratione,
3429 4797 3619 4860 homo,
3667 4800 3737 4851 ad

2168 4870 2417 4940 Gregorii
2457 4878 2711 4934 mentem,
2745 4886 2783 4940 _(
2814 4868 3033 4922 interitu
3059 4866 3321 4940 mortalis
3362 4878 3479 4940 est,
3510 4868 3735 4940 immor-

2174 4937 2304 4995 talis
2329 4956 2454 4994 vero
2491 4938 2897 5007 procreatione;
2926 4957 2945 4989 ι
2980 4939 3103 5005 quia
3151 4937 3416 4999 videlicet,
3452 4939 3735 4992 deﬁciente

2170 5025 2276 5064 uno
2309 5024 2556 5078 corpore,
2586 5008 2731 5062 aliud
2773 5009 3045 5063 nascendo
3084 5007 3351 5072 succedit,
3400 5008 3470 5060 ita
3509 5017 3566 5060 ut
3599 5024 3736 5061 nun-

2168 5096 2330 5147 quam
2376 5078 2586 5131 desinat
2613 5094 2734 5132 csse
2775 5094 2969 5147 corpus
3012 5081 3332 5137 humanum,
3379 5095 3396 5127 ι
3424 5094 3527 5130 non
3579 5091 3735 5131 secus

2168 5161 2348 5216 atque,
2372 5167 2389 5200 ι
2432 5156 2491 5219 ut
2520 5149 2595 5219 ait
2627 5149 2738 5217 ipse
2766 5148 3135 5219 Gregorius”
3165 5148 3218 5200 in
3264 5148 3504 5219 llittninis
3536 5157 3730 5213 tractu,

2168 5220 2307 5286 quod
2338 5218 2496 5273 simul
2527 5216 2723 5271 ﬂuxum
2754 5228 2839 5273 est
2867 5216 2919 5272 et
2956 5217 3166 5272 stabile.
3188 5237 3207 5269 ι
3262 5216 3413 5273 Unde
3453 5219 3733 5271 inunorta-

2170 5289 2290 5344 litas
2320 5291 2406 5343 hic
2436 5305 2466 5343 a
2502 5288 2763 5357 Gregorio
2804 5290 3036 5343 sumitur
3066 5304 3181 5357 pro
3222 5288 3418 5357 speciei
3465 5288 3738 5357 perpetui-

2170 5368 2297 5423 tate,
2325 5361 2374 5413 id
2399 5368 2500 5425 est,
2531 5356 2631 5427 pro
2655 5370 2908 5428 perpetua
2939 5356 3283 5414 morientium
3312 5367 3363 5425 et
3397 5358 3735 5413 nascentium

2169 5429 2443 5482 hominum
2474 5431 2839 5484 successione.

2238 5500 2347 5570 ('50)
2388 5498 2858 5568 Φιλοσοφήσαις.
2899 5498 3063 5571 Goisl.
3100 5499 3168 5565 2,
3225 5498 3733 5571 σπερμολογήσαις,

2173 5587 2191 5621 ι
2223 5586 2440 5635 nugare,
2478 5572 2744 5624 blaterare
2777 5569 2966 5637 possis.
2989 5588 3005 5620 ι

2236 5641 2346 5713 (51)
2401 5638 2834 5708 ”1’;τοδέχονται.
2873 5640 3037 5696 Coisl.
3070 5642 3092 5694 1
3130 5650 3185 5696 et
3212 5640 3427 5710 C0mb.,
3464 5638 3735 5711 ὑπηχοῧνο

2168 5727 2274 5777 ται,
2315 5731 2332 5765 ι
2360 5713 2625 5773 insonant.
2651 5728 2668 5763 ι
2701 5726 2815 5776 seu,
2851 5728 2869 5764 ι
2901 5722 3174 5769 resonant.
3198 5731 3215 5764 ι
