4038 6338
272 322 343 378 57

1274 326 1539 386 ORATIO
1579 328 1819 387 XXVIII.
1856 362 1926 373 —
1963 330 2408 388 THEOI.OGICA
2448 331 2517 388 II.

3392 310 3395 313 ⁷
3467 328 3539 387 58

268 439 353 511 τῷ
379 438 692 510 βούλεσθαι,
747 442 841 494 καὶ
876 438 1012 511 ὁμοῦ
1036 442 1391 514 κινουμένης,
1442 446 1537 498 καὶ
1563 447 1728 499 ταυτὸ
1751 448 1836 517 (52

1965 446 2404 517 distinguantur,
2453 443 2761 514 praecellant
2809 452 2864 498 et
2917 440 3183 511 dignitate
3254 440 3537 497 inferiores

269 532 354 601 τῷ
387 530 470 584 νοῒ
499 531 840 603 πασχούσης.
873 533 1027 586 Μετὰ
1050 533 1160 606 γὰρ
1200 535 1295 587 τοῦ
1324 537 1440 589 ἴσου
1470 538 1692 608 τάχους,
1721 542 1863 593 ἐκεῖ·

269 624 365 686 νὸς
398 641 460 676 τε
489 624 747 693 μίγνυται
771 627 883 689 τοῖς
931 626 1263 695 νοουμένοις,
1293 628 1388 681 καὶ
1416 628 1556 697 αὕτη
1585 633 1698 694 τοῖς
1719 632 1861 703 ὁρω-

275 716 487 785 μένοις.
523 714 705 768 Πολλὰ
734 717 864 788 περὶ
902 717 1009 770 τῶν
1038 717 1213 772 ἀλλων
1243 719 1568 792 αἰσθήσεων,
1599 722 1655 774 αἳ
1686 739 1863 793 παρα-

271 806 428 876 δοχαί
451 807 597 869 τινές
630 809 736 859 εἰσι
780 806 887 861 τῶν
928 807 1150 872 ἔξωθεν,
1206 809 1348 881 λόγῳ
1379 812 1487 882 (35)
1518 812 1595 883 μὴ
1625 812 1863 884 θεωρού-

274 915 463 966 μεναι.
510 897 688 950 Πολλά
720 897 849 969 περὶ
881 898 981 968 τῆς
1036 900 1095 951 ὲν
1123 898 1311 963 ὕπνοις
1348 901 1732 966 ἀναπαύσεως,
1765 904 1860 956 καὶ

271 988 374 1057 τῆς
405 988 475 1040 δι’
498 988 798 1057 ὀνειράτων
852 987 1224 1055 ἀναπλάσεως,
1269 992 1487 1061 μνήμης
1519 1008 1579 1043 τε
1605 992 1700 1043 καὶ
1731 992 1863 1044 ἀνα-

276 1080 550 1149 μνήσεως,
578 1078 839 1149 λογισμοῦ
882 1096 939 1131 τε
967 1080 1061 1132 καὶ
1086 1079 1281 1150 θυμοῦ,
1326 1083 1419 1134 καὶ
1449 1082 1707 1151 ἐφέσεως,
1766 1084 1861 1137 καλ⁵

275 1171 560 1240 συντόμως
582 1174 776 1236 εἰπεῖν,
811 1172 954 1235 ὅσοις
972 1173 1001 1225 6
1024 1173 1218 1244 μικρὸς
1233 1168 1384 1238 οὗτος
1414 1175 1616 1245 κόσμος
1644 1178 1863 1229 διοικεῖ-

268 1275 381 1322 ται,
405 1262 435 1313 6
464 1261 771 1331 ἄνθρωπος.

1966 540 2097 602 sint,
2134 540 2389 592 uniantur
2416 548 2471 591 et
2498 536 2897 603 distrahantur,
2924 534 3233 589 contineant
3276 541 3329 587 et
3357 535 3534 588 conti-

1966 639 2213 684 neantur.
2242 629 2403 683 Multa
2426 628 2589 683 etiam
2610 628 2674 682 de
2701 628 2922 681 vocibus
2944 635 2997 681 et
3021 626 3206 680 auditu
3237 643 3251 680 :
3283 624 3536 679 nimirum

1964 724 2237 793 quomodo
2278 723 2379 778 illa:
2421 738 2517 792 per
2557 721 2759 774 vocalia
2804 721 3159 775 instrumenta
3198 719 3534 785 deferantur,

1966 814 2055 869 hic
2092 830 2222 869 vero
2275 830 2369 868 eas
2404 813 2661 882 excipiat,
2694 826 2758 867 ac
2786 827 2879 881 per
2909 812 3214 867 intermedii
3247 814 3391 868 aeris
3420 826 3538 881 per-

1962 909 2270 963 cussionem
2303 918 2465 976 atque
2499 904 2909 974 impressionem
2952 905 3090 958 inter
3119 920 3177 958 se
3214 904 3533 974 jungantur.

1967 998 2133 1051 Multa
2176 1001 2300 1052 item
2336 999 2401 1051 de
2436 996 2628 1058 oculis,
2671 996 2760 1064 qui
2813 994 2972 1048 modo
3000 998 3230 1062 quodam
3273 993 3533 1049 ineffabili

1968 1105 2089 1144 cum
2121 1092 2187 1145 iis
2216 1092 2393 1155 rebus,
2414 1104 2550 1157 quas
2573 1089 2863 1151 cernimus,
2895 1089 3273 1142 commercium
3312 1087 3531 1149 habent,

1968 1195 2034 1233 ac
2065 1181 2177 1234 sola
2222 1181 2516 1241 voluntate,
2562 1177 2721 1232 simul
2763 1177 2927 1231 etiam
2985 1193 3106 1232 cum
3140 1193 3200 1231 ea
3231 1187 3532 1235 moventur.

1970 1270 2267 1338 eodemque
2314 1271 2473 1325 modo
2512 1285 2631 1324 cum
2656 1279 2836 1323 mente
2874 1268 3204 1322 adiciuntur.
3239 1268 3357 1321 Pari
3387 1268 3531 1320 enim

271 1352 573 1417 celeritate,
594 1363 650 1409 et
677 1353 792 1409 haec
823 1352 1249 1422 intellectilihus,
1281 1365 1334 1411 et
1361 1356 1435 1410 illi
1462 1355 1762 1411 visibilibus
1786 1358 1945 1413 rebus
1968 1358 2290 1429 junguntur.
2324 1360 2487 1415 Multa
2514 1368 2777 1429 praeterea
2808 1359 2874 1414 de
2890 1359 3111 1428 reliquis
3140 1356 3410 1418 sensibus,
3440 1361 3532 1426 qui

270 1441 422 1497 velut
455 1444 807 1500 admittendis
828 1447 1069 1502 externis
1103 1448 1261 1502 rebus
1292 1449 1548 1503 destinati
1570 1459 1716 1516 sunt,
1750 1466 1848 1505 nec
1877 1454 2087 1508 ratione
2119 1454 2507 1524 percipiuntur.
2529 1452 2689 1507 Multa
2717 1452 2946 1521 denique
2972 1453 3036 1506 de
3059 1466 3142 1516 ea,
3173 1466 3277 1521 qua
3301 1450 3354 1505 in
3382 1465 3533 1505 som-

272 1533 364 1589 nis
401 1536 661 1603 fruimur,
696 1538 879 1606 quiete
904 1546 1068 1608 atque
1102 1540 1493 1595 insomniorum
1524 1542 1813 1610 figmentis,
1846 1544 1912 1599 de
1936 1546 2196 1600 memoria
2225 1555 2279 1600 et
2307 1544 2735 1610 reminiscentia,
2772 1544 2837 1597 de
2876 1543 3110 1607 ratione,
3140 1552 3194 1596 et
3224 1542 3327 1606 ira,
3360 1550 3411 1603 et
3436 1556 3531 1595 cu-

268 1628 524 1697 piditate,
562 1630 915 1699 reliquisque,
974 1641 1030 1684 ut
1083 1648 1189 1687 uno
1222 1633 1387 1686 verbo
1439 1633 1787 1702 complectar,
1826 1636 2022 1704 quibus
2072 1651 2269 1704 parvus
2321 1637 2409 1691 hic
2442 1635 2694 1701 mundus,
2732 1634 2783 1689 id
2823 1642 2925 1700 est,
2956 1634 3139 1697 homo,
3172 1633 3526 1703 gubernatur.

340 1719 469 1772 Kl“.
505 1719 695 1771 Βούλει
728 1738 808 1773 σοι
843 1723 935 1773 καὶ
965 1722 1064 1786 τὰς
1100 1722 1209 1775 τῶν
1255 1723 1430 1778 ἄλλων
1478 1723 1631 1788 ζώων
1665 1724 1836 1796 διαφο-

2022 1725 2213 1783 XXIII.
2250 1725 2417 1783 Visne
2448 1729 2673 1783 aliornm
2707 1741 2922 1797 quoque
2954 1725 3309 1779 animantium
3336 1726 3531 1780 discri-

271 1807 371 1878 ρὰς
406 1807 520 1877 (5-1)
550 1809 688 1879 πρὸς
722 1827 781 1862 τε
817 1812 966 1880 ἡμᾶς
1002 1811 1098 1865 καὶ
1150 1813 1285 1884 πρὸς
1321 1812 1543 1884 ἄλληλα,
1570 1814 1760 1882 φύσεις
1787 1832 1847 1867 τε

268 1898 364 1951 καὶ
403 1899 673 1964 γενέσεις,
712 1901 805 1952 καὶ¹
837 1902 1168 1972 ἀνατροφὰς,
1203 1903 1299 1956 καὶ
1345 1902 1549 1976 χώρας,
1584 1906 1678 1957 καὶ
1716 1905 1844 1977 ἢθη,

268 1990 361 2043 καὶ
399 1986 513 2042 οἷον
550 1991 823 2056 πολιτείας
867 1993 1404 2065 καταριθμήσωμαις
1456 1995 1580 2059 Πῶς
1628 1995 1697 2049 τά
1746 1996 1847 2066 μὲν

264 2080 516 2148 ἀγελαῖα,
576 2081 645 2135 τὰ
694 2083 750 2135 δὲ
786 2084 1083 2153 μοναδικά;
1131 2084 1196 2137 τὰ
1242 2084 1341 2155 μὲν
1386 2086 1667 2157 ποηφάγα,
1696 2085 1847 2140 τὰδὲ

267 2172 615 2243 σαρκοϐόρα;
646 2173 714 2226 τά
750 2174 849 2243 μὲν
882 2174 1163 2245 θυμοειδῆ,
1205 2175 1275 2229 τὰ
1304 2176 1361 2230 δὲ
1394 2178 1576 2248 ἥμερα
1602 2194 1616 2242 ;
1646 2178 1713 2230 τὰ
1746 2177 1846 2248 μὲν

264 2261 627 2333 φιλάνθρωπα
655 2265 747 2317 καὶ
774 2264 1068 2335 σύντροφα,
1094 2265 1161 2319 τά
1186 2266 1242 2319 δὲ
1274 2266 1540 2320 ἀτίθασσα
1576 2268 1669 2322 καὶ
1685 2268 1845 2321 ἒλεύ-

264 2354 430 2425 θερα;
464 2355 649 2407 καὶτὰ
676 2356 774 2426 μὲν
812 2351 924 2409 οἷον
958 2357 1231 2429 ὲγγύτερα
1266 2358 1424 2427 λόγου
1455 2376 1515 2411 τε
1550 2359 1642 2412 καὶ
1673 2358 1845 2431 μαθή-

265 2462 423 2508 σεως,
449 2445 518 2498 τά
556 2447 614 2499 δὲ
647 2447 925 2511 παντελῶς
953 2448 1122 2517 ἄλογα
1164 2451 1258 2503 καὶ
1298 2450 1651 2521 ἀμαθέστατα
1682 2451 1793 2521 (55)
1822 2468 1836 2516 ;

256 2534 333 2591 ,τά
366 2535 467 2604 μὲν
510 2535 768 2589 πλειόνων
816 2538 1142 2609 αἰσθήσεων,
1182 2541 1251 2593 τά
1288 2540 1345 2593 δὲ
1405 2541 1730 2605 ὲλαττόνωνς
1773 2541 1843 2594 τά

264 2628 366 2697 μὲν
390 2629 646 2699 ἀκίνητα,
681 2629 752 2682 τά
788 2630 843 2683 δὲ
888 2632 1267 2701 μεταϐατικά;
1307 2633 1374 2687 τὰ
1412 2634 1509 2704 μὲν
1541 2634 1838 2705 ταχύτατα,

263 2719 330 2771 τὰ
360 2720 418 2772 δὲ
447 2722 737 2791 παχύτατα
766 2721 913 2792 (36);
943 2724 1013 2777 τὰ
1049 2724 1148 2795 μὲν
1178 2725 1583 2797 ὑπερϐάλλοντα
1620 2726 1839 2796 μεγέθει

263 2809 357 2861 καὶ
384 2810 570 2864 κάλλει
598 2812 630 2883 ἥ
668 2811 748 2883 τῷ
787 2814 959 2885 ἑτέρῳ
987 2815 1224 2881 τούτων,
1263 2816 1333 2869 τά
1363 2816 1417 2869 δὲ
1464 2815 1773 2887 βραχύτατα
1806 2817 1838 2889 ἢ

260 2904 699 2977 δυσειδέσταταῆ
731 2907 828 2960 καὶ
856 2908 1170 2979 ἀμφοτέρας
1202 2911 1270 2961 τὰ
1300 2908 1397 2978 μὲν
1431 2908 1657 2978 ἄλκιμα,
1690 2907 1757 2961 τά
1784 2909 1839 2962 δὲ

260 2995 501 3065 ἁσθενῆς
536 2996 603 3049 τὰ
649 2997 748 3067 μὲν
788 2998 1083 3067 άμυντικὰ,
1118 2996 1185 3050 τὰ
1227 2997 1283 3049 δὲ
1318 2996 1536 3051 ὕποπτα
1581 2998 1675 3051 καὶ
1720 2998 1841 3051 ὲπί-

1948 1819 2115 1884 mina,
2142 1820 2358 1888 quibus,
2402 1827 2513 1873 tum
2539 1833 2568 1872 a
2598 1818 2773 1881 nobis,
2809 1828 2921 1871 tum
2951 1818 3092 1871 inter
3140 1830 3198 1871 se
3243 1813 3520 1882 differunt,

1948 1919 2167 1964 naturas
2201 1911 2362 1964 etiam
2395 1918 2447 1964 et
2468 1918 2641 1973 ortus,
2668 1918 2719 1963 et
2752 1908 3123 1972 educationes,
3162 1915 3215 1960 et
3245 1907 3510 1976 regiones,

1947 2009 2000 2053 et
2031 2014 2230 2065 mores,
2263 2014 2327 2054 ac
2355 1998 2501 2053 velut
2532 2000 2584 2053 in
2618 1998 2888 2066 republica
2918 1998 3041 2052 vita:
3070 1997 3247 2052 otiicia
3296 2011 3521 2050 enume-

1946 2092 2102 2145 rem?
2129 2090 2377 2156 Quonam
2406 2094 2566 2146 modo
2600 2091 2704 2144 alia
2735 2091 3001 2146 societate
3031 2090 3390 2149 delectantur,
3413 2087 3520 2143 alia

1946 2182 2179 2251 solivaga
2205 2181 2370 2236 sunt?
2402 2182 2519 2236 Alia
2556 2182 2761 2246 herbis,
2795 2180 2900 2234 alia
2960 2180 3219 2234 carnibus
3269 2178 3520 2233 nutriun-

1948 2274 2073 2327 tur?
2097 2272 2211 2326 Alia
2238 2287 2378 2327 saeva
2403 2282 2459 2327 et
2494 2272 2796 2326 truculenta
2836 2278 2985 2337 sunt,
3039 2269 3145 2323 alia
3194 2276 3473 2323 mansueta
3498 2268 3519 2322 ?

1943 2364 2060 2417 Alia
2114 2379 2235 2418 cum
2282 2363 2595 2419 hominibus
2641 2363 2843 2417 versari
2882 2371 3044 2430 atque
3072 2360 3144 2414 ali
3182 2358 3375 2424 solent,
3415 2356 3518 2412 alia

1944 2452 2199 2507 indomita
2232 2462 2286 2508 et
2312 2453 2482 2507 libera
2514 2452 2681 2508 sunt?
2709 2453 2825 2506 Alia
2855 2452 2920 2505 ad
2975 2451 3236 2504 rationem
3274 2457 3328 2503 et
3355 2448 3518 2502 disci-

1942 2542 2142 2610 plinam
2192 2541 2356 2613 514
2387 2544 2604 2611 propius
2660 2542 2942 2604 accedunt,
2999 2540 3102 2594 alia
3149 2554 3178 2591 a
3231 2537 3436 2592 ratione
3465 2545 3520 2593 et

1943 2632 2225 2702 disciplina
2256 2648 2480 2702 prorsus
2522 2633 2863 2687 abhorrent?
2891 2631 3008 2687 Alia
3046 2629 3289 2699 pluribus
3336 2631 3515 2686 sensi-

1942 2724 2065 2788 bus,
2104 2724 2209 2777 alia
2244 2724 2589 2792 paucioribus
2637 2724 2857 2794 praedita
2892 2723 3050 2777 sunt?
3093 2722 3207 2775 Alia
3242 2730 3388 2777 motu
3422 2737 3515 2777 ca-

1942 2823 2085 2882 rent,
2127 2814 2231 2867 alia
2266 2815 2543 2884 gradiendi
2575 2813 2892 2869 facultatem
2923 2813 3159 2867 habent?
3205 2813 3320 2867 Alia
3347 2812 3517 2867 celer-

1944 2909 2105 2971 rima,
2156 2906 2261 2960 alia
2312 2907 2618 2961 tardissima
2670 2906 2835 2961 sunt?
2865 2905 2981 2959 Alia
3035 2905 3424 2972 magnitudine,
3461 2915 3517 2960 et

1942 2998 2372 3067 pulchritudine,
2408 3008 2499 3052 aut
2530 2998 2792 3052 alterutro
2839 2997 3032 3051 horum
3066 2997 3368 3060 excellunt,
3408 2994 3511 3049 alia

259 3086 462 3150 δούλας
488 3088 557 3142 τά
589 3090 688 3160 μὲν
716 3089 962 3159 φυλακτά
986 3089 1119 3160 (57),
1140 3087 1208 3143 τὰ
1232 3090 1287 3142 δὲ
1313 3089 1597 3159 ἀφύλακτα
1618 3089 1716 3155 ;τὰ
1739 3089 1836 3160 μὲν

1945 3097 2125 3140 autem
2164 3085 2457 3156 perexigua
2488 3095 2635 3152 sunt,
2667 3095 2754 3141 aut
2792 3085 3323 3149 deformissima,aut
3348 3085 3512 3139 etiam

259 3178 492 3249 ςιλεργᾶι
520 3181 614 3233 καὶ
649 3180 985 3252 οἰκονομικὰ,
1010 3181 1078 3233 τά
1102 3181 1157 3233 δὲ
1181 3181 1525 3234 παντάπασιν
1556 3179 1702 3251 ἀργά
1736 3180 1832 3233 καὶ

256 3269 609 3339 ἀπρονόητα;
644 3271 754 3322 Καὶ⁹
785 3269 864 3322 ἔτι
908 3270 1012 3341 πρὸ
1040 3269 1264 3335 τούτων,
1292 3269 1408 3333 πῶς
1440 3269 1507 3322 τὰ
1539 3269 1636 3339 μὲν
1661 3270 1834 3340 ἑρπυ-

258 3359 419 3411 στικά
446 3360 580 3423 (38),
624 3360 693 3413 τὰ
731 3360 787 3413 δὲ
830 3361 1020 3433 δρθια;
1068 3361 1138 3415 τὰ
1182 3362 1279 3432 μὲν
1324 3360 1631 3431 φιλόχωρα,
1671 3359 1737 3413 τὰ
1776 3360 1833 3412 δὲ

256 3450 520 3519 άμφίϐια;
546 3450 616 3503 τὰ
641 3450 738 3521 μὲν
766 3451 1053 3520 φιλόκαλα,
1082 3452 1151 3505 τά
1192 3451 1248 3504 δὲ
1277 3449 1668 3506 ἀκαλλώπιστα
1693 3465 1707 3513 ;
1737 3466 1834 3501 ou-

255 3539 392 3611 ζυγῆ
426 3560 486 3595 τε
519 3545 611 3596 καὶ
642 3543 850 3615 ἀζυγῆ;
883 3544 1138 3616 σώφρονά
1165 3562 1224 3598 τε
1265 3544 1358 3597 καὶ
1388 3544 1697 3606 ἁκόλαστας
1736 3560 1833 3594 πο-

252 3634 455 3703 λύγονά
491 3651 549 3687 τε
597 3636 692 3688 καὶ
736 3636 797 3688 ού
841 3634 1146 3704 πολύγονα;
1197 3635 1468 3706 μακρόϐιά
1512 3651 1571 3688 τε
1603 3634 1697 3687 καὶ
1727 3632 1838 3686 ὀλια

251 3726 442 3793 γόόια;
504 3725 717 3797 Κάμνοι
773 3726 840 3780 ἂν
884 3728 1016 3797 ἡμῖν
1062 3729 1090 3780 6
1136 3725 1295 3796 λόγος
1331 3728 1445 3791 τοῖς
1484 3724 1625 3780 κατά
1670 3726 1836 3798 μέρος

252 3817 503 3885 ἐπεξιών.

1946 3189 2175 3249 utroque
2202 3183 2331 3237 vitio
2356 3180 2650 3237 laborant?
2677 3180 2794 3234 Alia
2830 3189 3052 3235 strenua
3093 3188 3244 3242 sunt,
3273 3178 3377 3232 alia
3412 3177 3514 3232 im-

1942 3272 2181 3327 becilla?
2212 3273 2330 3327 Alia
2360 3272 2617 3341 iujuriam
2665 3279 2854 3341 aperto
2912 3272 3114 3338 impetu
3167 3269 3506 3339 propulsant,

1940 3360 2045 3416 alia
2090 3374 2340 3434 suspecta
2381 3375 2435 3419 et
2484 3363 2742 3419 insidiosa
2793 3363 2957 3417 sunt?
3001 3363 3118 3416 Alia
3172 3372 3352 3423 canta,
3404 3360 3510 3415 alia

1936 3456 2189 3512 incauta?
2222 3455 2337 3510 Alia
2379 3455 2655 3508 industria:
2708 3454 2898 3523 reique
2949 3452 3235 3507 familiaris
3276 3451 3510 3506 admini-

1935 3547 2142 3604 strandi
2168 3546 2323 3600 laude
2349 3544 2565 3607 ﬂorent,
2608 3544 2713 3599 alia
2768 3559 2989 3613 prorsus
3046 3543 3239 3597 inertia
3289 3552 3415 3596 sunt
3455 3551 3511 3597 et

1937 3637 2275 3707 improvida?
2309 3636 2567 3705 Quodque
2615 3636 2764 3706 prius
2815 3636 3097 3690 dicendum
3133 3644 3272 3696 erat,
3304 3634 3397 3703 qui
3426 3635 3507 3698 lit,

1935 3740 2000 3784 ut
2030 3729 2134 3782 alia
2162 3729 2310 3783 humi
2349 3737 2591 3797 serpant,
2632 3726 2735 3780 alia
2775 3740 3001 3795 corpore
3029 3733 3175 3780 recto
3204 3724 3353 3779 sint?
3391 3724 3509 3779 Alia

1937 3828 2085 3873 certa
2124 3820 2253 3874 sede
2293 3820 2661 3888 acquiescant,
2695 3817 2798 3871 alia
2845 3818 2899 3871 in
2954 3827 3182 3884 utroque
3242 3815 3509 3871 elemento

251 3912 485 3982 degant?
525 3912 643 3966 Alia
692 3910 973 3982 elegantia:
1004 3912 1244 3967 studiosa
1297 3911 1423 3977 sint,
1464 3910 1567 3966 alia
1612 3911 1814 3965 cultum
1854 3925 2068 3965 omnem
2109 3913 2400 3981 respuant?
2457 3911 2575 3965 Alia
2649 3911 2935 3981 conjugata
2971 3909 3099 3969 sint,
3137 3907 3242 3959 alia
3278 3922 3307 3961 a
3358 3922 3495 3961 con-

244 4002 392 4073 jugio
433 4004 801 4058 abhorreant?
827 4004 942 4057 Alia
980 4004 1174 4074 pudica
1232 4004 1360 4069 sint,
1428 4004 1531 4057 alia
1600 4002 1807 4056 libidini
1876 4002 2093 4057 dedita?
2121 4002 2237 4056 Alia
2281 4001 2687 4066 fecundissima,
2721 3999 2824 4053 alia
2852 4014 3040 4068 parum
3080 3998 3357 4065 fecunda?
3388 3997 3507 4053 Alia

249 4093 513 4146 diuturna:
548 4093 689 4157 vitm,
738 4092 841 4146 alia
895 4092 1109 4148 brevis?
1142 4092 1364 4147 Deﬁciet
1413 4108 1497 4147 me
1528 4108 1727 4155 sermo,
1768 4090 1813 4145 si
1855 4090 2127 4160 sigillatim
2156 4092 2337 4148 omnia
2365 4090 2615 4162 persequi
2642 4101 2866 4144 tentem.

314 4189 444 4242 KA'.
475 4187 681 4257 Σκέψαι
722 4206 810 4259 μοι
845 4188 941 4240 καὶ⁵
985 4189 1190 4260 νηκτὴν
1248 4189 1410 4258 φύσιν
1456 4191 1563 4244 τῶν
1614 4188 1819 4274 ὑδάτων

1997 4186 2187 4246 XXIV.
2223 4187 2337 4259 Age
2372 4188 2603 4258 piscium
2641 4202 2857 4257 quoque
2884 4196 3137 4240 naturam
3169 4184 3299 4240 mihi
3332 4184 3508 4241 consi-

245 4280 725 4347 διολισθαίνουσαν,
752 4280 846 4333 καὶ
874 4278 984 4333 οἷον
1024 4281 1327 4353 ίπταμένην
1360 4281 1502 4335 κατά
1527 4282 1626 4353 τῆς
1657 4282 1827 4353 ὑγρᾶς

248 4371 481 4442 φύσεως,
511 4371 607 4423 καὶ
644 4370 738 4424 τοῦ
786 4371 884 4442 μὲν
923 4371 1054 4425 ἰδίου
1100 4372 1324 4426 σπῶσαν
1370 4373 1552 4444 ἀέρος,
1586 4372 1662 4443 τῷ
1694 4375 1831 4444 ήμε-

243 4464 385 4535 τέρῳ
404 4465 461 4517 δὲ
491 4463 922 4528 κινδυνεύουσαν,
950 4464 1139 4536 ὥσπερ
1168 4467 1261 4519 καὶ
1298 4467 1457 4537 ἡμεῖς
1484 4469 1541 4519 ὲν
1562 4470 1674 4530 τοῖς
1702 4466 1829 4521 ὓδα-

244 4571 361 4611 σεν·
396 4554 501 4625 ἤθη
546 4571 605 4607 τε
641 4553 734 4607 καὶ
782 4554 964 4625 πάθη,
1003 4556 1094 4609 καὶ
1140 4554 1333 4626 μίξεις,
1378 4556 1472 4609 καὶ
1512 4558 1694 4625 γονὰς,
1730 4557 1824 4613 καὶ

246 4647 473 4718 μεγέθη,
510 4646 606 4700 καὶ
641 4645 835 4718 κάλλη,
857 4646 1183 4718 φιλοχωρίας
1214 4664 1273 4700 τε
1314 4648 1407 4701 καὶ
1435 4648 1660 4711 πλάνας,
1697 4665 1822 4701 συν-

241 4737 393 4799 όδους
438 4754 499 4789 τε
548 4736 644 4789 καὶ
697 4738 1111 4808 ἀποχωρήσεις,
1158 4736 1252 4789 καὶ
1302 4736 1567 4807 ἰδιότητας
1626 4732 1819 4807 μικροῦ

240 4832 350 4893 τοῖς
387 4827 657 4897 ἐπιγείοις
692 4827 1104 4899 παραπλησίας,
1136 4827 1251 4881 ἐστι
1294 4828 1351 4881 δὲ
1396 4822 1470 4882 ὧν
1510 4829 1603 4882 καὶ
1629 4827 1819 4881 κοινώ-

242 4920 380 4986 νίας,
415 4921 512 4974 καὶ
534 4919 800 4991 ἰδιότητας
823 4917 1156 4984 ἀντιθέτους,
1195 4918 1251 4972 ἔν
1287 4937 1347 4972 τε
1385 4920 1549 4974 εἴδεσι
1575 4920 1671 4973 καὶ
1698 4920 1818 4973 ὀνό-

283 5078 423 5163 ⁹(δί)
466 5077 672 5131 Ταυτό.
707 5074 839 5145 Reg.
885 5075 1001 5142 bm,
1038 5074 1147 5130 duo
1174 5073 1324 5131 Colh.
1365 5086 1420 5131 et
1466 5075 1557 5132 0r.
1592 5078 1643 5142 I,
1682 5094 1816 5130 ταυ-

238 5165 352 5205 τον.

309 5218 422 5289 (55)
466 5216 593 5273 Τῶν
634 5216 877 5289 ἔξωθεν,
913 5217 1094 5289 λογῳ,
1143 5226 1259 5289 etc.
1294 5215 1425 5286 Reg.
1470 5215 1658 5289 Cypri"
1705 5216 1816 5270 τῶν

239 5286 443 5354 ἔξωθεν
492 5288 689 5358 λόγων.
740 5306 757 5338 ι
786 5287 920 5342 Vera
968 5288 1147 5358 lectio,
1180 5287 1421 5358 {inquit
1474 5286 1662 5341 Camb.
1712 5302 1815 5356 qua

239 5362 496 5425 admissa,
528 5355 608 5415 sie
639 5358 801 5427 vertit
828 5376 841 5411 ι
880 5376 899 5409 ι
930 5359 1004 5411 De
1040 5355 1261 5426 reliquis
1284 5355 1549 5423 sensibus,
1573 5358 1661 5427 qui
1690 5355 1816 5413 sunt

239 5431 483 5498 qnxedam
512 5426 874 5484 adm’issiones
906 5429 1204 5490 rationum,
1232 5442 1351 5496 qua:
1383 5437 1533 5481 extra
1572 5426 1622 5480 in
1655 5430 1813 5482 rebus

240 5511 382 5564 sunt,
407 5516 533 5555 cum
570 5500 794 5554 minime
820 5498 994 5553 oculis
1019 5501 1451 5567 conspiciantur;
1474 5516 1494 5548 ι
1532 5498 1634 5560 vel,
1678 5516 1696 5548 ι
1717 5499 1806 5567 qui

240 5567 477 5650 (salsus)
509 5570 676 5650 veluti
710 5568 963 5623 fenestra:
987 5568 1255 5649 quaedam.
1284 5578 1437 5650 sunt,
1478 5568 1811 5637 exeipieudis

246 5638 306 5693 iis
338 5638 659 5701 ratiOnihus,
702 5653 822 5707 (lita).
863 5638 1203 5693 extrinsecus
1233 5638 1540 5704 adveniunt,
1585 5648 1636 5695 et
1678 5653 1811 5708 quas

248 5712 446 5764 ratione
478 5710 861 5779 conspicimus,
892 5709 1166 5763 destinati.
1191 5726 1210 5759 ι

310 5780 419 5852 (51)
460 5779 775 5849 Διαφοράς.
813 5780 948 5850 Reg.
974 5795 1026 5847 a,
1059 5779 1419 5849 ἁναστροφας.

1935 4280 2084 4346 dera,
2113 4293 2208 4351 per
2237 4296 2406 4352 aquas
2439 4280 2754 4345 labentium,
2784 4287 2838 4332 et
2867 4294 2961 4348 per
2981 4278 3241 4347 liquidum
3269 4277 3509 4333 elemen-

1926 4382 2076 4440 tum,
2112 4384 2171 4427 ut
2211 4374 2287 4428 ita
2317 4373 2515 4437 dicam,
2546 4371 2865 4433 volantium,
2894 4385 2955 4423 ae
2985 4369 3259 4440 proprium
3287 4369 3505 4438 quidem

1935 4480 2116 4519 aerem
2169 4473 2286 4519 tuto
2320 4462 2708 4525 haurientium,
2740 4461 2792 4515 in
2823 4468 3013 4513 nostro
3056 4468 3237 4513 autem
3284 4458 3504 4527 pericli-

1938 4556 2188 4618 tantium,
2225 4554 2682 4623 quemadmodum
2713 4567 2812 4607 nos
2840 4564 3055 4619 quoque
3082 4551 3133 4603 in
3177 4551 3333 4620 aquis
3362 4549 3502 4606 sole-

1931 4662 2083 4700 mus:
2110 4662 2287 4700 mores
2314 4646 2478 4698 etiam
2508 4659 2721 4709 eorum,
2758 4652 2811 4697 et
2851 4642 3100 4705 affectus,
3128 4653 3184 4697 et
3211 4643 3419 4706 coitus,
3449 4650 3506 4697 et

1927 4736 2323 4808 generationes,
2375 4745 2429 4789 et
2470 4734 2887 4805 magnitudines,
2937 4742 2994 4787 et
3050 4732 3501 4802 pulchritudines,

1925 4840 2103 4883 certas
2137 4827 2263 4881 item
2316 4825 2625 4880 mansiones
2656 4834 2710 4878 et
2743 4825 3140 4887 oberrationes,
3180 4839 3503 4893 congressus

1925 4935 1987 4975 ae
2016 4920 2352 4974 secessiones
2378 4928 2430 4971 et
2458 4919 2815 4988 proprietates
2872 4917 3222 4972 terrestribus
3252 4918 3502 4971 animan-

1995 5075 2108 5146 (33)
2159 5072 2579 5144 Ἀμαθέστατα.
2631 5072 2685 5127 In
2738 5070 3096 5143 quibusdam,
3150 5071 3497 5144 ἀμετάθετα,

1930 5165 1948 5199 ι
1979 5146 2354 5199 immutabilia.
2389 5163 2408 5195 ι

1996 5216 2105 5286 (56)
2151 5219 2226 5271 Τὰ
2270 5215 2387 5285 μὲν
2419 5214 2740 5286 ταχύτατα,
2783 5211 2855 5267 τὰ
2901 5210 2975 5286 Δδὲ
3022 5214 3353 5286 παχύτατα..
3407 5212 3499 5286 Sic

1922 5283 2052 5357 legit
2087 5283 2591 5357 LeuvenklaiusLet
2621 5284 2705 5357 ita
2724 5284 3002 5357 legendum
3031 5296 3300 5357 putamus.
3329 5283 3381 5335 In
3407 5283 3495 5338 ed.

1923 5351 2114 5427 legitur
2144 5367 2372 5427 tantum,
2395 5355 2463 5408 τά
2490 5354 2545 5407 δὲ
2574 5351 2869 5427 ταχύτατα.
2904 5351 3108 5427 Caetera
3139 5354 3354 5427 desunt.

1992 5420 2105 5496 (57)
2150 5427 2226 5480 Τὰ
2269 5424 2385 5495 μὲν
2425 5420 2721 5496 gaudentia.
2774 5422 2898 5476 Haec
2945 5423 3139 5496 desunt
3166 5422 3246 5496 Ain
3289 5420 3498 5496 ed._Sic

1922 5491 2100 5551 tamen
2153 5491 2437 5566 legendum
2461 5495 2825 5566 arbitramur.
2856 5493 3101 5566 quamvis
3147 5491 3363 5566 deficiat
3394 5493 3497 5547 hac

1918 5568 1970 5621 in
2005 5582 2061 5621 re
2093 5562 2336 5622 codi'cum
2361 5565 2675 5621 auctoritas.
2705 5562 2999 5620 Antithesis
3027 5565 3196 5620 series
3225 5562 3277 5617 id
3310 5571 3494 5633 postu-

1919 5639 2031 5691 lare
2066 5639 2301 5690 videtur.

1972 5708 2102 5792 ,(58)
2151 5705 2529 5776 Ἔρπυστικὰ.
2596 5704 2745 5762 Colh.
2794 5704 2827 5759 5
2874 5712 2929 5760 et
2974 5701 3068 5758 0r.
3111 5702 3175 5771 I,
3232 5703 3496 5775 έρπηστιο

1916 5794 2013 5832 κα.
