4038 6338
444 332 513 388 59
1642 329 1700 387 ς.
1744 327 2071 386 GREGORII
2112 326 2460 385 THEOLOGI
3620 314 3689 371 60

448 448 588 505 tibus
641 462 775 518 pene
821 445 1150 513 consimiles,
1204 446 1580 503 nonnullorum
1623 449 1788 503 etiam
1846 449 2016 505 socie—

2140 466 2302 502 ιασιν.
2338 445 2540 515 Σκέψαι
2583 461 2671 514 μοι
2712 440 2804 496 καὶ
2842 440 3043 512 ὀρνέων
3082 436 3192 508 (59)
3230 435 3425 505 ἀγέλας
3452 434 3543 489 καὶ
3569 446 3690 485 ποι-

452 550 608 605 tates,
642 550 697 595 et
732 541 1057 605 contrarias,
1114 548 1221 593 tam
1257 540 1309 593 in
1349 540 1538 595 formis
1572 554 1732 609 quam
1761 540 1814 595 in
1844 542 2017 595 nomi-

451 634 632 698 nibus,
670 632 1045 702 proprietates.
1092 630 1171 684 Ad
1208 631 1321 685 haec
1369 645 1558 701 greges
1609 631 1786 685 avium
1844 640 2016 686 tecum

453 733 664 794 reputa,
699 737 965 793 quamque
993 722 1139 801 varia
1175 731 1229 777 et
1258 722 1537 793 multiplici
1574 723 1740 792 figura
1768 723 1896 788 sint,
1928 738 2021 775 va-

452 815 655 882 riisque
688 812 1000 867 coloribus:
1040 812 1133 881 qui
1173 811 1282 876 ﬁat,
1326 821 1385 867 ut
1428 814 1530 865 alia
1570 821 1716 865 muta
1746 812 1875 875 sint,
1916 812 2019 865 alia

454 898 687 967 canora;
721 916 946 970 quaeque
985 901 1175 954 horum
1225 900 1532 956 suavissimi
1581 910 1773 954 cantus
1825 902 1897 955 sit
1936 915 2023 953 ra-

457 994 550 1059 tio,
569 1004 668 1049 eta
696 1009 803 1062 quo
831 994 967 1047 hanc
988 992 1293 1046 facultatem
1314 993 1624 1057 acceperint
1647 993 1670 1045 ?
1693 992 1825 1059 Quis
1848 990 2021 1060 lyram

456 1081 654 1135 cicadis
687 1082 739 1134 in
792 1090 1007 1149 pectore
1034 1081 1199 1147 dedit,
1225 1089 1279 1135 et
1306 1090 1498 1135 cautus
1542 1080 1660 1136 illos
1699 1090 1864 1149 atque
1898 1094 2023 1148 gar-

457 1172 615 1237 ritus,
649 1186 804 1241 quos,
837 1186 956 1225 cum
986 1173 1284 1227 meridiano
1315 1171 1442 1226 solis
1472 1182 1604 1225 aestu
1647 1171 1714 1225 ad
1762 1171 2022 1225 musicam

458 1264 772 1327 incitantur,
815 1263 869 1317 in
909 1264 1163 1318 arborum
1206 1264 1371 1317 ramis
1404 1262 1655 1327 fundunt,
1689 1278 1752 1317 ac
1799 1277 2024 1316 nemora

459 1366 607 1407 sono-
642 1352 884 1420 implent,
920 1360 975 1406 et
1012 1352 1273 1406 viatorem
1319 1351 1542 1406 vocibus
1587 1351 2027 1422 prosequuntur?

460 1438 590 1504 Quis
610 1447 825 1494 cantum
860 1440 1009 1494 illum
1052 1456 1173 1495 cum
1227 1456 1397 1512 cygno
1449 1444 1707 1507 contexit,
1752 1456 1858 1511 quo
1890 1451 2026 1496 tem-

460 1545 591 1601 pore
632 1532 825 1599 pennis
875 1533 927 1587 in
963 1548 1150 1587 auram
1197 1535 1450 1603 expansis
1497 1534 1759 1602 ejusmodi
1807 1532 2024 1587 sibilum

461 1622 591 1690 edit,
619 1627 709 1693 qui
764 1625 1018 1679 carminis
1053 1626 1224 1679 instar
1267 1626 1373 1681 sit?
1411 1625 1565 1681 Mitto
1615 1626 1759 1679 enim
1805 1625 1923 1680 illas
1974 1626 2025 1680 vi

463 1726 747 1785 expressas
773 1729 955 1779 voces,
987 1725 1041 1770 et
1073 1716 1329 1784 quidquid
1361 1726 1508 1770 artes
1535 1716 1796 1771 adversus
1828 1716 2017 1770 verita.

2121 539 2316 601 κιλίας,
2350 538 2406 591 ἐν
2433 554 2492 589 τε
2534 536 2773 606 σχήμασι
2814 533 2909 587 καὶ
2940 529 3216 603 χρώμασι,
3246 528 3353 580 τῶν
3375 544 3432 580 τε
3459 525 3689 585 ἀλάλων,

2119 631 2213 683 κα).
2241 630 2347 682 τῶν
2397 626 2636 698 ᾠδικῶν·
2693 624 2788 678 καὶ
2834 624 2917 686 τίς
2954 623 3053 692 τῆς
3103 619 3305 672 τούτων
3359 617 3620 688 μελῳδίας
3663 616 3693 668 ὁ

2120 720 2295 788 λόγος,
2336 720 2429 773 καὶ
2475 718 2624 788 παρὰ
2660 717 2833 781 τίνος;
2881 715 2964 777 τίς
3004 712 3032 764 ὁ
3073 712 3196 773 δοὺς
3233 711 3436 776 τέττιγι
3472 708 3569 779 τὴν
3605 708 3695 760 ἐπὶ

2124 812 2351 883 στήθους
2390 810 2603 880 μαγάδα
2632 806 2765 879 (40),
2796 806 2888 859 κα),
2912 803 2979 856 τὰ
3005 804 3095 856 ἐπὶ
3122 802 3228 854 τῶν
3250 800 3452 853 κλάδων
3478 798 3699 870 ᾇσματά

2120 918 2180 954 τε
2214 903 2308 953 καὶ
2353 900 2738 971 τερετίσματα,
2802 898 2927 949 ὅταν
2984 894 3119 964 ἡλίῳ
3182 891 3436 945 κινῶνται
3483 888 3551 941 τὰ
3597 904 3695 958 με·

2125 1011 2189 1064 ση
2201 992 2400 1063 μ6ρινά
2429 987 2911 1062 μονδσουργοῦντες,
2937 987 3029 1039 καὶ
3055 981 3414 1052 καταφωνῶσι
3437 980 3505 1035 τά
3536 980 3697 1050 ἄλση,

2124 1088 2218 1140 καὶ
2243 1085 2517 1156 ὁδοιπόρον
2551 1086 2669 1147 ταῖς
2705 1084 2907 1151 φωναῖς
2935 1078 3382 1149 παραπέμπωσι;
3419 1076 3514 1138 Τίς
3546 1077 3573 1128 ὁ
3604 1072 3700 1126 κύ-

2125 1194 2237 1247 κνῳ
2274 1174 2610 1243 συνυφαίνων
2641 1174 2739 1242 τὴν
2771 1172 2933 1243 ᾠδὴν,
2965 1171 3091 1223 ὅταν
3116 1167 3392 1239 ἐκπετάσῃ
3422 1166 3482 1218 τὸ
3502 1164 3699 1235 πτερὸν

2126 1270 2245 1329 ταῖς
2278 1265 2493 1337 αὐραις,
2535 1265 2627 1318 καὶ
2671 1266 2797 1336 ποιῇ
2845 1262 3005 1333 μέλος
3051 1260 3108 1315 τὸ
3144 1259 3416 1329 σύριγμα;
3466 1256 3567 1309 Ἑῶ
3592 1255 3698 1325 γὰρ

2126 1356 2303 1423 λέγειν
2321 1356 2419 1419 τὰς
2455 1354 2663 1424 βιαίους
2698 1353 2901 1422 φωνάς,
2927 1353 3019 1405 κα)¹
3053 1352 3151 1404 ὅσα
3182 1350 3361 1419 τέχναι
3393 1346 3702 1415 σοφίζονται

2126 1443 2268 1497 κατὰ
2295 1444 2393 1513 τῆς
2426 1443 2701 1512 ἀληθείας.
2749 1441 2919 1495 Πόθεν
2950 1440 3115 1503 ταὼς,
3143 1442 3171 1491 ό
3202 1436 3415 1501 ἀλαζὼν
3436 1437 3581 1507 ὅρνις
3610 1435 3703 1487 καὶ

2126 1534 2367 1605 Μηδικὸς
2402 1533 2536 1602 (41),
2588 1531 2732 1584 οὕτω
2771 1529 3053 1599 φιλόκαλος
3099 1528 3194 1581 καὶ
3238 1526 3534 1595 φιλότιμος,
3563 1520 3704 1574 ὥστε

2129 1624 2244 1697 (καὶ
2276 1625 2382 1696 γὰρ
2426 1624 2736 1678 αἰσθάνεται
2786 1623 2876 1676 τοῦ
2917 1621 3116 1675 οἰκείου
3160 1616 3408 1686 κάλλους)
3448 1616 3575 1669 ὅταν
3620 1613 3703 1684 ἴδῃ

2129 1714 2252 1768 τινὰ
2301 1712 2685 1784 πλησιάζοντα,
2736 1714 2770 1785 ἢ
2819 1714 2938 1775 ταῖς
2976 1710 3217 1782 θηλείαις
3252 1708 3385 1779 (12),
3435 1706 3509 1768 ὥς
3549 1721 3703 1773 φασι.

464 1816 569 1861 tem
601 1808 875 1877 ingeniose
904 1808 1401 1862 comminiscuntur.
1450 1807 1550 1873 Qui
1587 1807 1644 1861 fit
1679 1818 1737 1863 ut
1766 1822 2028 1879 arrogans

2140 1803 2553 1867 καλλωπίζεται,
2589 1803 2679 1856 τὸν
2709 1802 2909 1873 αὐχένα
2933 1802 3146 1873 διάρας,
3176 1800 3270 1854 καὶ
3291 1798 3351 1851 τὸ
3386 1796 3581 1869 πτερὸν
3611 1812 3707 1848 κυε-

463 1898 554 1954 ille
590 1907 644 1953 et
674 1898 913 1953 Medicus
961 1913 1099 1966 pavo
1130 1897 1453 1968 elegantiam
1507 1897 1840 1967 gloriamque
1894 1898 2027 1952 adeo

463 1988 703 2054 affectet,
750 1998 809 2043 ut
856 1989 1067 2059 quoties
1129 1988 1361 2058 aliquem
1401 1990 1622 2057 propius
1669 1988 2014 2043 accedentem

465 2078 625 2150 515
672 2080 887 2144 viderit,
938 2086 1031 2134 aut
1084 2079 1249 2133 etiam
1307 2078 1543 2142 feminis,
1591 2088 1648 2133 ut
1687 2079 1860 2146 aiunt,
1911 2092 2033 2133 sese

464 2180 739 2225 ostentare
786 2172 1016 2226 voluerit
1069 2172 1193 2241 (nec
1237 2171 1380 2225 enim
1440 2170 1859 2239 pulchritudinis
1920 2184 2033 2224 suat

467 2262 686 2331 ignarus
734 2263 860 2334 est),
908 2262 1192 2319 confestim
1236 2261 1377 2318 elata
1427 2264 1659 2326 cervice,
1704 2274 1865 2333 atque
1900 2263 2033 2329 alis,

467 2368 587 2422 qua:
608 2368 829 2408 aureum
858 2356 1144 2422 quemdam
1188 2354 1448 2424 fulgorem
1482 2354 1747 2420 referunt,
1781 2369 1844 2407 ac
1885 2354 2031 2409 side-

468 2456 588 2495 rum
626 2442 967 2510 splendorem
1002 2443 1302 2507 imitantur,
1354 2444 1406 2497 in
1454 2446 1642 2499 orbem
1672 2444 2032 2512 concinnatis,

470 2533 716 2601 corporis
760 2534 841 2588 sui
889 2534 1338 2603 pulchritudinem
1384 2536 1603 2591 amasiis
1629 2535 1742 2590 suis
1788 2551 1909 2591 cum
1942 2552 2035 2592 su-

2130 1896 2402 1965 κλοτερῶς
2432 1896 2763 1967 περιστήσας
2795 1895 2856 1947 τὸ
2885 1894 3191 1965 χρυσαυγὲς
3224 1890 3318 1943 καὶ
3351 1888 3705 1957 κατάστερον,

2132 1987 2403 2058 θεατρίζει
2447 1988 2557 2056 (45)
2589 1987 2649 2039 τὸ
2692 1985 2884 2049 κάλλος
2922 1988 3033 2049 τοῖς
3075 1984 3186 2055 (44)
3233 1984 3521 2054 ἐρασταῖς,
3571 1978 3710 2059 μετά

2135 2080 2367 2151 σοϐαροὖ
2412 2078 2506 2131 τοῦ
2564 2079 2926 2150 βαδίσματοςς
2977 2079 3039 2132 Ἦ
3077 2079 3175 2149 μὲν
3228 2074 3319 2130 οὖν
3363 2076 3480 2129 θεία
3517 2072 3710 2145 Γραφὴ

2135 2173 2230 2229 καὶ
2275 2172 2548 2241 γυναικῶν
2592 2173 2860 2243 θαυμάζει
2910 2172 3098 2241 σοφίαν
3144 2170 3242 2242 τὴν
3278 2172 3335 2224 έν
3374 2169 3709 2238 ὑφάσμασιν,

2146 2265 2241 2330 Τίς
2273 2263 2473 2331 ἔδωκε,
2511 2265 2762 2333 λέγουσα,
2783 2264 3059 2336 γυναιξίν
3096 2262 3447 2337 ὑφάσματος
3487 2259 3716 2327 σοφίαν

2140 2356 2235 2409 καὶ
2263 2356 2643 2425 ποικιλτικὴν
2683 2356 3063 2427 ἑπιστήμην;
3098 2354 3243 2408 Ζώου
3282 2349 3497 2419 λογικοῦ
3535 2348 3713 2411 τοῦτο,

2141 2448 2233 2501 καὶ
2258 2449 2508 2521 περιττοῦ
2530 2450 2627 2522 τὴν
2647 2449 2859 2520 σοφίαν,
2882 2430 2975 2502 καὶ
2999 2448 3157 2520 μέχρι
3186 2446 3292 2500 τῶν
3318 2443 3581 2516 οὐρανίων
3600 2440 3715 2512 (45)

2142 2539 2438 2604 όδεύοντος.

470 2627 638 2690 pet-bo
684 2629 913 2695 quodam
954 2630 1188 2694 incessu,
1238 2630 1382 2683 velut
1419 2631 1471 2684 in
1509 2632 1740 2695 theatro,
1778 2634 2125 2702 spectandam
2192 2638 2493 2706 proponat?
2559 2637 2636 2693 Ac
2694 2637 2972 2706 Scriptura
3035 2636 3248 2708 quidem
3294 2648 3447 2688 sacra
3516 2628 3716 2685 mulie-

473 2735 593 2774 rum
630 2721 681 2774 in
717 2722 1063 2776 contexendis
1086 2721 1210 2776 telis
1270 2722 1543 2775 solertiam
1579 2724 1661 2777 his
1731 2725 1908 2778 verbis
1969 2726 2267 2784 admiratur
2302 2745 2315 2782 :
2359 2730 2490 2797 Quis
2529 2729 2678 2784 dedit
2721 2728 3036 2783 mulieribus
3092 2736 3317 2780 texturae
3371 2725 3713 2792 sapientiam,

475 2823 765 2879 rerumque
788 2810 1166 2865 variandarum
1196 2812 1569 2865 scientiam"?
1620 2812 1711 2866 Est
1761 2814 1903 2867 enim
1946 2815 2050 2870 hoc
2088 2819 2377 2876 animantis
2441 2821 2649 2875 ratione
2717 2819 2948 2889 prmditi,
2992 2818 3296 2889 eximiaque
3337 2817 3599 2886 sapientia
3628 2817 3715 2869 iu-

476 2901 688 2960 strurti,
713 2908 874 2968 atque
908 2900 972 2953 ad
998 2901 1237 2955 caelestia
1268 2917 1435 2970 usque
1470 2906 1789 2973 grassantis.

545 2990 711 3046 XXV.
739 2993 818 3047 Tu
854 3008 977 3048 vero
1009 2996 1134 3048 mihi
1179 2997 1477 3051 naturalem
1534 3014 1748 3067 quoque
1798 2999 2039 3055 animan-

2216 3002 2343 3056 KE’.
2372 3001 2443 3054 Σὺ
2470 3000 2525 3053 δέ
2559 3018 2647 3071 μοι
2669 2998 2944 3069 θαύμασον
2975 2999 3069 3052 καὶ
3098 2997 3306 3066 ἀλόγων
3328 2995 3560 3069 φυσικὴν
3591 2993 3721 3049 σύν-

476 3084 611 3137 tium
670 3086 894 3140 rationis
943 3088 1243 3156 expertium
1287 3090 1557 3143 solertiam
1596 3092 1827 3160 suspice,
1874 3093 2042 3146 ratio-

478 3192 706 3246 nesque,
737 3178 779 3231 si
812 3189 981 3247 potes,
1009 3179 1240 3235 declara.
1286 3179 1565 3247 Quomodo
1597 3182 1846 3237 volucres
1869 3183 1919 3237 in
1951 3200 2045 3251 pe-

479 3270 601 3334 tris,
637 3280 691 3322 et
724 3271 1026 3336 arboribus,
1071 3287 1135 3325 ac
1185 3273 1360 3338 tectis,
1394 3287 1500 3327 non
1548 3274 1724 3328 minus
1754 3274 2048 3343 elegantes,

479 3372 640 3428 quam
692 3369 853 3423 tutos,
885 3371 939 3415 et
983 3362 1187 3416 alendis
1232 3362 1393 3433 pullis
1429 3364 1860 3419 accommodatas
1902 3365 2051 3419 nidos

479 3451 805 3506 elaborant?
847 3452 994 3508 llnde
1030 3456 1221 3523 apibus
1264 3465 1319 3510 et
1369 3456 1585 3510 araneis
1632 3465 1811 3509 tantus
1851 3455 2052 3509 laboris

481 3552 647 3610 atque
687 3545 964 3599 industria:
1001 3562 1173 3613 amor,
1203 3557 1262 3600 ut
1305 3545 1407 3601 illa:
1450 3548 1666 3616 quidem
1719 3546 1868 3601 favos
1921 3562 2055 3601 con-

482 3619 715 3700 struant,
755 3653 816 3692 ac
854 3641 1269 3709 sexangularum
1312 3640 1635 3704 fistularum,
1680 3640 1889 3710 sibique
1920 3640 2055 3694 invi—

484 3738 599 3779 cem
658 3742 723 3780 ex
764 3728 990 3782 adverso
1039 3730 1501 3798 respondentium,
1546 3730 1859 3800 adjumento
1919 3745 2050 3785 con-

487 3814 722 3883 tincant,
749 3829 804 3872 et
856 3835 952 3889 per
995 3821 1375 3875 intermedium
1426 3822 1709 3892 parietem,
1753 3832 1915 3891 atque
1960 3838 2054 3876 an-

485 3906 639 3976 gulos
690 3910 853 3964 rectis
886 3909 1143 3965 lateribus
1194 3910 1503 3966 alternatim
1565 3913 1791 3967 innexos
1831 3912 2058 3967 domici-

485 3997 615 4051 lium
670 4015 822 4054 snum
885 4000 1127 4068 fulciant,
1187 4003 1347 4073 idque
1386 4005 1436 4057 in
1477 4013 1586 4057 tam
1620 4004 1928 4074 caliginosis
1981 4002 2060 4056 al-

486 4092 740 4144 vearibus
773 4093 1122 4161 obscurisque
1152 4094 1421 4165 figmentis
1458 4111 1470 4145 :
1503 4096 1619 4149 ista:
1655 4105 1835 4150 autem
1870 4110 2059 4150 rursus

488 4193 585 4246 per
617 4195 787 4247 usque
829 4183 961 4234 adeo
993 4181 1170 4234 tenuia
1208 4191 1262 4235 et
1286 4182 1501 4236 subtilia
1530 4184 1760 4237 stamina
1800 4181 2059 4251 multipli-

486 4270 625 4325 citer
652 4271 859 4322 intensa
893 4271 1139 4325 sinuosas
1167 4271 1299 4326 telas
1326 4282 1615 4327 contexant
1644 4272 1953 4343 (etquidem
1991 4286 2057 4326 ex

2151 3110 2264 3146 εσιν
2289 3092 2421 3163 (46),
2454 3093 2546 3145 καὶ⁴
2602 3092 2728 3155 τούς
2778 3091 2986 3159 λόγους,
3026 3091 3072 3142 εἰ
3111 3089 3334 3143 δύνασαι
3369 3088 3503 3160 (47),
3546 3088 3720 3159 παράο

2152 3202 2365 3255 στησον.
2398 3182 2521 3246 Πῶς
2548 3183 2644 3254 μὲν
2666 3183 2837 3255 ὄρνισι
2862 3181 3063 3244 καλιαί,
3086 3181 3278 3252 πέτραι
3306 3198 3363 3232 τε
3390 3182 3482 3233 καὶ
3504 3180 3721 3250 δένδρα.ι

2154 3276 2246 3328 καὶ
2279 3275 2485 3347 όροφοι,
2528 3276 2607 3338 είς
2644 3273 2941 3344 ἀσφάλειάν
2979 3292 3036 3327 τε
3076 3272 3211 3343 όμοῦ
3266 3274 3359 3326 καὶ
3397 3273 3588 3336 κάλλος
3636 3274 3727 3338 ἐξ·

2153 3368 2485 3439 ησκημέναι,
2523 3368 2611 3420 καί
2641 3370 2752 3431 τοῖς
2790 3366 3136 3437 τρεφομένοις
3165 3365 3510 3436 ἐπιτηδείως;
3554 3365 3715 3418 Πόθει

2151 3460 2208 3513 δὲ
2240 3460 2519 3530 μελίσσαις
2549 3477 2607 3513 τε
2638 3476 2732 3512 και
2759 3460 3021 3530 ἀράχναις
3054 3458 3113 3511 τὸ
3145 3458 3399 3527 φιλεργὸν
3439 3458 3532 3510 καὶ
3575 3458 3727 3527 φυό-

2152 3566 2359 3620 τεχνον,
2389 3550 2475 3602 ἵνα
2520 3552 2640 3611 ταῖς
2689 3549 2786 3619 μὲν
2824 3549 2892 3601 τά
2935 3548 3101 3619 κηρία
3136 3549 3422 3617 πλέκηται,
3474 3548 3567 3600 καὶ
3600 3565 3723 3600 συν-

2155 3640 2344 3710 έχηται
2372 3639 2436 3691 δι’
2474 3638 2756 3707 ἑξαγὼνων
2791 3639 3061 3708 συρίγγων
3088 3639 3180 3691 καὶ
3206 3637 3595 3708 ἀντιστρόφων,
3630 3637 3725 3690 καὶ

2154 3731 2215 3783 τὸ
2241 3730 2448 3801 ἑδραῖον
2483 3730 2692 3793 αὐταῖς,
2726 3729 2813 3783 διὰ
2839 3730 2931 3782 τοῦ
2969 3730 3133 3799 μέσου
3171 3730 3601 3797 διατειχίσματος
3632 3727 3726 3781 καὶ

2157 3824 2393 3893 ἀλλαγῆς
2431 3823 2869 3894 ἐπιπλεκομένων
2915 3826 3034 3886 ταῖς
3071 3821 3301 3884 εὐθείαις
3348 3820 3455 3873 τῶν
3494 3820 3723 3888 γωνιῶν,

2159 3916 2630 3987 πραγματεύηται,
2683 3917 2777 3969 καὶ
2824 3914 2995 3969 ταῦτα
3036 3916 3092 3967 ὲν
3136 3914 3379 3984 ζοφεροῖς
3426 3912 3567 3965 οὓτω
3615 3914 3727 3974 τοῖς
3828 3952 3849 3963 -

2161 4008 2406 4077 σίμϐλοις
2434 4008 2528 4061 καὶ
2552 4007 2800 4079 ἀοράτοις
2822 4011 2932 4069 τοῖς
2956 4005 3266 4075 πλάσμασιν
3284 4004 3395 4073 (48)
3416 4017 3429 4031 ·
3455 4005 3509 4055 αί
3538 4003 3591 4056 δὲ
3615 4002 3726 4072 (49)

2158 4097 2247 4151 διὰ
2277 4096 2487 4150 λεπτῶν
2532 4098 2673 4151 οὕτω
2725 4097 2818 4150 καὶ
2858 4096 3057 4167 ἀερίων
3104 4095 3287 4168 σχεδὸν
3334 4095 3441 4149 τῶν
3471 4095 3727 4164 νημάτων

2161 4187 2454 4251 πολυειδῶς
2491 4188 2923 4259 διατεταμένων,
2970 4184 3339 4249 πολυπλόκους
3385 4186 3508 4247 τοὺς
3550 4185 3728 4248 ἱστοὺς

2161 4278 2506 4348 ὲξυφαίνουσι
2533 4279 2642 4350 (5b)
2681 4280 2796 4348 (κα).
2824 4278 2996 4331 ταῦτα
3017 4277 3076 4343 ἐξ
3109 4278 3327 4347 ἀφανῶν
3357 4278 3463 4332 τῶν
3499 4277 3724 4349 ἀρχῶν),

490 4366 598 4412 tam
626 4358 836 4428 exiguis
855 4358 1042 4423 initiis,
1064 4369 1120 4413 ut
1138 4361 1220 4413 vix
1246 4360 1347 4413 ulla
1366 4361 1642 4415 oculorum
1661 4361 1777 4415 acie
1793 4361 2039 4429 pervider

2164 4367 2376 4439 οἴκησίν
2399 4386 2457 4422 τε
2483 4368 2617 4440 ὁμοῦ
2649 4369 2855 4439 τιμίαν,
2884 4370 2977 4423 κα).
3005 4369 3174 4441 θήραν
3197 4370 3302 4422 τῶν
3326 4358 3563 4423 ἀσθενῶν
3591 4370 3727 4440 (51),

488 4451 741 4520 possint),
773 4466 890 4519 qua:
914 4451 1041 4518 ipsis
1066 4462 1119 4506 et
1143 4466 1241 4521 pro
1270 4453 1471 4506 eximio
1503 4454 1737 4522 quodam
1779 4452 2054 4507 domicilio

489 4542 616 4606 sint,
660 4551 716 4597 et
755 4544 1015 4598 venandis
1072 4543 1341 4600 alimoniae
1397 4559 1558 4599 causa
1618 4543 2059 4601 lmbecillioribus

559 4723 605 4755 ⁸⁸
645 4722 745 4779 Job
779 4740 1003 4792 xxxrnt,
1028 4726 1115 4781 36.

563 4886 675 4959 (59)
724 4884 995 4959 Ὀρνέῳν.
1034 4887 1127 4943 0r.
1159 4888 1210 4952 1,
1247 4886 1496 4959 ὀρνίθων.

564 4956 676 5025 (10)
717 4956 985 5031 Μμαγιζδαᾷ.
1013 4958 1208 5031 Δδειιοι.
1235 4975 1249 5011 :
1274 4956 1481 5031 Mardi;
1522 4958 1746 5031 κυρίως,
1776 4961 1809 5031 ἡ
1853 4959 1951 5029 τῆς
1981 4977 2066 5013 κι-

494 5027 665 5099 θάρας
698 5028 791 5099 καὶ
834 5026 935 5095 τῆς
964 5027 1132 5098 λύρας
1162 5031 1195 5097 ἠ
1231 5028 1330 5090 τὰς
1370 5027 1565 5099 νεύρας
1597 5026 1939 5097 βαστάζουσα
1974 5047 2067 5083 σα-

494 5095 610 5160 νίς·
648 5116 665 5148 ι
698 5095 920 5164 PrOprie
958 5095 1044 5151 est
1075 5095 1365 5152 tabulatum
1398 5095 1619 5153 Cithara:
1660 5100 1743 5155 vel
1781 5100 2067 5155 testudinis

494 5167 729 5222 chordas
760 5168 1083 5220 sustinens.»

568 5237 681 5307 (41)
722 5235 1006 5309 Μηδικάς,
1042 5236 1133 5309 Sit;
1171 5253 1307 5306 pavo
1356 5237 1672 5306 appellatur,
1712 5239 1854 5309 quod
1896 5253 1928 5295 e
1959 5237 2069 5293 Me-

498 5306 688 5362 dorum
719 5312 933 5372 regione
959 5306 1030 5359 sit
1061 5306 1273 5363 allatus.

569 5377 679 5445 (42)
725 5377 792 5431 Ἦ
836 5376 964 5441 ταῖς
998 5380 1281 5444 θηλείαις.
1323 5377 1419 5433 llic
1452 5374 1677 5432 ‘videtnr
1712 5378 1916 5443 deesse,
1950 5380 2065 5431 ἑπιη

498 5445 808 5519 δείκνυσθαι
839 5445 1115 5519 βούληται,
1143 5460 1233 5501 aut
1262 5450 1435 5503 simile
1459 5450 1608 5519 thitl.
1645 5446 1803 5503 Eotr.

572 5517 683 5585 (45)
723 5516 1028 5585 Θεατρίζεὶ.
1072 5520 1161 5574 Sic
1190 5519 1353 5576 Coisl.
1408 5521 1459 5588 1,
1502 5518 1594 5575 0r.
1632 5519 1683 5585 1,
1719 5530 1823 5575 etc.
1869 5517 1924 5574 In
1957 5516 2068 5583 cd.,

501 5585 825 5641 θεατρίζειν.

599 5604 879 5725 ἷῖῗῖἔὲς.
909 5657 949 5711 F
954 5667 1091 5721 orte,
1116 5661 1255 5723 ταῖς.
1290 5658 1449 5715 Eorr.

578 5709 690 5785 (45)
1535 5728 1799 5805 οὐρανῶν,
1833 5748 1850 5781 ι
1880 5729 1944 5785 ad
1974 5741 2078 5788 (λω-

2132 4492 2135 4495 »
2166 4460 2243 4522 εἰς
2269 4460 2471 4530 τροφῆς
2499 4460 2609 4530 (5'2)
2645 4460 2967 4525 ἀπόλαυσιν;
3011 4461 3166 4523 Ποῖος
3200 4461 3490 4531 Εὐκλείδης
3528 4462 3732 4531 ἐμιμή-

2168 4566 2297 4603 σατο
2344 4550 2534 4617 ταῦτα,
2590 4554 2874 4624 γραμμαῖς
2914 4550 3288 4623 ὲμφιλοσοφῶν
3326 4554 3444 4616 ταῖς
3494 4554 3592 4606 οὐκ
3640 4551 3730 4617 οῦ-

2167 4885 2248 4941 los
2264 4884 2569 4939 .tendentis.
2602 4900 2620 4934 ι

2240 4954 2353 5025 (46)
2395 4955 2672 5008 Σύνεσιν.
2705 4950 2837 5009 Tres
2861 4952 3038 5019 Coib.,
3070 4954 3229 5009 Coisl.
3266 4954 3290 5008 1
3340 4965 3393 5010 cl
3414 4954 3623 5017 C0mb.,
3652 4953 3735 5006 xi~

2168 5041 2341 5093 νητιν,
2382 5044 2400 5075 ι
2438 5035 2661 5079 motum.
2699 5041 2717 5074 ι

2242 5095 2349 5163 (17)
2384 5097 2449 5148 El
2490 5094 2765 5165 δύνασαι.
2795 5098 2950 5165 Deest
2972 5094 3021 5146 in
3046 5094 3286 5165 pluribus
3316 5097 3469 5151 codd.

2250 5165 2359 5234 (48)
2400 5163 2741 5232 Πυίάσμασι.
2806 5163 3113 5233 Legendum
3176 5167 3418 5229 videtur,
3490 5163 3737 5231 πλέγμα-

2175 5257 2248 5303 σι,
2289 5254 2305 5285 ι
2344 5237 2505 5289 textis
2535 5236 2784 5289 calathis.
2826 5253 2845 5285 ι
2884 5235 3255 5290 Alveariorutn
3296 5235 3438 5290 enim
3490 5239 3601 5289 haec
3653 5242 3738 5286 est

2174 5305 2484 5373 descriptio.

2258 5371 2367 5444 grai
2398 5379 2465 5429 Al
2493 5372 2578 5427 δέ.
2612 5371 2704 5428 0r.
2742 5375 2871 5437 1,οί
2901 5375 2979 5429 δέ.

2270 5448 2357 5512 5‘0)
2411 5446 2850 5511 Ἐξυφαὶνουσι.
2891 5444 2983 5498 0r.
3022 5445 3073 5508 1,
3101 5444 3447 5513 ὲξυφαίνωσι.

2412 5508 2719 5569 Ἁσθενῶν.
2760 5513 2890 5583 Reg.
2942 5517 3052 5576 bin,
3093 5508 3154 5569 et
3188 5508 3280 5570 Or.
3320 5514 3369 5581 1,
3430 5508 3744 5567 ἀσθενεστέ-

2181 5606 2308 5660 ρων.

2250 5657 2361 5726 (52)
2406 5655 2653 5725 Τρυφῆς.
2710 5653 2766 5710 In
2811 5652 3149 5725 quibusdam,
3196 5654 3423 5733 τρυφῆς,
3464 5672 3482 5705 ι
3521 5649 3739 5710 delici£t~

2180 5744 2320 5791 rum.
2358 5747 2375 5780 1
