4038 6338
14 0 69 15 r

14 5746 36 6013 ι

264 403 327 458 Gl
1272 397 1540 456 ORATIO
1581 402 1821 460 XXVIII.
1859 434 1927 447 -—
1966 403 2407 463 TllEOLOGlCA
2448 405 2513 461 ll.
3466 407 3537 463 62

270 535 389 580 σαις
441 512 579 585 (55),
615 513 709 568 καὶ
752 512 975 583 κάμνων
1015 512 1071 564 ἐν
1121 514 1243 576 ταῖς
1298 515 1668 583 ἀποδείξεσινς
1701 520 1857 584 Τίνος

1964 522 2330 579 animantibus
2362 520 2698 576 inserviant?
2729 518 2925 589 Ecquis
2971 518 3215 573 Euclides
3241 519 3339 576 hoc
3368 523 3536 575 artifi-

267 609 634 680 Παλαμήδους
671 605 782 677 (54)
819 603 1050 658 τακτικὰ
1080 606 1361 675 κινήματά
1392 625 1452 660 τε
1482 609 1577 662 xui
1602 612 1857 681 σχήματα

268 702 540 772 γεράνων,
576 698 653 760 ῶς
686 714 839 766 φασι,
868 696 964 749 καὶ
1010 694 1181 747 ταῦτα
1223 695 1564 767 παιδεύματα
1602 700 1859 770 κινουμέ-

269 813 375 846 νων
414 794 472 843 ἐν
525 789 699 855 τάξει,
751 787 844 841 xui
911 785 1050 857 μετὰ
1109 784 1359 855 ποικίλης
1409 787 1510 857 τῆς
1562 790 1856 859 πτήσεως;

269 888 424 941 Ποῖοι
458 882 689 942 Φειδίαι,
727 879 823 932 καὶ
856 877 1102 941 Ζεύξιδες
1149 876 1261 946 (55)
1289 917 1303 941 ,
1350 880 1447 932 καὶ
1494 880 1856 949 Πολύγνωτοι,

269 974 576 1047 Παρῤάσιοί
608 973 668 1023 τέ
699 988 844 1033 τινες
896 969 989 1023 καὶ
1034 968 1472 1038 Ἀγλαόφωντες,
1514 972 1684 1043 κάλλη
1738 973 1858 1044 μεθ’

189 1094 198 1105 ·
270 1064 581 1137 ὑπερϐολῆς
609 1063 843 1135 γράφειν
876 1060 970 1113 καὶ
999 1059 1256 1112 πλάττειν
1281 1061 1510 1128 emo-reg;
1542 1064 1637 1129 Τίς
1666 1064 1858 1119 Κνώσ-

270 1174 383 1219 σιος
412 1154 526 1225 (56)
554 1152 813 1206 Δαιδάλου
844 1150 1001 1223 χορὸς
1022 1150 1359 1223 ἐναρμόνιος,
1383 1154 1570 1225 νύμφῃ
1604 1155 1858 1228 πονηθεὶς

269 1259 349 1319 είς
400 1255 637 1319 κάλλους
698 1251 1056 1323 περιουσίανς
1114 1252 1148 1321 ἢ
1210 1247 1529 1320 λαϐύρινθος
1582 1247 1856 1319 Κρητικὸς

268 1347 605 1411 δυσδιέξοδος
654 1348 747 1399 καὶ
799 1345 1133 1409 δυσέλικτος,
1187 1343 1488 1415 ποιητικῶς
1533 1343 1727 1408 εἰπεῖν,
1761 1341 1857 1394 καὶ

271 1439 536 1500 πολλάκις
569 1438 681 1507 (57)
721 1438 979 1491 ἁπάντων
1029 1437 1206 1509 ἑαυτῷ
1249 1439 1364 1499 τοῖς
1401 1436 1499 1505 τῆς
1540 1434 1735 1503 τέχνης
1765 1450 1854 1486 σο-

271 1529 568 1597 φίσμασιν;
602 1528 711 1581 Καὶ
738 1525 930 1580 σιωπῶ
965 1528 1271 1597 μυρμήκων
1302 1526 1504 1596 ταμείά
1532 1524 1642 1597 (58)
1671 1542 1730 1577 τε
1762 1524 1856 1577 καὶ

268 1617 497 1687 ταμίας,
548 1618 643 1671 καὶ
693 1616 1064 1687 θησαυρισμὸν
1108 1617 1318 1687 τροφῆς
1367 1614 1446 1687 τῷ
1494 1613 1671 1686 καιρῷ
1720 1613 1858 1684 σύμ-

274 1726 499 1781 μετρον,
521 1694 695 1763 τᾶλλα
718 1726 779 1761 τε
809 1709 907 1761 ὅσα
936 1708 1064 1779 περὶ
1099 1709 1234 1764 ὁδῶν
1266 1708 1360 1762 καί
1390 1710 1521 1782 περ)⁹
1552 1707 1663 1779 (59)
1694 1709 1857 1779 ἡγου-

275 1798 475 1868 μένων,
527 1798 623 1851 κα)⁵
667 1797 769 1869 τῆς
818 1800 879 1853 ὲν
916 1800 1029 1861 τοῖς
1077 1797 1259 1870 ἔργοις
1312 1798 1561 1863 εὐταξίας
1609 1797 1856 1868 ἔγνωμεν

273 1889 487 1960 ιστορού
496 1906 657 1961 μενα.

1960 615 2104 668 cium
2160 628 2394 682 unquam
2436 610 2701 666 imitando
2755 610 3042 679 expressit,
3094 611 3160 664 de
3213 610 3369 666 lineis
3410 628 3533 681 per-

1964 714 2205 759 tractans
2239 718 2508 773 nusquam
2540 702 2902 765 exstantibus,
2927 712 3087 769 atque
3116 704 3168 755 in
3198 702 3535 771 demonstra-

1961 795 2194 852 tionibus
2232 796 2396 849 anxio
2426 795 2611 849 labore
2639 793 2947 847 desudans?
2978 794 3174 863 Ecquis
3196 794 3530 861 Palamedes,

1959 889 2050 956 qui
2086 890 2247 942 etiam
2275 887 2413 941 aciei
2446 884 2780 941 instruendae
2813 894 3002 947 artem,
3030 900 3091 939 ac
3114 896 3288 940 motus
3317 896 3369 941 et
3400 887 3532 956 ﬁgu-

1940 995 2065 1045 ras,
2095 980 2258 1034 nullis
2308 978 2428 1033 aliis
2466 976 2892 1048 praeceptoribus
2933 990 3091 1044 quam
3121 976 3363 1043 gruibus,
3405 993 3533 1032 usus

1958 1070 2211 1127 didicisse
2246 1070 2438 1137 fertur,
2475 1084 2596 1123 cum
2631 1066 2886 1122 videlicet
2924 1081 3018 1121 eas
3058 1067 3246 1120 ordine
3290 1083 3353 1120 ac
3395 1068 3533 1121 mqu

1958 1158 2121 1224 tiplici
2149 1157 2362 1212 volatus
2391 1171 2588 1226 genere
2624 1155 2827 1210 moveri
2863 1156 3271 1224 perspexisset?
3300 1156 3530 1223 Quinam

1957 1248 2179 1312 Phidim,
2212 1258 2264 1302 et
2297 1248 2584 1313 Zeuxidos,
2620 1253 2675 1301 et
2714 1246 3012 1316 Polygnoti,
3062 1244 3332 1300 Parrhasii
3366 1247 3529 1300 etiam

1958 1351 2013 1396 et
2070 1340 2499 1411 Aglaophontes,
2538 1340 2630 1411 qui
2688 1338 2991 1394 incredibili
3044 1339 3271 1406 quadam
3317 1340 3532 1407 elegan-

1959 1433 2090 1487 tium
2121 1432 2417 1487 formarum
2466 1432 2856 1502 pingendarum
2904 1439 2957 1485 et
2991 1428 3402 1496 sculpendarum
3438 1443 3532 1497 pe-

1958 1524 2079 1577 ritia
2106 1522 2455 1577 claruerunt?
2505 1522 2639 1589 Quis
2667 1521 2932 1579 Guossius
2968 1520 3131 1591 516
3181 1518 3377 1573 Daedali
3404 1520 3530 1574 cho-

1958 1629 2050 1668 rus
2090 1615 2156 1668 ad
2196 1615 2432 1669 musicos
2471 1628 2725 1668 numeros
2779 1626 2899 1667 sese
2953 1625 3198 1676 movens,
3234 1611 3287 1665 in
3341 1608 3530 1677 puellae

1958 1704 2187 1775 gratiam
2225 1704 2291 1758 ad
2340 1719 2558 1759 omnem
2589 1703 2725 1758 artis
2757 1702 3218 1775 pulchritudinem
3256 1702 3534 1757 confectus

1958 1806 2013 1851 et
2049 1797 2359 1866 expolitus?
2389 1796 2520 1863 Quis
2560 1796 2837 1852 Cretensis
2864 1795 3224 1865 labyrinthus,
3255 1803 3314 1848 ut
3350 1803 3534 1863 poeta-

1885 1879 1929 1933 Β
1959 1905 2076 1944 rum
2110 1903 2262 1944 more
2302 1889 2513 1957 loquar,
2550 1888 2791 1943 diﬂiciles
2831 1889 3009 1943 exitus
3051 1896 3104 1941 et
3150 1887 3406 1956 ambages
3446 1886 3536 1940 ha-

270 1982 426 2047 bens,
492 1983 891 2052 identidemque
950 1984 1006 2038 in
1074 1996 1197 2039 sese
1229 1998 1326 2053 per
1348 1984 1484 2040 artis
1547 1983 1870 2039 industriam
1903 1984 2228 2039 incurrens?
2275 1984 2451 2039 Taceo
2517 1982 2863 2039 formicarum
2925 1981 3183 2053 penuaria
3242 1996 3535 2049 eorumque

274 2073 557 2136 custodes,
588 2083 643 2126 et
709 2072 952 2130 alimenti
1022 2072 1411 2143 aggestionem,
1472 2075 1703 2144 tempori
1736 2075 2175 2145 respondentem,
2212 2090 2276 2131 ac
2301 2082 2493 2129 caetera
2522 2088 2586 2129 ea
2638 2088 2777 2143 qum,
2800 2081 2855 2128 et
2880 2074 2947 2127 de
3001 2087 3185 2128 earum
3220 2071 3320 2127 viis
3349 2085 3410 2125 ac
3437 2070 3536 2125 du-

342 2256 490 2320 κεῖν.
521 2256 586 2307 Ei
608 2254 812 2308 τούτων
844 2254 1065 2324 ὲφικτὸς
1104 2257 1132 2309 ὁ
1163 2254 1324 2324 λόγος
1353 2268 1457 2320 σοι,
1487 2258 1584 2312 xui
1612 2256 1712 2328 τὴν
1734 2257 1864 2329 περὶ

270 2344 448 2399 scitu
477 2343 694 2398 σύνεσιν
734 2345 926 2414 ἔγνως,
972 2345 1170 2415 σκέψαι
1218 2348 1312 2399 καὶ
1358 2348 1542 2416 φυτῶν
1575 2349 1861 2420 διαφορὰς,

276 2436 436 2508 μέχρι
469 2437 566 2489 καὶ
593 2436 691 2508 τῆς
734 2436 793 2489 ὲν
831 2435 1048 2505 φύλλοις
1099 2436 1461 2507 φιλοτεχνίας,
1496 2437 1635 2509 πρὸς
1665 2439 1725 2491 τὸ
1748 2440 1865 2510 ἥδι-

279 2526 401 2580 στὸν
432 2542 496 2578 τε
518 2523 637 2594 ἅμα
664 2526 785 2587 ταῖς
825 2524 1002 2594 ὄψεσι,
1038 2526 1133 2579 καὶ
1160 2528 1274 2591 τοῖς
1304 2530 1540 2598 καρποῖς
1576 2527 1863 2598 χρησιμώ-

271 2634 451 2672 τατον.
484 2615 691 2686 meum
740 2633 832 2686 μοι
877 2617 972 2670 καὶ
1007 2617 1235 2689 καρπῶν
1270 2619 1545 2674 ποικιλίαν
1575 2620 1669 2673 καὶ
1703 2619 1864 2688 ἀφθο-

271 2714 411 2776 νίαν,
451 2714 549 2769 xui
578 2712 813 2783 μάλιστα
847 2711 957 2767 τῶν
986 2714 1430 2782 ἀναγκαιοτάτων
1465 2716 1525 2770 τὸ
1554 2716 1858 2771 κάλλιστον.

273 2807 382 2860 Καὶ
416 2806 618 2877 σκέψαι
650 2824 740 2878 μοι
775 2808 870 2863 καὶ
899 2806 1159 2878 δυνάμεις
1184 2808 1370 2878 ῥιζῶν,
1407 2810 1500 2863 καὶ
1534 2809 1743 2880 χυμῶν,
1766 2808 1862 2862 καὶ

273 2894 500 2955 ἀνθέων,
549 2895 644 2949 καὶ
688 2895 887 2967 ὀδμῶν,
936 2896 1035 2964 οὐχ
1082 2894 1313 2965 ἡδίστων
1359 2898 1545 2968 μόνον,
1589 2897 1727 2952 ἀλλὰ
1767 2897 1860 2951 καὶ

273 2988 410 3059 πρὸς
462 2988 678 3055 ὑγίειαν
722 2986 1069 3057 ἐπιτηδείων,
1119 2990 1217 3042 καὶ
1274 2990 1581 3059 χρωμάτων
1630 2991 1859 3061 χάριτας

272 3077 365 3131 καὶ
398 3078 712 3150 ποιότητας,
758 3076 837 3130 ἔτι
876 3077 933 3130 δὲ
983 3076 1146 3131 λίθων
1196 3078 1543 3144 πολυτελείας
1580 3081 1674 3134 καὶ
1705 3081 1855 3133 διαυ-

272 3169 455 3237 γείας’
493 3146 684 3240 ἐπειδὴ
724 3185 804 3222 σοι
841 3170 1017 3223 πάντα
1048 3168 1377 3241 προῦθηκεν,
1413 3172 1601 3243 ὥσπερ
1636 3174 1693 3225 ὲν
1715 3189 1853 3226 παν·
1881 3146 1927 3207 c

272 3259 455 3330 δαισίᾳ
486 3263 662 3330 κοινῇ,
694 3260 792 3313 ὅσα
826 3278 885 3313 τε
933 3263 1203 3331 ἀναγκαῖα
1254 3264 1347 3315 καὶ
1387 3264 1484 3316 ὅσα
1536 3264 1669 3333 πρὸς
1712 3264 1849 3317 ἀπό-

274 3352 487 3414 λαυσιν,
518 3353 552 3422 ἡ
586 3351 746 3418 φύσις
766 3370 779 3385 ·
817 3354 905 3420 ἵν’,
940 3355 987 3406 εί
1019 3357 1091 3426 μή
1114 3373 1167 3407 τι
1193 3355 1340 3421 ἄλλο,
1377 3355 1438 3420 ἐξ
1460 3349 1534 3408 ὧν
1565 3357 1848 3426 εὐεργετῇ,

275 3445 551 3516 γνωρίσῃς
587 3443 738 3511 Θεὸν,
766 3446 860 3499 καὶ
886 3445 963 3516 τῷ
997 3446 1224 3511 δεῖσθαι,
1267 3448 1398 3519 γένῃ
1437 3446 1662 3499 σεαυτοῦ
1723 3464 1850 3502 συν·

275 3535 564 3607 ετώτερος.
594 3535 870 3590 Ἐντεῦθεν
885 3536 1075 3591 ἔπελθὲ
1109 3557 1198 3610 μοι
1230 3541 1331 3610 γῆς
1360 3539 1533 3610 πλάτη
1566 3539 1660 3593 κα)⁵
1685 3540 1877 3610 μήκη,

273 3632 369 3699 τῆς
410 3628 599 3697 κοινῆς
632 3628 847 3682 πάντων
880 3631 1107 3702 μητρὸς,
1143 3633 1237 3685 καὶ
1262 3632 1495 3695 κόλπους
1517 3631 1855 3698 θαλαττίους,

274 3720 525 3792 ἀλλήλοις
546 3738 605 3775 τε
640 3722 732 3774 καὶ
756 3725 821 3793 τῇ
858 3726 927 3794 γῇ
957 3724 1370 3794 συνδεδεμένους
1404 3724 1539 3795 (60),
1566 3725 1658 3778 καὶ
1679 3724 1857 3778 ἀλσῶν

275 3812 471 3882 κάλλη,
522 3814 617 3866 καὶ
657 3817 955 3884 ποταμοὺς,
1009 3816 1104 3869 καὶ
1147 3815 1331 3886 πηγάς
1371 3816 1613 3885 δαψιλεῖς
1647 3835 1709 3869 τε
1762 3818 1856 3875 καὶ

273 3904 559 3967 ἀεννάους,
606 3906 666 3957 οὐ
720 3906 877 3975 μόνον
921 3906 1145 3976 ψυχρῶν
1198 3907 1292 3959 καὶ
1338 3906 1584 3976 ποτίμων
1622 3907 1849 3972 ὑδάτων,

273 3998 368 4051 καὶ
396 3996 505 4052 τῶν
536 3997 677 4070 ὑπὲρ
699 3998 802 4068 γῆς
835 3998 968 4069 (61),
1004 3997 1139 4051 ἀλλὰ
1173 3999 1267 4050 καὶ
1290 3997 1410 4050 ὅσαι
1435 3998 1539 4050 ὑπὸ
1562 4000 1664 4066 γῆν
1701 3998 1855 4069 ῥέου-

277 4106 386 4155 σαι,
421 4090 520 4143 xui
565 4090 847 4160 σήραγγάς
877 4088 986 4159 (62)
1011 4106 1164 4152 τινας
1193 4089 1602 4161 ὑποτρέχουσαι,
1638 4086 1733 4143 εἶτ’
1778 4090 1859 4157 ἐξ·

270 4178 584 4252 ωθούμεναι
633 4179 792 4251 βιαίῳ
823 4180 901 4252 τῷ
934 4180 1202 4252 πνεύματι
1234 4180 1331 4235 καὶ
1372 4180 1855 4252 ἀντιτυπούμεναι,

340 4383 456 4451 (55)
492 4381 866 4451 Γραμμαῖς...
900 4384 1011 4436 οὐκ
1038 4383 1269 4450 οὔσαις.
1323 4401 1341 4433 ι
1376 4382 1558 4438 Lineis
1584 4398 1847 4452 nusquam

270 4454 612 4525 exstantibus
652 4467 667 4505 :
710 4454 791 4506 vel
821 4454 984 4525 quod,
1025 4471 1045 4504 ι
1084 4454 1259 4524 inquit
1298 4453 1462 4513 Elias.
1505 4456 1620 4525 εἰη
1682 4455 1846 4509 animi

270 4522 708 4578 consideratione
736 4537 841 4576 non
871 4523 1130 4584 lizcreant,
1158 4522 1467 4593 postquam,
1496 4522 1685 4593 e'artnn
1718 4540 1851 4592 qua~

269 4595 314 4649 si
350 4593 642 4647 simulacra
678 4593 1027 4657 evanuerint;
1059 4593 1141 4646 vel
1174 4595 1337 4660 quod,
1382 4613 1401 4646 ι
1442 4596 1591 4647 addit
1622 4592 1809 4649 Billins
1834 4633 1849 4659 ,

275 4683 294 4716 ι
338 4664 515 4718 oculis
547 4662 693 4717 cerni
726 4672 1015 4731 nequeant.
1062 4682 1080 4715 ι
1112 4662 1304 4730 Quidni
1348 4665 1542 4731 potius.
1572 4663 1851 4726 addemus,

268 4736 412 4803 quod
470 4748 579 4788 non
618 4733 930 4803 exsteut‘in
964 4748 1144 4787 rerum
1182 4745 1407 4798 natura;
1454 4734 1649 4803 quippe
1678 4749 1797 4802 qua:
1823 4748 1856 4788 a

271 4801 677 4859 mathematicis
704 4801 817 4857 sola
849 4801 1203 4871 longitudinis
1229 4801 1562 4857 dimensitme
1609 4801 1857 4858 conside-

269 4884 480 4939 rantur,
511 4873 661 4927 nulla
693 4873 878 4927 habita
905 4872 1118 4928 ratione
1147 4873 1451 4929 latitudinis
1489 4884 1544 4929 et
1577 4873 1856 4944 profundi-

270 4946 416 5000 tatis.

337 5013 453 5084 (54)
495 5012 921 5081 Παλαμήδους.
986 5011 1200 5069 Primus
1260 5012 1575 5069 Palamedes
1649 5014 1851 5079 fertur,

269 5101 460 5155 gruum
523 5085 856 5152 compositos
889 5092 1068 5137 motus
1110 5085 1466 5155 observando,
1516 5086 1730 5154 tiguras,
1771 5101 1857 5139 sev

269 5154 503 5223 cundum
534 5168 672 5223 quas
715 5155 1057 5207 instruuntur
1084 5155 1250 5223 acies,
1288 5154 1576 5209 invenisse.
1611 5155 1749 5223 Quid
1790 5156 1855 5209 de

270 5227 493 5295 gruibus
524 5222 745 5295 scripsit
772 5222 1003 5295 Plinius,
1020 5223 1149 5295 lege
1171 5222 1262 5279 lib.
1302 5239 1353 5287 χ,
1382 5238 1447 5295 (ἓν
1470 5224 1561 5278 24.

338 5295 452 5378 (55)
495 5293 743 5378 Φειρζαι,
771 5293 1189 5378 καὶΖεύξιδες,
1212 5305 1370 5378 Dele.”
1394 5291 1614 5378 Phidias
1645 5313 1663 5345 ι
1696 5293 1856 5378 4|.th-

272 5362 503 5427 niensis,
525 5364 1054 5428 nobilisstatuarius,
1089 5366 1179 5433 qui
1209 5364 1263 5418 in
1291 5362 1451 5433 ebore
1473 5364 1759 5433 scalpendo
1787 5364 1858 5417 cio

271 5444 350 5489 tra
390 5434 646 5489 aemulum
678 5433 897 5489 claruit.
944 5453 963 5485 ι
1000 5431 1197 5489 Zeuxis
1242 5452 1261 5485 ι
1311 5431 1653 5487 Heracleotes
1684 5434 1858 5502 pictor

271 5521 364 5559 sua
393 5515 556 5560 aetate
580 5504 869 5559 maximus.
914 5523 932 5556 ι
962 5504 1309 5575 Polygnotus,
1332 5521 1363 5575 AD
1402 5504 1573 5575 patria
1601 5503 1848 5575 Thasius,

271 5583 326 5628 et
354 5577 552 5644 pictor,
597 5575 946 5643 nonagesima
980 5571 1295 5644 Olitnpiade
1324 5571 1523 5627 ﬂoruit.
1554 5592 1570 5624 ι
1610 5572 1851 5628 Parrha-

274 5644 407 5706 sius,
449 5664 469 5698 ι
507 5645 685 5713 pictor
708 5645 954 5714 insignis,
981 5646 1071 5713 qui
1102 5645 1307 5713 primus
1333 5644 1645 5714 symetriant
1681 5644 1859 5714 pictu-

282 5728 351 5769 ra:
389 5712 567 5785 dedit.
596 5732 624 5785 γι
667 5712 1031 5785 Aglaophon}
1070 5712 1245 5785 pictor
1273 5712 1670 5778 nobilissimus,
1707 5713 1858 5781 cujus

278 5785 520 5839 meminit
548 5782 752 5838 Plinius
787 5782 1023 5849 lexxv,
1051 5782 1102 5838 (Ξ.
1129 5783 1182 5838 9.

344 5854 456 5927 (56)
496 5852 835 5925 Κνώσσιος,
869 5864 972 5914 etc.
1015 5874 1035 5911 ι
1072 5853 1313 5914 Gnossus
1348 5872 1366 5909 ι
1410 5856 1535 5914 urbs
1552 5854 1723 5913 Cretae
1748 5854 1854 5912 cla-

178 2168 187 2175 “
272 2164 446 2225 cibus,
498 2172 656 2220 eteo
700 2165 908 2231 ordine,
976 2180 1137 2234 quem
1200 2166 1253 2221 in
1304 2167 1560 2237 operibus
1606 2179 1849 2233 servant,
1890 2167 2239 2223 historiarum
2263 2168 2625 2222 monumentis
2652 2166 2966 2235 consignata
3008 2176 3154 2220 sunt.

2030 2256 2220 2313 XXVI.
2261 2257 2413 2324 Quod
2456 2256 2501 2312 si
2567 2257 2760 2311 horum
2802 2255 3043 2310 omnium
3093 2255 3331 2311 rationes
3389 2270 3536 2310 asse-

1960 2350 2169 2420 queris,
2218 2364 2282 2404 ac
2322 2348 2665 2419 prudentiam
2710 2361 2851 2411 eam,
2883 2360 2990 2415 qua
3018 2345 3405 2414 gubernantur,
3440 2362 3534 2399 co-

1960 2441 2167 2511 gnitam
2218 2447 2272 2495 et
2326 2438 2658 2508 exploratam
2694 2437 2883 2502 habes,
2933 2436 3120 2491 confer
3148 2436 3260 2505 jam
3297 2439 3533 2492 animum

1959 2531 2029 2585 ad
2063 2530 2216 2584 varia
2251 2529 2501 2598 stirpium
2535 2542 2758 2598 genera,
2786 2528 3185 2597 artificiumque
3211 2528 3370 2581 etiam
3408 2527 3534 2581 illud

1960 2622 2227 2692 expende,
2261 2621 2404 2691 quod
2435 2620 2580 2675 foliis
2614 2620 2746 2689 ipsis
2785 2619 2949 2683 inest,
2993 2619 3260 2689 simulque
3283 2629 3335 2673 et
3365 2620 3537 2673 maxi-

1958 2729 2101 2769 mam
2164 2712 2338 2768 oculis
2406 2712 2752 2783 voluptatem,
2819 2719 2873 2766 et
2933 2710 3195 2765 fructibus
3252 2710 3535 2764 utilitatem

1956 2806 2133 2862 affert.
2174 2805 2491 2871 Considera,
2547 2819 2749 2874 quaeso,
2787 2813 2842 2859 et
2901 2803 3169 2857 fructuum
3210 2804 3534 2856 varietatem

1955 2909 2010 2956 et
2055 2900 2385 2955 uberrimam
2430 2899 2664 2967 copiam,
2704 2911 2769 2951 ac
2822 2896 3125 2966 przesertim
3160 2910 3372 2959 eorum,
3418 2910 3537 2963 qua:

1954 2994 2019 3048 ad
2053 2993 2218 3047 vitam
2243 2992 2539 3062 degendam
2568 2991 2800 3062 maxime
2836 2988 3147 3043 necessaria
3191 2996 3337 3052 sunt,
3374 3002 3524 3041 sum-

1956 3099 2100 3138 mam
2160 3057 2888 3157 pulclfritudinem/Cogita
2956 3078 3116 3131 etiam
3180 3076 3439 3145 stirpium
3483 3086 3538 3131 et

1959 3190 2265 3241 succorum,
2325 3183 2381 3230 et
2436 3174 2629 3231 ﬂorum
2693 3182 2855 3243 atque
2909 3173 3158 3235 odorum,
3209 3184 3313 3224 non
3373 3168 3537 3225 modo

1958 3268 2428 3333 suavissimorum,
2456 3280 2643 3322 verum
2667 3265 2828 3320 etiam
2866 3266 2933 3318 ad
2963 3262 3207 3332 corporis
3247 3262 3533 3316 sanitatem

1958 3361 2385 3431 aptissimorum,
2446 3359 2591 3413 vires
2646 3368 2703 3412 et
2742 3355 3044 3419 facultates,
3100 3353 3338 3409 colorum
3371 3354 3534 3406 etiam

1957 3452 2279 3520 elegantiam
2308 3458 2364 3503 et
2389 3449 2700 3519 qualitates,
2733 3456 2896 3516 atque
2931 3447 3155 3512 insuper
3194 3459 3528 3513 gemmarum

1957 3541 2155 3597 eximia
2187 3541 2357 3610 pretia
2385 3548 2440 3595 et
2467 3539 2814 3608 Splendores;
2854 3535 3287 3607 quandoquidem
3324 3534 3532 3601 omnia,

1960 3645 2066 3690 tam
2102 3650 2221 3703 quae
2256 3635 2323 3688 ad
2354 3632 2692 3688 necessarios
2731 3631 2853 3685 vitae
2900 3645 3051 3693 usus,
3089 3643 3251 3698 quam
3304 3642 3423 3696 quae
3456 3627 3525 3681 ad

1956 3726 2174 3781 delicias
2224 3734 2489 3796 spectant,
2536 3715 2682 3778 velut
2730 3723 2783 3776 in
2824 3720 3094 3778 communi
3145 3718 3396 3774 convivio
3431 3733 3530 3772 na-

1960 3827 2079 3872 tura
2110 3818 2427 3888 proposuit;
2465 3825 2543 3881 ut,
2576 3816 2620 3872 si
2669 3816 2801 3871 nihil
2841 3814 3007 3879 aliud,
3053 3827 3117 3867 ex
3162 3812 3292 3909 imis
3334 3812 3529 3866 saltem

1964 3911 2243 3967 beneficiis
2276 3913 2441 3965 Deum
2471 3924 2788 3980 cognoscas,
2824 3919 2987 3975 atque
3020 3907 3088 3960 ob
3115 3905 3394 3980 penuriam
3426 3918 3532 3974 qua

1960 4005 2199 4070 laboras,
2268 4002 2438 4073 teipso
2497 3977 2817 4072 prudentior
2874 3977 3341 4093 eﬂiciaris/i-liuc
3404 3996 3536 4051 mihi

1964 4096 2147 4162 facito,
2184 4105 2245 4149 ut
2273 4105 2430 4149 terrm
2460 4094 2762 4149 communis
2796 4092 3038 4147 omnium
3068 4089 3306 4161 parentis
3352 4089 3537 4144 latitu-

1965 4184 2144 4240 dinem
2184 4182 2685 4254 lougitudinemque
2729 4196 3036 4253 percurras,
3078 4189 3134 4236 et
3165 4180 3334 4236 maris
3361 4180 3535 4248 sinus,

1957 4386 2192 4451 rissima,
2236 4386 2430 4443 Minois
2464 4386 2631 4457 regia,
2662 4386 2788 4457 olim
2832 4402 2851 4436 ι
2891 4384 3121 4457 gerulus
3156 4402 3174 4435 ι
3208 4379 3468 4457 appellata
3504 4394 3535 4433 a

1955 4457 2134 4511 vicino
2157 4458 2398 4526 ejusdem
2430 4452 2661 4511 nouiinis
2694 4456 2873 4510 ﬂuvio.
2908 4454 2980 4526 Ea
3007 4452 3117 4526 fuit
3145 4453 3284 4526 apud
3324 4459 3538 4526 veteres

1957 4528 2022 4581 de
2052 4518 2264 4582 Daedalo
2296 4529 2502 4595 opinio,
2542 4526 2683 4592 quod
2714 4522 3303 4595 statuisimmobilibus
3348 4518 3537 4574 oculos

1958 4596 2251 4659 induxerit,
2307 4591 2771 4665 a‘tque'eﬂjecerit,
2819 4593 3012 4648 abditis
3058 4591 3372 4665 quibusdam
3413 4603 3539 4642 ner-

1956 4666 2062 4729 vis,
2102 4675 2160 4719 ut
2208 4656 2314 4721 huc
2345 4656 2506 4734 aique
2550 4656 2674 4720 illuc
2720 4656 3090 4734 moverentur,
3126 4661 3260 4734 adeo
3291 4659 3537 4734 scite,'_ut

1957 4728 2329 4803 spectantibus
2378 4728 2558 4791 vivere
2600 4735 2932 4789 viderentur.
2960 4733 3093 4787 Vide
3128 4731 3416 4803 Diodorum
3451 4728 3538 4803 S_i-
3579 4760 3581 4763 -

1956 4798 2136 4860 culum
2174 4806 2267 4862 lib.
2313 4822 2367 4871 v,
2398 4813 2526 4862 etc.
2583 4805 2726 4860 Idem
2781 4803 3027 4859 Da-dalus
3067 4800 3429 4871 labyrinthum
3458 4798 3536 4871 _in

1958 4874 2120 4930 Creta
2150 4867 2473 4942 construxit,
2502 4876 2782 4942 multiplici
2813 4876 3058 4929 iutricata
3084 4867 3291 4925 viarum
3325 4867 3536 4942 perple-

1959 4946 2130 5001 xitate
2158 4936 2577 5003 irremeabilem.
2622 4936 2753 5003 Vide
2791 4945 2979 5016 Virgil.
3023 4942 3155 4997 /En.
3191 4956 3244 5005 v,
3278 4936 3335 4993 et
3375 4936 3532 4993 Ovid.

1959 5015 2180 5068 Metam.
2211 5033 2325 5068 VIII.
3155 5066 3159 5068 .

2020 5026 2180 5071 elam.
2211 5033 2325 5074 νιιῐ.
3154 5066 3159 5069 -

2028 5085 2141 5156 (57)
2180 5088 2291 5141 Kal
2323 5090 2643 5155 πολλάκις,
2672 5096 2778 5141 etc.
2822 5103 2840 5136 ι
2873 5085 3046 5154 Atque
3073 5079 3364 5137 artificiosa
3387 5076 3531 5134 frau-

1960 5156 2025 5210 de
2055 5159 2323 5213 multoties
2354 5158 2753 5224 reciprocatu’s?
2786 5176 2805 5208 ι

2050 5226 2141 5297 58)
2186 5228 2415 5297 Ταμεῖα.
2449 5228 2714 5292 Combef.,
2740 5225 2981 5297 ταμιεῖα.

2054 5291 2131 5349 59⁷
2182 5291 2343 5367 Περί.
2376 5300 2532 5352 Deest
2560 5300 2611 5351 in
2642 5291 2826 5351 tribus
2842 5296 3018 5355 Colb.,
3051 5301 3105 5347 et
3131 5291 3224 5347 0r.
3254 5291 3305 5346 1.

2051 5300 2141 5437 60)
2178 5367 2675 5437 Συνόεδεμένους.
2706 5368 2796 5422 Sic
2818 5366 2948 5435 lteg.
2986 5381 3036 5420 a.
3071 5363 3130 5417 In
3168 5364 3279 5425 ed.,

1961 5435 2175 5505 μένους.

2028 5498 2146 5577 (61)
2181 5504 2293 5559 Καὶ
2325 5502 2448 5577 enim
2468 5501 2619 5572 ὺπέρ
2641 5502 2772 5572 γῆς,
2800 5511 2957 5577 ctc._¢
2989 5498 3230 5577 Quaeque
3242 5512 3404 5577 super
3404 5507 3532 5577 nter-

1959 5568 2097 5643 ram,-
2122 5568 2182 5631 ἐι
2219 5591 2342 5645 qua:
2369 5574 2558 5629 subtus
2579 5568 2810 5628 lenm.
2848 5590 2868 5623 ι
2898 5570 3059 5625 Forte
3099 5568 3367 5645 significat
3398 5568 3539 5645 διο-ι.

1960 5637 2142 5717 gorius
2171 5637 2338 5717 aquas
2376 5644 2596 5717 calidas,
2639 5652 2693 5697 et
2720 5657 2813 5698 eas
2841 5656 2959 5711 quae
2981 5655 3045 5695 ex
3081 5638 3312 5693 metallis
3355 5637 3532 5695 medi-

1960 5714 2234 5772 caminum
2257 5715 2364 5769 vim
2394 5714 2672 5768 hauriunt.

2035 5786 2148 5860 (62)
2190 5784 2525 5857 Σήραγγας.
2562 5785 2617 5839 In
2646 5780 2986 5853 quibusdam,
3014 5777 3293 5851 σύριγγας.

2178 5361 2675 5437 Συὶλόεδεμένους.
2706 5368 2796 5422 Sic
2818 5366 2948 5435 lteg.
2986 5381 3036 5420 a.
3071 5363 3130 5417 In
3168 5364 3279 5425 ed.,
3312 5361 3527 5413 συνδεο-
