4038 6338
446 365 518 424 63
1621 367 1682 424 S.
1723 366 2052 425 GREGORII
2093 366 2440 425 THEOLOGI
3626 360 3698 417 64

447 484 563 533 ῑυιη
594 484 781 533 mutuo
820 491 982 543 nexu,
1015 485 1126 553 tum
1160 476 1325 533 etiam
1373 492 1496 533 cum
1534 488 1677 535 terra
1706 480 1851 536 velut
1900 480 2022 536 viu-

2149 474 2220 534 ἴτ’
2252 478 2659 551 ὲκπυρούμεναι
2709 478 2789 550 τῷ
2841 477 3056 551 σφοδρῷ
3098 472 3197 548 τῆς
3234 474 3411 545 πάλης
3459 473 3552 527 κα).
3599 476 3699 544 τῆς

448 568 585 625 culis
611 568 929 639 quibusdam
958 569 1306 637 constrictos,
1332 579 1389 626 et
1415 586 1695 626 nemorum
1724 572 2023 641 pulchritu-

450 659 625 723 dines,
672 667 726 713 et
770 657 983 727 ﬂuvios,
1039 667 1099 715 et
1146 658 1323 715 fontes
1377 658 1568 715 uberes
1604 675 1670 716 ac
1726 676 2017 731 perennes,

452 765 559 805 non
593 750 750 805 modo
778 751 1075 819 gelidarum
1109 760 1164 807 et
1187 751 1501 821 potabilium
1538 766 1826 823 aquarum,
1868 769 2024 824 qua:-

452 856 558 911 que
580 842 632 894 in
662 852 804 896 terra
832 850 977 909 sunt,
1013 843 1108 898 sed
1132 859 1321 898 earum
1366 844 1555 909 etiam,
1587 859 1707 913 quae
1731 845 1869 900 infra
1910 855 2024 901 ter-

454 948 569 989 ram
630 932 880 1000 ﬂuentes,
929 943 984 991 et
1035 950 1231 1004 specus
1277 935 1539 1005 quosdam
1587 936 1901 1003 subeuntes,
1960 953 2025 992 ac

455 1023 648 1079 deinde
682 1024 915 1080 violento
946 1024 1127 1093 aliquo
1167 1022 1296 1079 ﬂatu
1342 1023 1583 1095 impulsae
1625 1033 1789 1093 atque
1840 1039 2026 1094 reper-

455 1129 649 1180 cussae,
704 1128 890 1184 pOStea
942 1129 1041 1184 per
1078 1114 1359 1171 conﬂictus
1394 1114 1619 1185 ls'jusce
1661 1125 1827 1186 atque
1872 1118 2028 1172 oblu-

456 1205 706 1260 elationis
765 1205 1158 1261 vehementiam
1215 1206 1591 1271 inﬂammatae,
1649 1222 1865 1276 quaqua
1918 1208 2030 1263 fors

458 1294 679 1361 tulerit,
731 1296 989 1365 paulatim
1046 1306 1379 1366 erumpunt,
1442 1298 1676 1362 hincque
1728 1299 2026 1354 calidorum

456 1384 772 1439 balneorum
821 1401 977 1440 usum
1029 1388 1185 1443 nobis
1236 1389 1512 1459 plerisque
1554 1398 1710 1444 terra:
1772 1389 1925 1451 locis,
1974 1398 2032 1443 et

458 1490 580 1531 cum
640 1477 912 1531 contraria
965 1478 1253 1542 facultate,
1307 1480 1671 1556 suppeditant,
1733 1481 2028 1549 gratuitam

460 1568 669 1624 scilicet
697 1569 1022 1623 medicinam
1052 1586 1114 1625 ac
1146 1570 1306 1641 517
1346 1583 1539 1640 sponte
1594 1582 2029 1639 promanantem.

461 1660 1121 1731 Die,obsccro,quoutodo
1142 1673 1196 1717 et
1215 1664 1353 1717 unde
1375 1663 1526 1717 haec?
1549 1663 1805 1728 Quaenam
1836 1676 2032 1732 magna

2124 571 2470 635 ἀντιθέσεως,
2501 571 2607 641 ὅπη
2642 570 2899 642 παρείκοι
2929 569 3069 625 κατὰ
3103 567 3296 639 μικρὸν
3326 566 3700 636 ἁναρῤήγνυν-

2122 679 2235 728 ται,
2270 663 2364 716 καὶ
2394 662 2488 733 τὴν
2531 662 2641 715 τῶν
2687 663 2905 733 θερμῶν
2956 660 3196 732 λουτρῶν
3231 659 3419 731 χρείαν
3452 656 3700 711 ἐντεῦθεν

2124 757 2255 825 ἡμῖν
2305 756 2636 826 χαρίζονται,
2680 752 2948 823 πολλαχοῦ
2995 752 3094 822 τῆς
3144 752 3266 821 γῆς,
3311 749 3405 802 καὶ
3441 746 3581 817 μετὰ
3604 747 3702 818 τῆς

2125 846 2373 910 ἐναντίας
2403 847 2516 914 (65)
2548 846 2847 915 δυνάμεως,
2886 843 3129 913 ἰατρείαν
3155 840 3385 912 ἄμισθον
3420 840 3513 893 καὶ
3548 839 3704 893 αὑτό-

2128 954 2314 1007 ματον.
2347 937 2481 989 Εἰπὲ
2505 937 2621 1000 πῶς
2644 932 2737 989 καὶ
2762 934 2925 988 πόθεν
2953 933 3125 987 ταῦτα
3150 952 3164 999 ;
3195 933 3258 986 Τί
3279 932 3339 985 τὸ
3374 931 3516 1002 μέγα
3546 930 3704 983 τοῦτο

2126 1032 2222 1083 καὶ
2254 1029 2475 1100 ἄτεχνον
2505 1028 2616 1099 (64)
2652 1027 2881 1097 ὕφασμα
2907 1044 2920 1092 ;
2954 1026 3066 1096 Οὐχ
3109 1020 3272 1095 ἦττον
3314 1022 3573 1077 ἐπαινετὰ
3604 1020 3704 1091 τῆς

2128 1119 2265 1190 πρὸς
2293 1118 2496 1187 ἄλληλα
2539 1119 2778 1189 σχέσεως
2817 1117 2952 1187 (65),
2985 1115 3018 1185 ἢ
3057 1114 3178 1169 καθ’
3212 1113 3441 1169 ἕκαστον
3467 1111 3703 1183 θεωρού-

2133 1227 2286 1281 μενα.
2322 1209 2445 1272 Πῶς
2476 1211 2551 1281 γῆ
2586 1210 2681 1280 μὲν
2718 1209 2918 1279 ἕστηκε
2968 1207 3142 1274 παγία
3188 1206 3283 1259 καὶ
3326 1203 3584 1272 ἀκλινήςς
3613 1202 3706 1254 ἐπὶ

2129 1302 2271 1364 τίνος
2301 1302 2569 1372 ὀχουμένη
2589 1314 2617 1366 ;'
2647 1301 2741 1353 καί
2772 1300 2915 1361 τίνος
2951 1297 3101 1360 ὄντος
3146 1296 3239 1348 τοῦ
3289 1293 3702 1366 ὑπερείδοντοςς

2131 1391 2223 1442 καὶ
2253 1390 2396 1453 τίνος
2433 1393 2607 1442 ἐκεῖνο
2629 1389 2790 1441 πάλιν
2816 1405 2832 1455 ;
2860 1386 2993 1441 Οὐδὲ
3021 1387 3130 1457 γὰρ
3154 1387 3183 1438 ὁ
3211 1384 3366 1453 λόγος
3400 1384 3533 1454 ἔχει,
3564 1381 3649 1450 ἐφ’
3676 1381 3707 1434 ὃ

2133 1480 2371 1549 Ξρεισθῇ,
2401 1479 2538 1549 πλὴν
2564 1479 2657 1532 τοῦ
2685 1478 2831 1530 θείου
2873 1477 3196 1547 θελήματος.
3241 1475 3354 1527 Καὶ⁹
3389 1475 3505 1537 πῶς
3539 1475 3572 1544 ὴ
3608 1472 3705 1544 μὲν

2132 1572 2210 1633 εἰς
2244 1571 2386 1641 ὀρῶν
2414 1570 2660 1641 κορυφὰς
2691 1568 2995 1640 ἀνηγμένη,
3027 1570 3061 1638 ἡ
3101 1568 3159 1621 δὲ
3193 1569 3272 1631 είς
3298 1566 3452 1621 πεδία
3484 1566 3709 1630 καθεζο-

2137 1664 2294 1732 μένη,
2337 1660 2616 1715 καὶτοῦτο
2660 1659 2982 1724 πολυειδῶς,
3026 1660 3121 1712 καὶ
3161 1658 3439 1721 ποικίλως,
3474 1658 3568 1711 καὶ
3590 1658 3709 1720 ταῖς

462 1754 579 1807 haec
614 1763 776 1822 atque
804 1755 938 1808 artis
971 1769 1168 1823 expers
1201 1755 1445 1809 textura?
1487 1754 1595 1809 Nec
1628 1754 1775 1808 enim
1811 1754 1881 1829 ob
1915 1770 2036 1808 mu-

2148 1752 2255 1806 ιιατ’
2285 1752 2464 1820 ὀλίγον
2510 1751 2831 1819 ἐναλλαγαῖς
2884 1749 3272 1821 μεθισταμένη,
3324 1749 3461 1820 πρός
3505 1766 3567 1801 τε
3611 1747 3709 1819 τὴν

464 1841 608 1897 tuam
674 1857 794 1898 eam
846 1844 1218 1910 aﬂ‘ectionem,
1272 1860 1432 1915 quam
1476 1845 1616 1898 inter
1672 1859 1732 1900 se
1802 1820 2032 1909 habent,

2148 1844 2326 1913 χρείαν
2358 1845 2501 1896 ἐστὶν
2530 1843 2900 1914 ἀφθονωτέρα,
2928 1844 3020 1895 καὶ
3058 1842 3135 1912 τῷ
3176 1840 3405 1909 ποικίλῳ
3436 1837 3714 1909 χαριεστέ-

463 1934 644 1990 minus
686 1935 861 1992 laudis
925 1948 1221 2002 merentur,
1272 1953 1434 2007 quam
1479 1938 1527 1993 si
1572 1939 1799 1994 seorsim
1835 1954 2033 1993 unum-

2148 1952 2245 2005 ρας
2276 1935 2369 1987 καὶ
2399 1937 2432 2005 ἡ
2472 1935 2571 2005 μὲν
2591 1936 2672 1997 είς
2705 1936 2947 2003 οἰκήσεις
2979 1933 3339 2003 νενεμημένη,
3372 1933 3405 2002 ἡ
3440 1932 3497 1983 δὲ
3521 1929 3709 1999 ἀοίκη-

463 2026 715 2098 quodque
768 2030 1159 2084 consideretur.
1210 2030 1327 2097 Quo
1379 2040 1534 2101 pacto
1590 2041 1735 2085 terra
1788 2031 1945 2086 ﬁrma
1981 2043 2036 2086 et

2148 2043 2245 2089 τος,
2269 2027 2399 2096 ὅσην
2442 2028 2498 2079 αἱ
2522 2026 2825 2097 ὑπερϐολαὶ
2853 2027 2961 2080 τῶν
3004 2026 3146 2097 ὀρῶν
3176 2025 3585 2093 ἀποτέμνονται,
3620 2022 3715 2075 καὶ

464 2116 687 2173 immota
742 2120 1021 2175 constitit?
1052 2120 1319 2187 Quidnam
1369 2136 1466 2189 pro
1540 2123 1791 2177 vehiculo
1831 2121 2032 2176 habet?

465 2208 629 2276 Cujus
653 2210 729 2265 rei
757 2212 1087 2266 adminiculo
1130 2212 1387 2268 fulcitur?
1424 2213 1671 2283 Quidque
1710 2212 2031 2267 rursuslul-

468 2307 642 2354 turam
700 2301 844 2356 illam
891 2304 1165 2359 suetiuet?
1212 2305 1393 2372 Neque
1446 2304 1590 2359 enim
1638 2304 1831 2358 rationi
1881 2304 2039 2372 quid-

2140 2119 2271 2188 ἄλλη
2298 2118 2432 2189 πρὸς
2460 2118 2585 2172 ἄλλο
2608 2137 2661 2171 τι
2690 2120 2860 2188 πέρας
2882 2118 3171 2188 σχιζομένη
3202 2118 3297 2169 καὶ
3320 2114 3713 2176 ἀποϐαίνουσα,

2140 2210 2241 2279 τῆς
2272 2208 2366 2261 τοῦ
2406 2207 2540 2261 Θεοῦ
2578 2207 2975 2279 μεγαλουργίας
3008 2206 3398 2279 ἐναργέστατόν
3428 2206 3542 2260 ἐστι
3574 2204 3717 2275 γνώ-

2148 2319 2315 2375 ρισμα
2335 2318 2350 2367 ;

467 2411 654 2465 quam,
701 2397 786 2450 cui
819 2398 1108 2466 innitatur,
1173 2400 1437 2464 occurrit,
1508 2399 1555 2452 si
1605 2398 1841 2452 divinam
1882 2397 2208 2451 voluntatem
2248 2397 2551 2465 exceperis.
2588 2395 2706 2462 Quo
2746 2405 2903 2464 pacto
2951 2410 3037 2461 ea,
3109 2395 3304 2465 partim
3349 2395 3403 2449 in
3453 2394 3715 2450 montium

470 2491 701 2549 vertices
748 2504 1059 2558 assurgens,
1106 2490 1304 2560 partim
1351 2492 1404 2545 in
1468 2504 1689 2558 campus
1729 2488 2035 2548 subsidens,
2079 2486 2239 2555 idque
2314 2484 2461 2541 varie
2528 2495 2584 2541 et
2617 2486 3011 2555 multipliciter,
3064 2500 3129 2541 ac
3170 2483 3403 2553 denique
3459 2484 3715 2555 paulatim

471 2585 785 2640 alternando
842 2596 1211 2652 commutata,
1268 2595 1377 2641 tum
1442 2587 1511 2643 ad
1575 2585 1853 2642 hominum
1910 2598 2044 2639 usus
2081 2582 2320 2648 uberior,
2362 2591 2472 2635 tum
2517 2581 2781 2635 varietate
2819 2581 2934 2652 ipsa
2992 2580 3328 2649 jucundior?
3369 2578 3471 2646 Qui
3511 2578 3571 2633 iit
3600 2617 3618 2644 ,
3661 2587 3719 2632 ut

473 2684 753 2751 partimin
796 2682 1065 2737 domicilia
1116 2683 1285 2737 divisa
1330 2683 1421 2749 sit,
1470 2684 1665 2752 partim
1722 2681 1921 2737 inculta
1972 2688 2026 2735 et
2064 2678 2435 2734 inhabitabilis
2496 2677 2873 2747 relinquatur,
2945 2684 3203 2746 quantum
3253 2676 3505 2730 nimirum
3538 2673 3720 2730 excel-

473 2776 673 2831 sissimi
733 2778 932 2845 quique
997 2785 1205 2832 montes
1271 2779 1339 2833 ab
1366 2792 1431 2832 ea
1481 2777 1827 2842 abscindunt,
1875 2786 2039 2847 atque
2077 2775 2178 2829 alia
2225 2774 2290 2827 ad
2327 2772 2492 2827 alium
2541 2773 2831 2842 quemdam
2885 2771 3030 2826 orbis
3102 2772 3262 2827 ﬁnem
3331 2769 3565 2827 dissecta
3604 2785 3724 2841 por-

475 2877 731 2937 rectaque
766 2867 929 2921 divini
976 2868 1174 2937 opiﬂcii
1224 2868 1677 2938 magniﬁcentiam
1728 2866 2155 2922 luculentissima
2186 2868 2507 2933 argumento
2541 2861 2815 2916 declarat?

548 2957 755 3013 XXVII.
798 2958 915 3013 Jam
953 2974 1080 3015 vero
1108 2974 1280 3024 mare,
1325 2963 1371 3014 si
1416 2976 1521 3015 non
1551 2961 1920 3030 magnitudine
1947 2975 2043 3015 sua

2218 2957 2345 3009 KZ'.
2392 2954 2672 3024 Θαλάττης
2717 2954 2794 3015 δὲ,
2844 2953 2892 3006 εί
2943 2954 3039 3016 μὲν
3095 2952 3170 3025 μὴ
3213 2954 3272 3007 τὸ
3321 2954 3545 3024 μέγεθος
3576 2949 3722 3026 εἶχον

476 3048 723 3106 mirabile
751 3050 876 3104 mihi
913 3061 1224 3106 occurreret
1251 3090 1265 3115 ,
1301 3052 1581 3106 lenitatem
1623 3051 1809 3120 utique
1837 3060 1892 3106 et
1923 3051 2045 3121 pla-

476 3142 754 3197 ciditatem
810 3141 1127 3208 admirarer,
1172 3142 1443 3212 simulque
1478 3159 1587 3214 quo
1630 3156 1792 3215 pacto
1842 3144 1954 3211 ﬁat,
1991 3153 2051 3198 ut

479 3233 727 3303 quamvis
764 3232 990 3287 liberum
1034 3249 1099 3289 ac
1149 3236 1406 3299 solutum,
1463 3236 1665 3293 ﬁnibus
1718 3247 1896 3293 tamen
1937 3240 2050 3293 suis

481 3323 788 3379 consistat:
823 3325 966 3394 quod
1020 3324 1064 3378 si
1114 3340 1219 3380 non
1270 3326 1573 3392 lenitatem,
1624 3327 2048 3396 magnitudinem

484 3424 633 3469 certe
673 3414 1025 3481 suspicerem.
1085 3413 1355 3481 Quoniam
1397 3425 1578 3472 autem
1625 3425 1854 3486 utraque
1897 3418 2053 3473 laude

482 3505 716 3570 excellit,
766 3515 1049 3572 utramque
1109 3507 1219 3561 vim
1265 3515 1318 3562 et
1369 3507 1679 3563 facultatem
1727 3510 2048 3578 praedicabo.

486 3596 618 3664 Quis
643 3604 845 3650 tantam
872 3611 1137 3664 aquarum
1162 3596 1359 3653 molem
1389 3597 1710 3667 conjunxit?
1741 3598 1872 3664 Quis
1898 3600 2053 3667 quasi

486 3690 717 3745 vinculis
740 3689 1058 3758 quibusdam
1093 3688 1391 3743 astrinxit?
1425 3688 1530 3756 Qui
1562 3690 1643 3757 lit,
1669 3699 1728 3743 ut
1755 3690 2052 3754 attollatur,

482 3789 539 3835 et
565 3789 738 3834 tamen
769 3780 885 3833 loco
918 3794 1016 3833 suo
1048 3793 1106 3833 se
1137 3779 1436 3845 contineat,
1470 3780 1694 3848 perinde
1728 3794 1791 3833 ac
1823 3781 2054 3835 vicinam

488 3882 689 3925 terram
738 3871 1005 3925 reverita?
1058 3869 1160 3937 Qui
1209 3870 1285 3933 ﬁt,
1351 3884 1408 3924 ut
1464 3884 1586 3925 cum
1623 3870 1812 3925 ﬂuvios
1866 3886 2056 3927 omnes

486 3960 749 4028 excipiat,
776 3961 845 4015 ob
879 3962 1240 4015 exuberantes
1265 3969 1444 4013 tamen
1487 3974 1616 4028 epes
1648 3970 1702 4015 et
1731 3959 1933 4029 cupias,
1967 3970 2061 4014 aut

489 4069 596 4124 quo
626 4052 789 4107 verbo
829 4052 881 4106 id
906 4051 1281 4122 appellandum
1324 4052 1415 4116 sit,
1461 4050 1665 4115 nescio,
1712 4050 1912 4105 nullam
1945 4066 2062 4105 am-

2151 3046 2471 3117 θαυμάζειν,
2498 3045 2785 3115 ἐθαύμασα
2812 3043 2876 3097 ἂν
2904 3045 2964 3097 τὺ
2987 3044 3215 3117 ἥμερον,
3241 3046 3335 3098 καὶ
3366 3045 3481 3109 πῶς
3508 3047 3715 3100 ἵσταται

2148 3140 2415 3209 λελυμένη
2450 3137 2560 3191 τῶν
2589 3137 2732 3189 ίὸίων
2756 3137 2898 3207 ὅρων
2932 3136 3110 3200 ἐντός·
3138 3138 3185 3189 εί
3210 3137 3265 3189 δὲ
3297 3137 3370 3208 μὴ
3398 3137 3459 3190 τὸ
3486 3139 3713 3210 ἥμερον,

2151 3233 2368 3294 πάντως
2397 3231 2458 3283 τὸ
2494 3229 2741 3300 μέγεθος.
2789 3229 2938 3281 Ἐπεὶ
2962 3228 3017 3281 δὲ
3050 3230 3356 3300 ἀμφότερα,
3395 3228 3492 3300 τὴν
3530 3232 3586 3283 ἐν
3618 3232 3723 3300 ἀμ·

2153 3324 2398 3394 φοτέροις
2430 3322 2661 3391 δύναμιν
2698 3318 3073 3389 ἐπαινέσομαι.
3104 3319 3168 3370 Τί
3199 3318 3259 3371 τὸ
3290 3321 3627 3388 συναγαγόν;
3660 3322 3725 3373 Τί

2152 3417 2213 3469 τὸ
2260 3415 2464 3485 δῆσανς
2522 3412 2646 3475 Πῶς
2690 3410 2972 3483 ἐπαίρεταί
3015 3427 3073 3462 τε
3106 3411 3199 3463 καὶ
3252 3411 3486 3474 ἵσταται,
3540 3411 3726 3484 ὥσπερ

2154 3504 2445 3575 αἰδουμένη
2478 3505 2577 3573 τὴν
2616 3502 2829 3570 γείτονα
2866 3502 3005 3571 γῆν;
3036 3500 3160 3564 Πῶς
3193 3501 3286 3553 κα)⁸
3319 3501 3531 3571 δέχεται
3560 3520 3727 3557 ποτα-

2159 3598 2291 3666 μοὺς
2317 3595 2525 3656 πάντας
2565 3591 2697 3663 (66),
2732 3592 2826 3645 καὶ
2857 3594 2889 3663 ἠ
2932 3592 3068 3664 αὐτὴ
3096 3592 3335 3663 διαμένει
3372 3593 3458 3647 διὰ
3493 3594 3728 3666 πλήθους

2157 3684 2495 3756 περιουσίαν,
2536 3682 2569 3752 ἢ
2621 3682 2720 3734 οὐκ
2759 3677 2853 3733 οἷδ’
2889 3681 2918 3733 ὃ
2957 3699 3007 3733 τι
3047 3682 3158 3751 (67)
3201 3682 3305 3752 χρὴ
3350 3680 3558 3749 λέγεινς
3607 3682 3729 3746 Πῶς

2156 3779 2382 3849 ψάμμος
2410 3777 2557 3846 ὅριον
2588 3776 2745 3846 αὐτῇ,
2777 3775 3078 3846 τηλικούτῳ
3116 3776 3395 3846 στοιχείῳ;
3429 3776 3649 3847 Ἔχουσί
3677 3794 3729 3829 τι

2158 3870 2338 3939 λέγειν
2376 3872 2423 3921 οἱ
2455 3868 2691 3939 φυσικοὶ,
2733 3867 2827 3921 καὶ
2861 3868 3011 3935 σοφοὶ
3050 3866 3118 3919 τὰ
3166 3867 3388 3938 μάταια,
3422 3869 3516 3922 καὶ
3546 3867 3731 3938 κυάθῳ

2164 3963 2487 4035 μετροῦντες
2518 3961 2629 4034 (68)
2657 3960 2823 4024 ὄντως
2862 3960 2959 4031 τὴν
2994 3959 3287 4026 θάλασσαν,
3327 3960 3394 4013 τὰ
3431 3961 3732 4032 τηλικαῦτα

2159 4057 2277 4118 ταῖς
2304 4051 2512 4107 ἑαυτῶν
2543 4052 2841 4117 ὲπινοίαις;
2882 4052 2915 4123 ἢ
2960 4050 3238 4121 συντόμως
3291 4050 3399 4119 ἐγὼ
3451 4053 3601 4123 παρὰ
3636 4053 3734 4123 τῆς

488 4146 770 4217 plitudinis
819 4144 1184 4200 accessionem
1231 4144 1417 4209 faciat,
1472 4144 1568 4199 sed
1614 4145 1803 4198 eadem
1850 4158 2047 4213 semper

2163 4146 2385 4218 Γραφῆς
2411 4144 2569 4198 τοῦτο
2612 4144 2977 4214 φιλοσοφήσω,
3022 4144 3114 4196 atati.
3154 4143 3260 4197 τῶν
3303 4145 3523 4217 μακρῶν
3560 4146 3734 4214 λόγων

490 4240 681 4308 suique
710 4236 901 4291 similis
927 4246 1142 4290 maneat
1165 4236 1188 4289 ?
1211 4236 1313 4302 Qui
1342 4237 1400 4289 lit
1421 4278 1434 4302 ,
1477 4245 1534 4288 ut
1566 4245 1771 4289 tantum
1820 4234 2047 4289 elemen-

2165 4236 2531 4308 πιθανώτερόν
2560 4253 2618 4288 τε
2660 4235 2755 4289 καὶ
2783 4234 3174 4306 ἁληθέστερονς
3223 4238 3579 4307 Πρόσταγμα
3607 4240 3737 4307 ἐγύσ

492 4338 605 4384 tum
636 4343 856 4383 arenam
886 4342 984 4396 pro
1007 4328 1238 4382 termino
1271 4328 1468 4383 habeat
1492 4327 1578 4380 '9?
1632 4325 1932 4382 Possumne
1963 4328 2047 4381 hor

2154 4344 2355 4397 ρωσεν
2406 4327 2506 4381 ἐπὶ
2554 4328 2877 4395 πρόσωπον
2930 4325 3165 4392 ὕδατος.
3214 4328 3383 4381 Τοῦτο
3419 4331 3518 4399 τῆς
3563 4330 3737 4402 ὑγρᾶς

489 4418 743 4488 expedire
776 4416 1023 4487 physici,
1086 4424 1249 4485 atque
1298 4416 1478 4470 inanis
1530 4414 1852 4469 eruditionis
1907 4414 2063 4470 laude

488 4508 752 4573 celebres,
785 4523 849 4563 ac
883 4521 1006 4561 vere
1035 4507 1233 4578 cyatho
1266 4521 1444 4573 mare,
1490 4507 1591 4561 hoc
1624 4516 1727 4572 est,
1767 4521 1851 4561 res
1884 4516 2064 4561 tantas

410 4604 413 4605 ⁷
490 4599 709 4669 ingenio
739 4613 836 4652 suo
865 4596 1184 4652 metientes?
1214 4596 1295 4651 An
1326 4596 1519 4651 faciam
1554 4598 1687 4667 ipse,
1714 4607 1773 4651 ut
1804 4596 2064 4667 paucissi-

494 4691 597 4742 mis
642 4688 821 4741 verbis
847 4688 948 4741 hoc
974 4702 1040 4741 ex
1070 4684 1352 4756 Scriptura
1384 4702 1537 4741 sacra
1582 4687 1870 4758 explicem,
1905 4687 2063 4756 idque

492 4776 822 4851 probabilius
853 4791 916 4831 ac
950 4776 1152 4841 verius,
1201 4793 1362 4847 quam
1403 4777 1503 4847 ipsi
1537 4792 1658 4833 cum
1700 4777 1925 4842 prolixis
1953 4779 2065 4834 suis

599 4872 646 4904 ”
667 4868 867 4924 Jcrem.
904 4883 956 4934 v,
987 4868 1079 4920 ‘22.

567 4983 676 5055 (63)
718 4980 877 5034 Μετὰ
904 4977 1011 5055 τῆς
1038 4976 1336 5055 ἐναντίας.
1388 4999 1405 5031 ι
1433 4981 1565 5035 Cum
1589 4983 1743 5051 aquis
1781 4982 2062 5055 frigidis.)

496 5051 825 5124 Plerumque
851 5052 995 5105 enim
1024 5051 1326 5102 scaturiuut
1354 5064 1385 5104 e
1419 5054 1718 5123 propinquo
1750 5051 1903 5124 aqua:
1936 5051 2069 5111 cali-

499 5127 581 5181 dae
609 5140 728 5178 Cttttt
765 5122 991 5189 frigidis.

574 5195 687 5263 (64)
730 5193 1028 5261 Ἃτεχνον.
1057 5194 1166 5251 lloc
1192 5196 1499 5249 universum
1526 5192 1728 5263 dicitur
1755 5210 1774 5243 ι
1810 5191 2069 5263 πιίελεξ-

499 5260 704 5337 ρετβ,ἰ
738 5260 880 5332 quod
913 5268 1069 5321 nullis
1106 5268 1175 5319 sit
1212 5266 1532 5319 fabricatum
1566 5261 1837 5337 _manibus_,
1871 5260 2071 5337 sedili-

503 5329 702 5389 vutitus
727 5329 1054 5389 contextum.
1090 5337 1365 5390 Scholium
1388 5349 1512 5387 vero
1533 5333 1614 5385 sic
1636 5330 1854 5398 exponit
1884 5346 1897 5382 :
1932 5329 2073 5396 Ὕφο

500 5421 675 5477 ασμα,
700 5404 807 5477 vel,
840 5406 1085 5477 tizpaspov
1113 5406 1207 5477 τὴν
1248 5401 1656 5477 σύμπηξιν-τῶν
1682 5400 1936 5470 στοιχέων
1973 5414 2074 5477 κια-

503 5469 588 5548 λεῖ
631 5474 724 5527 καὶ
766 5469 898 5544 πρὸς
947 5469 1178 5548 ἄλληλα’
1203 5469 1473 5529 νεῦσινίι
1513 5469 2076 5548 Texturanrappcllat

502 5542 890 5599 clementerum
924 5542 1258 5617 cennpagem,
1302 5555 1356 5599 et
1384 5555 1622 5597 mutuam
1661 5542 1713 5595 in
1746 5556 1805 5596 se
1844 5555 2073 5611 propen-

504 5630 735 5671 SlOﬂelli.
779 5633 797 5665 ι

577 5683 687 5753 (b5)
735 5683 847 5753 Τῆς
900 5684 1049 5753 πρὸς
1095 5685 1338 5751 ἄλληλα
1388 5680 1676 5749 σχέσεως.
1709 5681 1874 5736 Leuv.
1906 5700 1924 5734 ι
1962 5680 2077 5737 Non

512 5756 688 5811 minus
725 5754 897 5811 laudis
928 5767 1201 5810 merentur
1227 5756 1418 5809 collata
1455 5757 1595 5809 inter
1614 5765 1693 5807 se.
1736 5771 1754 5804 ι

2167 4420 2381 4489 φύσεως·
2407 4421 2434 4472 ὁ
2456 4419 2669 4490 δεσμός.
2703 4417 2827 4481 Πῶς
2855 4416 2911 4469 δὲ
2948 4417 3040 4469 τὸν
3072 4420 3321 4488 χερσαῖον
3350 4421 3592 4475 ναυτίλον
3624 4422 3733 4491 (69)

2167 4510 2289 4579 ἄγει
2320 4510 2460 4580 ξύλῳ
2490 4508 2675 4581 μικρῷ.
2701 4509 2793 4561 καὶ
2824 4507 3125 4578 πνεύματι;
3155 4509 3332 4578 (τοῦτο
3362 4511 3420 4562 οὑ
3440 4511 3737 4581 θαυμάζεις

2166 4600 2339 4671 ὁρῶν;
2365 4599 2473 4653 οὐδ’
2508 4599 2782 4667 ὲξίσταταί
2830 4616 2919 4650 σου
2956 4600 2988 4669 ἡ
3022 4597 3278 4670 διὰνοια;)
3305 4600 3390 4653 ἴνα
3420 4601 3490 4670 γῆ
3516 4603 3609 4655 καὶ
3644 4602 3739 4656 θά-

2167 4692 2342 4744 λασσα
2370 4691 2565 4744 δεθῶσι
2609 4694 2728 4752 ταῖς
2773 4691 2982 4761 χρείαις
3013 4693 3105 4744 καὶ
3146 4694 3264 4755 ταῖς
3295 4692 3616 4761 ἐπιμιξίαις,
3647 4695 3739 4747 καὶ

2171 4785 2247 4847 είς
2273 4782 2331 4835 ἒν
2359 4781 2486 4855 ἔλθῃ
2518 4780 2630 4853 (70)
2654 4780 2730 4852 τῷ
2754 4780 3022 4853 ἀνθρώπῳ
3043 4782 3112 4836 τὰ
3140 4782 3388 4837 τοσοῦτον
3405 4783 3646 4855 ἀλλήλων
3664 4783 3743 4839 δι-

2246 4979 2358 5051 (66)
2395 4976 2652 5044 Πάντας.
2708 4978 2875 5047 ltcgg.
2941 4991 2992 5044 a,
3044 4976 3156 5040 bm,
3209 4985 3263 5032 et
3313 4974 3408 5031 0r.
3467 4975 3521 5043 1,
3571 4974 3743 5030 ᾶπαν-

2172 5068 2292 5105 τας.

2244 5067 2354 5191 ῗθἹ)
2395 5121 2469 5173 "II
2489 5120 2599 5173 οὐκ
2629 5114 2737 5191 οἷδ’
2757 5117 2865 5181 ὅτι,
2896 5123 2999 5170 etc.
3026 5113 3190 5167 Leuv.
3216 5133 3235 5166 ι
3270 5115 3524 5191 Equidem
3551 5123 3643 5191 aut
3665 5117 3748 5168 ni-

2178 5186 2260 5244 hil
2284 5186 2455 5244 habeo
2479 5191 2619 5257 quod
2652 5190 2849 5250 dicam,
2887 5197 2979 5240 aut
3016 5200 3282 5239 summam
3319 5187 3388 5241 ob
3439 5186 3745 5240 vastitatem

2179 5260 2362 5325 maris,
2393 5260 2493 5313 hoc
2526 5260 2638 5313 ﬁeri
2672 5267 2868 5313 statuo.
2905 5274 2924 5308 ι

2251 5320 2362 5398 (68)
2399 5329 2788 5396 Μετροῦντες.
2818 5324 3083 5398 Comltef.,
3123 5320 3578 5398 cuppsrpoﬁwsg.

2251 5397 2363 5472 (69)
2400 5399 2699 5472 Χερσαῒον
2752 5397 3059 5472 ναυτίλον.
3119 5414 3137 5444 ι
3187 5397 3527 5472 'l‘errestrenr
3572 5397 3750 5472 nauti-

2181 5465 2310 5527 lum.
2344 5465 2362 5523 ὦ
2392 5465 2490 5525 Sic
2510 5471 2781 5524 hominem
2823 5467 3097 5535 eleganter
3154 5466 3385 5534 appellat
3432 5465 3745 5533 Gregorius.

2187 5559 2206 5594 ι
2238 5540 2481 5595 Nautilus
2522 5558 2539 5590 ι
2573 5539 2735 5608 piscis
2785 5547 2868 5590 est
2920 5536 2998 5591 sic
3041 5535 3236 5603 dictus,
3268 5535 3408 5606 quod
3444 5539 3594 5589 navis
3628 5550 3750 5605 Spe-

2183 5612 2320 5666 ciem
2346 5610 2616 5679 prml‘erat.

2253 5674 2364 5752 (70)
2412 5681 2625 5749 Ἐλθῃ.
2657 5675 2919 5743 Combel‘.,
2949 5674 3192 5747 συνέλθῃ.
