4038 6338
283 352 360 410 65
1293 351 1552 412 ORATIO
1589 353 1831 414 XXVIII.
1871 387 1942 398 —
1981 357 2418 420 THEOLOGICA
2459 363 2526 422 ll.
3484 373 3555 430 66

285 466 572 537 εστηκότα
600 468 744 522 κατὰ
757 468 861 540 τὴν
893 467 1082 537 φύσινς
1113 468 1270 532 Τίνες
1284 467 1340 522 δὲ
1357 469 1549 538 πηγῶν
1579 470 1635 523 αἱ
1664 471 1853 542 πρῶτα

1987 472 2480 541 disputationibus?
2560 477 2893 551 Prmceptum
2967 483 3322 540 circumdedit
3396 502 3559 560 super

283 559 492 626 πηγαὶ,
523 557 779 629 ζήτησον,
809 558 1084 630 ἄνθρωπε,
1117 559 1172 612 εἴ
1197 558 1249 612 τί
1289 575 1370 612 σοι
1407 558 1610 613 τούτων
1639 559 1850 631 ἐξιχνεῦ

1977 561 2167 618 faciem
2196 581 2350 636 aqum
2372 568 2443 623 ’°.
2486 569 2597 627 Hoc
2627 572 2860 628 humidae
2900 584 3105 630 naturae
3142 577 3413 634 vinculum
3443 557 3552 638 est.

283 665 382 700 σαι
411 649 446 720 ἧ
471 651 654 720 εὑρεῖν
686 650 910 705 δυνατόν
933 668 948 716 ;
975 651 1070 704 καὶ
1090 651 1176 716 τίς
1201 653 1229 704 6
1246 654 1512 721 ποταμοῖς
1538 653 1650 723 (71)
1688 653 1853 724 σχίσας

1982 651 2100 707 Jam
2130 658 2401 724 quomodo
2431 667 2744 717 terrestrem
2782 665 3046 722 nautilum
3077 668 3274 739 exiguo
3301 669 3448 741 ligno
3488 685 3555 728 ac

282 741 386 792 καὶ
421 741 580 794 πεδία
611 744 704 795 καὶ
731 743 853 814 ὅρη,
894 745 987 797 καὶ
1026 744 1149 808 δοὺς
1186 743 1277 796 τὸν
1323 745 1522 816 δρόμον
1556 745 1875 812 ἀκώλυτονς

285 833 383 884 καὶ
411 833 532 896 πῶς
562 835 625 886 ὲκ
650 834 758 887 τῶν
793 835 1052 888 ἐναντίων
1084 835 1144 888 τὸ
1178 834 1384 905 θαῦμα,
1435 837 1571 907 μήτε
1604 835 1880 907 Θαλάσσης

279 920 650 993 ὲπεξιούσης,
709 925 844 995 μήτε
898 923 1163 994 ποταμῶν
1215 924 1556 994 ίσταμὲνων;
1605 925 1702 988 Τίς
1751 924 1806 977 δὲ
1843 927 1877 996 ή

279 1012 396 1065 τῶν
431 1015 643 1068 ὑδάτων
673 1016 848 1088 τροφὴ
891 1015 1023 1087 (72),
1060 1016 1154 1070 καὶ
1187 1015 1240 1068 τί
1269 1016 1330 1068 τὸ
1361 1015 1566 1086 ταύτης
1596 1017 1876 1088 διάφορον,

279 1103 392 1157 τῶν
457 1107 555 1177 μὲν
604 1107 811 1162 ἄνωθεν
844 1107 1176 1180 ἀρδομένων,
1205 1107 1312 1161 τῶν
1346 1107 1402 1160 δὲ
1432 1111 1552 1172 ταῖς
1575 1108 1750 1180 ῥίζαις
1777 1127 1875 1161 πο-

274 1195 612 1268 τιζομένων,
651 1199 738 1252 ἵνα
776 1217 828 1252 τι
883 1199 977 1252 καὶ
1025 1199 1188 1262 αὐτὸς
1233 1200 1636 1270 κατατρυφήσω
1664 1199 1759 1252 τοῦ
1791 1199 1878 1252 λό-

278 1304 406 1356 γου,
449 1288 586 1342 Θεοῦ
621 1290 719 1362 τὴν
742 1289 950 1361 τρυφὴν
975 1289 1337 1361 ἐξηγούμενος
1365 1306 1378 1354 ;

1979 755 2136 801 vento
2157 749 2342 804 ducit?
2371 751 2390 823 (
2411 751 2519 808 lloc
2543 761 2596 806 tu
2642 769 2764 810 cum
2793 758 2995 823 cernis,
3042 775 3148 816 non
3193 760 3556 821 admiratione

1975 833 2272 905 deligeris?
2309 838 2423 894 Non
2457 856 2610 898 mens
2650 854 2802 899 extra
2840 861 2899 902 se
2952 849 3240 920 rapitur?)
3294 851 3460 922 quue
3494 859 3554 910 ut

1977 940 2132 980 mare
2156 943 2220 981 ac
2245 937 2389 985 terra
2421 933 2898 992 commoditatibus
2927 947 2980 992 et
3025 941 3370 997 commerciis
3411 944 3554 1000 inter

1977 1029 2038 1070 se
2083 1007 2606 1094 vinciantur,'5I§
2635 1041 2698 1079 ac
2727 1039 2815 1093 ea,
2850 1042 2969 1097 qua:
3000 1039 3189 1084 natura
3232 1033 3364 1088 adeo
3398 1035 3575 1088 inter-

1973 1122 2034 1161 se.
2063 1110 2351 1180 dissidem,
2379 1116 2446 1168 ad
2478 1116 2714 1173 hominis
2759 1133 2919 1174 usum
2970 1122 3401 1194 conjungantur?
3444 1127 3550 1196 Qui

1973 1213 2134 1268 porro
2162 1201 2393 1258 fontium
2433 1207 2595 1275 primi
2630 1208 2827 1278 fontes,
2857 1213 3285 1282 qumras‘velim,
3308 1234 3339 1273 ο
3364 1219 3547 1284 homo,

1972 1291 2018 1345 si
2051 1293 2178 1362 quid
2206 1295 2398 1352 horum
2433 1298 2759 1370 investigare
2787 1314 2879 1359 aut
2910 1305 3154 1362 invenire
3187 1319 3339 1377 potes
3377 1326 3392 1364 :
3431 1319 3544 1366 tum

274 1387 407 1454 quis
449 1385 630 1440 ﬂuviis
660 1400 876 1454 campos
905 1396 959 1441 et
991 1395 1202 1441 montes
1247 1387 1529 1452 dissecuit,
1591 1400 1654 1441 ac
1692 1385 1924 1441 liberum
1962 1402 2182 1444 cursum
2214 1393 2294 1448 eis
2331 1397 2644 1453 concessit?
2672 1400 2790 1466 Quo
2833 1401 2994 1456 etiam
3022 1415 3182 1472 pacto
3220 1420 3285 1459 ex
3333 1417 3550 1463 contra-

287 1476 395 1531 riis
426 1477 588 1530 rebus
617 1477 935 1530 miraculum
999 1479 1262 1541 exsistat,
1315 1479 1440 1532 dum
1511 1490 1611 1532 nec
1674 1491 1824 1532 mare
1903 1493 2139 1548 unquatn
2189 1485 2508 1557 regurgitat,
2569 1503 2668 1546 nec
2717 1489 2864 1547 ﬂuvii
2908 1493 3248 1552 subsistunt?
3303 1497 3386 1553 Ad
3434 1499 3549 1554 hare

270 1583 404 1639 quae
436 1583 702 1639 aquarum
735 1568 1026 1637 alimonia,
1075 1571 1325 1642 quodque
1391 1572 1550 1643 hujus
1621 1572 1933 1637 discrimen,
1975 1576 2173 1646 quippe
2205 1595 2294 1634 res
2334 1583 2578 1651 quaedam
2617 1596 2782 1653 sunt,
2833 1605 2953 1654 qua:
2991 1591 3223 1662 desuper
3275 1594 3543 1664 rigantur,

275 1660 537 1730 quzedam
573 1674 786 1723 rursus,
813 1660 1008 1730 quibus
1033 1670 1192 1731 potus
1221 1678 1318 1731 per
1351 1665 1575 1724 radices,
1623 1678 1752 1718 suas
1807 1664 2204 1734 suppeditatur,
2273 1679 2330 1726 ut
2394 1672 2510 1744 ipse
2556 1691 2774 1748 quoque
2805 1679 3062 1736 delicioso
3097 1660 3308 1738 dicendi
3327 1660 3548 1752 igenere

273 1765 427 1819 utar,
455 1757 584 1809 dum
628 1754 719 1810 Dei
757 1755 980 1812 delicias
1007 1758 1254 1813 oratione
1283 1759 1648 1829 complector?

350 1851 491 1906 KH'.
532 1851 761 1922 Ἀγεδὴ
796 1852 900 1923 γῆν
945 1854 1125 1924 ἀφεὶς,
1157 1857 1252 1910 καὶ
1286 1856 1356 1910 τὰ
1397 1857 1524 1928 περὶ
1568 1857 1692 1928 γῆν,
1730 1856 1853 1928 πρὸς

2041 1856 2279 1911 XXVIII.
2335 1855 2440 1912 Sed
2488 1859 2600 1930 jam
2662 1864 2824 1919 missa
2881 1865 3019 1922 facta
3075 1877 3241 1936 terra,
3279 1868 3547 1942 rebusque

271 1943 368 1998 τδν
405 1947 547 2015 ἀέρα
592 1948 913 2018 κουφίσθητι
948 1951 1061 2012 τοῖς
1093 1949 1192 2018 τῆς
1228 1949 1464 2010 διανοίας
1497 1952 1734 2020 πτεροῖς,
1774 1950 1864 2002 ἵνα

275 2051 360 2090 σοι
397 2034 523 2087 καθ’
552 2035 668 2088 ὁδὸν
692 2035 720 2086 ὁ
749 2035 905 2104 λόγος
928 2037 1091 2107 προΐῃ
1112 2054 1124 2068 ο
1156 2038 1409 2090 κάκεῖθεν
1436 2039 1615 2104 ἀνάξω
1642 2055 1700 2090 σε
1727 2037 1862 2108 πρὸς

270 2124 343 2177 τὰ
389 2125 637 2195 οὐράνια,
699 2126 793 2178 καὶ
837 2127 924 2178 τὸν
974 2127 1200 2197 οὐρανὸν
1244 2128 1427 2191 αὑτὸν,
1476 2131 1569 2181 καὶ
1617 2128 1687 2182 τὰ
1723 2129 1862 2200 ὑπὲρ

269 2216 528 2288 οὐρανόν.
565 2217 675 2270 Καὶ
704 2221 816 2281 τοῖς
849 2219 977 2290 ἑξῆς
1001 2219 1150 2272 ὀκνεῖ
1174 2221 1274 2290 μὲν
1303 2221 1604 2292 προσϐῆναι
1631 2223 1659 2274 ό
1681 2221 1858 2290 λόγος,

269 2307 649 2380 προσσήσεται
699 2309 756 2362 δὲ
801 2310 953 2380 ὅμως
999 2311 1193 2364 ὁπόσον
1240 2311 1465 2376 ἔξεστιν.
1525 2313 1620 2376 Τίς
1657 2315 1686 2366 6
1731 2313 1860 2384 χέας

270 2400 438 2469 ἀέρα,
469 2400 562 2453 τὸν
604 2401 771 2455 πολὺν
816 2402 1002 2456 τοῦτον
1052 2402 1278 2456 πλοῦτον
1321 2404 1414 2456 καὶ
1461 2404 1718 2473 ἄφθονον,
1759 2407 1859 2460 οὐκ

269 2493 478 2556 ἀξίαις.
506 2494 568 2546 οὐ
592 2493 781 2564 τύχαις
817 2492 1205 2564 μετρούμενον,
1247 2495 1344 2564 οὐχ
1375 2494 1521 2566 ὅροις
1550 2496 1858 2568 κρατούμε-

270 2599 388 2646 νον,
427 2583 527 2654 οὐχ
563 2583 803 2654 ἡλικίαις
841 2584 1213 2655 μεριζόμενον,
1255 2584 1393 2638 ἁλλά
1439 2585 1581 2639 κατά
1626 2587 1720 2658 τὴν
1761 2585 1855 2641 τοῦ

271 2674 455 2744 μάννα
487 2675 747 2747 διανομὴν
771 2716 786 2741 ,
821 2677 1123 2749 αὐταρκείᾳ
1163 2677 1718 2748 περιλαμϐανόμενον,
1759 2681 1854 2732 καὶ

273 2767 555 2839 ἰσομοιρίᾳ
585 2767 926 2839 τιμώμενον;
952 2769 1011 2823 τὸ
1033 2771 1133 2841 τῆς
1162 2771 1371 2840 πτηνῆς
1404 2770 1616 2839 φύσεως
1647 2772 1850 2843 ὄχημα,

275 2859 375 2930 τὴν
391 2859 611 2930 ἀνέμων
644 2860 825 2930 ἕδραν,
846 2861 943 2932 τὴν
961 2861 1120 2930 ὡρῶν
1139 2861 1442 2932 εὐκαιρίαν,
1458 2863 1555 2934 τὴν
1575 2863 1727 2927 ζώων
1748 2863 1852 2933 ψύ-

271 2967 462 3021 χωσιν,
483 2951 686 3023 μᾶλλον
705 2953 762 3004 δὲ
779 2952 878 3023 τῆς
893 2952 1068 3024 ψυχῆς
1092 2953 1227 3024 πρὸς
1242 2953 1302 3006 τὸ
1325 2954 1480 3025 σῶμα
1501 2957 1848 3027 συντήρησιν,

269 3046 330 3097 ἐν
407 3041 659 3114 σώματα,
680 3043 773 3097 καί
801 3043 918 3114 μεθ’
932 3038 993 3097 οὗ
1011 3044 1186 3114 λόγος,
1211 3046 1268 3098 ὲν
1288 3037 1332 3113 ᾧ
1356 3045 1470 3114 φῶς
1494 3046 1587 3100 καὶ
1608 3047 1666 3099 τὸ
1686 3065 1852 3115 φωτι-

1969 1950 2222 2014 terrenis,
2269 1952 2471 2008 indutis
2512 1955 2678 2008 animi
2717 1959 2906 2024 pennis
2957 1960 3011 2018 in
3059 1975 3238 2015 aerem
3288 1964 3542 2028 convola,

1965 2046 2025 2090 ut
2073 2048 2220 2092 recto
2266 2041 2456 2095 ordine
2495 2047 2872 2112 progrediatur
2898 2049 3117 2105 oratio:
3147 2066 3212 2106 ac
3252 2053 3448 2108 deinde
3488 2064 3543 2106 te

1965 2123 2110 2182 illinc
2141 2127 2206 2181 ad
2237 2128 2478 2183 coelestia
2503 2171 2520 2198 ,
2559 2132 2866 2202 coelumque
2911 2140 3048 2192 adeo
3091 2138 3288 2208 ipsum,
3335 2149 3392 2196 et
3419 2154 3543 2210 quae

1963 2215 2102 2271 cmlo
2145 2217 2426 2285 superiora
2468 2228 2615 2286 sunt,
2663 2223 2910 2278 cveham.
2962 2225 3280 2296 Quanquam
3331 2229 3400 2284 ad
3449 2245 3538 2296 ea,

1963 2321 2082 2375 quae
2113 2307 2367 2378 deinceps
2398 2319 2724 2380 sequuntur,
2760 2316 3019 2371 accedere
3066 2316 3266 2386 refugit
3318 2319 3534 2389 quidem

1963 2407 2024 2445 ac
2060 2393 2375 2449 reformidat
2410 2397 2617 2464 oratio;
2659 2400 2752 2453 sed
2801 2410 2979 2456 tamen
3030 2417 3289 2472 quantum
3328 2407 3532 2476 licebit,

1961 2482 2201 2536 accedet.
2233 2481 2364 2548 Quis
2393 2499 2571 2540 aerem
2607 2485 2768 2550 fudit,
2812 2488 3056 2554 uberem,
3097 2491 3348 2560 inquam,
3393 2492 3537 2548 hunc

1959 2581 2014 2625 et
2046 2573 2326 2640 copiosum
2361 2576 2701 2641 thesaurum,
2749 2595 2855 2633 non
2908 2595 3006 2649 pro
3053 2581 3314 2652 cujusque
3362 2584 3536 2654 digni-

1961 2671 2068 2717 tate
2109 2672 2272 2732 atque
2323 2665 2558 2723 fortunis
2609 2669 2759 2724 varie
2806 2670 3136 2738 dimensum,
3177 2689 3284 2728 non
3335 2674 3534 2731 ﬁnibus

1958 2754 2080 2810 ullis
2105 2756 2371 2812 inclusum
2397 2774 2460 2813 ac
2493 2760 2995 2833 circumscriptum,
3030 2779 3135 2820 non
3175 2780 3272 2835 pro
3306 2776 3530 2822 aetatum

1958 2847 2165 2901 ratione
2193 2848 2561 2916 distributum,
2603 2867 2809 2918 verum,
2863 2855 3006 2924 quod
3052 2856 3180 2910 olitn
3231 2857 3286 2910 in
3331 2870 3530 2913 manna

1955 2940 2183 3010 contigit
2221 2941 2288 3007 ",
2355 2953 2614 3010 quantum
2665 2946 2856 3015 cuique
2888 2956 2973 3001 sat
3010 2947 3125 3012 sit,
3177 2941 3528 3016 impertitum,

1955 3039 2116 3100 atque
2161 3033 2541 3102 aequabilitatis
2592 3036 2796 3090 honore
2845 3037 3202 3092 decoratum?
3241 3037 3394 3105 Quis,
3448 3041 3530 3096 in-

268 3131 524 3204 ζόμενον,
552 3134 647 3188 καὶ
675 3137 708 3206 ἡ
742 3135 882 3206 ὄψις,
916 3137 948 3208 ἠ
977 3136 1044 3188 δι’
1073 3136 1239 3190 αὐτοῦ
1283 3137 1480 3208 ῥέουσα
1506 3155 1522 3205 ;
1557 3139 1756 3191 Σκόπει
1792 3139 1847 3193 δέ

1957 3139 2143 3193 quam,
2213 3127 2314 3180 hoc
2371 3127 2550 3182 avium
2621 3127 2959 3194 vehiculum,
3028 3131 3166 3186 hanc
3243 3141 3524 3188 ventorum

270 3191 364 3296 ξιοί
397 3191 596 3280 καὶτὰ
617 3191 744 3296 eiii;
905 3191 1011 3298 γ’ἀρ
1047 3191 1435 3300 συγχωροῦμαι
1467 3191 1544 3299 τῶ
1573 3229 1694 3300 ἁέρι
1727 3191 1848 3284 606-

1957 3191 2164 3284 sedem,
2201 3217 2304 3274 hoc
2329 3219 2680 3286 elementum,
2711 3235 2820 3292 quo
2849 3230 2904 3276 et
2931 3223 3056 3276 anni
3104 3231 3286 3293 partes
3315 3225 3525 3294 tempei

265 3335 356 3370 ναι
381 3316 479 3389 τὴν
510 3317 731 3371 ἃπασαν
762 3319 1076 3373 δυναστείαν
1103 3319 1210 3373 τῶν
1250 3320 1342 3373 τοῦ
1379 3319 1538 3391 ἀέρος
1581 3319 1719 3376 εἶναι
1759 3341 1844 3376 νο-

268 3408 603 3480 μιζομένων.
641 3409 774 3462 Τίνα
809 3409 908 3480 μὲν
950 3410 1167 3480 ἀνέμων
1197 3412 1432 3480 ταμεῖα;
1469 3411 1613 3474 τίνες
1647 3413 1847 3482 θησαυ-

267 3501 354 3570 ροὶ
404 3501 618 3570 χιόνος;
668 3501 765 3562 Τίς
812 3501 868 3553 δὲ
903 3502 1190 3566 ὁτετοκὼς
1237 3502 1442 3573 βώλους
1486 3503 1598 3574 (75)
1628 3503 1842 3575 δρόσου,

260 3591 404 3645 κατὰ
447 3590 510 3644 τὸ
561 3592 942 3663 γεγραμμένον
971 3609 986 3658 ;
1031 3594 1122 3647 Ἐκ
1154 3593 1390 3664 γαστρός
1419 3594 1475 3647 δὲ
1510 3594 1655 3658 τίνος
1687 3598 1843 3650 ἐκπο-

262 3680 483 3752 ρεύεται
525 3681 896 3751 κρύσταλλοςς
955 3682 1048 3745 Τίς
1094 3683 1123 3735 6
1176 3683 1454 3753 δεσμεύων
1503 3683 1644 3754 ὕδωρ
1675 3686 1734 3738 ἐν
1755 3703 1842 3740 νε-

260 3774 476 3843 ιρέλαις,
529 3774 624 3826 καὶ
656 3773 715 3826 τὸ
769 3773 866 3844 μὲν
915 3774 1067 3837 ἱστὰς
1106 3774 1199 3826 ἐπὶ
1225 3774 1333 3826 τῶν
1365 3776 1600 3844 νεφελῶν
1630 3777 1697 3846 (ὦ
1745 3779 1838 3833 τοῦ

258 3862 541 3934 θαύματος
563 3861 606 3932 l)
641 3862 784 3932 λόγῳ
809 3863 1186 3933 κρατουμένην
1223 3863 1382 3932 φύσιν
1410 3864 1520 3934 (74)
1554 3865 1650 3937 τὴν
1679 3869 1838 3936 ῥέου-

257 3971 377 4020 σαν,
428 3954 490 4007 τὺ
525 3953 582 4006 δὲ
623 3954 828 4023 ἐκχέων
875 3954 986 4024 (75)
1023 3955 1116 4007 ἐπὶ
1164 3943 1456 4026 πρόσωπον
1513 3958 1694 4028 πάσης
1737 3959 1837 4030 τῆς

253 4047 376 4118 γῆς,
404 4047 502 4100 καὶ
537 4046 776 4116 σπείρων
823 4046 1050 4117 καιρίως
1092 4046 1184 4099 καὶ
1227 4047 1524 4118 ὁμοτίμως,
1577 4050 1671 4102 καὶ
1714 4049 1833 4102 οὐδὲ

251 4139 432 4206 ἀφιεὶς
467 4138 685 4192 ἃπασαν
716 4138 828 4206 (76)
855 4139 954 4210 τὴν
991 4138 1164 4211 ὑγρὰν
1194 4139 1381 4194 οὐσίαν
1417 4140 1706 4214 ἐλευθέραν
1741 4144 1834 4196 καὶ

1953 3317 2163 3376 rantur,
2199 3318 2253 3364 et
2279 3311 2592 3363 animantur
2620 3311 2952 3377 animantia,
3001 3312 3083 3367 vel
3132 3314 3310 3367 anima
3342 3316 3520 3383 potius

1951 3418 2073 3458 cum
2097 3418 2327 3472 corpore
2357 3414 2735 3472 conservatur,
2773 3406 2825 3458 in
2852 3420 2959 3474 quo
2985 3421 3212 3474 corpora
3236 3449 3250 3472 ,
3279 3415 3334 3461 et
3363 3405 3524 3478 cujus

1937 3496 2050 3564 cpe
2081 3505 2244 3564 atque
2273 3493 2582 3564 adiumento
2632 3495 2926 3564 loquimur,
2981 3497 3032 3550 in
3067 3512 3174 3567 quo
3217 3497 3418 3564 lumen,
3467 3509 3522 3554 et

1946 3603 2032 3643 res
2079 3587 2280 3642 lumine
2341 3586 2602 3657 perfusae,
2666 3600 2830 3656 atque
2882 3587 2996 3658 ipse
3045 3575 3207 3666 etiam
3251 3592 3508 3659 aspectus

1941 3696 2040 3750 per
2069 3695 2189 3736 eum
2219 3680 2429 3735 fluens?
2463 3680 2626 3737 Volve
2663 3682 2773 3751 jam
2818 3682 2998 3736 animo
3028 3697 3091 3736 ea
3120 3697 3237 3753 qua:
3270 3698 3516 3753 sequun-

1944 3784 2028 3827 tur
2063 3790 2076 3826 :
2115 3787 2214 3828 nec
2248 3774 2392 3827 enim
2444 3774 2573 3828 mihi
2605 3774 2683 3830 fas
2715 3784 2798 3829 est
2825 3774 2936 3830 aeri
2974 3775 3284 3830 universum
3328 3775 3515 3829 earum

1940 3879 2120 3917 rerum
2149 3863 2433 3934 imperium
2464 3863 2687 3934 largiri,
2724 3880 2844 3934 quae
2875 3865 3017 3918 aeris
3042 3879 3162 3920 esse
3193 3873 3503 3919 censentur.

1939 3956 2068 4022 Quae
2101 3964 2383 4011 ventorum
2439 3957 2844 4026 promptuaria?
2887 3957 2988 4024 Qui
3040 3956 3180 4012 nivis
3233 3957 3516 4011 thesauri?

1937 4048 2070 4116 Quis
2101 4049 2244 4103 roris
2284 4049 2478 4116 stillas,
2512 4057 2569 4103 ut
2600 4065 2721 4103 cum
2754 4047 3037 4118 Scriptura
3080 4047 3292 4118 loquar,
3344 4063 3511 4118 pepe-

1935 4141 2047 4195 rit?
2095 4139 2137 4194 E
2179 4140 2335 4210 cujus
2385 4150 2540 4195 utero
2591 4139 2792 4210 glacies
2843 4155 3067 4212 egressa
3115 4149 3200 4195 est
3232 4139 3317 4193 9’?
3380 4140 3511 4206 Quis

246 4227 478 4299 ἄσχετον
523 4231 703 4301 (ἀρκεῖ
735 4229 844 4300 γάρ
879 4232 912 4302 ὴ
949 4229 1043 4283 ἐπὶ
1091 4231 1217 4284 Νῶε
1260 4232 1550 4303 κάθαρσις,
1594 4235 1688 4287 καὶ
1733 4235 1833 4306 τῆς

1957 4246 2128 4301 nquam
2162 4232 2214 4286 in
2245 4230 2476 4286 nubibus
2503 4231 2686 4300 alligat
2711 4232 2778 4296 ",
2833 4247 3061 4302 eamque
3089 4231 3154 4300 (ο
3188 4247 3300 4286 rem
3333 4232 3508 4287 admi—

243 4318 440 4371 ἑαυτοῦ
490 4318 755 4390 διαθήκης
793 4319 892 4371 οὐκ
931 4319 1251 4391 ἐπιλήσμων
1297 4323 1326 4375 6
1374 4322 1826 4392 ἀψευδέστατος),

1937 4323 2161 4377 randam
2190 4321 2245 4390 ί)
2273 4323 2468 4392 partim
2501 4322 2554 4378 in
2581 4323 2814 4378 nubibus
2856 4323 2975 4393 ﬁgit
3018 4323 3184 4377 verbo
3221 4313 3504 4390 compresé

239 4410 364 4462 abte
398 4408 611 4480 ἀνέχων
641 4409 1006 4471 παντάπασιν.
1041 4411 1126 4463 ἵνα
1163 4411 1238 4482 μὴ
1268 4412 1429 4466 πάλιν
1473 4413 1654 4469 Ἠλίου
1684 4417 1828 4481 τινὸς

1957 4430 2071 4478 am,
2109 4413 2322 4468 tametsi
2352 4423 2543 4468 natura
2581 4428 2677 4468 sua
2715 4413 2912 4467 ﬂuxam
2945 4423 2998 4468 et
3027 4413 3238 4466 labilem
3260 4451 3274 4476 ,
3306 4413 3502 4480 partim

236 4500 546 4573 δεηθῶμεν,
571 4501 669 4572 τὴν
694 4501 967 4573 ξηρότητα
991 4501 1207 4566 λύοντος
1231 4521 1245 4570 ;
1285 4505 1408 4558 Ἐὰν
1434 4504 1644 4578 κλείσῃ,
1666 4510 1818 4579 φησὶ,

1957 4521 1986 4558 ιι
2025 4505 2189 4558 totius
2234 4513 2392 4558 teme
2439 4503 2630 4557 faciem
2663 4502 2917 4567 eﬂ‘undit,
2955 4516 3018 4556 ac
3071 4502 3390 4569 tempestive
3447 4510 3503 4556 et

235 4595 327 4648 τὸν
358 4594 612 4666 οὐρανὸν,
659 4595 742 4657 τίς
788 4593 1026 4659 ἀνοίξει;
1070 4593 1164 4647 ἐὰν
1204 4594 1259 4647 δὲ
1297 4595 1486 4668 ἀνοίξῃ
1528 4597 1656 4661 τοὺς
1693 4615 1825 4651 κατ-

1957 4595 2121 4665 3quali
2159 4595 2318 4649 modo
2354 4595 2561 4663 spargit
2589 4611 2603 4648 :
2630 4609 2695 4650 ac
2741 4607 2917 4662 neque
2963 4593 3240 4648 humidam
3283 4607 3502 4648 omnem

239 4686 530 4758 αράκτας,
569 4685 654 4749 τίς
700 4685 947 4750 συνέξει;
984 4685 1067 4750 τίς
1109 4687 1242 4740 οἴσει
1273 4687 1370 4760 τὴν
1419 4689 1505 4741 ἐπ’
1539 4689 1822 4762 ἀμφότερα

1963 4687 2294 4742 ubstantiam
2356 4685 2580 4742 liberam
2613 4696 2666 4742 et
2699 4686 2928 4742 solutam
2963 4685 3220 4756 relinquit
3267 4683 3503 4755 (suﬂicit

232 4778 329 4831 τοῦ
361 4779 670 4843 ὑετίξοντος
711 4777 1000 4848 ἀμετρίαν,
1046 4777 1143 4831 ἐὰν
1196 4779 1270 4851 μὴ
1317 4782 1431 4844 τοῖς
1486 4779 1678 4834 ἑαυτοῦ
1725 4783 1821 4852 μέ-

1963 4781 2072 4835 nim
2139 4780 2388 4851 purgatio
2434 4780 2563 4847 illa,
2626 4796 2744 4850 quae
2794 4791 3034 4852 tempore
3083 4779 3196 4836 Noe
3250 4779 3498 4851 contigit,

206 4887 382 4939 ,τροις
418 4871 516 4924 καὶ
567 4870 847 4942 σταθμοῖς,
894 4871 1191 4944 διεξαγάγῃ
1234 4871 1345 4942 (77)
1375 4871 1445 4926 τὰ
1489 4872 1815 4944 adparatum;

1957 4873 2178 4942 iactique
2207 4873 2288 4928 sui
2321 4873 2369 4904 ⁸⁸
2400 4873 2716 4928 memoriam
2751 4874 3158 4944 haudquaquam
3186 4873 3228 4926 is
3258 4870 3452 4939 abjccit
3481 4911 3498 4938 ,

231 4964 298 5017 Τί
334 4981 426 5034 μοι
457 4961 847 5034 φιλοσοφήσεις
873 4965 1003 5035 περὶ
1029 4963 1326 5036 ἀστραπῶν
1358 4965 1452 5017 καὶ
1483 4963 1744 5036 βροντῶν,
1774 4957 1820 5017 ὦ

1957 4965 2017 5034 ‘ui
2065 4965 2134 5020 ab
2173 4964 2321 5020 omni
2366 4965 2644 5020 mendacio
2676 4975 2758 5020 est
2785 4964 3203 5034 alienissimus),
3241 4978 3340 5019 nec
3377 4978 3499 5019 rur-

234 5052 472 5125 βροντῶν
519 5052 630 5106 ἀπὸ
656 5053 762 5124 γῆς
803 5054 890 5120 σὺ,
948 5054 1042 5109 καὶ
1095 5053 1216 5108 οὐδὲ
1271 5057 1484 5126 μικροῖς
1523 5055 1818 5130 σπινθῆρσι

1957 5069 2019 5111 us
2067 5056 2287 5112 omnino
2315 5054 2545 5124 inhibet,
2586 5069 2652 5110 ne
2693 5055 2888 5110 iterum
2944 5055 3058 5110 Elia
3096 5055 3328 5125 qundam
3357 5069 3493 5126 opus

301 5207 470 5264 "Job
501 5223 654 5273 xxvr,
709 5207 796 5261 10.
881 5207 926 5240 ⁹¹
977 5207 1147 5262 Exod.
1183 5221 1298 5282 x-vr,
1329 5207 1395 5262 18
1432 5221 1586 5280 seqq.
1662 5209 1708 5242 ⁹²
1737 5209 1836 5266 Job

1957 5226 2095 5276 tvm,
2132 5209 2223 5279 28,
2250 5210 2341 5268 29.
2417 5210 2463 5245 "
2490 5209 2634 5266 Psal.
2669 5225 2894 5277 cxxnv,
2937 5211 2986 5266 7.
3063 5212 3109 5245 ἰ
3131 5210 3268 5268 Gen.
3297 5227 3372 5276 Ix,
3402 5211 3490 5267 12.

298 5366 414 5438 (Ἡ)
447 5364 780 5438 Ποταμῶν
799 5364 892 5438 Sic
910 5364 1069 5438 codd.
1098 5362 1155 5418 In
1179 5363 1293 5426 Ωιι..
1324 5365 1621 5438 ποταμούς.

1968 5364 2104 5438 (75)
2154 5364 2430 5438 Ἐκχέωνκ
2454 5363 2547 5420 Sic
2575 5363 2684 5420 duo
2713 5363 2907 5437 liegg.,
2944 5365 3038 5424 0r.
3075 5367 3099 5421 I
3131 5374 3185 5421 et
3205 5365 3395 5421 Comb.
3429 5368 3489 5422 In

298 5433 414 5522 (72)
701 5455 723 5489 ι
751 5435 1047 5518 ᾼΙίιιιοιιίε.
1078 5453 1098 5486 ι
1125 5449 1235 5522 non
1255 5449 1359 5504 qua
1385 5433 1601 5488 alantur
1631 5448 1807 5503 aqua,

1957 5433 2286 5522 ἀέιξεειέρνῖ
2368 5521 2372 5522 ,
2467 5503 2578 5522 ..η
2642 5504 2742 5522 ..κέ
3441 5505 3455 5520 .

230 5503 457 5578 ntiqua
483 5503 879 5578 res'aliasipsae
907 5520 1061 5578 aqua:
1089 5503 1289 5578 ιιιυηεί
1361 5575 1374 5578 _
1455 5572 1473 5578 _
1617 5574 1630 5578 _
1727 5573 1779 5578 __

1987 5506 2100 5578 (76)
2123 5503 2434 5578 '"Axao'ar.
2467 5503 2600 5575 Reg.
2640 5504 2826 5576 Cypr.,
2863 5505 3056 5575 ἅπασι,
3077 5505 3252 5576 quasi,
3285 5505 3492 5562 παντά-

297 5572 412 5646 (73)
451 5575 719 5642 Βὼλους.
771 5572 867 5631 Sic
906 5572 1070 5642 LXX,
1110 5585 1167 5630 et
1206 5573 1302 5630 0r.
1351 5575 1407 5630 1.
1455 5572 1512 5629 ln
1565 5574 1680 5642 θα..
1722 5573 1810 5645 βό-

1957 5572 2088 5639 ηασιζ
2106 5594 2125 5626 ι
2163 5577 2408 5646 omnino,
2435 5572 2735 5646 prqfsusfi

230 5644 404 5726 λθτέξπζ
467 5717 528 5726 -.
695 5716 730 5726 ..
866 5717 899 5726 -.
1111 5715 1124 5726 .
1251 5714 1263 5726 .
1725 5644 1732 5645 ί

1985 5647 2096 5719 (77)
2134 5644 2482 5719 Διεξαγάγῃ.
2512 5645 2644 5720 Reg.
2676 5662 2728 5715 a,
2755 5656 2810 5706 et
2830 5647 2924 5706 0r.
2954 5648 3006 5715 I,
3031 5645 3274 5726 διεξάγῃ.
3373 5699 3379 5706 .

299 5714 409 5786 (74)
448 5717 660 5772 Φύσιν.
695 5716 826 5788 Reg.
860 5717 1049 5788 Cypr..
1073 5715 1171 5787 τὴν
1195 5714 1376 5784 φύσιν.
