4038 6338
475 336 546 394 67
1687 334 1746 390 Β.
1787 327 2117 391 GREGOBll
2155 323 2508 389 THEOLOGI
3667 329 3739 384 68

478 447 793 514 habeamus,
855 447 948 517 qui
999 445 1300 502 siccitatem
1353 443 1518 517 519
1581 445 1813 515 depellat
1842 448 1924 501 "1'
1984 447 2041 502 Si

2173 443 2250 514 γῆς
2275 444 2534 515 ἀληθείας
2557 443 2909 515 λαμπόμενε;
2934 442 3099 507 Τίνας
3128 441 3341 514 ἀτμοὺς
3361 442 3468 496 ἀπὸ
3491 443 3592 512 γῆς
3629 438 3736 513 ,78)

475 539 732 595 clauserit
759 539 956 594 etelum
1003 539 1075 606 “,
1112 538 1286 608 inquit
1317 536 1592 608 Scriptura
1617 577 1632 606 ,
1653 541 1774 610 quis
1804 539 2049 610 aperiet?

478 628 536 685 Si
564 639 742 685 autem
777 637 1078 684 cataractas
1107 629 1380 699 aperuerit
1419 629 1500 694 ⁸⁷,
1550 631 1672 698 quis
1715 629 2050 684 continebit?

476 719 608 786 Quis
656 720 797 774 enim
855 718 1220 785 immodicam,
1278 718 1364 772 vel
1414 719 1670 788 pluviam,
1725 721 1802 774 vel
1855 721 2045 789 pluvia:

475 811 832 866 retentionem
863 809 1048 876 ferret,
1082 811 1186 864 nisi
1218 809 1309 864 ille
1346 810 1542 880 pluviae
1573 826 1772 880 parens
1801 811 1868 876 ",
1895 827 2050 866 men-

475 902 620 957 suris
646 902 758 956 suis
788 916 853 957 ac
891 901 1193 956 bilancibus
1222 903 1404 956 omnia
1433 910 1641 973 regeret
1675 916 1738 957 ac
1781 903 2054 973 guberna-

478 995 604 1050 ret?
647 993 818 1060 Quam
869 1007 1000 1047 vero
1049 991 1310 1046 rationem
1354 991 1551 1048 afferes
1599 994 1665 1047 de
1710 991 1954 1062 fulgetris
1989 1007 2052 1048 ac

477 1086 750 1152 tonitruis,
807 1092 882 1149 tu,
940 1084 1185 1151 inquam,
1234 1083 1330 1152 qui
1363 1099 1394 1138 e
1427 1094 1569 1138 terra
1618 1091 1800 1148 tonas,
1861 1098 1926 1138 ac
1985 1098 2053 1139 ne

477 1176 807 1232 tenuissimis
860 1174 1076 1244 quidem
1133 1173 1380 1229 veritatis
1433 1173 1683 1244 igniculis
1725 1173 1943 1245 fulges?
1992 1174 2049 1228 lu

476 1281 610 1336 quos
641 1278 866 1334 Vapores
905 1278 935 1317 a
983 1272 1128 1316 terra
1179 1263 1458 1342 excitatos
1496 1263 1655 1332 hujus
1696 1262 1770 1318 rei
1832 1277 2051 1318 causam

477 1355 742 1423 conteres,
771 1370 970 1425 eosque
998 1353 1315 1408 nebularum
1339 1343 1594 1424 parentes
1617 1362 1672 1408 et
1703 1353 1845 1408 velut
1871 1353 2048 1408 archi-

477 1454 649 1502 tectos
686 1461 803 1502 esse
840 1447 1154 1508 contendes,
1201 1446 1492 1499 autetiam
1544 1445 1687 1499 aeris
1741 1445 2049 1500 condensa-

2160 533 2379 604 αἰτιάσῃ
2439 533 2632 603 νέφους
2691 533 3084 606 δημιουργοὺς,
3134 528 3168 604 ἢ
3222 529 3378 604 ἀέρος
3459 533 3738 589 πύκνωσίν

2162 639 2305 686 τινα,
2340 623 2372 693 ἢ
2407 624 2584 694 νεφῶν
2613 625 2722 678 τῶν
2775 624 3105 695 μανωτάτων
3149 624 3346 695 θλίψιν,
3374 624 3408 696 ἢ
3451 624 3734 696 σύρῤηξιν,

2163 714 2306 784 ἴναή
2345 715 2443 785 μὲν
2483 715 2660 786 θλίψις
2697 735 2778 769 σοι
2810 717 2909 788 τὴν
2942 717 3252 788 ἀστραπὴν,
3293 716 3328 787 ἡ
3361 717 3418 770 δέ
3450 717 3603 788 ῥῆξις
3639 717 3738 790 τὴν

2165 807 2393 879 βροντὴν
2420 809 2798 879 ἀπεργάσηται
2824 827 2839 876 ;
2867 811 3017 862 ποῖον
3045 808 3102 861 δὲ
3134 806 3350 878 πνεῦμα
3369 807 3736 880 στενοχωρού-

2166 915 2347 970 μενον,
2378 893 2496 951 εἶτα
2527 900 2626 952 ούκ
2660 899 2782 968 ἕχον
2828 897 3080 962 διέξοδον,
3123 897 3211 950 ἵνα
3265 897 3516 968 ἀστράψῃ
3561 898 3741 950 θλιϐό-

2165 1005 2345 1059 μενον,
2368 989 2462 1042 καὶ
2482 988 2749 1060 βροντήσῃ
2769 988 3104 1060 ῥηγνύμενον
3123 1006 3138 1054 ;
3159 989 3220 1041 El
3246 990 3336 1041 τὸν
3362 990 3497 1060 ἀέρα
3525 989 3740 1066 διῆλθες

2161 1079 2240 1148 τῷ
2284 1079 2548 1149 λογισμῷ,
2601 1081 2693 1133 καὶ
2730 1081 2829 1134 ὅσα
2879 1081 3007 1151 ’περὶ⁸
3055 1080 3212 1152 ἀέρα,
3254 1079 3458 1148 ψαῦσον
3507 1080 3604 1150 ἤδη
3642 1080 3741 1132 σὺν

2163 1171 2288 1240 ἐμοὶ
2315 1171 2410 1222 καὶ¹
2441 1171 2500 1224 ού
2511 1171 2669 1243 ρανοῦ
2697 1170 2920 1224 καὶτῶν
2945 1171 3231 1244 οὐρανίων.
3260 1169 3450 1235 Πίστις
3475 1171 3533 1226 δὲ
3559 1172 3741 1240 ἀγέτω

2163 1261 2323 1316 πλέον
2367 1263 2582 1333 ήμᾶςῆ
2634 1263 2810 1333 λόγος,
2855 1264 3012 1337 εἴπερ
3054 1263 3254 1335 ἔμαθες
3305 1263 3364 1317 τὸ
3409 1263 3630 1326 aqua;
3679 1264 3740 1317 ἐν

2159 1355 2272 1417 τοῖς
2297 1355 2596 1426 ἐγγυτέρω,
2619 1357 2714 1408 καὶ
2741 1355 2897 1424 λόγον
2929 1356 3122 1424 ἔγνως,
3153 1355 3233 1425 τῷ
3263 1354 3463 1424 γνῶναι
3494 1356 3564 1409 τὰ
3595 1354 3737 1426 ὑπὲρ

2159 1444 2340 1513 λόγον,
2374 1447 2460 1498 ἵνα
2509 1446 2582 1516 μὴ
2626 1447 2904 1512 παντελῶς
2953 1447 3191 1516 ἐπίγειος
3230 1444 3318 1520 ᾖς,
3352 1448 3387 1520 ἤ
3437 1447 3736 1520 περίγειος,

479 1537 681 1592 tionem
721 1538 1032 1607 quamdam,
1074 1534 1158 1589 vel
1190 1535 1590 1590 rarissimarum
1624 1534 1844 1588 nubium
1893 1549 2043 1588 com-

2173 1537 2366 1605 ιγνοῶν
2389 1538 2482 1591 καὶ
2505 1537 2636 1591 αύτὺ
2664 1539 2842 1603 τοῦτο,
2873 1538 2970 1610 τὴν
2997 1539 3238 1608 ἄγνοιαν.

475 1628 808 1698 pressionem
844 1636 898 1682 et
931 1626 1220 1693 lragorem,
1254 1632 1312 1678 ut
1345 1622 1682 1693 compressio
1711 1623 1924 1690 quidem
1949 1621 2036 1675 illa
2072 1623 2270 1694 fulgur,
2302 1624 2484 1695 fragor
2511 1636 2687 1680 autem
2717 1628 3008 1681 tonitruum
3055 1627 3146 1682 tibi
3177 1629 3384 1696 pariat?
3439 1628 3741 1696 Quemnam

475 1720 638 1775 etiam
699 1716 883 1772 ﬂatum
953 1716 1232 1772 astrictum
1303 1727 1467 1784 atque
1527 1728 1931 1782 compressum,
1993 1727 2057 1767 ac
2113 1725 2299 1783 postea
2361 1717 2506 1771 exitu
2561 1729 2878 1786 carentem,
2940 1729 2998 1773 ut
3043 1723 3097 1774 et
3170 1721 3570 1790 compressione
3621 1721 3739 1788 ipsa

475 1811 655 1882 fulgur
684 1851 700 1878 ,
745 1822 800 1865 et
851 1812 1193 1882 perruptione
1245 1810 1540 1865 tonitruum
1597 1806 1942 1874 edat?-Quod
1983 1808 2026 1862 si
2067 1823 2246 1864 aerem
2289 1825 2552 1882 aereaque
2581 1813 2759 1868 omnia
2794 1815 3120 1887 cogitatione
3164 1814 3482 1885 peragrasti,
3529 1830 3739 1870 mecum

471 1904 582 1979 jam
619 1907 812 1962 coelum
877 1921 1087 1975 quoque
1149 1921 1215 1960 ac
1277 1903 1516 1961 caeletia
1563 1903 1833 1972 continge.
1875 1903 2142 1968 Caeterum
2187 1904 2374 1960 ducem
2435 1907 2613 1977 potius
2647 1908 2831 1976 ﬁdem,
2895 1924 3055 1980 quam
3121 1910 3384 1964 rationem
3425 1922 3739 1978 sequamur,

477 2000 522 2052 si
567 1997 722 2054 modo
761 1997 955 2067 ingenii
995 1997 1067 2051 tui
1111 1997 1528 2051 imbecillitatem
1563 1995 1615 2050 in
1685 1994 2156 2065 pr0pinqnioribus
2183 1995 2458 2060 didicisti,
2516 2001 2848 2069 rationisque
2877 1999 2929 2054 id
2958 2015 3080 2056 esse
3111 2000 3428 2070 cogn..visti,
3471 2011 3550 2064 ιιι,
3596 2015 3745 2067 qna:-

478 2109 603 2149 nam
631 2102 862 2154 suntea,
929 2106 1047 2161 quae
1083 2093 1307 2146 rationis
1351 2091 1600 2149 humanae
1664 2100 1880 2159 captum
1916 2091 2199 2154 extedant,
2238 2106 2568 2162 cognoscas;
2611 2108 2680 2149 ne
2718 2095 2917 2166 alioqui
2965 2110 3187 2166 prorsus
3238 2105 3483 2151 terrenus
3520 2095 3613 2160 sis,
3655 2109 3745 2149 re-

479 2187 686 2256 busque
741 2184 970 2238 terrenis
1025 2183 1336 2246 immersus,
1386 2197 1556 2252 ipsam
1617 2195 1829 2251 quoque
1862 2179 2218 2250 ignorantiam
2255 2193 2398 2236 tuam
2439 2183 2719 2254 ignorans.

532 2343 742 2402 ιΧΧΙΧ.
791 2347 924 2414 Quis
952 2326 1146 2402 cmlum
1181 2347 1500 2417 circumegit
1520 2362 1583 2402 ac
1614 2347 2044 2412 tornavit‘lQuis

477 2439 663 2496 stellas
691 2439 879 2494 ordine
927 2438 1248 2494 collocavit?
1283 2439 1394 2492 Itno
1425 2453 1572 2504 vero,
1639 2449 1696 2492 ut
1732 2453 1849 2506 qna:
1876 2439 2054 2508 priora

479 2539 606 2586 sunt
638 2529 836 2594 dicam,
877 2527 1006 2597 quid
1061 2526 1258 2581 emittm
1296 2527 1469 2594 ipsum
1511 2525 1626 2579 est?
1661 2523 1800 2590 Quid
1839 2523 2054 2578 stellati

2225 2341 2352 2398 KG)’.
2395 2343 2490 2407 Τίς
2530 2347 2864 2418 περιήγαγεν
2924 2344 3183 2416 οὐρανὸν,
3232 2342 3416 2404 ἔταξεν
3466 2341 3740 2414 ἀστέρας;

2159 2435 2358 2505 μᾶλλον
2391 2434 2447 2487 δὲ
2471 2435 2602 2506 (79),
2645 2436 2695 2487 τί
2727 2436 2830 2506 πρὸ
2859 2435 3058 2488 τούτων
3091 2434 3320 2506 οὐρανὸς
3363 2431 3452 2486 καὶ
3489 2433 3742 2500 ἀστέρες,

2156 2528 2296 2598 ἔχοις
2321 2528 2387 2580 ἂν
2421 2528 2615 2587 εἰπεῖν,
2652 2530 2680 2581 ὁ
2717 2527 3008 2599 μετέωρος,
3041 2529 3070 2579 ό
3114 2526 3183 2580 τὰ
3224 2529 3280 2579 ἐν
3321 2527 3481 2578 ποσὶν
3507 2525 3743 2593 ἀγνοῶν,

481 2626 565 2680 An
599 2622 782 2678 dicere
807 2622 910 2676 hoc
938 2630 1114 2690 potes,
1165 2633 1198 2672 0
1230 2618 1477 2674 sublimis
1529 2617 1860 2686 disputator;
1919 2616 2012 2687 qui
2041 2656 2058 2682 ,

2173 2619 2251 2673 tati.
2281 2620 2401 2672 οὐδὲ
2434 2619 2658 2672 σεαυτὸν
2712 2620 2979 2691 μετρῆσαι
3031 2618 3346 2689 δυνάμενος,
3391 2616 3459 2669 τὰ
3497 2616 3554 2669 δὲ
3602 2615 3748 2684 ὑπὲρ

481 2726 605 2766 cum
637 2725 722 2773 ea,
751 2723 870 2779 qum
899 2717 1022 2762 ante
1063 2711 1229 2777 pedes
1271 2716 1390 2762 tuos
1421 2715 1578 2773 sunt,
1607 2705 1846 2776 ignores,
1893 2721 1963 2760 ac
1994 2721 2060 2761 ne

2173 2703 2260 2779 τὴν
2297 2711 2392 2782 σὴν
2424 2711 2584 2780 φύσιν
2614 2709 3107 2783 πολυπραγμονῶν,
3145 2711 3239 2764 καὶ⁸
3279 2709 3524 2780 κεχηνὼς
3552 2710 3634 2771 εἰς
3675 2708 3752 2762 τὰ

484 2814 539 2857 te
559 2801 732 2872 ipsum
757 2799 973 2870 quidem
1004 2800 1182 2854 metiri
1212 2814 1402 2869 queas,
1427 2814 1490 2853 ea
1520 2808 1723 2864 tamen,
1751 2814 1870 2867 qua:
1901 2810 2054 2852 natu-

482 2908 602 2949 ram
635 2900 782 2947 tuam
813 2900 1092 2960 superant,
1119 2891 1331 2946 curiose
1354 2891 1736 2961 perscrutaris,
1769 2889 2054 2960 biantique

482 3001 578 3041 ore
614 2986 665 3040 in
694 2999 778 3051 ea,
809 2997 929 3053 quae
946 2997 1254 3038 mensuram
1282 2995 1496 3036 onmem
1519 2981 1808 3048 excedunt,
1842 2981 2052 3035 incont-

482 3078 604 3135 bis?
650 3075 722 3132 Ut
751 3075 896 3130 enim
931 3071 1026 3128 tibi
1061 3072 1377 3140 concedam,
1429 3083 1480 3128 te
1525 3073 1685 3127 orbes
1733 3087 1796 3127 ac
1833 3085 2058 3127 conver-

485 3170 688 3236 siones,
717 3165 1058 3222 accessiones
1085 3163 1248 3220 etiam
1283 3174 1338 3218 et
1368 3163 1741 3230 recessiones,
1775 3170 2058 3232 perceptas

485 3227 708 3325 habere,
741 3259 872 3314 solis
907 3257 1070 3312 etiam
1102 3265 1155 3310 et
1191 3255 1428 3309 siderum
1461 3265 1705 3316 exortus,
1729 3227 2066 3323 gradusque
2093 3227 2136 3287 θ

485 3353 769 3425 quosdam,
803 3360 858 3405 ct
891 3349 1168 3412 minutias,
1199 3354 1506 3416 cmteraque
1542 3347 1750 3411 omnia,
1787 3345 1984 3414 quibus
2015 3356 2069 3398 tu

485 3445 741 3503 eximiam
771 3451 914 3497 tuam
947 3439 1229 3496 scientiam
1267 3438 1555 3508 magniﬁce
1601 3437 1798 3502 eﬂcrs;
1830 3435 2067 3490 nondum

487 3549 666 3594 tamen
729 3537 830 3598 hoc
879 3542 1026 3589 certa
1072 3547 1255 3587 rerum
1306 3529 1724 3597 comprehensio
1784 3537 1903 3592 est,
1972 3528 2069 3582 sed

487 3637 668 3682 motus
698 3623 976 3694 cujusdam
1002 3622 1314 3677 observatio
1336 3657 1351 3684 ,
1382 3632 1502 3687 quae
1538 3617 1864 3671 diuturniori
1906 3630 2065 3671 exer-

489 3714 745 3772 citatione
765 3715 1100 3778 contirmata,
1127 3717 1478 3780 posteaquam
1505 3721 1589 3770 ea,
1616 3719 1738 3774 qua:
1761 3723 1789 3758 a
1819 3704 2069 3774 pluribus

487 3807 771 3864 observata
800 3815 947 3870 sunt,
988 3804 1042 3858 in
1077 3818 1243 3857 unum
1279 3799 1518 3868 collegit,
1562 3811 1625 3852 ac
1659 3795 1852 3852 deinde
1891 3795 2062 3850 ratio-

487 3914 609 3956 nem
635 3913 819 3954 eorum
853 3895 1197 3968 excogitavit,
1232 3893 1307 3948 ita
1341 3893 1558 3945 demum
1599 3890 1840 3943 scientiae
1871 3905 2064 3944 nomen

487 4001 572 4048 est
599 4004 918 4056 consecuta;
973 3985 1426 4060 quemadmodum
1464 3982 1603 4035 lunae
1642 3980 1976 4046 affectiones,
2010 3980 2062 4034 in

488 4085 782 4140 multorum
815 4081 1064 4136 notitiam
1095 4090 1312 4140 venere,
1339 4075 1429 4143 qui
1459 4071 1700 4128 scientia:
1733 4071 2054 4140 principium

486 4177 554 4232 ab
600 4175 771 4232 oculis
822 4176 1170 4239 acceperunt.
1215 4167 1285 4220 At
1332 4179 1460 4220 vero
1502 4164 1546 4219 si
1604 4164 1804 4234 insigni
1860 4163 2052 4217 harqu

485 4282 666 4324 rerum
697 4265 1004 4336 cognitione
1055 4266 1351 4314 tristructus
1377 4272 1436 4311 es
1462 4295 1478 4321 ,
1519 4263 1682 4325 atque
1709 4255 1912 4325 optimo
1941 4255 2062 4322 jure

486 4361 542 4416 in
578 4357 940 4415 admiratione
972 4365 1094 4408 esse
1125 4351 1333 4414 studes,
1371 4347 1536 4418 520
1567 4347 1655 4402 dic
1697 4361 1817 4415 quae
1859 4346 2064 4400 ordinis

487 4455 647 4525 bnjus
684 4460 970 4516 motusque
1015 4457 1181 4498 causa
1217 4439 1324 4497 sit?
1365 4439 1517 4495 Unde
1567 4438 1669 4493 hoc
1722 4438 1921 4492 habeat
1961 4438 2062 4503 sol,

2169 2806 2412 2874 ἀμετρα;
2443 2804 2622 2855 Ἔστω
2647 2803 2754 2874 γάρ
2799 2820 2857 2856 σε
2896 2802 3149 2864 κύκλους,
3183 2801 3278 2854 καὶ
3317 2801 3618 2872 περιόδους,
3650 2799 3750 2852 καὶ

2171 2894 2566 2964 πλησιασμοὺς,
2596 2893 2689 2945 καὶ
2720 2892 3099 2965 ἀποχωρήσεις
3131 2890 3244 2962 (80)
3283 2889 3746 2960 καταλαμϐάνειν,

2171 2983 2444 3048 ἐπιτολὰς,
2488 2984 2581 3036 καὶ
2612 2982 2904 3048 ἀνατολὰς,
2937 2983 3032 3036 καὶ⁹
3079 2983 3273 3053 μοίρας
3313 2980 3486 3045 τινάς,
3532 2981 3628 3033 καὶ
3661 2979 3751 3031 λε-

2173 3076 2464 3147 πτότητας,
2501 3077 2596 3129 καὶ⁸
2633 3078 2778 3140 ὅσοις
2810 3076 2873 3128 σὺ
2919 3077 3018 3146 τὴν
3058 3073 3368 3144 θαυμασίαν
3406 3091 3499 3126 σου
3544 3074 3754 3145 ταύτην

2171 3169 2482 3238 ἐπιστήμην
2510 3167 2903 3238 ἀποσεμνύνεις
2919 3185 2932 3198 ο
2964 3167 3116 3221 οὔπω
3138 3167 3298 3220 τοῦτο
3317 3166 3616 3236 κατάληψις
3640 3167 3754 3219 τῶν

2169 3258 2337 3312 ὄντων
2390 3259 2557 3323 ἐστὶν,
2622 3259 2758 3312 ἀλλά
2811 3258 3076 3330 κινήσεώς
3119 3275 3262 3322 τινος
3315 3259 3662 3328 ἐπιτήρησις,
3717 3259 3754 3330 ἢ

2171 3350 2375 3404 πλείονι
2404 3349 2681 3422 γυμνασίᾳ
2711 3349 3092 3420 βεϐαιωθεῖσα,
3134 3352 3228 3404 καὶ
3266 3352 3344 3414 είς
3373 3349 3435 3404 ἓν
3469 3349 3760 3420 ἀγαγοῦσα

2167 3441 2235 3496 τά
2257 3442 2560 3514 τηρηθέντα
2591 3443 2852 3509 πλείοσιν,
2887 3438 3006 3496 εἶτα
3044 3443 3201 3512 λόγον
3224 3444 3580 3514 ἐπινοήσασα.
3617 3445 3746 3496 ἐπι-

2169 3535 2350 3604 στήμη
2382 3534 2796 3604 προσηγορεύθη
2823 3549 2840 3565 ⁸
2882 3533 3071 3606 ὥσπερ
3107 3535 3176 3588 τὰ
3214 3537 3342 3606 περὶ
3376 3535 3608 3606 σελήνην
3644 3553 3758 3588 πα-

2170 3621 2390 3692 θήματα
2414 3623 2548 3692 (8|),
2577 3622 2830 3695 γνώριμα
2867 3623 3060 3693 γέγονε
3087 3628 3201 3690 τοῖς
3233 3624 3467 3691 πολλοῖς,
3501 3627 3602 3697 τὴν
3630 3625 3762 3696 ὄψιν

2175 3711 2350 3782 ἀρχὴν
2375 3712 2609 3767 λαϐόντα
2636 3714 2735 3782 τῆς
2761 3715 3035 3782 γνώσεως.
3077 3719 3149 3770 Σὺ
3179 3714 3256 3781 δέ,
3295 3719 3342 3770 εί
3378 3716 3498 3770 λίαν
3530 3718 3766 3787 ἐπιστή-

2177 3819 2292 3874 μων
2329 3798 2380 3855 εἴ
2419 3803 2644 3869 τούτων,
2688 3805 2782 3857 καὶ
2835 3805 3060 3870 δικαίως
3111 3807 3294 3878 ζητεῖς
3349 3807 3761 3879 θαυμάζεσθαι,

2171 3893 2293 3946 εἰπὲ
2325 3892 2462 3964 τίςή
2494 3895 2593 3964 τῆς
2625 3895 2831 3962 τάξεως
2862 3898 3012 3950 αἰτία
3040 3898 3132 3951 καὶ
3159 3899 3260 3968 τῆς
3299 3900 3588 3970 κινήσεως.
3649 3900 3765 3952 Ilo-

2173 3984 2264 4038 θεν
2299 3985 2450 4055 ἥλιος
2475 3990 2789 4060 φρυκτωρεῖ
2816 3990 2964 4061 πάσῃ
2989 3993 3053 4062 τῇ
3082 3992 3395 4062 οἰκουμένῃ,
3427 3992 3524 4045 καλ⁸
3549 3991 3762 4055 πάσαις

2173 4081 2378 4152 ὂψεσιν,
2431 4081 2622 4154 ὥσπερ
2673 4082 2836 4154 χοροῦ
2889 4101 3032 4147 τινος
3073 4086 3388 4154 κορυφαῖος,
3427 4082 3588 4136 πλέον
3631 4086 3765 4148 τοὺς

2174 4173 2366 4237 ἄλλους
2421 4173 2657 4244 ἀστέρας
2715 4175 3081 4246 ἀποκρύπτων
3140 4176 3476 4247 φαιδρότητι,
3531 4176 3565 4246 ἦ
3613 4193 3766 4239 τινες

2173 4266 2395 4319 ἐκείνων
2421 4265 2674 4338 ἐτέρους;
2712 4265 3009 4330 Ἀπόδειξις
3041 4266 3116 4330 δὲ,
3149 4269 3196 4319 οἱ
3236 4267 3332 4336 μὲν
3375 4267 3763 4336 ἀντιλάμποι»-

2177 4373 2280 4422 σιν,
2313 4359 2341 4410 ό
2366 4358 2423 4410 δὲ
2458 4357 2825 4429 ύπερλάμπει,
2857 4358 2950 4410 καὶ
2981 4359 3102 4410 οὐδὲ
3135 4360 3216 4411 ὅτι
3249 4358 3664 4428 συνανίσχουσιν
3695 4361 3767 4429 ἐᾷ

2174 4444 2558 4516 γνωρίζεσθαι,
2592 4445 2756 4508 καλὸς
2793 4445 2868 4508 ὡς
2895 4446 3146 4516 νυμφίος,
3178 4449 3346 4517 ταχὺς
3371 4447 3446 4508 ὡς
3469 4448 3631 4516 γίγας
3663 4450 3767 4500 καὶ

487 4554 546 4600 ιιι
571 4545 688 4600 orbi
714 4542 990 4602 universo,
1024 4550 1089 4590 ac
1113 4534 1356 4590 omnium
1382 4531 1557 4587 oculis
1583 4573 1598 4598 ,
1632 4539 1888 4598 tanquam
1914 4530 2060 4584 chori

2175 4536 2347 4607 μέγας
2375 4537 2516 4606 (ούδέ
2553 4535 2664 4607 γὰρ
2703 4536 2968 4607 ἀνέχομαι
3003 4536 3278 4608 ἄλλοθενῆ
3315 4541 3424 4601 τοῖς
3450 4541 3606 4608 ἐμοῖς
3630 4540 3767 4592 τοῦ-

487 4636 768 4708 cujusdam
803 4631 1141 4700 corypltmtts,
1178 4625 1490 4697 praeluceat,
1535 4621 1712 4677 sidera
1745 4621 1849 4674 alia
1885 4620 2064 4690 Splen-

488 4732 619 4784 dore
647 4740 747 4781 suo
793 4722 966 4792 magis
992 4721 1313 4782 obscuratis,
1361 4725 1522 4784 atque
1568 4712 1867 4775 occultans,
1902 4726 2062 4781 quam

487 4817 735 4890 qnatdam
774 4813 986 4868 illorum
1014 4812 1081 4865 ab
1112 4809 1234 4863 aliis
1261 4806 1642 4862 obducantur?
1667 4803 1830 4871 Cujus
1863 4803 1940 4858 rei
1961 4802 2066 4859 hoc

491 4912 870 4977 argumentum
906 4910 1008 4964 est,
1037 4901 1179 4968 quod
1225 4913 1348 4952 cum
1375 4912 1438 4952 ea
1480 4895 1625 4950 velut
1667 4895 1913 4948 certatim
1961 4893 2066 4948 ful-

489 5004 672 5070 geant,
705 4997 819 5065 ipse
848 5005 1028 5048 tamen
1058 4989 1388 5061 splendidius
1419 4989 1606 5060 fulget,
1638 5004 1756 5054 nec,
1785 4989 1925 5058 quod
1959 4999 2064 5040 tina

492 5108 615 5146 cum
643 5103 708 5144 eo
728 5087 994 5150 oriantur,
1024 5084 1276 5154 cognosci
1293 5081 1459 5145 sinat,
1484 5081 1708 5152 pulcher
1734 5089 1792 5134 ut
1815 5093 2064 5149 sponsus,

564 5251 610 5286 ⁸⁵
641 5247 706 5303 ill
747 5249 879 5318 Reg.
916 5263 1071 5312 xvm,
1119 5247 1306 5311 44,45.

565 5367 678 5440 (τε)
728 5365 1034 5440 Ἀςτιδίιηῆςε
1060 5364 1236 5440 οων
1263 5366 1356 5419 ἐπὶ
1375 5365 1500 5440 γῇς.

567 5430 679 5508 (72))
719 5430 1094 5508 Meum-"as.
1143 5437 1321 5508 Schol.
1354 5430 1474 5508 :"l‘b
1509 5432 1812 5508 ὑπερϐατόν
1854 5430 2062 5508 Δοὕτως,

501 5501 700 5583 μᾶλλον
735 5507 810 5583 ,δὲ
852 5508 956 5579 πρὸ
996 5506 1194 5560 τούτων
1222 5506 1365 5576 ἔχοις
1399 5506 1464 5583 ἂν
1494 5501 1688 5583 είπεῖν,
1720 5503 1779 5583 τί.
1809 5501 2065 5583 οὐρανὸς,

497 5572 592 5634 καὶ
619 5578 844 5647 ἀστέρες
864 5594 875 5606 ·
895 5572 925 5629 ἰ
964 5580 1070 5633 Ιιιιο
1092 5593 1214 5632 vero
1240 5572 1417 5631 dicere
1450 5576 1669 5640 habeas,
1691 5574 1817 5642 quid
1847 5572 2064 5636 cmlum,

500 5651 842 5720 quidstc‘llw,
889 5667 906 5698 ι
940 5659 1040 5720 etc.

571 5719 682 5788 (80)
735 5717 1188 5789 Ἀποχωρήσεις.
1217 5718 1360 5782 Bas.,
1391 5711 1782 5783 ὑποχωρήσεις-

1393 5244 1438 5278 ⁹⁶
1474 5246 1626 5300 Deut.
1677 5259 1750 5309 ιιι,
1797 5243 1883 5298 l7.
1960 5239 2004 5273 ⁸⁷
2036 5237 2170 5295 Gcn.
2209 5256 2307 5309 vn,
2361 5236 2447 5296 ιῖι.

2171 4646 2263 4681 τον
2295 4628 2710 4699 ἁποσεμνύνειν)
2732 4646 2744 4657 ·
2775 4629 3027 4692 τοσοῦτος
3069 4629 3168 4700 τὴν
3200 4629 3452 4700 δύναμιν,
3487 4629 3630 4684 ὥστε
3661 4633 3765 4686 ἀπ’

2171 4718 2346 4773 ἄλλων
2399 4719 2584 4790 ἄκρων
2635 4719 2768 4772 ἄλλα
2824 4724 2890 4791 τῇ
2951 4720 3244 4794 θερμότητι
3288 4723 3767 4792 καταλαμϐάνειν,

2170 4811 2264 4864 καὶ
2291 4809 2456 4880 μηδὲν
2483 4808 2794 4879 διαφεύγειν
2827 4811 2992 4864 αὐτοῦ
3038 4814 3136 4884 τὴν
3167 4813 3415 4884 αἴσθησιν
3439 4830 3452 4843 ·
3487 4813 3623 4867 ἀλλά
3656 4817 3770 4868 πᾶ-

2173 4917 2272 4954 σαν
2311 4900 2647 4970 πληροῦσθαι
2673 4903 2768 4956 καὶ
2788 4902 2909 4972 ὄψιν
2950 4903 3148 4972 φωτὸς,
3191 4905 3283 4958 καὶ
3313 4904 3632 4976 σωματικὴν
3662 4899 3774 4973 φύ-

2174 5009 2258 5045 σιν
2303 4990 2637 5064 θερμότητος
2661 5011 2675 5023 ·
2717 4993 2967 5066 θέροντος
3006 4997 3139 5067 (82),
3186 4996 3300 5049 ἀλλ’
3333 4997 3392 5048 ού
3444 4996 3768 5064 φλέγοντος,

2173 5083 2471 5153 εὐκρασίας
2538 5086 2837 5158 ἡμερότητι
2916 5084 3012 5141 καὶ
3075 5088 3224 5152 τάξει
3298 5089 3603 5158 κινήσεως,
3688 5080 3775 5151 ὡς

2523 5243 2569 5276 ⁸⁸
2598 5241 2698 5300 Job
2735 5261 2965 5312 xxxvttt,
2992 5245 3084 5300 98.

2251 5361 2361 5432 (81)
2405 5361 2481 5415 Τὰ
2509 5362 2641 5431 περὶ
2675 5363 2950 5432 σελήνην
2986 5362 3322 5431 παθήματα.
3372 5381 3390 5412 ι
3423 5362 3592 5416 Luna:
3622 5351 3768 5416 ὀπε-

2175 5432 2404 5553 ριὶοιιεε,
2438 5449 2457 5483 ι
2491 5433 2542 5488 id
2571 5443 2653 5488 est
2691 5453 2710 5484 ι
2749 5434 3104 5498 accretiones,
3144 5433 3528 5487 diminutiones
3571 5443 3626 5487 et
3665 5435 3776 5488 dc-

2199 5511 2367 5553 ectns.
2409 5521 2427 5553 ι

2199 5511 2367 5554 cetus.
2409 5521 2427 5553 ι

2249 5570 2363 5642 (82)
2403 5569 2710 5642 Θέροντοςτ
2732 5565 2910 5642 Πίος,
2940 5565 3258 5632 θάλποντος,
3292 5584 3311 5619 ι
3348 5565 3529 5623 calore
3567 5565 3765 5624 fovea-

2180 5637 2286 5708 tur,
2329 5637 2352 5694 ί
2385 5644 2527 5710 quod
2563 5637 2805 5708 sequitur
2831 5637 2999 5693 Lcuv.
