4038 6338
271 285 354 342 69
1294 277 1554 336 ORATIO
1591 274 1834 337 XXVIII.
1875 309 1943 318 —
1981 271 2421 338 THEOLOGICA
2453 277 2520 336 11.
2710 317 2713 319 -
3468 290 3540 347 70

268 401 417 455 πᾶσι
477 397 768 469 παρόντος,
821 396 916 451 καὶ⁸
957 395 1134 451 πάντα
1189 397 1386 468 ἐπίσης
1434 398 1863 469 περιλαμϐάνον-

1972 413 2197 468 magnus
2222 413 2288 454 ac
2340 400 2483 456 celer
2522 409 2579 454 ut
2616 400 2766 472 gigas
2810 403 2856 442 θ’
2920 401 3130 472 (neque
3172 403 3316 459 enim
3359 404 3539 463 facere

270 507 374 553 τος
401 487 534 558 (35).

1967 503 2210 558 possum,
2265 497 2324 543 ut
2363 490 2599 553 aliunde,
2658 506 2821 560 quam
2872 506 2938 546 ex
2998 493 3136 548 meis
3194 492 3366 559 libris,
3414 509 3536 549 eum

269 599 543 640 coornem
599 597 665 638 ac
696 581 1037 649 celebrem);
1080 588 1283 635 tantam
1319 581 1428 636 vim
1499 590 1554 636 et
1621 581 1927 637 facultatem
1969 583 2194 646 habens,
2231 592 2290 637 ut
2329 583 2395 638 ab
2439 584 2559 638 aliis
2605 583 2867 640 extremis
2917 585 3021 640 alia
3073 595 3314 640 extrema
3360 587 3538 643 Calore

267 690 386 736 suo
415 673 826 744 complectatur,
860 687 961 728 nec
985 687 1074 728 res
1097 673 1201 727 ulla
1224 673 1342 742 ejus
1397 688 1614 728 sensum
1667 673 1923 744 ell'ugiat:
1966 675 2094 744 quin
2146 677 2342 744 potius,
2398 685 2453 730 et
2507 677 2696 730 oculus
2745 678 2922 732 omnis
2974 677 3113 742 luce,
3176 688 3230 732 et
3277 693 3537 748 corporea

271 783 472 828 natura
533 770 716 825 calore
772 769 1132 836 compleatur,
1197 785 1260 824 ac
1321 770 1428 825 leni
1485 772 1702 840 quidem
1757 785 1852 826 sua
1891 772 2171 841 temperie,
2201 785 2457 844 motuque
2515 773 2764 828 ordinato
2827 771 3151 829 calefaciens
3183 774 3392 840 omnia,
3425 790 3532 830 non

272 875 465 922 urens,
487 860 740 912 omnibus
769 867 965 926 praesto
992 869 1094 922 est,
1116 868 1171 913 et
1201 860 1380 913 omnia
1420 875 1574 930 aeque
1605 861 2029 929 comprehendit.

355 956 432 1008 A'.
475 954 687 1006 Ἐκεῖνο
731 953 789 1005 δέ
830 965 911 1006 σοι
947 953 1060 1024 (84)
1098 953 1353 1024 πηλίκον,
1391 956 1440 1008 εί
1494 956 1858 1025 κατενόησαςς

279 1048 468 1104 Τοῦτο
500 1047 572 1099 ἐν
596 1044 906 1112 αἰσθητοῖς
941 1044 1134 1110 ἥλιος,
1162 1044 1308 1112 ὅπερ
1336 1045 1406 1098 ἐν
1430 1045 1668 1112 νοητοῖς
1693 1045 1861 1112 Θεὸς,

271 1139 385 1208 ἔφη
418 1152 503 1199 τις
537 1135 644 1188 τῶν
690 1134 985 1206 ἀλλοτρίων
1023 1135 1158 1204 (85).
1190 1135 1363 1198 Αὐτὸς
1402 1135 1511 1205 γάρ
1553 1134 1674 1204 ὄψιν
1700 1135 1867 1204 φωτί-

271 1229 411 1292 ζων,
443 1226 634 1297 ὥσπερ
666 1227 872 1290 ἐκεῖνος
901 1226 1055 1279 νοῦν·
1090 1226 1250 1290 αὐτὸς
1279 1227 1371 1280 κα)⁸
1407 1227 1516 1279 τῶν
1552 1226 1865 1298 ὁρωμένων,

2039 955 2206 1011 XXX.
2238 956 2370 1011 Illud
2399 964 2578 1012 autem
2604 963 2864 1026 quantum
2893 954 2985 1009 tibi
3011 955 3241 1022 videtur,
3271 956 3534 1026 siquidem

1967 1049 2441 1104 animadvertisti?
2486 1047 2634 1102 Idem
2666 1048 2720 1101 in
2760 1046 3092 1101 scnsibilibus
3135 1057 3207 1101 est
3255 1048 3357 1110 sol,
3397 1046 3538 1116 quod

1969 1140 2109 1195 Deus
2137 1140 2192 1196 in
2219 1139 2624 1203 intellectilibus,
2678 1137 2852 1206 inquit
2899 1135 3156 1204 profanus
3200 1137 3460 1205 quispiam
3495 1136 3536 1192 '.

1972 1233 2041 1290 Ut
2073 1235 2215 1288 enim
2240 1233 2327 1287 hic
2361 1241 2616 1294 mentem,
2651 1230 2724 1284 ita
2757 1228 2845 1282 ille
2867 1227 3049 1282 oculos
3075 1225 3345 1282 illustrat:
3376 1238 3538 1296 atque

269 1321 400 1372 ἐστὶ
453 1318 517 1371 τὸ
569 1317 875 1378 κάλλιστον,
932 1316 1118 1387 ὥσπερ
1171 1319 1374 1378 ἐκεῖνος
1413 1317 1520 1370 τῶν
1569 1317 1863 1387 νοουμένων

1968 1334 2024 1379 ιιι
2051 1325 2139 1379 hic
2167 1338 2256 1392 res
2289 1337 2384 1378 eas
2419 1336 2629 1388 omnes,
2665 1336 2786 1389 quae
2825 1319 3004 1374 animo
3041 1327 3096 1374 et
3135 1320 3344 1374 ratione
3378 1319 3538 1373 intel-

286 1411 458 1464 ’Δλλά
485 1411 538 1462 τί
577 1411 638 1462 τὸ
672 1411 898 1480 κινῆσαν
926 1410 1088 1462 αὑτὸν
1111 1409 1395 1480 ἀπ’ἀρχῆς
1417 1425 1433 1474 ;
1458 1408 1521 1461 Τί
1552 1409 1639 1462 δαὶ
1664 1408 1773 1479 (86)
1808 1408 1863 1462 τὸ

1968 1417 2223 1488 liguntur,
2282 1413 2685 1496 pulchritudine
2735 1412 2940 1475 vincit,
2991 1410 3062 1464 ita
3109 1411 3272 1467 etiam
3306 1411 3394 1467 ille
3422 1425 3537 1477 eas,

273 1503 369 1556 ἀεὶ
393 1501 579 1554 κινοῦν
608 1503 701 1554 καὶ
725 1501 988 1572 περιάγον
1015 1500 1223 1554 ἑστῶτα
1253 1500 1418 1570 λόγῳ,
1445 1501 1542 1554 κον.)⁵
1577 1501 1650 1572 μὴ
1679 1499 1859 1554 κινού-

279 1609 467 1663 μενον,
509 1591 679 1652 ὅντως
721 1590 1030 1660 ἀκάμαντα,
1078 1591 1175 1643 καὶ
1210 1589 1514 1662 φερέσϐιον,
1561 1591 1655 1644 καὶ
1705 1590 1862 1660 φυσί-

1969 1524 2088 1579 quae
2126 1508 2405 1564 oculorum
2448 1501 2607 1561 sensu
2651 1505 3040 1576 percipiuntur.
3088 1503 3192 1559 Sed
3239 1504 3368 1574 quid
3415 1513 3539 1558 tan-

1969 1603 2089 1656 dem
2126 1600 2200 1654 illi
2250 1607 2453 1654 motum
2497 1598 2650 1654 initio
2685 1598 2867 1653 dedit?
2919 1597 3057 1664 Quid
3107 1612 3227 1652 eum
3278 1605 3539 1667 perpetuo

273 1683 444 1746 ζ’ωον,
486 1681 576 1733 καὶ
627 1681 729 1732 ὅσα
772 1683 1020 1750 ποιηταῖς
1069 1679 1305 1752 ὕμνηται
1363 1681 1500 1734 κατά
1541 1679 1726 1748 λόγον,
1772 1680 1863 1733 καὶ

1969 1701 2115 1746 motu
2163 1690 2333 1760 agitat
2384 1703 2450 1744 ac
2497 1687 2886 1753 circumducit,
2917 1703 3040 1740 cum
3076 1686 3292 1740 interim
3329 1687 3539 1741 ratione

278 1776 422 1846 μήτε
454 1773 568 1843 (87)
599 1773 696 1843 τῆς
724 1772 916 1825 ἑαυτοῦ
949 1775 1120 1843 φορᾶς
1151 1789 1297 1836 ποτε,
1343 1772 1482 1843 μήτε
1506 1771 1616 1826 τῶν
1645 1773 1866 1842 εὐεργε-

275 1863 416 1916 σιῶν
439 1862 760 1933 ἰστάμενονς
798 1861 924 1924 Πῶς
961 1862 1174 1932 ἡμέρας
1202 1862 1533 1933 δημιουργὸς
1565 1863 1705 1935 ὑπὲρ
1738 1865 1861 1934 γῆς,

275 1956 378 2009 καὶ
403 1956 602 2015 νυκτὸς
630 1955 736 2008 ὑπὸ
773 1956 896 2026 γῆν,
930 1955 962 2026 ἦ
993 1956 1094 2008 οὐκ
1128 1951 1224 2008 οἶδ’
1255 1957 1283 2008 ὅ
1311 1972 1364 2007 τι
1386 1955 1492 2027 χρὴ
1513 1956 1690 2025 λέγειν
1730 1955 1864 2027 ἡλίῳ

275 2046 698 2118 προσϐλέψαντα
726 2062 742 2111 ;
775 2047 872 2111 Τίς
897 2048 928 2116 ἡ
957 2027 1162 2100 τοῦτων
1199 2047 1308 2116 (88)
1347 2048 1648 2120 πρόσληψις
1680 2066 1739 2102 τε
1773 2051 1866 2102 καὶ

273 2139 701 2210 ἀνθυφαίρεσις,
733 2140 829 2192 καὶ
862 2141 894 2211 ἠ
933 2141 1032 2210 τῆς
1065 2141 1378 2212 ἀνισότητος
1409 2141 1609 2212 ἰσότης,
1637 2142 1702 2194 ἵν’
1725 2141 1865 2195 είπω

271 2245 335 2288 τι
359 2232 455 2286 καὶ
481 2232 816 2302 παράδοξονς
855 2231 979 2295 Πῶς
1019 2231 1076 2284 δὲ
1107 2231 1264 2301 ὡρῶν
1304 2234 1532 2304 ποιητής
1556 2250 1616 2285 τε
1642 2233 1734 2286 καὶ
1771 2249 1866 2304 με·

276 2324 497 2394 ριστὴς,
536 2323 814 2386 εὐτάκτως
861 2323 974 2393 (89)
1007 2324 1400 2394 ἐπιγινομένων
1433 2341 1493 2378 τε
1537 2325 1630 2378 καὶ
1671 2325 1866 2394 ἀπογι-

274 2415 547 2484 νομένων,
578 2415 671 2467 καὶ
704 2413 893 2485 ὥσπερ
929 2417 988 2469 ὲν
1033 2415 1180 2488 χορῷ
1216 2416 1676 2488 συμπλεκομένων
1704 2417 1867 2487 ἀλλή-

274 2507 401 2570 λαις
439 2506 536 2560 καὶ
584 2505 944 2576 διισταμένων
995 2506 1076 2575 (τὸ
1123 2506 1221 2576 μὲν
1271 2506 1454 2576 φιλίας
1501 2506 1672 2576 νόμῳ,
1711 2507 1772 2560 τὸ
1806 2507 1864 2560 δὲ

275 2597 582 2667 εὐταξίας),
620 2598 714 2651 καὶ
761 2598 902 2652 κατά
956 2599 1146 2669 μικρὺν
1193 2599 1554 2671 κιρναμένων,
1600 2601 1694 2652 καὶ
1745 2602 1865 2663 ταῖς

275 2689 549 2760 ὲγγύτησι
582 2687 964 2759 κλεπτομένων
991 2689 1186 2742 ταυτὸν
1218 2689 1452 2760 ἡμέραις
1477 2707 1536 2742 τε
1567 2689 1660 2742 καὶ
1694 2689 1887 2754 νυξὶν,-

277 2780 372 2834 τνα
421 2780 498 2851 μὴ
533 2782 599 2849 τῇ
643 2779 841 2849 ἀηθείᾳ
884 2781 996 2851 (90)
1047 2781 1394 2852 λυπήσωσιν;
1441 2781 1580 2835 Ἀλλ’
1622 2783 1717 2836 ίτω
1768 2781 1866 2853 μὲν

274 2871 462 2942 ἥλιος·
499 2871 564 2924 σὺ
602 2871 660 2924 δὲ
705 2871 876 2938 ἔγνως
923 2871 1152 2943 σελήνης
1194 2872 1356 2942 φύσιν
1391 2873 1522 2942 (91),
1564 2874 1658 2928 καὶ
1693 2873 1864 2945 πάθη,

1969 1782 2182 1838 stabilis
2215 1782 2286 1836 sit
2315 1785 2370 1835 et
2399 1788 2576 1834 motus
2603 1793 2818 1848 expers,
2849 1791 2974 1832 vere
3008 1777 3380 1848 infatigabilis,
3413 1777 3540 1832 vitae

1967 1874 2147 1936 dator,
2189 1871 2544 1926 animantium
2577 1878 2752 1938 pater,
2785 1876 2839 1922 et
2875 1869 3288 1938 quibuscunque
3323 1868 3538 1922 laudum

1971 1965 2144 2020 titulis
2179 1978 2301 2018 eum
2339 1977 2443 2016 non
2481 1960 2755 2014 immerito
2795 1968 2967 2028 poetae
3013 1969 3441 2029 prosequuntur,
3474 1973 3540 2014 ac

1968 2070 2143 2125 neque
2183 2053 2351 2108 motui
2408 2067 2644 2122 unquam
2705 2066 2841 2116 suo,
2880 2066 2982 2106 nec
3040 2051 3320 2107 beneﬁciis
3377 2054 3536 2108 linem

1967 2147 2340 2205 constituens?
2372 2145 2652 2214 Quomodo
2691 2145 2832 2200 diem
2879 2154 3149 2215 procreat,
3209 2161 3329 2199 eum
3375 2161 3536 2216 supra

1965 2250 2165 2296 terram
2209 2247 2314 2302 est,
2365 2252 2428 2292 ac
2477 2244 2728 2301 noctem,
2771 2250 2890 2290 cum
2942 2237 3040 2291 sub
3093 2237 3280 2290 terra?
3331 2236 3538 2302 Quibus

1965 2330 2142 2385 verbis
2170 2328 2426 2384 utendum
2463 2326 2565 2391 sit,
2619 2326 2838 2392 nescio,
2888 2340 3010 2380 cum
3071 2325 3236 2380 solem
3298 2322 3534 2380 intueor.

1966 2421 2246 2488 Quodnam
2288 2419 2393 2474 hoc
2422 2417 2633 2472 dierum
2659 2432 2722 2472 ac
2758 2417 2996 2472 noctium
3031 2416 3447 2481 incrementum,
3482 2425 3546 2479 et

1966 2513 2202 2569 vicissim
2229 2525 2349 2581 quae
2385 2507 2704 2564 diminutio?
2749 2507 2880 2574 Quae
2907 2508 3288 2578 inequalitatis
3313 2508 3538 2576 aequali-

1969 2617 2072 2673 tas,
2113 2615 2173 2660 ut
2206 2620 2403 2660 novum
2437 2603 2640 2672 aliquid
2669 2610 2722 2655 et
2747 2602 2986 2658 insolens
3013 2601 3227 2656 dicam?
3254 2603 3536 2670 Quomodo

1973 2703 2101 2758 "anni
2131 2709 2320 2772 partes
2345 2700 2528 2764 elIicit,
2559 2709 2614 2755 et
2647 2700 2716 2755 ita
2747 2697 2958 2762 dividit,
2989 2705 3048 2751 ut
3071 2697 3236 2752 certis
3260 2706 3316 2752 et
3336 2696 3533 2751 consti-

1974 2795 2104 2849 tutis
2141 2792 2346 2847 vicibus
2395 2793 2691 2858 accedant,
2741 2799 2796 2846 et
2845 2790 3115 2854 recedant,
3166 2803 3230 2844 ac
3276 2789 3442 2844 veluti
3482 2789 3536 2842 in

1969 2887 2187 2948 chorea,
2226 2883 2507 2953 complexu
2539 2885 2768 2952 quodam
2799 2882 2940 2936 inter
2970 2895 3031 2936 se
3064 2881 3326 2946 haereant,
3359 2879 3539 2934 simul-

276 2964 377 3017 καὶ
416 2963 594 3034 μέτρα
651 2963 846 3032 φωτὸς,
899 2964 994 3017 καὶ
1047 2963 1324 3034 δρόμους;
1374 2964 1468 3017 καὶ
1523 2963 1641 3030 πῶς
1693 2965 1722 3016 ὁ
1767 2966 1863 3036 μὲν

1969 2990 2072 3044 que
2107 2974 2510 3042 distinguantur
2541 2970 2713 3041 (illud
2749 2967 3004 3024 amicitiae
3034 2968 3170 3035 lege,
3200 2967 3303 3020 hoc
3331 2964 3539 3019 ordinis

276 3055 498 3126 ἡμέρας
555 3055 668 3126 ἔχει
701 3055 802 3126 τὴν
845 3055 1184 3121 δυναστείαν,
1224 3058 1255 3126 ἡ
1292 3057 1349 3109 δὲ
1395 3057 1586 3120 νυκτὸς
1621 3057 1862 3128 προκαθ-

273 3147 508 3212 έζεται;
540 3149 632 3201 καὶ
668 3149 700 3218 ή
743 3149 841 3222 μὲν
894 3143 1102 3221 Θηρίοις
1150 3150 1331 3203 δίδωσι
1382 3150 1716 3221 παρρησίαν,
1756 3150 1860 3205 eos

275 3238 571 3308 ἄνθρωπον
618 3239 712 3293 ἐπ)⁸
751 3239 814 3292 τὸ
854 3239 1012 3312 ἔργον
1055 3241 1355 3311 ἀνίστησιν,
1399 3241 1430 3312 ἢ
1472 3241 1793 3312 ὑψούμενος,
1821 3243 1857 3313 ἣ

272 3330 709 3402 ταπεινούμενος
761 3333 898 3404 πρὸς
938 3332 999 3385 τὸ
1033 3332 1486 3403 χρησιμώτατον;
1528 3335 1774 3404 Συνῆκας
1804 3333 1862 3386 δὲ

273 3424 481 3495 δεσμὸν
515 3425 792 3492 Πλειάδος,
845 3426 879 3498 ἦ
932 3425 1184 3496 φραγμὸν
1229 3425 1499 3498 Ὠρίωνος,
1545 3426 1620 3490 ὡς
1665 3429 1694 3479 ὁ
1739 3427 1861 3498 ἀρι·

276 3517 439 3586 ὐμῶν
465 3517 646 3588 πλήθη
673 3518 912 3590 ἄστρων,
939 3519 1032 3572 καὶ
1063 3519 1226 3572 πᾶσιν
1264 3519 1446 3582 αὐτοῖς
1493 3517 1729 3588 ὀνόματα
1757 3535 1860 3570 κα-

277 3607 412 3676 λῶν,
447 3609 544 3662 καὶ
581 3609 741 3682 δόξης
784 3610 1015 3664 ἑκάστου
1054 3609 1335 3682 διαφορὰν,
1383 3610 1477 3663 καὶ
1522 3609 1675 3676 τάξιν
1712 3610 1866 3682 κινή-

1969 3065 2344 3139 praescripto),
2373 3065 2691 3131 sensimque
2730 3060 3232 3123 intermisceantur,
3260 3072 3323 3111 ac
3346 3056 3536 3111 vicini-

1970 3166 2078 3213 tate
2108 3159 2246 3228 ipsa,
2275 3155 2495 3225 perinde
2522 3165 2682 3223 atque
2719 3154 2772 3208 in
2826 3153 3016 3207 diebus
3047 3165 3110 3205 ac
3144 3149 3388 3205 noctibus
3409 3147 3538 3208 fieri

1969 3248 2230 3312 videmus,
2276 3247 2460 3300 furtim
2501 3244 2896 3313 quodammodo
2941 3241 3096 3312 521
3147 3241 3422 3309 irrepant,
3474 3253 3540 3292 ac

1968 3353 2028 3393 se
2055 3337 2388 3407 proripiant?
2412 3335 2565 3402 Quod
2593 3335 2809 3402 quidem
2834 3333 3036 3386 idcirco
3063 3334 3143 3394 lit,
3173 3345 3240 3383 ne
3264 3330 3332 3383 ob
3355 3330 3540 3382 insue-

1971 3427 2207 3484 tudinem
2242 3427 2543 3480 molestiam
2565 3423 2812 3478 afferant.
2848 3423 2953 3478 Sed
2980 3435 3196 3474 cursum
3220 3433 3376 3474 suum
3406 3430 3540 3472 sane

1967 3517 2047 3574 sol
2070 3517 2248 3572 obeat.
2283 3515 2456 3582 Quid?
2491 3514 2625 3568 Num
2663 3505 2800 3568 lunae
2835 3521 3080 3566 naturam
3112 3519 3163 3564 et
3199 3507 3536 3573 affectiones,

1961 3621 2014 3666 et
2043 3609 2265 3664 luminis
2307 3622 2614 3662 mensuram
2657 3621 2721 3661 ac
2752 3618 2938 3658 rursus
2967 3601 3249 3674 pernosti?
3291 3601 3367 3656 'Et
3401 3614 3535 3669 quo-

279 3717 442 3765 σεως,
497 3701 586 3755 ἵνα
641 3719 722 3755 σοι
777 3701 1056 3756 πιστεύσω
1108 3702 1198 3756 διὰ
1243 3701 1449 3756 τούτων
1501 3702 1756 3757 πλέκοντι
1796 3702 1863 3756 τὰ

1968 3700 2141 3765 modo,
2173 3708 2233 3754 ut
2258 3699 2336 3753 sol
2368 3697 2474 3750 diei
2504 3696 2868 3766 principatum
2905 3699 3072 3756 tenet,
3124 3691 3203 3747 sic
3233 3690 3357 3744 luna
3387 3704 3527 3760 quo-

276 3791 561 3863 ἡμέτερα,
611 3793 704 3846 καὶ
744 3792 886 3847 κατὰ
933 3793 1026 3847 τοῦ
1077 3793 1296 3847 κτίστου
1345 3793 1444 3865 τὴν
1485 3794 1662 3848 κτίσιν
1714 3793 1863 3848 ὁπλί-

1968 3806 2068 3861 que
2097 3791 2239 3845 nocti
2277 3789 2817 3860 priesideat?Atque,
2853 3795 2910 3840 ut
2939 3787 3054 3841 haec
3079 3783 3208 3840 feris
3257 3783 3538 3838 audaciam

278 3881 470 3947 CW“;
1963 3880 2138 3947 all‘ert,
2167 3883 2240 3936 ita
2274 3881 2510 3936 vicissim
2549 3880 2637 3934 ille
2675 3879 2947 3934 hominem
2993 3877 3060 3931 ad
3111 3877 3348 3932 laborem
3383 3874 3540 3931 exci-

281 3984 380 4038 tet,
413 3975 542 4029 dum
575 3976 974 4046 appositissime
1036 3977 1102 4031 ad
1145 3977 1422 4032 hominum
1465 3975 1774 4040 utilitatem,
1807 3973 1894 4028 vel
1933 3987 2054 4028 sese
2090 3973 2308 4041 attollit,
2353 3971 2438 4027 vel
2479 3969 2768 4042 deprimit?
2809 3970 2892 4024 An
2941 3979 2995 4024 tu
3032 3967 3261 4023 Pleiadis
3286 3969 3306 4000 ⁸
3348 3968 3540 4023 vincu—

279 4067 413 4131 lum,
480 4075 575 4121 aut
639 4067 852 4123 Orionis
917 4068 1226 4134 maceriam,
1283 4068 1452 4124 instar
1513 4067 1691 4131 illius,
1737 4066 1827 4136 qui
1893 4072 2142 4120 numerat
2201 4063 2594 4118 multitudinem
2659 4061 2979 4127 stellarum,
3049 4068 3104 4114 et
3156 4059 3406 4114 omnibus
3457 4060 3539 4115 eis

281 4163 504 4219 nomina
561 4172 717 4217 vocat
772 4163 814 4229 ³,
862 4161 1161 4231 intelligis,
1213 4178 1276 4219 ac
1326 4163 1585 4233 cujusque
1651 4161 1837 4231 gloriae
1906 4159 2196 4214 discrimen
2237 4167 2578 4229 perSpectutn
2654 4156 2865 4224 habes,
2927 4163 3224 4224 motusque
3271 4153 3538 4219 ordinem,

277 4267 340 4310 ut
366 4256 437 4310 sit
469 4269 654 4318 causa,
694 4269 793 4308 cur
832 4253 928 4310 tibi
976 4253 1133 4309 ﬁdem
1180 4253 1433 4319 habeam,
1487 4253 1579 4322 qui
1632 4267 1729 4322 per
1771 4265 1866 4307 cas
1905 4251 2141 4305 humana
2162 4259 2480 4316 contexens,
2541 4257 2848 4304 creaturam
2920 4247 3178 4300 adversus
3227 4244 3538 4300 Creatorem

278 4345 496 4402 armas?

348 4441 479 4495 AA'.
527 4439 593 4494 Τί
635 4440 845 4509 λέγεις;
897 4441 1128 4495 ἐνταῦθα
1179 4439 1492 4512 στησόμεθα
1539 4437 1633 4492 τοῦ
1681 4438 1862 4508 λόγου,

2044 4430 2234 4490 XXXI.
2277 4431 2416 4500 Quid
2464 4431 2586 4487 ais?
2637 4431 2738 4486 llic
2778 4415 2988 4484 dicendi
3037 4429 3194 4482 linem
3246 4427 3526 4490 faciemus,

283 4533 448 4606 μέχρι
488 4532 590 4603 τῆς
637 4531 770 4602 ὕλης
809 4533 901 4586 καὶ
949 4532 1058 4586 τῶν
1103 4533 1433 4605 ὁρωμένων;
1473 4529 1507 4601 ἦ
1549 4529 1735 4600 ἐπειδὴ
1766 4528 1861 4582 τοῦ

1972 4539 2072 4580 nec
2109 4522 2249 4576 ultra
2289 4533 2375 4574 res
2409 4534 2522 4587 eas,
2557 4533 2676 4588 qua:
2703 4517 2927 4574 materia
2961 4525 3232 4582 constant,
3261 4515 3541 4586 oculisque

349 4699 395 4734 ὀ
438 4691 588 4748 Psal.
632 4706 788 4756 xvnt,
820 4691 854 4746 6
883 4706 1004 4762 sqq.
1068 4690 1096 4724 -¹
1129 4689 1298 4745 Plato.
1377 4684 1518 4741 ’Job
1553 4699 1780 4752 xxxvnr,
1820 4683 1910 4740 5t.
1987 4679 2175 4736 "Psal.
2215 4693 2396 4748 cum,
2425 4678 2480 4735 4.

1968 4851 2028 4893 re
2056 4837 2394 4904 theologiam,
2421 4836 2633 4906 aliaque
2659 4833 3183 4907 plurima_hauserit.
3208 4851 3253 4907 ρ.

2019 4907 2152 4978 (se)
2195 4907 2409 4978 neat.
2442 4903 2560 4961 Duo
2593 4903 2784 4976 Regg.,
2812 4916 2864 4959 ct
2884 4905 2977 4962 0r.
3009 4907 3060 4968 ι,
3084 4905 3136 4958 τί
3163 4903 3241 4961 δέ.

350 4977 464 5063 (84)
490 4977 748 5063 ’Ἐκεῖνο
769 4988 836 5063 δέ
867 5002 987 5063 σοι,
1020 4996 1124 5040 etc.
1155 4983 1340 5039 Billins
1361 5001 1376 5040 :
1401 5001 1431 5063 νς
1447 4981 1731 5063 lllud_vero
1763 4995 1860 5063 ne-

2187 4977 2373 5063 ﬂﬁl’s'.
2407 4978 2463 5032 In
2493 4979 2836 5063 quihusdam,
2857 4978 3098 5063 ΙμῄιποτεΙῖ

283 5046 394 5118 scio
431 5046 501 5114 an
535 5061 631 5113 abs
670 5069 719 5113 te
751 5046 1206 5119 animadversum»,
1245 5055 1432 5123 quanti
1475 5053 1686 5107 tamlem
1719 5051 1864 5123 aesti-
2031 5046 2142 5123 ('88)
2185 5050 2282 5116 Τίς
2330 5051 2369 5118 ἡ
2426 5049 2671 5123 τούζωξο,
2714 5056 2816 5123 etc.
2856 5046 2986 5123 Bill._
3011 5047 3197 5123 «Quae
3225 5046 3430 5102 d.erum
3473 5063 3536 5103 ac

244 5129 248 5131 ’
285 5117 540 5186 mendum
575 5138 680 5191 est.
715 5129 866 5198 quod.
891 5127 1152 5196 profanus
1180 5117 1406 5198 quidem
1429 5133 1618 5198 auctor
1644 5121 1854 5198 scribit,
1961 5117 2576 5198 nocntimnjssumptio?
2606 5118 2734 5198 Qua:
2762 5117 3063 5198 detractio?
3090 5137 3108 5168 ι

282 5203 422 5256 idem
442 5203 495 5253 in
519 5187 812 5254 sensilibus
841 5187 1008 5252 solem
1040 5211 1178 5260 esse,
1197 5187 1350 5266 'quod
1373 5194 1540 5248 Deum
1570 5194 1621 5246 in
1653 5191 1862 5246 intelle-
2034 5189 2148 5266 (89)
2190 5189 2523 5266 ξρτᾴκζως.
2551 5187 2910 5266 LCompgsite
2943 5203 3007 5240 ac
3031 5187 3249 5266 ordine._
3276 5201 3295 5238 ι

282 5270 531 5326 ctililius?
565 5289 584 5320 ι
1165 5256 1173 5260 ⁷
1225 5256 1243 5266 ⁸

2033 5256 2146 5328 (90)
2192 5260 2270 5328 Τῇ
2295 5259 2524 5328 ἀηθείᾳ.
2558 5257 2680 5312 Par.
2718 5257 2914 5328 aliique
2946 5273 3062 5328 non
3098 5258 3272 5324 pauci,
3305 5259 3368 5327 τῇ
3405 5256 3538 5328 ἀλη-

349 5341 464 5410 (85)
508 5341 605 5405 Τίς
643 5333 1198 5410 téic_d.11(_)tpl(9r.:
1233 5329 1500 5410 ξ’νοίοηυε
1527 5329 1810 5410 quispiam,
1837 5347 1856 5381 ι

1968 5331 2102 5410 θείᾳ.
2313 5330 2595 5410 lectionem
2620 5329 2862 5397 agnoscit
2899 5327 3254 5410 filiaszquem
3292 5327 3538 5410 St‘quil‘ttl:

284 5395 472 5465 id‘es't
525 5395 695 5463 Plato.
745 5405 883 5460 Hinc
914 5395 1094 5458 Schol.
1153 5402 1302 5456 Colb.
1354 5395 1570 5453 maximi
1601 5416 1615 5454 :
1643 5399 1856 5452 Πλάτω-
1963 5395 2129 5454 Letiv.
2171 5420 2188 5453 ι
2228 5401 2305 5454 Ne
2345 5401 2388 5452 si
2421 5403 2591 5468 palam
2633 5395 2696 5451 ac
2739 5411 2865 5452 vere
2907 5397 3020 5451 hinc
3049 5399 3258 5458 ﬁerent,
3293 5395 3537 5450 nonnihil

280 5480 368 5544 νός
399 5497 533 5548 φασι
575 5478 755 5548 τοῦτο,
787 5473 1266 5548 ὡςλάνεγνωκότος
1298 5472 1406 5548 τὸν⁸
1430 5471 1723 5548 Μωισαῒκον
1764 5469 1853 5548 γό-

1968 5472 2220 5548 molestim
2242 5471 2396 5548 nobis
2420 5476 2714 5548 crearetur.
2752 5487 2771 5518 ι

284 5534 534 5620 μον,’καὶ
564 5534 1422 5620 ὲκ,τουτουλαϐᾀντος-τὴνλττερὶ
1449 5541 1636 5620 τούτου
1673 5538 1851 5620 θεολο-

2030 5541 2141 5620 (9_l)
2181 5541 2395 5594 Φύσιν.
2451 5539 2583 5608 Reg.
2635 5539 2824 5610 Cypr.,
2854 5536 3027 5602 λύσιν,
3075 5553 3094 5588 ι
3133 5534 3474 5599 solutionem,
3509 5550 3532 5587 ι

277 5612 481 5687 λογίαν,
518 5620 614 5672 καὶ
644 5619 807 5690 ἕτερα
833 5615 1032 5690 πολλά·
1078 5632 1096 5690 ς
1134 5612 1246 5667 [loc
1268 5613 1502 5690 Platonis
1533 5626 1650 5665 esse
1679 5612 1848 5690 aiunt,

1968 5612 2101 5684 quad
2125 5612 2342 5681 'scmpcr
2373 5620 2612 5666 mutetur
3137 5631 3140 5633 ·

283 5681 477 5758 ω’(ιυῖ
499 5692 670 5761 legum
709 5681 906 5759 Muysis
935 5686 1144 5756 legerit,
1171 5694 1332 5754 atque
1358 5685 1478 5740 itide
1499 5697 1650 5739 suam
1693 5696 1754 5737 ea
1784 5681 1850 5736 de

352 4850 466 4921 (85)
505 4848 1078 4921 Περιλαμϐἀνοντος,
1130 4845 1265 4900 Tres
1297 4842 1448 4899 Colb.
1489 4850 1544 4897 et
1592 4840 1756 4897 Cois].
1807 4838 1859 4906 1,

281 4918 750 4992 περιλάμποντος,
781 4918 1132 4992 ccollustrat.
1155 4933 1189 4992 ’ξ
