4038 6338
571 290 642 349 ⁸11
1776 294 1834 349 S.
1876 292 2206 351 GREGORll

2246 294 2335 349 ’1⁵11
2344 295 2595 353 EOLOGI
3744 298 3807 352 72

575 412 819 483 corporis
867 420 1186 475 cernuntur,
1248 410 1550 467 orationem
1605 410 2008 469 dillundemus?
2056 415 2137 467 An

2243 414 2447 484 κόσμου
2483 414 2680 476 παντὸς
2715 410 3004 466 ἀντίτυπον
3034 412 3134 481 τὴν
3168 411 3411 475 Μωσέως
3444 412 3647 483 σκηνὴν
3680 410 3808 469 οἶδεν

574 506 799 573 potius,
849 505 1104 573 quoniam
1158 502 1454 559 Mosaicum
1510 504 1639 558 illud
1695 504 2138 571 tabernaculum,

571 595 758 651 mundi
799 595 962 649 totius
1009 595 1237 664 figuram
1297 604 1349 648 et
1389 595 1676 665 imaginem
1731 596 2004 651 exstitisse
2044 597 2143 653 do-

571 696 659 745 cet
690 687 971 756 Scriptura
1007 686 1262 755 (mundus
1291 701 1455 757 porro
1487 703 1550 742 ex
1580 686 1885 742 visibilibus
1915 697 1970 741 et
2002 687 2140 742 invi-

572 778 823 832 sibilibus
878 777 1134 847 constat),
1185 777 1387 834 idcirco
1437 786 1725 845 penetrato
1774 778 1951 847 primo
1996 778 2137 844 velo;

573 866 1012 935 transcensisque
1060 868 1220 922 rebus
1255 867 1384 934 illis,
1419 883 1539 937 quae
1561 882 1779 922 sensum
1809 879 2052 933 movent,
2082 870 2136 923 in

571 958 769 1012 Sancta
802 957 826 989 δ
877 958 1293 1028 prospiciemus,
1335 960 1435 1015 hoc
1475 968 1581 1020 est.
1617 959 1671 1013 in
1703 962 2141 1028 supercmlestem

568 1060 842 1113 naturam.
872 1066 1100 1121 quaeque
1135 1067 1242 1107 non
1269 1052 1372 1107 nisi
1404 1052 1616 1106 ratione
1644 1061 1808 1121 atque
1840 1053 2142 1123 intelligen-

571 1144 644 1196 tia
680 1143 1012 1213 percipitur?
1055 1143 1161 1198 Sed
1213 1158 1281 1197 ne
1320 1144 1461 1198 hanc
1492 1143 1735 1211 quidem,
1772 1144 1983 1198 tametsi
2018 1158 2141 1198 cor-

571 1234 722 1303 poris
764 1243 1069 1303 expertem,
1121 1234 1443 1303 incorporeo
1487 1234 1648 1289 modo
1685 1248 1910 1288 cernere
1947 1248 2141 1304 possu-

570 1339 711 1392 mus,
741 1326 935 1394 quippe
964 1341 1084 1396 quae
1110 1325 1275 1396 ignis,
1329 1334 1384 1380 et
1427 1324 1661 1394 Spiritus
1693 1325 2012 1395 appelletur,
2049 1334 2144 1378 aut

568 1415 858 1471 eﬂiciatur.
886 1415 1031 1470 Deus
1060 1418 1227 1481 enim,
1250 1428 1309 1470 ut
1336 1415 1529 1470 litteris
1549 1416 1721 1471 sacris
1746 1417 2013 1485 proditum
2038 1424 2139 1480 est,

569 1509 788 1579 angelos
816 1522 942 1563 suos
972 1508 1193 1576 spiritus
1223 1506 1370 1570 facit,
1422 1515 1476 1562 et
1506 1507 1785 1561 ministros
1815 1521 1941 1560 suos
1984 1506 2138 1558 liam-

573 1612 719 1651 mam
754 1597 896 1668 ignis
918 1598 975 1661 ';
1011 1596 1114 1650 nisi
1142 1596 1284 1651 forte
1311 1597 1412 1651 hoc
1440 1596 1581 1663 loco,
1612 1595 1794 1650 facere
1826 1594 1958 1649 nihil
1995 1594 2137 1648 aliud

567 1685 880 1756 signiticet.
939 1699 1106 1755 quam
1162 1685 1372 1749 eadem,
1423 1699 1528 1754 qua
1580 1685 1811 1750 primum
1869 1685 2136 1755 procreati

2241 508 2269 557 ὁ
2295 506 2471 574 λόγος,
2500 505 2595 557 τοῦ
2626 502 2683 568 ἐξ
2711 504 2921 575 ὁρατῶν
2951 520 3008 555 τε
3043 505 3138 556 καὶ
3164 504 3409 574 ἀοράτων
3441 502 3584 570 λέγω
3618 509 3807 577 συστήο

2245 610 2431 663 ματος-ν
2487 594 2549 645 τὺ
2601 592 2818 663 πρῶτον
2870 592 3271 661 καταπέτασμα
3321 591 3629 661 διασχόντες
3652 632 3667 653 9
3724 598 3809 649 καὶ

2242 686 2579 756 ὑπερϐάντες
2611 685 2709 754 τὴν
2756 682 3033 754 αἴσθησιν,
3067 684 3146 746 εἰς
3177 681 3247 735 τὰ
3278 682 3444 750 ’Ἅγια
3475 683 3806 754 παρακύψω-

2245 795 2342 847 μεν
2372 777 2506 846 (92),
2562 776 2661 845 τὴν
2713 774 2910 844 νοητὴν
2961 771 3123 842 φύσιν
3177 772 3271 826 καὶ
3323 773 3643 843 ἐπουράνιον
3671 774 3810 843 (95);

2243 870 2355 922 οὐκ
2402 869 2595 937 ἔχομεν
2642 866 2764 919 οὐδὲ
2805 865 3010 936 ταύτην
3067 864 3373 935 ἀσωμάτως
3429 864 3574 927 ἰδεῖν,
3621 868 3670 917 εί
3719 872 3807 923 καὶ

2242 961 2550 1030 ἀσώματος,
2609 958 2721 1029 πῦρ
2770 960 2864 1011 καὶ
2912 955 3127 1026 πνεῦμα
3178 958 3808 1032 προσαγορευομένην,ῆ

2242 1049 2551 1119 γινομένην.
2590 1050 2773 1101 Ποιεῖν
2799 1046 2909 1118 γὰρ
2942 1046 3157 1115 λέγεται
3189 1046 3315 1109 τοὺς
3346 1047 3609 1113 ἀγγέλους
3652 1050 3810 1103 αὑτοῦ

2244 1141 2546 1212 πνεύματα,
2575 1143 2669 1195 καὶ
2698 1142 2825 1204 τοὺς
2849 1140 3197 1211 λειτουργοὺς
3223 1138 3387 1192 αὐτοῦ
3419 1140 3589 1210 πυρὸς
3619 1141 3809 1210 φλόγα·

2244 1235 2293 1285 εί
2326 1232 2399 1302 μὴ
2436 1235 2607 1285 ποιεῖν
2659 1232 2754 1302 μὲν
2785 1232 2901 1284 ἔστι
2933 1231 2993 1283 τὸ
3036 1234 3320 1302 συντηρεῖν
3370 1231 3449 1301 τῷ
3487 1231 3651 1302 λόγῳ,
3695 1234 3810 1286 καθ’

2244 1325 2302 1378 ὃν
2336 1325 2600 1393 ἐγένοντο.
2634 1322 2859 1393 Πνεῦμα
2894 1322 2951 1375 δὲ
2981 1322 3169 1376 ἀκούει
3204 1322 3298 1376 καὶ
3332 1321 3442 1392 πῦρ
3467 1339 3480 1351 ·
3519 1323 3579 1375 τὸ
3612 1323 3710 1393 μὲν
3741 1324 3812 1388 ώς

2244 1416 2408 1486 νοητὴ
2441 1416 2621 1484 φύσις,
2654 1415 2712 1466 τὸ
2742 1415 2799 1467 δὲ
2831 1414 2906 1477 ώς
2944 1413 3238 1484 καθάρσιος
3258 1414 3369 1486 (9i)
3391 1429 3405 1444 ·
3442 1414 3564 1467 ἐπεὶ
3580 1416 3689 1483 (95)
3723 1417 3813 1470 xui.

2241 1506 2337 1575 τῆς
2382 1504 2605 1576 πρώτης
2646 1505 2832 1567 οὐσίας
2878 1504 2975 1567 τὰς
3016 1504 3184 1566 αὑτὰς
3222 1500 3337 1556 οἶδα
3384 1504 3628 1575 κλήσεις.
3669 1507 3812 1578 Πλὴν

2241 1597 2375 1665 ἡμῖν
2401 1612 2464 1663 γε
2492 1594 2780 1665 ἀσώματος
2807 1594 2968 1655 ἔστω,
2992 1593 3024 1664 ἢ
3047 1594 3128 1646 ὅτι
3151 1593 3446 1662 ἐγγύτατα.
3476 1596 3638 1666 Ὁρᾷς
3671 1597 3816 1660 ὅπως

2248 1684 2561 1756 ἰλιγγιῶμεν
2597 1685 2722 1756 περὶ
2751 1685 2841 1736 τὸν
2866 1685 3044 1753 λόγον,
3073 1686 3167 1739 καὶ
3197 1686 3297 1738 οὐκ
3322 1686 3515 1757 ἔχομεν
3540 1683 3595 1740 οἷ
3619 1689 3812 1759 προέλ-

569 1784 721 1839 sunt,
756 1775 963 1829 ratione
1014 1773 1154 1829 tueri
1197 1783 1253 1828 et
1297 1789 1646 1829 conservare.
1706 1773 1944 1844 Spiritus
1976 1788 2138 1841 porro

2244 1772 2446 1844 θωμεν,
2494 1774 2526 1844 ἢ
2569 1774 2820 1827 τοσοῦτον
2849 1775 2970 1827 ὅσον
3005 1774 3201 1827 εἰδέναι
3235 1776 3498 1844 ἀγγέλους
3534 1778 3687 1841 τινὰς
3724 1778 3814 1830 καὶ

568 1878 732 1936 atque
772 1867 913 1936 ignis
949 1866 1171 1936 angelus
1214 1866 1554 1935 appellatur;
1594 1866 1725 1920 illud
1756 1868 1882 1935 quia
1928 1866 2142 1921 intelle-

572 1958 685 2012 ctili
720 1967 909 2012 natura
944 1967 1027 2012 est
1058 1957 1340 2026 praeditus,
1379 1957 1500 2019 hoc,
1530 1956 1656 2025 quia
1686 1956 1981 2025 purgandis
2017 1956 2137 2009 ani-

572 2050 677 2104 mis
699 2050 900 2103 nostris
919 2049 1238 2114 adhibetur;
1267 2047 1703 2118 quandoquidem
1729 2048 1984 2117 primaria
2006 2062 2141 2116 quo-

568 2155 676 2210 que
724 2141 812 2195 illa
865 2140 1102 2196 essentia
1158 2141 1351 2195 iisdem
1404 2138 1717 2193 nominibus
1759 2140 1814 2193 in
1860 2138 2141 2208 Scriptura

567 2243 934 2303 nuncupatur.
985 2234 1094 2288 Sed
1142 2234 1254 2287 sint
1298 2246 1432 2287 sane
1486 2232 1644 2286 nobis
1694 2230 1769 2285 illi
1810 2230 2138 2301 incorporei,

575 2333 669 2379 aut
700 2341 862 2395 quam
902 2325 1149 2395 proxime
1175 2324 1241 2378 ad
1272 2326 1376 2378 hoc
1410 2325 1750 2379 accedentes.
1782 2322 1948 2377 Vides
1994 2322 2137 2378 enim

540 2415 843 2486 .quomodo
892 2415 1035 2470 circa
1090 2415 1392 2481 huiusmodi
1452 2430 1756 2471 sermonem
1821 2425 2134 2478 aestuemus.

570 2520 694 2571 nec,
730 2517 838 2573 quo
873 2505 1308 2574 progrediamur,
1355 2504 1690 2569 habeamus;
1726 2513 1818 2558 aut
1844 2512 1992 2558 certe
2024 2520 2131 2559 non

573 2596 713 2651 ultra
757 2595 1008 2665 progredi
1041 2596 1333 2665 possimus,
1364 2611 1523 2665 quam
1551 2596 1690 2665 quod
1720 2595 1939 2666 angelos
1970 2610 2137 2666 quos-

571 2687 696 2741 dam
738 2696 795 2741 et
833 2687 1189 2755 archangelos
1250 2687 1472 2753 scimus,
1522 2688 1770 2751 thronos,
1816 2696 2136 2754 potestates,

564 2776 920 2845 principatus,
975 2775 1397 2838 dominationes,
1448 2774 1794 2843 splendores,
1848 2786 2136 2837 ascensus,

562 2866 924 2935 intelligentes
968 2867 1226 2931 virtutes,
1282 2866 1366 2919 vel
1423 2874 1639 2920 mentes
1698 2865 1917 2934 potius,
1975 2879 2139 2934 puras

561 2965 803 3021 naturas,
837 2956 1167 3025 minimeque
1211 2955 1568 3019 adulterinas,
1607 2955 1670 3009 ad
1707 2954 1904 3008 malum
1944 2955 2137 3009 immo—

560 3048 719 3114 biles,
754 3048 840 3103 vel
864 3057 1010 3103 certe
1045 3063 1148 3102 non
1191 3047 1348 3101 facile
1382 3046 1627 3111 mobiles,
1660 3055 1951 3115 perpetuos
1994 3047 2129 3100 CllO-
2163 3082 2206 3139 Ο

561 3154 655 3195 ros
680 3139 823 3195 circa
848 3138 1156 3209 principem
1194 3138 1339 3192 illam
1378 3153 1595 3193 causam
1635 3138 1942 3206 agitantes;
1973 3136 2134 3206 522

568 3239 655 3283 aut
690 3228 758 3300 (si
787 3229 911 3297 quid
949 3228 1128 3298 aptius
1167 3229 1457 3298 quisquam
1506 3242 1696 3282 earum
1746 3226 1993 3281 laudibus
2046 3228 2140 3281 δυο

562 3317 845 3373 cantandis
873 3317 1067 3372 afferre
1089 3315 1297 3386 queat),
1358 3315 1652 3385 purissimo
1680 3313 1962 3382 splendore
1992 3312 2139 3366 illinc

558 3404 830 3477 perfusas,
872 3414 966 3460 aut
997 3420 1094 3474 pro
1129 3413 1333 3459 natura:
1372 3414 1425 3458 et
1475 3404 1682 3458 ordinis
1708 3403 1971 3471 cujusque
2006 3416 2136 3469 pro-

561 3496 830 3565 portione,
849 3496 985 3550 alias
1010 3495 1117 3551 alio
1140 3496 1301 3549 modo
1319 3494 1701 3557 collustratas;
1730 3507 1848 3561 qua:
1873 3507 1900 3544 a
1926 3506 2138 3546 summa

563 3588 654 3643 illa
701 3587 1102 3657 pulchritudine
1142 3586 1279 3642 adeo
1326 3584 1690 3639 informantur
1723 3593 1777 3637 et
1809 3582 2137 3652 imprimun-

564 3687 677 3741 tur,
707 3684 764 3730 ut
795 3677 926 3747 ipsa:
951 3677 1055 3730 alia
1091 3690 1310 3746 quoque
1343 3676 1550 3729 lumina
1591 3674 1914 3739 eﬂiciantur,
1947 3689 2011 3728 ac
2042 3688 2139 3743 per

564 3767 723 3836 primi
753 3767 970 3824 luminis
998 3766 1321 3822 inﬂuxioncs
1353 3773 1409 3821 et
1451 3767 1977 3821 communicationes
2002 3766 2139 3821 alios

567 3857 874 3911 illuminare
913 3856 1157 3926 possint;
1207 3871 1347 3925 quze,
1412 3870 1533 3910 cum
1588 3856 1784 3909 divina:
1847 3856 2139 3911 voluntatis

571 3946 833 4001 ministra:
874 3947 985 4001 sint
1023 3946 1069 4010 ⁵,
1095 3946 1399 4015 roboreque
1429 3961 1535 4000 non
1571 3946 1732 4000 modo
1761 3946 2013 4013 naturali,
2042 3947 2135 4002 sed

569 4038 731 4091 etiam
776 4036 1074 4091 adventitio
1129 4035 1382 4106 polleant,
1437 4036 1553 4090 loca
1597 4036 1779 4090 omnia
1813 4046 2132 4106 peragrant,

565 4130 818 4185 omnibus
853 4128 1054 4197 ubique
1082 4128 1308 4198 impigre
1332 4128 1552 4191 adsunt,
1586 4138 1695 4181 tum
1736 4129 1807 4183 ob
1846 4129 2133 4183 ministerii

565 4219 1073 4289 promptitudinem,
1132 4228 1243 4272 tum
1292 4220 1361 4272 ob
1416 4228 1620 4272 natura:
1662 4220 1971 4284 levitatem;
2018 4220 2137 4275 aliie

568 4310 733 4365 etiam
783 4307 942 4363 aliam
991 4311 1278 4377 quamdam
1320 4310 1468 4363 orbis
1508 4317 1715 4377 partem
1766 4310 2137 4378 complectun-

564 4408 671 4465 tur,
713 4410 807 4456 aut
844 4408 990 4456 certe
1016 4401 1138 4456 aliis
1173 4402 1415 4470 quaedam
1449 4416 1575 4468 pars
1621 4403 1907 4458 commissa
1934 4412 2041 4468 est,
2073 4412 2134 4459 ut

565 4492 738 4553 novit,
797 4490 887 4560 qui
937 4491 1051 4546 lnec
1096 4490 1368 4544 ordinavit
1418 4505 1483 4545 ac
1531 4491 1804 4557 distinxit;
1847 4494 1914 4548 ad
1963 4511 2129 4550 unum

634 4580 843 4635 ‘llebr.
874 4582 1062 4645 “,24.
1140 4581 1326 4637 'Psal.
1375 4598 1492 4643 cm,
1538 4584 1594 4638 4.
1688 4584 1888 4640 6llebr.
1930 4604 1970 4651 ι,
2010 4591 2097 4645 14.

2241 1866 2629 1937 ἀρχαγγέλους,
2675 1866 2914 1936 θρόνους,
2950 1866 3296 1939 κυριότητας.
3322 1867 3516 1937 ἀρχὰς,
3544 1868 3811 1932 ἐξουσίας,

2241 1957 2649 2029 λαμπρότητας,
2706 1957 3016 2020 ἀναϐάσεις.
3061 1958 3252 2029 νοερᾶς
3284 1959 3559 2029 δυνάμεις,
3587 1960 3623 2030 ἥ
3664 1960 3812 2023 νόας,

2244 2048 2489 2118 καθαρὰς
2519 2047 2707 2117 φύσεις
2753 2048 2849 2100 καὶ
2878 2044 3224 2121 ἀκιϐδήλους,
3258 2051 3546 2119 ἀκινήτους
3581 2050 3720 2120 πρὸς
3754 2052 3813 2103 τὸ

2243 2142 2440 2211 χεῖρον,
2486 2139 2519 2210 ἦ
2567 2139 2914 2210 δυσκινήτους
2940 2140 3050 2210 (96)
3097 2142 3225 2212 περ).
3270 2141 3331 2194 τὸ
3382 2141 3597 2212 πρῶτον
3647 2140 3818 2195 αἴτιον

2242 2232 2327 2284 ἀεὶ
2357 2231 2713 2302 χορευούσας·
2748 2230 2780 2301 ἦ
2830 2230 2947 2293 πῶς
2988 2232 3052 2285 ἄν
3097 2249 3181 2296 τις
3229 2231 3399 2295 αὐτὰς
3429 2233 3814 2303 ἀνυμνήσειεν,

2240 2321 2449 2375 ἐκεῖθεν
2493 2322 2908 2392 ὲλλαμπομένας
2939 2323 3037 2393 τὴν
3087 2324 3482 2396 καθαρωτάτην
3525 2324 3817 2395 ἔλλαμψιν,

2240 2415 2274 2486 ἦ
2305 2414 2479 2477 ἄλλως
2515 2415 2679 2485 ἄλλην
2717 2415 2858 2469 κατὰ
2899 2415 2997 2486 τὴν
3033 2416 3322 2484 ἀναλογίαν
3356 2419 3452 2487 τῆς
3481 2416 3698 2484 φύσεως
3723 2416 3818 2469 καὶ

2238 2505 2336 2574 τῆς
2388 2503 2626 2570 τάξεως·
2673 2502 2924 2557 τοσοῦτον
2974 2501 3051 2572 τῷ
3098 2502 3249 2572 καλῷ
3278 2502 3388 2572 (97)
3431 2500 3820 2574 μορφουμένας

2239 2598 2333 2650 καὶ
2361 2596 2723 2667 τυπουμένας,
2755 2595 2894 2648 ὥστε
2924 2595 3058 2649 ἄλλα
3098 2594 3343 2663 γίνεσθαι
3379 2594 3553 2663 φῶτα,
3597 2593 3697 2646 καὶ
3726 2592 3821 2645 ἆλ-

2238 2689 2362 2752 λους
2394 2688 2642 2757 φωτίζειν
2666 2686 2923 2741 δύνασθαι
2946 2688 3066 2751 ταῖς
3090 2687 3185 2739 τοῦ
3213 2684 3429 2758 πρώτου
3459 2685 3637 2754 φωτὸς
3665 2685 3823 2755 ὲπιρ·

2243 2784 2391 2852 ῥοαῖς
2421 2799 2478 2833 τε
2510 2781 2602 2834 καὶ
2637 2780 2934 2832 διαδόσεσιν
2957 2794 2969 2807 ⁸
3006 2778 3352 2848 λειτουργοὺς
3398 2778 3542 2830 θείου
3577 2776 3824 2847 θελήμα-

2239 2888 2349 2935 τος,
2389 2870 2617 2933 δυνατὰς
2673 2870 2816 2941 ἰσχύϊ
2863 2872 3066 2941 φυσικῇ
3111 2886 3171 2921 τε
3225 2869 3320 2922 καὶ⁵
3372 2869 3656 2939 ὲπικτήτῳ
3685 2866 3822 2939 (98),

2240 2962 2415 3018 πάντα
2461 2962 2945 3032 ἐπιπορευομένας,
3000 2962 3134 3015 πᾶσι
3184 2959 3459 3031 πανταχοῦ
3511 2960 3805 3030 παρούσας

2240 3054 2488 3125 ἑτοίμως,
2535 3053 2814 3125 προθυμίᾳ
2864 3070 2924 3105 τε
2968 3052 3330 3123 λειτουργίας,
3383 3052 3478 3104 καὶ
3518 3050 3825 3121 κουφότητι

2240 3143 2484 3212 φύσεως·
2532 3144 2693 3207 ἄλλας
2742 3144 2869 3198 ἄλλο
2914 3161 2966 3196 τι
2999 3144 3097 3214 τῆς
3126 3144 3448 3214 οἰκουμένης
3492 3143 3663 3215 μέρος
3696 3142 3830 3195 διει-

2238 3232 2493 3303 ληφυίας,
2520 3233 2551 3302 ἦ
2577 3233 2720 3301 ἄλλῳ
2745 3235 2852 3286 τινί
2875 3234 2986 3302 (99)
3009 3234 3103 3287 τοῦ
3135 3236 3332 3299 παντὸς
3362 3235 3826 3305 ἐπιτεταγμένας,

2235 3325 2312 3389 ώς
2339 3321 2477 3377 οἶδεν
2504 3328 2532 3378 ὁ
2561 3325 2730 3378 ταῦτα
2772 3326 2939 3393 τάξας
2962 3325 3037 3398 (l)
3070 3327 3165 3380 καὶ
3200 3326 3472 3398 διορίσας·
3515 3326 3705 3379 πάντα
3752 3328 3831 3390 εἰς

2237 3417 2295 3470 ἓν
2326 3417 2586 3486 ἁγοῦσας,
2624 3419 2760 3488 πρὸς
2797 3419 2924 3491 μίαν
2966 3419 3245 3472 σύννευσιν
3274 3418 3367 3472 τοῦ
3402 3420 3472 3473 τὰ
3502 3420 3691 3473 πάντα
3732 3420 3799 3488 δη

2242 3512 2667 3579 μιουργήσαντος
2687 3528 2700 3541 ο
2726 3509 3005 3581 ὑμνῳδοὺς
3034 3509 3183 3573 θείας
3214 3509 3659 3581 μεγαλειότητος,
3690 3510 3837 3563 θεω-

2243 3600 2366 3670 ροὺς
2396 3600 2553 3669 δόξης
2587 3600 2757 3653 ἀϊδίου
2792 3601 2886 3654 καὶ
2921 3600 3125 3664 ἀϊδίως,
3159 3601 3257 3670 οὐχ
3290 3599 3378 3653 ἵνα
3407 3578 3649 3670 δοξασθῇ
3696 3598 3836 3660 Θεὸς

2240 3690 2322 3759 (οὐ
2355 3691 2462 3763 γάρ
2509 3693 2654 3745 ἐστιν
2708 3693 2736 3745 ὃ
2784 3692 3214 3764 προστεθήσεται
3252 3692 3329 3762 τῷ
3362 3691 3579 3761 πλήρει,
3621 3691 3707 3761 τῷ
3741 3691 3839 3745 καὶ

2238 3785 2348 3844 τοῖς
2376 3782 2554 3846 ἄλλοις
2582 3783 2802 3855 χορηγῷ
2830 3784 2937 3837 τών
2960 3784 3186 3850 καλῶν),
3211 3783 3324 3836 ἀλλ’
3349 3784 3435 3836 ἵνα
3465 3783 3538 3853 μὴ
3572 3782 3755 3854 λείπῃ
3776 3783 3839 3835 τὸ

2238 3872 2641 3944 εὐεργετεῖσθαι
2682 3877 2775 3928 καὶ
2812 3879 2931 3937 ταῖς
2974 3874 3219 3947 πρώταις
3255 3874 3393 3944 μετά
3425 3874 3557 3927 Θεὸν
3602 3876 3837 3945 φύσεσι.

2239 3964 2420 4017 Ταῦτα
2454 3967 2502 4017 εί
2539 3966 2637 4035 μὲν
2682 3966 2816 4036 πρὸς
2850 3964 3005 4030 ἀξίαν
3053 3966 3308 4037 ὕμνηται,
3361 3968 3459 4036 τῆς
3503 3967 3753 4037 Τριάδος
3806 3968 3839 4037 ἡ

2236 4057 2416 4133 χάρις,
2441 4058 2658 4126 καὶτῆς
2690 4061 2819 4126 μιᾶς
2847 4060 2904 4112 ἐν
2928 4062 3037 4122 τοῖς
3061 4059 3208 4131 τρισὶ
3235 4060 3486 4129 Θεότητος
3506 4077 3519 4091 ·
3558 4061 3612 4112 εἱ
3648 4060 3716 4112 δὲ
3742 4061 3844 4130 τῆς

2236 4148 2528 4219 ἐπιθυμίας
2557 4150 2632 4217 (2)
2678 4150 3033 4223 ἐνδεέστερον,
3065 4151 3177 4221 ἔχει
3206 4153 3267 4203 τὸ
3318 4153 3471 4221 νικᾷν
3518 4153 3619 4205 καὶ
3654 4152 3845 4213 οὕτως

2234 4236 2264 4289 δ
2292 4237 2466 4304 λόγος.
2504 4238 2674 4292 Τοῦτο
2714 4241 2822 4310 γὰρ
2859 4240 3153 4310 ἠγωνίζετο
3197 4242 3562 4311 παραστῆσαι.
3610 4242 3707 4294 ὅτι
3746 4240 3844 4295 νοῦ

2237 4329 2519 4398 κρείττων,
2568 4330 2663 4383 καὶ
2703 4332 2736 4401 ἡ
2781 4331 2888 4384 τῶν
2926 4332 3193 4402 δευτέρων
3242 4333 3426 4401 φύσις,
3473 4332 3547 4401 μὴ
3600 4334 3697 4387 ὅτι
3743 4335 3845 4404 τῆς

2240 4416 2459 4489 πρώτης
2492 4420 2585 4474 καί
2618 4420 2805 4492 μόνης,
2840 4421 2981 4475 ὀκνῶ
3010 4422 3117 4494 γὰρ
3143 4422 3218 4493 (⁸5)
3250 4425 3442 4486 εἰπεῖν,
3476 4423 3629 4495 ὑπὲρ
3660 4425 3850 4478 ᾶπαν-

2237 4523 2305 4561 τα
2334 4509 2434 4578 (4).

632 4672 745 4743 (92)
771 4673 1618 4758 'Qapaxdyrwlrw.Comhelisius
1640 4686 1822 4730 censet
1850 4676 2127 4746 legendum
2162 4689 2206 4743 Ι)
2240 4703 2260 4758 ι
2302 4683 2398 4758 Dei
2442 4685 2645 4758 auxilio
2679 4694 2750 4758 et
2799 4686 2993 4758 gratia,
3029 4689 3223 4756 quibus
3270 4700 3454 4742 natura
3511 4690 3847 4758 perficitur.

565 4741 979 4810 παρακῦψομεν.

662 4813 749 4887 95)
802 4811 1209 4881 Ἐπουράνιον.
1243 4831 1262 4863 ι
1293 4811 1600 4878 (Σωιοειειιι,
1630 4830 1649 4863 ι
1690 4813 1739 4866 id
1763 4823 1846 4869 est
1877 4835 1895 4867 ι
1932 4834 2048 4887 quae
2074 4822 2127 4875 in

565 4884 706 4937 coelo
741 4892 999 4935 verso-tur.
1030 4901 1047 4931 ι

640 4951 746 5019 (94)
788 4951 1138 5018 Κιιθάρσιος.
1177 4951 1231 5005 lu
1257 4951 1598 5016 quibusdam,
1628 4950 1913 5021 κάθαρσις.

660 5021 747 5089 95)
799 5022 976 5090 Ἐπεί.
1015 5022 1140 5088 Reg.
1174 5038 1223 5083 a,
1255 5021 1460 5090 ἐπειδή.

654 5092 743 5159 96)
783 5093 850 5143 "H
867 5089 1289 5157 δυσκινήτους.
1329 5107 1348 5141 ι
1390 5089 1478 5159 Vel
1512 5099 1657 5145 certe
1687 5106 1788 5144 non
1825 5090 1980 5147 facile
2013 5112 2128 5151 mo-

566 5158 774 5215 biles.»
818 5160 872 5213 ld
901 5162 1128 5213 refertur
1167 5162 1231 5212 ad
1278 5158 1509 5214 Luciferi
1550 5160 1775 5227 lapsum.
1806 5160 1953 5218 Nunc
1983 5169 2125 5221 enim
2228 5169 2342 5226 des.

564 5230 628 5283 ad
656 5230 851 5303 malum
879 5228 1177 5283 immobiles
1202 5241 1326 5281 sunt
1346 5229 1515 5303 angeli
1544 5245 1639 5303 per
1656 5244 1965 5287 concessam
1994 5238 2124 5303 ipsis

565 5300 881 5368 constantia:
913 5312 976 5368 ac
1001 5299 1411 5368 perseverantia:
1439 5302 1686 5368 gratiam.

634 5365 1087 5443 (θη-Τοσοῦτον
1114 5364 1191 5443 τῷ
1215 5365 1398 5443 καλῷ,
1424 5364 1528 5421 εἰς.
1566 5387 1584 5419 ι
1613 5368 1821 5443 Quibus
1844 5380 1991 5427 tanta
2018 5374 2133 5443 pul-

565 5436 886 5512 chritudinis
915 5438 1064 5512 copia
1111 5439 1183 5489 sit
1222 5438 1511 5512 impressa,
1538 5447 1594 5512 ut
1625 5441 1942 5512 secundaria
1982 5436 2133 5512 quaa-

564 5507 687 5562 dam
744 5507 942 5560 lumina
993 5506 1121 5572 sint,
1174 5521 1258 5567 ac.
1286 5520 1379 5572 per
1433 5507 1588 5575 primi
1630 5507 1844 5566 luminis
1885 5506 2025 5568 rivos
2077 5525 2128 5570 et

565 5576 918 5654 scaturigines
962 5577 1028 5629 ad
1074 5590 1133 5630 se
1183 5585 1484 5645 manantes,
1513 5577 1647 5633 alios
1691 5579 1957 5638 illustrare
2009 5599 2131 5654 pos-

564 5646 695 5699 sint.
729 5662 749 5696 ι

636 5711 749 5783 (98)
798 5713 1132 5781 Ἐπικτήτῳ.
1192 5732 1210 5767 t
1250 5714 1556 5774 Adventitio
1608 5718 1821 5787 robore,
1872 5739 1891 5773 ι
1939 5723 1994 5779 Id
2043 5735 2126 5780 est

2234 4754 2782 4838 Advettllitiumletiam
2806 4755 2910 4835 dici
2941 4754 3190 4838 pot_esl,_r
3224 4754 3847 4838 inquitpoinbelisius.

2237 4841 2257 4872 ι
2294 4823 2433 4890 quod
2464 4825 2637 4890 angeli
2664 4825 2969 4890 superiores
2998 4823 3310 4881 illuminant
3336 4829 3646 4896 subjectos,
3691 4833 3851 4900 quod

2234 4892 2304 4943 illi
2345 4892 2440 4959 ipsi
2485 4908 2514 4944 a
2554 4893 2660 4947 Deo
2693 4894 3076 4959 illuminantur,
3114 4908 3167 4950 et
3202 4898 3335 4952 fiunt
3370 4901 3742 4956 robustiores
3781 4905 3853 4954 ad

2235 4909 2304 4943 nn
2346 4909 2440 4959 ψει
2485 4909 2514 4944 a
2554 4909 2660 4947 ueo
2693 4909 3076 4959 tuumtuautttr,
3114 4909 3167 4950 et
3202 4909 3335 4952 liunt
3370 4909 3742 4956 robustiores

2231 4961 2629 5028 cognoscendas
2653 4972 2829 5017 certas
2854 4966 3127 5020 veritates.
3166 4985 3183 5018 ι

2303 5029 2413 5110 (99)
2454 5032 2522 5110 ’ςΗ
2543 5030 2874 5110 ἄλλῳτινί,
2903 5045 3020 5110 etc._
3041 5053 3060 5086 ι
3096 5036 3328 5110 Sive‘alii
3352 5036 3598 5103 cuipiam
3638 5056 3848 5094 rerum

2232 5098 2477 5183 I_Jniversi
2508 5104 2849 5183 priepositas;
2882 5122 2900 5155 ι
2935 5105 3234 5183 cuiusmodi
3266 5115 3391 5183 sunt
3422 5098 3613 5175 angeli
3649 5123 3857 5165 custo—

2384 5172 2524 5239 quod
2552 5171 2736 5227 Billins
2768 5188 2872 5227 non
2905 5171 3035 5228 satis
3061 5176 3333 5231 distinxit.

2301 5238 2377 5311 (l)
2402 5238 2631 5311 Τάξας.
2657 5242 2867 5307 Comb.,
2894 5244 3171 5310 ἐπιτάξας.

2302 5309 2378 5380 (2)
2430 5310 2856 5383 Ἐπιθυμίας.ῃι
2906 5309 3090 5368 Meas)
3136 5313 3340 5369 scilicet
3375 5333 3394 5368 ι
3441 5316 3792 5383 cupiditati,
3834 5338 3857 5372 ι

2232 5382 2315 5462 vel
2367 5398 2386 5432 ι
2436 5380 2685 5438 aliorum.
2730 5402 2748 5434 ι
2797 5380 3037 5453 Utroque
3089 5384 3247 5439 modo
3294 5384 3441 5440 Elias
3498 5380 3562 5440 id
3621 5388 3857 5445 intelli-

2230 5460 2378 5591 g"('25)
2428 5520 2607 5574 ’οκνῶ
2635 5520 2765 5591 γάρ.
2797 5521 2943 5591 Elias
2964 5522 3109 5578 hunc
3127 5522 3304 5579 locum
3332 5537 3397 5579 ex
3433 5522 3698 5582 aliorum
3727 5544 3863 5584 sen-

2230 5590 2391 5647 tentia
2419 5590 2496 5645 sic
2522 5590 2743 5660 expauit
2787 5610 2801 5646 :
2838 5611 2855 5643 ι
2902 5590 3025 5647 Vult
3054 5594 3270 5662 quidem
3301 5593 3617 5665 Gregorius
3660 5602 3866 5651 dicere

3574 5679 3865 5723 naturam

2295 5730 2372 5799 (4)
2414 5728 2689 5784 'Anarra.
2719 5731 2842 5803 Reg.
2874 5732 3059 5804 Cypr.,
3085 5734 3354 5798 ἅπαντας.
