4038 6338
271 370 330 425 π
1288 366 1545 423 onmo
1581 368 1777 423 xm.
1819 397 1885 410 —
1926 366 2371 424 THEOLOGICA
2416 368 2503 424 ut.
3290 336 3291 339 γ
3439 386 3504 441 7s

326 484 395 539 Ρ.
421 483 561 536 Πότε
592 480 823 553 ruﬁ-1&3)
873 482 1072 548 ταῦτας
1134 484 1304 554 ’Υπὲρ
1341 484 1402 537 τὸ
1440 487 1583 537 πότε
1620 484 1791 538 ταῦτα
1819 502 1831 513 ³

2010 483 2099 539 lll.
2144 484 2248 539 Sed
2295 488 2513 554 quando
2553 486 2704 543 lucc?
2742 489 2999 561 inquient.
3081 492 3339 550 Nimirum
3391 499 3506 555 haec

262 578 303 629 εἰ
321 575 371 628 δὲ
392 576 473 628 δεῖ
490 592 541 626 τι
565 575 658 628 καὶ
684 574 1072 647 νεανικώτερον
1085 574 1195 645 (24)
1224 577 1418 638 εἰπεῖν,
1446 576 1533 628 ὅτε
1571 577 1598 628 6
1619 576 1827 646 Πατήρ.

262 668 387 719 Πότε
409 666 465 719 δὲ
490 667 518 717 6
549 668 771 737 Πατήρ;
803 666 915 719 Οὐκ
944 663 1032 735 ἦν,
1059 668 1149 719 ὅτε
1176 667 1275 720 οὐκ
1299 664 1386 736 ἦν.
1426 664 1595 719 Τοῦτο
1617 661 1709 718 οὖν
1740 666 1832 719 καὶ

257 762 279 812 ἑ
310 758 450 821 Υἱὸς,
500 758 595 810 καὶ
631 757 690 808 τὸ
723 756 946 826 Πνεῦμα
984 755 1044 809 τὸ
1096 755 1269 824 ἅγιον.
1318 754 1487 808 Πάλιν
1532 754 1711 825 ἐρώτα
1742 770 1828 824 με,

259 849 341 900 καὶ
366 847 526 899 πάλιν
550 844 954 916 ἀποκρινοῦμαί
978 862 1079 899 σοι.
1110 846 1245 898 Πότε
1271 847 1299 898 ὀ
1326 845 1449 909 Υἱὸς
1479 844 1831 915 γεγέννηται;

259 939 377 990 Ὅτε
399 938 427 988 6
458 935 649 1006 Πατὴρ
674 936 734 987 οὐ
768 936 1113 1006 γεγέννηται.
1139 936 1276 989 Πότε
1304 936 1361 989 δὲ
1386 936 1446 987 τὸ
1473 933 1700 1005 Πνεῦμα
1717 934 1830 1005 (‘25)

255 1029 682 1099 ὲκπεπόρευταις
727 1029 853 1080 Ὅτε
884 1029 913 1080 6
942 1028 1068 1091 Υἱὸς
1109 1029 1208 1080 οὑκ
1250 1028 1673 1099 ὲκπεπόρευται,
1697 1028 1833 1080 ἀλλὰ

253 1121 568 1189 γεγέννηται
598 1120 863 1192 ἀχρόνως,
896 1121 991 1173 καὶ
1026 1119 1166 1190 ὑπὲρ
1192 1119 1348 1188 λόγον
1367 1134 1381 1149 ·
1416 1122 1464 1172 εἰ
1493 1121 1587 1173 καὶ¹
1630 1119 1704 1191 μὴ
1744 1119 1834 1173 δυ-

251 1210 452 1280 νάμεθα
476 1211 536 1264 τὸ
570 1211 712 1282 ὑπὲρ
742 1211 932 1281 χρόνον
964 1211 1337 1282 παραστῆσαι,
1377 1211 1624 1275 θέλοντες
1651 1228 1831 1283 χρονι-

250 1300 343 1371 χὴν
374 1303 645 1370 ἐκφυγεῖν
681 1300 939 1371 ἔμφασιν.
975 1302 1048 1354 Τὸ
1081 1302 1190 1374 γὰρ
1218 1302 1338 1367 ὅτε,
1371 1302 1464 1355 καὶ
1491 1303 1607 1371 πρὸ
1633 1297 1831 1368 τοῦδε,

249 1394 335 1445 καὶ
376 1392 535 1461 μετὰ
582 1393 786 1457 ταῦτα,
830 1393 925 1445 καὶ
969 1392 1405 1463 ἀπαρχῆςθϐ),
1458 1393 1556 1445 οὐκ
1607 1392 1831 1464 ἄχρονα,

250 1483 343 1535 κᾶν
365 1484 450 1535 ὅτι
481 1482 718 1552 μάλιστα
752 1480 1071 1552 βιαξώμεθα
1091 1498 1104 1512 ’
1142 1482 1280 1552 πλὴν
1312 1485 1359 1535 εἰ
1388 1482 1446 1536 τὸ
1468 1483 1579 1552 (27)
1611 1500 1821 1553 παρεκ-
1860 1478 1863 1481 ’

248 1574 555 1643 τεινόμενον
602 1573 716 1643 (28)
762 1576 877 1636 τοῖς
931 1574 1124 1637 ἀϊδίοις
1184 1573 1461 1644 διάστημα
1515 1573 1608 1626 τὸν
1662 1574 1834 1627 αἰῶνα

247 1664 640 1734 λαμϐάνωμεν,
688 1664 749 1717 τὸ
791 1664 866 1734 μὴ
907 1664 1117 1733 κινήσει
1168 1663 1293 1726 τινὶ,
1338 1662 1469 1734 μηδὲ
1515 1663 1663 1734 ἡλίου
1694 1665 1834 1735 φορᾷ

250 1756 605 1826 μεριζόμενον
653 1755 745 1808 καὶ
797 1754 1186 1826 μετρούμενον,
1219 1754 1356 1823 ὅπερ
1397 1755 1425 1806 ὁ
1462 1753 1672 1824 χρόνος.
1706 1754 1833 1818 Πῶς

1934 589 2094 642 supra
2120 576 2337 645 quando
2360 586 2504 631 sunt.
2532 578 2683 644 Quod
2714 581 2756 635 si
2788 582 2952 637 etiam
2986 587 3367 644 audaciuscule
3391 590 3495 645 ali-

1933 665 2061 733 quid
2116 666 2404 720 dicendum
2457 676 2560 734 est,
2622 678 2729 722 tum
2784 671 2899 726 haec
2942 685 3121 739 erant,
3168 690 3292 731 cum
3338 677 3502 734 Pater

1937 767 2075 811 eral.
2123 758 2350 824 Quando
2397 770 2577 813 autem
2630 760 2825 815 Pater?
2884 763 3164 835 Nunquam
3216 784 3322 823 non
3381 770 3506 827 fuit.

1934 847 2075 902 Idem
2120 848 2186 900 de
2232 846 2391 912 Filio,
2436 848 2576 902 idem
2631 849 2696 903 de
2744 850 2945 921 Spiritu
2976 862 3165 910 sancto
3201 868 3506 927 promptum

1934 946 2018 993 est
2064 936 2264 992 dicere.
2311 938 2463 1005 Quod
2511 940 2555 995 si
2601 955 2787 995 rursus
2836 955 2921 995 me
2974 944 3289 1015 interroges,
3318 964 3506 1004 rursus

1937 1029 2031 1083 tibi
2082 1029 2447 1099 respondebo.
2480 1029 2704 1097 Quando
2749 1031 2921 1088 Filius
2974 1036 3184 1104 genitus
3224 1040 3342 1093 est?
3370 1038 3502 1094 Cum

1936 1120 2095 1175 Pater
2139 1120 2354 1191 genitus
2397 1136 2502 1176 non
2564 1132 2667 1177 est.
2698 1122 2922 1190 Quando
2951 1123 3181 1195 Spiritus
3209 1132 3508 1198 processit?

1934 1210 2069 1265 Tum
2119 1225 2237 1265 cum
2288 1210 2457 1266 Filius
2499 1227 2604 1267 non
2651 1215 2937 1282 processit,
2981 1219 3074 1273 sed
3119 1220 3255 1274 citra
3296 1231 3504 1292 tempus

1935 1301 2125 1366 ullum,
2178 1317 2242 1357 ac
2274 1318 2435 1373 supra
2466 1318 2680 1359 omnem
2732 1307 2958 1362 rationis
3003 1309 3250 1366 humana:
3291 1321 3505 1381 captum

1934 1392 2147 1462 genitus
2197 1401 2315 1447 est:
2346 1396 2507 1449 etiam
2555 1396 2597 1450 si
2649 1396 2703 1452 id
2755 1398 2898 1465 quod
2954 1415 3114 1469 supra
3159 1409 3368 1471 tempus
3400 1414 3503 1470 est,

1936 1480 2218 1535 declarare
2257 1482 2557 1551 cupientes,
2593 1486 2940 1555 temporalem
2976 1488 3210 1557 speciem
3238 1505 3301 1544 ac
3336 1489 3506 1560 signi-

1939 1570 2244 1626 licationem
2294 1572 2480 1642 fugere
2529 1589 2876 1644 nequeamus.
2929 1576 3140 1632 Etenim
3188 1581 3270 1633 ha:
3325 1594 3503 1643 voces.

1933 1661 2161 1730 quando,
2212 1663 2453 1729 antehac,
2512 1664 2746 1731 posthac,
2798 1682 2831 1719 a
2880 1666 3178 1736 principio,
3249 1672 3506 1740 temporis

1936 1754 2245 1822 neutiquam
2323 1763 2570 1823 expertes
2618 1765 2763 1823 sunt,
2816 1772 3190 1828 quamcunque
3248 1761 3354 1814 vim
3403 1762 3507 1817 illis

243 1844 331 1902 οὖν
350 1849 409 1901 οὑ
445 1848 781 1919 συνάναρχα,
810 1850 858 1900 εἰ
888 1846 1167 1912 συναῖδια;
1203 1847 1323 1899 Ὅτι
1366 1846 1593 1913 ἐκεῖθεν,
1646 1847 1694 1899 εἰ
1744 1848 1835 1900 καὶ

1940 1840 2277 1906 inferamus;
2337 1842 2439 1897 nisi
2473 1843 2613 1898 forte
2661 1860 2833 1900 aevum
2884 1850 3232 1919 accipiamus,
3270 1852 3371 1907 ltoc
3400 1863 3507 1918 est,

246 1938 315 2010 μὴ
347 1940 469 2009 μετ’
488 1942 697 1993 ἐκεῖνον
722 1939 857 2008 (29).
881 1940 956 1991 T6
985 1938 1083 2009 μὲν
1107 1938 1214 2010 γὰρ
1238 1938 1490 2009 ἄναρχον,
1520 1939 1612 1991 καὶ
1640 1939 1828 1992 ἀΐδιον·

242 2031 298 2083 τὸ
327 2031 382 2083 δὲ
405 2031 608 2094 ἀΐδιον,
653 2030 713 2082 οὐ
762 2030 981 2093 πάντως
1013 2030 1268 2101 ἄναρχον,
1302 2029 1406 2093 ἕως
1446 2030 1511 2082 ἂν
1541 2031 1620 2092 εἰς
1660 2030 1832 2101 ἀρχὴν

242 2122 582 2193 ἀναφέρηται
605 2122 696 2174 τὸν
725 2122 964 2194 Πατέρα.
998 2122 1111 2175 Οὐκ
1142 2120 1356 2193 ἄναρχοι
1400 2116 1493 2175 οὖν
1526 2122 1602 2192 τῷ
1631 2123 1789 2192 αἰτίῳ
1814 2140 1829 2153 ο

238 2212 391 2281 δῆλον
427 2213 491 2265 δὲ
526 2213 589 2264 τὸ
627 2212 824 2275 αἴτιον,
853 2211 928 2274 ὡς
955 2211 1018 2266 οὐ
1068 2212 1287 2274 πάντως
1324 2209 1691 2281 πρεσϐύτερον
1719 2211 1829 2263 τῶν

237 2298 309 2358 ὧν
335 2307 490 2357 ἐστιν
515 2304 628 2375 (50)
661 2304 831 2357 αἴτιον
853 2318 866 2332 ⁸
894 2303 1016 2356 οὐδὲ
1042 2303 1150 2373 γὰρ
1173 2302 1267 2356 τοῦ
1293 2302 1487 2372 φωτὸς,
1519 2302 1687 2372 ἥλιος.
1717 2305 1827 2355 Καὶ

235 2398 450 2468 ἀναρχά
506 2414 623 2461 πως
672 2395 750 2466 τῷ
793 2396 989 2466 χρόνῳ,
1033 2395 1135 2449 κᾶν
1180 2396 1244 2447 σὺ
1297 2392 1644 2465 μορμολύττῃ
1697 2396 1830 2465 τοὺς

236 2487 671 2558 ἁπλουστέρους
704 2486 764 2539 οὐ
789 2485 899 2556 γὰρ
928 2484 1033 2539 ὑπὸ
1060 2483 1250 2556 χρόνον
1277 2482 1346 2535 τὰ
1399 2480 1456 2547 ἐξ
1505 2476 1579 2535 ὦν
1621 2483 1649 2534 6
1698 2482 1827 2555 χρό-

239 2596 342 2642 νος.

1940 1933 2280 1987 intervallum
2335 1933 2484 2000 illud,
2534 1937 2676 2003 quod
2710 1938 2865 1991 simul
2904 1954 3024 1993 cum
3083 1944 3242 1997 rebus
3292 1946 3505 1999 mternis

1937 2026 2269 2091 extenditur,
2322 2039 2420 2081 nec
2471 2026 2579 2081 ullo
2630 2037 2799 2093 moltt,
2838 2040 2930 2084 aut
2974 2031 3104 2087 solis
3146 2047 3305 2088 cursu
3344 2036 3507 2104 (quod

1940 2119 2157 2186 quidem
2199 2127 2410 2186 tempus
2456 2116 2579 2189 est),
2627 2119 2898 2177 delinitur.
2950 2121 3090 2189 Quid
3146 2124 3308 2196 525
3352 2141 3504 2197 ergo,

1935 2209 2167 2278 inquies,
2212 2209 2255 2263 si
2285 2208 2453 2265 Filius
2489 2219 2542 2264 et
2574 2208 2807 2279 Spiritus
2839 2222 3056 2267 sanctus
3084 2212 3226 2268 Patri
3256 2217 3505 2269 coaeterni

1935 2309 2079 2364 sunt,
2122 2300 2252 2369 quid
2300 2299 2482 2356 alfcrri
2530 2310 2731 2369 potest,
2782 2303 2910 2371 quin
2964 2304 3211 2373 principii
3263 2320 3503 2374 quoque,

1935 2390 2389 2460 quemadmodum
2428 2400 2482 2445 et
2523 2391 2630 2454 ille,
2670 2392 2778 2446 sint
2808 2394 3091 2461 expertes?
3128 2393 3264 2461 Quia
3296 2395 3362 2449 ab
3394 2396 3509 2463 ipso

1936 2493 2083 2548 sunt,
2133 2482 2260 2537 licet
2306 2498 2412 2537 non
2461 2493 2583 2553 post
2624 2482 2819 2552 ipsum.
2868 2484 3018 2550 Quod
3060 2486 3202 2540 enim
3245 2486 3510 2556 principio

1935 2583 2103 2638 caret,
2139 2580 2398 2626 aeternum
2428 2587 2640 2641 quoque
2674 2583 2798 2627 est:
2845 2574 2986 2642 quod
3023 2583 3199 2630 autem
3235 2588 3499 2631 aeternum

239 2681 338 2735 est,
373 2685 486 2725 non
515 2669 766 2738 protinus
796 2681 1010 2738 quoque
1067 2665 1333 2736 principio
1367 2675 1546 2733 vacat,
1583 2665 1821 2736 quandiu
1862 2665 1928 2717 ad
1965 2663 2209 2729 Patrem,
2253 2663 2404 2718 velut
2460 2665 2527 2718 ad
2568 2664 2889 2734 principium
2930 2674 2984 2719 et
3023 2666 3307 2736 originem,
3340 2667 3511 2724 refer-

237 2776 345 2821 tur.
398 2765 551 2834 Ergo
590 2762 685 2829 illi,
726 2774 985 2832 quantum
1024 2763 1091 2816 ad
1124 2738 1365 2827 causam,
1405 2759 1672 2830 principio
1709 2759 1929 2814 minime
1981 2768 2193 2813 carent.
2265 2758 2617 2827 Perspicuum
2699 2766 2878 2812 autem
2934 2767 3049 2821 est,
3121 2774 3336 2814 causam
3404 2775 3511 2819 non

236 2854 501 2910 continuo
534 2852 893 2921 antiquiorem
940 2862 1061 2904 esse
1109 2849 1199 2907 iis.
1244 2863 1471 2918 quorum
1508 2862 1672 2905 causa
1707 2859 1821 2915 est;
1863 2863 2038 2918 neque
2063 2849 2204 2903 enim
2271 2848 2349 2903 sol
2415 2848 2587 2903 lucem
2618 2858 2855 2917 tempore
2922 2850 3210 2905 antecedit.
3240 2850 3509 2917 Quantum

237 2960 419 3006 autem
450 2948 521 3003 ad
555 2957 786 3016 tempus,
829 2946 1080 3015 principii
1126 2956 1379 3014 expertes
1449 2954 1594 3006 sunt.
1663 2944 1787 2999 licet
1857 2954 1909 2999 ttt
1950 2946 2237 3000 verborum
2287 2944 2452 3000 larvis
2488 2944 2844 3015 simpliciores
2874 2946 3083 3002 animos
3111 2948 3344 3003 territes.
3389 2947 3497 3006 Nec

235 3034 377 3094 enim
403 3037 638 3109 tempori
659 3032 885 3091 subsunt
906 3049 991 3100 ea,
1014 3049 1077 3089 ex
1104 3035 1296 3104 quibus
1314 3046 1522 3105 tempus
1543 3035 1809 3105 originem
1849 3035 2098 3104 sumpsit.

303 3174 383 3226 A'.
424 3156 555 3233 Πῶς
580 3161 673 3222 οῦν
706 3168 806 3221 οὐκ
842 3166 1094 3239 ἐμπαθὴς
1133 3169 1165 3239 ἡ
1205 3168 1491 3241 γέννησις;
1528 3172 1649 3223 Ὅτι
1688 3169 1831 3223 ἀσώ-
1859 3182 1901 3239 c

237 3284 431 3339 ματος.
462 3265 529 3317 Εἰ
556 3264 666 3334 γὰρ
687 3264 720 3335 ἡ
744 3261 1056 3334 ἑνσώματος
1084 3262 1355 3333 ἐμπαθὴς,
1390 3263 1605 3334 ἀπαθὴς
1634 3266 1665 3333 ἡ
1689 3263 1834 3316 ἀσώ-

239 3373 439 3428 ματος.
520 3348 663 3423 Ἐγὼ
712 3353 771 3407 δέ
827 3370 886 3406 σε
939 3353 1346 3424 ἁντερήσομαι·
1392 3352 1518 3417 Πῶς
1565 3353 1717 3418 Θεὸς,
1786 3355 1833 3406 εἰ

236 3447 491 3518 xci-311a;
537 3445 610 3499 Οὐ
646 3443 755 3516 γὰρ
785 3444 917 3507 Θεὸς
965 3443 1026 3497 τὸ
1067 3442 1411 3514 κτιζὸμενοψ
1445 3443 1530 3496 ἵνα
1563 3444 1638 3512 μὴ
1670 3442 1840 3510 λέγων

234 3540 318 3592 ὅτι
355 3535 644 3592 κάνταῦθα
672 3536 862 3600 πάθος,
888 3536 951 3590 ἂν
980 3534 1306 3607 σωματικῶς
1334 3534 1698 3606 λαμϐάνηται,
1726 3531 1834 3589 οἷον

236 3632 438 3703 χρόνος
462 3670 478 3694 ,
509 3629 713 3699 ἔφεσις,
765 3628 1144 3695 ἀνατύπωσις,
1178 3626 1398 3697 φροντὶς
1418 3666 1432 3690 ,
1468 3625 1638 3688 ἐλπὶς,
1668 3624 1832 3695 λύπη,

234 3725 529 3785 κίνδυνος,
560 3719 860 3790 ἀποτυχία,
894 3719 1208 3791 διόρθωσις’
1243 3718 1278 3772 ἃ
1320 3717 1497 3772 πάντα
1537 3719 1629 3771 καὶ
1667 3718 1837 3771 πλείω

236 3816 452 3869 τούτων
486 3814 615 3884 περὶ
646 3813 744 3883 τὴν
771 3813 946 3867 κτίσιν
975 3812 1107 3882 (51),
1132 3811 1206 3875 ὼς
1234 3812 1399 3865 πᾶσιν
1428 3809 1667 3882 εὔδηλον.
1692 3811 1834 3865 Θαυ-

238 3905 405 3975 μάηζω
444 3904 527 3971 δὲ,
558 3904 639 3957 ὅτι
677 3904 753 3974 μὴ
782 3904 874 3956 καὶ
904 3902 1059 3956 τοῦτο
1090 3903 1312 3974 τολμᾷς,
1350 3902 1720 3973 συνδυασμούς
1759 3921 1838 3956 τις

236 4015 337 4060 νας
372 3998 585 4051 ἐννοεῖν
619 3996 756 4067 (52),
803 3997 897 4049 καὶ
940 3996 1165 4066 χρόνους
1218 3996 1489 4068 κυήσεως,
1527 3996 1621 4051 καὶ
1658 3995 1837 4048 κινδύ-

233 4106 368 4152 νους
426 4085 790 4158 ἁμϋλῶσεως,
822 4086 898 4150 ὡς
938 4087 1059 4141 οὐδὲ
1092 4091 1285 4158 γεννᾷν
1319 4086 1615 4159 ἐγχωροῦν,
1670 4088 1717 4139 εἰ
1762 4085 1835 4158 μὴ

235 4180 387 4233 οὕτω
424 4179 759 4251 γεγέννηκεν
783 4196 795 4210 ·
838 4179 871 4251 ἢ
917 4180 1077 4233 πάλιν
1111 4179 1327 4249 πτηνῶν
1359 4195 1533 4242 τινας,
1590 4179 1683 4231 καὶ
1708 4194 1835 4249 χερ-

236 4273 418 4325 σαίων
458 4272 555 4323 καὶ
593 4269 828 4341 ἐνύδρων
867 4271 1148 4340 γεννήσεις
1174 4268 1675 4339 ἀπαριθμούμενος,
1709 4266 1837 4319 τοῦ·

233 4378 351 4417 των
384 4363 645 4434 (55),τινὶ
684 4361 792 4416 τῶν
821 4364 1124 4433 γεννήσεων
1159 4361 1387 4430 ὑπάγειν
1424 4359 1522 4431 τὴν
1560 4358 1708 4413 θείαν
1745 4360 1839 4412 καὶ

234 4454 622 4525 ἀνεκλάλητον
643 4492 657 4517 ,
701 4452 734 4525 ἦ
766 4453 857 4505 καὶ
905 4451 993 4505 τὸν
1036 4453 1163 4507 Υἱὸν
1220 4454 1465 4523 ἀναιρεῖν
1503 4451 1613 4523 (54)
1644 4451 1709 4503 ἐκ
1741 4450 1838 4520 τῆς
1866 4528 1871 4531 1

2008 3173 2094 3228 IV.
2138 3173 2418 3240 Quomodo
2448 3189 2576 3244 ergo
2615 3190 2643 3227 a
2679 3174 2929 3244 passione
2977 3175 3233 3231 immunis
3277 3186 3359 3231 est
3394 3178 3512 3234 haec

1948 3262 2267 3331 generatio?
2294 3261 2429 3330 Quia
2464 3264 2800 3332 incorporea.
2833 3263 2889 3317 Si
2919 3265 3062 3318 enim
3102 3280 3364 3334 corporea
3410 3284 3508 3336 ge-

1941 3354 2150 3407 neratio
2179 3353 2484 3423 passionem
2514 3354 2853 3421 conjunctaut
2881 3356 3065 3419 habet,
3097 3371 3290 3424 expers
3319 3361 3511 3429 utique

1940 3442 2211 3511 passionis
2237 3442 2341 3496 erit
2367 3442 2682 3513 incorporea
2707 3445 2997 3513 generandi
3026 3446 3186 3501 ratio.
3210 3450 3385 3517 Atque
3407 3463 3508 3522 ego

1937 3552 2003 3590 ex
2058 3545 2108 3589 tc
2142 3534 2379 3589 vicissim
2425 3550 2661 3603 quaeram
2703 3553 2715 3589 :
2769 3534 3048 3603 Quomodo
3098 3537 3238 3593 Deus
3269 3542 3414 3607 erit,
3465 3547 3509 3597 si

1940 3635 2187 3681 creatura
2245 3626 2370 3681 est?
2420 3625 2537 3681 Non
2586 3628 2727 3681 enim
2778 3628 2917 3681 Deus
2961 3641 3080 3683 esse
3120 3640 3325 3698 potest,
3370 3635 3511 3703 quod

1941 3728 2188 3781 creatur;
2228 3732 2294 3772 ne
2324 3718 2518 3786 dicam,
2554 3720 2696 3788 quod
2726 3718 2813 3773 hic
2856 3734 3073 3789 quoque
3117 3722 3295 3790 passio
3323 3724 3414 3788 sit,
3467 3725 3512 3778 si

1939 3824 2199 3879 corporeo
2232 3809 2391 3864 modo
2417 3810 2470 3864 id
2500 3810 2818 3879 accipiatur,
2858 3810 2960 3865 hoc
2991 3820 3073 3865 est
3100 3851 3114 3875 ,
3155 3820 3387 3883 tempus,
3417 3830 3514 3869 cu-

1938 3900 2156 3970 piditas,
2196 3897 2525 3962 informatio,
2564 3911 2715 3963 cura,
2751 3911 2892 3967 spes,
2930 3912 3154 3963 mceror,
3191 3900 3512 3969 periculum,

1942 3992 2056 4060 Spei
2091 3989 2407 4054 frustratio,
2461 3989 2728 4045 correctio
2760 4011 2771 4044 :
2820 4004 2939 4058 quae
2977 3991 3158 4045 omnia
3182 4030 3197 4055 ,
3231 3999 3394 4061 atque
3430 3992 3514 4046 bis

1942 4083 2115 4151 plura,
2149 4084 2291 4138 circa
2334 4090 2636 4136 creaturam
2668 4080 2919 4135 accidere
2960 4095 3116 4135 nemo
3162 4090 3247 4135 est
3274 4082 3366 4150 qui
3404 4098 3510 4135 non

1942 4172 2100 4227 facile
2131 4172 2443 4243 perspiciat.
2488 4170 2733 4224 Demiror
2766 4180 2969 4233 autem,
3023 4172 3149 4239 qttin
3190 4181 3242 4224 tu
3277 4186 3341 4226 eo
3379 4187 3514 4241 quo-

1942 4279 2044 4333 que
2098 4262 2335 4318 audacia:
2389 4276 2729 4331 prorumpas,
2786 4271 2845 4313 ut
2895 4261 3069 4315 coitus
3113 4263 3397 4330 quosdam,
3452 4275 3507 4316 ct

1941 4357 2323 4427 praegnationis
2360 4362 2637 4425 tempora,
2670 4363 2725 4408 et
2763 4354 2985 4408 abortus
3016 4354 3251 4421 pericula
3288 4356 3510 4423 cogites,

1941 4450 2166 4519 perinde
2194 4463 2257 4503 ac
2284 4463 2389 4501 non
2419 4445 2574 4499 aliter
2607 4445 2827 4513 gignere
2856 4444 3092 4513 potuerit
3118 4442 3297 4505 Pater,
3330 4443 3372 4496 si
3406 4460 3511 4497 non

233 4544 446 4614 καινῆς
484 4544 598 4614 (55)
632 4541 726 4595 σοῦ
762 4541 1090 4605 ὑποθέσεως.
1126 4543 1236 4595 Καὶ
1266 4541 1373 4594 οὐδ’
1406 4542 1583 4594 ἐκεῖνο
1614 4539 1835 4591 δύνασαι

1946 4542 2015 4596 ita
2052 4539 2345 4609 genuerit:
2397 4545 2489 4591 aut
2523 4550 2711 4590 rursus
2750 4534 2927 4589 avium
2965 4535 3344 4604 quarumdam,
3382 4534 3514 4587 alio-

235 4637 506 4700 συνιδεῖν.
538 4637 622 4689 ὅτι
655 4627 698 4703 ᾧ
724 4635 977 4707 διάφορος
1005 4636 1036 4705 ἡ
1069 4634 1209 4688 κατὰ
1239 4633 1415 4706 σάρκα
1447 4633 1698 4704 γέννησις
1722 4630 1836 4700 (56)

318 4881 443 4950 (93)
487 4880 638 4932 Πότε
665 4874 799 4941 οὖν,
828 4886 934 4933 etc.
968 4877 1425 4950 Interrogantibus
1454 4873 1827 4950 Eunomianis,

237 4964 303 5007 ut
334 4948 725 5018 designaretttr
758 4957 985 5015 tempus,
1012 4948 1062 5001 in
1095 4963 1221 5017 quo.
1269 4948 1646 5018 vcltiquando
1684 4962 1702 4995 ι
1735 4960 1830 5013 gc-

237 5025 402 5079 nitus
440 5017 511 5072 sit
562 5017 748 5079 Filius,
792 5033 854 5071 ac
904 5020 1226 5085 processerit
1280 5017 1516 5085 Spiritus
1574 5024 1828 5085 sanctus,

239 5102 417 5147 acute
462 5090 753 5156 respondet
797 5083 1107 5154 Gregorius,
1149 5083 1385 5157 genitum
1419 5083 1827 5157 fuisseFilium,

238 5174 325 5215 et,
362 5154 701 5227 processisse
772 5156 1031 5226 Spiritum
1107 5154 1365 5227 sanetum,
1417 5166 1541 5227 ante
1590 5154 1830 5223 ipsorum

244 5251 267 5283 ι
305 5226 557 5300 quando.
594 5246 614 5278 ι
660 5227 806 5300 Sive.
851 5237 907 5279 ut
939 5227 988 5279 itt
1026 5227 1198 5293 prima
1239 5226 1476 5300 editione
1513 5226 1836 5300 interpreta-

244 5294 341 5355 tur
364 5298 555 5351 Billius
592 5320 605 5352 ι
640 5315 658 5348 ‹
694 5298 1001 5365 priusquam
1030 5305 1239 5365 tempus
1275 5295 1438 5348 ullum
1464 5294 1777 5365 exstitisset.
1813 5312 1829 5341 ι

322 5368 445 5437 (24)
484 5362 942 5437 Νεανυὲὠτερόν.
999 5362 1155 5421 Τιέε’
1188 5365 1380 5434 chg.,
1433 5379 1528 5419 sex
1572 5362 1745 5426 Collt.,
1786 5373 1840 5415 et

239 5436 350 5496 Or.
389 5438 439 5500 1,
466 5436 752 5499 νεανικῶς.

324 5507 447 5579 (25)
488 5507 751 5577 Πνεῦμα.
809 5505 959 5561 Coll).
1002 5507 1023 5560 ι
1078 5505 1260 5571 addit,
1312 5506 1371 5557 τὸ
1416 5505 1602 5573 ἆγιον,
1654 5521 1672 5552 t
1715 5519 1839 5558 sau—

243 5588 418 5640 ειυς.
449 5596 469 5631 t

329 5646 451 5729 (26)
481 5646 821 5729 .’A:tapzﬁq.
858 5644 952 5700 0r.
1003 5646 1055 5714 l,
1104 5646 1334 5712 divisitn,
1385 5648 1477 5701 ἀπ’
1512 5645 1707 5717 ἀρχῆς,
1751 5662 1768 5694 ‹
1812 5660 1839 5698 a

246 5718 552 5792 Pﬁ_'lc_il’i9,-
595 5739 612 5769 ’

334 5786 457 5859 (ετ)
482 5790 551 5842 ει
591 5788 678 5843 τό.
715 5786 881 5844 Coisl.
909 5788 962 5855 δ,
997 5788 1045 5843 ει
1073 5786 1145 5859 μὴ
1172 5788 1250 5840 τό.

1945 4644 2174 4699 rumque
2208 4626 2541 4688 animalium,
2574 4639 2694 4696 qua:
2728 4623 2810 4678 vel
2842 4623 2895 4677 in
2928 4633 3068 4679 terra
3091 4665 3106 4692 ,
3148 4624 3232 4677 vel
3266 4624 3317 4679 in
3356 4627 3512 4694 aquis

1982 4869 2123 4957 ’(28)
2163 4872 2724 4941 Παρεκτεινόμενον.
2750 4868 2885 4942 Reg.
2903 4868 3088 4941 Cypr.,
3115 4886 3518 4941 συμπαρεκτει·

1938 4957 2181 5005 νομενον.
2207 4993 2219 5005 ,

2001 4959 2455 5079 ῗὲῦῗντὲκεῒνον.
2489 5011 2584 5067 0r.
2626 5011 2679 5075 1,
2719 5009 2918 5078 aliique
2956 5024 3062 5064 non
3104 5010 3279 5079 pauci,
3319 5009 3516 5064 ἐκεῖνο.

2037 5079 2127 5147 50)
2176 5081 2391 5135 Ἔστιν.
2433 5082 2592 5135 Deest
2631 5081 2682 5133 in
2719 5079 2982 5147 pluribus.

2014 5146 2124 5220 (51)
2164 5151 2305 5219 Περὶ
2362 5149 2475 5218 τὴν
2526 5146 2746 5203 κτίσιν.
2782 5146 2937 5220 Circa
2994 5158 3318 5220 creaturam.
3383 5148 3516 5220 Cum

1944 5217 2150 5276 scilicet
2200 5217 2485 5290 «gignitur
2528 5228 2619 5273 aut
2671 5218 2919 5287 parturit.
2961 5236 2979 5268 ι
3038 5217 3259 5281 Billius,
3324 5235 3343 5268 ι
3373 5218 3519 5271 circa

1945 5290 2297 5346 creationem.
2336 5308 2353 5339 ›
2612 5293 2622 5304 '

2018 5358 2126 5427 (59.)
2179 5358 2465 5413 Ἐννοεῖν.
2504 5358 2633 5426 Reg.
2670 5357 2857 5428 Cypr.,
2901 5356 3121 5426 aliique,
3152 5356 3407 5411 ἐπινοεῖν.

2019 5428 2129 5499 (55)
2174 5430 2433 5499 Τούτων.
2453 5428 2547 5499 Or.
2583 5429 2605 5480 1
2634 5430 2801 5499 addit,
2830 5427 2914 5498 δή.

2018 5496 2129 5568 (5ί)
2183 5498 2485 5568 Ἀναιρεῖις.
2525 5498 2657 5568 Reg.
2690 5496 2890 5568 Cypr,
2915 5499 3171 5568 ἐναιρείν.

2017 5566 2131 5640 (55)
2169 5567 2409 5635 Καινῆς.
2445 5566 2579 5637 Reg.
2620 5566 2809 5638 Cypia,
2846 5566 3049 5636 aliique
3093 5566 3293 5637 plttrcs,
3336 5568 3516 5637 κενῆς,

1956 5656 1975 5690 ἰ
2010 5654 2224 5691 vanam.
2269 5656 2286 5687 ι

2020 5696 2130 5777 (56)
2177 5708 2246 5760 'II
2273 5705 2420 5760 κατὰ
2440 5705 2637 5773 σάρκα
2660 5705 2960 5775 γέννησις.
2991 5706 3151 5776 Eli-as,
3178 5704 3383 5777 ἡκάτω
3403 5706 3506 5778 γένι

1952 5795 2129 5851 νησις,
2169 5798 2187 5830 ί
2229 5787 2440 5833 terrena
2480 5780 2778 5847 generatio.
2816 5796 2833 5830 υ
