4038 6338
320 357 380 414 8|
1352 361 1613 418 ORATIO
1652 358 1842 415 XXIX.
1880 388 1950 401 —-
1989 353 2432 411 THEOLOGICA
2471 353 2559 409 Ill.
3506 351 3580 412 82

320 491 440 527 τινα
475 475 695 548 μητέρα
718 476 818 544 τὴν
853 475 1072 544 θέλησιν
1114 473 1233 528 ἀντὶ
1267 472 1357 526 τοῦ
1395 472 1604 544 [ἰατρὸς
1640 471 1908 525 ἀναπλάτ-

2017 469 2311 538 quomodo,
2357 466 2442 520 cui
2489 466 2568 519 vis
2599 463 2756 518 allata
2792 471 2907 530 est,
2945 463 3086 521 Deus
3132 478 3248 520 esse
3276 468 3492 532 potest?
3519 469 3578 525 Si

318 579 522 616 τουσιν.
571 565 670 618 Ἐν
721 565 820 634 μὲν
853 561 946 618 οὖν
977 565 1135 617 τοῦτο
1167 564 1356 635 χάριεν
1385 561 1564 616 αὐτῶν
1588 602 1601 625 ,
1651 561 1715 616 ἂν
1750 559 1906 614 τοῦτο

319 653 572 722 λέγωσιν,
600 655 684 708 ὃτι
718 653 811 708 τοῦ
841 655 1047 718 πάθους
1071 653 1429 717 ἀποστάντες,
1465 654 1558 706 ἐπὶ
1585 653 1683 722 τὴν
1719 651 1907 721 βούλη-

321 760 404 796 σιν
435 742 904 812 καταφεύγουσιν
944 744 1003 796 οὑ
1044 743 1152 813 γὰρ
1187 741 1359 804 πάθος
1390 741 1500 813 (46)
1555 743 1589 811 ή
1631 739 1904 810 βούλησις.

320 833 581 904 Δεύτερον
612 835 691 896 δὲ,
718 835 914 905 ἴδωμεν
936 835 997 887 τὸ
1033 834 1248 904 ἰσχυρὸν
1279 833 1480 896 αὐτῶν,
1504 834 1532 886 ὅ
1554 849 1606 885 τι
1635 831 1902 900 λέγουσιν’
1927 832 1938 844 ⁵

321 927 540 995 ἄριστον
579 927 636 979 δὲ
667 928 854 990 αὐτοῖς
893 926 1279 997 συμπλακῆναι
1317 925 1581 996 πρότερον
1607 922 1904 993 ἐγγυτέρω.

319 1018 389 1069 Σὺ
421 1017 476 1070 δὲ
503 1017 668 1080 αὐτὸς
695 1020 724 1072 ὁ
764 1017 937 1086 λέγων
963 1017 1201 1088 εὐχερῶς
1230 1017 1258 1070 ὃ
1299 1034 1351 1070 τι
1385 1015 1452 1070 ἂν
1482 1015 1640 1088 θέλῃς
1683 1012 1816 1086 (47),
1843 1014 1908 1066 ὲκ

320 1107 566 1171 Θέλοντος
606 1109 849 1180 ὑπέστης
880 1108 972 1161 τοῦ
1002 1107 1095 1161 σοῦ
1123 1107 1348 1179 πατρὸς,
1373 1107 1406 1178 ἢ
1439 1105 1512 1178 μὴ
1543 1106 1816 1170 θέλοντος;
1843 1105 1908 1158 Εἰ

325 1199 424 1268 μὲν
470 1197 580 1269 γὰρ
625 1199 684 1265 ὲξ
727 1199 788 1251 οὐ
833 1198 1098 1262 θέλοντος,
1147 1197 1558 1269 τετυράννηται.
1601 1197 1711 1268 Τῆς
1760 1195 1904 1266 βίαςε

321 1290 432 1341 Καὶ
462 1289 548 1352 τίς
579 1291 608 1342 ὁ
653 1292 996 1361 τυραννήσας
1032 1289 1225 1354 αὐτόνς
1258 1291 1333 1342 Οὐ
1368 1289 1477 1361 γὰρ
1509 1289 1572 1361 δὴ
1617 1289 1716 1360 τὴν
1749 1288 1908 1357 φύσιν

322 1380 467 1450 ἐρεῖς
488 1397 501 1410 ·
549 1381 734 1452 ἐκείνη
781 1382 890 1452 γὰρ
924 1380 1037 1452 ἔχει
1070 1383 1165 1434 καὶ
1201 1381 1262 1434 τὸ
1290 1383 1608 1452 σωφρονεῖν.
1641 1381 1703 1434 El
1740 1379 1796 1432 δὲ
1825 1378 1912 1431 θέ-

321 1473 531 1539 λοντος,
584 1475 835 1529 ἀπόλωλέ
879 1493 960 1528 σοι
1001 1476 1068 1528 δι’
1102 1474 1285 1543 ὀλίγας
1321 1473 1590 1537 συλλαϐὰς
1634 1475 1662 1526 ὁ
1692 1473 1906 1542 πατήρ·

320 1568 597 1638 θελήσεως
622 1567 736 1638 (48)
767 1567 876 1639 γὰρ
906 1568 1041 1631 υἱὸς,
1071 1567 1183 1620 ἀλλ’
1213 1567 1273 1619 οὐ
1307 1565 1510 1638 πατρὸς
1533 1563 1908 1634 ἀναπέφηνας.

333 1659 474 1712 Ἀλλ’
524 1661 616 1712 ἔτι
667 1660 759 1713 τὸν
801 1658 934 1712 Θεὸν
973 1658 1193 1730 μέτειμι
1238 1659 1332 1712 καὶ
1377 1657 1445 1712 τὰ
1485 1657 1783 1724 κτίσματα,
1819 1655 1912 1707 καὶ

317 1751 381 1803 τὸ
407 1751 498 1803 σὺν
543 1750 808 1822 ἐρώτημα
839 1751 1102 1822 προσάγω
1131 1753 1210 1821 τῇ·
1245 1750 1310 1820 σῇ
1360 1747 1520 1820 σοφίᾳ
1551 1747 1684 1815 (49)
1733 1745 1912 1798 Θέλων

321 1821 632 1914 ὑπέστησεν
683 1821 892 1908 aleae:
934 1842 1044 1912 (50)
1092 1842 1162 1895 τὰ
1202 1841 1401 1907 πάντα,
1443 1840 1475 1911 ἢ
1536 1838 1810 1910 βιασθείς;
1847 1839 1910 1891 Et
1944 1821 1984 1879 Β

327 1934 426 2005 μὲν
457 1935 723 2005 βιασθεὶς.
744 1933 1022 1989 κάνταῦθα
1045 1937 1078 2006 ἡ
1100 1935 1353 2006 τυραννὶς
1377 1933 1469 1986 καὶ
1495 1935 1522 1986 ὁ
1549 1932 1905 2002 τυραννήσας·

322 2027 369 2077 εἰ
405 2023 461 2077 δὲ
503 2025 846 2096 βουλόμενος,
881 2025 1167 2096 ἐστέρηται
1207 2023 1300 2075 τοῦ
1335 2021 1505 2085 Θεοῦ,
1551 2021 1645 2074 καὶ
1687 2019 1756 2073 τὰ
1798 2019 1912 2072 κτί-

321 2131 526 2186 σματα,
575 2116 668 2168 καὶ
701 2115 766 2169 συ
805 2115 902 2185 μὲν
930 2116 1035 2186 προ
1065 2114 1169 2168 τῶν
1199 2114 1374 2168 ἄλλων
1399 2113 1542 2185 (51),
1568 2116 1596 2166 ὁ
1638 2111 1910 2176 τοιούτους

321 2206 663 2277 ἀνευρίσκων
687 2205 1000 2276 λογισμοὺς,
1031 2207 1126 2259 καὶ
1158 2206 1384 2260 τοιαῦτα
1413 2205 1762 2274 σοφιζόμενος
1783 2222 1794 2234 ·
1829 2203 1908 2257 Θε-

320 2297 476 2364 λήσει
537 2295 650 2366 (52)
715 2297 826 2368 γὰρ
880 2297 1022 2369 μέσῃ
1076 2295 1169 2349 τοῦ
1233 2295 1448 2350 κτίστου
1505 2294 1904 2365 διατειχίξεται.

335 2387 474 2440 Ἀλλ’
522 2386 733 2457 ἕτερον,
785 2381 957 2456 οἶμαι,
999 2387 1169 2441 θέλων
1215 2386 1330 2440 ἐστὶ
1373 2386 1483 2457 (55)
1527 2387 1621 2440 καὶ
1669 2385 1908 2456 θελησις,

321 2479 529 2549 γεννῶν
557 2479 654 2532 καὶ
683 2479 956 2548 γέννησις,
985 2479 1158 2547 λέγων
1192 2480 1287 2532 καὶ
1313 2479 1499 2546 λόγος,
1532 2481 1580 2531 εἰ
1611 2478 1685 2549 μὴ
1719 2478 1908 2548 μεθύο-

327 2589 453 2640 μεν·
494 2570 566 2622 τὰ
591 2571 690 2640 μὲν
717 2571 746 2622 ὁ
771 2568 1088 2638 κινούμενος
1115 2569 1250 2636 (54).
1277 2567 1344 2621 τὰ
1373 2569 1430 2621 δὲ
1457 2563 1566 2621 οἷον
1609 2570 1641 2638 ἡ
1675 2569 1906 2637 κίνησις.

323 2661 535 2714 Οὔκουν
573 2659 876 2730 θελήσεως,
913 2660 974 2712 τὸ
997 2659 1217 2730 θεληθὲν
1249 2659 1364 2729 (55)
1393 2659 1553 2727 (οὐδὲ
1583 2658 1691 2729 γριρ
1723 2659 1911 2711 ἕπεται

323 2750 626 2820 πάντως)’
667 2750 790 2802 οὐδὲ
847 2749 908 2802 τὸ
953 2749 1241 2820 γεννηθὲν,
1297 2749 1636 2819 γεννήσεως⁸
1687 2747 1807 2800 οὐδὲ
1854 2748 1912 2801 τὸ

2010 565 2193 612 autem
2219 555 2425 618 volens,
2447 569 2574 624 ergo
2599 553 2785 620 Filius,
2811 552 3104 609 voluntatis
3126 564 3210 608 est
3237 553 3424 610 Filius.
3455 555 3575 622 Quo

2010 646 2174 716 igitur
2216 647 2372 700 modo
2421 659 2486 699 ex
2535 644 2695 699 Patre
2744 644 3054 714 progenitus
3098 645 3224 700 est?
3272 645 3347 700 lta
3389 661 3577 701 novam

1996 739 2294 806 ,qttamdam
2333 745 2581 800 matrem,
2617 736 2966 801 voluntatem,
3013 738 3180 808 patris
3214 738 3332 794 loco
3356 740 3583 794 commi-

2009 831 2310 885 niscuntur.
2364 830 2420 884 in
2473 829 2573 884 hoc
2605 829 2820 900 quidem
2853 841 3190 898 argumento,
3220 831 3450 900 primum
3481 833 3582 886 hoc

2009 923 2203 978 scitum
2229 937 2294 977 ac
2337 921 2571 992 lepidum
2621 930 2723 987 est,
2753 925 2896 992 quod
2927 939 2954 976 a
2986 923 3234 992 passione
3271 924 3382 989 illa,
3416 939 3579 991 quam

2012 1023 2289 1085 tantopere
2338 1014 2644 1084 urgebant,
2690 1013 3077 1082 abscedentes,
3133 1016 3198 1070 ad
3247 1016 3581 1072 voluntatem

2009 1109 2358 1178 confugiunt;
2400 1124 2504 1162 non
2546 1108 2688 1162 enim
2729 1109 3034 1176 passio'cst
3062 1110 3334 1162 voluntas.
3375 1108 3584 1163 Deinde

2011 1200 2170 1271 527
2205 1199 2514 1263 videamus,
2549 1198 2800 1265 obsecro,
2845 1214 3031 1268 quam.
3059 1198 3165 1251 vim
3200 1197 3398 1253 habeat
3440 1198 3584 1268 quod

2011 1292 2216 1348 dicunt.
2269 1289 2540 1358 Optimum
2597 1298 2775 1342 autem
2824 1289 3024 1354 fuerit,
3073 1287 3226 1358 prius
3277 1303 3400 1342 cum
3455 1289 3586 1359 ipsis

2011 1383 2199 1451 pedem
2230 1382 2451 1453 propius
2480 1382 2753 1436 conferre.
2789 1381 2880 1435 Dic
2905 1397 3033 1451 ergo
3057 1381 3193 1450 ipse,
3223 1381 3469 1452 quisquis
3497 1396 3579 1449 es,

2013 1474 2102 1541 qui
2131 1481 2367 1541 temere,
2403 1473 2666 1544 quidquid
2701 1473 2866 1527 libido
2899 1482 2986 1526 tua
3020 1472 3240 1537 tulerit,
3277 1472 3475 1546 edulis,
3506 1474 3584 1528 Ex

2013 1569 2224 1622 volente
2263 1576 2413 1636 patre
2453 1578 2541 1621 tuo
2577 1575 2893 1636 procreatus
2918 1582 2998 1632 es,
3041 1582 3108 1620 an
3148 1567 3402 1621 nolente?
3430 1566 3487 1622 Si
3517 1583 3584 1621 ex

2017 1655 2253 1724 nolente,
2284 1658 2365 1712 vis
2391 1673 2518 1726 ergo
2552 1659 2600 1712 ei
2635 1657 2795 1710 allata
2829 1667 2932 1712 est.
2957 1654 3002 1712 Ο
3030 1657 3306 1728 indignum
3339 1657 3581 1712 facinus!

2014 1749 2079 1802 Et
2101 1750 2223 1818 quis
2253 1750 2468 1804 tandem
2516 1750 2562 1804 ei
2605 1749 2707 1803 vim
2741 1749 2958 1804 attulit?
3004 1749 3118 1804 Non
3155 1751 3298 1804 enim
3341 1749 3586 1818 profecto

2014 1851 2260 1896 naturam
2295 1843 2516 1898 dixeris.
2557 1843 2686 1898 Nam
2718 1845 2766 1899 ei
2803 1859 3018 1916 quoque
3043 1860 3140 1900 sua
3183 1845 3588 1901 constatcasti-

2015 1944 2117 1988 tas.
2148 1932 2204 1988 Si
2251 1942 2428 1988 autem
2461 1949 2526 1989 ex
2567 1935 2782 1989 volente
2809 1944 3003 2004 patre,
3043 1945 3196 2004 pater
3229 1936 3324 1991 tibi
3368 1944 3588 2006 propter

2013 2037 2212 2094 paucas
2256 2023 2489 2095 syllabas
2534 2026 2731 2095 periit:
2782 2026 3074 2082 voluntatis
3104 2027 3370 2098 siquidem
3405 2027 3584 2093 (ilius,

2013 2131 2077 2170 ac
2111 2131 2216 2170 non
2250 2117 2421 2182 patris
2447 2118 2725 2171 exstitisti.
2757 2119 2861 2172 Sed
2903 2121 2968 2172 ad
3017 2118 3182 2173 Deum
3214 2108 3266 2174 et
3309 2130 3588 2176 creaturas

2017 2216 2277 2270 transeo,
2327 2222 2392 2262 ac
2443 2216 2704 2272 tuammet
2747 2210 3100 2277 quaestionem
3155 2210 3430 2279 sapientiae
3482 2218 3588 2266 tum

2013 2297 2293 2352 admoveo.
2351 2297 2620 2352 'Volensne
2678 2298 2819 2353 Deus
2867 2301 3170 2355 universam
3221 2301 3355 2354 Itane
3399 2316 3583 2356 rerum

2014 2390 2207 2445 molem
2237 2391 2508 2451 condidit,
2539 2405 2606 2444 an
2653 2392 2837 2446 nolens
2862 2401 2915 2446 et
2949 2393 3211 2446 coactus?
3249 2391 3306 2447 Si
3337 2402 3584 2455 coactus,

2015 2480 2102 2535 hic
2129 2494 2343 2549 quoque
2374 2482 2452 2535 vis
2485 2482 2761 2546 adhibita,
2810 2492 2867 2536 et
2898 2482 3116 2552 quidam
3153 2484 3242 2552 qui
3291 2484 3394 2537 vim
3432 2484 3588 2538 adhi-

2014 2572 2145 2625 buit.
2201 2571 2254 2625 Si
2296 2582 2474 2625 autem
2526 2572 2741 2636 volens,
2793 2573 3056 2629 ozbantur
3114 2575 3257 2643 Deo‘,
3315 2585 3424 2629 tum
3472 2574 3591 2631 alia!

2013 2672 2306 2728 creaturae,
2356 2674 2464 2717 tum
2498 2675 2549 2718 tu
2595 2679 2705 2734 prae
2735 2669 2980 2725 cmteris.
3013 2667 3103 2736 qui
3139 2668 3272 2724 tales
3303 2667 3592 2724 ratiocina-

2015 2753 2222 2815 tiones,
2253 2754 2489 2823 talesque
2520 2755 2804 2808 verborum
2839 2757 3116 2826 captiones
3165 2757 3463 2828 exeogitas.
3501 2760 3590 2812 ln-

322 2844 614 2907 ἁκουσθὲν,
655 2843 1018 2915 ὲκφωνήσεως
1039 2860 1052 2873 ·
1082 2843 1216 2896 ἀλλὰ
1266 2842 1356 2895 τοῦ
1396 2841 1660 2906 Θέλοντος,
1696 2839 1909 2894 καὶτοῦ

2017 2844 2275 2898 termcdia
2305 2845 2501 2913 quippe
2534 2844 2810 2900 voluntate
2842 2861 2870 2901 a
2903 2847 3164 2902 Creatore
3186 2848 3588 2918 disjungentur.

322 2933 623 3002 γεννῶντος
661 2931 798 3002 (56),
839 2932 932 2985 καὶ
968 2931 1060 2984 τοῦ
1105 2930 1374 3000 λέγοντος.
1417 2929 1497 2982 Τὰ
1533 2929 1627 2982 τοῦ
1674 2928 1810 2982 Θεοῦ
1855 2927 1910 2980 δὲ

2019 2930 2214 2988 Verum
2248 2933 2393 2988 aliud
2415 2976 2430 3001 ,
2462 2934 2513 2988 ni
2551 2933 2728 2998 fallor,
2757 2944 2840 2990 est
2872 2937 3078 2999 volens,
3117 2937 3262 2991 aliud
3293 2937 3540 2994 voluntas
3569 2957 3584 2994 :

324 3027 422 3079 καὶ
449 3024 590 3094 ὑπὲρ
623 3023 797 3076 ταῦτα
833 3023 1026 3082 πάντα,
1060 3017 1104 3090 ᾧ
1133 3022 1384 3093 γέννησίς
1425 3023 1570 3074 ἐστιν
1601 3022 1728 3084 ἴσως
1759 3021 1790 3091 ὴ
1816 3019 1908 3073 τοῦ

2017 3024 2160 3078 aliud
2187 3024 2435 3093 gignens,
2469 3025 2612 3079 aliud
2656 3025 2934 3095 generatio
2967 3043 2980 3080 :
3010 3026 3156 3081 aliud
3197 3027 3286 3096 qui
3323 3026 3580 3095 loquitur,

323 3118 525 3187 γεννᾷν
566 3115 816 3186 θέλησις·
852 3115 966 3170 ἀλλ’
991 3115 1142 3168 οὐδὲν
1181 3114 1364 3186 μέσον,
1406 3113 1457 3165 εἴ
1499 3129 1562 3180 γε
1607 3114 1702 3166 καὶ
1755 3113 1910 3166 τοῦτο

2018 3116 2162 3171 aliud
2207 3132 2423 3184 sermo,
2468 3117 2570 3172 nisi
2617 3117 2755 3174 forte
2813 3118 3090 3173 temulenti
3140 3120 3333 3174 simus.
3384 3118 3590 3173 llorum

321 3207 613 3278 δεξώμεθα
637 3209 748 3278 (57)
774 3208 930 3272 ὅλως,
963 3206 1099 3260 ἀλλὰ
1133 3205 1206 3278 μὴ
1229 3206 1323 3260 καὶ
1350 3204 1618 3276 θελήσεως
1649 3204 1912 3276 κρείττων

2020 3211 2164 3266 enim
2206 3211 2434 3265 alterum
2462 3219 2580 3278 est,
2610 3212 2654 3266 is
2679 3212 2766 3282 qui
2798 3221 3006 3276 movet,
3031 3211 3260 3266 alterum
3293 3211 3434 3268 velut
3470 3226 3592 3266 mo-

322 3303 358 3372 ή
408 3301 682 3371 γέννησις.
2024 3310 2108 3355 tus
2138 3301 2269 3370 ipse.
2311 3301 2426 3356 Non
2458 3316 2585 3372 ergo
2616 3303 2906 3358 voluntatis
2941 3312 3060 3368 est,
3119 3301 3340 3358 volitum
3388 3303 3596 3374 (neque

322 3395 474 3449 enim
531 3393 633 3449 hoc
684 3408 906 3463 prorsus
959 3391 1266 3459 sequitur);
1345 3403 1444 3443 nec
1497 3389 1862 3458 generationis
1892 3429 1906 3452 ,
1949 3391 2090 3458 quod
2137 3393 2376 3461 genitum
2449 3402 2570 3461 est,
2616 3409 2715 3449 nec
2792 3394 3111 3458 locutionis,
3163 3396 3304 3462 quod
3351 3395 3594 3449 auditum

324 3495 438 3552 est,
468 3487 563 3540 sed
598 3484 848 3550 volentis,
881 3494 933 3539 et
966 3484 1256 3554 gignentis,
1281 3493 1336 3536 et
1369 3480 1659 3549 loquentis.
1696 3482 1763 3534 At
1827 3496 1947 3551 qua:
1987 3483 2038 3537 in
2097 3484 2202 3538 Deo
2255 3485 2709 3551 considerantur,
2753 3499 2915 3556 supra
2981 3486 3094 3540 haec
3134 3498 3350 3554 quoque
3405 3489 3598 3542 omnia-

325 3594 480 3647 sunt,
517 3593 706 3653 utpote
737 3585 820 3637 cui
851 3581 1127 3653 generatio
1160 3580 1389 3634 fortasse
1455 3578 1523 3631 sit
1587 3577 1699 3646 ipsa
1735 3579 1985 3648 gignendi
2024 3579 2306 3647 voluntas;
2359 3594 2546 3635 verum
2581 3580 2714 3635 nihil
2761 3589 2842 3636 est
2884 3580 3259 3636 intermedium
3285 3619 3300 3646 ,
3351 3581 3394 3636 si
3437 3588 3598 3640 modo

326 3682 436 3734 hoc
481 3693 698 3748 quoque
742 3677 963 3732 omnino
1003 3674 1373 3738 admittimus,
1404 3687 1466 3726 ac
1502 3686 1606 3724 non
1679 3671 1856 3738 potius
1921 3672 2208 3729 statuimus
2277 3675 2682 3744 generationem
2734 3675 2873 3730 hanc
2909 3675 3186 3731 voluntate
3219 3674 3593 3732 sublimiorem

325 3783 383 3828 et
417 3762 846 3840 praestantiorem
877 3782 1018 3823 esse.

401 3866 478 3918 Z'.
521 3862 709 3915 Βούλει
749 3879 803 3914 τι
850 3857 1170 3931 προσπαίξω
1209 3859 1297 3911 καὶ
1345 3871 1434 3910 τον
1467 3856 1718 3927 Πατέρα;
1759 3853 1919 3926 Παρὰ

330 3958 431 4012 σοῦ
465 3957 574 4029 γὰρ
602 3955 711 4026 ἔχω
738 3954 807 4007 τὰ
837 3951 1062 4006 τοιαῦτα
1105 3949 1336 4020 τολμᾷν·
1373 3947 1552 4001 Θέλων
1583 3947 1714 4010 Θεὸς
1745 3948 1784 3998 ὁ
1803 3947 1918 3999 Πα-

329 4048 461 4116 τὴρ,
495 4045 528 4116 ἦ
569 4044 644 4115 μὴ
675 4042 865 4095 θέλων.
912 4041 1022 4094 Καὶ
1053 4040 1200 4102 ὅπως
1237 4037 1520 4110 ἀποφεύξῃ
1549 4039 1610 4090 τὸ
1646 4037 1735 4090 σον
1768 4053 1923 4108 περι-

326 4138 531 4203 δέξιον.
562 4137 625 4188 Εἰ
668 4134 766 4206 μὲν
807 4133 871 4204 δὴ
905 4129 1243 4194 θέλων,πότε
1276 4129 1371 4182 τοῦ
1403 4129 1578 4183 θέλειν
1612 4128 1921 4199 ἠργμένοςς

328 4232 414 4286 Οὐ
442 4229 552 4298 γὰρ
587 4227 716 4296 πρὶν
747 4221 917 4278 εἶναι·
964 4223 1084 4275 οὐδὲ
1121 4221 1232 4292 γὰρ
1259 4216 1326 4292 ἦν
1359 4239 1411 4274 τι
1443 4221 1727 4292 πρότερον.
1770 4220 1839 4272 Ἢ
1865 4218 1923 4272 τὸ

333 4323 440 4392 μὲν
475 4319 641 4373 αὐτοῦ
681 4316 950 4386 θελῆσαν,
1001 4313 1063 4366 τὸ
1090 4313 1145 4366 δὲ
1197 4312 1460 4383 θεληθέν;
1503 4310 1767 4383 Magio-10;
1808 4307 1920 4365 οὖν.

2099 3855 2204 3911 VII.
2261 3855 2424 3912 Visne
2479 3854 2530 3909 in
2594 3853 2811 3909 Patrem
2881 3867 3094 3924 quoque
3155 3853 3326 3923 ipsum
3384 3851 3600 3909 cavillis

2024 3947 2270 4003 nonnihil
2327 3947 2551 4002 ludam?
2599 3947 2866 4024 Tu'milii
2921 3963 3106 4001 ansam
3185 3946 3309 4000 talia
3367 3945 3598 4000 audendi

2024 4040 2252 4108 praebes.
2289 4039 2450 4094 Pater
2489 4039 2671 4108 itaque
2703 4039 2788 4094 vel
2827 4038 3011 4093 volens
3055 4038 3195 4093 Deus
3227 4047 3331 4102 est,
3373 4036 3456 4092 vel
3495 4050 3593 4091 no-

2025 4131 2162 4187 lens.
2193 4132 2271 4187 Ae
2303 4131 2422 4186 vide
2455 4147 2562 4202 qua
2594 4130 2805 4187 tandem
2836 4131 3046 4185 ratione
3071 4130 3264 4185 scitum
3296 4129 3423 4185 illud
3449 4139 3598 4184 tuum

2029 4231 2083 4277 et
2113 4233 2326 4278 acutum
2359 4231 2736 4289 argumentum
2764 4221 3008 4292 eﬂ‘ugies.
3049 4222 3102 4276 Si
3141 4223 3348 4289 volens,
3379 4223 3602 4291 quando

2031 4314 2167 4370 velle
2214 4310 2415 4384 coepit?
2461 4315 2580 4369 Non
2634 4315 2778 4369 enim
2827 4314 3143 4383 priusquam
3193 4323 3361 4368 esset.
3409 4311 3606 4380 Neque

329 4415 464 4477 Πῶς
489 4413 546 4465 δὲ
574 4413 636 4464 οὐ
667 4410 934 4481 θελήσεως
967 4408 1060 4459 καὶ
1089 4401 1264 4471 οὗτος,
1295 4405 1438 4458 κατὰ
1475 4405 1534 4457 σὲ
1553 4445 1566 4468 ,
1600 4404 1915 4475 πρόδλημα;

2030 4409 2172 4461 enim
2208 4408 2358 4476 prius
2392 4408 2682 4476 quidquam
2728 4415 2868 4463 erat.
2904 4406 2982 4458 An
3035 4404 3226 4474 partim
3263 4404 3316 4456 in
3347 4417 3412 4457 eo
3435 4403 3597 4471 quid-

331 4509 401 4562 Εἰ
427 4508 484 4561 δὲ
511 4505 573 4558 οὐ
612 4503 784 4556 θέλων
803 4541 816 4564 ,
857 4501 910 4552 τί
951 4498 1010 4551 τὸ
1040 4497 1368 4568 βιασάμενον
1407 4499 1486 4562 εἰς
1513 4497 1574 4549 τὸ
1605 4492 1779 4561 εἷναις
1817 4497 1926 4549 Καὶ

332 4603 461 4662 πῶς
491 4597 655 4660 Θεὸς,
686 4595 735 4647 εἰ
776 4591 1076 4663 βεδίασται,
1122 4592 1216 4643 καὶ
1253 4587 1427 4643 ταῦτα
1469 4590 1570 4642 οὐκ
1598 4587 1728 4641 ἄλλο
1763 4605 1837 4651 τι,
1892 4587 1925 4658 ἢ

331 4692 478 4749 αὐτὸ
513 4690 576 4742 τὸ
610 4683 751 4740 εἶναι
783 4685 942 4748 Θεός;
975 4683 1097 4746 Πῶς
1141 4677 1265 4746 οὖν,
1312 4681 1446 4752 φησὶ
1485 4679 1619 4751 (58),
1666 4680 1926 4749 γεγέννη-

325 4800 464 4848 ταις
511 4779 636 4842 Πῶς
683 4778 958 4839 ἔκτισται,
1000 4773 1158 4845 εἴπερ
1194 4773 1438 4826 ἔκτισται
1479 4771 1620 4826 κατὰ
1673 4771 1766 4836 σέ;
1815 4769 1928 4824 Καὶ

327 4879 453 4950 γὰρ
485 4874 582 4928 καὶ
617 4870 776 4926 τοῦτο
799 4868 900 4940 τῆς
928 4868 1097 4939 αὐτῆς
1140 4864 1392 4936 ἀπορίας.
1430 4865 1583 4936 Τάχα
1615 4863 1682 4918 ἂν
1731 4865 1926 4928 εἴποις,

415 5093 532 5161 (ιδ)
573 5095 789 5160 Πὰθος.
833 5093 920 5150 Sit
979 5101 1088 5148 tres
1136 5091 1330 5160 Regg.,
1379 5103 1473 5143 sex
1516 5086 1692 5154 Colb.,
1729 5087 1822 5145 Or.
1869 5085 1918 5155 Ι,

326 5164 468 5218 Par.
507 5167 562 5218 In
595 5168 705 5228 ed.,
737 5171 961 5230 πάθους,
996 5183 1013 5214 ι
1043 5161 1384 5232 passionis._r_

417 5233 534 5300 (47)
577 5233 789 5302 Θέλῃς.
820 5228 1066 5301 Quinque
1095 5231 1268 5295 Colh.,
1299 5228 1508 5301 ἐθέλῃς.

420 5295 535 5372 (is)
577 5295 910 5370 Θελῆὀνειιῖς.
966 5295 1102 5358 Tres
1145 5302 1336 5371 Regg.,
1389 5295 1621 5368 qiiatuor
1663 5295 1842 5362 Colb.,
1874 5306 1928 5352 ct

329 5374 968 5454 0r;_1.0£_1ﬁtmf°€-.
1066 5439 1106 5454 ..
1225 5440 1238 5454 .
1349 5440 1359 5452 .
1478 5436 1508 5454 ι-

421 5444 538 5511 (49)
612 5438 803 5512 Τῇ’σῇ
822 5438 1025 5512 σοφίᾳ.
1066 5439 1190 5496 Haec
1225 5440 1428 5494 ironice
1458 5438 1624 5512 dicta.

421 5508 536 5584 (ἔνθ)
587 5508 851 5584 Ὀᾟεὸςκ
890 5508 1046 5567 Deest
1074 5514 1104 5566 ὸ
1131 5513 1181 5565 in
1204 5513 1450 5584 pluribus
1472 5508 1628 5584 codd.

427 5577 537 5653 (51)
577 5584 697 5652 Πρὸ
744 5577 865 5638 τῶν
911 5584 1138 5638 ἄλλων.
1197 5577 1285 5636 Sic
1325 5585 1452 5634 ires
1502 5577 1694 5647 chg..
1743 5587 1798 5632 et
1838 5592 1934 5633 sex

336 5655 506 5724 Coll).
533 5655 688 5708 Deest
721 5654 826 5724 πρό
855 5656 1017 5724 ἱιιᾼθιί.

428 5723 541 5788 (52)
583 5722 858 5791 Gel-rideri.
895 5722 1060 5793 C_oisl.
1094 5722 1332 5793 θέλησις.

431 5794 548 5866 (55)
589 5788 861 5865 Ἕτερον,
895 5791 1076 5863 οἶμαι,
1103 5788 1292 5849 θέλων
1315 5790 1466 5845 ἐστι’.
1495 5788 1585 5847 Sic
1613 5798 1722 5846 trcs
1745 5788 1935 5858 Regg.,

2029 4500 2147 4552 dam
2181 4499 2281 4553 fuit
2309 4500 2449 4568 quod
2482 4499 2669 4562 voluit,
2701 4498 2897 4566 partim
2943 4495 3199 4564 quiddam
3235 4495 3378 4564 quod
3412 4493 3464 4547 in
3499 4507 3600 4548 vo-

2028 4590 2285 4646 luntatem
2317 4591 2556 4646 cecidit?
2587 4588 2882 4645 Divisibilis
2913 4589 3076 4659 igitur
3096 4587 3223 4643 erit.
3249 4587 3388 4654 Quid
3411 4595 3590 4640 autem

2029 4680 2204 4736 al'l'erri
2239 4683 2470 4752 poterit,
2521 4684 2650 4752 quin
2681 4684 2834 4756 juxta
2882 4691 3026 4736 tuam
3059 4677 3470 4750 argumentandi
3512 4691 3601 4732 ra-

2028 4775 2247 4840 tionem,
2290 4777 2403 4844 ipse
2447 4790 2661 4846 anque
2694 4773 2989 4830 voluntatis
3021 4771 3164 4826 fetus
3199 4771 3310 4825 sit?
3361 4769 3515 4837 Quod
3552 4769 3600 4824 si

2030 4864 2242 4930 nolens,
2272 4867 2396 4936 quis
2428 4883 2550 4923 eum
2584 4866 2759 4936 coegit
2810 4873 2867 4919 ut
2895 4864 3082 4920 esset?
3107 4863 3223 4931 Quo
3251 4861 3411 4917 etiam
3445 4860 3602 4915 modo

2028 5097 2082 5141 et
2115 5086 2208 5140 Or.
2240 5085 2290 5139 l.
2326 5086 2380 5138 In
2415 5085 2525 5146 etl.,
2566 5082 2752 5151 ἕτερον
2783 5080 2966 5154 ἐστιν,
2997 5071 3172 5154 οἷμλι,
3205 5073 3392 5154 θέλων.

2100 5157 2212 5242 (iiii)
2265 5157 2328 5209 '0
2363 5141 2736 5222 κινούμενος.
2779 5149 2868 5203 Sic
2901 5141 3276 5202 omneswcodd.
3312 5143 3368 5195 In
3407 5141 3516 5206 ed.,
3539 5143 3602 5195 οὐ

2029 5244 2368 5298 κινουμενος.

2105 5299 2216 5366 (55)
2262 5291 2703 5366 Τὸγθελῃθεξνηι
2728 5288 2985 5366 Volitum.
3026 5285 3358 5366 )_llac_voce
3382 5288 3604 5366 nituntur

2035 5353 2382 5425 Seliolaslici,
2429 5353 2506 5417 ad.
2533 5363 2944 5432 signiﬁcandum
2987 5355 3277 5432 voluntatis
3308 5353 3600 5422 objectum.

2036 5438 2151 5492 Bill.
2191 5455 2219 5487 r
2250 5437 2305 5490 ld
2333 5433 2474 5504 quod
2512 5432 2563 5486 in
2584 5426 2920 5504 'voluntat_em
2951 5426 3210 5504 cecidit?

2109 5508 2220 5596 (se)
2261 5492 2626 5568 ιτεῐρνῶντος.
2681 5503 2770 5555 δίο
2819 5498 2953 5568 Reg.
3006 5513 3058 5560 a,
3101 5494 3319 5564 aliique.
3387 5492 3445 5548 In
3492 5492 3608 5558 ed...

2036 5593 2406 5651 γεννησοντος.

2111 5649 2223 5720 (Si)
2262 5645 2586 5720 Δεξῴμεθα.
2756 5642 2807 5720 l_,
2839 5639 2990 5720 Bas,
3018 5643 3144 5720 etc“
3181 5631 3462 5720 δεξομεθα.

2264 5701 2442 5785 Φησίῖ
2475 5715 2632 5770 Deest
2662 5715 2712 5768 in
2755 5701 2996 5782 pluribus
3022 5705 3214 5776 Regg.,
3248 5701 3430 5762 et'Or.
3467 5702 3520 5756 1.
