4038 6338
455 342 527 397 85
1685 349 1744 402 S.
1777 347 2106 403 GREGORII
2148 345 2497 403 'I‘IIEOLOGI
3651 345 3722 400 85
3779 412 3783 415 _

459 454 637 524 Deus,
686 457 730 512 si
773 465 990 514 coactus
1026 467 1148 524 est;
1195 468 1251 514 et
1285 468 1502 517 coactus
1548 462 1764 530 quidem
1812 477 1917 515 non
1960 461 2023 514 ad

2132 463 2210 515 ’ότι
2243 463 2356 530 (59)
2380 461 2627 531 βουλήσει
2653 459 2745 513 καὶ
2772 459 2935 529 λόγῳ.
2969 459 3109 512 Ἀλλ’
3135 457 3286 512 οὔπω
3306 457 3483 527 λέγεις
3503 457 3564 510 τὸ
3585 459 3715 516 πᾶν.

456 546 600 602 aliud
627 547 940 618 quidquam,
961 564 1123 618 quam
1157 549 1224 604 ad
1250 549 1414 620 5-28
1433 552 1556 618 hoc,
1585 559 1645 604 ut
1677 551 1816 626 Deus
1839 551 2022 619 esset?

2132 553 2257 615 Πῶς
2287 552 2395 622 γὰρ
2426 551 2588 620 ἕργου
2624 549 2852 620 δύναμιν
2885 549 3042 620 ἔσχεν
3075 551 3109 621 ή
3151 549 3406 621 βούλησις
3444 549 3538 602 καὶ
3577 552 3605 602 ὁ
3637 550 3726 604 λό·

458 637 754 703 Quomodo,
809 640 1010 709 inquis,
1057 639 1228 696 Filius
1269 643 1488 711 genitus
1537 643 1658 698 est?
1706 642 1926 705 Verum,
1970 652 2023 697 tu

2132 660 2223 712 γος
2246 660 2259 707 ;
2298 643 2419 694 Ἔτι
2446 639 2557 712 (60)
2584 639 2828 692 λείπεται
2849 639 3046 708 λέγειν.
3079 640 3153 693 Οὐ
3175 637 3283 710 γάρ
3305 638 3476 704 οὕτως
3507 639 3718 711 ἄνθρωο

395 765 397 768 -
456 742 669 796 quoque
696 730 978 798 responde,
1019 731 1291 800 quomodo
1315 742 1534 788 creatus
1567 733 1701 787 est?
1734 731 2028 800 siquidem,

2131 751 2250 796 πος.

455 795 653 888 utipse
683 795 904 885 asseris,
950 795 1170 878 creatus
1199 832 1303 877 est.
1332 823 1464 877 Nam
1498 824 1550 878 id
1583 795 1818 894 quoque-
1863 795 2053 878 eadem
2141 795 2456 877 dillieultate
2517 819 2750 875 laborat.
2803 820 2960 875 Dices
3008 818 3265 884 fortasse,
3328 795 3605 876 voluntate
3662 829 3717 877 et

455 927 722 968 sermone.
752 915 822 969 At
855 915 1088 970 nondum
1120 929 1232 968 rem
1265 925 1432 970 totam
1463 917 1705 986 expedis.
1744 917 2027 982 Quomodo
2065 915 2206 969 enim
2241 913 2420 983 operis
2454 913 2559 967 vim
2628 911 2876 967 voluntas
2911 921 2966 966 et
2999 925 3180 967 sermo
3244 911 3571 968 habuerint?
3597 912 3710 969 Hoc

451 1004 828 1074 explicandum
853 1005 1026 1060 adhuc
1057 1005 1150 1060 tibi
1181 1016 1450 1075 superest.
1482 1007 1665 1077 Neque
1689 1009 1833 1063 enim
1861 1008 2024 1062 homo
2064 1006 2134 1059 ita
2170 1005 2486 1060 fabricatur.

522 1097 656 1152 \‘lll.
697 1097 976 1165 Quomodo
1002 1114 1157 1170 ergo,
1187 1099 1422 1169 inquies,
1465 1101 1679 1172 genitus
1708 1101 1831 1158 est?
1864 1101 2025 1156 llaud‘

451 1203 644 1259 magna
675 1197 822 1243 esset
849 1189 961 1244 haec
996 1191 1311 1260 generatio,
1342 1191 1385 1247 si
1413 1206 1442 1245 a
1476 1203 1526 1246 te
1557 1192 1760 1262 percipi
1801 1202 2022 1262 posset,

449 1282 643 1350 quippe
685 1279 775 1348 qui
817 1293 885 1333 ne
928 1289 1074 1334 tuan)
1127 1283 1344 1350 quidem
1389 1283 1559 1347 noris,
1604 1292 1696 1337 aut
1740 1292 1888 1338 certe
1913 1267 2026 1338 exi-

2199 1097 2281 1154 H’.
2327 1096 2454 1161 Πῶς
2503 1093 2595 1151 οῦν
2652 1111 3006 1168 γεγεννηται;
3054 1097 3169 1150 Οὐκ
3219 1095 3283 1170 ἂν
3317 1093 3384 1170 ἧν
3429 1098 3638 1170 μεγάλη
3684 1099 3718 1170 ή

2131 1193 2408 1262 γέννησις,
2445 1191 2494 1242 εί
2541 1190 2622 1243 σο)¹
2658 1188 3132 1260 κατελαμϐάνετο,
3181 1189 3240 1254 ὃς
3287 1191 3406 1244 οὐδὲ
3435 1191 3534 1263 τήν
3586 1193 3720 1247 ἰδίαν

2130 1283 2327 1355 ἐπίστῃ
2355 1282 2628 1351 γέννησιν,
2661 1280 2693 1351 ἢ
2727 1280 2920 1351 μικρόν
2940 1298 2993 1334 τι
3014 1281 3214 1352 ταύτης
3245 1283 3596 1354 κατείληφας,
3624 1283 3719 1338 καὶ⁵

449 1386 605 1440 gnam
642 1372 934 1440 quamdam
965 1381 1171 1441 partem
1209 1374 1495 1444 percepisti
1525 1416 1540 1443 ,
1573 1385 1944 1445 quantumque
1976 1387 2023 1429 te

2132 1376 2250 1426 ’ὦσον
2287 1372 2518 1444 αἰσχύνῃ
2554 1371 2766 1441 λέγειν·
2803 1372 2992 1425 ἔπειτα
3025 1373 3124 1425 οτει
3163 1373 3225 1425 τὸ
3257 1375 3364 1426 πᾶν
3399 1373 3713 1444 γινώσκειν;

448 1457 628 1511 dicere
661 1460 876 1527 pudeat.
921 1459 988 1513 Et
1019 1472 1205 1529 postea
1244 1477 1363 1516 eam
1403 1464 1561 1531 plene
1609 1464 1705 1517 tibi
1747 1465 2022 1534 cognitam

445 1565 568 1606 esse
597 1552 826 1606 censes?
851 1552 1078 1620 Magnus
1107 1553 1200 1608 tibi
1231 1554 1383 1610 labor
1411 1557 1562 1626 prius
1585 1556 1893 1612 subeundus
1915 1565 2019 1622 est,

446 1655 608 1710 quam
637 1652 694 1696 ut
723 1643 962 1699 rationes
991 1659 1085 1700 eas
1115 1646 1360 1701 invenias
1381 1684 1397 1711 ,
1429 1645 1625 1715 quibus
1651 1646 1980 1702 constitutus
2003 1685 2019 1711 ,

447 1735 747 1802 formatus,
801 1753 863 1792 ac
919 1737 1299 1794 manifestatus
1347 1739 1514 1795 fueris
1543 1778 1559 1804 ,
1606 1739 1804 1808 quibus
1852 1739 2017 1794 etiam

447 1828 623 1880 anima
657 1843 780 1881 cum
813 1843 1041 1898 corpore
1065 1870 1080 1895 ,
1123 1845 1274 1883 mens
1305 1845 1424 1884 cum
1457 1831 1633 1884 anima
1661 1871 1680 1896 ,
1723 1829 1861 1884 ratio
1895 1845 2018 1886 cum

448 1929 624 1975 tuente
663 1922 822 1990 quasi
865 1921 1089 1976 vinculis
1121 1922 1443 1990 quibusdam
1493 1923 1869 1991 astringatur:
1910 1930 2020 1977 tum

443 2012 710 2078 quomodo
743 2025 939 2082 corpus
969 2023 1274 2077 moveatur,
1305 2023 1358 2066 et
1392 2024 1675 2084 augeatur,
1714 2023 1877 2082 atque
1913 2014 2014 2068 ali-

446 2110 684 2156 mentum
727 2101 824 2171 ipsi
854 2101 1182 2156 assimiletur
1209 2115 1223 2156 :
1256 2104 1322 2156 ad
1357 2103 1474 2180 banc
1514 2120 1633 2172 quae
1664 2104 1734 2158 sit
1763 2117 2020 2158 sensuum

442 2197 583 2251 ratio
608 2239 622 2262 ,
652 2211 768 2266 quae
804 2196 1076 2252 memoriae
1100 2236 1114 2263 ,
1146 2213 1266 2268 qua:
1312 2197 1728 2253 reminiscentia:
1751 2239 1766 2265 ,
1810 2213 2021 2253 rerum-

442 2303 547 2356 que
601 2298 953 2353 ett-terarum,
1041 2303 1108 2342 ex
1170 2289 1365 2356 quibus
1416 2300 1636 2343 constas
1689 2307 1700 2341 :
1751 2276 1827 2342 ac
1858 2303 2020 2358 pra:-

445 2388 586 2434 terea
621 2397 740 2448 qua:
785 2379 1114 2446 conjunctim
1170 2380 1455 2448 utriusque
1499 2380 1668 2449 partis
1713 2381 1858 2447 sint,
1905 2395 2023 2448 qua:

442 2470 612 2524 divisa
649 2481 703 2523 et
737 2479 984 2538 separata
1007 2511 1020 2535 ,
1050 2483 1171 2539 qua:
1210 2485 1398 2524 rursus
1430 2486 1458 2522 a
1501 2485 1558 2523 se
1601 2470 1832 2525 invicem
1879 2471 2023 2526 acci-

444 2561 612 2628 piant.
646 2559 776 2626 Qua:
819 2561 964 2616 enim
1015 2560 1272 2627 temporis
1305 2576 1590 2630 progressu
1630 2560 2020 2630 perfectionem

445 2671 598 2710 suam
658 2663 1085 2722 consequuntur,
1147 2668 1334 2708 eorum
1393 2663 1542 2707 certe
1596 2653 1836 2708 rationes
1895 2654 2022 2722 ipsae

444 2745 601 2799 simul
635 2760 754 2798 cum
801 2744 1146 2814 generatione
1179 2745 1527 2798 exstiterunt.
1584 2744 1772 2808 Dicas,
1824 2743 1981 2798 velim
2005 2786 2019 2810 ,

444 2854 564 2909 qua:
599 2837 707 2891 sint
739 2837 822 2891 lue
862 2837 1138 2902 rationes;
1193 2837 1286 2891 sed
1324 2851 1390 2890 ne
1433 2845 1542 2890 tum
1575 2836 1790 2905 quidem
1829 2837 1893 2892 de
1929 2837 2022 2892 Dei

445 2931 794 3000 generatione
823 2938 1122 2998 pertracta.
1155 2925 1268 2983 Nec
1300 2930 1444 2982 enim
1475 2927 1526 2982 id
1569 2927 1810 2997 periculo
1846 2939 2020 2984 vacat.

446 3021 503 3073 Si
529 3020 671 3075 enim
701 3028 846 3072 tuam
870 3017 1175 3088 cognoscis,
1207 3032 1311 3071 non
1343 3015 1587 3085 protinus
1623 3017 1892 3085 sequitur,
1929 3015 2018 3069 Dei

2133 1465 2308 1519 Πολλὰ
2349 1463 2413 1518 ἂν
2448 1463 2647 1535 κάμοις
2687 1463 2970 1534 πρότερον,
3000 1463 3032 1534 ἢ
3062 1463 3241 1534 εὕροις
3269 1463 3458 1532 λόγους
3493 1468 3716 1537 συμπή-

2132 1557 2266 1620 ξεως
2287 1599 2300 1621 ,
2333 1554 2687 1626 μορφώσεως,
2704 1554 3084 1626 φανερώσεως,
3101 1555 3275 1626 ψυχῆς
3300 1555 3435 1627 πρὸς
3453 1556 3612 1626 σῶμα
3627 1557 3717 1610 δε-

2131 1646 2287 1716 σμον,
2306 1644 2397 1699 νοῦ
2418 1646 2551 1718 πρὸς
2570 1645 2769 1716 ψυχὴν,
2791 1645 2948 1714 λόγου
2973 1645 3109 1716 πρὸς
3135 1645 3281 1711 νοῦν,
3297 1646 3528 1717 κίνησιν,
3547 1645 3718 1720 αὔξη-

2131 1755 2235 1802 σιν,
2257 1737 2814 1810 τροφῆςὲξομοίωσιν,
2833 1738 3104 1809 αἴσθησιν,
3125 1738 3364 1809 μνήμην,
3385 1738 3714 1810 ἀνάμνησιν,

2123 1829 2291 1884 τᾶλλα
2325 1829 2381 1895 ἐξ
2403 1823 2479 1883 ὧν
2507 1827 2862 1899 συνέστηκας’
2891 1829 2984 1882 καὶ¹
3008 1829 3128 1882 τίνα
3147 1830 3244 1900 μὲν
3268 1829 3362 1882 τοῦ
3388 1831 3718 1901 συναμφοτέ-

2129 1938 2243 1994 ρου,
2273 1920 2471 1991 ψυχῆς,
2487 1921 2582 1974 καὶ
2601 1920 2872 1992 σώματος⁵
2890 1921 3012 1974 τίνα
3027 1921 3082 1974 δὲ
3102 1922 3168 1974 τά
3189 1922 3585 1993 μεμερισμένα,
3599 1926 3719 1977 τίνα

2125 2013 2179 2066 δὲ
2196 2013 2230 2068 ἃ
2254 2013 2383 2082 παρ’
2409 2011 2657 2082 ἀλλήλων
2671 2011 2947 2082 λαμϐάνον
2957 2029 3058 2064 σιν.
3077 2008 3178 2065 Ὧν
3200 2013 3308 2084 γάρ
3333 2012 3458 2066 ὕστε
3469 2031 3558 2085 ρον
3578 2015 3611 2085 ἠ
3631 2031 3722 2066 τε-

2125 2104 2362 2170 λείωσις,
2383 2102 2584 2156 τούτων
2608 2105 2656 2155 οἱ
2678 2103 2824 2171 λόγοι
2850 2103 2987 2173 μετὰ
3009 2103 3108 2174 τῆς
3130 2105 3457 2174 γεννήσεως.
3487 2105 3618 2158 Εἰπὲ
3639 2103 3723 2156 τίς

2126 2213 2237 2261 νεςο
2272 2195 2364 2249 κα).
2398 2195 2534 2266 μηδὲ
2572 2196 2692 2248 τότε
2729 2195 3095 2266 φιλοσοφήσῃς
3131 2195 3241 2265 (6i)
3275 2195 3410 2249 Θεοῦ
3444 2196 3717 2267 γέννησινο

2125 2287 2186 2338 οὐ
2202 2286 2308 2356 γάρ
2334 2285 2592 2354 ἀσφαλές.
2613 2285 2676 2337 Εἰ
2701 2284 2800 2354 μὲν
2814 2283 2922 2354 γὰρ
2941 2283 3037 2354 τὴν
3061 2283 3158 2354 σὴν
3175 2285 3485 2352 γινώσκεις,
3502 2285 3561 2338 οὗ
3587 2285 3722 2339 πάν-

2125 2395 2232 2440 τως
2264 2377 2358 2429 καὶ
2392 2381 2488 2447 τὴν
2521 2376 2614 2429 τοῦ
2643 2375 2810 2429 Θεοῦ·
2849 2377 2897 2428 εἰ
2923 2375 2979 2427 δὲ
3025 2375 3160 2446 μηδὲ
3186 2375 3284 2447 τὴν
3316 2376 3442 2448 σὴν,
3474 2376 3588 2440 πῶς
3620 2375 3722 2447 τήν

2126 2468 2218 2522 τοῦ
2249 2467 2425 2533 Θεοῦ;
2462 2469 2611 2538 ’Όσῳ
2638 2467 2744 2540 γὰρ
2779 2466 2910 2532 Θεὸς
2945 2467 3234 2538 ἀνθρώπου
3257 2467 3725 2540 δυστεκμαρτότε-

2131 2578 2220 2632 ρος
2255 2561 2390 2631 (62),
2438 2561 2679 2631 τοσούτῳ
2730 2560 2823 2614 καὶ
2860 2559 2961 2629 τῆς
3003 2560 3101 2631 σῆς
3142 2562 3449 2631 γεννήσεως
3481 2561 3724 2632 ἀλήπτο-

2125 2651 2260 2722 τέρα
2291 2654 2320 2722 ἡ
2354 2651 2466 2705 ἄνω
2495 2651 2771 2721 γέννησις.
2810 2650 2872 2702 El
2902 2649 2957 2703 δὲ
2982 2650 3064 2702 ὃτι
3095 2650 3168 2719 μή
3216 2665 3300 2702 σοι
3337 2649 3718 2718 κατείληπται,

2128 2742 2215 2796 διά
2244 2734 2553 2796 τοῦτοόῦδὲ
2582 2741 2906 2812 γεγέννηται
2940 2740 3052 2814 (65)
3071 2781 3087 2807 ,
3120 2739 3240 2812 ὥρα
3271 2757 3354 2794 σοι
3397 2739 3571 2795 πολλὰ
3602 2741 3722 2794 δια-

2127 2839 2362 2907 γράφειν
2393 2834 2499 2888 τῶν
2533 2835 2724 2900 ὄντων,
2769 2833 2805 2887 ὃ.
2851 2833 2926 2905 μὴ
2966 2833 3324 2903 κατείληφας,
3380 2833 3475 2888 καὶ
3519 2833 3624 2904 πρό
3657 2850 3721 2899 γε

2131 2929 2351 2982 πάντων
2388 2928 2497 3000 (64)
2532 2929 2621 2981 τὸν
2650 2928 2783 2981 Θεὸν
2815 2928 3006 2982 αὐτόν·
3040 2928 3101 2981 οὐ
3143 2927 3250 2999 γὰρ
3291 2927 3403 2996 (65)
3434 2928 3462 2980 ὅ
3485 2928 3538 2980 τι
3589 2927 3722 2980 ποτε

2129 3022 2276 3073 ἐστιν
2327 3021 2498 3072 εἰπεῖν
2524 3018 2688 3088 ἔχεις,
2735 3020 2829 3072 καὶ
2874 3019 2922 3070 εἰ
2961 3019 3080 3072 λίαν
3113 3018 3381 3090 τολμηρὸς
3429 3013 3498 3081 εἱ,
3531 3015 3623 3069 καὶ
3653 3016 3723 3069 τά

444 3127 660 3183 quoque
698 3110 1099 3181 generationem
1141 3107 1236 3162 tibi
1272 3107 1542 3177 cognitam
1592 3116 1642 3160 et
1685 3107 2022 3176 exploratam

2133 3109 2363 3180 περιττά
2411 3108 2809 3179 μεγαλόψυχος.
2862 3107 3152 3162 Κατάεαὶέ
3202 3125 3294 3160 σου
3339 3106 3439 3170 τὰς
3487 3107 3719 3178 ρεύσεις,

447 3219 588 3260 esse.
640 3202 696 3257 Si
731 3211 911 3256 autem
965 3211 1052 3254 tua
1105 3199 1201 3254 tibi
1254 3199 1434 3268 ignota
1484 3209 1608 3264 est,
1656 3216 1763 3268 quo
1817 3200 2029 3255 tandem

447 3299 607 3353 modo
647 3296 740 3350 Dei
792 3295 1070 3364 generatio
1104 3294 1199 3349 tibi
1249 3303 1375 3347 nota
1427 3292 1576 3347 erit?
1628 3291 1842 3359 Quanto
1886 3293 2030 3346 enim

446 3389 714 3446 tliﬂicilins
736 3400 820 3445 est
852 3388 946 3444 Dei
977 3398 1245 3453 naturam,
1279 3401 1438 3456 quam
1469 3386 1724 3450 ltuittinis,
1756 3387 2028 3456 indagare,

449 3493 598 3536 tanto
631 3496 845 3552 quoilue
894 3479 1165 3535 diﬂicilius
1194 3479 1398 3548 percipi
1447 3488 1626 3547 potest
1657 3493 1892 3546 superna
1941 3479 2027 3533 illa

453 3583 508 3626 et
543 3573 720 3628 divina
747 3571 1048 3643 generatio,
1091 3586 1252 3641 quam
1287 3579 1396 3625 tua.
1434 3569 1588 3636 Quod
1623 3571 1706 3636 si,
1748 3572 1872 3638 quia
1905 3586 2025 3625 eam

449 3665 755 3734 cognitione
783 3664 1002 3734 assequi
1043 3663 1257 3732 nequis,
1293 3662 1495 3718 idcirco
1531 3676 1598 3716 ne
1630 3663 1870 3732 genitum
1904 3664 2026 3730 qui-

448 3757 570 3811 dem
606 3770 727 3811 esse
754 3755 1060 3820 contendis,
1095 3766 1304 3824 tempus
1327 3753 1439 3820 jam
1470 3753 1560 3807 tibi
1601 3753 1785 3820 fuerit,
1819 3754 1982 3806 multa
2009 3792 2025 3818 ,

447 3865 568 3917 quae
597 3859 652 3904 tu
683 3848 904 3902 minime
929 3844 1237 3916 percepisti,
1279 3851 1442 3911 atque
1481 3850 1607 3895 ante
1634 3841 1818 3895 omnia
1857 3841 2024 3895 Deum

449 3923 665 4012 quoque
697 3942 893 4010 ipsum,
944 3953 974 3993 e
1016 3951 1195 3991 rerum
1238 3944 1432 3989 natura
1483 3932 1662 3988 delere
1697 3944 1861 4002 atque
1895 3931 2029 3986 obli-

451 4045 650 4090 terare.
701 4033 886 4102 Neque
923 4029 1108 4092 enim,
1155 4026 1284 4096 quid
1327 4024 1543 4079 tandem
1597 4025 1699 4088 sit,
1751 4021 2028 4093 explicare

2133 3201 2227 3254 καὶ
2265 3200 2362 3263 τὰς
2407 3199 2736 3271 διαιρέσεις,
2775 3200 2868 3252 καὶ
2898 3199 2998 3263 τὰς
3024 3198 3215 3270 τομὰς,
3255 3198 3348 3252 καὶ
3386 3198 3446 3251 τὸ
3475 3196 3550 3261 ὡς
3595 3197 3724 3267 περὶ

2134 3292 2386 3364 σώματος
2440 3291 2772 3346 διανοεῖσθαι
2830 3295 2928 3364 τῆς
2979 3292 3272 3363 ἀσωμάτου
3329 3290 3571 3360 φύσεως·
3629 3291 3724 3343 καὶ

2133 3386 2274 3455 τάχα
2307 3383 2373 3439 ἂν
2409 3383 2557 3449 ἄξιόν
2591 3401 2643 3437 τι
2693 3383 3034 3456 διανοηθειης
3069 3383 3203 3436 Θεοῦ
3249 3382 3358 3454 (66)
3395 3383 3720 3452 γεννήσεως.

2131 3477 2256 3540 Πῶς
2308 3477 2672 3546 γεγέννηταις
2731 3476 2899 3528 Πάλιν
2948 3475 3057 3546 γάρ
3109 3475 3167 3529 τὸ
3235 3475 3364 3528 αὐτὸ
3419 3473 3724 3544 φθέγξομαι

2133 3569 2532 3640 δυσχεραίνωνο
2574 3567 2711 3620 Θεοῦ
2753 3568 3006 3638 γέννησις
3052 3569 3229 3638 σιωπῇ
3266 3565 3536 3638 τιμάσθω.
3564 3565 3728 3633 Μέγα.

2131 3678 2213 3713 σοι
2240 3661 2300 3713 τὸ
2335 3661 2544 3740 μαθεὶξν,
2575 3661 2655 3713 ὅτι
2683 3660 3024 3731 γεγέννηται.
3058 3661 3132 3713 Τὸ
3154 3661 3211 3712 δὲ
3245 3660 3382 3725 πῶς,
3407 3659 3526 3712 οὐδὲ
3555 3657 3728 3727 ἀγγέ-

2132 3751 2268 3814 λοις,
2331 3751 2405 3822 μὴ
2454 3751 2536 3804 ὅτι
2580 3767 2643 3818 γε
2708 3751 2790 3804 σο).
2854 3753 3054 3805 ἐννοεῖν
3101 3753 3544 3823 συγχωρήσωμεν
3585 3750 3721 3818 (67).

2130 3842 2320 3895 Βούλει
2380 3844 2717 3914 παραστήσω
2753 3843 2813 3896 τὸ
2865 3843 3010 3907 πῶς;
3069 3842 3157 3906 Ὠς
3196 3839 3336 3896 οἶδεν
3385 3845 3413 3896 ὁ
3455 3844 3728 3913 γεννήσας

2135 3933 2350 4004 Πατὴρ,
2405 3934 2500 3987 καὶ
2543 3934 2571 3986 ὁ
2611 3933 2892 4004 γεννηθεὶς
2934 3932 3094 3996 Υἱός
3141 3933 3200 3986 τὸ
3249 3933 3306 3986 δὲ
3354 3933 3496 4004 ὑπὲρ
3527 3931 3724 3996 ταῦτα,

2138 4025 2292 4094 νέφει
2325 4025 2650 4096 κρύπτεται,
2681 4026 2777 4096 τὴν
2815 4026 2913 4096 σὴν
2946 4025 3236 4094 διαφεῦγον
3273 4023 3652 4096 ἀμϐλυωπίαν.

450 4139 626 4198 putes,
658 4125 954 4198 quamlibet
986 4122 1160 4176 audax
1198 4121 1295 4185 sis,
1329 4118 1575 4189 atque-in
1613 4117 2032 4186 supervacaneis
2072 4117 2232 4174 rebus
2279 4118 2534 4174 strenuus
2577 4129 2632 4174 et
2698 4117 3092 4186 magnanimus.
3152 4116 3297 4172 Tuas
3343 4117 3464 4172 illas
3530 4113 3729 4168 ﬂuxio-

450 4239 568 4288 nes,
605 4230 658 4276 et
692 4219 1017 4279 divisiones,
1052 4222 1108 4270 et
1152 4211 1418 4268 sectiones
1451 4211 1600 4282 prius
1635 4208 1825 4278 abjice,
1859 4225 1922 4266 ac
1956 4210 2022 4265 de
2058 4210 2377 4281 incorporea
2408 4211 2497 4266 illa
2526 4220 2743 4275 natura,
2773 4211 2927 4280 quasi
2992 4209 3058 4264 de
3088 4223 3371 4280 corporea,
3437 4206 3731 4278 disputare

451 4317 670 4380 desine;
710 4324 873 4383 atque
907 4311 979 4364 ita
1015 4309 1246 4364 fortasse
1280 4307 1498 4378 dignum
1552 4306 1751 4377 aliquid
1787 4307 2135 4376 generatione
2179 4307 2362 4362 divina
2435 4307 2722 4378 concipere
2790 4307 2972 4360 animo
3018 4320 3208 4376 queas.
3277 4303 3558 4370 Quomodo
3626 4317 3726 4374 ge-

454 4412 604 4466 nitus
641 4405 762 4462 est?
808 4405 954 4459 Idem
1019 4403 1161 4459 enim
1200 4402 1633 4474 indignabundus
1698 4411 1902 4472 repeto.
1948 4401 2114 4473 529
2153 4403 2244 4458 Dei
2294 4404 2572 4475 generatio
2627 4401 2826 4457 silentii
2877 4403 3084 4457 honore
3137 4401 3440 4456 decoretur.
3497 4398 3733 4454 Abunde

452 4518 706 4577 magnum
753 4501 845 4557 tibi
875 4508 958 4557 est
992 4501 1152 4566 scire,
1185 4514 1308 4555 eum
1342 4499 1579 4572 genitqu
1609 4515 1750 4556 esse.
1788 4499 1905 4568 Quo
1939 4509 2120 4555 autem
2153 4499 2312 4555 modo
2342 4500 2558 4571 genitus
2595 4499 2686 4566 sit,
2731 4514 2796 4554 ne
2863 4501 2996 4570 ipsis
3057 4499 3275 4570 quidem
3341 4495 3582 4578 angelis,
3631 4509 3731 4550 nc-

453 4604 578 4657 dum
643 4596 737 4652 tibi
789 4596 1087 4668 intelligere
1154 4599 1538 4654 concesserim.
1609 4599 1702 4654 Vis
1751 4599 2017 4654 declarem
2057 4596 2361 4669 quomodo?
2394 4597 2462 4654 Ut
2495 4597 2599 4654 scit
2645 4596 2825 4664 Pater,
2895 4598 2988 4667 qui
3052 4595 3268 4665 genuit,
3307 4603 3364 4650 et
3425 4593 3592 4649 Filius
3632 4593 3732 4662 qui

452 4692 664 4764 genitus
709 4702 812 4748 est.
859 4690 1011 4758 Quod
1055 4707 1218 4761 supra
1252 4693 1368 4748 haec
1400 4701 1514 4758 est,
1557 4695 1698 4748 nube
1729 4695 2026 4765 obtegitur,
2069 4694 2344 4764 animique
2375 4695 2448 4748 tui
2483 4695 2861 4749 bebetudinem
2895 4692 3050 4764 fugit.

522 4783 615 4838 IX.
658 4783 764 4838 Sed
802 4783 1039 4854 argutari
1085 4791 1332 4852 pergunt.
1370 4783 1752 4850 Exsistentem,
1797 4787 1882 4842 vel
1918 4802 2023 4842 non

2203 4786 2279 4842 6'.
2333 4789 2503 4840 Ὄντα
2529 4783 2620 4840 οῦν
2654 4787 3005 4860 γεγέννηκεν,
3091 4786 3192 4841 οὐκ
3217 4787 3364 4840 ὅντα.
3406 4785 3526 4839 Τῶν
3554 4785 3730 4857 ληρη-

453 4876 805 4932 exsistentem
851 4873 1038 4942 genuit
1087 4875 1264 4929 Pater.
1312 4873 1356 4929 Ο
1407 4873 1592 4931 futiles
1643 4876 1843 4947 nugas!
1903 4877 2023 4933 Haec

2147 4877 2367 4931 αάτωνῐ
2410 4877 2546 4948 Περὶ
2582 4877 2680 4947 ἐμὲ
2718 4877 2810 4930 καὶ
2835 4878 2894 4930 σὲ
2927 4877 3120 4940 ταῦτα,
3155 4877 3203 4930 οἳ
3248 4876 3308 4930 τὸ
3338 4875 3434 4946 μέν
3470 4893 3523 4928 τι
3559 4871 3732 4946 ἦμεν,

453 4968 596 5022 enim
628 4967 758 5021 mihi
803 4982 868 5021 ac
910 4966 1006 5021 tibi
1040 4965 1390 5032 conveniunt,
1417 4969 1508 5034 qui
1542 4969 1738 5036 partim
1773 4984 2029 5031 eramus,

456 5071 513 5114 ut
539 5058 669 5114 Levi
701 5059 812 5124 ille,
863 5057 916 5112 in
950 5057 1150 5113 lumbis
1181 5057 1412 5113 Abrahae
1438 5059 1500 5125 ι’,
1534 5058 1728 5128 partim
1761 5061 2032 5130 procreati

2143 4969 2332 5041 ὥσπερ
2359 4971 2416 5022 ἐν
2444 4972 2510 5040 τῇ
2543 4969 2706 5038 ὀσφύϊ
2738 4968 2828 5022 τοῦ
2869 4968 3140 5041 Ἀϐραὰμ,
3166 4970 3196 5022 ὁ
3217 4967 3346 5022 Λευῖ
3365 4985 3378 4998 ο
3407 4967 3468 5020 τὸ
3488 4967 3544 5020 δὲ
3569 4965 3737 5034 γεγόο

2142 5077 2331 5113 ναιιεν.
2369 5060 2532 5112 ’Ὥστε
2560 5059 2617 5126 ἐξ
2649 5059 2837 5120 ὄντων,
2864 5058 3060 5112 τοόπον
3089 5057 3210 5111 τινὰ
3236 5057 3295 5112 τὸ
3323 5057 3608 5128 ἡμέτερον,
3635 5055 3736 5108 καὶ

527 5171 570 5200 ¹¹
611 5168 774 5224 llebr.
809 5184 906 5232 vtl,
935 5167 1003 5222 I0
1031 5184 1150 5239 sqq.

526 5262 639 5336 (59)
682 5264 823 5336 "Qu.
865 5266 1025 5336 Deest
1067 5265 1120 5318 in
1145 5263 1244 5336 Or.
1281 5265 1333 5332 Ι,
1367 5264 1595 5335 aliisque
1630 5266 1894 5336 pluribus:

2224 5265 2336 5335 (65)
2369 5265 2524 5336 Οὐδὲ
2550 5265 2920 5336 τεγέξινηται.
2947 5262 3171 5333 Nempe,
3191 5260 3511 5336 _¢_Filins._i

431 5393 433 5396 ,
525 5331 639 5408 (60)
671 5335 827 5408 _"E_n.
863 5335 955 5408 Sic
986 5346 1108 5408 tres
1143 5331 1332 5408 ltegg.,
1381 5331 1830 5407 quinque-Coll»,
1858 5333 1951 5392 Or.
1985 5339 2023 5391 lt

2223 5331 2335 5408 (64)
2374 5331 2804 5408 Πάντων-λῆθε.
2835 5351 2886 5401 a,
2911 5331 3150 5408 quinque
3169 5333 3352 5408 901b,,
3377 5331 3650 5384 ἁπάντων.

525 5339 639 5402 (60)
683 5339 827 5386 Ἔτι.
863 5339 955 5388 Sic
999 5346 1108 5388 tres
1143 5339 1332 5408 ltegg.,
1381 5339 1618 5407 quinque
1653 5339 1830 5404 Coll»,
1858 5339 1951 5392 0r.
1985 5339 2023 5391 lt

455 5416 507 5460 et
533 5403 723 5476 Comb.
753 5403 807 5456 In
838 5405 950 5466 cd.,
985 5404 1044 5476 ἓν
1075 5422 1148 5459 τι.

2245 5339 2335 5402 6'4)
2374 5339 2642 5389 Πάντων.
2674 5339 2804 5405 Reg.
2835 5351 2886 5401 a,
2911 5339 3149 5404 quinque
3173 5339 3352 5394 tlolb.,

2221 5339 2334 5476 (65)
2369 5408 2452 5459 Οὐ
2486 5405 2619 5476 γάρ.
2652 5406 2842 5476 Plures
2866 5407 3068 5470 \codtl.,
3092 5403 3220 5476 οὐδὲ
3245 5402 3373 5474 γάρ.

527 5474 641 5550 (lii)
700 5474 1151 5550 φιλοσοφήσῃς.
1231 5476 1358 5548 Reg.
1445 5491 1556 5544 nm,
1633 5479 2023 5550 φιλοσοφήσεις.

2353 5473 2542 5530 Θεοῦ.
2570 5475 2758 5550 Comi).
2770 5513 2786 5537 ,
2826 5493 2893 5528 πε
2903 5473 3140 5550 ρὶΔΘεοῦ.

527 5491 641 5544 UH)
700 5491 1151 5546 φιλοσορησῃςι
1231 5491 1358 5548 Heg.
1445 5491 1556 5544 tim,
1633 5491 2023 5550 φιλοσοφήσεις.

453 5541 636 5620 0r.__1_,_
663 5543 1064 5620 φιλοσοφήσοις.
1093 5617 1103 5620 _
1418 5619 1427 5620 ί
1812 5616 1814 5618 τ
1995 5617 2006 5620 Α

2243 5491 2332 5551 uti)
2373 5491 2542 5530 υεου.
2570 5491 2786 5537 ιλοηιυ..
2826 5493 2955 5548 περι
2983 5491 3140 5527 υεου.

2161 5617 2187 5620 _
2220 5491 2336 5620 (67)
2376 5545 2887 5620 Συτχωρήσωμεν.
2909 5615 2928 5620 _
2956 5545 3073 5600 Duo
3124 5543 3302 5620 ᾕρεε.
3325 5584 3339 5606 ,
3371 5539 3524 5620 *01)-
3549 5542 3573 5597 ι
3601 5548 3739 5620 ,ψει

529 5610 1294 5698 (6ἳ)Δ”Δ“υστέκμαρτότερος.
1349 5637 1366 5669 ι
1397 5619 1611 5698 Quanto
1658 5616 1814 5676 enim
1848 5616 2023 5698 diffici-

2150 5610 2362 5698 Co‘mb},
2413 5610 2859 5698 συγχωρήσομεν.
2908 5615 3082 5698 Locus
3121 5610 3322 5698 iste‘jn
3363 5610 3470 5698 0r.»
3502 5614 3568 5698 1,-
3578 5610 3738 5698 aliis:

459 5681 564 5762 lius
591 5681 678 5738 eet
706 5683 874 5739 Deum
909 5681 1006 5762 per
1036 5681 1298 5762 quasdam
1344 5681 1708 5760 conjecturas,
1735 5705 1895 5762 quam
1920 5690 2023 5747 'bot

2150 5703 2256 5762 que
2294 5681 2548 5762 pluribus
2574 5681 2920 5762 sic'legitnr;
2962 5686 3082 5741 οὐδὲ
3123 5684 3374 5754 ἀγγέλοις
3399 5685 3617 5746 ἐννοεῖν,
3653 5681 3740 5754 μὴ

462 5755 659 5810 minem
685 5758 1165 5826 comprehendere.
1198 5777 1219 5812 ι
1260 5768 1364 5814 etc.
1444 5755 1459 5760 ⁷
1691 5755 1706 5757 ί
1753 5755 1765 5762 ’

2149 5759 2229 5812 ὅτι
2270 5755 2332 5828 γέ
2375 5775 2453 5810 σοι
2485 5759 2624 5810 νοεῖν
2666 5759 3112 5829 συγχωρήσομεν.
