4038 6338
241 367 318 464 ἐδ
1273 402 1535 463 ORATIO
1569 403 1759 463 χχιιι.
1799 441 1814 450 -

1916 408 2349 468 ΤηεοιοοισΑ
2389 411 2478 466 lll.
3431 409 3504 467 86

249 519 345 572 ούκ
380 519 544 572 ὄντων
565 537 576 546 ·
617 520 876 584 ἐναντίως
909 519 1036 592 περὶ
1073 520 1170 593 τὴν
1199 523 1494 594 ἀρχέγονον
1525 524 1657 597 ὓλην
1695 526 1814 580 ὐπο-

1935 545 2155 595 sumus;
2195 545 2258 586 ac
2304 531 2531 601 proinde
2562 528 2758 601 partim
2803 543 2874 585 ex
2913 527 3150 588 cutibus.
3195 525 3389 596 partim
3435 542 3500 581 ex

252 614 447 663 στᾶσαν
480 611 665 678 σαφῶς
708 612 766 678 ἐξ
792 613 890 665 οὐκ
913 613 1102 676 ὄντων,
1134 613 1236 667 κᾶν
1273 633 1415 679 τινες
1455 615 1564 688 (68)
1599 617 1827 688 ἀγέννη-

249 718 332 752 τον
373 700 479 770 (69)
513 700 946 756 ἀναπλάττωσιν.
1015 700 1279 756 Ἐνταῦθα
1321 705 1376 758 δὲ
1419 707 1715 778 σύνδρομον
1750 709 1826 778 τῷ

247 789 380 845 εἶναι
405 793 465 845 τὸ
496 793 858 864 γεγεννῆσθαι
884 794 1018 866 (70),
1049 797 1144 850 καὶ
1174 797 1268 850 ἀπ’
1300 798 1494 868 ἀρχῆς.
1527 800 1686 853 ’Ὥστε
1722 803 1824 855 ποῦ

246 885 427 956 θήσεις
461 886 575 954 (71)
603 885 664 938 τὸ
696 886 1084 957 ἀμφίκρημνον
1107 887 1265 941 τοῦτο
1291 887 1584 961 ἐρὼτημα;
1624 892 1687 944 Ti
1717 893 1826 964 γὰρ

248 977 332 1030 τοῦ
357 978 450 1030 ἀπ’
485 977 660 1047 ἀρχῆς
687 977 1073 1048 πρεσϐύτερον,
1123 979 1189 1032 ἵν’
1218 980 1336 1032 ἐκεῖ
1365 981 1546 1051 Θῶμεν
1591 982 1649 1036 τὸ
1688 979 1826 1038 εἶναί

246 1085 367 1120 ποτε
397 1067 494 1120 τοῦ
522 1067 675 1134 Υῑοῦ,
714 1070 746 1140 ἢ
776 1069 835 1122 τὸ
883 1069 956 1140 μὴ
993 1066 1168 1136 εἷναι;
1215 1073 1561 1147 Ἀμφοτέρως
1605 1076 1711 1147 γὰρ
1745 1078 1823 1142 τὸ,

241 1157 338 1210 ἀπ’
365 1155 581 1224 ἀρχῆς,
614 1158 908 1228 λυθήσεται
928 1177 941 1190 ο
971 1162 1019 1213 εὶ
1046 1163 1120 1231 μή
1156 1179 1236 1216 σοι
1256 1163 1349 1216 καὶ
1371 1166 1399 1218 ό
1428 1166 1639 1238 Πατὴρ,
1664 1169 1825 1222 πάλιν

241 1248 566 1318 ἐρωτώντων
593 1249 770 1321 ἡμῶν,
807 1251 866 1316 ἐξ
902 1252 1090 1316 ὄντων,
1127 1253 1159 1324 ἢ
1189 1253 1248 1318 ἐξ
1277 1257 1375 1308 οὐκ
1409 1255 1598 1321 ὅντων,
1643 1259 1824 1312 κινδυ-

238 1341 530 1412 νεύσειενῆ
562 1342 643 1406 δὶς
677 1339 834 1406 εἶναι,
871 1343 899 1396 ὃ
933 1344 1031 1414 μὲν
1054 1344 1258 1416 προὼν,
1290 1346 1318 1399 ὃ
1351 1347 1406 1400 δὲ
1437 1347 1530 1410 ὢν,
1567 1350 1598 1420 ἢ
1630 1351 1824 1403 ταυτὸν

237 1431 310 1501 τῷ
348 1432 466 1503 Υἱῴ
509 1434 724 1499 παθεῖν,
758 1435 815 1502 ἐξ
851 1439 950 1490 οὐκ
985 1436 1154 1491 ὄντων
1187 1434 1346 1503 εἶναι,
1379 1439 1468 1492 διὰ
1503 1441 1568 1494 τὰ
1606 1442 1672 1496 σὰ
1716 1444 1824 1496 τῶν

236 1523 610 1596 ἐρωτημάτων
639 1526 886 1594 παίγνια,
916 1529 1008 1582 καὶ
1040 1529 1139 1593 τὰς
1165 1532 1228 1584 ὲκ
1258 1531 1503 1604 ψάμμων
1531 1533 1639 1605 (72)
1666 1537 1824 1589 οἰκο-
1849 1553 1852 1556 ’

235 1614 418 1686 δομὰς,
454 1617 512 1670 αἳ
555 1617 688 1688 μηδὲ
720 1618 916 1692 αὖραις
955 1622 1217 1676 ἵστανται.
1258 1623 1400 1692 Ἐγὼ
1435 1626 1530 1695 μὲν
1577 1623 1668 1680 οὖν
1703 1627 1821 1681 οὑδ-

236 1708 418 1780 ἐτερον
459 1710 664 1763 τούτων
698 1711 944 1783 δέχομαι,
990 1714 1083 1766 καὶ
1111 1715 1206 1785 τὴν
1261 1715 1527 1788 ὲρώτησὶν
1583 1737 1725 1790 φημι
1763 1721 1821 1774 τὸ

230 1801 427 1854 ἄτοπον
463 1802 632 1872 ἔχειν,
677 1804 798 1874 οὐχὶ
837 1805 895 1857 τὸ
926 1806 1127 1876 ἄπορον
1156 1807 1252 1875 τὴν
1282 1808 1608 1879 ἀπάντησιν.
1655 1813 1717 1863 Ei
1763 1812 1819 1864 δὲ

235 1893 314 1944 σοὶ
346 1895 461 1960 (75)
495 1897 744 1963 φαίνεται
803 1898 1099 1965 ἀναγκαῖον
1159 1893 1297 1953 εἶναι
1353 1901 1412 1955 τὸ
1451 1903 1635 1974 ἕτερον
1684 1903 1818 1976 ἀλη-
1852 1877 1889 1929 Β

227 1984 404 2040 θεύειν
429 1989 524 2041 ἐπὶ
546 1990 767 2054 παντὸς,
806 1991 946 2044 κατά
975 1990 1072 2056 τὰς
1109 1994 1205 2056 σὰς
1235 1993 1582 2059 διαλεκτικὰς
1620 1997 1818 2068 ὑπολή-

225 2077 365 2148 ψεις,
410 2079 564 2146 δέξαι
618 2081 718 2152 μού
759 2100 809 2136 τι
856 2083 1052 2156 μικρὸν
1082 2085 1378 2157 ὲρὼτημα’
1437 2088 1492 2142 ’0
1535 2089 1724 2158 χρόνος
1759 2090 1816 2142 ὲν

225 2171 424 2243 χρόνῳ,
470 2174 503 2244 ἢ
535 2175 634 2227 ούκ
680 2175 737 2226 ὲν
770 2177 980 2248 χρόνῳ;
1009 2178 1072 2230 Εἰ
1121 2179 1218 2248 μὲν
1250 2175 1342 2232 οὖν
1379 2182 1437 2233 ὲν
1485 2181 1679 2253 χρόνῳ,
1710 2181 1815 2235 τίνι

226 2265 426 2336 τούτῳ;
468 2267 561 2319 καὶ
581 2267 633 2320 τε
653 2269 801 2339 παρὰ
825 2267 1012 2322 τοῦτον
1036 2270 1180 2336 ovet;
1214 2271 1308 2324 καὶ
1331 2271 1449 2336 πῶς
1473 2273 1811 2345 περιέχοντι;

224 2355 284 2408 Ei
312 2354 369 2407 δὲ
407 2356 512 2408 οὐκ
532 2357 589 2408 ὲν
619 2357 815 2428 χρόνῳ,
837 2359 920 2422 τίς
947 2361 979 2430 ἡ
1009 2360 1232 2430 περιττὴ
1265 2362 1443 2429 σοφία,
1479 2363 1668 2434 χρόνον
1701 2367 1812 2418 εἰσ-

222 2447 374 2514 ἀγειν
413 2449 674 2518 ἄχρονον;
712 2449 817 2502 Τοῦ
862 2450 940 2514 δὲ,
974 2451 1104 2505 Νῦν
1139 2451 1254 2522 ἐγὼ
1291 2454 1606 2523 ψεύδομαι,
1637 2456 1724 2521 δὸς
1755 2458 1813 2511 τὸ

219 2535 430 2606 ἓτερον,
479 2540 512 2610 ἢ
562 2538 919 2610 ἀληθεύεσθαι
957 2543 1069 2610 (74)
1101 2543 1278 2613 μόνον,
1323 2545 1355 2616 ἢ
1401 2546 1722 2616 ψεύδεσθαγ
1750 2551 1810 2602 ού

221 2626 326 2698 γὰρ
355 2630 648 2701 ἀμφότερα
679 2630 941 2702 δώσομεν.
986 2634 1122 2686 Ἀλλ’
1150 2635 1248 2688 οὐκ
1274 2635 1565 2706 ἐνδέχεται.
1605 2639 1674 2690 Ἦ
1702 2638 1810 2711 γὰρ

217 2714 554 2786 ψευδόμενος
595 2718 904 2789 ἀληθεύσει,
950 2723 980 2792 ἦ
1021 2723 1297 2794 ἀληθεύων
1340 2724 1631 2794 ψεύσεται·
1661 2731 1810 2782 πᾶσα

219 2808 458 2878 ἀνάγκη.
496 2810 560 2862 Ti
607 2807 698 2864 οὖν
728 2811 1059 2882 θαυμαστὸν,
1096 2815 1284 2888 ὥσπερ
1313 2813 1547 2871 ὲνταῦθά
1575 2821 1808 2890 συμϐαῖ-

216 2916 294 2953 νει
329 2901 398 2954 τὰ
441 2903 682 2967 ἐναντία,
717 2903 888 2968 οὕτως
935 2907 1111 2958 ἐκεῖσε
1165 2907 1451 2979 ἀμφότερα
1496 2909 1804 2978 ψεύδεσθαι,

218 2994 311 3046 καὶ
338 2993 490 3048 οὕτω
525 3013 605 3049 σοι
653 2999 714 3050 τὸ
765 2998 926 3066 σοφὸν
959 2999 1163 3069 ἠλίθιον
1206 2987 1655 3072 ἁναφανὴσέται;
1712 3007 1807 3058 Ἓν

219 3084 296 3138 ἔτι
324 3104 417 3156 μοι
441 3087 603 3141 λύσον
632 3089 737 3142 τῶν
760 3091 1126 3160 αἰνιγμάτων·
1157 3092 1374 3162 Σεαυτῷ
1401 3093 1457 3146 δὲ
1488 3096 1807 3167 γεννωμένῳ

216 3179 433 3250 παρῆςς
468 3181 634 3249 πάρει
667 3181 722 3232 δὲ
754 3179 881 3245 vim;
920 3184 951 3252 ἢ
981 3182 1290 3253 ούδέτερον;
1329 3185 1390 3236 Εἰ
1435 3185 1534 3252 μὲν
1573 3186 1681 3258 γὰρ
1711 3189 1804 3242 καὶ

214 3270 424 3340 παρῆς,
473 3271 570 3323 καὶ
600 3273 784 3343 πάρει,
819 3273 894 3336 ὡς
924 3274 1028 3340 τίς,
1069 3274 1162 3326 καὶ
1199 3274 1336 3338 τίνι;
1366 3277 1458 3328 καὶ
1503 3277 1619 3339 πῶς
1656 3281 1684 3332 ὁ
1726 3275 1806 3342 εἷς

211 3364 384 3432 ἄμφω
431 3363 723 3432 γεγόνατε;
766 3365 828 3417 El
885 3364 942 3417 δὲ
997 3365 1290 3436 μηδέτερον
1335 3367 1441 3420 τῶν
1478 3369 1805 3439 εἰρημένων,

210 3454 330 3516 πῶς
371 3454 602 3507 σεαυτοῦ
643 3455 757 3523 (75)
797 3455 1029 3527 χωρίζω
1062 3457 1154 3509 καὶ
1186 3457 1270 3520 τίς
1311 3460 1342 3526 ἡ
1378 3458 1524 3511 αἰτία
1573 3459 1672 3528 τῆς
1696 3459 1812 3512 δια-

209 3546 452 3614 ζεύξεως
483 3547 628 3618 (76);
669 3547 812 3600 Ἀλλ’
835 3548 1154 3602 ἀπαίδευτον
1178 3549 1238 3602 τὸ
1264 3549 1374 3620 (77)
1403 3551 1530 3620 περὶ
1556 3549 1650 3603 τοῦ
1670 3550 1806 3617 ἐνὸς,

209 3639 256 3690 ει
299 3636 488 3707 ἑαυτῷ
529 3638 815 3708 πάρεστιν,
849 3638 882 3690 il
936 3639 1028 3710 μὴ,
1072 3640 1569 3712 πολυπραγμονεῖν.
1623 3640 1807 3694 Ταῦτα

207 3727 314 3799 γὰρ
346 3729 438 3781 ἐπ’
468 3727 662 3794 ἄλλων,
687 3730 782 3800 οὐχ
805 3729 998 3782 ἑαυτοῦ
1029 3730 1264 3799 λέγεται.
1305 3732 1799 3804 ’Λπαιδευτότερον,

207 3814 264 3872 εὖ
295 3819 430 3883 ἴσθι,
463 3820 526 3871 τὸ
563 3820 656 3872 ἀπ’
695 3820 870 3890 ἀρχῆς
903 3821 1296 3892 γεγεννημένον
1327 3821 1462 3892 (78),
1505 3825 1552 3875 εἰ
1592 3818 1659 3893 ἧν
1697 3823 1802 3894 πρὸ

209 3910 304 3979 τῆς
341 3911 677 3980 γεννήσεως,
722 3911 754 3980 ἢ
799 3911 897 3964 οὐκ
925 3906 1012 3982 ἦν,
1054 3911 1444 3969 διευθύνεσθαι.
1483 3909 1649 3979 Οὗτος
1693 3916 1799 3988 γὰρ

208 4002 339 4071 περὶ
367 4002 482 4054 τῶν
513 4001 690 4072 χρόνῳ
717 4001 1000 4072 διαιρετῶν
1033 4005 1061 4055 ὁ
1089 4003 1262 4071 λόγος.

1931 637 2033 674 non
2068 622 2288 676 entibus
2325 636 2509 676 sumus
2540 638 2554 675 :
2585 631 2775 675 contra
2807 635 2968 689 quam
2999 619 3050 673 in
3079 618 3379 692 primigena
3415 617 3503 670 illa

1930 714 2156 768 materia
2190 712 2406 778 accidit,
2433 727 2552 782 quae
2586 711 2730 766 haud
2760 712 2924 768 dubie
2966 727 3033 768 ex
3085 726 3189 765 non
3215 717 3342 765 ente
3376 725 3504 779 pro-

1927 813 2108 860 creata
2164 815 2280 868 est,
2327 814 2599 874 utcunque
2632 819 2751 859 eam
2799 803 3037 859 nonnulli
3079 812 3337 858 aeternam
3383 815 3502 857 esse

1927 897 2252 968 conﬁngant.
2281 901 2346 950 At
2379 899 2463 950 hic
2496 897 2768 966 generatio
2798 911 2920 950 eum
2952 895 3186 951 essentia
3222 895 3335 965 ipsa
3367 908 3501 950 eou-

1928 989 2117 1051 currit,
2146 995 2308 1058 atque
2340 1003 2367 1040 a
2405 987 2674 1058 principio
2704 987 2932 1043 exstitit.
2975 985 3071 1040 Ubi
3128 1000 3258 1055 ergo
3298 1000 3500 1053 anceps

1930 1077 2058 1130 illttd
2097 1087 2290 1150 tuum“
2321 1087 2483 1147 atque
2536 1077 2785 1146 utrinque
2837 1089 3074 1144 praeceps
3123 1084 3500 1144 argumentum

1927 1166 2130 1236 pones?
2164 1165 2302 1232 Quid
2340 1167 2483 1220 enim
2519 1181 2604 1228 eo,
2637 1165 2778 1234 quod
2811 1181 2839 1215 a
2885 1162 3149 1233 principio
3188 1171 3325 1228 erat,
3357 1163 3500 1218 anti-

1927 1259 2085 1325 quius
2128 1272 2249 1312 esse
2289 1267 2484 1326 potest,
2539 1266 2597 1310 ut
2637 1256 2744 1311 illic
2783 1264 2996 1326 tempus
3030 1255 3376 1318 collocemus,
3415 1255 3497 1311 vel

1926 1363 2031 1416 quo
2077 1357 2190 1402 erat
2248 1348 2434 1412 Filius,
2473 1349 2558 1403 vel
2592 1363 2696 1416 quo
2741 1363 2842 1403 non
2876 1347 3026 1402 erat?
3074 1346 3311 1417 Utroque
3354 1345 3497 1401 enim

1925 1439 2086 1493 modo
2124 1440 2283 1504 illud,
2332 1457 2362 1494 ο
2416 1441 2693 1508 principio,
2733 1439 3054 1494 dissolvetur
3083 1451 3136 1494 et
3185 1448 3498 1504 evertetur,

1924 1531 2028 1586 nisi
2062 1528 2201 1586 forte
2225 1532 2318 1585 tibi
2344 1547 2555 1601 quoque
2579 1531 2756 1595 Pater,
2785 1531 3269 1602 percunctantibus
3311 1544 3501 1586 rursus

1924 1623 2098 1687 nobis,
2146 1639 2207 1676 ex
2258 1624 2569 1689 entibusne,
2617 1639 2684 1678 an
2725 1639 2787 1679 ex
2844 1639 2950 1678 non
2992 1624 3206 1678 entibus
3261 1623 3364 1689 sit,
3415 1623 3501 1678 bis

1922 1729 2041 1768 esse
2077 1714 2432 1782 periclitetur,
2467 1715 2602 1768 alter
2635 1715 2887 1768 nimirum
2929 1715 3330 1785 prasemistens,
3363 1713 3501 1769 alter

1921 1806 2228 1874 exsistens;
2264 1815 2356 1861 aut
2387 1816 2799 1880 certepropter
2836 1807 3072 1862 ludicras
3103 1817 3226 1862 tuas
3271 1807 3502 1861 interro—

1920 1899 2186 1968 gationes,
2223 1910 2382 1969 atque
2414 1914 2477 1953 ex
2529 1915 2691 1954 arena
2729 1907 3073 1955 constructas
3120 1899 3330 1966 domos,
3378 1913 3499 1968 qua:

1919 2005 1988 2044 ne
2033 1989 2239 2045 levibus
2279 1991 2492 2059 quidem
2527 1991 2699 2045 ventis
2753 1993 3008 2045 resistere
3060 2000 3307 2060 possunt,
3358 1991 3494 2045 idem

1919 2081 1986 2148 ei,
2027 2081 2169 2150 quod
2218 2081 2371 2145 Filio,
2413 2083 2655 2148 accidat,
2693 2084 2792 2136 hoc
2843 2091 2956 2144 est,
2989 2097 3054 2136 ex
3092 2097 3200 2137 non
3247 2090 3370 2137 ente
3404 2084 3495 2136 sit.

1918 2175 2028 2246 Ego
2071 2174 2289 2243 quidem
2333 2183 2578 2227 neutrum
2613 2175 2802 2228 horum
2832 2173 3080 2236 admitto,
3114 2175 3495 2244 quaestionem-

1916 2281 2020 2336 que
2070 2265 2210 2320 hanc
2265 2275 2409 2320 tuam
2461 2264 2810 2320 ahsurditatis
2860 2265 3121 2328 multum,
3166 2265 3495 2320 dillicultatis

1917 2359 2053 2414 nihil
2086 2357 2282 2414 habere
2313 2359 2419 2413 aio.
2450 2357 2601 2424 Quod
2635 2359 2675 2411 si
2722 2367 2778 2412 tu
2813 2359 2968 2426 juxta
3014 2367 3136 2414 tuas
3184 2359 3496 2414 dialecticas

1917 2453 2209 2508 sententias
2252 2451 2303 2506 in
2349 2451 2498 2505 omni
2547 2459 2869 2520 argumento
2914 2453 3229 2506 alterutram
3285 2450 3492 2520 disiun-

1915 2543 2154 2599 ctionum
2198 2558 2378 2598 veram
2443 2557 2564 2598 esse
2610 2553 2862 2612 oportere
2906 2543 3220 2620 existimas,
3271 2558 3494 2612 parvam

1915 2637 2198 2704 quamdam
2232 2633 2804 2706 interrogatiunculam
2840 2649 2868 2687 a
2900 2649 2986 2690 me
3020 2635 3226 2703 accipe.
3257 2633 3496 2704 Tempus

1916 2735 2074 2782 estne
2119 2727 2173 2780 in
2211 2736 2471 2795 tempore,
2503 2727 2719 2782 annon?
2767 2725 2820 2781 Si
2858 2725 2911 2780 in
2952 2735 3209 2796 tempore,
3242 2740 3348 2796 quo
3377 2734 3496 2779 tan-

1912 2817 2068 2871 dem?
2101 2816 2347 2887 Quidque
2399 2831 2563 2886 supra
2604 2817 2707 2872 hoc
2741 2816 3074 2872 exsistente?
3110 2817 3186 2872 Ac
3221 2817 3491 2886 quomodo

1913 2909 2018 2962 hoc
2063 2905 2413 2981 continente?
2459 2906 2516 2962 Si
2577 2917 2756 2962 autem
2809 2922 2912 2962 non
2965 2906 3018 2959 in
3061 2914 3320 2974 tempore,
3371 2920 3491 2976 quae

1911 3000 2024 3054 hac
2053 2997 2254 3052 eximia
2287 2997 2575 3066 sapientia,
2611 3007 2822 3066 tempus
2872 2997 3130 3066 temporis
3168 3011 3363 3067 expers
3404 2997 3490 3050 in-

1911 3091 2149 3145 ducere?
2195 3093 2324 3160 Age,
2361 3091 2519 3161 hujus
2572 3090 2860 3154 sermonis,
2903 3088 3057 3143 Nunc
3090 3105 3182 3159 ego
3239 3090 3485 3154 mentior,

1909 3184 1972 3237 da
2009 3185 2259 3247 alterum,
2301 3193 2391 3239 aut
2423 3185 2684 3237 duntaxat
2717 3197 2899 3236 verum
2934 3197 3078 3244 esse,
3105 3190 3200 3235 aut
3243 3181 3479 3236 falsum:

1911 3293 2012 3332 nou
2061 3279 2203 3332 enim
2251 3284 2541 3345 utrutnque
2592 3275 2861 3329 dabimus.
2907 3273 3066 3343 Atqui
3120 3273 3268 3328 nullo
3327 3274 3486 3329 modo

1909 3369 2010 3424 hoc
2058 3367 2172 3422 ﬁeri
2206 3374 2400 3435 potest.
2445 3363 2538 3418 Vel
2578 3364 2717 3418 enim
2754 3365 3024 3418 mentiens
3076 3378 3258 3418 verum
3307 3361 3479 3426 dicet,

1907 3461 1992 3513 vel
2039 3458 2326 3512 mentietur
2374 3471 2559 3509 verum
2599 3447 2826 3508 'dicens.
2881 3455 2953 3508 Ita
2999 3468 3221 3522 prorsus
3265 3467 3486 3508 necesse

1908 3561 2011 3607 est.
2036 3549 2173 3616 Quid
2205 3548 2370 3617 igitur
2397 3547 2616 3607 mirum,
2654 3545 2710 3597 si
2733 3543 3181 3612 quem-admodum
3228 3543 3314 3599 hic
3353 3557 3487 3596 con-

1912 3642 2079 3695 traria
2115 3647 2472 3701 concurrunt,
2513 3637 2596 3692 .ita
2643 3637 2806 3691 etiam
2860 3635 2969 3690 illic
3023 3644 3248 3704 utraque
3291 3649 3416 3704 pars
3453 3651 3482 3688 a

1912 3749 2037 3788 vero
2080 3733 2314 3796 aberret,
2347 3739 2506 3800 atque
2557 3729 2628 3782 ita
2680 3729 2875 3782 scitum
2929 3726 3056 3780 illud
3106 3735 3160 3780 et
3209 3725 3484 3780 eruditum

1910 3833 2059 3877 tuum
2120 3828 2494 3889 argumentum
2543 3817 2766 3873 stultum
2821 3825 2982 3886 atque
3034 3816 3273 3886 ineptum
3312 3830 3482 3886 appa-

1909 3910 2061 3966 reat?
2090 3909 2168 3964 Ac
2211 3907 2367 3962 velim
2437 3906 2567 3960 mihi
2625 3907 2726 3961 hoc
2774 3906 2937 3961 etiam
2989 3905 3215 3974 aenigma
3263 3905 3477 3962 solvas:

1906 4001 2185 4056 Aderasne
2227 3998 2321 4052 tibi
2367 4012 2486 4052 cum
2523 3995 2860 4066 gigneret-is?
2900 3994 3112 4050 Adesne
3141 3997 3304 4050 etiam
3339 4009 3482 4050 nunc

211 4093 345 4149 tibi?
375 4098 462 4148 An
509 4106 758 4150 neutrum
805 4097 966 4168 53o
1007 4099 1240 4153 horum?
1283 4099 1338 4154 Si
1390 4100 1532 4154 enim
1580 4101 1796 4166 aderas,
1835 4107 1888 4156 et
1919 4099 2068 4165 ades,
2100 4094 2347 4166 quisnam
2383 4093 2618 4159 tandem,
2645 4101 2702 4148 et
2749 4092 2870 4147 cui?
2929 4092 2996 4146 Et
3035 4092 3303 4162 quomodo
3342 4106 3483 4146 unus

207 4189 315 4246 duo
361 4188 593 4247 eﬂ‘ectus
635 4193 736 4248 es?
775 4193 832 4248 Si
883 4205 1060 4249 autem
1122 4203 1372 4250 neutrum
1431 4173 1624 4250 horum
1673 4211 1793 4265 quae
1856 4193 2112 4255 diximus,
2187 4188 2456 4260 quomodo
2523 4204 2553 4242 a
2601 4187 2772 4258 teipso
2839 4185 3203 4257 disjungeris?
3248 4187 3313 4244 Et
3362 4201 3482 4258 quae

211 4281 602 4351 disjunctionis
670 4282 897 4352 hujusce
935 4285 1136 4339 causa?
1211 4284 1315 4339 Sed
1387 4286 1629 4355 ineptum
1701 4295 1814 4352 est,
1879 4284 2123 4353 inquies,
2205 4293 2328 4334 cum
2392 4277 2458 4331 de
2519 4291 2626 4330 uno
2692 4276 3012 4345 disputatur,
3077 4276 3286 4331 adsitne
3341 4276 3478 4331 sibi.

211 4392 408 4441 necne,
450 4379 716 4434 curiosius
761 4379 1056 4448 inquirere.
1088 4379 1212 4436 llaec
1271 4385 1413 4436 enim
1445 4387 1509 4437 de
1541 4382 1683 4448 aliis,
1732 4397 1839 4438 non
1878 4382 1944 4437 de
2007 4381 2186 4450 seipso
2233 4376 2504 4430 dicuntur.
2549 4373 2807 4444 lneptius,
2852 4371 2982 4426 mihi
3013 4372 3196 4436 crede.
3243 4381 3352 4438 εει,
3402 4373 3477 4437 id,

208 4472 353 4537 quod
399 4485 430 4521 a
509 4470 773 4539 principio
824 4481 976 4538 erat,
1031 4483 1210 4526 utrum
1258 4485 1383 4529 ante
1431 4475 1837 4546 generationem
1917 4480 2062 4537 erat,
2117 4483 2317 4534 necne,
2372 4467 2424 4520 in
2489 4467 2843 4536 quaestionem
2893 4477 3107 4520 vocare.
3153 4461 3280 4532 Haec
3333 4465 3482 4518 enim

207 4559 510 4628 disputatio
546 4558 614 4614 iis
646 4561 860 4615 demum
901 4563 1173 4628 convenit,
1204 4579 1320 4633 qua:
1351 4575 1592 4636 tempore
1625 4565 1790 4620 dividi
1832 4573 2076 4636 possunt.

191 4671 194 4676 ’
279 4673 336 4728 l'.
396 4670 538 4724 Ἀλλ’
569 4671 630 4724 οὐ
653 4671 868 4738 ταυτὸν,
902 4675 1054 4744 φησὶ,
1078 4674 1138 4728 τὸ
1165 4675 1455 4747 ἀγέννητον
1481 4676 1574 4730 καὶ
1599 4675 1658 4729 τὸ
1681 4693 1800 4744 γεν-

1976 4671 2042 4726 X.
2079 4673 2148 4726 At
2187 4672 2328 4724 enim
2355 4708 2370 4736 ,
2424 4671 2704 4740 inqurunt,
2745 4683 2850 4724 non
2899 4669 3038 4725 idem
3077 4683 3202 4728 sunt
3239 4677 3478 4745 genitum

204 4766 390 4835 νητόν.
429 4765 491 4816 Εἰ
523 4763 581 4816 δὲ
619 4765 775 4818 τοῦτο
803 4765 939 4836 (79),
975 4766 1094 4819 οὐδὲ
1135 4769 1162 4820 ὁ
1194 4768 1321 4832 Υἱὸς
1355 4767 1432 4838 τῷ
1465 4769 1639 4840 Πατρὶ
1666 4785 1796 4822 ταν-

1916 4777 1956 4822 et
1997 4764 2331 4837 ingenitum;
2389 4777 2452 4819 ac
2485 4762 2732 4832 proinde,
2782 4778 2881 4818 nec
2926 4763 3096 4820 Filius
3138 4781 3260 4821 cum
3317 4765 3478 4821 l’atre

206 4858 318 4910 τόν.
359 4857 481 4908 ’Ὁτι
531 4856 627 4925 μὲν
661 4857 910 4925 φανερῶς
955 4860 982 4911 ὁ
1026 4859 1181 4928 λόγος
1220 4855 1372 4924 οὗτος
1416 4859 1663 4914 ἐκϐάλλει
1704 4859 1795 4915 τὸν

1923 4858 2044 4913 dem
2097 4865 2198 4913 est.
2247 4856 2385 4924 Quid
2438 4870 2574 4926 opus
2623 4865 2707 4912 est
2755 4855 2964 4922 dicere,
3007 4857 3108 4912 hoc
3159 4866 3476 4927 argumento

207 4949 337 5001 Υξδν
368 4947 471 5016 τῆς
504 4945 776 5017 Θεότητος,
810 4949 841 5020 ἦ
881 4951 971 5002 τὸν
1009 4952 1248 5022 Πατέρα,
1282 4953 1331 5004 τί
1355 4952 1460 5024 χρὴ
1488 4953 1692 5020 λέγειν;
1732 4952 1792 5004 Ei

206 5037 316 5108 γὰρ
346 5036 408 5089 τὸ
432 5036 725 5107 ἀγέννητον
753 5040 909 5092 ούσία
934 5040 1090 5108 Θεοῦ,
1116 5042 1177 5093 τὸ
1198 5042 1452 5110 γεννητὸν
1476 5043 1573 5096 οὐκ
1607 5043 1761 5096 οὐσία
1779 5059 1790 5072 ·

204 5132 254 5181 εἰ
278 5129 337 5180 δὲ
366 5126 546 5189 τοῦτο,
579 5131 678 5182 οὐκ
709 5132 902 5186 ἐκεῖνο.
934 5131 1026 5194 Τίς
1057 5133 1271 5203 ἀντερεῖ
1297 5132 1480 5200 λόγοςς
1519 5132 1670 5186 Ἐλοῦ
1689 5133 1797 5186 τοί-

279 5353 394 5427 (68)
440 5361 623 5422 Τίνες.
681 5354 833 5411 Plato
882 5354 935 5408 in
975 5353 1200 5422 Timaeo,
1250 5365 1304 5411 et
1340 5354 1656 5410 Aristoteles
1703 5357 1791 5410 hic

205 5423 588 5494 designantur.

280 5492 394 5567 (99)
448 5497 819 5567 Ἀγέτςνητον,
850 5493 944 5551 Or.
973 5495 1024 5560 1,
1055 5496 1332 5567 ἀγένητονΖ

250 5561 395 5642 ,(70)
441 5561 541 5642 7ἶῆ
567 5561 722 5642 εἶναι
757 5565 822 5618 τὸ
863 5561 1280 5637 γεγεννῆσθαι.
1316 5565 1446 5637 Reg.
1478 5581 1532 5636 a,
1560 5565 1619 5619 τὸ
1657 5561 1796 5621 εἶναι

204 5637 288 5702 τῷ
313 5637 700 5707 γεγεννῆσθαι.

285 5705 399 5769 (71)
440 5705 682 5773 Θὴὰεις.
721 5706 813 5760 Or.
842 5708 893 5771 Ι,
927 5705 1128 5770 θέσεις.

446 5776 730 5849 Ψάμμων.
754 5777 975 5849 γϐοιιιὺη
999 5777 1252 5849 ψάμμου.

285 5844 399 5912 (753
436 5849 504 5904 Et
539 5844 608 5902 δὲ
659 5848 782 5914 σοί,
827 5857 935 5905 etc.
975 5844 1096 5904 {Si
1129 5844 1224 5904 iibi
1265 5848 1628 5904 necessarium
1679 5862 1798 5904 esse

1903 4948 1985 5004 vel
2017 4947 2254 5014 Patrem,
2288 4946 2370 5002 vel
2414 4946 2608 5002 Filium
2651 4962 2682 5002 a
2719 4946 3000 5003 divinitate
3042 4947 3324 5004 manifeste
3356 4950 3476 5004 sub-

1903 5040 2148 5096 moveri?
2181 5040 2236 5094 Si
2273 5039 2416 5094 enim
2462 5040 2759 5108 ingenitum
2788 5039 3028 5094 essentia
3072 5039 3165 5093 Dei
3205 5049 3306 5103 est,
3351 5055 3476 5110 pro-

1903 5132 2045 5188 fecto
2080 5133 2317 5205 genitum
2357 5133 2592 5188 essentia
2635 5146 2738 5186 non
2773 5133 2878 5187 erit
2915 5150 2930 5186 :
2976 5140 3066 5186 aut
3112 5131 3156 5186 si
3200 5133 3318 5198 hoc,
3351 5147 3477 5201 pro-

1853 5393 1862 5402 .
1898 5357 2110 5412 videtur
2142 5356 2368 5411 alterum
2401 5355 2595 5424 ubique
2621 5368 2867 5418 verum,»
2905 5363 3009 5409 ete.

1994 5428 2084 5496 ’74)
2125 5428 2201 5482 Ἦ
2241 5423 2657 5497 ἀληθεύεσθαι.
2697 5425 2860 5497 Deest
2896 5426 2929 5497 ἦ
2963 5424 3257 5497 ἰηᾼάυοὺυε
3303 5423 3470 5495 Regg.

2024 5493 2078 5567 5)
2118 5495 2409 5567 Scauros”).
2435 5495 2492 5567 In
2527 5496 2815 5562 nonnullis,
2846 5493 3054 5567 ἑαύτορ.

1966 5561 2079 5639 (76)
2123 5566 2241 5639 Τῆς
2273 5565 2638 5639 διᾳζεύξεως.
2669 5567 2759 5622 Sic
2790 5561 2972 5636 plures
3001 5563 3170 5635 Begg.
3195 5572 3249 5620 et
3287 5562 3379 5620 Or.
3415 5561 3468 5616 1.

1898 5636 2056 5692 Deest
2084 5636 2184 5700 τῆς
2215 5639 2266 5691 in
2306 5637 2394 5692 ed.

1973 5655 2056 5692 es:
2084 5656 2114 5690 τ
2157 5655 2184 5700 ς
2215 5655 2266 5691 tn
2306 5655 2394 5692 ea.

1970 5707 2082 5785 (Π)
2119 5655 2220 5785 id.
2259 5705 2420 5762 Deest
2533 5703 2775 5785 pluribﬂus
2804 5705 3040 5785 codd.
3217 5772 3220 5778 l

1967 5775 2079 5850 (Ῑδ)
2120 5779 2169 5830 Γ
2171 5775 2669 5850 εΊῬΥτἪιέένων--ί
2695 5777 2844 5850 Quod
2870 5775 3112 5850 genitum
3138 5775 3274 5829 erat.
3294 5790 3320 5827 ι

1969 5845 2082 5915 (79)
2120 5850 2191 5905 Εἰ
2213 5845 2291 5902 δὲ
2324 5847 2519 5902 τοῦτο.
2561 5865 2578 5899 ι
2605 5845 2758 5910 Quod
2786 5846 2831 5902 si
2867 5848 2938 5900 ita
2965 5853 3067 5900 est.
3089 5861 3108 5895 ι
