4038 6338
304 346 372 402 89
1338 349 1599 406 ORATIO
1637 351 1833 407 XXIX.
1870 383 1941 395 —-
1979 351 2424 409 THEOLOGICA
2459 352 2545 408 III.
3508 358 3579 417 9.)

305 461 749 533 καθαιρομένοις.
789 460 982 533 Ἡμεῖς
1018 463 1076 517 δὲ
1110 464 1366 518 τοσοῦτον
1404 450 1899 540 εἰπεῖν’θαρρήσω-

2015 469 2214 526 ὼιιηὰθ
2241 485 2491 540 magnum
2515 478 2679 539 atque
2705 470 2939 540 amplum
2964 470 3144 539 fuerit,
3165 471 3211 527 si
3230 472 3281 526 in
3308 481 3579 544 postemm

307 573 405 626 μεν
442 554 580 625 (94),
631 554 715 607 ὅτι
749 555 798 607 εἰ
842 556 936 609 καὶ
976 554 1117 625 μέγα
1143 555 1220 626 τῷ
1255 558 1450 629 Πατρὶ,
1484 558 1547 611 τὸ
1587 559 1899 631 μηδαμόθεν

303 647 614 721 ὡρμῆσθαι,
652 647 754 700 οὐκ
791 646 1011 700 ἔλαττον
1038 648 1115 719 τῷ
1142 649 1276 720 Υἱῷ,
1304 650 1364 704 τὸ
1397 652 1462 705 ἐκ
1500 651 1745 705 τοιούτου
1786 653 1901 706 Πα-

304 740 450 811 τρός.
482 739 598 809 Τῆς
629 756 690 791 τε
725 736 834 810 γὰρ
862 736 955 791 τοῦ
985 739 1225 793 ἀναιτίου
1257 740 1416 812 δόξης
1453 741 1668 812 μετέχοι
1704 742 1793 807 ἂν,
1819 744 1901 796 ὃτι

306 834 368 883 ὲκ
414 830 506 883 τοῦ
562 830 833 896 ἀναιτίου,
895 830 992 883 κα).
1041 831 1301 902 πρόσεστι
1356 832 1416 885 τὸ
1461 832 1563 904 τῆς
1593 835 1903 905 γεννήσεως

307 924 539 992 πρᾶγμα
580 920 857 987 τοσοῦτον,
912 924 1008 976 καὶ
1061 923 1205 978 οὕτω
1271 924 1566 997 σεϐάσμιον
1622 925 1735 998 (95)
1786 929 1899 991 τοῖς

310 1014 382 1084 μὴ
442 1014 622 1083 πάντη
684 1015 1054 1084 χαμαιπετέσι
1107 1015 1218 1086 (96)
1265 1018 1358 1071 καὶ
1395 1017 1600 1081 ὑλικοίς
1637 1016 1736 1090 τὴν
1786 1018 1901 1072 διά-

307 1123 475 1158 νοιαν.

1998 576 2213 633 quoque
2247 562 2538 627 discamus,
2595 562 2767 617 soluta
2817 563 3070 619 videlicet
3116 563 3221 619 hac
3271 564 3498 634 caligine
3527 573 3583 621 et

2000 656 2249 711 crassitie
2281 655 2347 720 ",
2383 664 2441 710 ut
2475 654 2744 725 pollicitus
2776 664 2859 709 est
2889 656 2954 722 is,
2984 656 3075 725 qui
3103 671 3205 711 non
3237 656 3579 712 mentitur".

1999 745 2142 816 Ergo
2172 746 2275 800 hoc
2313 747 2380 799 ab
2418 746 2524 810 liis,
2561 744 2654 814 qui
2681 746 2746 800 ad
2772 760 2889 801 eam
2930 760 3042 802 rem
3076 760 3196 802 sese
3233 755 3582 817 perpurgant,

2001 840 2294 908 cogitetur,
2342 851 2406 891 ac
2434 846 2711 906 speretur.
2744 836 2852 890 Nos
2882 848 3058 892 autem
3088 839 3190 893 hoc
3221 840 3484 893 duntaxat
3503 837 3587 892 di-

2005 942 2130 983 cere
2164 943 2270 982 non
2302 928 2690 995 dubitabimus,
2719 926 2763 982 si
2796 942 3047 997 magnum
3091 928 3236 982 Patri
3270 937 3353 983 est
3376 944 3403 981 a
3439 927 3587 984 nullo

2005 1018 2306 1088 profectum
2365 1034 2505 1084 esse,
2571 1034 2676 1074 non
2730 1020 2908 1073 minus
2945 1018 3148 1073 illustre
3181 1019 3317 1073 Filio
3347 1033 3485 1083 esse,
3520 1032 3585 1072 ex

2004 1110 2095 1165 tali
2126 1109 2285 1166 Patre
2311 1112 2597 1181 prodiisse.
2651 1109 2783 1166 Nam
2817 1121 3174 1181 prmterquam
3216 1110 3358 1180 quod
3401 1110 3587 1180 gloria:

309 1198 469 1260 illius,
504 1198 596 1267 qni
632 1213 853 1253 causam
885 1214 914 1253 a
961 1199 1104 1254 nullo
1128 1202 1310 1264 habet,
1343 1201 1612 1272 particeps
1633 1211 1737 1268 est,
1770 1201 1894 1272 quia
1919 1215 1983 1255 ex
2026 1216 2091 1256 eo
2125 1209 2226 1267 est,
2264 1202 2473 1256 accedit
2501 1201 2662 1256 etiam
2694 1202 3061 1271 generationis
3080 1200 3268 1265 decus,
3296 1215 3381 1255 res
3412 1210 3583 1270 tanta,

312 1300 529 1357 tamque
582 1292 911 1356 veneranda,
960 1291 1026 1347 iis
1069 1294 1279 1362 utique,
1328 1294 1417 1363 qui
1451 1308 1554 1349 non
1580 1294 1802 1349 omnino
1845 1294 1993 1347 humi
2062 1293 2330 1363 provoluti
2384 1300 2530 1359 sunt,
2591 1307 2885 1363 crassoque
2931 1294 3111 1347 animo
3165 1293 3396 1363 praediti.

375 1468 479 1524 ιδ’.
529 1469 671 1523 Ἀλλ’
715 1472 764 1523 εὶ
805 1470 1020 1537 ταυτὸν,
1061 1473 1217 1541 φασὶ,
1260 1473 1288 1524 ὁ
1316 1473 1445 1537 Υἱὸς
1480 1473 1559 1544 τῷ
1590 1475 1764 1545 Πατρὶ
1790 1474 1900 1545 (97)

305 1564 426 1617 κατ’
456 1564 671 1627 οὐσίαν,
712 1563 1006 1634 ἀγέννητὸς
1029 1564 1086 1617 δὲ
1122 1565 1151 1615 ὁ
1188 1565 1397 1637 Πατὴρ,
1438 1565 1590 1617 ἔσται
1624 1563 1782 1617 τοῦτο
1811 1563 1905 1617 καὶ

305 1657 334 1708 ὁ
356 1656 507 1717 Υἱός.
537 1655 757 1719 Καλῶς,
794 1655 950 1726 εἴπερ
978 1654 1134 1708 οὐσία
1167 1656 1304 1709 Θεοῦ
1330 1656 1389 1709 τὸ
1418 1656 1736 1725 ἀγέννητον,
1776 1656 1841 1708 ἵν’

303 1766 388 1810 τις
422 1747 585 1819 καινὴ
627 1746 793 1818 μίξις,
824 1748 1349 1819 γεννητοαγέννητον
1380 1748 1515 1819 (98).
1571 1750 1635 1802 Ei
1680 1748 1738 1801 δὲ
1770 1748 1903 1818 περὶ

305 1841 495 1893 οὐσίαν
548 1841 582 1911 ή
628 1838 881 1909 διαφορὰ,
926 1839 979 1892 τί
1007 1839 1187 1903 τοῦτο,
1227 1839 1302 1903 ὡς
1349 1839 1586 1911 ἰσχυρὸν,
1616 1839 1827 1908 λέγεις;
1863 1840 1895 1911 ἦ

306 1933 401 1986 καὶ
434 1933 498 1985 σὺ
534 1932 718 2001 πατὴρ
748 1930 841 1983 τοῦ
872 1931 1097 2003 πατρὸς,
1132 1932 1220 1985 ἵνα
1259 1932 1448 2002 μηδενὶ
1478 1931 1641 2005 λείπῃ
1684 1930 1778 1984 τοῦ
1804 1930 1898 1984 σοῦ

307 2023 537 2095 πατρὸς,
572 2022 764 2094 ἐπειδὴ
795 2023 990 2077 ταυτὸν
1016 2019 1066 2076 εἴ
1089 2023 1208 2077 κατ’
1236 2023 1457 2088 οὐσίαν;
1485 2024 1557 2075 "H
1593 2022 1768 2093 δῆλον,
1794 2023 1897 2088 ὅτι,

305 2115 409 2185 τῆς
440 2114 705 2186 ἰδιότητος
731 2114 842 2183 (99)
879 2114 1136 2185 ἀκινήτου
1166 2113 1451 2186 μενούσης,
1483 2114 1788 2187 ζητήσομεν
1810 2115 1903 2168 οὐ·

308 2207 431 2260 σίαν
457 2205 618 2269 Θεοῦ,
643 2207 765 2276 ἣτις
794 2206 924 2259 ποτέ
960 2207 1125 2272 ἐστιν,
1159 2207 1315 2277 εἴπερ
1332 2207 1640 2279 ζητήσομεν
1660 2226 1674 2273 ;
1693 2208 1817 2261 Ὅτι
1843 2206 1901 2260 δὲ

306 2298 366 2350 οὗ
425 2297 627 2350 ταυτὸν
668 2296 961 2366 ἀγέννητον
1006 2297 1102 2350 καὶ
1135 2296 1288 2365 Θεὸς,
1330 2292 1431 2352 ὧδε
1474 2298 1541 2354 ἂν
1587 2299 1811 2363 μάθοιςο
1837 2300 1901 2353 Εἰ

307 2389 507 2442 ταυτὸν
544 2385 634 2459 ἦν,
678 2388 784 2441 ἔδει
832 2390 1067 2455 πάντως,
1105 2392 1293 2462 ἐπειδὴ
1323 2391 1485 2445 τινῶν
1530 2392 1660 2455 Θεὸς
1692 2395 1720 2446 ό
1749 2392 1900 2455 Θεὸς,

306 2478 471 2533 τινῶν
506 2473 648 2531 εἶναι
668 2479 839 2531 καὶτὸ
860 2479 1172 2552 ἀγέννητον·
1197 2481 1229 2552 ἦ
1251 2481 1375 2534 ἐπεὶ
1405 2481 1634 2552 μηδενὸς
1661 2481 1722 2533 τὸ
1746 2480 1904 2549 ἀγέν-

308 2586 489 2641 νητον,
510 2570 645 2640 μηδὲ
668 2570 759 2623 τὸν
786 2569 915 2622 Θεὸν
940 2566 1076 2624 εἶναι
1099 2572 1258 2626 τινῶν
1285 2588 1299 2603 '
1334 2573 1401 2625 τὰ
1433 2572 1541 2644 γὰρ
1575 2572 1748 2643 πάντη
1771 2589 1902 2626 ταυο

309 2662 395 2727 τὰ,
418 2663 514 2715 καὶ
535 2662 737 2732 ὁμοίως
755 2661 1066 2734 ἐκφέρεται,
1087 2662 1246 2737 Ἀλλά
1274 2661 1378 2733 μὴν
1397 2664 1456 2715 οὑ
1484 2663 1643 2717 τινῶν
1664 2664 1724 2716 τὸ
1741 2663 1902 2733 ἀγένο

309 2771 494 2823 νητον,
513 2753 673 2806 τίνων
694 2752 804 2825 γάρ
824 2769 837 2818 ;
857 2755 951 2806 καὶ
973 2753 1134 2806 τινῶν
1151 2754 1282 2817 Θεὸς
1311 2756 1339 2806 ὁ
1364 2754 1516 2819 Θεὸς,
1539 2754 1756 2808 πάντων
1774 2755 1899 2826 γάρ.

311 2848 437 2911 Πῶς
464 2843 558 2901 οὖν
592 2846 657 2900 ἂν
689 2847 773 2917 εἴη
808 2847 1001 2900 ταυτὸν
1032 2848 1162 2911 Θεὸς
1189 2849 1282 2901 καὶ
1305 2848 1628 2919 ἀγέννηνον;
1664 2848 1773 2901 Καὶ⁵
1803 2848 1908 2902 πά-

310 2940 415 3006 λιν,
459 2940 647 3012 ἐπειδὴ
677 2940 737 2993 τὸ
759 2941 1073 3012 ἀγέννητον,
1115 2941 1208 2993 καὶ
1239 2941 1299 2993 τὸ
1326 2941 1580 3012 γεννητὸν
1611 2941 1906 2994 ἀντίκειται

310 3030 584 3103 ἀλλήλοις,
633 3031 710 3094 ὡς
751 3030 861 3095 ἕξις
902 3032 997 3084 καὶ
1030 3031 1305 3103 στέρησις,
1339 3032 1553 3102 ἀνάγκη
1592 3032 1686 3086 καὶ
1717 3032 1907 3094 οὐσίας

2084 1473 2196 1528 XII.
2223 1471 2327 1527 Sed
2358 1472 2403 1526 si
2433 1472 2619 1537 Filius,
2651 1472 2920 1541 inquiunt,
2950 1479 3193 1526 essenttaa
3214 1472 3419 1528 ratione
3449 1472 3587 1529 idem

2011 1582 2134 1622 cum
2190 1564 2352 1619 Patre
2404 1573 2511 1628 est,
2544 1563 2808 1634 profecto,
2845 1578 2967 1618 cum
3007 1546 3384 1634 ἰιιεοηίιυεεὶι
3408 1563 3587 1632 Pater,

2012 1658 2285 1730 ingenitus
2340 1672 2555 1727 quoque
2614 1656 2784 1712 Filius
2819 1657 2945 1711 erit.
3002 1656 3190 1722 Recte,
3221 1657 3265 1712 si
3292 1657 3590 1729 ingenitum

2010 1749 2245 1805 essentia
2281 1749 2374 1803 Dei
2410 1756 2578 1815 esset,
2615 1758 2675 1802 ut
2706 1748 2785 1803 sic
2806 1764 2942 1804 nova
2974 1748 3218 1819 quaedam
3250 1748 3428 1805 mistio
3447 1758 3592 1805 esset

2008 1841 2544 1911 genito-ingenitum.
2590 1839 2723 1894 Cum
2770 1847 2947 1893 autem
2997 1839 3102 1893 hoc
3129 1838 3415 1895 discrimen
3445 1840 3591 1895 circa

2005 1934 2299 1989 essentiam
2345 1933 2744 1998 consideretur,
2779 1933 2906 2003 quid
2946 1939 2999 1986 tu
3034 1934 3136 1987 hoc
3177 1932 3330 2001 quasi
3376 1931 3591 1987 ﬁrmum

2007 2024 2263 2095 quiddam
2299 2024 2557 2094 profers?
2607 2024 2689 2078 An
2722 2035 2775 2079 tu
2828 2039 3041 2093 quoque
3089 2025 3258 2095 patris
3309 2033 3461 2095 pater
3509 2039 3590 2094 es,

2011 2125 2069 2171 ut
2130 2117 2274 2170 nulla
2330 2131 2389 2173 re
2440 2131 2469 2169 a
2502 2124 2654 2185 patre
2694 2125 2785 2170 tuo
2814 2116 3108 2184 supereris,
3157 2114 3590 2184 quandoquidem

2008 2209 2244 2263 essentia
2277 2208 2417 2262 idem
2461 2222 2584 2262 cum
2619 2221 2683 2262 eo
2719 2207 2819 2261 es?
2862 2205 3049 2262 Nonne
3099 2206 3439 2276 perSpicuum
3484 2215 3588 2274 est,

2009 2300 2342 2370 proprietate
2370 2297 2474 2353 ﬁxa
2502 2307 2555 2353 et
2599 2298 2778 2352 stabili
2824 2306 3189 2367 permanente,
3243 2297 3589 2366 quaerendum

2014 2391 2173 2446 nobis
2223 2405 2344 2446 esse
2393 2406 2512 2460 quae
2566 2391 2637 2446 sit
2675 2391 2764 2445 Dei
2797 2390 3053 2454 essentia,
3089 2389 3132 2443 si
3175 2396 3354 2442 tamen
3389 2402 3450 2439 ea
3484 2386 3591 2442 ullo

2011 2484 2171 2537 modo
2196 2484 2483 2552 quaerenda
2502 2482 2625 2537 est?
2655 2482 2805 2549 Quod
2834 2491 3012 2535 autem
3037 2480 3332 2550 ingenitum
3369 2488 3422 2532 et
3452 2479 3593 2541 Dens

2014 2573 2157 2628 idem
2199 2588 2305 2627 non
2354 2573 2483 2637 sint,
2535 2573 2659 2627 hinc
2689 2572 2803 2627 fere
2856 2571 3139 2641 intelliges.
3187 2570 3240 2624 Si
3271 2568 3413 2621 enim
3450 2568 3592 2621 idem

2011 2676 2215 2733 essent,
2281 2680 2504 2736 prorsus
2563 2665 2723 2736 532
2781 2673 3075 2735 oporteret,
3130 2663 3381 2733 quoniam
3453 2663 3593 2716 Deus

2012 2762 2372 2832 quorumdam
2406 2762 2549 2816 Dens
2599 2769 2701 2825 est,
2754 2759 3109 2829 quorumdam
3139 2772 3355 2828 quoque
3382 2757 3595 2825 ingeni-

2015 2863 2126 2909 tum
2159 2869 2279 2909 esse
2326 2871 2340 2907 :
2382 2863 2474 2907 aut
2502 2860 2714 2917 contra,
2765 2853 3019 2921 quoniam
3072 2852 3366 2921 ingenitum
3396 2849 3595 2904 nullius

2013 2956 2117 3013 est,
2139 2961 2238 3002 nec
2271 2946 2436 3001 Deum
2465 2959 2679 3015 quoque
2707 2945 3063 3014 quorumdam
3118 2958 3260 2998 esse.
3306 2943 3435 2996 Nam
3474 2956 3595 3013 qua:

2013 3041 2236 3096 omnino
2257 3038 2447 3093 eadem
2481 3046 2625 3103 sunt,
2678 3036 2929 3092 similiter
2958 3036 3122 3092 etiam
3171 3033 3486 3089 elIeruntur.
3506 3027 3597 3086 ‘At

311 3124 633 3195 εἰσαχθῆναι
652 3124 1124 3195 (Ι)ἀντικειμένας
1152 3124 1427 3197 ἀλλήλαις,
1448 3126 1583 3195 ὅπερ
1602 3127 1662 3179 οὐ
1678 3125 1904 3180 δέδοται.

2016 3130 2313 3199 ingenitum
2374 3144 2480 3184 non
2531 3129 2888 3199 quorumdam
2939 3136 3024 3182 est
3070 3128 3318 3197 (quorum
3361 3122 3502 3180 enim
3523 3123 3592 3195 ἲ),

311 3215 408 3278 Ἦ,
436 3214 621 3285 ἐπειδὴ
640 3214 800 3267 πάλιν
825 3216 879 3267 αἱ
902 3214 1042 3279 ἕξεις
1069 3214 1175 3268 τῶν
1196 3232 1284 3268 στε
1295 3216 1503 3287 ρήσεων
1519 3215 1797 3287 πρότεραι,
1818 3217 1909 3270 καὶ

2016 3224 2159 3278 Dcus
2186 3236 2315 3277 vero
2347 3222 2705 3296 quorumdam
2747 3220 2887 3275 Deus
2939 3231 3043 3286 est,
3079 3219 3320 3274 omnium
3377 3217 3596 3286 quippe.

313 3311 663 3382 ἀναιρετικαὶ
714 3310 823 3363 τῶν
846 3309 1013 3377 ’ἑξεων
1048 3311 1104 3363 αἱ
1140 3312 1445 3382 στερήσεις,
1479 3309 1554 3381 μὴ
1587 3310 1746 3380 μόνον
1782 3328 1909 3382 πρε-

2015 3317 2132 3382 Quo
2165 3329 2293 3385 ergo
2321 3315 2479 3369 modo
2515 3313 2656 3369 idem
2689 3322 2851 3368 erunt
2895 3312 3036 3367 Deus
3061 3320 3113 3366 et
3144 3308 3481 3380 ingenitum?
3518 3308 3599 3362 Ac

314 3402 589 3473 σϐυτέραν
615 3398 754 3456 εἶναι
790 3404 889 3473 τῆς
922 3401 1012 3455 τοῦ
1049 3402 1262 3473 Πατρὸς
1287 3403 1477 3465 οὐσίας
1506 3402 1604 3471 τὴν
1633 3401 1727 3454 τοῦ
1760 3401 1909 3468 Υἱοῦ,

2015 3418 2223 3468 rursus,
2253 3402 2511 3472 quoniam
2544 3402 2843 3471 ingenitum
2886 3410 2939 3456 et
2971 3401 3208 3471 genitum
3246 3399 3391 3453 inter
3416 3413 3473 3451 se
3502 3412 3599 3467 op—

314 3494 455 3546 ma
498 3494 595 3546 xui.
628 3495 854 3567 ἁναιρου
863 3493 1029 3566 μένην
1051 3493 1157 3545 ὑπὸ
1178 3492 1273 3546 τοῦ
1292 3493 1523 3563 Πατρὸς,
1546 3492 1668 3545 ὅσον
1690 3490 1780 3543 ἐπὶ
1797 3493 1909 3557 ταῖς

2015 3500 2304 3559 ponuntur,
2335 3498 2394 3545 ut
2420 3490 2636 3545 habitus
2666 3500 2721 3544 et
2747 3489 2999 3559 privatio,
3032 3487 3360 3544 substantias
3384 3498 3599 3555 quoque

316 3588 443 3648 σαῖς
467 3586 781 3641 ὑποθέσεσι.

2015 3583 2156 3637 inter
2182 3596 2240 3637 se
2274 3582 2547 3653 oppositas
2578 3582 2759 3637 induci
2824 3595 3046 3636 necesse
3094 3588 3195 3645 est,
3250 3579 3392 3649 quod
3442 3592 3599 3632 nemo

317 3680 679 3734 concesserit.
714 3681 820 3734 Ant
887 3692 1096 3744 rursus,
1142 3676 1399 3747 quoniam
1462 3675 1682 3731 habitus
1738 3673 2127 3747 privationibus
2191 3676 2399 3745 priores
2441 3684 2589 3742 sunt,
2618 3689 2683 3728 ac
2712 3672 3044 3744 privationes
3082 3667 3298 3727 habitus
3335 3670 3480 3739 ipsos
3505 3684 3601 3725 ex-

320 3773 629 3840 stinguunt,
673 3784 776 3823 non
828 3767 999 3822 solum
1028 3766 1299 3833 antiquior
1326 3764 1432 3819 erit
1475 3764 1598 3819 Filii
1645 3764 1902 3832 essentia,
1943 3779 2105 3833 quam
2161 3766 2338 3823 Patris
2372 3808 2388 3832 ,
2446 3766 2540 3822 sed
2589 3766 2755 3821 etiam
2785 3806 2799 3832 ,
2823 3763 2977 3834 juxta
3009 3763 3336 3834 bypotheses
3391 3773 3531 3828 tuas,
3569 3777 3601 3816 a

322 3867 485 3922 Patre
511 3862 911 3930 exstinguetnr,
948 3874 1012 3913 ac
1040 3860 1105 3911 de
1133 3857 1309 3912 medio
1341 3857 1576 3913 tolletur.

398 3958 498 4011 II".
543 3953 644 4017 Τίς
683 3952 764 4005 ἐτι
794 3952 951 4019 λόγος
979 3952 1164 4015 αὐτοῖς
1195 3950 1303 4004 τῶν
1325 3948 1618 4019 ἀφύκτων;
1659 3950 1813 4021 Τάχα
1854 3951 1921 4005 ἂν

325 4052 415 4105 ἐπ’
452 4049 630 4101 ὲκεῖνο
653 4042 1022 4113 καταφῦγοιεν
1043 4042 1372 4106 τελευταῖον,
1401 4040 1477 4105 ὡς
1505 4042 1566 4093 Εἰ
1605 4041 1705 4112 μὲν
1727 4043 1789 4095 οὐ
1824 4042 1923 4095 πέ-

326 4155 536 4193 παυται
574 4135 669 4189 τοῦ
708 4135 903 4203 γεννᾷν
939 4133 967 4185 ὁ
1006 4132 1159 4196 Θεὸς,
1199 4131 1394 4201 ἀτελὴς
1435 4131 1468 4200 ἡ
1504 4130 1924 4208 γέννησις..Κα“ι

328 4232 461 4285 πότε
494 4228 797 4292 zadae-rat;
826 4226 889 4278 Ei
912 4225 969 4277 δὲ
995 4223 1290 4286 πέπαυται,
1323 4222 1540 4286 πάντως
1571 4222 1667 4275 καὶ
1698 4221 1919 4294 ήρξατο.

329 4323 504 4377 Πάλιν
535 4321 586 4374 οἱ
626 4318 931 4391 σωματικοὶ
972 4316 1041 4369 τὰ
1098 4314 1386 4386 σωματικά
1431 4314 1527 4384 (9).
1576 4312 1718 4382 Ἐγὼ
1769 4314 1847 4378 δὲ,
1876 4315 1925 4366 εἰ

333 4415 433 4485 μὲν
456 4414 627 4467 ἀῖδιον
654 4410 804 4481 αὑτῷ
834 4410 897 4463 τὸ
920 4407 1213 4479 γεννᾶσθαι
1244 4407 1276 4478 ἢ
1316 4406 1413 4477 μὴ,
1449 4404 1602 4459 οὖπω
1623 4404 1785 4475 λέγω,
1821 4405 1927 4469 ’ἐως

329 4506 397 4561 ἄν
430 4506 515 4569 τὸ,
553 4504 673 4573 Πρὸ
703 4502 944 4556 πάντων
967 4498 1219 4566 ,Βουνῶν
1250 4497 1433 4569 γεννᾷ
1459 4515 1558 4567 με,
1609 4497 1931 4569 ἀκριϐέστε⁹

334 4615 429 4669 ρον
468 4597 543 4667 (3)
579 4593 986 4664 ὲπισκέψωμαι.
1021 4591 1133 4664 Οὐχ
1165 4590 1276 4662 όρῶ
1296 4589 1374 4652 δὲ,
1398 4589 1482 4653 τίς
1526 4590 1560 4660 ἡ
1588 4588 1803 4658 ἀνάγκη
1834 4588 1929 4647 τοῦ

330 4691 514 4759 λόγου.
557 4689 623 4742 Ei
666 4687 776 4758 γὰρ
817 4682 1019 4756 ἦρκται
1060 4680 1186 4737 κατ’
1220 4683 1417 4746 αὐτοὺς
1463 4681 1525 4733 τὸ
1566 4680 1928 4752 παυσόμενον,

2093 3947 2235 4003 XIII.
2288 3948 2426 4015 Quid
2488 3944 2663 4001 adhuc
2725 3952 2972 4015 superest
3041 3956 3108 3998 ex
3165 3938 3602 3996 ineluctabilibus

2025 4040 2283 4108 ipsorum,
2333 4044 2395 4089 ut
2420 4043 2631 4105 putant,
2664 4033 3037 4105 argumentis?
3067 4032 3325 4088 Fortasse
3368 4034 3435 4085 ad
3473 4032 3602 4087 illud

2023 4139 2352 4200 postremum
2386 4128 2698 4198 confugient
2724 4146 2738 4180 :
2768 4127 2824 4182 Si
2853 4125 2995 4181 Deus
3033 4126 3279 4198 gignendi
3306 4126 3466 4183 ﬁnem
3494 4145 3598 4184 non

2024 4221 2173 4289 fecit,
2214 4222 2528 4293 imperfecta
2582 4230 2664 4277 est
2714 4223 3012 4293 generatio.
3057 4221 3123 4276 Et
3171 4224 3385 4294 quando
3441 4224 3601 4279 linem

2024 4313 2268 4370 facturus
2298 4314 2422 4369 est?
2477 4314 2533 4368 Si
2578 4322 2759 4369 autem
2816 4315 3036 4384 gignere
3076 4314 3330 4380 cessavit,
3384 4316 3603 4369 omnino
3664 4386 3667 4387 ν

2026 4420 2240 4476 quoque
2281 4406 2462 4474 erepit.
2499 4404 2799 4460 Sic‘rursus
2851 4404 3025 4460 crassi
3086 4412 3139 4458 ct
3168 4404 3411 4473 corporis
3444 4410 3605 4460 rebus

2028 4496 2168 4552 aiIixi
2210 4497 2463 4552 homines
2515 4511 2805 4565 corporeas
2861 4496 3299 4551 ratiocinationes
3350 4494 3602 4551 afferunt.

2027 4588 2139 4659 Ego
2170 4602 2299 4642 vero
2329 4587 2409 4642 sic
2468 4588 2767 4656 respondeo
2805 4608 2819 4641 :
2860 4585 3329 4655 Sempiternumne
3364 4587 3435 4640 sit
3467 4585 3611 4641 Filio

2030 4679 2204 4744 nasci,
2240 4694 2434 4742 necne,
2467 4679 2701 4733 nondum
2738 4677 2878 4737 dico.
2917 4677 3268 4748 quoadusque
3300 4676 3428 4731 illud
3455 4676 3605 4733 Seri-

330 4787 434 4839 οὸκ
465 4778 672 4854 ἦρκται
696 4781 914 4842 πάντως
944 4778 1006 4830 τὸ
1034 4776 1108 4849 μὴ
1131 4774 1493 4845 παυσόμενον.
1512 4772 1577 4825 Τί
1598 4772 1776 4827 τοίνυν
1799 4773 1909 4826 ἀπο

2032 4779 2201 4839 plura:
2238 4787 2251 4824 :
2282 4770 2418 4823 Ante
2460 4784 2637 4824 omnes
2690 4770 2846 4823 colles
2876 4769 3039 4840 gignit
3072 4785 3153 4822 me
3178 4770 3243 4836 ¹³,
3302 4769 3611 4823 accuratius

334 4875 637 4947 φανοῦνται
668 4872 799 4942 περὶ
821 4871 1021 4940 ψυχῆς,
1059 4868 1091 4939 ἢ
1120 4869 1218 4939 τῆς
1250 4865 1547 4935 ἀγγελικῆς
1582 4866 1829 4935 φύσεως;
1860 4865 1925 4917 Εἰ

336 4968 438 5038 μὲν
460 4962 688 5037 ἦρκται,
716 4963 811 5016 καὶ
841 4960 1137 5015 παύσεται·
1177 4961 1225 5012 εἰ
1251 4958 1308 5012 δὲ
1335 4958 1395 5010 οὐ
1420 4958 1709 5019 παύσεται,
1746 4956 1924 5028 δῆλον,

335 5061 420 5113 ὅτι
461 5057 583 5112 κατ’
609 5057 806 5120 αὐτοὺς
837 5053 958 5108 οὐδὲ
982 5048 1204 5125 ἦρκται.
1239 5049 1399 5104 Ἀλλὰ
1439 5050 1545 5122 μὴν
1574 5050 1667 5104 καὶ
1703 5044 1928 5121 ἦρκται,

418 5195 503 5250 ⁸³1
533 5195 695 5252 Joan.
732 5210 816 5262 tu,
846 5193 900 5248 2.
980 5192 1025 5225 ”
1054 5190 1162 5247 Tit.
1187 5207 1227 5258 ι,
1266 5191 1320 5244 2.
1388 5190 1435 5221 “‘
1467 5189 1627 5244 Prov.
1662 5204 1777 5256 vm,
1805 5188 1896 5243 25.

418 5353 531 5419 (94)
561 5348 985 5419 Θαρῤήσωμεν.
1018 5348 1131 5403 Duo
1178 5348 1373 5419 Regg.,
1402 5345 1494 5403 Or.
1528 5345 1545 5400 Ι
1605 5354 1658 5401 et
1704 5345 1917 5412 Comh.,

344 5421 717 5478 θαόὁήσομεν.

382 5427 717 5476 αὸὸήσομεν.

462 5425 717 5494 θήσομεν.

418 5426 534 5564 ῗςςέἱ)
563 5490 918 5564 Σεϐιὶσμιοτς.
957 5488 1105 5564 Reg._
1126 5506 1179 5564 a,
1211 5488 1425 5564 σεμνόν.

565 5560 983 5634 Χαμαιπετέᾳι.
1014 5558 1635 5634 ϋοῇεΙ.η1,“χαμερπέσι.

447 5630 539 5702 97)
567 5630 657 5699 Τῷ
676 5632 879 5698 Πατρί.
909 5633 1066 5703 Deest
1092 5632 1143 5685 iu
1179 5630 1465 5703 Regrbm.‘
1498 5700 1509 5703 Α
1820 5684 1833 5703 ,ν

426 5696 1210 5776 (98)Αι⁴εννητοαγέννητον.
1262 5696 1380 5757 Bill.
1447 5700 1513 5756 ad
1572 5714 1769 5770 marg.,
1811 5696 1936 5766 γέν-

360 5774 495 5840 mea
517 5774 798 5846 γέννητον.

2036 4864 2368 4933 expendero.
2404 4863 2535 4918 Illud
2567 4866 2747 4917 autem
2791 4878 2897 4919 non
2940 4862 3118 4927 video,
3164 4876 3323 4932 quam
3360 4875 3610 4916 necessa-

2034 4958 2174 5011 rium
2210 4956 2281 5011 sit
2321 4956 2422 5011 hoc
2452 4971 2638 5011 eorum
2694 4963 3099 5027 argumentum.
3130 4953 3186 5009 Si
3224 4955 3391 5021 enim,
3423 4962 3481 5007 ut
3509 4952 3607 5021 ipsi

2037 5050 2210 5117 aiunt,
2243 5050 2533 5120 aliquando
2567 5051 2620 5105 id
2679 5051 2865 5121 coepit,
2891 5049 3035 5121 quod
3084 5049 3246 5105 ﬁnem
3299 5047 3609 5107 habiturum

2126 5343 2216 5414 99)
2262 5343 2590 5410 ’Ῑδιότητος⁸
2630 5343 2779 5409 Pan,
2807 5340 3130 5412 ἀῖδιότητος.

2126 5345 2216 5414 99)
2262 5345 2590 5410 Ὶδιότητος.
2630 5345 2779 5409 Pan,
2807 5345 3130 5412 ἀῖδιότητος.

2101 5345 2182 5487 Ii)
2226 5414 2853 5487 Εὶσαχθῆναιηοοηιὴη
2887 5408 3305 5487 ἀντεισαχθῆνα.

2107 5479 2185 5557 (2)
2218 5489 2282 5540 Οἱ
2320 5479 2642 5556 adiget-taxo!
2686 5487 2758 5539 τὰ
2781 5479 3119 5554 σωματικά.
3160 5479 3456 5551 ιοοτιιοτεῖ
3486 5492 3612 5535 cor-

2035 5572 2682 5700 p0(§;.’axpz6éo’rspor.
2734 5625 2867 5698 Reg.
2913 5625 3025 5695 bm,
3078 5632 3306 5695 quatuor
3352 5619 3505 5679 Coib.
3553 5625 3612 5677 et

2037 5699 2131 5757 Or.
2175 5700 2227 5767 1,
2272 5699 2535 5769 ἀκριϐῶς.
