4038 6338
418 303 479 359 9i
1630 303 1686 356 S.
1731 303 2058 362 GllEGORll
2098 308 2440 366 TIIEOLOGI
3594 303 3665 361 9?.

414 426 520 478 est,
560 410 800 484 profecto
840 411 887 465 id
920 426 1020 464 non
1047 413 1229 481 ccepit,
1271 413 1410 481 quod
1447 408 1602 468 linem
1637 431 1739 468 non
1776 425 1859 471 est
1893 418 1990 470 ha-

2122 423 2189 473 παὶ
2242 423 2300 474 ού
2357 438 2641 475 παύσεται.
2684 424 2797 472 Dux
2833 420 2938 490 ἄρα
2970 413 3169 491 ἦρκται
3213 418 3330 471 κατ’
3379 417 3568 480 αὐτοὺς
3606 418 3667 470 τὸ

416 505 678 560 biturum.
725 503 862 569 Quid
901 518 1030 571 ergo
1069 504 1132 556 de
1172 504 1350 558 anima
1396 504 1478 559 vel
1519 506 1584 559 de
1616 508 1855 575 angelica
1899 525 1993 562 na-

418 606 538 650 tura
570 595 1031 663 pronuntiabunt?
1090 594 1145 650 Si
1192 596 1516 666 principium
1577 598 1782 666 habuit,
1832 600 1992 655 ﬁnem

416 700 633 754 quoque
663 684 877 738 habebit
924 700 938 737 :
973 684 1017 738 si
1048 694 1225 740 autem
1278 685 1382 741 ﬁne
1409 687 1636 753 carebit,
1702 691 1993 744 secundum

418 791 513 830 eos
543 776 723 842 utique
752 775 1015 844 principio
1049 790 1263 845 quoque
1307 776 1446 832 hanc
1483 779 1730 833 caruisse
1762 789 1990 835 constat.

420 866 583 936 Atqui
612 875 665 920 et
699 867 1018 936 principium
1055 867 1263 931 habuit,
1316 884 1413 924 nec
1441 884 1678 939 unquam
1707 884 1826 925 esse
1852 872 1996 926 desi-

422 966 531 1013 net.
589 957 804 1012 Falsum
858 966 940 1012 est
965 959 1140 1026 itaque
1167 959 1307 1028 quod
1334 959 1506 1023 aiunt,
1546 961 1618 1023 id,
1647 962 1786 1029 quod
1838 961 1995 1015 ﬁnem

423 1049 734 1103 habiturum
765 1058 875 1114 est,
912 1050 1235 1119 principium
1265 1065 1478 1120 quoque
1508 1052 1779 1107 habuisse.
1818 1052 2000 1107 Enim-

423 1154 553 1193 vero
582 1139 825 1193 doctrina
856 1148 1036 1193 nostra
1063 1141 1179 1194 ham
1213 1150 1297 1193 est
1339 1163 1350 1195 ;
1392 1139 1459 1195 Ut
1482 1142 1629 1211 equi,
1653 1152 1707 1197 et
1739 1144 1910 1210 bovis,
1947 1152 2002 1196 et

428 1228 681 1294 hominis,
740 1244 801 1282 ac
834 1228 1066 1298 denique
1097 1230 1519 1299 uniuscujusque
1571 1246 1753 1285 earum
1798 1247 1997 1298 rerum,

425 1335 545 1389 qmc
590 1318 690 1375 sub
719 1320 855 1373 idem
884 1335 1051 1388 genus
1084 1322 1299 1383 cadunt,
1350 1322 1537 1375 eadem
1593 1330 1675 1374 est
1718 1320 2000 1387 deﬁnitio;

428 1427 493 1466 ac
528 1412 786 1482 quidquid
840 1411 1168 1467 deﬁnitionis
1225 1411 1446 1478 hujusce
1474 1413 1742 1481 particeps
1772 1422 1875 1475 est,
1905 1412 2005 1465 hoc

428 1506 591 1558 etiam
655 1505 868 1573 proprie
902 1504 1136 1568 dicitur;
1194 1505 1452 1573 quidquid
1508 1512 1683 1557 autem
1738 1502 2006 1572 particeps

429 1612 537 1651 non
568 1607 668 1661 est,
739 1598 839 1652 hoc
870 1599 952 1652 vel
1001 1613 1106 1652 non
1144 1598 1361 1661 dicitur,
1414 1596 1494 1651 vel
1524 1604 1672 1651 certe
1715 1595 2007 1663 improprie

431 1686 628 1741 dicitur
676 1706 687 1740 :
718 1687 903 1743 eodem
935 1688 1092 1740 modo
1123 1702 1281 1740 uuam
1311 1699 1525 1755 quoque
1563 1686 1654 1738 Dei
1697 1685 2006 1749 essentiam,

2098 507 2456 577 παυσόμενον.
2499 508 2556 557 ’0
2587 508 2682 577 μὲν
2707 501 2797 558 οὖν
2827 506 3090 576 ἡμέτερος
3115 506 3299 574 λόγος⁸
3335 505 3544 574 ’Ὠσπερ
3581 507 3665 557 ἳπ-

2098 616 2219 659 που,
2254 600 2345 651 καὶ
2386 599 2523 668 βοὸς,
2573 599 2665 651 καὶ
2699 597 3008 669 ἀνθρώπου,
3035 598 3129 649 καὶ
3161 598 3389 650 ἑκάστου
3420 596 3526 649 τῶν
3564 597 3668 649 ὑπὸ

2094 690 2153 741 τὸ
2176 690 2305 742 αὐτὸ
2331 685 2486 754 εἶδος,
2514 685 2591 752 εἷς
2617 689 2771 757 λόγος
2803 689 2875 759 (4)
2905 688 3079 755 ἐστίνδ
3101 690 3192 742 καὶ
3212 690 3239 742 ὃ
3268 690 3363 757 μὲν
3384 690 3449 742 ἂν
3470 690 3671 763 μετέχῃ

2093 780 2185 833 τοῦ
2208 780 2388 848 λόγου,
2422 780 2578 832 τοῦτο
2607 780 2700 834 καὶ
2733 782 2936 852 κυρίως
2958 780 3211 850 λέγεσθαι
3234 780 3339 852 (5)·
3376 780 3404 832 ὃ
3434 781 3476 833 δ’
3502 780 3566 834 ἂν
3596 782 3670 853 μὴ

2100 873 2321 944 μετέχῃ,
2361 872 2519 925 τοῦτο
2546 873 2577 942 ἢ
2610 873 2681 944 μὴ
2714 872 3036 942 λέγεσθαι,ἢ
3066 872 3138 943 μὴ
3162 872 3362 943 κυρίως
3382 872 3634 941 λέγεσθαι
3654 890 3666 903 ο

2097 962 2237 1015 οὕτω
2253 963 2306 1015 δὲ
2338 965 2430 1015 καὶ
2449 963 2582 1015 Θεοῦ
2611 964 2738 1033 μίαν
2754 965 2935 1017 οὐσίαν
2959 960 3095 1018 εἶναι
3122 966 3214 1018 καὶ
3237 964 3414 1033 φύσιν,
3429 966 3521 1017 καὶ
3541 965 3674 1036 κλῆ-

2101 1069 2204 1116 σιν,
2227 1052 2325 1106 κᾶν
2343 1053 2605 1116 ἐπινοίαις
2629 1055 2737 1106 τισὶ
2763 1054 3163 1125 διαιρουμένους
3194 1056 3563 1125 συνδιαιρῆται
3584 1056 3674 1108 καὶ

2098 1143 2163 1195 τὰ
2198 1143 2462 1213 ὀνόματα·
2498 1146 2589 1197 καὶ
2614 1145 2641 1197 ὃ
2674 1145 2770 1215 μὲν
2799 1144 2864 1198 ἂν
2899 1146 3101 1216 κυρίως
3127 1146 3369 1217 λέγηται,
3401 1146 3556 1199 τοῦτο
3583 1146 3676 1198 καὶ
3742 1136 3755 1149 ’

2101 1230 2239 1287 εἶναι
2270 1234 2431 1287 Θεόν·
2462 1236 2489 1287 ὂ
2525 1235 2567 1287 δ’
2599 1235 2661 1288 ἂν
2768 1237 2906 1289 κατὰ
2946 1237 3125 1305 φύσιν,
3161 1236 3316 1289 τοῦτο
3342 1238 3432 1289 καὶ
3463 1236 3677 1306 ἀληθῶς

2102 1323 2485 1392 ὀνομάζεσθαι·
2523 1327 2680 1395 εἴπερ
2716 1327 2787 1396 μὴ
2813 1329 2867 1378 ὲν
2898 1327 3174 1397 ὀνόμασιν,
3204 1329 3316 1380 ἀλλ’
3341 1330 3396 1380 ἐν
3423 1329 3679 1398 πράγμα-

2106 1411 2188 1464 σίν
2235 1414 2382 1465 ἐστιν
2419 1416 2550 1484 ἡμῖν
2591 1416 2622 1484 ἡ
2658 1415 2900 1485 ἀλήθεια.
2941 1418 3003 1467 Οἱ
3036 1417 3109 1480 δὲ,
3148 1417 3335 1489 ὥσπερ
3355 1417 3671 1483 δεδοικότες,

2109 1503 2182 1572 μὴ
2212 1504 2385 1556 πάντα
2424 1508 2593 1558 κινεῖν
2632 1506 2769 1558 κατὰ
2808 1507 2903 1577 τῆς
2929 1508 3204 1576 ἀληθείας,
3235 1508 3366 1561 Θεὸν
3411 1508 3509 1579 μὲν
3542 1504 3679 1562 εἶναι

2056 1644 2062 1649 .
2106 1594 2196 1646 τὸν
2224 1595 2347 1648 Υἱὸν
2382 1597 3167 1669 ὁμολογοῦσιν,ὄτανβιασθῶσι
3190 1601 3420 1672 τῷλόγῳ
3449 1604 3539 1655 καὶ
3559 1606 3681 1667 ταῖς

2115 1687 2438 1755 μαρτυρίαις
2475 1689 2568 1759 (6)·
2604 1689 2889 1760 ὁμώνυμον
2921 1690 2977 1742 δὲ
3005 1693 3097 1744 καὶ
3126 1693 3291 1764 μόνης
3327 1694 3684 1749 κοινωνοῦντα

432 1786 487 1831 et
522 1788 790 1843 naturam,
816 1787 867 1830 et
899 1777 1313 1846 appellationem
1350 1790 1487 1842 esse,
1534 1777 1741 1830 tametsi
1783 1790 1877 1845 per
1906 1790 2002 1829 co-

2122 1776 2205 1845 τῆς
2232 1775 2495 1847 κλήσεως.

436 1873 725 1941 gitationes
783 1874 1043 1941 quasdam
1092 1871 1396 1936 distinctas,
1447 1861 1663 1925 nomina
1711 1884 1928 1939 quoque
1954 1870 2111 1927 simul
2139 1872 2573 1940 distinguantur:
2604 1884 2657 1929 et
2695 1876 2839 1946 quod
2906 1878 3122 1945 quidem
3183 1879 3400 1946 proprie
3462 1880 3684 1947 dicitur,

436 1967 487 2022 id
512 1966 670 2019 etiam
698 1965 863 2025 Deum
892 1979 1050 2026 esse;
1088 1973 1145 2017 et
1172 1977 1361 2017 rursus
1384 1962 1527 2032 quod
1598 1972 1787 2016 natura
1823 1975 1918 2016 sua
1990 1962 2080 2027 sit,
2123 1963 2223 2017 hoc
2269 1978 2482 2032 quoque
2524 1968 2736 2035 proprie
2795 1967 3094 2036 nuncupari

3142 1986 3154 2022 :
3195 1969 3460 2037 siquidem
3525 1970 3684 2041 533

438 2072 543 2113 non
578 2059 629 2111 in
663 2057 817 2111 nudis
849 2056 1177 2120 nominibus,
1209 2054 1301 2109 sed
1352 2056 1403 2108 in
1437 2053 1597 2108 rebus
1627 2053 1782 2107 nobis
1810 2054 2011 2107 veritas
2047 2054 2150 2108 sita
2181 2065 2282 2109 est.
2316 2055 2384 2108 At
2431 2056 2514 2109 isti
2584 2058 2805 2126 perinde
2851 2074 2912 2111 ac
2979 2060 3379 2128 pertimescant,
3435 2078 3501 2116 ne
3556 2064 3687 2132 qttid

438 2150 696 2204 adversus
753 2148 1036 2201 veritatem
1101 2147 1378 2201 immotum
1438 2146 1762 2215 relinquant,
1838 2146 2001 2199 Deum
2043 2145 2257 2215 quidem
2286 2146 2477 2201 Filium
2510 2163 2627 2202 esse
2665 2151 2921 2214 fatentur,
2987 2166 3107 2205 cum
3169 2152 3465 2221 Scriptura:
3496 2169 3561 2208 ac
3591 2172 3687 2209 au-

437 2240 746 2295 ctoritatum
783 2239 1103 2295 testimoniis
1153 2238 1563 2309 opprimantur;
1610 2240 1705 2293 sed
1745 2240 2021 2309 aequivoce
2060 2237 2229 2294 Deum
2267 2241 2394 2308 dici,
2441 2257 2504 2297 ac
2531 2244 2763 2299 nominis
2813 2245 2979 2299 solius
3044 2246 3358 2315 participem
3387 2261 3506 2303 esse
3545 2265 3687 2305 con-

438 2332 682 2386 tendunt.

511 2429 649 2483 XIV.
691 2428 827 2483 Cum
850 2439 1031 2483 autem
1063 2429 1200 2483 hanc
1236 2428 1369 2498 ipsis
1395 2428 1753 2497 objectiouem
1786 2429 2010 2496 subjici-

440 2534 604 2575 ntus:
667 2519 806 2585 Quid
858 2521 1026 2589 ergo?
1083 2536 1189 2576 non
1253 2521 1472 2590 prOprie
1526 2521 1667 2575 Deus
1705 2531 1787 2576 est
1813 2522 2007 2585 Filius,

441 2612 897 2681 quemadmodum
932 2612 981 2665 id
1011 2612 1150 2680 quod
1185 2612 1384 2681 pictum
1415 2621 1518 2676 est,
1546 2627 1649 2665 non
1668 2622 1749 2667 est
1778 2612 2015 2665 animal?

445 2703 725 2769 Quomodo
764 2717 893 2772 ergo
927 2703 1085 2765 Deus,
1119 2704 1161 2757 si
1198 2703 1338 2757 Deus
1366 2703 1580 2771 proprie
1605 2718 1708 2757 non
1736 2704 1850 2758 est?
1909 2702 2016 2757 Re-

445 2797 749 2867 spondent:
777 2795 914 2862 Quid
958 2797 1226 2866 probibet,
1274 2799 1581 2865 quominus,
1605 2806 1659 2852 et
1684 2799 1799 2853 lucc
1843 2798 2014 2867 aequi-

446 2900 579 2939 voca
616 2886 748 2948 sint,
780 2894 832 2939 et
867 2886 1081 2953 proprie
1123 2894 1410 2951 utrumque
1452 2885 1705 2939 dicatur?
1736 2886 1812 2939 Ac
1839 2888 2013 2949 nobis,

445 2986 859 3043 ettterrestrem,
918 2986 968 3032 et
1010 2977 1272 3031 marinum
1335 2991 1519 3030 cauam
1560 2977 1856 3047 profereut,
1898 2979 2013 3048 qui,

2190 2428 2285 2482 IA'.
2329 2430 2496 2483 Ὅταν
2523 2430 2579 2483 δὲ
2610 2430 3075 2504 ἀνΟυποφέρωμεν
3113 2432 3316 2496 αὐτοῖς,
3349 2432 3414 2484 Τί
3446 2425 3576 2493 οὗν;
3629 2428 3692 2487 οὔ

2120 2519 2320 2589 κυρίως
2353 2520 2428 2590 (7)
2452 2521 2583 2584 Θεὸς
2612 2521 2640 2572 ὁ
2671 2521 2816 2584 Υἱὸς,
2844 2520 3030 2593 ὥσπερ
3054 2523 3172 2576 οὐδὲ
3200 2524 3335 2587 ζῶον
3361 2522 3420 2573 τὸ
3448 2538 3694 2591 γεγραμ-

2124 2614 2316 2685 μένον;
2360 2614 2477 2677 πῶς
2517 2611 2608 2667 οὖν
2638 2616 2788 2680 Θεὸς,
2822 2619 2867 2668 εί
2911 2616 2985 2686 μὴ
3030 2616 3232 2689 κυρίως
3270 2616 3429 2677 Θεὸς;
3467 2614 3531 2665 Τί
3584 2612 3695 2683 γὰρ

2122 2705 2340 2767 κωλύει,
2385 2705 2539 2773 φασὶ,
2574 2705 2666 2758 καὶ
2698 2705 2962 2776 ὁμώνυμα
2985 2705 3157 2759 ταῦτα
3186 2701 3343 2768 εἴναι,
3374 2705 3465 2758 καὶ
3492 2702 3696 2773 κυρίως

2123 2796 2407 2866 ἀμφότερα
2443 2796 2723 2865 λέγεσθαι;
2758 2798 2863 2849 Καὶ
2902 2798 3278 2867 προσοίσουσιν
3319 2798 3448 2867 ἡμῖν
3484 2796 3572 2848 τὸν
3596 2794 3697 2846 κύ-

2124 2905 2208 2949 να,
2240 2887 2329 2939 τὸν
2363 2890 2636 2958 χερσαῖον,
2661 2890 2754 2939 καὶ
2787 2888 2877 2940 τὸν
2904 2888 3205 2951 θαλάττιον,
3241 2888 3505 2959 ὁμώνυμά
3525 2904 3581 2939 τε
3618 2886 3701 2938 δν-

2125 2993 2212 3035 τα,
2249 2976 2343 3028 καὶ
2371 2978 2574 3047 κυρίως
2604 2978 2678 3047 (8)
2714 2976 2979 3046 λεγόμενα
3008 2978 3141 3047 (ἔστι
3172 2978 3279 3048 γάρ
3316 2994 3367 3028 τι
3398 2976 3490 3028 καὶ
3526 2974 3701 3027 τοιοῦ-

448 3085 568 3124 cum
600 3070 699 3126 sub
745 3069 933 3124 eodem
989 3068 1206 3123 nomine
1254 3068 1517 3123 diversam
1571 3068 2018 3137 signiﬁcationem

2126 3083 2214 3119 τον
2237 3063 2373 3129 εἶδος
2396 3068 2453 3119 ἐν
2473 3070 2584 3130 τοῖς
2606 3068 2943 3137 όμωνύμοιςο
2973 3068 3067 3121 καὶ
3101 3069 3209 3122 εἴτε
3243 3086 3293 3121 τι
3322 3068 3447 3122 ἄλλο
3470 3070 3533 3139 τῇ
3561 3067 3703 3137 αύτῆ

450 3150 712 3227 habeant,
742 3160 961 3231 proprie
990 3171 1167 3215 tamen
1204 3160 1475 3214 dicuntur.
1503 3158 1621 3231 (Est
1658 3162 1801 3214 enim
1835 3160 2021 3228 hujus,

452 3253 600 3308 modi
624 3268 835 3323 quoque
865 3252 1072 3321 species
1106 3251 1350 3321 quaedam
1383 3251 1525 3305 inter
1552 3251 1863 3319 mquivoca;
1897 3254 2017 3308 etsi

449 3346 579 3415 quid
606 3346 768 3413 aliud,
794 3345 934 3422 quod
959 3346 1147 3400 eadem
1172 3345 1536 3415 appellatione
1569 3355 1770 3413 tttalur,
1800 3347 2023 3417 ejusque

449 3451 702 3507 peraque
730 3436 1003 3505 particeps
1027 3435 1120 3501 sit,
1155 3451 1276 3491 eum
1311 3437 1525 3492 interim
1565 3448 1770 3493 naturae
1814 3442 2023 3495 ratione

452 3528 761 3597 dissideat.)
793 3528 885 3592 At,
924 3528 1007 3581 vir
1051 3527 1277 3595 optime,
1320 3542 1442 3581 cum
1496 3528 1604 3583 illic
1636 3532 1770 3584 duas
1802 3542 2023 3585 naturas

450 3620 553 3675 sub
602 3620 790 3675 eadem
832 3618 1191 3689 appellatione
1236 3618 1491 3684 collocas,
1558 3630 1806 3673 neutram
1856 3622 2023 3675 altera

453 3713 891 3781 praestantiorem
946 3710 1289 3774 iutrodueis;
1341 3724 1442 3765 nec
1488 3710 1714 3766 alteram
1763 3713 2022 3781 priorem,

453 3804 684 3859 alteram
743 3803 1146 3874 posteriorem;
1198 3816 1297 3854 nec
1358 3802 1591 3870 denique
1630 3804 1854 3858 alteram
1906 3822 2026 3875 qua:

453 3896 650 3965 magis,
682 3894 905 3948 alteram
935 3908 1055 3962 quae
1088 3892 1267 3945 minus
1302 3892 1374 3945 sit
1400 3892 1453 3946 id
1492 3892 1632 3961 quod
1662 3908 1782 3948 esse
1808 3895 2024 3950 dicitur.

454 3986 641 4058 Neque
672 3989 815 4044 enim
849 3986 1140 4056 quidquam
1179 3984 1526 4052 conjunctum
1566 3996 1669 4052 est,
1715 3987 1858 4055 quod
1890 3988 2029 4041 hanc

456 4079 589 4148 ipsis
620 4076 998 4132 necessitatem
1027 4075 1236 4130 all‘erat.
1270 4075 1384 4129 Non
1430 4076 1575 4131 enim
1606 4077 1692 4132 hic
1722 4078 1872 4133 cauis
1910 4093 2026 4132 ma-

456 4172 537 4241 gis
570 4173 725 4226 canis
779 4178 883 4232 est,
935 4183 1095 4237 quam
1122 4167 1211 4223 ille
1262 4169 1439 4233 canis,
1495 4169 1596 4222 hoc
1624 4179 1727 4232 est,
1789 4171 2030 4223 marinus

458 4264 629 4333 magis
657 4277 818 4332 quam
855 4262 1148 4328 terrestris,
1182 4263 1265 4317 vel
1293 4272 1506 4326 contra,
1546 4263 1824 4317 terrestris
1859 4263 2029 4332 magis

458 4370 620 4424 quam
656 4354 939 4419 marinus;
978 4370 1076 4410 cur
1128 4355 1294 4419 enim,
1344 4364 1437 4409 aut
1485 4370 1589 4423 qua
1650 4355 1895 4408 ratione?
1925 4354 2029 4409 Sed

460 4450 513 4504 in
550 4448 732 4514 rebus,
778 4448 1009 4503 diversis
1049 4448 1263 4518 quidem
1295 4446 1420 4511 illis,
1457 4462 1642 4501 verum
1674 4445 1788 4514 pari
1826 4446 2032 4499 honore

459 4538 724 4610 praditis,
766 4540 1070 4595 communis
1107 4549 1188 4595 est
1219 4539 1531 4609 appellatio.
1591 4537 1689 4592 llic
1717 4552 1866 4602 vero,
1905 4552 2027 4590 cum

462 4632 571 4687 Deo
599 4632 1002 4687 venerationem
1026 4631 1312 4700 adjungas,
1354 4644 1589 4697 eumque
1615 4642 1778 4695 supra
1814 4641 2030 4681 onmem

460 4723 755 4778 essentiam
791 4730 845 4775 et
873 4731 1120 4775 naturam
1149 4735 1269 4774 esse
1310 4720 1459 4773 dicas
1524 4719 1688 4788 (quod
1724 4717 1814 4770 Dei
1864 4716 2033 4769 Solius

460 4824 564 4882 cst,
600 4825 654 4869 et
715 4813 859 4869 velut
906 4812 1211 4867 divinitatis
1262 4809 1520 4879 natura),
1556 4825 1619 4863 ac
1666 4809 1856 4863 deinde
1885 4808 2031 4860 Patri

461 4909 677 4978 quidem
733 4908 835 4962 hoc
874 4906 1103 4969 tribuas,
1140 4904 1337 4959 Filium
1396 4911 1575 4955 autem
1617 4901 1832 4971 prives,
1872 4907 2034 4969 atque

462 5001 744 5071 subjicias,
798 5000 1174 5068 secundasque
1215 4997 1293 5051 illi
1351 4996 1574 5050 honoris
1619 5003 1674 5049 et
1705 4993 2037 5048 adorationis

465 5104 651 5165 partes
680 5094 948 5166 assigncs,
980 5093 1230 5163 quamvis
1275 5090 1566 5145 verborum
1597 5088 1819 5159 syllabis
1855 5102 2035 5158 mqua-

558 5216 612 5280 4)
650 5216 862 5285 Λόγος.
893 5216 1026 5269 Tres
1058 5210 1239 5285 (7911).,
1262 5211 1413 5285 ᾇρος,
1476 5228 1494 5260 t
1516 5208 1777 5285 definitio.
1808 5207 2038 5285 guliecle

465 5278 713 5357 quidem;
741 5278 904 5356 atqtte
926 5287 1013 5339 hic
1043 5282 1201 5336 etiam
1228 5278 1384 5350 λόγος
1410 5282 1651 5335 eamdem
1682 5278 2037 5348 signiﬁcatio-

467 5371 587 5413 nctn
617 5357 815 5411 habere
847 5357 1022 5410 debet.

561 5429 614 5487 3i)
643 5427 955 5495 Λέγεσθαι.
982 5424 1105 5495 Bas.
1135 5422 1245 5486 ed.,
1272 5420 1508 5495 λέγεται.

561 5429 614 5487 Si)
643 5428 955 5495 Λέγεσθαι.
982 5428 1105 5477 Bas.
1135 5428 1245 5486 ed.,
1273 5428 1508 5491 λέγεται.

539 5428 617 5567 id)
642 5500 809 5567 Λόγῳ
834 5495 931 5550 καὶ
960 5493 1082 5567 ταῖς
1131 5493 1497 5567 μαρτυρίαις.
1536 5489 1672 5567 t_Ex_
1690 5487 1962 5557 Scriptura
1988 5494 2044 5543 et

470 5559 904 5622 auctet-ita'tibus.
942 5585 959 5617 ι
1036 5559 1438 5617 Ρυιέιιὶυειιίε
1498 5578 1515 5611 ι
1556 5559 1890 5626 Seripturam
1955 5571 2043 5611 sa-

471 5650 621 5690 cram
660 5652 680 5687 ι
714 5649 808 5704 per
831 5649 1014 5690 vocem
1045 5632 1189 5702 λόγῳ
1213 5630 1537 5704 signiﬁcari;
1571 5644 1683 5704 non
1715 5638 1890 5681 autem
1917 5641 2046 5704 rra-

482 5697 729 5772 tionem,"
744 5724 760 5757 ι
797 5717 853 5762 ιιι
872 5704 1028 5762 vertit
1056 5697 1199 5770 Btltl,
1223 5697 1340 5775 qua:
1362 5701 1601 5773 profecto
1621 5698 1687 5755 ad
1702 5697 2044 5755 asserendam

2129 3161 2462 3230 προσχρῆται
2493 3160 2567 3229 (9)
2599 3159 2957 3231 προσηγορίᾳ,
2993 3160 3085 3212 καὶ
3137 3160 3348 3231 μετέχει
3375 3159 3579 3229 ταύτης
3605 3159 3703 3210 ὲπ-

2131 3253 2268 3322 ίσης,
2290 3255 2354 3322 τῇ
2382 3252 2540 3320 φύσει
2563 3252 2884 3322 διεστηκός).
2923 3251 3058 3304 Ἀλλ’
3087 3253 3202 3305 ἐκεῖ
3225 3252 3341 3322 μὲν,
3369 3245 3412 3305 ὦ
3439 3251 3702 3321 βέλτιστε,

2127 3341 2220 3393 δύο
2255 3339 2445 3409 φύσεις
2465 3340 2634 3403 τιθεὶς
2663 3340 2771 3393 ὑπὸ
2800 3339 2897 3409 τὴν
2933 3340 3099 3411 αὐτὴν
3134 3341 3525 3412 προσηγορίαν,
3554 3339 3705 3393 οὐδὲν

2130 3434 2335 3504 ἀμείνω
2366 3433 2459 3503 τὴν
2486 3431 2677 3502 ἑτέραν
2705 3432 2803 3501 τῆς
2834 3431 3024 3501 ἐτέρας
3049 3433 3307 3501 εἰσάγεις,
3336 3433 3452 3485 οὐδὲ
3481 3433 3577 3503 τὴν
3609 3432 3706 3502 μὲν

2132 3526 2414 3598 πρότερον,
2449 3524 2546 3594 τὴν
2575 3524 2630 3576 δὲ
2665 3523 2910 3594 ὕστερον,
2943 3524 3061 3576 οὐδὲ
3086 3524 3183 3595 τὴν
3220 3524 3316 3594 μὲν
3352 3524 3572 3593 μᾶλλον,
3607 3523 3709 3595 τὴν

2131 3620 2187 3671 δὲ
2208 3615 2367 3689 ἦττον
2393 3614 2555 3671 οὖσαν
2583 3616 2725 3670 τοῦθ’
2755 3617 2890 3688 ὅπερ
2919 3617 3156 3685 λέγεται.
3194 3616 3325 3668 Ούδὲ
3355 3616 3461 3686 γάρ
3497 3634 3546 3668 τι
3579 3632 3707 3666 συν-

2134 3711 2383 3774 έζευκται
2407 3710 2467 3762 τὸ
2494 3709 2693 3781 ταύτην
2721 3709 2957 3782 παρέχον
2989 3699 3177 3770 αὐταῖς
3203 3708 3300 3779 τὴν
3335 3708 3597 3777 ἀνάγκην.
3630 3706 3706 3758 03

2134 3803 2241 3873 γὰρ
2264 3805 2291 3855 ὁ
2317 3802 2414 3873 μὲν
2445 3802 2641 3872 μᾶλλον
2674 3803 2841 3867 κύων,
2870 3803 2896 3854 ό
2924 3802 2980 3853 δὲ
3004 3796 3164 3871 ἦττον
3192 3798 3285 3852 τοῦ
3309 3798 3494 3868 ἑτέρου
3526 3795 3707 3858 κυνὸς,

2133 3891 2243 3946 οἷον
2275 3897 2302 3947 ὀ
2325 3894 2605 3957 Θαλάττιος
2639 3895 2731 3947 τοῦ
2756 3893 3029 3964 χερσαίου,
3066 3892 3098 3962 ἢ
3134 3894 3161 3945 ὁ
3191 3892 3440 3962 χερσαῖος
3475 3888 3711 3959 ἔμπαλιν

2134 3985 2228 4039 τοῦ
2261 3986 2577 4040 θαλαττίουο
2619 3986 2706 4039 διὰ
2732 3988 2781 4039 τί
2822 3987 2949 4058 γὰρ,
2977 3986 3009 4055 ἢ
3047 3983 3185 4038 κατὰ
3205 3983 3323 4035 τίνα
3350 3982 3533 4049 λόγον;
3570 3980 3708 4033 Ἀλλ’

2136 4080 2193 4130 ὲν
2234 4078 2518 4148 ὁμοτίμοις
2574 4080 2858 4149 πράγμασι
2898 4078 2991 4131 καὶ
3028 4074 3325 4145 διαφόροις,
3369 4074 3401 4143 ἡ
3459 4070 3713 4125 κοινωνία

2137 4170 2234 4239 τῆς
2268 4172 2533 4242 κλήσεως.
2581 4169 2845 4224 Ἐνταῦοα
2881 4169 2935 4221 δὲ
2970 4168 3048 4240 τῷ
3083 4166 3202 4237 Θεῷ
3240 4167 3618 4239 παραζευγνὺς
3643 4164 3713 4217 τὸ

2140 4263 2454 4333 σεϐάσμιον,
2480 4262 2573 4315 καὶ
2595 4262 2654 4314 τὸ
2682 4263 2820 4331 ὑπὲρ
2846 4263 3021 4313 πᾶσαν
3045 4259 3230 4313 οὐσίαν
3255 4253 3390 4312 εἶναι
3417 4258 3508 4311 καὶ
3530 4257 3711 4325 φύσιν,

2138 4355 2165 4406 ὃ
2195 4354 2355 4424 μόνου
2395 4354 2528 4407 Θεοῦ
2560 4354 2651 4406 καὶ
2678 4353 2839 4406 οἱονεὶ
2869 4353 3027 4420 φύσις
3054 4351 3324 4421 θεότητος,
3356 4346 3473 4403 εἶτα
3499 4348 3574 4419 τῷ
3604 4350 3713 4402 Πα-

2138 4448 2225 4516 τρὶ
2250 4448 2345 4515 μὲν
2376 4445 2531 4498 τοῦτο
2554 4445 2752 4507 διδους,
2780 4444 2869 4497 τὸν
2897 4444 3023 4497 Υἱὸν
3046 4443 3099 4495 δὲ
3121 4442 3436 4512 ἀποστερῶν
3466 4442 3558 4495 καὶ
3579 4441 3714 4492 ὑπο-

2136 4537 2327 4601 τιθεὶς,
2354 4539 2444 4590 καὶ
2466 4536 2533 4588 τὰ
2559 4534 2785 4605 δεύτερα
2811 4534 2989 4604 νέμων
3013 4532 3159 4602 αὐτῷ
3181 4532 3281 4600 τῆς
3310 4533 3473 4601 τιμῆς
3504 4529 3596 4581 καὶ
3618 4529 3717 4599 τῆς

2141 4627 2583 4697 προσκυνήσεως,
2617 4624 2718 4677 κᾶν
2749 4626 2865 4688 ταῖς
2896 4623 3181 4686 συλλαϐαῖς
3205 4620 3402 4691 χαρίζῃ
3424 4620 3483 4673 τὸ
3511 4622 3715 4690 ὅμοιον,

2138 4717 2215 4787 τῷ
2242 4718 2525 4787 πράγματι
2554 4716 2650 4785 τὴν
2680 4715 2909 4785 θεότητα
2935 4714 3301 4785 περικόπτεις,
3332 4713 3425 4764 καὶ
3457 4710 3687 4781 μεταόαί
3707 4741 3719 4750 -

2140 4826 2249 4873 νεις
2279 4809 2602 4877 κακούργως
2629 4806 2736 4859 ἀπὸ
2767 4806 2863 4873 τῆς
2891 4805 2948 4857 τὸ
2976 4804 3087 4857 ἴσον
3117 4803 3346 4873 ἐχούσης
3376 4802 3719 4872 ὁμωνυμίας,

2140 4899 2231 4952 ἐπὶ
2261 4899 2358 4968 τὴν
2390 4896 2459 4949 τὰ
2495 4896 2568 4967 μὴ
2600 4895 2691 4949 ἴσα
2717 4895 3060 4948 συνδέουσαν.
3098 4894 3256 4946 Ὥστε
3279 4895 3306 4945 ὁ
3335 4890 3577 4962 γραπτός
3612 4907 3718 4954 σοι,

2144 4995 2240 5046 καὶ
2272 4993 2301 5043 ὁ
2340 4989 2446 5053 ζῶν
2474 4988 2756 5059 ἄνθρωπος
2789 4988 3008 5059 μᾶλλον,
3050 4987 3081 5057 ἢ
3116 4988 3163 5039 οἱ
3194 4984 3286 5037 τοῦ
3325 4983 3724 5053 ύποδείγματος

2146 5084 2307 5148 κύνες
2334 5086 2400 5154 τῇ
2430 5082 2641 5153 θεότητι
2677 5080 3085 5153 πλησιάζουσιν.
3122 5080 3193 5132 Ἢ
3222 5078 3311 5141 δὸς
3346 5076 3457 5149 (10)
3484 5075 3723 5146 ἀμφοτὲ-

2151 5202 2308 5257 Verbi
2347 5202 2681 5254 divinitatem
2713 5214 2818 5253 non
2853 5207 2935 5252 est
2973 5197 3185 5250 idonea.

2220 5272 2298 5359 (ξ)
2345 5272 2410 5359 ,Τί
2447 5268 2716 5334 οὖν;οὑ.
2767 5269 2858 5323 Sic
2889 5267 3022 5335 Reg.
3065 5266 3120 5329 b,
3152 5263 3362 5326 Comb.,
3386 5271 3491 5316 etc.
3520 5260 3574 5315 In
3604 5260 3720 5325 ed.,

2155 5344 2520 5483 :tzgy'tzrm,
2565 5410 2660 5464 καὶ
2696 5409 2928 5483 κυρίως.
2978 5405 3069 5461 Sic
3108 5403 3201 5459 Or.
3241 5402 3294 5467 1,
3340 5400 3537 5471 aliique
3564 5399 3725 5455 codd.

2151 5484 2208 5538 In
2233 5480 2349 5546 ed.,
2378 5483 2446 5536 τὰ
2463 5482 2590 5535 ὄντα
2626 5480 2850 5550 κυρίως.

2245 5553 2299 5613 9)
2318 5543 2717 5619 Προσγρῆταιῖ
2747 5547 2958 5608 Comb.,
2985 5543 3409 5616 προσκέχρηται.

2224 5554 2337 5693 iw)
2376 5621 2607 5693 "nam
2643 5629 2749 5673 etc.
2786 5637 2802 5669 ι
2853 5617 2942 5672 Vel
2981 5616 3181 5693 largire
3211 5613 3409 5681 utrique

2252 5605 2337 5690 ill)
2362 5605 2451 5677 ’Ἦ
2481 5605 2607 5686 δῖἱς,
2643 5629 2749 5673 etc.
2786 5637 2802 5669 ι
2853 5605 2954 5672 νοῒ
2981 5605 3422 5690 ιξιξτείτοᾟιὲἰίιιιε
3465 5605 3725 5690 {aqualem

2156 5686 2361 5751 natura:
2412 5691 2746 5764 dignitatem,
2786 5706 2805 5741 ι
2856 5696 2963 5744 etc.
2998 5686 3218 5755 Nempe,
3256 5696 3323 5739 ex
3361 5686 3732 5747 suppositione
