4038 6338
271 384 350 440 93
1307 381 1568 437 ORATIO
1610 381 1803 438 XXIX.
1840 415 1912 424 —-
1951 384 2387 444 THEOLOGICA
2423 387 2512 445 ill.
3463 397 3534 454 91

275 521 411 573 ροις,
442 501 636 570 ὥσπερ
657 517 753 571 την
783 499 1065 552 κοινωνίαν
1085 500 1183 570 τῆς
1210 499 1475 572 κλήσεως,
1506 500 1648 554 οὕτω
1687 500 1743 554 δὲ
1773 518 1844 556 κα

1971 503 2175 558 litatem
2209 503 2310 573 ipsi
2336 504 2607 575 largiaris,
2647 520 2705 560 re
2735 505 2846 576 ipsa
2881 512 3061 561 tamen
3107 507 3444 565 divinitatem
3476 512 3526 568 ei

268 597 371 666 τὴν
403 593 700 664 ὁμοτιμίαν
747 591 857 644 τῶν
905 589 1120 659 φύσεων
1161 591 1296 662 (11),
1336 594 1384 644 εἰ
1437 593 1530 646 καί
1575 591 1863 665 διαφόρους

265 685 477 748 ταύτας
507 687 777 753 εἰσάγεις·
814 682 911 736 καὶ
948 681 1319 746 καταλέλυκάς
1360 701 1453 736 σου
1497 684 1620 746 τοὺς
1671 684 1856 749 κύνας,

267 776 364 840 οὓς
402 775 624 846 ἐξεῦρες
656 774 799 829 κατὰ
826 775 926 846 τῆς
953 777 1288 846 ἀνισότητος,
1321 776 1385 827 Τί
1409 775 1516 846 γὰρ
1541 775 1732 845 ὄφελος
1759 777 1858 848 τῆς

267 869 617 939 ὁμωνυμίας,
651 868 782 920 εἰτὸ
819 868 1059 938 ἰσότιμον
1090 867 1164 938 μὴ
1194 867 1368 938 ἔχοιεν
1391 869 1500 938 (ιε)
1519 871 1567 921 οἰ
1584 868 1734 940 παρὰ
1760 869 1855 921 σοῦ

267 959 663 1030 διαιρούμενοι.
708 961 784 1013 Ού
839 960 948 1028 γὰρ
983 961 1048 1013 ἵν’
1085 960 1195 1031 (15)
1239 961 1453 1030 ἰσότιμα
1498 959 1696 1030 δείξῃς,
1743 960 1856 1014 ἀλλ’

270 1052 359 1104 ἶνα
395 1052 709 1122 ἀνισὸτιμα,
747 1052 884 1121 πρὸς
916 1053 1014 1124 τὴν
1036 1053 1376 1123 ὁμωνυμίαν,
1409 1053 1503 1106 καί
1535 1054 1660 1116 τοὺς
1690 1053 1858 1116 κύνας

268 1146 600 1211 κατέφυγες.
632 1145 755 1208 Πῶς
785 1145 850 1198 ἄν
871 1163 953 1208 τις
993 1144 1270 1217 ἐλεγχθείη
1309 1145 1528 1215 μᾶλλον,
1561 1146 1656 1198 καὶ
1681 1145 1858 1216 ἐαυτῷ

269 1223 604 1306 μαχόμενος,
638 1236 731 1289 καί
765 1237 1008 1308 θεότητι;

1973 605 2240 664 amputas,
2267 611 2330 650 ac
2360 597 2682 651 veteratorie
2700 598 2768 652 ab
2796 597 2897 652 hoc
2925 597 3286 668 homonymia:
3307 613 3529 672 genere,

1969 687 2111 754 quod
2163 685 2526 755 aequalitatem
2589 685 2992 754 complectitur,
3049 689 3115 742 ad
3165 703 3333 758 genus
3396 691 3525 748 illud

1968 776 2190 841 transis,
2223 778 2368 846 quod
2428 791 2516 831 res
2568 778 2804 846 aequales
2857 779 3078 834 minime
3125 783 3416 836 connectit.
3451 783 3529 838 Ac

1963 868 2210 937 proinde,
2265 877 2324 922 ut
2379 869 2604 937 quidem
2637 873 3004 938 argumentari
3043 871 3304 938 instituis,
3352 875 3530 943 pictus

1965 958 2055 1013 ille
2077 974 2141 1012 ac
2171 959 2326 1012 vivus
2359 960 2542 1023 homo,
2593 960 2659 1014 ad
2705 960 3044 1016 divinitatem
3100 963 3527 1020 adumbrandam

1965 1052 2187 1121 propius
2221 1052 2512 1118 accedunt,
2548 1067 2710 1122 quam
2740 1067 2925 1118 canes,
2951 1068 3086 1123 quos
3111 1056 3527 1124 exemplicausa

1965 1142 2317 1212 proposuisti.
2356 1143 2568 1212 Alioqui
2606 1143 2845 1212 utrique,
2896 1153 2955 1197 ut
2987 1159 3181 1198 nomen
3219 1160 3526 1214 commune,

1963 1233 2046 1289 sic
2077 1233 2239 1289 etiam
2271 1224 2454 1304 parem
2484 1244 2690 1288 natura:
2733 1234 3048 1304 dignitatem
3086 1236 3279 1300 tribue,
3315 1238 3530 1293 etiamsi

270 1329 524 1397 diversas
552 1341 646 1380 eas
681 1326 930 1393 inducis;
963 1337 1126 1398 atque
1164 1327 1236 1381 ita
1265 1343 1426 1383 canes
1451 1328 1568 1383 illos
1597 1337 1716 1382 tuos
1747 1322 2032 1389 deleveris,
2065 1337 2200 1392 quos
2258 1323 2323 1378 ad
2361 1325 2694 1392 probandam
2763 1322 2937 1378 Patris
2976 1338 3042 1379 ac
3108 1324 3228 1378 Filii
3289 1326 3530 1396 inaequa-

267 1417 484 1472 litatem
519 1417 684 1489 534
717 1417 1062 1488 exCOgitasti.
1118 1419 1246 1486 Quis
1291 1421 1438 1476 enim
1495 1416 1854 1489 bomonymiae
1890 1415 2116 1479 fructus,
2141 1415 2186 1470 si
2223 1414 2482 1483 dignitate
2515 1429 2670 1483 pares
2731 1415 2857 1478 sint,
2889 1414 3037 1483 quia
3071 1421 3120 1469 te
3169 1415 3517 1474 dividuntur?

266 1513 378 1566 Nec
409 1512 580 1576 enim,
610 1523 668 1567 ut
719 1527 812 1567 eos
863 1513 1064 1568 honore
1103 1514 1360 1582 aequales,
1387 1515 1481 1569 sed
1512 1523 1569 1566 ut
1598 1513 1843 1582 dispares
1881 1507 2222 1572 ostenderes,
2275 1508 2342 1562 ad
2385 1507 2786 1578 bomonymiam
2838 1505 3006 1570 illam,
3043 1515 3098 1560 et
3163 1522 3326 1562 canes
3391 1524 3523 1564 con-

267 1603 484 1670 fugisti.
550 1602 798 1668 Quonam
853 1604 1012 1657 modo
1076 1605 1341 1674 quispiam
1396 1605 1564 1673 magis
1601 1600 1846 1658 convinci
1891 1608 2076 1670 queat,
2110 1609 2160 1654 et
2186 1615 2366 1654 secum
2409 1601 2542 1669 ipse,
2579 1608 2782 1654 etcum
2808 1600 3088 1654 divinitate
3115 1603 3390 1672 pugnare?

339 1694 443 1746 lE'.
499 1693 627 1748 Ἐὰν
654 1694 711 1746 δὲ
744 1695 1010 1763 λεγόντων
1037 1697 1212 1767 ἡμῶν,
1246 1698 1326 1751 ὅτι
1359 1697 1434 1768 τῷ
1465 1697 1620 1766 αἰτίῳ
1657 1696 1844 1767 μείζων

2035 1693 2148 1748 XV.
2187 1693 2304 1748 Jam
2345 1695 2390 1747 si
2430 1695 2732 1750 dicentibus
2768 1695 2944 1758 nobis,
2995 1693 3239 1761 Patrem,
3268 1707 3528 1768 quantum

259 1785 292 1835 ὁ
333 1783 532 1855 Πατὴρ
557 1783 652 1837 τοῦ
683 1781 834 1848 Υίοῦ,
870 1784 1264 1856 προσλαϐόντες
1287 1785 1405 1856 τὴν,
1435 1787 1506 1838 Τὸ
1538 1785 1596 1839 δὲ
1626 1786 1671 1852 (1
1684 1784 1738 1851 4)
1768 1783 1854 1839 αἵ-

257 1889 381 1925 τιον
418 1873 604 1942 φύσει,
640 1873 935 1944 πρότασιν·
987 1874 1194 1940 ἔπειτα,
1233 1875 1318 1953 Τὸε
1341 1874 1526 1946 μεῖζον
1559 1877 1625 1944 τῇ
1670 1873 1855 1942 φύσει,

263 1965 604 2033 συνάγωσιν·
653 1966 752 2020 οὐκ
785 1962 902 2020 οἶδα
941 1968 1166 2038 πότερον
1194 1968 1419 2030 ἑαυτοὺς
1461 1964 1854 2037 παραλογίζον-

257 2074 376 2122 ται,
406 2057 439 2124 ἢ
466 2057 597 2120 τοὺς
625 2057 759 2127 πρὸς
789 2055 882 2121 οὓς
905 2058 934 2110 ὁ
956 2057 1132 2126 λόγος.
1160 2059 1234 2110 Οὐ
1257 2058 1365 2129 γὰρ
1383 2056 1569 2121 ἁπλῶς
1595 2055 1726 2126 (15),
1753 2057 1852 2110 ὅσα

259 2148 409 2201 κατὰ
428 2165 574 2210 τινος
599 2147 838 2216 λέγεται,
868 2147 1042 2202 ταῦτα
1068 2149 1159 2200 καὶ
1190 2149 1331 2202 κατὰ
1369 2148 1461 2202 τοῦ
1491 2150 1851 2219 ὑποκειμένου

255 2238 438 2309 τούτῳ
473 2238 806 2310 ῥηθήσεται·
835 2237 970 2291 ἀλλὰ
1011 2238 1166 2309 δῆλον
1210 2239 1348 2292 κατὰ
1375 2239 1536 2304 τίνος,
1573 2239 1666 2294 καί
1709 2241 1848 2292 τίνα.

271 2330 432 2382 Ἕπεί
455 2328 508 2380 τί
536 2327 735 2380 κωλύει
766 2326 909 2396 κάμὲ
936 2326 1140 2397 ταύτην
1168 2326 1429 2397 πρότασιν
1463 2326 1848 2397 ποιησάμενον,

253 2423 385 2492 τὴν,
437 2423 520 2474 ὅτι
562 2421 620 2474 '0
655 2419 844 2490 Πατὴρ
872 2419 1073 2489 μείζων
1093 2421 1160 2490 τῇ
1192 2419 1374 2487 φύσει,
1406 2418 1592 2471 ἔπειτα
1617 2418 1852 2489 προσλα-

255 2514 428 2567 ϐόντα
463 2513 544 2574 τὸ.
601 2512 765 2565 Φύσει
801 2513 858 2565 δὲ
887 2513 947 2564 ού
989 2511 1206 2575 πάντως
1245 2511 1444 2583 μείζων
1485 2510 1606 2562 οὐδὲ
1631 2511 1845 2580 Πατήρ·

250 2605 515 2658 ἐντεῦθεν
550 2606 903 2673 συναγαγεῖν·
940 2604 1013 2657 Τὸ
1075 2601 1258 2673 μεῖζον
1288 2603 1350 2655 ού
1386 2603 1602 2665 πάντως
1635 2600 1848 2671 μεῖζον·

248 2695 314 2765 ἢν
349 2697 411 2750 Ὅ
441 2695 633 2766 Πατὴρ
664 2695 726 2748 οὐ
762 2693 978 2756 πάντως
1005 2694 1216 2764 Πατήρ.
1249 2693 1312 2745 Εἰ
1342 2692 1520 2762 βούλει
1549 2691 1604 2744 δὲ
1642 2690 1844 2756 οὕτως·

263 2785 328 2838 ⁸0
386 2785 542 2849 Θεὸς,
575 2782 762 2837 οὐσία·
812 2782 877 2836 Ἡ
907 2783 1066 2836 ούσία
1125 2783 1201 2846 δὲ,
1233 2783 1294 2836 ού
1348 2784 1564 2847 πάντως
1599 2783 1760 2846 Θεός·
1791 2781 1851 2834 τὸ

251 2875 392 2944 ἑξῆς
417 2874 577 2938 αὐτὸς
609 2875 881 2943 συνάγαγε
909 2875 1019 2944 (16)
1037 2891 1051 2906 ·
1097 2875 1157 2929 ’1)
1184 2874 1315 2939 Θεὸς
1352 2875 1412 2928 ού
1453 2875 1667 2937 πάντως
1695 2873 1847 2937 Θεὸς.

265 2968 412 3021 Ἀλλ’
439 2963 613 3038 οἶμαι,
645 2969 796 3039 παρὰ
819 2969 879 3022 τὸ
907 2968 980 3038 πῆ
1011 2967 1119 3038 (17)
1151 2967 1243 3020 καὶ
1271 2965 1457 3030 ἁπλῶς
1489 2969 1516 3020 ὁ
1551 2967 1844 3038 παραλογι-

1965 1785 2033 1840 ad
2059 1800 2304 1850 causam,
2333 1785 2467 1838 Filio
2499 1785 2758 1856 majorem
2788 1801 2928 1851 esse,
2967 1787 3066 1856 ipsi
3113 1787 3250 1842 banc
3283 1791 3528 1858 proposi-

1956 1875 2154 1930 tionem
2185 1885 2500 1930 assumant:
2528 1876 2596 1930 At
2618 1892 2780 1930 causa
2820 1865 3009 1931 natura
3037 1895 3050 1943 ;
3078 1888 3370 1948 posteaque
3396 1895 3530 1935 con-

1955 1966 2259 2024 clusionem
2295 1968 2436 2022 hanc
2496 1969 2865 2023 sulmectant:
2909 1969 3050 2039 Ergo
3093 1971 3266 2038 major
3299 1981 3526 2039 natura;

1958 2059 2269 2123 baudscio,
2308 2059 2588 2126 seipsosne
2643 2060 2840 2128 potius,
2894 2077 2961 2115 an
3020 2077 3136 2125 eos,
3186 2078 3306 2117 cum
3333 2064 3531 2133 quibus

1953 2151 2255 2220 disputant,
2282 2151 2527 2222 captiosa
2580 2151 2686 2206 bac
2716 2154 3192 2222 argumentatione
3219 2155 3529 2210 circumve-

1957 2242 2128 2296 niant.
2164 2240 2347 2311 Neque
2378 2244 2523 2297 enim
2574 2242 2917 2313 simpliciter,
2968 2259 3302 2315 quazcunqne
3335 2246 3400 2300 de
3426 2247 3528 2300 ali-

1952 2347 2058 2401 quo
2084 2333 2355 2397 dicuntur,
2393 2332 2558 2389 etiam
2582 2333 2646 2388 de
2671 2348 2759 2398 eo,
2794 2335 2937 2400 quod
2967 2336 3064 2403 ipsi
3095 2335 3396 2405 subjectum
3421 2345 3526 2404 est,

1953 2424 2248 2486 dicuntur;
2281 2424 2376 2478 sed
2435 2423 2776 2493 perspicuum
2821 2433 2906 2478 est
2941 2428 3008 2480 de
3036 2441 3165 2494 quo,
3193 2435 3247 2480 et
3277 2442 3526 2497 quaenam

1951 2515 2223 2569 dicantur.
2281 2515 2496 2583 Alioqui
2547 2516 2678 2584 quid
2736 2517 3010 2584 prohibet,
3069 2518 3358 2586 quominus
3413 2518 3530 2587 ipse

1952 2621 2168 2676 quoque
2202 2606 2361 2661 allata
2413 2607 2516 2662 bac
2559 2608 2932 2676 propositione
2972 2626 2985 2662 :
3035 2607 3194 2663 Pater
3221 2607 3393 2676 major
3436 2623 3529 2664 na-

1954 2705 2073 2751 tura
2102 2708 2223 2765 est;
2257 2714 2320 2754 ac
2369 2697 2563 2753 deinde
2615 2709 2891 2768 assumpta
2947 2700 3112 2754 altera
3147 2716 3160 2752 :
3198 2699 3398 2756 Natura
3432 2716 3529 2755 au-

1953 2801 2058 2845 tem
2087 2804 2190 2844 nou
2221 2791 2441 2844 omnino
2470 2789 2662 2859 major,
2695 2805 2868 2861 neque
2896 2791 3093 2858 Pater;
3127 2791 3200 2846 ita
3255 2802 3527 2862 postremo

1950 2883 2305 2939 concludam:
2339 2881 2509 2952 Majus
2569 2883 2734 2952 igitur
2779 2899 2886 2938 non
2910 2885 3130 2938 omnino
3178 2885 3389 2953 majus;
3420 2883 3525 2947 vel,

1953 2971 2115 3027 Pater
2135 2987 2241 3027 non
2289 2973 2511 3026 omnino
2559 2970 2741 3027 Pater.
2792 2971 2899 3026 Aut
2967 2973 3010 3026 si
3061 2972 3251 3038 mavis,
3280 2973 3346 3026 ad
3385 2974 3528 3026 buuc

251 3062 398 3133 σμὸς
420 3056 599 3126 οὗτος,
625 3061 700 3126 ὡς
730 3063 842 3125 τοῖς
866 3063 993 3134 περί
1021 3061 1193 3114 ταῦτα
1219 3060 1558 3131 τεχνολογεῖν
1593 3058 1840 3130 σύνηθες.

1954 3063 2170 3118 modum
2228 3077 2428 3132 agam:
2477 3062 2618 3117 Deus
2665 3068 2746 3116 est
2799 3063 3074 3118 essentia:
3125 3063 3370 3118 Essentia
3415 3078 3522 3118 non

259 3153 460 3223 Ἦμῶν
498 3152 608 3223 γὰρ
638 3151 706 3206 τὸ
735 3150 938 3224 μεῖζον
961 3155 1026 3223 τῇ
1050 3151 1142 3204 τοῦ
1172 3152 1345 3206 αἰτίου
1380 3151 1538 3220 φύσει
1576 3151 1844 3216 διδόντων,

245 3245 415 3301 αὐτοὶ
437 3245 498 3297 τὸ
519 3247 585 3315 τῇ
622 3243 780 3313 φύσει
817 3242 999 3314 μεῖζον
1023 3243 1345 3311 ἐπάγουσιν·
1376 3243 1564 3315 ὥσπερ
1591 3243 1657 3296 ἂν
1680 3242 1845 3313 (18)εἰ

243 3336 350 3389 καὶ
411 3334 682 3403 λεγόντων
715 3334 892 3406 ἡμῶν,
929 3335 1066 3388 ὄτιό
1093 3333 1238 3389 δεῖνα
1290 3334 1481 3406 νεκρὸς
1539 3334 1841 3405 ἄνθρωπος,

244 3428 446 3492 ἁπλῶς
471 3429 679 3499 ἐπῆγον
696 3427 851 3481 αὐτοὶ
882 3426 974 3481 τὸν
1003 3427 1307 3498 ἄνθρωπον.

1953 3153 2174 3208 omnino
2207 3163 2290 3208 est
2341 3153 2514 3220 Deus;
2572 3152 2714 3220 quod
2766 3150 3000 3222 sequitur
3067 3153 3180 3223 ipse
3220 3154 3518 3210 conclude:

1955 3248 2095 3318 Ergo
2128 3248 2272 3302 Deus
2308 3262 2413 3302 non
2445 3247 2668 3306 omnino
2707 3246 2866 3301 Deus.
2911 3245 3133 3312 Verum,
3167 3247 3221 3302 ni
3257 3247 3433 3315 fallor,
3453 3249 3522 3304 ab

1951 3347 2036 3396 eo,
2071 3333 2214 3401 quod
2248 3335 2543 3388 secundum
2579 3334 2847 3388 rationem
2885 3336 3171 3402 quamdam
3203 3335 3423 3396 dicitur,
3454 3337 3522 3390 ad

1845 3431 1852 3436 '
1953 3425 2002 3478 id
2033 3425 2174 3493 quod
2199 3424 2515 3491 simpliciter
2531 3424 2748 3489 dicitur,
2773 3427 3013 3494 captiose
3037 3427 3380 3496 progreditur
3404 3427 3523 3482 haec

241 3517 685 3589 argumentatio,
716 3517 857 3586 quod
889 3515 1023 3570 artis
1071 3515 1229 3583 hujus
1263 3513 1524 3569 studiosis
1565 3513 1825 3566 usitatum
1866 3520 1947 3566 cst
1971 3520 2026 3566 et
2065 3511 2352 3566 familiare.
2383 3511 2520 3566 Nam
2584 3527 2708 3567 cum
2771 3527 2869 3567 nos
2905 3514 3046 3568 hanc
3074 3528 3280 3580 vocem,
3313 3516 3509 3586 majus,

239 3627 436 3668 causa:
489 3619 698 3664 natura:
748 3611 1069 3673 tribuamus,
1143 3607 1385 3663 inferunt
1441 3607 1563 3676 ipsi,
1605 3620 1826 3660 causam
1869 3613 2057 3658 natura
2093 3604 2357 3676 majorem.
2404 3617 2544 3660 esse.
2582 3604 2736 3672 Quod
2781 3605 3006 3675 perinde
3037 3614 3140 3672 est,
3199 3621 3265 3661 ac
3329 3608 3376 3662 si
3419 3608 3502 3662 di-

247 3705 513 3760 centibus
540 3705 734 3758 nobis:
769 3703 868 3756 llic
899 3713 1142 3756 mortuus
1166 3701 1361 3768 homo;
1391 3701 1656 3756 inferrent
1688 3701 1830 3776 ipsi:
1871 3701 2012 3770 Ergo
2043 3700 2223 3753 homo.

319 3798 444 3866 tq’.
505 3797 708 3850 Ἐκεῖνο
731 3797 788 3850 δὲ
813 3795 926 3860 πῶς
951 3795 1420 3867 παραδράμωμεν,
1449 3795 1662 3859 οὐδενὸς
1687 3791 1849 3867 ἦττον

241 3892 358 3944 τῶν
390 3888 703 3960 εἰρημένων
729 3888 788 3942 ὃν
821 3887 1190 3956 ἀξιάγαστον;
1231 3886 1288 3940 Ὀ
1310 3887 1522 3958 Πατὴρ,
1555 3886 1740 3957 φησὶν,
1759 3887 1850 3939 οὑ-

247 3985 398 4048 σίας,
439 3983 475 4054 ἥ
512 3981 795 4052 ἐνεργείας
823 3981 992 4051 ὁνομα
1011 3999 1022 4010 ·
1049 3981 1125 4043 ὼς
1156 3979 1545 4051 ἀμφοτέρωθεν
1580 3981 1728 4050 ἡμᾶς
1756 3979 1849 4050 δή·

243 4093 462 4140 σοντες.
499 4076 562 4128 Εἰ
593 4075 692 4142 μὲν
717 4073 904 4136 οὐσίας
922 4075 1186 4144 φήσομεν,
1213 4072 1652 4144 συνθησομένους
1669 4074 1848 4144 ἑτερο-

238 4170 433 4225 ούσιον
456 4163 598 4221 εἶναι
627 4160 717 4220 τὸν
743 4167 868 4219 Υίόν
888 4185 900 4196 ·
929 4167 1114 4237 ἐπειδὴ
1137 4166 1233 4238 μία
1253 4167 1350 4237 μὲν
1367 4165 1523 4219 οὐσία
1543 4165 1702 4230 Θεοῦ,
1721 4167 1847 4219 ταύ-

237 4280 348 4334 την
383 4262 466 4326 δὲ,
499 4260 576 4324 ὡς
601 4254 766 4324 οὗτοι,
786 4258 1222 4329 προκατείληφεν
1243 4259 1270 4310 ὁ
1299 4259 1518 4328 Πατήρ·
1553 4259 1602 4310 εἰ
1631 4256 1684 4310 δὲ
1702 4259 1844 4328 svsp-

237 4357 431 4426 τείας,
446 4353 659 4423 ποίημα
678 4350 864 4420 σαφῶς
885 4350 1338 4422 ὁμολογήσοντας,
1354 4337 1469 4402 ἄλλ’
1491 4349 1552 4402 ού
1573 4349 1840 4420 γέννημα·

237 4441 306 4504 οὗ
339 4447 455 4518 γὰρ
482 4447 510 4499 ὁ
539 4445 801 4516 ἐνεργῶν,
827 4445 942 4497 ἐκεῖ
967 4444 1186 4506 πάντως
1219 4443 1313 4495 καὶ
1336 4442 1398 4494 τὸ
1431 4442 1838 4514 ἐνεργούμενον.

2026 3789 2168 3846 XVI.
2200 3791 2482 3858 Quomodo
2517 3801 2697 3848 autem
2729 3791 2892 3858 istud,
2923 3793 3064 3860 quod
3104 3803 3249 3847 certe
3278 3808 3382 3848 non
3419 3793 3523 3850 mi-

1951 3885 2065 3940 nori
2101 3885 2461 3940 admiratione
2495 3887 2715 3956 dignum
2771 3895 2878 3951 est,
2925 3901 3086 3956 quam
3119 3900 3238 3954 qute
3275 3887 3526 3956 superius

1955 3977 2097 4032 dicta
2130 3987 2279 4044 sunt,
2330 3978 2846 4047 prretermittcmus?
2886 3976 3043 4031 Pater
3067 4017 3081 4040 ,
3138 3977 3410 4047 inquiunt,
3441 3979 3524 4034 vel

1946 4071 2222 4135 essentia»,
2289 4071 2374 4124 vel
2425 4071 2658 4126 actionis
2712 4085 2906 4126 nomen
2965 4077 3078 4124 est:
3138 4069 3217 4124 sic
3258 4071 3526 4126 enimnos

1946 4161 2202 4230 utrinque
2236 4161 2310 4214 ita
2364 4163 2625 4217 astrictos
2682 4171 2892 4232 putant,
2929 4172 2982 4216 ut
3036 4162 3179 4216 nulla
3218 4163 3426 4218 ratione
3454 4177 3522 4218 ex

1946 4265 2134 4305 eorum
2176 4251 2408 4307 vinculis
2435 4253 2574 4307 elabi
2618 4256 2908 4324 possimus.
2961 4255 3018 4310 Si
3061 4257 3208 4311 enim
3269 4259 3524 4313 essentia:

1951 4359 2146 4398 nomen
2175 4357 2294 4398 esse
2320 4346 2640 4409 dixerimus,
2666 4347 3045 4410 assentiemur,
3101 4355 3160 4400 ut
3183 4348 3522 4415 existimant,

1952 4436 2150 4490 Filium
2192 4437 2462 4490 diversam
2493 4453 2521 4490 a
2563 4437 2721 4492 Patre
2751 4437 3042 4492 essentiam
3071 4438 3310 4493 habere:
3340 4453 3519 4507 quan-

237 4539 363 4594 Καὶ
378 4536 497 4600 πῶς
511 4534 590 4606 τῷ
605 4533 926 4604 πεποιηκότι
946 4532 1138 4586 ταυτὸν
1158 4531 1218 4585 τὸ
1233 4530 1614 4600 πεποιημένον,
1635 4529 1733 4584 θαυ
1743 4529 1844 4600 μά-

1954 4528 2239 4602 doquidem
2300 4543 2404 4581 una
2455 4530 2526 4584 sit
2574 4529 2666 4585 Dei
2715 4529 2973 4594 essentia,
3019 4543 3180 4598 quam
3236 4529 3416 4595 Pater,
3460 4540 3522 4586 ut

239 4753 737 4817 Eunomianorum,
775 4753 847 4807 et'
880 4748 1127 4819 exemplo
1183 4763 1376 4803 canum
1445 4748 1585 4817 quod
1642 4745 1835 4803 all'ere—

235 4830 438 4964 Μῗῖί)
479 4895 764 4964 Φύσεων,
791 4891 940 4956 Par.,
977 4890 1174 4960 aliique
1217 4889 1460 4946 nonnulli
1501 4889 1735 4954 codices,
1781 4897 1837 4943 et

233 4968 379 5022 Bas.
442 4967 666 5034 ειί.,τῆς
699 4963 935 5033 φύσεως.

319 5037 441 5108 (12)
464 5037 534 5108 Εἰ
553 5029 910 5108 τὸἰσότψον
931 5031 1018 5102 μὴ
1048 5033 1265 5108 ἔχοιεν.
1303 5051 1332 5108 _r
1365 5031 1594 5088 Delenda
1626 5037 1731 5108 est,
1761 5029 1836 5108 in-

235 5101 373 5178 quit
400 5106 608 5172 Billius,
648 5101 1211 5178 particulajegativii
1249 5104 1512 5178 umquam:
1550 5102 1726 5157 exsta't
1779 5101 1833 5156 in

239 5173 594 5247 I'Iervagiano
626 5173 832 5230 codice.
867 5193 886 5226 ι
918 5173 1271 5247 Connbelisius
1301 5173 1532 5247 primum
1561 5185 1831 5247 repugna-

236 5252 350 5314 vit,
376 5243 467 5301 sed
493 5247 687 5301 deinde
709 5245 1000 5300 consensit.
1044 5243 1150 5298 Nos
1181 5259 1308 5300 vero
1342 5244 1646 5314 negativam
1692 5243 1832 5314 hanc

237 5311 571 5386 particulam
613 5316 837 5370 minime
867 5314 1149 5386 delendam
1200 5311 1510 5386 censemus.
1541 5311 1831 5386 Gregorius

235 5383 396 5443 enim
429 5387 794 5442 Eunomianos
820 5385 1090 5450 refellens,
1119 5385 1355 5440 ostendit
1390 5383 1721 5452 propositum
1741 5383 1829 5436 .ab

236 5460 383 5528 ipsis
409 5457 731 5528 ὁμωνυμίας
759 5457 1116 5528 exemplum,
1135 5456 1201 5510 ad
1229 5455 1601 5528 aequalitatem
1637 5465 1829 5520 quam-

237 5525 373 5584 dam
403 5525 584 5598 specie
602 5525 773 5598 tenus
800 5527 852 5581 in
903 5527 1152 5595 personis
1202 5525 1829 5598 servandam,_ineptum

237 5613 405 5663 esse;
435 5592 1110 5668 ct,quidquidrnugentur,
1139 5610 1326 5668 parem
1353 5611 1458 5650 non
1495 5592 1832 5668 habere_bo-

243 5661 401 5725 noris
435 5661 777 5738 dignitatem,
802 5667 854 5721 id
894 5661 1036 5738 quod
1061 5661 1576 5738 ita—Adividiuntzjnec
1601 5661 1833 5729 denique

237 5756 312 5795 eo
341 5736 524 5794 animo
549 5753 748 5809 canum
771 5736 1090 5809 ὁμωνυμίαν
1116 5736 1186 5791 ab
1224 5736 1356 5804 ipsis
1385 5736 1656 5809 inductam
1689 5746 1830 5809 esse,

243 5821 306 5866 ut
342 5811 456 5866 nari
494 5807 761 5870 dignitate
803 5802 922 5866 esse
955 5802 1214 5871 personas
1247 5802 1624 5873 ostenderent,
1656 5802 1748 5861 sed
1776 5812 1832 5860 ut

1943 4749 2180 4818 impares
2219 4751 2534 4820 probarent.

2009 4817 2119 4892 (is)
2154 4817 2236 4876 Οὔ
2266 4822 2378 4891 γὰρ
2405 4823 2504 4876 ἵν’.
2561 4819 2654 4879 Sic
2681 4818 2846 4878 Coisl.
2895 4821 2920 4874 1
2972 4828 3026 4876 et
3056 4818 3111 4886 5,
3151 4817 3244 4875 0r.
3279 4819 3330 4887 1,
3368 4818 3521 4888 Par.,

1935 4891 2040 4946 etc.
2071 4891 2226 4946 Deest
2262 4893 2348 4946 ἵνα
2385 4895 2436 4946 in
2476 4893 2564 4948 ed.

2037 4961 2120 5030 14)
2148 4961 2240 5016 Δέ.
2282 4965 2440 5018 Deest
2465 4963 2515 5016 in
2548 4961 2838 5016 nonnullis.

2037 4964 2120 5030 14)
2148 4964 2240 5016 Δέ.
2282 4965 2440 5018 Deest
2465 4964 2515 5016 in
2548 4964 2838 5016 nonnullis.

2008 4964 2118 5102 iiii)
2178 5035 2260 5088 Οὐ
2321 5034 2432 5102 γὰρ
2485 5031 2713 5098 ἁπλῶς,
2778 5041 2884 5086 etc.
2951 5028 3134 5102 Scbol.
3199 5044 3214 5102 ς
3273 5029 3375 5102 Ούμ
3412 5030 3520 5102 γὰρ

1934 5098 2034 5156 ὅσα
2069 5098 2210 5157 κατὰ
2270 5098 2363 5156 τοῦ
2392 5098 2592 5156 ἀἰτίου
2643 5103 2884 5171 λέγεται,
2949 5101 3041 5154 καὶ
3087 5099 3229 5154 κατὰ
3281 5098 3377 5152 τοῦ
3414 5098 3519 5168 (pti-

1939 5191 2041 5226 σει·
2078 5191 2096 5225 ι
2133 5174 2250 5231 Non
2285 5175 2429 5228 enim
2467 5188 2800 5242 quzecunque
2838 5173 2905 5225 de
2943 5186 3106 5226 causa
3136 5173 3410 5235 dicuntur,
3452 5173 3521 5226 de

1937 5260 2001 5300 eo
2023 5245 2184 5314 etiam
2215 5245 2355 5314 quod
2385 5252 2468 5298 est
2496 5243 2963 5314 naturaJlicuntui
2979 5285 2990 5292 .

2009 5313 2121 5382 (16)
2157 5309 2487 5383 Σύνάγαγε.
2525 5312 2640 5383 Duo
2682 5311 2814 5381 Reg.
2849 5322 2903 5365 et
2929 5309 3023 5366 Or.
3059 5312 3111 5375 1,
3154 5309 3375 5383 σύναγε.

2007 5379 2118 5454 (17)
2160 5379 2342 5452 Παρὰ⁷
2373 5379 2438 5438 τι)
2471 5380 2578 5452 πῆ.
2605 5383 2740 5452 Reg.
2768 5379 2825 5449 ᾗ,
2857 5383 3205 5455 παρατροπῇ.
3251 5379 3415 5434 Coisl.
3463 5379 3516 5446 1,

1935 5458 2322 5527 παρατροπήν.
2406 5523 2428 5527 _
2658 5522 2709 5527 __
2949 5522 2960 5527 _
3016 5508 3077 5527 __.

2001 5517 2374 5596 (18)”Ώοί;τερ
2391 5523 2621 5596 ἄγχεις.
2654 5522 2745 5596 Sic
2767 5522 2990 5596 esponit
3015 5521 3159 5596 [filias
3195 5535 3208 5572 :
3243 5538 3262 5570 ι
3286 5517 3521 5596 Perinde

1929 5586 2136 5669 scilicet
2172 5586 2440 5669 iaciebant
2476 5586 2861 5666 (Eunomiani),
2909 5607 2971 5669 ac
2999 5593 3044 5647 si
3085 5590 3366 5646 dicerent:
3416 5586 3516 5669 llic

1931 5666 2016 5720 vel
2051 5665 2136 5721 ille
2172 5666 2333 5720 homo
2380 5662 2626 5720 mortuus
2674 5678 2779 5718 non
2820 5662 3131 5732 respirat”:
3159 5675 3287 5731 ergo
3329 5662 3510 5732 o_mni_s

1933 5739 2094 5791 homo
2131 5750 2238 5790 non
2284 5736 2534 5804 respirat.
2574 5733 2694 5796 Vel,
2726 5728 2980 5806 Ethiops
3031 5731 3185 5788 albus
3219 5728 3306 5788 est
3333 5728 3513 5784 denti-

1931 5807 2070 5865 bus:
2099 5821 2227 5876 ergo
2267 5816 2412 5864 totus
2449 5807 2603 5865 albus
2627 5815 2728 5865 est.
2767 5810 2787 5858 ὁ
