4038 6338
263 361 377 417 ’10]

1312 354 1570 412 ORATIO
1609 355 1800 412 XXIX.
1845 389 1913 400 -
1952 356 2394 416 TIIEOLOGICA
2435 360 2503 415 Ill

3449 361 3550 417 109

274 494 388 530 νον.
430 475 627 528 Δίδωσι
685 473 858 538 τέλος,
889 471 1003 525 ἀλλ’
1037 471 1095 538 ἐξ
1140 471 1343 542 ἰχθύος,
1399 475 1536 528 ἀλλὰ
1593 476 1875 546 βασιλεύει

1993 479 2274 548 depressus
2297 489 2380 534 est
2405 482 2456 512 ⁸³
2483 497 2496 534 :
2531 495 2626 536 seu
2649 495 2704 535 tn
2736 479 2872 534 mari
2899 478 3033 535 leris
3077 479 3297 544 .ncedit,
3333 493 3397 536 ac
3425 496 3554 536 ven-

276 569 386 620 τῶν
413 565 813 621 ἀπαιτούντων.
849 564 1198 634 Σαμαρείτης
1241 565 1429 618 ἀκούει
1466 569 1559 620 καὶ
1585 567 1877 638 δαιμονῶν,

275 660 422 728 πλὴν
470 658 634 722 σώζει
667 658 760 709 τὸν
788 657 900 709 ἀπὸ
943 655 1295 726 Ἰερουσαλὴμ
1337 657 1758 722 καταϐαίνοντα,
1788 660 1881 712 καὶ

277 751 508 820 λῃσταῖς
562 749 951 818 περιπεσόντα,
1007 747 1144 818 πλὴν
1192 747 1298 800 ὑπὸ
1329 748 1601 818 δαιμόνων
1625 749 1881 817 ἐπιγινώ-

281 857 496 902 σκεται,
531 841 628 893 καὶ
683 838 976 892 ἀπελαύνει
1027 839 1310 909 δαίμονας,
1347 841 1440 893 καὶ
1465 839 1740 908 λεγεῶνας
1768 839 1880 910 (41)

279 933 614 1003 πνευμάτων
641 931 871 1002 βυθίζει,
926 931 1020 984 καὶ
1049 929 1126 993 ὠς
1154 931 1441 1002 ἀστραπὴν
1479 932 1582 1002 ὁρᾷ
1607 930 1876 982 πίπτοντα

277 1026 371 1077 τὸν
399 1025 645 1094 ἀρχηγὸν
670 1024 779 1076 τῶν
811 1023 1102 1092 δαιμόνων.
1133 1021 1446 1086 Λιθάζεται,
1489 1023 1604 1076 ἀλλ’
1629 1023 1727 1092 οὐχ
1759 1023 1872 1076 ἁλί-

282 1138 494 1174 σκεται.
525 1119 921 1191 Προσεύχεται,
954 1117 1072 1170 ἀλλ’
1107 1117 1368 1170 ἐπακούει
1395 1135 1408 1147 ·
1443 1117 1692 1186 δακρύει,
1745 1115 1881 1170 ἀλλὰ

282 1210 448 1264 παύει
483 1209 756 1280 δάκρυον
806 1209 984 1278 ἐρωτᾷ
1022 1205 1126 1260 ποῦ
1164 1206 1406 1260 τέθειται
1460 1207 1735 1277 Λάζαρος.
1784 1207 1878 1260 άν-

281 1304 506 1375 θρωπος
529 1302 640 1372 γὰρ
668 1297 738 1371 ἦν
757 1318 769 1328 ·
802 1298 917 1350 ἀλλ’
950 1300 1153 1368 ἐγείρει
1183 1297 1454 1370 Λάζαρον,
1488 1297 1618 1359 Θεὸς
1652 1296 1759 1366 γὰρ
1790 1292 1877 1366 ἦν.

283 1389 559 1443 Ιιωλεῖται
619 1389 713 1440 καὶ
757 1385 880 1439 λίαν
929 1385 1163 1450 εὐώνως,
1208 1385 1503 1456 τριάκοντα
1560 1384 1669 1456 γὰρ
1713 1387 1882 1456 ἀργυ-

287 1483 453 1554 ρίων·
506 1480 623 1534 ἀλλ’
672 1477 991 1550 ὲξαγοράζει
1030 1479 1235 1548 κόσμον
1288 1477 1424 1547 (42),
1483 1478 1577 1530 καὶ
1639 1477 1882 1548 μεγάλης

281 1572 478 1642 τιμῆς,
537 1569 631 1622 τοῦ
693 1568 821 1622 ίὸίου
875 1567 981 1639 γὰρ
1037 1567 1286 1636 αἵματος.
1336 1565 1422 1628 Ὧς
1481 1565 1751 1636 πρόϐατον
1790 1565 1884 1617 ἐπὶ

287 1664 507 1734 σφαγὴν
535 1663 750 1729 ἄγεται,
800 1659 934 1714 ἀλλά
985 1659 1264 1729 ποιμαίνει
1295 1657 1386 1710 τὸν
1426 1657 1659 1728 Ἰσραὴλ,
1703 1656 1796 1710 νῦν
1826 1656 1883 1709 δὲ

286 1755 382 1809 καὶ
409 1756 591 1807 πᾶσαν
622 1753 721 1824 τὴν
766 1751 1109 1822 οἰκουμένην.
1159 1751 1247 1813 Ὠς
1273 1747 1442 1819 ἀμνὸς
1468 1749 1702 1817 ἄφωνος,
1749 1747 1884 1802 ἀλλὰ

1985 577 2066 622 tos
2099 569 2362 638 increpat,
2393 567 2741 638 Petrumque,
2765 583 2888 622 cum
2920 569 3032 637 jam
3055 571 3556 638 mergeretur,suh-

1992 659 2133 714 levat
2191 660 2260 713 ".
2304 659 2550 730 Vectigal
2614 661 2838 728 pendit,
2878 660 2974 715 sed
3023 673 3086 716 ex
3128 662 3278 732 pisce
3352 663 3420 726 σθ,
3461 661 3557 717 sed

1982 749 2308 818 exigentium
2340 748 2453 804 Rex
2477 758 2579 804 est.
2613 750 2990 807 Samaritanus
3012 761 3237 807 vocatur
3269 760 3327 807 et
3359 752 3561 806 daemo—

1993 843 2180 897 niacus
2206 841 2246 873 ⁸³
2279 860 2291 896 :
2334 851 2388 896 at
2435 843 2622 912 ei,qui
2674 843 2742 897 ab
2780 842 3079 898 Jerusalem
3143 843 3482 899 descendens
3511 842 3558 874 “

1981 929 2036 984 iu
2064 929 2299 986 latrones
2330 931 2616 997 inciderat,
2649 931 2876 986 salutem
2909 931 3084 998 aﬂert,
3107 941 3270 1002 atque
3303 947 3331 987 a
3360 933 3560 987 daemo-

1986 1020 2145 1076 nibus
2198 1023 2513 1090 agnoscitur
2542 1021 2606 1086 ⁸³,
2671 1030 2722 1077 et
2759 1021 3034 1077 daemones
3079 1021 3255 1092 fugat,
3298 1030 3352 1078 et
3400 1022 3561 1093 spiri-

1985 1120 2135 1165 tuum
2153 1112 2397 1183 legiones
2429 1113 2481 1166 in
2509 1128 2660 1168 mare
2691 1114 2998 1190 praecipites
3014 1113 3125 1184 agit
3150 1114 3214 1178 “,
3235 1115 3561 1184 principem-

1985 1218 2090 1272 que
2127 1203 2452 1267 dtemonum,
2481 1205 2634 1273 quasi
2666 1204 3168 1275 fulgur,cadentem
3197 1205 3342 1260 videt
3363 1206 3427 1260 ".
3452 1205 3560 1261 La-

1986 1293 2201 1362 pidibus
2228 1295 2450 1362 petitur,
2478 1295 2569 1348 sed
2602 1309 2708 1348 non
2739 1295 3000 1364 arripitur
3027 1295 3094 1347 “.
3127 1293 3277 1360 Orat,
3306 1295 3400 1350 sed
3425 1295 3564 1350 alios

1987 1397 2210 1439 orantes
2243 1385 2487 1439 exaudit.
2515 1384 2894 1456 Collacrymat,
2935 1387 3026 1440 sed
3079 1385 3348 1457 lacrymas
3371 1387 3558 1454 sedat;

1985 1475 2179 1542 quaerit
2214 1475 2303 1528 ubi
2332 1476 2546 1544 positus
2569 1477 2638 1530 sit
2663 1474 2905 1531 Lazarus
2941 1477 3007 1542 ⁸⁷,
3045 1478 3204 1532 homo
3228 1477 3372 1532 enim
3408 1488 3560 1543 erat;

1987 1567 2079 1619 sed
2097 1565 2361 1620 Lazarum
2393 1581 2422 1620 a
2459 1578 2634 1621 morte
2682 1568 2748 1622 ad
2777 1570 2940 1622 vitam
2992 1569 3214 1637 excitat,
3239 1569 3380 1624 Deus
3417 1569 3563 1624 enim

1987 1666 2125 1711 crat.
2155 1655 2440 1723 Venditur,
2487 1667 2542 1714 et
2602 1659 2819 1728 quidem
2863 1659 2952 1714 vili
2991 1663 3188 1729 pretio,
3240 1675 3434 1731 nempe
3471 1661 3564 1716 tri-

1993 1749 2139 1818 ginta
2172 1750 2446 1818 argenteis
2476 1749 2552 1802 ηε
2589 1751 2683 1804 sed
2709 1749 2928 1805 interim
2959 1751 3216 1806 mundum
3247 1754 3420 1820 pretio
3452 1768 3568 1806 rna-

284 1845 462 1912 Λόγος
509 1844 650 1906 ἐστὶ,
683 1845 836 1914 φωνῇ
867 1842 976 1912 (45)
1012 1841 1240 1910 βοῶντος
1275 1841 1332 1892 ὲν
1363 1841 1430 1910 τῇ
1460 1839 1650 1909 ἐρήμῳ
1681 1855 1887 1906 καταγ-

1993 1842 2183 1908 gno“,
2219 1841 2320 1896 hoc
2364 1850 2447 1896 est
2493 1857 2687 1898 cruore
2726 1859 2850 1911 suo,
2913 1845 3163 1899 redemit.
3227 1843 3296 1900 Ut
3343 1846 3459 1901 ovis
3496 1847 3565 1901 ad

285 1933 1095 2007 γελλόμενος.Μεμαλάκισται,
1113 1933 1208 1986 καὶ
1234 1931 1718 2004 τετραυμάτισται,
1752 1930 1890 1983 ἀλλά

287 2028 589 2100 θεραπεύει
625 2029 808 2082 πᾶσαν
852 2027 1023 2090 νόσον,
1071 2026 1165 2078 καὶ
1214 2026 1395 2079 πᾶσαν
1431 2024 1722 2096 μαλακίαν.
1769 2023 1889 2076 Ἐπὶ

287 2121 349 2176 τὸ
400 2121 559 2186 ξύλον
608 2119 896 2187 ἀνάγεται,
945 2118 1357 2188 προσπήγνυται
1383 2133 1395 2145 ·
1441 2115 1578 2169 ἀλλά
1623 2115 1698 2186 τῷ
1749 2115 1890 2185 ξύλῳ

286 2212 392 2283 τῆς
449 2211 598 2282 ζωῆς
643 2209 1098 2284 ἀποκαθίστησιν,
1147 2208 1282 2262 ἀλλά
1337 2205 1499 2272 σώζει
1544 2208 1640 2260 καὶ
1686 2207 1889 2279 λῃστὴν

289 2299 790 2371 συσταυρούμενον,
853 2297 987 2351 ἀλλὰ
1031 2297 1268 2362 σκοτίςει
1321 2298 1429 2350 πᾶν
1462 2296 1522 2349 τὸ
1570 2295 1849 2368 ὁρώμενον
1874 2312 1886 2324 ·

289 2394 414 2461 ὅξος
441 2393 744 2457 ποτίζεται,
779 2390 940 2461 χολὴν
973 2390 1375 2462 βρωματίζεται
1397 2405 1411 2420 ⁸
1447 2390 1530 2452 τίς
1557 2405 1570 2454 ;
1597 2391 1624 2442 ὁ
1657 2389 1718 2441 τὸ
1745 2387 1890 2457 ὕδωρ

289 2492 373 2554 εἰς
415 2483 558 2542 οἶνον
598 2484 937 2558 μεταϐαλὼν,
981 2485 1009 2536 ὁ
1031 2485 1128 2554 τῆς
1153 2484 1356 2553 πικρᾶς
1379 2482 1619 2551 γεύσεως
1658 2481 1890 2536 καταλυ-

287 2583 412 2653 τὴς,
445 2582 475 2634 ὁ
512 2579 852 2648 γλυκασμὸς,
911 2576 1006 2630 καὶ
1042 2576 1162 2639 ὅλος
1205 2575 1491 2644 ἐπιθυμία.
1547 2572 1889 2644 Παραδίδωσι

288 2675 392 2746 τὴν
437 2672 640 2744 ψυχὴν,
672 2670 790 2724 ἀλλ’
839 2669 1086 2736 ἐξουσίαν
1123 2667 1236 2738 ἔχει
1278 2668 1440 2722 πάλιν
1471 2666 1656 2719 λαϐεῖν
1691 2666 1882 2737 αὐτὴν,

289 2765 431 2820 ἀλλά
467 2761 874 2832 καταπέτασμα
908 2761 1171 2832 ῥήγνυται
1209 2758 1296 2828 (τὰ
1330 2757 1438 2829 γὰρ
1479 2757 1593 2811 ἀνω
1624 2756 1888 2828 παραδεί-

291 2857 534 2927 κνυται),
593 2853 730 2910 ἀλλά
765 2854 962 2921 πέτραι
1000 2849 1296 2922 σχίζονται,
1346 2849 1483 2904 ἀλλά
1528 2851 1712 2921 νεκροὶ
1749 2849 1890 2918 ἐγεί-

292 2965 485 3023 ρονται
529 2947 663 3018 (44).
723 2943 1103 3014 Ἀποθνήσκει,
1165 2942 1421 3007 ζωοποιεῖ
1463 2941 1542 3006 δὲ,
1581 2941 1678 2994 καὶ
1717 2957 1889 2994 κατα-

292 3041 414 3094 λύει
451 3039 532 3111 τῷ
581 3037 801 3107 θανάτῳ
833 3035 923 3088 τὸν
971 3034 1218 3088 θάνατον.
1274 3033 1547 3087 Θάπτεται
1574 3073 1588 3098 ,
1635 3034 1750 3087 ἀλλ’
1797 3035 1890 3087 ἀν-

1992 1931 2323 1986 occisioncm
2351 1933 2566 1987 ducitur
2589 1935 2635 1965 7°
2662 1951 2676 1987 :
2712 1950 2898 1990 verum
2931 1935 3186 1991 lsraelem
3212 1938 3404 2008 pascit,
3426 1952 3567 1992 nunc

1992 2031 2170 2077 autem
2198 2023 2510 2078 universum
2531 2040 2745 2096 quoque
2775 2036 3042 2081 terrarum
3070 2029 3278 2086 orbem.
3309 2027 3376 2083 Ut
3395 2044 3567 2099 agnus

1993 2124 2175 2169 mutus
2209 2125 2292 2170 est
2319 2117 2386 2180 7‘,
2424 2119 2518 2172 sed
2546 2118 2683 2172 idem
2716 2117 2950 2174 Verbum
2977 2127 3080 2182 est,
3102 2121 3242 2175 illius
3271 2121 3323 2174 in
3354 2121 3569 2176 deserto

1993 2203 2276 2260 clamantis
2316 2221 2447 2262 voce
2471 2208 2516 2238 τ’
2574 2211 2971 2264 annuntiatum.
3027 2209 3308 2281 Languere
3343 2209 3567 2268 atiectus
3671 2195 3678 2204 ’

1992 2311 2054 2351 ac
2077 2297 2392 2354 vulneratus
2422 2308 2505 2354 est
2534 2300 2600 2366 ⁷³,
2637 2315 2825 2355 verum
2860 2302 3106 2357 morbum
3138 2318 3353 2359 omnem
3377 2305 3570 2360 ettan-

1992 2405 2216 2461 guorem
2250 2392 2400 2461 pellit
2430 2393 2492 2447 ⁷⁸.
2527 2391 2582 2446 in
2615 2392 2821 2462 lignum
2869 2394 3096 2463 tollitur,
3146 2396 3363 2466 illicque
3395 2394 3566 2468 aﬂigi-

1994 2494 2101 2550 tur,
2139 2485 2232 2539 sed
2254 2500 2353 2540 nos
2371 2487 2492 2540 vitae
2517 2486 2662 2557 ligno
2693 2487 2958 2553 restituit,
2987 2489 3081 2542 sed
3111 2487 3372 2542 latronem
3404 2488 3567 2542 etiam

1993 2573 2152 2628 simul
2179 2575 2502 2644 pendentem
2532 2577 2706 2630 salute
2731 2575 2912 2642 allicit,
2969 2577 3064 2632 sed
3124 2577 3173 2632 id
3215 2592 3397 2646 omne,
3425 2578 3570 2647 quod

1993 2667 2257 2732 cernitur,
2289 2667 2631 2722 obtenebrat.
2676 2667 2845 2724 Aceto
2877 2679 3112 2737 potatur,
3147 2684 3210 2724 ac
3239 2667 3366 2724 felle
3390 2669 3568 2738 pasci-

1997 2765 2082 2810 tur
2107 2757 2152 2788 ⁷⁵
2185 2777 2197 2811 :
2231 2758 2324 2813 sed
2353 2758 2510 2828 quis?
2545 2759 2591 2814 ls
2640 2775 2856 2830 nempe,
2893 2762 2984 2830 qui
3043 2777 3239 2832 aquam
3296 2762 3353 2816 in
3384 2763 3570 2820 viuum

1992 2849 2351 2904 commutavit
2379 2850 2448 2915 ⁷⁸,
2483 2859 2648 2920 atque
2702 2853 3098 2906 amarulentnm
3146 2853 3296 2907 illum
3355 2864 3575 2923 gustum

1993 2939 2234 3004 sustulit,
2269 2941 2520 3010 ipsamet,
2549 2943 2768 3012 inquam
2792 2983 2808 3009 ,
2855 2943 3104 3008 dulcedo,
3139 2951 3391 3013 totusque
3429 2945 3572 3002 desi-

1994 3030 2202 3085 derium
2231 3031 2298 3084 ".
2331 3033 2581 3087 Animam
2637 3033 2801 3088 tradit
2837 3051 2851 3087 :
2907 3037 3000 3089 sed
3052 3035 3167 3103 ejus
3219 3049 3408 3091 rursus
3437 3039 3576 3091 acci-

294 3134 540 3188 εσταται.
595 3130 692 3192 Εἰς
720 3128 850 3200 ᾅδου
885 3127 1152 3189 κάτεισιν,
1177 3124 1291 3179 ἀλλ’
1326 3125 1516 3190 ἀνάγει
1541 3125 1738 3197 ψυχὰς,
1773 3126 1887 3208 ἀλλ]

1993 3123 2201 3192 piendte
2224 3132 2548 3193 potestatem
2586 3125 2748 3181 habet
2781 3125 2868 3193 7';
2916 3126 3010 3181 sed
3081 3127 3256 3182 velum
3304 3128 3575 3197 rumpitur

292 3223 380 3286 εἰς
425 3219 690 3291 οὐρανοὺς
739 3218 966 3281 ἄνεισιν,
1009 3215 1123 3270 ἀλλ’
1147 3215 1266 3286 ἥξει
1321 3218 1502 3286 κρῖναι
1536 3215 1744 3281 ζῶντας
1795 3218 1887 3271 καὶ

1997 3214 2215 3286 (supera
2246 3215 2390 3270 enim
2416 3217 2734 3288 pateﬁunt);
2781 3219 2873 3274 sed
2915 3229 3081 3288 petrae
3109 3221 3459 3287 scinduntur;
3479 3221 3573 3276 sed

291 3313 551 3382 νεκροὺς,
585 3311 678 3364 καὶ
716 3311 844 3373 τοὺς
891 3307 1164 3370 τοιούτους
1219 3306 1508 3377 βασανίσαι
1559 3307 1769 3376 λόγους.
1824 3311 1888 3362 Et

290 3404 474 3458 ταῦτα
507 3402 726 3472 ἐμποιεῖ
764 3417 845 3453 σοι
885 3400 984 3470 τῆς
1017 3398 1225 3468 πλάνης
1248 3396 1654 3468 τὴνὰφορμὴν,
1705 3399 1889 3451 ἐκεῖνά
1945 3403 1948 3406 ’

296 3512 398 3549 σου
425 3492 603 3546 λυέτω
641 3489 754 3562 (15)
782 3489 882 3561 τὴν
908 3488 1134 3558 πλάνην.

1997 3308 2195 3361 mortui
2229 3319 2521 3380 resurgunt
2552 3310 2620 3364 ".
2651 3308 2901 3375 Moritur,
2921 3309 3014 3366 sed
3043 3311 3211 3364 vitam
3243 3311 3572 3380 impertitur,

1997 3412 2058 3453 ac
2089 3406 2264 3455 morte
2293 3415 2388 3454 sua
2405 3409 2630 3455 mortem
2665 3402 2980 3472 exstinguit.
3005 3402 3294 3472 Sepultura
3321 3402 3570 3468 atlicitur,

1999 3489 2095 3544 sed
2123 3492 2379 3561 resurgit.
2407 3491 2464 3547 In
2490 3493 2758 3550 internum
2783 3494 3079 3562 descendit,
3097 3495 3192 3549 sed
3219 3494 3429 3550 animas
3448 3509 3574 3550 sur-

295 3602 421 3642 sum
455 3585 627 3651 ducit,
682 3594 847 3654 atque
906 3585 956 3638 in
1031 3583 1202 3638 omlos
1275 3580 1544 3645 ascendit,
1605 3589 1972 3652 venturusque
2009 3591 2092 3638 est
2127 3587 2194 3640 ad
2223 3584 2548 3654 iudicandos
2582 3590 2735 3645 vivos
2781 3599 2836 3645 et
2885 3600 3150 3658 mortuos,
3179 3599 3232 3645 et
3261 3590 3572 3660 expenden-

298 3681 403 3731 dos
443 3673 755 3746 hujusmodi
831 3688 1132 3728 sermones.
1172 3671 1325 3737 Quod
1391 3671 1435 3725 si
1491 3671 1582 3725 illa
1635 3671 1728 3726 tibi
1758 3673 1964 3728 erroris
2001 3672 2167 3746 539
2201 3692 2389 3734 ansam
2443 3679 2698 3748 afferunt,
2756 3683 2870 3738 haec
2923 3697 3164 3740 errorem
3207 3691 3360 3737 tuum
3391 3683 3570 3738 discu-

299 3771 460 3825 tiant.

366 3859 503 3916 KA'.
551 3858 736 3912 Ταῦτα
770 3860 880 3923 τοῖς
927 3857 1363 3927 αἰνιγματισταῖς
1399 3853 1509 3926 (46)
1548 3853 1676 3926 παρ’
1713 3855 1890 3927 ἡμῶν,

293 3954 401 4023 οὐχ
427 3951 661 4005 ἑκόντων
690 3949 790 4020 μὲν
828 3950 908 4018 (οὐ
943 3947 1053 4018 γὰρ
1090 3945 1189 4016 ἡδὺ
1211 3947 1322 4008 τοῖς
1365 3945 1576 4006 πιστοῖς
1608 3943 1896 4014 ἀδολεσχία

295 4046 398 4099 καὶ
425 4043 606 4111 λόγων
641 4040 933 4105 ἀντίθεσις,
965 4038 1127 4109 ἀρκεῖ
1144 4037 1252 4107 γὰρ
1286 4036 1380 4089 καὶ
1403 4030 1484 4098 εἷς
1516 4035 1894 4104 ἀντικείμενος

298 4139 440 4207 (4⁸7),
471 4135 613 4206 πλὴν
670 4133 983 4202 ἀναγκαίως
1031 4129 1117 4182 διὰ
1168 4130 1294 4191 τοὺς
1342 4127 1736 4198 ἐμπίπτοντας,
1772 4127 1894 4180 ἐπεὶ

296 4231 398 4284 καὶ
429 4227 520 4283 διὰ
545 4227 647 4290 τὰς
675 4226 863 4287 νόσους
891 4222 960 4276 τὰ
987 4224 1274 4294 φάρμακα,
1308 4219 1372 4272 ἵν’
1397 4218 1577 4272 είδῶσι
1611 4217 1684 4288 μὴ
1715 4217 1892 4271 πάντα

298 4320 455 4382 ὄντες
481 4317 660 4385 σοφοὶ,
688 4315 823 4386 μηδὲ
853 4314 1111 4383 ἀήττητοι
1132 4311 1201 4364 τὰ
1229 4311 1474 4382 περιττὰ,
1503 4309 1598 4362 καὶ
1631 4307 1892 4362 κενοῦντα

2071 3854 2210 3911 XXI.
2253 3857 2430 3928 Atque
2459 3856 2572 3914 haec
2599 3860 2666 3913 ad
2694 3859 3039 3930 aenigmatum
3075 3860 3346 3916 studiosos
3365 3875 3394 3914 a
3421 3861 3576 3918 nobis

1997 3947 2142 4002 dicta
2171 3948 2304 4017 sint,
2344 3964 2447 4004 non
2506 3951 2757 4007 lubenter
2803 3953 3018 4022 quidem
3068 3952 3192 4024 (nec
3273 3954 3416 4009 enim
3471 3953 3577 4021 piis

1997 4039 2581 4109 hominibusjucunda
2637 4055 2721 4100 est
2772 4045 2952 4116 inepta
3004 4045 3326 4116 loquacitas,
3378 4047 3574 4102 verbo-

2001 4142 2231 4198 rumque
2265 4133 2578 4199 contentio;
2635 4136 2768 4191 satis
2825 4136 2970 4190 enim
3002 4149 3272 4206 superque
3320 4146 3403 4192 est
3433 4150 3574 4190 unus

1999 4218 2401 4294 adversarius);
2438 4235 2692 4281 caeterum
2727 4228 3054 4291 necessario,
3079 4236 3301 4298 propter
3329 4241 3442 4291 eos,
3479 4226 3574 4296 qui

2000 4309 2053 4363 in
2087 4309 2205 4366 haec
2231 4312 2471 4369 incidunt
2517 4314 2971 4388 (quandoquidem
3003 4317 3072 4372 ob
3107 4317 3326 4372 morbos
3359 4330 3577 4385 quoque

299 4411 366 4464 τὸ
392 4409 747 4478 Εὐαγγέλιον.
783 4407 951 4460 Ὅταν
975 4403 1086 4476 γὰρ
1116 4403 1175 4456 τὸ
1202 4402 1296 4456 τοῦ
1327 4401 1486 4469 λόγου
1514 4400 1737 4455 δυνατὸν
1765 4417 1887 4470 προ-

2003 4404 2396 4487 medicamenta
2428 4412 2874 4479 comparantur),
2931 4421 2989 4464 ut
3035 4410 3338 4477 intelligant
3375 4422 3436 4464 se
3468 4421 3576 4463 non

343 4577 392 4610 ⁵⁸
443 4575 637 4628 Matth.
693 4589 812 4632 vm.
838 4572 929 4627 24.
1003 4571 1049 4602 ⁸⁸
1076 4570 1265 4624 Matth.
1303 4565 1502 4632 m,25
1542 4581 1664 4635 sqq.

305 4649 354 4680 ⁸³
392 4646 559 4701 Marc.
585 4660 626 4707 l,
659 4643 765 4707 25;
787 4643 913 4695 Luc.
939 4657 1011 4701 tv,
1032 4641 1120 4694 ⁵54.
1201 4639 1248 4671 “
1274 4637 1438 4691 Marc.
1479 4652 1530 4699 ν,
1565 4636 1596 4688 7
1622 4651 1742 4705 sqq.

1736 4566 1781 4598 °°
1823 4567 2010 4621 Matth.
2051 4565 2286 4637 “11.25
2317 4581 2438 4637 sqq,

2520 4568 2560 4599 ⁶¹
2586 4566 2743 4624 Joan.
2783 4581 2901 4635 vni,
2928 4566 3018 4629 48.
3099 4567 3141 4598 ⁶¹
3173 4565 3302 4621 Luc.
3327 4581 3382 4629 x,
3403 4565 3573 4635 Ssqq.

1816 4637 1860 4706 ’Ψ
1895 4637 2025 4690 Luc.
2054 4653 2111 4701 κ,
2153 4636 2240 4691 18.
2320 4635 2376 4670 δ”
2403 4636 2562 4692 Joan.
2599 4653 2718 4701 νιιῐ,
2772 4637 2861 4694 59.
2939 4638 2982 4668 θ’
3011 4636 3166 4692 Joan.
3225 4652 3303 4700 tu,
3338 4635 3410 4690 21
3451 4651 3573 4706 sqq.

305 4718 354 4749 ⁸⁸
401 4705 791 4776 Μοιιιιζχκιι,
831 4713 920 4766 15.
987 4711 1031 4743 ⁶⁹
1069 4709 1232 4764 lPet.
1269 4707 1626 4771 I,19;lCor.
1667 4723 1744 4769 v1,
1777 4705 1868 4760 ‘20.

2027 4707 2127 4762 lsa.
2159 4707 2352 4770 Llll,7.
2424 4709 2469 4739 “
2499 4707 2642 4763 Psal.
2682 4723 2886 4765 Lxxvu.
2928 4708 3018 4763 7|.
3093 4709 3138 4739 "’
3174 4706 3334 4762 Joan.
3399 4707 3452 4766 1.
3482 4705 3572 4758 25.

305 4789 354 4819 "
388 4785 489 4840 lsa.
539 4800 655 4846 LIII,
679 4785 732 4847 4,
756 4784 808 4837 5.
884 4779 1134 4834 "Matth.
1162 4779 1346 4844 tx,35.
1407 4779 1452 4809 ⁷⁵
1489 4776 1810 4850 Lucixmt,
1841 4777 1910 4831 55
1942 4791 2064 4848 sqq.
2095 4793 2110 4844 ;
2153 4777 2340 4833 Matth.
2363 4793 2538 4846 xxvu,
2570 4779 2639 4833 54
2665 4794 2781 4850 sqq.

304 4873 364 4927 τ,
385 4857 467 4911 16.
551 4855 598 4887 ⁷⁸
636 4846 793 4909 Joan.
827 4867 885 4918 ι,
926 4851 1012 4907 18.
1090 4851 1134 4883 τ’
1165 4849 1351 4903 Matth.
1374 4863 1549 4911 xxvu,
1584 4846 1646 4901 5|
1675 4862 1794 4916 sqq.

384 5014 496 5082 (uti)
528 5009 860 5078 Λετεῶγας.
885 5007 1020 5062 Tres
1045 5004 1238 5076 chg.,
1270 5003 1596 5072 totidemque
1610 5003 1786 5068 Colb.,
1807 5003 1895 5054 λε-

348 5101 508 5136 εωνα.

526 5147 945 5224 “crypta-Duo
971 5149 1163 5224 “"35"
1187 5145 1277 5224 ῗδν
1307 5148 1530 5224 κόσμ⁰ν’

385 5217 495 5291 (45)
536 5217 732 5285 Φωνῇ.
764 5219 855 5272 Sic
885 5217 1131 5291 coddfln
1159 5218 1270 5291 ed.,
1300 5217 1473 5290 φωνή,
1515 5237 1532 5270 ι
1565 5229 1689 5291 Ῑοκ.
1731 5233 1746 5291 ξ

387 5284 498 5361 (44)
546 5284 927 5360 Ἐγείρονται.
971 5284 1321 5361 ,εἰθῄοριίιιιαέ
1371 5284 1509 5361 noize
1564 5287 1694 5352 Reg.
1730 5284 1893 5354 Cypr.

317 5357 668 5431 lia'nc'hujus
696 5357 921 5431 codicis
969 5359 1254 5431 lectionem
1306 5357 1658 5431 prattulimus,
1702 5368 1889 5431 quatu-

316 5436 396 5487 τῖε
432 5423 596 5495 editi:
639 5444 704 5484 ac
759 5429 1001 5498 plerique
1050 5429 1265 5483 codices
1306 5423 1589 5490 'habeant,
1638 5423 1888 5498 προεγεί-

319 5519 520 5574 ρονται,
549 5493 676 5570 quia
711 5493 1171 5574 sacr9_textui,_ut
1201 5498 1384 5574 videre
1421 5507 1505 5574 est
1535 5495 1670 5574 apud
1688 5493 1887 5574 Matth.

317 5563 480 5636 it,-5,
508 5563 602 5624 aut
631 5585 804 5632 xxvn,
832 5569 922 5634 55,
959 5563 1215 5625 concinit.
1253 5568 1442 5624 Billius
1465 5563 1612 5636 legit,
1638 5563 1889 5635 προεγεί-

321 5658 522 5713 pou-tat,
556 5655 623 5713 ac
653 5640 882 5713 reddidit
909 5659 926 5713 _:
962 5660 980 5692 ‹
1027 5640 1172 5707 prius
1203 5640 1462 5713 adp/itam
1501 5643 1880 5713 revocantur”

2867 4778 2913 4811 ⁷⁸
2932 4776 3172 4844 Joan.tl,
3202 4780 3255 4832 7.
3335 4779 3377 4809 ⁷⁷
3415 4776 3572 4832 Cant.

2003 5003 2136 5059 Nam
2163 5004 2318 5076 juxta
2361 5005 2548 5075 Apost.
2608 5005 2674 5058 ad
2711 5004 3021 5076 Coloss.__t_,
3055 5003 3143 5068 18,
3184 5003 3434 5076 Christus
3496 5008 3581 5054 est

2009 5093 2029 5126 ι
2071 5071 2460 5145 primogenitus
2489 5091 2553 5131 ex
2590 5076 2837 5130 mortuis.
2881 5092 2900 5126 ι
2931 5071 3008 5126 illi
3047 5087 3176 5142 ergo
3207 5072 3416 5127 dicendi
3452 5080 3580 5126 sunt

2004 5148 2237 5201 revocati
2271 5147 2336 5201 ad
2359 5148 2524 5200 vitam
2561 5162 2578 5196 ι
2607 5155 2736 5200 ante
2757 5157 3095 5198 communem
3127 5150 3461 5198 mortuorum
3494 5156 3580 5195 re-

2004 5217 2394 5292 surrectionem
2415 5233 2486 5281 ς.»
2523 5218 2615 5292 sed
2649 5224 2901 5292 non_ante
2929 5213 3227 5292 Christum,
3253 5213 3342 5280 qui
3373 5212 3578 5292 primus

2004 5300 2070 5340 ex
2126 5287 2348 5342 mortuis
2389 5284 2649 5348 surrexit,
2683 5293 2736 5339 et
2761 5285 2894 5339 istos
2935 5283 3212 5344 excitavit,
3252 5291 3308 5336 ut
3341 5283 3442 5336 sibi
3479 5295 3575 5334 co-

2006 5355 2163 5409 mites
2187 5366 2370 5410 essent
2399 5355 2722 5422 resurgenti.

2089 5425 2178 5492 45)
2213 5424 2434 5480 Λιυέτω.
2475 5421 2603 5492 Reg.
2637 5426 2747 5491 bm,
2776 5423 2912 5486 λύει,
2951 5441 2970 5474 ‹
3029 5421 3347 5492 dissolvunt.
3382 5439 3401 5472 ι

2091 5427 2158 5478 45
2213 5427 2434 5480 Λιυέτω.
2475 5427 2603 5492 Reg.
2637 5427 2747 5491 bm,
2776 5427 2912 5486 λύει,
2951 5441 2970 5474 ι
3029 5427 3347 5477 dissolvunt.
3382 5439 3401 5472 ι

2091 5427 2179 5566 mi
2233 5494 2735 5565 Αὶνιῃαατισταῖς.
2786 5495 2969 5550 Schol.
3012 5510 3026 5546 :
3075 5491 3255 5561 Ὑμῖν·
3321 5510 3340 5543 ι
3378 5491 3453 5546 Ad
3483 5504 3577 5546 vos

1993 5567 2336 5636 aenigmatum
2367 5567 2655 5621 studiosos.
2695 5584 2713 5617 ι

2065 5628 2205 5706 (In
2230 5631 2334 5701 Εἷς
2396 5636 2824 5706 ἀντικείμενρς.
2860 5631 3042 5706 Schol.
3081 5649 3095 5685 :
3123 5628 3574 5706 *Λόγος-δηλον-

319 5700 408 5767 sed
432 5713 482 5765 in
508 5700 662 5764 notis
677 5710 790 5764 ait:
822 5726 841 5760 ι
870 5709 922 5764 id
954 5700 1058 5770 esi.
1089 5719 1212 5763 ante
1234 5700 1506 5764 Christum
1528 5707 1882 5772 rcsuiguutp
1993 5700 2095 5759 ότι·
2138 5700 2168 5760 ι’
2184 5700 2374 5762 Sermo
2407 5700 2637 5763 scilicet.
2670 5722 2687 5757 ι
2730 5705 2851 5760 Bill.
2916 5705 2968 5758 in
3025 5701 3167 5758 notis
3209 5700 3292 5757 εἰ
3338 5700 3525 5756 Satatt.
3547 5713 3570 5753 ι

319 5783 455 5843 quod
482 5780 706 5837 quidem
737 5789 956 5835 sanctus
1019 5778 1254 5834 Thomas
1287 5788 1342 5834 et
1386 5775 1609 5848 theologi
1669 5782 1886 5845 negant.
