4038 6338
500 345 607 402 105

1684 337 1741 393 S.
1784 332 2116 400 GREGQRII
2152 333 2503 393 THEOLOGI

3638 328 3744 417 ιοι

496 469 883 526 usquequaque
917 453 1188 522 sapientes
1215 459 1271 505 et
1300 456 1487 504 acutos
1517 463 1663 513 esse,
1686 464 1785 504 nec
1808 449 1861 503 in
1880 464 2060 519 super-

2185 448 2509 519 ἰαλλώμεοα,
2553 448 2610 501 τὺ
2644 446 2919 500 πιστεύειν
2954 446 3205 515 ἀφέντες,
3233 445 3326 498 κα).
3362 445 3420 497 τὸ
3448 442 3541 496 τοῦ
3574 442 3745 497 Πνεῦ-

498 548 753 603 vacaneis
799 544 1252 616 disputationibus
1313 551 1477 611 alque
1540 540 1889 611 Evangelium
1944 555 2069 594 eva-

500 640 792 694 cuantibus
850 636 1050 690 invicto
1093 635 1323 703 quodam
1379 632 1572 686 robore
1599 638 1874 700 praestare.
1933 628 2065 684 Cum

501 728 863 793 enim,relicta
882 726 1015 791 .lide,
1045 723 1149 776 vim
1177 721 1593 789 facultatemque
1625 718 2070 787 disserendiprzeo

504 822 814 880 tendimus,
873 816 1215 884 Spit-ilusque
1276 823 1484 868 certam
1544 810 1919 865 auctoritatem
1976 822 2070 877 per

501 910 826 980 quaestiones
862 907 1126 968 dolemus,
1181 920 1245 958 ac
1281 911 1467 974 postea
1526 901 1707 955 oratio
1740 914 1917 954 rerum
1954 914 2070 952 ma-

502 1000 767 1074 gnitudini
830 999 973 1053 cedit
1024 999 1201 1070 (cedet
1251 1007 1428 1051 autem
1482 994 1727 1057 omnino,
1784 1001 1967 1062 utpote
2003 993 2071 1046 ab

501 1089 687 1144 intimo
714 1101 939 1159 organo,
996 1087 1047 1142 id
1077 1097 1159 1142 est
1208 1086 1391 1139 animo
1427 1075 1641 1149 nostro,~
1673 1082 2069 1154 proﬁciscens),

500 1181 631 1250 quid
665 1178 892 1233 ellicitur
914 1178 937 1230 ?
959 1175 1233 1233 Orationis
1266 1176 1521 1229 nimirum
1576 1171 1921 1227 imbecillitas
1944 1173 2071 1226 reli-

500 1271 647 1342 gioni
678 1281 875 1328 nostra:
904 1269 1231 1333 ascribitur;
1264 1274 1427 1334 atque
1466 1266 1537 1318 ita
1566 1266 1835 1319 sermonis
1875 1274 2070 1319 ornatu

503 1373 559 1417 et
579 1362 844 1431 elegantia
876 1360 1052 1415 crucis
1098 1358 1382 1414 evacuatio
1432 1353 1738 1410 declaratur
1780 1353 1848 1418 ⁸ο,
1886 1368 2075 1422 quem-

507 1456 798 1509 admodum
832 1454 931 1524 ipsi
961 1466 1173 1521 quoque
1214 1449 1378 1504 Paulo
1410 1449 1640 1503 videtur.
1679 1446 1840 1500 Fides
1859 1445 2070 1515 quippe,

514 1547 778 1603 doctrina:
806 1555 1005 1600 nostrae
1035 1542 1487 1613 complementum
1537 1548 1636 1595 est.
1667 1537 1766 1603 Qui
1800 1547 1978 1591 autem
2015 1536 2076 1590 li-

507 1648 631 1711 gata
674 1636 915 1707 exponit,
942 1646 996 1690 et
1027 1650 1196 1688 nexus
1225 1632 1489 1696 dissolvit,
1546 1645 1609 1684 ac
1639 1629 1793 1683 nobis
1823 1628 1875 1681 in
1927 1643 2076 1681 men-

509 1739 615 1784 tem
648 1729 880 1793 induxit,
916 1735 975 1780 ut
1002 1727 1355 1781 violentorum
1390 1725 1698 1792 dogmatum
1730 1720 2075 1790 obliquitates

2172 556 2341 610 ματος
2367 538 2676 604 ἀξιόπιστον
2703 541 2821 601 ταῖς
2853 536 3110 607 ζητήσεσι
3142 535 3412 604 λύσωμεν,
3443 528 3559 586 εἶτα
3578 534 3747 603 ἡττη-

2168 629 2236 700 θῇ
2258 630 2351 681 τοῦ
2383 628 2646 699 μεγέθους
2674 628 2778 681 τῶν
2812 628 3150 699 πραγμάτων
3185 628 3213 678 ὁ
3237 625 3393 692 λόγος
3427 622 3749 693 (ἡττηθήσε-

2166 739 2255 774 ται
2276 722 2331 774 δὲ
2360 722 2596 786 πάντως,
2626 723 2734 776 ἀπὸ
2768 719 3024 782 ἀσθενοῦς
3078 718 3308 790 ὀργάνου
3348 718 3447 787 τῆς
3476 716 3752 786 ἡμετέρας

2167 812 2404 876 διανοίας
2430 812 2793 884 ὁρμώμενος),
2816 812 2869 864 τί
2904 811 3113 880 γίνεται
3138 827 3152 875 ;
3189 809 3260 861 Τὸ
3290 808 3512 871 ἀσθενὲς
3534 806 3627 859 τοῦ
3658 807 3752 858 λό-

2170 919 2289 972 γου,
2326 903 2419 956 τοῦ
2463 904 2762 975 μυστηρίου
2793 904 3072 972 φαίνεται·
3110 903 3205 956 κα).
3235 902 3378 955 οὕτω
3402 901 3631 963 κένωσις
3652 898 3753 952 τοῦ

2171 992 2423 1064 σταυροῦ,
2458 993 2518 1046 τὸ
2547 993 2641 1046 τοῦ
2666 992 2825 1063 λόγου
2859 994 3066 1064 κομψὸν
3109 992 3506 1055 ἀναδείκνυται,
3550 991 3624 1051 ὡς
3656 989 3755 1043 καὶ

2170 1084 2367 1155 Παύλῳ
2397 1084 2560 1138 δοκεῖ.
2617 1086 2681 1137 Ἦ
2732 1086 2841 1156 γὰρ
2872 1070 3072 1149 πίστις,
3128 1085 3222 1136 τοῦ
3268 1083 3388 1136 καθ’
3418 1083 3563 1152 ἡμᾶς
3590 1081 3754 1148 λόγου

2171 1173 2469 1245 πλήρωσις.
2516 1176 2573 1228 '0
2627 1176 2684 1229 δὲ
2714 1177 3059 1245 ἀναγγέλλων
3110 1174 3220 1244 (48)
3257 1173 3603 1244 συνδέσμους,
3658 1171 3758 1225 καὶ

2170 1264 2311 1318 λύων
2368 1265 2729 1338 κρατούμενα,
2768 1270 2796 1321 ὁ
2854 1268 2949 1321 καὶ
2986 1270 3117 1337 ἡμῖν
3175 1265 3269 1319 ἐπὶ
3319 1265 3442 1318 νοῦν
3506 1262 3753 1332 ἀγαγὼν,

2171 1358 2417 1413 διαλῦσαι
2480 1361 2851 1431 στραγγαλιάς
2905 1361 3094 1431 βιαίων
3128 1359 3235 1429 (49)
3292 1358 3574 1429 δογμάτων
3615 1357 3752 1427 (50),

2176 1450 2410 1520 μάλιστα
2444 1451 2541 1521 μὲν
2582 1453 2674 1504 καὶ
2719 1452 2941 1515 τούτους
2976 1450 3294 1523 μεταϐαλὼν
3326 1452 3599 1521 ποιήσειεν
3630 1449 3749 1516 (51)

2174 1542 2397 1605 πιστοὺς
2435 1544 2555 1597 ἀντὶ
2597 1545 2948 1615 τεχνολόγων,
2994 1546 3089 1598 καὶ
3132 1544 3489 1615 Χριστιανοὺς
3514 1544 3629 1596 ἀνθ’
3678 1535 3757 1597 ὧν

2174 1633 2287 1702 (52)
2323 1634 2415 1688 νῦν
2446 1634 2818 1706 ὀνομάζονται.
2866 1637 3037 1689 Τοῦτο
3082 1635 3147 1705 δὴ
3176 1636 3269 1688 καὶ
3302 1635 3755 1707 παρακαλοῦμεν,

2174 1722 2422 1793 δεόμεθα,
2452 1725 2591 1796 ὑπὲρ
2625 1725 2894 1797 Χριστοῦ·
2941 1726 3336 1796 Καταλλάγητε
3381 1724 3457 1795 τῷ
3489 1724 3627 1793 Θεῷ,
3661 1725 3759 1777 καὶ

509 1819 859 1883 solveremus,
895 1818 1128 1872 maxime
1154 1816 1372 1886 quidem
1393 1814 1648 1885 optarim,
1675 1822 1733 1867 ut
1755 1813 1851 1866 hos
1881 1813 2075 1865 immu-

2185 1814 2235 1867 τὸ
2268 1815 2494 1887 Πνεῦμα
2557 1817 2632 1888 μὴ
2667 1818 2954 1871 σϐέννυτεο
3014 1817 3213 1889 μᾶλλον
3267 1816 3347 1880 δὲ,
3393 1814 3757 1886 καταλλαγείη

509 1922 607 1975 tet,
645 1927 707 1966 ac
737 1925 835 1978 pro
864 1910 1266 1979 argutatorihus
1297 1906 1436 1975 pios,
1469 1916 1524 1960 et
1562 1919 1659 1973 pro
1688 1904 1775 1966 iis,
1818 1902 1907 1971 qui
1934 1914 2076 1954 nunc

508 2002 869 2072 appellantur,
897 2000 1237 2055 Christianos
1269 1996 1484 2052 eiliciat.
1526 1995 1638 2049 lloc
1686 2002 1887 2055 autem,
1922 2006 2070 2062 roga-

510 2108 648 2157 mus,
699 2106 761 2147 ac
820 2106 917 2161 pro
968 2090 1181 2144 Christo
1216 2090 1563 2145 obsecramus
1591 2102 1604 2139 :
1632 2080 2075 2138 Reconciliamini

508 2183 620 2237 Deo
650 2185 717 2248 ⁸⁸,
758 2199 820 2238 ac
869 2183 1129 2253 Spiritum
1186 2181 1353 2235 nolite
1394 2176 1739 2243 exstinguere
1762 2174 1843 2228 ⁸²;
1871 2171 1952 2225 vel
1984 2186 2077 2240 po-

510 2276 636 2338 tius,
664 2274 939 2329 vobiscum
980 2273 1229 2328 Christus
1264 2272 1315 2324 in
1348 2268 1577 2338 gratiam
1624 2266 1830 2329 redeat,
1876 2271 1928 2318 et
1954 2262 2076 2332 Spi-

516 2365 654 2419 ritus
703 2364 989 2434 aliquando
1043 2362 1259 2416 tandem
1298 2361 1449 2415 vobis
1499 2359 1797 2414 illucescat.
1847 2355 1996 2422 Quod
2031 2354 2076 2409 si

512 2453 675 2505 nimia
718 2453 1073 2507 contendendi
1132 2452 1357 2506 libidine
1384 2449 1644 2521 ﬂagratis,
1694 2458 1748 2502 at
1802 2462 1900 2501 nos
1932 2454 2079 2501 certe

2181 1905 2415 1975 Χριστὸς
2449 1908 2597 1977 ὑμῖν,
2626 1910 2717 1961 κα).
2736 1909 2796 1962 τὸ
2826 1906 3050 1978 Πνεῦμα
3074 1907 3171 1977 ὀψὲ
3202 1906 3332 1976 γοῦν
3361 1905 3757 1975 ἀναλὰμψειεν.

2181 1995 2243 2047 Εἰ
2267 1994 2322 2047 δὲ
2355 1995 2471 2049 λίαν
2510 1996 2680 2067 ἔχοιτε
2702 1998 2810 2069 (55)
2842 1992 3179 2066 φιλονείκως,
3226 1997 3340 2051 ἀλλ’
3368 2000 3526 2068 ἡμεῖς
3552 2014 3615 2065 γε
3649 1995 3761 2049 σώ-

2182 2084 2368 2156 ζοιμεν
2394 2088 2525 2158 ἡμῖν
2552 2089 2734 2152 αὐτοῖς
2764 2090 2862 2159 τὴν
2892 2090 3118 2161 Τριάδα,
3150 2089 3245 2142 καὶ
3275 2088 3378 2142 ὑπὸ
3405 2092 3505 2159 τῆς
3528 2088 3762 2158 Τριάδος

2185 2177 2510 2248 σωζοίμεθα,
2578 2180 2828 2248 μένοντες
2877 2181 3188 2254 εἰλικρινεῖς
3245 2182 3339 2235 καὶ
3394 2181 3759 2252 ἀπρόσκοποι,

2187 2265 2377 2337 μέχρις
2408 2268 2725 2336 ἀναδείξεως
2756 2270 3091 2343 τελεωτέρας
3138 2272 3245 2325 τῶν
3291 2270 3659 2341 ποθουμένων,
3702 2271 3763 2323 ὲν

2184 2356 2329 2428 αὐτῷ
2384 2360 2600 2431 Χριστῷ
2628 2361 2707 2431 τῷ
2754 2362 2944 2435 Κυρίῳ
2978 2363 3154 2435 ἡμῶν,
3202 2356 3247 2432 ᾦ
3278 2363 3311 2433 ἡ
3359 2362 3484 2427 δόξα
3514 2364 3593 2425 εἰς
3632 2362 3763 2424 τοὺς

2183 2446 2405 2511 αἰῶνας.
2453 2449 2622 2521 Ἀμήν

508 2537 830 2597 Trinitatem
861 2544 1014 2598 nobis
1045 2543 1175 2612 ipsis
1205 2557 1509 2619 servemus,
1543 2550 1704 2609 atque
1736 2555 1764 2594 a
1795 2538 2060 2593 Trinitate
2093 2552 2398 2607 servemur,
2442 2552 2722 2597 manentes
2757 2545 2870 2613 puri
2903 2554 2959 2601 et
2986 2544 3233 2601 inoﬂ’ensi
3268 2561 3439 2615 usque
3476 2546 3542 2600 ad
3581 2544 3765 2615 perle-

511 2637 733 2690 ctiorem
753 2650 959 2695 eorum.
979 2650 1097 2705 qua:
1121 2635 1383 2703 cupimus,
1409 2634 1798 2697 ostensionetu,
1829 2631 1880 2684 in
1900 2630 2014 2699 ipso
2042 2628 2260 2685 Christo
2283 2629 2411 2687 Jesu
2437 2631 2890 2699 Dominonostro,
2921 2638 3007 2693 cui
3036 2638 3205 2708 gloria
3228 2638 3281 2693 in
3309 2638 3524 2694 saecula.
3562 2640 3759 2692 Amen.

572 2749 617 2782 ⁸ο
652 2748 670 2804 1
706 2748 830 2803 Cor.
856 2764 895 2812 ι,
942 2749 1022 2802 l7.
1100 2748 1143 2780 ⁸³
1181 2748 1223 2801 Il
1263 2747 1389 2804 Cor.
1426 2763 1477 2814 v,
1501 2747 1592 2804 20.
1667 2747 1712 2780 ⁸²
1744 2746 1767 2804 ι
1803 2745 2068 2809 Thess.v,
2096 2741 2190 2797 l9.

584 2860 695 2933 (48)
730 2861 1157 2933 Ἀναγγέλλων.
1198 2881 1217 2916 ι
1249 2862 1353 2930 Qui
1386 2865 1689 2929 annuntiat,
1734 2880 1753 2914 ι
1800 2862 2075 2930 nimirum,

513 2947 544 2989 ο
567 2933 723 2987 Deus.
771 2951 789 2984 ι

583 3002 692 3073 (ω)
723 3002 955 3073 Βιαίων.
988 3001 1120 3073 Regi.
1155 3003 1265 3066 bm,
1294 3002 1634 3073 τῶνβιαίων.

584 3072 693 3145 (50)
722 3072 1051 3142 Δογμὰτων.
1077 3072 1239 3127 Coisl.
1273 3074 1298 3127 i
1333 3084 1385 3129 et
1407 3072 1557 3141 Par.,
1590 3073 2073 3145 συναλλαγμάτων.

2257 2860 2368 2931 (5|)
2395 2861 2730 2929 Ποιήσειεν.
2754 2861 2844 2918 Sic
2866 2863 3044 2931 plures
3071 2862 3262 2933 Regg.,
3292 2862 3457 2918 Coisl.
3498 2863 3524 2917 1
3554 2869 3606 2917 et
3630 2861 3760 2918 Par.

2185 2929 2241 2983 In
2269 2929 2436 3005 tioisl.
2467 2935 2522 2998 2,
2554 2935 2820 3005 ποιήσειε.
2845 2929 2899 2988 lu
2933 2937 3044 2995 ed.,
3072 2929 3336 3005 ποιήσεις.

2282 3005 2370 3073 5?.)
2402 3005 2553 3059 ’Ar0‘
2576 2999 2684 3058 ὧν.
2708 3023 2726 3054 ι
2751 3004 2858 3059 Pro
2884 3006 2968 3069 iis,
2999 3023 3017 3055 ι
3043 2999 3267 3072 nempe,
3301 3023 3319 3056 ‹
3354 3003 3703 3059 Eunomiants
3736 3021 3761 3057 δ

2285 3076 2373 3149 55)
2414 3077 2667 3145 "Exores.
2694 3074 2750 3127 ln
2775 3075 3063 3139 nonnullis,
3095 3074 3267 3145 ἔχετε.

529 3204 3752 3241 m

959 3371 1341 3449 ORATIO
1383 3368 1641 3450 XXX“.

749 3528 947 3602 .540
996 3524 1466 3583 THEOLOGICA
1512 3524 1822 3592 QUARTA.

1178 3662 1255 3716 De
1277 3660 1443 3716 Filio.

590 3802 633 3857 ι.
651 3798 914 3866 Quoniam
933 3797 1026 3853 tibi
1045 3794 1515 3851 ratiocinationum
1536 3792 1801 3848 versutias
1817 3805 2093 3860 nexusque

523 3894 574 3947 vi
606 3891 839 3962 Spiritus
864 3889 1074 3943 abunde
1107 3887 1480 3951 diseussimus,
1512 3900 1606 3941 eas
1634 3896 1814 3940 autem
1841 3899 1869 3938 a
1894 3884 2093 3939 divinis

523 3982 828 4051 Scripturis
853 3979 1050 4049 petitas
1107 3978 1461 4048 obiectiones,
1515 3978 1711 4047 quibus
1758 3977 1860 4044 illi,
1900 3975 2091 4030 littera:

527 4070 803 4140 sacrilegi,
831 4085 896 4124 ac
922 4068 1216 4138 Scriptura:
1249 4081 1468 4122 sensum
1503 4064 1848 4129 sulfurantes,
1883 4063 2091 4134 pleros-

522 4177 633 4234 que
663 4163 729 4216 ad
758 4175 881 4215 suas
910 4168 1095 4230 partes
1119 4159 1365 4223 trahunt,
1413 4172 1473 4212 ac
1515 4156 1759 4212 veritatis
1800 4156 1941 4209 viam
1983 4164 2093 4209 tur-

524 4250 678 4315 bant,
704 4248 1012 4305 summatim
1036 4248 1255 4317 quidem
1281 4288 1296 4311 ,
1352 4247 1766 4316 perspicueque,
1823 4253 1878 4299 ut
1910 4244 2094 4299 candi-

526 4342 752 4398 dissimo
781 4342 975 4410 cuique
1009 4342 1183 4394 visum
1227 4340 1292 4393 iri
1326 4353 1645 4410 persuasum
1679 4339 1871 4402 habeo,
1898 4337 2093 4392 dissol-

524 4437 702 4490 vimus
764 4434 912 4503 (dum
984 4433 1237 4488 videlicet
1283 4431 1629 4486 sublimiores
1680 4446 1861 4497 voces,
1888 4438 1942 4485 et
1977 4443 2095 4499 qua:

526 4524 635 4580 Deo
665 4526 836 4595 magis
874 4526 1222 4587 conveniunt,
1275 4522 1549 4577 divmitati
1597 4522 1963 4586 attribuimus,
1996 4522 2096 4574 hu-

532 4617 778 4671 miliores
811 4624 1013 4679 autem,
1043 4625 1097 4670 et
1123 4630 1241 4683 qua:
1272 4615 1751 4669 hominiS'naturte
1779 4612 1949 4682 magis
1968 4626 2095 4665 con-

524 4716 748 4777 gruttttl,
781 4721 915 4760 novo
946 4707 1018 4759 illi
1071 4718 1258 4760 nostra
1317 4721 1475 4760 causa
1511 4706 1736 4767 Adamn,
1766 4720 1829 4758 ac
1856 4705 1966 4758 Deo
1996 4704 2093 4758 ad-

526 4813 718 4853 versus
770 4807 1047 4866 peccatum
1124 4797 1413 4868 patibili);
1465 4806 1759 4860 caaterum,
1810 4796 2099 4851 festinante

2536 3525 2629 3576 ΘΕ
2635 3524 2997 3577 ΟΛΟΓΙΚΟΣ
3039 3526 3126 3576 TE
3135 3525 3267 3577 ΤΑΡ
3278 3526 3426 3577 ΤΟΣ.

2794 3658 2933 3725 Περὶ
2976 3658 3132 3713 Υἱοῦ.

2263 3791 2345 3843 A'.
2393 3788 2607 3860 Ἐπειδή
2636 3806 2714 3843 σοι
2738 3789 2833 3853 τὰς
2864 3791 2961 3861 μὲν
2994 3793 3057 3845 ἐκ
3096 3795 3203 3848 τῶν
3237 3795 3509 3866 λογισμῶν
3533 3811 3770 3866 στροφας

2195 3883 2290 3935 καὶ
2318 3881 2525 3945 πλοκὰς
2565 3882 2762 3946 ἱκανῶς
2796 3883 3137 3957 διεσείσαμεν
3181 3890 3246 3958 τῇ
3276 3887 3502 3959 δυνάμει
3533 3888 3643 3959 (54)
3675 3888 3771 3941 τοῦ

2195 3972 2530 4044 Πνεύματος,
2564 3973 2663 4037 τὰς
2691 3974 2745 4027 δὲ
2799 3976 2947 4047 παρὰ
2981 3977 3086 4029 τῶν
3126 3978 3284 4031 (λείων
3316 3979 3547 4050 Γραφῶν
3573 3981 3771 4034 ἐνστά-

2197 4085 2310 4132 σεις
2340 4085 2395 4121 τε
2420 4069 2510 4121 καὶ
2532 4067 2833 4132 ἀντιθέσεις
2869 4071 3003 4135 (55),
3030 4065 3116 4135 αἷς
3147 4074 3193 4124 οί
3218 4072 3309 4125 τοῦ
3337 4073 3661 4145 γράμματος
3695 4077 3741 4128 ie

2198 4160 2431 4232 ρόσυλοι,
2463 4160 2555 4212 καὶ
2586 4160 2676 4213 τὸν
2706 4160 2828 4213 νοῦν
2853 4161 2961 4215 τῶν
3001 4165 3397 4234 γεγραμμένων
3424 4166 3773 4234 κλέπτοντες,

2194 4254 2320 4314 τοὺς
2347 4251 2574 4315 πολλοὺς
2632 4251 3058 4323 σφετερίζονται,
3096 4257 3189 4308 καὶ
3216 4257 3315 4328 τὴν
3344 4258 3463 4313 ὁδὸν
3509 4260 3606 4329 τῆς
3636 4260 3771 4331 ἀλη-

2197 4339 2346 4401 Θείας
2399 4340 2753 4409 ταράσσουσι,
2807 4341 3104 4413 συλλήϐδην
3155 4345 3252 4415 μὲν
3308 4347 3406 4418 ἤδη
3441 4348 3774 4419 λελύκαμεν,

2197 4430 2291 4481 καὶ
2317 4428 2415 4481 οὐκ
2443 4429 2718 4501 ἀμυδρῶς,
2757 4431 2832 4495 ὼς
2861 4433 3093 4503 ἐμαυτὸν
3130 4438 3319 4501 πείθω,
3357 4443 3469 4503 τοῖς
3495 4441 3769 4513 εὐγνωμο·

2196 4518 2469 4590 νεστέροις
2503 4520 2623 4589 (τὰς
2655 4522 2753 4592 μὲν
2802 4525 3140 4597 ὑψηλοτέρας
3183 4528 3275 4582 καὶ
3304 4528 3771 4604 θεοπρεπεστέρσς

2197 4609 2381 4679 φωνὰς
2421 4615 2854 4684 ’προσνείμαντες
2897 4620 2962 4688 τῇ
3001 4618 3228 4689 Θεότητι,
3266 4621 3366 4683 τὰς
3420 4621 3476 4673 δὲ
3505 4639 3769 4676 ταπεινω-

2196 4701 2360 4772 τέρας
2389 4703 2482 4756 καὶ
2530 4704 3026 4776 ἀνθρωπικωτέρας
3051 4708 3127 4778 τῷ
3149 4709 3252 4779 νέῳ
3280 4710 3348 4762 δι’
3382 4711 3528 4780 ἡμᾶς
3575 4711 3771 4783 Ἀδὰμ,

2197 4794 2290 4846 καὶ
2313 4793 2431 4863 Θεῷ
2480 4795 2703 4865 παθητῴ
2740 4796 2851 4865 (56)
2882 4797 3021 4850 κατά
3071 4799 3166 4869 τῆς
3188 4800 3480 4871 ἁμαρτίας)
3506 4818 3519 4831 ο
3584 4804 3695 4865 τοῖς
3715 4802 3772 4854 δὲ

524 4892 814 4952 oratione,
866 4888 1139 4957 sigillatitn
1208 4901 1297 4953 eas
1349 4888 1765 4955 haudquaquam
1823 4888 2084 4956 prosecuti

2198 4885 2321 4937 καθ’
2363 4884 2592 4937 ἕκαστον
2626 4888 2725 4938 οὐκ
2758 4887 3250 4959 ἐπεξεληλύθαμεν,
3296 4892 3646 4962 ἐπειγομένου
3676 4893 3772 4946 τοῦ

526 4995 750 5047 sumus;
784 4995 847 5033 ac
887 4989 942 5033 tu
974 4994 1159 5033 earum
1208 4991 1421 5048 quoque
1466 4976 1764 5031 solutiones
1794 4977 2032 5031 breviter
2063 4992 2092 5030 a

524 5071 681 5126 nobis
719 5069 901 5124 aﬂ‘erri
949 5071 1211 5140 postulas,
1267 5085 1334 5124 ne
1383 5068 1645 5137 speciosis
1690 5077 1744 5121 et
1771 5068 1836 5122 ad
1871 5082 2093 5137 persua-

526 5160 757 5215 dendqu
800 5160 1220 5214 accommodatis
1245 5160 1582 5215 sermonibus
1618 5159 1669 5212 in
1708 5172 1945 5213 errorem
1980 5158 2097 5210 abs-

527 5251 757 5306 traharis
787 5267 802 5304 :
835 5252 1036 5306 idcirco
1098 5266 1196 5305 nos
1227 5253 1325 5307 has
1350 5267 1560 5320 quoque
1595 5252 1743 5306 brevi
1776 5248 2097 5319 complecte-

2199 4978 2394 5046 λόγουο
2456 4978 2520 5029 σὺ
2552 4976 2609 5029 δὲ
2665 4979 2983 5032 καὶτούτων
3025 4980 3301 5053 ἐπιζητεῖς
3350 4984 3408 5035 ὲν
3438 4982 3630 5053 βραχεῖ
3655 4983 3769 5052 (57)

2199 5071 2297 5133 τὰς
2324 5069 2524 5135 λύσεις,
2553 5069 2645 5122 τοῦ
2691 5070 2764 5141 μὴ
2817 5073 3222 5143 παρασύρεσθαι
3272 5073 3450 5143 λόγοις
3484 5075 3761 5143 πιθανότη»

2200 5176 2320 5223 τός’
2357 5163 2515 5230 ἡμεῖς
2549 5161 2641 5213 καὶ
2671 5161 2780 5232 (58)
2811 5164 3012 5225 ταύτας
3057 5162 3523 5234 κεφαλαιώσομεν,
3552 5166 3629 5225 είς
3653 5165 3768 5233 ἀρι-

2204 5249 2371 5321 Θμοὺς
2399 5251 2660 5315 διελόντες
2684 5251 2771 5304 διὰ
2794 5252 2852 5305 τὸ
2882 5253 3335 5324 εὐμνημόνευτον.

526 5360 669 5409 mur,
698 5352 880 5413 atque,
907 5358 965 5398 ut
1002 5344 1213 5399 facilius
1248 5346 1523 5399 memoria:
1550 5345 1809 5408 haereant,
1853 5342 2093 5397 numeris
2131 5343 2542 5416 distinguemus.

598 5489 626 5519 ι
657 5478 802 5532 Alias
832 5477 1075 5544 XXXVI,
1104 5495 1225 5549 qua:
1252 5488 1433 5534 autem
1470 5478 1538 5533 50
1568 5486 1705 5545 erat,
1742 5494 1887 5533 nunc
1915 5477 2000 5532 15.
2020 5506 2071 5516 —-

530 5544 721 5600 Habita
743 5563 887 5601 anno
915 5552 1038 5603 380.

597 5616 710 5755 (54)
743 5617 818 5685 Τῇ
834 5618 1097 5687 δυνάμει.
1130 5619 1259 5688 Reg.
1295 5634 1346 5682 υ,
1378 5620 1433 5671 ὲν
1458 5621 1523 5691 τῇ
1543 5618 1785 5689 δυνάμει.

622 5686 711 5755 55)
759 5689 1108 5753 Ἐνστάσεις
1136 5706 1199 5743 τε
1227 5689 1325 5743 καὶ
1363 5689 1713 5754 ἀντιθέσεις.
1756 5707 1774 5740 ι

527 5753 546 5768 ⁹
597 5686 1109 5768 (ξ5)-.Ἐνστάὰεις
1136 5686 1325 5768 τεήκαὶ
1363 5686 1713 5768 ἁντιθέσειςῖ.
1756 5687 2096 5768 anguares

526 5760 813 5813 instantia:
852 5767 907 5813 et
931 5761 1316 5830 oppositiones,
1352 5779 1371 5812 ι
1404 5776 1520 5826 seu,
1562 5779 1581 5812 ‹
1612 5760 1960 5825 obiectiones.
2000 5782 2021 5811 ο

2252 5480 2380 5561 ,(56)
2411 5481 2532 5561 Θεῴ
2549 5477 2814 5561 παθητῷ.
2837 5498 2876 5561 ,ι
2903 5480 3011 5536 Deo
3050 5479 3271 5550 patibili.
3308 5498 3325 5531 ι
3354 5479 3562 5533 Ηιιιιιοη
3615 5476 3770 5533 Ciri-

2199 5550 2266 5606 sti
2280 5550 2479 5606 natura
2509 5554 2595 5607 hic
2628 5550 2964 5619 intelligitur.

2272 5623 2383 5691 (57)
2425 5623 2521 5673 Ἐν
2551 5619 2786 5689 βραχεῖ.
2816 5624 2928 5691 Duo
2942 5620 3207 5690 Regg.,év
3240 5619 3484 5691 βραχέσι.

2275 5687 2387 5763 (58)
2423 5691 2621 5762 Ἡμεῖς
2658 5687 2775 5745 καί.
2818 5690 2874 5745 in
2915 5687 3199 5756 nonnullis,
3241 5687 3421 5761 ’ἡμεῖς
3471 5689 3525 5742 δὲ
3548 5687 3660 5743 καί.
