4038 6338
291 357 398 412 .05
1329 353 1588 411 ORATIO
1629 353 1792 409 XXX.
1842 383 1912 396 -—
1949 350 2390 408 THEOLOGICA
2430 352 2522 406 IV.

3462 355 3562 410 106

365 471 444 527 B'.
480 472 638 525 Ἔστι
685 472 794 544 γὰρ
825 472 883 526 ὲν
917 474 1015 543 μὲν
1055 473 1240 533 αὐτοῖς
1271 473 1448 526 έκεῖνο
1476 475 1570 526 καὶ
1599 473 1719 526 λίαν
1753 470 1886 543 πρό-

2061 469 2121 524 ΙΙ.
2157 469 2287 524 Illud
2320 470 2537 539 quidem
2563 456 2728 525 unum
2765 469 2899 540 ipsis
2925 469 3038 525 fere
3071 469 3126 524 in
3164 479 3412 540 promptu
3445 481 3568 527 est:

285 578 484 634 χειρον
501 563 584 626 τὸ,
617 564 835 631 Κύριος
863 563 1068 618 ἔκτισέ
1087 581 1165 632 με
1195 563 1394 632 ἀρχὴν
1420 563 1578 618 ὁδῶν
1599 562 1787 620 αὐτοῦ
1811 564 1898 628 εἰς

287 647 446 716 ἔργα
477 649 690 704 αὑτοῦ.
737 649 882 722 Πρὸς
911 651 941 703 ὂ
977 650 1094 714 πῶς
1127 649 1586 721 ἀπαντησόμεθας
1623 650 1698 703 Οὐ
1743 648 1900 702 Σολο-

295 740 515 807 μῶντος
563 745 1054 814 κατηγορήσομεν;
1116 744 1177 796 ού
1222 743 1292 795 τὰ
1349 744 1478 814 πρὶν
1537 742 1897 814 ἀθετήσομεν,

291 830 389 883 διὰ
434 833 534 902 τὴν
575 833 890 886 τελευταίαν
942 833 1342 904 παράπτωσιν;
1397 833 1518 902 οὐχὶ
1559 832 1658 902 τῆς
1710 832 1900 900 σοφίας

293 921 474 991 αὐτῆς
502 923 740 995 ἐροῦμεν
778 921 918 978 εἶναι
971 924 1061 976 τὸν
1107 923 1286 993 λόγον,
1309 924 1412 994 τῆς
1442 918 1555 978 οἷον
1589 925 1900 994 ἐπιστήμης

295 1013 397 1065 καὶ
426 1012 520 1066 τοῦ
548 1015 792 1083 τεχνίτου
831 1015 941 1087 (59)
996 1013 1176 1083 λόγου,
1216 1013 1340 1068 καθ’
1377 1015 1436 1067 ὃν
1464 1015 1532 1069 τὰ
1566 1014 1743 1067 πάντα
1778 1030 1902 1066 συν-

299 1105 474 1176 έστης
535 1106 716 1161 Πολλὰ
748 1109 858 1180 γὰρ
890 1110 922 1180 ή
969 1109 1160 1180 Γραφὴ
1190 1111 1622 1180 προσωποποιεῖν
1662 1103 1768 1159 οἶδε
1811 1107 1903 1160 καὶ

295 1199 412 1253 τῶν
441 1199 685 1269 ἀψύχων,
708 1201 782 1264 ὡς
799 1201 877 1265 τὸ,
894 1201 964 1254 ἾΙ
991 1199 1274 1254 θάλασσα
1305 1197 1435 1254 εἷπε
1456 1199 1594 1252 τάδε
1617 1200 1711 1253 καὶ
1739 1197 1898 1254 τάδε.

297 1289 438 1352 Καὶ,
482 1290 554 1343 Ἠ
585 1290 859 1357 ἄϐυσσος
887 1285 1056 1343 εἶπεν
1081 1306 1094 1318 ·
1134 1292 1255 1342 Οὐκ
1292 1289 1462 1343 ἔστιν
1492 1289 1561 1342 ἐν
1585 1289 1714 1358 ἐμοί
1738 1304 1752 1318 ⁸
1785 1289 1900 1350 καὶ,

305 1380 379 1430 Ol
412 1380 660 1447 οὐρανοὶ
695 1379 1076 1450 διηγούμενοι
1113 1379 1222 1450 (60)
1251 1379 1440 1444 δόξαν
1463 1379 1629 1433 Θεοῦ.
1658 1381 1768 1432 Καὶ
1801 1379 1906 1432 πά-

295 1470 391 1522 λιν
427 1473 680 1543 ῥομφαίᾳ
718 1491 771 1525 τι
817 1472 1216 1538 διακελεύεται,
1246 1471 1341 1525 καὶ
1365 1471 1464 1543 ὄρη
1501 1470 1595 1524 καὶ
1619 1470 1796 1540 βουνο¹ι¹
1827 1471 1906 1524 λό-

297 1581 439 1632 γους
491 1563 806 1636 ἐρωτῶνται
845 1564 1204 1634 σκιρτήσεως.
1254 1561 1469 1614 Τούτων
1501 1559 1655 1626 οὐδέν
1701 1578 1901 1631 φαμεν,

301 1655 357 1706 εἰ
387 1653 484 1706 καί
511 1671 620 1706 τισι
649 1654 759 1705 τῶν
796 1653 902 1724 πρὸ
939 1652 1096 1723 ἡμῶν
1121 1651 1196 1715 ὡς
1232 1649 1426 1723 ἰσχυρὰ
1463 1649 1720 1703 τέθειται.
1767 1649 1904 1702 Ἀλλ’

301 1745 453 1799 ἔστω
479 1745 574 1798 τοῦ
598 1745 852 1816 Σωτῆρος
879 1744 1067 1803 αὑτοῦ,
1099 1745 1197 1813 τῆς
1225 1742 1482 1814 ἀληθινῆς
1508 1741 1726 1810 Σοφίας,
1761 1743 1788 1795 ὁ
1821 1741 1908 1794 λό-

2001 559 2252 614 Dominus
2268 562 2456 614 creavit
2473 577 2552 614 me
2565 562 2873 631 principium
2894 561 3093 614 viarum
3106 576 3317 613 suarum
3332 563 3402 614 ad
3418 579 3570 630 opera

1999 667 2094 704 sua
2121 651 2188 704 ⁸³.
2224 651 2321 705 Cui
2345 661 2663 721 argumento
2695 668 2802 723 quo
2849 654 3065 708 tandem
3121 653 3280 708 modo
3321 667 3574 708 occurre-

2003 743 2160 796 mus?
2185 740 2324 795 Num
2360 741 2702 796 Salomonem
2735 743 3158 797 accusabimus?
3184 742 3318 797 Num
3343 745 3571 813 pristina

2002 835 2171 901 ipsius
2206 834 2344 888 dicta
2378 835 2446 888 ob
2468 842 2800 903 postremum
2830 836 2999 900 ipsius
3047 835 3252 906 lapsum
3285 836 3573 903 abrogabi-

2005 927 2165 982 mus?
2189 927 2328 980 Num
2363 927 2644 996 ipsiusmet
2672 927 2950 996 sapientia:
2971 967 2986 992 ,
3041 943 3102 981 ac
3133 928 3282 983 velut
3310 927 3571 994 scientiae,

2003 1015 2341 1085 artiﬁcisque
2359 1016 2609 1081 rationis,
2627 1015 2920 1070 secundum
2948 1031 3110 1084 quam
3151 1018 3332 1072 omnia
3357 1019 3572 1073 condita

2004 1119 2151 1171 sunt,
2181 1108 2322 1162 hunc
2347 1122 2650 1162 sermonem
2681 1121 2804 1162 esse
2834 1107 3118 1162 dicemus?
3149 1107 3409 1177 Pleraque
3430 1112 3573 1164 enim

2004 1213 2069 1252 ex
2101 1199 2205 1261 his,
2241 1213 2361 1265 quae
2392 1197 2573 1250 anima
2607 1204 2818 1261 carent,
2869 1196 3150 1266 Scriptura
3175 1205 3278 1265 per
3317 1213 3577 1265 pI’OSOpO-

2007 1291 2200 1359 pmiam
2234 1289 2507 1359 loquentia
2570 1290 2829 1344 inducere
2893 1290 3201 1354 consuevit,
3226 1287 3377 1358 juxta
3411 1291 3574 1344 illud:

2009 1379 2158 1432 Mare
2189 1379 2300 1434 Iure
2351 1390 2506 1448 atque
2531 1379 2626 1431 illa
2643 1378 2838 1432 dixit“
2860 1395 2874 1445 ;
2900 1388 2973 1444 et,
3007 1377 3238 1449 Abyssus
3260 1380 3394 1432 dixit
3420 1378 3579 1433 :Non

2005 1481 2078 1524 est
2107 1472 2160 1524 in
2191 1488 2272 1524 me
2295 1471 2379 1538 '5;
2415 1481 2490 1534 et,
2520 1469 2650 1526 Caeli
2699 1481 2945 1524 enarrant
3007 1470 3230 1539 gloriam
3267 1469 3363 1524 Dei
3391 1471 3472 1538 3°;
3529 1479 3584 1526 et

2011 1579 2216 1628 rursus,
2247 1564 2468 1618 framea-3
2502 1564 2704 1633 aliquid
2749 1564 3044 1632 imperatur
3074 1563 3141 1629 ⁸⁷,
3176 1573 3232 1619 ει
3266 1572 3474 1618 montes
3520 1578 3583 1616 ac

2008 1655 2171 1709 colles
2199 1654 2574 1709 exsultationis
2620 1655 2665 1687 ⁸⁸
2699 1669 2918 1708 causam
2961 1665 3348 1724 exposcuntur.
3376 1654 3579 1711 Horum

2010 1745 2141 1799 nihil
2171 1745 2416 1814 proferre
2444 1745 2595 1809 libet,
2629 1746 2844 1800 etiamsi
2876 1746 3078 1816 alioqui
3119 1765 3147 1802 a
3191 1748 3462 1803 nonnullis
3493 1763 3580 1803 eu-

303 1852 428 1903 γος.
487 1835 698 1906 Μικρὸν
743 1834 800 1886 δὲ
848 1831 1401 1903 συνδιασκεψώμεθαο
1453 1831 1517 1883 Τί
1566 1830 1674 1884 τῶν
1739 1829 1906 1883 ὄντων

2020 1854 2160 1905 rum,
2193 1839 2283 1908 qui
2311 1847 2438 1893 ante
2463 1855 2560 1893 nos
2601 1841 2950 1908 exstiterunt,
2979 1855 3076 1910 pro
3109 1840 3280 1896 ﬁrmis
3310 1852 3365 1897 et
3392 1841 3582 1898 validis

306 1927 556 1984 ἀναίτιον
579 1945 592 1993 ;
615 1927 838 1996 Θεὸτης.
861 1926 1049 1989 Οὐδεὶς
1069 1925 1178 1995 γὰρ
1204 1923 1381 1979 αἰτίαν
1403 1926 1576 1978 εἰπεῖν
1602 1922 1714 1994 ἔχει
1737 1922 1872 1977 Θεοῦ
1894 1939 1907 1952 ⁸

307 2023 346 2094 ῆ
381 2021 540 2075 τοῦτο
569 2019 634 2073 ἂν
661 2019 744 2090 εἴη
777 2018 910 2072 Θεοῦ
956 2017 1345 2090 πρεσϐύτερον.
1375 2015 1470 2080 Τίς
1493 2016 1547 2069 δὲ
1575 2015 1676 2086 τῆς
1703 2013 1914 2086 ἀνθρω-

309 2115 575 2184 πότητος,
598 2112 664 2183 ἦν
693 2112 760 2165 δι’
785 2112 931 2181 ἡμᾶς
983 2111 1190 2180 ὑπέστη
1217 2109 1370 2172 Θεὸς,
1401 2108 1586 2170 uitia;
1628 2108 1700 2161 Τὸ
1736 2106 1912 2176 σωθῆ-

311 2225 406 2260 vat
437 2205 655 2267 πάντως
684 2203 796 2274 (61)
825 2204 992 2274 ἡμᾶς.
1045 2201 1109 2254 Τί
1145 2201 1253 2271 γὰρ
1281 2201 1470 2274 ἕτερον
1495 2217 1509 2265 ;
1558 2199 1776 2272 Ἐπειδὴ
1805 2198 1914 2251 τοί-

310 2316 416 2352 νυν
447 2295 704 2359 ἐνταῦθα,
755 2295 850 2348 καὶ
889 2294 950 2346 τὸ
975 2294 1203 2360 ἔκτισε,
1237 2293 1333 2347 καὶ
1381 2293 1442 2346 τὸ
1481 2290 1667 2363 γεννᾷ
1687 2307 1786 2360 με,
1816 2307 1913 2342 σα-

314 2389 439 2458 φῶς
463 2387 816 2459 εὑρίσκομεν,
843 2383 1046 2448 ἁπλοῦς
1069 2387 1096 2438 ὁ
1131 2384 1311 2452 λόγος.
1347 2385 1411 2436 Ὃ
1439 2383 1536 2453 μὲν
1565 2383 1630 2436 ἂν
1657 2381 1796 2454 μετά
1815 2382 1918 2452 τῆς

315 2483 506 2544 αίτίας
532 2479 902 2551 εὑρίσκωμεν,
948 2476 1278 2549 προσθῶμεν
1327 2477 1392 2546 τῇ
1437 2474 1852 2546 ἁνθρωπότητι·
1888 2473 1916 2526 ὂ

311 2575 378 2628 δὲ
408 2572 614 2627 ἁπλοῦν
643 2571 738 2624 καὶ
761 2570 1025 2632 ἀναίτιον,
1055 2571 1119 2639 τῇ
1151 2566 1366 2639 θεότητι
1395 2565 1765 2638 λογισώμεθα.
1791 2561 1916 2636 Ἆρ’

311 2659 416 2718 οὖν
473 2664 535 2717 οὐ
579 2663 642 2715 τὸ
689 2661 792 2732 μὲν
842 2659 1086 2713 ἔκτισεν
1129 2659 1347 2731 εἴρηται
1386 2658 1525 2728 μετὰ
1574 2657 1674 2728 τῆς
1700 2657 1914 2722 αἰτίας;

321 2759 574 2811 Ἔκτισε
614 2756 723 2826 γάρ
773 2770 870 2824 με,
921 2753 1106 2822 φησὶν,
1157 2745 1364 2820 ἀρχὴν’
1399 2749 1555 2805 ὁδῶν
1605 2747 1790 2804 αὑτοῦ
1832 2751 1918 2815 εἰς

316 2851 472 2921 ἔργα
501 2849 709 2904 αὐτοῦ.
755 2848 933 2918 Ἔργα
975 2846 1031 2899 δὲ
1069 2845 1269 2916 χειρῶν
1318 2842 1506 2908 αὑτοῦ,
1556 2841 1781 2914 ἀλήθεια
1823 2842 1918 2895 καὶ

318 2945 529 3015 κρίσις,
569 2937 643 2997 ὧν
671 2942 860 2997 ἕνεκεν
893 2939 1117 3011 ὲχρίσθη
1145 2939 1377 3010 θεότητι.
1410 2936 1604 3008 Χρίσις
1629 2935 1734 3008 γὰρ
1777 2935 1916 3010 αὕτη

315 3037 424 3108 τῆς
479 3033 928 3107 ἀνθρωπὸτητος.
980 3031 1054 3085 Τὸ
1100 3030 1158 3082 δὲ
1180 3027 1365 3099 γεννᾷ
1386 3045 1484 3098 με,
1535 3028 1705 3099 χωρὶς
1736 3028 1918 3092 αἰτίας

2014 1931 2178 1986 allata
2211 1941 2360 1985 sunt.
2397 1929 2500 1984 Sed
2533 1930 2721 1985 demus
2751 1931 2854 1986 hoc
2911 1921 3040 1986 sane
3064 1931 3362 1988 Salvatoris
3388 1933 3579 2004 ipsius,

2013 2023 2114 2077 hoc
2145 2030 2249 2089 est,
2289 2037 2428 2076 verae
2457 2020 2768 2090 Sapientia},
2803 2023 2917 2077 haec
2942 2024 3103 2077 verba
3134 2037 3276 2082 esse.
3297 2023 3430 2079 Illud
3450 2040 3577 2080 vero

2015 2115 2411 2186 aliquantisper
2441 2131 2544 2169 una
2577 2113 3002 2170 consideremus.
3047 2115 3184 2182 Quid
3236 2127 3320 2173 est
3358 2133 3422 2172 ex
3460 2133 3579 2172 om-

2017 2207 2174 2261 nibus
2190 2207 2507 2276 rebusun
2538 2221 2717 2262 causa:
2750 2206 2821 2260 sit
2852 2208 3082 2277 expers?
3115 2209 3394 2264 Divinitas.
3416 2211 3585 2266 Nemo

2013 2295 2158 2351 enim
2191 2307 2294 2361 est,
2331 2297 2420 2366 qui
2453 2296 2542 2351 Dei
2580 2313 2796 2352 causam
2823 2299 3002 2353 dicere
3033 2298 3191 2372 54],
3220 2311 3381 2370 queat
3410 2319 3425 2356 :
3451 2302 3584 2356 alio-

2015 2389 2106 2458 qui
2139 2388 2189 2441 id
2224 2386 2334 2444 Deo
2364 2389 2642 2458 antiquius
2667 2397 2832 2444 esset.
2865 2387 2997 2455 Quae
3023 2399 3200 2444 autem
3230 2392 3591 2466 humanitatis

2017 2493 2046 2533 a
2075 2479 2184 2535 Deo
2231 2489 2448 2549 propter
2507 2494 2606 2533 nos
2660 2489 2926 2560 susceptae
2969 2495 3132 2536 causa
3165 2483 3411 2538 exstitit?
3449 2482 3586 2540 Pro-

2019 2571 2160 2627 fecto
2191 2581 2248 2625 ut
2289 2571 2444 2627 nobis
2501 2571 2649 2625 salus
2699 2581 3004 2641 pararetur.
3064 2572 3204 2640 Quid
3261 2574 3404 2630 enim
3447 2577 3587 2631 aliud

2017 2678 2193 2718 causae
2228 2662 2407 2716 alieni
2442 2662 2652 2732 possit?
2675 2663 2818 2733 Ergo
2860 2665 3116 2732 quoniam
3163 2666 3253 2722 hic
3288 2677 3494 2738 aperte,
3534 2683 3590 2724 et

2018 2755 2236 2820 creavit,
2285 2763 2339 2808 et
2369 2755 2535 2824 gignit
2581 2772 2684 2820 me,
2746 2755 3071 2824 reperimus,
3120 2756 3221 2814 hoc
3276 2759 3592 2831 simpliciter

2017 2847 2223 2901 dictum
2250 2861 2588 2902 censeamus.
2615 2846 2766 2914 Quod
2803 2833 2947 2901 enim
2983 2863 3104 2902 cum
3145 2863 3310 2905 causa
3369 2853 3594 2924 conjun-

2020 2947 2166 2991 ctum
2230 2936 2558 3000 invenimus,
2587 2936 2636 2990 id
2688 2934 3009 2990 humanitati
3065 2937 3447 3010 assignandum
3471 2952 3589 2996 est:

2021 3028 2162 3096 quod
2219 3037 2400 3082 autem
2455 3027 2682 3096 simplex
2723 3041 3010 3100 causaeque
3061 3045 3284 3100 expers,
3321 3031 3590 3087 divinitati

320 3128 440 3200 (62)
466 3146 479 3160 '
511 3125 738 3200 ἧδείξόν
770 3144 823 3180 τι
855 3125 1033 3194 τούτῳ
1081 3123 1503 3195 προσκείμενον.
1538 3122 1636 3186 Τίς
1663 3116 1756 3176 οὖν
1785 3122 1913 3175 ἀντ-

2022 3120 2422 3177 ascribendum.
2451 3120 2563 3190 Age
2591 3119 2778 3190 igitur,
2835 3136 3012 3178 annon
3055 3122 3182 3176 illud
3206 3163 3222 3188 ,
3257 3115 3474 3191 creavit,
3505 3125 3595 3180 ad-

474 3178 903 3292 λύγοςῗδιτίσμα
939 3178 1038 3292 μὲν
1095 3178 1354 3286 λέγεσθαι
1398 3215 1495 3287 τὴν
1531 3178 1743 3284 σοςρίαν,
1775 3213 1913 3268 κατὰ

2019 3228 2211 3268 nexam
2267 3228 2483 3268 causam
2539 3211 2738 3267 habet?
2786 3211 2998 3269 Creaoit
3054 3215 3195 3270 enim
3252 3232 3356 3279 me,
3396 3215 3591 3284 inquit,

315 3314 425 3387 τὴν
468 3315 616 3368 κάτω
648 3312 927 3385 γέννησιν,
980 3311 1229 3381 γέννημα
1258 3308 1334 3374 δὲ,
1389 3307 1531 3362 κατὰ
1564 3306 1661 3379 τὴν
1692 3305 1913 3378 πρώτην

2016 3307 2340 3376 principium
2362 3309 2566 3362 viarum
2619 3324 2836 3363 suarum
2885 3309 2955 3362 ad
2984 3323 3141 3376 opera
3180 3324 3277 3362 sua
3319 3307 3389 3366 ".
3417 3306 3594 3378 Opera

322 3409 430 3462 καὶ
458 3407 619 3462 πλέον
657 3406 903 3478 ἄληπτον
919 3423 934 3473 ;

2021 3407 2203 3452 autem
2231 3397 2423 3466 ipsius,
2450 3401 2652 3454 veritas
2684 3410 2739 3454 et
2758 3400 3024 3470 judicium
3053 3399 3123 3466 9°,
3166 3413 3394 3469 quorum
3421 3414 3586 3455 causa

321 3500 611 3558 divinitate
669 3499 942 3554 delibutus
997 3505 1101 3552 est.
1159 3495 1284 3551 Haec
1345 3494 1488 3550 enim
1559 3491 1913 3548 humanitatis
1949 3491 2132 3546 unctio
2157 3499 2260 3546 est.
2302 3491 2371 3546 At
2407 3490 2558 3555 illud,
2615 3493 2780 3563 gignit
2839 3508 2941 3557 me,
2974 3504 3195 3547 causam
3259 3507 3367 3546 non
3405 3491 3586 3547 habet.

323 3592 546 3661 Alioqui
578 3590 804 3646 ostende
853 3589 1110 3659 quidnam
1162 3587 1263 3656 ipsi
1289 3585 1600 3655 adjunctum
1650 3585 1739 3640 sit.
1810 3584 1942 3652 Quis
1980 3582 2145 3652 igitur
2197 3581 2408 3640 inﬁcias
2465 3584 2605 3650 ibit,
2639 3587 2769 3656 quin
2825 3583 3113 3653 sapientia,
3155 3585 3450 3640 secundum
3514 3583 3593 3638 in-

322 3684 584 3741 feriorem
613 3685 832 3755 quidem
861 3682 1308 3755 generationem,
1363 3688 1567 3746 creata,
1602 3677 1898 3735 secundum
1936 3685 2116 3734 autem
2144 3677 2378 3748 primam
2409 3677 2553 3733 illam
2623 3677 2906 3748 magisque
2969 3675 3578 3748 incomprehensibilem
3659 3705 3664 3710 -

324 3777 514 3850 genita
546 3774 797 3830 dicatur?

399 3866 478 3919 I".
509 3863 701 3935 Τούτῳ
752 3863 810 3917 δὲ
869 3862 1062 3916 ἕπεται
1123 3861 1218 3914 καὶ
1250 3859 1333 3922 τὸ,
1363 3858 1546 3912 δοῦλον
1589 3857 1810 3912 ἀκούειν
1863 3851 1923 3911 εὖ

323 3955 652 4011 δουλεύοντα
700 3953 938 4017 πολλοῖς.
967 3951 1080 4006 Καὶ
1110 3951 1191 4013 τὸ,
1225 3950 1365 4022 μέγα
1389 3944 1530 4002 εἶναι
1553 3946 1701 4018 αύτῷ
1721 3945 1927 4018 κληθῆ-

326 4070 422 4106 ναι
465 4050 642 4106 Παίδα
669 4046 808 4102 Θεοῦ
851 4046 982 4116 (65).
1019 4042 1110 4114 Τῷ
1140 4043 1252 4097 δντι
1295 4042 1404 4114 γὰρ
1433 4041 1717 4096 ἐδούλευσε
1741 4042 1928 4114 σαρκὶ,

328 4148 432 4202 καὶ
458 4144 698 4214 γενέσει,
727 4140 821 4194 καὶ
849 4138 1047 4194 πάθεσι
1071 4139 1184 4200 τοῖς
1209 4135 1524 4208 ἡμετέροις,
1555 4133 1644 4189 διὰ
1665 4135 1763 4204 τὴν
1795 4137 1934 4206 ἡμε-

330 4240 502 4313 τέραν
553 4233 889 4306 ἐλευθερίαν,
931 4231 1028 4284 καὶ⁸
1071 4231 1239 4283 πᾶσιν
1276 4222 1358 4292 οἷς
1391 4227 1630 4281 σέσωκεν
1679 4226 1785 4280 ὑπὸ
1835 4229 1934 4298 τῆς

334 4330 615 4404 ἁμαρτίας
639 4323 1036 4397 κατεχομένοις
1070 4320 1206 4393 (64).
1243 4319 1308 4372 Τί
1330 4320 1388 4374 δὲ
1428 4320 1612 4391 μεῖζον
1641 4317 1932 4390 ἀνθρώπου

328 4422 704 4492 ταπεινότητι,
737 4418 770 4489 ἢ
804 4415 924 4487 Θεῷ
957 4413 1252 4484 πλακῆναι,
1279 4413 1374 4466 καὶ
1407 4410 1664 4481 γενέσθαι
1702 4411 1833 4465 Θεὸν
1865 4413 1929 4464 ὲκ

329 4521 431 4589 τῆς
467 4515 691 4586 μίξεως,
723 4511 819 4566 καὶ
845 4508 1096 4564 τοσοῦτον
1121 4503 1521 4574 ὲπισκεφθῆναι
1561 4505 1820 4574 ἶΑνατολῇ
1865 4503 1927 4570 ἐξ

332 4607 524 4678 ὕψους,
565 4605 709 4659 ὥστε
744 4602 841 4658 καὶ
868 4601 930 4655 τὺ
954 4596 1294 4669 γεννώμενον
1329 4595 1484 4664 ἅγιον
1516 4594 1644 4647 Υἱδν
1673 4593 1930 4663 Ὑψίστου

333 4701 622 4773 κληθῆναι,
649 4699 745 4753 καὶ
789 4692 1117 4767 χαρισθῆναι
1168 4689 1319 4761 αύτῷ
1366 4689 1536 4759 ὄνομα
1568 4686 1680 4759 (65)
1700 4687 1762 4740 τὸ
1792 4686 1932 4758 ὑπὲρ

335 4799 443 4849 πᾶν
477 4794 678 4863 ὅνομας
729 4788 900 4843 Τοῦτο
953 4786 1012 4838 δὲ
1045 4783 1096 4838 τί
1131 4801 1263 4838 ποτε
1318 4780 1450 4837 ἄλλο
1486 4781 1634 4834 ἐστὶν
1680 4779 1714 4850 ἢ
1751 4781 1930 4844 Θεός;

2096 3853 2180 3912 lli.
2220 3853 2358 3909 lluie
2413 3853 3012 3912 velut.consectarium
3077 3857 3200 3923 est,“
3239 3855 3380 3925 quod
3429 3856 3595 3912 etiam

2022 3963 2212 4004 servus
2245 3947 2445 4002 dicitur
2473 3948 2542 4012 ’⁸,
2577 3956 2633 4003 ει
2657 3947 2840 4002 multis
2870 3947 3010 4004 bene
3053 3949 3297 4005 serviens
3322 3949 3406 4015 ⁹²;
3435 3948 3597 4006 illud-

2027 4056 2134 4110 que
2165 4039 2290 4094 item
2323 4079 2338 4103 ,
2390 4038 2536 4109 quod
2589 4053 2840 4115 magnum
2890 4050 3054 4108 atque
3109 4040 3347 4111 amplum
3399 4041 3501 4112 ipsi
3526 4041 3599 4098 sit

2030 4131 2228 4186 Filium
2266 4131 2358 4187 Dei
2389 4130 2570 4186 vocari
2597 4131 2664 4184 ".
2696 4130 2851 4185 Haud
2891 4130 3054 4187 dubie
3100 4133 3298 4202 quippe
3333 4132 3505 4199 carni,
3538 4141 3596 4189 et

2030 4222 2386 4294 generationi,
2441 4231 2496 4278 et
2538 4219 2912 4276 aﬂ‘ectionibus
2937 4223 3162 4286 nostris,
3211 4223 3476 4280 libertatis
3498 4239 3596 4281 no—

2031 4323 2159 4368 stra:
2197 4327 2361 4367 causa
2389 4311 2633 4376 servivit,
2684 4325 2750 4367 ac
2775 4312 3006 4382 denique
3056 4313 3308 4368 omnibus
3341 4313 3471 4377 illis,
3505 4329 3602 4388 per

2029 4419 2148 4473 quae
2175 4418 2293 4470 eos,
2326 4403 2420 4475 qui
2457 4417 2488 4457 a
2522 4411 2744 4473 peccato
2794 4402 3173 4458 detinebantur
3197 4444 3214 4470 ,
3277 4404 3329 4458 in
3365 4405 3596 4460 salutem

2028 4498 2280 4551 asseruit.
2314 4495 2453 4563 Quid
2492 4504 2673 4550 autem
2725 4498 2898 4566 majus
2943 4503 3000 4550 et
3036 4495 3479 4552 honoriﬁcentius
3507 4497 3604 4554 ho-

2035 4589 2199 4646 minis
2231 4588 2523 4644 humilitati
2544 4587 2862 4658 contingere
2889 4593 3074 4658 queat,
3102 4601 3265 4656 quam
3294 4585 3406 4642 Deo
3433 4601 3604 4657 copu-

2029 4682 2152 4748 lari,
2182 4690 2344 4751 atque
2367 4697 2433 4737 ex
2466 4680 2554 4735 illa
2587 4679 2841 4737 mistione
2867 4681 3035 4736 Deum
3065 4678 3229 4745 ellici,
3281 4687 3601 4750 tantumque

2028 4773 2096 4827 ab
2118 4771 2338 4828 Oriente
2364 4787 2428 4828 ex
2449 4772 2556 4828 alto
2578 4771 2786 4827 visitari
2811 4771 2878 4838 ⁸⁸,
2904 4781 2962 4826 ιιι
2980 4769 3109 4826 illud
3131 4770 3295 4826 etiam
3323 4780 3598 4835 sanctum,

331 4848 445 4939 κει
476 4848 712 4946 tosta—‘1
755 4876 885 4946 γόνυ
920 4867 1136 4945 κάμψαι
1178 4871 1257 4943 τῷ
1294 4869 1588 4924 κενωθέντι
1646 4848 1713 4922 ίΞις
1751 4868 1913 4937 ἡμᾶς,

2035 4868 2177 4932 quod
2202 4863 2546 4934 gignebatur,
2579 4861 2842 4918 Altissimi
2873 4861 3045 4917 Filius
3079 4869 3369 4916 vocaretur
3409 4859 3480 4926 ”,
3509 4875 3603 4916 eo-

332 4977 430 5030 καὶ
456 4975 559 5045 τὴν
609 4971 758 5024 θείαν
785 4967 966 5021 εἰκόνα
999 4965 1216 5036 δουλικῇ
1273 4963 1455 5035 μορφῇ
1501 4959 1921 5032 συγκεράσαντι,

330 5066 432 5121 καὶ
466 5063 688 5134 γνῶναι
725 5060 921 5113 πάντα
958 5053 1127 5111 οἶκον
1162 5053 1422 5124 Ἰσραὴλ,
1455 5051 1543 5104 ὅτι
1585 5049 1684 5104 καὶ
1708 5049 1929 5118 Κύριον

2034 4974 2138 5028 que
2170 4958 2384 5012 nomine
2415 4958 2727 5022 donaretur,
2777 4954 2920 5025 quod
2971 4963 3053 5010 est
3111 4967 3277 5021 super
3311 4966 3472 5008 omne
3503 4967 3606 5007 no-

2039 5065 2163 5105 men
2193 5050 2276 5103 πῖ
2301 5048 2454 5117 Quod
2496 5063 2658 5119 porro
2714 5048 2858 5101 aliud
2896 5060 3090 5100 nomen
3133 5043 3265 5098 illud
3297 5053 3401 5106 est,
3441 5055 3603 5112 quam

408 5183 460 5215 ⁸³
487 5182 650 5235 Prov.
691 5195 810 5240 vin,
847 5175 935 5230 22.
1021 5174 1068 5206 ⁸⁸
1091 5172 1192 5228 Job
1229 5185 1425 5233 xxvi",
1466 5168 1553 5222 14.
1636 5167 1681 5199 ⁸⁵
1711 5166 1842 5240 ibid.

2018 5165 2161 5224 Psal.
2212 5181 2370 5240 xvnt,
2436 5166 2484 5221 Ι.
2511 5162 2778 5240 __°:Zach.
2811 5176 2931 5240 ξιιι,
2963 5160 3051 5240 ii.
3088 5156 3341 5240 ""I’sta‘l.
3367 5154 3606 5240 εξμιηιξ.

333 5256 383 5289 ⁸⁸
415 5253 575 5308 Prov.
614 5267 734 5310 Vill,
757 5238 847 5302 22.
926 5247 971 5278 θ’
1009 5245 1148 5300 Psal.
1176 5260 1264 5306 cx,
1292 5243 1345 5296 7.
1423 5240 1464 5271 ⁹¹
1502 5240 1610 5293 lsa.
1635 5253 1782 5301 xm,
1815 5238 1868 5292 6.

332 5326 428 5380 52.
502 5325 548 5355 ’⁵
581 5322 812 5389 Philipp.
837 5335 896 5380 tt,
932 5318 987 5371 9.

409 5417 523 5496 (59)
563 5413 864 5483 Τεχνίτου.
898 5408 991 5463 Sic
1033 5404 1198 5462 Coisl.
1248 5405 1274 5458 1
1325 5411 1382 5457 et
1424 5399 1548 5454 Bas.
1581 5397 1639 5452 In
1685 5398 1795 5464 ed.,
1830 5415 1919 5450 τε-

334 5506 1163 5624 χνίέδῖ’έιηβύμιοοι.βοίφ.
1193 5553 1244 5608 1,
1280 5539 1612 5624 διηγοξνται.
1648 5619 1659 5624 Δ
1681 5608 1718 5624 Π
1759 5607 1771 5618 .

849 5623 938 5676 Sic
962 5621 1065 5674 duo
1093 5607 1285 5688 ηυδε..
1305 5607 1413 5670 tres
1437 5613 1589 5668 Colb.
1611 5607 1842 5666 etCoisl.
1870 5608 1920 5662 1.

334 5702 395 5758 In
421 5695 532 5761 ed.,
570 5695 887 5764 «avrae,
1011 5758 1109 5764 ____
1241 5757 1251 5764 _
1572 5751 1605 5764 ..

406 5752 532 5840 (δεῖ
559 5752 980 5840 Χῳρρςάζντίας.
1011 5758 1134 5840 aut.
1163 5757 1328 5840 «εἰπε
1357 5768 1519 5809 causa
1552 5752 1755 5840 dictum
1785 5757 1919 5840 est.)

555 5817 751 5894 ﬁniat}
805 5817 972 5886 Θεοῦ.
1014 5830 1258 5900 Vulgata,
1292 5845 1309 5877 ι
1353 5839 1567 5880 servum
1609 5821 1724 5876 Dei.
1757 5840 1775 5871 ι
1819 5817 1925 5874 Νο-

669 5930 948 5989 ΡΑτιιοι..
997 5925 1115 5986 Gn.
1163 5923 1278 5983 XX
1294 5920 1436 5980 XVI

1987 5238 2150 5297 "lsa.
2181 5237 2408 5302 um“.

2507 5235 2554 5269 ”
2584 5234 2718 5288 Luc.
2743 5248 2782 5298 l,
2815 5225 2925 5286 '55.‘
3014 5231 3060 5262 ’⁸
3088 5230 3219 5285 ibid.
3244 5228 3332 5282 78.
3407 5225 3607 5280 “ibid.

2028 5399 2207 5463 bilius,
2241 5417 2260 5449 ι
2297 5410 2520 5465 puerum
2548 5391 2676 5465 _Dei,
2707 5410 2724 5443 ι
2761 5390 2853 5465 εεά
2882 5388 3067 5465 eodem
3103 5398 3288 5465 sensu:

2103 5447 2213 5542 (ἐξιᾶ
2247 5447 2942 5544 Ἰξάὲέκομένοιὲκβὶθεο.
2975 5459 3086 5544 ‘1'!"
3117 5447 3604 5544 .9°i§':.._'.1..‘.’f';:

2030 5519 2210 5664 ὲῖειέεῖῗ
2234 5519 2681 5608 διατεγιῆιένουςί
2715 5531 2839 5586 Mox
2861 5519 2942 5582 ”τί
2987 5519 3082 5580 δέ.⁷
3116 5525 3173 5579 In
3207 5522 3524 5593 quibusdam
3553 5519 3605 5571 τί

2062 5629 2095 5664 α
2123 5651 2136 5664 .
3275 5663 3279 5664 ν
3438 5661 3448 5664 -
3492 5658 3515 5664 -.

2103 5658 2215 5752 ζθῦ)
2283 5680 2520 5748 Ὄνομα.
2577 5675 2692 5732 Duo
2742 5672 2912 5743 Rege.
2954 5676 3007 5724 et
3046 5675 3154 5722 tres
3193 5663 3368 5732 Colb.,
3404 5661 3464 5715 τὸ
3489 5658 3608 5714 ὅνο-

2034 5769 2130 5823 μα.

3252 5888 3283 5949 τι
