4038 6338
475 346 576 402 107

1665 343 1718 397 S.
1765 344 2092 400 GIiEGORll
2136 344 2480 401 THEOLOGI

3601 352 3703 406 168

466 461 849 529 Deus?Atque
902 459 1064 519 istud,
1105 471 1262 510 omne
1316 469 1452 524 genu
1509 465 1634 510 ante
1680 472 1800 511 eum
1851 457 2023 512 necta-

2135 459 2322 510 (ιὺτὸν
2350 459 2442 510 καί
2480 458 2734 526 Χριστὸν·
2764 462 2795 512 ό
2823 458 2966 524 Θεὸς
3014 459 3318 524 ἐποίησεν.
3369 459 3562 528 Γέγονε
3597 463 3706 531 γὰρ

464 566 552 610 tur
583 555 649 616 ⁸⁷,
684 553 775 622 qui
814 560 989 605 nostra
1025 565 1185 605 causa
1223 550 1532 602 exinanitus
1563 555 1663 609 est,
1699 563 1763 600 ac
1789 548 2024 601 divinam

387 696 400 706 ι
465 637 754 713 imaginem
796 642 975 696 servili
1007 641 1193 693 forma:
1239 638 1539 707 conjunxit,
1588 640 1820 707 sciatque
1859 639 2024 692 omnis

2136 549 2323 611 ταῦτα,
2358 549 2606 619 ἐνεργείᾳ
2641 549 2736 620 μὲν
2771 550 2864 602 τοῦ
2895 551 3248 620 γεννήματος,
3285 552 3501 623 εὐδοκία
3525 553 3581 606 δὲ
3608 554 3704 608 τοῦ

2134 641 2355 710 γεννήτο
2364 658 2470 710 ρος.
3401 633 3406 638 ί

407 757 413 778 ³
460 723 646 796 damus
677 738 866 799 Israel,
898 737 1020 804 quia
1052 745 1097 788 et
1159 734 1438 788 Dominum
1501 750 1639 798 eum,
1687 745 1734 788 et
1767 732 2033 788 Christum
2079 735 2197 802 fecit
2236 733 2374 788 Deus
2407 736 2473 788 νε.
2532 735 2654 791 llaec
2699 737 2838 790 enim
2893 736 3066 791 factus
3117 743 3216 800 est,
3265 751 3428 807 Opera
3489 737 3704 806 quidem

461 833 600 900 ejus,
629 831 718 900 qui
774 829 984 898 genitus
1030 839 1136 888 est,
1177 829 1314 881 bona
1361 838 1538 881 autem
1573 827 1846 882 voluntate
1873 831 2150 898 genitoris.
2885 827 2890 831 ’

532 921 620 975 ιν.
650 919 786 986 Quid
820 920 1056 973 secundo
1093 919 1233 982 loco,
1297 931 1551 988 tanquam
1603 920 1821 973 maximi
1858 931 2019 989 atque

465 1011 646 1066 invicti
677 1007 954 1078 cujusdam
989 1011 1220 1075 roboris,
1253 1011 1576 1080 opponunt?
1619 1012 1845 1079 Oportet
1883 1013 2024 1065 enim

465 1104 609 1156 illum
639 1116 866 1172 regnare
888 1101 934 1133 ⁹⁹
976 1102 1081 1156 huc
1115 1117 1303 1172 usque.
1335 1110 1384 1156 et
1414 1118 1442 1156 a
1474 1103 1612 1158 coelo
1635 1104 1833 1174 suscipi
1863 1119 2031 1172 usque

463 1196 528 1247 ad
589 1193 950 1249 restitutionis
1003 1202 1247 1262 tempora
1283 1193 1321 1258 ',
1378 1203 1431 1248 et
1464 1208 1493 1247 a
1544 1194 1745 1248 dextris
1777 1195 2028 1256 sedcre',

465 1286 635 1340 donec
667 1285 851 1340 hostes
914 1286 965 1339 in
1003 1293 1323 1354 potestatem
1375 1285 1665 1356 redegerit.
1715 1285 1852 1351 Quid
1906 1301 2032 1338 vero

466 1378 694 1446 postea?
725 1377 1006 1448 Regnandi
1063 1375 1222 1430 linem
1273 1375 1474 1440 lacere,
1536 1385 1627 1430 aut
1677 1390 1708 1430 e
1764 1377 1917 1430 caelis
1941 1392 2033 1429 ex-

461 1467 714 1531 pelli?Et
739 1469 1014 1538 quisnam,
1071 1466 1322 1530 obsecro,
1367 1482 1486 1520 eum
1537 1481 1566 1522 e
1616 1482 1780 1537 regno
1819 1467 2034 1534 cjieiet?

464 1563 573 1613 Aut
603 1573 763 1628 quam
805 1558 873 1613 ob
901 1555 1160 1613 causam?
1209 1555 1380 1623 Quam
1423 1557 1596 1610 audax
1639 1551 1926 1610 enarrator
1953 1573 2028 1620 es,

466 1653 797 1720 nimiumque
831 1665 859 1704 a
894 1649 1038 1718 regio
1084 1647 1211 1717 jugo
1255 1647 1583 1703 abhorrens!
1617 1648 1686 1700 At
1716 1649 1861 1718 regni
1893 1648 2032 1702 illius

467 1746 666 1800 nullum
711 1746 868 1798 linem
893 1743 912 1774 ³
949 1740 1107 1813 542
1137 1740 1253 1795 fore
1322 1739 1494 1795 audis.
1549 1739 1745 1795 Verum
1779 1741 1892 1795 lucc
1934 1740 2024 1794 tibi

463 1835 668 1891 erroris
691 1849 850 1889 causa
876 1842 978 1898 est,
1009 1833 1149 1901 quod
1199 1847 1302 1886 non
1352 1831 1607 1902 intelligis
1640 1832 1778 1886 hanc
1817 1846 2024 1896 vocem,

464 1925 571 1989 ἕως
630 1925 703 1994 (id
759 1935 859 1986 est,
908 1927 1130 1993 usque),
1173 1937 1280 1976 non
1337 1935 1550 1991 semper
1579 1919 1758 1974 futuro
1802 1921 2026 1989 tempori

463 2018 682 2086 opponi,
721 2016 811 2070 sed
839 2015 909 2069 ita
934 2012 1272 2082 interiectum
1303 2023 1512 2082 tempus
1543 2020 1804 2075 statuere,
1851 2019 1905 2064 ut
1952 2011 2026 2063 in-

465 2111 623 2166 terim
655 2124 886 2179 sequens
911 2116 1121 2177 tempus
1171 2121 1276 2161 non
1331 2103 1597 2159 excludat.
1641 2100 1774 2156 Nam
1811 2103 1912 2156 nisi
1956 2103 2026 2156 ita

463 2220 549 2258 res
573 2218 631 2258 se
655 2203 869 2266 habeat,
901 2215 1133 2272 quonam
1160 2201 1317 2252 modo
1363 2195 1514 2260 illud,
1549 2206 1630 2250 ut-
1655 2195 1756 2250 alia
1808 2205 2028 2265 praeter-

461 2312 602 2360 eam,
643 2294 901 2363 intelliges
935 2313 947 2346 :
991 2290 1096 2344 Ero
1128 2289 1390 2343 vobiscum
1416 2305 1575 2360 usque
1605 2290 1672 2342 ad
1698 2305 2029 2342 consumam-

461 2385 850 2440 tioncmswculi
891 2383 950 2436 ‘?
988 2383 1066 2436 An
1104 2381 1259 2450 quasi
1300 2390 1483 2449 postea
1539 2381 1756 2434 minime
1815 2378 2026 2434 futurus

463 2481 574 2532 sit?
600 2478 663 2531 Et
697 2491 814 2544 qua:
851 2477 963 2529 hare
996 2474 1132 2527 ratio
1173 2471 1350 2526 esset?
1393 2470 1498 2524 Nec
1549 2487 1672 2526 vero
1723 2471 1821 2524 hac
1856 2471 2026 2525 solum

463 2573 529 2625 de
553 2585 713 2624 causa
747 2569 796 2622 in
827 2581 1066 2623 errorem
1099 2565 1290 2619 incidis
1311 2603 1326 2629 ,
1382 2563 1475 2616 sed
1509 2562 1670 2615 etiam
1703 2563 1826 2632 quia
1861 2562 2028 2632 signi-

465 2665 742 2718 ﬁcationes
771 2663 914 2732 ipsas
946 2675 1049 2714 non
1106 2658 1413 2728 distinguis.
1460 2655 1711 2724 Regnare
1751 2658 1894 2710 enim
1932 2656 2024 2710 du-

467 2756 590 2826 plici
618 2754 776 2809 modo
813 2752 1028 2814 dicitur,
1079 2765 1206 2816 uno,
1251 2759 1310 2804 ut
1337 2747 1708 2818 Omnipotens,
1760 2764 1821 2800 ac
1847 2747 2030 2802 volen-

467 2849 596 2901 tium
625 2845 1028 2912 nolentiumun
1062 2841 1174 2896 Rex
1204 2858 1217 2894 :
1247 2840 1438 2906 altero,
1466 2849 1524 2895 ut
1559 2839 1944 2910 subjectionem
1977 2839 2027 2891 in

463 2937 618 2993 nobis
645 2937 888 3007 gignens,
917 2945 970 2990 et
1015 2933 1114 2989 sub
1164 2931 1446 3002 imperium
1484 2945 1638 2986 suum
1677 2945 1740 2984 ac
1771 2931 2028 2984 ditionem

461 3044 560 3085 nos
594 3031 857 3099 redigens,
885 3036 1068 3097 utpote
1103 3026 1192 3093 qui
1226 3025 1474 3080 lubenter
1497 3023 1668 3094 ipsius
1697 3037 1860 3093 regno
1892 3022 2025 3077 colla

2205 925 2277 974 A'.
2307 923 2566 994 Δεύτερον
2597 923 2652 976 δὲ
2679 923 2732 976 τί
2761 923 2866 976 τῶν
2918 924 3185 994 μεγίστων
3215 923 3396 984 αὑτοῖς
3441 921 3533 974 καὶ
3559 922 3703 991 ἀμά-

2127 1028 2235 1080 χων
2265 1028 2278 1075 ;
2316 1013 2406 1064 Δεῖ
2435 1012 2542 1084 γὰρ
2588 1012 2748 1066 αὑτὸν
2785 1012 3085 1082 βασιλεύειν
3139 1013 3264 1082 ἄχρι
3290 1011 3459 1075 τοῦδε,
3488 1011 3580 1064 καὶ
3611 1012 3703 1065 ὑπ’

2126 1104 2354 1175 ούρανοῦ
2383 1105 2633 1175 δεχθῆναι
2668 1107 2794 1177 ἄχρι
2829 1106 3032 1176 χρόνων
3066 1105 3577 1169 ἀποκαταστάσεως,
3610 1108 3704 1158 καὶ

2129 1197 2225 1269 τὴν
2259 1199 2322 1251 ὲκ
2369 1197 2556 1262 δεξιῶν
2598 1198 2862 1268 καθέδραν
2896 1197 3058 1268 ἔχειν,
3101 1197 3206 1262 ἕως
3232 1199 3330 1269 τῆς
3357 1197 3463 1251 τῶν
3494 1198 3704 1269 ἐχθρῶν

2131 1289 2560 1360 ἐπικρατήσεως.
2599 1291 2670 1342 Τὸ
2707 1291 2841 1361 μετὰ
2874 1291 3029 1344 τοῦτο
3059 1291 3116 1344 δὲ
3148 1291 3200 1343 τί
3225 1308 3238 1355 ;
3283 1291 3454 1362 Λῆξαι
3480 1293 3575 1362 τῆς
3605 1291 3702 1362 βα-

2135 1383 2352 1448 σιλείας,
2380 1383 2411 1453 ἢ
2442 1383 2550 1435 τῶν
2584 1383 2827 1454 οὐρανῶν
2868 1384 3164 1454 ἀποστῆναι
3204 1381 3314 1453 (66)
3340 1400 3354 1448 ;
3386 1384 3540 1446 Τίνος
3565 1384 3703 1436 παύ-

2132 1488 2316 1534 σοντος
2341 1471 2412 1542 ;ἢ
2444 1471 2508 1524 δι’
2555 1472 2742 1542 ἥντινα
2779 1471 2875 1542 τὴν
2918 1472 3097 1525 αἰτίαν
3126 1471 3236 1542 (67)
3265 1489 3278 1535 ;
3318 1472 3406 1534 Ὡς
3432 1473 3703 1545 τολμηρὲς

2129 1559 2400 1632 ἐξηγητὴς
2459 1559 2568 1630 (68)
2614 1561 2698 1624 σὺ,
2747 1561 2840 1613 καὶ
2872 1561 2990 1616 λίαν
3036 1561 3553 1624 ἀδασίλευτοςίιὶαὶ
3597 1564 3703 1632 μὴν

2129 1653 2346 1715 ἀκούεις
2397 1653 2496 1723 τῆς
2535 1651 2808 1722 βασιλείας
2837 1653 3000 1706 αὑτοῦ
3045 1655 3118 1725 μὴ
3149 1649 3285 1707 εἶναι
3315 1653 3514 1725 πέρας.ί
3545 1653 3702 1708 Ἀλλὲι

2129 1744 2284 1798 τοῦτο
2309 1744 2555 1814 πάσχεις,
2612 1744 2762 1816 παρὰ
2790 1745 2851 1797 τὸ
2885 1745 2956 1818 μὴ
3000 1745 3303 1813 γινώσκειν,
3339 1746 3419 1798 ὅτι
3452 1745 3530 1811 τὸ,
3569 1745 3700 1813 ἕως,

2130 1837 2192 1889 οὑ
2219 1837 2435 1899 πάντως
2483 1835 2799 1907 ἀντιδιαιρεῖ
2823 1836 2900 1907 τῷ
2955 1836 3216 1907 μέλλοντι,
3273 1838 3406 1891 ἀλλὰ
3447 1839 3506 1892 τὸ
3541 1841 3703 1910 μέχρι

2137 1929 2234 1998 μὲν
2269 1927 2417 1980 τοῦδε
2457 1927 2586 2000 (69),
2618 1927 2800 1998 τίθησι
2822 1946 2834 1959 ·
2897 1929 2957 1980 τὸ
2990 1929 3126 1999 ὑπὲρ
3177 1927 3334 1982 τοῦτο
3367 1930 3477 2000 (70)
3501 1930 3576 1996 δὲ,
3603 1933 3703 1984 οὐκ

2131 2018 2426 2071 ἀναίνεται.
2467 2019 2535 2070 Ἢ
2573 2016 2690 2080 πῶς
2723 2019 2955 2088 νοήσεις,
3002 2018 3087 2071 ἵνα
3117 2019 3189 2090 μὴ
3221 2020 3384 2074 τᾶλλα
3410 2020 3553 2090 λέγω
3606 2023 3666 2074 τό
3687 2040 3698 2052 ’

2135 2109 2388 2175 Ἕσομαι
2413 2107 2541 2175 μεθ’
2563 2105 2728 2176 ὑμῶν
2754 2105 2864 2172 ἕως
2905 2107 3014 2175 τῆς
3057 2109 3415 2174 συντελείας
3449 2109 3552 2163 τοῦ
3571 2110 3706 2163 αἰῶ-

2130 2214 2270 2262 νος;
2298 2192 2423 2268 Ἆρ’
2449 2196 2524 2260 ὡς
2579 2197 2716 2267 μετὰ
2757 2197 2913 2250 τοῦτο
2971 2198 3070 2250 οὑκ
3117 2197 3197 2251 ἔτι
3229 2198 3343 2268 (71)
3394 2199 3698 2270 ἐσομένους

2131 2288 2238 2341 Καὶ
2269 2287 2400 2350 τίςὸ
2426 2287 2609 2355 λόγοςς
2643 2287 2717 2339 Οὑ
2764 2287 2921 2354 μόνον
2953 2287 3031 2352 δὲ,
3063 2287 3199 2341 ἀλλὰ
3224 2289 3316 2342 καί
3346 2289 3496 2361 παρὰ
3537 2289 3597 2342 τὸ
3628 2289 3705 2360 μὴ

2129 2383 2354 2453 διαιρεῖν
2405 2380 2474 2434 τὰ
2509 2379 2896 2451 σημαινόμενα.
2956 2378 3267 2434 Βασιλεύει-ι
3309 2380 3416 2452 γὰρ
3466 2379 3702 2450 λέγεται,

2130 2475 2250 2528 καθ’
2311 2474 2367 2528 ἓν
2399 2474 2515 2544 μὲν,
2565 2473 2640 2535 ὡς
2674 2470 3094 2543 Παντοκράτωρ,
3151 2474 3244 2525 καὶ
3291 2471 3568 2537 θελόντων,
3607 2474 3705 2525 καὶ

2133 2562 2227 2634 μὴ,
2259 2561 2506 2632 βασιλεύς
2530 2577 2542 2590 ·
2575 2558 2692 2613 καθ’
2721 2559 2904 2629 ἕτερον
2944 2559 3020 2624 δὲ,
3054 2559 3129 2622 ὡς
3173 2560 3409 2631 ἐνεργῶν
3437 2561 3534 2631 τὴν
3573 2562 3704 2614 ὑπο-

2128 2652 2300 2724 ταγὴν
2345 2651 2479 2722 (72),
2539 2652 2632 2703 καὶ
2665 2650 2769 2702 ὑπὸ
2811 2649 2909 2719 τὴν
2969 2649 3159 2702 ἑαυτοῦ
3211 2651 3484 2719 βασιλείαν
3535 2651 3703 2715 τιθεῖς

2129 2745 2297 2813 ἡμᾶς,
2325 2741 2547 2803 ἑκόντας
2572 2739 2890 2810 δεχομένους
2912 2738 2974 2792 τὸ
3023 2739 3420 2810 βασιλεύεσθαι.
3461 2741 3572 2811 Τῆς
3603 2741 3704 2810 μὲν

2128 2829 2220 2885 οὖν
2251 2831 2474 2894 ἐκείνως
2497 2830 2792 2900 νοουμένης
2849 2829 3123 2899 βασιλείας
3147 2830 3246 2883 οὑκ
3297 2831 3447 2883 ἔσται
3487 2830 3660 2902 πέρας
3685 2847 3700 2860 ·

2128 2927 2227 2994 τῆς
2251 2923 2508 2994 δευτέρας
2535 2922 2610 2987 δὲ,
2634 2922 2686 2974 τί
2721 2921 2833 2991 (75)
2864 2941 2877 2989 ;
2915 2922 2986 2974 Τὺ
3019 2922 3200 2974 λαϐεῖν
3226 2924 3374 2993 ἡμᾶς
3409 2923 3514 2976 ὑπὸ
3544 2927 3704 2994 χεῖρα

2131 3014 2242 3086 (74)
2279 3013 2638 3085 σωζομένους.
2684 3012 2748 3064 Τί
2777 3012 2886 3084 γὰρ
2915 3013 2996 3066 δεῖ
3027 3013 3123 3085 τ’ὴν
3157 3014 3429 3086 ὑποταγὴν
3459 3016 3703 3087 ἐνεργεῖν

457 3120 855 3176 ‘submittimus.
883 3117 1037 3185 Quod
1061 3131 1188 3187 ergo
1216 3116 1281 3170 ad
1305 3116 1538 3184 priorem
1575 3113 2023 3183 signiﬁcationem

2129 3105 2580 3176 ὑποτεταγμένων
2605 3121 2619 3170 ;
2649 3104 2780 3158 Μεθ’
2816 3105 2880 3175 ἣν
2907 3105 3188 3158 ἀνίσταται
3221 3107 3420 3178 κρίνων
3441 3106 3539 3178 τὴν
3570 3107 3700 3176 γῆν.

461 3212 669 3273 attinet,
704 3209 853 3280 regni
879 3209 1047 3279 ipsius
1073 3208 1194 3262 linis
1221 3207 1399 3262 nullus
1421 3207 1544 3261 erit.
1567 3204 1718 3272 Quod
1753 3214 1933 3260 autem
1958 3205 2024 3258 ad

460 3301 769 3366 secundam,
799 3299 919 3368 quis
948 3298 1056 3352 erit
1087 3295 1246 3352 linis?
1268 3293 1339 3350 Ut
1369 3308 1469 3350 nos
1523 3291 1798 3360 subjectos
1822 3301 2022 3355 teneat,

457 3400 758 3460 servetque.
801 3389 940 3456 Quid
991 3389 1132 3444 enim
1184 3401 1317 3456 Opus
1372 3385 1476 3440 erit
1522 3383 1913 3454 subjectionem
1973 3382 2025 3436 in

457 3483 612 3538 nobis
644 3483 850 3562 moliri,
873 3495 994 3535 cum
1021 3479 1130 3550 jam
1166 3479 1266 3550 ipsi
1303 3477 1527 3546 subjecti
1551 3473 2024 3540 l'uerimus?Quod

2132 3197 2224 3251 καὶ
2243 3194 2461 3267 διαιρῶν
2485 3195 2546 3248 τὸ
2573 3193 2894 3266 σωζόμενον,
2929 3195 3022 3248 καί⁵
3051 3198 3110 3248 τὸ
3139 3195 3506 3268 ἀπολλύμενον
3530 3214 3543 3226 ·
3581 3198 3702 3269 μεθ’

2131 3290 2197 3358 ἢν
2255 3289 2466 3342 ἵσταται
2515 3287 2646 3351 Θεὸς
2696 3289 2752 3340 ἐν
2801 3289 2948 3359 μέσῳ
3003 3287 3158 3354 θεῶν,
3205 3288 3312 3343 τῶν
3357 3289 3698 3360 σωζομένων,

2131 3378 2418 3449 διακρίνων
2450 3377 2544 3430 καὶ
2573 3376 2916 3440 διαστέλλων,
2948 3377 3089 3441 τίνος
3140 3378 3368 3442 ἕκαστος
3403 3380 3566 3451 τιμῆς
3604 3381 3704 3434 καὶ.

2135 3478 2300 3546 μονῆς
2321 3472 2486 3538 ἄξιος.

455 3587 742 3648 postquam
773 3559 1050 3640 eii'ecerit,
1080 3583 1422 3629 surrecturus
1445 3579 1529 3627 est
1563 3571 1629 3625 ad
1663 3569 1925 3640 judicium
1991 3567 2057 3622 de
2099 3577 2238 3622 terra
2291 3568 2592 3633 ferendum,
2641 3575 2694 3623 et
2747 3567 3108 3622 secernendos
3157 3578 3272 3632 eos,
3325 3567 3416 3636 qui
3466 3567 3697 3624 salutem

457 3675 880 3736 consequuntur,
919 3665 988 3719 ab
1019 3664 1084 3718 iis
1120 3664 1209 3732 qui
1252 3673 1518 3732 pereunt;
1575 3662 1848 3731 stabitque
1872 3661 2014 3717 Deus
2051 3660 2103 3715 in
2128 3659 2302 3714 medio
2324 3660 2547 3714 deorum
2578 3660 2619 3725 ⁵,
2654 3661 2756 3716 hoc
2789 3670 2890 3726 est,
2958 3660 3233 3716 beatorum
3263 3659 3540 3716 hominum
3565 3703 3580 3728 ,
3640 3673 3702 3717 ut

459 3760 801 3828 dijudieetac
844 3757 1156 3825 distinguat,
1190 3769 1296 3824 quo
1327 3755 1552 3824 quisque
1579 3753 1798 3808 honoris
1825 3752 2016 3824 gradu,
2057 3764 2268 3822 quaque
2305 3749 2585 3805 mansione
2636 3751 2826 3821 dignus
2866 3751 2952 3806 sit.

527 3850 593 3903 γ.
629 3849 763 3904 Huic
791 3847 1178 3919 subiectionem
1209 3860 1422 3916 quoque
1453 3845 1610 3900 istam
1637 3845 1888 3916 adiunge,
1911 3859 2016 3914 qua

437 3945 650 4002 'Filium
706 3942 854 3998 Patri
906 3940 1149 4009 subjicis.
1195 3937 1334 4006 Quid
1387 3939 1488 4001 ais,
1544 3941 1831 4008 quasijam
1881 3952 2020 3991 nunc

456 4033 729 4102 subjectus
764 4047 867 4087 non
907 4031 980 4086 sit
1012 4030 1069 4084 '?
1095 4028 1381 4083 Autetiam
1407 4029 1628 4084 omnino
1667 4044 1802 4096 opus
1837 4038 1940 4094 est,
1963 4036 2021 4082 ut

444 4126 572 4178 “Deo
606 4121 942 4189 subjiciatur,
985 4121 1076 4189 qui
1113 4129 1166 4173 et
1204 4120 1315 4187 ipse
1369 4118 1508 4174 Deus
1533 4119 1648 4173 est?
1685 4119 1824 4189 Ergo
1866 4119 2018 4188 quasi

457 4215 525 4270 de
559 4214 769 4268 latrone
792 4211 1051 4280 quodam,
1085 4220 1178 4265 aut
1207 4210 1301 4265 Dei
1329 4211 1503 4275 hoste,
1541 4211 1700 4266 verba
1731 4209 1880 4264 facis.
1926 4209 2022 4264 Vc-

453 4321 576 4362 rum
611 4306 684 4360 ita
721 4318 834 4360 rem
852 4302 1116 4372 expende.
1165 4301 1626 4368 Quemadmodum
1668 4300 1857 4356 salutis
1892 4315 2022 4355 mea:

451 4413 614 4456 causa
642 4397 984 4452 maledictum
1023 4405 1246 4452 vocatus
1273 4402 1356 4450 est
1377 4395 1421 4461 ⁷,
1462 4393 1552 4464 qui
1579 4393 2017 4448 maledictionem

2197 3843 2270 3896 E'.
2303 3841 2489 3912 Τούτῳ
2524 3841 2758 3895 σύναπτε
2794 3844 2887 3896 καὶ
2915 3844 3012 3914 τὴν
3041 3843 3340 3916 ὑποταγὴν,
3367 3845 3433 3915 ἣν
3456 3845 3698 3899 ὑποτάσ‹

2129 3952 2240 3999 σεις
2269 3935 2347 4006 τῷ
2377 3937 2547 4008 Πατρὶ
2578 3936 2669 3990 τὸν
2693 3937 2840 3990 Υίόν.
2878 3937 2941 3988 Τί
2979 3935 3172 4004 λέγεις,
3207 3937 3281 4000 ὡς
3314 3937 3407 3991 νῦν
3439 3938 3537 4008 οὐχ
3562 3938 3699 3992 ὑπο-

2125 4025 2495 4095 τεταγμένου;
2555 4025 2721 4078 δεῖται
2754 4025 2867 4095 (75)
2924 4025 2982 4077 δὲ
3013 4026 3149 4088 ὅλως
3192 4027 3525 4098 ὑποταγῆναι
3575 4026 3699 4096 Θεῷ

2120 4115 2251 4180 Θεὸς
2276 4115 2383 4182 ὥν;
2442 4117 2530 4180 Ὡς
2588 4118 2713 4188 περὶ
2745 4117 2942 4188 λῃστοῦ
2999 4133 3162 4179 τινος,
3191 4116 3226 4188 ἦ
3269 4117 3534 4180 ἀντιθέου,
3563 4135 3652 4170 ποι
3678 4123 3694 4189 γ

2119 4209 2207 4262 τὸν
2237 4209 2411 4278 λόγον.
2477 4210 2616 4262 Ἀλλ’
2655 4210 2795 4262 οὕτω
2825 4210 3053 4263 σκόπει·
3118 4209 3200 4262 ὅτι
3253 4209 3438 4281 ῶσπερ
3476 4210 3696 4282 κατάρα

2120 4300 2318 4368 ἢκουσε
2387 4299 2456 4352 δι’
2497 4301 2618 4370 ἐμὲ,
2671 4301 2826 4371 ὀτὴν
2887 4301 3025 4371 ἐμὴν
3063 4299 3204 4353 λύων
3265 4301 3539 4371 κατάρανο
3594 4304 3694 4356 καὶ

2119 4393 2382 4464 ἁμαρτία.
2416 4395 2444 4447 ὁ
2477 4393 2646 4465 αἴρων
2697 4393 2796 4463 τὴν
2853 4393 3121 4463 ἁμαρτίαν
3167 4393 3261 4446 τοῦ
3322 4394 3559 4466 κόσμου’
3596 4397 3695 4447 καὶ

452 4505 624 4547 meam
653 4489 842 4555 solvit;
875 4497 930 4546 et
977 4497 1279 4558 peccatum,
1338 4489 1430 4559 qui
1489 4487 1674 4542 mundi
1727 4495 2010 4554 peccatum

2135 4483 2302 4556 Ἀδὰμ
2333 4484 2574 4540 ἀντὶ-τοῦ
2630 4484 2858 4538 παλαιοῦ
2889 4484 3092 4553 γίνεται
3137 4485 3251 4548 νέος
3275 4502 3288 4514 ·
3345 4484 3486 4538 ο⁹ύτω
3513 4484 3606 4538 καὶ
3627 4485 3695 4538 τὸ

450 4579 592 4634 delet
623 4580 680 4642 ες
709 4594 769 4633 ac
796 4592 892 4646 pro
919 4579 1086 4632 veteri
1115 4577 1348 4642 Adamo,
1383 4592 1552 4632 novus
1573 4576 1814 4630 Adamus
1840 4574 2009 4629 cilici-

453 4670 574 4723 tur'
603 4686 615 4721 :
643 4669 709 4721 ad
740 4669 990 4721 eumdem
1019 4681 1232 4736 quoque
1273 4668 1488 4722 modum
1517 4667 1908 4722 contumaciam
1958 4675 2010 4720 et

439 4757 794 4812 rebellionem
821 4771 993 4811 meam
1019 4757 1121 4811 sibi
1162 4759 1400 4825 asciscit,
1453 4763 1511 4814 ut
1551 4761 1717 4815 totius
1763 4758 2008 4830 corporis

2119 4576 2250 4646 ἐμὸν
2289 4577 2659 4630 ἀνυπότακτον
2690 4578 2882 4631 ἑαυτοῦ
2926 4583 3178 4645 ποιεῖται,
3209 4579 3283 4641 ὡς
3337 4576 3542 4648 κεφαλὴ
3590 4575 3692 4630 τοῦ

2119 4667 2321 4730 παντὸς
2344 4667 2609 4738 σώματος.
2644 4669 2787 4731 Ἕως
2819 4670 2916 4738 μὲν
2945 4664 3036 4722 οὖν
3065 4669 3432 4730 ἀνυπότακτος
3459 4665 3567 4735 ἐγὼ
3593 4666 3694 4720 καὶ

2121 4759 2437 4831 στασιώδης,
2474 4763 2538 4830 τῇ
2573 4778 2631 4812 τε
2683 4762 2904 4832 ἀρνήσει
2933 4760 3024 4814 τοῦ
3067 4759 3222 4825 Θεοῦ,
3260 4760 3489 4823 καὶτοῖς
3520 4759 3692 4812 milia

519 4898 562 4928 ’7
589 4895 817 4966 Philipp.
841 4909 901 4966 tl,
931 4892 1015 4966 16.
1093 4895 1138 4926 ’⁸
1164 4895 1280 4950 Act.
1305 4897 1471 4958 “.56.
1545 4898 1590 4929 ⁸³
1618 4897 1773 4954 ICur.
1797 4914 1883 4964 xv,
1911 4899 2001 4953 25.

2127 4901 2241 4954 Act.
2269 4914 2348 4961 ιιι,
2371 4898 2460 4952 21.
2537 4899 2557 4928 ²
2581 4896 2719 4951 Psal.
2746 4913 2854 4961 crx,
2885 4900 2936 4952 1.
3018 4901 3038 4932 ³
3062 4897 3190 4953 an.
3224 4913 3262 4959 ι,
3451 4896 3683 4955 ³Μιιιιὶι.

447 4981 637 5031 xxvnt,
659 4964 776 5019 20.‘
823 4966 844 4996 ⁸
880 4964 1016 5018 Psal.
1048 4967 1306 5025 ιιικχιΛ.

536 5122 624 5196 66)
677 5124 1058 5196 ’ᾼποστῆναι.
1088 5125 1199 5179 lluo
1219 5123 1409 5196 Regg.,
1445 5121 1765 5196 ἀποςοῇναι.

537 5195 625 5266 67)
657 5194 774 5266 Τὴν
797 5197 1009 5266 αἰτίαν.
1043 5195 1197 5248 Deest
1216 5195 1314 5266 τήν
1341 5194 1394 5249 in
1428 5196 1594 5266 tribus
1626 5194 1795 5264 liegg.

511 5259 624 5334 (68)
672 5259 1013 5334 Ἐξηγητής.
1050 5266 1235 5319 Contb.
1266 5259 1432 5329 addit,
1464 5259 1533 5334 εἷζ

511 5332 622 5404 (69)
653 5332 842 5404 Μέχρι
868 5334 985 5402 μὲν
1019 5335 1211 5389 τοῦδε.
1251 5335 1340 5390 Sic
1367 5347 1475 5391 tres
1507 5332 1675 5405 Itegg.
1698 5335 1750 5389 In
1779 5338 1887 5400 cd.,
1911 5333 2009 5406 μένα

442 5419 530 5457 γρι
550 5403 698 5456 τοῦδε
720 5405 838 5457 μέν.
1678 5417 1685 5424 ”

441 5419 530 5474 χρι
550 5419 698 5456 τουοε
719 5419 838 5475 μεν.
1678 5419 1685 5424 ·

444 5473 720 5597 τὰςίέὲτζὺ
744 5476 894 5544 ὑπὲρ
922 5474 1113 5530 τοῦτο.
1143 5474 1332 5530 Plures
1355 5474 1519 5546 Regg.
1554 5485 1605 5530 et
1626 5475 1801 5542 Colb.,
1823 5479 1881 5530 τὸ
1909 5492 2006 5546 με-

506 5611 618 5683 (7i)
675 5615 854 5686 Τοῦτο
887 5617 996 5670 οὐκ
1023 5615 1126 5686 gn.
1167 5613 1322 5686 Deest
1353 5613 1430 5668 ἔτι
1457 5615 1508 5668 iu
1564 5614 1728 5671 tribus
1757 5616 1918 5686 Regg.
1953 5625 2006 5672 et

439 5678 613 5763 Cypri:
635 5683 724 5763 qui
757 5686 933 5763 habet,
957 5684 1226 5763 τρῦτοιμή.

506 5752 620 5812 (72)
653 5757 746 5816 Ὡς
793 5752 1046 5822 ἐνεργῶν
1070 5752 1546 5826 τὴιίύποταγήν.
1594 5755 1860 5812 Leuvenk.
1921 5757 2000 5812 sic

1383 4968 1404 4998 ⁸
1428 4968 1442 5019 l
1466 4966 1590 5021 Cor.
1622 4968 1813 5031 xv,28.
1887 4970 1906 4999 τ
1936 4969 2112 5024 Galat.
2149 4984 2230 5033 ιιι,
2271 4968 2356 5022 15.
2433 4967 2454 4999 ⁸
2481 4966 2519 5021 ll
2546 4966 2670 5022 Cor.
2702 4984 2752 5034 v,
2776 4969 2865 5021 21.

2943 4969 2965 5002 ⁹
3000 4969 3018 5023 1
3058 4969 3181 5024 Cor.
3241 4984 3330 5034 xv,
3364 4967 3450 5022 45.

2117 5127 2325 5184 vertit:
2370 5145 2389 5179 ι
2427 5127 2576 5192 Quod
2615 5127 2999 5194 subiectionem
3049 5134 3283 5196 pratstet,
3327 5141 3528 5196 nosque
3577 5142 3604 5182 s
3647 5128 3685 5182 b

2118 5210 2340 5266 regnum
2381 5214 2537 5252 suum
2594 5209 2776 5264 ponat,
2810 5205 3071 5266 quotquot
3100 5195 3340 5252 volentes
3378 5197 3544 5266 ipsius
3579 5200 3684 5250 im-

2115 5267 2320 5336 perium
2355 5267 2708 5322 admittimus.
2743 5287 2760 5317 ›

2187 5336 2298 5407 (75)
2335 5339 2414 5393 Τί.
2455 5340 2607 5391 Deest
2631 5339 2696 5407 in,
2717 5344 2948 5407 quatuor
2973 5335 3122 5407 Coll).

2188 5403 2300 5476 (74)
2332 5407 2548 5462 Λαϐεῖν
2585 5403 2748 5476 mrng
2767 5406 2886 5460 ὑπὸ
2920 5404 3376 5476 χεῖραηριιιιιιιοτ
3403 5403 3554 5460 Colb.
3581 5405 3681 5456 ad-

2115 5475 2289 5541 dunt.’
2309 5480 2420 5542 καί,
2453 5479 2593 5548 quod
2621 5475 2899 5531 commode
2923 5478 3096 5530 reddit
3117 5475 3409 5543 Leuvenk,
3435 5485 3454 5527 ι
3489 5484 3544 5527 ιιι
3575 5489 3681 5527 nos

2114 5549 2321 5620 scilicet
2341 5552 2386 5603 ei
2400 5547 2776 5620 subjiciuntur,
2813 5556 2865 5600 et
2887 5560 3185 5620 serventur.
3230 5564 3249 5598 ο

2178 5613 2291 5689 (73)
2323 5613 2531 5683 Δεῖταί,
2555 5627 2660 5670 etc.
2697 5617 2939 5689 Hmcpct‘
2970 5615 3441 5686 interrogationem
3488 5613 3676 5684 legen-

2111 5687 2199 5758 da,
2236 5687 2334 5746 etsi
2360 5690 2513 5745 aliter
2529 5695 2764 5756 exponat
2795 5687 2956 5743 Elias.
