4038 6338
305 397 416 449 109
1345 392 1603 446 ORATIO
1643 391 1811 446 XXX.
1855 422 1921 432 -—
1960 385 2393 449 TllEOLOGlC:\
2437 394 2524 448 IV.
3456 403 3555 455 lli!

305 521 420 568 σιν,
449 505 826 567 mundun—.0;
855 503 964 572 (76)
985 504 1044 556 τὸ
1069 521 1169 555 κατ
1215 504 1313 572 ἐμὲ
1340 505 1434 556 καὶ
1463 505 1491 556 ὁ
1517 505 1750 576 Χριστὸς
1781 504 1886 572 (77]

1997 516 2176 574 caput.
2209 505 2439 561 Proinde
2466 506 2699 576 quandiu
2737 506 3048 562 iuobediens
3072 509 3184 578 ipse
3211 525 3328 564 sum
3365 528 3428 568 ac
3453 523 3563 568 tur-

304 595 532 664 λὲγεται
554 612 567 625 ·
602 598 731 649 ὅταν
752 596 810 648 δέ
843 597 1088 664 ὑποταγῇ
1123 593 1270 664 αὐτῷ
1291 595 1358 647 τὰ
1387 594 1586 658 πάντα,
1623 596 1886 665 ὑποταγή-

2008 597 2281 660 bulentus,
2319 607 2430 650 tum
2459 612 2552 666 per
2574 597 2666 652 Dei
2685 599 3117 668 abuegatiunem,
3145 611 3253 654 tum
3280 616 3374 670 per
3400 605 3560 658 vitio—

305 704 470 740 σεται
503 689 558 740 δὲ
583 688 674 741 καὶ
697 693 764 758 τῇ
794 687 1103 756 ἐπιγνώσει,
1149 687 1244 740 καὶ
1263 689 1328 757 τῇ
1373 688 1749 758 μεταποιήσει.
1780 687 1886 739 τότε

2005 703 2094 743 sas
2120 689 2285 744 animi
2319 690 2704 758 permotiones,
2754 693 2935 746 tamliu
2985 693 3298 748 inobediens
3327 709 3558 764 quoque,

304 779 407 832 καὶ
433 779 596 841 αὐτὸς
617 781 717 848 τὴν
761 776 1040 847 ὑποταγὴν
1095 777 1444 848 πεπλήρωκε,
1483 777 1775 848 προσάγων
1802 778 1886 847 ἐμὲ

2002 791 2264 848 quantum
2289 782 2355 834 ad
2383 795 2465 833 me
2490 781 2699 845 attinet,
2734 782 2980 838 Christus
3002 783 3222 839 dicitur.
3238 784 3368 840 Cum
3386 797 3561 841 autem

305 871 404 923 τὸν
439 871 803 940 σεσωσμένον.
851 869 1020 922 Τοῦτο
1081 871 1190 941 γὰρ
1250 871 1282 940 ἡ
1346 867 1591 939 ὑποταγὴ
1638 867 1886 938 Χριστοῦ,

2001 871 2046 923 ei
2075 872 2251 924 omnia
2285 871 2522 938 subjecta
2549 871 2747 925 fuerint
2779 874 3152 941 (sidijieieutur
3174 884 3374 944 autem,
3401 887 3453 932 et
3473 894 3559 948 per

309 965 457 1018 κατά
485 981 548 1031 γε
588 966 679 1016 τὴν
708 965 840 1027 ἐμὸν
868 964 1047 1031 λόγον,
1103 965 1134 1031 ἡ
1170 962 1262 1015 τοῦ
1297 961 1568 1032 Πατρικοῦ
1601 961 1886 1031 θελήματος

2001 962 2350 1032 agnitionem,
2385 974 2437 1016 et
2485 979 2578 1032 per
2618 965 3088 1037 inluminationem),
3137 978 3247 1022 tum
3285 969 3395 1038 ipse
3426 985 3560 1039 quo-

2004 1067 2113 1119 que
2155 1050 2542 1120 subiectionem
2606 1054 2931 1123 impleverit,
2971 1057 3240 1113 adducens
3292 1076 3396 1125 rue,
3421 1061 3534 1115 salu

2005 1151 2110 1196 tem
2134 1153 2503 1198 consecutum.
2543 1143 2652 1199 Nec
2673 1146 2814 1199 enim
2839 1147 3131 1214 quidquam
3155 1149 3296 1204 aliud
3314 1161 3414 1217 est,
3439 1168 3555 1206 mea

2006 1233 2222 1302 quidem
2257 1236 2545 1302 sententia,
2576 1235 2779 1291 Christi
2805 1238 3085 1303 subjectio,
3129 1253 3286 1307 quam
3327 1253 3562 1308 paterna:

1998 1326 2566 1396 voluntatis’expletio.
2613 1327 2842 1392 Subjicit
2873 1329 3031 1402 543
3082 1342 3282 1396 autem,
3322 1342 3374 1386 et
3397 1332 3562 1385 Filius

1998 1415 2167 1480 Patri,
2200 1426 2254 1472 et
2288 1418 2523 1471 vicissim
2551 1417 2686 1472 Filio
2722 1418 2880 1474 Pater
2910 1441 2924 1474 :
2975 1423 3063 1474 ille
3113 1437 3275 1490 opera
3310 1437 3426 1484 sua,
3475 1425 3564 1477 hic:

1998 1507 2348 1575 beneplacito,
2404 1510 2854 1576 quemadmodum
2914 1523 3095 1568 antea
3138 1514 3291 1569 nubis
3357 1517 3561 1571 dictum

1994 1609 2095 1653 est.
2128 1601 2303 1668 Atque
2333 1600 2404 1654 ita
2433 1615 2550 1665 eos,
2570 1603 2661 1670 qui
2713 1601 2944 1671 subjecti
2987 1613 3133 1669 sunt,
3180 1605 3290 1660 Deo
3322 1605 3466 1661 sistit
3497 1625 3582 1661 ae.

313 1697 420 1765 τῆς
446 1693 640 1748 ἐαυτοῦ
671 1693 941 1763 θεότητος,
969 1691 997 1744 ὃ
1016 1690 1162 1743 δοκεὶ
1184 1707 1344 1754 τισιν,
1368 1689 1442 1754 ὡς
1469 1689 1534 1743 ἂν
1561 1690 1886 1760 φοϐουμένης

1997 1699 2354 1758 τερτκεεηιειι
2409 1691 2476 1755 is,
2519 1693 2608 1759 qui
2648 1691 2899 1759 subjecit,
2941 1705 3122 1748 nostra
3176 1694 3423 1750 videlicet
3457 1696 3580 1752 sibi;

309 1787 378 1839 τὸ
432 1786 624 1848 πάθος,
684 1783 779 1837 καὶ
837 1783 926 1837 διὰ
967 1781 1126 1835 τοῦτο
1166 1781 1587 1852 συστελλομένης
1657 1781 1766 1834 ἀπὸ
1799 1779 1886 1833 τοῦ

1999 1779 2299 1835 vindicans.
2333 1781 2531 1836 Eodem
2563 1782 2614 1836 in
2641 1797 2838 1852 genere
2861 1784 2992 1838 mihi
3019 1784 3147 1839 illud
3189 1801 3402 1856 quoque
3441 1801 3559 1842 esse

311 1875 650 1946 πάσχοντος·
702 1875 806 1944 (τις
848 1873 954 1944 γὰρ
999 1873 1031 1943 ἢ
1082 1871 1405 1941 γεννηθῆναι
1458 1869 1607 1924 κάτω
1639 1868 1737 1940 τὴν
1793 1871 1886 1940 ἀρ-

2000 1870 2248 1926 videtur:
2281 1871 2439 1937 Deus,
2479 1872 2614 1927 Deus
2649 1889 2813 1938 meus,
2837 1875 3032 1943 respice
3058 1875 3111 1930 in
3135 1893 3234 1942 me,
3277 1894 3440 1945 quare
3478 1897 3559 1934 mc

309 1057 619 1126 πλήρωσις.
662 1057 987 1109 Ύποτάσσει
1033 1055 1089 1108 δὲ
1122 1055 1215 1107 xa‘t
1251 1054 1378 1117 Υἱὸς
1413 1053 1609 1124 Πατρὶ,
1665 1054 1757 1106 καὶ
1787 1052 1902 1123 Tqu

309 1149 535 1218 Πατήρ·
565 1147 594 1198 ὁ
621 1147 720 1218 μὲν
755 1146 1014 1217 ἐνεργῶν,
1048 1147 1076 1197 ὁ
1095 1143 1434 1208 δέ-εὑδοκῶν,
1463 1144 1490 1197 ὃ
1515 1145 1609 1197 καὶ
1637 1144 1900 1216 πρότερον

306 1239 541 1308 εἴπομεν
568 1255 582 1268 ·
622 1239 718 1291 καὶ
763 1236 904 1289 οὕτω
934 1236 997 1288 τὸ
1041 1233 1481 1304 ὑποτεταγμένον
1542 1237 1570 1287 ὁ
1629 1234 1900 1299 ὑποτάξας

305 1330 433 1399 Θεῷ
482 1330 834 1400 παρίστησιν,
889 1326 1082 1380 ἑαυτοῦ
1143 1325 1466 1396 ποιούμενος
1514 1325 1574 1378 τὸ
1612 1326 1894 1397 ἡμέτερον.

307 1422 572 1475 Τοιοῦτον
608 1416 746 1474 εἶναι
773 1437 862 1491 μοι
887 1419 1136 1488 φαίνεται
1169 1418 1262 1472 καὶ
1295 1417 1355 1470 τό
1378 1433 1392 1446 ·
1431 1417 1494 1468 '0
1517 1418 1677 1483 Θεὸς,
1703 1421 1735 1470 ό
1757 1419 1899 1482 Θεός

309 1530 454 1574 uov,
483 1513 752 1580 πρόσχες
768 1528 890 1578 μοι,
918 1510 1016 1562 ἵνα
1057 1510 1112 1562 τι
1133 1507 1512 1576 ἐγκατέλιπές
1543 1524 1652 1577 pe;
1683 1508 1756 1560 Οὐ
1791 1509 1898 1579 γὰρ

314 1605 484 1666 αὐτὸς
523 1603 1033 1672 ἐγκαταλέλειπται,
1095 1601 1126 1671 ἢ
1159 1601 1264 1654 ὑπὸ
1297 1600 1393 1652 τοῦ
1445 1599 1681 1670 Πατρὸς,
1725 1600 1758 1667 ἢ
1795 1600 1896 1652 ὑπὸ

309 1969 440 2038 χὴν,
499 1967 532 2037 ἢ
566 1967 658 2020 ἐπὶ
711 1966 802 2018 τὸν
857 1963 1086 2036 σταυρὸν
1117 1961 1359 2017 ἀνελθεῖν
1391 1961 1700 2030 ἠνάγκασεν
1724 1961 1760 2028 ;)
1805 1960 1892 2013 Ἐν

312 2059 500 2128 ἐαυτῷ
530 2058 607 2122 δὲ,
643 2059 780 2127 ὅπερ
829 2051 1000 2118 εἶπον,
1058 2056 1219 2108 τυποῖ
1275 2053 1336 2108 τὸ
1369 2054 1651 2125 ἡμέτερον.
1703 2055 1893 2124 Ἡμεῖς

311 2149 428 2220 γὰρ
453 2145 592 2220 ἦμεν
638 2150 687 2200 οἱ
739 2147 1286 2218 ἐγκαταλελειμμένα
1334 2145 1428 2198 καὶ
1479 2147 1890 2216 παρεωραμένοι

311 2243 604 2313 πρότερον,
637 2237 757 2293 εἶτα
789 2239 882 2293 νῦν
925 2239 1384 2310 προσειλημμένοι
1417 2238 1510 2292 καὶ
1561 2238 1888 2308 σεσωσμένοι

308 2334 428 2395 τοῖς
474 2332 565 2384 τοῦ
594 2331 834 2394 ἀπαθοῦς
863 2321 1086 2384 πάθεσιν
1112 2347 1125 2359 ³
1175 2331 1364 2400 ὥσπερ
1406 2330 1498 2382 καὶ
1527 2329 1623 2398 τὴν
1654 2329 1888 2400 ἀφροσύ-

310 2441 416 2493 νην
452 2423 631 2493 ἡμῶν,
669 2425 762 2476 καὶ
786 2422 846 2476 τδ
896 2422 1213 2493 πλημμελὲς
1238 2421 1628 2492 οἰκειούμενος,
1660 2420 1727 2472 τά
1761 2421 1885 2490 ἑξῆς

308 2513 405 2566 διὰ
423 2511 516 2566 τοῦ
554 2513 769 2584 ψαλμοῦ
793 2530 955 2582 φησιν
975 2529 988 2542 °
1022 2512 1208 2582 ἐπειδὴ
1243 2510 1523 2582 προδήλως
1551 2512 1628 2572 εἰς
1652 2510 1884 2580 Χριστὸν

307 2607 342 2672 ῥ
370 2606 611 2669 εἰκοστὸς
642 2605 855 2677 πρῶτος
885 2604 1094 2675 ψαλμὺς
1129 2603 1472 2672 ἀναφέρεται.

1999 1962 2324 2032 dereliquiin
2349 1963 2427 2017 ‘°?
2484 1962 2667 2030 Neque
2695 1965 2862 2031 enim,
2895 1967 3035 2035 quod
3086 1969 3306 2037 quidam
3341 1970 3560 2040 opinan-

2002 2064 2104 2119 tur,
2141 2055 2275 2124 ipse,
2310 2056 2450 2110 vela
2495 2055 2682 2119 Patre,
2739 2059 2818 2112 vel
2858 2074 2887 2112 a
2925 2073 3018 2112 sua
3065 2059 3366 2126 divinitate,
3405 2063 3572 2132 quasi.

1998 2145 2299 2212 passionem
2332 2145 2694 2210 extimuisset,
2733 2160 2794 2200 ac
2832 2157 3112 2218 propterea
3157 2164 3276 2204 sese
3304 2166 3332 2204 a
3364 2166 3556 2220 perpe-

1998 2235 2164 2289 tiente
2195 2249 2420 2303 corpore
2451 2236 2772 2306 collegisset,
2793 2237 3079 2293 derelictus
3108 2249 3206 2294 est.
3235 2238 3387 2310 (Quis
3412 2241 3554 2298 enim

1997 2340 2141 2387 eum,
2174 2326 2253 2378 vel
2301 2328 2533 2396 primum
2571 2327 2881 2382 humanitus
2923 2330 3085 2400 gigni,
3141 2331 3219 2384 vel
3255 2331 3304 2385 in
3341 2347 3550 2389 crucem

1998 2417 2296 2472 ascendere
2333 2418 2570 2488 coegit?)
2612 2417 2808 2472 Verum
2839 2421 2889 2474 iu
2919 2422 3119 2489 seipso,
3151 2423 3426 2477 utdictum
3449 2437 3550 2486 εει,

1993 2517 2176 2562 nostra
2203 2511 2624 2578 repraesentavit.
2653 2509 2758 2565 Nos
2790 2511 2932 2566 enim
2977 2527 3192 2569 eramus
3221 2513 3460 2570 derelicti
3480 2515 3554 2568 illi

1995 2600 2145 2668 prius
2173 2611 2332 2671 atque
2365 2602 2695 2670 contempti;
2747 2617 2887 2659 nunc
2922 2620 3048 2660 vero
3103 2621 3198 2676 per
3241 2606 3554 2676 impatibilis

312 2697 1069 2765 illiuspassiones,assumpti
1105 2709 1169 2750 ac
1235 2694 1436 2749 servati
1503 2707 1727 2757 sumus;
1779 2691 2227 2761 quemadmodum
2287 2704 2526 2747 nostram
2581 2709 2796 2763 quoque
2839 2697 3199 2764 insipientiam
3259 2713 3323 2752 ac
3367 2713 3552 2769 pecca-

321 2800 438 2845 tum
467 2789 566 2843 sibi
600 2787 908 2857 arrogavit,
956 2797 1012 2839 ut
1063 2801 1147 2850 ea,
1176 2801 1295 2854 quas
1317 2784 1571 2853 deinceps
1629 2783 1682 2837 in
1746 2782 1954 2852 psalmo
1992 2792 2308 2848 sequuntur,
2365 2785 2734 2855 pronuntiant.
2795 2785 3071 2843 Siuuidem
3119 2790 3409 2847 vicesimus
3451 2793 3557 2862 pri-

321 2897 444 2940 mus
476 2882 716 2952 psalmus
739 2881 1023 2934 manifeste
1049 2879 1114 2932 ad
1143 2879 1420 2933 Christum
1455 2878 1707 2932 refertur.

385 2980 479 3044 εῖν.
514 2977 626 3046 Τῆς
669 2976 724 3029 δέ
765 2975 933 3046 αὐτῆς
966 2973 1146 3045 ἔχεται
1181 2972 1432 3044 θεωρίας,
1466 2973 1559 3026 καὶ
1597 2971 1657 3024 τὸ
1694 2969 1886 3042 μαθεῖν

309 3071 476 3126 αὑτὸν
502 3071 600 3141 τὴν
632 3068 876 3139 ὑπακοὴν
908 3065 968 3132 ἐξ
995 3061 1070 3121 ὧν
1099 3065 1300 3120 ἔπαθεν
1324 3082 1338 3096 ⁸
1373 3067 1407 3136 ἦ
1436 3083 1493 3118 τε
1525 3064 1762 3137 κραυγὴ,
1793 3065 1886 3117 καὶ

2071 2964 2153 3020 Vl.
2196 2964 2452 3035 Ejusdem
2490 2966 2874 3035 speculatiouis
2920 2969 3044 3022 illud
3075 2969 3236 3023 etiam
3274 2981 3376 3034 est,
3413 2974 3554 3043 quod

1993 3073 2054 3114 ex
2083 3057 2186 3122 his,
2211 3074 2328 3126 quae
2371 3073 2563 3127 passus
2599 3067 2702 3125 est,
2750 3059 3112 3115 obedientiam
3149 3061 3366 3129 didicit;
3413 3066 3555 3132 quod

305 3159 382 3216 τὰ
407 3161 637 3231 δάκρυα,
668 3159 760 3210 καὶ
792 3159 850 3211 τὸ
885 3155 1178 3218 ἱκετεῦσαι,
1214 3157 1309 3208 καὶ
1355 3154 1415 3208 τὸ
1447 3153 1881 3224 εἱσακουσθῆναι,

1992 3166 2112 3205 eum
2143 3149 2380 3204 clamore
2403 3160 2456 3204 et
2513 3150 2764 3222 Iacrymis
2812 3151 3161 3220 supplicarit;
3202 3155 3344 3222 quod
3397 3171 3557 3210 exitu-

309 3253 408 3308 καὶ
438 3251 498 3304 τὸ
528 3249 786 3312 εὑλαὸἐς’
823 3247 858 3302 ἃ
889 3248 1384 3319 δραματουργείται
1412 3245 1522 3315 (78)
1565 3245 1658 3298 καὶ
1693 3242 1886 3297 πλέκε-

1993 3236 2136 3296 ditus
2174 3241 2239 3296 sit
2267 3255 2362 3309 pro
2393 3256 2486 3295 sua
2523 3242 2827 3295 reverentia
2868 3242 2904 3272 ¹¹
2937 3257 3097 3312 ;qu:e
3125 3244 3305 3298 omnia
3341 3247 3555 3302 neruine

303 3361 401 3404 ται
435 3342 755 3413 θαυμασίως
785 3340 924 3411 ὑπὲρ
953 3337 1110 3410 ἡμῶν
1130 3336 1264 3408 (79).
1299 3338 1384 3400 Ὠς
1426 3337 1523 3407 μὲν
1553 3336 1660 3407 γὰρ
1693 3334 1883 3403 Λόγος³

305 3435 431 3490 οὔτε
463 3437 706 3505 ὑπήκοος
740 3428 827 3503 ἦν,
861 3429 984 3484 οὕτε
1029 3432 1277 3501 ἀνήκοος.
1310 3427 1429 3482 Τῶν
1462 3427 1570 3497 γὰρ
1599 3426 1702 3479 ὑπὸ
1731 3429 1886 3496 χεῖρα

303 3531 501 3595 ταῦτα,
531 3529 625 3582 καὶ
652 3527 756 3579 τῶν
779 3525 1042 3596 δευτέρων
1063 3541 1076 3554 ·
1107 3523 1168 3576 τὺ
1200 3522 1298 3594 μὲν
1323 3523 1430 3574 τῶν
1455 3518 1887 3590 εὐγνωμονεστέ-

309 3641 440 3695 ρων,
479 3622 543 3674 τὸ
598 3620 655 3672 δὲ
715 3619 819 3672 τῶν
878 3616 1043 3682 ἀξίων
1099 3614 1392 3676 κολάσεως.
1454 3612 1540 3674 Ὠς
1596 3610 1652 3663 δὲ
1697 3609 1883 3664 δούλου

309 3709 516 3780 μορφὴ,
556 3705 984 3780 σιιεριατιιόαίνει¹
1023 3705 1132 3766 τοῖς
1165 3701 1471 3772 ὁμοδούλοις
1521 3700 1613 3754 καὶ
1657 3699 1882 3763 δούλοις,

245 3802 248 3804 ’
307 3779 400 3856 καὶ
424 3779 744 3872 popa-651st:
752 3799 815 3851 τὸ
833 3779 1128 3868 ἀλλότριον,
1155 3795 1272 3848 ὅλον
1295 3796 1350 3847 ἐν
1376 3793 1554 3863 ἐαυτῷ
1580 3793 1679 3863 ἐμὲ
1705 3792 1884 3864 φέρων

309 3893 451 3965 μετὰ
493 3892 602 3945 τῶν
653 3889 800 3960 ἐμῶν
823 3889 956 3961 (80),
1010 3889 1098 3942 ἵνα
1153 3888 1211 3939 ἐν
1259 3885 1436 3956 ἐαυτῷ
1487 3884 1772 3955 δαπανήσῃ
1825 3885 1885 3936 τὸ

307 3984 641 4059 removeat).
677 3984 752 4046 ὡς
786 3982 954 4054 κηρὸν
988 3981 1117 4052 πῦρ,
1149 3981 1182 4050 ἢ
1219 3980 1295 4042 ὡς
1323 3977 1521 4048 ἀτμίδα
1574 3977 1676 4048 γῆς
1713 3977 1880 4047 ἦλίοίν

309 4077 462 4146 κάγὼ
498 4076 787 4149 μεταλάόω
811 4073 918 4127 τῶν
948 4073 1156 4127 ἐκείνου
1185 4071 1273 4124 διὰ
1305 4069 1404 4141 τὴν
1437 4070 1757 4142 σύγκρασιν.
1785 4069 1884 4122 Διὰ

306 4172 464 4225 τοῦτο
508 4170 657 4240 ἔργῳ
699 4168 834 4237 τιμᾷ
879 4165 978 4236 τὴν
1017 4164 1284 4234 ὑπακοὴν,
1330 4161 1422 4214 καὶ
1461 4162 1715 4231 πειρᾶται
1749 4157 1880 4211 ταὺ-

305 4284 405 4336 της
425 4264 561 4336 (82),
597 4266 664 4316 ἐκ
705 4261 800 4314 τοῦ
837 4258 1058 4312 παθεῖν·
1102 4257 1162 4309 οὑ
1195 4255 1304 4325 γὰρ
1339 4253 1520 4307 ἱκανὸν
1552 4255 1585 4323 ἡ
1621 4251 1878 4314 διάθεσις,

307 4357 495 4428 ὥσπερ
525 4355 649 4408 οὑδὲ
695 4354 846 4424 ἡμῖν,
897 4353 946 4403 εἰ
992 4349 1066 4420 μὴ
1111 4349 1205 4402 καὶ
1250 4347 1338 4401 διὰ
1387 4345 1494 4398 τῶν
1544 4344 1881 4414 πραγμάτων

301 4449 680 4520 χωρήσαιμεψ
714 4443 871 4515 ἔργον
891 4442 1016 4513 γὰρ,
1042 4440 1312 4506 ἀπόδειξις
1337 4436 1650 4498 διαθέσεως.
1676 4434 1750 4488 Οὑ
1780 4436 1884 4504 χεῖ-

1988 3339 2171 3384 nostro
2203 3329 2521 3384 mirabiliter
2544 3329 2848 3385 efficiuntur
2878 3341 2933 3386 et
2979 3344 3360 3390 contexuntur.
3389 3336 3545 3400 Nam,

1988 3433 2044 3476 ut
2069 3421 2321 3487 Verbum,
2359 3437 2457 3476 nec
2490 3423 2746 3478 obcdiens
2771 3433 2909 3487 erat,
2939 3439 3038 3480 nec
3068 3425 3404 3484 inobediens.
3424 3427 3547 3484 Haec

1989 3529 2220 3586 namque
2253 3514 2340 3594 iis,
2370 3515 2460 3581 qui
2502 3515 2729 3568 aliorum
2767 3516 2994 3584 imperio
3034 3525 3306 3582 tenentur,
3351 3521 3552 3590 quique

1986 3604 2234 3665 secunda:
2255 3603 2445 3658 classis
2478 3614 2624 3668 sunt,
2646 3604 2975 3660 conveniunt
2997 3622 3010 3670 ;
3030 3605 3160 3660 illud
3182 3607 3409 3673 scilicet,
3429 3624 3554 3679 pro-

1987 3698 2067 3752 bis
2093 3709 2254 3766 atque
2292 3697 2555 3760 honestis,
2595 3695 2734 3750 istud
2765 3711 2916 3760 vero,
2972 3697 3230 3767 improbis
3253 3713 3315 3754 ac
3359 3701 3554 3770 suppli-

1986 3791 2070 3845 cio
2091 3790 2286 3860 dignis.
2328 3788 2395 3844 Ut
2435 3798 2613 3842 autem
2667 3788 2809 3843 servi
2863 3788 3052 3853 forma,
3117 3789 3183 3842 ad
3234 3804 3548 3856 conservos,

1988 3883 2093 3934 imo
2121 3881 2185 3934 ad
2211 3895 2398 3935 servos
2427 3894 2548 3934 sese
2576 3880 2826 3946 demitlit,
2853 3888 3016 3951 atque
3061 3881 3288 3936 alienant
3319 3881 3549 3938 formam

1985 3973 2228 4040 suscipit,
2261 3981 2428 4026 totum
2458 3988 2542 4027 me
2599 3972 2780 4034 simul.
2803 3988 2938 4027 .cum
2993 3973 3060 4027 iis
3099 3989 3220 4043 qua:
3247 3989 3363 4030 mea
3396 3986 3545 4040 sunt,

1987 4065 2038 4120 in
2079 4065 2256 4132 seipso
2293 4064 2492 4127 ferens,
2540 4073 2616 4128 ut,
2675 4064 2815 4132 quod
2851 4063 3090 4118 deterius
3133 4074 3236 4128 est,
3289 4065 3340 4118 in
3373 4064 3551 4135 seipso

1985 4154 2252 4219 absumat,
2275 4165 2329 4208 et
2350 4155 2628 4220 conﬁciat,
2659 4168 2761 4208 uon
2791 4167 2948 4207 secus
2979 4169 3042 4207 ac
3073 4168 3253 4207 Coram
3286 4155 3440 4223 ignis,
3460 4143 3555 4209 aut

1987 4255 2142 4300 terra:
2174 4259 2429 4315 vaporem
2467 4243 2594 4299 solis
2637 4245 2842 4307 radius.
2887 4257 3046 4314 atque
3099 4245 3213 4314 ipse
3251 4245 3319 4300 ob
3366 4245 3552 4314 hujus-

1986 4337 2128 4390 modi
2168 4337 2605 4404 eonjunctionem
2633 4336 2894 4390 bonorum
2924 4337 3070 4390 illius
3105 4336 3377 4404 particeps
3398 4336 3544 4390 ﬁam.

1984 4428 2248 4495 Quocirca
2282 4442 2339 4482 re
2400 4427 2513 4496 ipsa
2562 4427 2924 4481 obedientiam
2961 4430 3163 4480 honore
3191 4425 3377 4492 afﬁcit,
3411 4441 3550 4485 eam-

418 4517 476 4593 si
488 4542 620 4602 ἴσως
647 4538 868 4590 κάκεῖνο
891 4532 1200 4595 ὑπολαϐεῖν,
1223 4533 1306 4584 ὅτι
1323 4527 1606 4597 δοκιμάζει
1635 4526 1734 4597 τὴν
1749 4527 1780 4595 ἠ
1789 4543 1881 4596 με-

1992 4533 2092 4588 que
2124 4517 2486 4588 perpetiendis
2511 4517 2790 4572 doloribus
2831 4519 3149 4586 experitur;
3187 4532 3360 4587 neque
3405 4519 3548 4574 enim

300 4627 744 4700 τέρανὺπακοὴν,
761 4625 854 4678 καὶ
880 4624 1055 4678 πάντα
1079 4624 1266 4693 μετρεῖ
1290 4620 1399 4692 (83)
1425 4621 1538 4680 τοῖς
1557 4615 1746 4670 ἑαυτοῦ
1763 4615 1872 4686 (84)

303 4723 500 4777 πάθεσι
545 4720 712 4790 τέχνῃ
728 4713 1299 4806 (85),3ιλὲνθρω’πιαςο
1325 4711 1471 4804 ᾤστε
1502 4708 1646 4780 ἔχειν
1676 4706 1872 4760 εἰδέναι
1941 4789 1943 4791 ι

383 4924 423 4968 ῗ⁶
443 4921 587 4980 Psal.
618 4938 731 4987 ut,
765 4921 818 4975 ι.
895 4920 937 4950 ¹¹
961 4915 1122 4973 llcbr.
1153 4931 1203 4982 ν,
1231 4915 1284 4979 8,
1313 4915 1363 4968 7.

371 5106 486 5182 (76)
511 5107 996 5182 -ξΑνυεξοτακτοᾳ
1016 5097 1320 5182 (ξοτρῲιιηι
1348 5093 1747 5182 Βξοῃοιιιεξὶιω·
1762 5091 1878 5182 haec

294 5166 545 5248 Gr‘egorii
601 5175 786 5248 verba,
826 5172 978 5248 quasi
1034 5166 1304 5222 Christum
1362 5166 1641 5248 divideret,
1683 5171 1754 5248 ,ιιι
1786 5177 1873 5248 ex

295 5233 453 5304 sexta
515 5246 722 5316 synodo
767 5233 1104 5310 perspicuum
1157 5247 1275 5302 est;
1323 5239 1418 5290 sed
1466 5233 1716 5289 audiendi
1767 5247 1870 5283 non

368 5389 485 5459 (77)
522 5388 584 5439 '0
606 5384 881 5459 ζριστός.
917 5381 1069 5459 [λοσε]
1096 5377 1194 5430 diu
1229 5373 1519 5459 nonnullis.

368 5441 484 5530 (78)
526 5459 598 5530 Ἀ
628 5441 1172 5530 ὅραμαέουργτεῖτᾳι,
1202 5444 1550 5530 etc,_Cumb.:
1576 5461 1602 5530 ιΔ

290 5513 385 5584 bis
404 5513 556 5594 quasi
587 5513 833 5578 in'scEna
876 5513 1169 5589 productis,
1219 5525 1509 5583 nostroque
1546 5513 1759 5594 nomine
1809 5528 1870 5566 ac

290 5592 534 5668 persona,
585 5593 904 5648 mirabiliter
943 5599 1203 5668 geruntur
1233 5601 1295 5668 ac
1343 5592 1874 5668 nectuntur",inpar-

291 5654 392 5723 iim
445 5667 652 5720 scilicet
705 5676 853 5725 vere,
883 5654 1072 5730 partim
1101 5656 1371 5730 οἰκειώσει
1405 5663 1460 5709 et
1499 5654 1866 5730 attributiorre.

365 5738 480 5818 (ξω)
532 5721 906 5803 Ὑπὲρήμῶνέ.
961 5730 1052 5784 Sic
1091 5727 1254 5784 Cuisl.
1288 5728 1337 5787 ι,
1370 5734 1473 5780 etc.
1508 5723 1562 5776 lu
1593 5721 1867 5790 eadem

290 5809 468 5878 ὑμῶν.

1985 4609 2278 4664 sufﬁciebat
2300 4608 2461 4662 animi
2491 4608 2725 4675 :dlectio,
2757 4609 3206 4678 quemadmodum
3243 4625 3344 4666 nec
3371 4610 3546 4674 nobis,

1985 4701 2087 4756 nisi
2124 4715 2339 4755 manum
2369 4715 2578 4770 quoque
2616 4701 2871 4771 operibus
2911 4704 3297 4758 admoveamus
3344 4722 3357 4758 :
3406 4717 3546 4770 opus

2055 5087 2165 5172 (βο)
2198 5084 2355 5140 Μετὰ
2387 5083 2505 5138 τῶν
2524 5081 2700 5151 ἐμῶν.
2733 5082 2848 5136 Bill.
2879 5097 2891 5133 :
2928 5103 2945 5133 ι
2989 5098 3108 5137 cum
3141 5083 3545 5140 infirmitatibus

1985 5176 2272 5298 'l‘(i§f)’Td
2314 5224 2598 5305 χεῖρονοχι
2633 5221 2784 5288 Quod
2835 5223 3072 5278 deterius
3119 5233 3219 5291 est,
3259 5242 3278 5276 ι
3337 5223 3386 5278 id
3440 5236 3542 5288 esu,

1987 5321 2004 5350 ι
2035 5306 2384 5366 tremulum.)

2006 5362 2157 5450 ,(82)
2185 5365 2460 5450 μειρᾶται
2495 5363 2735 5429 ταύτης.
2771 5380 2790 5414 ι
2844 5362 3078 5432 Ejusque
3107 5362 3399 5432 periculum
3449 5377 3544 5432 pa-

1983 5442 2156 5580 ωῖὲἒῖ
2351 5456 2545 5556 πάντα
2587 5501 2804 5580 μετρεῖ,
2829 5511 2933 5580 et_c.
2967 5500 3235 5580 laeuvenk.
3264 5517 3329 5580 En!
3365 5501 3540 5580 atque

1975 5571 2160 5658 oninia
2204 5575 2452 5629 metiatur
2483 5589 2548 5626 ex
2604 5573 2714 5626 suis
2748 5571 3090 5642 passiuuibus
3147 5586 3237 5626 ars
3264 5571 3348 5625 illa
3375 5573 3542 5627 “beni-

1975 5660 2213 5720 guttatts.
2247 5664 2265 5720 ι

2043 5718 2152 5786 (85)
2182 5714 2308 5786 Τοῖς
2332 5711 2570 5786 eadem").
2599 5711 2762 5786 Coisl.
2795 5713 2844 5772 1,
2879 5713 2988 5774 τοῖς
3014 5710 3254 5772 οἰκείοις.

2045 5782 2154 5858 (85)
2191 5784 2394 5854 Τέχνη.
2429 5782 2654 5849 Hervag.
2687 5783 2870 5852 τέχνη,
2896 5799 2913 5832 ι
2947 5796 3052 5834 ars.
3095 5799 3112 5832 ι
