4038 6338
456 331 551 385 Hi

1627 333 1684 389 S.
1724 331 2053 389 GREGORII
2093 333 2433 391 THEOLOGI

3592 343 3694 396 ΗΞ

456 449 621 515 enim,
655 447 952 505 affectionis
975 444 1137 501 animi
1159 443 1452 500 declaratio
1476 443 1843 500 est.Neeforte
1870 446 2014 515 pejus

2124 450 2234 511 τοῖς
2265 448 2456 501 ἑαυτοῦ
2490 449 2557 501 τὰ
2598 450 2858 521 ἡμέτερα,
2904 452 2998 505 καὶ
3031 453 3196 507 πόσον
3231 456 3329 525 μὲν
3362 457 3695 531 ἀπαιτούμε-

458 541 970 604 fueritexistimare,
995 538 1136 607 quod
1173 535 1539 591 obedientiam
1576 546 1817 591 nostram
1841 538 2022 606 explo-

456 642 562 698 ret,
595 614 1039 703 passionibusque
1067 628 1183 682 suis
1211 628 1391 681 omnia
1439 626 1715 693 metiatur,
1742 639 1857 682 arte
1884 643 2021 696 qua-

456 724 581 779 dam
637 720 987 777 humanitatis
1033 727 1088 773 et
1137 716 1524 772 benevolentiae
1574 730 1699 787 erga
1738 732 1905 787 genus
1932 733 2023 772 no-

458 826 627 871 strum
658 834 672 870 :
698 815 767 869 ita
793 823 850 867 ut
886 827 950 867 ex
982 812 1095 866 suis
1124 816 1307 865 nostra
1346 809 1616 863 aestimare
1643 817 1824 877 queat,
1860 824 2023 878 quan-

458 916 702 973 tumque,
725 911 779 957 et
803 916 832 956 a
862 902 1020 956 nobis
1046 901 1188 969 exigi
1250 909 1304 954 et
1339 899 1634 954 condonari
1673 898 1884 963 debeat,
1924 914 2019 953 ex-

454 1010 615 1065 pensa
644 994 897 1049 nimirum
940 991 1104 1063 5M
1160 1006 1282 1045 cum
1322 991 1667 1060 passionibus
1712 990 1906 1043 virium
1932 1006 2024 1045 no-

453 1097 687 1148 strarum
722 1083 1113 1139 imbecillitate.
1150 1080 1282 1134 Nam
1321 1095 1443 1135 cum
1486 1080 1658 1135 lucem
1692 1079 1860 1145 illam,
1893 1096 2017 1150 pro-

452 1184 572 1245 pler
602 1173 844 1244 corporis
879 1180 1267 1241 tegumentum,
1301 1170 1352 1225 in
1386 1171 1647 1234 tenebris,
1702 1170 1802 1225 hoc
1834 1180 1935 1234 est,
1966 1174 2016 1225 in

454 1266 557 1319 hac
588 1264 714 1328 vita,
740 1264 1026 1329 lucentem,
1056 1263 1291 1317 tenebrae
1337 1261 1475 1323 alite,
1532 1262 1635 1315 hoc
1684 1270 1788 1327 εει,
1824 1276 2018 1328 pravus

454 1356 547 1411 ille
581 1371 644 1410 ac
677 1362 913 1410 tentator
936 1353 1230 1408 insectatus
1259 1353 1362 1406 sit:
1414 1362 1614 1421 quanto
1671 1352 1841 1422 magis
1870 1361 2016 1405 tene-

453 1451 582 1504 bras
613 1449 775 1517 ipaas,
818 1455 998 1515 utpote
1027 1445 1393 1501 inﬁrmiores?
1436 1444 1502 1499 Et
1545 1443 1672 1512 quid
1724 1444 1940 1509 mirum,
1973 1443 2015 1496 si

451 1555 572 1595 eum
603 1539 691 1595 ille
712 1538 931 1593 hostiles
950 1538 1171 1607 laqueos
1204 1537 1431 1592 omnino
1460 1534 1729 1603 etl‘ugerit,
1758 1549 1858 1590 nos
1882 1550 2018 1603 qua-

452 1630 574 1684 dam
614 1638 770 1685 tenus
798 1629 985 1685 saltem
1037 1626 1598 1697 comprehendantur?
1627 1625 1797 1696 majus
1822 1626 2017 1695 quippe

452 1721 527 1777 illi
556 1730 658 1787 est,
681 1722 822 1791 quod
854 1720 1024 1775 hostis
1046 1735 1167 1775 eum
1189 1728 1504 1789 persecutus
1533 1718 1623 1781 sit,
1644 1733 1801 1787 quam
1836 1717 2009 1782 nobis,

2126 537 2214 601 θα,
2248 539 2410 591 πόσον
2458 539 2514 591 δὲ
2546 540 2995 611 συγχωρούμεθα,
3030 544 3385 618 λογιζομένης
3424 549 3559 618 μετὰ
3599 551 3695 604 τοῦ

2126 628 2352 699 πάσχειν
2394 631 2487 683 καὶ
2518 631 2615 701 τῆς
2644 632 2945 695 ἀσθενείας.
2977 634 3037 685 Ei
3083 635 3191 705 γὰρ
3224 636 3284 688 τὸ
3316 638 3429 705 φῶς
3463 639 3693 712 ἐδιώχθη

2121 718 2209 771 διὰ
2232 720 2292 771 τὸ
2317 720 2608 790 πρόϐλημα
2629 725 2814 789 φαῖνον
2843 724 2899 775 ὲν
2926 726 2991 793 τῇ
3025 713 3233 795 oratoria,
3267 726 3345 795 τῷ
3375 729 3473 799 βίῳ
3497 730 3692 801 τούτῳ,

2123 806 2227 860 ὑπὸ
2264 808 2362 878 τῆς
2394 808 2559 878 ἄλλης
2602 810 2844 876 σκοτίας,
2897 810 2990 863 τοῦ
3042 814 3278 884 πονηροῦ
3309 814 3450 884 λέγω
3477 820 3572 871 καὶ
3601 820 3694 873 τοῦ

2122 899 2436 970 πειραστοῦ,
2468 900 2529 952 τὸ
2578 901 2767 964 σκότος
2796 903 2979 963 πόσον,
3015 905 3089 967 ὠς
3128 906 3545 981 ἀσθενέστερον;
3582 914 3692 965 Καὶ

2120 989 2171 1041 τί
2205 988 2533 1059 θαυμαστὸν,
2580 994 2627 1044 εί
2670 993 2877 1046 ἐκείνου
2920 994 3274 1063 διαφυγόντος
3325 1001 3690 1066 παντάπασιν,

2121 1082 2279 1151 ἡμεῖς
2308 1080 2490 1145 ποσῶς
2522 1099 2583 1149 γε
2622 1082 2733 1153 (86)
2786 1085 3303 1156 καταληφθείημενς
3360 1090 3542 1159 μεῖξον
3584 1093 3693 1164 γὰρ

2120 1171 2311 1240 ἐκείνῳ
2350 1171 2411 1225 τὸ
2454 1172 2766 1244 διωχθῆναι,
2806 1176 2948 1247 ἥπερ
2985 1178 3118 1247 ἡμῖν
3153 1179 3214 1232 τὸ
3258 1180 3688 1254 καταληφθῆναι,

2120 1262 2271 1331 παρὰ
2311 1266 2422 1326 τοῖς
2452 1264 2628 1334 ὀρθῶς
2657 1265 2829 1320 ταῦτα
2857 1267 3249 1338 λογιζομένοις.
3283 1273 3402 1324 Ἔτι
3430 1274 3486 1326 δὲ
3525 1292 3681 1344 προσσ

2119 1350 2270 1421 θήσω
2312 1357 2424 1417 τοῖς
2456 1357 2765 1425 εἰρημένοις
2809 1359 3004 1421 ἐκεῖνο,
3041 1358 3363 1431 ἐνθυμηθεὶς
3392 1364 3473 1425 τὸ,
3519 1366 3614 1417 Ἐν
3640 1360 3689 1432 ᾧ

2118 1442 2227 1511 γὰρ
2272 1442 2591 1506 πέπονθεν.
2637 1447 2818 1513 αὐτὸς
2871 1452 3231 1517 πειρασθείς,
3266 1452 3512 1509 δύναται
3566 1459 3690 1523 τοῖς

2118 1533 2557 1605 πειραζομένοις
2589 1538 2932 1606 βοηθῆσαι,
2988 1541 3174 1610 σαφῶς
3239 1545 3375 1614 πρὸς
3441 1548 3539 1619 τὴν
3592 1550 3689 1602 αὐ-

2114 1622 2213 1693 τὴν
2270 1624 2433 1695 φέρον
2488 1626 2744 1680 διάνοιαν.
2784 1628 2989 1681 Ἔσται
3035 1630 3103 1682 δὲ
3134 1633 3167 1684 ό
3212 1633 3353 1698 Θεὸς
3394 1634 3464 1688 τὰ
3495 1635 3691 1690 πάντα

2116 1713 2184 1765 ἐν
2215 1712 2423 1779 πᾶσιν,
2458 1715 2516 1768 ἐν
2555 1715 2631 1786 τῷ
2675 1717 2852 1789 καιρῷ
2886 1720 2983 1790 τῆς
3027 1722 3521 1789 ἀποκαταστάσεως
3539 1726 3648 1796 (87)
3670 1743 3683 1757 °

452 1815 597 1885 quod
634 1790 734 1870 nos
783 1821 1107 1883 assequatur
1165 1820 1325 1880 atque
1377 1810 1819 1880 comprehendat,
1872 1810 2012 1879 apud

2117 1805 2212 1874 οὐχ
2260 1806 2288 1857 ὁ
2335 1806 2545 1877 Πατὴρ,
2598 1808 2815 1872 πάντως
2851 1811 2929 1874 είς
2983 1812 3141 1865 αὑτὸν
3194 1814 3547 1881 ἀναλυθέντος
3590 1817 3689 1872 τοῦ

452 1922 544 1962 eos
567 1906 770 1977 utique,
807 1908 897 1975 qui
934 1906 1049 1961 haec
1077 1913 1221 1959 recta
1256 1904 1461 1958 ratione
1506 1902 1861 1972 perpendunt.
1901 1900 2013 1954 Ad-

458 2000 579 2053 dam
622 1998 751 2053 illud
784 2011 996 2067 quoque
1051 1996 1118 2051 iis
1152 2011 1269 2066 quat
1300 1995 1441 2050 dicta
1485 2004 1631 2058 sunt,
1659 1992 1836 2047 locum
1868 1992 2010 2046 hunc

450 2103 656 2145 mecum
685 2097 968 2158 reputans:
996 2086 1062 2141 In
1091 2105 1192 2159 quo
1216 2087 1351 2141 enim
1385 2101 1572 2153 passus
1623 2093 1697 2137 est
1720 2123 1733 2146 ,
1773 2084 1881 2153 ipse
1905 2092 2015 2135 ten-

450 2191 609 2249 tatus,
645 2189 812 2245 potest
833 2183 918 2245 iis,
937 2181 1025 2249 qui
1049 2187 1337 2242 tentantur,
1356 2177 1606 2231 auxiliari
1638 2176 1701 2240 “,
1725 2174 1864 2244 quod
1893 2189 2012 2245 per-

449 2271 635 2341 spicue
661 2272 727 2325 ad
758 2261 1004 2325 eumdem
1034 2283 1250 2324 sensum
1291 2266 1479 2322 tendit.
1507 2266 1867 2320 Sicutetiam:
1896 2265 2012 2318 Erit

448 2372 624 2417 autem
647 2362 785 2416 Deus
843 2360 1017 2413 omnia
1074 2360 1127 2412 in
1178 2358 1414 2413 omnibus
1456 2358 1500 2390 "
1534 2357 1625 2411 illo
1659 2357 2015 2412 restitutionis

449 2464 856 2524 tempore;non
908 2451 1093 2519 utique
1135 2448 1314 2512 Pater,
1383 2448 1620 2505 resoluto
1680 2448 1929 2503 videlicet
1962 2449 2012 2503 in

451 2548 625 2617 ipsum
659 2545 816 2610 Filio,
851 2559 956 2600 non
988 2557 1145 2599 secus
1171 2556 1233 2595 ac
1264 2542 1308 2595 si
1362 2539 1451 2594 tax
1485 2539 1662 2610 aliqua
1704 2540 1770 2593 ad
1798 2538 2013 2608 aliquod

451 2642 661 2700 tempus
690 2631 757 2686 ab
787 2630 988 2701 ingenti
1040 2642 1169 2698 rogo
1218 2627 1487 2681 abstracta
1513 2664 1529 2691 ,
1577 2628 1628 2678 in
1676 2639 1798 2680 eum
1825 2638 2013 2678 rursus

450 2723 769 2793 adjungatur
799 2722 995 2793 (neque
1020 2720 1161 2775 enim
1208 2717 1502 2774 Sabellianl
1562 2716 1647 2771 his
1692 2715 1873 2771 verbis
1920 2714 2013 2767 ab-

450 2812 718 2885 utantur),
743 2812 836 2868 sed
866 2821 1007 2868 totus
1021 2811 1193 2875 Deus;
1226 2817 1335 2864 tum
1362 2822 1577 2877 nempe,
1615 2822 1736 2862 cum
1764 2805 1872 2877 jam
1908 2820 2012 2859 non

452 2904 608 2961 multi
636 2906 860 2969 erimus,
896 2905 1035 2959 sicut
1057 2917 1200 2959 nunc
1229 2916 1416 2957 sumus
1449 2901 1654 2955 ratione
1700 2908 1939 2954 motuum
1961 2906 2015 2952 et

449 2995 817 3058 atfectionum.
844 2993 972 3049 nihil
1006 2992 1225 3048 omnino
1258 2990 1353 3046 Dei
1413 2996 1689 3061 gestantes
1746 2988 1799 3042 in
1833 2985 2008 3051 nobis,

449 3097 544 3143 aut
572 3088 762 3143 saltem
794 3102 1003 3158 parum,
1037 3086 1129 3140 sed
1166 3083 1260 3139 toti
1292 3082 1610 3148 deiformes,
1643 3081 1913 3149 totiusque
1947 3092 2012 3133 ac

2117 1894 2268 1960 Υίοῦ,
2299 1895 2487 1969 ὥσπερ
2515 1900 2596 1962 είς
2624 1899 2801 1969 πυρὰν
2831 1902 3070 1972 μεγάλην
3096 1902 3374 1973 λαμπάδος
3403 1908 3537 1978 πρὸς
3567 1928 3688 1963 και-

2120 1984 2208 2054 ρὸν
2259 1984 2726 2059 ἅποσπασθείσης,
2782 1984 2899 2042 εἶτα
2951 1993 3332 2066 συναφθείσης,
3400 1997 3532 2067 μηδὲ
3578 2000 3685 2071 γὰρ

2117 2074 2389 2129 Σαϐέλλιοι
2420 2077 2496 2146 τῷ
2537 2077 2685 2149 ῥητῷ
2732 2078 2905 2152 τούτῳ
2946 2084 3501 2156 παραφθειρέσθωσαν
3540 2089 3649 2161 (88)
3670 2135 3693 2156 ,ς

2116 2166 2228 2221 ἀλλ’
2279 2168 2398 2232 ὅλος
2437 2169 2590 2235 Θεὸς,
2640 2173 2767 2225 ὅταν
2819 2173 3012 2245 μηκέτι
3058 2176 3226 2230 πολλὰ
3262 2173 3439 2248 ὦμεν,
3500 2181 3688 2254 ὥσπερ

2114 2258 2209 2311 νῦν
2229 2258 2337 2331 (89)
2365 2261 2476 2324 τοῖς
2520 2265 2780 2334 κινήμασι
2813 2266 2906 2320 καὶ
2938 2270 3052 2330 τοῖς
3096 2268 3341 2331 πάθεσιν,
3372 2272 3521 2327 οῦδὲν
3553 2274 3689 2337 ὅλως

2114 2346 2270 2412 Θεοῦ,
2312 2348 2344 2419 ἢ
2380 2348 2559 2418 ὀλίγον
2607 2353 2663 2406 ἐν
2714 2355 2844 2423 ἡμῖν
2885 2356 3065 2420 αὐτοῖς
3113 2357 3390 2428 φέροντες,
3437 2361 3550 2415 ἀλλ’
3574 2364 3687 2419 ὅλοι

2115 2438 2383 2505 θεοειδεῖς,
2431 2443 2551 2496 ὅλου
2605 2444 2739 2497 Θεοῦ
2789 2450 3087 2518 χωρητικοὶ
3134 2450 3226 2504 καὶ
3294 2453 3486 2522 μόνον
3531 2456 3688 2510 τοῦτο

2114 2532 2221 2602 γὰρ
2251 2535 2283 2604 ἠ
2321 2533 2597 2600 τελείωσις
2622 2577 2636 2601 ,
2670 2537 2807 2608 πρὸς
2854 2539 2920 2607 ἢν
2950 2540 3247 2613 σπεύδομεν
3267 2560 3280 2573 ’
3310 2550 3595 2617 τεκμηριοῖ
3630 2548 3688 2602 δὲ

2117 2621 2348 2692 μάλιστα
2392 2624 2601 2690 Παῦλος
2652 2626 2813 2691 αὐτός
2839 2645 2853 2659 ο
2882 2628 2911 2682 ὃ
2951 2629 3059 2702 γὰρ
3106 2631 3339 2688 ἐνταῦθα
3385 2638 3512 2707 περὶ
3553 2637 3685 2690 Θεοῦ

2117 2725 2281 2779 φησιν
2308 2710 2593 2781 ἀορίστως,
2625 2713 2858 2785 ἀλλαχοῦ
2908 2719 3091 2786 σαφῶς
3121 2722 3418 2793 περιορίζει
3447 2726 3682 2797 Χριστῷ.

2115 2799 2179 2851 Τί
2208 2799 2411 2868 λέγων;
2446 2802 2628 2858 Ὅπου
2651 2807 2762 2860 οὐκ
2794 2806 2885 2861 ἔνι
2916 2808 3168 2877 "suum,
3196 2813 3336 2866 οὐδὲ
3377 2814 3682 2883 Ἰουδαῖος,

2114 2892 2397 2962 περιτομὴ
2453 2896 2551 2947 καὶ
2608 2896 2995 2963 ἀκροϐυστία,
3045 2901 3368 2973 βάρϐαρος,
3429 2910 3682 2976 Σκύθης,

2114 2981 2353 3050 δοῦλος,
2383 2985 2697 3055 ἐλεύθερος
2719 3007 2730 3018 ·
2773 2991 2934 3046 ἀλλὰ
2967 2991 3038 3046 τὰ
3058 2992 3271 3065 ,πάντα
3307 2998 3405 3051 καὶ
3435 2999 3505 3051 ἐν
3535 3001 3685 3056 πᾶσι

2114 3076 2388 3143 Χριστός.

448 3181 614 3237 solius
637 3180 728 3235 Dei
756 3193 981 3249 capaces
1021 3196 1035 3232 :
1089 3178 1206 3232 haec
1250 3174 1393 3230 enim
1430 3189 1493 3229 ea
1559 3171 1820 3243 perfectio
1854 3178 1957 3235 est,
2022 3168 2090 3223 ad
2130 3182 2290 3237 quam
2321 3167 2467 3222 omni
2525 3167 2802 3226 celeritate
2861 3186 3247 3243 properamus;
3293 3179 3435 3248 quod
3470 3180 3685 3249 quidem

448 3274 646 3330 Paulus
673 3273 787 3344 ipse
810 3273 1040 3327 maxime
1066 3268 1285 3337 conjicit
1314 3285 1327 3321 :
1361 3266 1502 3337 quod
1531 3265 1674 3321 enim
1708 3264 1799 3319 ltic
1817 3264 1884 3318 de
1902 3263 2010 3317 Deo
2050 3258 2328 3315 indeﬁnite
2381 3259 2480 3323 ait,
2512 3260 2617 3315 alio
2674 3260 2792 3317 loco
2836 3265 3191 3333 apertissimis
3235 3270 3410 3325 verbis
3466 3272 3687 3328 Christo

446 3364 720 3437 sigillatim
743 3360 1005 3416 attribuit.
1027 3358 1231 3425 Quibus
1257 3355 1473 3412 verbis?
1500 3351 1600 3409 Ubi
1629 3369 1732 3408 non
1777 3361 1853 3407 est
1882 3351 2117 3416 Graecus,
2149 3364 2252 3403 non
2274 3347 2513 3415 Judwur,
2568 3351 2889 3437 circumcisio
2923 3364 2971 3408 et
3030 3361 3364 3428 prazputium.
3430 3363 3685 3421 barbarus

446 3424 739 3525 etchgtha,
764 3466 937 3507 servus
967 3457 1016 3505 et
1052 3424 1221 3502 liber:
1257 3447 1345 3502 sed
1395 3446 1572 3500 omnia
1616 3454 1662 3499 et
1685 3445 1738 3498 in
1769 3444 2006 3498 omnibus
2045 3440 2286 3496 Christus
2319 3440 2379 3493 ιδ.
2576 3424 2593 3445 “

517 3549 631 3604 νιι.
665 3546 848 3623 'l‘ertio
906 3544 1023 3600 loco
1080 3558 1270 3599 vocem
1334 3542 1497 3607 hanc,
1530 3540 1701 3609 major
1730 3538 1796 3604 η,
1828 3552 2011 3592 nume-

2186 3536 2259 3589 z'.
2298 3531 2510 3605 Τρίτον,
2550 3535 2770 3606 ἀρίθμει
2797 3536 2873 3601 τὸ,
2905 3537 3107 3607 μεῖζον
3129 3539 3274 3612 (90)·
3307 3544 3567 3617 τέταρτον
3601 3553 3683 3612 τὸ,

449 3649 575 3696 rant
601 3657 615 3695 :
639 3647 829 3708 quarto
855 3636 1005 3698 item,
1039 3634 1201 3687 Deum
1226 3649 1393 3686 meum
1416 3642 1463 3685 et
1498 3630 1662 3685 Deum
1691 3641 1912 3684 vestrum
1948 3628 2011 3682 “.

452 3733 615 3797 Sane,
647 3729 690 3785 si
714 3727 884 3796 major
909 3726 1126 3798 quidem
1154 3726 1443 3787 diceretur,
1486 3738 1589 3778 non
1615 3724 1741 3776 item
1769 3720 2011 3791 aqualis,

450 3825 680 3880 fortasse
709 3821 815 3875 vim
851 3819 1084 3888 aliquam
1134 3817 1359 3872 haberet
1390 3816 1531 3886 quod
1584 3814 1836 3868 atterunt.
1878 3814 2011 3867 Cum

451 3917 628 3964 autem
654 3916 942 3974 utrumque
976 3904 1199 3959 inveniri
1232 3903 1437 3973 liquido
1491 3911 1726 3969 constet,
1747 3900 1873 3972 quid
1896 3912 2013 3955 tau-

454 4000 575 4055 dem
609 3997 850 4069 generosi
882 3995 1129 4052 homines
1182 3995 1401 4052 dicent?
1434 3996 1571 4062 Quid
1621 3994 1828 4049 roboris
1862 3994 2017 4047 hahe-

452 4092 620 4147 bunt?
668 4089 945 4157 Quomodo
989 4088 1345 4152 convenient,
1403 4102 1523 4157 quae
1577 4087 1867 4142 convenire
1915 4100 2007 4140 ne-

454 4181 689 4251 queunt?
732 4179 876 4234 Idem
916 4176 1059 4233 enim
1088 4176 1265 4245 seipso
1312 4176 1506 4245 majus,
1546 4175 1856 4243 pariterque
1913 4173 2012 4227 sibi

454 4274 557 4345 ipsi
572 4273 793 4343 aequale,
825 4270 939 4327 ﬁeri
972 4283 1075 4323 non
1099 4277 1293 4337 potest.
1322 4264 1508 4320 Nonne
1528 4280 1656 4335 ergo
1676 4264 2011 4333 perspicuum

453 4373 533 4421 est
561 4363 780 4433 majoris
820 4376 1000 4417 vocem
1062 4362 1127 4414 ad
1180 4373 1422 4422 causam,
1479 4356 1700 4425 aequalis
1729 4366 1912 4409 autem
1947 4355 2012 4410 ad

454 4465 703 4512 naturam
749 4453 1086 4509 referendam
1119 4451 1277 4506 esse?
1331 4448 1409 4505 Ac
1467 4464 1564 4502 nos
1598 4446 1734 4501 istud
1793 4447 2022 4515 ingenue

454 4547 741 4601 admodum
775 4554 828 4599 et
858 4544 1080 4598 candide
1136 4540 1477 4597 conﬁtemur.
1538 4537 1791 4593 Fortasse
1830 4543 2008 4591 autem

2118 3626 2265 3680 Θεόν
2290 3641 2410 3694 μου
2456 3624 2555 3678 καὶ
2604 3626 2752 3679 Θεὸν
2795 3628 2980 3697 ὑμῶν.
3012 3631 3076 3683 Εἰ
3106 3632 3206 3700 μὲν
3235 3629 3327 3687 οῦν
3345 3637 3556 3704 μείζων
3574 3640 3685 3711 (91)

2119 3720 2215 3789 μὲν
2243 3718 2476 3787 ἐλέγετο,
2517 3718 2590 3790 μὴ
2642 3716 2883 3791 ῐσος(92)
2917 3722 2994 3787 δὲ,
3035 3724 3173 3794 τάχα
3213 3724 3279 3779 ἂν
3320 3722 3388 3797 ἦν
3430 3745 3481 3782 τι
3520 3730 3679 3785 τοῦτο

2114 3811 2331 3876 αὐτοῖς·
2370 3814 2419 3866 εἰ
2455 3812 2512 3867 δὲ
2552 3813 2835 3885 ἀμφότερα
2885 3815 3070 3883 σαφῶς
3115 3818 3461 3889 εὑρίσκομεν,
3495 3822 3547 3875 τί
3582 3824 3685 3895 φή·-

2116 3919 2296 3956 σουσιν
2329 3904 2378 3957 οἱ
2410 3904 2692 3973 γεννάδαι;
2723 3904 2775 3956 τί
2808 3904 2868 3957 τὸ
2904 3905 3367 3977 ἰσχυρὸνκαύτοῖκ
3403 3911 3519 3975 πῶς
3550 3931 3687 3985 συμ-

2119 4000 2341 4071 ϐήσεται
2372 4001 2441 4055 τὰ
2462 4002 2753 4074 ἁσύμὸατα
2771 4020 2787 4069 ;
2808 4004 2869 4055 τὸ
2890 4003 2997 4071 γὰρ
3027 4002 3158 4056 αὐτὸ
3184 4001 3275 4055 τοῦ
3301 4002 3462 4056 αὐτοῦ
3487 4004 3685 4074 ὁμοίως

2121 4091 2302 4162 μεῖζον
2337 4094 2430 4146 καὶ
2463 4094 2575 4147 ἴσον
2605 4090 2763 4157 εἶναι,
2794 4094 2902 4146 τῶν
2927 4094 3230 4148 ἀδυνάτων·
3259 4093 3490 4164 ἢδῆλον,
3518 4096 3597 4148 ὅτι
3626 4096 3687 4149 τὸ

2122 4181 2303 4250 μεῖζον
2331 4183 2428 4252 μέν
2458 4185 2571 4237 ἐστι
2603 4184 2699 4254 τῆς
2726 4185 2921 4247 αἰτίας,
2956 4183 3015 4235 τὸ
3046 4184 3102 4237 δὲ
3135 4184 3267 4251 ἴσον,
3297 4186 3396 4253 τῆς
3432 4184 3643 4253 φύσεως
3668 4204 3684 4251 ;

2120 4272 2213 4323 καὶ
2259 4271 2418 4325 τοῦτο
2465 4275 2568 4328 ὑπὸ
2613 4275 2813 4344 πολλῆς
2859 4274 3273 4346 εὐγνωμοσύνης
3316 4276 3685 4347 ὁμολογοῦμεν

2118 4362 2295 4433 ἡμεῖς.
2326 4364 2475 4434 Τάχα
2517 4366 2559 4418 δ’
2608 4365 2672 4419 ἂν
2712 4366 2854 4419 εἴποι
2903 4384 2985 4430 τις
3031 4366 3186 4429 ἄλλος
3220 4366 3329 4436 (9'5)
3375 4367 3452 4438 τῷ
3490 4370 3688 4439 ἡμετέ-

2118 4468 2196 4523 ρῳ
2215 4454 2323 4526 (94)
2350 4456 2495 4527 λόγῳ
2520 4458 2979 4528 προσφιλονεικῶν
3009 4458 3141 4528 (95),
3178 4458 3251 4529 μὴ
3294 4458 3510 4514 ἔλαττον
3545 4456 3685 4513 εἶναι

2116 4543 2175 4597 τὸ
2204 4546 2267 4599 ὲκ
2294 4548 2545 4619 τοιαύτης
2569 4549 2747 4613 αἰτίας
2771 4544 2909 4603 εἶναι
2946 4549 3037 4602 τοῦ
3062 4549 3300 4603 ἁναιτίου
3325 4549 3457 4621 (96).
3490 4551 3532 4602 Τ
3535 4552 3598 4621 ἧς
3628 4569 3690 4605 τε

528 4726 571 4757 ¹¹
590 4723 750 4780 Hebr.
781 4723 949 4788 tt,i8.
1026 4722 1068 4752 ¹³
1104 4721 1121 4773 |
1157 4720 1280 4775 Cor.
1320 4735 1406 4785 xv,
1456 4719 1548 4774 28.
1626 4718 1670 4750 “
1695 4719 1868 4775 Galat.
1902 4736 1983 4786 ιιι,
2008 4723 2098 4778 28.
2178 4725 2220 4755 ’⁵
2244 4724 2396 4779 .loan.
2432 4742 2538 4788 xiv,
2563 4726 2652 4778 28.
2734 4727 2777 4757 ¹⁶
2804 4725 2958 4781 Joan.
2990 4743 3081 4793 xx,
3108 4727 3191 4780 l7.

453 4814 636 4940 κά(86)
665 4811 876 4880 Ποσῶς
898 4829 982 4884 γε.
1014 4812 1128 4866 Duo
1160 4810 1347 4882 [ιδεμ
1380 4810 1614 4879 quinque
1634 4810 1813 4877 Golb.,
1837 4813 2014 4878 ποσῶς

2123 4816 2390 4887 ὑμετέρῳ.

2193 4886 2303 4940 (95)
2339 4888 2390 4938 Π

524 4953 637 5027 (87)
678 4950 1264 5027 Ἀποκαταστάσεωςπ
1288 4947 1749 5027 i__Restitutionis,_
1781 4968 1798 5001 ι
1832 4950 1880 5003 id
1913 4960 2015 5013 est,

458 5044 478 5078 ι
509 5018 941 5085 resurrectionis,
973 5042 991 5076 ι
1028 5037 1149 5077 cmn
1177 5018 1426 5075 videlicet
1455 5018 1647 5072 animm
1671 5020 1781 5074 suis
1820 5035 2017 5088 corpo-

455 5096 605 5151 ribus
635 5094 1009 5148 restituentur.

525 5164 637 5235 (88)
690 5160 1320 5235 Παραεεθειρέσθωσαν.
1378 5160 1506 5214 Sav.
1552 5157 1748 5228 aliique
1815 5157 2013 5227 plures,

453 5233 1077 5305 παρεισφθειρέσθωσαν.

545 5307 634 5375 89)
662 5298 890 5373 Ὥσπερ
913 5303 1093 5357 νῦν...
1149 5302 1450 5371 φέροντες.
1496 5299 1617 5354 "(ec
1660 5312 1689 5350 a
1724 5298 1898 5363 Billio,
1926 5308 2018 5353 aut

457 5378 785 5499 typggraphg
802 5376 1017 5430 omissa.

526 5446 542 5504 (
620 5446 635 5504 l
668 5445 895 5504 Μειζον.
927 5444 1073 5504 Par..
1116 5444 1205 5504 μεί

526 5441 635 5515 (90)
668 5445 895 5504 Μεῖζον,
927 5444 1073 5510 Pan,
1116 5441 1335 5513 μείζων.

526 5516 637 5593 )
674 5515 911 5593 ῌείζων.
930 5514 1067 5593 _'_l_‘res
1096 5513 1257 5593 Itfgg.
1286 5522 1340 5593 et
1378 5522 1483 5593 tres
1510 5509 1905 5593 Colb.,‘pls_i§ov:

527 5581 638 5655 (92)
697 5586 873 5649 Ἵσος.
930 5583 1061 5655 Tres
1118 5581 1280 5655 ﬁegg.
1316 5581 1839 5655 totidentque‘Colbq
1879 5581 2012 5633 ἴσον.

679 5656 911 5734 atridae.
944 5652 1093 5734 Ultus
1124 5650 1261 5734 (Reg,
1287 5661 1340 5734 e_t
1365 5650 1561 5734 Q‘xonq
1582 5650 1728 5734 άλλο.

527 5718 637 5793 (94)
682 5718 982 5793 Ἡμετέρῳ.
1006 5724 1094 5778 Sic
1121 5718 1284 5778 Coisl.
1314 5721 1362 5787 l,
1391 5720 1516 5776 Sav.
1546 5720 1796 5776 etGomb.
1823 5718 1880 5773 In
1905 5721 2014 5782 ed.,

2193 4886 2303 4956 (95)
2339 4885 2883 4959 Προσφιλονεικῶν.
2934 4906 2952 4938 ‹
2987 4885 3097 4959 Vox
3139 4888 3263 4959 ista,
3314 4907 3333 4938 ι
3365 4886 3538 4959 inquit
3578 4886 3689 4942 Bil-

2115 4955 2240 5017 lius,
2280 4973 2298 5005 ι
2335 4971 2437 5008 non
2468 4955 2734 5029 signiﬁcat
2778 4972 2921 5029 eum,
2975 4957 3067 5029 qui
3140 4955 3384 5029 Gregorii
3422 4960 3686 5012 rationem

2115 5034 2468 5094 oppugnaret.
2506 5026 2595 5078 sed
2624 5026 2718 5094 qui
2758 5028 2934 5081 acrius
2976 5028 3025 5080 in
3054 5026 3295 5082 eamdem
3344 5043 3564 5083 causam
3614 5032 3687 5081 in-

2114 5095 2410 5164 cumberet,
2439 5094 2668 5162 Filiique
2698 5095 3032 5150 divinitatem
3070 5108 3329 5153 tueretur.
3372 5098 3504 5150 Nam
3541 5100 3684 5164 quod

2116 5162 2407 5243 Gregorius
2434 5165 2665 5243 fateatur
2694 5165 2912 5231 Filium,
2939 5167 3147 5243 ratione
3190 5168 3453 5243 duntaxat
3491 5162 3689 5243 causae,

2116 5234 2375 5313 minorem
2415 5234 2755 5313 esseputre.
2793 5239 3144 5313 contenderet
3201 5237 3433 5313 fortasse
3494 5238 3690 5304 aliquis

2115 5304 2167 5382 in
2196 5305 2446 5382 eamdem
2478 5304 2597 5359 Filii
2630 5305 2996 5382 defensionem
3022 5309 3202 5360 acrius
3233 5306 3577 5382 incumbens,
3621 5324 3688 5359 ne

2112 5371 2166 5425 in
2194 5371 2293 5427 hac
2325 5374 2536 5441 quidem
2568 5378 2771 5428 ratione
2796 5376 3056 5429 minorem
3085 5392 3205 5429 eum
3233 5392 3350 5431 esse
3373 5377 3687 5443 dicendum;

2114 5445 2254 5511 quod
2291 5446 2545 5497 nonsatis
2585 5444 3029 5499 animadvertis-se
3061 5446 3274 5501 videtur
3308 5447 3469 5500 Elias.
3513 5465 3531 5498 ι

2183 5512 2292 5581 (96)
2330 5513 2641 5568 Ἀναιτίου.
2674 5512 2763 5568 Sic
2803 5524 2910 5569 tres
2942 5515 3134 5582 Βρεμι,
3172 5519 3275 5571 duo
3317 5516 3505 5578 Coisl.,
3540 5515 3689 5578 Pan,

2111 5580 2327 5655 coma,
2386 5593 2500 5655 etc.
2527 5584 2616 5637 Sic
2650 5584 2812 5640 etiam
2862 5586 2987 5655 legit
3022 5580 3227 5654 Bittius,
3276 5585 3397 5642 licet
3425 5586 3556 5641 editi
3600 5587 3692 5640 ha-

2113 5651 2293 5715 beant,
2323 5653 2585 5706 ἐναντίου.
