4038 6338
448 341 552 396 “3

1622 351 1678 406 b‘.
1721 354 2056 412 GllEGOl‘dl
2099 359 2446 418 TIIEOLOGI

3613 363 3714 417 {36

442 469 613 529 potest
644 461 829 518 civitas
861 464 1112 519 abscondi
1137 483 1295 535 supra
1325 478 1550 523 montem
1586 473 1756 540 posita
1789 474 1857 527 ".
1877 475 2020 530 Fieri

2159 477 2490 550 εροσθοῦντος
2526 477 2787 548 μείζονος.
2823 477 2895 531 τὸ
2919 478 2994 543 δὲ,
3021 478 3095 542 ὡς
3127 479 3226 532 οὐκ
3255 476 3496 545 εὔλογον,
3526 476 3600 542 ὡς
3629 477 3690 530 τό

447 553 590 607 enim
631 564 826 623 potest,
856 565 912 609 ιιι
940 558 1184 624 quzedam
1233 559 1428 614 civitas
1472 561 1837 618 abscondatur
1861 606 1877 630 ,
1909 582 2023 620 ma-

444 645 551 712 jori
581 645 835 702 nimirum
874 649 1054 716 aliquo
1107 659 1289 704 monte
1337 653 1503 719 ipsius
1551 664 1826 724 aspectum
1860 656 2024 726 impe-

448 735 649 790 diente.
675 736 1014 806 l'mpossibile
1041 741 1203 794 etiam
1252 741 1471 806 dicitur,
1531 747 1672 812 quod
1707 747 1930 802 minime
1951 763 2024 802 aa-

449 842 616 896 qunro
649 837 752 893 est,
777 830 1084 898 rationique
1120 845 1579 898 consentaneum;
1623 838 1777 906 cujus
1813 840 2027 907 generis

451 929 536 976 est
569 919 730 975 illud:
768 919 891 974 Non
913 935 1126 988 possunt
1159 925 1260 992 ﬁlii
1287 928 1464 993 sponsi
1480 927 1748 995 jejunare,
1793 931 2026 999 quandiu

449 1027 678 1078 prwsem
724 1021 801 1066 est
853 1030 1074 1082 sponsus
1102 1018 1188 1081 '5;
1241 1021 1352 1070 sive
1407 1031 1528 1071 eum
1597 1019 1884 1087 intelligas,
1933 1021 2026 1090 qui

450 1104 730 1173 corporeis
769 1105 941 1162 oculis
991 1109 1232 1163 cernitur
1262 1110 1458 1180 (neque
1497 1111 1640 1164 enim
1668 1127 1920 1165 mrutnnm
1950 1122 2030 1165 at-

453 1210 563 1264 que
597 1193 904 1251 allhctionis
941 1207 1152 1266 tempus
1186 1209 1302 1252 erat
1330 1199 1454 1253 illud
1487 1210 1716 1270 tempus,
1743 1216 1851 1270 quo
1873 1201 2031 1256 Chri-

454 1297 573 1343 stus
595 1301 716 1342 cum
743 1289 1022 1358 discipulis
1067 1293 1432 1360 versabatur),
1493 1292 1607 1346 sive
1629 1309 1751 1347 eum
1790 1301 1848 1346 ut
1894 1292 2031 1347 Ver-

454 1378 583 1432 lmm
608 1389 819 1448 spectes
845 1401 856 1435 :
890 1381 1016 1448 quid
1040 1382 1184 1434 enim
1213 1397 1309 1435 eos
1331 1397 1593 1451 corporeo
1611 1383 2034 1452 modojejunare

458 1486 684 1528 necesse
718 1483 820 1536 est,
863 1474 1010 1542 quia
1038 1472 1217 1528 Verbo
1251 1473 1583 1543 purgantur?
1618 1473 1820 1541 Quarta
1869 1475 2033 1542 signi-

459 1565 714 1620 ﬁcatione
740 1565 841 1621 hoc
874 1564 990 1620 ﬁeri
1025 1581 1130 1619 non
1170 1580 1328 1635 posse
1359 1565 1577 1630 dicitur,
1631 1583 1659 1618 a
1709 1582 1816 1632 quo
1853 1577 2036 1621 nostra

458 1658 711 1714 voluntas
737 1659 1028 1722 abhorret;
1061 1657 1361 1724 cujusmodi
1381 1668 1464 1714 est
1487 1659 1652 1713 illud:
1683 1657 1808 1713 Non
1833 1670 2038 1727 poterat

460 1748 572 1802 illic
601 1749 751 1820 signa
773 1749 946 1818 [acere
968 1758 1177 1818 propter
1193 1749 1614 1803 incredulitatem
1641 1767 1820 1804 eorum
1855 1753 1922 1818 ’⁸,
1946 1755 2034 1821 qui

2123 573 2204 623 Οὐ
2256 570 2543 624 δύνανται
2593 575 2644 624 οἱ
2689 571 2805 624 υἱοὶ
2847 570 2952 624 τοῦ
2996 571 3316 639 νυμφῶνος
3366 571 3709 637 νηστεύειν.

2127 659 2218 728 ἐφ’
2259 660 2408 712 ὅσον
2451 659 2710 728 ἔνδημος
2753 663 2786 713 ό
2831 660 3124 728 νυμφίος·
3156 659 3262 711 εἴτε
3314 661 3346 710 6
3387 656 3713 728 σωματικῶς

2130 750 2403 820 ὁρώμενος·
2422 752 2504 820 (οὐ
2525 751 2633 822 γὰρ
2659 750 3049 814 κακοπαθείας,
3084 751 3198 804 ἀλλ’
3227 749 3564 822 εὐφροσύνης
3592 766 3714 801 και-

2135 843 2227 912 ρὸς
2253 843 2279 893 ὁ
2307 842 2408 911 τῆς
2451 843 2796 912 ἐπιδημίας),
2845 843 2952 896 εἴτε
2989 842 3064 908 ὡς
3107 846 3136 896 6
3179 844 3350 912 Λόγος
3390 841 3712 912 νοούμενος·

2131 933 2183 984 τί
2217 931 2325 1002 γὰρ
2363 931 2441 984 δεῖ
2481 931 2761 1003 νηστεύειν
2803 931 3132 1002 σωματικῶς
3177 933 3302 994 τοὺς
3333 931 3491 1002 Λόγῳ
3519 929 3714 984 καθαι-

2139 1024 2395 1094 ρομένους
2420 1022 2563 1094 (ΙΟ);
2597 1025 2668 1076 Τὸ
2690 1025 2769 1088 δὲ,
2803 1025 2878 1086 ὼς
2914 1024 3233 1096 ἀϐούλητον.
3267 1024 3344 1087 ὡς
3381 1024 3464 1084 τὸ,
3485 1023 3583 1088 Μὴ
3613 1023 3716 1077 δύ-

2136 1119 2352 1170 νασθαι
2375 1117 2500 1170 ἐκεῖ
2514 1117 2731 1186 σημεῖα
2752 1117 3020 1185 ποιῆσαι,
3040 1118 3136 1171 διὰ
3160 1116 3274 1185 τὴν
3295 1117 3580 1173 ἀπιστίαν
3599 1116 3718 1171 τῶν

2136 1208 2491 1276 δεχομένων·
2509 1209 2696 1279 ἐπειδὴ
2712 1209 2822 1280 γὰρ
2841 1209 2934 1262 τοῦ
2963 1210 3371 1280 συναμφοτέρου
3398 1208 3555 1280 χρεία
3581 1209 3719 1280 πρὸς

2135 1300 2234 1362 τὰς
2267 1299 2458 1363 ἰάσεις,
2483 1301 2577 1354 καὶ
2602 1302 2699 1371 τῆς
2722 1301 2828 1354 τῶν
2852 1301 3304 1371 Θεραπευομένων
3337 1301 3593 1364 πίστεως,
3623 1304 3720 1354 καὶ

2138 1393 2236 1462 τῆς
2266 1391 2360 1444 τοῦ
2391 1391 2728 1464 Θεραπευτοῦ
2747 1392 2858 1464 (Η)
2891 1393 3192 1463 δυνάμεως,
3236 1393 3336 1445 οὐκ
3365 1391 3634 1462 ἐνεδέχετο
3657 1393 3722 1445 τὸ

2140 1483 2324 1553 ἕτερον
2351 1483 2444 1537 τοῦ
2473 1483 2705 1552 συζύγου
2751 1483 3105 1548 ἐλλείποντος.
3134 1485 3245 1537 Οὐκ
3293 1481 3404 1537 οἶδα
3427 1484 3538 1555 (ίὲ)
3563 1485 3642 1548 δὲ,
3672 1488 3721 1538 εἰ

2145 1574 2218 1644 μὴ
2253 1575 2347 1628 καὶ
2384 1575 2536 1628 τοῦτο
2565 1576 2640 1647 τῷ
2697 1575 2900 1646 εὐλόγῳ
2945 1575 3296 1647 προσθετέον’
3335 1576 3393 1630 οὐ
3429 1577 3534 1648 γὰρ
3565 1577 3722 1630 εὔλο-

2142 1681 2236 1731 γος
2289 1665 2428 1728 ἴασις
2469 1667 2584 1728 τοῖς
2639 1665 3057 1737 βλαϐησομένοις
3104 1665 3162 1732 ἐξ
3209 1666 3484 1729 ἀπιστίας.
3530 1665 3638 1719 Τοῦ
3665 1666 3725 1718 δὲ

2144 1756 2307 1810 αὑτοῦ
2347 1757 2527 1824 λόγου,
2559 1759 2651 1810 καὶ
2682 1759 2743 1811 τό
2766 1775 2779 1789 ·
2814 1761 2896 1812 Οὐ
2927 1758 3174 1812 δύναται
3210 1761 3243 1811 ὁ
3267 1759 3494 1827 κόσμος
3517 1757 3726 1827 μισεῖν

461 1855 525 1896 ea
552 1842 931 1908 excipiebant:
985 1841 1238 1910 quoniam
1299 1841 1443 1895 enim
1493 1844 1558 1895 ad
1594 1843 1901 1898 morborum
1939 1845 2033 1899 de-

2159 1845 2291 1916 ἱνμᾶς
2318 1865 2331 1878 ο
2377 1821 2492 1910 καὶ,
2517 1847 2648 1913 Πῶς
2695 1848 2958 1904 δύνασθε
2991 1848 3181 1918 ἀγαθὰ
3212 1821 3444 1911 λαλεῖν,
3471 1821 3723 1916 stemma!

465 1933 742 1998 pulsiones
771 1943 1058 2003 utrumque
1089 1937 1348 1989 accedere
1387 1949 1612 1988 necesse
1642 1943 1744 1998 est,
1779 1949 1971 2004 nempe
1985 1945 2042 1990 ut

464 2033 519 2078 et
535 2025 720 2094 aegroti
752 2024 932 2093 tidem,
959 2036 1010 2080 et
1039 2026 1240 2092 medici,
1259 2027 1366 2079 vim
1392 2039 1444 2082 et
1466 2025 1771 2079 facultatem
1798 2027 2043 2081 medendi

466 2116 718 2180 all‘erant,
751 2117 950 2172 idcirco
983 2111 1234 2185 alterum,
1263 2119 1548 2174 deﬁciente
1589 2119 1780 2183 altero,
1825 2119 2046 2172 minime

467 2209 839 2284 contingebat.
862 2208 1014 2263 Haud
1047 2212 1160 2265 scio
1196 2224 1397 2284 autem,
1455 2226 1520 2264 an
1565 2213 1664 2264 hoc
1692 2225 1910 2280 quoque
1940 2226 2042 2264 non

467 2282 869 2372 adjungendum
894 2302 985 2364 sit,
1017 2301 1081 2355 ad
1113 2302 1165 2357 id
1195 2305 1336 2371 quod
1358 2281 1587 2356 .rationi
1619 2310 2044 2357 consentaneum

467 2405 591 2448 est:
625 2409 798 2464 neque
825 2394 972 2448 enim
996 2393 1062 2448 iis
1095 2393 1416 2448 medicinam
1449 2393 1642 2448 alierre
1670 2393 2046 2456 conveniebat,

2139 1940 2342 2005 ortae;
2374 1940 2496 2004 Πῶς
2525 1940 2636 2011 γὰρ
2659 1941 2918 1994 ἀδύνατόν
2953 1959 3004 1994 τι
3032 1940 3258 2003 τούτων,
3292 1940 3325 2010 ἢ
3373 1939 3455 1992 ὅτι
3487 1939 3724 2007 ἀϐούλη-

2140 2048 2262 2096 τον;
2297 2031 2448 2084 Ἔστι
2489 2031 2546 2084 δέ
2583 2048 2634 2083 τι
2673 2033 2766 2085 καὶ
2799 2030 3037 2084 τοιοῦτον
3074 2031 3130 2082 ἐν
3173 2033 3287 2094 τοῖς
3312 2030 3648 2100 λεγομένοις,
3696 2030 3727 2082 ὃ

2142 2125 2204 2194 τῇ
2235 2123 2346 2191 (1⁸5)
2383 2123 2542 2192 φύσει
2578 2123 2680 2187 μὲν
2711 2123 2990 2186 ἀδύνατον,
3021 2121 3226 2192 Θεῷιδὲ
3260 2121 3485 2175 δυνατὸν
3533 2121 3715 2192 βουλη-

2143 2213 2307 2280 οέντι,
2344 2214 2418 2278 ὼς
2451 2215 2534 2276 τὸ,
2575 2217 2648 2286 μὴ
2670 2213 2930 2268 δύνασθαι
2956 2213 3046 2266 τὸν
3064 2213 3227 2266 αὐτὸν
3256 2212 3582 2284 γεννηθῆναι
3608 2211 3730 2265 δεύ-

2143 2321 2319 2375 τερον,
2367 2307 2461 2358 καὶ
2510 2307 2674 2376 ῥαφὶς
2703 2305 2801 2358 οὐκ
2832 2305 3180 2375 εἰσδεχομένη
3209 2303 3456 2375 κάμηλον
3477 2319 3488 2332 ·
3529 2303 3582 2357 τί
3619 2303 3731 2376 γὰρ

2151 2395 2218 2448 ἂν
2257 2397 2350 2449 καὶ
2397 2396 2660 2451 κωλύσειε
2689 2396 2942 2465 γενέσθαι.
2984 2395 3173 2458 ταῦτα,
3208 2396 3344 2449 Θεοῦ
3372 2396 3726 2467 θελήσαντοςς

470 2490 670 2560 quibus
710 2487 1063 2544 incredulitas
1097 2489 1475 2543 detrimentum
1521 2488 1745 2542 allatura
1768 2496 1908 2542 erat.
1973 2487 2090 2553 Quo
2129 2491 2293 2544 etiam
2357 2491 2407 2544 iu
2445 2493 2631 2544 ordine
2677 2491 3110 2558 ponendumvest
3164 2489 3332 2545 illud:
3379 2489 3500 2544 Non
3562 2501 3728 2559 potest

470 2584 698 2638 mundus
730 2585 900 2638 odisse
931 2600 1018 2639 vos
1063 2584 1105 2614 ’⁷
1134 2601 1147 2648 ;
1177 2593 1270 2649 et,
1325 2583 1599 2648 Quomodo
1646 2586 1856 2649 potestis
1913 2585 2047 2637 bona
2087 2585 2248 2655 loqui.
2275 2603 2393 2638 cum
2419 2587 2534 2640 sitis
2561 2587 2689 2640 mali
2721 2586 2806 2639 '3?
2872 2587 2988 2653 Quo
3025 2587 3168 2641 enim
3217 2596 3374 2657 pacto
3437 2585 3729 2656 quidquam

472 2677 666 2731 horum
721 2677 1052 2744 impossibile
1113 2687 1217 2741 est,
1278 2676 1382 2730 nisi
1445 2676 1571 2744 quia
1634 2675 1882 2730 voluntas
1944 2660 2245 2748 repugnat?
2310 2677 2425 2731 Jam
2455 2678 2579 2733 illud
2625 2693 2837 2748 quoque
2895 2678 3224 2748 impossibile
3295 2679 3520 2742 dicitur,
3588 2677 3731 2747 quod

479 2780 670 2824 natura
707 2769 922 2838 quidem
957 2768 1287 2839 impossibile
1315 2778 1417 2830 est.
1476 2769 1583 2822 Deo
1632 2775 1812 2821 autem
1846 2768 2045 2822 volenti
2089 2769 2506 2838 possibile;quo
2531 2771 2580 2824 in
2614 2787 2811 2842 genere
2880 2781 2960 2826 est
3021 2771 3149 2826 illud
3181 2787 3194 2801 ·
3246 2771 3502 2827 Eumdem
3559 2772 3735 2826 homi-

475 2878 600 2916 nem
635 2861 719 2917 bis
745 2864 892 2916 nasci
932 2877 1034 2916 utut
1074 2877 1230 2930 posse
1267 2862 1335 2927 ",
1381 2875 1478 2916 nec
1513 2876 1611 2915 acu
1663 2860 1925 2916 catnelum
1957 2862 2168 2918 admitti
2199 2865 2243 2896 ³ο
2279 2883 2292 2920 :
2325 2866 2450 2934 quid
2513 2867 2653 2918 enim
2720 2865 3002 2934 prohibeat
3063 2865 3352 2935 quominus
3419 2866 3532 2920 hmc
3581 2865 3730 2928 liant,

477 2957 522 3012 si
561 2956 654 3010 Dei
692 2955 944 3010 voluntas
975 2956 1044 3007 ita
1080 2954 1304 3010 tulerit?

554 3046 644 3102 XI.
671 3047 874 3102 Prrter
898 3047 997 3102 hos
1031 3062 1221 3102 omnes
1252 3047 1436 3102 modos
1473 3047 1805 3116 impossibile
1854 3048 2048 3104 dicitur
2078 3056 2120 3112 C

478 3141 621 3213 quod
649 3140 791 3195 nulla
842 3141 1062 3194 omnino
1112 3140 1322 3194 ratione
1373 3138 1487 3194 lieri
1547 3147 1760 3208 potest,
1827 3142 2052 3212 utquod

484 3245 631 3287 nunc
664 3229 1020 3299 exquirimus.
1069 3228 1138 3284 Ut
1166 3229 1308 3284 enim
1336 3229 1667 3298 impossibile
1682 3245 1804 3287 esse
1830 3233 2062 3287 dicimus

483 3326 651 3380 Deum
707 3323 908 3378 malum
974 3325 1116 3386 esse,
1178 3334 1268 3376 aut
1318 3324 1541 3377 omnino
1605 3339 1711 3378 non
1766 3341 1885 3380 esse
1937 3327 2061 3396 (hoc

482 3417 626 3471 enim
693 3415 782 3468 Dei
848 3414 1218 3482 impotentiam
1277 3413 1454 3482 potius
1533 3423 1696 3482 atque
1782 3417 2063 3471 imbecilli-

486 3519 689 3573 tatem,
741 3523 902 3576 quam
959 3507 1254 3576 potentiam
1301 3507 1620 3578 arguerit);
1702 3517 1793 3561 aut
1845 3519 1904 3562 ut
1967 3510 2062 3572 sit,

485 3603 628 3668 quod
677 3617 780 3654 non
832 3609 937 3661 est,
987 3609 1168 3654 autut
1224 3601 1306 3654 bis
1357 3602 1463 3654 duo
1519 3601 1678 3653 simul
1735 3611 1790 3654 et
1833 3612 2066 3669 quatuor

487 3693 647 3766 547
678 3694 787 3747 sint
814 3703 867 3747 et
888 3693 1072 3747 decem
1098 3711 1112 3745 :
1141 3693 1212 3745 ita
1247 3708 1348 3746 nec
1379 3693 1491 3745 ﬁeri
1537 3693 1646 3745 ullo
1679 3693 1835 3748 modo
1869 3704 2064 3760 potest,

489 3795 548 3839 ut
570 3785 740 3839 Filius
765 3784 965 3850 aliquid
1005 3783 1192 3848 faciat,
1234 3785 1375 3852 quod
1405 3784 1567 3838 Pater
1599 3800 1702 3837 non
1730 3784 1910 3839 faciat.
1941 3784 2072 3839 0m-

489 3882 580 3932 nia
610 3879 748 3932 enim
798 3894 914 3943 qua:
953 3875 1115 3930 Pater
1157 3875 1326 3939 habet,
1370 3889 1488 3928 sunt
1541 3875 1667 3929 Filii
1697 3878 1779 3929 3|:
1813 3878 2070 3946 quemad-

487 3969 708 4023 modum
741 3983 930 4022 rursus
962 3969 1162 4032 onmia,
1191 3982 1308 4034 qua:
1331 3967 1522 4032 Filius,
1554 3967 1753 4024 Patris.
1785 3968 2069 4040 Nihilergo

488 4062 780 4130 peculiare,
813 4063 936 4130 quia
993 4059 1298 4115 communia
1357 4062 1577 4123 onmia,
1632 4061 2067 4130 quandoquidem

491 4157 667 4224 ipsum
697 4168 913 4223 quoque
935 4167 1076 4213 esse.
1109 4167 1393 4206 commune
1433 4162 1596 4220 atque
1625 4152 1830 4220 aequale
1854 4163 1931 4207 est
1968 4153 2068 4223 ipsi

490 4263 612 4302 cum
652 4247 831 4308 Patre,
872 4247 997 4301 licet
1025 4246 1225 4314 alioqui
1265 4247 1365 4300 hoc
1404 4260 1430 4298 a
1470 4245 1627 4298 Patre
1666 4244 1831 4298 Filius
1850 4246 2066 4300 habeat.

491 4342 610 4408 Quo
633 4342 799 4394 etiam
829 4354 989 4396 sensu
1019 4340 1222 4394 dictum
1253 4348 1362 4392 est:
1402 4337 1510 4408 Ego
1562 4338 1671 4391 vivo
1705 4348 1919 4406 propter
1957 4340 2070 4392 Pa-

492 4445 622 4489 trem
655 4435 857 4499 a’;non
889 4432 1028 4504 quod
1061 4432 1129 4485 ab
1163 4431 1251 4485 illo
1275 4431 1442 4500 ipsius
1499 4432 1607 4485 vita
1647 4440 1810 4500 atque
1833 4432 2067 4484 essentia

491 4527 844 4588 sustineatur,
881 4541 1064 4581 verum
1091 4527 1233 4594 quod
1264 4541 1329 4580 ex
1363 4524 1452 4579 illo
1477 4526 1610 4579 citra
1659 4531 1870 4589 tempus
1905 4522 2068 4575 ullmn

2224 3052 2325 3104 lA'.
2357 3049 2571 3102 Τούτων
2600 3049 2657 3101 δὲ
2681 3049 2896 3102 πάντων
2929 3046 3107 3111 ἐκτὸς,
3139 3045 3200 3098 τὸ
3223 3043 3502 3107 παντελῶς
3537 3044 3735 3098 ἀδύνα-

2166 3161 2254 3197 τον
2283 3144 2376 3196 καὶ
2407 3141 2773 3200 ἀνεπίδεκτον,
2800 3141 2876 3204 ὡς
2923 3140 2950 3193 ὂ
2983 3139 3076 3193 νῦν
3115 3137 3462 3208 ἐξετάζομεν.
3514 3136 3600 3198 Ὠς
3629 3135 3740 3206 γὰρ

2163 3235 2424 3290 ἀδύνατον
2473 3229 2611 3288 εἶναι
2643 3233 2891 3304 λέγομεν,
2939 3232 3174 3303 πονηρὸν
3223 3225 3360 3282 εἶναι
3401 3227 3553 3290 Θεὸν,
3590 3227 3623 3297 ἢ
3664 3227 3739 3298 μὴ

2165 3323 2302 3380 εἶναι
2326 3344 2338 3357 ·
2371 3326 2526 3380 τοῦτο
2546 3325 2655 3396 γὰρ
2679 3324 2978 3395 ἀδυναμίας
3005 3323 3068 3376 ἂν
3094 3321 3178 3392 εἴη
3209 3320 3404 3392 μᾶλλον
3421 3317 3579 3383 Θεοῦ,
3596 3319 3741 3389 ἥπερ

2163 3417 2443 3489 δυνάμεως
2551 3416 2611 3469 τὸ
2637 3415 2710 3487 μὴ
2734 3415 2794 3468 ὂν
2814 3411 2972 3482 εἶναι,
3003 3414 3036 3485 ἢ
3067 3413 3134 3466 τὰ
3160 3414 3240 3476 δίς
3263 3411 3355 3465 δύο
3383 3412 3476 3464 καὶ
3500 3409 3742 3481 τέσσαρα

2165 3505 2302 3562 εἶναι
2329 3509 2422 3561 καὶ
2449 3507 2580 3560 δέκα
2599 3504 2708 3576 (14)
2731 3524 2744 3538 ο
2780 3505 2952 3569 οὓτως
2985 3503 3243 3558 ἀδύνατον
3287 3503 3381 3556 καὶ
3423 3499 3744 3571 ἀνεγχώρη-

2165 3620 2256 3654 τον
2292 3605 2462 3654 ποιεῖν
2494 3619 2545 3654 τι
2578 3599 2668 3652 τὸν
2697 3599 2844 3662 Υίὸν,
2874 3592 2948 3651 ὧν
2972 3599 3031 3650 οὐ
3069 3599 3210 3650 ποιεῖ
3241 3599 3269 3650 6
3297 3597 3508 3667 Πατήρ.
3540 3593 3745 3648 Πάντα

2166 3693 2276 3762 γὰρ
2305 3692 2420 3745 ὅσα
2441 3693 2562 3762 ἔχει
2583 3694 2614 3745 ὀ
2637 3691 2854 3760 Πατὴρ,
2889 3691 2994 3744 τοῦ
3030 3689 3165 3743 Υίοῦ
3185 3689 3385 3741 ἐστιν·
3417 3687 3491 3750 ὡς
3507 3685 3745 3757 ἔμπαλιν

2167 3787 2235 3839 τὰ
2263 3784 2355 3838 τοῦ
2390 3785 2536 3847 Υίοῦ,
2565 3782 2659 3837 τοῦ
2691 3783 2922 3857 Πατρός.
2954 3783 3116 3836 Οὐδὲν
3145 3777 3237 3835 οὖν
3269 3781 3418 3844 ἴδιον,
3446 3780 3528 3832 ὅτι
3556 3779 3713 3832 κοινά

2172 3877 2294 3928 ἐπεὶ
2318 3878 2411 3929 καὶ
2437 3877 2569 3929 αὐτὸ
2611 3876 2671 3928 τὸ
2712 3871 2847 3929 εἶναι.
2881 3875 3055 3928 ποινδν
3101 3875 3196 3928 καὶ
3243 3873 3528 3943 ὁμότιμον,
3560 3872 3608 3924 εἰ
3651 3871 3747 3924 καὶ

2169 3970 2247 4038 τῷ
2275 3969 2390 4040 Υίῷ
2435 3964 2720 4041 παρατοῦ
2765 3969 2995 4039 Πατρός.
3040 3968 3177 4020 Καθ’
3209 3967 3237 4020 ὃ
3280 3966 3371 4019 καὶ
3404 3965 3620 4034 λέγεται
3651 3982 3748 4019 και

2169 4062 2229 4114 τό
2253 4062 2278 4092 ”
2310 4061 2456 4130 Ἐγὼ
2483 4061 2553 4121 ζῶ
2575 4060 2670 4115 διὰ
2690 4061 2796 4113 τὸν
2820 4059 3050 4133 Πατέρα
3069 4078 3081 4090 ·
3136 4061 3235 4128 οὐχ
3267 4059 3342 4120 ὡς
3368 4056 3576 4110 ἐκεῖθεν
3597 4057 3748 4128 αὐτῷ

2170 4153 2263 4206 τοῦ
2289 4152 2409 4224 ζῇν,
2451 4153 2542 4204 καὶ
2577 4153 2672 4204 τοῦ
2707 4148 2845 4204 εἷναι
2882 4151 3258 4220 συνεχομένου,
3301 4151 3415 4204 ἀλλ’
3440 4149 3514 4212 ὡς
3538 4148 3750 4201 ἐκεῖθεν

2173 4247 2506 4316 ὑπάρχοντος
2560 4243 2802 4314 ἁχρόνως
2850 4244 2944 4296 καὶ
2991 4242 3263 4305 ἀναιτίως.
3317 4242 3511 4294 Βλέττει
3554 4240 3609 4292 δὲ
3656 4239 3748 4292 τὸν

2174 4340 2392 4410 Πατέρα
2430 4338 2702 4401 ποιοῦντα,
2743 4337 2874 4400 πῶς,
2901 4336 2996 4388 καὶ
3043 4334 3184 4388 οὕτω
3229 4337 3398 4398 ποιεῖ;
3453 4330 3558 4404 ἆρα
3599 4333 3673 4394 ὡς
3699 4334 3748 4384 οἱ

2172 4428 2270 4490 τὰς
2301 4426 2512 4498 μορφὰς
2533 4425 2854 4497 γράφοντες,
2888 4425 2982 4478 καὶ
3010 4423 3078 4477 τὰ
3110 4425 3430 4496 γράμματα.
3468 4423 3554 4476 διὰ
3581 4423 3640 4474 τὸ
3673 4423 3749 4491 μὴ

2179 4518 2315 4576 εἶναι
2369 4523 2462 4592 τῆς
2505 4521 2759 4592 ἀληθείας
2805 4518 2975 4582 ἄλλως
3029 4519 3324 4586 ἐπιτυχεῖν,
3377 4518 3423 4568 εἰ
3487 4515 3561 4585 μὴ
3613 4515 3751 4585 πρὸς

493 4629 654 4686 atque
681 4632 902 4673 causam
966 4619 1212 4674 exsistat.
1277 4617 1381 4671 Sed
1414 4615 1684 4686 quomodo
1745 4613 1871 4668 illud
1929 4615 2053 4667 aeei‘

2176 4615 2236 4666 τὸ
2281 4614 2582 4684 ἀρχέτυπον
2631 4612 2945 4683 βλέποντας,
2999 4609 3250 4664 κάκεῖθεν
3305 4607 3752 4679 χειραγωγουμέ-

566 4780 611 4810 ²¹⁵
635 4779 822 4833 Matth.
860 4779 1023 4841 v.14.

495 4850 540 4881 "-‘
559 4847 745 4906 Matth.
789 4865 904 4914 χιχ,
927 4849 1016 4901 2i.

564 4961 675 5032 (10)
712 4961 859 5026 Τοὺς
888 4962 1054 5029 Λόγῳ
1075 4958 1561 5032 καθαιρομένους.
1597 4957 1712 5032 Bill.
1741 4977 1792 5032 :__c
1835 4959 1924 5024 qui
1960 4975 2067 5032 srr-

491 5029 994 5101 mOne'pnrganlur.
1027 5051 1043 5080 ι
1071 5030 1231 5085 Addit
1267 5034 1430 5082 etiam
1449 5030 1520 5101 _iu
1554 5030 1715 5091 notis,
1748 5029 2066 5101 Gregorium

496 5096 736 5156 alludere
758 5096 824 5155 οἳ]
856 5102 969 5154 lucc
993 5101 1189 5154 Christi
1222 5101 1411 5155 verba.
1441 5096 1595 5151 Joan.
1639 5115 1723 5161 xv,
1766 5099 1798 5150 5
1845 5113 1856 5147 :
1897 5117 1913 5146 ι
1949 5097 2066 5150 Jam

493 5187 592 5228 vos
640 5171 822 5226 mundi
873 5173 1004 5223 estis
1053 5181 1269 5236 propter
1317 5184 1618 5220 sermonem
1662 5174 1818 5236 quem
1863 5167 2068 5220 locutus

497 5258 616 5296 sum
676 5242 844 5295 vobis.
890 5260 907 5292 ι
952 5242 1176 5295 Fatetur
1215 5251 1394 5292 tamen
1427 5239 1596 5292 Eliatn
1635 5254 1728 5304 per
1763 5238 1957 5304 Λόγον,
1983 5237 2070 5289 Fi-

496 5314 626 5366 lium
680 5312 770 5365 Dei
823 5310 1148 5380 intelligere;
1203 5310 1360 5379 cujus
1402 5311 1668 5363 sententia
1715 5309 1866 5362 nobis
1900 5309 2064 5361 etiam

496 5383 669 5446 magis
704 5383 924 5437 arridet.

571 5454 681 5523 (ll)
716 5453 824 5508 'l'oﬁ
854 5450 1239 5522 θεραπευτοῦ.
1275 5450 1348 5504 De
1380 5450 1763 5523 Christoenim
1788 5448 2066 5523 singulari-

499 5521 588 5576 ter
615 5521 701 5576 hic
727 5521 1030 5583 sermo’est,
1063 5538 1167 5575 non
1215 5523 1464 5575 universe
1491 5523 1555 5575 de
1594 5521 1660 5574 iis
1685 5536 1802 5586 quae
1837 5521 1900 5572 ad
1925 5533 2070 5572 mor-

499 5596 689 5647 hovum
721 5595 1061 5660 depulsiones
1085 5609 1149 5647 ex
1179 5603 1333 5661 parte
1383 5603 1706 5661 a'grotorum
1742 5606 1803 5645 ac
1835 5590 2072 5644 medico-

500 5680 617 5716 rum
651 5667 1014 5732 requiruntur.

576 5733 686 5803 (1'2)
724 5731 842 5786 Οὐκ
871 5731 1023 5797 οἶδα,
1052 5743 1159 5789 ειν.
1191 5733 1331 5786 Dill.:
1365 5751 1382 5782 ι
1423 5733 1737 5800 Quanquam
1773 5731 1911 5786 haud
1935 5732 2067 5788 scio.

503 5820 569 5858 an
610 5805 706 5856 hoc
752 5818 963 5874 quoque
990 5819 1155 5874 genus
1189 5804 1344 5858 tertio
1384 5805 1779 5873 adiungendum
1817 5803 1908 5867 sit,
1962 5818 2068 5870 quo

1101 4782 1144 4810 ⁸⁵
1179 4778 1364 4830 Matth.
1397 4794 1474 4838 Ix,
1508 4777 1592 4830 Ιῖὶ.

1094 4850 1135 4879 ³⁸
1163 4847 1314 4901 Joan.
1349 4863 1460 4910 XVI,
1488 4849 1570 4900 15.

1669 4778 1716 4809 ²⁶
1751 4775 1935 4828 Matth.
1965 4791 2085 4837 xm,
2121 4777 2210 4832 58.

1651 4849 1693 4877 ³³
1715 4846 1868 4900 Joan.
1918 4861 1988 4912 vt,
2014 4847 2102 4902 58.

2287 4773 2696 4837 "Joau.v:t,7.
2776 4772 2820 4802 "
2853 4770 3269 4833 Matth.xt1,5L
3345 4771 3388 4800 ⁵³
3421 4767 3748 4828 Joan.ut,4.

2177 4954 2505 5022 impossibile
2531 4950 2662 5006 nihil
2695 4950 2834 5004 aliud
2864 4950 3152 5024 signiﬁcat,
3181 4946 3496 5024 quamquod
3528 4945 3753 5024 minime

2176 5017 2366 5080 rationi
2389 5033 2810 5078 consentaneum
2849 5017 2948 5074 est.
2987 5040 3004 5071 ι
3041 5020 3222 5074 Sensit
3253 5017 3439 5070 Billins
3469 5017 3752 5086 legendum

2175 5113 2313 5156 esse,
2349 5094 2449 5147 οὐκ
2475 5093 2699 5163 εὐλόγῳ,
2746 5111 2763 5143 ι
2797 5091 2992 5145 rationi
3021 5091 3244 5163 minime
3269 5097 3747 5163 consentaneum,-

2175 5168 2316 5235 quod
2355 5167 2512 5220 nobis
2553 5157 2770 5233 quoque
2811 5164 2981 5235 visunt
3023 5170 3122 5235 est.
3159 5160 3290 5213 Cum
3328 5174 3456 5213 vero
3487 5157 3753 5235 particula

2182 5229 2404 5306 negans.
2442 5229 2952 5306 oon-abpmnihus
2983 5232 3288 5306 codd._tum
3333 5229 3590 5306 exaratis,
3641 5239 3752 5306 tum

2180 5300 2312 5362 t-ns's.
2341 5308 2500 5369 absit,
2555 5305 2797 5376 religioni
2851 5302 2954 5356 fuit
2997 5318 3116 5357 eam
3157 5301 3207 5354 in
3257 5309 3464 5353 textum
3510 5300 3758 5354 introin-

2166 5393 2310 5433 cere.

2240 5448 2349 5520 (15)
2393 5450 2459 5500 Ὃ
2479 5446 2572 5516 τῇ.
2602 5447 2692 5516 Sic
2717 5455 2825 5500 tres
2851 5445 3015 5514 Regg.
3047 5453 3101 5498 et
3129 5451 3361 5512 quatuor
3388 5438 3538 5495 Colb.
3567 5437 3620 5490 l-n
3644 5443 3756 5506 ed.,

2169 5520 2270 5573 ὅτι.

2241 5591 2352 5659 (Μ)
2404 5589 2511 5643 Καὶ
2555 5604 2824 5655 τεσσαρα
2873 5601 3025 5638 serat.
3053 5581 3338 5659 καὶᾷέκα.
3385 5581 3540 5650 “9.3.,
3569 5582 3758 5659 ειμι-η

2171 5651 2430 5731 tio-sapa;
2481 5660 2574 5712 mi
2623 5651 2758 5713 δέκα
2796 5659 2952 5709 εἶναι·
2991 5676 3008 5706 ι
3057 5657 3138 5709 bis
3183 5655 3311 5718 duo,
3353 5651 3760 5721 quatuordecitn

2173 5749 2308 5787 CSSP.
2355 5752 2371 5781 ι
