4038 6338
348 345 452 399 117

1379 351 1639 409 ORATIO
1678 329 1848 407 xxx.
1891 385 1956 394 —
1997 354 2436 412 THEOLOGICA
2475 354 2564 416 LV.

3491 359 3591 412 H8

345 483 468 528 νους
503 466 653 533 (l5);
687 467 796 520 Καὶ
825 469 940 532 πῶς
976 471 1008 540 ἡ
1056 470 1224 539 Σοφία
1267 471 1436 525 δεῖται
1462 474 1553 527 τοῦ
1581 473 1911 540 διδάξοντος;

2026 477 2275 544 piendum
2303 517 2317 541 ,
2355 477 2500 546 (ιιιυύ
2551 476 2765 531 Patrem
2823 475 3107 532 facientem
3145 476 3329 532 videre
3377 477 3590 542 dicitur,

345 557 376 623 ἢ
405 556 465 607 οὑ
490 558 704 627 ποιήσει
733 575 785 610 τι
822 559 896 629 μὴ
927 559 1316 632 διδασκομένη;
1344 564 1494 616 Ποιεῖ
1519 565 1575 617 δὲ
1608 566 1724 628 πῶς
1750 568 1778 619 6
1812 567 1921 618 Πα-

343 648 467 716 τὴρ,
498 649 532 718 ἢ
567 651 898 720 πεποίηκεν;
933 648 1074 724 Ἆρα
1107 654 1262 709 ἄλλον
1302 658 1680 728 προὺπέστησε
1720 659 1922 729 κόσμον

347 740 461 791 ἐντὶ
485 740 580 792 τοῦ
609 743 898 812 παρόντος,
945 745 1040 796 καὶ
1074 746 1366 818 ὑποστήσει
1391 749 1480 802 τὸν
1517 749 1797 819 μέλλοντα,
1829 751 1922 804 καὶ

347 831 478 897 πρὸς
520 831 703 884 ἐκεῖνα
741 833 954 902 βλέπων
981 837 1008 888 6
1051 837 1196 901 Υἱὸς,
1247 839 1336 891 τὸν
1385 841 1483 910 μὲν
1515 842 1807 912 ὑπέστησε,
1831 842 1921 895 τὸν

340 920 396 972 δὲ
429 922 763 992 timeri-ﬁcu;
799 926 1073 997 Τέσσαρες
1113 924 1205 980 οὖν
1259 930 1452 1000 κόσμοι
1498 931 1609 1000 (16)
1649 932 1788 985 κατὰ
1828 933 1920 984 τὸν

341 1014 498 1079 λόγον
525 1013 735 1079 τοῦτον,
777 1020 826 1069 οἱ
863 1017 961 1087 μὲν
1008 1019 1238 1089 Πατρὺς,
1275 1023 1323 1073 οἱ
1365 1021 1422 1073 δὲ
1459 1021 1587 1074 Υἱοῦ
1617 1025 1916 1093 ποιήματα.

342 1105 405 1156 Ὢ
430 1104 533 1174 τῆς
567 1106 792 1174 ἀλογίας
827 1109 974 1178 (l'i)!
1021 1109 1290 1182 Καθαίρει
1332 1111 1388 1164 δὲ
1416 1111 1642 1183 λέπρας,
1675 1114 1770 1168 καὶ
1801 1113 1918 1167 δαι-

341 1197 543 1264 μόνων,
571 1199 667 1250 καὶ
699 1199 869 1252 νόσων
893 1199 1221 1256 ἀπαλλάττει
1250 1202 1384 1272 (18),
1426 1203 1518 1255 καὶ
1549 1202 1802 1266 ζωοποιεῖ
1829 1220 1918 1257 νε-

339 1285 530 1356 κροὺς,
587 1287 681 1339 καὶ
722 1288 862 1357 ὑπὲρ
906 1288 1179 1360 Θαλάσσης
1209 1289 1400 1354 ὁδεύει,
1445 1291 1538 1344 καὶ
1577 1292 1745 1345 τᾶλλα
1778 1295 1920 1346 ποιεῖ

335 1379 436 1428 ὅσα
472 1379 799 1448 πεποίηκεν,
834 1379 928 1431 ἐπὶ
958 1381 1122 1443 τίνος,
1157 1381 1188 1450 ἢ
1225 1381 1350 1434 πότε
1389 1381 1480 1434 τοῦ
1510 1383 1722 1452 [ἰατρὸς
1751 1383 1919 1437 ταῦτα

337 1468 880 1538 προενεργήσαντος;
911 1469 981 1521 ‘ll
1008 1469 1184 1536 δῆλον,
1217 1470 1426 1524 ὅτιτῶν
1465 1471 1640 1523 αὑτῶν
1664 1473 1915 1542 πραγμά-

335 1575 442 1609 των
482 1558 614 1621 τοὺς
645 1559 848 1622 τύπους
878 1561 1262 1632 ἐνσημαίνεται
1293 1562 1391 1632 μὲν
1429 1565 1457 1616 6
1489 1562 1698 1634 Πατὴρ,
1736 1564 1916 1616 ἐπιτε-

335 1649 420 1701 λεῖ
443 1649 502 1702 δὲ
537 1653 566 1703 6
600 1652 797 1725 Λόγος,
828 1653 888 1705 οὑ
917 1653 1198 1718 δουλικῶς,
1224 1654 1344 1708 οὑδὲ
1369 1653 1616 1725 ἀμαθῶς.
1655 1655 1768 1708 ἀλλ’
1793 1657 1906 1708 ἐπιο

335 1742 684 1811 στημονικῶς
731 1760 790 1795 τε
843 1746 938 1796 καὶ
974 1744 1325 1810 δεσποτικῶς,
1355 1746 1448 1798 καὶ
1486 1745 1809 1817 οἰκειότερον
1839 1749 1914 1799 εἰ·

2023 577 2183 637 atque
2242 570 2313 622 ita
2370 569 2548 623 facere
2577 567 2660 619 ”?
2709 582 2776 621 an
2835 567 3009 637 utqui
3043 568 3244 624 formas
3293 584 3356 624 ac
3387 568 3593 625 litteras

2022 660 2270 728 pingunt,
2309 673 2373 713 eo
2402 659 2542 727 quod
2565 659 2841 712 veritatem
2865 658 3023 712 aliter
3054 659 3269 729 assequi
3301 669 3588 728 nequeant,

2024 750 2126 804 nisi
2177 750 2454 817 exemplar
2504 764 2656 802 suum
2710 751 3038 815 intueantur,
3075 759 3233 818 atque
3280 750 3401 805 inde
3449 750 3592 805 velut

2023 857 2182 894 ntauu
2209 840 2510 894 ducantur?
2541 839 2640 905 Qui
2669 855 2795 894 vero
2815 841 3064 907 quadrat,
3099 849 3155 892 ut
3181 839 3455 909 Sapientia
3477 855 3594 892 mav

2019 932 2187 1000 gislro
2232 946 2366 998 opus
2416 931 2646 985 habeat?
2719 931 2921 986 nihilne
2969 931 3177 996 efﬁciet,
3228 931 3332 984 nisi
3361 931 3590 986 educta!

2021 1019 2465 1090 Quitlgl’aterne
2533 1019 2736 1087 aliquid
2802 1019 2950 1082 facit,
3026 1029 3118 1073 aut
3159 1019 3322 1074 fecit?
3390 1017 3581 1077 Utrum

2023 1111 2234 1166 tandem
2295 1109 2458 1162 alium
2545 1108 2799 1162 tnundum
2869 1115 2991 1160 ante
3073 1109 3216 1161 buuc
3298 1120 3590 1176 coagmen-

2023 1200 2176 1264 tavit,
2215 1206 2380 1267 atque
2413 1196 2576 1249 aliutn
2615 1211 2802 1252 rursus
2832 1197 2884 1249 in
2917 1204 3193 1264 posterum
3245 1205 3587 1264 coagmenta-

2020 1290 2120 1351 bit,
2152 1303 2286 1358 quos
2312 1287 2481 1342 Filius
2503 1287 2607 1342 sibi
2635 1297 2761 1341 ante
2786 1286 2971 1342 oculos
2995 1299 3322 1355 proponens,
3357 1285 3586 1340 alterum

2018 1381 2233 1450 quidem
2254 1379 2363 1444 jam
2395 1378 2790 1446 procreaverit,
2821 1377 3047 1430 alterum
3071 1384 3247 1429 autem
3271 1385 3585 1445 procreatu-

2023 1485 2114 1525 rus
2148 1470 2254 1525 sit?
2291 1471 2535 1538 Quatuor
2562 1484 2690 1539 ergo
2722 1469 2822 1524 hac
2850 1469 3060 1522 ratione
3087 1467 3460 1532 mundierunt,
3482 1469 3587 1524 duo

2019 1581 2046 1616 a
2079 1562 2258 1626 Patre,
2321 1564 2428 1618 duo
2469 1579 2497 1616 a
2555 1561 2692 1615 Filio
2759 1559 2976 1615 effecti?
3016 1558 3060 1614 0
3095 1559 3340 1629 supinam
3401 1574 3586 1614 vecor-

2017 1657 2195 1711 diantl
2230 1660 2362 1723 Age,
2402 1671 2524 1711 cum
2570 1656 2747 1725 lepras
2797 1661 3010 1724 purgat,
3055 1653 3324 1708 daemones
3357 1663 3411 1707 et
3436 1668 3581 1708 mor-

2020 1751 2117 1806 bos
2144 1749 2412 1819 proﬂigat,
2453 1757 2696 1802 mortuos
2725 1745 2792 1800 ad
2837 1745 2999 1798 vitam
3047 1756 3290 1810 revocat,
3320 1760 3465 1800 mare
3495 1761 3620 1816 ρει-κ

334 1838 476 1897 πεῖν,
511 1838 796 1909 πατρικῶς
814 1856 828 1904 ;
855 1839 1011 1893 Οὕτω
1041 1841 1148 1910 γὰρ
1163 1839 1272 1908 ἐγὼ
1287 1839 1510 1911 δέχομαι
1533 1840 1612 1900 τὸ,
1632 1839 1779 1907 ἅπερ
1798 1839 1911 1894 ὑπὸ

2021 1841 2178 1896 dibus
2207 1848 2488 1910 peragrat,
2551 1838 2766 1906 aliaque
2795 1837 2976 1892 omnia
3032 1835 3180 1901 facit,
3233 1837 3284 1888 in
3318 1851 3424 1905 quo
3462 1846 3584 1890 tan-

332 1926 438 1979 τοῦ
469 1929 706 1996 Πατρός
728 1913 990 1998 γίνεται,
1031 1931 1216 1984 ταῦτα
1252 1932 1348 1985 καὶ
1387 1932 1493 1984 τὸν
1531 1931 1667 1983 Υἱὸν
1700 1931 1914 2000 ὁμοίως

333 2019 533 2072 ποιεῖν
555 2037 569 2050 ·
601 2021 662 2072 οὑ
694 2020 832 2074 κατὰ
860 2021 957 2092 τὴν
988 2022 1094 2076 τῶν
1137 2024 1434 2094 γινομένων
1473 2023 1749 2093 ὁμοίωσιν,
1780 2021 1916 2075 ἀλλὰ

334 2111 476 2162 κατὰ
513 2111 614 2182 τὴν
645 2112 756 2181 (19)
791 2116 888 2183 τῆς
915 2114 1162 2180 ἐξουσίας
1189 2116 1509 2186 όμοτιμίαν·
1551 2117 1645 2169 καὶ
1672 2115 1828 2168 τοῦτο
1851 2115 1916 2167 ἂν

331 2201 415 2269 εἴη
441 2202 525 2266 τὸ,
548 2203 655 2266 ἕως
689 2206 811 2275 ἄρτι
839 2207 934 2258 καὶ
966 2206 1056 2259 τὸν
1084 2205 1303 2278 Πατέρα
1329 2207 1676 2277 ἐργάζεσθαι,
1710 2207 1914 2261 καὶτὸν

335 2291 460 2345 Υίόν
480 2309 494 2322 ·
527 2293 589 2345 οὑ
625 2294 782 2363 μόνον
815 2295 892 2358 δὲ,
917 2296 1053 2349 ἀλλὰ
1084 2298 1177 2350 καὶ
1200 2299 1321 2368 τὴν,
1349 2292 1423 2352 ὧν
1455 2298 1750 2368 πεποίηκεν
1777 2299 1912 2369 (20),

328 2385 648 2453 οἰκονομίαν
670 2389 846 2453 τεκαὶ
871 2390 1216 2459 συντήρησιν,
1239 2389 1312 2453 ὡς
1335 2389 1485 2459 δηλοῖ
1513 2391 1591 2454 τὸ,
1620 2391 1913 2444 ποιεῖσθαι

329 2475 474 2540 τοὺς
489 2475 790 2546 (in-ﬂow;
806 2479 990 2533 αὑτοῦ
1013 2481 1339 2548 πνεύματα,
1362 2481 1476 2543 καὶ,
1496 2483 1911 2550 θεμελιοῦσθαι

331 2565 444 2631 τὴν
459 2565 580 2634 γῆν
594 2568 694 2621 ἐπὶ
711 2569 825 2636 τὴν
841 2569 1181 2638 ἀσφάλειαν
1199 2569 1390 2638 αὐτῆς
1409 2589 1422 2602 ·
1443 2571 1589 2636 ἅπαξ
1604 2572 1914 2643 ήδρασμένα

329 2671 390 2707 τε
424 2657 522 2709 καὶ
550 2658 822 2728 γενόμενα
843 2676 856 2690 ⁸
894 2662 988 2712 καὶ
1011 2659 1361 2732 στερεοῦσθαι
1401 2659 1646 2732 βροντὴν,
1674 2659 1766 2712 καὶ
1797 2661 1913 2713 κτί-

331 2746 521 2809 ζεσθαι
555 2749 794 2820 πνεῦμα,
825 2747 900 2805 ὧν
943 2751 1090 2816 ἅπαξ
1114 2816 1118 2820 _
1141 2752 1238 2823 μὲν
1286 2755 1315 2806 6
1340 2752 1495 2821 λόγος
1531 2753 1758 2824 ὑπέστη,
1791 2770 1914 2806 suv—

329 2840 462 2912 ε’χὴς
489 2842 548 2896 δὲ
574 2844 669 2896 καὶ
694 2843 789 2897 νῦν
827 2847 860 2918 ἡ
890 2847 1154 2917 ἐνέργεια.

2022 1933 2161 1997 dem,
2193 1940 2282 1986 aut
2306 1931 2518 2001 quando
2554 1929 2714 1983 Pater
2747 1929 2862 1984 haec
2887 1937 3010 1983 ante
3039 1927 3205 1983 fecit?
3244 1928 3429 1984 Nonne
3466 1944 3586 1998 per-

2023 2026 2269 2095 spicuum
2303 2033 2408 2088 est,
2436 2024 2751 2077 earumdem
2782 2035 2960 2075 rerum
2989 2021 3189 2074 formas
3218 2035 3246 2072 a
3279 2020 3433 2074 l’atre
3459 2020 3583 2090 qui-

2020 2120 2141 2171 dem
2175 2114 2318 2171 velut
2345 2114 2637 2183 designari,
2671 2129 2698 2165 a
2730 2111 2864 2166 Filio
2905 2121 3084 2165 autem
3113 2113 3317 2180 peragi,
3347 2127 3452 2166 non
3469 2127 3586 2168 ser—

2019 2208 2199 2263 \‘iliter
2229 2219 2393 2276 atque
2423 2206 2658 2270 indocte,
2689 2205 2781 2260 sed
2811 2205 2982 2272 perite
3011 2214 3063 2259 et
3097 2204 3362 2269 lteriliter,
3396 2215 3578 2274 atque,

2021 2308 2076 2353 ut
2105 2297 2281 2366 aptius
2309 2296 2519 2365 loquar,
2554 2295 2824 2363 paterae?
2864 2293 2919 2347 In
2954 2295 3096 2349 hunc
3139 2295 3334 2364 quippe
3363 2310 3580 2349 sensum

2019 2390 2180 2444 verba
2209 2389 2323 2442 haec
2354 2386 2604 2454 accipio:
2642 2384 2974 2450 Quwcunque
3016 2383 3176 2439 Pater
3208 2385 3356 2452 facit,
3399 2385 3581 2437 eadem

2012 2485 2060 2530 et
2085 2473 2259 2528 Filius
2283 2473 2526 2528 similiter
2542 2474 2673 2538 facit
2692 2473 2778 2537 '3';
2806 2488 2910 2528 non
2935 2473 3076 2542 quod
3095 2473 3285 2528 similia
3306 2475 3411 2528 sint
3443 2475 3577 2528 utri-

2012 2583 2184 2637 usque
2207 2580 2393 2634 opera,
2431 2564 2523 2618 sed
2558 2565 2698 2633 quod
2755 2577 2850 2633 par
2911 2565 2981 2619 sit
3034 2565 3315 2634 utriusque
3342 2573 3584 2634 potestas

2011 2670 2176 2728 atque
2206 2658 2536 2722 auctoritas;
2595 2664 2758 2726 atque
2801 2656 2904 2710 hoc
2962 2656 3191 2713 fortasse
3244 2671 3365 2711 esse
3395 2667 3575 2724 queat,

2011 2751 2154 2822 quod
2193 2761 2246 2805 et
2283 2749 2440 2805 Pater
2476 2762 2646 2818 usque
2673 2748 2830 2803 modo
2863 2750 3071 2817 operari
3125 2748 3337 2815 dicitur,
3390 2758 3444 2802 et
3489 2747 3579 2801 Fi-

2013 2845 2114 2898 lius
2145 2843 2230 2908 “;
2262 2857 2365 2896 non
2393 2853 2573 2896 autem
2608 2841 2707 2896 boc
2738 2841 3000 2896 duntaxat
3032 2841 3267 2906 nomine,
3299 2841 3391 2896 sed
3411 2841 3573 2896 etiam

342 2936 556 2989 ratione
590 2937 998 3002 gubernationis
1023 2949 1076 2992 et
1099 2938 1527 2993 conservationis
1549 2955 1756 3002 eorum,
1781 2955 1900 3007 quae
1941 2940 2078 2993 facta
2108 2945 2256 2998 sunt,
2317 2943 2374 2988 ut
2425 2919 2631 2988 indicat
2661 2933 2828 2988 illud:
2871 2935 2972 2998 Qui
3022 2933 3144 3001 facit
3194 2934 3401 3003 angelos
3455 2948 3576 2986 suos

330 3029 550 3095 spiritus
576 3029 657 3094 ³³;
692 3038 769 3093 et,
811 3027 914 3094 Qui
962 3029 1149 3098 fundat
1201 3039 1393 3083 terram
1433 3047 1587 3097 super
1635 3031 1972 3084 stabilitatem
2009 3029 2082 3081 “z
2150 3041 2270 3082 cum
2328 3025 2493 3078 semel
2561 3026 2769 3094 egbaac
2849 3025 3056 3077 [innata
3111 3034 3272 3091 atque
3324 3024 3556 3078 stabilita

331 3123 426 3182 sit,
462 3133 520 3177 et
551 3121 626 3176 illi
655 3121 947 3190 procreati.
981 3120 1098 3187 Quo
1120 3121 1282 3176 etiam
1329 3123 1600 3189 pertinet:
1666 3123 1809 3190 quod
1880 3120 2096 3175 firmare
2155 3117 2356 3171 tonitru
2420 3116 2618 3170 dicitur
2643 3117 2707 3181 ³⁷,
2739 3126 2792 3171 et
2845 3127 3058 3170 ventum
3090 3132 3279 3173 creare
3323 3117 3401 3170 '3:
3442 3132 3576 3186 quo-

333 3228 451 3282 rntn
481 3214 596 3279 ipsa
623 3211 840 3278 quidem
867 3211 1008 3264 ratio
1041 3212 1208 3266 semel
1237 3215 1449 3267 condita
1498 3223 1605 3278 est,
1651 3223 1902 3268 czeterum
1945 3226 2086 3265 mute
2111 3223 2324 3279 quoque
2345 3218 2602 3278 perpetua
2646 3209 2726 3263 vis
2755 3219 2838 3262 est
2873 3222 2934 3262 ac
2969 3207 3219 3263 facultas.

399 3302 500 3355 IB'.
540 3301 806 3371 Ἕϐδομον
858 3302 1100 3370 λεγέσθω
1132 3303 1194 3356 τὸ
1233 3304 1665 3374 καταδεδηκέναι
1710 3306 1774 3358 ὲκ
1815 3303 1908 3356 τοῦ

2084 3299 2198 3355 Xll.
2231 3301 2532 3372 Septimum
2565 3289 2891 3369 proferatur,
2951 3301 3090 3368 quod
3137 3301 3302 3356 Filius
3326 3318 3378 3380 ⁸ιε
3438 3306 3578 3360 celo

328 3390 560 3461 οὐρανοῦ
595 3389 686 3442 τὸν
719 3390 866 3452 Υίδν,
901 3391 998 3467 οὑχ
1041 3391 1128 3444 ἵνα
1167 3395 1292 3462 ποιῇ
1337 3391 1395 3444 τὸ
1429 3391 1637 3462 θέλημα
1681 3392 1741 3444 τὸ
1783 3393 1908 3445 ὲαυυ

326 3479 445 3545 τοῦ,
484 3478 622 3532 ἀλλὰ
662 3479 723 3532 τὸ
764 3479 858 3532 τοῦ
909 3480 1021 3548 (21)
1053 3480 1384 3550 πέμψαντος.
1437 3482 1498 3534 Εἰ
1546 3483 1645 3552 μὲν
1691 3479 1784 3535 οὖν
1833 3482 1906 3553 μὴ

327 3570 486 3640 παρὰ
509 3569 606 3623 τοῦ
641 3569 1065 3641 κατεληλυθότος
1093 3570 1256 3624 αὑτοῦ
1286 3571 1456 3624 ταῦτα
1488 3571 1724 3640 ἐλέγετο,
1761 3572 1906 3626 elato-

331 3681 431 3731 μεν
461 3662 528 3716 ἂν
556 3662 632 3723 ὡς
657 3663 806 3733 παρὰ
835 3663 928 3715 τοῦ
963 3662 1250 3734 ἀνθρώπου
1291 3663 1590 3717 τυποῦσθαι
1614 3663 1704 3716 τὸν
1726 3663 1902 3731 λόγον,

326 3756 387 3806 οὑ
427 3752 523 3806 τοῦ
554 3755 697 3806 κατὰ
735 3753 823 3806 τὸν
855 3753 1083 3822 Σωτῆρα
1107 3754 1394 3824 νοουμένου
1427 3754 1519 3824 (τὸ
1547 3754 1656 3825 γὰρ
1697 3755 1903 3806 ἐκείνου

327 3844 507 3897 θέλειν
537 3843 657 3896 οὑδὲ
694 3842 1008 3897 ὑπεναντίον
1037 3842 1175 3914 Θεῷ,
1212 3842 1410 3897 θεωθὲν
1451 3843 1590 3914 ὅλον)
1637 3843 1771 3897 ἀλλὰ
1809 3844 1902 3896 τοῦ

327 3935 450 3989 καθ’
478 3936 648 4005 ἡμᾶς,
694 3934 770 3997 ὡς
820 3934 914 3987 τοῦ
963 3933 1300 4005 ἀνθρωπίνου
1337 3935 1449 4005 (22)
1497 3935 1795 4007 θελήματος
1841 3936 1934 3988 οὑ·

326 4026 547 4089 πάντως
601 4025 866 4096 ἑπομένου
903 4025 981 4096 τῷ
1022 4026 1170 4097 θείῳ,
1216 4026 1330 4079 ἀλλ’
1363 4027 1793 4091 ἀντιπίπτοντος,
1827 4029 1902 4090 ὡς

317 4119 394 4172 διὰ
421 4116 618 4178 πολλὰ,
650 4118 744 4171 καὶ
773 4119 1231 4181 ἅντιπαλαίοντος.
1262 4120 1370 4172 Καὶ
1393 4121 1500 4190 γὰρ
1535 4122 1708 4173 ἐκεῖνο
1733 4119 1901 4182 οὑτως

327 4209 630 4279 ὲνοήσαμεν
667 4208 726 4260 τό
751 4225 764 4237 ·
794 4209 1007 4275 Πάτερ,
1043 4211 1095 4262 εὶ
1127 4208 1374 4262 δυνατὸν
1393 4249 1405 4271 ,
1435 4208 1769 4277 παρελθέτω
1800 4211 1898 4262 ἀπ’

325 4298 472 4365 ἐμοῦ
497 4296 563 4350 τὸ
594 4296 882 4364 ποτήριόν
914 4297 1120 4351 τοῦτο·
1152 4296 1320 4364 πλὴν
1359 4299 1470 4366 οὐχ
1509 4297 1539 4350 ὃ
1573 4297 1687 4367 ἐγὼ
1725 4298 1896 4361 θέλω,

324 4389 490 4444 ἀλλὰ
521 4390 586 4444 τὸ
618 4389 1013 4457 σὸνὶσχυέτω
1035 4389 1281 4458 θέλημα.
1321 4389 1456 4442 Οὔτε
1495 4390 1621 4460 γὰρ,
1661 4392 1708 4443 εἰ
1744 4392 1893 4444 δυνα-

326 4481 438 4545 τὸν,
468 4483 500 4552 ἢ
538 4483 638 4552 μὴ,
677 4481 837 4534 τοῦτο
874 4484 1086 4549 ἀγνοεῖν
1118 4483 1320 4534 ἐκεῖνον
1352 4481 1518 4544 εἰκὸς,
1554 4482 1675 4535 οὔτε
1703 4483 1780 4552 τῷ
1810 4483 1896 4535 θε-

326 4574 525 4644 λήματι
572 4573 947 4644 ἀντεισφέρειν
991 4573 1050 4626 τὺ
1089 4573 1316 4643 θέλημα.
1369 4573 1520 4625 Ἐπεὶ
1559 4573 1614 4625 δὲ
1651 4574 1782 4642 (25),
1823 4574 1898 4638 ὡς

327 4663 476 4732 παρὶ
506 4662 599 4715 τοῦ
633 4661 1029 4733 προσλαϐόντος
1061 4664 1088 4714 6
1113 4661 1268 4730 λόγος
1307 4662 1484 4724 (τοῦτο
1519 4659 1626 4731 γὰρ
1675 4659 1736 4714 τὸ
1769 4678 1897 4712 κατ-

323 4754 621 4825 εληλυθὸς),
631 4753 692 4806 οὑ
709 4751 802 4805 τοῦ
821 4751 1021 4823 προσλή
1031 4769 1258 4822 μματος,
1274 4751 1444 4815 οὑτως
1455 4751 1896 4821 ἀπαντησόμεοαο

323 4847 418 4914 οὔχ
450 4845 524 4908 ὡς
556 4845 708 4908 ὄντος
763 4844 892 4896 ἰδίου
942 4843 1034 4895 τοῦ
1091 4843 1216 4896 Υἱοῦ
1269 4843 1379 4913 (2.1)
1420 4842 1719 4914 θελήματος
1750 4843 1899 4914 παρὰ

807 5001 891 5053 19.
971 5000 1036 5031 ³³”
1082 5001 1212 5054 ibid.
1269 5001 1359 5053 53.

396 5001 441 5034 ³³
470 5000 627 5058 Joan.
688 5016 739 5062 ν,
807 5001 891 5053 19.
971 5000 1036 5031 ³³⁸
1082 5001 1212 5054 ibid.
1269 5001 1359 5053 55.
1460 5001 1502 5030 ⁸⁵
1537 5001 1661 5054 ibid.
1714 5001 1799 5054 17.

394 5226 504 5294 (15)
541 5224 1018 5298 βτῖἐποντας.....
1073 5226 1676 5298 χειραγωγουμένους.
1739 5224 1893 5298 Reg,

322 5297 504 5367 Cypr_.,
536 5294 887 5367 ﬁliuovss;_...
915 5295 1252 5367 χειραγωγοὺ
1262 5312 1428 5364 μενοι.

395 5364 504 5434 (16)
531 5367 778 5435 Κόσμοι.
816 5364 948 5434 Reg.
989 5364 1040 5427 a,
1069 5366 1118 5417 oi.
1149 5365 1360 5435 κόσμοι.

393 5433 504 5505 (17)
541 5437 603 5488 Ὦ
639 5433 750 5502 τῆς
779 5433 1058 5502 ἀλογίας]
1078 5454 1096 5486 ι
1120 5433 1469 5505 Oanicntiam
1495 5435 1883 5504 singularem!»

326 5503 416 5560 Sic
439 5504 572 5573 Reg.
617 5519 667 5566 a,
699 5517 751 5557 et
782 5505 1154 5559 Combcfisitts.
1189 5505 1348 5558 Deest
1383 5503 1428 5556 ὦ
1459 5505 1509 5558 itt
1538 5503 1715 5560 editis.

395 5575 504 5644 (18)
529 5573 942 5629 Ἀπιιλλάττει.
970 5574 1129 5628 Deest
1164 5574 1214 5627 in
1243 5576 1369 5643 Ileg.
1407 5589 1456 5626 a.

421 5645 502 5712 l9)
531 5645 842 5710 Κατὰεήν.
876 5644 1030 5696 Deest
1062 5645 1202 5698 κατά
1230 5646 1280 5697 in
1306 5645 1432 5712 llcg.
1469 5659 1516 5695 a.

415 5716 504 5784 20)
533 5715 886 5786 Πεποίῃκεν.
926 5714 1038 5786 lino
1066 5714 1252 5786 Ilerggq
1289 5716 1669 5786 πεποιήκασιν.

394 5783 500 5856 (21)
539 5787 606 5842 Τὸ
636 5783 760 5840 τοῦ.
787 5787 876 5838 Sic
905 5785 1084 5854 plures
1115 5783 1499 5855 llcgg.,plurcs
1523 5785 1672 5841 Coll).
1709 5794 1762 5842 et
1795 5785 1886 5841 0r.

1901 5002 1944 5034 ³⁵
1980 5001 2119 5058 Psal.
2173 5021 2290 5070 cm,
2351 5005 2402 5058 4.
2515 5006 2558 5036 ³⁵

323 5071 369 5102 ³⁸
395 5073 562 5127 Amos
588 5087 664 5137 tv,
702 5072 789 5126 15.
868 5071 910 5102 ³⁸
930 5068 1081 5123 Joan.
1120 5087 1190 5137 vt,
1236 5072 1326 5124 '58.
1404 5070 1657 5125 “Matth.
1693 5087 1837 5136 xum,
1863 5072 1949 5126 59.

2011 3394 2357 3449 descendisse
2387 3393 2607 3456 dicitur,
2650 3407 2753 3446 non
2782 3401 2839 3444 ut
2864 3393 3194 3446 voluntatem
3231 3393 3395 3465 55.8
3420 3411 3571 3451 suam

2010 3484 2190 3549 faciat,
2222 3483 2316 3538 sed
2345 3481 2463 3551 ejus
2523 3497 2551 3534 a
2593 3497 2698 3550 quo
2759 3481 2956 3536 missus
2985 3489 3067 3535 est
3096 3481 3161 3533 ³³.
3209 3481 3353 3538 Sane
3376 3486 3477 3539 nisi
3507 3488 3574 3542 ab

2008 3575 2098 3628 illo
2125 3574 2263 3644 ipso,
2291 3573 2383 3642 qui
2405 3573 2701 3636 descendit,
2736 3573 2822 3627 bic
2845 3586 3024 3628 sermo
3054 3573 3362 3640 haberetur,
3391 3577 3575 3632 dicere

2007 3678 2304 3732 possemus,
2339 3663 2452 3716 bmc
2484 3660 2644 3716 verba
2681 3660 2825 3715 velut
2858 3663 2924 3714 ab
2957 3662 3176 3718 homine
3198 3666 3572 3734 exprimi,non

2023 3755 2112 3822 qui
2143 3754 2208 3808 de
2241 3753 2519 3808 Salvatore
2551 3751 2882 3821 intelligatur
2916 3753 3080 3822 (illius
3125 3754 3266 3808 enim
3299 3755 3567 3821 voluntas,

2005 3861 2127 3900 cum
2162 3855 2270 3901 tota
2307 3845 2559 3900 deificata
2583 3845 2673 3907 sit,
2719 3843 2828 3898 Deo
2855 3845 3041 3913 procul
3066 3846 3228 3902 dubio
3249 3863 3354 3902 non
3382 3852 3574 3905 adver-

2005 3935 2207 4008 satur);
2247 3937 2340 3990 sed
2401 3935 2492 4005 qui
2553 3943 2749 3989 nostra:
2816 3936 3145 3991 conditionis
3188 3938 3276 3992 sit.
3327 3938 3572 3998 Humana

2003 4029 2200 4097 quippe
2220 4026 2466 4082 voluntas
2500 4024 2734 4079 divinam
2763 4039 2868 4079 non
2899 4027 3159 4084 ccutiuuo
3187 4031 3451 4099 sequitur,
3477 4047 3570 4086 ve-

2005 4135 2120 4174 rum
2140 4127 2195 4172 ut
2211 4118 2494 4186 plurimum
2511 4117 2558 4172 ei
2575 4117 2772 4172 resistit
2785 4128 2946 4188 atque
2959 4119 3420 4176 obluctatur-.Nam
3441 4124 3570 4177 illud

2009 4225 2228 4279 quoque
2257 4209 2448 4277 eodem
2478 4207 2638 4261 modo
2663 4207 3052 4278 intelligimus:
3093 4210 3278 4277 Pater,
3319 4215 3364 4266 si
3398 4217 3568 4281 possi-

2003 4303 2105 4355 bile
2143 4313 2237 4365 ρει,
2266 4309 2500 4354 transeat
2538 4317 2568 4352 a
2595 4315 2674 4352 me
2719 4299 2860 4353 ralia:
2910 4303 3041 4364 iste;
3088 4315 3434 4359 verumtamen
3468 4323 3568 4360 non

2002 4410 2136 4458 mea,
2169 4394 2257 4445 sed
2290 4402 2380 4443 tua
2414 4391 2652 4444 voluntas
2682 4393 2850 4445 vincat
2881 4393 2946 4444 ⁵ο.
2988 4392 3170 4460 Neque
3197 4395 3340 4447 enim
3392 4401 3568 4464 pOSsi-

2009 4483 2115 4537 bile
2149 4491 2312 4545 esset,
2347 4496 2516 4535 necne
2567 4482 2740 4548 ipsntn
2792 4481 3071 4547 ignorasse
3120 4485 3414 4538 verisimile
3463 4498 3565 4553 est,

2010 4587 2107 4625 nec
2132 4569 2394 4624 voluntati
2431 4568 2756 4622 voluntatem
2786 4570 3119 4638 opposuisse.
3173 4570 3276 4633 Sed
3315 4575 3567 4644 quoniam

2009 4662 2182 4732 partis
2206 4661 2370 4724 illius,
2397 4674 2516 4729 qua:
2563 4659 2856 4726 assumpsit
2910 4660 3034 4730 (hoc
3083 4665 3226 4716 enim
3269 4676 3371 4727 t'sl,
3427 4668 3569 4733 quod

2003 4752 2327 4821 descendit),
2362 4767 2466 4805 non
2497 4758 2675 4803 autem
2703 4751 2876 4820 partis
2905 4764 3210 4824 assumpta,
3269 4757 3351 4812 hic
3384 4772 3562 4811 sermo

2013 4852 2119 4908 est,
2154 4844 2220 4898 ad
2263 4845 2404 4899 hunc
2435 4846 2648 4902 modum
2682 4848 3119 4916 respondebimus
3154 4866 3166 4901 :
3208 4851 3319 4904 haec
3360 4866 3462 4905 non
3495 4853 3569 4906 ita

2615 5005 2743 5060 ibid.
2957 5006 2998 5036 ⁸⁷
3048 5005 3148 5061 Job
3205 5007 3564 5097 XXXVIII,.25.

2008 5228 2058 5282 1.
2085 5228 2238 5281 Deest
2269 5228 2328 5279 τό
2355 5227 2405 5280 in
2440 5230 2523 5281 ed.

2066 5297 2175 5370 (‘22)
2201 5297 2620 5370 ’ᾼνθρωςτζνοω
2657 5297 2867 5362 Contb.,
2901 5299 3264 5370 ἀνθριυπικοῦ.

2070 5366 2183 5436 (‘23)
2218 5367 2382 5420 Ἐπεὶ
2416 5366 2501 5432 δέ,
2531 5378 2635 5421 etc.
2679 5387 2696 5417 ι
2747 5370 2850 5421 Sed
2881 5366 3130 5434 quoniam
3165 5373 3278 5422 haec
3314 5376 3564 5437 tanquam

2002 5438 2069 5489 ab
2097 5452 2181 5500 eo,
2241 5437 2332 5504 qui
2367 5439 2655 5504 assumpsit
2693 5438 2785 5508 (is
2815 5439 2960 5491 enim
2995 5448 3075 5490 est
3107 5440 3197 5504 qui
3241 5438 3563 5508 descendit),

2004 5522 2104 5558 non
2133 5515 2308 5557 autem
2338 5508 2405 5559 ab
2434 5518 2708 5572 assumpto
2739 5507 3008 5568 dicuntur,
3037 5526 3054 5556 ι
3078 5516 3184 5560 etc.
3523 5507 3526 5508 ⁷
3589 5519 3594 5532 ³

2073 5575 2391 5646 (24):”le
2419 5575 2523 5628 τοῦ
2564 5575 2717 5629 Υἱοῦ.
2744 5575 2873 5646 Reg.
2902 5577 2951 5639 b,
2978 5577 3070 5630 0r.
3098 5576 3147 5640 1,
3177 5587 3232 5630 et
3256 5575 3404 5635 Bas...
3431 5576 3561 5629 ἰδιου

2001 5645 2077 5714 τῷ
2112 5644 2244 5714 Υἱῷ.
2283 5663 2300 5695 ι
2339 5645 2612 5714 Tanquam
2647 5644 2931 5712 peculiaris
2958 5647 3024 5700 sit
3050 5647 3293 5700 voluntas
3340 5646 3491 5710 Filio,
3530 5666 3560 5700 at

2002 5715 2173 5770 Patris
2213 5714 2480 5770 voluntate
2510 5716 2778 5770 distincta.
2803 5734 2819 5764 ι
