4038 6338
233 373 320 426 121
1251 363 1512 422 ORATIO
1551 363 1723 420 XXX.
1768 394 1839 406 -—-
1878 361 2323 420 THEOLOGICA
2361 363 2450 418 iV.

3366 353 3470 410 {92

233 491 302 561 μὴ
338 489 479 541 κατὰ
523 485 704 540 κοινοῦ
747 487 848 556 τῆς
893 485 1142 554 θεότητος
1195 479 1264 554 ἦν
1311 487 1339 536 ὁ
1385 484 1562 551 λόγος.
1609 483 1682 534 Τὸ
1727 481 1798 544 δὲ,

1911 497 2030 536 nem
2061 482 2166 535 dici
2221 475 2506 534 existimo:
2539 495 2711 548 neque
2755 480 2899 534 enim
2953 479 3219 548 adjectum
3253 478 3467 546 fuisset,

233 579 438 644 Οὐδεὶς
463 577 702 646 ἀγαθὸς.
736 575 1037 645 ἀπάντησιν
1057 573 1169 643 ἔχει
1191 571 1326 642 πρὸς
1348 571 1441 625 τὸν
1472 569 1799 642 πειράζοντα

233 668 481 738 νομικὸν,
532 666 609 728 ὡς
657 663 954 735 ἀνθρώπῳ,
1012 662 1110 733 τὴν
1163 660 1474 730 ἁγαθότητα
1525 661 1801 730 μαρτυρή-

233 775 412 810 σαντα.
445 758 489 808 Τ
491 757 519 808 δ
538 754 648 826 γὰρ
669 756 852 824 ἄκρως
875 752 1097 821 ἀγαθὸν,
1129 753 1262 822 φησὶ
1293 750 1427 822 (54),
1457 750 1618 821 μόνου
1641 749 1796 814 Θεοῦ,

232 851 327 904 κᾶν
354 849 513 902 τοῦτο
555 849 651 901 καὶ
698 846 982 916 ἄνθρωπος
1014 843 1345 914 ὀνομάζηται
1398 842 1534 911 (55),
1587 841 1661 904 ὠς
1703 842 1796 905 τὸ,

244 943 301 993 '0
340 939 569 1008 ἀγαθὸς
605 937 913 1004 ἄνθρωπος
953 935 1021 988 ἐκ
1066 933 1171 987 τοῦ
1217 932 1442 1002 ἀγαθοῦ
1493 931 1798 1000 θησαυροῦ

232 1028 550 1095 xpeditum
577 1025 642 1078 τὸ
675 1025 898 1093 ἀγαθόν
920 1041 934 1054 ·
983 1024 1096 1085 καὶ,
1137 1021 1311 1076 Δώσω
1341 1021 1454 1089 τὴν
1475 1023 1801 1086 ,ϐασιλείαν

231 1117 305 1182 τῷ
334 1114 534 1186 ἁγαθῷ
573 1115 726 1182 ὑπὲρ
761 1112 854 1176 σὲ,
885 1111 980 1165 τοῦ
1031 1110 1165 1164 Θεοῦ
1208 1111 1364 1178 λόγος
1397 1110 1507 1180 (56)
1541 1109 1676 1180 πρὸς
1709 1110 1800 1161 τὸν

230 1209 395 1262 Σαοὺλ
420 1208 551 1278 περὶ
578 1205 672 1258 τοῦ
708 1203 870 1256 Δαϐὶδ
904 1203 1149 1270 λέγοντος
1167 1219 1180 1233 ·
1215 1203 1309 1255 καὶ
1341 1201 1422 1263 τὸ,
1463 1200 1796 1270 Ἀγάθυνον,

229 1301 420 1367 Κύριε,
449 1296 580 1362 τοῖς
617 1295 887 1364 ἀγαθοῖς·
915 1293 1010 1346 καὶ
1040 1294 1140 1346 ὅσα
1171 1291 1304 1346 ἄλλα
1336 1291 1560 1344 τοιαῦτα
1585 1290 1799 1358 λέγεται

229 1390 352 1458 περὶ
375 1388 489 1440 τῶν
523 1387 584 1438 ὲν
608 1387 740 1456 ήμίν
773 1381 1197 1452 ἐπαινουμένων,
1236 1383 1319 1450 ἐφ’
1348 1380 1440 1444 οὒς
1469 1384 1502 1452 ἡ
1532 1381 1799 1451 ἀπόρῥοια

229 1479 315 1534 τοῦ
346 1477 573 1549 πρώτου
604 1473 791 1538 καλοῦ,
819 1474 913 1526 καὶ
938 1473 1078 1526 κατὰ
1096 1471 1345 1544 δεύτερον
1369 1472 1522 1539 λόγον
1547 1471 1797 1540 ἔφθασεν.

228 1571 287 1622 ΕΞ
325 1571 422 1640 μὲν
447 1564 545 1622 οὖν
575 1566 856 1636 πείθοιμεν
882 1564 992 1634 (5⁵7)
1019 1562 1196 1628 τοῦτο,
1221 1563 1467 1635 ἄριστον·
1496 1563 1618 1615 εἰδὲ
1641 1563 1800 1633 μὴ,τί

229 1662 417 1732 φήσεις
445 1660 586 1730 πρὸς
619 1659 745 1719 τοὺς
782 1655 1037 1724 λέγοντας
1075 1655 1320 1726 ἑτέρωθι,
1355 1655 1448 1708 τὸν
1481 1655 1605 1708 Υἱὸν
1643 1654 1800 1724 μόνον

227 1751 474 1822 εἰρῆσθαι
525 1750 682 1812 Θεὸν,
725 1747 866 1801 κατὰ
911 1745 1010 1810 τὰς
1060 1745 1157 1809 σὰς
1196 1745 1496 1808 ὑποθέσεις.
1559 1744 1646 1797 Ἐν
1690 1745 1799 1798 τίσι

1903 583 1949 626 et
1981 589 2130 642 quem
2156 572 2368 636 misisti,
2400 571 2582 625 Iesum
2613 569 2902 636 Christum,
2938 571 3006 634 si,
3039 571 3105 624 ad
3140 585 3263 624 eum
3294 584 3464 638 oppo-

1905 666 2008 720 sita
2033 663 2380 720 distinctione
2403 662 2846 724 submovendum,
2900 661 3022 724 illa',
3074 659 3244 714 solum
3269 675 3466 726 verum,
3491 713 3494 717 ,

1907 757 2264 827 pertinerent,
2288 770 2355 809 ac
2385 768 2492 806 non
2531 753 2598 808 de
2628 754 2901 808 communi
2939 755 3234 821 utriusque,
3267 751 3469 807 divini-

1907 855 2016 901 tate
2055 861 2236 902 sermo
2266 855 2431 901 esset.
2473 845 2563 898 Illa
2619 854 2796 901 autem
2832 843 3031 898 Christi
3071 843 3256 908 verba,
3299 840 3468 894 Nemo
3540 860 3548 864 ·

1908 937 2094 1001 bonus,
2127 950 2192 990 eo
2221 936 2560 1004 spectabant,
2613 943 2671 988 ut
2702 935 2954 988 tentatori
3000 933 3328 1002 legisperito,
3378 932 3468 1000 qui

1911 1028 2205 1081 bonitatem
2239 1027 2359 1094 ipsi,
2397 1035 2653 1094 tanquam
2679 1024 2918 1088 homini,
2966 1024 3256 1086 tribuebat,
3277 1037 3471 1078 occur-

1906 1127 2070 1172 reret.
2108 1117 2328 1173 Summe
2363 1116 2505 1171 enim
2541 1116 2739 1170 bonum
2767 1129 2907 1179 esse,
2959 1113 3151 1182 inquit,
3183 1113 3348 1168 solius
3376 1111 3471 1167 Dei

1907 1219 1991 1266 est
2019 1211 2063 1242 '“
2093 1227 2108 1265 :
2146 1210 2358 1264 tametsi
2393 1211 2493 1262 hoc
2525 1221 2742 1277 quoque
2763 1207 2981 1262 nomine
3006 1207 3166 1260 homo
3193 1218 3464 1272 nuncupe-

1909 1310 2014 1364 tur,
2058 1311 2114 1354 ut
2139 1300 2267 1354 illud
2302 1317 2314 1352 :
2345 1298 2523 1352 Bonus
2546 1300 2699 1351 homo
2726 1297 2790 1351 de
2817 1299 2948 1350 bono
2977 1295 3221 1348 thesauro
3270 1293 3471 1362 profert

1905 1391 2094 1444 bonum
2125 1391 2192 1454 δ’,
2220 1400 2275 1444 et
2305 1389 2450 1445 Deus
2508 1391 2571 1442 ad
2601 1388 2819 1442 Saulem
2853 1389 2919 1441 de
2964 1387 3160 1440 Davide
3183 1385 3348 1440 verba
3390 1385 3472 1437 fa-

1903 1484 2054 1537 ciens
2080 1498 2093 1534 :
2129 1481 2270 1535 Dabo
2302 1498 2517 1551 regnum
2557 1493 2704 1533 tuum
2745 1478 2950 1533 meliori
2978 1489 3026 1532 te
3050 1478 3117 1530 ⁸⁵³.
3147 1475 3282 1530 Tum
3311 1476 3470 1530 illud:

1905 1571 2149 1641 Benefac,
2180 1570 2416 1634 Domine,
2451 1571 2597 1624 bonis
2626 1569 2712 1636 “;
2749 1585 2812 1624 ac
2845 1569 3080 1638 denique
3113 1583 3176 1622 ea
3206 1568 3256 1621 id
3291 1582 3466 1638 genus

1904 1664 2104 1726 onmia,
2138 1677 2257 1732 qua:
2295 1662 2472 1716 dehis
2523 1663 2798 1726 dicuntur,
2849 1661 2938 1729 qui
2999 1659 3275 1714 hominum
3317 1658 3474 1713 laude

1907 1769 1971 1808 ac
2001 1753 2384 1823 praedicatione
2413 1752 2624 1817 ﬂorent,
2659 1753 2726 1806 ad
2757 1767 2892 1822 quos
2947 1751 3105 1821 primi
3161 1751 3303 1808 illius
3345 1751 3472 1806 boni

226 1846 332 1906 τοῖς
375 1844 655 1915 ρήμασινς
702 1843 760 1893 ὲν
803 1839 1050 1901 ἐκείνοις·
1103 1835 1292 1904 Οὗτός
1335 1856 1451 1892 σου
1490 1837 1634 1904 Θεὸς
1668 1838 1798 1908 (58),

1911 1846 2056 1900 rivus
2085 1846 2407 1900 secundario
2445 1861 2608 1898 cursu
2639 1843 2959 1898 dimanavit.
2997 1831 3191 1899 limosi
3232 1843 3324 1897 tibi
3352 1857 3475 1910 per-

225 1939 294 1989 οὺ
334 1932 773 2004 λογισθήσεται
821 1931 1022 1998 ἕτερος
1071 1931 1219 1996 πρές
1262 1930 1466 1982 αὐτόν.
1519 1929 1630 1983 Καὶ
1686 1931 1801 1999 μετ’

225 2027 404 2094 ὀλίγα·
450 2024 610 2080 Μετὰ
652 2022 827 2076 τοῦτο
866 2021 965 2074 ἐπὶ
1008 2019 1114 2088 τῆς
1164 2019 1271 2088 [ἧς
1316 2020 1504 2088 ὤφθη.
1548 2020 1646 2074 καὶ
1678 2019 1800 2086 τοῖς

224 2117 564 2185 ἀνθρώποις
582 2111 1072 2181 συνανεστράφη.
1104 2112 1226 2167 Ὅτι
1278 2113 1377 2182 μὲν
1426 2112 1534 2183 γὰρ
1581 2112 1641 2164 οὐ
1677 2113 1806 2184 περὶ

223 2207 315 2262 τοῦ
367 2205 609 2278 [ἰατρὸς.
665 2203 805 2258 ἀλλὰ
833 2202 928 2255 τοῦ
985 2202 1095 2272 (59)
1142 2201 1380 2254 Υἱοῦ“τὸ
1417 2201 1725 2272 λεγόμενον,
1771 2204 1803 2272 ἡ

225 2299 516 2370 προσθήκη
550 2296 738 2365 σαφῶς
764 2296 1109 2366 παρίστησιν.
1141 2287 1310 2357 Οὗτος
1335 2295 1444 2364 γάρ
1467 2296 1611 2347 ἐστιν
1641 2296 1668 2346 ὁ
1703 2311 1807 2346 σω-

227 2390 475 2459 ματικῶς
513 2387 780 2458 ὁμιλήσας
807 2388 960 2456 ἡμῖν,
995 2385 1090 2438 καὶ
1133 2386 1270 2456 μετὰ
1307 2385 1415 2438 τῶν
1457 2385 1608 2438 κάτω
1639 2385 1807 2452 γενό-

227 2497 399 2549 μενος.
437 2481 500 2532 Ei
551 2478 609 2530 δὲ
661 2478 924 2547 νικήσειε,
956 2475 1096 2529 κατὰ
1148 2475 1237 2528 τοῦ
1295 2477 1504 2547 Πατρὸς
1549 2475 1800 2544 λέγεσθαι

222 2569 398 2632 τοῦτο,
449 2568 526 2638 μὴ
550 2563 659 2620 τῶν
686 2565 1053 2636 νομιζομένων
1085 2566 1243 2631 θεῶν,
1268 2566 1545 2637 ἡττήμεθα
1571 2567 1661 2619 τὸν
1691 2569 1801 2621 Πα-

221 2660 371 2729 τέρα,
411 2659 484 2712 δι’
519 2653 595 2711 ὧν
643 2657 736 2710 τοῦ
795 2657 922 2710 Υἱοῦ
969 2657 1078 2725 (40)
1117 2643 1646 2727 κατεσπουδάσαμεν.
1692 2657 1802 2710 Καὶ

221 2752 270 2804 τί
298 2752 416 2821 (41)
460 2751 529 2804 ἂν
576 2751 674 2820 τῆς
707 2750 862 2820 νίκης
892 2749 1096 2820 ταύτης
1151 2751 1361 2818 γένοιτο
1411 2750 1732 2822 ἀθλιώτερον
1765 2752 1797 2822 ἢ

221 2841 664 2915 ζημιωδέστερον
688 2860 703 2909 ;

1907 1936 2196 2001 suasimus,
2233 1933 2673 1990 commodissime
2700 1948 2760 1988 se
2782 1948 2867 1987 res
2903 1933 3082 1987 habet.
3132 1931 3227 1988 Sin
3271 1933 3472 1994 minus,

1906 2028 2030 2096 quid
2054 2028 2299 2080 dicturus
2327 2041 2388 2080 es
2428 2025 2494 2079 ad
2531 2039 2644 2087 eos.
2683 2023 2775 2092 qui
2806 2038 2874 2078 ex
2920 2022 3090 2077 altera
3121 2030 3292 2091 parte,
3321 2023 3475 2089 juxta

1903 2118 1976 2181 id,
2009 2117 2150 2186 quod
2186 2131 2283 2186 pro
2313 2130 2488 2170 causa:
2515 2126 2617 2169 tua:
2639 2114 2992 2168 fundamento
3020 2111 3474 2182 posuisti,Filium

1901 2210 2072 2266 solum
2109 2208 2276 2263 Deum
2329 2207 2534 2262 dictum
2583 2219 2706 2260 esse
2754 2205 3107 2259 contendunt.
3164 2203 3222 2258 In
3275 2203 3474 2271 quibus

1903 2313 2082 2356 autem
2117 2299 2339 2354 verbis?
2375 2301 2426 2352 in
2458 2298 2578 2353 istis
2611 2297 2868 2352 nimirum
2909 2311 2924 2347 :
2989 2295 3092 2348 llic
3153 2294 3292 2348 Deus
3327 2303 3470 2357 tuus,

1903 2403 1950 2446 et
1983 2409 2086 2446 non
2121 2391 2468 2448 wstimabitur
2496 2389 2638 2443 alius
2681 2398 2871 2456 printer
2929 2402 3048 2440 eum
3077 2385 3146 2440 ".
3195 2385 3262 2440 Et
3287 2383 3473 2452 paucis

1908 2483 2246 2550 iuterjectis:
2303 2481 2432 2535 Post
2472 2483 2583 2534 lucc
2647 2480 2700 2532 in
2757 2489 2898 2532 terra
2945 2479 3085 2532 visus
3136 2486 3232 2541 est,
3263 2485 3310 2529 et
3357 2491 3473 2527 cum

1905 2572 2199 2627 hominibus
2229 2580 2561 2626 conversatus
2591 2580 2664 2624 est
2693 2569 2764 2624 ".
2794 2566 2927 2623 Nam
2973 2567 3135 2638 550
3173 2567 3337 2636 quod,
3367 2581 3472 2619 non

1906 2664 1972 2718 de
1996 2663 2182 2730 Patre,
2216 2666 2310 2718 sed
2343 2664 2408 2717 de
2466 2661 2624 2726 Filio,
2682 2676 2862 2716 sermo
2921 2660 3202 2724 habeatur,
3242 2656 3473 2725 adjectio

1915 2756 2029 2810 haec
2061 2767 2247 2824 aperte
2283 2754 2544 2810 declarat.
2577 2753 2673 2808 llic
2699 2753 2842 2808 enim
2870 2760 2986 2816 est,
3028 2751 3118 2820 qui
3153 2762 3468 2819 corpoream

1909 2845 2185 2900 nobiscum
2217 2845 2658 2900 consuetudinem
2697 2843 2904 2907 habuit,
2937 2841 3275 2910 terrenisque
3305 2840 3465 2893 rebus

219 2933 547 3002 coniunctus
579 2943 683 2986 est.
715 2931 865 2999 Quod
891 2933 936 2986 si
966 2931 1093 2985 illud
1111 2931 1441 2998 obtineatur,
1466 2933 1579 2987 haec
1602 2935 1784 3000 verba,
1806 2932 1869 2988 Et
1902 2951 2004 2991 non
2026 2936 2368 2991 mtimabitur
2391 2935 2550 3000 alius,
2577 2934 2837 2990 adversus
2868 2933 3086 2987 Patrem
3103 2932 3230 2996 dici,
3257 2930 3474 2985 nonad‘

220 3037 411 3079 versus
435 3039 551 3086 eos,
575 3025 666 3090 qui
700 3023 832 3078 falsa
855 3023 1165 3078 mortalium
1193 3023 1447 3092 opinione
1472 3025 1544 3078 dii
1572 3025 1857 3092 habentur,
1888 3028 2029 3097 quod
2065 3029 2134 3082 ad
2160 3027 2374 3082 Patrem
2414 3028 2626 3088 attinet.
2654 3040 2750 3096 per
2775 3040 2837 3080 ea
2862 3024 3045 3093 utique
3085 3023 3208 3077 victi
3249 3037 3434 3078 sumus
3453 3062 3470 3084 .

219 3115 418 3184 quibus
481 3115 741 3169 adversus
769 3115 965 3168 Filium
1015 3115 1211 3170 obnixe
1245 3115 1639 3173 contendimust
1671 3117 1784 3183 Qua
1832 3118 2054 3173 victoria
2079 3119 2206 3188 quid
2249 3119 2616 3176 calamitosius
2645 3127 2700 3171 et
2734 3116 3090 3187 perniciosius
3115 3129 3238 3170 esse
3276 3117 3473 3186 queat?

285 3210 386 3260 lA'.
431 3206 691 3258 Ἐννατον
734 3206 912 3257 ἐκεῖνο
957 3207 1190 3275 φήσουσι
1243 3205 1324 3268 τὸ,
1361 3205 1622 3260 Πάντοτε
1673 3206 1798 3273 ζῶν,

1982 3209 2116 3264 XIV.
2161 3208 2314 3264 Nono
2382 3208 2512 3263 illud
2547 3210 2842 3279 producent
2875 3225 2886 3262 :
2919 3205 3132 3276 Semper
3178 3207 3350 3260 vivens
3380 3206 3473 3258 ad

217 3302 302 3365 εις
322 3297 394 3351 τὸ
416 3295 811 3364 ἐντυγχάνειν
839 3295 951 3366 (49)
985 3295 1134 3363 ὑπὲρ
1156 3295 1341 3364 ἡμῶν.
1373 3292 1446 3350 Εὖ
1473 3314 1536 3365 γε
1563 3299 1656 3350 καὶ
1683 3298 1800 3352 λίαν

221 3389 508 3459 μυστικῶς
540 3404 599 3439 τε
638 3387 731 3440 καὶ
767 3385 1194 3460 ,φιλανθριξιπῃὲφ
1232 3387 1305 3440 Τὸ
1349 3387 1458 3460 γὰρ
1509 3390 1799 3458 ἐντυγχά-

219 3498 367 3544 νειν,
417 3480 542 3550 οὐχ,
582 3479 658 3542 ὡς
691 3481 724 3549 ή
770 3477 878 3531 τῶν
912 3477 1119 3532 πολλῶν
1179 3478 1454 3550 συνήθεια,
1499 3479 1561 3533 τὸ
1619 3479 1800 3550 ζητεῖν

221 3573 502 3642 ἑκδέκησιν
527 3571 640 3639 ἔχει
657 3587 670 3600 ·
695 3570 851 3624 τοῦτο
873 3571 982 3640 γάρ
996 3588 1112 3634 πως
1137 3573 1229 3625 καὶ
1256 3571 1642 3642 ταπεινότητος
1667 3572 1796 3644 (45)·

220 3666 354 3719 ἀλλὰ
387 3667 454 3718 τὸ
484 3664 809 3734 πρεσϐεύειν
847 3664 984 3733 ὑπὲρ
1022 3663 1174 3734 ήμῶν
1218 3663 1295 3734 τῷ
1330 3664 1474 3734 λόγῳ
1509 3665 1608 3736 τῆς
1651 3682 1800 3735 μεσι·

219 3758 400 3820 τείας·
434 3758 512 3819 ὡς
559 3757 650 3808 καὶ
687 3755 748 3808 τὸ
795 3754 1019 3824 Πνεῦμα
1071 3755 1211 3824 ὑπὲρ
1267 3756 1423 3826 ήμῶν
1454 3757 1799 3826 ἐντυγχάνειν

219 3845 458 3914 λέγεται.
492 3841 597 3911 Εἷς
627 3847 732 3913 γὰρ
773 3845 938 3910 Θεὸς,
971 3840 1059 3911 εἷς
1089 3845 1187 3898 καὶ
1221 3846 1476 3913 μεσίτης
1518 3846 1664 3900 Θεοῦ
1700 3846 1798 3900 καὶ

218 3938 568 4006 ἀνθρώπων,
597 3937 907 4006 ἅνθρωπος
939 3936 1169 4004 Ἰησοῦς
1200 3939 1470 4005 Χριστός.
1501 3937 1799 4006 Πρεσὸεύει

220 4030 323 4102 γὰρ
364 4031 449 4082 ἔτι
490 4029 588 4082 καὶ
617 4027 732 4091 νῦν,
767 4028 843 4091 ῶς
888 4027 1190 4098 ἄνθρωπος,
1231 4028 1368 4099 ὑπὲρ
1397 4030 1494 4098 τῆς
1523 4029 1662 4099 ἐμῆς
1695 4047 1800 4083 σω-

218 4123 435 4193 τηρίας,
461 4122 544 4174 ὅτι
583 4119 722 4190 μετὰ
748 4119 842 4172 τοῦ
874 4118 1124 4188 σώματός
1157 4121 1320 4179 ἐστιν,
1352 4113 1413 4171 οὗ
1440 4120 1796 4190 προσέλαϐεν,

218 4213 319 4276 ἕως
355 4214 424 4266 ἂν
447 4212 550 4282 ἐμὲ
578 4212 779 4281 ποιήσῃ
811 4210 942 4262 Θεὸν
965 4211 1028 4280 τῇ
1066 4209 1290 4279 δυνάμει
1319 4210 1417 4279 τῆς
1451 4207 1800 4280 ὲνανθρωπή-

218 4321 356 4368 σεως
393 4303 531 4375 (44),
571 4302 676 4355 κᾶν
711 4301 906 4373 μηκέτι
950 4300 1091 4354 κατά
1136 4299 1702 4371 σάρκα“γινώσκηται,
1731 4302 1798 4354 τὰ

218 4394 463 4465 σαρκικὰ
491 4394 636 4462 λέγω
661 4393 828 4463 πάθη,
862 4393 976 4457 καὶ,
1009 4392 1177 4462 χωρὶς
1214 4391 1314 4461 τῆς
1337 4392 1631 4462 ἁμαρτίας,
1663 4392 1789 4462 ἠμέ-

216 4501 370 4554 τερα.
426 4483 584 4536 Οὕτω
633 4482 692 4536 δὲ
733 4484 829 4535 καὶ
877 4481 1265 4549 παράκλητον
1308 4482 1528 4550 ἔχομεν
1554 4482 1797 4549 Ἰησοῦν

1903 3301 2342 3368 interpellandum
2391 3317 2487 3368 pro
2537 3301 2778 3354 nobis“.
2831 3297 3048 3368 Optime
3093 3313 3226 3352 sane
3253 3313 3317 3351 ac
3346 3311 3472 3366 per-

1901 3401 2060 3461 quam
2091 3392 2316 3461 mystice
2343 3402 2399 3445 et
2432 3389 3064 3462 benigne.lnterpellatio
3087 3401 3321 3456 namque
3342 3401 3470 3450 non,

1901 3483 2042 3555 vulgi
2083 3498 2255 3548 more,
2287 3483 2340 3537 id
2371 3490 2550 3544 sonat,
2574 3481 2718 3552 quod
2743 3490 2826 3536 est
2886 3479 3177 3533 vindictam
3227 3490 3472 3546 quaerere

1903 3576 2028 3644 (hoc
2081 3576 2225 3630 enim
2285 3575 2607 3630 humilitatis
2659 3572 3058 3642 quodammodo
3107 3568 3318 3640 esset);
3377 3569 3473 3623 sed

1901 3666 2040 3721 idem
2104 3663 2414 3735 signiﬁcat,
2476 3663 2618 3734 quod
2703 3677 2802 3732 pro
2874 3661 3056 3726 nobis,
3134 3657 3473 3714 mediationis

1902 3756 2156 3820 ratione,
2246 3754 2587 3826 supplicare;
2668 3752 3119 3824 quemadmodum
3197 3757 3251 3803 et
3301 3749 3472 3818 Spiri-

1903 3855 1987 3900 tus
2017 3862 2112 3916 pro
2149 3847 2304 3901 nobis
2329 3846 2662 3901 intercedere
2691 3845 2907 3900 dicitur.
2947 3840 3094 3896 Unus
3135 3842 3272 3896 enim
3311 3839 3470 3905 Deus,

1901 3956 2036 3993 unus
2082 3941 2240 3993 etiam
2293 3939 2552 3993 mediator
2609 3937 2707 3991 Dei
2735 3945 2781 3990 et
2803 3935 3095 3999 hominum,
3143 3933 3294 3986 homo
3315 3929 3472 3986 Iesus

1900 4030 2138 4085 Christus
2169 4031 2236 4084 ⁸⁸.
2263 4030 2552 4086 Intercedit
2576 4028 2718 4084 enim
2749 4042 2891 4081 nunc
2932 4038 3168 4094 quoque,
3207 4033 3258 4077 ut
3286 4023 3468 4086 homo,

1900 4137 1997 4191 pro
2022 4136 2140 4175 mea
2177 4121 2355 4176 salute
2381 4137 2396 4185 ;
2421 4119 2680 4190 quoniam
2708 4133 2828 4171 cum
2859 4129 2923 4170 eo
2952 4128 3178 4184 corpore
3207 4121 3308 4178 est,
3331 4113 3476 4181 quod

1900 4213 2212 4281 assumpsit,
2263 4213 2436 4267 donec
2473 4226 2576 4276 me,
2622 4216 2914 4276 assumpta:
2966 4203 3322 4258 lmmanitatis
3362 4203 3474 4256 vir-,

1903 4311 2033 4366 tute,
2061 4301 2224 4356 Deum
2279 4301 2542 4364 ell'ecerit,
2587 4300 2797 4353 tametsi
2846 4310 2953 4350 non
2999 4295 3112 4363 jam
3175 4293 3471 4348 secundum

1901 4406 2120 4447 carnem
2177 4400 2566 4462 cognoscatur,
2618 4392 2718 4443 hoc
2763 4396 2867 4451 est,
2903 4384 3196 4440 secundum
3225 4383 3473 4459 carnales

1901 4482 2238 4550 aii'ectiones,
2297 4497 2392 4544 ac.
2453 4483 2588 4535 citra
2639 4489 2948 4547 peccatum,
3002 4483 3236 4528 nostras.
3270 4472 3470 4526 Eodem

217 4572 481 4639 Χριστὸν
507 4571 642 4642 (45),
669 4571 767 4641 οὐχ
795 4571 870 4634 ῶς
911 4571 1051 4641 ὑπὲρ
1081 4570 1237 4642 ήμῶν
1273 4571 1793 4642 προκαλινδούμενον

1904 4576 2055 4630 modo
2071 4577 2380 4630 advocatum
2400 4585 2613 4641 quoque
2632 4567 2879 4622 habemus
2906 4565 3086 4620 lerunt
3118 4563 3385 4620 Christum
3400 4563 3472 4629 ⁸³,

217 4665 312 4719 τοῦ
334 4664 572 4736 Πατρὸς,
601 4663 693 4717 καὶ
726 4664 1134 4734 προσπίπτοντα
1156 4663 1431 4728 δουλικῶς.
1459 4665 1672 4731 ’Ἄπαγε
1696 4665 1794 4734 τὴν

289 4777 335 4810 ⁸⁸
362 4773 506 4847 [.t_tc_._
539 4789 692 4847 svnt.
882 4771 1142 4847 "_Mttl_l_ll.
1179 4775 1405 4847 Χιιηῦὄ.
1449 4773 1572 4847 ᾲξ³γ1
1599 4774 1732 4847 Reg.
1769 4795 1796 4830 ιι

1904 4779 1976 4832 18.
2019 4779 2065 4811 ⁵⁵
2104 4778 2248 4834 Psal.
2277 4792 2460 4841 cutv,
2497 4775 2550 4829 4.

937 4841 1340 4907 ⁵⁸1Τίιιι.ιι,5.
1418 4841 1707 4902 "lJoan:
1733 4863 1790 4912 ιι,
1829 4847 1877 4900 1.

219 4844 305 4899 58.
386 4845 432 4875 ⁸⁷
460 4841 627 4897 Hebr.
649 4858 742 4906 vtt,
770 4841 859 4896 ‘25.

289 4935 408 5004 (54)
431 4920 608 5004 φηάι,
633 4933 846 4997 Comb.,
883 4932 1062 5002 φύσει.
1085 4952 1102 4984 ι
1130 4935 1330 4990 Natura
1371 4952 1577 4991 summe
1598 4937 1792 4993 bonum

221 5002 360 5064 esSe.
388 5002 553 5057 Solius
577 5002 670 5055 Dei
704 5012 806 5056 est.
838 5023 856 5054 ι

440 5071 1086 5150 ὀνομάζῃταιηεοιιιιιη
1118 5074 1465 5150 ὀνομάζεται,
1621 5145 1649 5150 ᾖ
1691 5105 1706 5150 Α.

223 5142 408 5270 0.5.5?
433 5144 647 5266 ἄγος.
671 5141 830 5196 Deest
865 5144 915 5195 in
949 5143 1116 5199 tribus
1147 5141 1335 5214 Regg.,
1359 5153 1588 5214 quatuor
1610 5145 1786 5210 Culb.,

222 5282 765 5404 c..l.5.7.’..’.’é“13§${‘”'
798 5281 909 5335 ⁰¹¹⁰
943 5283 1130 5354 “’38--
1157 5294 1387 5354 αιιίιιυοτ
1415 5283 1589 5346 Com.
1615 5285 1708 5340 ον.
1742 5286 1790 5350 ί,

291 5369 778 5488 (Ξκῗΐῦοτεὲῗσου
811 5422 971 5488 Θεός.
1009 5421 1124 5476 Duo
1156 5422 1346 5487 Regg.,
1379 5417 1530 5486 οὗτος
1562 5424 1588 5475 ὁ
1614 5423 1763 5486 Θεός.

431 5490 610 5565 ’ᾼτι-ξὰ
635 5489 764 5565 τοῦέ
794 5491 850 5542 [ιι
887 5493 1344 5565 ιιυριιιιιιίεηᾲλλὰ
1373 5494 1500 5565 περὶ
1528 5491 1664 5565 τοῦὶ

292 5561 401 5627 (40)
431 5561 510 5613 Δι’
535 5553 624 5612 ὧν
656 5559 784 5623 τοῦ,
818 5571 924 5616 etc.
959 5553 1387 5616 Leuvenklaius:
1435 5553 1459 5614 ι’
1486 5563 1691 5627 Quibus
1719 5564 1784 5616 ad

223 5631 630 5699 oppugnandum
673 5627 870 5682 Filium
925 5632 1228 5685 utebamur.
1264 5651 1281 5682 ι
1320 5632 1676 5686 Cotlthelisitts
1698 5648 1789 5687 ve-

226 5717 329 5751 ru:
383 5719 400 5749 ι
453 5699 660 5756 Ο-ιίιιιιε
706 5699 841 5752 Filio
902 5699 1143 5756 inmense
1194 5704 1514 5756 studuimus.
1569 5720 1585 5751 ι
1636 5702 1788 5755 Putat

226 5717 329 5751 ru:
383 5719 400 5749 ι
453 5699 660 5766 Quibus
706 5699 841 5752 Filio
902 5699 1143 5767 impense
1194 5704 1514 5756 studuimus.
1569 5720 1585 5751 ι
1636 5702 1788 5755 Putat

225 5770 362 5822 enim
402 5772 482 5826 vir
543 5771 754 5834 doctus,
809 5768 1128 5840 Gregorium
1186 5772 1290 5838 hic,
1347 5788 1449 5846 non
1490 5773 1540 5826 in
1594 5772 1788 5828 Filium

1903 4683 2006 4722 nou
2038 4677 2095 4720 ut
2150 4677 2334 4721 nostra
2375 4679 2536 4718 causa
2594 4676 2714 4718 sese
2761 4661 2827 4714 ad
2859 4658 3039 4712 Patris
3090 4658 3254 4727 pedes
3282 4655 3466 4711 advol-

2647 4775 2693 4807 "
2721 4772 2930 4827 Baruch
2969 4785 3051 4837 ιιι,
3079 4769 3167 4824 56.
3273 4768 3319 4801 "
3339 4767 3474 4822 ibid.

1898 4936 2040 4991 istud
2091 4943 2408 5003 retorquere
2453 4941 2860 5003 argumentum,
2895 4930 2986 5003 sed
3032 4925 3328 5003 inAPatrem
3359 4937 3472 5003 npro

1899 5005 2054 5072 Filio,
2087 5015 2141 5058 ut
2171 4995 2274 5058 hac
2294 4995 2663 5064 similitudine,
2699 5017 2817 5068 seu,
2851 5001 2901 5054 in
2945 4998 3106 5053 simili
3130 5036 3146 5062 ,
3186 4995 3470 5050 literetico-

1903 5092 2018 5129 rum
2049 5075 2444 5130 cavillationem
2473 5073 2656 5126 elidat.

1970 5143 2080 5211 (41)
2113 5145 2244 5198 Kal.
2275 5145 2428 5197 Deest
2469 5143 2518 5194 in
2554 5141 2648 5193 Dr.
2685 5143 2736 5201 1,
2773 5138 2998 5211 aliisque
3027 5133 3285 5211 pluribus.

1975 5200 2084 5286 (42)
2125 5213 2194 5268 Τὸ
2225 5212 2632 5286 ἐντυγχάνειν.
2663 5229 2680 5261 ι
2709 5200 2806 5286 Ad
2829 5200 3293 5286 interpellandum.
3331 5220 3348 5251 ι
3380 5200 3466 5254 Sic

1903 5273 2127 5350 Vtt‘lga'ta
2164 5293 2213 5338 et
2241 5273 2706 5350 Erasii't'tts.Bill.1
2732 5273 3324 5350 Adintereedettdunt.»
3354 5347 3363 5350 _
3427 5337 3439 5350 O

1971 5345 2084 5426 (45)
2121 5352 2568 5426 Ταπεινᾴτητρς.
2608 5367 2627 5399 ι
2668 5347 3015 5426 Humilitalis.
3051 5363 3068 5396 ι
3097 5345 3154 5396 ld
3184 5351 3287 5426 est,
3314 5347 3371 5394 ut
3391 5345 3470 5394 ait

1901 5417 2114 5482 Eliasfc
2142 5422 2522 5477 imbecillitatis
2553 5429 2633 5474 est
2664 5417 2918 5470 auxilium
2959 5425 3251 5483 qumcere.»

1968 5478 2080 5564 (44)
2111 5488 2803 5564 Ἐνανθρωπῄσεῳςηὸῥο
2837 5496 2944 5564 tres
2977 5478 3180 5550 'lteg'g”
3231 5478 3468 5548 quinque

1896 5557 2073 5626 Colb.,
2104 5563 2195 5618 Or.
2236 5563 2286 5623 1,
2318 5557 2424 5613 etc.
2460 5557 2514 5613 lu
2539 5563 2648 5623 ed.,
2670 5557 3090 5628 ἀνθρωπήσεως.

2114 5631 2356 5745 Ἰησοῦν
2398 5631 2672 5700 Χριστόν.
2733 5624 2821 5682 Sic
2865 5624 2956 5678 or.
3021 5625 3068 5676 1.

1977 5722 2016 5745 λυ
2046 5721 2094 5745 ιη
2123 5719 2166 5745 m
2195 5741 2202 5745 .

1898 5705 2016 5757 στὸν
2045 5706 2096 5758 in
2123 5705 2205 5763 (ιιι.

3123 5621 3280 5676 Deest
3330 5619 3465 5692 Χρι-
