4038 6338
591 279 613 334 1
626 278 696 333 ’ὶῦ

1825 281 1884 337 s.
1925 283 2252 341 GItEGORlI
2295 285 2640 347 TllEOLOGl
2703 253 2718 263 ’

3761 310 3862 364 12.5

587 403 827 456 ventem,
908 391 1198 461 servilique
1243 392 1404 446 modo
1436 393 1802 462 abjicieutem.
1865 400 2056 455 Procul
2105 401 2178 456 sit

2294 405 2471 477 Ξοὺλην
2505 408 2673 472 ὅντως
2704 409 2979 478 ὑπόνοιαν,
3018 412 3112 466 καὶ
3143 414 3367 480 ἀναξίαν
3400 416 3493 469 τοῦ
3522 419 3859 490 Πνεὺματος.

590 491 692 541 ista
724 485 937 541 servilis
971 500 1103 540 sane
1139 484 1397 554 suspicio,
1435 486 1754 558 Spirituque
1784 491 2022 562 indigna.
2065 492 2173 548 Ne-

591 594 697 646 que
727 581 870 633 enim
900 577 1074 630 Patris
1096 584 1180 631 est
1231 576 1333 630 boc
1384 592 1702 649 exposcere,
1739 591 1832 636 aut
1877 583 1995 638 Filii
2027 585 2170 654 pati:

596 685 694 723 nec
727 672 793 723 de
851 669 961 722 Deo
994 668 1096 722 hoc
1131 667 1374 738 cogitare
1414 669 1565 738 pium
1613 680 1775 742 atque
1805 688 2019 743 aequum
2063 685 2167 730 est.

593 762 698 814 Sed
729 777 792 813 ex
829 761 934 826 bis,
993 774 1112 828 qua:
1167 760 1482 816 humanitus
1516 777 1806 833 perpessus
1858 777 1964 832 est,
1989 768 2054 821 ad
2090 777 2166 823 to-

592 851 876 904 lerantiam
908 865 1014 916 me,
1073 859 1132 903 ut
1183 849 1417 903 Verbum
1477 860 1529 905 et
1580 855 1920 920 exhortator,
1948 857 2170 910 inducit.

591 941 683 995 Sic
714 956 813 1002 ego
851 941 1261 996 advocationem
1293 943 1434 1016 banc
1477 943 1874 1014 intelligendam
1914 949 2172 1002 arbitror.

663 1031 781 1086 XV.
815 1031 1038 1086 Decimo
1069 1031 1188 1086 loco
1221 1033 1580 1101 ignorantiam
1628 1045 1858 1104 ponunt,
1908 1037 2171 1108 illudque,

595 1123 739 1194 quod
771 1133 1074 1178 extremum
1101 1125 1240 1178 diem
1313 1135 1476 1194 atque
1519 1127 1710 1182 horam
1762 1143 1922 1184 nemo
1977 1146 2175 1201 cogno-

596 1228 740 1283 scat,
771 1231 834 1270 ac
863 1231 930 1270 ne
965 1215 1132 1270 Filius
1184 1217 1396 1286 quidem
1429 1219 1560 1286 ipse,
1594 1219 1686 1273 sed
1721 1221 1866 1275 solus
1912 1221 2070 1276 Pater
2101 1223 2168 1275 6°.

597 1309 667 1362 At
696 1307 787 1377 qui
816 1307 930 1361 ﬁeri
968 1317 1166 1376 potest,
1222 1319 1279 1362 ut
1319 1309 1596 1376 Sapientia
1637 1312 1932 1382 quidquam
1961 1328 2172 1381 eorum,

598 1416 719 1469 qua:
750 1409 896 1465 sunt,
938 1400 1168 1470 ignoret,
1210 1399 1320 1464 ille,
1353 1399 1594 1470 inquam,
1633 1403 1950 1456 saeculorum
1983 1404 2172 1466 Γειιιοτ,

600 1493 690 1548 ille
717 1501 1126 1547 consummator
1153 1501 1317 1562 atque
1350 1494 1681 1557 immutator,
1710 1494 1799 1548 ille
1829 1509 2014 1549 eorum
2057 1510 2177 1566 quze

602 1585 740 1638 facta
773 1591 898 1637 sunt
916 1583 1060 1648 linis,
1087 1583 1289 1652 quique
1313 1597 1399 1649 ea,
1423 1597 1543 1652 qua!
1563 1583 1654 1638 Dei
1690 1593 1836 1649 sunt,
1865 1583 2178 1655 551'per-

601 1676 728 1728 inde
787 1674 976 1741 novit,
1034 1689 1097 1727 ac
1135 1675 1357 1744 Spiritus
1405 1674 1646 1730 hominis
1698 1690 1784 1738 ea,
1823 1691 1944 1746 quae
1976 1678 2028 1730 in
2063 1678 2178 1747 ipso

601 1766 788 1821 Sunt“
814 1766 836 1818 ?
865 1763 1004 1830 Quid
1037 1764 1180 1819 enim
1223 1766 1324 1819 bac
1363 1766 1667 1836 cognitione
1709 1768 1922 1837 plenius
1975 1784 2038 1823 ac
2061 1784 2182 1838 per-
2210 1753 2253 1808 Β

603 1859 839 1912 l‘ectius?
865 1858 966 1924 Qui
995 1873 1124 1912 vero
1163 1865 1415 1922 constat,
1457 1858 1656 1928 ipsum,
1693 1875 1753 1914 ea
1788 1860 2025 1928 quidem,
2065 1877 2184 1931 quae

604 1952 794 2006 horam
823 1951 964 2004 illam
991 1951 1344 2015 antecedunt,
1369 1965 1431 2005 ac
1454 1967 1575 2021 quae
1617 1951 1763 2006 velut
1815 1953 1866 2007 in
1912 1953 2030 2023 ipso
2063 1954 2184 2010 linis

603 2043 831 2097 articulo
893 2055 1038 2106 sunt,
1105 2043 1452 2097 exactissime
1481 2044 1640 2110 scire,
1687 2044 1856 2114 ipsam
1883 2045 2186 2099 autembo-

609 2151 724 2189 ram
762 2135 1050 2204 ignorare?
1072 2135 1371 2206 Ainigmati
1399 2136 1594 2206 quippe
1611 2150 1696 2190 res
1725 2137 1839 2191 haec
1861 2137 2056 2192 similis
2081 2148 2181 2193 est:

602 2227 824 2298 perinde
876 2226 1124 2282 videlicet
1161 2243 1224 2282 ac
1247 2227 1291 2282 si
1353 2227 1477 2296 quis
1520 2243 1605 2291 ea,
1655 2244 1775 2298 qua:
1803 2239 1927 2284 ante
1956 2245 2170 2284 murum

604 2331 752 2382 sunt,
777 2319 1090 2374 certissime
1138 2335 1196 2374 se
1257 2333 1420 2374 nosse
1469 2318 1719 2386 aﬂirmet,
1752 2337 1964 2374 murum
2005 2333 2184 2374 autem

606 2413 784 2476 ipsum
840 2411 1092 2480 ignorare
1137 2427 1196 2466 se
1233 2411 1467 2466 fateatur
1501 2429 1514 2464 :
1551 2422 1649 2476 aut
1675 2413 1778 2466 diei
1818 2413 1976 2468 tinem
2021 2415 2188 2485 probe

603 2503 803 2568 sciens,
836 2503 1012 2558 noctis
1055 2503 1381 2572 principium
1443 2502 1665 2560 minime
1717 2515 2006 2574 cognoscat
2044 2524 2057 2560 :
2098 2506 2184 2558 ubi

611 2595 839 2649 alterius
871 2595 1111 2666 cognitio
1159 2595 1391 2650 alterum
1448 2598 1761 2652 necessario
1802 2613 1988 2652 secum
2020 2598 2184 2652 ducit.

608 2686 775 2740 Εεευί
807 2687 974 2758 igitur
1008 2687 1229 2742 dubium
1257 2704 1379 2745 esse
1420 2701 1620 2759 potest,
1675 2691 1804 2759 quin
1839 2691 2026 2743 horam
2066 2689 2186 2758 qui-

605 2777 752 2843 dem,
787 2789 846 2832 ut
877 2779 1036 2845 Deus,
1073 2783 1344 2850 cognitam
1381 2782 1600 2846 habeat,
1647 2782 1860 2852 ignoret
1917 2791 2096 2834 autem
2133 2791 2192 2833 ut

609 2870 796 2935 homo,
825 2871 868 2926 si
902 2871 1024 2940 quis
1055 2882 1261 2940 partem
1291 2872 1676 2942 aspectabilem
1711 2872 1777 2924 ab
1803 2887 1866 2926 ea
1895 2871 2186 2939 disiungat,

608 2977 734 3028 qum
771 2972 953 3016 mente
979 2962 1090 3017 sola
1125 2965 1356 3034 perspici
1402 2973 1580 3031 potest
1619 2963 1640 3015 Ἰ
1675 2961 1808 3016 Nam
1857 2962 1981 3031 quia
2034 2963 2190 3016 abso-

609 3051 722 3105 lute
757 3053 855 3106 hoc
887 3052 1006 3108 loco
1035 3067 1098 3107 ac
1123 3054 1240 3108 sine
1268 3053 1533 3108 relatione
1557 3094 1570 3116 ,
1636 3053 1758 3106 Fdii
1808 3069 2000 3107 nomen
2036 3053 2190 3121 poni-

2277 495 2414 548 Οὑτε
2443 497 2552 569 γὰρ
2576 497 2668 552 τοῦ
2698 500 2908 571 Πατρὸς
2933 502 3091 556 τοῦτο
3118 503 3415 576 ἐπιζητεῖν,
3446 506 3571 560 οὔτε
3611 509 3704 562 τοῦ
3728 511 3862 564 Υἱοὺ

2277 590 2526 661 πάσχειν,
2557 594 2590 663 ἢ
2628 592 2704 655 ὡς
2739 593 2852 664 (46)
2883 595 3010 665 περὶ
3056 595 3190 649 Θεοῦ
3239 597 3568 653 διανοεῖσθαι
3620 601 3860 654 δίκαιον·

2277 683 2389 736 ἀλλ’
2423 677 2504 747 οἷς
2533 684 2822 746 πέπονθεν,
2865 685 2940 748 ὡς
2974 685 3282 756 ἄνθρωπος,
3339 689 3515 743 πείθει
3549 695 3862 762 καρτερεῖν,

2274 772 2352 835 ὡς
2376 772 2548 841 Λόγος
2578 773 2672 826 καὶ
2703 773 3050 845 παραινέτης.
3081 775 3250 830 Τοῦτο
3277 777 3474 831 νοεῖταί
3507 795 3596 848 μοι
3625 781 3658 849 ἡ
3685 780 3869 848 παρά-

2279 864 2487 936 κλησις.

2348 1050 2447 1104 lE’.
2472 1052 2704 1106 Δέκατον
2726 1073 2908 1119 αυτοις
2930 1072 3077 1108 εστιν
3105 1057 3137 1126 ἡ
3173 1055 3383 1124 ἄγνοια,
3411 1069 3506 1109 και
3534 1071 3594 1108 το
3652 1057 3863 1128 μηδένα

2275 1141 2564 1210 γινώσκειν
2595 1144 2691 1215 τὴν
2721 1146 3035 1200 τελευταίαν
3065 1147 3303 1218 ἡμέραν,
3331 1147 3363 1217 ἢ
3394 1145 3564 1217 ὥραν,
3605 1147 3742 1217 μηδὲ
3769 1147 3866 1199 τὸν

2278 1231 2404 1284 Υίὸν
2438 1233 2620 1298 αὑτὸν,
2666 1236 2713 1286 εί
2763 1236 2836 1305 μὴ
2874 1235 2964 1288 τὸν
2993 1235 3229 1307 Πατέρα.
3283 1235 3476 1289 Καίτοι
3529 1234 3647 1298 πῶς
3673 1237 3867 1303 ἀγνοεῖ

2276 1338 2328 1372 τι
2356 1320 2464 1373 τῶν
2497 1321 2665 1376 ὄντων
2697 1327 2728 1394 ἡ
2782 1324 2969 1392 Σοφία,
3004 1327 3032 1377 6
3077 1325 3304 1396 ποιητὴς
3337 1325 3448 1394 (47)
3483 1323 3591 1376 τῶν
3625 1325 3864 1389 αἰώνων,

2277 1413 2306 1464 6
2333 1410 2685 1482 συντελεστὴς
2715 1414 2807 1466 καὶ
2845 1414 3236 1484 μεταποιητὴς,
3267 1415 3326 1466 τὸ
3363 1414 3536 1486 πέρας
3569 1414 3676 1467 τῶν
3705 1432 3866 1483 γενο-

2283 1503 2479 1574 μένων,
2513 1507 2540 1557 ὁ
2585 1503 2729 1558 οὑτω
2762 1505 2830 1558 τὰ
2878 1505 2972 1559 τοῦ
3006 1505 3140 1559 Θεοῦ
3183 1505 3294 1576 (48)
3331 1505 3636 1574 γινώσκων,
3685 1507 3762 1570 ὼς
3805 1507 3869 1559 τὸ

2280 1595 2499 1666 πνεῦμα
2524 1595 2615 1649 τοῦ
2643 1594 2930 1668 ἀνθρώπου
2963 1597 3032 1651 τὰ
3068 1596 3179 1668 (49)
3211 1599 3268 1650 ὲν
3291 1598 3474 1668 αὑτῷ;
3508 1599 3571 1651 Τί
3597 1599 3705 1671 γάρ
3733 1600 3871 1654 ταύ-

2279 1703 2378 1758 της
2401 1689 2498 1758 τῆς
2525 1687 2777 1753 γνώσεως
2812 1689 3170 1761 τελεώτερον;
3218 1691 3342 1755 Πῶς
3375 1692 3460 1745 δαὶ
3490 1692 3602 1762 (50)
3650 1692 3718 1745 τὰ
3757 1693 3861 1762 μὲν

2285 1777 2389 1848 πρὸ
2427 1777 2524 1846 τῆς
2581 1777 2729 1849 ὥρας
2773 1777 3013 1849 ἀκριϐῶς
3063 1779 3370 1842 ἐπίσταται,
3418 1781 3512 1833 καὶ
3548 1781 3616 1833 τὰ
3652 1777 3764 1833 οἷον
3808 1781 3871 1832 ὲν

2284 1867 2458 1937 χρόνῳ
2489 1865 2582 1919 τοῦ
2621 1866 2828 1930 τέλους,
2852 1866 3021 1938 αὑτὴν
3062 1867 3118 1920 δὲ
3159 1869 3345 1936 ἀγνοεῖ
3379 1869 3490 1938 (5i)
3529 1869 3627 1940 τὴν
3671 1869 3868 1940 ὦραν;

2281 1956 2572 2026 Λίνίγματι
2595 1958 2704 2027 γὰρ
2733 1956 2794 2008 τὸ
2830 1958 3060 2026 πρᾶγμα
3115 1957 3322 2027 ὅμοιον,
3367 1955 3555 2026 ὥσπερ
3577 1957 3648 2011 ἂν»
3678 1957 3733 2009 εἴ
3781 1974 3872 2018 τις

2283 2045 2349 2100 τὰ
2377 2048 2475 2118 μὲν
2514 2048 2620 2118 πρὸ
2647 2046 2740 2100 τοῦ
2785 2046 2998 2116 τείχους
3041 2045 3284 2119 ἀκριϐῶς
3338 2047 3662 2100 ἐπίστασθαι
3696 2048 3870 2117 λέγοι,

2285 2138 2416 2190 αὑτὸ
2435 2137 2491 2190 δὲ
2520 2138 2733 2206 ἀγνοεῖν
2759 2139 2819 2191 τὸ
2849 2139 3027 2207 τεῖχος
3047 2155 3060 2168 ·
3093 2137 3127 2208 ἢ
3170 2137 3232 2190 τὸ
3256 2137 3355 2207 τῆς
3384 2138 3596 2209 ἡμέρας
3621 2139 3772 2202 τέλος
3806 2135 3872 2193 εὖ

2287 2229 2666 2298 ἐπιστάμενος,
2698 2229 2795 2298 τὴν
2831 2228 3004 2299 ἀρχὴν
3035 2231 3134 2299 τῆς
3181 2228 3374 2292 νυκτὸς
3417 2228 3491 2299 μὴ
3535 2228 3827 2297 γινώσκειν
3857 2248 3870 2260 ·

2288 2320 2414 2372 ἔνθα
2446 2322 2478 2390 ή
2508 2319 2601 2372 τοῦ
2634 2319 2821 2392 ἐτέρου
2854 2319 3075 2387 γνῶσις,
3119 2321 3432 2387 ἀναγκαίως
3466 2320 3778 2390 συνεισάγει
3810 2321 3876 2375 τὸ

2287 2414 2489 2486 ἕτερον.
2521 2413 2593 2466 ’Ἡ
2645 2415 2808 2467 πᾶσιν
2859 2411 3110 2482 εὔδηλον,
3165 2413 3248 2465 ὅτι
3300 2413 3560 2482 γινώσκει
3621 2414 3743 2485 μὲν,
3794 2416 3876 2478 ὠς

2289 2503 2438 2567 Θεὸς,
2471 2504 2683 2572 ἀγνοεῖν
2704 2503 2760 2556 δέ
2784 2519 2968 2573 φησιν,
3005 2503 3080 2567 ὡς
3118 2503 3424 2574 ἄνθρωπος,
3454 2505 3517 2557 ἄν
3547 2521 3631 2567 τις
3653 2505 3715 2558 τὸ
3743 2522 3876 2573 φαισ

2291 2595 2513 2665 νόμενον
2558 2594 2768 2665 χωρίσῃ
2805 2595 2898 2647 τοῦ
2950 2595 3274 2665 νοουμένου;
3318 2595 3392 2647 Τὸ
3441 2593 3550 2665 γὰρ
3603 2595 3877 2649 ἁπόλυτον

2291 2683 2426 2738 εἶναι
2456 2686 2549 2738 τοῦ
2581 2686 2708 2738 Υίοῧ
2733 2687 2832 2756 τὴν
2857 2686 3224 2756 προσηγορίαν
3254 2687 3348 2740 καὶ
3387 2685 3613 2756 ἄσχετον
3641 2686 3778 2758 (52),
3809 2688 3877 2740 οὑ

2291 2778 2689 2850 προσκειμένου
2732 2778 2808 2848 τῷ
2847 2778 2960 2847 Υἱῴ
2999 2777 3104 2832 τοῦ
3148 2778 3314 2844 τινὸς
3343 2777 3476 2851 (55),
3514 2777 3716 2848 ταύτην
3741 2779 3878 2850 ἡμῖν

2290 2869 2470 2923 δίδωσι
2500 2869 2596 2940 τὴν
2624 2869 2898 2934 ὑπόνοιαν,
2930 2870 3066 2924 ὥστε
3095 2871 3194 2941 τὴν
3220 2863 3446 2938 ἄγνοιαν
3472 2868 3882 2940 ὑπολαμϐάνειν

2295 2964 2385 3015 ἐπὶ
2412 2963 2470 3015 τὸ
2495 2962 2780 3015 εὑσεϐέστε
2791 2980 2900 3032 ρον,
2925 2963 3001 3032 τῷ
3021 2962 3368 3033 ἀνθρωπίνῳ,
3397 2962 3471 3033 μὴ
3493 2961 3572 3033 τῷ
3591 2961 3722 3032 θείῳ
3743 2962 3881 3016 ταὺ-

2292 3069 2391 3123 την
2421 3052 2822 3124 λογιζομένους.

613 3160 723 3213 tur,
751 3164 852 3205 nec
886 3150 1419 3221 atljttngilur,cnjus,
1448 3153 1646 3206 ideirco
1687 3151 1816 3206 binc
1860 3151 2019 3206 nobis
2083 3165 2214 3204 ausa
2288 3150 2585 3219 porrigitur
2638 3151 2707 3202 ita
2762 3149 3146 3211 existimandi,
3203 3159 3262 3202 ut.
3309 3149 3670 3220 ignorantiam
3727 3150 3879 3206 hanc

611 3261 771 3301 sensu
801 3247 1034 3302 maxime
1059 3248 1146 3316 pio
1175 3247 1616 3318 interpretemur,
1650 3261 1880 3317 eamque
1932 3245 2276 3311 humanitati,
2302 3260 2408 3298 non
2445 3245 2721 3298 divinitati
2755 3243 3110 3297 ascribamus.

683 3335 820 3392 XVI.
860 3337 917 3394 Si
969 3339 1133 3408 igitur
1178 3339 1292 3394 lucc
1349 3339 1486 3394 ratio
1533 3340 1861 3394 adversariis
1895 3338 2188 3400 satisfacit,
2220 3343 2261 3398 ο

610 3430 700 3484 bic
735 3432 923 3499 pedem
965 3432 1210 3500 ligemus,
1247 3447 1348 3487 nec
1379 3433 1672 3502 quidquam
1712 3431 1944 3501 amplius
1969 3447 1997 3484 a
2039 3431 2194 3485 nobis

617 3521 944 3590 inquiratur.
975 3523 1069 3576 Sin
1099 3538 1275 3587 secus,
1303 3526 1444 3578 banc
1475 3525 1766 3579 secundam
1799 3522 2194 3592 expositionem

615 3609 940 3676 aﬂcremus;
988 3613 1130 3679 quod
1176 3613 1630 3680 quemadmodum
1684 3613 1898 3682 singula
1948 3613 2072 3675 alia,
2123 3614 2194 3666 ita

619 3719 801 3756 rerum
852 3718 1067 3772 quoque
1125 3705 1488 3758 maximarum
1524 3705 1761 3774 cognitio
1812 3705 1864 3760 in
1921 3705 2200 3760 Genitoris

619 3797 878 3850 honorem
917 3797 982 3848 ad
1015 3811 1235 3852 causam
1290 3796 1459 3865 ipsam
1505 3797 1788 3852 referenda
1823 3809 1926 3854 est.
1961 3799 2099 3866 Quin
2133 3814 2200 3852 ue

617 3888 870 3958 exiguum
912 3887 1128 3956 quidem
1165 3888 1293 3942 mibi
1333 3887 1708 3944 intellecturus
1741 3891 1973 3953 videtur,
2003 3890 2200 3960 quisic

618 3981 834 4050 legerit,
864 3989 922 4033 ut
968 3989 1171 4034 nostrze
1205 3981 1478 4035 memoriae
1506 3981 1593 4037 vir
1623 3983 1843 4054 quidam
1895 3984 2197 4038 litterarum

619 4071 913 4135 studiosus,
947 4085 1139 4138 nempe
1170 4069 1363 4125 Filium
1403 4086 1508 4125 non
1539 4073 1695 4128 aliter
1734 4075 1881 4128 diem
1936 4075 2084 4128 illum
2120 4075 2200 4128 vel

623 4162 812 4216 horam
843 4175 1022 4229 nosse,
1053 4178 1212 4231 quam
1250 4173 1305 4216 ut
1333 4163 1514 4221 Pater.
1541 4165 1678 4232 Quid
1713 4166 1856 4219 enim
1899 4166 2025 4220 hinc
2051 4165 2202 4219 colli—

621 4253 810 4323 gitur?
831 4254 1098 4320 Quoniam
1133 4253 1291 4309 Pater
1307 4258 1610 4325 cognoscit,
1651 4257 1772 4312 ideo
1798 4256 1962 4312 etiam
1988 4257 2158 4311 Filius
2186 4276 2197 4310 :

621 4353 876 4412 tanquam
927 4346 1176 4400 videlicet
1211 4363 1371 4402 nemo
1409 4349 1510 4403 hoc
1549 4363 1877 4420 cognoscere
1918 4363 1982 4404 ac
2031 4348 2202 4417 perci-

620 4451 748 4504 pere
772 4447 956 4504 queat,
985 4449 1181 4504 prmter
1206 4439 1503 4510 principem
1535 4441 1676 4495 illam
1705 4451 1973 4494 naturam.
2006 4439 2207 4510 Super-

621 4539 736 4582 erat
783 4527 894 4595 jam
960 4531 1024 4584 de
1080 4531 1183 4585 hoc
1259 4530 1796 4586 verbonaudatum
1866 4541 1970 4596 est,
2029 4533 2094 4587 de
2141 4548 2206 4586 eo

621 4620 809 4680 etiam,
833 4621 976 4688 quod
1009 4619 1470 4702 Patris‘mandata
1523 4638 1793 4688 servasse,
1827 4633 1902 4687 et,
1933 4639 2054 4692 qua:
2090 4623 2200 4694 pla-

2370 3338 2490 3403 ις’.
2528 3337 2590 3390 Εἰ
2629 3336 2725 3407 μὲν
2761 3331 2854 3389 οὖν
2893 3323 3046 3398 οὗτος
3071 3334 3355 3406 αὑτάρκης
3378 3337 3407 3388 6
3431 3335 3608 3403 λόγος,
3643 3331 3886 3388 ἐνταῦθα

2298 3429 2614 3501 στησόμεθα
2650 3428 2760 3500 (54)
2783 3469 2796 3491 ,
2835 3429 2930 3482 καὶ
2967 3428 3130 3498 μηδὲν
3172 3428 3333 3481 πλέον
3380 3426 3780 3498 ὲπιζητείσθωο
3834 3428 3887 3480 εί

2295 3525 2351 3578 δὲ
2377 3523 2471 3594 μὴ,
2497 3524 2556 3576 τό
2599 3539 2662 3590 γε
2703 3521 2974 3592 δεύτερον,
3015 3520 3203 3592 ὥσπερ
3252 3521 3359 3572 τῶν
3397 3519 3574 3574 ἀλλων
3623 3519 3883 3584 ἕκαστον,

2295 3617 2437 3669 οὑτω
2466 3615 2530 3685 δὴ
2562 3615 2672 3684 (55)
2707 3615 2800 3667 καὶ
2842 3615 2875 3684 ἡ
2917 3612 3117 3680 γνῶσις
3168 3612 3274 3665 τῶν
3318 3611 3610 3682 μεγίστων,
3650 3613 3746 3664 ἐπὶ
3783 3612 3890 3680 τὴν

2297 3708 2476 3762 αἰτίαν
2519 3705 2872 3776 ἀναφερέσθω
2923 3707 3054 3774 τιμῇ
3100 3704 3195 3758 τοῦ
3249 3704 3591 3776 γεννήτορος.
3641 3706 3800 3756 Δοκεῖ
3826 3703 3887 3757 δέ

2301 3800 2391 3871 μοί
2423 3816 2526 3862 τις,
2561 3797 2681 3868 μηδ’
2703 3795 2770 3849 ἂν
2800 3795 3021 3858 ἐκείνως
3043 3795 3330 3864 ἀναγνοὺς,
3357 3795 3432 3859 ὡς
3455 3795 3564 3848 τῶν
3593 3794 3713 3848 καθ’
3732 3795 3884 3865 ἡμᾶς

2298 3892 2598 3962 φιλολόγων
2621 3907 2704 3951 τις
2733 3888 2866 3958 (56),
2895 3888 3090 3958 μικρὸν
3123 3887 3394 3957 ἐννοῆσαι,
3429 3889 3510 3940 ὅτι
3537 3886 3659 3939 οὑδὲ
3688 3887 3715 3938 6
3752 3886 3886 3948 Υἱὸς

2299 3985 2472 4046 ἄλλως
2504 3979 2609 4036 οἶδε
2638 3981 2737 4050 τὴν
2773 3980 3007 4050 ἡμέραν,
3046 3979 3078 4048 ἢ
3115 3977 3213 4048 τὴν
3242 3977 3413 4048 ὥραν,
3463 3977 3494 4048 ἢ
3541 3977 3616 4040 ὡς
3659 3977 3738 4030 ὅτι
3771 3973 3888 4046 (57)

2301 4078 2328 4128 ὀ
2369 4076 2578 4146 Πατήρ.
2617 4073 2690 4126 Τὸ
2727 4073 2834 4144 γὰρ
2887 4069 3282 4140 συναγόμενον,
3343 4071 3558 4134 ὁποῖον;
3604 4068 3824 4139 Ἐπειδὴ
3859 4069 3892 4120 6

2302 4166 2492 4236 Πατὴρ
2551 4164 2827 4232 γινώσκει,
2867 4161 2953 4214 διὰ
2994 4159 3150 4213 τοῦτο
3198 4160 3290 4214 καὶ
3332 4162 3360 4212 6
3401 4160 3555 4223 Υἱὸς,
3589 4159 3666 4222 ὡς
3702 4159 3884 4229 δῆλον,

2302 4260 2384 4310 ὅτι
2423 4255 2608 4328 μηδενὶ
2644 4251 2883 4322 γνωστὸν
2920 4250 3095 4313 τοῦτο.
3141 4251 3274 4322 μηδὲ
3332 4249 3556 4320 ληπτὸν,
3601 4249 3741 4320 πλὴν
3786 4250 3890 4319 τῆς

2305 4349 2528 4421 πρώτης
2555 4347 2788 4416 φύσεως.
2839 4345 3117 4398 Ἐλείπετο
3150 4345 3276 4414 περὶ
3300 4342 3394 4396 τοῦ
3434 4341 3768 4405 ἐντετάλθαι,
3792 4345 3889 4394 καὶ

2304 4440 2663 4512 τετηρηκέναι
2701 4437 2797 4500 τὰς
2839 4435 3078 4498 ἐντολὰς,
3104 4435 3198 4488 καὶ
3227 4433 3298 4486 τὰ
3331 4432 3536 4504 ἀρεστὰ
3563 4433 3890 4500 αὑτῷ.πάν-

2307 4544 2425 4580 τοτε
2479 4523 2858 4593 πεποιηκέναι,
2904 4522 3178 4575 διαλαϐεῖν
3231 4523 3378 4592 ἡμᾶς
3403 4539 3417 4552 ο
3455 4521 3534 4574 ἔτι
3576 4521 3631 4575 δὲ
3672 4521 3892 4575 τελειώ-

2311 4637 2472 4683 σεως,
2501 4619 2595 4672 καὶ
2642 4614 2922 4685 ὑψώσεως,
2970 4615 3063 4667 καὶ¹
3109 4612 3204 4666 τοῦ
3253 4613 3465 4683 μαθεῖν,
3509 4611 3569 4678 ἐξ
3599 4607 3673 4667 ὧν
3693 4612 3890 4673 ἔπαθε.

623 4710 732 4760 cita
783 4717 912 4761 sunt.
943 4708 1012 4770 ei,
1045 4724 1260 4778 semper
1300 4710 1495 4765 fecisse
1544 4711 1835 4774 dicitur“;
1870 4725 1934 4766 ac
1980 4711 2190 4780 insupet

2311 4712 2408 4782 τὴν
2441 4709 2711 4779 ὑπακοὴν,
2749 4707 2841 4760 καὶ
2875 4705 3284 4778 ἀρχιερωσύνης
3315 4723 3375 4758 τε
3409 4705 3503 4760 καὶ
3547 4708 3891 4777 προσφορᾶς,

625 4797 658 4852 d
682 4817 692 4848 ε
721 4800 1187 4855 consummatione
1208 4811 1263 4855 et
1292 4802 1643 4866 exultatione,
1673 4818 1737 4858 ac
1767 4804 1832 4858 de
1853 4817 1938 4868 eo,
1977 4805 2118 4874 quod
2139 4819 2206 4857 ex

2312 4804 2405 4858 καὶ
2434 4801 2780 4873 παραδόσεως
2807 4798 2938 4868 (58),
2964 4799 3058 4851 καὶ
3090 4798 3328 4868 δεήσεως
3371 4799 3470 4868 τῆς
3514 4798 3649 4868 πρὸς
3683 4797 3774 4856 τὺν
3802 4796 3898 4850 δυ-

696 4935 740 4967 ⁵⁸
765 4933 814 4988 M
836 4951 932 4990 :rc.
965 4951 1084 5000 xm,
1118 4937 1208 4992 32.
1298 4937 1340 4968 ⁶¹
1367 4938 1380 4991 l
1409 4936 1535 4993 Cor.
1567 4953 1622 5000 ιι,
1653 4937 1738 4990 Η.
1816 4940 1858 4970 ⁶²
1883 4938 2038 4994 Joau.
2067 4956 2118 5002 κ,
2152 4941 2190 4992 ll

2294 4954 2367 5006 tv,
2402 4936 2502 5003 10;
2530 4953 2645 5000 vni,
2675 4935 2766 4990 '29.

701 5070 813 5142 (46)
839 5071 912 5124 Ἦ
947 5071 1064 5142 ὠςκ
1094 5069 1210 5142 Duo
1249 5070 1414 5142 ﬂegg.
1463 5082 1518 5128 ct
1565 5080 1799 5141 quatuor
1847 5071 2085 5126 Colbert.
2112 5108 2126 5135 ,
2162 5073 2208 5122 εἰ

631 5139 727 5202 ὡς.
749 5141 960 5204 Ctmtlt.,
983 5140 1214 5216 οὑδξώς.

705 5211 814 5281 (47)
851 5212 914 5264 '0
945 5209 1265 5280 ποιηὲὴς...
1298 5212 1415 5266 τῶν
1442 5211 1798 5282 γενομένων.
1832 5209 1955 5265 llaec
1976 5222 2030 5264 et
2053 5211 2213 5282 inter.

633 5282 777 5347 jm-ta
821 5283 994 5351 rejicit
1027 5283 1403 5345 (lonibelisius;
1431 5281 1664 5350 atquein
1691 5285 1756 5336 iis
1781 5282 2051 5336 vertendis
2075 5281 2212 5335 male

637 5353 848 5405 llilliunt
877 5355 1169 5408 desudasse
1199 5355 1531 5421 pronuntiat.

709 5423 818 5494 (48)
855 5423 916 5476 '0
940 5423 1094 5476 οὕτω
1114 5423 1186 5476 τὰ
1209 5423 1314 5477 τοῦ
1333 5423 1500 5478 Θεοῦ.
1533 5423 1655 5479 llaec
1679 5423 1743 5477 de
1774 5421 1975 5493 Spiritu
2003 5432 2209 5489 sancto,

639 5509 743 5546 non
774 5497 839 5548 de
869 5495 1007 5547 Filio
1031 5503 1156 5548 sunt
1187 5496 1349 5549 dicta.

713 5565 822 5632 (l9)
859 5562 956 5618 Τά.
985 5564 1079 5619 Or.
1110 5565 1166 5630 1,
1198 5563 1281 5617 τό.

712 5634 821 5704 (50)
861 5633 990 5700 Πῶς
1011 5634 1129 5688 δαί.
1157 5634 1287 5690 'l‘rcs
1323 5635 1487 5705 lir'gg.
1516 5647 1568 5690 et
1594 5634 1684 5691 0r.
1724 5636 1773 5699 Ι,
1801 5635 1914 5698 πῶς
1939 5634 2007 5689 δέ.

709 5705 820 5773 (31)
855 5705 1094 5774 ’Δγ-νοεῖ.
1125 5706 1288 5761 Coisl.
1313 5708 1365 5772 5,
1396 5709 1628 5775 ἀγνοεῖν.

713 5779 826 5848 (Μ)
865 5777 1180 5845 Ἄσκρην.
1221 5797 1238 5829 ι
1273 5780 1488 5849 Absque
1536 5780 1816 5845 relatione,
1862 5778 1998 5832 nulla
2055 5775 2215 5839 illius,

2317 5068 2474 5136 cujus
2503 5078 2584 5121 est
2622 5067 2811 5125 Filius.
2847 5065 2984 5120 facta
3009 5065 3300 5136 mentione.
3335 5085 3352 5116 ι

2412 5139 2500 5205 55)
2537 5137 2652 5191 Τοῦ
2693 5139 2873 5203 τινός.
2909 5137 3067 5190 Deest
3093 5135 3144 5187 in
3173 5135 3267 5188 0r.
3299 5137 3354 5205 ,1.

2412 5144 2500 5205 55)
2537 5144 2652 5191 Τοῦ
2693 5144 2873 5203 τινός.
2909 5144 3067 5190 Deest
3093 5144 3144 5187 in
3173 5144 3267 5188 Ut'.
3305 5144 3354 5190 1.

2387 5144 2496 5279 (54)
2521 5207 2817 5262 Ἐνταῦθα
2867 5208 3233 5275 στησόμεθα.
3283 5204 3498 5272 Comm,
3545 5205 3888 5277 στησώμεθα,

2324 5298 2341 5330 ι
2389 5281 2482 5332 llic.
2515 5279 2706 5348 pedem
2737 5281 2980 5348 ligaputs.
3006 5297 3023 5326 ι

2387 5350 2500 5420 (55)
2517 5344 2631 5418 Ἀή.
2666 5344 2802 5420 Τι’εέ
2832 5347 2998 5416 Regg.
3029 5357 3089 5420 et
3110 5345 3203 5400 0r.
3243 5344 3399 5420 l,__8_5'.

2389 5413 2502 5494 (56)
2531 5413 2877 5494 Φιλολόγωις
2901 5413 3008 5482 ne.
3059 5416 3218 5469 Putat
3275 5415 3417 5469 ﬁlias
3455 5413 3540 5468 hic
3571 5433 3590 5466 ι
3641 5416 3899 5470 Basilina:

2322 5488 2572 5592 magnum
2600 5509 2618 5540 ι
2654 5488 2902 5558 intelligi.

2391 5563 2406 5592 ι
2429 5561 2504 5592 an
2542 5562 2666 5592 vnn
2749 5555 2900 5592 noncl

2390 5555 2504 5631 (B7)
2542 5562 2692 5613 Ὅτι.
2745 5555 2906 5611 Deést
2962 5557 3014 5611 in
3087 5555 3294 5612 duobus
3358 5555 3526 5626 chg.
3574 5564 3630 5609 et
3690 5556 3900 5608 duobus

2320 5630 2492 5684 Colit.
2937 5654 2942 5658 '
3773 5652 3775 5654 '

2401 5702 2514 5770 (58)
2548 5697 2962 5770 Παμιὸόοξεως.
2991 5696 3191 5751 Alludit
3221 5697 3283 5748 ad
3304 5695 3417 5749 lucc
3447 5693 3688 5770 Apostoli
3712 5692 3901 5755 verba,

2326 5765 2590 5836 Boni/iv,
2624 5765 2715 5836 ‘25,
2749 5788 2764 5820 ι
2804 5769 3054 5824 Traditus
3074 5775 3149 5822 est
3178 5775 3392 5837 propter
3429 5765 3621 5820 delicta
3644 5773 3844 5819 nostra.
3871 5775 3898 5815 ι
