4038 6338
253 354 342 410 125

1193 339 1196 344 ’
1285 363 1544 421 omne
1583 365 1752 425 xxx.
1798 397 1862 407 —-
1900 368 2334 427 TllEOLOGICA
2375 371 2462 426 ιν.

3384 379 3484 438 liti

246 468 465 538 νάμενον
497 468 693 534 σώζειν
724 471 886 525 αὐτὸν
914 471 977 525 ὲκ
1017 473 1274 540 Θανάτου,
1309 479 1402 531 καὶ
1429 479 1690 546 ἀγωνίας,
1724 481 1817 533 καὶ

1921 484 2023 550 his,
2060 500 2178 554 quae
2211 500 2398 554 passus
2445 495 2548 552 est,
2579 488 2944 544 obedientiam
2989 490 3246 547 didicisse
3291 495 3484 550 scribi-

245 559 508 630 θρόμ6ων,
544 561 638 614 καὶ
686 565 1024 634 προσευχῆς,
1064 567 1159 620 καὶ
1197 569 1252 620 εἴ
1285 587 1337 621 τι
1379 571 1506 624 ἄλλο
1542 572 1811 625 τοιοῦτον·

244 654 282 703 εἰ
305 651 379 720 μὴ
402 654 540 704 πᾶσι
574 653 840 724 πρόδηλον
867 651 954 726 ῆν,
996 658 1078 710 ὅτι
1110 660 1238 728 περὶ
1275 661 1386 730 (59)
1416 662 1477 714 τὸ
1514 663 1720 732 πάηον
1749 663 1816 716 τά

241 744 455 797 τοιαῦτα
483 745 592 798 τῶν
626 747 929 817 ὀνομάτων,
960 750 1021 802 οὐ
1053 751 1180 821 περ).
1209 750 1308 822 τὴν
1335 751 1603 823 ἄτρεπτον
1629 753 1812 823 φύσιν,

242 834 449 887 καὶτοῦ
497 836 730 906 πάσχειν
772 839 1125 910 ὑψηλοτέραν.
1175 839 1233 894 ’0
1277 843 1375 912 μὲν
1411 838 1504 896 οῦν
1546 844 1814 914 περὶτῶν

243 925 528 979 ἀντιθέτων
575 927 754 996 λόγος,
789 931 1060 994 τοσοῦτον,
1105 931 1227 984 ὅσον
1273 932 1396 1005 ῥίζα
1429 951 1511 997 τις
1543 931 1681 988 εἶναι
1716 937 1808 989 καὶ

241 1017 532 1088 ὑπόμνημα
559 1017 671 1084 (60)
694 1022 803 1082 τοῖς
833 1020 1334 1094 ἐξεταστικωτέροις
1359 1027 1456 1095 τῆς
1482 1025 1809 1099 τελειοτέρας

240 1108 575 1178 ἐξεργασίας.
608 1110 790 1176 Ἄξιον
819 1111 874 1164 δὲ
919 1113 1072 1175 ἴσως,
1105 1114 1197 1165 καὶ
1236 1116 1346 1176 τοῖς
1394 1117 1808 1186 προειρημένοις

240 1201 546 1264 ἀκόλουθον,
573 1203 708 1272 μηδὲ
735 1204 832 1268 τὰς
859 1205 1226 1275 προσηγορίας
1252 1203 1345 1257 τοῦ
1372 1206 1497 1260 Υίοῦ
1521 1207 1808 1276 παρελθεῖν

239 1293 600 1365 ἀθεωρήτους,
635 1296 835 1360 πολλάς
871 1315 931 1350 τε
959 1297 1121 1360 οῦσας
1148 1298 1280 1363 (61),
1313 1299 1405 1351 καὶ
1436 1298 1578 1351 κατὰ
1601 1299 1810 1352 πολλῶν

239 1385 492 1454 κειμένας
520 1386 631 1438 τῶν
683 1388 814 1459 περὶ
853 1389 1016 1442 αὐτὸν
1052 1389 1354 1458 νοουμένων
1379 1406 1392 1418 ο
1436 1389 1548 1442 ἀλλ’
1575 1392 1810 1460 ἑκάστην

239 1477 433 1538 αὐτῶν,
457 1478 486 1531 ὃ
511 1479 560 1530 τί
589 1497 718 1532 ποτε
745 1479 1017 1548 βούλεται,
1045 1480 1413 1551 παραστῆσαι,
1435 1483 1530 1536 καὶ
1551 1483 1719 1547 δεῖξαι
1749 1483 1810 1536 τὸ

239 1569 336 1620 τῶν
369 1570 655 1640 ὀνομάτων
687 1573 1006 1642 μυστήριον.

1923 584 2007 626 ιιιι·
2030 574 2094 636 ⁸³,
2129 574 2194 628 de
2232 575 2538 630 sacerdotio
2557 576 2602 607 “
2627 578 2779 642 item,
2808 564 2860 633 et
2892 579 3165 635 oblatione
3183 583 3250 646 ⁸⁸,
3277 593 3332 638 et
3373 595 3483 637 tra-

1918 662 2121 716 ditione
2144 663 2209 728 ⁵⁸,
2248 673 2302 716 et
2327 663 2570 720 oratione
2596 666 2662 719 ad
2713 682 2835 721 eum
2885 669 2975 738 qui
3007 684 3036 722 a
3067 681 3240 727 morte
3261 673 3481 728 salvum

1920 768 2040 807 eum
2091 752 2270 808 facere
2313 763 2562 824 poterat;
2598 756 2664 809 ad
2699 757 2814 812 haec
2847 754 2914 812 de
2945 761 3157 831 agonia,
3190 773 3242 816 et
3271 765 3484 834 sangui-

1916 858 2017 896 neo
2049 845 2266 906 sudore,
2299 853 2461 912 atque
2491 843 2737 898 oratione
2760 845 2829 910 ⁸⁷,
2863 855 2915 900 et
2945 848 2989 902 si
3025 850 3150 918 quid
3175 851 3481 922 aliudejus-
3529 869 3535 900 1

1915 936 2034 988 dem
2078 945 2160 988 est
2207 935 2445 1006 generis,
2475 945 2809 1003 pertractare
2840 955 2854 990 :
2886 940 2985 994 nisi
3021 941 3192 996 cuivis
3230 943 3474 1012 explora-

1915 1035 2024 1078 tum
2059 1037 2223 1090 esset,
2270 1025 2574 1094 huiusmodi
2616 1029 2830 1083 nomina
2869 1032 3183 1100 perpetienti
3234 1034 3482 1088 humani-

1917 1117 2010 1169 tati
2041 1117 2383 1171 attribuenda
2409 1131 2552 1180 esse,
2591 1131 2694 1171 non
2730 1127 2908 1172 autem
2947 1119 3265 1176 immutabili
3291 1123 3362 1178 illi
3385 1140 3482 1178 na-

1919 1219 2068 1268 turae,
2118 1214 2281 1274 atque
2335 1206 2479 1260 omni
2529 1205 2716 1261 dolore
2762 1217 2816 1262 et
2869 1209 3112 1262 cruciatu
3158 1210 3478 1267 sublimiori.

1913 1299 2036 1352 llaec
2068 1299 2252 1362 habui,
2299 1313 2416 1367 quae
2439 1299 2505 1353 ad
2533 1299 2812 1354 diluendas
2846 1300 3284 1356 adversariorum
3319 1303 3479 1374 552

1911 1389 2242 1456 objeetioues
2297 1389 2571 1454 alierrem,
2620 1399 2698 1456 ut,
2742 1391 2883 1446 velut
2928 1391 3128 1446 radicis
3171 1393 3476 1462 cujusdam,

1915 1495 1976 1535 ac
2005 1481 2422 1536 sulnuunitionis
2453 1482 2645 1546 instar,
2676 1483 2740 1536 iis
2779 1483 2910 1547 sint,
2944 1483 3033 1552 qui
3071 1483 3261 1552 majori
3303 1484 3474 1552 inqui-

1909 1572 2058 1625 rendi
2099 1571 2310 1625 solertia
2357 1573 2565 1640 praediti
2617 1583 2762 1639 sunt,
2815 1574 2881 1629 ad
2919 1577 3162 1628 eamdem
3204 1576 3480 1632 materiem

239 1659 441 1728 plenius
501 1663 851 1734 exaetiusque
889 1666 1340 1733 pertractandam.
1403 1666 1592 1736 Opera:
1621 1666 1847 1735 pretium
1889 1673 2068 1719 autem
2101 1663 2348 1728 fortasse,
2382 1664 2706 1735 minimeque
2731 1671 2798 1719 ab
2834 1667 2920 1732 iis,
2959 1682 3075 1736 qua:
3122 1668 3270 1736 prius
3339 1668 3480 1720 dixi-

239 1767 374 1816 mus,
439 1754 674 1808 alienum
741 1755 922 1820 fuerit,
961 1773 1079 1810 cum
1149 1756 1312 1810 multa
1343 1757 1451 1812 sint
1488 1758 1605 1810 Filii
1659 1759 1898 1824 nomina,
1937 1764 1990 1809 et
2023 1753 2225 1816 multis,
2268 1769 2387 1821 quae
2427 1753 2492 1808 de
2531 1771 2595 1809 eo
2637 1755 3018 1825 intelligantur,
3062 1757 3330 1826 imposita,
3370 1757 3478 1812 btet

239 1849 351 1902 sine
414 1849 780 1917 speculatione
822 1866 925 1904 non
977 1852 1278 1920 praeterire;
1325 1867 1510 1906 verum
1576 1853 1701 1921 quid
1765 1866 1990 1921 quaeque
2042 1849 2328 1918 appellatio
2370 1848 2472 1902 sibi
2527 1849 2671 1916 velit,
2727 1850 3020 1916 declarae,
3093 1867 3156 1906 ac
3204 1851 3482 1922 mysticam

240 1940 342 1993 vim
373 1942 651 1994 ltOminttnt
682 1941 971 2009 explicare.

305 2034 406 2085 lZ'.
447 2032 702 2103 Ἀρκτέον
748 2033 805 2086 δὲ
847 2035 976 2102 ἡμῖν
1031 2033 1297 2088 ἐντεῦθεν.
1343 2033 1415 2086 Τὸ
1453 2035 1604 2086 Θεῖον
1655 2035 1818 2087 ἀκατ-

1997 2031 2155 2086 XVII.
2200 2031 2334 2088 Hinc
2376 2050 2534 2104 porro
2567 2033 2776 2088 initium
2833 2034 3134 2088 ducendum
3184 2036 3308 2091 erit.
3340 2036 3482 2092 Deus

239 2123 552 2192 ονὸμαστον·
581 2123 847 2176 καὶτοῦτο
866 2123 1136 2194 δηλοῦσιν,
1169 2125 1264 2194 οὐχ
1293 2127 1339 2177 oi
1362 2124 1608 2196 λογισμοὶ
1636 2125 1814 2196 μόνον,

243 2213 373 2266 ἀλλὰ
415 2215 512 2266 καὶ
559 2213 824 2286 Ἑϐραίων
867 2217 916 2266 οί
970 2214 1268 2284 σοφώτατοι
1321 2217 1412 2269 καὶ
1445 2216 1814 2280 παλαιότατοι,

241 2306 359 2357 ὅσον
392 2303 635 2370 εἰκάζειν
666 2305 872 2358 ἔδωκαν
894 2305 1024 2376 (6‘2).
1053 2309 1116 2358 Οί
1142 2307 1249 2378 γὰρ
1271 2308 1645 2379 χαρακτῆρσιν
1671 2307 1817 2372 ἰδίοις

243 2395 302 2448 τὸ
340 2395 487 2448 θεῖον
524 2398 874 2466 τιμήσαντες,
911 2396 1003 2449 καὶ
1036 2396 1155 2449 οὐδὲ
1187 2399 1507 2468 γράμμασιν
1541 2398 1649 2468 (63)
1682 2399 1815 2451 ἀνα-

247 2488 493 2558 σχόμενοι
527 2491 642 2551 τοῖς
681 2487 864 2552 αὐτοῖς
903 2487 1030 2540 ἄλλο
1079 2505 1129 2540 τι
1181 2489 1486 2560 γράφεσθαι
1529 2489 1635 2542 τῶν
1680 2488 1817 2559 μετὰ

245 2578 393 2641 Θεὸν,
422 2577 519 2629 καὶ
550 2577 704 2639 Θεὸν,
742 2577 816 2639 ὡς
850 2577 968 2631 δέον
989 2575 1348 2646 ἀκοινώνητον
1373 2571 1624 2630 εἶναικαὶ
1653 2577 1814 2648 μέχρι

245 2668 431 2720 τούτου
469 2666 533 2719 τὸ
581 2665 734 2718 Θεῖον
780 2667 890 2728 τοῖς
928 2665 1236 2736 ἡμετέροις,
1279 2663 1408 2716 πότε
1457 2663 1522 2717 ἂν
1574 2662 1816 2728 δέξαιντο

245 2758 476 2829 λυομένη
513 2756 626 2827 (64)
657 2758 808 2827 φωνῇ
855 2754 1142 2826 δηλοῦσθαι
1180 2755 1278 2826 τὴν
1318 2755 1510 2809 ἄλυτον
1539 2754 1696 2824 φύσιν
1723 2754 1816 2807 καὶ

250 2852 594 2918 mago-am;
625 2849 762 2903 Οῦτε
789 2848 899 2920 γάρ
931 2848 1068 2920 ἀέρα
1109 2866 1190 2913 τις
1237 2849 1494 2902 ἔπνευσεν
1540 2849 1660 2902 ὅλον
1703 2846 1816 2901 πώ-

249 2963 394 3008 ποτε,
432 2943 562 2998 οὔτε
593 2942 780 2996 οὐσίαν
831 2941 964 2994 Θεοῦ
1009 2941 1312 3004 παντελῶς,
1361 2941 1393 3012 ἢ
1439 2940 1560 3004 νοῦς
1605 2939 1812 3013 ἐχώρη-

249 3058 332 3093 σεν
357 3039 500 3109 (65),
531 3038 564 3109 ἣ
595 3039 747 3108 φωνὴ
791 3034 1134 3105 περιέλαϐεν.
1169 3033 1306 3086 Ἀλλ’
1336 3035 1401 3087 ὲκ
1429 3032 1534 3085 τῶν
1563 3032 1689 3102 περὶ
1721 3032 1816 3084 αὐ-

245 3131 332 3185 τὸν
379 3129 851 3201 αιαγραφοῦντες
891 3127 958 3180 τὰ
1012 3129 1130 3179 κατ’
1172 3126 1364 3190 αὐτὸν,
1413 3125 1657 3195 ἀμυδρὰν
1694 3141 1814 3177 τινα

248 3227 337 3279 καὶ
385 3223 609 3292 ἀσθενῆ,
667 3220 761 3274 καὶ
799 3219 963 3290 ἄλλην
1020 3218 1115 3270 ἀπ’
1155 3217 1315 3270 ἄλλου
1358 3214 1468 3284 (66)
1513 3215 1814 3284 φαντασίαν

248 3317 596 3385 συλλέγομεν.
626 3314 736 3367 Καὶ
764 3305 916 3375 οὗτος
943 3311 1159 3381 ἄριστος
1185 3311 1314 3379 ἡμῖν
1339 3306 1604 3375 θεολόγος,
1639 3307 1736 3376 οὐχ
1757 3305 1816 3368 ὃς

1921 2124 2066 2176 nullo
2093 2125 2309 2179 nomine
2344 2125 2569 2193 exprimi
2609 2135 2813 2194 potest;
2844 2125 3004 2194 idque
3057 2126 3354 2191 declarant,
3377 2143 3481 2182 non

1923 2216 2082 2269 modo
2138 2216 2596 2279 ratiocinationes,
2634 2215 2728 2270 sed
2780 2215 3120 2270 Hebraeorum
3177 2218 3478 2272 doctissimi

1919 2318 2079 2375 atque
2107 2308 2473 2374 antiquissimi
2516 2309 2740 2376 quique,
2779 2316 3038 2376 quantum
3080 2308 3292 2376 quidem
3331 2309 3480 2363 nobis

1919 2397 2310 2464 conjiciendum
2365 2400 2648 2452 dederunt.
2706 2395 2841 2450 Nam
2893 2400 2980 2467 qui
3049 2400 3284 2467 propriis
3339 2400 3484 2454 notis

1918 2503 2185 2543 stumnum
2241 2490 2367 2544 illud
2413 2506 2607 2546 nomen
2663 2492 3032 2546 honorandum
3095 2493 3385 2557 duxerunt,
3421 2509 3484 2550 ac

1919 2595 1986 2634 ne
2041 2581 2228 2636 iisdem
2284 2583 2500 2651 quidem
2551 2582 2744 2638 litteris
2778 2581 2920 2636 aliud
2971 2583 3222 2652 quiddam
3273 2597 3480 2646 eorum,

1917 2682 2036 2736 quae
2067 2677 2184 2738 post
2221 2669 2384 2724 Deum
2418 2680 2564 2733 sunt,
2597 2685 2660 2724 ac
2694 2669 2860 2726 Deum
2898 2672 3096 2739 ipsum,
3123 2671 3285 2726 scribi
3317 2673 3482 2727 susti-

1919 2771 2150 2816 nuerunt
2195 2763 2472 2832 (tanquam
2525 2763 2736 2818 scilicet
2777 2763 2944 2818 Deum
2978 2764 3080 2817 huc
3114 2764 3274 2818 etiam
3317 2779 3488 2832 usque

1919 2865 1946 2904 a
1975 2866 2150 2906 rerum
2182 2863 2482 2906 nostrarum
2507 2851 2834 2908 commercio
2859 2852 3170 2907 distinctum
3187 2868 3308 2908 esse
3327 2868 3488 2922 opor—

1919 2942 2068 3013 teat),
2105 2943 2382 3012 eequando
2427 2945 2640 2998 tandem
2673 2943 2871 2997 solutili
2900 2957 3030 2997 voce
3061 2952 3308 2998 naturam
3343 2944 3486 2998 illam

1921 3033 2268 3095 insolutilem,
2315 3047 2412 3087 nec
2438 3048 2557 3088 cum
2596 3032 2718 3088 aliis
2746 3046 3083 3087 communem
3111 3031 3362 3100 explicari
3390 3047 3489 3102 pa-

1920 3123 2195 3178 terentur?
2231 3122 2688 3190 Quemadmodum
2707 3123 2846 3177 enim
2873 3137 3031 3176 nemo
3065 3131 3168 3186 est,
3190 3122 3280 3192 qui
3308 3135 3488 3176 aerem

1921 3223 2089 3269 totum
2142 3231 2372 3283 unquam
2432 3215 2722 3269 hauserit:
2782 3215 2851 3268 ita
2917 3213 3009 3268 Dei
3068 3223 3331 3280 naturam,
3393 3228 3491 3267 nec

1923 3319 2073 3359 mens
2108 3320 2340 3373 unquam
2375 3303 2480 3358 ulla
2519 3319 2744 3373 prorsus
2776 3304 3043 3371 concepit,
3075 3317 3174 3356 nec
3218 3319 3319 3356 vox
3375 3300 3482 3355 ulla

248 3401 370 3478 εὗρε
396 3374 613 3460 ’τὺ-πᾶν.
645 3402 765 3454 οὐδὲ
795 3401 903 3475 γὰρ
927 3374 1141 3469 δέξεται
1174 3374 1234 3448 τῦ
1263 3397 1370 3447 πᾶν
1397 3397 1424 3448 ὁ
1463 3393 1658 3462 δεσμὸς
1683 3374 1813 3462 (67),

1920 3395 2192 3460 complexa
2223 3403 2321 3448 est.
2355 3393 2550 3448 Verum
2598 3395 2770 3463 ipsum
2827 3409 2892 3448 ex
2944 3395 3046 3456 his,
3083 3408 3200 3462 qua:
3261 3393 3314 3446 in
3370 3392 3487 3461 ipso

248 3500 358 3552 ἀλλ’
391 3499 452 3561 ὃς
496 3496 563 3550 ἂν
598 3495 708 3566 (68)
751 3492 911 3547 ἄλλου
959 3491 1236 3561 φαντασθῇ
1286 3489 1465 3550 πλέον,
1505 3488 1598 3540 καὶ
1637 3485 1817 3538 πλεῖον

249 3592 301 3643 ὲν
324 3587 505 3659 ἑαυτῷ
538 3585 819 3657 συναγάγῃ
843 3583 904 3636 τὺ
930 3582 1027 3652 τῆς
1058 3579 1312 3651 ἀληθείας
1343 3576 1589 3646 ῐνὸαλμα,
1615 3575 1648 3644 ἣ
1682 3574 1816 3626 ἀπο-

253 3685 510 3754 σκίασμα,
543 3681 575 3752 ἧ
609 3681 638 3734 ὃ
663 3697 716 3732 τι
746 3678 841 3732 καὶ
863 3676 1200 3747 ὀνομάσομεν
1223 3672 1358 3745 (69).

1913 3498 2058 3552 sunt,
2097 3490 2502 3552 adumbrantes.
2532 3490 2817 3544 obscuram
2841 3487 3128 3557 quamdam
3167 3494 3223 3540 et
3251 3484 3491 3539 imbecil-

1913 3580 2038 3648 lem,
2075 3591 2238 3651 atque
2277 3580 2436 3634 aliam
2483 3595 2550 3632 ex
2603 3578 2716 3633 alio
2767 3578 3001 3647 speciem
3051 3576 3370 3646 colligimus.
3411 3576 3490 3630 Ac

1920 3671 2402 3740 praestantissimus
2446 3671 2536 3725 hic
2587 3669 2725 3737 apud
2771 3684 2872 3723 nos
2897 3668 3178 3738 theologus
3203 3677 3475 3730 censetur,

254 3791 355 3830 non
409 3775 504 3845 qui
563 3775 616 3826 in
666 3781 861 3836 totum,
909 3770 1035 3838 quid
1078 3767 1217 3824 Deus
1266 3768 1358 3830 sit,
1389 3763 1683 3830 invenerit;
1721 3778 1819 3818 nec
1855 3763 1998 3818 enim
2062 3764 2336 3818 vinculum
2377 3779 2571 3834 capere
2621 3764 2722 3818 hoc
2765 3771 2932 3818 totum
2985 3769 3198 3830 potest;
3239 3762 3332 3815 sed
3395 3760 3488 3830 qui

254 3867 567 3936 ampliorem
615 3863 790 3933 ipsius
838 3860 1074 3930 speciem
1127 3867 1305 3912 mente
1370 3850 1703 3924 conceperit,
1770 3853 2110 3926 ampliusque
2167 3855 2413 3910 veritatis
2473 3853 2844 3918 simulacrum,
2881 3852 2964 3908 vel
2994 3852 3488 3915 adumbrationem,

255 3960 331 4012 vel
358 3973 686 4028 quocunque
716 3957 932 4010 tandem
963 3955 1068 4008 alio
1097 3952 1357 4009 vocabulo
1385 3951 1460 4005 uti
1497 3950 1616 4019 quis
1642 3949 1813 4015 malit,
1854 3949 1906 4003 in
1939 3951 2117 4020 seipse
2154 3950 2457 4018 collegerit.

318 4056 422 4109 IH'.
457 4055 623 4107 Ὅσον
649 4053 693 4106 δ’
719 4047 811 4105 οὖν
845 4053 908 4105 ὲκ
934 4050 1042 4104 τῶν
1073 4052 1202 4120 ἡμῖν
1237 4045 1491 4116 ἐφικτῶν,
1529 4049 1560 4098 ό
1597 4045 1698 4115 μὲν
1719 4043 1823 4107 ὢν,

257 4151 343 4202 καὶ
381 4152 412 4202 o'
452 4145 622 4212 Θεὸς,
671 4143 868 4214 μᾶλλόν
905 4160 1021 4205 πως
1067 4142 1166 4213 τῆς
1199 4140 1382 4203 οὐσίας
1424 4137 1694 4207 ὀνόματα·
1734 4136 1826 4188 καὶ

257 4241 452 4296 τούτων
482 4239 706 4311 μᾶλλον,
735 4241 766 4292 ὀ
791 4238 902 4291 ὢν·
933 4237 993 4290 οῦ
1032 4235 1189 4306 μόνον
1217 4236 1300 4287 ὅτι
1324 4231 1401 4301 τῷ
1436 4230 1660 4284 Μωῡσεῖ
1690 4244 1826 4300 χρη-

261 4335 494 4405 ματίζων
529 4333 624 4384 ἐπὶ
666 4330 758 4384 τοῦ
794 4331 972 4401 ὅρους,
1009 4329 1104 4381 καὶ⁹
1132 4327 1229 4398 τὴν
1263 4326 1452 4396 κλῆσιν
1487 4321 1822 4392 ἀπαιτούμε-

257 4441 359 4487 νος,
383 4425 420 4494 ἦ
458 4423 570 4492 (70)
621 4422 704 4486 τίς
744 4437 871 4474 ποτε
925 4420 1032 4487 εἴη,
1079 4416 1238 4471 τοῦτο
1281 4416 1574 4485 προσεῖπεν
1612 4412 1822 4475 ἑαυτὸν,

270 4514 428 4568 Ὀὥθν
451 4512 798 4569 ἁπέσταλκέ
823 4529 917 4581 με,
945 4510 1022 4581 τῷ
1050 4509 1164 4580 λαῷ
1197 4506 1457 4570 κελεύσας
1485 4506 1685 4557 εἰπεῖν·
1713 4503 1824 4556 ἀλλ’

326 4655 552 4710 "Hebr.
586 4669 638 4718 v,
678 4654 711 4707 9
744 4663 794 4706 et.
823 4666 936 4718 seq.
1012 4650 1057 4681 “
1081 4648 1242 4702 Hebr.
1275 4662 1366 4713 vn,
1398 4648 1416 4699 l
1459 4662 1576 4715 sqq.

327 4747 438 4810 (59)
475 4744 638 4812 Περί.
668 4743 826 4795 Deest
863 4741 914 4793 in
950 4737 1377 4812 pluribusBcgg.
1421 4747 1476 4789 et
1513 4735 1659 4790 Coll).

328 4809 438 4886 (60)
482 4809 842 4886 Ὑέτόμιλημίι.
881 4831 912 4886 «Δ
939 4809 1504 4886 Connnonitnriunt.3.
1570 4873 1583 4886 .
1783 4873 1793 4882 .

328 4874 814 4956 (sleHOdeC-jts
846 4881 1056 4944 οὔσας.
1091 4890 1193 4931 etc.
1215 4877 1364 4956 _l3ill.:
1396 4895 1412 4926 ι
1462 4874 1680 4956 Neoipsa
1707 4874 1825 4956 qui-

260 4944 376 5026 dem
423 4944 547 5008 Filii
607 4944 844 5028 nomina,
881 4967 1000 5028 quae
1037 4951 1288 5028 et_multa
1315 4958 1390 5028 et
1425 4944 1602 5025 multis
1651 4944 1828 5028 rebus,

261 5020 373 5100 quia:
407 5037 586 5079 mente
617 5033 778 5090 atque
802 5020 1148 5090 intelligentia
1185 5020 1529 5088 percipimus,
1571 5020 1822 5082 imposita

261 5104 760 5236 sulgé),'ggexar.
797 5159 887 5215 Sic
941 5158 1096 5213 codd.
1156 5155 1408 5210 Mendose
1448 5155 1499 5208 in
1547 5153 1664 5215 ed.,
1719 5151 1830 5204 ἕδο-

261 5255 440 5372 ἰα(65)
474 5305 850 5372 Γράμμασιν.
891 5298 994 5372 illic
1036 5306 1190 5363 .‘t‘ftﬁ,
1239 5296 1290 5350 id
1332 5303 1433 5358 est,
1481 5312 1498 5344 ι
1538 5291 1774 5353 Jehova,
1814 5311 1830 5340 ι

260 5371 608 5443 intelligitur.
641 5371 844 5443 Nomen
887 5371 1026 5424 istud
1061 5387 1080 5418 ι
1124 5373 1637 5443 ιυιιιιειιιιιιιιιίιιιξει,
1676 5375 1829 5443 tuseu

262 5466 281 5497 ι
318 5431 555 5514 quarunt:
597 5441 804 5514 litteris
850 5449 1125 5514 constans,
1153 5453 1189 5487 ι
1250 5431 1490 5514 νόοιιιιιι.
1546 5431 1834 5514 Ῠὸιειιίιίριιι

264 5534 285 5567 ι
317 5507 438 5577 ens,
478 5534 495 5566 ι
527 5512 608 5565 vel
644 5530 663 5562 ι
694 5511 959 5564 exsistens
987 5509 1054 5560 ab
1078 5517 1278 5559 :eterno
1305 5513 1360 5559 el.
1395 5507 1446 5577 in
1488 5513 1772 5577 internum.
1807 5518 1825 5548 ι

260 5573 437 5640 Tanta
468 5591 589 5634 erat
622 5583 760 5650 apud
793 5578 1049 5650 Hebrmos
1085 5577 1252 5650 istius
1283 5573 1532 5650 _n0_minis
1583 5584 1830 5624 reveren-

261 5656 354 5716 tia,
403 5668 462 5706 ιιι
506 5653 578 5704 ab
609 5645 727 5718 r-j'us
761 5648 1202 5720 pronuntiatione
1245 5645 1596 5720 abstinentes,
1641 5655 1830 5720 preco

261 5710 510 5792 legebant
556 5710 714 5782 uin,
753 5710 775 5769 ἰ
820 5718 1045 5792 ᾼιΙΟιιιιί.
1088 5714 1300 5792 _o_llnnc
1327 5715 1497 5791 locum
1532 5713 1608 5790 sic
1658 5710 1830 5792 reddit

265 5780 663 5852 LEuvenlzlaius
693 5780 708 5843 ι
747 5808 764 5840 ι
807 5790 882 5843 Ac
910 5804 977 5842 ne
1012 5787 1223 5857 quidem
1265 5784 1588 5854 permiserit,
1629 5791 1685 5835 ut
1729 5780 1822 5832 ali-

1656 4643 1698 4674 “
1732 4643 1886 4697 Rom.
1927 4653 1998 4698 IV,
2027 4635 2118 4688 9.5.

1863 4735 1904 4788 1)
1934 4725 2060 4793 quid
2090 4738 2298 4784 eorum,
2338 4737 2456 4790 quae
2483 4731 2602 4774 sunt
2635 4720 2926 4793 secundum
2955 4717 3143 4781 Deum,
3191 4716 3375 4770 iisdem
3413 4713 3500 4770 lit-

2005 4044 2189 4101 XVIII.
2233 4046 2502 4113 Quantum
2537 4058 2666 4116 ergo
2710 4042 2866 4098 nobis
2914 4043 3132 4111 assequi
3180 4055 3494 4096 concessum

1933 4147 2037 4203 est,
2100 4137 2230 4202 Em,
2279 4146 2334 4192 et
2373 4137 2532 4201 Deus,
2594 4135 2764 4206 magis
2818 4132 3212 4204 quodammodo
3252 4132 3498 4187 essentia:

1933 4227 2148 4282 nomina
2185 4237 2346 4293 sunt;
2385 4242 2447 4281 ex
2499 4227 2672 4294 iisque
2709 4226 2872 4280 etiam
2911 4221 3033 4288 vdit,
3089 4222 3224 4288 Em,
3264 4221 3328 4274 ad
3377 4235 3497 4275 eam

1933 4319 2270 4373 indicandam
2333 4320 2507 4387 aptior
2565 4329 2684 4382 est;
2717 4332 2822 4370 non
2870 4315 2971 4369 hoc
3026 4314 3198 4368 solum
3260 4312 3494 4374 nomine,

1936 4413 2076 4481 quod
2105 4412 2245 4482 ipse,
2292 4425 2412 4464 cum
2459 4410 2622 4481 llluysi
2660 4411 2712 4463 in
2755 4417 2937 4462 monte
2995 4405 3269 4460 oraculum
3295 4405 3498 4466 ederet,

1934 4499 2428 4569 qumreretqueille,
2459 4513 2566 4566 quo
2597 4497 2812 4552 nomine
2833 4503 3138 4557 vocaretur,
3172 4493 3246 4546 ita
3266 4493 3499 4560 seipsum

2197 4634 2243 4666 ⁸⁵
2265 4631 2440 4687 Galat.
2468 4648 2526 4694 ιι,
2557 4631 2646 4684 20.
2725 4630 2766 4661 ⁸⁷
2799 4629 2931 4684 an.
2958 4642 3094 4686 ml,
3117 4627 3184 4680 44
3214 4640 3327 4694 seq.

1943 4790 2072 4848 teris
2111 4793 2460 4854 scriberetur,
2499 4793 2692 4857 quibus
2728 4790 2818 4844 Dei
2840 4804 3052 4842 nomen.
3086 4805 3102 4837 ι

2009 4864 2120 4932 (61)
2161 4864 2460 4932 Λυομέυνῃ.
2500 4854 2528 4912 ι’
2554 4862 2664 4915 Vux
2690 4901 2704 4924 ,
2747 4879 2763 4911 ι
2801 4857 3165 4932 inquilElias,
3201 4873 3218 4906 ι
3262 4854 3487 4932 dissolvi-

1945 4925 2029 4988 tur
2063 4925 2112 4986 in
2147 4925 2516 5004 syllabam-vel
2550 4931 2839 4991 eleim-nta,
2873 4925 2953 4982 vel
2992 4929 3044 4980 in
3081 4940 3257 4981 aerem
3303 4925 3505 4992 spargi-

1934 5014 2038 5057 tur.
2067 5023 2085 5053 ι

2005 5074 2118 5141 (65)
2146 5072 2509 5142 Ἐχώρησεν.
2540 5071 2724 5124 Plures
2757 5069 2923 5138 chg.
2966 5079 3022 5120 et.
3048 5065 3308 5128 Colbert.,
3345 5061 3492 5132 κεχώ

2011 5161 2122 5196 κεν.

2165 5214 2396 5280 ’Ἄλλην
2433 5211 2532 5284 ἀπ’
2557 5210 2772 5264 ἄλλου.
2823 5208 2984 5263 Coisl.
3019 5207 3074 5272 1,
3101 5204 3266 5272 ἄλλην
3287 5203 3380 5255 ἀπ’
3413 5200 3508 5255 ἄλ-

1943 5283 2061 5354 λης,
2092 5283 2118 5333 ι
2153 5285 2311 5335 aliam
2341 5298 2401 5334 rx
2430 5283 2551 5354 alia.
2583 5299 2602 5330 ι

2014 5354 2126 5424 (67)
2153 5354 2399 5424 ᾼεσμός.
2436 5348 2795 5424 «‘Vinculum,
2833 5365 2853 5399 ι
2887 5347 2952 5424 ‘id
2989 5357 3105 5424 est,
3163 5363 3181 5394 ι
3224 5356 3446 5424 carptus,
3486 5356 3508 5424 ι

1938 5413 2119 5492 inquit
2148 5413 2313 5486 Elias,
2347 5413 2370 5471 ἱ
2404 5421 2486 5474 cui
2508 5421 2718 5473 animus
2747 5417 2900 5487 quasi
2935 5417 3164 5486 quodam
3197 5413 3404 5464 vinettlu
3427 5418 3511 5461 est

1935 5493 2323 5562 cepulatns.y
2410 5558 2449 5562 _
2570 5557 2604 5562 _
3006 5553 3110 5562 an
3207 5548 3228 5562 _
3299 5548 3310 5562 η

2007 5547 2120 5628 (68)
2153 5565 2256 5628 Ὃς
2287 5561 2382 5614 ἄν.
2409 5558 2543 5612 Τιηέ
2570 5557 2738 5626 Regg.
2769 5572 2830 5628 ac
2871 5565 2980 5609 tres
3001 5553 3176 5628 βυιιιτ,
3204 5548 3263 5612 ὃς
3295 5547 3409 5601 ἐὰν.

2006 5622 2118 5699 (69)
2157 5622 2580 5700 Ὀιλομάσομε-ν.
2611 5628 2652 5680 Τ
2661 5622 2746 5700 res
2769 5627 2958 5698 Ri-gg.,
2993 5622 3368 5692 ὀνομάσωμεν.

2005 5697 2118 5774 (70)
2148 5702 2244 5756 ”Η.
2280 5697 2314 5758 l.‘
2329 5718 2426 5756 nus
2472 5701 2625 5770 lleg.,
2652 5697 2718 5751 εἰ.
