4038 6338
575 317 674 371 127

1792 317 1848 374 5.
1891 317 2220 376 GREGORII
2259 319 2603 378 THEOLOGI

3723 323 3826 375 198

589 433 896 504 appellavit,
941 433 1155 488 edicens
1196 433 1444 488 videlicet
1479 434 1549 499 ei,
1594 441 1652 486 ut
1691 433 1758 488 ad
1782 433 2030 502 populum
2056 433 2142 489 bis

2275 453 2327 487 τι
2367 437 2461 488 καὶ
2494 435 2831 507 κυριωτέραν
2865 435 3062 507 ταύτην
3105 435 3447 505 εὑρίσκομεν.
3487 434 3548 485 'l-l
3586 435 3686 503 μὲν
3716 433 3829 503 γὰρ

581 527 758 583 verbis
791 537 1076 582 uteretur:
1111 527 1215 592 Qui
1265 537 1362 594 est,
1409 527 1547 580 misit
1604 541 1682 580 me
1703 525 1779 591 “3;
1836 527 1930 580 sed
1984 527 2144 580 etiam

582 619 708 686 quia
738 633 930 674 nomen
957 617 1083 672 illud
1105 618 1278 688 magis
1317 619 1590 688 proprium
1616 631 1736 672 esse
1757 617 2144 686 comperimus.

584 709 838 774 Quamvis
859 708 1016 778 553
1040 709 1181 763 enim
1213 708 1313 762 Dei
1335 725 1460 775 vox,
1493 709 1575 764 vel
1603 723 1634 761 a
1665 709 1831 764 verbo
1871 707 2037 773 θέειν,
2068 708 2152 763 vel

585 801 651 872 ab
667 798 858 864 αῑθειν,
877 792 933 853 ut
960 808 1148 868 putant
1171 800 1260 868 qui
1287 800 1340 854 in
1368 800 1470 855 hoc
1498 814 1695 870 genere
1717 798 1818 852 sibi
1849 799 1970 853 sciti
1995 809 2155 866 atque

583 891 756 960 arguti
779 891 1048 954 videntur,
1081 891 1183 946 hoc
1207 899 1310 954 est,
1341 907 1370 944 a
1397 890 1675 955 currendo,
1712 889 1797 944 vel
1829 889 1897 942 ab
1928 889 2149 950 urendo,

586 979 852 1034 rationem
886 981 1113 1050 originis
1139 995 1253 1035 suae
1293 982 1472 1046 ducat,
1499 989 1719 1050 propter
1753 988 1931 1034 motus
1956 992 2154 1048 perpe-

587 1072 852 1136 tuitatem,
883 1081 936 1127 et
979 1073 1120 1141 quod
1164 1072 1384 1128 vitiosos
1421 1073 1634 1126 habitus
1692 1079 1974 1126 consumat
2003 1071 2150 1139 (nam

587 1163 713 1219 hinc
741 1179 955 1234 quoque
983 1165 1120 1235 ignis
1151 1179 1473 1220 consumens
1522 1163 1830 1235 dicitur”),
1869 1176 1936 1217 ex
1964 1177 2152 1219 eorum

589 1263 769 1308 tamen
803 1271 1026 1310 numero
1055 1266 1162 1321 est,
1193 1271 1314 1326 quae
1345 1258 1410 1311 ad
1445 1255 1646 1325 aliquid
1687 1255 2023 1318 referuntur,
2053 1268 2152 1308 nec

589 1346 757 1400 libera
793 1356 848 1401 et
870 1349 1112 1402 absoluta
1141 1357 1255 1414 est;
1285 1347 1734 1417 quemadmodum
1767 1361 1868 1401 nec
1899 1361 1998 1400 vox
2029 1347 2150 1411 ista,

586 1435 867 1504 Dominus,
908 1454 1027 1509 qua:
1078 1439 1177 1493 Dei
1233 1454 1445 1510 quoque
1496 1452 1690 1493 nomen
1757 1451 1879 1492 esse
1933 1437 2150 1491 dicitur.

589 1523 703 1596 Ego
731 1529 889 1595 enim,
923 1530 1117 1598 inquit,
1161 1529 1414 1583 Dominus
1448 1527 1589 1583 Deus
1646 1539 1765 1582 tuus
1794 1543 1813 1581 :
1835 1527 1932 1580 hoc
1981 1542 2152 1579 meum

591 1634 778 1673 nomen
807 1621 978 1686 est";
1015 1631 1088 1686 et,
1117 1620 1372 1674 Dominus
1405 1637 1588 1674 nomen
1615 1620 1802 1688 ipsi".
1827 1619 1898 1673 At
1936 1633 2034 1674 nos
2059 1633 2154 1672 na-

2253 527 2345 581 τοῦ
2373 527 2541 592 Θεοῦ,
2569 527 2669 580 κᾶν
2693 528 2798 581 ἀπὸ
2817 527 2910 580 τοῦ
2935 527 3111 590 θέειν,
3137 528 3169 599 ἢ
3193 528 3398 591 αἴθειν,
3429 525 3828 596 ἡτυμολόγηται

2255 622 2366 682 τοῖς
2401 620 2531 690 περὶ
2559 618 2734 674 ταῦτα
2762 619 3012 689 κομψοῖς,
3056 619 3144 672 διὰ
3178 620 3238 671 τὸ
3275 619 3581 688 ἀεικίνητον
3619 620 3720 671 καὶ·
3734 617 3831 670 δα-

2256 710 2552 780 πανητικόν
2597 710 2704 764 τῶν
2741 711 3022 782 μοχθηρῶν
3062 710 3249 777 ἕξεων,
3275 711 3366 763 καὶ
3396 709 3506 780 γὰρ
3547 707 3658 778 πῦρ
3698 724 3833 759 κατ-

2255 803 2544 856 αναλίσκον
2593 803 2840 856 ἐντεῦθεν
2890 803 3124 872 λέγεται,
3167 802 3280 856 ἀλλ’
3338 798 3431 855 οὖν
3462 801 3570 855 τῶν
3609 800 3746 871 πρός
3776 816 3832 852 τι

2255 893 2563 964 λεγομένων
2589 895 2726 958 ἐστὶ,
2755 894 2847 947 καὶ
2874 896 2973 948 οὐκ
2990 895 3202 963 ἄφετος·
3227 894 3412 965 ὥσπερ
3436 893 3583 964 καὶὴ
3611 893 3834 960 Κύριος

2261 987 2434 1056 φωνὴ,
2467 984 2641 1056 ὄνομα
2673 981 2810 1039 εἶναι
2853 985 2988 1038 Θεοῦ
3033 985 3128 1038 καὶ
3157 986 3292 1056 αὐτὴ
3341 984 3640 1055 λεγομένηο
3681 982 3834 1050 Ἐγὼ

2258 1076 2386 1146 γὰρ,
2420 1075 2572 1146 φησὶ,
2609 1078 2841 1144 Κύριος,
2893 1079 2926 1130 ό
2975 1078 3118 1141 Θεός
3150 1091 3264 1130 σου
3290 1093 3302 1106 ·
3351 1076 3528 1129 τοῦτό
3559 1091 3679 1144 μου
3715 1071 3831 1143 (71)

2258 1163 2429 1217 ἐστίν
2452 1164 2666 1233 ὄνομαο
2699 1166 2814 1231 καὶ,
2855 1165 3068 1233 Κύριος
3111 1165 3298 1235 ὄνομα
3331 1164 3512 1230 αὐτῷ.
3549 1165 3752 1234 Ἡμεῖς.
3772 1162 3832 1214 δὲ

2260 1252 2420 1322 φύσιν
2451 1252 2830 1326 ἐπιζητοῦμεν,
2931 1256 3042 1326 (72)
3078 1255 3138 1309 τὸ
3182 1251 3321 1308 εῖναι
3362 1253 3482 1308 καθ’
3513 1252 3693 1317 ἑαυτὸ,
3735 1253 3834 1304 καὶ

2261 1347 2360 1398 οὐκ
2398 1347 2541 1418 ἄλλῳ
2585 1348 2996 1419 συνδεδεμένον·
3038 1350 3099 1400 τὸ
3141 1349 3197 1401 δὲ
3225 1347 3283 1401 ὃν
3319 1347 3452 1419 (75),
3504 1347 3632 1400 ἴδιον
3659 1345 3833 1408 ὅντως

2262 1437 2420 1500 Θεοῦ,
2453 1439 2546 1491 καὶ
2575 1438 2713 1504 ὅλον,
2766 1440 2902 1510 μήτε
2945 1439 3024 1511 τῷ
3053 1440 3158 1511 πρὸ
3189 1437 3375 1503 αὑτοῦ,
3418 1439 3552 1509 μήτε
3596 1437 3675 1506 τῷ
3713 1437 3834 1507 μετ’

2257 1529 2437 1592 αὐτὸν,
2471 1531 2533 1582 ού
2574 1529 2683 1602 γὰρ
2724 1526 2814 1602 ἦν,
2848 1532 2881 1601 ἢ
2927 1529 3108 1596 ἔσται,
3150 1529 3551 1602 περατούμενον
3592 1529 3627 1598 ἦ
3676 1543 3838 1597 περι-

2261 1617 2615 1689 κοπτόμενον.

592 1721 764 1767 turam
804 1714 1067 1785 ejusmodi
1100 1716 1452 1784 exquirimus,
1481 1729 1600 1783 quae
1659 1714 1834 1783 ipsum
1892 1727 2012 1769 esse
2060 1728 2155 1782 per
2194 1726 2254 1767 se
2277 1713 2492 1778 habeat,
2531 1728 2594 1769 ac
2622 1729 2726 1768 non
2766 1729 2888 1770 cum
2919 1715 3023 1767 alio
3044 1713 3294 1783 quopiam
3360 1711 3657 1781 copuletur.
3723 1708 3840 1762 Etzs

588 1823 740 1872 vero,
771 1812 1040 1880 proprium
1069 1827 1200 1866 sane
1232 1821 1315 1866 est
1353 1810 1468 1877 Dei,
1505 1824 1569 1866 ac
1615 1818 1808 1876 totum,
1841 1824 1942 1864 nec
1967 1809 2147 1878 priore
2187 1808 2368 1879 aliqua
2399 1826 2475 1874 re,
2523 1826 2621 1866 nec
2684 1811 2980 1881 posteriore
3005 1810 3164 1879 “(nec
3195 1811 3336 1864 enim
3392 1817 3525 1872 erat,
3556 1813 3648 1858 aut
3679 1801 3840 1872 erit),

591 1902 870 1960 deﬁnitum
907 1921 967 1960 ac
993 1906 1390 1962 circumcisum.

664 1997 808 2052 XIX.
851 2000 969 2054 Alia
1011 2011 1188 2056 autem
1236 2001 1451 2056 nomina
1489 2002 1682 2071 partim
1724 2001 2008 2072 potestatis
2040 2015 2160 2057 esse

2336 1998 2435 2052 16’.
2473 1997 2592 2050 Τῶν
2622 1996 2666 2049 δ’
2696 1995 2868 2048 ἄλλων
2909 1993 3304 2065 προσηγοριῶν,
3344 1995 3398 2045 αἱ
3440 1993 3534 2062 μὲν
3563 1992 3659 2060 τῆς
3686 1991 3846 2056 ἐξου-

594 2099 825 2154 constat,
855 2091 1050 2159 partim
1083 2091 1418 2158 teconomiaz,
1446 2099 1500 2145 et
1541 2092 1757 2159 quidem
1783 2091 2045 2161 duplicis;
2085 2091 2160 2145 al-

593 2182 764 2234 terius
807 2181 1060 2236 nimirum
1112 2196 1342 2250 corpore
1387 2181 1738 2247 sublimioris,
1771 2182 1997 2237 alterius
2035 2197 2159 2236 cum

596 2286 820 2340 corpore
857 2271 1179 2340 conjuncta).
1208 2271 1451 2339 Exempli
1481 2286 1667 2336 causa,
1706 2270 2061 2342 Omnipotens
2082 2272 2154 2337 ",

597 2372 652 2418 et
683 2363 816 2428 Rex,
861 2364 940 2416 vel
983 2363 1248 2432 gloriae",
1281 2363 1363 2416 vel
1416 2364 1816 2432 smculorum",
1859 2365 1942 2418 vel
1989 2366 2161 2419 virtu-

602 2457 796 2517 tum",
831 2455 914 2510 vel
960 2454 1226 2521 dilecti",
1262 2455 1342 2510 vel
1375 2455 1789 2526 regnantium".
1816 2455 1945 2508 Item
1987 2453 2167 2508 Domi-

600 2561 701 2600 nus
724 2545 805 2598 vel
846 2545 1086 2601 Sabaoth
1101 2545 1172 2612 ⁷⁸,
1209 2545 1310 2601 hoc
1342 2556 1446 2610 est,
1472 2547 1831 2610 exercituum,
1863 2546 1940 2600 vel
1994 2547 2166 2599 virtu-

602 2639 798 2704 tum",
839 2638 922 2693 vel
971 2639 1362 2693 dominantium
1383 2638 1452 2695 ⁵⁸.
1511 2637 1636 2692 Haec
1692 2639 1811 2692 sine
1867 2637 1970 2690 ulla
2016 2637 2172 2692 dubi-

604 2732 804 2786 latione
837 2731 1131 2802 potentiam
1168 2731 1257 2786 Dei
1313 2731 1624 2786 ostendunt.
1663 2729 1800 2799 Deus
1848 2744 2056 2796 rursus,
2086 2729 2168 2782 vel

602 2825 780 2878 salvos
831 2823 1059 2877 faciendi
1082 2821 1150 2885 ⁸⁸,
1189 2822 1271 2876 vel
1327 2820 1670 2884 ultionum“,
1699 2819 1780 2873 vel
1829 2818 2059 2888 pacis”,
2090 2818 2170 2871 vel

597 2915 897 2985 justitiw“,
927 2915 1008 2969 vel
1040 2913 1292 2978 Abrahae,
1321 2911 1496 2976 Isaac,
1551 2920 1605 2966 et
1654 2908 1822 2965 Iacob
1843 2909 1912 2973 9',
1964 2910 2173 2962 univer-

605 3010 758 3078 sique
819 3006 1114 3075 spiritualis
1167 3003 1399 3070 lsraelis,
1430 3017 1493 3056 ac
1525 3003 1689 3057 Deum
1737 3001 1992 3056 videntis.
2046 2997 2174 3053 Haec

610 3100 794 3166 utique
840 3096 1159 3152 oeconomiae
1233 3104 1358 3148 sunt
1416 3091 1655 3146 nomina.
1709 3089 1972 3156 Quoniam
2029 3087 2172 3142 enim

611 3191 783 3244 tribus
833 3191 918 3244 his
958 3189 1116 3243 rebus
1151 3188 1536 3258 gnbernamur,
1570 3198 1761 3252 nempe
1820 3189 1871 3235 et
1925 3177 2174 3248 Supplicii

611 3291 776 3347 metu,
824 3291 878 3336 et
929 3281 1116 3336 salutis
1142 3280 1438 3351 gloriaeque
1479 3291 1589 3344 spe.
1627 3283 1679 3328 et
1724 3273 1868 3328 cultu
1894 3272 2172 3337 virtutum,

2271 2090 2390 2152 σίας
2421 2089 2526 2142 sici.
2563 2087 2874 2158 προφανῶς,
2911 2087 2966 2138 αί
2999 2085 3054 2139 δὲ
3096 2085 3193 2156 τῆς
3233 2084 3537 2154 οἰκονομίας
3567 2083 3700 2152 (74),
3742 2081 3846 2136 καὶ

2267 2183 2467 2254 ταύτης
2486 2180 2666 2248 διττῆς
2685 2195 2699 2210 ⁸
2726 2178 2825 2248 τῆς
2861 2177 2957 2248 μὲν
2985 2178 3122 2248 ὑπὲρ
3149 2176 3210 2230 τὸ
3238 2176 3414 2246 σῶμα,
3443 2175 3535 2246 τῆς
3559 2175 3615 2227 δὲ
3644 2176 3704 2227 ὲν
3732 2173 3843 2226 σώ-

2271 2292 2399 2345 ματι
2423 2290 2437 2304 ·
2468 2267 2577 2326 οἷον
2623 2273 2651 2324 6
2702 2270 2800 2342 μὲν
2842 2269 3260 2339 Παντοκράτωρ,
3306 2268 3398 2320 καὶ
3427 2269 3456 2320 6
3496 2264 3778 2330 Βασιλεὺς,
3807 2263 3844 2335 ἢ

2267 2365 2367 2434 τῆς
2391 2363 2568 2432 δόξης,
2601 2361 2632 2432 ἢ
2660 2360 2766 2413 τῶν
2787 2358 3019 2422 αἰώνων,
3042 2359 3074 2429 ἥ
3095 2359 3202 2412 τῶν
3222 2358 3523 2429 δυνάμεων,
3546 2357 3578 2428 ἢ
3604 2357 3700 2410 τοῦ
3726 2355 3843 2426 (75)

2270 2452 2576 2522 ἀγαπητοῦ,
2625 2451 2657 2520 ἢ
2719 2449 2825 2503 τῶν
2879 2448 3296 2519 βασιλευόντων
3341 2449 3435 2500 καὶ
3474 2448 3502 2498 ὁ
3549 2445 3774 2516 Κύριος,
3808 2446 3844 2516 ἦ

2272 2543 2498 2600 Σαϐαὼθ
2535 2543 2666 2614 (76),
2696 2544 2832 2614 ὅπερ
2863 2542 2978 2594 ἐστὶ
3019 2539 3305 2612 στρατιῶν,
3337 2538 3370 2610 ἢ
3406 2538 3514 2592 τῶν
3535 2537 3846 2608 δυνάμεων,

2271 2638 2304 2708 ἦ
2334 2637 2442 2688 τῶν
2469 2635 2849 2706 κυριευόντων.
2875 2631 3061 2686 Ταῦτα
3096 2632 3194 2701 μὲν
3227 2631 3410 2700 σαφῶς
3438 2632 3536 2700 τῆς
3568 2631 3846 2698 ἐξουσίας.

2285 2727 2342 2779 '0
2377 2727 2432 2780 δὲ
2462 2727 2628 2790 Θεὸς,
2658 2725 2690 2796 ἢ
2718 2724 2812 2778 τοῦ
2850 2723 3061 2788 σώζειν,
3089 2723 3122 2793 ἢ
3155 2723 3507 2793 ἐκδικήσεων,
3535 2722 3568 2792 ἢ
3598 2722 3847 2806 είρλίξνης,

2274 2816 2306 2886 ἢ
2343 2814 2712 2884 δικαιοσύνης,
2747 2813 2778 2884 ἣ
2818 2813 3090 2884 Ἀϐραὰμ,
3114 2814 3209 2866 καὶ
3255 2812 3459 2878 Ἰσαὰκ,
3498 2814 3589 2865 καὶ
3627 2810 3847 2878 Ἰακὼϐ,

2275 2910 2368 2961 καὶ
2404 2908 2515 2978 (77)
2551 2907 2748 2974 παντὸς
2787 2905 2998 2976 Ἰσραὴλ
3026 2905 3118 2959 τοῦ
3144 2906 3532 2976 πνευματικοῦ,
3558 2908 3652 2960 κα)⁵
3677 2906 3853 2977 ὀρῶνο

2275 2984 2367 3063 τος
2415 2998 2582 3052 Θεόνο
2631 2997 2802 3052 ταῦτα
2845 2997 2902 3050 δὲ
2945 2997 3044 3067 τῆς
3099 2998 3426 3070 οἰκονομίας.
3473 2997 3688 3069 Ἐπειδὴ
3736 2997 3853 3070 γὰρ

2277 3092 2423 3164 τρισὶ
2477 3090 2685 3154 τούτοις
2731 3089 3096 3160 διοικούμεθα,
3151 3091 3258 3143 δέει
3309 3108 3369 3144 τε
3416 3089 3717 3161 τιμωρίας,
3753 3096 3857 3145 καὶ

2281 3183 2553 3252 σωτηρίας
2594 3181 2790 3245 ἐλπίδι,
2825 3182 2961 3252 πρὸς
3001 3181 3057 3234 δὲ
3107 3182 3199 3236 καὶ
3251 3182 3437 3253 δόξης,
3478 3182 3573 3236 κα)¹
3617 3182 3857 3252 ἀσκήσει

2279 3273 2387 3326 τῶν
2418 3272 2648 3344 ἀρετῶν,
2689 3271 2746 3338 ὲξ
2778 3264 2852 3324 ὧν
2886 3271 3058 3325 ταῦτα
3079 3289 3090 3302 ο
3129 3273 3190 3324 τὸ
3239 3273 3336 3342 μὲν
3378 3273 3483 3326 τῶν
3519 3271 3859 3342 ὲκδικήσεων

605 3375 800 3446 quibus
833 3373 948 3427 lucc
977 3378 1396 3440 comparantur;
1433 3367 1694 3421 ultionutn
1741 3363 1957 3434 quidem
2011 3362 2168 3416 nomi-

2278 3365 2448 3435 δνομα
2500 3367 2772 3434 οἰκονομεῖ
2821 3363 2910 3416 τὸν
2953 3364 3144 3433 φόϐον·
3190 3363 3250 3417 τὸ
3281 3363 3338 3417 δὲ
3377 3362 3486 3417 τῶν
3532 3363 3854 3433 σωτηριῶν,

607 3484 698 3534 ne,
733 3477 907 3520 metus
932 3472 1291 3534 procuratur;
1327 3459 1517 3514 salutis
1565 3469 1768 3521 autem,
1799 3470 1960 3525 spes;
2001 3454 2172 3508 virtu-

608 3574 721 3619 tum
756 3563 1006 3630 denique,
1061 3545 1346 3628 probitatis
1399 3555 1637 3610 studium
1679 3558 1782 3603 :ut
1830 3549 1920 3617 qui
1976 3547 2175 3615 aliquid

611 3659 801 3710 horum
843 3651 1166 3720 assequitur,
1207 3647 1427 3716 perinde
1479 3658 1540 3698 ac
1591 3643 1756 3694 Deum
1785 3640 1837 3694 in
1887 3639 2062 3707 seipso
2090 3652 2172 3707 ge-

617 3762 761 3812 rens,
785 3745 852 3798 ad
897 3731 1290 3813 perfectionem
1321 3745 1374 3790 et
1404 3732 1830 3788 familiaritatem
1861 3744 1980 3783 eam
2019 3738 2182 3798 atque

615 3841 1013 3912 cognationem,
1050 3851 1153 3906 qua
1187 3849 1284 3889 nos
1333 3833 1505 3886 virtus
1537 3829 1637 3899 ipsi
1685 3827 1956 3892 conciliat,
1990 3823 2181 3894 majori

616 3932 896 3986 celeritate
959 3928 1200 3983 festinet.
1263 3925 1440 3993 Atque
1501 3923 1615 3976 haec
1671 3919 1928 3975 vocabula
1988 3916 2182 3972 Deitati

618 4023 924 4080 communia
983 4029 1132 4074 sunt.
1181 4018 1462 4087 PrOprium
1519 4023 1697 4068 autem
1725 4012 1862 4082 ejus,
1895 4010 1984 4078 qui
2028 4008 2180 4076 prin-

615 4116 738 4184 cipii
787 4127 978 4181 expers
1028 4119 1132 4176 est,
1190 4124 1404 4172 nomen,
1458 4105 1654 4160 Pater:
1685 4105 1800 4173 ejus
1857 4111 2060 4163 autem,
2089 4097 2178 4167 qui

615 4208 750 4260 citra
805 4204 968 4257 ullum
1017 4200 1338 4270 principium
1395 4198 1605 4267 genitus
1639 4205 1740 4258 est,
1783 4192 1951 4246 Filius
1985 4190 2170 4244 :illius

2277 3455 2377 3525 τὴν
2411 3454 2597 3506 ἐλπίδα
2622 3470 2635 3483 ·
2668 3453 2728 3506 τὸ
2755 3453 2811 3506 δὲ
2844 3452 2952 3506 τῶν
2985 3451 3215 3524 ἀρετῶν,
3247 3452 3344 3524 τὴν
3382 3453 3611 3523 ἄσκησιν
3631 3469 3643 3482 ·
3673 3452 3742 3503 ἵν’
3774 3453 3859 3519 ὡς

2279 3549 2367 3600 τὸν
2395 3547 2526 3599 Θεὸν
2576 3547 2632 3601 ὲν
2678 3545 2856 3616 ἑαυτῷ
2885 3545 3084 3617 φέρων,
3135 3545 3163 3597 6
3205 3545 3408 3597 τούτων
3452 3562 3505 3598 τι
3548 3546 3856 3616 κατορθῶν,

2286 3638 2484 3708 μᾶλλον
2518 3639 2806 3708 ἐπείγηται
2844 3639 2976 3709 πρὸς
3016 3639 3078 3691 τὺ
3115 3638 3334 3704 τέλειον,
3371 3639 3462 3692 καὶ
3494 3639 3593 3711 τὴν
3627 3639 3684 3705 ἐξ
3719 3641 3858 3711 ἀρε-

2281 3730 2388 3782 τῶν
2417 3729 2710 3785 οίκεὶωσιν.
2746 3729 2932 3784 Ταῦτα
2963 3732 3062 3802 μὲν
3089 3727 3182 3785 οὖν
3207 3733 3320 3785 ἐστι
3350 3731 3460 3802 (78)
3485 3731 3638 3786 κοινὰ
3665 3733 3858 3804 θεότη-

2281 3837 2370 3884 τος
2402 3819 2470 3872 τὰ
2495 3821 2754 3890 ὀνόματα.
2791 3821 2950 3874 Ἴδιον
2975 3821 3031 3874 δὲ
3061 3826 3154 3875 τοῦ
3198 3824 3297 3893 μὲν
3340 3824 3594 3896 ἀνάρχου,
3625 3826 3814 3896 Πατήρ
3842 3845 3856 3893 ;

2285 3910 2378 3962 τοῦ
2403 3910 2459 3962 δὲ
2485 3910 2738 3981 ἀνάρχως
2761 3912 3132 3983 γεννηθέντος,
3155 3914 3282 3977 Υίός
3307 3931 3320 3944 ο
3344 3914 3436 3966 τοῦ
3463 3915 3518 3967 δὲ
3544 3917 3859 3987 ἀγεννήτως

2288 4001 2643 4073 προελθόντος
2671 4002 2804 4073 (79),
2837 4004 2870 4075 ἦ
2914 4004 3212 4076 προϊόντος,
3243 4006 3304 4058 τὸ
3335 4005 3558 4076 Πνεῦμα
3587 4007 3648 4058 τὸ
3677 4005 3856 4073 ἅγιον.

2299 4093 2434 4146 Ἀλλ’
2473 4095 2564 4146 ἐπὶ
2596 4095 2696 4158 τὰς
2736 4095 2831 4148 τοῦ
2882 4094 3013 4148 Υἱοῦ
3047 4095 3266 4160 κλίησεις
3299 4096 3558 4169 ἔλθωμεν,
3593 4097 3730 4168 ὅπερ
3749 4095 3861 4167 ὡρ·

2289 4185 2432 4256 μήθη
2466 4185 2646 4254 λέγειν
2674 4189 2702 4240 6
2722 4185 2898 4255 λόγος.

615 4301 866 4366 denique,
899 4295 990 4365 qui
1025 4295 1161 4350 citra
1192 4288 1897 4364 generationemprocessit,
1929 4294 2021 4338 aut
2051 4283 2416 4353 progreditur,
2489 4283 2725 4352 Spiritus
2782 4293 3020 4337 sanctus.
3060 4285 3251 4338 Verum
3300 4290 3364 4338 ad
3427 4283 3545 4339 Filii
3615 4285 3860 4350 nomina,

616 4397 680 4449 de
711 4392 903 4461 quibus
961 4391 1117 4445 nobis
1157 4389 1336 4443 dicere
1383 4386 1710 4456 prepositum
1753 4391 1892 4446 erat,
1943 4379 2280 4434 accedamus.

689 4487 1064 4543 XX.Primum
1086 4500 1212 4556 ergo
1235 4483 1402 4537 Filius
1422 4483 1468 4513 ⁸⁵
1498 4481 1626 4535 mihi
1653 4480 1758 4534 dici
1787 4477 2022 4540 videtur,
2052 4475 2168 4543 quia

2360 4477 2444 4529 K'.
2476 4477 2633 4529 Δοκεῖ
2657 4477 2763 4548 γάρ
2793 4493 2880 4546 μοι
2920 4475 3192 4544 λέγεσθαι,
3224 4475 3349 4539 Υἱὸς
3385 4475 3503 4544 μὲν,
3533 4476 3614 4528 ὅτι
3657 4476 3859 4529 ταυτόν

619 4581 852 4635 essentia
889 4581 1031 4632 idem
1068 4588 1151 4631 est
1189 4593 1310 4631 cum
1339 4575 1496 4627 Patre
1527 4592 1538 4626 :
1575 4587 1748 4640 neque
1776 4571 1826 4624 id
1860 4568 2054 4633 solum,
2089 4567 2182 4621 sed

618 4671 746 4739 quia
771 4670 932 4722 etiam
976 4684 1041 4722 ex
1097 4668 1186 4722 illo
1238 4677 1339 4722 est.
1376 4663 1536 4736 554¹
1565 4662 1942 4736 υιιίεειιὶιιιεδτ
1981 4668 2182 4722 autem,

2295 4568 2410 4620 ἐστι
2445 4567 2520 4638 τῷ
2564 4569 2734 4638 "arpi.
2768 4569 2888 4620 κατ’
2929 4568 3142 4619 οὐσίανο
3191 4569 3284 4619 καὶ
3326 4567 3426 4620 οὐκ
3457 4570 3631 4621 ἐκεῖνο
3675 4570 3862 4638 μόνον,

2295 4658 2430 4712 ἀλλὰ
2459 4659 2732 4713 κάκεῖθεν.
2774 4660 3080 4730 Μονογενὴς
3109 4659 3186 4726 δὲ,
3233 4660 3331 4729 οὐχ
3356 4661 3438 4713 ὅτι
3482 4660 3642 4729 μόνος
3673 4662 3737 4714 ὲκ
3767 4661 3869 4731 μό-

692 4853 737 4884 ⁶⁸
764 4851 930 4906 Exod.
955 4865 1038 4910 ιιι,
1072 4850 1156 4902 14.
1225 4850 1267 4881 θ’
1302 4850 1453 4903 Deut.
1485 4864 1556 4906 tv.
1587 4848 1675 4900 21.
1753 4849 1796 4878 ⁷⁰
1823 4849 1920 4902 Isa.
1953 4845 2151 4910 xut,8.
2225 4844 2267 4874 '“
2299 4842 2622 4903 Ainostx.6;
2657 4839 2795 4893 Ps:tl.
2825 4855 2988 4899 ιιι-ιι.
3021 4840 3074 4894 5.
3149 4841 3195 4910 ’ξ
3218 4839 3381 4893 Exou.
3405 4856 3492 4902 xv,
3518 4841 3571 4893 5.
3643 4841 3689 4872 ⁷³
3711 4841 3856 4894 Psal.

625 4940 779 4987 χχιιι,
810 4925 894 4976 10.
971 4920 1016 4950 ⁷⁸
1043 4920 1060 4972 ι
1087 4919 1223 4972 'l‘im.
1265 4936 1298 4982 ι,
1328 4919 1414 4972 17.
1489 4919 1538 4948 ⁷⁵
1576 4918 1714 4970 Paul.
1753 4932 1919 4976 vatt,
1957 4915 2050 4969 15.

625 4985 779 5058 χχιιι,
829 4993 921 5046 1υ.
1032 4991 1078 5020 ⁸⁸
1109 4989 1262 5042 Deut.
1300 5005 1352 5052 κ,
1395 4988 1480 5041 17.
1548 4988 1636 5058 ,ξι
1670 4989 1808 5058 l’sal.
1858 4985 2154 5058 vau,_2l.

621 5064 668 5096 ⁸⁸
702 5054 869 5118 Exod.
902 5076 978 5122 tu,
1009 5061 1059 5114 6.
1137 5060 1182 5090 ⁸⁸
1209 5058 1396 5113 Matth.
1427 5057 1554 5121 xvn,
1581 5056 1633 5110 5.
1709 5056 1752 5086 ⁸⁷
1777 5054 1929 5108 Joan.
1967 5072 2005 5120 ι,
2039 5055 2126 5109 18.

695 5180 805 5252 (71)
831 5179 1167 5252 Τοῦτόμου.
1203 5178 1358 5252 Reg,
1392 5177 1553 5252 Cyp.,
1577 5175 1734 5229 τοῦτό
1768 5191 1874 5245 μοι.

830 5247 920 5324 ᾙ.
948 5251 1223 5324 βίιζεοόιι.
1257 5247 1312 5324 In
1335 5247 1450 5324 ed.,
1469 5247 1520 5324 il.

697 5315 806 5390 (75)
840 5315 909 5374 Τὸ
937 5318 1004 5372 δὲ
1027 5317 1116 5371 ὄιν.
1149 5319 1360 5382 Contb.,
1399 5319 1459 5371 τὸ
1491 5315 1545 5370 δὲ
1571 5315 1666 5390 ῶν.

697 5384 808 5463 (74)
851 5390 1222 5463 Οἰκονομίας,
1249 5399 1359 5463 etc.
1395 5408 1411 5438 ι
1453 5385 1844 5446 Providentiae,
1901 5405 1919 5436 ι
1971 5384 2028 5463 id_
2074 5393 2189 5463 est,

629 5453 1110 5514 :ulittit'tistt'ationis
1139 5453 1316 5512 ret-unt
1350 5460 1730 5520 humanarum,
1778 5474 1795 5505 t
1849 5472 1964 5521 quae
2001 5453 2191 5521 duplex

630 5541 731 5595 est,
766 5549 784 5582 ι
813 5531 983 5599 inquit
1014 5530 1154 5594 Bill.,
1187 5546 1205 5578 ι
1245 5529 1346 5582 alia
1384 5539 1529 5591 ante,
1563 5527 1664 5580 alia
1708 5535 1826 5594 post
1871 5525 2197 5578 lucarnatio-

629 5616 774 5653 1)(3111.
802 5618 820 5650 1

842 5669 970 5744 Tot".
1007 5669 1525 5744 Deestiinﬁquatuor
1557 5666 1718 5744 liegg.
1754 5677 1804 5744 et
1838 5665 1928 5720 Or.

702 5733 813 5809 (76)
853 5739 1142 5808 Κύριίιιςπῖι
1167 5733 1424 5803 Σαϐαὼθ,
1462 5747 1563 5792 clc.
1602 5733 1692 5790 Sic
1729 5739 1906 5804 phtrcs
1963 5733 2193 5804 lit-gg.et

2127 4916 2174 4946 ⁷⁸
2209 4914 2337 4967 ibid.
2416 4911 2481 4962 ⁷⁷1
2521 4911 2661 4964 Ἰἰιιι.
2707 4926 2780 4976 \‘I,
2829 4911 2913 4970 15.
2950 4911 3034 4965 77.
3111 4910 3157 4941 ’⁷⁸
3183 4909 3338 4962 Rom.
3377 4926 3453 4969 Ix,
3479 4911 3570 4963 ‘29.
3646 4912 3690 4941 ⁷⁵
3720 4911 3864 4964 Psal.

2249 4983 2293 5014 ⁸³
2329 4980 2464 5032 l’sal.
2504 4997 2652 5040 xcm.
2698 4981 2746 5034 1.

2825 4981 2869 5012 ⁸³
2904 4981 3056 5034 Rom.
3110 4996 3198 5044 xv,
3241 4980 3327 5032 55.
3424 4981 3469 5011 ⁸⁵
3497 4980 3636 5034 l‘sal.
3693 4996 3765 5045 Iv,
3810 4983 3864 5036 ἓ.

2301 5169 2448 5224 Colit.
2481 5168 2536 5221 In
2558 5167 2670 5229 et|.,
2698 5168 2898 5236 Κύριος
2928 5162 3404 5236 Σαϐαὸθ,μῆψὸπερ,
3432 5173 3537 5217 etc.

2372 5239 2482 5304 (77)
2518 5237 2624 5291 Καὶ
2657 5231 2882 5298 Ἰσαὰκ,
2914 5236 3010 5289 καὶ
3036 5231 3252 5295 Ἰακὼϐ,
3291 5231 3410 5295 καί,
3445 5243 3547 5286 etc.
3588 5231 3797 5295 Comb.,
3832 5233 3864 5302 ἢ

2301 5309 2506 5373 Ἰσαὰκ,
2543 5308 2574 5376 ἢ
2611 5307 2820 5365 Ἰακὼϐ,
2855 5307 2908 5374 ἧ,
2939 5318 3042 5360 etc.

2375 5371 2705 5452 (78)“Ἓστι.
2732 5377 2833 5452 ASic
2864 5371 2986 5430 Par.
3012 5384 3064 5428 et
3089 5374 3228 5452 Bas;
3249 5373 3300 5424 In
3331 5372 3441 5452 ed._,
3471 5371 3568 5425 ἔτι.

2379 5442 2492 5520 ἰ79)
2521 5447 2944 5520 Πρίοελθόντος.
2973 5454 3083 5520 etc.
3122 5461 3166 5520 ςΔ
3192 5442 3484 5520 Processit,
3518 5451 3610 5520 aut
3647 5454 3870 5520 progre-

2305 5511 2526 5578 ditur};
2565 5511 2683 5572 Hoc
2729 5517 2806 5571 sic
2860 5515 3258 5583 intelligendum
3306 5523 3416 5583 est,
3466 5513 3639 5582 iutjuit
3683 5511 3870 5575 Elias,

2313 5613 2328 5644 ι
2377 5589 2520 5662 quod
2556 5604 2658 5642 non
2694 5586 2857 5662 semel
2891 5581 3242 5654 processerit,
3277 5600 3339 5637 ac
3368 5581 3484 5662 jatn'
3525 5581 3696 5662 spatio
3730 5596 3872 5662 quot

2305 5652 2425 5716 dam
2475 5659 2631 5712 distet
2683 5658 2750 5711 ab
2788 5652 2904 5724 illo,
2936 5670 3000 5711 ex
3039 5671 3144 5726 quo
3175 5654 3474 5724 processit;
3521 5652 3782 5723 sedquod
3821 5652 3872 5704 ei

2303 5746 2512 5799 semper
2535 5728 2720 5783 adsit.)
