4038 6338
236 376 320 430 1ξ9
1221 371 1482 427 ORATIO
1517 369 1688 425 XXX.
1731 400 1800 412 —-
1832 369 2273 426 THEOLOGICA
2311 371 2400 428 IV.

3355 383 3456 437 130

234 508 311 546 νου
343 491 429 544 καὶ
461 490 636 560 μόνον,
674 490 786 544 ἀλλ’
815 490 897 542 ὅτι
947 492 1040 542 καὶ
1073 491 1440 560 μονοτρόπως,
1471 491 1569 560 οὐχ
1597 489 1672 553 ὡς
1704 489 1772 542 τὰ

1880 503 1981 543 non
2015 490 2140 558 quia
2191 491 2338 544 solus
2389 505 2452 543 ex
2488 491 2624 556 solo,
2666 501 2719 547 et
2765 491 2972 562 solum;
3005 495 3097 551 sed
3133 497 3294 554 etiam
3327 503 3450 570 quia

234 583 457 651 σώματα·
491 582 658 649 Λόγος
686 581 759 644 δὲ,
794 583 878 634 ὅτι
911 581 1085 645 οὕτως
1113 581 1224 652 ἔχει
1251 583 1384 653 πρὸς
1417 583 1506 634 τὸν
1531 582 1770 652 Πατέρα,

233 671 438 742 ὠςπρὸς
465 671 583 724 νοῦν
629 671 784 737 λόγος
827 671 974 742 (80)·
1021 673 1080 724 οὐ
1129 673 1288 742 μόνον
1334 671 1420 726 διὰ
1453 673 1514 724 τὸ
1567 672 1774 735 ἀπαθὲς

232 765 316 833 τῆς
334 765 642 842 γεννήσεως,
671 763 806 817 ἀλλὰ
833 764 933 816 καὶ
967 764 1022 817 τὸ
1055 765 1310 833 συναφὲς,
1355 765 1446 817 καὶ
1497 763 1557 816 τὸ
1606 763 1770 831 ἐξαγ·

233 855 444 921 γελτικόν
473 853 580 924 (81)
599 871 612 884 ·
655 857 793 926 τάχα
820 855 864 908 δ’
897 855 964 909 ἂν
991 855 1137 909 εἴποι
1165 857 1378 929 τιςηότι
1415 857 1506 910 καὶ
1540 857 1615 919 ὡς
1646 857 1772 928 ὅρος

235 946 350 1016 πρὸς
376 945 430 997 τὸ
451 945 778 1015 ὁριζόμενον,
809 947 994 1018 ἐπειδὴ
1029 949 1122 1000 καὶ
1162 948 1320 1000 τοῦτο
1349 947 1568 1015 λέγεται
1594 947 1769 1014 λόγος.

245 1037 296 1088 '0
317 1037 414 1104 γὰρ
442 1035 759 1102 νενοηκὼς,
805 1040 961 1108 φησι,
1005 1037 1113 1091 τὸν
1152 1038 1289 1090 Υἰὸν
1321 1037 1498 1107 (τοῦτο
1522 1037 1630 1107 γάρ
1658 1038 1773 1089 ἐστι

235 1128 283 1180 τὺ
311 1126 604 1194 ἑωρακὼς),
646 1128 898 1193 νενόηκε
921 1126 1026 1179 τὸν
1066 1126 1330 1195 Πατέρα·
1363 1127 1457 1178 καὶ
1513 1109 1773 1194 σύντομος

234 1219 472 1285 ἀπόδειξις
498 1220 591 1272 καὶ
616 1219 777 1290 ῥᾳδία
806 1219 902 1288 τῆς
932 1219 1024 1271 τοῦ
1053 1219 1266 1289 Πατρὸς
1298 1218 1534 1287 φύσεως,
1565 1221 1593 1270 ὁ
1623 1217 1770 1279 Υἱός·

233 1309 442 1379 γέννημα
472 1308 576 1379 γὰρ
608 1309 756 1362 ἅπαν
788 1307 881 1359 τοῦ
914 1307 1320 1378 γεγεννηκότος,
1350 1306 1570 1358 σιωπῶν
1595 1305 1770 1373 λόγος.

234 1400 284 1450 Ei
305 1397 458 1450 δὲκαὶ
490 1397 578 1450 διὰ
609 1397 670 1449 τὸ
702 1394 1030 1464 ἐνυπάρχειν
1062 1396 1175 1457 τοῖς
1203 1389 1323 1447 οὖσι
1365 1393 1514 1460 λέγοι
1545 1409 1649 1454 τις,
1678 1390 1775 1461 οὐχ

232 1489 566 1561 ἁμαρτήσεται
613 1487 709 1540 τοῦ
745 1487 932 1556 λόγου·
969 1487 1022 1538 τί
1067 1485 1177 1556 γάρ
1225 1485 1394 1548 ἐστιν,
1429 1485 1457 1537 ὅ
1499 1484 1572 1555 μὴ
1618 1483 1774 1553 Λόγῳ

231 1581 561 1652 συνέστηκεν;
616 1580 791 1648 Σοφία
834 1580 911 1642 δὲ,
950 1579 1026 1642 ὡς
1071 1579 1346 1650 ἐπιστήμη
1391 1577 1549 1629 θείων
1584 1593 1641 1628 τε
1683 1577 1775 1628 καὶ

228 1673 546 1744 ἀνθρωπίνων
590 1671 970 1743 πραγμάτωνο
1009 1670 1127 1733 πῶς
1163 1670 1268 1742 γὰρ
1306 1665 1416 1722 οἷόν
1450 1685 1510 1720 τε
1549 1668 1640 1721 τὸν
1686 1685 1777 1720 πε-

228 1763 478 1835 ποιηκότα,
504 1764 630 1825 τοὺς
677 1761 872 1829 λόγους
906 1760 1140 1828 ἀγνοεῖν,
1187 1753 1262 1812 ὧν
1307 1758 1609 1827 ﬂaminica;
1673 1755 1773 1808 Δύ-

1878 581 2036 634 unico
2073 581 2252 647 modo,
2285 597 2348 636 ac
2383 595 2488 638 non
2536 592 2594 637 ut
2637 599 2886 654 corpora.
2927 585 3162 642 Verbum
3184 590 3230 621 ³⁸
3256 603 3446 659 porro,

1877 673 2002 740 quia
2031 671 2102 726 ita
2129 686 2186 726 se
2211 673 2372 726 habet
2407 674 2472 726 ad
2503 673 2741 741 Patrem,
2784 688 2840 732 ut
2871 693 3052 733 sermo
3093 679 3159 734 ad
3189 689 3448 747 mentem,

1878 775 1983 815 non
2034 763 2194 815 modo
2241 773 2460 832 propter
2497 767 2902 838 generationem
2961 771 3230 838 passionis
3277 773 3450 827 omnis

1875 862 2150 923 expertem
2189 895 2204 920 ,
2259 870 2447 908 verum
2508 857 2952 927 etiamwpropter
3015 862 3446 932 conjunctionem

1877 941 2047 1010 ipsius
2077 958 2200 997 cum
2239 942 2424 1005 Patre,
2463 945 2681 1013 vimque
2733 949 3171 1006 enuntiatriccm.
3197 953 3449 1009 Fortasse

1874 1031 2036 1084 etiam
2082 1033 2205 1102 quis
2243 1033 2460 1098 dixerit,
2491 1035 2679 1088 eodem
2721 1038 2882 1090 modo
2917 1051 2975 1092 se
3004 1041 3070 1094 ad
3099 1023 3310 1096 Patrem
3348 1044 3446 1098 ha-

1875 1119 2026 1181 bere,
2062 1136 2172 1190 quo
2201 1121 2444 1175 definitio
2470 1123 2537 1176 ad
2573 1123 2876 1190 definitum,
2908 1127 3162 1196 quoniam
3207 1131 3446 1187 definitio

1877 1225 2094 1280 quoque
2135 1211 2292 1280 λόγος
2338 1214 2558 1268 dicitur.
2601 1213 2704 1279 Qui
2753 1217 2890 1270 enim
2943 1217 3139 1273 Filium
3189 1226 3445 1293 cognovit,

1876 1301 1953 1353 ait
2001 1300 2253 1356 Christus
2311 1303 2439 1366 (hoc
2489 1305 2632 1358 enim
2667 1307 2806 1360 idem
2845 1309 3132 1377 signiﬁcat,
3158 1327 3242 1377 ac,
3273 1314 3447 1386 vidit),

1877 1392 2091 1447 Patrem
2123 1411 2329 1465 quoque
2375 1399 2610 1466 cognovit
2638 1399 2684 1430 ³⁹
2711 1415 2723 1451 :
2753 1414 2814 1453 ac
2852 1403 3053 1467 brevis,
3097 1413 3152 1458 et
3196 1399 3449 1476 compen-

1877 1486 2025 1540 diosa
2051 1486 2332 1555 facilisque
2355 1499 2591 1556 paternte
2616 1498 2823 1545 natura:
2848 1489 3244 1552 declaratio'est
3264 1497 3448 1556 Filius.

1875 1576 2046 1631 Omne
2093 1577 2236 1631 enim
2299 1580 2438 1646 quod
2489 1581 2730 1648 genitum
2792 1592 2893 1648 est,
2937 1585 3240 1650 genitorem
3282 1603 3446 1647 suum

1878 1668 2038 1747 tacita
2098 1670 2329 1738 quadam
2377 1685 2508 1725 voce
2564 1672 2777 1726 deﬁnit.
2843 1674 2997 1742 Quod
3029 1679 3073 1732 si
3113 1680 3234 1747 quis
3262 1681 3448 1746 etiam,

1877 1745 2000 1825 quia
2031 1759 2190 1813 rebus
2220 1760 2474 1814 omnibus
2519 1762 2666 1827 insit,
2697 1763 2870 1832 Λόγον
2915 1768 3096 1822 vocari
3132 1745 3446 1838 cantendat,

226 1873 361 1926 ναμις
390 1855 461 1918 δὲ,
492 1855 566 1919 ὡς
610 1853 1007 1926 συντηρητικὸς
1038 1851 1147 1906 τῶν
1179 1849 1506 1921 γενομένων,
1544 1849 1638 1902 καὶ
1673 1847 1771 1918 τὴν

1880 1862 1902 1923 a
1959 1849 2168 1903 ratione
2215 1863 2320 1902 non
2375 1851 2670 1907 aberrabit.
2702 1853 2840 1919 Quid
2866 1857 3010 1910 enim
3032 1867 3134 1923 est,
3164 1861 3306 1930 quod
3336 1877 3444 1918 non

224 1947 301 2001 τοῦ
333 1946 640 2016 συνέχεσθαι
684 1944 860 1998 ταῦτα
912 1942 1163 2015 χορηγῶν
1217 1942 1468 2012 δύναμιν.
1519 1939 1768 2010 Ἀλήθεια

222 2039 284 2106 δὲ,
319 2038 388 2100 ὡς
415 2037 490 2100 ἓν,
535 2038 596 2089 οὐ
653 2036 824 2090 πολλὰ
855 2038 920 2107 τῇ
953 2035 1111 2104 φύσει
1133 2050 1145 2062 ·
1179 2033 1239 2086 τὸ
1275 2034 1372 2102 μὲν
1406 2031 1514 2103 γὰρ
1553 2028 1766 2100 ἀληθὲς,

221 2133 296 2184 ἓν·
327 2131 382 2184 τὸ
408 2131 462 2182 δὲ
500 2129 721 2200 ψεῦδος,
782 2127 1129 2198 πολυσχιδέςο
1173 2126 1266 2179 καὶ
1307 2125 1381 2188 ὡς
1423 2122 1637 2194 καθαρὰ
1675 2119 1768 2174 τοῦ

221 2222 407 2292 Πατρὺς
436 2220 698 2291 σφραγὶς,
730 2219 824 2272 καὶ
839 2217 1123 2291 χαρακτὴρ
1145 2215 1554 2286 ἀψευδέστατος.
1595 2211 1770 2265 Εἱκὼν

219 2313 407 2383 δὲ(82),
435 2313 508 2376 ὡς
539 2312 854 2383 ὅμοούσιον,
908 2310 1003 2362 καὶ¹
1048 2310 1131 2362 ὅτι
1184 2306 1342 2360 τοῦτο
1386 2304 1613 2369 ἐκεῖθεν,
1656 2302 1770 2356 ἀλλ’

219 2405 302 2456 οὐκ
331 2406 389 2456 ἐκ
418 2402 605 2457 τούτου
660 2403 881 2472 Πατήρ’
914 2399 1052 2470 αὕτη
1101 2398 1208 2469 γὰρ
1237 2398 1441 2459 εἰκόνος
1464 2395 1642 2464 φύσις,
1682 2393 1772 2465 μία

223 2513 356 2566 μημα
387 2495 490 2566 (85)
537 2490 684 2548 εἶναι
748 2493 843 2547 τοῦ
885 2491 1217 2564 ἀρχετύπου,
1272 2490 1367 2542 καὶ
1409 2480 1470 2540 οὗ
1520 2486 1768 2555 λέγεται⁹

221 2585 336 2654 πλὴν
361 2587 435 2638 ὅτι
465 2587 556 2638 καὶ
587 2584 755 2637 πλέον
780 2582 896 2652 (84)
926 2579 1160 2635 ἐνταῦθα
1181 2597 1192 2608 ·
1225 2581 1341 2632 ἐκεῖ
1371 2578 1468 2648 μὲν
1502 2576 1610 2647 γὰρ
1635 2573 1771 2648 (85),

219 2677 443 2750 ἀκίνητος
475 2675 805 2746 κινουμένου
829 2689 842 2702 ·
878 2671 1108 2728 ἐνταῐθα
1136 2671 1214 2733 δὲ,
1246 2670 1446 2735 ζῶντος
1480 2669 1573 2722 καὶ
1601 2665 1772 2732 ζῶσα,

218 2770 294 2822 καὶ
315 2771 464 2823 πλέον
486 2768 596 2840 (86)
630 2768 830 2838 ἔχουσα
857 2765 918 2818 τὸ
947 2763 1386 2834 ἀπαράλλακτον,
1409 2760 1442 2830 ἢ
1469 2758 1564 2812 τοῦ
1599 2757 1774 2820 Ἀδὰμ

216 2860 350 2931 ὁΣὴθ
383 2860 511 2929 (87),
541 2860 642 2914 καὶ⁸
687 2856 781 2911 τοῦ
828 2855 1124 2925 γεννῶντος
1171 2851 1370 2915 παντὸς
1414 2851 1474 2904 τὸ
1503 2849 1776 2921 γεννώμε-

217 2965 319 3002 νον·
357 2949 574 3019 τοιαύτη
620 2948 732 3019 γὰρ
783 2945 958 3017 ἡτῶν
1004 2943 1190 2998 ἁπλῶν
1224 2941 1406 3010 φύσις,
1447 2940 1521 3012 μὴ
1569 2939 1646 3011 τῷ
1675 2939 1774 3011 μὲν

216 3041 442 3106 ἐοικέναι,
496 3039 574 3111 τῷ
608 3038 667 3091 δὲ
711 3035 1048 3096 ἁπεοικέναι,
1099 3034 1213 3086 ἀλλ’
1252 3032 1370 3085 ὅλον
1428 3032 1548 3085 ὅλου
1607 3032 1774 3086 τύπον

216 3127 352 3197 εἶναι,
376 3134 467 3185 καὶ
495 3131 698 3185 ταυτὸν
741 3129 962 3200 μᾶλλον,
991 3128 1022 3198 ἢ
1057 3126 1407 3197 ἀφομοίωμα.
1448 3124 1568 3188 Φῶς
1593 3124 1670 3189 δὲ,
1698 3124 1774 3187 ὡς

1874 1937 2051 1993 Verbo
2073 1940 2353 1994 conditum
2372 1941 2475 1996 sit?
2502 1941 2835 2011 Sapientia”
2857 1961 3000 2010 vero,
3020 1958 3078 2002 ut
3099 1965 3276 2006 rerum
3310 1954 3447 2008 divi-

1874 2045 2064 2084 narum
2081 2039 2135 2085 et
2156 2032 2506 2084 humanarum
2528 2034 2773 2089 scientia.
2803 2038 2902 2103 Qui
2931 2039 3072 2092 enim
3108 2040 3220 2096 fieri
3251 2054 3446 2111 potest,

1876 2130 1935 2176 ut
1983 2121 2234 2176 conditor
2285 2138 2463 2176 rerum
2493 2138 2522 2176 a
2550 2139 2608 2179 se
2643 2127 2980 2182 conditarum
3029 2132 3268 2187 rationes
3299 2134 3448 2205 igno-

1875 2211 1998 2267 ret?
2025 2212 2356 2278 Potentia",
2405 2225 2459 2268 ut
2504 2231 2682 2270 rerum
2734 2228 3034 2273 creatarmn
3069 2237 3440 2290 conservator,

1879 2305 2099 2374 vimque
2141 2307 2209 2360 iis
2245 2308 2596 2376 suppeditans
2636 2319 2693 2362 ut
2723 2313 3117 2366 contineantur.
3151 2312 3444 2381 Veritas",

1876 2404 1934 2449 ut
1951 2407 2140 2450 natura
2161 2412 2346 2462 unum,
2368 2413 2471 2453 non
2507 2398 2692 2454 multa.
2717 2399 2912 2455 Verum
2930 2403 3126 2473 quippe
3150 2421 3309 2460 unum
3327 2419 3408 2462 est
3431 2425 3447 2474 ;

1875 2489 2218 2544 mendacium
2237 2491 2542 2561 multiplex:
2564 2504 2724 2561 atque
2738 2493 2900 2548 etiam
2920 2505 2975 2548 ut
2989 2511 3054 2564 pu
3066 2513 3178 2551 rum
3193 2497 3370 2555 Patris
3385 2500 3454 2555 si-

1875 2580 2079 2650 gillum,
2125 2582 2452 2651 minimeque
2490 2585 2718 2638 mendax
2765 2585 3067 2642 character.
3101 2587 3279 2658 Imago
3294 2591 3360 2656 ”,
3395 2601 3454 2644 ut

1874 2671 2112 2740 ejusdem
2130 2686 2250 2727 cum
2266 2671 2422 2726 Patre
2437 2673 3034 2746 sub5tantiae”,etquia
3047 2693 3110 2731 ex
3129 2679 3216 2732 illo
3229 2689 3330 2746 est,
3347 2697 3452 2736 non

1875 2772 2052 2818 autem
2083 2777 2146 2817 ex
2177 2763 2275 2817 hoc
2299 2762 2478 2818 Pater.
2524 2763 2646 2819 Haec
2676 2766 2940 2834 siquidem
2977 2767 3226 2839 imaginis
3261 2779 3452 2826 natura

1874 2858 1976 2912 est,
2009 2859 2065 2903 ul
2091 2850 2164 2904 sit
2206 2850 2438 2904 imitatio
2461 2853 2802 2923 exemplaris,
2835 2855 2989 2925 cujus
3025 2858 3200 2928 imago
3225 2861 3452 2930 dicitur;

1886 2956 2195 3012 quanquam
2257 2943 2346 2998 hic
2398 2945 2572 3013 imago
2615 2947 2889 3014 exemplar
2945 2964 3099 3002 suum
3149 2953 3456 3021 ertpressius

1884 3033 2069 3089 refert.
2104 3032 2216 3089 lllic
2244 3035 2388 3089 enim
2417 3037 2494 3090 rei
2531 3037 2665 3092 viva:
2687 3052 2750 3092 ac
2785 3049 2930 3094 motu
2971 3041 3209 3110 prredita:
3242 3053 3451 3098 mortua

1880 3135 1936 3182 et
1967 3137 2146 3183 motus
2169 3142 2362 3197 expers
2397 3130 2575 3199 imago
2601 3139 2683 3184 est
2716 3149 2730 3186 :
2761 3131 2849 3185 hic
2880 3141 3063 3187 autem
3112 3134 3217 3190 vivi
3269 3151 3455 3190 exemo

213 3222 508 3295 λαμπρότης
536 3222 733 3294 ψυχῶν
772 3221 866 3275 καὶ
893 3219 1034 3290 λόγῳ
1070 3219 1162 3292 καὶ
1207 3217 1308 3288 βίῳ
1341 3216 1773 3288 καθαιρομένων.

1881 3219 2048 3288 plaris
2077 3220 2196 3273 viva
2225 3235 2439 3292 quoque
2483 3232 2563 3276 est
2591 3222 2832 3291 -eﬂigies,
2884 3224 3181 3294 multoque,
3213 3227 3393 3282 minus
3417 3245 3449 3282 ει

215 3316 266 3368 ΕΞ
287 3317 386 3388 γὰρ
409 3317 599 3378 σκότος
635 3317 668 3386 ἡ
700 3315 894 3383 ἄγνοια
943 3311 1034 3365 καὶ
1076 3312 1110 3382 ἡ
1152 3311 1420 3381 ἁμαρτία,
1455 3310 1570 3379 φῶς
1597 3311 1662 3364 ἂν
1693 3311 1776 3383 εἴη

214 3410 239 3477 ἡ
264 3408 473 3478 γνῶσις,
509 3408 608 3462 καὶ
634 3405 663 3457 ὁ
690 3405 801 3476 βίος
829 3404 940 3476 (88)
975 3403 1002 3455 ὁ
1031 3401 1233 3466 ἔνθεος.
1263 3403 1385 3473 Ζωὴ
1420 3401 1497 3465 δὲ,
1523 3404 1605 3456 ὅτι
1641 3403 1778 3472 φῶς,

210 3501 292 3558 καὶ
312 3501 486 3572 πάσης
505 3498 742 3568 λογικῆς
759 3496 976 3565 φύσεως
991 3493 1248 3556 σύστασις
1269 3494 1362 3547 καὶ
1381 3493 1631 3556 ούσίωσις
1645 3493 1775 3565 (89)'

224 3592 314 3647 Ἐν
337 3594 494 3660 αὐτῷ
527 3593 646 3664 γὰρ
687 3589 893 3660 ζῶμεν,
921 3589 1020 3642 καὶ
1058 3588 1400 3657 κινούμεθα,
1441 3586 1539 3640 καὶ
1569 3585 1778 3656 ἐσμὲν,

215 3689 337 3741 κατὰ
359 3689 454 3759 τὴν
481 3687 681 3756 διπλῆν
717 3683 828 3756 (90)
859 3681 952 3736 τοῦ
988 3681 1208 3752 ὲμφυσή
1219 3697 1387 3751 ματος
1411 3679 1659 3750 δύναμιν,
1684 3680 1778 3733 καὶ

212 3782 386 3852 πνοήν·
409 3779 630 3833 ἐκεῖθεν
651 3777 761 3846 (91)
787 3773 1174 3847 ὲμφυσώμενοι
1196 3773 1414 3838 πάντες,
1438 3773 1532 3826 καὶ
1554 3771 1778 3842 Πνεῦμα

208 3868 346 3939 ἅγιον
371 3871 484 3924 ὅσοι
516 3867 842 3940 χωρητικοὶ,
885 3866 981 3918 καὶ
1007 3863 1282 3926 τοσοῦτον,
1325 3862 1448 3916 καθ’
1477 3863 1600 3916 ὅσον
1629 3861 1693 3915 ἂν
1719 3862 1780 3915 τὸ

214 3960 364 4029 στόμα
402 3961 502 4030 τῆς
539 3957 783 4020 διανοίας
831 3954 1154 4024 ἁνοίξωμεν.
1191 3953 1514 4024 Δικαιοσύνη
1561 3953 1652 4018 δὲ,
1697 3953 1779 4006 ὅτι

207 4050 287 4104 τοῦ
320 4051 451 4123 πρὸς
483 4049 652 4116 ἀξίαν
680 4047 972 4119 διαιρὲτης,
1021 4045 1117 4098 καὶ
1157 4044 1374 4098 διαιτῶν
1411 4044 1633 4107 δικαίως
1667 4047 1780 4107 τοῖς

209 4143 298 4197 ὐπὸ
329 4144 510 4215 νόμον,
557 4143 653 4198 καὶ
695 4144 806 4204 τοῖς
849 4139 953 4192 ὑπὸ
1212 4137 1363 4209 ψυχῇ·
1397 4138 1491 4191 καὶ
1545 4137 1778 4208 σώματι,

208 4234 331 4290 ὥστε
360 4238 420 4292 τὸ
451 4239 560 4309 μὲν
588 4235 798 4308 ἄρχειν,
827 4233 886 4287 τὸ
917 4233 975 4287 δὲ
1005 4230 1292 4304 ἄρχεσθαι,
1327 4230 1421 4284 καὶ
1449 4229 1546 4301 τὴν
1573 4232 1671 4302 ἠγε
1683 4247 1778 4300 μο-

209 4329 312 4384 νίαν
333 4331 474 4403 ἔχειν
500 4331 570 4385 τὸ
601 4332 848 4402 κρεῖττον
876 4327 1018 4381 κατὰ
1055 4325 1150 4380 τοῦ
1184 4325 1449 4396 χείρονος,
1488 4323 1564 4388 ὡς
1601 4323 1675 4395 μὴ
1719 4323 1780 4376 τὸ

208 4423 372 4492 χεῖρον
396 4418 797 4477 ἐπανίστασθαι
833 4419 912 4490 τῷ
943 4417 1170 4488 βελτίονι
1195 4435 1209 4448 ο
1251 4415 1570 4486 Ἀγιασμύς
1601 4415 1678 4478 δὲ,
1703 4415 1779 4478 ὡς

271 4515 315 4546 ⁸³
351 4515 508 4573 Joan.
551 4532 592 4581 ι,
617 4517 668 4570 1.

209 4582 249 4615 ’⁸
274 4583 430 4642 Hebr.
456 4603 497 4650 ι,
523 4587 580 4642 5.

747 4515 794 4546 ⁸⁸
821 4511 1114 4578 Joan.xtv,
1146 4512 1194 4572 7,
1227 4511 1283 4566 9.
1357 4510 1446 4563 "l
1475 4510 1604 4566 Cor.
1638 4526 1675 4574 ι,
1707 4511 1775 4565 50

1880 4510 1917 4543 ’ί
1947 4510 2144 4578 Ephes.
2177 4525 2228 4574 v,
2261 4509 2348 4563 19.
2424 4511 2468 4541 θ’
2495 4508 2652 4564 Joan.
2691 4524 2802 4574 xw,
2825 4508 2878 4562 6.

657 4583 863 4639 "‘Gen.
901 4599 975 4648 tv,
1009 4582 1102 4637 25.
1176 4582 1222 4614 "
1248 4582 1402 4636 Joan.
1439 4597 1558 4646 vm,
1595 4580 1682 4634 12.
1758 4580 1978 4636 “.loan.
2005 4595 2116 4648 xiv,
2145 4578 2198 4632 6.
2272 4579 2322 4610 "‘
2352 4579 2473 4634 Act.
2499 4580 2746 4646 μαλε.
2819 4579 2865 4612 ³⁸
2899 4578 3037 4634 Gen.
3068 4595 3131 4644 ιι,
3161 4581 3214 4634 7,

1879 3310 2038 3367 Patre
2069 3311 2346 3379 differens,
2374 3329 2533 3382 quant
2577 3315 2707 3369 Seth
2743 3316 2810 3370 ab
2842 3317 3110 3372 Adatno”
3131 3321 3173 3384 ‘,
3206 3318 3453 3388 ﬁliusque

1878 3406 2054 3460 omnis
2083 3420 2112 3459 a
2143 3419 2369 3475 parente
2410 3421 2528 3460 suo.
2584 3406 2900 3476 Hujusmodi
2963 3423 3196 3479 namque
3237 3409 3448 3479 simpli-

1879 3496 2022 3550 cium
2073 3511 2250 3551 rernm
2308 3506 2498 3551 natura
2549 3506 2650 3561 est,
2696 3508 2754 3551 ut
2802 3512 2906 3553 non
2967 3500 3162 3569 partim
3205 3500 3345 3554 inter
3390 3515 3450 3556 se

1879 3588 2086 3644 similes
2122 3590 2248 3655 sint,
2295 3591 2488 3660 partim
2543 3591 2860 3658 dissimiles,
2889 3593 2983 3648 sed
3037 3603 3160 3648 tour
3194 3603 3334 3650 totas
3361 3611 3447 3650 re-

1879 3690 2228 3751 praesentem,
2273 3681 2586 3751 caedemque
2621 3682 2798 3753 potius
2851 3684 2978 3748 sint,
3012 3699 3172 3753 quam
3224 3686 3451 3741 similes.

1881 3773 1992 3828 Lux
2012 3772 2058 3803 "
2091 3773 2255 3826 etiam
2308 3773 2526 3838 dicitur,
2563 3783 2620 3828 ut
2681 3775 2989 3832 animorum
3039 3778 3314 3847 splendor,
3351 3782 3443 3849 qui

1881 3873 1934 3919 et
1961 3865 2068 3918 vita
2096 3873 2150 3919 et
2179 3879 2430 3920 sermone
2480 3877 2800 3938 purgantur.
2834 3869 2968 3922 Nam
2995 3871 3038 3924 si
3076 3872 3375 3941 ignorantia
3399 3883 3454 3926 et

1881 3968 2162 4026 peccatum
2213 3957 2446 4012 tenebrat
2479 3965 2624 4023 sunt,
2658 3958 2749 4013 lux
2802 3960 3044 4028 profecto
3074 3961 3177 4015 erit
3201 3961 3450 4026 scientia,

1882 4056 1938 4103 et
1969 4048 2076 4102 vita
2109 4048 2312 4104 divina.
2355 4048 2566 4115 Vita",
2599 4052 2725 4120 quia
2772 4050 2884 4118 lux,
2928 4052 3200 4122 toti-usque
3239 4054 3454 4109 ratione

1895 4139 2135 4208 praedita;
2185 4149 2392 4194 natura:
2441 4142 2862 4207 coagmentatio,
2907 4151 2962 4196 et
3012 4144 3352 4213 procreatio:
3386 4143 3454 4198 In

1883 4230 1992 4297 ipso
2029 4230 2167 4284 enim
2199 4232 2436 4296 vivimus,
2464 4241 2511 4286 et
2547 4248 2832 4296 movemur,
2869 4241 2918 4285 et
2963 4249 3146 4287 sumus
3165 4233 3232 4299 ",
3258 4248 3456 4288 secun-

1884 4321 2008 4374 dum
2063 4321 2332 4392 duplicem
2403 4323 2551 4378 illam
2607 4324 2980 4395 inspirationis
3001 4326 3047 4357 ⁸⁸
3109 4325 3447 4380 facultatem.

1884 4411 2016 4466 Nam
2052 4423 2106 4468 et
2137 4414 2285 4468 illinc
2309 4429 2496 4469 omnes
2530 4415 2746 4469 vitalem
2779 4415 3028 4483 spiritum
3061 4415 3221 4486 555
3254 4417 3455 4483 accipi-

2986 4509 3032 4540 "
3057 4510 3263 4564 Coloss.
3286 4525 3323 4574 ι,
3365 4509 3452 4567 15.

274 4699 380 4770 (80)
429 4701 534 4765 Ὧς
557 4697 711 4770 πρὸς
725 4695 877 4751 νοῦν
893 4697 1098 4770 ,λόγοςτ
1140 4712 1170 4770 «Α
1202 4691 1270 4748 Ut
1307 4707 1486 4748 sermo
1529 4692 1594 4770 ad
1628 4706 1775 4746 men-

1885 4701 1940 4747 et
1981 4690 2622 4770 Sethnaturzehumante
2651 4691 3190 4770 participes‘fuerint,
3231 4701 3460 4765 uterque

213 4762 339 4834 tem;
363 4762 560 4846 'i‘quia
587 4762 826 4846 Verbum
845 4775 928 4821 est
950 4762 1134 4846 Patris
1158 4764 1331 4830 imago
1359 4762 1638 4846 naturalis,
1662 4777 1781 4831 qua:

213 4850 367 4896 totum
399 4838 644 4902 Patrem,
676 4838 818 4892 sicut
849 4849 1030 4891 sermo
1064 4841 1228 4888 totam
1257 4838 1661 4904 cogitationem,
1697 4847 1782 4886 re-

212 4918 508 4979 praesentat.

276 4981 382 5055 (8i)
417 4978 922 5055 ‘Eé'arraﬁtmdr.
953 4973 1009 5029 Id
1045 4981 1146 5055 est,
1179 4971 1328 5055 juxta
1353 4971 1545 5055 Eliam,
1598 4990 1618 5024 ι
1662 4986 1784 5041 pro-

245 5049 321 5106 tér
346 5049 848 5120 interpretationem
875 5054 931 5101 et
957 5049 1384 5101 enuntiationem
1421 5052 1659 5113 paternae
1677 5059 1778 5098 vo-

233 5131 604 5261 "igljiizhw
629 5189 717 5244 δέ.
748 5205 767 5240 ι
802 5185 1018 5261 lm_ago._
1047 5201 1068 5236 ι
1107 5181 1248 5261 Vere
1291 5182 1536 5261 Christus
1569 5191 1652 5239 est
1684 5183 1783 5237 Pa-

217 5253 306 5317 tris
333 5253 587 5332 (imago,
609 5278 629 5311 ι
669 5273 774 5314 non
800 5253 1080 5332 imitatrix,
1112 5253 1510 5332 sed__naturalis._

279 5331 386 5404 (85)
407 5323 691 5402 Μίῇημα,
727 5339 835 5384 etc.
877 5325 1102 5380 Bittius:
1139 5343 1158 5376 ‹
1199 5324 1266 5380 Ut
1303 5323 1582 5391 exemplar
1627 5337 1783 5378 suum

215 5405 469 5458 imitando
487 5405 706 5456 referat.
731 5417 751 5450 ι

281 5475 391 5540 (84)
417 5471 634 5526 Πλὲον.
668 5468 988 5540 Βυονιῖθςε.
1026 5477 1080 5540 et
1101 5465 1198 5540 0r.
1240 5465 1296 5531 1,
1330 5463 1534 5540 πλεξον.

283 5533 392 5614 (85)
417 5543 579 5597 Ἐκεῖ
589 5542 710 5614 μὲν
735 5539 866 5610 γάρ,
892 5533 996 5614 (ξιξ.
1025 5539 1132 5614 Iste
1160 5538 1305 5590 locus
1331 5535 1573 5614 ἰιι-(Συὶειἶ
1602 5534 1626 5588 1
1652 5572 1668 5597 ,
1691 5533 1786 5614 ~sic

219 5603 438 5684 legitur:
463 5603 610 5667 Ἐκεῖ
641 5603 878 5684 μὲνγᾶρ
910 5608 1181 5682 ἀκινήτως
1213 5605 1526 5676 νοουμένου,
1558 5603 1792 5658 ἐνταῦθα

217 5679 291 5746 δέ,
320 5695 428 5738 etc.

285 5754 394 5820 (86)
426 5756 636 5808 Ηλέον.
674 5751 808 5806 Tres
843 5749 1012 5822 Regg.
1035 5758 1099 5822 et
1121 5749 1213 5822 Qr.
1246 5750 1299 5814 1,
1343 5747 1544 5822 πλεῖον.

290 5817 399 5895 (87)
430 5827 494 5880 Ἡ
529 5825 637 5879 τοῦ
677 5822 862 5892 Ἀδὰμ
896 5817 1106 5890 ῤ’Σήθ.
1136 5820 1390 5887 Quamvis
1429 5821 1572 5872 cnim
1620 5817 1789 5873 Adam

1891 4770 2066 4816 tamen
2103 4759 2220 4830 sibi
2249 4761 2518 4830 pr0priam
2538 4801 2554 4825 ,
2594 4759 2663 4816 et‘
2692 4763 2758 4817 ab
2789 4759 2894 4816 alio
2913 4762 3220 4818 distinctam
3269 4759 3458 4820 essen-

1891 4831 2018 4884 tiam
2051 4840 2105 4885 et
2144 4829 2495 4885 substantiam
2521 4832 2825 4897 habebant;
2861 4833 2930 4886 ita
2967 4842 3023 4886 ut
3047 4848 3151 4887 non
3183 4848 3320 4888 unus
3355 4835 3456 4889 ho—

1889 4915 1998 4966 mo,
2029 4901 2121 4956 sed
2146 4901 2250 4954 duo
2281 4901 2524 4958 homines
2554 4915 2737 4959 essent
2767 4923 2780 4958 :
2813 4913 2998 4957 contra
3029 4903 3082 4956 in
3112 4903 3326 4968 divinis,
3346 4905 3454 4958 Pa-

1891 4981 1972 5025 ter
1997 4970 2254 5043 ethilius
2292 4974 2452 5027 unius
2495 4973 2840 5043 ejusdemque
2882 4986 3107 5027 numero
3137 4975 3457 5029 substantia:

1890 5043 2035 5122 sunt,
2062 5041 2134 5122 ita
2159 5051 2218 5094 ut
2248 5057 2356 5098 non
2402 5041 2653 5109 duo’Dii,
2687 5041 2783 5098 sed
2813 5057 2944 5097 vere
2986 5057 3051 5097 ac
3078 5045 3296 5112 pr0prie
3323 5061 3461 5099 unus

1889 5113 2216 5266 {)ftlgilirlizz
2242 5183 2448 5250 όβίος.
2480 5182 2570 5238 Sic
2592 5183 2771 5253 plures
2808 5181 2976 5253 Regg.
3017 5188 3074 5236 et
3106 5181 3256 5237 Colb.
3301 5183 3460 5238 Deest

1886 5255 2431 5406 é_li'§§jl.ovolwa:c.
2488 5341 2506 5375 ι
2559 5322 2904 5389 Essentialio,
2953 5339 2972 5372 ι
3017 5323 3099 5377 vel
3143 5337 3163 5370 ι
3205 5321 3460 5376 substan-

1889 5404 2391 5536 tia€é%),Atﬂlﬁr.l
2423 5464 2716 5534 Duplicem,
2759 5485 2778 5518 ›
2821 5474 2926 5520 etc.
2981 5465 3122 5519 Deus
3159 5460 3339 5536 primo
3366 5461 3464 5516 ho-

1896 5531 2399 5604 mi'ni'spiraculum
2454 5531 2577 5590 vitae
2608 5536 2920 5606 inspiravit.
2955 5536 3156 5606 Deinde
3215 5531 3464 5606 Christus

1897 5615 2020 5675 post
2057 5600 2502 5661 resurrectionem
2529 5600 2818 5676 discipulos
2851 5605 3072 5671 amavit,
3108 5604 3298 5670 eisque
3329 5600 3458 5672 Spi-

1897 5677 2066 5748 ritum
2083 5688 2327 5748 sanctum
2355 5678 2578 5748 largitus
2615 5687 2718 5732 est.

1969 5745 2077 5818 (91)
2105 5745 2385 5804 Ἐκεῖθεν.
2417 5745 2578 5804 Deest
2601 5749 2652 5804 in
2675 5745 2915 5818 pluribus
2935 5746 3092 5803 codd.
