4038 6338
566 312 661 368 Ibi
1764 301 1821 356 S.
1865 297 2194 356 GREGORlI
2236 297 2582 353 TllEOLOGl

3704 290 3808 344 £32

566 435 707 488 mus,
761 431 816 476 et
851 419 1104 491 Spiritum
1139 425 1418 482 sanctum,
1451 422 1719 487 quotquot
1755 415 1924 486 ipsius
1961 397 2128 484 capa-

2273 411 2562 481 αϐαρὸτης,
2611 410 2697 462 ἵνα
2741 407 2988 478 χωρῆται
3035 404 3096 458 τδ
3144 405 3384 476 καθαρὸν
3457 401 3810 473 καθαρότητι.

566 526 658 566 ces
711 526 923 577 sumus,
979 520 1034 565 ct
1083 519 1349 580 quatenus
1381 522 1444 564 os
1480 509 1677 564 mentis
1744 507 2136 577 aperuerimus.

565 602 865 668 Iustitia”,
898 603 1024 671 quia
1055 615 1153 672 pro
1179 601 1372 655 merito
1401 600 1619 670 praemia
1654 609 1706 655 et
1742 613 1930 669 poenas
1952 596 2138 652 distri-

570 695 704 757 buit.
727 707 1049 763 :equumqne
1069 692 1304 761 judicem
1333 707 1390 748 se
1413 693 1617 763 praebet
1644 692 1746 756 his,
1781 689 1872 760 qui
1899 689 1998 744 sub
2027 687 2141 758 lege

569 793 713 847 sunt,
745 793 798 839 et
851 784 957 848 his,
995 784 1087 853 qui
1147 783 1248 838 sub
1293 784 1501 853 gratia;
1536 782 1857 851 corporique
1920 781 2045 834 item
2087 789 2142 832 et

570 875 784 940 animae,
813 885 872 950 nt
904 875 1034 930 illud
1074 883 1284 945 pareat,
1319 875 1437 930 haec
1479 873 1662 943 praesit
1693 881 1854 942 atque
1891 872 2138 939 imperet,

571 968 1018 1038 praestantiorque
1071 982 1194 1037 pars
1241 966 1602 1037 principatum
1628 965 1889 1018 adversus
1919 961 2142 1016 inferio-

2256 499 2653 571 Ἀπολύτρωσις
2707 497 2798 564 δὲ,
2861 497 2938 560 ὡς
2991 494 3289 565 ἐλευθερῶν
3349 494 3516 564 ἡμᾶς,
3555 492 3658 545 ὑπὸ
3717 493 3817 560 τῆς

2246 591 2519 662 ἁμαρτίας
2563 588 2981 659 κατεχομένους,
3018 587 3112 641 καὶ
3159 585 3354 656 λύτρον
3387 585 3579 638 ἑαυτὸν
3619 582 3816 637 ἀντιδι-

2244 680 2367 744 δοὺς
2416 663 2572 751 ἡμῶν
2621 680 2720 751 τῆς
2761 677 3083 748 οἰκουμένης
3119 675 3435 747 καθάρσιον.
3500 675 3819 736 Ἀνάστασις

2246 771 2325 835 δὲ,
2369 771 2444 834 ὼς
2497 769 2746 824 ἐντεῦθεν
2797 771 2943 840 ἡμᾶς
2995 768 3302 822 ἀπανιστῶν
3356 766 3489 838 (92),
3539 767 3633 819 καὶ⁸
3684 765 3822 837 πρὸς

2247 865 2345 937 τὴν
2387 863 2530 935 ζωὴν
2569 862 2859 931 ἐπανάγων
2892 858 3327 933 νενεκρωμένους
3371 858 3477 911 ὑπὸ
3503 859 3601 929 τῆς
3634 859 3820 928 ἀμαρ-

2248 959 2368 1022 τίας
2405 959 2536 1029 (95).

573 1084 687 1124 rem
717 1080 916 1135 teneat,
954 1083 1054 1124 nec
1093 1068 1145 1123 id
1191 1069 1332 1138 quod
1370 1066 1608 1122 deterius
1645 1074 1748 1129 est,
1777 1063 2036 1117 adversus
2065 1061 2137 1125 id,
2178 1059 2320 1128 quod
2352 1057 2544 1113 melius
2577 1065 2683 1122 est,
2719 1055 2987 1125 iasurgat.
3033 1050 3403 1110 Sanctiﬁcatio
3437 1051 3475 1113 ί,
3533 1047 3661 1119 quia
3728 1059 3821 1116 pu-
3859 1039 3874 1055 ‘

573 1162 729 1228 ritas,
752 1172 1016 1231 utpurum
1054 1159 1178 1214 illud
1207 1173 1403 1216 numen
1430 1174 1525 1228 per
1544 1158 1829 1228 puritatem
1855 1158 2118 1226 capiatur.
2177 1152 2554 1224 Redemptio”,
2581 1151 2705 1221 quia
2729 1166 2830 1204 nos
2874 1165 2902 1204 a
2937 1158 3158 1220 peccato
3191 1147 3435 1214 delentes
3489 1143 3542 1198 in
3605 1142 3822 1197 liberta-
3859 1181 3864 1184 .

577 1271 682 1315 tem
723 1257 935 1321 asserit,
967 1270 1190 1324 seseque
1221 1270 1318 1324 pro
1360 1254 1534 1317 nobis,
1569 1263 1626 1306 ut
1670 1249 1816 1307 orbis
1863 1261 2128 1307 terrarum
2170 1250 2437 1320 expietur,
2482 1245 2815 1302 liberationis
2881 1243 3111 1313 pretium
3157 1242 3269 1297 dat.
3321 1235 3669 1294 Resurrectio
3687 1235 3730 1302 ³,
3769 1242 3828 1288 ιιι

577 1369 676 1409 nos
720 1352 847 1407 hinc
904 1351 1164 1404 abductos
1219 1348 1514 1414 suscitans,
1545 1358 1598 1402 et
1623 1361 1651 1399 a
1688 1356 1912 1414 peccato
1967 1353 2142 1400 morte
2183 1343 2404 1398 affectos
2435 1342 2499 1394 ad
2541 1340 2702 1394 vitam
2733 1339 3014 1392 reducens.

647 1445 788 1500 XXI.
832 1445 1007 1514 Atque
1051 1444 1164 1496 hare
1223 1433 1396 1496 adhuc
1427 1441 1734 1495 communia
1772 1447 1920 1501 sunt,
1952 1447 2060 1492 tam
2097 1439 2145 1492 ei

2324 1434 2447 1490 KA'.
2480 1433 2661 1488 Ταῦτα
2705 1433 2803 1502 μὲν
2828 1426 2920 1484 οὖν
2953 1429 3032 1482 ἔτι
3075 1428 3226 1482 κοινὰ
3263 1425 3357 1480 τοῦ
3388 1418 3460 1478 ’τε
3489 1421 3629 1495 ὑπὲρ
3655 1423 3826 1493 ἡμᾶς,

577 1538 666 1608 qui
702 1550 864 1607 supra
913 1549 1011 1588 nos
1034 1541 1138 1599 est,
1173 1547 1334 1602 quam
1365 1534 1456 1601 qui
1488 1541 1702 1600 propter
1734 1545 1852 1584 nos.
1891 1527 2046 1583 Nunc
2080 1527 2146 1582 ad

2270 1529 2347 1582 tot).
2372 1526 2466 1580 τοῦ
2502 1526 2566 1579 δι’
2609 1527 2754 1596 ἡμᾶς
2787 1523 2898 1594 (9.1)
2923 1538 2938 1554 ·
2966 1521 3000 1574 ἃ
3029 1521 3085 1574 δὲ
3119 1520 3262 1583 ἰδίως
3291 1518 3534 1590 ἡμέτερα
3553 1559 3568 1583 ,
3605 1515 3702 1568 καὶ
3728 1515 3828 1582 τῆς

578 1605 639 1684 ea
687 1605 984 1689 veniamus,
1015 1637 1134 1693 quae
1181 1621 1400 1691 preprie
1445 1629 1629 1674 nostra
1663 1629 1811 1684 sunt,
1842 1616 2151 1671 humanita-

2270 1617 2502 1671 εντεῦΘεν
2535 1615 2886 1688 προσλήψεως
2921 1613 3030 1683 (95)
3090 1610 3409 1682 Ἀνθρωπος
3449 1608 3581 1680 μὲν,
3613 1606 3714 1675 οὐχ
3742 1605 3830 1659 ἵνα

581 1722 756 1791 lisque
783 1722 1088 1786 assumpta.
1118 1713 1325 1768 llomo‘
1368 1712 1548 1781 itaque
1575 1711 1796 1774 dicitur,
1839 1723 1946 1764 non
1974 1707 2146 1781 solum

2270 1710 2474 1784 (ωρηθῇ
2509 1709 2669 1780 μόνον
2707 1706 2794 1761 διὰ
2838 1705 3083 1776 σώματος
3135 1704 3403 1774 σώμασιν,
3440 1701 3614 1764 ἄλλως
3638 1701 3740 1752 οὐκ
3766 1697 3831 1752 ἂν

581 1820 639 1867 ιιι
677 1790 790 1882 ρει·
840 1823 1040 1878 corpus
1079 1821 1106 1860 a
1146 1805 1466 1876 corporibus
1507 1803 1775 1872 capiatur,
1806 1801 1898 1871 qui
1954 1799 2153 1870 alioqui

2270 1802 2522 1875 (ωρηθεὶς
2551 1801 2637 1854 διὰ
2665 1795 2726 1852 τὸ
2756 1800 2854 1868 τῆς
2887 1797 3099 1867 φύσεως
3147 1796 3384 1867 ἄληπτον
3413 1793 3523 1864 (96)
3546 1811 3559 1823 ·
3592 1790 3709 1845 ἀλλ’
3741 1791 3832 1843 ἵνα

580 1903 650 1957 ob
691 1897 1290 1970 incomprehensibilem
1362 1903 1614 1950 naturam
1664 1908 1817 1949 suam
1871 1893 1989 1961 capi
2047 1905 2152 1946 non

2270 1897 2349 1950 ta).
2372 1893 2570 1964 ἁγιάσῃ
2595 1893 2660 1946 δι’
2680 1889 2870 1945 ἑαυτοῦ
2891 1889 2980 1942 τὸν
3003 1887 3304 1960 ἄνθρωπον,
3327 1886 3515 1958 ῶσπερ
3545 1884 3692 1955 ζύμη
3716 1882 3831 1952 (97)

580 1999 822 2062 poterat;
875 1989 969 2046 sed
1021 1989 1184 2045 etiam
1238 1997 1298 2042 ut
1344 2001 1443 2056 per
1469 2001 1528 2041 se
1561 1985 1835 2041 hominem
1868 1982 2156 2039 sanctitate

2270 1989 2542 2058 γενόμενος
2571 1985 2649 2056 τῷ
2677 1985 2838 2038 παντὶ
2864 1973 3165 2054 φυράματι,
3199 1981 3295 2034 καὶ
3323 1979 3456 2051 πρὸς
3485 1977 3676 2030 ἑαυτὸν
3698 1973 3833 2028 ἐνὼ-

583 2084 798 2150 alIiciat,
849 2081 1209 2151 fermentique
1271 2080 1443 2134 instar
1492 2076 1758 2131 universre
1826 2087 2020 2129 massae
2063 2073 2152 2136 sit,

2270 2098 2356 2143 ra;
2394 2079 2454 2133 τὸ
2509 2075 2873 2148 κατακριθὲν,
2926 2075 3046 2128 ὅλον
3088 2073 3226 2146 λύσῃ
3258 2071 3352 2124 τοῦ
3397 2069 3832 2141 καταχρίματος,

582 2174 1018 2246 sibique_uniens
1064 2170 1208 2242 quod
1259 2167 1678 2225 condemnatum
1741 2164 1938 2229 fuerat,
1989 2171 2155 2218 totum

2270 2173 2435 2227 πάντα
2469 2172 2608 2243 ὑπὲρ
2637 2169 2852 2223 πάντων
2887 2167 3192 2238 γενόμενος,
3220 2167 3320 2220 ὅσα
3351 2167 3530 2236 ἡμεῖς.
3563 2163 3702 2230 πλὴν
3726 2162 3836 2232 τῆς

583 2267 712 2328 illud
757 2282 785 2321 a
819 2263 1269 2323 condemnatione
1319 2259 1533 2322 liberet,
1593 2257 1778 2313 omnia
1826 2270 1926 2326 pro
1981 2253 2153 2318 nobis,

2270 2263 2555 2334 ὶμαρτίοις,
2582 2261 2761 2331 σῶμα,
2784 2259 2950 2331 ψυχὴ,
2977 2258 3121 2322 νοῦς,
3151 2258 3216 2311 δι’
3241 2259 3363 2311 ὅσον
3387 2255 3495 2326 (98)
3519 2257 3547 2307 ὁ
3578 2255 3832 2317 θάνατος’

585 2374 705 2429 quae
771 2373 868 2413 nos
926 2371 1132 2421 sumus,
1161 2361 1388 2421 excepto
1441 2359 1686 2420 peccato,
1718 2349 1916 2414 factus,
1941 2361 2155 2417 corpus,

2270 2355 2318 2408 τὸ
2349 2353 2523 2408 κοινὸν
2552 2355 2617 2406 ἐκ
2652 2351 2878 2416 τούτων,
2913 2351 3215 2423 ἅνθρωπος,
3255 2349 3385 2411 Θεὸς
3418 2347 3714 2418 ὁρώμενος,
3743 2344 3836 2398 διὰ

585 2451 794 2514 anima,
850 2463 1004 2504 mens
1039 2448 1158 2516 (per
1183 2459 1301 2516 quae
1327 2443 1575 2498 videlicet
1605 2455 1749 2496 mors
1784 2438 2112 2507 pervaserat)
2141 2454 2154 2503 ;

586 2549 664 2601 et,
692 2539 835 2608 quod
863 2553 928 2593 ex
951 2539 1038 2592 his
1063 2549 1351 2592 commune
1373 2541 1477 2597 est,
1515 2532 1698 2596 homo,
1734 2529 1964 2599 visibilis
1995 2528 2157 2593 Deus,

2275 2539 2466 2610 Ἀδὰμ,
2517 2538 2609 2591 καὶ
2659 2537 2747 2590 διὰ
2780 2536 2875 2607 τὴν
2906 2535 3202 2606 Παρθένον,
3236 2533 3294 2598 ἐξ
3335 2527 3409 2588 ῶν
3456 2532 3700 2600 ὲγένετοσ
3738 2529 3839 2583 τοῦ

587 2639 808 2702 propter
835 2629 886 2682 id
913 2627 1056 2698 quod
1087 2626 1270 2682 animo
1298 2633 1461 2693 atque
1489 2622 1769 2678 intellectu
1799 2621 2159 2692 comprehen-

2270 2633 2384 2704 μὲν,
2431 2631 2505 2694 ὼς
2546 2628 2910 2700 προπάτορος,
2945 2629 3044 2697 τῆς
3089 2627 3166 2692 δὲ,
3206 2626 3280 2689 ὡς
3315 2625 3518 2695 μητρὸς
3547 2623 3694 2693 νόμῳ
3731 2621 3838 2695 (1),

588 2723 837 2778 debatur.
900 2721 1070 2776 Filius
1138 2719 1373 2773 hominis
1395 2718 1438 2783 ⁸,
1497 2725 1714 2786 propter
1764 2715 2048 2781 Adamum,
2100 2728 2159 2768 ae

2270 2724 2357 2778 καὶ
2389 2723 2448 2775 οὐ
2493 2723 2638 2793 νόμῳ
2691 2721 3023 2791 γεννήσεως*
3067 2716 3300 2790 Χριστὸς
3339 2715 3417 2778 δὲ,
3464 2712 3550 2767 διὰ
3581 2714 3681 2784 τὴν
3714 2712 3840 2767 Θεό-

595 2815 889 2885 Virginem,
916 2827 982 2868 ex
1036 2812 1236 2881 quibus
1290 2811 1520 2874 exstitit,
1549 2808 1642 2862 illo
1675 2808 1928 2863 nimirum
1978 2817 2034 2861 ut
2075 2821 2159 2876 ge-

2270 2834 2439 2888 τητα·
2503 2814 2680 2887 χρίσις
2732 2813 2840 2883 γὰρ
2899 2811 3036 2882 αὕτη
3087 2812 3182 2892 τῇς
3227 2807 3682 2880 ἁνΟρωπότ-ητος,
3735 2807 3842 2860 οὐκ

590 2905 739 2961 neris
788 2914 1032 2968 auctore,
1071 2903 1173 2958 hac
1207 2914 1388 2958 autem
1441 2910 1499 2957 ut
1551 2911 1746 2966 matre,
1771 2901 1923 2970 juxta
1973 2901 2159 2955 matris

2270 2909 2516 2980 ἐνεργείᾳ
2551 2906 2690 2960 κατὰ
2730 2907 2854 2968 τοὺς
2891 2905 3082 2968 ἄλλους
3121 2902 3372 2974 χριστοὺς
3404 2900 3480 2970 (2)
3515 2898 3840 2968 ἁγιάζουσα,

2261 2448 2320 2501 τὸ
2347 2447 2635 2518 νοούμενον
2661 2445 2790 2516 (99).
2859 2445 2984 2508 Υἱὸς
3031 2443 3087 2496 δὲ
3137 2443 3445 2514 ἀνθρώπου,
3489 2442 3580 2495 καὶ
3623 2439 3710 2493 διὰ
3741 2440 3840 2492 τὶν
3914 2473 3920 2482 ι

593 2997 790 3066 legem,
819 3004 874 3052 et
913 3009 1018 3049 non
1043 2995 1194 3064 juxta
1221 2993 1389 3063 legem
1421 2993 1804 3063 generationis.
1855 2991 2158 3056 Christus“,

2269 2999 2540 3072 παρουσίᾳ
2569 2999 2624 3051 δὲ
2656 2998 2776 3051 ὅλου
2801 2997 2895 3048 τοῦ
2927 2995 3166 3065 χρίοντος
3187 3009 3198 3020 ·
3240 2984 3307 3063 ἧς
3341 2991 3520 3062 ἔργον,
3551 2990 3843 3062 ἄνθρωπον

592 3095 812 3157 ιιιορτοιο
855 3084 1313 3138 divinitatemzea
1359 3081 1504 3136 enim
1565 3082 1919 3136 humanitatis
1976 3081 2159 3135 unctio

2270 3069 2496 3146 ἀκοῦσαι
2520 3069 2608 3160 7(5)
2635 3089 2696 3142 τὸ
2723 3089 2894 3159 χρίον,
2921 3087 3013 3140 καὶ
3045 3085 3266 3154 ποιῆσαι
3290 3083 3422 3137 Θεὸν
3447 3083 3507 3136 τὸ
3529 3083 3840 3156 χριόμενον

593 3188 696 3242 est,
734 3193 837 3232 non
867 3175 1201 3246 operatione,
1237 3183 1294 3228 ut
1325 3173 1376 3228 in
1423 3173 1542 3228 aliis
1578 3173 1820 3237 christis,
1863 3173 1956 3228 sed
1995 3172 2162 3227 totius

557 3262 562 3267 ”
595 3268 851 3340 ringentis
885 3267 1170 3336 praesentia
1203 3265 1552 3321 sanctiﬁcans
1591 3285 1604 3319 :
1641 3264 1796 3331 cujus
1825 3264 1914 3318 hic
1937 3261 2162 3318 ell‘eetus

593 3371 698 3426 est,
731 3369 788 3413 ut
815 3359 1052 3428 id,quod
1086 3358 1259 3428 ungit,
1292 3359 1454 3413 homo
1482 3366 1726 3423 vocetur,
1758 3363 1834 3420 et,
1873 3355 2016 3425 quod
2057 3371 2159 3409 un-

594 3451 757 3520 gitur,
819 3449 959 3504 Deus
1021 3450 1107 3504 ﬁat
1146 3468 1159 3503 :
1201 3448 1350 3514 Via",
1414 3458 1471 3502 ut
1524 3463 1618 3517 per
1675 3461 1733 3502 se
1793 3462 1888 3501 nos
1919 3447 2159 3513 ducens;

595 3540 806 3598 Ostium
832 3540 875 3604 ⁸,
906 3549 964 3592 ιιι
1014 3540 1390 3594 introductor:
1428 3538 1685 3604 Pastor”,
1737 3547 1795 3591 ut
1831 3551 1928 3591 nos
1967 3537 2019 3590 in
2052 3537 2166 3591 loco

537 3632 540 3635 ’
595 3648 810 3704 pascua:
863 3632 1159 3696 collocans,
1197 3641 1251 3688 et
1290 3647 1428 3702 aqua
1482 3631 1797 3687 refectionis
1843 3629 2164 3691 edueaas”,

597 3733 761 3794 atque
791 3723 916 3777 hinc
938 3723 1092 3778 nobis
1126 3722 1338 3777 itineris
1362 3723 1552 3776 ducem
1582 3736 1641 3776 se
1659 3720 1926 3790 praebens,
1962 3733 2166 3773 necnon

597 3817 856 3870 adversus
889 3813 1096 3869 belluas
1147 3829 1243 3883 pro
1291 3813 1445 3868 nobis
1505 3812 1808 3868 dimicans:
1839 3817 1951 3864 tum
1982 3811 2164 3869 etiam.

600 3913 660 3957 ut
707 3912 956 3957 errantes
1006 3917 1282 3968 revocans,
1315 3911 1370 3958 et
1399 3901 1562 3973 556
1607 3900 1844 3970 perditos
1884 3898 2168 3962 reducens,

599 4005 654 4049 et
674 3993 978 4049 contractos
1005 3993 1270 4062 obligans,
1300 4003 1354 4049 et
1389 3994 1632 4048 inﬁrmos
1681 3992 1963 4053 roborans.
1995 3999 2048 4044 et
2082 3990 2170 4043 lir-

601 4099 718 4139 mos
767 4099 831 4139 ac
869 4083 1074 4139 validos
1126 4085 1454 4151 custodiens,
1486 4095 1646 4154 atque
1695 4083 1761 4136 ad
1813 4081 2004 4136 futurae
2049 4081 2171 4135 vitae

601 4176 834 4241 caulam,
859 4190 955 4244 per
985 4175 1270 4246 pastoralis
1302 4175 1544 4230 scientiae
1592 4175 1850 4239 rationes,
1879 4172 2168 4243 colligens:

601 4270 730 4326 Ovis
757 4271 797 4302 “
825 4285 1007 4341 porro,
1065 4281 1124 4323 ut
1166 4267 1384 4324 victima
1426 4286 1440 4321 :
1476 4269 1658 4336 Agnus
1680 4267 1743 4331 ",
1775 4275 1831 4318 ut
1865 4263 2171 4333 perfectus:

670 4414 714 4446 ’θ
745 4413 760 4466 l
791 4414 913 4470 Cor.
949 4429 987 4477 ι,
1019 4413 1107 4466 50.
1187 4411 1201 4440 ¹
1230 4410 1357 4466 ibid.
1447 4408 1615 4464 'ibid.
1717 4405 1915 4477 '_Joan.
1945 4423 2021 4469 χι,
2048 4407 2138 4461 25.

2236 4408 2430 4464 ‘Joan.
2463 4427 2536 4472 ix,
2573 4409 2660 4463 11.
2737 4411 2757 4442 ⁵
2800 4409 2984 4463 Matth.
3027 4426 3171 4475 xxrv,
3207 4408 3296 4470 27,
3338 4409 3426 4462 44.

603 4483 692 4540 16.
742 4475 1071 4548 ".loan.1i|v,
1095 4481 1146 4536 6.
1224 4481 1244 4512 ⁸
1276 4479 1431 4534 Joan.
1465 4496 1520 4545 ι,
1556 4480 1610 4534 9.
1684 4485 1706 4516 '
1737 4475 1892 4534 Joan.
1925 4493 1979 4543 Χ,
2005 4477 2091 4530 11.

2270 4481 2374 4536 ’sal.
2411 4497 2546 4548 XXII,
2576 4481 2634 4535 2.
2714 4482 2751 4512 ¹¹
2777 4477 2876 4535 lsa.
2915 4496 3029 4544 Llll,
3057 4480 3108 4532 7.

2281 3182 2427 3246 Ὁδὸς
2461 3181 2536 3244 δὲ,
2589 3181 2663 3244 ὡς
2703 3180 2769 3232 δι’
2816 3176 3007 3232 ἑαυτοῦ
3046 3176 3224 3247 φέρων
3260 3177 3433 3246 ἡμᾶς·
3480 3174 3630 3246 Θύρα
3657 3174 3735 3238 δὲ,
3766 3173 3844 3239 ὡς

2271 3273 2604 3343 εἰσαγωγεύς
2631 3287 2646 3302 ο
2695 3271 2905 3340 Ποιμὴν
2937 3269 3013 3335 δὲ,
3045 3269 3120 3330 ὡς
3153 3268 3230 3330 εἰς
3267 3267 3430 3320 τόπον
3473 3267 3635 3336 χλόης
3673 3282 3847 3318 κατα-

2273 3365 2510 3434 σκηνῶν,
2545 3364 2638 3416 καὶ
2669 3361 2943 3432 ὲκτρέφων
2987 3359 3078 3412 ἐπὶ
3120 3358 3310 3422 ὓδατος
3342 3356 3719 3420 ἀναπαύσεως,
3749 3357 3848 3409 καὶ

2271 3453 2519 3506 ἐντεῦθεν
2549 3451 2778 3522 ὁδηγῶν,
2809 3451 2902 3503 καὶ
2927 3447 3286 3522 προπολεμῶν
3318 3448 3456 3501 κατὰ
3481 3446 3588 3501 τῶν
3613 3446 3844 3518 Θηρίων·

2270 3544 2331 3597 τὸ
2358 3541 2707 3613 πλανώμενον
2738 3542 3099 3612 ἐπιστρέφων,
3127 3541 3188 3594 τὸ
3221 3539 3496 3603 ἀπολωλὸς
3531 3539 3845 3606 ἐπανάγων,

2271 3637 2331 3689 τὸ
2379 3634 2833 3706 συντετριμμένον
2887 3633 3260 3704 καταδεσμῶν,
3300 3632 3356 3685 τὸ
3395 3631 3609 3703 ἰσχυρὸν
3649 3629 3853 3698 φυλάσ-

2277 3743 2406 3788 σων,
2441 3725 2532 3778 καὶ
2564 3725 2699 3796 πρὸς
2727 3725 2826 3794 τὴν
2856 3724 3066 3776 ἐκεῖθεν
3101 3725 3338 3794 μάνδραν
3381 3723 3626 3790 συνάγων
3665 3721 3850 3790 λόγοις

2277 3818 2635 3887 ποιμαντικῆς
2675 3817 2983 3888 ἐπιστήμης
3010 3832 3024 3847 ·
3056 3815 3331 3886 Πρόϐατον
3376 3815 3452 3880 δὲ,
3487 3815 3560 3878 ὼς
3589 3815 3846 3883 σφάγιον·

2289 3907 2482 3977 Ἀμνὸς
2519 3907 2599 3972 δὲ,
2626 3907 2699 3971 ὡς
2722 3907 2944 3961 τέλειον·
2999 3909 3311 3978 Ἀρχιερεὺς
3348 3907 3424 3978 (4)
3455 3908 3532 3970 δὲ,
3562 3908 3637 3971 ὡς
3678 3924 3850 3978 προσ-

2269 3998 2539 4067 αγωγεύς·
2603 3999 2939 4069 Μελχισεδὲκ
2967 3999 3045 4066 δὲ,
3069 3999 3143 4062 ὡς
3172 3999 3398 4070 ἀμήτωρ
3424 3997 3485 4051 τὸ
3512 3998 3649 4070 ὑπὲρ
3676 3999 3848 4068 ἡμᾶς,

2269 4091 2364 4143 καὶ
2395 4093 2622 4164 ἀπάτωρ
2651 4093 2712 4146 τὸ
2739 4093 2855 4146 καθ’
2883 4095 3032 4164 ἡμᾶς
3053 4109 3065 4124 ·
3099 4091 3191 4144 καὶ
3222 4091 3297 4154 ὡς
3323 4089 3748 4159 ἀγενεαλόγητος
3772 4090 3850 4160 (δ)

2269 4183 2330 4237 τὸ
2371 4183 2513 4238 ἄνω·
2549 4186 2668 4254 Τὴν
2700 4187 2805 4258 γὰρ
2837 4187 3039 4256 γενεὰν
3092 4185 3297 4248 αὑτοῦ,
3330 4184 3485 4255 φησὶ,
3521 4184 3611 4250 τίς
3644 4182 3853 4252 διηγή-

2284 4289 2448 4330 σεται
2470 4293 2487 4339 ;
2520 4278 2611 4330 καὶ
2636 4278 2709 4340 ὡς
2733 4277 2985 4347 βασιλεὺς
3010 4276 3218 4347 Σαλὴμ,
3241 4275 3446 4344 εἰρήνη
3469 4275 3524 4328 δὲ
3551 4275 3729 4342 τοῦτο,
3757 4275 3852 4328 καὶ

3523 4411 3544 4441 ⁸
3571 4408 3757 4462 Matth.
3800 4423 3841 4470 ι,

3215 4481 3258 4510 ¹²
3285 4479 3441 4533 Juatt.
3485 4494 3522 4543 ι,
3547 4478 3638 4535 29.

673 4600 784 4672 (92)
810 4599 1196 4672 ’Azurwnbr.
1226 4597 1359 4654 Tres
1382 4599 1572 4672 Regg.,
1604 4596 1928 4661 ἀπανιστάς.
1957 4595 2159 4662 Οιιοιι.1

2280 4620 2298 4652 ι
2337 4601 2551 4670 regibus
2579 4609 2640 4672 et
2657 4598 3024 4672 pontificibus,
3064 4598 3209 4672 )__qui_
3238 4596 3508 4652 unctionis
3547 4605 3850 4672 consortes,

603 4671 916 4734 ὲπανιστάς.

696 4740 784 4808 95)
827 4740 1154 4808 Ἃμαρτίας.
1187 4737 1352 4808 Coisl:
1379 4737 1432 4793 1.
1459 4737 1720 4808 γεύσεως.

697 4805 786 4878 94)
819 4805 898 4864 Διῖ
921 4805 1098 4877 ἡμᾶς.
1129 4808 1286 4878 Reg,
1313 4807 1498 4877 Cypr.,
1518 4805 1638 4860 καθ’
1663 4806 1828 4876 ἡμᾶς,
1854 4825 1872 4859 ι
1906 4820 2067 4876 quam
2083 4805 2174 4875 qui

602 4881 760 4936 nobis
787 4881 1000 4934 similis.
1037 4898 1054 4930 ι

675 4949 786 5018 (95)
812 4945 1402 5018 Προσλήψεωςπιὶοε.
1434 4945 1543 5010 bm,
1577 4944 1924 5018 προλήψεως.

674 5016 787 5086 (96)
818 5016 1136 5086 Ἄληπτόν.
1171 5017 1290 5071 Βίιι.
1333 5016 1370 5068 ι*
1392 5016 1936 5086 Ιιηρθηοβιίὶιὶὶειη.»

674 5083 788 5161 (97)
820 5083 1004 5161 Ζύμὴ,
1043 5089 1304 5161 Divinitas
1331 5083 1664 5161 intelligitur.
1700 5100 1818 5153 quae
1845 5085 1896 5138 in
1932 5083 2176 5147 Christo,

608 5179 627 5211 ι
672 5155 843 5214 instar
870 5155 1144 5217 frunienti.
1183 5175 1201 5208 ι
1234 5157 1551 5211 humanitati
1574 5155 1761 5223 juncta
1796 5162 1896 5208 est.
1938 5183 1950 5190 -

602 5301 631 5354 δ
656 5229 785 5320 ⁹(98)
815 5230 891 5283 Δι’
923 5228 1092 5284 ὅσον.
1125 5226 1288 5282 Coisl.
1333 5227 1389 5293 2,
1439 5222 1668 5296 quatuor
1703 5223 1854 5280 Colb.
1899 5229 1954 5279 et
1996 5222 2090 5279 0r.
2125 5223 2181 5289 1,

636 5319 652 5354 ι
701 5317 861 5354 οσων.

636 5301 669 5354 ι’
687 5301 861 5354 ὅσων.

606 5441 655 5496 ὁ,
814 5369 916 5494 alta
930 5369 997 5423 τὸ
1013 5369 1359 5438 νοούμενον.
1385 5384 1403 5418 ι
1434 5365 1658 5436 Propter
1684 5367 1758 5433 id,
1782 5384 1800 5418 ι
1821 5373 1926 5421 etc.
1952 5363 2180 5420 Ratione

646 5457 767 5494 ινιιιι
797 5459 823 5492 ῧὶ
856 5458 920 5494 IS.

646 5443 920 5494 ivinitatis.

678 5510 755 5579 (Ι)
795 5511 892 5576 Ὣς
927 5506 1152 5579 μητρὸς
1201 5507 1412 5579 νόμῳ,
1437 5507 1570 5572 καί,
1613 5519 1718 5563 etc.
1755 5505 1874 5579 Bill.
1906 5505 2056 5579 legit,
2103 5505 2178 5569 ὠς

610 5577 835 5652 μητρὸς,
860 5577 1009 5652 νόμῳ
1035 5577 1148 5642 καί,
1175 5587 1334 5652 etc._r
1376 5577 1441 5652 Ut
1472 5589 1666 5645 matre,
1698 5587 1751 5632 et
1785 5578 1937 5647 juxta
1982 5577 2174 5644 legem,

606 5649 847 5718 et‘supra
875 5649 1044 5719 legem
1073 5649 1454 5718 generationis.
1483 5667 1501 5700 ι

680 5717 1048 5792 (2)·’Λλλους
1075 5717 1380 5790 χριστούς.
1423 5737 1440 5772 ι
1474 5717 1608 5776 Aliis
1658 5719 1895 5787 christis,
1924 5736 1942 5770 ι
1993 5717 2047 5774 id
2071 5727 2172 5784 e5t,

2282 4689 2300 4722 ι
2344 4667 2489 4724 uncti
2531 4689 2551 4721 ι
2594 4667 2864 4728 dicuntur,
2896 4667 3050 4734 juxta
3086 4668 3211 4720 illud
3237 4681 3318 4735 ps.
3345 4682 3488 4729 κων,
3527 4685 3545 4718 ι
3583 4667 3750 4735 Uiixit
3793 4678 3849 4722 te
3899 4692 3910 4700 ι

2278 4741 2419 4794 Deus
2472 4739 2592 4794 oleo
2646 4739 2843 4792 laetitia:
2894 4753 3004 4806 prae
3040 4734 3380 4792 consortibus
3415 4738 3536 4790 tuis.
3577 4755 3596 4788 ι
3650 4734 3853 4790 Verum

2279 4811 2366 4864 isti
2415 4823 2518 4862 non
2572 4808 2671 4860 nisi
2716 4823 2810 4876 per
2845 4808 3074 4874 gratiam
3128 4807 3556 4871 sanctitlcantur,
3583 4821 3705 4861 eum
3749 4822 3858 4860 un-

2279 4881 2509 4947 ctiouem
2537 4892 2744 4930 sacram
2769 4877 3072 4947 accipiunt;
3105 4895 3122 4927 ι
3162 4877 3212 4947 in
3240 4877 3454 4930 Christo
3499 4886 3701 4947 autem,
3739 4895 3757 4928 ι
3797 4886 3857 4930 ιιι

2282 4948 2359 5002 ait
2409 4945 2614 5009 Billius,
2653 4965 2671 4998 ι
2719 4945 2984 5016 ιρεὶεεῐιιιιι
3015 4946 3309 5002 divinitatis
3333 4947 3619 5015 praesentia
3678 4946 3857 5000 locum

2282 5018 2548 5081 unctionis
2589 5020 2823 5072 tenebat.
2851 5035 2868 5068 ι

2359 5085 2432 5157 (5)
2467 5088 2804 5155 Ἄνθρωπον
2839 5086 3117 5144 ἀκοῦσαι.
3154 5087 3237 5144 0b
3277 5086 3526 5143 unionem
3571 5086 3768 5141 divinae
3791 5099 3861 5140 ac

2287 5155 2534 5211 humana:
2563 5169 2768 5212 natura:
2797 5157 2849 5212 in
2879 5173 2985 5212 una
3022 5173 3274 5226 persona,
3304 5169 3356 5213 et
3388 5174 3406 5207 ι
3447 5157 3610 5211 homo
3643 5175 3664 5210 ι
3691 5169 3858 5210 voca-

2291 5235 2376 5280 tur
2407 5245 2424 5278 ι
2459 5227 2615 5293 Deus,
2649 5248 2665 5279 ι
2703 5239 2756 5282 et
2791 5247 2808 5278 ‹
2850 5227 2988 5282 Deus
3012 5246 3032 5280 ι
3057 5227 3366 5296 appellatur
3393 5245 3412 5278 ι
3447 5227 3624 5296 homo.
3654 5243 3674 5278 ι

2361 5296 2438 5368 (li)
2471 5299 2988 5368 ’ApZtSpSﬁctelc.
3046 5295 3188 5352 Talis
3246 5306 3329 5352 est
3378 5295 3618 5366 pontifex
3672 5302 3860 5350 noster

2285 5364 2550 5432 Christus,
2578 5364 2675 5437 qui
2712 5385 2806 5421 nos
2835 5367 2979 5420 Patri
3011 5368 3285 5431 conciliat.
3317 5385 3336 5418 ι
3381 5364 3483 5436 per
3513 5380 3706 5434 quem,
3741 5382 3759 5416 ι
3797 5373 3860 5415 ut

2256 5439 2363 5518 .ait
2389 5440 2690 5518 Apostolus;
2728 5438 2882 5517 llum.
2915 5452 2966 5499 ν,
2999 5439 3068 5518 2,
3103 5455 3122 5489 ι
3159 5437 3419 5492 habemus
3449 5450 3728 5491 accessum
3761 5447 3860 5503 per

2286 5507 2448 5563 ﬁdem
2472 5511 2522 5562 in
2545 5510 2771 5576 gratiam
2801 5508 2980 5572 istam,
3013 5511 3064 5562 in
3093 5523 3197 5577 qua
3223 5518 3451 5569 stamus,
3483 5526 3501 5559 ι
3541 5515 3646 5560 etc.

2360 5580 2437 5650 (5)
2489 5577 2997 5650 Ἀτεγεαλόγητος,
3030 5587 3136 5635 etc.
3173 5595 3190 5629 ι
3222 5578 3384 5648 Cujus
3414 5577 3594 5634 divina
3623 5585 3858 5647 genera-

2287 5648 2467 5708 lio'cist
2496 5648 2797 5706 iucifabilis.
2820 5666 2839 5700 ι
