4038 6338
184 401 267 454 155

1175 385 1436 441 ORATIO
1480 386 1676 439 XXXl.
1718 413 1790 426 -ι-
1827 384 2265 441 ΤΠΕΟΙλΟΟῘΕᾹ
2307 387 2366 443 ν.

3298 391 3404 448 134

179 518 241 580 ὡς
262 513 549 581 βασιλεὺς
576 512 988 576 δικαιοσύνης,
1014 509 1110 562 καὶ
1137 509 1210 571 ὡς
1256 505 1606 562 ἀποδεκατῶν
1634 525 1731 561 πα-

1838 505 2083 562 Pontifex
2111 509 2176 575 ¹³,
2205 517 2262 563 ut
2302 507 2552 564 oblator:
2594 507 3071 576 Melchisedech“,
3105 516 3160 563 ut
3215 509 3404 566 matris

181 611 414 681 τριὰρχας
459 607 598 658 κατὰ
640 606 748 658 τῶν
794 602 1045 674 πονηρῶν
1079 601 1360 670 δυνάμεων
1392 599 1723 681 Δἀριστεύον-

178 677 478 767 ταςίἜχεις
499 697 598 757 τὰς
617 695 710 749 τοῦ
732 693 861 747 Υἱοῦ
887 691 1287 763 προσηγορίας’
1322 677 1500 758 βάδιζε
1531 689 1598 741 δι’
1632 688 1729 740 αὑ-

179 789 267 840 τῶν
286 804 297 815 ·
320 787 431 839 ὅσαι
455 801 515 837 τε
544 783 768 853 ὑψηλαὶ,
797 779 993 842 θεῖκῶς
1011 778 1106 847 (6),
1135 777 1228 830 καὶ⁵
1253 778 1372 829 ὅσαι
1399 775 1724 846 σωματικαὶ,

181 873 478 946 συμπαθῶς·
525 872 729 943 μᾶλλον
765 871 822 924 δὲ
867 868 987 923 ὅλον
1033 866 1249 929 θεῖκῶς,
1283 865 1374 919 ἵνα
1419 864 1552 936 γένῃ
1596 863 1728 926 Θεὸς

181 964 393 1019 κάτωθεν
413 962 676 1023 ἀνελθὼν,
701 961 788 1014 διὰ
817 960 908 1012 τὸν
950 956 1279 1011 κατελθόντα
1305 955 1374 1008 δι’
1409 955 1555 1026 ἡμᾶς
1591 953 1728 1007 ἄνω-

181 1051 273 1105 θεν.
317 1051 429 1103 Ἐπὶ
459 1053 615 1116 πᾶσι,
652 1050 746 1102 καὶ
781 1048 888 1120 πρὸ
920 1047 1140 1100 πάντων
1163 1086 1177 1108 ,
1215 1047 1392 1098 ἐκεῖνο
1423 1045 1609 1116 τήρει·
1636 1045 1727 1096 καὶ

155 1146 260 1196 ὀὐκ
280 1143 340 1196 ἂν
364 1143 626 1214 σφαλείης
653 1145 711 1194 ὲν
745 1144 858 1204 τοῖς
890 1139 1242 1211 ὑψηλοτέροις
1272 1137 1304 1208 ἦ
1331 1137 1728 1207 ταπεινοτέροις

180 1237 421 1306 ὀνόμασιν.
461 1235 672 1307 Ἰησοῦς
705 1233 960 1306 Χριστὸς,
991 1231 1116 1302 χθὲς
1157 1231 1249 1284 καὶ
1285 1231 1521 1302 σήμερον
1544 1246 1728 1298 σωμα-

179 1327 337 1389 τικῶς,
371 1329 399 1378 6
442 1327 613 1389 αὐτὸς
655 1323 1067 1395 πνευματικῶς,
1118 1322 1213 1375 καὶ
1248 1323 1328 1384 εἰς
1361 1321 1488 1384 τοὺς
1522 1320 1725 1384 αἰῶνας

178 1421 266 1472 τῶν
296 1419 518 1472 αἰώνων.
569 1419 765 1490 Ἀμήν.

1839 612 2054 666 expers,
2098 599 2243 666 quod
2277 599 2342 653 ad
2376 607 2626 653 naturam
2655 598 2800 654 illam
2829 606 3014 653 nostra
3046 597 3403 654 excelsiorem

1845 689 2064 751 attinet,
2097 700 2248 760 patre
2281 701 2460 745 autem
2487 704 2696 754 carens,
2733 700 2994 759 quantum
3029 688 3094 743 ad
3127 698 3400 743 nostram:

1835 789 1943 833 tum
1979 780 2140 834 etiam
2201 782 2325 850 quia
2359 781 2664 836 sublimitus
2711 783 2914 851 absque
2942 780 3256 852 genealogia
3302 792 3404 836 est.

1836 869 2260 942 (Generationem
2287 875 2424 927 enim
2463 872 2632 940 illius,
2658 873 2850 942 inquit,
2871 875 2986 942 quis
3005 871 3274 926 enarrabit
3307 871 3349 902 ⁸⁵
3364 872 3408 943 ?)

1828 961 1905 1014 Ac
1929 971 2206 1030 praeterea,
2235 974 2292 1017 ut
2328 963 2436 1031 Rea:
2461 963 2638 1018 Salem
2661 965 2727 1028 η,
2768 963 2868 1016 hoc
2889 971 2994 1027 est,
3022 964 3185 1031 pacis,
3215 970 3269 1017 et
3298 961 3410 1015 Rex

1823 1053 2080 1122 justitiw,
2128 1069 2191 1109 ac
2241 1057 2470 1124 denique
2505 1066 2562 1110 ut
2593 1071 2620 1108 a
2651 1056 2970 1125 patriarchis
3019 1057 3278 1110 adversus
3315 1068 3411 1123 pe-

1832 1144 2048 1200 stiferas
2078 1155 2371 1214 potestates
2401 1156 2620 1202 strenue
2661 1162 2773 1202 rem
2811 1146 3140 1216 gerentibus,
3170 1144 3406 1199 decimas

1832 1237 2126 1306 accipiens.
2159 1236 2334 1292 Habes
2374 1237 2491 1292 Filii
2534 1239 2942 1307 appellationes.
2981 1236 3082 1290 Per
3113 1249 3206 1289 eas
3252 1235 3404 1308 ince—

1832 1326 1926 1391 de;
1964 1343 2058 1397 per
2090 1344 2203 1393 eas,
2242 1331 2484 1399 inquam,
2522 1345 2732 1392 omnes,
2783 1345 2901 1398 quae
2951 1328 3207 1383 sublimes
3254 1333 3403 1388 sunt,

1834 1419 2032 1484 divine,
2085 1435 2180 1488 per
2229 1436 2518 1491 corporeas
2563 1429 2766 1486 autem,
2818 1421 3093 1474 humane:
3130 1419 3239 1474 imo
3275 1432 3403 1472 vero

179 1525 374 1580 prorsus
424 1511 637 1575 divine,
677 1521 736 1564 ut
792 1525 856 1564 cx
905 1509 1026 1564 imis
1078 1509 1228 1563 hisce
1283 1506 1604 1572 ascendens,
1631 1505 1728 1562 ﬁas
1767 1506 1906 1564 Deus
1933 1521 2152 1582 propter
2173 1529 2317 1579 eum,
2348 1514 2438 1583 qui
2463 1522 2684 1584 propter
2741 1526 2840 1566 nos
2907 1512 2972 1565 de
3034 1510 3282 1582 supernis
3311 1508 3407 1563 de-

178 1612 384 1657 scendit.
416 1601 626 1657 Praater
651 1602 857 1655 omnia.
893 1613 946 1656 et
975 1611 1100 1655 ante
1126 1600 1329 1664 omnia,
1362 1599 1489 1654 illud
1519 1614 1674 1655 serva
1703 1618 1717 1654 :
1761 1616 1860 1656 nec
1895 1613 1988 1658 aut
2011 1603 2063 1658 in
2091 1605 2514 1672 sublimioribus,
2581 1614 2674 1659 aut
2738 1602 3116 1674 ahjectioribus
3174 1599 3408 1656 nomini-

181 1696 266 1750 bus
295 1697 527 1752 errabis.
596 1696 753 1751 Jesus
777 1695 1046 1760 Christus,
1114 1693 1229 1748 heri
1297 1705 1350 1750 et
1415 1693 1575 1750 hodie
1608 1695 1984 1764 corporaliter,
2038 1698 2286 1770 idemque
2337 1700 2710 1770 spiritualiter,
2755 1709 2810 1754 et
2844 1699 2900 1754 in
2947 1699 3140 1754 sarcula
3177 1694 3409 1753 saeculo-

179 1807 297 1844 rum.
321 1792 512 1844 Amen.

235 1883 274 1914 ”
299 1881 454 1936 Hebr.
477 1897 558 1948 v1,
588 1880 679 1935 20.
757 1881 802 1913 “‘
830 1881 990 1935 llebr.
1019 1895 1114 1943 vn,
1152 1879 1202 1932 1.
1299 1879 1342 1910 ⁸⁸
1368 1875 1475 1932 lsa.
1510 1892 1631 1943 Lm,
1659 1876 1714 1932 8.

1817 1878 1859 1910 ¹⁸
1883 1877 2044 1933 Hebr.
2079 1893 2171 1942 vn,
2200 1878 2254 1933 2.

235 1993 302 2064 (6)
339 1992 571 2060 Θεικῶς.
615 2011 634 2044 ι
663 1993 922 2071 Divineg
961 1993 1010 2046 id
1043 2003 1144 2058 est,
1176 2009 1193 2043 ι
1241 1991 1449 2047 ratione
1477 1963 1983 2046 Deoconsen‘tanea.
2021 2007 2040 2040 ι

662 2308 1029 2398 ΛΟΓΟΣ
1059 2302 1255 2394 ΛΑ¹.

509 2499 594 2552 ΘΕ
603 2498 971 2552 ΟΛΟΓΙΚΟΣ
1009 2495 1376 2548 ΠΕΜΙΙῚῸΣ.

509 2629 647 2698 Περὶ
678 2628 786 2682 τοῦ
817 2627 988 2697 ἁγίου
1015 2625 1374 2694 Πνεύματος.

235 2791 305 2842 Αο.
351 2788 412 2841 '0
452 2787 547 2857 μὲν
580 2787 644 2858 δὴ
675 2785 804 2856 περὶ
834 2783 930 2836 τοῦ
961 2781 1090 2835 Υἱοῦ
1136 2781 1316 2850 λόγος,
1349 2777 1588 2841 τοιοῦτος
1618 2776 1729 2848 (7)·

178 2880 258 2932 καὶ
287 2879 428 2932 οὕτω
463 2878 794 2945 διαπέφευγε
834 2875 959 2938 τοὺς
998 2871 1343 2936 λιθάζοντας,
1386 2867 1607 2923 διελθὼν
1649 2869 1736 2923 διὰ

183 2971 328 3037 μέσου
364 2969 438 3039 (8)
480 2967 680 3020 αὐτῶν.
727 2964 788 3020 Ὀ
821 2964 977 3032 λόγος
1005 2963 1113 3034 γὰρ
1151 2963 1212 3015 οὐ
1255 2961 1550 3025 λιθάζεται,
1594 2959 1736 3013 λιθο-

179 3058 307 3110 ὃολεί
333 3058 408 3122 δὲ,
433 3059 559 3110 ὅταν
590 3054 768 3125 ἐθέλῃ,
797 3053 890 3107 καὶ
925 3051 1182 3122 σφενδονᾷ
1213 3050 1396 3122 θηρία,
1420 3049 1611 3117 λόγους
1640 3065 1739 3101 κα-

182 3149 284 3212 κῶς
305 3148 382 3220 τῷ
437 3149 552 3219 lipsi.
614 3145 1044 3217 προσϐαίνοντας
1095 3142 1191 3214 (9).
1245 3142 1310 3195 Τί
1352 3141 1397 3194 δ’
1437 3140 1502 3194 ἂν
1542 3141 1735 3203 εἴποις,

181 3243 319 3312 φασὶ,
349 3242 476 3312 περὶ
501 3239 593 3293 τοῦ
632 3239 788 3307 ἁγίου
824 3235 1174 3307 Πνεύματος;
1217 3233 1380 3288 πόθεν
1405 3235 1534 3304 ἡμῖν
1556 3234 1740 3285 ἐπεισ-

181 3337 348 3404 ἀγεις,
387 3333 533 3399 ξένον
579 3333 700 3386 θεὸν
745 3331 839 3385 καὶ
881 3330 1166 3401 ἄγραφον;
1223 3327 1392 3380 Τοῦτο
1423 3325 1522 3396 ἤδη
1562 3325 1656 3377 καὶ
1692 3327 1739 3377 οἱ

181 3429 295 3498 περὶ
319 3428 406 3480 τὸν
431 3426 558 3478 Υίὸν
589 3423 991 3495 μετριάζοντες.
1018 3422 1196 3490 ’Ὀπερ
1221 3418 1330 3490 γὰρ
1356 3418 1449 3470 ἐπὶ
1476 3416 1584 3470 τῶν
1606 3415 1740 3469 ὁδῶν

185 3523 344 3590 εὑρεῖν
376 3519 491 3570 ἐστι
527 3517 616 3570 καὶ
653 3515 762 3569 τῶν
801 3513 1083 3586 ποταμῶν,
1121 3509 1394 3583 σχίζονται
1420 3526 1480 3562 τε
1521 3510 1613 3564 ἀπ’
1649 3509 1744 3562 ἁλ-

183 3613 357 3683 λήλων,
391 3613 488 3666 καὶ
529 3611 609 3673 είς
639 3608 1228 3681 ἄλληλαισυναγονται·
1271 3601 1428 3656 τοῦτο
1467 3599 1743 3656 κάνταῦθα

187 3705 468 3774 συμϐαίνει,
509 3704 597 3757 διὰ
630 3703 722 3756 τὸν
763 3700 993 3754 πλοῦτον
1037 3700 1135 3770 τῆς
1179 3703 1456 3761 ασεόείας,
1491 3704 1585 3750 καὶ
1617 3708 1742 3759 τους

183 3795 242 3848 τὰ
269 3797 394 3849 ἄλλα
421 3793 720 3855 διεστῶτας
739 3794 798 3845 ἐν
825 3790 1004 3854 ἄλλοις
1030 3788 1420 3860 συμφέρεσθαι,
1441 3787 1582 3841 ὥστε
1609 3787 1741 3858 μηδὲ

2279 2307 2655 2384 ΟΒΑΤΙΟ
2677 2307 2979 2384 ΧΧΧῐιι.

2213 2489 2304 2543 Tll
2319 2488 2676 2545 IL'OLOGICA
2721 2492 3024 2558 QUINTA.

2355 2621 2428 2676 De
2461 2621 2657 2692 Spiritu
2685 2637 2885 2681 sancto.

1910 2777 1950 2832 l.
1990 2776 2070 2833 Ac
2109 2777 2174 2833 de
2220 2777 2357 2833 Filio
2385 2781 2595 2850 quidem
2652 2781 2776 2838 talis
2828 2792 2912 2838 est
2955 2794 3139 2841 nostra
3187 2785 3400 2844 oratio:

1841 2878 2000 2940 atque
2033 2871 2099 2925 ad
2131 2871 2276 2928 hunc
2320 2871 2532 2928 modum
2580 2872 2926 2943 lapidantium
2978 2877 3234 2948 impetum
3269 2879 3404 2933 ell'u-

1841 2964 1936 3032 git,
1968 2977 2064 3031 per
2109 2953 2342 3018 medium
2398 2962 2632 3034 ipsorum
2671 2966 2960 3022 transiens.
2989 2969 3176 3025 Oratio
3205 2971 3404 3040 quippe

1841 3069 1946 3110 non
1975 3054 2244 3122 lapidatur
2267 3073 2281 3108 :
2308 3069 2492 3110 verum
2525 3054 2730 3126 lapides
2753 3057 2890 3124 ipsa,
2911 3073 3032 3113 cum
3059 3058 3225 3125 lubet,
3246 3059 3402 3129 jacit,

1841 3162 1904 3201 ac
1949 3145 2179 3212 belluas,
2236 3147 2339 3202 hoc
2387 3156 2489 3214 est,
2515 3162 2818 3216 sermones,
2870 3150 3010 3206 male
3056 3153 3120 3206 ad
3166 3163 3402 3207 montem

1841 3237 2188 3294 ascendentes
2221 3240 2290 3303 ”,
2338 3239 2500 3294 funda
2556 3240 2868 3298 insectatur.
2917 3243 3023 3298 Sed
3073 3244 3139 3298 de
3199 3244 3402 3316 Spiritu

1841 3337 2047 3392 sancto,
2104 3330 2372 3398 inquiunt,
2427 3330 2554 3398 quid
2611 3330 2854 3388 dixe’ris?
2883 3331 3034 3388 Unde
3064 3335 3217 3390 nobis
3249 3351 3404 3404 perc-

1841 3420 2049 3488 grinnm
2093 3420 2285 3487 Deum,
2322 3421 2570 3489 nulloque
2624 3419 2916 3493 Scriptura:
2968 3424 3085 3480 loco
3133 3427 3402 3495 proditum

1845 3510 2186 3566 introducis?
2223 3513 2398 3582 Atque
2430 3511 2642 3567 bocilli
2673 3528 2886 3583 quoque
2908 3515 3192 3584 objiciunt,
3223 3516 3313 3584 qui
3337 3517 3404 3570 de

1846 3601 1981 3660 Filio
2006 3601 2336 3666 moderatius
2367 3602 2624 3657 sentiunt.
2657 3604 2789 3660 Nam
2807 3607 2990 3677 quod-
3003 3607 3054 3660 in
3099 3605 3198 3662 viis
3226 3607 3404 3663 et-lln-

1844 3693 1942 3748 viis
1989 3709 2226 3764 reperire
2257 3706 2360 3760 est,
2392 3707 2500 3749 uta
2526 3707 2588 3750 se
2613 3697 2842 3751 invicem
2868 3707 3140 3763 secentur,
3183 3714 3246 3753 ac
3284 3715 3404 3752 rur-

1844 3800 1933 3842 sus
1981 3786 2124 3842 inter
2170 3800 2229 3840 se
2282 3796 2516 3852 coeant;
2551 3789 2696 3842 idem
2768 3789 2856 3842 hic
2893 3802 3105 3857 quoque
3131 3787 3298 3861 (tanta
3321 3800 3405 3845 est

183 3891 448 3956 γινώσκειν
479 3885 739 3957 καθαρῶς
767 3884 1024 3939 δύνασθαι
1055 3882 1116 3936 τὸ
1143 3881 1442 3952 συμφέρον,
1482 3881 1516 3950 ἢ
1540 3879 1601 3933 τὸ
1638 3895 1731 3951 μα-

1839 3876 2128 3946 impietatis
2177 3876 2397 3932 ubertas
2451 3886 2504 3934 et
2530 3879 2680 3949 c0pia
2704 3878 2760 3951 ε)
2793 3895 2888 3934 usu
2915 3879 3080 3944 venit,
3118 3890 3198 3942 ut,
3224 3881 3314 3952 qni
3350 3883 3404 3936 in

183 3981 406 4051 χύμενον.

1844 3967 1962 4026 aliis
1991 3969 2148 4024 rebus
2197 3971 2337 4026 inter
2359 3985 2418 4027 se
2444 3971 2728 4037 dissident,
2765 3975 2815 4026 in
2863 3972 3183 4042 quibusdam
3215 3990 3404 4030 rursus

185 4074 522 4136 consentiant,
585 4070 656 4124 ita
712 4077 770 4122 ut
825 4083 890 4122 ne
941 4067 1100 4136 plane
1152 4064 1367 4134 quidem
1411 4061 1636 4136 intelligi
1704 4075 1761 4114 ac
1834 4059 2064 4129 perspici
2103 4063 2296 4130 possit,
2329 4061 2409 4118 vel
2448 4077 2553 4132 qua
2609 4062 2662 4116 in
2720 4077 2778 4118 re
2827 4065 3192 4131 consentiant,
3233 4067 3316 4122 vel
3350 4067 3404 4123 in

183 4181 274 4235 qna
297 4166 639 4221 contendant.

245 4263 310 4315 B'.
345 4263 498 4332 Ἔχει
526 4260 626 4332 μὲν
655 4253 748 4313 οὖν
768 4275 820 4311 τι
848 4257 943 4310 καὶ
965 4255 1224 4328 δυσχερὲς
1246 4257 1274 4309 6
1303 4253 1430 4325 περὶ
1447 4251 1542 4306 τοῦ
1569 4247 1728 4304 Ilvati-

186 4369 336 4421 ματος
359 4353 538 4421 λόγος,
570 4351 632 4402 οὐ
668 4351 826 4422 μόνον
863 4351 944 4404 ὅτι
974 4353 1031 4403 ὲν
1065 4351 1179 4412 τοῖς
1209 4346 1338 4418 περὶ
1364 4346 1460 4400 τοῦ
1489 4339 1607 4398 Tini
1640 4339 1727 4391 λό-

184 4459 286 4510 γοις
315 4443 686 4514 ἁποκαμὸντες
707 4444 755 4495 οἱ
788 4441 1081 4512 ἄνθρωποι,
1110 4439 1435 4511 θερμότερον
1461 4434 1532 4502 τῷ
1555 4430 1728 4485 Πνεύ-

187 4554 306 4605 ματι
339 4535 769 4605 προσπαλαίουσι
822 4535 947 4608 (χρὴ
1002 4533 1108 4606 γάρ
1161 4550 1216 4586 τι
1274 4532 1477 4588 πάντως
1533 4521 1728 4585 αὐτοὺς

182 4624 470 4695 ἀσεϐεῖν,ἢ
521 4625 643 4678 οὐδὲ
696 4623 891 4694 βιωτός
937 4625 1085 4677 ἐστιν
1129 4622 1312 4684 αὐτοῖς
1350 4621 1376 4670 ὁ
1403 4611 1569 4681 βίος).
1615 4610 1725 4662 ἀλλ’

183 4716 254 4768 ὅτι
291 4717 380 4769 καὶ
407 4719 569 4786 ἡμεῖς
601 4715 682 4786 τῷ
735 4715 928 4786 πλήθει
963 4713 1070 4768 τῶν
1111 4711 1426 4786 ζητημάτων
1473 4705 1733 4755 ἀποκναι’

185 4805 386 4869 σθέντες
416 4806 550 4877 (l0),
577 4805 776 4860 ταυτὸν
805 4804 916 4874 (li)
949 4789 1227 4873 πάσχομεν
1261 4801 1366 4856 τοῖς
1399 4792 1725 4855 κακοσίτοις·

185 4896 226 4948 οἳ
252 4897 460 4951 ἐπειδὰν
494 4898 633 4969 πρός
665 4915 717 4949 τι
754 4895 864 4950 τῶν
902 4895 1206 4968 βρωμάτων
1241 4883 1555 4955 ἀηδισθῶσι,
1594 4883 1730 4953 πρὸς

186 4991 345 5042 πάντα
373 4991 526 5060 λόγον
577 4989 800 5061 ὁμοίως,
850 4988 1039 5059 ὥσπερ
1091 4983 1272 5040 ἐκεῖνοι
1327 4978 1460 5048 πρὸς
1503 4975 1728 5048 τροφὴν»

185 5080 608 5154 δυσχεραίνομεν.
632 5083 822 5152 Ὅμως
845 5080 1036 5135 διδότω
1051 5082 1102 5128 τὸ
1121 5071 1359 5138 Πνεῦμα,
1392 5069 1484 5121 καὶ
1513 5071 1538 5122 ὁ
1574 5069 1730 5136 λόγος

185 5172 477 5244 δραμεῖται,
524 5174 620 5227 καὶ
669 5177 698 5227 6
743 5173 875 5236 Θεὸς
927 5166 1318 5234 δοξασθήσεται.
1374 5162 1446 5214 Τὸ
1498 5161 1596 5230 μὲν
1637 5155 1728 5212 οὖν

1907 4246 2066 4317 557
2097 4243 2158 4300 ll.
2193 4244 2256 4299 Et
2281 4245 2498 4314 quidem
2532 4244 2583 4297 in
2615 4244 2718 4300 hac
2747 4245 2813 4299 de
2841 4243 3042 4314 Spiritu
3070 4257 3258 4303 sancto
3289 4249 3404 4305 dis-

1837 4342 2143 4412 putatione,
2177 4337 2420 4393 nonnihil
2454 4337 2592 4391 inest
2629 4335 2952 4392 ditIicultatis
3005 4348 3061 4393 et
3117 4339 3402 4407 molestiae,

1836 4449 1940 4487 non
1977 4433 2077 4488 hoc
2097 4431 2267 4486 solum
2296 4431 2530 4494 nomine,
2554 4430 2696 4497 quod
2717 4427 2961 4482 homines
2981 4430 3404 4488 insermonibns

1835 4525 1902 4579 de
1925 4523 2059 4579 Filio
2090 4522 2245 4576 fracti
2285 4536 2347 4575 ac
2403 4519 2691 4582 debilitati,
2745 4519 3045 4575 acrioribus
3082 4523 3275 4576 animis
3310 4525 3408 4577 ad-

1838 4630 2025 4668 versus
2084 4612 2344 4682 Spiritum
2381 4611 2653 4663 luctantur
2707 4609 2950 4679 (omnino
2989 4613 3130 4666 enim
3183 4628 3277 4670 eos
3303 4615 3406 4669 ali-

1837 4724 1937 4776 qua
1969 4707 2024 4762 in
2055 4721 2112 4761 re
2161 4704 2358 4773 impios
2399 4718 2458 4758 se
2508 4703 2746 4772 prmbcre
2801 4717 3023 4759 necesse
3079 4716 3182 4772 est,
3210 4716 3405 4762 autne

1837 4799 2014 4854 vitalis
2045 4798 2285 4869 quidem,
2313 4806 2372 4851 ut
2406 4795 2508 4852 dici
2567 4797 2723 4865 solet,
2757 4798 2856 4870 ipsi
2904 4799 3012 4853 vita
3051 4799 3182 4870 est),
3219 4815 3404 4856 verum

1835 4885 1998 4940 etiam
2030 4884 2154 4955 quia
2205 4898 2305 4939 nos
2353 4899 2588 4954 quoque,
2643 4889 3000 4956 quaestionum
3063 4889 3405 4945 multitudine

1835 4975 2040 5046 fatigati
2075 4987 2128 5032 et
2149 4978 2347 5044 enecti,
2378 4977 2585 5031 similes
2627 4993 2818 5034 sumus
2868 4980 2960 5046 iis,
3011 4980 3101 5049 qui
3157 4982 3400 5035 ciborum

1837 5069 2055 5125 fastidio
2075 5069 2340 5126 laborant.
2363 5069 2819 5138 Quemadmodum
2835 5072 2978 5125 enim
3003 5072 3096 5136 illi,
3125 5080 3408 5142 postquam

1839 5162 2069 5232 alicujus
2098 5165 2203 5218 cibi
2235 5164 2506 5219 fastidium
2537 5171 2944 5227 contraxerunt,
2978 5179 3167 5218 omnes
3191 5180 3406 5234 quoque

187 5263 444 5334 ἐπιμελῶς
481 5263 758 5330 ἐξετάζειν
805 5264 898 5317 καὶ
933 5255 1279 5327 διαιρεῖσθαι,
1321 5252 1570 5322 ποσαχῶς
1609 5252 1640 5321 ἢ
1677 5254 1731 5305 τὸ

1842 5257 1991 5312 cibos
2018 5266 2361 5322 aversantur,
2398 5257 2587 5312 eodem
2625 5269 2838 5325 quoque
2867 5256 3024 5311 modo
3045 5270 3140 5312 nos
3163 5271 3226 5311 ex
3254 5257 3413 5311 unius

251 5403 288 5434 ⁸⁷
319 5404 486 5461 Exod.
517 5421 632 5469 xix,
678 5406 761 5462 12.

250 5571 274 5599 ι
302 5560 443 5616 Alias
471 5576 691 5626 xxxv“;
742 5582 856 5628 qua.
903 5561 1068 5607 .utem
1097 5552 1160 5605 ’51
1195 5561 1344 5613 crat,
1380 5563 1521 5604 nunc
1551 5549 1638 5604 57.
1672 5578 1733 5587 ~—

185 5628 528 5702 Habitaianno
567 5632 708 5702 580.»
935 5693 942 5698 .
1000 5691 1024 5702 -

267 5702 318 5770 7)
350 5701 636 5770 Ταῦ-ἔτη-
675 5700 1140 5770 ἑλέ-...έὶὶιεοοῡτοςο
1160 5763 1179 5770 _
1470 5760 1532 5770 Π
1565 5721 1568 5724 η

267 5703 318 5770 7)
350 5703 636 5761 Tomi-1“
675 5703 759 5748 9.".
801 5703 1140 5770 .|,._'c0'ou1:og.
1565 5721 1568 5724 -

249 5703 322 5842 ξε)
351 5761 916 5842 Δώ,νμέσου.,Αιιυόιι
937 5765 1004 5816 ad
1027 5770 1137 5816 haec
1160 5763 1337 5832 Lucr,
1363 5777 1438 5828 tv,
1469 5760 1558 5828 50,
1585 5778 1601 5813 t
1627 5758 1733 5816 Per

188 5836 406 5899 medium
427 5836 642 5896 illorum
670 5836 806 5891 ibat.
833 5851 852 5885 ι

1918 5547 1993 5618 (9)
2025 5546 2524 5615 Προσϐαίνοντας.
2590 5545 2808 5615 Vulgata
2849 5560 3058 5609 vcrsw,
3104 5562 3125 5596 ι
3155 5544 3416 5599 acceden-

1847 5629 2043 5769 ῐθῗιθ),
2067 5685 2604 5753 Ἀποκναισθέντες.
2646 5685 2895 5750 Budaeus,
2929 5704 2948 5738 ι
2983 5683 3180 5752 enecti,
3213 5683 3416 5751 vexati,

1839 5767 2067 5830 gravati.
2103 5777 2122 5810 ι

1911 5829 2024 5899 (ll)
2063 5827 2302 5883 Ταυτόν.
2339 5826 2453 5883 Duo
2477 5828 2670 5898 Regg.,
2698 5828 2748 5880 τ’
2764 5827 2917 5884 αὐτό.
