4038 6338
264 280 379 336 Ιὸἳ

1302 277 1562 336 ORATIO
1595 280 1791 336 XXXI.
1834 314 1902 323 —
1941 282 2389 340 TllEOLOGlCA
2429 285 2493 339 ν.

3417 284 3519 340 158

263 394 437 466 μεθα.
484 395 545 447 Et
568 394 625 447 δὲ
656 395 749 447 καὶ
784 393 1222 465 φοϐηθησόμεθα,
1254 396 1636 467 ἡσυχάζοντες,
1663 399 1720 451 οὐ
1757 416 1847 468 κηα

1958 400 2189 456 diamur.
2224 400 2480 468 Spiritum
2523 400 2829 466 eﬂ‘eremus,
2862 415 2967 455 non
3020 409 3337 456 metuemus.
3367 401 3520 469 Quod

260 485 590 557 ρύσσοντες.

342 666 419 718 Δ’.
450 665 514 717 El
546 660 616 734 ἦν
664 666 754 718 ὅτε
791 667 890 719 οὐκ
933 662 1000 736 ἦν
1033 667 1061 718 ὀ
1102 666 1308 738 Πατὴρ,
1346 663 1414 738 ἦν
1456 670 1543 721 ὅτε
1582 670 1680 722 οὐκ
1716 666 1782 741 ἦν
1820 672 1847 721 ὁ

262 754 427 817 Υἱός.
458 754 520 808 El
543 751 609 827 ἦν
640 756 730 809 δτε
760 757 858 810 οὐκ
880 753 948 827 ἦν
970 759 998 809 ὁ
1024 758 1172 821 Υἱὸς,
1202 754 1269 828 ἦν
1293 759 1380 811 ὅτε
1401 759 1522 812 οὐδὲ
1542 760 1601 812 τὸ
1625 759 1848 832 Πνεῦμα

260 844 335 898 τὸ
371 847 523 914 ἅγιον
557 847 691 915 (21).
726 849 789 900 Et
827 848 887 900 τὸ
925 848 982 901 ἓν
1018 844 1087 919 ἦν
1126 849 1221 901 ἀπ’
1257 850 1593 921 ἀρχῆςμκαὶ
1625 850 1693 904 τὰ
1721 850 1848 922 τρία

258 931 341 1007 ἦν
371 938 504 1008 (22).
532 939 595 990 El
638 939 701 992 τὸ
737 939 796 993 ἓν
844 940 994 993 κάτω
1040 940 1269 1011 βάλλεις,
1308 941 1510 1012 τολμῶ,
1552 943 1647 995 καὶ
1684 942 1845 1012 λέγω,

266 1028 414 1099 μηδὲ
448 1028 513 1081 τά
534 1029 629 1081 δύο
660 1029 758 1100 θῇς
783 1030 895 1083 ἄνω
928 1030 1061 1101 (25).
1096 1032 1191 1095 Τίς
1218 1031 1327 1103 γὰρ
1353 1032 1573 1096 ἀτελοῦς
1599 1033 1848 1104 θεότητος

259 1120 499 1189 ὀνησιςς
549 1122 769 1174 Μᾶλλον
805 1122 863 1174 δὲ
905 1122 987 1184 τίς
1033 1122 1245 1194 θεότης,
1293 1126 1341 1176 εί
1383 1125 1455 1195 μὴ
1484 1125 1664 1178 τελεία
1694 1126 1845 1197 (21);

262 1209 469 1264 Τελεία
495 1211 551 1264 δὲ
582 1212 716 1285 πῶς,
827 1214 1000 1269 λείπει
1045 1233 1099 1268 τι
1137 1215 1271 1286 πρὸς
1312 1215 1622 1281 τελείωσιν;
1659 1217 1848 1271 Λείπει

258 1303 327 1356 δέ
366 1322 502 1367 πως,
542 1305 618 1376 μὴ
666 1306 865 1380 ἐχούσῃ
901 1307 959 1359 τὸ
1008 1307 1182 1377 ἅγιον.
1221 1308 1372 1378 Ἕχοι
1410 1308 1456 1361 δ’
1488 1308 1554 1363 ἂν
1596 1309 1735 1374 πῶς,
1774 1311 1847 1383 μὴ

258 1393 431 1448 τοῦτο
460 1395 690 1465 ἔχουσα;
726 1398 788 1449 Ei
828 1397 935 1469 γὰρ
982 1398 1094 1469 (ΞΒ)
1132 1399 1264 1469 ἄλλη
1319 1416 1403 1462 τις
1442 1400 1591 1471 παρά
1624 1400 1781 1455 τοῦτο
1813 1404 1846 1473 ἡ

262 1486 523 1557 ἀγιότης,
553 1484 646 1541 καὶ
667 1490 787 1559 ἥτις
816 1489 954 1560 αὐτη
988 1493 1210 1554 νοεῖται,
1252 1490 1456 1560 λεγέτω
1484 1510 1567 1557 τις
1590 1510 1603 1523 ·
1633 1493 1664 1564 ἢ
1691 1493 1848 1565 εἴπερ

258 1577 297 1645 ἠ
333 1576 497 1646 αὐτὴ,
529 1577 645 1641 πῶς
673 1580 775 1631 οὐκ
805 1579 899 1631 ἀπ’
926 1580 1098 1650 ἀρχῆς
1125 1598 1139 1647 ;
1175 1579 1364 1650 ὥσπερ
1392 1578 1502 1651 (ἳϐ)
1537 1577 1766 1651 ἄμεινον’
1790 1582 1847 1636 ὃν

259 1664 351 1735 τῷ
381 1665 518 1736 Θεῷ,
550 1663 685 1721 εἷναί
716 1687 842 1723 ποτε
876 1669 1073 1733 ἀτελεῖ,
1109 1670 1200 1722 καὶ
1227 1669 1348 1740 δίχα
1379 1670 1471 1723 τοῦ
1506 1671 1841 1742 Πνεύματος.

1950 491 1994 545 si
2039 492 2203 545 etiam
2248 501 2573 559 metuemus,
2617 494 2671 547 id
2713 493 2784 546 ita
2812 492 2937 558 erit,
2972 499 3030 547 ut
3069 492 3372 562 quiescere,
3413 508 3522 549 non

1949 582 2263 650 prmdicare,
2291 591 2615 639 metuamus.
3230 652 3235 657 θ

2018 671 2106 725 ιν.
2136 672 2193 726 Si
2256 671 2357 727 fuit
2410 682 2619 743 tempus
2679 687 2803 728 cum
2861 687 2967 728 non
3022 682 3164 729 esset
3194 671 3374 739 Pater,
3420 671 3522 729 fuit

1948 778 2159 833 quoque
2209 778 2333 819 cum
2396 778 2499 819 non
2559 772 2703 818 esset
2767 764 2956 820 Filius.
3013 764 3071 820 Si
3144 764 3245 820 fuit
3310 775 3521 835 tempus

1949 868 2070 908 cum
2134 869 2239 909 non
2310 862 2456 909 esset
2512 853 2729 920 Filius,
2819 855 2920 909 fuit
2997 870 3208 925 quoque
3281 870 3404 911 cum
3453 870 3522 910 ne

1950 943 2184 1015 Spiritus
2211 946 2428 1015 quidem
2478 954 2641 1000 esset.
2700 944 2759 999 Si
2787 960 2949 999 unum
2994 960 3025 1000 a
3079 946 3342 1016 principio
3380 955 3518 1011 erat,

1950 1035 2137 1103 utique
2164 1044 2218 1088 et
2253 1035 2373 1089 tria.
2409 1033 2463 1089 Si
2515 1050 2679 1088 unum
2722 1034 2928 1104 dejicis,
2979 1036 3153 1090 audax
3186 1038 3290 1092 hoc
3319 1036 3516 1100 dicam,

1952 1140 2016 1179 ne
2042 1127 2144 1179 duo
2177 1126 2394 1195 quidem
2422 1128 2701 1196 superiore
2761 1126 2878 1181 loco
2916 1125 3164 1181 colloces.
3217 1126 3345 1193 Quae
3373 1127 3518 1181 enim

1952 1213 2282 1283 imperfecue
2316 1215 2534 1270 deitatis
2563 1214 2801 1270 utilitas?
2829 1215 2940 1270 lmo
2968 1229 3087 1284 quae
3114 1214 3306 1280 deitas,
3341 1216 3386 1270 si
3428 1216 3521 1269 im-

1949 1304 2492 1375 perfecta?Perfecta
2530 1316 2709 1360 autem
2737 1307 3003 1375 quomodo
3059 1305 3185 1371 erit,
3230 1306 3281 1359 in
3321 1321 3426 1375 qua
3454 1307 3519 1360 ad

1947 1395 2333 1465 perfectionem
2358 1396 2561 1466 aliquid
2594 1397 2963 1451 desideretur?
2987 1396 3518 1460 Desideraturenim,

1949 1488 1991 1543 si
2010 1488 2294 1543 sanctitate
2306 1487 2661 1542 carcat.llanc
2676 1502 2837 1557 porro
2855 1486 3125 1557 quomodo
3142 1487 3341 1542 habere
3355 1495 3522 1556 queat

1950 1578 2005 1632 ni
2034 1577 2297 1648 Spiritum
2334 1579 2571 1635 habeat?
2600 1577 2658 1633 Si
2709 1579 2851 1633 enim
2911 1579 3014 1633 alia
3046 1578 3291 1648 quaedam
3330 1587 3523 1648 praeter

1952 1670 2098 1725 illum
2129 1669 2392 1726 sanctitas
2448 1680 2555 1738 est,
2587 1686 2705 1739 quae
2761 1670 2974 1725 tandem
3039 1671 3123 1723 illa
3176 1669 3521 1739 intelligenda

262 1757 335 1809 Εί
373 1758 447 1829 μὴ
473 1735 567 1810 ἀπ’
596 1761 771 1830 ἀρχῆς
798 1757 889 1831 ἦν,
919 1762 1034 1830 μετ’
1065 1761 1199 1831 ἐμοῦ
1243 1735 1519 1828 τέτακται,
1543 1735 1721 1816 καὶ-εί
1755 1735 1846 1833 μι-

1953 1763 2022 1819 sit
2055 1765 2198 1819 dicat
2222 1735 2675 1833 quispiamaaut,
2700 1763 2744 1818 si
2776 1762 2991 1833 quidem
3039 1763 3225 1816 eadem
3276 1735 3388 1815 haec
3417 1770 3518 1824 est.

262 1849 406 1917 χρὸν
433 1850 540 1919 πρὸ
564 1850 698 1920 ἐμοῦ
715 1869 728 1881 ·
757 1852 932 1922 χρόνῳ
954 1852 1062 1921 γὰρ
1087 1853 1194 1906 ἀπὸ
1214 1852 1348 1906 Θεοῦ
1376 1852 1487 1925 (27)
1510 1854 1843 1924 τεμνόμεθα.

264 1939 335 1990 ΕΞ
366 1939 625 1993 τέτακται
657 1942 776 2011 μετ’
812 1940 966 2012 ἐμοῦ,
998 1940 1114 2005 πῶς
1155 1941 1252 2012 ἐμὲ
1302 1944 1442 1995 ποιεῖ
1467 1941 1625 2007 θεόν;
1663 1943 1695 2014 ἦ
1731 1943 1847 2007 πῶς

264 2031 537 2084 συνάπτει
572 2031 816 2101 Oed-mn;

1952 1853 2078 1923 quid
2145 1852 2322 1908 aﬂerri
2375 1862 2576 1923 potest,
2627 1854 2977 1924 quamobrem
3043 1869 3147 1908 non
3189 1854 3297 1922 jam
3345 1852 3518 1907 indea

1950 1944 2212 2013 principio
2231 1942 2417 1999 fuerit?
2433 1943 2595 2010 Quasi
2610 1958 2737 1999 vero
2754 1944 3061 2013 prrcstiterit
3084 1944 3214 2008 Deo,
3234 1944 3522 2015 aliqnaz.do

1954 2025 2326 2104 imperfectum
2354 2035 2648 2100 exstitisse,
2682 2049 2743 2089 ac
2796 2025 3029 2102 Spiritus
3084 2044 3376 2103 expertem“
3401 2035 3459 2090 Si
3490 2049 3520 2088 a

266 2127 542 2196 principio
570 2142 675 2181 non
730 2138 867 2192 erat,
925 2142 1058 2182 mete
1111 2127 1303 2183 classis
1342 2136 1503 2196 atque
1529 2126 1737 2182 ordinis
1774 2136 1878 2194 est,
1916 2129 2126 2184 etiamsi
2159 2145 2245 2186 me
2276 2130 2519 2185 nonnihil
2555 2127 2853 2185 antecedat.
2886 2129 3165 2199 Temporis
3188 2129 3328 2185 enim
3360 2130 3524 2185 inter-

265 2218 431 2273 stitio
483 2235 511 2273 a
553 2220 661 2275 Deo
709 2221 1037 2275 dirimimur.
1106 2219 1269 2275 Porro
1330 2220 1371 2275 si
1416 2220 1655 2291 ejusdem
1725 2235 1931 2276 mecum
1975 2221 2165 2278 classis
2202 2233 2304 2289 est,
2337 2238 2443 2293 quo
2462 2232 2622 2293 pacto
2670 2237 2753 2277 me
2819 2223 2977 2277 deum
3039 2222 3236 2279 eilicit?
3282 2232 3375 2277 aut
3416 2237 3521 2291 quo

265 2319 433 2378 pacto
467 2326 586 2364 cum
616 2311 815 2366 deitate
852 2310 1166 2382 conjungit?

342 2405 423 2459 Β.
458 2405 674 2459 Μᾶλλον
699 2406 755 2459 δὲ
796 2405 1142 2476 φιλοσοφήσω
1173 2423 1255 2459 σοι
1294 2407 1422 2477 περὶ
1448 2406 1617 2461 αὐτοῦ
1642 2406 1845 2479 μικρὸν

266 2498 510 2553 ἄνωθενο
545 2500 674 2570 περὶ
700 2500 928 2570 Τριάδος
977 2498 1085 2570 γάρ
1122 2500 1216 2552 καὶ
1273 2500 1536 2571 πρότερον
1567 2500 1846 2570 διειλήφα-

269 2607 397 2661 μεν.
464 2590 537 2642 Τὸ
574 2589 799 2660 Πνεῦμα
852 2592 910 2642 τὸ
961 2591 1113 2658 ἆγιον
1174 2590 1515 2645 Σαδδουκαῖοι
1565 2591 1664 2661 μὲν
1727 2591 1847 2644 οὐδὲ

266 2678 412 2734 εἶναι
461 2680 521 2733 τὸ
567 2682 826 2751 παράπαν
877 2682 1165 2752 ἐνόμισανο
1220 2682 1339 2734 οὐδὲ
1397 2681 1504 2751 γὰρ
1559 2681 1846 2749 ἀγγέλους,

266 2772 396 2826 οὐδὲ
427 2773 722 2826 ἀνάστασιν
748 2790 762 2803 ’
814 2774 912 2825 οὐκ
964 2769 1057 2825 οἷδ’
1093 2772 1213 2825 ὅθεν
1268 2771 1365 2833 τὰς
1412 2772 1679 2837 τοσαύτας
1723 2775 1850 2845 περὶ

267 2864 443 2918 αὐτοῦ
486 2864 791 2935 μαρτυρίας
824 2865 881 2916 ἐν
935 2866 999 2935 τῇ
1039 2863 1249 2934 Παλαιᾷ
1287 2863 1698 2927 διαπτύσαντες.
1740 2865 1857 2918 Ἐλ-

268 2959 455 3028 λήνων
501 2957 557 3010 se
599 2959 648 3009 οί
683 2956 1142 3027 θεολογικώτεροι,
1178 2957 1271 3009 καὶ
1300 2956 1497 3025 μᾶλλον
1527 2959 1660 3027 ἡμῖν
1684 2974 1854 3028 προσ-

267 3049 596 3117 εγγίσαντες
621 3088 636 3111 ,
674 3046 1085 3117 ἐφαντάσθησαν
1118 3048 1237 3117 μὲν,
1263 3047 1338 3110 ὡς
1373 3049 1496 3118 ἐμοὶ
1518 3048 1697 3102 δοκεῖ·
1725 3050 1855 3120 περὶ

2027 2407 2092 2461 ν.
2131 2408 2235 2465 Sed
2308 2423 2485 2479 opera:
2530 2409 2761 2479 pretium
2807 2408 3073 2465 facturum
3141 2423 3225 2465 me
3272 2418 3420 2479 puto,
3473 2410 3520 2467 si

1958 2498 2025 2554 de
2045 2514 2116 2554 eo
2139 2499 2302 2555 altius
2329 2500 2606 2571 aliquanto
2663 2490 3076 2570 disputationem
3100 2511 3360 2570 repetam.
3387 2500 3519 2555 Nam

1954 2591 2020 2645 de
2042 2590 2307 2646 Trinitate
2338 2591 2486 2661 prius
2506 2591 2619 2658 jam
2641 2606 2669 2644 a
2699 2592 2854 2647 nobis
2876 2600 2959 2647 est
2980 2599 3383 2660 pertractatnm.
3404 2589 3523 2660 Spi-

1953 2682 2119 2737 ritum
2148 2693 2393 2738 sanctum
2420 2683 2696 2749 Sadduczei
2729 2682 2946 2753 penitus
2998 2698 3104 2738 non
3134 2697 3256 2739 esse
3292 2697 3521 2739 censue-

1958 2781 2112 2840 runt;
2142 2775 2589 2843 quemadmodum
2644 2788 2743 2829 nec
2772 2772 3013 2843 angelos,
3046 2787 3147 2828 nec
3172 2774 3525 2829 resurrectio-

1953 2879 2109 2918 nem:
2147 2865 2341 2934 quibus
2394 2865 2535 2920 haud
2591 2865 2705 2920 scio
2756 2864 2883 2933 quid
2946 2863 3225 2929 acciderit,
3269 2872 3327 2918 ut
3354 2873 3430 2918 tot
3460 2878 3524 2919 ac

1954 2965 2101 3011 tanta
2145 2958 2211 3012 de
2239 2972 2305 3011 co
2334 2958 2387 3011 in
2441 2957 2805 3012 lnstrumento
2852 2956 3033 3011 Veteri
3072 2956 3376 3011 testimonia
3425 2972 3523 3026 pro

1953 3047 2121 3102 nihilo
2149 3046 2433 3101 haberent.
2468 3047 2566 3114 Qui
2594 3058 2774 3101 autem
2800 3047 2939 3116 apud
2970 3046 3212 3102 ethnicos
3244 3047 3525 3116 theologia:

267 3140 331 3193 δὲ
391 3139 490 3210 τὴν
536 3138 727 3209 κλῆσιν
779 3138 1158 3210 διηνέχθησαν,
1202 3138 1327 3192 νοῦν
1368 3139 1462 3191 τοῦ
1500 3140 1720 3203 παντὸς,
1757 3141 1847 3195 καὶ

1953 3139 2113 3193 laude
2140 3139 2310 3209 magis
2334 3139 2723 3204 excelluerunt,
2766 3136 2930 3208 559
2975 3137 3299 3207 pr0piusque
3332 3139 3397 3192 ad
3424 3153 3523 3192 nos

266 3232 368 3289 τὸν
402 3231 632 3301 θύραθεν
666 3230 807 3295 νοῦν,
828 3232 921 3284 καὶ
945 3232 1011 3284 τὰ
1041 3231 1263 3284 τοιαῦτα
1290 3232 1846 3303 προσαγορεύσαντες.

267 3322 400 3375 Τῶν
447 3323 504 3375 δὲ
543 3322 664 3375 καθ’
707 3324 854 3393 ἡμᾶς
902 3322 1080 3390 σοφῶν
1120 3322 1267 3394 (28),
1314 3324 1361 3374 οί
1422 3322 1521 3392 μὲν
1572 3323 1851 3392 ἐνέργειαν

266 3411 436 3467 τοῦτο
468 3412 753 3475 ὑπέλαϐον,
785 3412 834 3464 οί
867 3411 921 3463 δὲ
962 3411 1186 3480 κτίσμα,
1231 3413 1278 3462 οἱ
1309 3410 1365 3463 δὲ
1397 3410 1551 3473 Θεὸν,
1590 3411 1636 3461 οἱ
1664 3410 1720 3463 δὲ
1751 3412 1850 3463 οὐκ

266 3503 522 3572 ιγνωσαν
568 3502 826 3572 ὁπότερον
870 3502 1096 3564 τούτων,
1142 3500 1279 3554 αἰδοῖ
1316 3500 1414 3569 τῆς
1451 3498 1673 3569 Γραφῆς
1712 3498 1847 3569 (‘29),

266 3594 352 3657 ὥς
379 3610 562 3661 φασιν,
597 3591 673 3655 ὡς
710 3592 864 3646 οὐδὲν
896 3593 1079 3663 ἕτερον
1119 3590 1227 3661 (50)
1276 3589 1460 3658 σαφῶς
1508 3588 1846 3659 δηλωσάσης.

269 3687 388 3738 Καὶ
415 3684 503 3737 διὰ
534 3684 713 3748 τοῦτο,
739 3684 861 3736 οὐτε
906 3683 1173 3747 σέϐουσιν,
1211 3681 1333 3734 οὐτε
1366 3679 1713 3751 ἀτιμάζουσι,
1757 3680 1851 3749 μέ-

272 3795 387 3840 σως
418 3794 534 3840 πως
563 3776 693 3847 περὶ
712 3775 873 3828 αὐτοῦ
908 3773 1260 3844 διακείμενοι,
1294 3771 1492 3842 μᾶλλον
1517 3771 1573 3824 δὲ
1602 3771 1696 3823 καὶ
1731 3771 1849 3824 λίαν

271 3867 500 3931 ἀθλίως.
539 3869 649 3921 Καὶ
707 3867 814 3920 τῶν
858 3865 990 3918 Θεὸν
1038 3863 1441 3936 ὑπειληφότωνθ,
1489 3862 1537 3913 οί
1593 3861 1690 3931 μὲν
1724 3861 1850 3931 ἄχρι

269 3960 516 4023 διανοίας
557 3960 695 4011 εἰσὶν
727 3956 989 4023 εὐσεϐεῖς,
1019 3958 1067 4010 οἱ
1096 3956 1153 4008 δὲ
1187 3953 1457 4024 τολμῶσιν
1487 3952 1728 4005 εὐσεϐεῖν
1757 3952 1850 4003 καὶ

269 4052 392 4112 τοῖς
420 4048 673 4119 χείλεσιν.
707 4046 911 4099 Ἀλλων
938 4046 995 4098 δὲ
1023 4046 1234 4115 ἥκουσα
1259 4041 1596 4115 μετρούντων
1623 4040 1850 4110 θεότητα

274 4139 603 4208 σοφωτέρων
630 4137 766 4207 (51),
800 4137 849 4189 οἳ
884 4135 1008 4206 τρία
1040 4134 1138 4205 μὲν
1164 4129 1301 4186 εἶναι
1328 4132 1451 4186 καθ’
1488 4132 1633 4203 ἡμᾶς
1664 4130 1853 4200 ὁμολο-

270 4228 436 4298 γοῦσι
466 4229 536 4282 τὰ
572 4228 857 4298 νοούμενα,
888 4226 1137 4280 τοσοῦτον
1180 4224 1234 4277 δὲ
1273 4223 1514 4294 ἀλλήλων
1544 4221 1851 4292 διέστησαν,

272 4321 356 4384 ὡς
383 4321 447 4373 τὸ
477 4321 595 4391 μὲν,
633 4322 730 4373 καὶ
769 4318 925 4389 οὐσίᾳ
968 4318 1060 4371 καὶ
1100 4316 1327 4386 δυνάμει
1368 4316 1537 4367 ποιεῖν
1567 4313 1849 4384 ἀόριστον·

1955 3240 2321 3293 accesserunt,
2384 3244 2477 3300 per
2509 3229 2795 3300 imaginem
2827 3232 3113 3299 quamdam
3174 3230 3369 3299 ipsum,
3402 3244 3523 3285 meo

1954 3322 2170 3390 quidem
2218 3321 2441 3390 judicio,
2502 3328 2893 3389 conceperunt,
2944 3319 3153 3373 tametsi
3210 3319 3263 3374 in
3308 3319 3525 3375 nomine

1953 3402 2344 3475 dissenserint,
2398 3409 2773 3463 Universitatis
2824 3422 3014 3477 nempe
3060 3417 3312 3473 mentem,
3343 3417 3397 3462 et
3426 3421 3523 3461 ex-

1956 3502 2241 3555 trinsecam
2269 3510 2523 3565 mentem,
2548 3500 2774 3570 aliisque
2805 3499 2855 3553 id
2876 3514 3045 3570 genus
3070 3500 3378 3555 nominibus
3395 3515 3518 3556 eum

1954 3592 2307 3661 appellantes.
2364 3590 2641 3647 Nostrates
2696 3605 2824 3645 vero
2871 3590 3157 3658 sapientes,
3187 3589 3383 3659 partim
3413 3591 3521 3643 vim

1952 3683 2241 3752 quamdam
2273 3695 2327 3736 et
2359 3681 2668 3737 facultatem
2698 3680 2868 3750 ipsum
2894 3680 3292 3745 existimarunt,
3325 3680 3523 3750 partim

1953 3782 2302 3839 creaturam,
2360 3775 2554 3844 partim
2643 3774 2810 3829 Deum
2864 3810 2875 3832 ,
2950 3773 3146 3843 partim
3185 3813 3202 3840 ,
3250 3782 3374 3829 utro
3427 3788 3524 3843 po-

1956 3866 2061 3920 tius
2115 3866 2333 3920 nomine
2403 3864 2672 3920 vocandus
2740 3873 2941 3927 esset,
3024 3864 3243 3919 minime
3313 3874 3522 3919 certum

1954 3968 2009 4013 et
2057 3957 2393 4028 exploratum
2440 3957 2767 4024 habuerunt,
2823 3972 2923 4021 ea,
2964 3964 3023 4012 ut
3073 3956 3265 4023 aiunt,
3314 3956 3523 4011 ratione

1954 4049 2149 4117 ducti,
2228 4048 2367 4118 quod
2435 4047 2713 4117 Scriptura
2788 4057 3036 4103 neutrum
3102 4047 3295 4102 borum
3364 4045 3524 4115 plane

1955 4147 2246 4209 aperteque
2307 4141 2747 4195 demonstrasset.
2812 4140 2890 4194 Ac
2939 4139 3166 4209 proinde
3194 4152 3295 4193 nec
3346 4137 3522 4206 ipsum

1954 4238 2302 4292 venerantur,
2362 4244 2462 4283 nec
2527 4238 2905 4295 contemnunt,
2952 4228 3052 4283 sed
3083 4227 3260 4283 medio
3287 4227 3519 4297 quodam

1957 4317 2131 4381 modo,
2184 4316 2268 4371 vel
2298 4316 2479 4386 potius
2509 4318 2701 4372 misere
2728 4317 3041 4385 perditeque
3088 4330 3218 4384 erga
3246 4330 3368 4369 eum
3408 4314 3523 4368 atii-

267 4414 338 4467 τδ
364 4414 443 4477 δὲ,
469 4414 697 4482 δυνάμει
739 4411 856 4481 μὲν,
884 4412 984 4463 οὐκ
1023 4409 1178 4480 οὐσίᾳ
1209 4408 1266 4460 δέ
1289 4424 1301 4436 ·
1332 4406 1393 4459 τὸ
1429 4406 1486 4459 δὲ
1526 4404 1847 4475 ἀμφοτέροις

1956 4407 2189 4462 ciuntur.
2212 4407 2289 4461 Ex
2318 4407 2404 4461 his
2429 4421 2590 4476 porro
2616 4407 2709 4475 qui
2749 4407 2915 4459 Deum
2949 4406 3122 4473 ipsum
3165 4404 3520 4468 credunt,‘alii

270 4506 686 4578 περιγραπτόν·
729 4504 885 4558 ἄλλον
933 4502 1129 4573 τρόπον
1185 4499 1532 4571 μιμούμενοι,
1578 4498 1703 4559 τούς
1753 4496 1848 4566 δη-

273 4599 562 4672 μιουργὸν,
590 4598 686 4650 καὶ
711 4595 988 4667 συνεργὸν,
1016 4594 1108 4647 καὶ
1133 4591 1439 4661 λειτουργὸν
1463 4588 1846 4659 ὀνομάζοντας,

271 4693 374 4746 καὶ
397 4690 495 4761 τὴν
539 4691 597 4742 ὲν
625 4692 739 4751 τοῖς
775 4688 998 4756 ὀνόμασι
1028 4683 1179 4748 τάξιν
1218 4685 1313 4736 καὶ
1356 4682 1533 4753 χάριν,
1574 4680 1681 4733 τῶν
1711 4696 1849 4750 πρα-

269 4783 504 4853 γμάτων
535 4780 649 4849 (52)
677 4777 993 4833 ἀκολουθίαν
1022 4771 1161 4828 εἶναι
1201 4770 1519 4842 νομίζοντας
1552 4770 1685 4840 (55).Δ

369 4918 462 4983 21)
490 4916 561 4971 Τὸ
592 4914 779 4983 ἅγιον.
807 4910 961 4983 Deest
988 4912 1041 4983 in
1073 4908 1279 4983 duobps
1305 4906 1547 4982 Reggaet
1568 4902 1659 4957 Or.

369 4918 462 4983 21)
490 4918 561 4971 Τὸ
592 4918 779 4983 ἅγιον.
808 4918 961 4966 Deest
988 4918 1041 4965 in
1073 4918 1279 4964 duobus
1307 4918 1547 4982 tteggaet
1568 4918 1659 4957 ur.
1691 4918 1739 4954 ι.

348 4918 468 5057 (22)
507 4983 641 5057 ἮΥ.
672 4985 828 5038 Deest
863 4982 916 5035 in
972 4981 1178 5036 duobus
1209 4976 1374 5045 Regg.
1404 4988 1639 5043 qumque
1694 4969 1847 5025 Colb.

268 5054 694 5114 Comb’.etBas.
902 5119 911 5121 Α
1156 5115 1212 5121 η
1496 5111 1508 5121 ,
1644 5119 1649 5121 Α
1723 5109 1735 5121 ,

349 5127 463 5197 (23)
496 5127 667 5182 Ἄνω.
694 5119 936 5197 Par.__ed.
956 5111 1511 5197 addit,.).éysw,qnod
1533 5111 1855 5166 auctoritate

270 5187 522 5253 melioris
552 5202 693 5247 notae
733 5191 978 5244 codicum
1005 5187 1291 5242 erasimus.

352 5249 466 5335 (2-1)
510 5266 604 5328 Τίς
653 5259 969 5335 θεότηςηει
1008 5256 1092 5335 μῂ
1132 5251 1574 5335 τενζεζαςᾮρίει.
1608 5252 1643 5335 in
1668 5249 1848 5335 habet,

267 5318 637 5400 “gemma;
664 5318 973 5419 ημιτεπλζείω
998 5318 1023 5379 ἱ
1049 5318 1175 5419 Quae
1202 5323 1415 5403 deitatis
1448 5318 1840 5419 ini‘pelriee‘tioitl

349 5389 465 5474 (25)
508 5389 581 5457 Et
819 5389 1006 5474 Plures
1061 5389 1230 5474 Regg.
1297 5393 1531 5474 quinque
1582 5389 1849 5474 Collina

268 5463 469 5530 Coinb'.
493 5473 526 5542 ἢ
556 5463 1005 5542 yid—«Antonini
1030 5466 1248 5542 est_aha_
1267 5463 1505 5541 qttmdatn
1528 5463 1841 5542 sanctitas.»

351 5545 466 5615 (26)
491 5529 747 5615 ῘὨονξὶερ.
783 5537 1066 5615 βίελεοιιρ.
1091 5534 1347 5615 mendose
1375 5530 1601 5615 innedL;
1651 5529 1842 5595 ὅσπερ.

347 5598 462 5683 (ΞΤ)
498 5598 983 5683 Ἀἰπὺ-Θεοῦτρμο
998 5605 1165 5683 _Colb.
1193 5602 1299 5681 ἀτεὸ
1323 5599 1415 5652 τοῦ
1440 5598 1600 5683 Θεοῦ.

355 5668 459 5754 ’28}
497 5682 621 5738 τῶν
640 5679 709 5733 δὲ
738 5678 864 5732 καθ’
900 5674 1058 5745 ’ἡμᾶς
1104 5672 1331 5741 σοφῶν.
1378 5688 1396 5721 ι
1440 5668 1717 5725 Nostrates
1755 5679 1845 5721 sa-

597 5777 872 5837 PATROL.
906 5774 1022 5835 Gn.
1064 5770 1355 5835 XXXVI.

1957 4498 2136 4552 animo
2156 4506 2311 4551 tenus
2337 4497 2408 4566 pii
2456 4506 2617 4565 atque
2666 4497 2949 4550 orthodoxi
3010 4504 3169 4562 sunt;
3225 4493 3313 4547 alii
3363 4493 3523 4548 labiis

1955 4602 2169 4657 quoque
2196 4588 2328 4656 ipsis
2356 4588 2607 4656 pietatem
2633 4586 2872 4656 proﬁteri
2925 4600 3029 4639 non
3062 4592 3335 4638 verentur.
3371 4582 3523 4639 Alios

1955 4680 2115 4733 etiam
2151 4678 2409 4748 quosdam
2445 4678 2805 4747 sapientiores
2838 4677 3037 4739 audivi,
3063 4676 3155 4745 qui
3183 4674 3519 4730 divinitatem

1958 4768 2271 4835 metiuntur,
2301 4781 2366 4822 ac
2397 4766 2497 4819 tria
2525 4765 2764 4835 quidem,
2800 4763 3022 4835 perinde
3050 4776 3115 4818 ac
3143 4775 3264 4825 nos,
3296 4758 3523 4828 intelligi

1958 4896 2185 4967 pientes.
2219 4914 2236 4945 ι
2285 4894 2404 4967 Bill.
2451 4911 2470 4947 ι
2517 4903 2714 4967 nostra:
2771 4892 2964 4967 aetatis.
3007 4910 3035 4967 »Δ
3063 4887 3375 4967 AGregorius
3433 4885 3523 4940 hic

1955 4959 2187 5020 ethnicis
2212 4966 2435 5033 Opponit
2464 4965 2755 5030 sapientes,
2778 4963 2902 5035 qui,
2936 4962 3035 5015 etsi
3056 4959 3521 5035 Christiaﬂamre-

1954 5035 2203 5108 ligionem
2236 5025 2604 5103 [iroliteantun
2623 5025 2895 5108 erroribus
2927 5038 3102 5083 tamen
3116 5029 3259 5108 circa
3289 5025 3523 5108 Trinita-

1956 5101 2059 5159 te—m
2088 5101 2426 5166 imbuuntur;
2462 5118 2563 5155 non
2592 5111 2769 5154 antem
2796 5101 2985 5168 prisca:
3030 5101 3203 5152 relatis
3224 5101 3517 5168 sapientes.

2049 5172 2138 5241 29)
2159 5173 2327 5226 Αιδοῐ
2356 5163 2465 5239 τῆς
2486 5169 2752 5241 Γραφῇς.
2774 5163 2807 5221 ι’
2824 5170 2902 5223 01)
2931 5167 2988 5221 S.
3111 5163 3517 5241 reverentiam:

2049 5174 2138 5241 29)
2159 5174 2327 5226 Αιδοῐ
2356 5174 2465 5239 τῆς
2486 5174 2752 5238 Γραφῆς.
2774 5188 2791 5221 ι
2824 5174 2902 5223 01)
2931 5174 2988 5221 S.
3027 5174 3084 5221 S.
3111 5175 3517 5221 reverentiam.»

2027 5174 2139 5313 (ὃς)
2172 5242 2364 5297 Οὐδὲν
2385 5243 2607 5310 ἕτερον.
2650 5239 2782 5310 Reg.
2816 5242 2849 5292 b
2873 5249 2926 5292 et
2954 5238 3194 5306 quinque
3227 5234 3381 5288 Coll).
3412 5229 3523 5283 οὐδ’

1950 5312 2156 5369 ἕτερον.
2446 5325 2455 5329 “

2020 5330 2540 5453 (ἕᾘέοςρωτέρων.
2570 5379 2626 5433 In
2658 5375 2945 5441 nonnullis,
2992 5374 3319 5445 σοφώτερον,
3375 5386 3395 5421 ι
3437 5380 3515 5422 δι’

1947 5452 2200 5522 pientius.
2225 5470 2250 5522 ξ

2020 5520 2132 5590 (32)
2173 5519 2295 5572 Τῶν
2318 5519 2694 5588 πραγμάτων.
2734 5536 2753 5568 ι
2789 5516 2891 5571 Per
2922 5529 3007 5569 res
3040 5534 3059 5566 ι
3096 5510 3361 5585 signiﬁcat
3388 5508 3521 5564 Gre-

1951 5592 2135 5662 gorius
2166 5600 2531 5662 enaturarum
2554 5591 2863 5662 discrimen.
2891 5604 2916 5662 χ

2021 5660 2131 5732 (⁸55)
2156 5658 2531 5730 Νομίζοντας.
2554 5658 2743 5715 Comb.
2778 5654 3107 5727 νομίζοντες.

3171 5745 3227 5805 δέ
