4038 6338
597 283 696 340 139

1828 279 1885 336 S.
1926 279 2252 337 GREGOBII
2295 280 2638 338 TllEOLOGl

3735 287 3834 342 1-ίο

590 402 933 465 conﬁtentur,
962 399 1056 456 sed
1085 414 1147 454 ea
1179 399 1252 454 ita
1285 397 1425 454 inter
1441 413 1500 453 se
1533 397 1865 467 disjungunt,
1903 408 1963 454 ut
1991 415 2155 454 unum
2194 414 2382 456 eorum
2413 408 2467 455 et
2526 397 2757 456 essentia
2811 404 2866 452 et
2931 405 3215 467 potestate,
3260 397 3526 455 infinitum
3579 407 3834 467 statuant,

587 495 815 550 alterum
849 501 1144 564 potestate,
1203 507 1307 546 non
1336 492 1463 546 item
1512 491 1772 555 essentia,
1823 501 2156 560 postremum
2198 501 2427 562 utroque
2453 489 2946 560 circumscriptum.
2978 489 3070 545 Sic
3111 489 3217 544 alio
3247 492 3478 560 quodam
3539 493 3694 546 modo
3747 509 3836 548 cos

588 570 886 653 imitantur,
912 588 1002 658 qui
1029 587 1302 656 opificem,
1360 594 1414 640 et
1449 587 1846 655 cooperarium,
1933 596 1988 642 et
2055 586 2361 643 ministrum
2393 586 2696 650 nominaut,
2754 594 2916 655 atque
2973 584 3220 640 ordinem
3265 593 3322 638 et
3389 585 3644 654 gratiam,
3715 599 3832 655 quae

585 680 892 736 nominibus
919 680 1078 743 inest,
1134 693 1315 733 rerum
1349 693 1567 749 quoque
1611 680 1806 734 seriem
1853 693 1972 735 esse
2011 680 2364 736 arbitrantur.

651 772 740 828 Vl.
769 771 876 827 Nos
899 786 1049 836 vero,
1083 786 1181 827 nec
1207 787 1330 828 cum
1359 772 1445 838 iis,
1482 772 1572 841 qui
1625 787 1691 826 ne
1743 771 2004 840 Spiritum
2031 773 2141 842 qui-

2330 774 2422 839 εἷ’.
2464 771 2622 842 Ἡμῖν
2661 771 2716 824 δὲ
2757 771 2893 842 πρὸς
2929 771 3028 841 μὲν
3062 769 3187 833 τοὺς
3231 769 3350 822 οὑδὲ
3379 767 3516 822 εἶναι
3556 767 3834 840 ὑπειληφό-

583 865 702 920 dem
725 878 845 919 esse
887 872 1133 928 censent,
1188 878 1287 918 nec
1341 877 1462 917 cum
1527 863 1879 934 nugatoribus
1923 865 2158 919 ethnicis

581 953 744 1008 verba
779 951 866 1005 illa
899 951 1376 1006 commutabimus.
1433 950 1583 1006 Absit
1638 952 1779 1006 enim
1827 961 1884 1006 ut
1912 961 2158 1021 peccato-

580 1061 698 1103 rum
733 1043 854 1099 oleo
881 1058 1187 1098 sermonem
1214 1051 1458 1098 nostrum
1495 1042 1892 1112 impinguemus
1929 1043 1996 1094 ".
2021 1043 2155 1098 Cum

577 1136 792 1192 caeteris
825 1144 1006 1192 autem
1035 1133 1101 1188 ad
1143 1135 1286 1189 hunc
1311 1134 1527 1187 modum
1577 1135 2008 1204 disputabimus:
2037 1134 2157 1204 Spi-

577 1230 718 1286 ritus
745 1236 983 1294 sanctus,
1041 1227 1124 1282 vel
1157 1243 1223 1281 ex
1271 1241 1458 1281 eorum
1517 1243 1760 1292 numero,
1815 1242 1934 1296 quae
1968 1243 2067 1297 per
2097 1243 2156 1282 se

577 1322 902 1386 subsistunt,
955 1319 1176 1374 omnino
1238 1317 1561 1372 statuendus
1611 1327 1714 1382 est,
1771 1317 1855 1370 vel
1912 1317 2054 1371 inter
2086 1332 2150 1371 ea

576 1413 942 1477 collocandus,
995 1426 1114 1481 quae
1165 1411 1217 1464 in
1274 1409 1378 1465 alio
1421 1409 1875 1475 considerantur;
1914 1423 2145 1478 quorum

575 1507 804 1562 alterum
838 1502 1222 1566 substantiam,
1260 1501 1489 1556 alterum
1520 1501 1774 1556 accidens
1828 1500 2151 1566 vocant,qui

575 1596 767 1652 harum
803 1609 982 1650 rerum
1023 1592 1304 1647 scientiam
1341 1589 1560 1644 callent.
1620 1590 1698 1643 Ac
1733 1590 1778 1644 si
1807 1590 2021 1659 quidem
2057 1603 2149 1643 ac-

574 1686 780 1752 cidens,
805 1685 887 1738 vis
914 1685 1098 1754 utique
1129 1694 1184 1739 et
1247 1682 1482 1738 facultas
1531 1683 1778 1749 quaedam
1847 1681 1937 1736 Dei
1966 1680 2146 1735 fuerit.

573 1779 712 1846 Quid
744 1778 888 1833 enim
924 1776 1090 1839 aliud,
1146 1785 1240 1830 aut
1288 1774 1480 1844 cujus?
1539 1771 1650 1828 lloc
1700 1771 1946 1843 profecto
1979 1772 2149 1842 magis

573 1877 1017 1932 consentaneum,
1075 1864 1588 1936 compositionisque
1633 1879 1848 1932 expers.
1901 1862 1958 1917 Si
1991 1863 2069 1916 vis
2096 1870 2150 1916 et

573 1961 825 2025 facultas,
862 1971 1050 2030 agetur
1078 1960 1216 2015 haud
1247 1960 1430 2024 dubie,
1473 1959 1577 2014 non
1631 1968 1754 2026 aget
1795 1975 1808 2011 :
1857 1955 2146 2024 simulque,

571 2062 632 2106 ut
663 2063 817 2108 actus
843 2052 1028 2114 fuerit,
1062 2052 1290 2107 desinet.
1338 2051 1621 2122 Ejusmodi
1679 2051 1878 2120 quippe
1928 2056 2012 2103 est
2062 2061 2147 2100 ac-

2262 879 2382 926 τας,
2409 863 2584 926 οὐδεὶς
2617 863 2729 933 (54)
2764 862 2941 930 λόγος,
2977 863 3010 932 ἢ
3055 863 3180 924 τοὺς
3222 860 3523 934 ληροῦντας
3557 861 3616 914 ἐν
3648 861 3834 932 Ἔλλη-

2262 971 2364 1006 σιν.
2411 953 2562 1024 Μηδὲ
2609 956 2718 1024 γὰρ
2759 953 3098 1025 ἁμαρτωλῶν
3144 952 3308 1024 ἐλαίῳ
3360 952 3718 1022 πιανθείημεν
3759 954 3835 1016 είς

2258 1049 2347 1097 τὸν
2382 1043 2559 1112 λόγον.
2619 1045 2763 1116 “po;
2813 1044 2870 1097 δὲ
2911 1045 3037 1107 τοὺς
3092 1043 3285 1106 ἄλλους
3335 1043 3478 1097 οὕτω
3537 1043 3836 1113 διαλεξόμε-

2259 1135 2327 1190 θα
2350 1137 2463 1206 (55)
2490 1152 2502 1165 ⁸
2532 1135 2592 1189 τὸ
2634 1134 2860 1206 Πνεῦμα
2887 1134 2947 1187 τὸ
2978 1137 3152 1203 ἅγιον,
3188 1135 3220 1204 ἢ
3256 1135 3362 1189 τῶν
3395 1135 3518 1189 καθ’
3543 1133 3702 1188 ἑαυτὸ
3730 1133 3835 1204 (56)

2258 1227 2662 1298 ὑφεστηκότων,
2721 1228 2940 1290 πάντως
2987 1226 3304 1289 ὑποθετέον,
3348 1225 3380 1296 ἦ
3428 1225 3534 1278 τῶν
3573 1227 3630 1278 ὲν
3672 1225 3836 1296 ἑτέρῳ

2264 1319 2650 1391 θεωρουμένων
2677 1335 2690 1350 ·
2725 1313 2799 1373 ὧν
2839 1319 2901 1373 τὸ
2954 1319 3072 1391 μὲν,
3117 1319 3302 1371 οὐσίαν
3341 1319 3597 1372 καλοῦσιν
3630 1319 3679 1370 oi
3713 1319 3835 1387 περὶ

2259 1411 2432 1464 ταῦτα
2500 1410 2706 1474 δεινοὶ,
2758 1409 2818 1463 τὸ
2875 1408 2969 1474 δὲ,
3035 1408 3402 1480 συμϐεϐηκός.
3459 1409 3521 1460 Εἰ
3593 1407 3693 1478 μὲν
3749 1403 3836 1461 οὑν

2258 1502 2642 1574 συμϐέϐηκεν,
2695 1501 2944 1572 ἐνέργεια
2989 1499 3148 1553 τοῦτο
3179 1499 3244 1554 ἂν
3303 1499 3388 1570 εἴη
3423 1497 3578 1552 Θεοῦ.
3620 1499 3685 1552 Τί
3732 1498 3833 1571 γὰρ

2252 1595 2462 1666 ἓτερον,
2521 1594 2553 1664 ἢ
2588 1594 2762 1658 τίνος;
2801 1593 2956 1646 τοῦτο
2999 1592 3108 1664 γάρ
3157 1609 3274 1655 πως
3309 1591 3527 1662 μᾶλλον,
3563 1593 3658 1644 καὶ
3709 1591 3834 1660 φεύ-

2255 1704 2338 1756 γει
2405 1685 2673 1739 σύνθεσιν.
2752 1685 2863 1739 Καὶ
2921 1686 2969 1738 εί
3047 1686 3332 1756 ἐνέργεια,
3415 1684 3833 1756 ὲνεργηθήσεται

2251 1777 2496 1850 δηλονότι
2551 1778 2688 1847 (57),
2739 1778 2838 1830 οὑκ
2892 1779 3196 1849 ἐνεργήσει,
3247 1779 3339 1830 καὶ
3390 1776 3525 1847 ὁμοῦ
3565 1777 3646 1846 τῷ
3697 1778 3835 1848 ἐνερ-

2252 1865 2510 1937 γηθῆναι,
2544 1865 2830 1920 παύσεται.
2875 1865 3124 1919 Τοιοῦτον
3164 1865 3272 1938 γὰρ
3324 1868 3356 1936 ὴ
3405 1867 3675 1938 ἐνέργεια.
3715 1866 3834 1928 Πῶς

2249 1953 2341 2011 οὑν
2385 1960 2618 2029 ἐνεργεῖ,
2659 1958 2751 2010 καὶ
2795 1958 2918 2012 τάδε
2957 1957 3126 2026 λέγει,
3163 1959 3256 2010 καὶ
3291 1957 3560 2029 ἀφορίζει,
3609 1957 3702 2011 καὶ
3742 1958 3832 2010 λυ-

2250 2052 2450 2114 πεῖται,
2489 2049 2583 2102 καὶ
2619 2049 3000 2120 παροξύνεται,
3037 2050 3131 2102 καὶ
3161 2049 3261 2102 ὅσα
3294 2048 3614 2118 κινουμένου
3651 2048 3832 2117 σαφῶς

573 2149 659 2198 tus
703 2152 918 2198 natura.
978 2142 1075 2208 Qui
1134 2143 1191 2196 fit
1235 2157 1401 2210 ergo,
1476 2151 1536 2195 ut
1580 2151 1705 2212 agat
1761 2141 1918 2210 ipse,
1985 2148 2141 2207 atque

2248 2141 2415 2205 ἐστιν,
2446 2142 2506 2194 οὑ
2538 2143 2799 2211 κινήσεως
2827 2158 2840 2205 ;
2873 2141 2936 2193 Ei
2961 2140 3017 2193 δὲ
3045 2140 3202 2193 οὐσία
3231 2157 3332 2204 τις,
3357 2140 3418 2192 οὑ
3448 2139 3555 2192 τῶν
3579 2139 3710 2210 περὶ
3739 2138 3832 2208 τὴν

573 2234 688 2289 haec
711 2242 763 2289 et
793 2234 884 2289 illa
913 2233 1077 2298 dicat,
1106 2243 1159 2288 et
1211 2239 1460 2302 segreget
1500 2230 1566 2296 “,
1608 2240 1663 2286 et
1699 2229 2052 2284 contristetur
2072 2230 2141 2293 “,

2245 2233 2452 2294 οὐσίαν,
2513 2235 2632 2305 ἢτοι
2689 2232 2895 2304 κτίσμα
2949 2231 3392 2302 ὑποληφθήσεται
3425 2231 3556 2302 (58),
3604 2231 3639 2302 ἢ
3679 2231 3826 2294 Θεός·

571 2335 629 2381 et
649 2325 713 2380 ad
739 2325 872 2379 iram
904 2323 1180 2388 incitetur,
1252 2332 1307 2377 et
1366 2337 1702 2392 quaecunque
1751 2320 1828 2376 rei
1859 2331 2005 2375 motu
2034 2319 2141 2391 agi-

2249 2323 2410 2394 μέσον
2443 2324 2551 2394 γάρ
2583 2340 2633 2375 τι
2666 2321 2893 2387 τούτων,
2925 2322 3042 2393 ἦτοι
3093 2321 3387 2393 μηδετέρου
3427 2320 3675 2392 μετέχον,
3708 2321 3740 2392 ἦ
3776 2321 3834 2385 ἐξ

576 2424 700 2470 tata:
733 2413 1015 2483 perspicue
1060 2423 1206 2478 sunt,
1264 2426 1365 2466 non
1408 2421 1585 2466 autem
1638 2410 1890 2465 motionis
1945 2409 2141 2480 ipsius?

2246 2416 2449 2485 ἀμφοῖν
2482 2413 2760 2478 σύνθετον,
2793 2411 2899 2465 οὐδ’
2931 2411 2997 2465 ἂν
3019 2412 3068 2464 οἱ
3097 2412 3223 2476 τοὺς
3253 2411 3628 2485 τραγελάφους
3661 2412 3831 2466 πλάτ-

571 2505 666 2560 Sin
698 2514 875 2559 autem
903 2503 1202 2558 substantia
1225 2511 1326 2568 est,
1352 2516 1456 2555 non
1477 2500 1753 2565 accidens,
1782 2500 1868 2554 vel
1894 2509 2141 2555 creatura

2246 2521 2432 2566 τοντες
2459 2505 2789 2574 ὲννοήσαιεν.
2833 2503 2972 2555 Ἀλλ’
2995 2504 3043 2555 εί
3070 2503 3167 2574 μὲν
3192 2504 3414 2575 κτίσμα,
3443 2504 3558 2568 πῶς
3588 2506 3668 2569 είς
3705 2504 3835 2558 αὐτὸ

567 2598 896 2662 censebitur,
953 2595 1036 2651 vel
1085 2596 1243 2649 Deus.
1302 2593 1537 2649 Medium
1593 2594 1736 2648 enim
1770 2592 1974 2662 aliquid
1997 2595 2141 2647 inter

2245 2595 2592 2666 πιστεύομεν,
2624 2596 2656 2667 ἢ
2690 2599 2747 2649 ἐν
2789 2594 2938 2665 αὑτῷ
2968 2595 3354 2666 τελειούμεθα;
3395 2597 3455 2650 οὑ
3491 2596 3600 2667 γὰρ
3631 2597 3832 2650 ταυτόν

567 2689 705 2752 bare,
724 2697 818 2742 aut
838 2688 979 2757 quod
1011 2687 1258 2741 neutrius
1289 2687 1561 2756 particeps
1588 2686 1682 2749 sit,
1710 2693 1806 2738 aut
1826 2700 1892 2738 ex
1911 2692 2141 2753 utroque

2245 2691 2368 2743 ἐστι
2395 2688 2670 2742 πιστεύειν
2709 2687 2788 2751 εἷς
2825 2705 2898 2751 τι,
2940 2688 3034 2740 καὶ
3069 2689 3197 2758 περὶ
3238 2687 3401 2740 αὑτοῦ
3432 2687 3732 2746 πιστεύειν,
3765 2688 3834 2740 Τὸ

567 2781 922 2851 compositum
947 2777 1109 2850 560
1159 2787 1321 2847 atque
1359 2775 1683 2840 conflatum,
1743 2790 1810 2831 ne
1831 2776 1866 2830 ii
1902 2776 2138 2844 quidem,

2245 2779 2343 2848 μὲν
2388 2779 2497 2849 γάρ
2547 2779 2660 2830 ἐστι
2699 2775 2973 2848 θεότητος,
3021 2776 3082 2828 τὸ
3129 2776 3185 2829 δὲ
3238 2776 3438 2838 παντὸς
3477 2775 3828 2847 πράγματος.

565 2871 658 2942 qui
691 2869 1027 2940 tragelapbos
1054 2868 1456 2931 conﬁnxerunt,
1485 2866 1788 2937 intelligere
1823 2878 2044 2935 queant.
2081 2867 2140 2921 Si

2245 2873 2308 2924 Ei
2336 2870 2393 2924 δὲ
2427 2870 2580 2933 Θεὸς,
2615 2869 2729 2922 ἀλλ’
2760 2869 2821 2922 οὑ
2856 2868 3083 2938 κτίσμα,
3127 2868 3247 2921 οὑδὲ
3283 2867 3516 2938 ποίημα,
3543 2868 3662 2921 οὑδὲ
3707 2868 3831 2921 σύν-

565 2968 838 3026 creatura,
866 2960 1134 3029 quomodo
1167 2958 1221 3012 in
1254 2972 1377 3012 eum
1409 2957 1703 3022 credimus,
1728 2967 1822 3010 aut
1847 2958 1900 3010 in
1930 2971 1995 3012 eo
2020 2972 2141 3026 per-

2245 2961 2444 3024 δουλον,
2469 2961 2578 3014 οὐδ’
2609 2961 2745 3022 ὅλως
2774 2961 2827 3012 τι
2863 2959 2972 3012 τῶν
3006 2960 3278 3013 ταπεινῶν
3310 2959 3612 3030 ὀνομάτων.

563 3053 812 3110 ﬁcimur?
838 3051 1021 3123 Neque
1049 3052 1194 3108 enim
1251 3050 1392 3105 idem
1444 3059 1548 3114 est,
1581 3050 1802 3104 credere
1853 3049 1906 3102 in
1939 3049 2161 3118 aliquid,
2197 3061 2250 3106 et
2317 3053 2539 3108 credere
2578 3052 2644 3106 de
2697 3050 2896 3119 aliquo.
2926 3050 3061 3104 Illud
3088 3050 3230 3104 enim
3266 3049 3530 3105 divinitati
3551 3051 3830 3112 convenit.

551 3149 669 3205 ‘hoc
691 3148 910 3204 cuilibet
941 3149 1038 3203 rei.
1069 3147 1126 3202 Si
1150 3155 1330 3201 autem
1375 3146 1535 3210 Deus,
1583 3153 1732 3200 certe
1805 3158 1906 3198 nec
1965 3153 2214 3200 creatura
2256 3156 2360 3212 est,
2392 3164 2490 3202 nec
2525 3147 2755 3210 factura,
2792 3161 2887 3200 nec
2917 3159 3232 3212 conservus,
3262 3161 3362 3201 nec
3393 3146 3625 3216 denique
3660 3147 3829 3202 ullum

559 3244 706 3301 aliud
739 3242 938 3298 humile
969 3250 1129 3311 atque
1157 3239 1421 3308 abiectum
1448 3253 1660 3294 nomen.

619 3339 745 3396 'Vll.
786 3337 903 3394 Jam
968 3337 1150 3406 lingua
1207 3345 1295 3390 tua
1333 3335 1399 3391 ad
1446 3335 1824 3405 disputandum
1860 3335 2131 3405 prosiliat,

2308 3339 2381 3390 Z'.
2425 3336 2685 3391 Ἐνταῦθα
2713 3335 2804 3401 σὸς
2832 3339 2860 3390 ὁ
2889 3335 3066 3405 λόγος,
3100 3337 3155 3390 αἱ
3189 3335 3470 3406 σφενδόναι
3497 3336 3828 3407 πεμπέσθω-

547 3431 746 3488 'funda:
762 3429 1068 3499 jactentur,
1099 3436 1418 3498 argumenta
1450 3437 1759 3482 nectantur.
1786 3427 1894 3481 Aut
1923 3427 2136 3498 ingeni-

563 3533 652 3579 tus
685 3521 904 3578 omnino
928 3528 1032 3583 est,
1091 3519 1292 3588 inquis,
1339 3527 1432 3572 aut
1477 3517 1708 3589 genitus.
1743 3517 1799 3572 Si
1838 3516 2148 3586 ingenitus,

562 3627 692 3683 ergo
722 3616 830 3668 duo
851 3619 1010 3667 erunt
1045 3610 1296 3679 principii
1352 3617 1621 3678 expertes.
1690 3595 1757 3662 Si
1779 3618 1957 3663 autem
1979 3609 2133 3679 geni-

560 3707 671 3766 tus,
713 3714 902 3754 rursus
951 3698 1280 3752 subdividis:
1338 3706 1430 3750 aut
1481 3713 1545 3751 ex
1581 3697 1738 3750 Patre
1785 3698 1998 3767 genitus
2025 3708 2131 3763 est,

563 3801 660 3848 aut
688 3789 948 3846 ex'Filio.
977 3789 1034 3844 Si
1062 3804 1124 3843 ex
1146 3789 1336 3854 Patre,
1371 3789 1478 3842 duo
1535 3789 1694 3857 igitur
1733 3800 1856 3844 sunt
1901 3789 2021 3844 Filii
2072 3804 2136 3844 ac

563 3887 780 3939 lratres.
813 3879 1085 3937 Gemellos
1111 3880 1272 3934 etiam
1315 3880 1473 3949 finge,
1510 3879 1552 3934 si
1586 3879 1754 3944 lubet,
1786 3889 1878 3932 aut
1902 3881 2132 3935 alterum

564 3982 694 4031 natu
726 3971 1008 4042 majorem,
1039 3969 1263 4025 alterum
1291 3971 1550 4024 minorem
1570 3986 1586 4034 ;
1607 3965 1736 4025 cum
1765 3970 1834 4024 ita
1856 3973 2134 4040 corporeis

551 4065 728 4120 rebus
750 4063 1040 4119 immersus
1078 4077 1158 4117 es.
1193 4061 1250 4116 Si
1285 4071 1461 4116 autem
1493 4077 1558 4116 ex
1603 4061 1762 4125 Filio,
1793 4062 1906 4132 jam
1954 4063 2131 4128 nobis,

552 4153 800 4224 inquies,
829 4165 997 4221 nepos
1061 4149 1200 4206 Deus
1263 4150 1488 4206 exstitit.
1522 4150 1641 4218 Quo
1687 4151 1813 4220 quid
1849 4152 2134 4205 absurdius

557 4242 923 4316 ﬁngipossit?
985 4241 1112 4298 llaec
1157 4243 1404 4298 homines
1437 4243 1502 4296 ad
1563 4243 2008 4297 malefaciendum
2043 4258 2130 4296 sa-

551 4335 771 4406 pientes
808 4334 854 4365 ⁸⁵
877 4343 933 4388 et
957 4333 1240 4405 ingeniosi,
1278 4333 1418 4388 bona
1479 4343 1656 4387 autem
1711 4335 1948 4388 scribere
1978 4351 2132 4388 recu-

553 4436 763 4481 santes.
797 4423 919 4496 Ego
949 4439 1100 4490 vero,
1156 4424 1198 4478 si
1235 4424 1554 4478 divisionem
1596 4425 1733 4479 hanc
1769 4425 2129 4480 necessariam

555 4516 817 4580 viderem,
879 4530 966 4570 res
1021 4515 1162 4587 ipsas
1226 4515 1470 4585 profecto
1527 4516 2126 4586 excepissetn,uomina

558 4607 696 4664 nihil
729 4608 953 4662 veritus.
981 4605 1098 4663 Non
1138 4607 1305 4672 enim,
1354 4608 1483 4676 quia
1519 4607 1819 4662 secundum
1857 4607 2126 4664 excelsio-

2241 3444 2360 3493 σαν,
2381 3429 2432 3480 οἱ
2461 3427 2810 3498 συλλογισμοὶ
2832 3427 3234 3498 πλεκέσθωσαν.
3268 3428 3338 3479 Ἦ
3365 3427 3662 3498 ἀγέννητον
3692 3430 3826 3484 πάν-

2238 3521 2429 3591 τως,ἢ
2481 3520 2759 3590 γεννητόν.
2825 3521 2934 3572 Καὶ
2981 3521 3030 3572 εί
3093 3520 3192 3590 μὲν
3246 3518 3562 3591 ἀγέννητον,
3619 3521 3717 3574 δύο
3757 3522 3826 3575 τὰ

2236 3611 2467 3682 ἄναρχα.
2506 3611 2568 3664 Ei
2601 3609 2657 3662 δὲ
2695 3609 2970 3678 γεννητὸν,
2998 3610 3297 3678 ὑποδιαίρει
3323 3609 3433 3681 (⁵59)
3469 3609 3658 3664 πάλιν·
3694 3612 3729 3680 ἢ
3762 3615 3824 3665 ὲκ

2236 3700 2328 3753 τοῦ
2358 3700 2571 3771 Πατρὸς
2607 3696 2788 3762 τοῦτο,
2825 3699 2856 3769 ἢ
2894 3701 2956 3752 ἐκ
2979 3700 3070 3752 τοῦ
3108 3699 3257 3752 Υἱοῦ.
3285 3701 3395 3754 Kal.
3427 3705 3476 3755 εί
3512 3701 3611 3772 μὲν
3639 3704 3704 3756 ὲκ
3729 3702 3822 3756 τοῦ

2236 3793 2470 3865 Πατρὸς,
2511 3793 2632 3845 Υίοὶ
2661 3791 2754 3844 δύο
2789 3792 2882 3844 καὶ
2909 3789 3146 3861 ἀδελφοί.
3179 3793 3250 3844 Συ
3279 3792 3334 3845 δέ
3371 3810 3461 3863 μοι
3493 3793 3696 3846 πλάττε
3731 3795 3824 3848 καὶ

2235 3881 2508 3953 διδύμους,
2537 3883 2584 3934 εἰ
2617 3881 2814 3953 βούλει,
2851 3881 2883 3952 ἢ
2931 3881 3022 3935 τὸν
3071 3881 3170 3950 μὲν
3217 3882 3603 3952 πρεσϐύτερον,
3641 3885 3738 3937 τὸν
3767 3885 3824 3938 δὲ

2235 3973 2522 4045 νεώτερον’
2556 3972 2740 4044 ἐπειδὴ
2780 3973 2901 4026 λίαν
2938 3968 2990 4025 εἴ
3027 3972 3422 4044 φιλοσώματος.
3453 3975 3514 4028 Εἰ
3536 3975 3592 4028 δὲ
3623 3977 3689 4027 ἐκ
3723 3975 3822 4028 τοῦ

2236 4062 2386 4126 Υίοῦ,
2422 4061 2651 4131 πέφηνε,
2685 4062 2839 4133 φησὶ,
2877 4061 2970 4114 καὶ
3003 4063 3194 4125 υἱωνὸς
3225 4064 3358 4133 ἡμῖν
3389 4063 3546 4126 Θεός·
3578 4060 3641 4118 οὗ
3672 4067 3728 4119 τί
3757 4067 3824 4120 ἂν

2235 4155 2444 4225 γένοιτο
2475 4155 2903 4224 παραδοξότερον
2931 4172 2944 4216 ;
2984 4155 3158 4208 ταῦτα
3205 4155 3303 4225 μὲν
3346 4152 3437 4210 οὖν
3466 4158 3513 4210 oi
3541 4159 3698 4228 σοφοὶ
3726 4159 3821 4213 τοῦ

2235 4247 2618 4316 κακοποιῆσαι,
2644 4244 2712 4298 τὰ
2734 4245 2790 4298 δὲ
2820 4245 2998 4312 ἀγαθὰ
3028 4245 3259 4316 γράφειν
3283 4247 3344 4300 οὑ
3376 4247 3638 4313 θέλοντες.
3675 4250 3822 4319 Ἐγὼ

2232 4339 2290 4392 δὲ
2318 4340 2367 4390 εἰ
2397 4337 2497 4408 μὲν
2534 4335 2720 4408 ἑώρων
2761 4336 3066 4404 ἀναγκαίαν
3096 4337 3193 4408 τὴν
3225 4337 3506 4409 διαίρεσιν,
3544 4341 3821 4413 ἐδεξάμην

2232 4427 2297 4481 ἂν
2330 4431 2396 4481 τα
2425 4427 2744 4498 πράγματα,
2778 4427 2838 4478 οὑ
2878 4426 3134 4498 φοϐηθεὶς
3167 4428 3234 4480 τὰ
3265 4428 3529 4499 ὀνόματα.
3573 4431 3648 4483 Οὐ
3681 4433 3818 4503 γὰρ,

2232 4517 2419 4590 ἐπειδὴ
2446 4519 2587 4571 κατὰ
2605 4535 2725 4575 τινα
2757 4517 2937 4587 σχέσιν
2959 4517 3293 4589 ὑψηλοτέραν
3311 4518 3437 4583 Υἱὸς
3461 4522 3489 4573 ὁ
3516 4520 3643 4584 Υἱὸς
3672 4524 3816 4594 (40),

2230 4611 2290 4663 οὑ
2312 4608 2646 4680 δυνηθέντων
2668 4608 2822 4679 ἡμῶν
2845 4608 3038 4671 ἄλλως,
3063 4609 3286 4679 ἢοῦτως
3306 4611 3643 4678 ἐνδείξασθαι
3664 4615 3726 4668 τὸ
3751 4617 3818 4670 ἐκ

557 4712 672 4753 rem
697 4697 987 4767 quamdam
1052 4697 1368 4752 relationem
1420 4697 1591 4752 Filius
1627 4707 1711 4752 est
1740 4697 1911 4754 Filius
1961 4699 2128 4768 (quod

2245 4702 2327 4755 τοῦ
2353 4699 2485 4754 θεοῦ
2512 4700 2604 4754 καὶ
2636 4699 2936 4770 όμοούσιον,
2962 4699 3062 4770 ἤδη
3087 4702 3178 4753 καὶ
3201 4703 3378 4766 πάσας
3407 4704 3615 4776 οίητέον
3643 4706 3820 4776 ἀναγ-

557 4788 808 4842 videlicet
840 4787 1018 4852 aliter,
1049 4802 1208 4855 quam
1235 4789 1338 4842 hoc
1364 4789 1544 4851 modo,
1595 4789 1834 4844 indicare
1884 4805 2126 4860 nequea-

2245 4795 2388 4846 καῖον
2433 4786 2571 4842 εῖναι
2619 4789 2717 4852 τὰς
2762 4791 2912 4843 κάτω
2959 4789 3199 4860 κλήσεις,
3258 4793 3352 4845 καὶ
3397 4792 3496 4862 τῆς
3530 4795 3819 4867 ἡμετέρας

556 4893 679 4932 mus
711 4876 762 4931 id
812 4877 954 4946 quod
1005 4890 1070 4930 cx
1103 4875 1210 4931 Deo
1243 4884 1346 4942 est,
1409 4877 1753 4946 essentiaque
1810 4878 1950 4932 idem
2000 4895 2124 4935 cum

2245 4883 2549 4953 συγγενείας
2583 4881 2716 4951 (41),
2767 4880 3091 4952 μεταφέρειν
3134 4883 3228 4936 ἐπὶ
3277 4883 3337 4936 τὸ
3376 4882 3536 4938 θεῖον.
3562 4886 3632 4938 Ἦ
3662 4888 3816 4957 τάχα

556 4968 723 5040 ipso),
759 4968 963 5024 idcirco
995 4980 1210 5022 terrena
1230 4982 1445 5036 quoque
1465 4967 1649 5022 omnia
1679 4969 2124 5039 cognationisque

2245 4973 2294 5026 iv
2324 4973 2386 5026 σύ
2411 4989 2473 5040 γε
2508 4973 2600 5026 καὶ
2627 4974 2829 5045 ἄρρενα
2860 4973 2950 5026 τὸν
2983 4971 3114 5026 Θεὸν
3154 4975 3283 5043 ἡμῖν
3320 4975 3628 5039 ὑπολάϐοις,
3659 4981 3813 5033 κατὰ

556 5071 758 5116 nostra:
793 5061 1010 5114 nomina
1065 5060 1132 5113 ad
1190 5057 1354 5112 Deum
1397 5059 1702 5112 necessario
1747 5059 2119 5116 transferenda

2245 5064 2316 5118 τὸν
2347 5064 2502 5134 λόγον
2533 5065 2740 5132 τοῦτον,
2773 5067 2854 5118 ὅτι
2883 5065 3014 5128 Θεὸς
3041 5064 3388 5136 ὀνομάζεται,
3429 5067 3522 5120 καὶ
3571 5070 3809 5142 Πατήρ;

553 5165 673 5206 esse
697 5152 990 5220 putandum
1023 5160 1125 5204 est.
1175 5148 1416 5218 Alioqui,
1456 5148 1585 5218 quid
1622 5149 1865 5218 impedit,
1903 5151 2116 5220 quenti-

2245 5153 2318 5206 ια).
2342 5153 2474 5224 θῆλύ
2509 5171 2562 5206 τι
2595 5153 2704 5225 (42)
2727 5154 2824 5223 τὴν
2848 5153 3096 5225 θεότητα,
3121 5155 3242 5208 ὅσον
3263 5156 3358 5209 ἐπὶ
3381 5159 3501 5220 ταῖς
3528 5157 3639 5230 (45)
3669 5158 3813 5232 κλήο

615 5244 663 5278 "
685 5243 825 5300 Psal.
855 5257 975 5305 ch,
1005 5242 1058 5297 5.
1137 5242 1183 5274 ’δ
1229 5243 1349 5297 Act.
1379 5254 1498 5307 χιιι,
1526 5242 1584 5296 2.
1662 5243 1706 5273 ³⁸
1735 5241 1934 5310 Ephes.
1968 5259 2041 5310 tv,
2065 5246 2141 5302 5οι

2245 5247 2280 5279 ¹⁶
2302 5246 2502 5302 Jerem.
2534 5263 2608 5312 tv,
2637 5248 2728 5302 22.

755 5333 1131 5420 Olﬁa€l£.lnll9
1164 5333 1476 5420 Regg..oii§s
1504 5334 1628 5420 sig,
1718 5405 1743 5420 Δ

2437 5341 2506 5420 :0
2536 5342 2954 5420 Yidc._Monlac.
2991 5343 3156 5420 addit,
3191 5340 3427 5420 λέγεται.

761 5404 1393 5483 διαφίεξόμεραζεοῐιιὺ.
1416 5404 1826 5483 διαλεξώμεθαη

2295 5404 2406 5482 (41)
2428 5404 2802 5482 Συγγειίείας.
2838 5435 2856 5466 ι
2887 5404 3234 5483 ϐοειιιιιίοιιιε
3260 5404 3456 5472 nostra:
3477 5415 3722 5482 nomina,
3775 5432 3799 5468 ι

769 5477 911 5552 Καθ’
939 5475 1136 5552 ἑαυτόἒ
1170 5473 1504 5552 Ουιιιιιηκασ
1544 5473 1733 5552 ἑαυτά.

2245 5489 2281 5535 ιι
2303 5473 2710 5552 sunt.vocabula
2738 5473 3050 5552 «'fralrisvet
3074 5485 3306 5552 nepotis.
3341 5502 3362 5536 ι

615 5544 1287 5624 έῃλογότιέιϐοιηιι.
1319 5545 1585 5624 μᾶλλρνηι
1629 5549 1822 5624 ηοιίιιθἶ
1875 5567 1892 5600 ι

2291 5551 2401 5624 (ῼ)
2431 5552 2694 5624 TZ._Deest
2719 5555 2772 5624 in
2805 5546 2936 5622 Reg:
2966 5568 3017 5624 a.

756 5614 1282 5692 ’ξ’ᾳρλῃφθήσεται.
1317 5618 1409 5692 ρι’.
1449 5617 1501 5679 1,
1533 5615 2006 5692 ὑπολειφθᾼήσεται.

2289 5614 2404 5692 (45)
2440 5621 2593 5688 Ταῖς.
2621 5623 2782 5679 Coisl.
2819 5625 2842 5676 1
2885 5614 3058 5691 ἷιιΙιΙὶι,
3099 5624 3240 5688 σαῖς.

615 5683 725 5746 (⁷59)
774 5683 1136 5754 Ὑείοδιιιίρει.
1167 5686 1297 5756 lleg.
1331 5685 1489 5758 Cypr.
1525 5683 1920 5760 ὑποδιαιρήσει.
