4038 6338
260 339 353 392 Nl

1300 340 1559 398 ORATIO
1598 342 1788 397 XXXl.
1830 377 1897 388 —-
1937 345 2376 403 TilEOLOGlCA
2416 347 2479 403 V.

3416 354 3519 408 “2

256 469 414 515 σεσις
455 461 549 506 καὶ
586 455 647 507 τὸ
686 456 911 526 Πνεῦμα
936 457 1236 530 οὐδέτερον,
1271 458 1351 511 ὅτι
1386 460 1461 529 μὴ
1496 460 1807 530 γεννητικόν

1951 477 2051 513 nus
2083 460 2267 515 eadem
2299 462 2506 516 ratiOne
2556 463 2877 528 masculum,
2927 463 3095 518 Deum
3130 470 3375 518 nostrum
3402 468 3520 519 exi-

250 546 301 597 εξ
326 543 384 596 δέ
418 562 503 598 σοι
549 547 642 599 καὶ
674 546 829 599 τοῦτο
858 548 1233 621 παιχθείη,.,τῇ
1282 550 1473 603 ἑαυτοῦ
1507 549 1722 621 θελήσει
1755 552 1846 604 τὸν

248 635 390 688 Θεὸν
419 638 840 707 συγγενόμενον,
871 639 1013 693 κατὰ
1046 642 1172 703 τοὺς
1216 640 1478 704 παλαιοὺς
1515 641 1715 712 λήρους
1751 642 1844 695 καὶ

250 724 489 794 μύθους,
519 728 885 800 γεννήσασθαι
926 730 1019 784 τὸν
1054 731 1201 795 Υἰὸν,
1234 730 1463 802 εἰσήχθη
1492 749 1573 795 τις
1595 733 1727 801 ἡμῖν
1750 733 1844 785 καὶ

247 817 607 886 Μαρκίωνος,
638 821 731 872 καὶ
764 820 1082 874 Βαλεντίνου
1130 823 1241 893 (44)
1289 824 1420 885 Θεὸς
1451 822 1836 894 ἀρρενόθηλνς,

244 907 347 960 τοῦ
374 910 504 972 τοὺς
530 911 753 974 καινοὺς
779 911 981 976 αἰῶνας
1009 912 1483 976 ἀνατυπώσαντος.

1951 553 2161 617 stimes,
2190 554 2440 623 quoniam
2468 552 2606 608 Deus
2635 562 2689 607 et
2742 554 2899 609 Pater
2933 555 3278 611 nominatur?
3329 557 3408 613 Ac
3439 557 3517 612 fc-
3620 594 3623 597 ›

1949 644 2185 697 ιηίιιευιιι
2237 643 2516 712 quiddam,
2564 645 2846 711 Deitatem,
2889 655 3150 715 quantum
3195 649 3414 719 quidem
3447 664 3515 703 cx

1944 734 2093 788 vocis
2125 747 2321 803 genere
2354 733 2611 787 mstitnari
2646 737 2860 803 potest?
2885 736 2952 790 Et
2984 737 3215 808 denique
3230 736 3514 807 Spiritum,

1945 837 2215 891 neutrum,
2244 827 2498 895 quoniam
2556 828 2688 881 nihil
2734 828 2944 896 gignit?
2980 829 3134 895 Quod
3161 830 3205 884 si
3231 830 3387 900 juxta
3424 845 3520 886 ve-

1942 922 2086 967 teres
2121 913 2326 968 fabulas
2347 924 2400 968 et
2436 930 2601 983 nugas
2626 916 2729 970 hoc
2755 929 2971 985 quoque
3015 917 3171 971 modo
3206 917 3428 987 luseris,
3456 926 3517 973 ut

246 999 424 1063 dicas,
476 999 649 1053 Deum
677 1014 799 1054 cum
825 999 1103 1055 voluntate
1134 1015 1229 1055 sua
1259 1015 1607 1071 congressum
1640 998 1835 1054 Filium
1866 1000 2143 1070 geimisse,
2176 1000 2468 1056 Marcionis
2500 1001 2716 1071 quidetn
2771 1016 2837 1056 ac
2881 1000 3170 1068 Valentini,
3204 1006 3292 1075 qui
3345 1023 3514 1065 novos

244 1107 435 1148 muas
467 1103 809 1148 commentus
835 1103 940 1158 est,
972 1094 1468 1163 hermaphroditum
1514 1094 1800 1163 quemdam
1843 1094 2007 1150 Deum
2044 1094 2335 1151 induxeris.

318 1186 403 1237 H'.
463 1184 621 1237 Ἐπεὶ
661 1184 717 1237 δέ
766 1201 859 1237 σου
901 1185 1000 1255 τὴν
1043 1183 1264 1255 πρώτην
1312 1184 1573 1255 διαίρεσιν
1599 1184 1658 1237 οὐ
1690 1183 1841 1253 δεχό-

243 1275 413 1347 μεθα,
455 1275 559 1347 τὴν
591 1276 758 1346 μηδὲν
791 1277 1086 1346 ἀγεννήτου
1118 1277 1210 1329 καὶ
1235 1274 1494 1345 γεννητοῦ
1526 1275 1686 1344 μέσον
1710 1275 1841 1328 ὑπο-

240 1365 657 1435 λαμϐάνουσαν,
683 1365 883 1418 αὐτίκα
912 1364 1218 1434 οἱχήσονταί
1242 1381 1323 1416 σοι
1356 1363 1492 1435 μετὰ
1516 1365 1613 1434 τῆς
1636 1364 1840 1435 σεμνῆς

238 1460 569 1529 διαιρέσεως
618 1461 667 1511 οἱ
702 1459 918 1528 ἀδελφοὶ
960 1459 1055 1511 καὶ
1096 1460 1142 1511 oi
1195 1458 1415 1522 υἱωνοὶ,
1465 1457 1652 1529 ὥσπερ
1689 1458 1835 1520 τινὸς

239 1550 453 1620 δεσμοῦ
514 1549 856 1603 πολυπλόκου
912 1550 1011 1620 τῆς
1077 1548 1297 1620 πρώτης
1344 1550 1519 1620 ἀρχῆς
1572 1549 1836 1602 διαλυθεί-

243 1660 350 1713 σης
379 1641 519 1712 (43),
562 1641 1023 1707 συνδιαλυθέντες,
1066 1642 1158 1693 καὶ
1187 1643 1282 1711 τῆς
1314 1641 1591 1709 θεολογίαις
1620 1642 1834 1712 ὑποχω-

243 1736 534 1806 ρήσαντες.
575 1732 685 1786 Ποῦ
717 1734 825 1805 γὰρ
859 1734 1042 1805 θήσεις
1082 1734 1146 1787 τό
1184 1733 1531 1803 ὲκπορευτὸν,
1564 1733 1683 1785 εἰπέ
1717 1750 1829 1802 μοι,

2016 1183 2149 1237 \‘lll.
2192 1184 2451 1251 Quoniam
2508 1200 2670 1254 porro
2719 1186 3036 1242 divisionem
3074 1196 3218 1243 tuam
3253 1191 3505 1258 primam,

1944 1290 2048 1344 qua
2091 1275 2231 1329 inter
2268 1276 2561 1344 ingenitum
2591 1287 2644 1332 et
2687 1278 2926 1347 genitum
2960 1279 3094 1335 nihil
3132 1282 3366 1336 medium
3392 1297 3513 1340 esse

1946 1366 2252 1429 arbitraris,
2283 1366 2698 1437 haudquaquam
2731 1370 3088 1439 admittimus,
3137 1378 3385 1442 protinus
3415 1377 3508 1432 tibi

1943 1469 2063 1508 cum
2093 1456 2348 1524 praeclara
2400 1467 2489 1512 tua
2547 1459 2815 1514 divisione
2847 1460 3041 1518 fratres
3094 1463 3167 1518 illi
3198 1475 3254 1521 et
3288 1476 3511 1538 nepotes

1940 1545 2214 1614 peribunt,
2247 1556 2303 1600 ut
2341 1547 2456 1615 qui,
2517 1550 2690 1617 primo
2752 1550 2843 1605 illo
2871 1552 3249 1622 disputationis
3280 1565 3384 1612 tua:
3421 1574 3511 1614 ca-

1939 1637 2071 1706 pite,
2094 1638 2247 1706 quasi
2281 1638 2590 1706 multiplicis
2624 1639 2905 1709 cujusdam
2943 1660 3115 1699 nexus
3150 1647 3302 1702 initio
3336 1649 3510 1716 primo

1938 1724 2299 1788 soluto,simul
2327 1741 2537 1796 quoque
2564 1728 2721 1782 soluti
2744 1745 2804 1784 ac
2820 1729 3006 1801 dilapsi
3029 1732 3183 1806 561
3200 1736 3330 1801 sint,
3348 1747 3510 1808 atque

242 1826 416 1895 μέσον
458 1826 732 1894 ἁναφανὲν
770 1829 868 1895 τῆς
903 1827 1001 1896 σῆς
1040 1825 1152 1895 (46)
1186 1824 1523 1895 διαιρέσεως.
1566 1824 1659 1877 καὶ
1690 1825 1828 1894 παρὰ

1944 1831 1970 1867 a
2012 1814 2315 1869 divinitatis
2339 1818 2582 1872 doctrina
2639 1834 2759 1875 sese
2807 1823 3178 1881 subduxerint.
3216 1827 3315 1883 Ubi
3339 1829 3505 1894 enim,

236 1914 571 1985 κρείσσονος
600 1914 634 1984 ἧ
667 1916 808 1968 κατὰ
842 1913 899 1966 σὲ
930 1913 1203 1982 θεολόγον,
1238 1912 1334 1966 τοῦ
1369 1913 1621 1984 Σωτῆρος
1650 1912 1832 1985 ἡμῶν,

236 2004 607 2075 εἰσαγόμενον
631 2004 774 2075 (47),
807 2003 870 2057 ΕΞ
901 2004 975 2074 μὴ
1004 2004 1102 2072 τὴν
1139 2003 1319 2074 φωνὴν
1349 2003 1561 2074 ἐκείνην
1587 2003 1693 2057 τῶν
1730 2003 1836 2056 σῶν

236 2095 452 2160 ἐξεῖλες
486 2096 857 2165 Εὐαγγελίων,
893 2094 980 2149 διὰ
1020 2096 1119 2165 τὴν
1168 2096 1359 2166 τρίτην
1409 2113 1501 2148 σου
1540 2096 1832 2165 Διαθήκην,

233 2189 308 2241 τὸ
350 2189 593 2257 Πνεῦμα
614 2188 678 2241 τὸ
702 2188 890 2258 ἅγιον,
916 2186 945 2240 ὃ
972 2188 1130 2255 παρὰ
1151 2185 1254 2240 τοῦ
1278 2187 1837 2254 Πατρὸςέκπορεύε-

238 2296 372 2333 ται·
410 2280 439 2332 ὃ
477 2279 601 2332 καθ’
642 2281 766 2332 ὅσον
810 2282 907 2349 μὲν
945 2278 1154 2332 ἐκεῖθεν
1194 2278 1584 2348 ἐκπορεύεται,
1627 2277 1687 2328 οὐ
1719 2276 1833 2329 κτί-

237 2387 395 2440 opus
438 2370 559 2423 καθ’
601 2371 724 2423 ὅσον
749 2370 805 2423 δὲ
830 2371 887 2422 οὐ
924 2369 1200 2439 γεννητὸν,
1240 2370 1339 2439 οὐχ
1381 2369 1537 2431 Υἱόςο
1569 2367 1689 2421 καθ’
1712 2368 1833 2421 ὅσον

232 2461 295 2514 δὲ
314 2462 614 2531 ἅγεννήτου
642 2462 735 2514 καὶ
758 2461 1015 2530 γεννητοῦ
1034 2461 1219 2531 μέσον,
1242 2460 1373 2523 Θεός
1393 2501 1405 2513 .
1426 2460 1535 2513 Καὶ
1564 2458 1705 2511 οὕτω
1722 2458 1832 2527 (48)

238 2573 343 2608 σου
370 2554 471 2617 τὰς
493 2554 602 2606 τῶν
637 2553 1011 2623 συλλογισμῶν
1040 2555 1211 2623 ἄρκυς
1234 2550 1513 2620 διαφυγὼν
1536 2549 1667 2621 (49),
1701 2550 1834 2613 Θεὸς

234 2646 591 2715 ἀναπέφηνε,
637 2644 746 2698 τῶν
791 2645 899 2698 σῶν
945 2645 1260 2715 διαιρέσεων
1311 2643 1655 2714 ἰσχυρότερος
1697 2640 1829 2712 (50),

234 2738 345 2801 Τίς
375 2733 467 2789 οῦν
495 2739 529 2807 ἡ
566 2738 929 2808 ὲκπόρευσις;
966 2736 1103 2789 Εἰπὲ
1141 2737 1204 2789 σὺ
1245 2734 1343 2805 τὴν
1376 2734 1702 2803 ἁγεννησίαν
1739 2731 1830 2787 τοῦ

236 2829 484 2899 Πατρός,
514 2827 669 2897 κάγὼ
696 2828 793 2897 τὴν
835 2827 1088 2895 γέννησιν
1125 2824 1218 2877 τοῦ
1260 2824 1389 2877 Υίοῦ
1430 2823 1831 2894 φυσιολογήσω,

239 2919 343 2973 καὶ
370 2918 468 2990 τὴν
492 2918 815 2989 ὲκπόρευσιν
844 2918 937 2969 τοῦ
968 2915 1303 2985 Πνεῦματος,
1334 2915 1428 2967 καὶ
1458 2912 1833 2985 παραπληκτίο

246 3028 417 3082 σομεν
438 3010 553 3079 (51)
582 3010 755 3080 ἄμφω
783 3010 862 3071 εἰς
880 3007 1015 3060 Θεοῦ
1052 3008 1324 3078 μυστήρια
1349 3005 1797 3074 παρακύπτοντες
1815 3021 1829 3034 ·

242 3101 340 3152 καὶ
370 3099 547 3155 ταῦτα
582 3099 754 3160 τίνες;
787 3098 849 3149 Οἱ
883 3095 1016 3166 μηδὲ
1057 3095 1123 3147 τὰ
1158 3096 1215 3147 ἐν
1245 3095 1402 3147 ποσὶν
1445 3094 1642 3147 εἰδέναι
1672 3093 1830 3146 δυνά-

1944 1920 2149 1974 qua:so,
2175 1921 2341 1975 pones
2369 1907 2440 1971 id,
2474 1910 2615 1978 quod
2646 1913 2907 1980 procedit,
2940 1917 3082 1983 quod
3126 1919 3342 1987 quidem
3367 1922 3509 1977 inter

1939 1997 2072 2050 duas
2110 1997 2392 2053 divisionis
2441 2009 2542 2053 tua:
2592 2010 2777 2077 partes
2838 2002 3185 2075 interjectum
3232 2022 3354 2064 esse
3377 2025 3508 2066 con-

1937 2097 2065 2153 stat,
2097 2084 2277 2157 atque'
2308 2105 2337 2143 a
2383 2092 2652 2161 tlteologo,
2686 2094 2852 2149 multo
2906 2106 2959 2150 te
3004 2100 3388 2166 prmstantiori,
3424 2104 3507 2159 ni-

1938 2174 2131 2228 mirum
2162 2191 2190 2228 a
2222 2176 2502 2233 Salvatore
2524 2190 2733 2247 nostro,
2767 2183 3158 2241 introducitur?
3185 2187 3299 2244 Nisi
3343 2191 3503 2258 forte,

1937 2278 2158 2336 propter
2187 2269 2403 2324 tertium
2459 2280 2608 2327 tuum
2667 2274 3094 2343 Testamentum,
3146 2295 3330 2337 vocem
3359 2283 3504 2339 illam

1936 2372 1999 2446 ex
2056 2358 2357 2430 Evangeliis
2416 2364 2741 2429 sustuleris,
2789 2367 3022 2436 Spiritus
3081 2382 3317 2442 sanctus,
3342 2380 3433 2446 qui
3471 2395 3504 2432 a

1934 2445 2100 2500 Patre
2133 2449 2366 2515 procedit
2402 2452 2446 2482 ’⁷
2477 2452 2631 2522 ;qui,
2683 2464 2950 2523 quatenus
3001 2458 3067 2510 ab
3113 2458 3203 2513 illo
3238 2445 3502 2529 procedit,

1934 2552 2179 2610 creatura
2211 2557 2314 2597 non
2340 2552 2423 2598 est
2454 2561 2466 2598 :
2500 2554 2768 2614 quatenus
2808 2561 2997 2603 rursus
3026 2549 3239 2618 genitus
3273 2565 3377 2606 non
3399 2565 3502 2614 εει.

1933 2630 2101 2687 Filius
2126 2646 2233 2687 non
2257 2642 2365 2689 est:
2394 2643 2662 2704 quatenus
2696 2646 2874 2692 autem
2934 2639 3077 2694 inter
3110 2640 3409 2711 ingenitum
3450 2657 3505 2699 et

1934 2725 2171 2790 genitum
2192 2726 2400 2781 medius
2417 2735 2518 2793 est,
2541 2726 2678 2783 Deus
2702 2737 2805 2784 est.
2824 2731 3001 2797 Atque
3027 2732 3101 2785 ita
3128 2734 3311 2790 vitatis
3338 2736 3503 2807 syllo-

1934 2815 2232 2884 gismorum
2308 2826 2516 2870 tuorum
2553 2818 2779 2887 laqueis,
2835 2821 2974 2877 Deus
3019 2824 3305 2880 manifeste
3335 2841 3504 2897 appa-

1934 2906 2066 2971 ruit,
2094 2907 2447 2962 divisionibus
2479 2909 2582 2963 tuis
2608 2909 2816 2964 ﬁrmior
2839 2920 2894 2965 et
2921 2912 3203 2969 valentior.
3224 2915 3353 2982 Qua:
3374 2932 3503 2987 ergo

1933 3005 2015 3051 cst
2041 2996 2154 3052 haec
2183 2999 2490 3067 processio?
2518 3000 2748 3067 inquies.
2788 3001 2882 3057 Dic
2909 3010 2963 3056 tu
2992 3018 3111 3072 quae
3153 3005 3327 3062 Patris
3354 3007 3503 3078 inge-

1934 3088 2113 3143 nitura
2143 3089 2233 3155 sit,
2278 3099 2333 3145 et
2385 3104 2485 3160 ego
2514 3089 2637 3144 Filii
2696 3094 3122 3162 generationem,
3185 3109 3239 3152 et
3265 3096 3502 3169 Spiritus

246 3207 423 3263 μενοι,
462 3190 594 3260 μηδὲ
624 3188 851 3259 ψάμμον
890 3165 1198 3249 θαλασσῶν,
1229 3187 1324 3239 καὶ
1354 3186 1617 3253 σταγόνας
1646 3186 1824 3250 ὑετοῦ,

1933 3181 2335 3251 processionem
2369 3180 2643 3250 explicare
2666 3184 2973 3253 aggrediar,
2997 3200 3102 3256 quo
3131 3187 3222 3244 [iet
3254 3165 3501 3247 ιιι-³⁸η»ὺο

241 3283 340 3336 καὶ
371 3280 588 3352 ἡμέρας
625 3280 822 3343 αἰῶνος
868 3278 1296 3349 ἐξαριθμεῖσθαι,
1334 3277 1407 3348 μὴ
1458 3278 1539 3329 ὅτι
1581 3294 1645 3346 γε
1691 3276 1825 3330 Θεοῦ

243 3373 473 3443 βάθεσιν
515 3373 869 3442 ἐμϐατεύειν,
915 3373 1010 3425 καὶ
1054 3372 1210 3441 λόγον
1246 3372 1467 3441 ὑπέχειν
1516 3370 1616 3441 τῆς
1656 3371 1827 3434 οὕτως

242 3466 489 3537 ἀρρήτου
528 3464 621 3518 κα)⁵
644 3463 784 3536 ὑπὲρ
819 3463 975 3531 λόγον
1002 3462 1235 3533 φύσεως.

1935 3271 2243 3336 deliremus,
2274 3270 2325 3324 iu
2349 3269 2443 3325 Dei
2477 3273 2733 3340 mysteria
2762 3274 3278 3346 oculosjnjicientes
3300 3298 3314 3334 :
3340 3281 3501 3350 idque

1933 3363 2022 3432 qui
2059 3360 2318 3416 tandem?
2376 3359 2575 3431 Nempe
2633 3363 2724 3431 qui
2768 3379 2833 3418 ne
2862 3381 2922 3420 ea
2978 3369 3354 3439 quidem,qu:e
3377 3381 3501 3426 ante

1935 3454 2097 3523 pedes
2125 3462 2271 3520 sunt,
2304 3454 2467 3520 seire,
2522 3469 2621 3509 nec
2675 3470 2896 3512 arenam
2934 3460 3119 3527 maris,
3176 3472 3269 3517 aut
3304 3463 3499 3533 pluvia:

244 3573 453 3635 guttas,
483 3575 537 3619 et
571 3564 684 3619 dies
722 3565 905 3619 satculi
939 3577 1261 3618 enumerare
1283 3578 1588 3633 possumus,
1619 3563 1814 3617 nedum
1856 3562 1908 3615 in
1944 3558 2036 3614 Dei
2061 3558 2324 3628 profunda
2360 3568 2666 3628 penetrare,
2728 3566 3042 3625 naturaeque
3100 3557 3235 3613 adeo
3256 3573 3493 3624 arcanae,

243 3667 406 3727 atque
430 3671 648 3711 onmem
676 3656 940 3711 orationis
965 3655 1275 3709 facultatem
1306 3669 1476 3723 usque
1505 3656 1639 3710 adeo
1664 3652 1967 3722 superantis
1993 3652 2227 3707 rationes
2265 3651 2508 3705 reddere.

313 3747 390 3801 0'.
432 3746 498 3799 Τί
535 3741 627 3801 οῦν
662 3746 797 3812 ἐστι,
843 3745 1027 3814 φησὶν,
1071 3744 1099 3797 ὃ
1161 3745 1336 3798 λείπει
1380 3744 1458 3816 τῷ
1510 3744 1815 3815 Πνεύματι,

243 3835 379 3907 πρὸς
412 3834 474 3888 τὸ
501 3829 640 3888 εἶναι
680 3834 808 3887 Υἱόν
842 3834 989 3903 (52);
1025 3834 1087 3886 El
1132 3836 1242 3904 γὰρ
1289 3834 1361 3905 μὴ
1409 3833 1595 3887 λεῐπόν
1627 3850 1679 3886 τι
1727 3829 1815 3903 ἦν,

244 3926 370 3990 Υἱὸς
410 3925 479 3978 ἂν
526 3921 616 3995 ἧν.
666 3925 741 3978 Οὐ
788 3924 994 3977 λείπειν
1043 3925 1251 3994 φαμέψ
1304 3925 1425 3977 οὐδὲ
1488 3925 1590 3993 γὰρ
1644 3923 1818 3977 ἐλλει-

243 4017 350 4089 iti};
383 4016 499 4087 (55)
527 4016 690 4079 Θεός·
717 4017 778 4069 τὸ
807 4016 864 4069 δὲ
897 4016 997 4086 τῆς
1038 4017 1352 4085 ὲκφάνσεως
1383 4016 1517 4088 (54),
1561 4016 1625 4069 ἵν’
1650 4015 1821 4079 οὕτως

239 4108 400 4171 sim,
424 4107 458 4179 ἢ
488 4109 587 4178 τῆς
613 4108 750 4180 πρὸς
775 4106 977 4177 ἄλληλα
1003 4107 1241 4177 σχέσεως
1266 4106 1539 4178 διάφορον,
1563 4107 1818 4179 διάφορον

241 4199 420 4253 αὐτῶν
450 4201 545 4253 καὶ
581 4200 681 4270 τὴν
719 4199 908 4271 κλῆσιν
943 4198 1262 4269 πεποίηκεν.
1291 4198 1425 4251 Οὐδὲ
1453 4198 1562 4268 γὰρ
1597 4197 1673 4268 τῷ
1704 4197 1817 4269 Υίῷ

239 4291 414 4343 λείπει
440 4307 493 4344 τι
520 4290 631 4361 (55)
659 4290 798 4362 πρὸς
825 4290 885 4343 τὸ
922 4285 1062 4342 εἶναι
1095 4289 1313 4358 Πατέρα
1344 4288 1483 4358 (οὐδὲ
1514 4287 1621 4360 γὰρ
1651 4288 1818 4342 ἐλλει-

236 4384 331 4453 ιῖνις
362 4384 396 4453 ἡ
443 4383 671 4452 υΜς),
699 4382 813 4435 ἀλλ’
843 4382 904 4435 οῦ
944 4381 1096 4452 παρὰ
1124 4380 1281 4435 τοῦτο
1319 4380 1529 4451 Πατήρ.
1564 4381 1634 4431 Ἢ
1674 4379 1816 4434 οὕτω

235 4475 426 4543 γε’καὶ
455 4472 535 4543 τῷ
570 4474 743 4543 Πατρὶ
777 4471 954 4524 λείπει
985 4489 1036 4523 τι
1064 4471 1199 4542 πρὸς
1231 4471 1293 4523 τὸ
1324 4464 1461 4522 εἶναι
1500 4470 1629 4523 Υἱόν
1666 4469 1810 4539 (56)·

1987 3742 2076 3797 IX.
2099 3742 2236 3809 Quid
2266 3756 2395 3812 ergo
2417 3750 2519 3805 est,
2540 3740 2807 3811 inquiunt,
2831 3740 2974 3810 quod
2996 3740 3219 3810 Spiritui
3240 3743 3411 3809 deest,
3430 3749 3499 3800 ad

1917 3833 2018 3887 hoc
2050 3840 2109 3885 ut
2146 3830 2443 3886 sitFilius?
2472 3829 2585 3885 Nisi
2628 3830 2773 3885 enint
2829 3831 3028 3901 aliquid
3066 3832 3293 3899 deesset,
3330 3834 3499 3891 Filius

1917 3931 2079 3978 esset.
2108 3924 2300 3977 Deesse
2324 3922 2459 3977 nihil
2481 3922 2731 3977 dicimus.
2760 3921 2874 3977 Non
2903 3924 3045 3988 enim
3066 3923 3175 3979 Deo
3205 3925 3497 3996 quidquam

1918 4018 2089 4073 deest.
2124 4018 2323 4073 Verum
2368 4017 2843 4085 manifestationis,
2893 4029 2949 4074 ut
3002 4019 3075 4073 ita
3115 4019 3332 4088 dicam,
3376 4037 3495 4076 mu-

1922 4117 2132 4178 tumque
2152 4123 2336 4162 eorum
2364 4108 2639 4163 relationis
2677 4108 2996 4173 diﬂerentia,
3037 4110 3247 4166 diversa
3282 4126 3497 4181 quoque

1918 4200 2048 4270 ipsis
2087 4200 2305 4255 nomina
2348 4200 2673 4269 procreavit.
2718 4199 2904 4269 Neque
2937 4200 3079 4254 enim
3108 4200 3247 4255 Filio
3294 4202 3495 4271 aliquid

1916 4292 2088 4357 deest,
2121 4291 2184 4344 ad
2215 4291 2317 4345 hoc
2348 4278 2406 4344 ut
2455 4290 2526 4345 sit
2571 4290 2735 4344 Pater
2790 4291 2912 4357 (nec
2970 4291 3113 4345 enim
3143 4290 3383 4347 defectus
3412 4301 3495 4347 est

1915 4380 2144 4452 ﬁliatio),
2182 4395 2281 4435 nec
2310 4394 2590 4450 propterea
2620 4389 2798 4434 tamen
2824 4379 2985 4434 Pater
3012 4389 3118 4435 est.
3141 4380 3351 4449 Alioqui
3401 4397 3494 4436 ea-

1918 4471 2041 4526 dem
2076 4470 2285 4525 ratione
2308 4471 2452 4524 Patri
2478 4469 2677 4538 aliquid
2697 4470 2892 4535 deerit,
2910 4470 2975 4524 ad
2998 4469 3101 4523 hoc
3131 4480 3186 4525 ut
3211 4470 3283 4525 sit
3301 4471 3488 4528 Filius.

232 4564 295 4616 οὗ
329 4561 441 4633 γὰρ
488 4561 616 4624 Υἱὸς
656 4562 686 4613 ὁ
729 4561 937 4632 Πατήρ.
978 4560 1116 4611 Ἀλλ’
1158 4560 1258 4611 οὐκ
1309 4559 1599 4628 ἐλλείψεως
1643 4558 1815 4611 ταῦτά

1933 4560 2031 4613 Nec.
2055 4559 2200 4613 enim
2238 4558 2397 4612 Pater
2440 4558 2607 4613 Filius
2645 4567 2747 4613 est.
2782 4558 2886 4612 Sed
2919 4559 3032 4613 hac
3063 4559 3327 4615 defectum
3366 4576 3491 4629 pro-

234 4653 422 4719 ποθεν,
462 4652 584 4705 οὐδὲ
614 4654 713 4723 τῆς
745 4652 887 4705 κατὰ
925 4652 1023 4721 τὴν
1065 4650 1251 4704 οὐσίαν
1283 4651 1526 4719 ὑφέσεως
1546 4668 1560 4681 ’
1593 4650 1723 4703 αὐτὸ
1756 4650 1813 4703 δὲ

231 4744 315 4808 τὸ,
347 4742 446 4810 Μὴ
484 4741 841 4812 γεγενῆσθαι
872 4741 1007 4813 (57),
1052 4742 1152 4794 καὶ
1198 4741 1265 4795 τὸ
1305 4741 1675 4811 γεγεννῆσθαι,
1720 4742 1812 4794 καὶ

230 4834 294 4887 τό
335 4834 787 4902 ἐκπορεύεσθαι,
828 4832 920 4885 τὸν
950 4832 1050 4903 μὲν
1086 4832 1325 4903 Πατέρα,
1352 4831 1443 4886 τὸν
1471 4832 1527 4886 δὲ
1556 4832 1703 4896 Υἱὸν,
1748 4831 1810 4884 τὸ

301 4988 350 5019 ’⁷
378 4985 532 5043 Joan.
568 5002 659 5053 xv,
690 4986 785 5042 26.

325 5150 418 5218 44)
477 5149 867 5204 Βαλεντίνου.
899 5146 1067 5218 _C_0isl.
1100 5146 1152 5213 1,
1175 5146 1550 5218 Οὐαλεντίνου.

326 5216 416 5285 45)
456 5220 869 5287 Διαλυθείσης.
898 5216 1083 5271 Plures
1111 5221 1268 5275 codd.
1290 5216 1561 5287 λυθείσης.

302 5236 416 5285 (so)
456 5236 776 5273 Διαλυυεισ
819 5238 869 5283 ς.
901 5236 1083 5271 t'tures
1111 5236 1268 5275 C(NIU.
1292 5236 1561 5287 Λυυεισης.

299 5290 414 5362 (ιθ)
450 5287 578 5362 ,Ἰῖἦς
608 5286 753 5362 σῇς.
777 5236 879 5362 ἓὶς
908 5296 1141 5362 quatuor
1163 5288 1359 5362 liegg.,
1385 5283 1803 5357 quatuorColb.,

221 5355 335 5416 duo
363 5355 529 5414 Coisl.
552 5368 608 5412 ct
636 5359 731 5413 Or.
773 5358 825 5411 1.
847 5355 1005 5411 Deest
1036 5355 1135 5426 σῆς
1162 5360 1214 5411 itt
1238 5355 1320 5413 ed.

294 5430 415 5499 (47)
463 5431 897 5499 Εὶσαγόμενον.
936 5427 1029 5482 Sic
1060 5424 1249 5482 omnes
1286 5426 1521 5484 codices.
1549 5424 1803 5482 Mendose

218 5499 273 5553 in
308 5498 386 5553 Pa
396 5498 440 5553 r.
459 5499 570 5561 ed.,
593 5498 957 5568 εἰσαγόμενον..

294 5568 410 5638 (48)
457 5568 643 5623 Οὕτω.
678 5567 963 5638 Regahm,
987 5567 1179 5631 οὕτως.

291 5636 409 5709 (49)
443 5636 953 5709 Διαφυγώνξϐυιιὲ
971 5638 1003 5691 5
1029 5648 1083 5693 ει
1112 5640 1207 5693 0r.
1232 5638 1286 5703 1,
1310 5636 1589 5709 διαφυγόν.

316 5706 409 5777 50)
439 5706 879 5777 Ἰσχυρότερος.
910 5706 1042 5764 Tres
1072 5709 1247 5772 Colb.,
1282 5708 1632 5779 ὑψηλότερος.

315 5780 409 5848 51)
432 5776 1037 5849 Παραἑτληκτίσομεν.
1081 5779 1216 5835 Tres
1244 5776 1407 5850 liegg.
1437 5787 1491 5836 et
1522 5776 1689 5834 Coisl.
1741 5778 1797 5846 2,

1921 4651 2003 4705 cui
2027 4650 2186 4713 dubio
2209 4652 2561 4721 undequaque
2582 4665 2685 4705 non
2714 4661 2964 4719 arguunt,
2984 4666 3082 4707 nec
3095 4652 3346 4709 essentia:
3365 4656 3490 4712 sab-

1921 4742 2272 4797 missiouem:
2312 4743 2439 4811 quin
2471 4742 2647 4812 potius
2680 4756 2742 4796 ex
2781 4743 2863 4797 his
2895 4744 3075 4800 verbis
3106 4762 3119 4799 :
3159 4744 3311 4811 Quod
3347 4750 3491 4816 geni-

1919 4843 2002 4886 tus
2035 4848 2137 4886 non
2159 4834 2245 4897 sit,
2301 4841 2350 4887 et
2392 4835 2529 4903 quod
2570 4835 2794 4905 genitus,
2834 4843 2880 4889 et
2923 4835 3061 4905 quod
3088 4838 3352 4905 procedat,
3388 4837 3491 4893 hoc

1921 5147 2479 5220 παραπληκτίσωμεν.

1974 5219 2087 5287 (δε)
2129 5217 2287 5272 mi».
2310 5217 2473 5288 Coisl.
2500 5218 2553 5288 ι,
2578 5217 2710 5288 Υεῴ.

1985 5286 2098 5359 (εὖ)
2134 5286 2468 5359 Ἔλλειπής.
2487 5286 2693 5359 οοίειέι
2708 5328 2724 5351 ,
2750 5288 2988 5359 ἐλλιπής.

1987 5357 2099 5425 (54)
2137 5356 2527 5425 Ἐκφὰνσεως.
2586 5374 2603 5407 t
2643 5355 2969 5418 Locutiuuis,
3018 5355 3427 5411 enuntiationis.
3462 5373 3481 5406 ›

1988 5425 2436 5499 (55)-Λείπειίτι.
2471 5428 2561 5480 Sic
2596 5437 2703 5482 tres
2734 5429 2924 5499 liegg.,
2955 5428 3191 5496 quinque
3223 5425 3373 5481 Colb.
3432 5436 3485 5478 et

1914 5495 2007 5552 0r.
2036 5495 2087 5548 l.
2113 5497 2169 5550 lu
2203 5497 2289 5550 ed.
2318 5498 2468 5550 deest
2500 5513 2572 5548 τι.

1986 5565 2098 5638 (56)
2124 5567 2390 5638 (istast...
2423 5567 2581 5638 Υίίξν.
2612 5565 2741 5636 Reg.
2786 5566 2894 5629 bm,
2928 5565 3092 5620 Coisl.
3135 5565 3186 5628 1,
3219 5564 3314 5622 0r.
3345 5564 3394 5627 1,
3431 5572 3483 5619 et

1911 5634 2100 5699 BaSiL,
2141 5635 2378 5705 λείψει...
2423 5635 2554 5705 Υίῷ.

1986 5705 2099 5776 (57)
2138 5704 2531 5776 Γεγενῆσθαι.
2566 5705 2699 5775 Reg.
2728 5721 2775 5766 a,
2799 5704 3175 5776 γεγεννῆσθαι.
3201 5704 3341 5771 Mox,
3397 5707 3477 5775 ξκα

1912 5773 2264 5846 πορεύεσθαί.
2298 5776 2432 5846 Reg.
2468 5773 3127 5847 Ογρῐηεκπεπορεῦσθαι.
