  <div class='ocr_page' id='page_1' title='image "/cluster/home/n/w/nwhite01/storage/ocr_20150623/36/hvd.32044024464877/087.png"; bbox 0 0 4038 6338; ppageno 0'>
   <div class='ocr_carea' id='block_1_1' title="bbox 560 357 3818 430">
    <p class='ocr_par' dir='ltr' id='par_1_1' title="bbox 560 357 3818 430">
     <span class='ocr_line' id='line_1_1' title="bbox 560 357 3818 430; baseline 0.005 -18"><span class='ocrx_word' id='word_1_1' title='bbox 560 357 677 413; x_wconf 58' lang='lat' dir='ltr'><strong>II?»</strong></span> <span class='ocrx_word' id='word_1_2' title='bbox 1818 359 1874 417; x_wconf 91' lang='lat' dir='ltr'><strong>S.</strong></span> <span class='ocrx_word' id='word_1_3' title='bbox 1918 359 2246 419; x_wconf 86' lang='lat' dir='ltr'><strong>GREGORII</strong></span> <span class='ocrx_word' id='word_1_4' title='bbox 2285 359 2634 418; x_wconf 78' lang='lat' dir='ltr'><strong>THEOLOGI</strong></span> <span class='ocrx_word' id='word_1_5' title='bbox 3719 372 3818 430; x_wconf 64' lang='lat' dir='ltr'><strong>N4</strong></span> 
     </span>
    </p>
   </div>
   <div class='ocr_carea' id='block_1_2' title="bbox 569 473 2149 554">
    <p class='ocr_par' dir='ltr' id='par_1_2' title="bbox 569 473 2149 543">
     <span class='ocr_line' id='line_1_2' title="bbox 569 473 2149 543; baseline 0.001 -14"><span class='ocrx_word' id='word_1_6' title='bbox 569 474 815 530; x_wconf 80' lang='lat' dir='ltr'><strong>effectum</strong></span> <span class='ocrx_word' id='word_1_7' title='bbox 849 481 950 538; x_wconf 98' lang='grc' dir='ltr'>εει,</span> <span class='ocrx_word' id='word_1_8' title='bbox 983 482 1041 529; x_wconf 82' lang='grc' dir='ltr'><strong>ιιι</strong></span> <span class='ocrx_word' id='word_1_9' title='bbox 1068 473 1205 530; x_wconf 86' lang='lat' dir='ltr'><strong>alius</strong></span> <span class='ocrx_word' id='word_1_10' title='bbox 1235 473 1415 541; x_wconf 83' lang='lat' dir='ltr'><strong>Pater,</strong></span> <span class='ocrx_word' id='word_1_11' title='bbox 1458 475 1593 530; x_wconf 90' lang='lat' dir='ltr'><strong>alius</strong></span> <span class='ocrx_word' id='word_1_12' title='bbox 1636 475 1823 540; x_wconf 84' lang='lat' dir='ltr'><strong>Filius,</strong></span> <span class='ocrx_word' id='word_1_13' title='bbox 1854 477 1991 532; x_wconf 89' lang='lat' dir='ltr'><strong>alius</strong></span> <span class='ocrx_word' id='word_1_14' title='bbox 2033 478 2149 543; x_wconf 85' lang='lat' dir='ltr'><strong>Spi-</strong></span> 
     </span>
    </p>
   </div>
   <div class='ocr_carea' id='block_1_3' title="bbox 2255 473 3814 554">
    <p class='ocr_par' dir='ltr' id='par_1_3' title="bbox 2258 476 3814 554">
     <span class='ocr_line' id='line_1_3' title="bbox 2258 476 3814 554; baseline 0.004 -23"><span class='ocrx_word' id='word_1_15' title='bbox 2258 478 2313 531; x_wconf 83' lang='grc' dir='ltr'>δὲ</span> <span class='ocrx_word' id='word_1_16' title='bbox 2349 478 2486 547; x_wconf 86' lang='grc'>(58),</span> <span class='ocrx_word' id='word_1_17' title='bbox 2528 476 2672 530; x_wconf 76' lang='grc' dir='ltr'>τοῦθ’</span> <span class='ocrx_word' id='word_1_18' title='bbox 2714 478 2850 547; x_wconf 80' lang='grc' dir='ltr'>ὅπερ</span> <span class='ocrx_word' id='word_1_19' title='bbox 2884 491 3134 545; x_wconf 78' lang='grc' dir='ltr'>Αεγεται,</span> <span class='ocrx_word' id='word_1_20' title='bbox 3174 478 3397 549; x_wconf 79' lang='grc' dir='ltr'>Πνεῦμα</span> <span class='ocrx_word' id='word_1_21' title='bbox 3453 480 3605 550; x_wconf 81' lang='grc' dir='ltr'>ἆγιον</span> <span class='ocrx_word' id='word_1_22' title='bbox 3644 499 3814 554; x_wconf 18' lang='grc' dir='ltr'>,προσ-</span> 
     </span>
    </p>
   </div>
   <div class='ocr_carea' id='block_1_4' title="bbox 574 563 2149 639">
    <p class='ocr_par' dir='ltr' id='par_1_4' title="bbox 574 563 2149 633">
     <span class='ocr_line' id='line_1_4' title="bbox 574 563 2149 633; baseline 0.002 -14"><span class='ocrx_word' id='word_1_23' title='bbox 574 565 715 619; x_wconf 80' lang='lat' dir='ltr'><strong>ritus</strong></span> <span class='ocrx_word' id='word_1_24' title='bbox 736 576 956 618; x_wconf 85' lang='lat' dir='ltr'><strong>sanctus</strong></span> <span class='ocrx_word' id='word_1_25' title='bbox 990 563 1305 631; x_wconf 73' lang='lat' dir='ltr'><strong>appelletur,</strong></span> <span class='ocrx_word' id='word_1_26' title='bbox 1337 574 1498 633; x_wconf 91' lang='lat' dir='ltr'><strong>atque</strong></span> <span class='ocrx_word' id='word_1_27' title='bbox 1550 565 1622 619; x_wconf 90' lang='lat' dir='ltr'><strong>ita</strong></span> <span class='ocrx_word' id='word_1_28' title='bbox 1660 567 1942 621; x_wconf 82' lang='lat' dir='ltr'><strong>iuconfusa</strong></span> <span class='ocrx_word' id='word_1_29' title='bbox 1987 570 2149 622; x_wconf 91' lang='lat' dir='ltr'><strong>trium</strong></span> 
     </span>
    </p>
   </div>
   <div class='ocr_carea' id='block_1_5' title="bbox 2255 563 3815 639">
    <p class='ocr_par' dir='ltr' id='par_1_5' title="bbox 2255 564 3815 639">
     <span class='ocr_line' id='line_1_5' title="bbox 2255 564 3815 639; baseline 0.004 -23"><span class='ocrx_word' id='word_1_30' title='bbox 2255 566 2569 635; x_wconf 79' lang='grc' dir='ltr'>ηγόρευσεν,</span> <span class='ocrx_word' id='word_1_31' title='bbox 2592 565 2676 618; x_wconf 82' lang='grc' dir='ltr'>ἵνα</span> <span class='ocrx_word' id='word_1_32' title='bbox 2702 566 2762 617; x_wconf 79' lang='grc' dir='ltr'>τὸ</span> <span class='ocrx_word' id='word_1_33' title='bbox 2781 565 3083 634; x_wconf 78' lang='grc' dir='ltr'>ἀσύγχυτον</span> <span class='ocrx_word' id='word_1_34' title='bbox 3108 564 3344 636; x_wconf 72' lang='grc' dir='ltr'>σώζηται</span> <span class='ocrx_word' id='word_1_35' title='bbox 3371 566 3479 619; x_wconf 80' lang='grc' dir='ltr'>τῶν</span> <span class='ocrx_word' id='word_1_36' title='bbox 3506 569 3668 639; x_wconf 80' lang='grc' dir='ltr'>τριῶν</span> <span class='ocrx_word' id='word_1_37' title='bbox 3699 570 3815 623; x_wconf 79' lang='grc' dir='ltr'>ὕπο-</span> 
     </span>
    </p>
   </div>
   <div class='ocr_carea' id='block_1_6' title="bbox 569 653 2154 723">
    <p class='ocr_par' dir='ltr' id='par_1_6' title="bbox 569 653 2154 723">
     <span class='ocr_line' id='line_1_6' title="bbox 569 653 2154 723; baseline 0.004 -16"><span class='ocrx_word' id='word_1_38' title='bbox 569 668 923 723; x_wconf 85' lang='lat' dir='ltr'><strong>personarum</strong></span> <span class='ocrx_word' id='word_1_39' title='bbox 954 653 1230 708; x_wconf 89' lang='lat' dir='ltr'><strong>distinctio</strong></span> <span class='ocrx_word' id='word_1_40' title='bbox 1265 655 1318 709; x_wconf 90' lang='lat' dir='ltr'><strong>in</strong></span> <span class='ocrx_word' id='word_1_41' title='bbox 1372 670 1476 709; x_wconf 87' lang='lat' dir='ltr'><strong>una</strong></span> <span class='ocrx_word' id='word_1_42' title='bbox 1523 656 1816 711; x_wconf 84' lang='lat' dir='ltr'><strong>divinitatis</strong></span> <span class='ocrx_word' id='word_1_43' title='bbox 1863 669 2053 713; x_wconf 89' lang='lat' dir='ltr'><strong>natura</strong></span> <span class='ocrx_word' id='word_1_44' title='bbox 2099 668 2154 714; x_wconf 89' lang='lat' dir='ltr'><strong>et</strong></span> 
     </span>
    </p>
   </div>
   <div class='ocr_carea' id='block_1_7' title="bbox 569 743 2155 813">
    <p class='ocr_par' dir='ltr' id='par_1_7' title="bbox 569 743 2155 813">
     <span class='ocr_line' id='line_1_7' title="bbox 569 743 2155 813; baseline 0.003 -16"><span class='ocrx_word' id='word_1_45' title='bbox 569 744 829 813; x_wconf 84' lang='lat' dir='ltr'><strong>dig’nitate</strong></span> <span class='ocrx_word' id='word_1_46' title='bbox 856 753 1227 798; x_wconf 77' lang='lat' dir='ltr'><strong>conservetur.</strong></span> <span class='ocrx_word' id='word_1_47' title='bbox 1258 743 1439 813; x_wconf 84' lang='lat' dir='ltr'><strong>Neque</strong></span> <span class='ocrx_word' id='word_1_48' title='bbox 1467 746 1608 799; x_wconf 91' lang='lat' dir='ltr'><strong>enim</strong></span> <span class='ocrx_word' id='word_1_49' title='bbox 1640 745 1809 801; x_wconf 86' lang='lat' dir='ltr'><strong>Filius</strong></span> <span class='ocrx_word' id='word_1_50' title='bbox 1854 756 1937 802; x_wconf 92' lang='lat' dir='ltr'><strong>est</strong></span> <span class='ocrx_word' id='word_1_51' title='bbox 1996 749 2155 803; x_wconf 82' lang='lat' dir='ltr'><strong>Pater</strong></span> 
     </span>
    </p>
   </div>
   <div class='ocr_carea' id='block_1_8' title="bbox 571 833 2154 905">
    <p class='ocr_par' dir='ltr' id='par_1_8' title="bbox 571 833 2154 905">
     <span class='ocr_line' id='line_1_8' title="bbox 571 833 2154 905; baseline 0.005 -18"><span class='ocrx_word' id='word_1_52' title='bbox 571 837 740 902; x_wconf 78' lang='lat' dir='ltr'><strong>(unus</strong></span> <span class='ocrx_word' id='word_1_53' title='bbox 761 834 902 888; x_wconf 90' lang='lat' dir='ltr'><strong>enim</strong></span> <span class='ocrx_word' id='word_1_54' title='bbox 930 843 1012 887; x_wconf 91' lang='lat' dir='ltr'><strong>est</strong></span> <span class='ocrx_word' id='word_1_55' title='bbox 1044 833 1258 904; x_wconf 85' lang='lat' dir='ltr'><strong>Pater),</strong></span> <span class='ocrx_word' id='word_1_56' title='bbox 1305 838 1399 889; x_wconf 86' lang='lat' dir='ltr'><strong>sed</strong></span> <span class='ocrx_word' id='word_1_57' title='bbox 1431 846 1513 890; x_wconf 90' lang='lat' dir='ltr'><strong>est</strong></span> <span class='ocrx_word' id='word_1_58' title='bbox 1553 836 1602 889; x_wconf 84' lang='lat' dir='ltr'><strong>id</strong></span> <span class='ocrx_word' id='word_1_59' title='bbox 1644 839 1783 905; x_wconf 85' lang='lat' dir='ltr'><strong>quod</strong></span> <span class='ocrx_word' id='word_1_60' title='bbox 1829 837 1988 892; x_wconf 87' lang='lat' dir='ltr'><strong>Pater</strong></span> <span class='ocrx_word' id='word_1_61' title='bbox 2016 857 2028 893; x_wconf 92' lang='lat'>:</span> <span class='ocrx_word' id='word_1_62' title='bbox 2057 854 2154 895; x_wconf 89' lang='lat' dir='ltr'><strong>nec</strong></span> 
     </span>
    </p>
   </div>
   <div class='ocr_carea' id='block_1_9' title="bbox 571 924 2153 997">
    <p class='ocr_par' dir='ltr' id='par_1_9' title="bbox 571 924 2153 997">
     <span class='ocr_line' id='line_1_9' title="bbox 571 924 2153 997; baseline 0.002 -18"><span class='ocrx_word' id='word_1_63' title='bbox 571 924 806 993; x_wconf 88' lang='lat' dir='ltr'><strong>Spiritus</strong></span> <span class='ocrx_word' id='word_1_64' title='bbox 844 933 926 997; x_wconf 74' lang='lat' dir='ltr'><strong>est</strong></span> <span class='ocrx_word' id='word_1_65' title='bbox 969 924 1159 989; x_wconf 82' lang='lat' dir='ltr'><strong>Filius,</strong></span> <span class='ocrx_word' id='word_1_66' title='bbox 1214 925 1339 993; x_wconf 86' lang='lat' dir='ltr'><strong>quia</strong></span> <span class='ocrx_word' id='word_1_67' title='bbox 1383 939 1448 979; x_wconf 84' lang='lat' dir='ltr'><strong>ex</strong></span> <span class='ocrx_word' id='word_1_68' title='bbox 1484 925 1592 980; x_wconf 91' lang='lat' dir='ltr'><strong>Deo</strong></span> <span class='ocrx_word' id='word_1_69' title='bbox 1639 935 1720 980; x_wconf 89' lang='lat' dir='ltr'><strong>est</strong></span> <span class='ocrx_word' id='word_1_70' title='bbox 1781 926 1956 997; x_wconf 92' lang='lat' dir='ltr'><strong>(unus</strong></span> <span class='ocrx_word' id='word_1_71' title='bbox 2012 929 2153 982; x_wconf 82' lang='lat' dir='ltr'><strong>enim</strong></span> 
     </span>
    </p>
   </div>
   <div class='ocr_carea' id='block_1_10' title="bbox 570 1014 2156 1087">
    <p class='ocr_par' dir='ltr' id='par_1_10' title="bbox 570 1014 2156 1087">
     <span class='ocr_line' id='line_1_10' title="bbox 570 1014 2156 1087; baseline 0 -14"><span class='ocrx_word' id='word_1_72' title='bbox 570 1014 969 1087; x_wconf 83' lang='lat' dir='ltr'><strong>Uuigenitus),</strong></span> <span class='ocrx_word' id='word_1_73' title='bbox 1021 1017 1115 1071; x_wconf 86' lang='lat' dir='ltr'><strong>sed</strong></span> <span class='ocrx_word' id='word_1_74' title='bbox 1171 1026 1252 1072; x_wconf 90' lang='lat' dir='ltr'><strong>est</strong></span> <span class='ocrx_word' id='word_1_75' title='bbox 1290 1016 1341 1070; x_wconf 89' lang='lat' dir='ltr'><strong>id</strong></span> <span class='ocrx_word' id='word_1_76' title='bbox 1398 1018 1538 1085; x_wconf 89' lang='lat' dir='ltr'><strong>quod</strong></span> <span class='ocrx_word' id='word_1_77' title='bbox 1586 1016 1754 1072; x_wconf 89' lang='lat' dir='ltr'><strong>Filius</strong></span> <span class='ocrx_word' id='word_1_78' title='bbox 1803 1036 1815 1071; x_wconf 92' lang='lat'><strong>:</strong></span> <span class='ocrx_word' id='word_1_79' title='bbox 1869 1019 1969 1073; x_wconf 82' lang='lat' dir='ltr'><strong>tria</strong></span> <span class='ocrx_word' id='word_1_80' title='bbox 2039 1019 2156 1073; x_wconf 82' lang='lat' dir='ltr'><strong>haec</strong></span> 
     </span>
    </p>
   </div>
   <div class='ocr_carea' id='block_1_11' title="bbox 570 1106 2152 1179">
    <p class='ocr_par' dir='ltr' id='par_1_11' title="bbox 570 1106 2152 1179">
     <span class='ocr_line' id='line_1_11' title="bbox 570 1106 2152 1179; baseline 0.001 -17"><span class='ocrx_word' id='word_1_81' title='bbox 570 1123 756 1173; x_wconf 89' lang='lat' dir='ltr'><strong>unum,</strong></span> <span class='ocrx_word' id='word_1_82' title='bbox 786 1108 830 1163; x_wconf 90' lang='lat' dir='ltr'><strong>si</strong></span> <span class='ocrx_word' id='word_1_83' title='bbox 856 1108 1187 1162; x_wconf 86' lang='lat' dir='ltr'><strong>divinitatem</strong></span> <span class='ocrx_word' id='word_1_84' title='bbox 1217 1106 1375 1179; x_wconf 77' lang='lat'><strong>562</strong></span> <span class='ocrx_word' id='word_1_85' title='bbox 1408 1117 1646 1179; x_wconf 86' lang='lat' dir='ltr'><strong>spectes,</strong></span> <span class='ocrx_word' id='word_1_86' title='bbox 1676 1119 1728 1163; x_wconf 91' lang='lat' dir='ltr'><strong>et</strong></span> <span class='ocrx_word' id='word_1_87' title='bbox 1758 1125 1919 1163; x_wconf 88' lang='lat' dir='ltr'><strong>unmn</strong></span> <span class='ocrx_word' id='word_1_88' title='bbox 1956 1110 2079 1175; x_wconf 84' lang='lat' dir='ltr'><strong>tria,</strong></span> <span class='ocrx_word' id='word_1_89' title='bbox 2109 1112 2152 1165; x_wconf 90' lang='lat' dir='ltr'><strong>si</strong></span> 
     </span>
    </p>
   </div>
   <div class='ocr_carea' id='block_1_12' title="bbox 571 1199 2157 1270">
    <p class='ocr_par' dir='ltr' id='par_1_12' title="bbox 571 1199 2157 1270">
     <span class='ocr_line' id='line_1_12' title="bbox 571 1199 2157 1270; baseline 0.001 -16"><span class='ocrx_word' id='word_1_90' title='bbox 571 1201 963 1270; x_wconf 85' lang='lat' dir='ltr'><strong>proprietatum</strong></span> <span class='ocrx_word' id='word_1_91' title='bbox 991 1199 1249 1254; x_wconf 89' lang='lat' dir='ltr'><strong>rationem</strong></span> <span class='ocrx_word' id='word_1_92' title='bbox 1291 1201 1521 1267; x_wconf 87' lang='lat' dir='ltr'><strong>habeas;</strong></span> <span class='ocrx_word' id='word_1_93' title='bbox 1556 1211 1612 1254; x_wconf 92' lang='lat' dir='ltr'><strong>ut</strong></span> <span class='ocrx_word' id='word_1_94' title='bbox 1641 1216 1739 1253; x_wconf 91' lang='lat' dir='ltr'><strong>nec</strong></span> <span class='ocrx_word' id='word_1_95' title='bbox 1770 1216 1935 1253; x_wconf 89' lang='lat' dir='ltr'><strong>unum</strong></span> <span class='ocrx_word' id='word_1_96' title='bbox 1971 1199 2157 1255; x_wconf 85' lang='lat' dir='ltr'><strong>Sabel-</strong></span> 
     </span>
    </p>
   </div>
   <div class='ocr_carea' id='block_1_13' title="bbox 570 1290 2156 1360">
    <p class='ocr_par' dir='ltr' id='par_1_13' title="bbox 570 1290 2156 1360">
     <span class='ocr_line' id='line_1_13' title="bbox 570 1290 2156 1360; baseline 0.001 -15"><span class='ocrx_word' id='word_1_97' title='bbox 570 1291 644 1345; x_wconf 91' lang='lat' dir='ltr'><strong>lio</strong></span> <span class='ocrx_word' id='word_1_98' title='bbox 672 1292 864 1355; x_wconf 82' lang='lat' dir='ltr'><strong>faveat,</strong></span> <span class='ocrx_word' id='word_1_99' title='bbox 920 1306 1017 1345; x_wconf 90' lang='lat' dir='ltr'><strong>nec</strong></span> <span class='ocrx_word' id='word_1_100' title='bbox 1066 1292 1168 1345; x_wconf 85' lang='lat' dir='ltr'><strong>tria</strong></span> <span class='ocrx_word' id='word_1_101' title='bbox 1246 1290 1512 1359; x_wconf 66' lang='lat' dir='ltr'><strong>pestifera:</strong></span> <span class='ocrx_word' id='word_1_102' title='bbox 1560 1291 1847 1355; x_wconf 82' lang='lat' dir='ltr'><strong>divisioni,</strong></span> <span class='ocrx_word' id='word_1_103' title='bbox 1884 1306 2001 1360; x_wconf 60' lang='lat' dir='ltr'><strong>quin</strong></span> <span class='ocrx_word' id='word_1_104' title='bbox 2058 1293 2156 1347; x_wconf 87' lang='lat' dir='ltr'><strong>hac</strong></span> 
     </span>
    </p>
   </div>
   <div class='ocr_carea' id='block_1_14' title="bbox 574 1384 1075 1454">
    <p class='ocr_par' dir='ltr' id='par_1_14' title="bbox 574 1384 1075 1454">
     <span class='ocr_line' id='line_1_14' title="bbox 574 1384 1075 1454; baseline -0.002 -17"><span class='ocrx_word' id='word_1_105' title='bbox 574 1392 890 1453; x_wconf 86' lang='lat' dir='ltr'><strong>tempestate</strong></span> <span class='ocrx_word' id='word_1_106' title='bbox 913 1384 1075 1454; x_wconf 84' lang='lat' dir='ltr'><strong>viget.</strong></span> 
     </span>
    </p>
   </div>
   <div class='ocr_carea' id='block_1_15' title="bbox 643 1473 2152 1545">
    <p class='ocr_par' dir='ltr' id='par_1_15' title="bbox 643 1473 2152 1545">
     <span class='ocr_line' id='line_1_15' title="bbox 643 1473 2152 1545; baseline -0.002 -14"><span class='ocrx_word' id='word_1_107' title='bbox 643 1476 709 1531; x_wconf 86' lang='lat' dir='ltr'><strong>X.</strong></span> <span class='ocrx_word' id='word_1_108' title='bbox 740 1477 876 1544; x_wconf 87' lang='lat' dir='ltr'><strong>Quid</strong></span> <span class='ocrx_word' id='word_1_109' title='bbox 902 1491 1028 1545; x_wconf 87' lang='lat' dir='ltr'><strong>ergo</strong></span> <span class='ocrx_word' id='word_1_110' title='bbox 1046 1476 1070 1529; x_wconf 69' lang='grc' dir='ltr'><strong>ἰ</strong></span> <span class='ocrx_word' id='word_1_111' title='bbox 1091 1474 1325 1543; x_wconf 78' lang='lat' dir='ltr'><strong>Spiritus</strong></span> <span class='ocrx_word' id='word_1_112' title='bbox 1354 1484 1572 1530; x_wconf 88' lang='lat' dir='ltr'><strong>sanctus</strong></span> <span class='ocrx_word' id='word_1_113' title='bbox 1594 1484 1675 1531; x_wconf 90' lang='lat' dir='ltr'><strong>est</strong></span> <span class='ocrx_word' id='word_1_114' title='bbox 1704 1474 1882 1530; x_wconf 87' lang='lat' dir='ltr'><strong>Deus?</strong></span> <span class='ocrx_word' id='word_1_115' title='bbox 1902 1473 2152 1529; x_wconf 79' lang='lat' dir='ltr'><strong>Maxime.</strong></span> 
     </span>
    </p>
   </div>
   <div class='ocr_carea' id='block_1_16' title="bbox 572 1564 2151 1635">
    <p class='ocr_par' dir='ltr' id='par_1_16' title="bbox 572 1564 2151 1635">
     <span class='ocr_line' id='line_1_16' title="bbox 572 1564 2151 1635; baseline -0.005 -11"><span class='ocrx_word' id='word_1_116' title='bbox 572 1566 1051 1624; x_wconf 86' lang='lat' dir='ltr'><strong>Consubstantialis</strong></span> <span class='ocrx_word' id='word_1_117' title='bbox 1107 1566 1307 1635; x_wconf 77' lang='lat' dir='ltr'><strong>igitur?</strong></span> <span class='ocrx_word' id='word_1_118' title='bbox 1371 1564 1634 1627; x_wconf 77' lang='lat' dir='ltr'><strong>Prorsus,</strong></span> <span class='ocrx_word' id='word_1_119' title='bbox 1677 1565 1942 1633; x_wconf 75' lang='lat' dir='ltr'><strong>siquidem</strong></span> <span class='ocrx_word' id='word_1_120' title='bbox 1990 1564 2151 1617; x_wconf 91' lang='lat' dir='ltr'><strong>Deus.</strong></span> 
     </span>
    </p>
   </div>
   <div class='ocr_carea' id='block_1_17' title="bbox 573 1654 2152 1731">
    <p class='ocr_par' dir='ltr' id='par_1_17' title="bbox 573 1654 2152 1731">
     <span class='ocr_line' id='line_1_17' title="bbox 573 1654 2152 1731; baseline -0.004 -16"><span class='ocrx_word' id='word_1_121' title='bbox 573 1664 648 1715; x_wconf 90' lang='lat' dir='ltr'><strong>Da</strong></span> <span class='ocrx_word' id='word_1_122' title='bbox 679 1662 841 1731; x_wconf 83' lang='lat' dir='ltr'><strong>igitur</strong></span> <span class='ocrx_word' id='word_1_123' title='bbox 872 1659 1025 1723; x_wconf 89' lang='lat' dir='ltr'><strong>mihi,</strong></span> <span class='ocrx_word' id='word_1_124' title='bbox 1062 1657 1260 1726; x_wconf 84' lang='lat' dir='ltr'><strong>inquis,</strong></span> <span class='ocrx_word' id='word_1_125' title='bbox 1291 1672 1355 1711; x_wconf 82' lang='lat' dir='ltr'><strong>ex</strong></span> <span class='ocrx_word' id='word_1_126' title='bbox 1383 1656 1568 1712; x_wconf 83' lang='lat' dir='ltr'><strong>eodem</strong></span> <span class='ocrx_word' id='word_1_127' title='bbox 1598 1656 1740 1710; x_wconf 88' lang='lat' dir='ltr'><strong>aliud</strong></span> <span class='ocrx_word' id='word_1_128' title='bbox 1770 1670 1890 1710; x_wconf 90' lang='lat' dir='ltr'><strong>esse</strong></span> <span class='ocrx_word' id='word_1_129' title='bbox 1934 1654 2152 1719; x_wconf 78' lang='lat' dir='ltr'><strong>Filium,</strong></span> 
     </span>
    </p>
   </div>
   <div class='ocr_carea' id='block_1_18' title="bbox 2259 656 3813 730">
    <p class='ocr_par' dir='ltr' id='par_1_18' title="bbox 2259 656 3813 730">
     <span class='ocr_line' id='line_1_18' title="bbox 2259 656 3813 730; baseline 0.004 -24"><span class='ocrx_word' id='word_1_130' title='bbox 2259 656 2497 708; x_wconf 81' lang='grc' dir='ltr'>στάσεων</span> <span class='ocrx_word' id='word_1_131' title='bbox 2526 657 2582 708; x_wconf 78' lang='grc' dir='ltr'>ἐν</span> <span class='ocrx_word' id='word_1_132' title='bbox 2610 658 2674 725; x_wconf 85' lang='grc' dir='ltr'>τῇ</span> <span class='ocrx_word' id='word_1_133' title='bbox 2714 657 2814 727; x_wconf 79' lang='grc' dir='ltr'>μιᾷ</span> <span class='ocrx_word' id='word_1_134' title='bbox 2842 657 3002 726; x_wconf 78' lang='grc' dir='ltr'>φύσει</span> <span class='ocrx_word' id='word_1_135' title='bbox 3030 675 3088 709; x_wconf 87' lang='grc' dir='ltr'><strong>τε</strong></span> <span class='ocrx_word' id='word_1_136' title='bbox 3122 658 3213 711; x_wconf 77' lang='grc' dir='ltr'><strong>καί</strong></span> <span class='ocrx_word' id='word_1_137' title='bbox 3240 657 3367 727; x_wconf 78' lang='grc' dir='ltr'><strong>ἀξίᾳ</strong></span> <span class='ocrx_word' id='word_1_138' title='bbox 3409 658 3508 727; x_wconf 82' lang='grc' dir='ltr'>τῆς</span> <span class='ocrx_word' id='word_1_139' title='bbox 3549 659 3813 730; x_wconf 84' lang='grc' dir='ltr'>θεότητος.</span> 
     </span>
    </p>
   </div>
   <div class='ocr_carea' id='block_1_19' title="bbox 2259 743 3815 822">
    <p class='ocr_par' dir='ltr' id='par_1_19' title="bbox 2259 743 3815 822">
     <span class='ocr_line' id='line_1_19' title="bbox 2259 743 3815 822; baseline 0.004 -26"><span class='ocrx_word' id='word_1_140' title='bbox 2259 743 2394 799; x_wconf 78' lang='grc' dir='ltr'>Οὔτε</span> <span class='ocrx_word' id='word_1_141' title='bbox 2424 745 2531 816; x_wconf 79' lang='grc' dir='ltr'><strong>γὰρ</strong></span> <span class='ocrx_word' id='word_1_142' title='bbox 2557 747 2584 797; x_wconf 98' lang='lat'><strong>6</strong></span> <span class='ocrx_word' id='word_1_143' title='bbox 2613 746 2739 806; x_wconf 78' lang='grc' dir='ltr'><strong>Υἱὸς</strong></span> <span class='ocrx_word' id='word_1_144' title='bbox 2770 748 2959 818; x_wconf 83' lang='grc' dir='ltr'>Πατὴρ</span> <span class='ocrx_word' id='word_1_145' title='bbox 2985 743 3088 818; x_wconf 79' lang='grc' dir='ltr'>(εἷς</span> <span class='ocrx_word' id='word_1_146' title='bbox 3121 748 3228 817; x_wconf 81' lang='grc' dir='ltr'><strong>γὰρ</strong></span> <span class='ocrx_word' id='word_1_147' title='bbox 3266 748 3497 819; x_wconf 83' lang='grc' dir='ltr'>Πατὴρ),</span> <span class='ocrx_word' id='word_1_148' title='bbox 3540 749 3653 802; x_wconf 80' lang='grc' dir='ltr'>ἀλλ’</span> <span class='ocrx_word' id='word_1_149' title='bbox 3683 751 3815 822; x_wconf 84' lang='grc' dir='ltr'>ὅπερ</span> 
     </span>
    </p>
   </div>
   <div class='ocr_carea' id='block_1_20' title="bbox 2256 834 3813 909">
    <p class='ocr_par' dir='ltr' id='par_1_20' title="bbox 2256 834 3813 909">
     <span class='ocr_line' id='line_1_20' title="bbox 2256 834 3813 909; baseline 0.004 -22"><span class='ocrx_word' id='word_1_150' title='bbox 2256 837 2283 887; x_wconf 91' lang='lat'><strong>6</strong></span> <span class='ocrx_word' id='word_1_151' title='bbox 2308 836 2495 906; x_wconf 83' lang='grc' dir='ltr'>Πατήρ</span> <span class='ocrx_word' id='word_1_152' title='bbox 2514 853 2527 866; x_wconf 69' lang='grc'><strong>⁸</strong></span> <span class='ocrx_word' id='word_1_153' title='bbox 2560 834 2681 889; x_wconf 72' lang='grc' dir='ltr'>οὔτε</span> <span class='ocrx_word' id='word_1_154' title='bbox 2709 837 2768 889; x_wconf 83' lang='grc' dir='ltr'>τὸ</span> <span class='ocrx_word' id='word_1_155' title='bbox 2796 838 3020 909; x_wconf 84' lang='grc' dir='ltr'><strong>Πνεῦμα</strong></span> <span class='ocrx_word' id='word_1_156' title='bbox 3047 838 3171 902; x_wconf 80' lang='grc' dir='ltr'><strong>Υἱὸς</strong></span> <span class='ocrx_word' id='word_1_157' title='bbox 3196 838 3325 909; x_wconf 84' lang='grc'>(59),</span> <span class='ocrx_word' id='word_1_158' title='bbox 3352 840 3433 892; x_wconf 83' lang='grc' dir='ltr'>ὅτι</span> <span class='ocrx_word' id='word_1_159' title='bbox 3466 840 3532 894; x_wconf 86' lang='grc' dir='ltr'><strong>ὲκ</strong></span> <span class='ocrx_word' id='word_1_160' title='bbox 3556 839 3649 892; x_wconf 82' lang='grc' dir='ltr'><strong>τοῦ</strong></span> <span class='ocrx_word' id='word_1_161' title='bbox 3683 840 3813 893; x_wconf 75' lang='grc' dir='ltr'>Θεοῦ</span> 
     </span>
    </p>
   </div>
   <div class='ocr_carea' id='block_1_21' title="bbox 2259 919 3815 1001">
    <p class='ocr_par' dir='ltr' id='par_1_21' title="bbox 2259 919 3815 1001">
     <span class='ocr_line' id='line_1_21' title="bbox 2259 919 3815 1001; baseline 0.007 -26"><span class='ocrx_word' id='word_1_162' title='bbox 2259 919 2360 993; x_wconf 74' lang='grc' dir='ltr'>(εἷς</span> <span class='ocrx_word' id='word_1_163' title='bbox 2405 926 2511 997; x_wconf 84' lang='grc' dir='ltr'><strong>γὰρ</strong></span> <span class='ocrx_word' id='word_1_164' title='bbox 2556 929 2585 980; x_wconf 85' lang='lat'><strong>6</strong></span> <span class='ocrx_word' id='word_1_165' title='bbox 2624 929 2983 999; x_wconf 76' lang='grc' dir='ltr'>Μονογενὴς),</span> <span class='ocrx_word' id='word_1_166' title='bbox 3031 929 3144 983; x_wconf 81' lang='grc' dir='ltr'>ἀλλ’</span> <span class='ocrx_word' id='word_1_167' title='bbox 3191 931 3327 1001; x_wconf 82' lang='grc' dir='ltr'>ὅπερ</span> <span class='ocrx_word' id='word_1_168' title='bbox 3372 932 3400 983; x_wconf 92' lang='lat'><strong>6</strong></span> <span class='ocrx_word' id='word_1_169' title='bbox 3446 931 3600 996; x_wconf 81' lang='grc' dir='ltr'>Υἱός·</span> <span class='ocrx_word' id='word_1_170' title='bbox 3647 931 3702 984; x_wconf 80' lang='grc' dir='ltr'>ἓν</span> <span class='ocrx_word' id='word_1_171' title='bbox 3747 934 3815 986; x_wconf 78' lang='grc' dir='ltr'>τὰ</span> 
     </span>
    </p>
   </div>
   <div class='ocr_carea' id='block_1_22' title="bbox 2256 1016 3813 1093">
    <p class='ocr_par' dir='ltr' id='par_1_22' title="bbox 2256 1016 3813 1093">
     <span class='ocr_line' id='line_1_22' title="bbox 2256 1016 3813 1093; baseline 0.004 -25"><span class='ocrx_word' id='word_1_172' title='bbox 2256 1017 2381 1087; x_wconf 81' lang='grc' dir='ltr'>τρία</span> <span class='ocrx_word' id='word_1_173' title='bbox 2410 1019 2475 1087; x_wconf 82' lang='grc' dir='ltr'>τῇ</span> <span class='ocrx_word' id='word_1_174' title='bbox 2511 1016 2745 1088; x_wconf 83' lang='grc' dir='ltr'>θεότητι.</span> <span class='ocrx_word' id='word_1_175' title='bbox 2777 1020 2953 1072; x_wconf 76' lang='grc' dir='ltr'>καὶτὸ</span> <span class='ocrx_word' id='word_1_176' title='bbox 2997 1020 3053 1072; x_wconf 82' lang='grc' dir='ltr'>ἓν</span> <span class='ocrx_word' id='word_1_177' title='bbox 3094 1020 3217 1092; x_wconf 81' lang='grc' dir='ltr'>τρία</span> <span class='ocrx_word' id='word_1_178' title='bbox 3243 1024 3362 1084; x_wconf 89' lang='grc' dir='ltr'>ταῖς</span> <span class='ocrx_word' id='word_1_179' title='bbox 3402 1021 3684 1093; x_wconf 71' lang='grc' dir='ltr'><strong>ἰδιότησιν·</strong></span> <span class='ocrx_word' id='word_1_180' title='bbox 3729 1023 3813 1076; x_wconf 77' lang='grc' dir='ltr'>ἵνα</span> 
     </span>
    </p>
   </div>
   <div class='ocr_carea' id='block_1_23' title="bbox 2261 1106 3814 1192">
    <p class='ocr_par' dir='ltr' id='par_1_23' title="bbox 2261 1106 3814 1192">
     <span class='ocr_line' id='line_1_23' title="bbox 2261 1106 3814 1192; baseline 0.006 -35"><span class='ocrx_word' id='word_1_181' title='bbox 2261 1108 2396 1175; x_wconf 84' lang='grc' dir='ltr'>μήτε</span> <span class='ocrx_word' id='word_1_182' title='bbox 2421 1106 2479 1160; x_wconf 70' lang='grc' dir='ltr'>τὸ</span> <span class='ocrx_word' id='word_1_183' title='bbox 2509 1107 2567 1158; x_wconf 85' lang='grc' dir='ltr'>ἒν</span> <span class='ocrx_word' id='word_1_184' title='bbox 2601 1108 2887 1162; x_wconf 77' lang='grc' dir='ltr'>Σαϐἑλλιον</span> <span class='ocrx_word' id='word_1_185' title='bbox 2910 1106 2967 1192; x_wconf 73' lang='grc' dir='ltr'>ᾖ.</span> <span class='ocrx_word' id='word_1_186' title='bbox 3008 1110 3143 1181; x_wconf 87' lang='grc' dir='ltr'>μήτε</span> <span class='ocrx_word' id='word_1_187' title='bbox 3178 1111 3245 1163; x_wconf 78' lang='grc' dir='ltr'>τὰ</span> <span class='ocrx_word' id='word_1_188' title='bbox 3281 1112 3406 1183; x_wconf 82' lang='grc' dir='ltr'>τρία</span> <span class='ocrx_word' id='word_1_189' title='bbox 3441 1112 3542 1181; x_wconf 79' lang='grc' dir='ltr'>τῆς</span> <span class='ocrx_word' id='word_1_190' title='bbox 3578 1113 3814 1182; x_wconf 76' lang='grc' dir='ltr'>πονηρᾶς</span> 
     </span>
    </p>
   </div>
   <div class='ocr_carea' id='block_1_24' title="bbox 2258 1195 2847 1270">
    <p class='ocr_par' dir='ltr' id='par_1_24' title="bbox 2258 1195 2847 1270">
     <span class='ocr_line' id='line_1_24' title="bbox 2258 1195 2847 1270; baseline 0.007 -21"><span class='ocrx_word' id='word_1_191' title='bbox 2258 1195 2350 1249; x_wconf 75' lang='grc' dir='ltr'><strong>νῦν</strong></span> <span class='ocrx_word' id='word_1_192' title='bbox 2379 1197 2487 1268; x_wconf 88' lang='grc'><strong>(60)</strong></span> <span class='ocrx_word' id='word_1_193' title='bbox 2516 1198 2847 1270; x_wconf 80' lang='grc' dir='ltr'><strong>διαιρέσεως.</strong></span> 
     </span>
    </p>
   </div>
   <div class='ocr_carea' id='block_1_25' title="bbox 2328 1462 3815 1541">
    <p class='ocr_par' dir='ltr' id='par_1_25' title="bbox 2328 1462 3815 1541">
     <span class='ocr_line' id='line_1_25' title="bbox 2328 1462 3815 1541; baseline 0.005 -22"><span class='ocrx_word' id='word_1_194' title='bbox 2328 1469 2382 1521; x_wconf 90' lang='lat' dir='ltr'><strong>l&#39;.</strong></span> <span class='ocrx_word' id='word_1_195' title='bbox 2423 1467 2487 1519; x_wconf 83' lang='grc' dir='ltr'><strong>Τί</strong></span> <span class='ocrx_word' id='word_1_196' title='bbox 2520 1462 2641 1533; x_wconf 76' lang='grc' dir='ltr'>οὖνς</span> <span class='ocrx_word' id='word_1_197' title='bbox 2690 1468 2821 1531; x_wconf 80' lang='grc' dir='ltr'>Θεὸς</span> <span class='ocrx_word' id='word_1_198' title='bbox 2864 1468 2925 1521; x_wconf 77' lang='grc' dir='ltr'>τὸ</span> <span class='ocrx_word' id='word_1_199' title='bbox 2971 1469 3224 1541; x_wconf 79' lang='grc' dir='ltr'>Πνεῦμα;</span> <span class='ocrx_word' id='word_1_200' title='bbox 3274 1470 3421 1524; x_wconf 82' lang='grc' dir='ltr'><strong>Πάνυ</strong></span> <span class='ocrx_word' id='word_1_201' title='bbox 3469 1487 3553 1540; x_wconf 83' lang='grc' dir='ltr'>γε.</span> <span class='ocrx_word' id='word_1_202' title='bbox 3594 1471 3659 1523; x_wconf 82' lang='grc' dir='ltr'><strong>Τί</strong></span> <span class='ocrx_word' id='word_1_203' title='bbox 3699 1467 3815 1539; x_wconf 81' lang='grc' dir='ltr'>οὗν,</span> 
     </span>
    </p>
   </div>
   <div class='ocr_carea' id='block_1_26' title="bbox 2255 1558 3815 1632">
    <p class='ocr_par' dir='ltr' id='par_1_26' title="bbox 2255 1558 3815 1632">
     <span class='ocr_line' id='line_1_26' title="bbox 2255 1558 3815 1632; baseline 0.003 -20"><span class='ocrx_word' id='word_1_204' title='bbox 2255 1558 2567 1629; x_wconf 73' lang='grc' dir='ltr'>ὁμοούσιονς</span> <span class='ocrx_word' id='word_1_205' title='bbox 2600 1558 2769 1630; x_wconf 70' lang='grc' dir='ltr'>Εἴπερ</span> <span class='ocrx_word' id='word_1_206' title='bbox 2805 1559 2955 1623; x_wconf 84' lang='grc' dir='ltr'>Θεός.</span> <span class='ocrx_word' id='word_1_207' title='bbox 2999 1561 3097 1625; x_wconf 72' lang='grc' dir='ltr'><strong>Δὸς</strong></span> <span class='ocrx_word' id='word_1_208' title='bbox 3137 1558 3229 1615; x_wconf 76' lang='grc' dir='ltr'>οὖν</span> <span class='ocrx_word' id='word_1_209' title='bbox 3264 1579 3372 1632; x_wconf 89' lang='grc' dir='ltr'>μοι,</span> <span class='ocrx_word' id='word_1_210' title='bbox 3404 1562 3587 1632; x_wconf 70' lang='grc' dir='ltr'>φησιν,</span> <span class='ocrx_word' id='word_1_211' title='bbox 3626 1564 3688 1616; x_wconf 80' lang='grc' dir='ltr'><strong>ἐκ</strong></span> <span class='ocrx_word' id='word_1_212' title='bbox 3720 1562 3815 1616; x_wconf 80' lang='grc' dir='ltr'><strong>τοῦ</strong></span> 
     </span>
    </p>
   </div>
   <div class='ocr_carea' id='block_1_27' title="bbox 2256 1649 3814 1724">
    <p class='ocr_par' dir='ltr' id='par_1_27' title="bbox 2256 1649 3814 1724">
     <span class='ocr_line' id='line_1_27' title="bbox 2256 1649 3814 1724; baseline 0.003 -22"><span class='ocrx_word' id='word_1_213' title='bbox 2256 1650 2442 1711; x_wconf 77' lang='grc' dir='ltr'>αὐτοῦ,</span> <span class='ocrx_word' id='word_1_214' title='bbox 2477 1650 2534 1703; x_wconf 78' lang='grc' dir='ltr'>τὸ</span> <span class='ocrx_word' id='word_1_215' title='bbox 2584 1650 2680 1720; x_wconf 84' lang='grc' dir='ltr'>μὲν</span> <span class='ocrx_word' id='word_1_216' title='bbox 2721 1650 2865 1715; x_wconf 76' lang='grc' dir='ltr'>Υιδν,</span> <span class='ocrx_word' id='word_1_217' title='bbox 2908 1651 2970 1703; x_wconf 81' lang='grc' dir='ltr'>τὸ</span> <span class='ocrx_word' id='word_1_218' title='bbox 3001 1651 3056 1704; x_wconf 89' lang='grc' dir='ltr'>δὲ</span> <span class='ocrx_word' id='word_1_219' title='bbox 3084 1653 3179 1723; x_wconf 75' lang='grc' dir='ltr'><strong>οὐχ</strong></span> <span class='ocrx_word' id='word_1_220' title='bbox 3217 1654 3362 1717; x_wconf 83' lang='grc' dir='ltr'>Υἱδν,</span> <span class='ocrx_word' id='word_1_221' title='bbox 3397 1649 3513 1706; x_wconf 75' lang='grc' dir='ltr'>εἶτα</span> <span class='ocrx_word' id='word_1_222' title='bbox 3538 1654 3814 1724; x_wconf 77' lang='grc' dir='ltr'>όμοούσια,</span> 
     </span>
    </p>
   </div>
   <div class='ocr_carea' id='block_1_28' title="bbox 576 1741 2149 1819">
    <p class='ocr_par' dir='ltr' id='par_1_28' title="bbox 576 1744 2149 1819">
     <span class='ocr_line' id='line_1_28' title="bbox 576 1744 2149 1819; baseline -0.005 -14"><span class='ocrx_word' id='word_1_223' title='bbox 576 1751 721 1805; x_wconf 90' lang='lat' dir='ltr'><strong>aliud</strong></span> <span class='ocrx_word' id='word_1_224' title='bbox 749 1791 761 1814; x_wconf 85' lang='lat'><strong>,</strong></span> <span class='ocrx_word' id='word_1_225' title='bbox 794 1750 936 1819; x_wconf 91' lang='lat' dir='ltr'><strong>quod</strong></span> <span class='ocrx_word' id='word_1_226' title='bbox 972 1747 1142 1802; x_wconf 84' lang='lat' dir='ltr'><strong>Filius</strong></span> <span class='ocrx_word' id='word_1_227' title='bbox 1183 1762 1286 1800; x_wconf 91' lang='lat' dir='ltr'><strong>non</strong></span> <span class='ocrx_word' id='word_1_228' title='bbox 1315 1747 1404 1807; x_wconf 90' lang='lat' dir='ltr'><strong>sit,</strong></span> <span class='ocrx_word' id='word_1_229' title='bbox 1433 1754 1487 1799; x_wconf 85' lang='lat' dir='ltr'><strong>et</strong></span> <span class='ocrx_word' id='word_1_230' title='bbox 1526 1753 1703 1799; x_wconf 86' lang='lat' dir='ltr'><strong>tamen</strong></span> <span class='ocrx_word' id='word_1_231' title='bbox 1754 1744 1994 1813; x_wconf 88' lang='lat' dir='ltr'><strong>ejusdem</strong></span> <span class='ocrx_word' id='word_1_232' title='bbox 2031 1759 2149 1799; x_wconf 92' lang='lat' dir='ltr'><strong>cum</strong></span> 
     </span>
    </p>
   </div>
   <div class='ocr_carea' id='block_1_29' title="bbox 2255 1741 3816 1819">
    <p class='ocr_par' dir='ltr' id='par_1_29' title="bbox 2257 1741 3816 1817">
     <span class='ocr_line' id='line_1_29' title="bbox 2257 1741 3816 1817; baseline 0.005 -24"><span class='ocrx_word' id='word_1_233' title='bbox 2257 1742 2349 1794; x_wconf 79' lang='grc' dir='ltr'><strong>καὶ</strong></span> <span class='ocrx_word' id='word_1_234' title='bbox 2393 1741 2616 1811; x_wconf 80' lang='grc' dir='ltr'>δέχομαι</span> <span class='ocrx_word' id='word_1_235' title='bbox 2655 1742 2766 1811; x_wconf 87' lang='grc'>(61)</span> <span class='ocrx_word' id='word_1_236' title='bbox 2813 1742 2963 1804; x_wconf 79' lang='grc' dir='ltr'>Θεὸν,</span> <span class='ocrx_word' id='word_1_237' title='bbox 3007 1744 3098 1796; x_wconf 76' lang='grc' dir='ltr'><strong>καὶ</strong></span> <span class='ocrx_word' id='word_1_238' title='bbox 3138 1745 3289 1798; x_wconf 81' lang='grc' dir='ltr'>Θεόν.</span> <span class='ocrx_word' id='word_1_239' title='bbox 3336 1746 3434 1809; x_wconf 81' lang='grc' dir='ltr'>Δός</span> <span class='ocrx_word' id='word_1_240' title='bbox 3482 1765 3571 1817; x_wconf 89' lang='grc' dir='ltr'><strong>μοι</strong></span> <span class='ocrx_word' id='word_1_241' title='bbox 3617 1748 3706 1800; x_wconf 71' lang='grc' dir='ltr'><strong>καὶ</strong></span> <span class='ocrx_word' id='word_1_242' title='bbox 3748 1750 3816 1802; x_wconf 72' lang='grc' dir='ltr'>σὺ</span> 
     </span>
    </p>
   </div>
   <div class='ocr_carea' id='block_1_30' title="bbox 576 1810 2149 1910">
    <p class='ocr_par' dir='ltr' id='par_1_30' title="bbox 576 1810 2148 1910">
     <span class='ocr_line' id='line_1_30' title="bbox 576 1810 2148 1910; baseline -0.004 -11"><span class='ocrx_word' id='word_1_243' title='bbox 576 1845 664 1899; x_wconf 83' lang='lat' dir='ltr'><strong>illo</strong></span> <span class='ocrx_word' id='word_1_244' title='bbox 693 1810 1023 1910; x_wconf 65' lang='lat' dir='ltr'><strong>substantim,</strong></span> <span class='ocrx_word' id='word_1_245' title='bbox 1066 1856 1126 1894; x_wconf 88' lang='lat' dir='ltr'><strong>ac</strong></span> <span class='ocrx_word' id='word_1_246' title='bbox 1158 1840 1344 1903; x_wconf 87' lang='lat' dir='ltr'><strong>Deum,</strong></span> <span class='ocrx_word' id='word_1_247' title='bbox 1380 1849 1432 1892; x_wconf 89' lang='lat' dir='ltr'><strong>et</strong></span> <span class='ocrx_word' id='word_1_248' title='bbox 1462 1840 1627 1892; x_wconf 89' lang='lat' dir='ltr'><strong>Deum</strong></span> <span class='ocrx_word' id='word_1_249' title='bbox 1660 1839 1959 1892; x_wconf 80' lang='lat' dir='ltr'><strong>admittam.</strong></span> <span class='ocrx_word' id='word_1_250' title='bbox 1996 1839 2066 1892; x_wconf 88' lang='lat' dir='ltr'><strong>Da</strong></span> <span class='ocrx_word' id='word_1_251' title='bbox 2094 1848 2148 1893; x_wconf 90' lang='lat' dir='ltr'><strong>tu</strong></span> 
     </span>
    </p>
   </div>
   <div class='ocr_carea' id='block_1_31' title="bbox 2255 1810 3817 1910">
    <p class='ocr_par' dir='ltr' id='par_1_31' title="bbox 2255 1810 3817 1907">
     <span class='ocr_line' id='line_1_31' title="bbox 2255 1810 3817 1907; baseline 0.004 -23"><span class='ocrx_word' id='word_1_252' title='bbox 2255 1831 2407 1884; x_wconf 76' lang='grc' dir='ltr'>ἄλλον</span> <span class='ocrx_word' id='word_1_253' title='bbox 2432 1810 2582 1892; x_wconf 64' lang='grc' dir='ltr'>Θεδν,</span> <span class='ocrx_word' id='word_1_254' title='bbox 2617 1832 2709 1883; x_wconf 76' lang='grc' dir='ltr'><strong>καὶ</strong></span> <span class='ocrx_word' id='word_1_255' title='bbox 2746 1810 2905 1896; x_wconf 68' lang='grc' dir='ltr'>φύσιν</span> <span class='ocrx_word' id='word_1_256' title='bbox 2939 1832 3094 1900; x_wconf 74' lang='grc' dir='ltr'>Θεοῦ,</span> <span class='ocrx_word' id='word_1_257' title='bbox 3128 1835 3224 1885; x_wconf 73' lang='grc' dir='ltr'><strong>καὶ</strong></span> <span class='ocrx_word' id='word_1_258' title='bbox 3265 1834 3421 1887; x_wconf 79' lang='grc' dir='ltr'>δώσω</span> <span class='ocrx_word' id='word_1_259' title='bbox 3461 1810 3573 1907; x_wconf 75' lang='grc'>(69.)</span> <span class='ocrx_word' id='word_1_260' title='bbox 3605 1854 3685 1890; x_wconf 89' lang='grc' dir='ltr'><strong>σοι</strong></span> <span class='ocrx_word' id='word_1_261' title='bbox 3716 1838 3817 1907; x_wconf 78' lang='grc' dir='ltr'>τὴν</span> 
     </span>
    </p>
   </div>
   <div class='ocr_carea' id='block_1_32' title="bbox 575 1926 2147 2002">
    <p class='ocr_par' dir='ltr' id='par_1_32' title="bbox 575 1926 2147 2002">
     <span class='ocr_line' id='line_1_32' title="bbox 575 1926 2147 2002; baseline -0.001 -17"><span class='ocrx_word' id='word_1_262' title='bbox 575 1947 787 2002; x_wconf 89' lang='lat' dir='ltr'><strong>quoque</strong></span> <span class='ocrx_word' id='word_1_263' title='bbox 814 1932 941 1985; x_wconf 92' lang='lat' dir='ltr'><strong>mihi</strong></span> <span class='ocrx_word' id='word_1_264' title='bbox 971 1933 1132 1985; x_wconf 90' lang='lat' dir='ltr'><strong>Deum</strong></span> <span class='ocrx_word' id='word_1_265' title='bbox 1164 1929 1347 1989; x_wconf 91' lang='lat' dir='ltr'><strong>alium,</strong></span> <span class='ocrx_word' id='word_1_266' title='bbox 1401 1926 1599 1996; x_wconf 86' lang='lat' dir='ltr'><strong>Deique</strong></span> <span class='ocrx_word' id='word_1_267' title='bbox 1647 1936 1916 1990; x_wconf 86' lang='lat' dir='ltr'><strong>naturam,</strong></span> <span class='ocrx_word' id='word_1_268' title='bbox 1952 1937 2007 1982; x_wconf 89' lang='lat' dir='ltr'><strong>et</strong></span> <span class='ocrx_word' id='word_1_269' title='bbox 2055 1929 2147 1984; x_wconf 88' lang='lat' dir='ltr'><strong>tibi</strong></span> 
     </span>
    </p>
   </div>
   <div class='ocr_carea' id='block_1_33' title="bbox 573 2016 2151 2079">
    <p class='ocr_par' dir='ltr' id='par_1_33' title="bbox 573 2016 2151 2079">
     <span class='ocr_line' id='line_1_33' title="bbox 573 2016 2151 2079; baseline -0.004 -1"><span class='ocrx_word' id='word_1_270' title='bbox 573 2026 814 2079; x_wconf 77' lang='lat' dir='ltr'><strong>eamdem</strong></span> <span class='ocrx_word' id='word_1_271' title='bbox 849 2021 1168 2074; x_wconf 80' lang='lat' dir='ltr'><strong>Trinitatem</strong></span> <span class='ocrx_word' id='word_1_272' title='bbox 1195 2033 1315 2071; x_wconf 84' lang='lat' dir='ltr'><strong>cum</strong></span> <span class='ocrx_word' id='word_1_273' title='bbox 1352 2016 1541 2072; x_wconf 88' lang='lat' dir='ltr'><strong>iisdeui</strong></span> <span class='ocrx_word' id='word_1_274' title='bbox 1573 2016 1883 2070; x_wconf 87' lang='lat' dir='ltr'><strong>nominibus</strong></span> <span class='ocrx_word' id='word_1_275' title='bbox 1905 2031 1968 2071; x_wconf 87' lang='lat' dir='ltr'><strong>ac</strong></span> <span class='ocrx_word' id='word_1_276' title='bbox 1990 2018 2151 2072; x_wconf 84' lang='lat' dir='ltr'><strong>rebus</strong></span> 
     </span>
    </p>
   </div>
   <div class='ocr_carea' id='block_1_34' title="bbox 573 2111 2147 2177">
    <p class='ocr_par' dir='ltr' id='par_1_34' title="bbox 573 2111 2147 2177">
     <span class='ocr_line' id='line_1_34' title="bbox 573 2111 2147 2177; baseline -0.005 -6"><span class='ocrx_word' id='word_1_277' title='bbox 573 2117 733 2171; x_wconf 87' lang='lat' dir='ltr'><strong>dabo.</strong></span> <span class='ocrx_word' id='word_1_278' title='bbox 761 2115 892 2169; x_wconf 86' lang='lat' dir='ltr'><strong>Cum</strong></span> <span class='ocrx_word' id='word_1_279' title='bbox 932 2127 1057 2167; x_wconf 84' lang='lat' dir='ltr'><strong>vero</strong></span> <span class='ocrx_word' id='word_1_280' title='bbox 1090 2111 1227 2165; x_wconf 78' lang='lat' dir='ltr'><strong>Deus</strong></span> <span class='ocrx_word' id='word_1_281' title='bbox 1249 2124 1410 2172; x_wconf 88' lang='lat' dir='ltr'><strong>unus,</strong></span> <span class='ocrx_word' id='word_1_282' title='bbox 1437 2117 1595 2177; x_wconf 88' lang='lat' dir='ltr'><strong>atque</strong></span> <span class='ocrx_word' id='word_1_283' title='bbox 1630 2123 1733 2162; x_wconf 87' lang='lat' dir='ltr'><strong>una</strong></span> <span class='ocrx_word' id='word_1_284' title='bbox 1768 2122 2021 2177; x_wconf 89' lang='lat' dir='ltr'><strong>suprema</strong></span> <span class='ocrx_word' id='word_1_285' title='bbox 2051 2122 2147 2163; x_wconf 86' lang='lat' dir='ltr'><strong>na-</strong></span> 
     </span>
    </p>
   </div>
   <div class='ocr_carea' id='block_1_35' title="bbox 573 2197 2143 2268">
    <p class='ocr_par' dir='ltr' id='par_1_35' title="bbox 573 2197 2143 2268">
     <span class='ocr_line' id='line_1_35' title="bbox 573 2197 2143 2268; baseline -0.007 -6"><span class='ocrx_word' id='word_1_286' title='bbox 573 2216 692 2263; x_wconf 83' lang='lat' dir='ltr'><strong>tura</strong></span> <span class='ocrx_word' id='word_1_287' title='bbox 721 2207 809 2268; x_wconf 86' lang='lat' dir='ltr'><strong>sit,</strong></span> <span class='ocrx_word' id='word_1_288' title='bbox 836 2204 977 2258; x_wconf 90' lang='lat' dir='ltr'><strong>unde</strong></span> <span class='ocrx_word' id='word_1_289' title='bbox 1028 2201 1240 2255; x_wconf 84' lang='lat' dir='ltr'><strong>tandem</strong></span> <span class='ocrx_word' id='word_1_290' title='bbox 1274 2199 1680 2253; x_wconf 82' lang='lat' dir='ltr'><strong>similitudinem</strong></span> <span class='ocrx_word' id='word_1_291' title='bbox 1709 2197 1800 2251; x_wconf 87' lang='lat' dir='ltr'><strong>tibi</strong></span> <span class='ocrx_word' id='word_1_292' title='bbox 1849 2212 2143 2268; x_wconf 72' lang='lat' dir='ltr'><strong>reprmsen-</strong></span> 
     </span>
    </p>
   </div>
   <div class='ocr_carea' id='block_1_36' title="bbox 577 2288 2152 2359">
    <p class='ocr_par' dir='ltr' id='par_1_36' title="bbox 577 2288 2152 2359">
     <span class='ocr_line' id='line_1_36' title="bbox 577 2288 2152 2359; baseline -0.006 -6"><span class='ocrx_word' id='word_1_293' title='bbox 577 2297 740 2353; x_wconf 87' lang='lat' dir='ltr'><strong>tabo?</strong></span> <span class='ocrx_word' id='word_1_294' title='bbox 770 2296 850 2349; x_wconf 80' lang='lat' dir='ltr'><strong>An</strong></span> <span class='ocrx_word' id='word_1_295' title='bbox 905 2308 1090 2347; x_wconf 90' lang='lat' dir='ltr'><strong>rursus</strong></span> <span class='ocrx_word' id='word_1_296' title='bbox 1141 2290 1381 2359; x_wconf 84' lang='lat' dir='ltr'><strong>postulas</strong></span> <span class='ocrx_word' id='word_1_297' title='bbox 1429 2304 1493 2342; x_wconf 84' lang='lat' dir='ltr'><strong>ex</strong></span> <span class='ocrx_word' id='word_1_298' title='bbox 1538 2288 1768 2343; x_wconf 89' lang='lat' dir='ltr'><strong>terrenis</strong></span> <span class='ocrx_word' id='word_1_299' title='bbox 1804 2299 1856 2343; x_wconf 92' lang='lat' dir='ltr'><strong>et</strong></span> <span class='ocrx_word' id='word_1_300' title='bbox 1907 2288 2152 2343; x_wconf 89' lang='lat' dir='ltr'><strong>humanis</strong></span> 
     </span>
    </p>
   </div>
   <div class='ocr_carea' id='block_1_37' title="bbox 572 2380 2150 2450">
    <p class='ocr_par' dir='ltr' id='par_1_37' title="bbox 572 2380 2150 2450">
     <span class='ocr_line' id='line_1_37' title="bbox 572 2380 2150 2450; baseline -0.008 -6"><span class='ocrx_word' id='word_1_301' title='bbox 572 2403 691 2445; x_wconf 88' lang='lat' dir='ltr'><strong>eam</strong></span> <span class='ocrx_word' id='word_1_302' title='bbox 717 2384 874 2441; x_wconf 83' lang='lat' dir='ltr'><strong>duci?</strong></span> <span class='ocrx_word' id='word_1_303' title='bbox 898 2384 1062 2438; x_wconf 83' lang='lat' dir='ltr'><strong>Valde</strong></span> <span class='ocrx_word' id='word_1_304' title='bbox 1083 2380 1324 2450; x_wconf 78' lang='lat' dir='ltr'><strong>profecto</strong></span> <span class='ocrx_word' id='word_1_305' title='bbox 1353 2389 1506 2448; x_wconf 85' lang='lat' dir='ltr'><strong>turpe</strong></span> <span class='ocrx_word' id='word_1_306' title='bbox 1537 2390 1637 2442; x_wconf 85' lang='lat' dir='ltr'><strong>est,</strong></span> <span class='ocrx_word' id='word_1_307' title='bbox 1672 2395 1767 2433; x_wconf 89' lang='lat' dir='ltr'><strong>nec</strong></span> <span class='ocrx_word' id='word_1_308' title='bbox 1795 2390 1947 2449; x_wconf 89' lang='lat' dir='ltr'><strong>turpe</strong></span> <span class='ocrx_word' id='word_1_309' title='bbox 1974 2381 2150 2444; x_wconf 82' lang='lat' dir='ltr'><strong>modo,</strong></span> 
     </span>
    </p>
   </div>
   <div class='ocr_carea' id='block_1_38' title="bbox 575 2470 2155 2535">
    <p class='ocr_par' dir='ltr' id='par_1_38' title="bbox 575 2470 2155 2535">
     <span class='ocr_line' id='line_1_38' title="bbox 575 2470 2155 2535; baseline -0.006 -1"><span class='ocrx_word' id='word_1_310' title='bbox 575 2479 669 2535; x_wconf 88' lang='lat' dir='ltr'><strong>sed</strong></span> <span class='ocrx_word' id='word_1_311' title='bbox 703 2477 866 2530; x_wconf 87' lang='lat' dir='ltr'><strong>etiam</strong></span> <span class='ocrx_word' id='word_1_312' title='bbox 888 2474 1042 2528; x_wconf 89' lang='lat' dir='ltr'><strong>valde</strong></span> <span class='ocrx_word' id='word_1_313' title='bbox 1065 2472 1289 2528; x_wconf 89' lang='lat' dir='ltr'><strong>stultum</strong></span> <span class='ocrx_word' id='word_1_314' title='bbox 1330 2479 1383 2525; x_wconf 85' lang='lat' dir='ltr'><strong>et</strong></span> <span class='ocrx_word' id='word_1_315' title='bbox 1413 2471 1591 2532; x_wconf 87' lang='lat' dir='ltr'><strong>inane,</strong></span> <span class='ocrx_word' id='word_1_316' title='bbox 1623 2485 1689 2523; x_wconf 80' lang='lat' dir='ltr'><strong>ex</strong></span> <span class='ocrx_word' id='word_1_317' title='bbox 1743 2470 2037 2525; x_wconf 86' lang='lat' dir='ltr'><strong>humilibus</strong></span> <span class='ocrx_word' id='word_1_318' title='bbox 2068 2486 2155 2524; x_wconf 87' lang='lat' dir='ltr'><strong>re-</strong></span> 
     </span>
    </p>
   </div>
   <div class='ocr_carea' id='block_1_39' title="bbox 576 2558 2151 2637">
    <p class='ocr_par' dir='ltr' id='par_1_39' title="bbox 576 2558 2151 2637">
     <span class='ocr_line' id='line_1_39' title="bbox 576 2558 2151 2637; baseline -0.009 -12"><span class='ocrx_word' id='word_1_319' title='bbox 576 2572 698 2633; x_wconf 85' lang='lat' dir='ltr'><strong>bus,</strong></span> <span class='ocrx_word' id='word_1_320' title='bbox 727 2579 1041 2637; x_wconf 89' lang='lat' dir='ltr'><strong>superarum</strong></span> <span class='ocrx_word' id='word_1_321' title='bbox 1074 2561 1479 2628; x_wconf 64' lang='lat' dir='ltr'><strong>celestiumque</strong></span> <span class='ocrx_word' id='word_1_322' title='bbox 1522 2558 1869 2612; x_wconf 88' lang='lat' dir='ltr'><strong>simulacrum</strong></span> <span class='ocrx_word' id='word_1_323' title='bbox 1917 2572 2151 2624; x_wconf 89' lang='lat' dir='ltr'><strong>sumere,</strong></span> 
     </span>
    </p>
   </div>
   <div class='ocr_carea' id='block_1_40' title="bbox 575 2645 2154 2725">
    <p class='ocr_par' dir='ltr' id='par_1_40' title="bbox 575 2645 2154 2725">
     <span class='ocr_line' id='line_1_40' title="bbox 575 2645 2154 2725; baseline -0.011 -9"><span class='ocrx_word' id='word_1_324' title='bbox 575 2672 866 2725; x_wconf 89' lang='lat' dir='ltr'><strong>rerumque</strong></span> <span class='ocrx_word' id='word_1_325' title='bbox 896 2664 1161 2709; x_wconf 88' lang='lat' dir='ltr'><strong>certarum</strong></span> <span class='ocrx_word' id='word_1_326' title='bbox 1192 2661 1352 2719; x_wconf 88' lang='lat' dir='ltr'><strong>atque</strong></span> <span class='ocrx_word' id='word_1_327' title='bbox 1374 2648 1736 2703; x_wconf 68' lang='lat' dir='ltr'><strong>constantinum</strong></span> <span class='ocrx_word' id='word_1_328' title='bbox 1772 2661 1838 2701; x_wconf 79' lang='lat' dir='ltr'><strong>ex</strong></span> <span class='ocrx_word' id='word_1_329' title='bbox 1867 2645 2007 2700; x_wconf 82' lang='lat' dir='ltr'><strong>ﬂuxa</strong></span> <span class='ocrx_word' id='word_1_330' title='bbox 2040 2647 2154 2699; x_wconf 80' lang='lat' dir='ltr'><strong>fra-</strong></span> 
     </span>
    </p>
   </div>
   <div class='ocr_carea' id='block_1_41' title="bbox 577 2738 2157 2822">
    <p class='ocr_par' dir='ltr' id='par_1_41' title="bbox 577 2738 2157 2822">
     <span class='ocr_line' id='line_1_41' title="bbox 577 2738 2157 2822; baseline -0.01 -16"><span class='ocrx_word' id='word_1_331' title='bbox 577 2750 780 2822; x_wconf 86' lang='lat' dir='ltr'><strong>gilique</strong></span> <span class='ocrx_word' id='word_1_332' title='bbox 812 2754 1025 2808; x_wconf 90' lang='lat' dir='ltr'><strong>natura,</strong></span> <span class='ocrx_word' id='word_1_333' title='bbox 1050 2741 1298 2811; x_wconf 86' lang='lat' dir='ltr'><strong>quodque</strong></span> <span class='ocrx_word' id='word_1_334' title='bbox 1347 2739 1510 2793; x_wconf 91' lang='lat' dir='ltr'><strong>Isaias</strong></span> <span class='ocrx_word' id='word_1_335' title='bbox 1546 2740 1622 2792; x_wconf 87' lang='lat' dir='ltr'><strong>ait</strong></span> <span class='ocrx_word' id='word_1_336' title='bbox 1657 2738 1890 2792; x_wconf 83' lang='lat' dir='ltr'><strong>viventia</strong></span> <span class='ocrx_word' id='word_1_337' title='bbox 1927 2739 1979 2791; x_wconf 90' lang='lat' dir='ltr'><strong>in</strong></span> <span class='ocrx_word' id='word_1_338' title='bbox 2010 2752 2157 2791; x_wconf 90' lang='lat' dir='ltr'><strong>mor-</strong></span> 
     </span>
    </p>
   </div>
   <div class='ocr_carea' id='block_1_42' title="bbox 574 2828 2157 2907">
    <p class='ocr_par' dir='ltr' id='par_1_42' title="bbox 574 2828 2157 2907">
     <span class='ocr_line' id='line_1_42' title="bbox 574 2828 2157 2907; baseline -0.01 -8"><span class='ocrx_word' id='word_1_339' title='bbox 574 2842 681 2899; x_wconf 88' lang='lat' dir='ltr'><strong>tuis</strong></span> <span class='ocrx_word' id='word_1_340' title='bbox 695 2834 1050 2907; x_wconf 73' lang='lat' dir='ltr'><strong>requirere“.</strong></span> <span class='ocrx_word' id='word_1_341' title='bbox 1065 2832 1127 2886; x_wconf 86' lang='lat' dir='ltr'><strong>Et</strong></span> <span class='ocrx_word' id='word_1_342' title='bbox 1142 2842 1319 2886; x_wconf 91' lang='lat' dir='ltr'><strong>tamen</strong></span> <span class='ocrx_word' id='word_1_343' title='bbox 1341 2830 1576 2893; x_wconf 78' lang='lat' dir='ltr'><strong>adnitar,</strong></span> <span class='ocrx_word' id='word_1_344' title='bbox 1597 2829 1813 2898; x_wconf 89' lang='lat' dir='ltr'><strong>quando</strong></span> <span class='ocrx_word' id='word_1_345' title='bbox 1831 2828 1905 2882; x_wconf 83' lang='lat' dir='ltr'><strong>ita</strong></span> <span class='ocrx_word' id='word_1_346' title='bbox 1926 2828 2157 2893; x_wconf 88' lang='lat' dir='ltr'><strong>vis,hinc</strong></span> 
     </span>
    </p>
   </div>
   <div class='ocr_carea' id='block_1_43' title="bbox 573 2914 2153 3003">
    <p class='ocr_par' dir='ltr' id='par_1_43' title="bbox 573 2914 2153 3003">
     <span class='ocr_line' id='line_1_43' title="bbox 573 2914 2153 3003; baseline -0.013 -17"><span class='ocrx_word' id='word_1_347' title='bbox 573 2943 787 3003; x_wconf 89' lang='lat' dir='ltr'><strong>quoque</strong></span> <span class='ocrx_word' id='word_1_348' title='bbox 834 2922 1140 2981; x_wconf 91' lang='lat' dir='ltr'><strong>nonnullam</strong></span> <span class='ocrx_word' id='word_1_349' title='bbox 1199 2919 1427 2975; x_wconf 73' lang='lat' dir='ltr'><strong>orationi</strong></span> <span class='ocrx_word' id='word_1_350' title='bbox 1483 2927 1681 2972; x_wconf 69' lang='lat' dir='ltr'><strong>nostra:</strong></span> <span class='ocrx_word' id='word_1_351' title='bbox 1734 2931 1890 2984; x_wconf 90' lang='lat' dir='ltr'><strong>opem</strong></span> <span class='ocrx_word' id='word_1_352' title='bbox 1942 2914 2153 2970; x_wconf 81' lang='lat' dir='ltr'><strong>aﬂ&#39;erre.</strong></span> 
     </span>
    </p>
   </div>
   <div class='ocr_carea' id='block_1_44' title="bbox 572 3006 2155 3091">
    <p class='ocr_par' dir='ltr' id='par_1_44' title="bbox 572 3006 2155 3091">
     <span class='ocr_line' id='line_1_44' title="bbox 572 3006 2155 3091; baseline -0.011 -14"><span class='ocrx_word' id='word_1_353' title='bbox 572 3024 749 3091; x_wconf 82' lang='lat' dir='ltr'><strong>Atque</strong></span> <span class='ocrx_word' id='word_1_354' title='bbox 773 3018 874 3072; x_wconf 89' lang='lat' dir='ltr'><strong>alia</strong></span> <span class='ocrx_word' id='word_1_355' title='bbox 908 3015 1121 3085; x_wconf 90' lang='lat' dir='ltr'><strong>quidem</strong></span> <span class='ocrx_word' id='word_1_356' title='bbox 1173 3009 1626 3080; x_wconf 80' lang='lat' dir='ltr'><strong>praetermittenda</strong></span> <span class='ocrx_word' id='word_1_357' title='bbox 1653 3008 1808 3071; x_wconf 87' lang='lat' dir='ltr'><strong>duco,</strong></span> <span class='ocrx_word' id='word_1_358' title='bbox 1838 3007 1937 3060; x_wconf 87' lang='lat' dir='ltr'><strong>etsi</strong></span> <span class='ocrx_word' id='word_1_359' title='bbox 1989 3006 2155 3060; x_wconf 89' lang='lat' dir='ltr'><strong>multa</strong></span> 
     </span>
    </p>
   </div>
   <div class='ocr_carea' id='block_1_45' title="bbox 574 3103 2155 3169">
    <p class='ocr_par' dir='ltr' id='par_1_45' title="bbox 574 3103 2155 3169">
     <span class='ocr_line' id='line_1_45' title="bbox 574 3103 2155 3169; baseline -0.012 0"><span class='ocrx_word' id='word_1_360' title='bbox 574 3115 642 3169; x_wconf 89' lang='lat' dir='ltr'><strong>de</strong></span> <span class='ocrx_word' id='word_1_361' title='bbox 670 3108 981 3166; x_wconf 85' lang='lat' dir='ltr'><strong>animalium</strong></span> <span class='ocrx_word' id='word_1_362' title='bbox 1019 3103 1245 3159; x_wconf 86' lang='lat' dir='ltr'><strong>historia</strong></span> <span class='ocrx_word' id='word_1_363' title='bbox 1299 3113 1728 3156; x_wconf 88' lang='lat' dir='ltr'><strong>commemorare</strong></span> <span class='ocrx_word' id='word_1_364' title='bbox 1758 3112 1974 3166; x_wconf 88' lang='lat' dir='ltr'><strong>queam,</strong></span> <span class='ocrx_word' id='word_1_365' title='bbox 2032 3112 2155 3167; x_wconf 90' lang='lat' dir='ltr'><strong>par-</strong></span> 
     </span>
    </p>
   </div>
   <div class='ocr_carea' id='block_1_46' title="bbox 576 3188 2153 3263">
    <p class='ocr_par' dir='ltr' id='par_1_46' title="bbox 576 3188 2153 3263">
     <span class='ocr_line' id='line_1_46' title="bbox 576 3188 2153 3263; baseline -0.011 -4"><span class='ocrx_word' id='word_1_366' title='bbox 576 3206 673 3260; x_wconf 90' lang='lat' dir='ltr'><strong>tim</strong></span> <span class='ocrx_word' id='word_1_367' title='bbox 712 3201 866 3255; x_wconf 91' lang='lat' dir='ltr'><strong>uobis</strong></span> <span class='ocrx_word' id='word_1_368' title='bbox 915 3205 1062 3259; x_wconf 86' lang='lat' dir='ltr'><strong>nota,</strong></span> <span class='ocrx_word' id='word_1_369' title='bbox 1094 3193 1284 3263; x_wconf 86' lang='lat' dir='ltr'><strong>partim</strong></span> <span class='ocrx_word' id='word_1_370' title='bbox 1337 3189 1521 3260; x_wconf 81' lang='lat' dir='ltr'><strong>paucis</strong></span> <span class='ocrx_word' id='word_1_371' title='bbox 1569 3190 1805 3258; x_wconf 85' lang='lat' dir='ltr'><strong>cognita,</strong></span> <span class='ocrx_word' id='word_1_372' title='bbox 1840 3203 1958 3256; x_wconf 84' lang='lat' dir='ltr'><strong>quae</strong></span> <span class='ocrx_word' id='word_1_373' title='bbox 2010 3188 2153 3243; x_wconf 86' lang='lat' dir='ltr'><strong>circa</strong></span> 
     </span>
    </p>
   </div>
   <div class='ocr_carea' id='block_1_47' title="bbox 576 3281 2155 3357">
    <p class='ocr_par' dir='ltr' id='par_1_47' title="bbox 576 3281 2155 3357">
     <span class='ocr_line' id='line_1_47' title="bbox 576 3281 2155 3357; baseline -0.013 -5"><span class='ocrx_word' id='word_1_374' title='bbox 576 3291 931 3351; x_wconf 89' lang='lat' dir='ltr'><strong>animantium</strong></span> <span class='ocrx_word' id='word_1_375' title='bbox 956 3294 1106 3342; x_wconf 89' lang='lat' dir='ltr'><strong>ortus</strong></span> <span class='ocrx_word' id='word_1_376' title='bbox 1152 3298 1214 3337; x_wconf 87' lang='lat' dir='ltr'><strong>ac</strong></span> <span class='ocrx_word' id='word_1_377' title='bbox 1259 3282 1637 3357; x_wconf 82' lang='lat' dir='ltr'><strong>generationes</strong></span> <span class='ocrx_word' id='word_1_378' title='bbox 1676 3289 1867 3333; x_wconf 90' lang='lat' dir='ltr'><strong>natura</strong></span> <span class='ocrx_word' id='word_1_379' title='bbox 1904 3281 2039 3333; x_wconf 90' lang='lat' dir='ltr'><strong>miro</strong></span> <span class='ocrx_word' id='word_1_380' title='bbox 2074 3294 2155 3333; x_wconf 92' lang='lat' dir='ltr'><strong>ar-</strong></span> 
     </span>
    </p>
   </div>
   <div class='ocr_carea' id='block_1_48' title="bbox 579 3371 2151 3444">
    <p class='ocr_par' dir='ltr' id='par_1_48' title="bbox 579 3371 2151 3444">
     <span class='ocr_line' id='line_1_48' title="bbox 579 3371 2151 3444; baseline -0.012 -1"><span class='ocrx_word' id='word_1_381' title='bbox 579 3385 745 3443; x_wconf 89' lang='lat' dir='ltr'><strong>titlcio</strong></span> <span class='ocrx_word' id='word_1_382' title='bbox 791 3380 975 3437; x_wconf 84' lang='lat' dir='ltr'><strong>edidit.</strong></span> <span class='ocrx_word' id='word_1_383' title='bbox 1011 3376 1167 3444; x_wconf 80' lang='lat' dir='ltr'><strong>Gigni</strong></span> <span class='ocrx_word' id='word_1_384' title='bbox 1199 3373 1396 3430; x_wconf 88' lang='lat' dir='ltr'><strong>etenim</strong></span> <span class='ocrx_word' id='word_1_385' title='bbox 1432 3372 1709 3435; x_wconf 88' lang='lat' dir='ltr'><strong>dicuntur,</strong></span> <span class='ocrx_word' id='word_1_386' title='bbox 1756 3383 1859 3424; x_wconf 92' lang='lat' dir='ltr'><strong>non</strong></span> <span class='ocrx_word' id='word_1_387' title='bbox 1892 3371 2050 3424; x_wconf 86' lang='lat' dir='ltr'><strong>modo</strong></span> <span class='ocrx_word' id='word_1_388' title='bbox 2085 3383 2151 3424; x_wconf 81' lang='lat' dir='ltr'><strong>ex</strong></span> 
     </span>
    </p>
   </div>
   <div class='ocr_carea' id='block_1_49' title="bbox 574 3460 2148 3536">
    <p class='ocr_par' dir='ltr' id='par_1_49' title="bbox 574 3460 2148 3536">
     <span class='ocr_line' id='line_1_49' title="bbox 574 3460 2148 3536; baseline -0.014 -1"><span class='ocrx_word' id='word_1_389' title='bbox 574 3477 763 3535; x_wconf 82' lang='lat' dir='ltr'><strong>iisdem</strong></span> <span class='ocrx_word' id='word_1_390' title='bbox 793 3473 1004 3533; x_wconf 87' lang='lat' dir='ltr'><strong>eadem,</strong></span> <span class='ocrx_word' id='word_1_391' title='bbox 1045 3478 1205 3536; x_wconf 89' lang='lat' dir='ltr'><strong>atque</strong></span> <span class='ocrx_word' id='word_1_392' title='bbox 1226 3481 1289 3519; x_wconf 75' lang='lat' dir='ltr'><strong>ex</strong></span> <span class='ocrx_word' id='word_1_393' title='bbox 1319 3462 1543 3518; x_wconf 86' lang='lat' dir='ltr'><strong>diversis</strong></span> <span class='ocrx_word' id='word_1_394' title='bbox 1599 3461 1845 3527; x_wconf 85' lang='lat' dir='ltr'><strong>diversa;</strong></span> <span class='ocrx_word' id='word_1_395' title='bbox 1870 3460 1961 3515; x_wconf 88' lang='lat' dir='ltr'><strong>sed</strong></span> <span class='ocrx_word' id='word_1_396' title='bbox 1988 3461 2148 3514; x_wconf 89' lang='lat' dir='ltr'><strong>etiam</strong></span> 
     </span>
    </p>
   </div>
   <div class='ocr_carea' id='block_1_50' title="bbox 572 3549 2148 3625">
    <p class='ocr_par' dir='ltr' id='par_1_50' title="bbox 572 3549 2148 3625">
     <span class='ocr_line' id='line_1_50' title="bbox 572 3549 2148 3625; baseline -0.014 0"><span class='ocrx_word' id='word_1_397' title='bbox 572 3569 758 3625; x_wconf 87' lang='lat' dir='ltr'><strong>eadem</strong></span> <span class='ocrx_word' id='word_1_398' title='bbox 787 3579 854 3619; x_wconf 74' lang='lat' dir='ltr'><strong>ex</strong></span> <span class='ocrx_word' id='word_1_399' title='bbox 887 3560 1137 3623; x_wconf 85' lang='lat' dir='ltr'><strong>diversis,</strong></span> <span class='ocrx_word' id='word_1_400' title='bbox 1187 3571 1249 3610; x_wconf 91' lang='lat' dir='ltr'><strong>ac</strong></span> <span class='ocrx_word' id='word_1_401' title='bbox 1290 3556 1497 3608; x_wconf 88' lang='lat' dir='ltr'><strong>diversa</strong></span> <span class='ocrx_word' id='word_1_402' title='bbox 1548 3567 1615 3605; x_wconf 80' lang='lat' dir='ltr'><strong>ex</strong></span> <span class='ocrx_word' id='word_1_403' title='bbox 1674 3551 1883 3605; x_wconf 83' lang='lat' dir='ltr'><strong>iisdem.</strong></span> <span class='ocrx_word' id='word_1_404' title='bbox 1923 3549 2073 3616; x_wconf 85' lang='lat' dir='ltr'><strong>Quod</strong></span> <span class='ocrx_word' id='word_1_405' title='bbox 2104 3549 2148 3605; x_wconf 89' lang='lat' dir='ltr'><strong>si</strong></span> 
     </span>
    </p>
   </div>
   <div class='ocr_carea' id='block_1_51' title="bbox 575 3640 2145 3721">
    <p class='ocr_par' dir='ltr' id='par_1_51' title="bbox 575 3640 2145 3721">
     <span class='ocr_line' id='line_1_51' title="bbox 575 3640 2145 3721; baseline -0.011 -9"><span class='ocrx_word' id='word_1_406' title='bbox 575 3658 735 3713; x_wconf 88' lang='lat' dir='ltr'><strong>etiam</strong></span> <span class='ocrx_word' id='word_1_407' title='bbox 769 3653 1020 3721; x_wconf 90' lang='lat' dir='ltr'><strong>cuiquam</strong></span> <span class='ocrx_word' id='word_1_408' title='bbox 1053 3649 1209 3702; x_wconf 83' lang='lat' dir='ltr'><strong>(idem</strong></span> <span class='ocrx_word' id='word_1_409' title='bbox 1248 3644 1377 3699; x_wconf 72' lang='lat' dir='ltr'><strong>facit</strong></span> <span class='ocrx_word' id='word_1_410' title='bbox 1411 3642 1500 3697; x_wconf 90' lang='lat' dir='ltr'><strong>hic</strong></span> <span class='ocrx_word' id='word_1_411' title='bbox 1545 3656 1744 3703; x_wconf 85' lang='lat' dir='ltr'><strong>sermo,</strong></span> <span class='ocrx_word' id='word_1_412' title='bbox 1777 3640 1913 3695; x_wconf 89' lang='lat' dir='ltr'><strong>alius</strong></span> <span class='ocrx_word' id='word_1_413' title='bbox 1945 3649 2028 3693; x_wconf 90' lang='lat' dir='ltr'><strong>est</strong></span> <span class='ocrx_word' id='word_1_414' title='bbox 2058 3656 2145 3709; x_wconf 86' lang='lat' dir='ltr'><strong>ge-</strong></span> 
     </span>
    </p>
   </div>
   <div class='ocr_carea' id='block_1_52' title="bbox 582 3731 2148 3803">
    <p class='ocr_par' dir='ltr' id='par_1_52' title="bbox 582 3731 2148 3803">
     <span class='ocr_line' id='line_1_52' title="bbox 582 3731 2148 3803; baseline -0.013 -1"><span class='ocrx_word' id='word_1_415' title='bbox 582 3743 876 3803; x_wconf 87' lang='lat' dir='ltr'><strong>nerationis</strong></span> <span class='ocrx_word' id='word_1_416' title='bbox 904 3739 1116 3803; x_wconf 90' lang='lat' dir='ltr'><strong>modus,</strong></span> <span class='ocrx_word' id='word_1_417' title='bbox 1146 3747 1204 3791; x_wconf 92' lang='lat' dir='ltr'><strong>ut</strong></span> <span class='ocrx_word' id='word_1_418' title='bbox 1250 3733 1389 3790; x_wconf 89' lang='lat' dir='ltr'><strong>idem</strong></span> <span class='ocrx_word' id='word_1_419' title='bbox 1420 3731 1619 3786; x_wconf 87' lang='lat' dir='ltr'><strong>animal</strong></span> <span class='ocrx_word' id='word_1_420' title='bbox 1653 3747 1681 3785; x_wconf 89' lang='lat' dir='ltr'><strong>a</strong></span> <span class='ocrx_word' id='word_1_421' title='bbox 1714 3732 1901 3799; x_wconf 34' lang='lat' dir='ltr'><strong>seipso.</strong></span> <span class='ocrx_word' id='word_1_422' title='bbox 1945 3746 2148 3785; x_wconf 83' lang='lat' dir='ltr'><strong>consu-</strong></span> 
     </span>
    </p>
   </div>
   <div class='ocr_carea' id='block_1_53' title="bbox 581 3820 2145 3896">
    <p class='ocr_par' dir='ltr' id='par_1_53' title="bbox 581 3820 2145 3896">
     <span class='ocr_line' id='line_1_53' title="bbox 581 3820 2145 3896; baseline -0.01 -8"><span class='ocrx_word' id='word_1_423' title='bbox 581 3840 758 3887; x_wconf 82' lang='lat' dir='ltr'><strong>matur</strong></span> <span class='ocrx_word' id='word_1_424' title='bbox 787 3837 841 3883; x_wconf 90' lang='lat' dir='ltr'><strong>et</strong></span> <span class='ocrx_word' id='word_1_425' title='bbox 865 3834 1195 3896; x_wconf 88' lang='lat' dir='ltr'><strong>procreetur.</strong></span> <span class='ocrx_word' id='word_1_426' title='bbox 1222 3821 1359 3876; x_wconf 88' lang='lat' dir='ltr'><strong>Sunt</strong></span> <span class='ocrx_word' id='word_1_427' title='bbox 1378 3823 1542 3876; x_wconf 85' lang='lat' dir='ltr'><strong>etiam</strong></span> <span class='ocrx_word' id='word_1_428' title='bbox 1568 3836 1710 3890; x_wconf 76' lang='lat' dir='ltr'><strong>quae,</strong></span> <span class='ocrx_word' id='word_1_429' title='bbox 1738 3822 1882 3874; x_wconf 77' lang='lat' dir='ltr'><strong>velut</strong></span> <span class='ocrx_word' id='word_1_430' title='bbox 1914 3820 2145 3889; x_wconf 87' lang='lat' dir='ltr'><strong>quadam</strong></span> 
     </span>
    </p>
   </div>
   <div class='ocr_carea' id='block_1_54' title="bbox 2252 1923 3818 1998">
    <p class='ocr_par' dir='ltr' id='par_1_54' title="bbox 2252 1923 3818 1998">
     <span class='ocr_line' id='line_1_54' title="bbox 2252 1923 3818 1998; baseline 0.005 -23"><span class='ocrx_word' id='word_1_431' title='bbox 2252 1923 2417 1994; x_wconf 74' lang='grc' dir='ltr'>αὐτὴν</span> <span class='ocrx_word' id='word_1_432' title='bbox 2460 1924 2663 1994; x_wconf 79' lang='grc' dir='ltr'>Τριὰδα</span> <span class='ocrx_word' id='word_1_433' title='bbox 2719 1923 2856 1993; x_wconf 77' lang='grc' dir='ltr'>μετὰ</span> <span class='ocrx_word' id='word_1_434' title='bbox 2907 1924 3014 1977; x_wconf 84' lang='grc' dir='ltr'>τῶν</span> <span class='ocrx_word' id='word_1_435' title='bbox 3064 1927 3241 1980; x_wconf 77' lang='grc' dir='ltr'>αὐτῶν</span> <span class='ocrx_word' id='word_1_436' title='bbox 3295 1928 3574 1998; x_wconf 82' lang='grc' dir='ltr'><strong>ὀνομάτων</strong></span> <span class='ocrx_word' id='word_1_437' title='bbox 3625 1947 3683 1982; x_wconf 83' lang='grc' dir='ltr'><strong>τε</strong></span> <span class='ocrx_word' id='word_1_438' title='bbox 3723 1932 3818 1983; x_wconf 76' lang='grc' dir='ltr'><strong>καὶ</strong></span> 
     </span>
    </p>
   </div>
   <div class='ocr_carea' id='block_1_55' title="bbox 2254 2010 3821 2090">
    <p class='ocr_par' dir='ltr' id='par_1_55' title="bbox 2254 2010 3821 2090">
     <span class='ocr_line' id='line_1_55' title="bbox 2254 2010 3821 2090; baseline 0.004 -22"><span class='ocrx_word' id='word_1_439' title='bbox 2254 2015 2614 2085; x_wconf 86' lang='grc' dir='ltr'>πραγμάτων.</span> <span class='ocrx_word' id='word_1_440' title='bbox 2646 2016 2707 2067; x_wconf 81' lang='grc' dir='ltr'>Εἰ</span> <span class='ocrx_word' id='word_1_441' title='bbox 2747 2014 2801 2066; x_wconf 87' lang='grc' dir='ltr'>δὲ</span> <span class='ocrx_word' id='word_1_442' title='bbox 2843 2010 2921 2077; x_wconf 76' lang='grc' dir='ltr'>εἷς</span> <span class='ocrx_word' id='word_1_443' title='bbox 2954 2016 2982 2066; x_wconf 86' lang='grc' dir='ltr'>ὁ</span> <span class='ocrx_word' id='word_1_444' title='bbox 3011 2014 3143 2079; x_wconf 81' lang='grc' dir='ltr'>Θεός</span> <span class='ocrx_word' id='word_1_445' title='bbox 3172 2034 3231 2069; x_wconf 90' lang='grc' dir='ltr'><strong>τε</strong></span> <span class='ocrx_word' id='word_1_446' title='bbox 3260 2019 3352 2070; x_wconf 76' lang='grc' dir='ltr'><strong>καὶ</strong></span> <span class='ocrx_word' id='word_1_447' title='bbox 3383 2018 3493 2089; x_wconf 73' lang='grc'>(65)</span> <span class='ocrx_word' id='word_1_448' title='bbox 3530 2020 3627 2090; x_wconf 82' lang='grc' dir='ltr'>μία</span> <span class='ocrx_word' id='word_1_449' title='bbox 3659 2020 3821 2087; x_wconf 80' lang='grc' dir='ltr'>φύσις</span> 
     </span>
    </p>
   </div>
   <div class='ocr_carea' id='block_1_56' title="bbox 2254 2103 3821 2177">
    <p class='ocr_par' dir='ltr' id='par_1_56' title="bbox 2254 2103 3821 2177">
     <span class='ocr_line' id='line_1_56' title="bbox 2254 2103 3821 2177; baseline 0.003 -20"><span class='ocrx_word' id='word_1_450' title='bbox 2254 2107 2286 2175; x_wconf 87' lang='grc' dir='ltr'><strong>ή</strong></span> <span class='ocrx_word' id='word_1_451' title='bbox 2327 2106 2606 2165; x_wconf 84' lang='grc' dir='ltr'><strong>ἀνωτάτω,</strong></span> <span class='ocrx_word' id='word_1_452' title='bbox 2636 2103 2798 2156; x_wconf 82' lang='grc' dir='ltr'>πόθεν</span> <span class='ocrx_word' id='word_1_453' title='bbox 2832 2105 3161 2175; x_wconf 82' lang='grc' dir='ltr'><strong>παραστήσω</strong></span> <span class='ocrx_word' id='word_1_454' title='bbox 3192 2123 3273 2158; x_wconf 92' lang='grc' dir='ltr'><strong>σοι</strong></span> <span class='ocrx_word' id='word_1_455' title='bbox 3298 2108 3395 2175; x_wconf 82' lang='grc' dir='ltr'>τὴν</span> <span class='ocrx_word' id='word_1_456' title='bbox 3428 2108 3713 2177; x_wconf 72' lang='grc' dir='ltr'>ὁμοίωσινς</span> <span class='ocrx_word' id='word_1_457' title='bbox 3744 2111 3821 2163; x_wconf 78' lang='grc' dir='ltr'>Ἢ</span> 
     </span>
    </p>
   </div>
   <div class='ocr_carea' id='block_1_57' title="bbox 2253 2191 3816 2265">
    <p class='ocr_par' dir='ltr' id='par_1_57' title="bbox 2253 2191 3816 2265">
     <span class='ocr_line' id='line_1_57' title="bbox 2253 2191 3816 2265; baseline -0.001 -14"><span class='ocrx_word' id='word_1_458' title='bbox 2253 2194 2435 2262; x_wconf 73' lang='grc' dir='ltr'>ζητεῖς</span> <span class='ocrx_word' id='word_1_459' title='bbox 2483 2191 2592 2263; x_wconf 64' lang='grc'>(64)</span> <span class='ocrx_word' id='word_1_460' title='bbox 2630 2191 2789 2244; x_wconf 80' lang='grc' dir='ltr'>πάλιν</span> <span class='ocrx_word' id='word_1_461' title='bbox 2835 2194 2899 2245; x_wconf 81' lang='grc' dir='ltr'>ἐκ</span> <span class='ocrx_word' id='word_1_462' title='bbox 2934 2192 3041 2245; x_wconf 82' lang='grc' dir='ltr'>τῶν</span> <span class='ocrx_word' id='word_1_463' title='bbox 3084 2194 3234 2247; x_wconf 82' lang='grc' dir='ltr'>κάτω</span> <span class='ocrx_word' id='word_1_464' title='bbox 3279 2196 3371 2247; x_wconf 76' lang='grc' dir='ltr'><strong>καὶ</strong></span> <span class='ocrx_word' id='word_1_465' title='bbox 3415 2197 3521 2249; x_wconf 82' lang='grc' dir='ltr'>τῶν</span> <span class='ocrx_word' id='word_1_466' title='bbox 3554 2199 3678 2265; x_wconf 80' lang='grc' dir='ltr'>περὶ</span> <span class='ocrx_word' id='word_1_467' title='bbox 3721 2198 3816 2261; x_wconf 65' lang='lat' dir='ltr'><strong>es;</strong></span> 
     </span>
    </p>
   </div>
   <div class='ocr_carea' id='block_1_58' title="bbox 2254 2282 3823 2357">
    <p class='ocr_par' dir='ltr' id='par_1_58' title="bbox 2254 2282 3823 2357">
     <span class='ocr_line' id='line_1_58' title="bbox 2254 2282 3823 2357; baseline 0.004 -21"><span class='ocrx_word' id='word_1_468' title='bbox 2254 2285 2386 2337; x_wconf 85' lang='grc' dir='ltr'>Λίαν</span> <span class='ocrx_word' id='word_1_469' title='bbox 2438 2285 2534 2354; x_wconf 85' lang='grc' dir='ltr'>μὲν</span> <span class='ocrx_word' id='word_1_470' title='bbox 2582 2282 2826 2354; x_wconf 76' lang='grc' dir='ltr'>αἰσχρὸν,</span> <span class='ocrx_word' id='word_1_471' title='bbox 2876 2284 2971 2336; x_wconf 74' lang='grc' dir='ltr'>καὶ</span> <span class='ocrx_word' id='word_1_472' title='bbox 3024 2284 3123 2337; x_wconf 81' lang='grc' dir='ltr'><strong>οὐκ</strong></span> <span class='ocrx_word' id='word_1_473' title='bbox 3177 2286 3401 2356; x_wconf 72' lang='grc' dir='ltr'>αἰσχρὸν</span> <span class='ocrx_word' id='word_1_474' title='bbox 3456 2288 3635 2357; x_wconf 87' lang='grc' dir='ltr'>μόνον,</span> <span class='ocrx_word' id='word_1_475' title='bbox 3685 2289 3823 2344; x_wconf 75' lang='grc' dir='ltr'>ἀλλὰ</span> 
     </span>
    </p>
   </div>
   <div class='ocr_carea' id='block_1_59' title="bbox 2254 2374 3820 2450">
    <p class='ocr_par' dir='ltr' id='par_1_59' title="bbox 2254 2374 3820 2450">
     <span class='ocr_line' id='line_1_59' title="bbox 2254 2374 3820 2450; baseline 0.003 -23"><span class='ocrx_word' id='word_1_476' title='bbox 2254 2375 2348 2429; x_wconf 72' lang='grc' dir='ltr'><strong>καὶ</strong></span> <span class='ocrx_word' id='word_1_477' title='bbox 2388 2376 2613 2445; x_wconf 83' lang='grc' dir='ltr'>μάταιον</span> <span class='ocrx_word' id='word_1_478' title='bbox 2657 2374 2938 2440; x_wconf 78' lang='grc' dir='ltr'>ἐπιεικῶς,</span> <span class='ocrx_word' id='word_1_479' title='bbox 2981 2377 3044 2428; x_wconf 76' lang='grc' dir='ltr'><strong>ἐκ</strong></span> <span class='ocrx_word' id='word_1_480' title='bbox 3098 2375 3203 2429; x_wconf 81' lang='grc' dir='ltr'>τῶν</span> <span class='ocrx_word' id='word_1_481' title='bbox 3245 2377 3395 2429; x_wconf 82' lang='grc' dir='ltr'>κάτω</span> <span class='ocrx_word' id='word_1_482' title='bbox 3426 2377 3532 2430; x_wconf 83' lang='grc' dir='ltr'>τῶν</span> <span class='ocrx_word' id='word_1_483' title='bbox 3565 2377 3675 2432; x_wconf 78' lang='grc' dir='ltr'><strong>ἄνω</strong></span> <span class='ocrx_word' id='word_1_484' title='bbox 3718 2381 3820 2450; x_wconf 77' lang='grc' dir='ltr'>τὴν</span> 
     </span>
    </p>
   </div>
   <div class='ocr_carea' id='block_1_60' title="bbox 2254 2456 3819 2540">
    <p class='ocr_par' dir='ltr' id='par_1_60' title="bbox 2254 2456 3819 2540">
     <span class='ocr_line' id='line_1_60' title="bbox 2254 2456 3819 2540; baseline 0.003 -22"><span class='ocrx_word' id='word_1_485' title='bbox 2254 2466 2500 2520; x_wconf 71' lang='grc' dir='ltr'>εἰκασίαν</span> <span class='ocrx_word' id='word_1_486' title='bbox 2542 2466 2857 2537; x_wconf 79' lang='grc' dir='ltr'>λαμϐάνειν,</span> <span class='ocrx_word' id='word_1_487' title='bbox 2886 2467 2979 2519; x_wconf 71' lang='grc' dir='ltr'><strong>καὶ</strong></span> <span class='ocrx_word' id='word_1_488' title='bbox 3005 2466 3109 2519; x_wconf 81' lang='grc' dir='ltr'>τῶν</span> <span class='ocrx_word' id='word_1_489' title='bbox 3160 2467 3427 2536; x_wconf 76' lang='grc' dir='ltr'>ἀκινήτων</span> <span class='ocrx_word' id='word_1_490' title='bbox 3456 2456 3529 2521; x_wconf 1' lang='grc' dir='ltr'>(ὲκ</span> <span class='ocrx_word' id='word_1_491' title='bbox 3559 2469 3658 2538; x_wconf 77' lang='grc' dir='ltr'>τῆς</span> <span class='ocrx_word' id='word_1_492' title='bbox 3692 2472 3819 2540; x_wconf 74' lang='grc' dir='ltr'><strong>ῥευ-</strong></span> 
     </span>
    </p>
   </div>
   <div class='ocr_carea' id='block_1_61' title="bbox 2257 2553 3821 2628">
    <p class='ocr_par' dir='ltr' id='par_1_61' title="bbox 2257 2553 3821 2628">
     <span class='ocr_line' id='line_1_61' title="bbox 2257 2553 3821 2628; baseline 0.005 -22"><span class='ocrx_word' id='word_1_493' title='bbox 2257 2557 2388 2623; x_wconf 83' lang='grc' dir='ltr'>στῆς</span> <span class='ocrx_word' id='word_1_494' title='bbox 2442 2553 2678 2622; x_wconf 82' lang='grc' dir='ltr'>φύσεως,</span> <span class='ocrx_word' id='word_1_495' title='bbox 2732 2555 2862 2620; x_wconf 73' lang='grc' dir='ltr'>καὶ,</span> <span class='ocrx_word' id='word_1_496' title='bbox 2910 2555 2938 2607; x_wconf 83' lang='grc' dir='ltr'><strong>ὃ</strong></span> <span class='ocrx_word' id='word_1_497' title='bbox 2972 2572 3137 2625; x_wconf 79' lang='grc' dir='ltr'>φησιν</span> <span class='ocrx_word' id='word_1_498' title='bbox 3179 2556 3425 2620; x_wconf 79' lang='grc' dir='ltr'>Ἡσαΐας,</span> <span class='ocrx_word' id='word_1_499' title='bbox 3475 2557 3821 2628; x_wconf 77' lang='grc' dir='ltr'>ὲκζητεῖσθαι</span> 
     </span>
    </p>
   </div>
   <div class='ocr_carea' id='block_1_62' title="bbox 2255 2643 3822 2721">
    <p class='ocr_par' dir='ltr' id='par_1_62' title="bbox 2255 2643 3822 2721">
     <span class='ocr_line' id='line_1_62' title="bbox 2255 2643 3822 2721; baseline 0.006 -26"><span class='ocrx_word' id='word_1_500' title='bbox 2255 2644 2321 2696; x_wconf 76' lang='grc' dir='ltr'>τὰ</span> <span class='ocrx_word' id='word_1_501' title='bbox 2366 2643 2545 2706; x_wconf 77' lang='grc' dir='ltr'>ζῶντα</span> <span class='ocrx_word' id='word_1_502' title='bbox 2581 2643 2693 2712; x_wconf 82' lang='grc'>(65)</span> <span class='ocrx_word' id='word_1_503' title='bbox 2739 2644 2797 2697; x_wconf 75' lang='grc' dir='ltr'><strong>ἐν</strong></span> <span class='ocrx_word' id='word_1_504' title='bbox 2826 2647 2938 2708; x_wconf 87' lang='grc' dir='ltr'>τοῖς</span> <span class='ocrx_word' id='word_1_505' title='bbox 2985 2648 3215 2717; x_wconf 82' lang='grc' dir='ltr'>νεκροῖς.</span> <span class='ocrx_word' id='word_1_506' title='bbox 3245 2648 3430 2718; x_wconf 82' lang='grc' dir='ltr'>Ὅμως</span> <span class='ocrx_word' id='word_1_507' title='bbox 3458 2649 3512 2701; x_wconf 75' lang='grc' dir='ltr'>δὲ</span> <span class='ocrx_word' id='word_1_508' title='bbox 3563 2650 3822 2721; x_wconf 79' lang='grc' dir='ltr'>πειράσο-</span> 
     </span>
    </p>
   </div>
   <div class='ocr_carea' id='block_1_63' title="bbox 2260 2731 3820 2812">
    <p class='ocr_par' dir='ltr' id='par_1_63' title="bbox 2260 2731 3820 2812">
     <span class='ocr_line' id='line_1_63' title="bbox 2260 2731 3820 2812; baseline 0.008 -29"><span class='ocrx_word' id='word_1_509' title='bbox 2260 2749 2377 2801; x_wconf 83' lang='grc' dir='ltr'>μαι,</span> <span class='ocrx_word' id='word_1_510' title='bbox 2411 2731 2508 2803; x_wconf 79' lang='grc' dir='ltr'><strong>σὴν</strong></span> <span class='ocrx_word' id='word_1_511' title='bbox 2540 2734 2719 2812; x_wconf 63' lang='grc' dir='ltr'>χαριν,</span> <span class='ocrx_word' id='word_1_512' title='bbox 2752 2734 3045 2787; x_wconf 77' lang='grc' dir='ltr'>κάντεῦθεν</span> <span class='ocrx_word' id='word_1_513' title='bbox 3068 2735 3247 2790; x_wconf 81' lang='grc' dir='ltr'>δοῦναί</span> <span class='ocrx_word' id='word_1_514' title='bbox 3279 2755 3400 2792; x_wconf 87' lang='grc' dir='ltr'>τινα</span> <span class='ocrx_word' id='word_1_515' title='bbox 3430 2739 3507 2810; x_wconf 82' lang='grc' dir='ltr'>τῷ</span> <span class='ocrx_word' id='word_1_516' title='bbox 3540 2740 3679 2811; x_wconf 81' lang='grc' dir='ltr'>λόγῳ</span> <span class='ocrx_word' id='word_1_517' title='bbox 3704 2741 3820 2812; x_wconf 73' lang='grc'>(66)</span> 
     </span>
    </p>
   </div>
   <div class='ocr_carea' id='block_1_64' title="bbox 2259 2806 3817 2901">
    <p class='ocr_par' dir='ltr' id='par_1_64' title="bbox 2259 2806 3817 2901">
     <span class='ocr_line' id='line_1_64' title="bbox 2259 2806 3817 2901; baseline 0.008 -27"><span class='ocrx_word' id='word_1_518' title='bbox 2259 2822 2525 2893; x_wconf 72' lang='grc' dir='ltr'>βοήθειαν.</span> <span class='ocrx_word' id='word_1_519' title='bbox 2562 2806 2699 2877; x_wconf 29' lang='grc' dir='ltr'><strong>’ᾐτὰλ</strong></span> <span class='ocrx_word' id='word_1_520' title='bbox 2724 2824 2822 2895; x_wconf 81' lang='grc' dir='ltr'>μὲν</span> <span class='ocrx_word' id='word_1_521' title='bbox 2868 2821 2959 2878; x_wconf 77' lang='grc' dir='ltr'>οὖν</span> <span class='ocrx_word' id='word_1_522' title='bbox 3004 2826 3139 2880; x_wconf 83' lang='grc' dir='ltr'>ἄλλα</span> <span class='ocrx_word' id='word_1_523' title='bbox 3196 2830 3462 2899; x_wconf 82' lang='grc' dir='ltr'>παρήσειν</span> <span class='ocrx_word' id='word_1_524' title='bbox 3518 2848 3607 2901; x_wconf 91' lang='grc' dir='ltr'><strong>μοι</strong></span> <span class='ocrx_word' id='word_1_525' title='bbox 3653 2832 3817 2897; x_wconf 79' lang='grc' dir='ltr'>δοκῶ,</span> 
     </span>
    </p>
   </div>
   <div class='ocr_carea' id='block_1_65' title="bbox 2259 2904 3819 2993">
    <p class='ocr_par' dir='ltr' id='par_1_65' title="bbox 2259 2904 3819 2993">
     <span class='ocr_line' id='line_1_65' title="bbox 2259 2904 3819 2993; baseline 0.008 -28"><span class='ocrx_word' id='word_1_526' title='bbox 2259 2904 2426 2966; x_wconf 71' lang='grc' dir='ltr'>πολλὰ</span> <span class='ocrx_word' id='word_1_527' title='bbox 2460 2914 2526 2967; x_wconf 85' lang='grc' dir='ltr'>ἂν</span> <span class='ocrx_word' id='word_1_528' title='bbox 2573 2914 2710 2984; x_wconf 82' lang='grc' dir='ltr'>ἔχων</span> <span class='ocrx_word' id='word_1_529' title='bbox 2747 2915 2812 2968; x_wconf 83' lang='grc' dir='ltr'><strong>ὲκ</strong></span> <span class='ocrx_word' id='word_1_530' title='bbox 2857 2918 2954 2986; x_wconf 86' lang='grc' dir='ltr'>τῆς</span> <span class='ocrx_word' id='word_1_531' title='bbox 2984 2918 3111 2988; x_wconf 76' lang='grc' dir='ltr'>περ).</span> <span class='ocrx_word' id='word_1_532' title='bbox 3166 2917 3317 2982; x_wconf 80' lang='grc' dir='ltr'>ζώων</span> <span class='ocrx_word' id='word_1_533' title='bbox 3354 2921 3590 2993; x_wconf 85' lang='grc' dir='ltr'>ἱστορίας</span> <span class='ocrx_word' id='word_1_534' title='bbox 3618 2904 3819 2988; x_wconf 71' lang='grc' dir='ltr'>εῖπεῖν,</span> 
     </span>
    </p>
   </div>
   <div class='ocr_carea' id='block_1_66' title="bbox 2256 3004 3822 3091">
    <p class='ocr_par' dir='ltr' id='par_1_66' title="bbox 2256 3004 3822 3091">
     <span class='ocr_line' id='line_1_66' title="bbox 2256 3004 3822 3091; baseline 0.008 -34"><span class='ocrx_word' id='word_1_535' title='bbox 2256 3004 2326 3057; x_wconf 85' lang='grc' dir='ltr'>τὰ</span> <span class='ocrx_word' id='word_1_536' title='bbox 2360 3006 2455 3075; x_wconf 85' lang='grc' dir='ltr'>μὲν</span> <span class='ocrx_word' id='word_1_537' title='bbox 2499 3007 2628 3075; x_wconf 76' lang='grc' dir='ltr'>ἡμῖν</span> <span class='ocrx_word' id='word_1_538' title='bbox 2658 3005 2928 3091; x_wconf 76' lang='grc' dir='ltr'>γνώριμα,</span> <span class='ocrx_word' id='word_1_539' title='bbox 2970 3008 3039 3060; x_wconf 76' lang='grc' dir='ltr'>τὰ</span> <span class='ocrx_word' id='word_1_540' title='bbox 3078 3009 3134 3062; x_wconf 81' lang='grc' dir='ltr'>δὲ</span> <span class='ocrx_word' id='word_1_541' title='bbox 3164 3012 3273 3072; x_wconf 83' lang='grc' dir='ltr'>τοῖς</span> <span class='ocrx_word' id='word_1_542' title='bbox 3301 3010 3526 3079; x_wconf 76' lang='grc' dir='ltr'>ὀλίγοις·</span> <span class='ocrx_word' id='word_1_543' title='bbox 3561 3014 3659 3067; x_wconf 85' lang='grc' dir='ltr'>ὅσα</span> <span class='ocrx_word' id='word_1_544' title='bbox 3692 3016 3822 3087; x_wconf 80' lang='grc' dir='ltr'>περὶ</span> 
     </span>
    </p>
   </div>
   <div class='ocr_carea' id='block_1_67' title="bbox 2257 3094 3816 3175">
    <p class='ocr_par' dir='ltr' id='par_1_67' title="bbox 2257 3094 3816 3175">
     <span class='ocr_line' id='line_1_67' title="bbox 2257 3094 3816 3175; baseline 0.008 -28"><span class='ocrx_word' id='word_1_545' title='bbox 2257 3095 2355 3158; x_wconf 83' lang='grc' dir='ltr'><strong>τὰς</strong></span> <span class='ocrx_word' id='word_1_546' title='bbox 2406 3096 2513 3148; x_wconf 85' lang='grc' dir='ltr'>τῶν</span> <span class='ocrx_word' id='word_1_547' title='bbox 2565 3094 2718 3159; x_wconf 80' lang='grc' dir='ltr'>ζώων</span> <span class='ocrx_word' id='word_1_548' title='bbox 2770 3098 3075 3168; x_wconf 78' lang='grc' dir='ltr'>γενέσειςὴ</span> <span class='ocrx_word' id='word_1_549' title='bbox 3131 3099 3313 3167; x_wconf 58' lang='grc' dir='ltr'>φύσις</span> <span class='ocrx_word' id='word_1_550' title='bbox 3346 3101 3816 3175; x_wconf 78' lang='grc' dir='ltr'>ὲφιλοτεχνήσατο.</span> 
     </span>
    </p>
   </div>
   <div class='ocr_carea' id='block_1_68' title="bbox 2256 3185 3822 3257">
    <p class='ocr_par' dir='ltr' id='par_1_68' title="bbox 2256 3185 3822 3257">
     <span class='ocr_line' id='line_1_68' title="bbox 2256 3185 3822 3257; baseline 0.008 -20"><span class='ocrx_word' id='word_1_551' title='bbox 2256 3185 2548 3240; x_wconf 78' lang='grc' dir='ltr'>Γεννᾶσθαι</span> <span class='ocrx_word' id='word_1_552' title='bbox 2582 3186 2688 3257; x_wconf 78' lang='grc' dir='ltr'><strong>γὰρ</strong></span> <span class='ocrx_word' id='word_1_553' title='bbox 2721 3186 2954 3256; x_wconf 81' lang='grc' dir='ltr'>λέγεται,</span> <span class='ocrx_word' id='word_1_554' title='bbox 2991 3190 3089 3242; x_wconf 76' lang='grc' dir='ltr'><strong>οὐκ</strong></span> <span class='ocrx_word' id='word_1_555' title='bbox 3128 3192 3192 3242; x_wconf 82' lang='grc' dir='ltr'>ὲκ</span> <span class='ocrx_word' id='word_1_556' title='bbox 3225 3190 3334 3244; x_wconf 85' lang='grc' dir='ltr'>τῶν</span> <span class='ocrx_word' id='word_1_557' title='bbox 3375 3193 3552 3247; x_wconf 84' lang='grc' dir='ltr'>αὐτῶν</span> <span class='ocrx_word' id='word_1_558' title='bbox 3581 3195 3647 3249; x_wconf 77' lang='grc' dir='ltr'>τὰ</span> <span class='ocrx_word' id='word_1_559' title='bbox 3679 3196 3822 3250; x_wconf 78' lang='grc' dir='ltr'>αὐτὰ</span> 
     </span>
    </p>
   </div>
   <div class='ocr_carea' id='block_1_69' title="bbox 2256 3278 3824 3353">
    <p class='ocr_par' dir='ltr' id='par_1_69' title="bbox 2256 3278 3824 3353">
     <span class='ocr_line' id='line_1_69' title="bbox 2256 3278 3824 3353; baseline 0.007 -24"><span class='ocrx_word' id='word_1_560' title='bbox 2256 3278 2434 3348; x_wconf 86' lang='grc' dir='ltr'>μόνον,</span> <span class='ocrx_word' id='word_1_561' title='bbox 2477 3278 2593 3332; x_wconf 78' lang='grc' dir='ltr'>οὐδὲ</span> <span class='ocrx_word' id='word_1_562' title='bbox 2625 3278 2683 3343; x_wconf 79' lang='grc' dir='ltr'>ἐξ</span> <span class='ocrx_word' id='word_1_563' title='bbox 2727 3280 2925 3348; x_wconf 76' lang='grc' dir='ltr'>ἐτέρων</span> <span class='ocrx_word' id='word_1_564' title='bbox 2954 3282 3118 3351; x_wconf 73' lang='grc' dir='ltr'>ἕτερα</span> <span class='ocrx_word' id='word_1_565' title='bbox 3144 3280 3276 3353; x_wconf 86' lang='grc'>(67),</span> <span class='ocrx_word' id='word_1_566' title='bbox 3320 3282 3454 3336; x_wconf 85' lang='grc' dir='ltr'>ἀλλὰ</span> <span class='ocrx_word' id='word_1_567' title='bbox 3484 3285 3578 3337; x_wconf 75' lang='grc' dir='ltr'><strong>καὶ</strong></span> <span class='ocrx_word' id='word_1_568' title='bbox 3621 3287 3679 3352; x_wconf 76' lang='grc' dir='ltr'>ἐξ</span> <span class='ocrx_word' id='word_1_569' title='bbox 3708 3287 3824 3341; x_wconf 76' lang='grc' dir='ltr'>ἐτέ-</span> 
     </span>
    </p>
   </div>
   <div class='ocr_carea' id='block_1_70' title="bbox 2254 3369 3820 3448">
    <p class='ocr_par' dir='ltr' id='par_1_70' title="bbox 2254 3369 3820 3448">
     <span class='ocr_line' id='line_1_70' title="bbox 2254 3369 3820 3448; baseline 0.006 -25"><span class='ocrx_word' id='word_1_570' title='bbox 2254 3386 2362 3442; x_wconf 87' lang='grc' dir='ltr'><strong>ρων</strong></span> <span class='ocrx_word' id='word_1_571' title='bbox 2390 3369 2457 3423; x_wconf 75' lang='grc' dir='ltr'>τὰ</span> <span class='ocrx_word' id='word_1_572' title='bbox 2490 3369 2647 3433; x_wconf 75' lang='grc' dir='ltr'>αὐτὰ,</span> <span class='ocrx_word' id='word_1_573' title='bbox 2675 3372 2767 3424; x_wconf 77' lang='grc' dir='ltr'>καὶ</span> <span class='ocrx_word' id='word_1_574' title='bbox 2793 3372 2857 3424; x_wconf 81' lang='grc' dir='ltr'><strong>ἐκ</strong></span> <span class='ocrx_word' id='word_1_575' title='bbox 2887 3370 2993 3423; x_wconf 86' lang='grc' dir='ltr'>τῶν</span> <span class='ocrx_word' id='word_1_576' title='bbox 3014 3372 3191 3425; x_wconf 82' lang='grc' dir='ltr'>αὐτῶν</span> <span class='ocrx_word' id='word_1_577' title='bbox 3220 3373 3399 3444; x_wconf 72' lang='grc' dir='ltr'>ἔτερα.</span> <span class='ocrx_word' id='word_1_578' title='bbox 3426 3375 3486 3427; x_wconf 81' lang='lat' dir='ltr'><strong>Ei</strong></span> <span class='ocrx_word' id='word_1_579' title='bbox 3511 3375 3564 3429; x_wconf 83' lang='grc' dir='ltr'><strong>δέ</strong></span> <span class='ocrx_word' id='word_1_580' title='bbox 3594 3393 3672 3447; x_wconf 83' lang='grc' dir='ltr'><strong>τῳ</strong></span> <span class='ocrx_word' id='word_1_581' title='bbox 3701 3376 3820 3448; x_wconf 60' lang='grc'>(68)</span> 
     </span>
    </p>
   </div>
   <div class='ocr_carea' id='block_1_71' title="bbox 2256 3461 3819 3540">
    <p class='ocr_par' dir='ltr' id='par_1_71' title="bbox 2256 3461 3819 3540">
     <span class='ocr_line' id='line_1_71' title="bbox 2256 3461 3819 3540; baseline 0.008 -28"><span class='ocrx_word' id='word_1_582' title='bbox 2256 3461 2443 3525; x_wconf 81' lang='grc' dir='ltr'>πιστὸς</span> <span class='ocrx_word' id='word_1_583' title='bbox 2473 3464 2501 3513; x_wconf 94' lang='lat'><strong>6</strong></span> <span class='ocrx_word' id='word_1_584' title='bbox 2544 3462 2721 3530; x_wconf 80' lang='grc' dir='ltr'>λόγος,</span> <span class='ocrx_word' id='word_1_585' title='bbox 2757 3465 2849 3516; x_wconf 78' lang='grc' dir='ltr'><strong>καὶ</strong></span> <span class='ocrx_word' id='word_1_586' title='bbox 2885 3463 3041 3527; x_wconf 78' lang='grc' dir='ltr'>ἄλλος</span> <span class='ocrx_word' id='word_1_587' title='bbox 3076 3465 3190 3517; x_wconf 76' lang='grc' dir='ltr'>ἐστὶ</span> <span class='ocrx_word' id='word_1_588' title='bbox 3238 3466 3438 3537; x_wconf 78' lang='grc' dir='ltr'>τρόπος</span> <span class='ocrx_word' id='word_1_589' title='bbox 3490 3471 3819 3540; x_wconf 75' lang='grc' dir='ltr'>γεννήσεως,</span> 
     </span>
    </p>
   </div>
   <div class='ocr_carea' id='block_1_72' title="bbox 2254 3554 3816 3631">
    <p class='ocr_par' dir='ltr' id='par_1_72' title="bbox 2254 3554 3816 3631">
     <span class='ocr_line' id='line_1_72' title="bbox 2254 3554 3816 3631; baseline 0.008 -27"><span class='ocrx_word' id='word_1_590' title='bbox 2254 3554 2385 3605; x_wconf 82' lang='grc' dir='ltr'>αὐτό</span> <span class='ocrx_word' id='word_1_591' title='bbox 2424 3570 2475 3605; x_wconf 91' lang='grc' dir='ltr'><strong>τι</strong></span> <span class='ocrx_word' id='word_1_592' title='bbox 2526 3554 2615 3621; x_wconf 69' lang='grc' dir='ltr'><strong>ὑφ’</strong></span> <span class='ocrx_word' id='word_1_593' title='bbox 2654 3554 2845 3607; x_wconf 77' lang='grc' dir='ltr'>ἑαυτοῦ</span> <span class='ocrx_word' id='word_1_594' title='bbox 2895 3554 3280 3627; x_wconf 81' lang='grc' dir='ltr'>δαπανώμενον</span> <span class='ocrx_word' id='word_1_595' title='bbox 3329 3560 3422 3612; x_wconf 75' lang='grc' dir='ltr'><strong>καὶ</strong></span> <span class='ocrx_word' id='word_1_596' title='bbox 3479 3561 3816 3631; x_wconf 84' lang='grc' dir='ltr'>τικτόμενον.</span> 
     </span>
    </p>
   </div>
   <div class='ocr_carea' id='block_1_73' title="bbox 2258 3642 3821 3721">
    <p class='ocr_par' dir='ltr' id='par_1_73' title="bbox 2258 3642 3821 3721">
     <span class='ocr_line' id='line_1_73' title="bbox 2258 3642 3821 3721; baseline 0.006 -26"><span class='ocrx_word' id='word_1_597' title='bbox 2258 3644 2411 3695; x_wconf 83' lang='grc' dir='ltr'>Ἐστι</span> <span class='ocrx_word' id='word_1_598' title='bbox 2444 3642 2500 3695; x_wconf 82' lang='grc' dir='ltr'>δὲ</span> <span class='ocrx_word' id='word_1_599' title='bbox 2552 3643 2587 3697; x_wconf 77' lang='grc' dir='ltr'><strong>ἃ</strong></span> <span class='ocrx_word' id='word_1_600' title='bbox 2620 3644 2713 3697; x_wconf 76' lang='grc' dir='ltr'><strong>καὶ</strong></span> <span class='ocrx_word' id='word_1_601' title='bbox 2764 3644 3039 3708; x_wconf 76' lang='grc' dir='ltr'>ἐξίσταται</span> <span class='ocrx_word' id='word_1_602' title='bbox 3100 3663 3215 3711; x_wconf 86' lang='grc' dir='ltr'><strong>πως</strong></span> <span class='ocrx_word' id='word_1_603' title='bbox 3269 3647 3498 3714; x_wconf 78' lang='grc' dir='ltr'>ἑαυτῶν,</span> <span class='ocrx_word' id='word_1_604' title='bbox 3546 3650 3607 3714; x_wconf 79' lang='grc' dir='ltr'>ἐξ</span> <span class='ocrx_word' id='word_1_605' title='bbox 3641 3651 3821 3721; x_wconf 74' lang='grc' dir='ltr'>ἄλλων</span> 
     </span>
    </p>
   </div>
   <div class='ocr_carea' id='block_1_74' title="bbox 2254 3722 3955 3811">
    <p class='ocr_par' dir='ltr' id='par_1_74' title="bbox 2254 3722 3955 3811">
     <span class='ocr_line' id='line_1_74' title="bbox 2254 3722 3955 3811; baseline 0.004 -16"><span class='ocrx_word' id='word_1_606' title='bbox 2254 3732 2409 3796; x_wconf 73' lang='grc' dir='ltr'>ζώων</span> <span class='ocrx_word' id='word_1_607' title='bbox 2436 3733 2515 3796; x_wconf 79' lang='grc' dir='ltr'>εἰς</span> <span class='ocrx_word' id='word_1_608' title='bbox 2544 3734 2677 3788; x_wconf 82' lang='grc' dir='ltr'>ἄλλα</span> <span class='ocrx_word' id='word_1_609' title='bbox 2725 3734 3094 3805; x_wconf 77' lang='grc' dir='ltr'>μεθιστάμενα</span> <span class='ocrx_word' id='word_1_610' title='bbox 3122 3753 3179 3789; x_wconf 89' lang='grc' dir='ltr'><strong>τε</strong></span> <span class='ocrx_word' id='word_1_611' title='bbox 3222 3738 3317 3790; x_wconf 78' lang='grc' dir='ltr'><strong>καὶ</strong></span> <span class='ocrx_word' id='word_1_612' title='bbox 3358 3740 3817 3811; x_wconf 76' lang='grc' dir='ltr'>μεταποιούμενα,</span> <span class='ocrx_word' id='word_1_613' title='bbox 3908 3800 3915 3809; x_wconf 80' lang='grc'><strong>,</strong></span> <span class='ocrx_word' id='word_1_614' title='bbox 3950 3722 3955 3733; x_wconf 36' lang='grc' dir='ltr'>ί</span> 
     </span>
    </p>
   </div>
   <div class='ocr_carea' id='block_1_75' title="bbox 2253 3822 3820 3901">
    <p class='ocr_par' dir='ltr' id='par_1_75' title="bbox 2253 3822 3820 3901">
     <span class='ocr_line' id='line_1_75' title="bbox 2253 3822 3820 3901; baseline 0.007 -27"><span class='ocrx_word' id='word_1_615' title='bbox 2253 3822 2530 3894; x_wconf 75' lang='grc' dir='ltr'>φιλοτιμίᾳ</span> <span class='ocrx_word' id='word_1_616' title='bbox 2574 3823 2804 3893; x_wconf 79' lang='grc' dir='ltr'>φύσεως.</span> <span class='ocrx_word' id='word_1_617' title='bbox 2838 3825 2976 3895; x_wconf 82' lang='grc' dir='ltr'><strong>Ἤδη</strong></span> <span class='ocrx_word' id='word_1_618' title='bbox 3018 3826 3075 3878; x_wconf 80' lang='grc' dir='ltr'>δὲ</span> <span class='ocrx_word' id='word_1_619' title='bbox 3115 3828 3206 3879; x_wconf 77' lang='grc' dir='ltr'>κα).</span> <span class='ocrx_word' id='word_1_620' title='bbox 3252 3826 3345 3881; x_wconf 80' lang='grc' dir='ltr'><strong>τοῦ</strong></span> <span class='ocrx_word' id='word_1_621' title='bbox 3390 3828 3575 3893; x_wconf 79' lang='grc' dir='ltr'>αὐτοῦ,</span> <span class='ocrx_word' id='word_1_622' title='bbox 3617 3830 3678 3883; x_wconf 83' lang='grc' dir='ltr'>τὸ</span> <span class='ocrx_word' id='word_1_623' title='bbox 3717 3831 3820 3901; x_wconf 83' lang='grc' dir='ltr'>μὲν</span> 
     </span>
    </p>
   </div>
   <div class='ocr_carea' id='block_1_76' title="bbox 577 3910 2149 3987">
    <p class='ocr_par' dir='ltr' id='par_1_76' title="bbox 577 3910 2149 3987">
     <span class='ocr_line' id='line_1_76' title="bbox 577 3910 2149 3987; baseline -0.008 -12"><span class='ocrx_word' id='word_1_624' title='bbox 577 3931 780 3975; x_wconf 63' lang='lat' dir='ltr'><strong>natura:</strong></span> <span class='ocrx_word' id='word_1_625' title='bbox 814 3914 1233 3987; x_wconf 75' lang='lat' dir='ltr'><strong>magniﬁcentia,</strong></span> <span class='ocrx_word' id='word_1_626' title='bbox 1282 3927 1312 3967; x_wconf 90' lang='lat' dir='ltr'><strong>a</strong></span> <span class='ocrx_word' id='word_1_627' title='bbox 1376 3913 1566 3981; x_wconf 87' lang='lat' dir='ltr'><strong>seipsis</strong></span> <span class='ocrx_word' id='word_1_628' title='bbox 1614 3911 2011 3979; x_wconf 81' lang='lat' dir='ltr'><strong>quodaminodo</strong></span> <span class='ocrx_word' id='word_1_629' title='bbox 2059 3910 2149 3963; x_wconf 82' lang='lat' dir='ltr'><strong>de-</strong></span> 
     </span>
    </p>
   </div>
   <div class='ocr_carea' id='block_1_77' title="bbox 2255 3910 3820 3987">
    <p class='ocr_par' dir='ltr' id='par_1_77' title="bbox 2255 3911 3820 3987">
     <span class='ocr_line' id='line_1_77' title="bbox 2255 3911 3820 3987; baseline 0.008 -24"><span class='ocrx_word' id='word_1_630' title='bbox 2255 3912 2307 3963; x_wconf 79' lang='grc' dir='ltr'>οὐ</span> <span class='ocrx_word' id='word_1_631' title='bbox 2350 3911 2613 3982; x_wconf 79' lang='grc' dir='ltr'>γέννημα,</span> <span class='ocrx_word' id='word_1_632' title='bbox 2642 3914 2702 3966; x_wconf 78' lang='grc' dir='ltr'>τὸ</span> <span class='ocrx_word' id='word_1_633' title='bbox 2740 3913 2797 3966; x_wconf 83' lang='grc' dir='ltr'>δὲ</span> <span class='ocrx_word' id='word_1_634' title='bbox 2836 3914 3099 3985; x_wconf 78' lang='grc' dir='ltr'>γέννημα,</span> <span class='ocrx_word' id='word_1_635' title='bbox 3142 3915 3282 3986; x_wconf 83' lang='grc' dir='ltr'>πλὴν</span> <span class='ocrx_word' id='word_1_636' title='bbox 3331 3917 3623 3987; x_wconf 74' lang='grc' dir='ltr'>ὁμοούσιαο</span> <span class='ocrx_word' id='word_1_637' title='bbox 3653 3920 3683 3972; x_wconf 88' lang='grc' dir='ltr'><strong>ὃ</strong></span> <span class='ocrx_word' id='word_1_638' title='bbox 3722 3922 3820 3975; x_wconf 76' lang='grc' dir='ltr'><strong>καὶ</strong></span> 
     </span>
    </p>
   </div>
   <div class='ocr_carea' id='block_1_78' title="bbox 579 4000 2149 4077">
    <p class='ocr_par' dir='ltr' id='par_1_78' title="bbox 579 4000 2145 4077">
     <span class='ocr_line' id='line_1_78' title="bbox 579 4000 2145 4077; baseline -0.01 -8"><span class='ocrx_word' id='word_1_639' title='bbox 579 4013 837 4075; x_wconf 79' lang='lat' dir='ltr'><strong>sciscant,</strong></span> <span class='ocrx_word' id='word_1_640' title='bbox 865 4018 1023 4077; x_wconf 87' lang='lat' dir='ltr'><strong>atque</strong></span> <span class='ocrx_word' id='word_1_641' title='bbox 1047 4022 1114 4062; x_wconf 77' lang='lat' dir='ltr'><strong>ex</strong></span> <span class='ocrx_word' id='word_1_642' title='bbox 1146 4006 1266 4060; x_wconf 86' lang='lat' dir='ltr'><strong>aliis</strong></span> <span class='ocrx_word' id='word_1_643' title='bbox 1294 4003 1617 4058; x_wconf 88' lang='lat' dir='ltr'><strong>animalibus</strong></span> <span class='ocrx_word' id='word_1_644' title='bbox 1643 4002 1694 4056; x_wconf 90' lang='lat' dir='ltr'><strong>in</strong></span> <span class='ocrx_word' id='word_1_645' title='bbox 1734 4000 1835 4056; x_wconf 90' lang='lat' dir='ltr'><strong>alia</strong></span> <span class='ocrx_word' id='word_1_646' title='bbox 1870 4008 2145 4054; x_wconf 86' lang='lat' dir='ltr'><strong>transeant</strong></span> 
     </span>
    </p>
   </div>
   <div class='ocr_carea' id='block_1_79' title="bbox 2255 4000 3818 4077">
    <p class='ocr_par' dir='ltr' id='par_1_79' title="bbox 2255 4002 3818 4075">
     <span class='ocr_line' id='line_1_79' title="bbox 2255 4002 3818 4075; baseline 0.007 -21"><span class='ocrx_word' id='word_1_647' title='bbox 2255 4002 2322 4073; x_wconf 81' lang='grc' dir='ltr'>τῷ</span> <span class='ocrx_word' id='word_1_648' title='bbox 2364 4004 2592 4073; x_wconf 85' lang='grc' dir='ltr'>παρόντι</span> <span class='ocrx_word' id='word_1_649' title='bbox 2626 4021 2743 4067; x_wconf 88' lang='grc' dir='ltr'><strong>πως</strong></span> <span class='ocrx_word' id='word_1_650' title='bbox 2785 4004 2983 4074; x_wconf 79' lang='grc' dir='ltr'>μᾶλλον</span> <span class='ocrx_word' id='word_1_651' title='bbox 3025 4005 3359 4075; x_wconf 83' lang='grc' dir='ltr'>προσέοικεν.</span> <span class='ocrx_word' id='word_1_652' title='bbox 3394 4009 3491 4063; x_wconf 83' lang='grc' dir='ltr'><strong>’Ἑν</strong></span> <span class='ocrx_word' id='word_1_653' title='bbox 3530 4010 3586 4064; x_wconf 83' lang='grc' dir='ltr'><strong>δέ</strong></span> <span class='ocrx_word' id='word_1_654' title='bbox 3620 4027 3671 4063; x_wconf 87' lang='grc' dir='ltr'><strong>τι</strong></span> <span class='ocrx_word' id='word_1_655' title='bbox 3705 4012 3818 4065; x_wconf 83' lang='grc' dir='ltr'>τῶν</span> 
     </span>
    </p>
   </div>
   <div class='ocr_carea' id='block_1_80' title="bbox 578 4090 2149 4174">
    <p class='ocr_par' dir='ltr' id='par_1_80' title="bbox 578 4090 2143 4174">
     <span class='ocr_line' id='line_1_80' title="bbox 578 4090 2143 4174; baseline -0.011 -15"><span class='ocrx_word' id='word_1_656' title='bbox 578 4114 739 4174; x_wconf 89' lang='lat' dir='ltr'><strong>atque</strong></span> <span class='ocrx_word' id='word_1_657' title='bbox 768 4104 1138 4157; x_wconf 84' lang='lat' dir='ltr'><strong>immutentur.</strong></span> <span class='ocrx_word' id='word_1_658' title='bbox 1164 4094 1464 4163; x_wconf 88' lang='lat' dir='ltr'><strong>Quinetiam</strong></span> <span class='ocrx_word' id='word_1_659' title='bbox 1499 4094 1638 4148; x_wconf 88' lang='lat' dir='ltr'><strong>idem</strong></span> <span class='ocrx_word' id='word_1_660' title='bbox 1672 4090 1892 4154; x_wconf 89' lang='lat' dir='ltr'><strong>animal,</strong></span> <span class='ocrx_word' id='word_1_661' title='bbox 1946 4090 2143 4159; x_wconf 88' lang='lat' dir='ltr'><strong>partim</strong></span> 
     </span>
    </p>
   </div>
   <div class='ocr_carea' id='block_1_81' title="bbox 2255 4090 3817 4174">
    <p class='ocr_par' dir='ltr' id='par_1_81' title="bbox 2255 4093 3817 4172">
     <span class='ocr_line' id='line_1_81' title="bbox 2255 4093 3817 4172; baseline 0.009 -28"><span class='ocrx_word' id='word_1_662' title='bbox 2255 4093 2527 4164; x_wconf 72' lang='grc' dir='ltr'>ἡμετέρων</span> <span class='ocrx_word' id='word_1_663' title='bbox 2573 4093 2760 4161; x_wconf 72' lang='grc' dir='ltr'>εἰπὼν,</span> <span class='ocrx_word' id='word_1_664' title='bbox 2802 4094 2829 4146; x_wconf 88' lang='grc' dir='ltr'><strong>ὃ</strong></span> <span class='ocrx_word' id='word_1_665' title='bbox 2858 4095 2951 4147; x_wconf 75' lang='grc' dir='ltr'>καὶ</span> <span class='ocrx_word' id='word_1_666' title='bbox 2999 4097 3131 4148; x_wconf 78' lang='grc' dir='ltr'>πᾶσι</span> <span class='ocrx_word' id='word_1_667' title='bbox 3176 4096 3469 4170; x_wconf 81' lang='grc' dir='ltr'>γνώριμον,</span> <span class='ocrx_word' id='word_1_668' title='bbox 3513 4102 3596 4170; x_wconf 77' lang='grc' dir='ltr'><strong>ἐφ’</strong></span> <span class='ocrx_word' id='word_1_669' title='bbox 3628 4102 3817 4172; x_wconf 71' lang='grc' dir='ltr'>ἕτερον</span> 
     </span>
    </p>
   </div>
   <div class='ocr_carea' id='block_1_82' title="bbox 576 4180 2149 4266">
    <p class='ocr_par' dir='ltr' id='par_1_82' title="bbox 576 4180 2137 4266">
     <span class='ocr_line' id='line_1_82' title="bbox 576 4180 2137 4266; baseline -0.011 -16"><span class='ocrx_word' id='word_1_670' title='bbox 576 4210 681 4250; x_wconf 93' lang='lat' dir='ltr'><strong>non</strong></span> <span class='ocrx_word' id='word_1_671' title='bbox 715 4194 977 4266; x_wconf 87' lang='lat' dir='ltr'><strong>genitum,</strong></span> <span class='ocrx_word' id='word_1_672' title='bbox 1018 4189 1214 4261; x_wconf 90' lang='lat' dir='ltr'><strong>partim</strong></span> <span class='ocrx_word' id='word_1_673' title='bbox 1254 4187 1510 4257; x_wconf 87' lang='lat' dir='ltr'><strong>genitum,</strong></span> <span class='ocrx_word' id='word_1_674' title='bbox 1570 4194 1624 4240; x_wconf 92' lang='lat' dir='ltr'><strong>et</strong></span> <span class='ocrx_word' id='word_1_675' title='bbox 1658 4193 1837 4239; x_wconf 89' lang='lat' dir='ltr'><strong>tamen</strong></span> <span class='ocrx_word' id='word_1_676' title='bbox 1896 4180 2137 4249; x_wconf 85' lang='lat' dir='ltr'><strong>ejusdem</strong></span> 
     </span>
    </p>
   </div>
   <div class='ocr_carea' id='block_1_83' title="bbox 2255 4180 2828 4266">
    <p class='ocr_par' dir='ltr' id='par_1_83' title="bbox 2255 4184 2828 4256">
     <span class='ocr_line' id='line_1_83' title="bbox 2255 4184 2828 4256; baseline 0.007 -21"><span class='ocrx_word' id='word_1_677' title='bbox 2255 4184 2455 4255; x_wconf 82' lang='grc' dir='ltr'>μεταϐή</span> <span class='ocrx_word' id='word_1_678' title='bbox 2464 4202 2625 4256; x_wconf 86' lang='grc' dir='ltr'>σομαι</span> <span class='ocrx_word' id='word_1_679' title='bbox 2654 4185 2828 4254; x_wconf 83' lang='grc' dir='ltr'>λόγον.</span> 
     </span>
    </p>
   </div>
   <div class='ocr_carea' id='block_1_84' title="bbox 578 4272 3813 4358">
    <p class='ocr_par' dir='ltr' id='par_1_84' title="bbox 578 4272 3813 4358">
     <span class='ocr_line' id='line_1_84' title="bbox 578 4272 3813 4358; baseline -0.005 -11"><span class='ocrx_word' id='word_1_680' title='bbox 578 4286 890 4346; x_wconf 71' lang='lat' dir='ltr'><strong>substantia:</strong></span> <span class='ocrx_word' id='word_1_681' title='bbox 921 4284 1157 4353; x_wconf 88' lang='lat' dir='ltr'><strong>reperire</strong></span> <span class='ocrx_word' id='word_1_682' title='bbox 1177 4290 1299 4338; x_wconf 89' lang='lat' dir='ltr'><strong>est:</strong></span> <span class='ocrx_word' id='word_1_683' title='bbox 1332 4281 1472 4349; x_wconf 89' lang='lat' dir='ltr'><strong>quod</strong></span> <span class='ocrx_word' id='word_1_684' title='bbox 1506 4281 1722 4351; x_wconf 88' lang='lat' dir='ltr'><strong>quidem</strong></span> <span class='ocrx_word' id='word_1_685' title='bbox 1795 4277 1862 4332; x_wconf 90' lang='lat' dir='ltr'><strong>ad</strong></span> <span class='ocrx_word' id='word_1_686' title='bbox 1928 4272 2211 4358; x_wconf 51' lang='lat' dir='ltr'><strong>praesentis</strong></span> <span class='ocrx_word' id='word_1_687' title='bbox 2254 4281 2570 4345; x_wconf 67' lang='lat' dir='ltr'><strong>quaestionis</strong></span> <span class='ocrx_word' id='word_1_688' title='bbox 2618 4280 3024 4335; x_wconf 85' lang='lat' dir='ltr'><strong>similitudinem</strong></span> <span class='ocrx_word' id='word_1_689' title='bbox 3082 4283 3304 4350; x_wconf 89' lang='lat' dir='ltr'><strong>propius</strong></span> <span class='ocrx_word' id='word_1_690' title='bbox 3355 4287 3583 4341; x_wconf 82' lang='lat' dir='ltr'><strong>accedit.</strong></span> <span class='ocrx_word' id='word_1_691' title='bbox 3633 4287 3813 4344; x_wconf 59' lang='lat' dir='ltr'><strong>Unum</strong></span> 
     </span>
    </p>
   </div>
   <div class='ocr_carea' id='block_1_85' title="bbox 574 4366 3877 4457">
    <p class='ocr_par' dir='ltr' id='par_1_85' title="bbox 574 4366 3877 4457">
     <span class='ocr_line' id='line_1_85' title="bbox 574 4366 3877 4457; baseline -0 -22"><span class='ocrx_word' id='word_1_692' title='bbox 574 4379 826 4451; x_wconf 87' lang='lat' dir='ltr'><strong>quiddam</strong></span> <span class='ocrx_word' id='word_1_693' title='bbox 881 4392 947 4431; x_wconf 78' lang='lat' dir='ltr'><strong>ex</strong></span> <span class='ocrx_word' id='word_1_694' title='bbox 1010 4375 1208 4431; x_wconf 92' lang='lat' dir='ltr'><strong>nostris</strong></span> <span class='ocrx_word' id='word_1_695' title='bbox 1266 4373 1356 4429; x_wconf 86' lang='lat' dir='ltr'><strong>ubi</strong></span> <span class='ocrx_word' id='word_1_696' title='bbox 1422 4383 1942 4433; x_wconf 88' lang='lat' dir='ltr'><strong>commemoravero,</strong></span> <span class='ocrx_word' id='word_1_697' title='bbox 1998 4366 2141 4435; x_wconf 90' lang='lat' dir='ltr'><strong>quod</strong></span> <span class='ocrx_word' id='word_1_698' title='bbox 2179 4368 2341 4424; x_wconf 88' lang='lat' dir='ltr'><strong>etiam</strong></span> <span class='ocrx_word' id='word_1_699' title='bbox 2379 4373 2578 4427; x_wconf 89' lang='lat' dir='ltr'><strong>nemini</strong></span> <span class='ocrx_word' id='word_1_700' title='bbox 2603 4372 2843 4442; x_wconf 86' lang='lat' dir='ltr'><strong>ignotum</strong></span> <span class='ocrx_word' id='word_1_701' title='bbox 2872 4383 2975 4438; x_wconf 86' lang='lat' dir='ltr'><strong>est,</strong></span> <span class='ocrx_word' id='word_1_702' title='bbox 3008 4374 3114 4429; x_wconf 88' lang='lat' dir='ltr'><strong>alio</strong></span> <span class='ocrx_word' id='word_1_703' title='bbox 3147 4386 3329 4445; x_wconf 89' lang='lat' dir='ltr'><strong>postea</strong></span> <span class='ocrx_word' id='word_1_704' title='bbox 3385 4379 3632 4434; x_wconf 75' lang='lat' dir='ltr'><strong>transibit</strong></span> <span class='ocrx_word' id='word_1_705' title='bbox 3690 4396 3817 4436; x_wconf 64' lang='grc' dir='ltr'><strong>οη-</strong></span> <span class='ocrx_word' id='word_1_706' title='bbox 3866 4448 3877 4457; x_wconf 35' lang='grc' dir='ltr'><strong><em>ο</em></strong></span> 
     </span>
    </p>
   </div>
   <div class='ocr_carea' id='block_1_86' title="bbox 578 4478 669 4527">
    <p class='ocr_par' dir='ltr' id='par_1_86' title="bbox 578 4478 669 4527">
     <span class='ocr_line' id='line_1_86' title="bbox 578 4478 669 4527; baseline 0.055 -5"><span class='ocrx_word' id='word_1_707' title='bbox 578 4478 669 4527; x_wconf 92' lang='lat' dir='ltr'><strong>tio.</strong></span> 
     </span>
    </p>
   </div>
   <div class='ocr_carea' id='block_1_87' title="bbox 648 4549 2149 4627">
    <p class='ocr_par' dir='ltr' id='par_1_87' title="bbox 648 4554 2139 4627">
     <span class='ocr_line' id='line_1_87' title="bbox 648 4554 2139 4627; baseline -0.003 -11"><span class='ocrx_word' id='word_1_708' title='bbox 648 4563 736 4616; x_wconf 75' lang='lat' dir='ltr'><strong>XI.</strong></span> <span class='ocrx_word' id='word_1_709' title='bbox 770 4561 908 4627; x_wconf 87' lang='lat' dir='ltr'><strong>Quid</strong></span> <span class='ocrx_word' id='word_1_710' title='bbox 956 4560 1165 4614; x_wconf 90' lang='lat' dir='ltr'><strong>tandem</strong></span> <span class='ocrx_word' id='word_1_711' title='bbox 1217 4557 1454 4612; x_wconf 80' lang='lat' dir='ltr'><strong>Adamus</strong></span> <span class='ocrx_word' id='word_1_712' title='bbox 1488 4557 1639 4612; x_wconf 89' lang='lat' dir='ltr'><strong>erat?</strong></span> <span class='ocrx_word' id='word_1_713' title='bbox 1673 4554 1767 4611; x_wconf 87' lang='lat' dir='ltr'><strong>Dei</strong></span> <span class='ocrx_word' id='word_1_714' title='bbox 1808 4556 2139 4624; x_wconf 79' lang='lat' dir='ltr'><strong>ﬁgmentum.</strong></span> 
     </span>
    </p>
   </div>
   <div class='ocr_carea' id='block_1_88' title="bbox 2255 4549 3816 4627">
    <p class='ocr_par' dir='ltr' id='par_1_88' title="bbox 2317 4549 3816 4627">
     <span class='ocr_line' id='line_1_88' title="bbox 2317 4549 3816 4627; baseline 0.016 -34"><span class='ocrx_word' id='word_1_715' title='bbox 2317 4556 2423 4609; x_wconf 76' lang='grc' dir='ltr'>ιΑο,</span> <span class='ocrx_word' id='word_1_716' title='bbox 2476 4554 2532 4606; x_wconf 84' lang='grc'>’0</span> <span class='ocrx_word' id='word_1_717' title='bbox 2570 4551 2738 4623; x_wconf 73' lang='grc' dir='ltr'>Ἀδὰμ</span> <span class='ocrx_word' id='word_1_718' title='bbox 2777 4554 2831 4606; x_wconf 84' lang='grc' dir='ltr'>τί</span> <span class='ocrx_word' id='word_1_719' title='bbox 2860 4570 2988 4606; x_wconf 88' lang='grc' dir='ltr'>ποτε</span> <span class='ocrx_word' id='word_1_720' title='bbox 3025 4549 3125 4624; x_wconf 75' lang='grc' dir='ltr'>ἧνς</span> <span class='ocrx_word' id='word_1_721' title='bbox 3163 4555 3392 4627; x_wconf 85' lang='grc' dir='ltr'>Πλάσμα</span> <span class='ocrx_word' id='word_1_722' title='bbox 3422 4557 3576 4612; x_wconf 82' lang='grc' dir='ltr'>Θεοῦ.</span> <span class='ocrx_word' id='word_1_723' title='bbox 3612 4559 3678 4613; x_wconf 83' lang='grc' dir='ltr'><strong>Τί</strong></span> <span class='ocrx_word' id='word_1_724' title='bbox 3724 4560 3816 4616; x_wconf 74' lang='grc' dir='ltr'><strong>δαὶ</strong></span> 
     </span>
    </p>
   </div>
   <div class='ocr_carea' id='block_1_89' title="bbox 579 4641 2149 4725">
    <p class='ocr_par' dir='ltr' id='par_1_89' title="bbox 579 4644 2142 4719">
     <span class='ocr_line' id='line_1_89' title="bbox 579 4644 2142 4719; baseline -0.004 -14"><span class='ocrx_word' id='word_1_725' title='bbox 579 4653 715 4719; x_wconf 89' lang='lat' dir='ltr'><strong>Quid</strong></span> <span class='ocrx_word' id='word_1_726' title='bbox 748 4652 855 4705; x_wconf 87' lang='lat' dir='ltr'><strong>Eva</strong></span> <span class='ocrx_word' id='word_1_727' title='bbox 871 4652 895 4704; x_wconf 75' lang='lat' dir='ltr'><strong>‘i</strong></span> <span class='ocrx_word' id='word_1_728' title='bbox 913 4649 1178 4718; x_wconf 85' lang='lat' dir='ltr'><strong>Figmenti</strong></span> <span class='ocrx_word' id='word_1_729' title='bbox 1201 4657 1565 4717; x_wconf 75' lang='lat' dir='ltr'><strong>segmentum.</strong></span> <span class='ocrx_word' id='word_1_730' title='bbox 1578 4647 1715 4713; x_wconf 89' lang='lat' dir='ltr'><strong>Quid</strong></span> <span class='ocrx_word' id='word_1_731' title='bbox 1742 4647 1873 4702; x_wconf 89' lang='lat' dir='ltr'><strong>Setb</strong></span> <span class='ocrx_word' id='word_1_732' title='bbox 1890 4645 1913 4699; x_wconf 88' lang='lat'><strong>?</strong></span> <span class='ocrx_word' id='word_1_733' title='bbox 1931 4644 2142 4701; x_wconf 88' lang='lat' dir='ltr'><strong>Utrius-</strong></span> 
     </span>
    </p>
   </div>
   <div class='ocr_carea' id='block_1_90' title="bbox 2255 4641 3816 4725">
    <p class='ocr_par' dir='ltr' id='par_1_90' title="bbox 2255 4641 3816 4725">
     <span class='ocr_line' id='line_1_90' title="bbox 2255 4641 3816 4725; baseline 0.004 -26"><span class='ocrx_word' id='word_1_734' title='bbox 2255 4647 2283 4717; x_wconf 77' lang='grc' dir='ltr'><strong>ἠ</strong></span> <span class='ocrx_word' id='word_1_735' title='bbox 2309 4641 2453 4710; x_wconf 58' lang='lat' dir='ltr'><strong>Eua;</strong></span> <span class='ocrx_word' id='word_1_736' title='bbox 2490 4645 2697 4716; x_wconf 84' lang='grc' dir='ltr'>Τμῆμα</span> <span class='ocrx_word' id='word_1_737' title='bbox 2732 4644 2824 4697; x_wconf 78' lang='grc' dir='ltr'><strong>τοῦ</strong></span> <span class='ocrx_word' id='word_1_738' title='bbox 2872 4645 3202 4716; x_wconf 86' lang='grc' dir='ltr'>πλάσματος.</span> <span class='ocrx_word' id='word_1_739' title='bbox 3233 4648 3297 4701; x_wconf 82' lang='grc' dir='ltr'><strong>Τί</strong></span> <span class='ocrx_word' id='word_1_740' title='bbox 3328 4648 3416 4703; x_wconf 75' lang='grc' dir='ltr'>δαὶ</span> <span class='ocrx_word' id='word_1_741' title='bbox 3446 4652 3474 4704; x_wconf 92' lang='lat'><strong>6</strong></span> <span class='ocrx_word' id='word_1_742' title='bbox 3505 4650 3643 4722; x_wconf 83' lang='grc' dir='ltr'><strong>ΣήΘ;</strong></span> <span class='ocrx_word' id='word_1_743' title='bbox 3681 4654 3816 4725; x_wconf 81' lang='grc' dir='ltr'><strong>’Δμ-</strong></span> 
     </span>
    </p>
   </div>
   <div class='ocr_carea' id='block_1_91' title="bbox 647 4805 1120 4871">
    <p class='ocr_par' dir='ltr' id='par_1_91' title="bbox 647 4805 1120 4871">
     <span class='ocr_line' id='line_1_91' title="bbox 647 4805 1120 4871; baseline -0.011 -6"><span class='ocrx_word' id='word_1_744' title='bbox 647 4807 692 4840; x_wconf 79' lang='grc'><strong>³⁸</strong></span> <span class='ocrx_word' id='word_1_745' title='bbox 726 4807 830 4867; x_wconf 84' lang='lat' dir='ltr'><strong>lsa.</strong></span> <span class='ocrx_word' id='word_1_746' title='bbox 872 4820 1005 4871; x_wconf 83' lang='lat' dir='ltr'><strong>vui,</strong></span> <span class='ocrx_word' id='word_1_747' title='bbox 1035 4805 1120 4861; x_wconf 86' lang='lat' dir='ltr'><strong>l9.</strong></span> 
     </span>
    </p>
   </div>
   <div class='ocr_carea' id='block_1_92' title="bbox 608 4958 2129 5086">
    <p class='ocr_par' dir='ltr' id='par_1_92' title="bbox 608 4958 2129 5086">
     <span class='ocr_line' id='line_1_92' title="bbox 608 4958 2129 5086; baseline -0.007 -68"><span class='ocrx_word' id='word_1_748' title='bbox 608 5000 623 5051; x_wconf 28' lang='grc' dir='ltr'><strong>,ν</strong></span> <span class='ocrx_word' id='word_1_749' title='bbox 644 4963 756 5086; x_wconf 84' lang='grc'>(58)</span> <span class='ocrx_word' id='word_1_750' title='bbox 788 4962 856 5016; x_wconf 83' lang='grc' dir='ltr'><strong><em>Τὸ</em></strong></span> <span class='ocrx_word' id='word_1_751' title='bbox 883 4961 967 5015; x_wconf 86' lang='grc' dir='ltr'>δέ.</span> <span class='ocrx_word' id='word_1_752' title='bbox 994 4960 1083 5014; x_wconf 85' lang='lat' dir='ltr'><strong>Sic</strong></span> <span class='ocrx_word' id='word_1_753' title='bbox 1117 4958 1248 5027; x_wconf 80' lang='lat' dir='ltr'><strong>Reg.</strong></span> <span class='ocrx_word' id='word_1_754' title='bbox 1273 4958 1406 5021; x_wconf 89' lang='lat' dir='ltr'><strong>bm.,</strong></span> <span class='ocrx_word' id='word_1_755' title='bbox 1434 4959 1588 5029; x_wconf 63' lang='lat' dir='ltr'><strong>Reg,</strong></span> <span class='ocrx_word' id='word_1_756' title='bbox 1624 4958 1785 5027; x_wconf 67' lang='lat' dir='ltr'><strong>tiypr.</strong></span> <span class='ocrx_word' id='word_1_757' title='bbox 1821 4968 1872 5013; x_wconf 93' lang='lat' dir='ltr'><strong>et</strong></span> <span class='ocrx_word' id='word_1_758' title='bbox 1898 4966 2129 5027; x_wconf 90' lang='lat' dir='ltr'><strong>quatuor</strong></span> 
     </span>
     <span class='ocr_line' id='line_1_93' title="bbox 608 5029 2043 5086; baseline 0 0"><span class='ocrx_word' id='word_1_759' title='bbox 608 5050 650 5086; x_wconf 84' lang='grc' dir='ltr'>,ο</span> <span class='ocrx_word' id='word_1_760' title='bbox 674 5034 725 5086; x_wconf 89' lang='lat' dir='ltr'><strong>b.</strong></span> <span class='ocrx_word' id='word_1_761' title='bbox 753 5033 809 5086; x_wconf 91' lang='lat' dir='ltr'><strong>ln</strong></span> <span class='ocrx_word' id='word_1_762' title='bbox 836 5033 921 5085; x_wconf 91' lang='lat' dir='ltr'><strong>ed.</strong></span> <span class='ocrx_word' id='word_1_763' title='bbox 944 5030 1032 5083; x_wconf 78' lang='grc' dir='ltr'>τὸν</span> <span class='ocrx_word' id='word_1_764' title='bbox 1057 5029 1135 5083; x_wconf 81' lang='grc' dir='ltr'><strong>δέ.</strong></span> <span class='ocrx_word' id='word_1_765' title='bbox 2038 5082 2043 5086; x_wconf 84' lang='grc'><strong>.</strong></span> 
     </span>
    </p>
   </div>
   <div class='ocr_carea' id='block_1_93' title="bbox 576 5029 2043 5176">
    <p class='ocr_par' dir='ltr' id='par_1_93' title="bbox 576 5029 2043 5176">
     <span class='ocr_line' id='line_1_94' title="bbox 576 5029 2043 5089; baseline -0.014 0"><span class='ocrx_word' id='word_1_766' title='bbox 576 5029 809 5089; x_wconf 54' lang='grc' dir='ltr'><strong>ΟοΙὺζιη</strong></span> <span class='ocrx_word' id='word_1_767' title='bbox 836 5033 921 5085; x_wconf 92' lang='lat' dir='ltr'><strong>ed.</strong></span> <span class='ocrx_word' id='word_1_768' title='bbox 944 5030 1032 5083; x_wconf 78' lang='grc' dir='ltr'>τὸν</span> <span class='ocrx_word' id='word_1_769' title='bbox 1057 5029 1135 5083; x_wconf 81' lang='grc' dir='ltr'><strong>δέ.</strong></span> <span class='ocrx_word' id='word_1_770' title='bbox 2038 5082 2043 5087; x_wconf 20' lang='grc' dir='ltr'><em>θ</em></span> 
     </span>
     <span class='ocr_line' id='line_1_95' title="bbox 648 5096 1822 5176; baseline -0.008 0"><span class='ocrx_word' id='word_1_771' title='bbox 648 5102 758 5176; x_wconf 67' lang='lat' dir='ltr'><strong>ea</strong></span> <span class='ocrx_word' id='word_1_772' title='bbox 787 5102 938 5176; x_wconf 58' lang='lat' dir='ltr'><strong>Titis-</strong></span> <span class='ocrx_word' id='word_1_773' title='bbox 969 5100 1098 5169; x_wconf 70' lang='lat' dir='ltr'><strong>ncg.</strong></span> <span class='ocrx_word' id='word_1_774' title='bbox 1123 5100 1235 5176; x_wconf 68' lang='grc' dir='ltr'>ιτεηι</span> <span class='ocrx_word' id='word_1_775' title='bbox 1270 5096 1464 5176; x_wconf 47' lang='lat' dir='ltr'><strong>«ire:</strong></span> <span class='ocrx_word' id='word_1_776' title='bbox 1564 5164 1598 5176; x_wconf 82' lang='grc'><strong>,,</strong></span> <span class='ocrx_word' id='word_1_777' title='bbox 1798 5162 1822 5174; x_wconf 80' lang='lat'>_</span> 
     </span>
    </p>
   </div>
   <div class='ocr_carea' id='block_1_94' title="bbox 646 5163 2134 5245">
    <p class='ocr_par' dir='ltr' id='par_1_94' title="bbox 646 5163 2134 5245">
     <span class='ocr_line' id='line_1_96' title="bbox 646 5163 2134 5245; baseline -0.005 -22"><span class='ocrx_word' id='word_1_778' title='bbox 646 5163 787 5245; x_wconf 78' lang='lat'><strong>(60)_</strong></span> <span class='ocrx_word' id='word_1_779' title='bbox 810 5163 923 5245; x_wconf 61' lang='grc' dir='ltr'><strong>Τῆξ)</strong></span> <span class='ocrx_word' id='word_1_780' title='bbox 943 5163 1210 5245; x_wconf 48' lang='lat' dir='ltr'><strong>arar?de</strong></span> <span class='ocrx_word' id='word_1_781' title='bbox 1229 5166 1364 5220; x_wconf 75' lang='grc' dir='ltr'><strong>νῦν.</strong></span> <span class='ocrx_word' id='word_1_782' title='bbox 1392 5165 1523 5245; x_wconf 66' lang='lat' dir='ltr'><strong>Reg.</strong></span> <span class='ocrx_word' id='word_1_783' title='bbox 1542 5164 1744 5245; x_wconf 48' lang='lat' dir='ltr'><strong>1(2)!er</strong></span> <span class='ocrx_word' id='word_1_784' title='bbox 1764 5163 1864 5232; x_wconf 81' lang='grc' dir='ltr'><strong>τῆς</strong></span> <span class='ocrx_word' id='word_1_785' title='bbox 1895 5163 2134 5245; x_wconf 58' lang='grc' dir='ltr'>πονηρᾶς</span> 
     </span>
    </p>
   </div>
   <div class='ocr_carea' id='block_1_95' title="bbox 577 5235 2132 5302">
    <p class='ocr_par' dir='ltr' id='par_1_95' title="bbox 577 5235 2132 5302">
     <span class='ocr_line' id='line_1_97' title="bbox 577 5235 2132 5302; baseline -0.008 -6"><span class='ocrx_word' id='word_1_786' title='bbox 577 5235 670 5296; x_wconf 72' lang='grc' dir='ltr'>σού</span> <span class='ocrx_word' id='word_1_787' title='bbox 726 5235 1017 5302; x_wconf 50' lang='lat' dir='ltr'><strong>vanam,</strong></span> <span class='ocrx_word' id='word_1_788' title='bbox 1072 5240 1310 5292; x_wconf 83' lang='lat' dir='ltr'><strong>detracto</strong></span> <span class='ocrx_word' id='word_1_789' title='bbox 1358 5235 1476 5298; x_wconf 80' lang='grc' dir='ltr'>νῦν,</span> <span class='ocrx_word' id='word_1_790' title='bbox 1543 5235 1740 5289; x_wconf 77' lang='lat' dir='ltr'><strong>[tabent</strong></span> <span class='ocrx_word' id='word_1_791' title='bbox 1795 5245 1851 5286; x_wconf 92' lang='lat' dir='ltr'><strong>ut</strong></span> <span class='ocrx_word' id='word_1_792' title='bbox 1908 5235 1959 5286; x_wconf 91' lang='lat' dir='ltr'><strong>in</strong></span> <span class='ocrx_word' id='word_1_793' title='bbox 2002 5235 2132 5302; x_wconf 84' lang='lat' dir='ltr'><strong>Reg.</strong></span> 
     </span>
    </p>
   </div>
   <div class='ocr_carea' id='block_1_96' title="bbox 574 5312 2135 5450">
    <p class='ocr_par' dir='ltr' id='par_1_96' title="bbox 574 5312 2135 5450">
     <span class='ocr_line' id='line_1_98' title="bbox 574 5312 2135 5450; baseline -0.018 1"><span class='ocrx_word' id='word_1_794' title='bbox 574 5312 755 5450; x_wconf 48' lang='lat' dir='ltr'><strong>Gygi?)</strong></span> <span class='ocrx_word' id='word_1_795' title='bbox 784 5379 910 5450; x_wconf 12' lang='grc' dir='ltr'>Καὶ,</span> <span class='ocrx_word' id='word_1_796' title='bbox 935 5375 1198 5446; x_wconf 76' lang='grc' dir='ltr'>δέχομαι,</span> <span class='ocrx_word' id='word_1_797' title='bbox 1229 5385 1401 5450; x_wconf 74' lang='lat' dir='ltr'><strong>ctc.__¢_</strong></span> <span class='ocrx_word' id='word_1_798' title='bbox 1437 5376 1512 5429; x_wconf 80' lang='lat' dir='ltr'><strong>Ac</strong></span> <span class='ocrx_word' id='word_1_799' title='bbox 1555 5373 1721 5428; x_wconf 85' lang='lat' dir='ltr'><strong>Deum</strong></span> <span class='ocrx_word' id='word_1_800' title='bbox 1747 5381 1800 5450; x_wconf 79' lang='lat' dir='ltr'><strong>et</strong></span> <span class='ocrx_word' id='word_1_801' title='bbox 1826 5374 2002 5450; x_wconf 64' lang='lat' dir='ltr'><strong>Deum</strong></span> <span class='ocrx_word' id='word_1_802' title='bbox 2041 5370 2135 5425; x_wconf 83' lang='lat' dir='ltr'><strong>ad-</strong></span> 
     </span>
    </p>
   </div>
   <div class='ocr_carea' id='block_1_97' title="bbox 2330 4950 3810 5026">
    <p class='ocr_par' dir='ltr' id='par_1_97' title="bbox 2330 4950 3810 5026">
     <span class='ocr_line' id='line_1_99' title="bbox 2330 4950 3810 5026; baseline 0.007 -22"><span class='ocrx_word' id='word_1_803' title='bbox 2330 4950 2419 5026; x_wconf 80' lang='lat'><strong>63)</strong></span> <span class='ocrx_word' id='word_1_804' title='bbox 2459 4950 2519 5026; x_wconf 73' lang='grc' dir='ltr'><strong>’ρ</strong></span> <span class='ocrx_word' id='word_1_805' title='bbox 2576 4951 2720 5026; x_wconf 56' lang='lat' dir='ltr'><strong>Sed;</strong></span> <span class='ocrx_word' id='word_1_806' title='bbox 2771 4967 2834 5026; x_wconf 66' lang='lat' dir='ltr'><strong>re</strong></span> <span class='ocrx_word' id='word_1_807' title='bbox 2881 4952 3005 5026; x_wconf 59' lang='lat' dir='ltr'><strong>goat.</strong></span> <span class='ocrx_word' id='word_1_808' title='bbox 3065 4951 3253 5026; x_wconf 41' lang='lat' dir='ltr'><strong>Plutles</strong></span> <span class='ocrx_word' id='word_1_809' title='bbox 3303 4953 3469 5026; x_wconf 68' lang='lat' dir='ltr'><strong>Regg.</strong></span> <span class='ocrx_word' id='word_1_810' title='bbox 3517 4968 3573 5012; x_wconf 93' lang='lat' dir='ltr'><strong>et</strong></span> <span class='ocrx_word' id='word_1_811' title='bbox 3620 4958 3810 5026; x_wconf 84' lang='lat' dir='ltr'><strong>Colb.,</strong></span> 
     </span>
    </p>
   </div>
   <div class='ocr_carea' id='block_1_98' title="bbox 2237 5019 3812 5142">
    <p class='ocr_par' dir='ltr' id='par_1_98' title="bbox 2237 5019 3812 5142">
     <span class='ocr_line' id='line_1_100' title="bbox 2237 5019 3812 5142; baseline 0.007 -69"><span class='ocrx_word' id='word_1_812' title='bbox 2237 5019 2370 5142; x_wconf 58' lang='lat'><strong>65?;</strong></span> <span class='ocrx_word' id='word_1_813' title='bbox 2425 5019 2536 5085; x_wconf 78' lang='grc' dir='ltr'>καί,</span> <span class='ocrx_word' id='word_1_814' title='bbox 2604 5019 2826 5087; x_wconf 87' lang='lat' dir='ltr'><strong>abjectis</strong></span> <span class='ocrx_word' id='word_1_815' title='bbox 2870 5022 2899 5073; x_wconf 86' lang='lat'><strong>6</strong></span> <span class='ocrx_word' id='word_1_816' title='bbox 2946 5032 3001 5074; x_wconf 91' lang='lat' dir='ltr'><strong>et</strong></span> <span class='ocrx_word' id='word_1_817' title='bbox 3038 5037 3118 5074; x_wconf 87' lang='grc' dir='ltr'><strong>τε.</strong></span> <span class='ocrx_word' id='word_1_818' title='bbox 3172 5022 3302 5094; x_wconf 87' lang='lat' dir='ltr'><strong>Reg.</strong></span> <span class='ocrx_word' id='word_1_819' title='bbox 3349 5019 3534 5096; x_wconf 38' lang='lat' dir='ltr'><strong>Cypra</strong></span> <span class='ocrx_word' id='word_1_820' title='bbox 3594 5030 3623 5081; x_wconf 91' lang='lat'><strong>6</strong></span> <span class='ocrx_word' id='word_1_821' title='bbox 3669 5019 3812 5096; x_wconf 67' lang='grc' dir='ltr'>Θεὸς</span> 
     </span>
     <span class='ocr_line' id='line_1_101' title="bbox 2238 5107 2348 5142; baseline 0 0"><span class='ocrx_word' id='word_1_822' title='bbox 2238 5107 2310 5142; x_wconf 84' lang='grc' dir='ltr'>κα</span> <span class='ocrx_word' id='word_1_823' title='bbox 2336 5131 2348 5142; x_wconf 92' lang='grc'><strong>.</strong></span> 
     </span>
    </p>
   </div>
   <div class='ocr_carea' id='block_1_99' title="bbox 2238 5107 2348 5145">
    <p class='ocr_par' dir='ltr' id='par_1_99' title="bbox 2238 5107 2348 5145">
     <span class='ocr_line' id='line_1_102' title="bbox 2238 5107 2348 5145; baseline 0.009 -1"><span class='ocrx_word' id='word_1_824' title='bbox 2238 5107 2348 5145; x_wconf 82' lang='grc' dir='ltr'>και.</span> 
     </span>
    </p>
   </div>
   <div class='ocr_carea' id='block_1_100' title="bbox 2312 5156 3810 5235">
    <p class='ocr_par' dir='ltr' id='par_1_100' title="bbox 2312 5156 3810 5235">
     <span class='ocr_line' id='line_1_103' title="bbox 2312 5156 3810 5235; baseline 0.007 -23"><span class='ocrx_word' id='word_1_825' title='bbox 2312 5158 2422 5227; x_wconf 69' lang='grc'>(64)</span> <span class='ocrx_word' id='word_1_826' title='bbox 2453 5160 2521 5214; x_wconf 82' lang='grc' dir='ltr'><strong>’Ἠ</strong></span> <span class='ocrx_word' id='word_1_827' title='bbox 2547 5156 2752 5227; x_wconf 79' lang='grc' dir='ltr'>ζητεῖς.</span> <span class='ocrx_word' id='word_1_828' title='bbox 2811 5156 2943 5227; x_wconf 86' lang='lat' dir='ltr'><strong>Reg.</strong></span> <span class='ocrx_word' id='word_1_829' title='bbox 2994 5156 3179 5229; x_wconf 85' lang='lat' dir='ltr'><strong>Cypr.,</strong></span> <span class='ocrx_word' id='word_1_830' title='bbox 3204 5158 3268 5213; x_wconf 80' lang='grc' dir='ltr'><strong>Εἰ</strong></span> <span class='ocrx_word' id='word_1_831' title='bbox 3289 5161 3345 5215; x_wconf 83' lang='grc' dir='ltr'>δὲ</span> <span class='ocrx_word' id='word_1_832' title='bbox 3371 5163 3571 5234; x_wconf 76' lang='grc' dir='ltr'>ζητεῖςο</span> <span class='ocrx_word' id='word_1_833' title='bbox 3605 5185 3624 5219; x_wconf 74' lang='grc' dir='ltr'><strong>ι</strong></span> <span class='ocrx_word' id='word_1_834' title='bbox 3648 5166 3810 5235; x_wconf 76' lang='lat' dir='ltr'><strong>Quod</strong></span> 
     </span>
    </p>
   </div>
   <div class='ocr_carea' id='block_1_101' title="bbox 2243 5230 2715 5287">
    <p class='ocr_par' dir='ltr' id='par_1_101' title="bbox 2243 5230 2715 5287">
     <span class='ocr_line' id='line_1_104' title="bbox 2243 5230 2715 5287; baseline -0.006 -4"><span class='ocrx_word' id='word_1_835' title='bbox 2243 5230 2286 5283; x_wconf 86' lang='lat' dir='ltr'><strong>si</strong></span> <span class='ocrx_word' id='word_1_836' title='bbox 2322 5243 2527 5287; x_wconf 86' lang='lat' dir='ltr'><strong>rursus.</strong></span> <span class='ocrx_word' id='word_1_837' title='bbox 2557 5245 2574 5278; x_wconf 75' lang='grc' dir='ltr'><strong>ι</strong></span> <span class='ocrx_word' id='word_1_838' title='bbox 2612 5238 2715 5281; x_wconf 89' lang='lat' dir='ltr'><strong>etc.</strong></span> 
     </span>
    </p>
   </div>
   <div class='ocr_carea' id='block_1_102' title="bbox 2316 5294 3307 5364">
    <p class='ocr_par' dir='ltr' id='par_1_102' title="bbox 2316 5294 3307 5364">
     <span class='ocr_line' id='line_1_105' title="bbox 2316 5294 3307 5364; baseline 0.003 -12"><span class='ocrx_word' id='word_1_839' title='bbox 2316 5298 2425 5364; x_wconf 77' lang='lat'>(65)</span> <span class='ocrx_word' id='word_1_840' title='bbox 2470 5298 2544 5350; x_wconf 84' lang='grc' dir='ltr'><strong>Τὰ</strong></span> <span class='ocrx_word' id='word_1_841' title='bbox 2571 5294 2769 5356; x_wconf 80' lang='grc' dir='ltr'>ζῶντα.</span> <span class='ocrx_word' id='word_1_842' title='bbox 2807 5298 2895 5350; x_wconf 90' lang='lat' dir='ltr'><strong>0r.</strong></span> <span class='ocrx_word' id='word_1_843' title='bbox 2942 5299 2993 5363; x_wconf 73' lang='grc'><strong>1,</strong></span> <span class='ocrx_word' id='word_1_844' title='bbox 3026 5299 3118 5353; x_wconf 83' lang='grc' dir='ltr'>τὸν</span> <span class='ocrx_word' id='word_1_845' title='bbox 3157 5300 3307 5355; x_wconf 76' lang='grc' dir='ltr'>ὄντα.</span> 
     </span>
    </p>
   </div>
   <div class='ocr_carea' id='block_1_103' title="bbox 2310 5365 3810 5440">
    <p class='ocr_par' dir='ltr' id='par_1_103' title="bbox 2310 5365 3810 5440">
     <span class='ocr_line' id='line_1_106' title="bbox 2310 5365 3810 5440; baseline 0.007 -18"><span class='ocrx_word' id='word_1_846' title='bbox 2310 5370 2420 5440; x_wconf 84' lang='grc'>(66)</span> <span class='ocrx_word' id='word_1_847' title='bbox 2475 5365 2558 5432; x_wconf 81' lang='grc' dir='ltr'><strong>Τῷ</strong></span> <span class='ocrx_word' id='word_1_848' title='bbox 2592 5367 2773 5435; x_wconf 76' lang='grc' dir='ltr'>λόγῳ.</span> <span class='ocrx_word' id='word_1_849' title='bbox 2814 5385 2833 5419; x_wconf 70' lang='grc' dir='ltr'><strong>ι</strong></span> <span class='ocrx_word' id='word_1_850' title='bbox 2865 5370 3128 5436; x_wconf 81' lang='lat' dir='ltr'><strong>Orationi,</strong></span> <span class='ocrx_word' id='word_1_851' title='bbox 3161 5389 3180 5423; x_wconf 73' lang='grc' dir='ltr'><strong>ι</strong></span> <span class='ocrx_word' id='word_1_852' title='bbox 3240 5373 3291 5426; x_wconf 88' lang='lat' dir='ltr'><strong>id</strong></span> <span class='ocrx_word' id='word_1_853' title='bbox 3335 5380 3436 5435; x_wconf 88' lang='lat' dir='ltr'><strong>est,</strong></span> <span class='ocrx_word' id='word_1_854' title='bbox 3472 5392 3492 5424; x_wconf 72' lang='grc' dir='ltr'><strong>ι</strong></span> <span class='ocrx_word' id='word_1_855' title='bbox 3531 5376 3810 5433; x_wconf 73' lang='lat' dir='ltr'><strong>doctrinae</strong></span> 
     </span>
    </p>
   </div>
   <div class='ocr_carea' id='block_1_104' title="bbox 578 5438 2436 5515">
    <p class='ocr_par' dir='ltr' id='par_1_104' title="bbox 578 5438 2436 5515">
     <span class='ocr_line' id='line_1_107' title="bbox 578 5438 2436 5515; baseline -0.006 -12"><span class='ocrx_word' id='word_1_856' title='bbox 578 5438 807 5504; x_wconf 75' lang='lat' dir='ltr'><strong>mittam.</strong></span> <span class='ocrx_word' id='word_1_857' title='bbox 840 5466 858 5499; x_wconf 71' lang='grc' dir='ltr'><strong>ι</strong></span> <span class='ocrx_word' id='word_1_858' title='bbox 899 5449 954 5500; x_wconf 67' lang='lat' dir='ltr'><strong>lit</strong></span> <span class='ocrx_word' id='word_1_859' title='bbox 982 5438 1090 5509; x_wconf 63' lang='lat' dir='ltr'><strong>est,</strong></span> <span class='ocrx_word' id='word_1_860' title='bbox 1116 5464 1134 5496; x_wconf 78' lang='grc' dir='ltr'><strong>ι</strong></span> <span class='ocrx_word' id='word_1_861' title='bbox 1186 5438 1298 5500; x_wconf 86' lang='lat' dir='ltr'><strong>tam</strong></span> <span class='ocrx_word' id='word_1_862' title='bbox 1349 5445 1520 5509; x_wconf 89' lang='lat' dir='ltr'><strong>illum,</strong></span> <span class='ocrx_word' id='word_1_863' title='bbox 1572 5460 1732 5515; x_wconf 89' lang='lat' dir='ltr'><strong>quam</strong></span> <span class='ocrx_word' id='word_1_864' title='bbox 1774 5445 1937 5506; x_wconf 87' lang='lat' dir='ltr'><strong>hunc,</strong></span> <span class='ocrx_word' id='word_1_865' title='bbox 1969 5442 2133 5496; x_wconf 88' lang='lat' dir='ltr'><strong>Deum</strong></span> <span class='ocrx_word' id='word_1_866' title='bbox 2236 5438 2436 5515; x_wconf 35' lang='grc' dir='ltr'>ωειλ)</span> 
     </span>
    </p>
   </div>
   <div class='ocr_carea' id='block_1_105' title="bbox 486 5519 938 5573">
    <p class='ocr_par' dir='ltr' id='par_1_105' title="bbox 486 5519 938 5573">
     <span class='ocr_line' id='line_1_108' title="bbox 486 5519 938 5573; baseline -0.009 0"><span class='ocrx_word' id='word_1_867' title='bbox 486 5526 491 5531; x_wconf 77' lang='grc'><strong>⁷</strong></span> <span class='ocrx_word' id='word_1_868' title='bbox 576 5519 874 5573; x_wconf 85' lang='lat' dir='ltr'><strong>admittam.</strong></span> <span class='ocrx_word' id='word_1_869' title='bbox 920 5536 938 5569; x_wconf 72' lang='grc' dir='ltr'><strong>ι</strong></span> 
     </span>
    </p>
   </div>
   <div class='ocr_carea' id='block_1_106' title="bbox 645 5577 2137 5657">
    <p class='ocr_par' dir='ltr' id='par_1_106' title="bbox 645 5577 2137 5657">
     <span class='ocr_line' id='line_1_109' title="bbox 645 5577 2137 5657; baseline -0.006 -17"><span class='ocrx_word' id='word_1_870' title='bbox 645 5586 758 5657; x_wconf 75' lang='lat'><strong>(62)</strong></span> <span class='ocrx_word' id='word_1_871' title='bbox 788 5588 894 5640; x_wconf 76' lang='grc' dir='ltr'><strong>Καὶ</strong></span> <span class='ocrx_word' id='word_1_872' title='bbox 918 5587 1107 5651; x_wconf 81' lang='grc' dir='ltr'>δώσω,</span> <span class='ocrx_word' id='word_1_873' title='bbox 1136 5595 1245 5657; x_wconf 89' lang='lat' dir='ltr'><strong>etc.</strong></span> <span class='ocrx_word' id='word_1_874' title='bbox 1283 5603 1301 5635; x_wconf 72' lang='lat' dir='ltr'><strong>c</strong></span> <span class='ocrx_word' id='word_1_875' title='bbox 1339 5584 1404 5639; x_wconf 84' lang='lat' dir='ltr'><strong>Et</strong></span> <span class='ocrx_word' id='word_1_876' title='bbox 1434 5584 1579 5657; x_wconf 77' lang='lat' dir='ltr'><strong>dabo</strong></span> <span class='ocrx_word' id='word_1_877' title='bbox 1609 5584 1702 5657; x_wconf 83' lang='lat' dir='ltr'><strong>tibi</strong></span> <span class='ocrx_word' id='word_1_878' title='bbox 1740 5580 1982 5638; x_wconf 88' lang='lat' dir='ltr'><strong>eamdem</strong></span> <span class='ocrx_word' id='word_1_879' title='bbox 2015 5577 2137 5632; x_wconf 86' lang='lat' dir='ltr'><strong>Tri-</strong></span> 
     </span>
    </p>
   </div>
   <div class='ocr_carea' id='block_1_107' title="bbox 578 5654 2138 5726">
    <p class='ocr_par' dir='ltr' id='par_1_107' title="bbox 578 5654 2138 5726">
     <span class='ocr_line' id='line_1_110' title="bbox 578 5654 2138 5726; baseline -0.006 -13"><span class='ocrx_word' id='word_1_880' title='bbox 578 5654 824 5722; x_wconf 82' lang='lat' dir='ltr'><strong>nitatem,</strong></span> <span class='ocrx_word' id='word_1_881' title='bbox 851 5673 968 5726; x_wconf 75' lang='lat' dir='ltr'><strong>qua:</strong></span> <span class='ocrx_word' id='word_1_882' title='bbox 993 5660 1056 5712; x_wconf 85' lang='lat' dir='ltr'><strong>iis</strong></span> <span class='ocrx_word' id='word_1_883' title='bbox 1070 5656 1276 5713; x_wconf 90' lang='lat' dir='ltr'><strong>scilicet</strong></span> <span class='ocrx_word' id='word_1_884' title='bbox 1302 5654 1607 5711; x_wconf 88' lang='lat' dir='ltr'><strong>nominibus</strong></span> <span class='ocrx_word' id='word_1_885' title='bbox 1631 5654 1894 5722; x_wconf 83' lang='lat' dir='ltr'><strong>rebusque</strong></span> <span class='ocrx_word' id='word_1_886' title='bbox 1917 5664 2138 5719; x_wconf 78' lang='lat' dir='ltr'><strong>respon—</strong></span> 
     </span>
    </p>
   </div>
   <div class='ocr_carea' id='block_1_108' title="bbox 576 5730 777 5782">
    <p class='ocr_par' dir='ltr' id='par_1_108' title="bbox 576 5730 777 5782">
     <span class='ocr_line' id='line_1_111' title="bbox 576 5730 777 5782; baseline -0.025 0"><span class='ocrx_word' id='word_1_887' title='bbox 576 5730 718 5782; x_wconf 65' lang='grc' dir='ltr'>δεδι.</span> <span class='ocrx_word' id='word_1_888' title='bbox 760 5745 777 5777; x_wconf 78' lang='grc' dir='ltr'><strong>ι</strong></span> 
     </span>
    </p>
   </div>
   <div class='ocr_carea' id='block_1_109' title="bbox 2310 5478 3811 5580">
    <p class='ocr_par' dir='ltr' id='par_1_109' title="bbox 2310 5478 3811 5580">
     <span class='ocr_line' id='line_1_112' title="bbox 2310 5478 3811 5580; baseline 0.005 -18"><span class='ocrx_word' id='word_1_889' title='bbox 2477 5506 2576 5580; x_wconf 78' lang='grc' dir='ltr'><strong>Ἐξ</strong></span> <span class='ocrx_word' id='word_1_890' title='bbox 2604 5503 2819 5572; x_wconf 80' lang='grc' dir='ltr'>ἐτέρων</span> <span class='ocrx_word' id='word_1_891' title='bbox 2845 5506 3034 5580; x_wconf 68' lang='grc' dir='ltr'>ἕτερα.</span> <span class='ocrx_word' id='word_1_892' title='bbox 3070 5478 3095 5559; x_wconf 74' lang='grc' dir='ltr'><strong>Δι</strong></span> <span class='ocrx_word' id='word_1_893' title='bbox 3134 5509 3210 5563; x_wconf 80' lang='lat' dir='ltr'><strong>Ex</strong></span> <span class='ocrx_word' id='word_1_894' title='bbox 3246 5509 3471 5566; x_wconf 88' lang='lat' dir='ltr'><strong>diversis</strong></span> <span class='ocrx_word' id='word_1_895' title='bbox 3506 5512 3745 5580; x_wconf 85' lang='lat' dir='ltr'><strong>diversa,</strong></span> <span class='ocrx_word' id='word_1_896' title='bbox 3784 5532 3811 5569; x_wconf 76' lang='grc' dir='ltr'><strong>ι</strong></span> 
     </span>
    </p>
   </div>
   <div class='ocr_carea' id='block_1_110' title="bbox 2240 5576 3386 5647">
    <p class='ocr_par' dir='ltr' id='par_1_110' title="bbox 2240 5576 3386 5647">
     <span class='ocr_line' id='line_1_113' title="bbox 2240 5576 3386 5647; baseline -0.001 -15"><span class='ocrx_word' id='word_1_897' title='bbox 2240 5591 2300 5633; x_wconf 90' lang='lat' dir='ltr'><strong>ut</strong></span> <span class='ocrx_word' id='word_1_898' title='bbox 2321 5576 2413 5647; x_wconf 57' lang='grc' dir='ltr'>ἐκ</span> <span class='ocrx_word' id='word_1_899' title='bbox 2433 5579 2583 5647; x_wconf 81' lang='lat' dir='ltr'><strong>asino</strong></span> <span class='ocrx_word' id='word_1_900' title='bbox 2611 5584 2690 5647; x_wconf 68' lang='grc' dir='ltr'><strong>Δει</strong></span> <span class='ocrx_word' id='word_1_901' title='bbox 2716 5588 2852 5642; x_wconf 89' lang='lat' dir='ltr'><strong>equa</strong></span> <span class='ocrx_word' id='word_1_902' title='bbox 2884 5576 3013 5647; x_wconf 74' lang='lat' dir='ltr'><strong>muli</strong></span> <span class='ocrx_word' id='word_1_903' title='bbox 3042 5590 3386 5647; x_wconf 88' lang='lat' dir='ltr'><strong>generantur.</strong></span> 
     </span>
    </p>
   </div>
   <div class='ocr_carea' id='block_1_111' title="bbox 2313 5644 3813 5719">
    <p class='ocr_par' dir='ltr' id='par_1_111' title="bbox 2313 5644 3813 5719">
     <span class='ocr_line' id='line_1_114' title="bbox 2313 5644 3813 5719; baseline 0.006 -22"><span class='ocrx_word' id='word_1_904' title='bbox 2313 5646 2529 5719; x_wconf 73' lang='lat' dir='ltr'><strong>(68)__El</strong></span> <span class='ocrx_word' id='word_1_905' title='bbox 2557 5644 2623 5719; x_wconf 64' lang='grc' dir='ltr'>δέ</span> <span class='ocrx_word' id='word_1_906' title='bbox 2664 5659 2775 5719; x_wconf 67' lang='grc' dir='ltr'><strong>τῳ,</strong></span> <span class='ocrx_word' id='word_1_907' title='bbox 2790 5656 2893 5700; x_wconf 88' lang='lat' dir='ltr'><strong>etc.</strong></span> <span class='ocrx_word' id='word_1_908' title='bbox 2925 5644 3025 5719; x_wconf 25' lang='lat' dir='ltr'><strong>‘Sic</strong></span> <span class='ocrx_word' id='word_1_909' title='bbox 3046 5644 3240 5717; x_wconf 55' lang='lat' dir='ltr'><strong>&#39;plures</strong></span> <span class='ocrx_word' id='word_1_910' title='bbox 3273 5648 3429 5719; x_wconf 72' lang='lat' dir='ltr'><strong>codd.</strong></span> <span class='ocrx_word' id='word_1_911' title='bbox 3454 5648 3510 5704; x_wconf 87' lang='lat' dir='ltr'><strong>In</strong></span> <span class='ocrx_word' id='word_1_912' title='bbox 3554 5651 3666 5719; x_wconf 90' lang='lat' dir='ltr'><strong>ed.,</strong></span> <span class='ocrx_word' id='word_1_913' title='bbox 3722 5651 3813 5706; x_wconf 76' lang='grc' dir='ltr'>εί-</span> 
     </span>
    </p>
   </div>
   <div class='ocr_carea' id='block_1_112' title="bbox 2241 5714 3498 5785">
    <p class='ocr_par' dir='ltr' id='par_1_112' title="bbox 2241 5714 3498 5785">
     <span class='ocr_line' id='line_1_115' title="bbox 2241 5714 3498 5785; baseline 0.002 -15"><span class='ocrx_word' id='word_1_914' title='bbox 2241 5714 2401 5771; x_wconf 83' lang='grc' dir='ltr'>δέτω.</span> <span class='ocrx_word' id='word_1_915' title='bbox 2427 5715 2520 5771; x_wconf 87' lang='lat' dir='ltr'><strong>llic</strong></span> <span class='ocrx_word' id='word_1_916' title='bbox 2557 5714 2845 5785; x_wconf 86' lang='lat' dir='ltr'><strong>Gregorius</strong></span> <span class='ocrx_word' id='word_1_917' title='bbox 2872 5716 2936 5771; x_wconf 89' lang='lat' dir='ltr'><strong>ad</strong></span> <span class='ocrx_word' id='word_1_918' title='bbox 2969 5714 3267 5785; x_wconf 65' lang='lat' dir='ltr'><strong>phdauicem</strong></span> <span class='ocrx_word' id='word_1_919' title='bbox 3294 5718 3498 5775; x_wconf 87' lang='lat' dir='ltr'><strong>alludit.</strong></span> 
     </span>
    </p>
   </div>
  </div>
