4038 6338
265 341 367 397 its
1283 340 1543 397 ORATIO
1582 340 1771 396 χχιιι.
1816 306 1884 382 ὲ
1924 342 2363 402 THEOLOGICA
2398 348 2450 401 v.
3400 354 3499 409 tto

258 454 498 524 φοτέρων
522 452 789 524 γέννημα.
818 448 944 523 Ἆρ’
974 448 1067 507 οὖν
1100 454 1292 507 ταυτόν
1315 454 1425 525 (69)
1459 472 1539 508 σοι
1584 455 1832 525 φαίνεται
1862 495 1874 520 λ

1977 474 2041 513 ue
2099 460 2342 516 soboles.
2375 461 2594 517 idemne
2627 476 2788 531 porro
2814 462 2906 517 tibi
2954 476 3072 517 esse
3107 462 3376 530 vulentur,
3408 470 3503 535 tig-

260 548 505 616 πλάσμα,
534 547 628 599 καὶ
655 545 868 616 τμῆμα,
898 547 993 600 καὶ
1029 546 1306 617 γέννημα;
1341 548 1463 610 Πῶς
1485 547 1578 613 ob;
1617 548 1837 619 Ὀμοού-

1977 561 2204 617 lentum,
2230 563 2587 625 segmentum,
2605 564 2658 609 ει
2673 553 2915 609 soboles?
2938 553 3172 621 Quidni?
3198 554 3329 624 Age,
3355 555 3502 623 ejus-

260 656 354 693 σια
391 639 448 692 δὲ
492 638 686 702 ταῦτα,
726 636 760 709 ἢ
794 638 882 703 τίς
936 638 1062 702 Πῶς
1109 638 1152 691 δ’
1195 637 1293 717 op;
1348 639 1700 710 Ὠμολόγηται
1744 636 1837 694 οὖν

1977 657 2129 697 ειηιιε
2158 643 2273 698 haec
2313 645 2561 700 essentia;
2592 645 2732 699 inter
2760 659 2819 700 se
2851 654 2994 709 sunt,
3037 660 3102 699 an
3142 644 3300 716 563
3329 646 3505 700 diver-

260 733 355 786 καὶ
390 732 459 784 τὰ
500 731 771 801 διαφόρως
828 730 1142 783 ὑποστάντα
1182 729 1292 800 (70)
1333 730 1433 800 τῆς
1486 731 1654 800 αὐτῆς
1697 727 1835 784 εἶναι

1977 733 2050 787 ae?
2082 733 2355 801 Ejusdem.
2393 735 2452 789 In
2480 736 2729 790 confesso
2769 735 2930 805 igitur
2967 743 3069 802 est,
3100 744 3181 800 ut,
3212 750 3332 805 quae
3357 737 3505 791 varie

259 821 447 883 οὐσίας
478 819 803 889 ἐνδέχεσθαι.
833 819 990 885 Λέγω
1017 818 1073 871 δὲ
1102 820 1297 883 ταῦτα,
1331 820 1432 873 οὐκ
1465 821 1556 874 ἐπὶ
1592 819 1691 891 τὴν
1729 819 1839 873 Θεό-

1977 826 2231 891 xsistunt,
2265 828 2510 881 eamdem
2541 834 2719 880 tamen
2749 828 3037 882 essentiam
3088 826 3339 882 habeant.
3397 824 3507 882 Nec

260 930 402 984 τητα
440 912 621 983 φέρων
658 911 757 983 τὴν
786 910 1003 976 πλάσιν,
1029 910 1061 981 ἢ
1102 910 1199 980 τὴν
1228 911 1420 981 τομὴν,
1451 912 1484 981 ἦ
1515 928 1566 963 τι
1603 910 1709 964 τῶν
1738 912 1837 964 ὅσα

1977 929 2065 969 ero
2098 916 2209 970 haec
2257 930 2322 970 eo
2352 931 2381 970 a
2435 930 2521 970 me
2571 916 2842 980 dicuntur,
2891 917 3032 984 quod
3065 916 3358 981 ﬁctionem,
3415 925 3510 971 aut

266 1002 513 1073 σώματος
536 1003 634 1072 (μή
671 1003 758 1072 μοί
785 1019 866 1065 τις
902 1002 1215 1070 ἐτειφυέσθω
1260 1002 1423 1056 πάλιν
1457 1002 1565 1055 τῶν
1608 1003 1838 1074 λογομά-

1977 1006 2253 1071 cctiouem,
2286 1014 2380 1059 aut
2439 1004 2640 1075 aliquid
2690 1005 2832 1060 aliud
2874 1020 2939 1059 ex
2971 1005 3077 1071 his,
3125 1020 3241 1074 qua:
3268 1006 3509 1074 corporis

264 1094 427 1164 χων),
464 1094 558 1146 ἐπὶ
598 1093 654 1146 δὲ
702 1093 903 1145 τούτων
947 1091 1186 1163 θεωρῶν,
1237 1092 1312 1156 ὡς
1356 1094 1448 1145 ἐπὶ
1495 1093 1719 1161 σκηνῆς,
1774 1094 1839 1147 τὰ

1978 1103 2128 1148 atura
2168 1094 2292 1161 fert,
2352 1096 2405 1149 in
2459 1097 2792 1151 divinitatem
2848 1094 3120 1151 conferam
3166 1106 3300 1165 (nec
3362 1097 3506 1149 enim

264 1182 549 1252 νοούμενα.
579 1181 713 1234 Οὐδὲ
760 1181 866 1253 γὰρ
895 1176 1005 1234 οἶόν
1047 1197 1105 1233 τε
1137 1181 1245 1235 τῶν
1289 1181 1653 1252 εἰκαζομένων
1688 1182 1838 1235 οὐδὲν

1977 1187 2071 1241 tibi
2102 1203 2288 1243 rursus
2312 1203 2524 1257 pugnax
2549 1188 2813 1259 quispiam
2842 1196 3122 1259 argutator
3145 1187 3397 1242 insidiose
3417 1189 3512 1241 im-

268 1275 405 1345 πρὸς
438 1272 615 1326 πᾶσαν
659 1272 983 1339 ἐξικνεῖσθαι
1013 1272 1265 1345 καθαρῶς
1297 1273 1394 1343 τὴν
1427 1273 1703 1345 ἀλήθειαν.
1732 1273 1840 1326 Καὶ

1977 1278 2141 1333 liueat
2161 1279 2202 1347 ),
2234 1281 2327 1334 sed
2363 1292 2422 1333 ut
2454 1281 2504 1333 in
2540 1281 2623 1334 his
2650 1281 2810 1335 rebus
2828 1294 2911 1346 ea,
2937 1279 3081 1335 velut
3108 1279 3160 1334 in
3190 1294 3370 1342 scena,
3392 1292 3513 1346 spe-

265 1364 319 1416 τί
350 1362 546 1427 ταῦτα,
582 1364 773 1433 φασίν;
805 1363 877 1415 υύ
907 1364 1015 1432 γὰρ
1043 1362 1137 1415 τοῦ
1170 1363 1307 1426 ἑνὸς,
1347 1362 1407 1415 τὸ
1439 1362 1536 1432 μὲν
1572 1363 1838 1432 γέννημα,

1978 1376 2101 1429 tem,
2133 1383 2255 1436 qua:
2282 1384 2387 1423 non
2434 1369 2534 1423 nisi
2585 1368 2858 1424 intellectu
2900 1369 3287 1439 percipiuntur.
3337 1366 3515 1435 Neque

268 1456 331 1507 τὸ
357 1455 415 1507 δὲ
442 1454 569 1508 ἄλλο
596 1472 669 1509 τι.
717 1454 779 1506 Τί
814 1450 936 1520 οὖνς
980 1454 1044 1508 Ἥ
1094 1448 1205 1507 Εὗα
1242 1455 1335 1506 καὶ
1363 1454 1390 1505 ὁ
1423 1453 1551 1523 Σὴθ,
1584 1452 1705 1522 οὐχ).
1749 1451 1841 1505 τοῦ

1977 1459 2082 1512 nim
2121 1458 2235 1513 ﬁeri
2269 1469 2463 1528 potest,
2492 1471 2550 1515 ut
2599 1462 2772 1531 imago
2825 1461 2932 1515 ulla
2981 1469 3036 1515 et
3081 1459 3391 1522 similitudo,
3438 1456 3514 1510 rei

269 1547 438 1601 αὑτοῦ
475 1547 571 1600 τοῦ
612 1546 811 1617 Ἀδάμ;
842 1546 997 1611 Τίνος
1030 1547 1139 1619 γὰρ
1179 1546 1375 1609 (inoo;
1413 1541 1486 1597 Ἦ
1534 1546 1627 1597 καὶ
1667 1544 1843 1615 ἀμφό-

1979 1549 2226 1604 eritatcm
2259 1546 2415 1618 plane
2443 1550 2785 1621 perfecthue
2804 1563 3139 1619 assequatur.
3176 1548 3280 1604 Sed
3302 1550 3509 1618 dicunt,

269 1657 418 1712 τεροι
444 1641 603 1710 γεννή
614 1656 784 1711 ματα;
805 1639 1087 1710 Οὐδαμῶς.
1124 1638 1281 1693 Ἀλλὰ
1303 1640 1384 1703 τίς
1412 1638 1484 1691 Τὸ
1513 1637 1607 1708 μὲν
1629 1638 1842 1708 τμῆμα,

1983 1655 2202 1694 uorsum
2236 1641 2387 1697 hzec?
2422 1642 2532 1698 Nec
2578 1645 2722 1697 enim
2777 1644 2934 1698 unius
2983 1643 3353 1713 ejusdemque,
3384 1646 3520 1701 alter

271 1733 336 1784 τὸ
364 1733 423 1785 δὲ
453 1731 727 1801 γέννημα⁸
754 1732 847 1784 καὶ
884 1730 988 1801 μὴν
1015 1731 1311 1801 ἀμφότεροι
1344 1728 1536 1781 ταυτὸν
1565 1727 1840 1798 ἀλλήλοις*

1977 1732 2134 1793 ‘ilius,
2170 1731 2304 1787 alter
2347 1733 2490 1787 aliud
2540 1734 2853 1803 quidquam.
2900 1733 3035 1800 Quid
3085 1734 3280 1803 igitur?
3325 1735 3431 1789 Eva
3466 1748 3522 1792 et

273 1824 549 1893 ἄνθρωποι
581 1823 687 1893 γάρ
706 1841 721 1852 ·
748 1823 923 1885 οὐδεὶς
952 1824 1187 1891 ἀντερεῖ.
1227 1820 1416 1892 Παύσῃ
1456 1819 1566 1889 (71)
1595 1812 1685 1871 οὖν
1717 1818 1849 1869 ἀπο-

1977 1823 2106 1888 ieth,
2138 1837 2317 1878 nonne
2349 1839 2411 1878 ex
2443 1826 2629 1879 eodem
2662 1826 2865 1879 Adamn
2921 1826 3084 1879 sunt?
3114 1826 3187 1881 Ex
3242 1842 3347 1897 quo
3377 1829 3519 1883 enim

279 1912 587 1983 μαχόμενος
637 1912 747 1981 (72)
802 1911 938 1983 πρὸς
983 1912 1044 1965 τὸ
1090 1910 1350 1980 Πνεῦβι,
1400 1908 1547 1979 ὼςῆ
1603 1906 1850 1975 γέννημα

1977 1912 2101 1967 ilio?
2134 1913 2326 1969 Utrum
2363 1922 2538 1969 autem
2572 1916 2728 1969 ambo
2748 1930 2810 1970 ex
2831 1930 2895 1969 eo
2912 1915 3077 1985 geniti
3094 1926 3219 1970 sunt
3239 1918 3260 1970 ?
3279 1916 3520 1972 Minime.

277 2004 520 2067 πάντως,
546 2003 578 2071 ἦ
620 2002 692 2074 μὴ
720 2003 1024 2073 ὁμοούσιον,
1055 2001 1187 2073 μηδὲ
1210 2000 1361 2065 Θεὸν,
1401 2000 1494 2053 καὶ
1523 2001 1587 2051 ὲκ
1621 1996 1729 2050 τῶν
1759 1996 1852 2049 ἀν-

1977 2004 2095 2071 )υἱά
2148 2006 2313 2075 ergo?
2372 2006 2551 2059 Altera
2600 2017 2933 2075 segmentum
2986 2016 3104 2071 est,
3155 2007 3290 2061 alter
3338 2009 3518 2063 ﬁlius:

279 2096 566 2181 θρωπίνων
603 2095 663 2148 τὸ
699 2095 919 2148 δυνατὸν
964 2092 1146 2147 λαϐὼν
1178 2094 1277 2163 τῆς
1326 2091 1598 2163 ἡμετέρας
1648 2084 1851 2159 ὑπολήο-

1977 2094 2291 2164 itquiambo
2338 2097 2477 2150 inter
2534 2112 2591 2151 se
2647 2098 2784 2151 idem
2836 2108 2998 2152 sunt:
3041 2097 3285 2154 homines
3327 2100 3470 2154 enim
3504 2118 3522 2155 :

276 2180 461 2259 ψεωςς
499 2187 641 2256 Ἐγὼ
696 2187 795 2257 μὲν
852 2182 1004 2255 οἶμαι
1068 2203 1149 2239 σοι
1198 2185 1311 2253 (75)
1375 2182 1551 2245 καλῶς
1596 2180 1762 2251 ἔχειν,
1806 2181 1854 2232 εί

1977 2199 2126 2241 ιειιιο
2169 2196 2253 2241 est
2287 2187 2378 2256 qui
2421 2188 2709 2242 inlicietur.
2742 2188 3030 2243 Desinesne
3064 2189 3221 2259 igitur
3270 2191 3526 2246 adversus

286 2282 361 2352 μὴ
391 2281 513 2333 λίαν
542 2280 787 2350 ἔγνωκας
816 2280 1161 2348 φιλονεικεῖν,
1193 2275 1289 2330 καὶ
1321 2273 1455 2346 πρὸς
1485 2273 1552 2327 τὰ
1592 2272 1726 2343 δῆλα
1756 2271 1857 2342 μά-

282 2371 496 2442 χεσθαι.

1965 2276 2228 2346 Spiritum
2258 2278 2538 2343 dimicare,
2569 2280 2721 2347 quasi
2755 2280 3002 2335 videlicet
3022 2291 3111 2334 aut
3143 2282 3351 2351 genitus
3406 2297 3524 2336 om-

1963 2368 2091 2421 nino
2116 2369 2349 2448 sit,.aut
2389 2370 2863 2426 consubstantialis
2902 2387 3007 2427 non
3049 2373 3154 2437 sit,
3214 2388 3311 2428 nec
3366 2373 3525 2437 Deus,

302 2467 602 2534 praesertim
634 2481 755 2521 cum
787 2481 850 2520 ex
880 2465 1111 2520 humana
1170 2477 1386 2533 quoque
1444 2461 1797 2517 similitudine
1852 2461 2175 2517 sententiam
2233 2473 2471 2519 nostram
2525 2466 2937 2537 haudquaquam
2994 2467 3374 2537 impossibilem
3412 2483 3531 2522 esse

288 2561 666 2618 intellexeris?
704 2560 964 2631 Equidem
997 2560 1089 2614 tibi
1114 2560 1224 2630 jam
1248 2558 1384 2614 belle
1416 2571 1537 2614 esse
1565 2556 1815 2611 existimo
1845 2594 1861 2619 ,
1924 2555 2025 2611 nisi
2062 2557 2414 2627 pervicaciter
2484 2562 2769 2617 admodum
2815 2564 3164 2624 contendere,
3210 2559 3533 2615 manifestis-

288 2673 395 2729 que
435 2658 596 2712 rebus
645 2655 908 2711 obluctari
936 2654 1262 2710 decreveris.

360 2752 461 2808 IB'.
512 2751 674 2805 Ἀλλὰ
711 2750 794 2815 τίς
826 2750 1202 2821 προσεκύνησε
1230 2748 1308 2819 τῷ
1345 2747 1643 2819 Πνεύματι,
1669 2748 1863 2818 φησίν;

288 2843 375 2907 τίς
414 2844 446 2913 ἢ
488 2842 597 2895 τῶν
627 2842 896 2906 παλαιῶν,
933 2841 966 2911 ἢ
1016 2839 1124 2893 τῶν
1172 2839 1343 2905 νέων;
1388 2837 1470 2901 τίς
1513 2837 1571 2890 δὲ
1625 2837 1867 2909 προσηύ-

293 2938 454 3002 garo;
494 2934 599 2987 ποῦ
634 2933 722 2986 δαὶ
775 2932 886 3003 (74)
919 2932 979 2985 τὸ
1028 2932 1222 3002 χρῆναι
1261 2931 1583 3001 προσκυνεῖν
1620 2930 1652 2999 ἢ
1708 2946 1874 2999 προσ-

295 3025 554 3097 εύχεσθαι
620 3024 927 3095 γέγραπται
973 3038 987 3087 ;

2038 2742 2153 2799 Xll.
2194 2742 2300 2797 Sed
2330 2741 2471 2812 quis,
2506 2740 2741 2809 inquies,
2782 2740 3037 2808 Spiritum
3071 2744 3347 2797 adoravit?
3379 2743 3532 2811 Quis,

1971 2836 2053 2890 vel
2089 2845 2350 2897 veterum,
2386 2833 2466 2887 vel
2501 2831 2833 2886 recentium?
2863 2832 2992 2898 Quis
3020 2848 3141 2887 eum
3187 2834 3397 2887 oravit?
3423 2835 3539 2900 Quo

1975 2926 2266 2995 Scriptura:
2292 2923 2409 2979 loco
2442 2937 2563 2978 eum
2590 2922 2923 2978 adorandum
2963 2932 3055 2976 aut
3099 2925 3360 2978 orandum
3420 2940 3540 2981 esse

1056 3022 1150 3074 καὶ
1243 3018 1405 3073 πόθεν
1462 3019 1619 3074 τοῦτο
1694 3018 1871 3072 λαϐὼν

1977 3017 2246 3088 proditum
2280 3016 2405 3071 est?
2455 3012 2608 3070 Unde
2654 3014 2757 3070 hoc
2798 3014 3058 3069 hausisti?
3089 3014 3196 3070 Nos
3244 3016 3403 3085 hujus
3463 3017 3540 3070 rei

293 3118 484 3189 ἕχεις;
549 3115 660 3186 Τὴν
728 3114 827 3185 μὲν
892 3112 1227 3183 τελεωτέραν
1288 3111 1465 3164 αἰτίαν
1526 3110 1872 3181 ἀποδώσομεν

1977 3107 2268 3178 pleniorem
2320 3120 2538 3161 causam
2584 3114 2766 3174 pcatea
2820 3105 3133 3168 reddemus,
3164 3120 3283 3158 cum
3338 3107 3404 3160 de
3436 3121 3541 3160 non

295 3210 546 3280 ὕστερον,
584 3208 747 3279 ἡνίκα
778 3206 843 3261 ἂν
878 3206 1006 3276 περὶ
1042 3204 1135 3257 τοῦ
1182 3203 1430 3273 ἀγράφου
1460 3201 1833 3273 διαλεγώμεθα
1857 3220 1869 3232 ο

296 3300 395 3356 νῦν
418 3301 475 3353 δὲ
513 3299 765 3353 τοσοῦτον
799 3299 972 3350 εἰπεῖν
1013 3295 1324 3366 ἐξαρκέσειο
1358 3293 1431 3346 Τὸ
1473 3292 1695 3363 Πνεῦμα
1732 3295 1876 3345 ἐστιν

299 3395 358 3448 ὲν
378 3386 424 3460 ᾧ
450 3390 882 3465 προσκυνοῦμεν,
906 3388 1000 3441 καὶ
1018 3387 1083 3439 δι’
1105 3379 1164 3439 οὗ
1188 3385 1615 3458 προσευχόμεθα.
1639 3385 1879 3454 Πνεῦμα

300 3486 435 3556 τὰρ,
466 3485 652 3555 φησιν,
684 3486 718 3537 ὁ
753 3482 917 3548 Θεὸς,
951 3480 1049 3533 καὶ
1081 3478 1222 3544 τοὺς
1254 3475 1747 3547 προσκυνοῦντας
1783 3477 1880 3529 αὺ-

303 3580 431 3642 τὸν,
469 3578 541 3631 ἐν
588 3576 886 3644 Πνεύματι
919 3573 1017 3626 καὶ
1058 3571 1307 3638 ἀληθείᾳ
1345 3569 1439 3623 δεῖ
1475 3568 1879 3638 προσκυνεῖν

306 3671 398 3723 καὶ
437 3668 635 3722 πάλιν·
691 3666 762 3719 Τὸ
803 3665 914 3734 γὰρ
947 3663 1004 3717 τι
1046 3659 1514 3730 προσευξόμεθα,
1552 3659 1678 3714 καθ’
1708 3658 1739 3711 ὃ
1772 3656 1879 3722 δεῖ,

306 3762 417 3813 οὐκ
453 3757 726 3825 οἴδαμεν,
772 3755 909 3809 ἀλλ’
952 3752 1098 3807 αὐτὸ
1132 3751 1196 3805 τὸ
1245 3750 1486 3819 Πνεῦμα
1524 3753 1882 3819 ὑπερεντυγ-

309 3850 478 3920 χάνει
530 3849 644 3919 (75)
692 3846 845 3915 ὑπὲρ
900 3844 1070 3915 ἡμῶν
1116 3842 1470 3913 στεναγμοῖς
1518 3842 1879 3908 ἀλαλήτοις*

1978 3200 2196 3269 scriptis
2226 3200 2567 3267 dogmatibus
2605 3197 2953 3251 disxereuuts.
2986 3196 3137 3251 Nunc
3171 3211 3298 3251 vero
3341 3198 3441 3252 hoc
3463 3199 3544 3251 di-

1979 3305 2104 3345 cere
2133 3289 2378 3345 suﬂiciet.
2404 3288 2636 3357 Spiritus
2662 3297 2767 3352 est,
2804 3290 2853 3342 in
2885 3302 2991 3355 quo
3037 3289 3342 3353 adoramus,
3371 3296 3424 3342 et
3452 3301 3547 3355 per

1981 3394 2138 3449 quem
2169 3393 2409 3434 oramus.
2448 3377 2679 3445 Spiritus
2700 3378 2857 3439 enim,
2885 3378 3077 3445 inquit,
3096 3385 3170 3430 est
3200 3375 3375 3429 Deus:
3397 3386 3549 3445 atque

1981 3485 2086 3533 eos,
2129 3470 2218 3539 qui
2243 3469 2411 3537 ipsum
2444 3468 2696 3532 adorant,
2722 3470 2776 3520 in
2813 3465 3011 3534 Spiritu
3043 3478 3089 3520 et
3128 3466 3342 3521 veritate
3393 3481 3549 3533 opor-

1984 3570 2050 3615 tet
2078 3560 2302 3613 adorare
2331 3559 2397 3611 ’³.
2426 3558 2502 3612 Ac
2530 3571 2720 3611 rursus
2739 3598 2753 3623 ,
2787 3557 2924 3622 Quid
2952 3557 3089 3609 enim
3111 3571 3336 3618 oremus,
3370 3570 3551 3624 quem-

1983 3652 2267 3705 admodum
2318 3659 2540 3719 oportet,
2599 3650 2876 3702 nescimus.
2923 3646 3025 3702 Sed
3085 3646 3314 3712 Spiritus
3342 3646 3446 3713 ipse
3472 3647 3555 3700 in-

1986 3738 2326 3804 terpellatpro
2346 3737 2488 3789 nobis
2505 3737 2780 3805 gemitibus
2798 3733 3237 3789 inenarrabilibus
3268 3732 3333 3790 ³ο.
3357 3732 3422 3812 Et
3447 3732 3553 3786 alio

1986 3830 2142 3885 loco:
2180 3828 2356 3884 θναὺο
2402 3826 2622 3898 Spiritu,
2672 3829 2830 3882 orabo
2867 3838 2912 3881 et
2945 3836 3110 3881 mente
3163 3825 3230 3890 ³¹,
3276 3826 3327 3879 id
3360 3835 3463 3888 est,
3501 3823 3553 3876 in

312 3915 428 4002 ιξαὶ,
462 3915 881 4004 Προσεύξομαι
916 3934 995 3999 τῷ
1028 3936 1343 4003 Πνεύματι,
1386 3933 1785 4003 προσεύξομαι
1818 3931 1874 3985 δὲ

1988 3929 2166 3974 mente
2196 3926 2251 3972 et
2284 3917 2509 3987 Spiritu.
2542 3918 2680 3987 Ergo
2720 3916 2922 3987 Spiritu
2968 3916 3213 3980 adorare,
3251 3915 3332 3967 vel
3376 3927 3554 3976 orare,

315 4028 415 4081 καὶ
452 4026 532 4093 τῷ
562 4028 689 4081 νοΐ’
728 4025 873 4078 τοῦτ’
924 4024 1090 4090 ἔστιν,
1137 4025 1195 4077 ἐν
1222 4022 1302 4077 νοῒ
1348 4024 1441 4077 καὶ
1478 4023 1776 4095 Πνεύματι.
1815 4025 1874 4078 Ti

1988 4011 2119 4066 mihi
2152 4011 2283 4065 nihil
2307 4010 2449 4065 aliud
2477 4024 2599 4064 esse
2630 4009 2838 4063 videtur
2864 4049 2878 4073 ,
2907 4024 3067 4077 quam
3124 4009 3297 4075 ipsum
3351 4005 3556 4073 sibiipsi

313 4116 407 4175 οὖν
440 4120 765 4191 προσκυνεῖν
794 4116 872 4189 τῷ
899 4116 1201 4187 Πνεύματι,
1227 4117 1260 4186 ἢ
1294 4100 1707 4189 προσεύχεσθαι,
1737 4116 1874 4170 οὐδὲι

1989 4103 2289 4158 orationem
2319 4101 2401 4155 vel
2435 4102 2801 4156 adorationem
2832 4099 3043 4156 offerre.
3082 4100 3317 4169 Eamque
3342 4106 3559 4152 sentent-

315 4212 444 4265 ἄλλο
490 4190 629 4263 εἷναί
668 4226 758 4281 μοι
816 4206 1088 4278 φαίνεται,
1131 4206 1166 4277 ἢ
1211 4208 1343 4260 αὐτὸ
1384 4206 1557 4278 ἐαυτῷ
1586 4207 1683 4279 τὴν
1726 4207 1874 4277 εύχὴι

1993 4192 2119 4248 tiam
2161 4193 2281 4261 quis
2323 4203 2406 4246 est
2459 4192 2548 4261 qui
2586 4208 2690 4247 non
2729 4193 3173 4261 comprobaturus
3225 4191 3317 4255 sit,
3348 4190 3412 4244 de
3441 4204 3557 4242 ma-

316 4304 615 4375 προσάγειν
676 4302 769 4354 καὶ
823 4300 923 4371 τὴν
974 4298 1364 4371 προσκύνησιν.
1413 4300 1477 4351 Ὃ
1532 4298 1616 4361 τίς
1679 4297 1779 4351 οὐκ
1825 4297 1874 4350 ἂι

1992 4286 2112 4357 guis
2156 4300 2219 4339 ac
2255 4283 2454 4339 divinis
2497 4283 2626 4338 viris
2695 4283 2903 4353 loquor,
2932 4283 3130 4351 quique
3156 4282 3321 4351 probe
3344 4290 3559 4343 norunt,

316 4394 626 4450 ἐπαινέσειε
654 4394 763 4446 τῶν
800 4392 1020 4457 ἐνθέων,
1063 4393 1155 4446 καὶ
1182 4390 1288 4444 τῶν
1322 4386 1380 4444 εὖ
1413 4390 1649 4457 εἰδότων,
1680 4390 1760 4443 ὄτι
1798 4390 1874 4443 κα¹

1999 4377 2156 4431 unius
2184 4374 2555 4430 adorationem
2590 4373 2749 4427 trium
2780 4372 3148 4439 adoratiouem
3178 4384 3316 4431 esse,
3348 4377 3565 4437 propter

318 4490 352 4559 ἡ
392 4487 489 4541 τοῦ
526 4487 643 4549 ἐνὸς
683 4483 1088 4556 προσκύνησις,
1132 4482 1241 4535 τῶν
1284 4481 1450 4553 τριῶν
1498 4482 1615 4533 ἐστι
1654 4478 1874 4551 προσκύι

1998 4467 2258 4538 aequalem
2287 4468 2451 4522 trium
2485 4478 2833 4535 personarum
2861 4463 3173 4531 dignitatem
3208 4474 3273 4515 ac
3314 4459 3565 4512 divinita-

320 4549 502 4649 νησις,
535 4577 626 4631 διὰ
658 4549 808 4631 ’τὺ-ὲν
828 4549 1155 4646 ¹τοῖέτρισὶν
1178 4549 1436 4643 ὁμότιμον
1463 4572 1561 4643 τῆς
1589 4549 1764 4638 ἀξίας,
1801 4570 1874 4623 κα

2000 4567 2109 4613 tem
2136 4559 2159 4611 ?
2190 4556 2295 4613 Sed
2326 4572 2393 4611 uc
2420 4555 2548 4610 illud
2578 4554 2793 4624 quidem
2822 4554 3192 4616 extimescam,
3220 4551 3362 4622 quod
3384 4549 3564 4604 ortinia

319 4644 422 4741 τῆς
449 4669 731 4739 θεάτητοςς
765 4670 873 4721 Καὶ
904 4644 1149 4738 μὴνῖοὺὃὲ
1172 4666 1346 4718 ἐκεῖνο
1368 4662 1745 4733 φοϐηθήσομαι
1762 4661 1873 4732 (76)

2000 4664 2095 4721 per
2110 4649 2303 4703 Filium
2334 4648 2475 4702 facta
2508 4660 2626 4701 esse
2655 4646 2906 4700 dicuntur
2927 4645 2995 4709 ⁸³,
3024 4653 3277 4713 tanquam
3303 4644 3356 4697 in
3387 4657 3563 4696 rerum

321 4735 388 4813 τό
425 4735 609 4814 πάντα
645 4760 733 4813 διὰ
765 4757 857 4811 τοῦ
894 4735 1024 4809 Ῠὶοὖ
1059 4752 1340 4822 γεγονέναι
1372 4748 1645 4820 λέγεσθαι,
1675 4746 1750 4811 ὡς
1783 4747 1874 4800 ὲνὸη

2002 4741 2407 4797 universitatem
2432 4738 2666 4809 Spiritus
2691 4753 2905 4809 quoque
2952 4745 3168 4793 sanctus
3196 4735 3567 4807 aggregandus

325 4850 439 4903 τῶν
474 4852 689 4905 πάντων
724 4848 874 4911 ὄντος
914 4848 1008 4900 καὶ
1038 4844 1132 4897 τοῦ
1164 4842 1318 4911 ἁγίου
1351 4841 1686 4912 Πνεύματος.
1716 4838 1874 4892 [Idem

2006 4836 2095 4891 sit.
2125 4833 2315 4890 Omnia
2354 4833 2522 4897 enim,
2551 4846 2881 4901 quaecunque
2906 4829 3043 4884 facta
3070 4838 3213 4890 sunt,
3253 4828 3379 4880 dicit
3411 4822 3572 4896 565

326 4943 442 5015 γὰρ
467 4944 567 4997 ὅσα
600 4943 844 5011 γέγονεν,
871 4941 1110 5012 εἴρηται,
1138 4938 1238 5006 οὐχ
1276 4935 1458 4997 ἁπλῶς
1492 4934 1738 4987 ἅπαντα·
1784 4931 1874 4984 οὐδ

2010 4925 2333 4997 evangelista
2367 4924 2433 4989 ³³,
2469 4938 2571 4977 non
2610 4921 2791 4976 omnia
2818 4920 3153 4989 simpliciter.
3185 4916 3317 4971 Nam
3362 4931 3427 4968 ne
3461 4916 3571 4980 ipse

329 5007 444 5107 γὰρ
477 5037 507 5088 ὁ
537 5007 746 5103 Πάτῆρ,
784 5032 892 5085 οὐδ’
923 5007 1023 5084 dcta
1059 5028 1133 5100 μὴ
1164 5027 1402 5096 γέγονεν.
1445 5024 1624 5089 Δεῖξον
1655 5024 1763 5094 (77)
1792 5018 1874 5076 οὖν

2014 5018 2227 5087 quidem
2255 5016 2444 5079 Pater,
2480 5028 2577 5067 nec
2625 5012 2801 5067 omnia
2853 5026 2933 5074 ea,
2965 5024 3082 5079 quae
3111 5007 3251 5062 facta
3279 5022 3381 5060 non
3427 5008 3567 5057 sunt.

407 5170 452 5203 ”
504 5166 658 5222 Joan.
692 5181 763 5230 Iv,
797 5163 887 5218 ‘24.
963 5162 1007 5193 ³ο
1034 5161 1188 5215 Rom.
1228 5174 1344 5225 νιιι,
1376 5157 1465 5211 26.
1540 5156 1580 5186 ³⁸
1608 5154 1772 5210 lCor.
1794 5171 1874 5208 sit

1977 5154 2012 5208 ἱ.
2089 5150 2301 5205 "10m.
2333 5168 2371 5217 1,
2403 5151 2454 5203 5.
2532 5151 2575 5181 ³³
2602 5148 2729 5203 ibid.

2074 5289 2185 5355 (74)
2223 5286 2346 5339 Ποῦ
2372 5285 2489 5338 δαί.
2524 5286 2575 5337 In
2618 5283 2902 5355 nonnullis,
2942 5279 3044 5335 ποῦ
3074 5279 3152 5333 δέ.

2234 5352 2785 5427 Ὑπερεξοτυγχάνει.
2818 5353 2909 5407 Sic
2950 5362 3124 5406 textus
3155 5362 3330 5403 sacer.
3367 5344 3424 5399 ln
3463 5347 3573 5409 eil.,

2010 5420 2432 5494 ὑποεντυγχάνει
2456 5420 2778 5494 [mendose].

2082 5498 2192 5565 (76)
2233 5484 2803 5565 φόϐηθγῖσομαιηείε
2826 5493 2931 5546 duo
2966 5490 3158 5560 Regg.,
3197 5487 3289 5544 Or.
3319 5486 3369 5551 1,
3428 5484 3576 5549 Bas,

2016 5561 2239 5625 Cdmb.,
2262 5575 2368 5616 etc.
2396 5561 2581 5628 ln’ed.,
2610 5561 2936 5631 φοϐήσομαι.

2088 5636 2198 5704 (77)
2229 5622 2454 5696 Δεῖξον.
2474 5622 2717 5704 Quatuor
2738 5622 2934 5701 'lte'gg.,
2957 5639 3183 5704 quatuor
3205 5625 3379 5693 Coll»,
3406 5622 3499 5681 Or.
3525 5622 3577 5691 -2,

2020 5699 2362 5769 ειόηδείξας.
2402 5722 2418 5755 ι
2463 5704 2594 5757 Cum
2635 5699 3104 5756 dctnmtstravcris.
3139 5716 3156 5748 ι

409 5304 521 5374 (69)
557 5303 802 5359 Ταυτόν.
834 5302 1000 5370 Regg.
1030 5315 1080 5363 a,
1116 5300 1203 5374 hm
1238 5305 1293 5351 et
1331 5296 1479 5374 Pent,
1510 5292 1700 5374 ταύτα.

415 5360 527 5447 (70)
575 5374 873 5447 Διαφόρως
890 5360 1277 5447 praecedam.
1322 5383 1365 5447 t_
1387 5366 1531 5447 Quae
1553 5360 1910 5417 diversimode

339 5440 543 5510 natm}
581 5440 693 5505 vel,
716 5460 733 5492 ι
756 5440 1026 5512 producta
1050 5440 1393 5512 exstiterunt.
1436 5453 1454 5485 ι
1487 5444 1591 5489 etc.

416 5508 528 5582 (7⁷1)
560 5508 794 5578 Παύσῃζ
823 5511 915 5565 Or.
948 5511 1001 5573 1,
1031 5508 1259 5582 πουῦσαι.

419 5573 528 5651 (7⁸2)
569 5573 1058 5651 Ἄπομῖιχόμενος.
1086 5580 1235 5639 Sav.,
1259 5573 1704 5651 ἔντιμαχόμενος.

420 5639 532 5722 (75)
573 5639 746 5719 Οἷμάί
789 5639 923 5705 ’ἑτόι.
971 5639 1217 5722 Quinque
1258 5639 1665 5714 Regguntﬁpai
1701 5659 1784 5705 σε,
1818 5660 1833 5693 ι
1870 5648 1922 5694 te

342 5719 522 5789 bene,
550 5742 567 5773 ι
606 5724 684 5775 vel
713 5740 729 5772 ι
770 5731 912 5777 recte
952 5719 1196 5775 allectum
1227 5725 1375 5784 puto.
1418 5735 1436 5766 ι
