4038 6338
477 406 578 459 117

1684 399 1740 454 S.
1784 397 2111 455 GREGORII
2152 397 2501 454 TilEOLOGl

3622 401 3724 457 148

476 520 646 574 Proba
669 535 795 590 ergo
826 519 1082 589 Spiritum
1114 519 1310 574 factum
1342 534 1404 574 ac
1446 530 1786 588 procreatum
1818 535 1958 586 esse,
1984 535 2044 573 ac

2149 519 2228 571 ὅτι
2264 519 2474 586 γέγονε,
2509 517 2601 570 καὶ
2635 519 2756 572 τότε
2789 520 2863 590 τῷ
2895 520 3007 591 Υίῷ
3049 520 3154 585 δὸς,
3195 519 3287 573 καὶ
3325 519 3433 581 τοῖς
3462 527 3722 586 κτίσμασι

474 625 585 667 tum
608 613 743 667 Filio
765 627 885 666 eum
909 613 995 674 da,
1018 621 1070 665 et
1095 612 1147 665 itt
1169 621 1541 667 creaturarum
1570 627 1793 666 numero
1819 611 2037 666 colloca.

472 703 719 770 Quandiu
778 711 953 755 autem
1000 702 1050 755 id
1079 702 1310 770 probare
1340 710 1503 770 atque
1535 704 1823 756 ostendere
1854 701 2045 768 nequi-

474 797 638 859 veris,
667 794 798 849 nihil
831 792 925 848 tibi
981 793 1046 847 ad
1100 792 1432 863 impietatem
1484 792 1776 863 adjumenti
1813 791 2045 859 comple-

471 889 562 941 xio
594 886 682 939 illa
730 884 956 938 allatura
1006 892 1109 937 est.
1148 882 1205 936 Si
1232 886 1375 938 enim
1406 882 1581 938 factus
1610 893 1726 950 est,
1765 896 1859 951 per
1886 881 2044 936 Chri-

471 988 613 1029 stum
642 974 830 1043 utiqne
865 991 879 1027 :
912 988 979 1027 ne
1011 972 1124 1041 ipse
1155 971 1371 1041 quidem
1403 970 1613 1025 inficias
1642 971 1809 1024 ivero.
1864 968 1917 1023 Si
1949 984 2045 1021 au-

473 1076 578 1118 tem
606 1065 783 1119 factus
807 1078 914 1117 non
948 1072 1055 1126 est,
1083 1062 1372 1131 quomodo,
1408 1069 1500 1114 aut
1550 1074 1732 1115 rerum
1762 1060 2044 1113 universa-

472 1171 590 1209 rum
623 1170 851 1210 numero
880 1154 1215 1219 includetur,
1271 1162 1364 1205 aut
1418 1166 1513 1220 per
1557 1150 1833 1206 Christum
1876 1148 2047 1203 facttts

472 1246 611 1299 erit?
649 1244 881 1299 Proinde
910 1244 1116 1306 desine,
1138 1252 1191 1296 et
1229 1240 1468 1306 Patrem,
1524 1242 1575 1294 in
1608 1239 1726 1294 Filii
1769 1250 2044 1293 contume-

472 1336 600 1390 liam
645 1335 783 1389 male
840 1324 1110 1388 hbnorare
1168 1333 1186 1401 (
1236 1331 1409 1385 malus
1443 1332 1585 1385 enim
1614 1331 1786 1384 honor
1806 1341 1906 1392 est,
1942 1330 2045 1384 Pa-

472 1438 611 1483 trem
644 1426 781 1482 Filio
816 1427 1051 1495 privare,
1112 1435 1383 1493 utcunque
1443 1437 1564 1477 eum
1618 1423 2044 1492 prmstantiorem

472 1527 777 1573 creaturam
804 1530 923 1570 esse
947 1513 1337 1580 concesseris),
1366 1522 1419 1566 et
1471 1510 1664 1566 Filium
1716 1511 1766 1564 in
1816 1511 2048 1577 Spiritus

472 1610 644 1664 sancti
680 1608 1047 1679 ignominiam.
1088 1604 1205 1659 Non
1255 1605 1398 1660 enim
1448 1595 1690 1658 conservi
1734 1601 1914 1671 opifex
1940 1610 2042 1665 est,

471 1700 565 1755 sed
591 1715 714 1755 cum
751 1713 836 1764 eo,
866 1700 956 1769 qui
986 1699 1099 1767 pari
1128 1697 1393 1766 dignitate
1436 1704 1540 1754 est,
1567 1692 1917 1764 glorificatur.
1952 1693 2045 1747 Ni-

471 1793 545 1847 hil
568 1792 819 1846 Trinitati
850 1802 914 1846 ex
948 1791 1116 1859 teipso
1149 1789 1340 1851 tribue,
1374 1802 1486 1842 nea
1514 1786 1777 1840 Trinitate
1804 1786 2042 1840 excidas.

470 1884 628 1939 Nullo
671 1884 828 1939 modo
860 1898 1020 1937 unam
1054 1882 1198 1935 illuni
1239 1889 1483 1934 naturam
1515 1892 1578 1931 ac
1608 1891 1858 1947 peraque
1885 1891 2048 1931 vene-

2151 609 2571 680 συναρίθμησον.
2599 609 2745 673 Ἕως
2783 610 2827 662 δ’
2871 611 2936 664 ἂν
2968 612 3042 683 μὴ
3075 611 3233 664 τοῦτο
3277 608 3536 672 δεικνύεις
3584 609 3719 677 (78),

2146 696 2295 750 οὐδὲν
2320 696 2398 766 τῷ
2429 697 2808 769 περιληπτικῷ
2844 697 3010 769 βοηθῇ
3043 697 3181 769 πρὸς
3225 696 3496 751 ἀσέϐειαν.
3526 696 3587 749 Εἰ
3621 695 3722 765 μὲν

2146 789 2253 859 γὰρ
2297 789 2509 856 γέγονε,
2541 788 2628 842 διὰ
2674 789 2912 859 Χριστοῦ
2946 789 3161 851 πάντως
3189 806 3202 818 ·
3239 788 3362 841 οὐδὲ
3408 786 3572 847 αὐτὸς
3621 787 3723 856 ἀρ-

2146 882 2396 951 νήσωμαι
2436 881 2568 951 (79).
2598 882 2660 934 Ei
2694 882 2749 934 δὲ
2776 882 2840 934 οὐ
2873 882 3086 950 γέγονε,
3124 881 3242 944 πῶς
3283 881 3316 951 ἢ
3360 880 3468 933 τῶν
3506 878 3724 932 πάντων
3782 881 3786 885 ’

2147 972 2224 1033 ἓν,
2259 973 2291 1042 ἢ
2330 970 2418 1025 διὰ
2444 971 2714 1043 Χριστοῦ;
2753 972 2967 1025 Παῦσαι
2995 969 3086 1025 οὖν
3115 973 3207 1025 καὶ
3245 971 3335 1024 τὸν
3376 970 3592 1041 Πατέρα
3624 987 3725 1023 κα-

2147 1061 2257 1125 κῶς
2305 1062 2478 1131 τιμῶν
2533 1062 2673 1116 κατὰ
2720 1063 2813 1116 τοῦ
2875 1062 3214 1132 Μονογενοῦς
3262 1062 3430 1132 (κακὴ
3480 1061 3535 1115 δὲ
3584 1060 3721 1131 τιμὴ

2148 1154 2350 1223 κτίσμα
2377 1154 2587 1206 διδόντα
2628 1154 2688 1207 τὸ
2731 1154 3052 1225 τιμιώτερον
3084 1154 3405 1225 ἀποστερεῖν
3431 1150 3601 1221 Υίὸν).
3627 1151 3724 1203 καὶ

2148 1245 2236 1297 τὸν
2268 1246 2398 1298 Υἱδν
2450 1246 2593 1299 κατὰ
2644 1246 2739 1299 τοῦ
2775 1246 3110 1317 Πνεύματος.
3152 1246 3226 1299 Οὐ
3276 1245 3383 1317 γὰρ
3433 1243 3723 1315 ὁμοδούλου

2146 1335 2494 1407 δημιουργὸς.
2548 1336 2663 1390 ἀλλ’
2710 1338 2957 1408 ὁμοτίμῳ
3017 1335 3488 1406 συνδοξαζόμενος.
3537 1333 3724 1404 Μηδὲν

2152 1427 2290 1497 μετά
2321 1429 2548 1482 σεαυτοῦ
2592 1429 2689 1500 Οῇς
2737 1430 2836 1500 τῆς
2862 1429 3109 1500 Τριὰδος,
3141 1428 3215 1499 μὴ
3252 1428 3351 1495 τῆς
3378 1427 3604 1496 Τριάδος
3631 1429 3727 1481 kx-

2151 1520 2342 1592 πέσῃς.
2375 1521 2580 1591 Μηδενὶ
2625 1522 2930 1595 περικόψῃς
2970 1522 3067 1593 τὴν
3098 1521 3221 1592 μίαν
3252 1520 3360 1590 (80)
3391 1519 3591 1589 ὁμοίως
3634 1535 3724 1572 σεο

2150 1608 2397 1678 ϐἀσμιον.
2439 1611 2525 1673 Ὠς
2554 1611 2634 1664 ὄτι
2668 1610 2732 1663 ἂν
2770 1611 2877 1664 τῶν
2904 1611 3070 1682 τριῶν
3101 1608 3352 1682 καθέλῃς,
3387 1607 3447 1659 τὸ
3480 1608 3588 1660 πᾶν
3622 1606 3724 1678 ἔσῃ

2149 1700 2498 1773 καθῃρηκὼς,
2525 1701 2722 1773 μᾶλλον
2741 1701 2797 1755 δὲ
2825 1700 2918 1755 τοῦ
2957 1700 3154 1764 παντὸς
3188 1697 3575 1760 ὲκπεπτωκὼς.
3597 1696 3724 1748 Βέλ-

2150 1808 2262 1844 τιον
2297 1792 2496 1862 μικρὰν
2532 1792 2628 1862 τῆς
2669 1790 2911 1855 ὲνὼσεως
2948 1791 3247 1861 φαντασίαν
3294 1789 3497 1853 λαϐεῖν,
3524 1788 3556 1859 ἦ
3586 1805 3725 1840 παν-

2144 1881 2271 1953 τελῆ
2306 1884 2575 1954 τολμῆσαι
2613 1884 2951 1938 δυσσέϐειαν.

468 1977 690 2032 randam
729 1988 941 2031 trunca.
982 1974 1198 2045 Alioqui
1230 1974 1274 2028 si
1313 1972 1441 2042 quid
1465 1971 1729 2026 extribus
1756 1971 2042 2037 everteris,
2092 1982 2258 2031 t0tum
2286 1980 2563 2045 everteris,
2599 1980 2706 2032 imo
2765 1994 2792 2032 a
2836 1988 2945 2032 toto
3006 1977 3294 2033 excideris.
3340 1976 3563 2030 Praestat
3609 1974 3731 2031 exi:

467 2081 632 2137 gnum
671 2068 939 2138 quoddam
969 2065 1183 2121 nnionis
1231 2064 1370 2118 illius
1418 2061 1766 2118 simulacrum
1819 2076 2030 2132 capere,
2071 2080 2231 2135 quam
2267 2068 2543 2142 profligata
2571 2072 2801 2139 quadam
2838 2070 3059 2124 audacia
3092 2070 3143 2122 in
3199 2081 3412 2121 omnem
3479 2065 3727 2135 impieta»
3808 2104 3815 2109 ι

467 2170 572 2214 tem
601 2172 969 2229 prorumpere.
993 2214 997 2219 ,

537 2252 677 2307 X‘lll.
711 2250 1003 2321 Veniliam
1038 2252 1104 2307 ad
1130 2252 1457 2322 praecipuum
1491 2251 2049 2324 disputationis‘caput

463 2345 667 2411 oratio;
700 2359 763 2399 ac
803 2344 1156 2413 quaestionem
1190 2344 1426 2411 quidem,
1463 2355 1581 2410 qum
1603 2341 1928 2411 jampridem
1954 2359 2048 2413 op-

465 2450 654 2505 pressa
688 2444 771 2490 est
804 2442 859 2490 et
888 2435 1180 2498 exstincta,
1212 2441 1375 2501 atque
1404 2431 1526 2487 fidei
1555 2434 1739 2495 cessit,
1772 2434 1873 2489 hoc
1916 2443 2050 2488 tetn—

464 2540 599 2595 pore
637 2524 888 2580 renovari
923 2523 1079 2578 doleo
1109 2533 1164 2578 et
1201 2523 1541 2592 ingemisco:
1577 2523 1838 2578 adversus
1887 2525 2040 2579 rabu-

468 2619 552 2673 las
582 2626 764 2672 tamen
796 2626 943 2672 stare
967 2630 1188 2672 necesse
1218 2625 1321 2681 est,
1359 2630 1422 2670 ac
1442 2615 1746 2685 providere,
1790 2631 1856 2670 ne
1904 2615 2046 2669 velut

467 2710 681 2763 deserta
715 2721 877 2763 causa
898 2708 1203 2770 vincamur,
1234 2705 1325 2776 qui
1359 2705 1591 2761 Verbum
1616 2704 1894 2771 habemus,
1923 2705 2045 2776 Spi-

470 2800 715 2869 ritusque
742 2798 1104 2870 patrocinium
1132 2797 1474 2868 suscipimus.
1494 2795 1549 2851 Si
1585 2795 1746 2865 Deus,
1769 2798 2041 2866 inquiunt,

467 2900 523 2947 ct
548 2892 709 2961 Deus,
739 2903 792 2949 et
817 2893 976 2958 Deus,
1008 2894 1135 2963 quid
1157 2908 1333 2948 causa:
1365 2908 1484 2949 esse
1528 2902 1723 2964 potest,
1760 2896 1887 2965 quin
1938 2905 2047 2952 tres

468 2985 580 3040 sint
615 2985 711 3050 dii,
736 2994 825 3040 aut
853 2987 982 3056 quin
1018 2985 1250 3055 plurium
1299 2985 1517 3040 deorum
1570 2986 1926 3056 principatum
1955 3002 2045 3042 co-

467 3077 682 3132 lamus?
707 3076 938 3144 Quinam
971 3077 1121 3132 haec?
1146 3075 1209 3131 lli
1248 3091 1458 3146 nempe,
1496 3079 1585 3147 qui
1619 3077 1968 3146 perfectiores
1990 3078 2043 3133 in

2223 2252 2317 2307 ll".
2365 2254 2526 2306 ’Ήκει
2553 2253 2607 2306 δὲ
2636 2255 2766 2325 ημῖν
2799 2254 2826 2305 ὀ
2860 2253 3015 2321 λόγος
3044 2252 3129 2304 ἐπ’
3162 2250 3292 2304 αὐτὸ
3316 2250 3376 2303 τὸ
3403 2250 3728 2319 κεεράλαιονο

2151 2346 2244 2397 καί
2286 2343 2456 2397 στένω
2489 2345 2604 2414 μὲν,
2639 2346 2719 2398 ὅτι
2756 2344 2920 2398 πάλαι
2958 2342 3215 2413 τεθνηκὸς
3254 2342 3495 2413 ζήτημα.
3538 2341 3630 2393 καὶ

2152 2436 2330 2489 πίστει
2382 2436 2811 2507 παραχωρῆσαν,
2844 2436 2938 2489 νῦν
2972 2434 3373 2499 ἀνακαινίζεται
3394 2451 3405 2464 ·
3439 2433 3629 2504 στῆναι
3670 2432 3730 2486 δὲ

2150 2528 2298 2597 ὅμως
2361 2528 2660 2594 ἀναγκαῖον
2715 2529 2850 2599 πρὸς
2912 2528 3037 2591 τοὺς
3090 2526 3451 2598 λογολέσχας,
3504 2526 3599 2579 καὶ
3651 2526 3729 2597 μὴ

2150 2623 2365 2690 ἐρήμην
2411 2619 2634 2684 ἁλῶναι,
2678 2620 2848 2689 Λόγον
2888 2620 3130 2690 ἔχοντας,
3164 2620 3259 2673 καὶ
3295 2618 3729 2690 συνηγοροῦντας

2144 2711 2445 2782 Πνεύματι.
2508 2713 2572 2765 Ei
2604 2711 2757 2775 Θεὸς,
2791 2712 2922 2782 φασὶ
2967 2711 3100 2783 (8|),
3138 2713 3231 2765 καὶ
3265 2712 3416 2775 Θεὸς.
3451 2712 3544 2764 καὶ
3570 2711 3728 2775 Θεὸς,

2146 2802 2262 2866 πῶς
2294 2804 2413 2873 οὐχὶ
2452 2805 2601 2874 τρεῖς
2641 2801 2753 2855 θεοί
2773 2820 2789 2870 ;
2823 2804 2855 2874 ἦ
2895 2802 3012 2864 πῶς
3041 2804 3102 2855 ού
3144 2802 3449 2875 πολυαρχία
3477 2802 3537 2855 τὸ
3574 2802 3730 2868 δοξα-

2147 2894 2401 2964 ζόμενονς
2440 2894 2625 2948 Ταῦτα
2658 2894 2838 2958 τίνες;
2868 2894 2929 2947 Οἱ
2958 2894 3276 2965 τελεώτεροι
3323 2894 3430 2965 (82)
3459 2895 3557 2966 τὴν
3601 2893 3733 2947 ἀσέ-

2149 2983 2322 3048 ϐειαν,
2368 2983 2401 3055 ἦ
2441 2986 2534 3038 καὶ
2563 2986 2613 3037 οί
2648 2985 2745 3055 τῆς
2786 2984 3043 3055 δευτέρας
3075 2985 3186 3056 (83)
3232 2986 3468 3057 μερίδος,
3504 2985 3645 3054 λέγω
3674 2985 3733 3039 δὲ

2151 3077 2276 3141 τοὺς
2324 3078 2450 3148 περὶ
2496 3077 2587 3130 τὸν
2637 3077 2762 3130 Υίόν
2812 3094 2927 3141 πως
2969 3077 3339 3148 εὐγνώμονας.
3381 3078 3439 3131 '0
3491 3078 3589 3148 μὲν
3621 3078 3733 3148 γὰρ

469 3169 747 3239 impietate
774 3181 920 3233 sunt,
976 3178 1069 3223 ant
1116 3171 1277 3224 etiam
1330 3170 1419 3240 qui
1452 3173 1717 3228 secundas
1750 3181 1935 3242 partes
1971 3181 2044 3227 tc-

2152 3140 2328 3228 κοινός
2361 3140 2449 3236 μοι
2503 3166 2637 3235 πρὸς
2688 3140 3055 3237 ἀμφοτέρους.
3081 3140 3254 3235 λόγος,
3358 3167 3413 3219 δὲ
3448 3140 3583 3237 πρὸς
3615 3140 3732 3219 τού-

469 3270 618 3327 nent,
651 3260 754 3314 hoc
782 3269 885 3325 est,
911 3259 1003 3329 qui
1044 3260 1110 3315 de
1137 3259 1274 3314 Filio
1326 3261 1526 3316 rectius
1558 3262 1813 3317 sentiunt.
1857 3261 2049 3317 Sermo

468 3349 610 3404 enim
635 3349 786 3415 mihi,
817 3350 1013 3419 partim
1043 3351 1306 3405 adversus
1360 3350 1551 3406 ambos
1600 3352 1903 3407 communis
1941 3362 2045 3419 est,

466 3439 663 3506 partim
687 3438 948 3495 adversus
979 3441 1078 3497 hos
1109 3442 1356 3511 proprius
1388 3450 1441 3496 et
1480 3441 1790 3512 peculiaris.
1815 3443 1893 3498 Ac
1923 3458 2046 3498 cum

364 3533 370 3538 ’
466 3529 555 3587 his
578 3530 807 3600 quidenr
843 3531 910 3585 ad
961 3531 1104 3586 hunc
1158 3532 1378 3587 modum
1408 3546 1650 3602 agemus.
1685 3532 1823 3600 Quid
1865 3534 2049 3589 tridei-

468 3621 540 3677 tis
569 3622 727 3676 nobis
754 3622 954 3688 dicitis,
987 3625 1075 3694 qui
1109 3623 1302 3679 Filium
1360 3624 1554 3687 colitis,
1617 3626 1720 3680 etsi
1767 3642 1797 3679 a
1847 3626 2047 3695 Spiritu

469 3710 815 3767 descivistis?
849 3712 954 3768 Vos
979 3725 1156 3773 autem
1188 3730 1291 3769 non
1324 3715 1579 3770 hideitm?
1601 3714 1734 3770 Nam
1765 3716 1812 3771 si
1858 3715 2049 3787 Unige-

470 3801 570 3856 niti
602 3816 817 3873 quoque
840 3803 1043 3859 cultum
1076 3814 1129 3859 et
1158 3806 1528 3861 adorationem
1574 3806 1855 3877 abjuratis,
1907 3807 2047 3862 haud

470 3890 633 3946 dubie
661 3892 729 3947 ab
750 3893 1184 3949 adversariorum
1216 3894 1463 3964 partibus
1490 3896 1645 3950 statis
1673 3912 1686 3949 :
1723 3909 1787 3950 ac
1812 3896 2037 3965 proinde

470 3982 600 4051 quid
634 3992 737 4048 est,
775 3984 1125 4052 quamobrem
1155 3984 1324 4041 lenius
1349 3986 1748 4056 humaniusque
1771 3989 2046 4043 vobiscum

468 4089 715 4142 agamus,
748 4086 1004 4146 tanquam
1063 4091 1170 4138 non,
1219 4080 1441 4132 omnino
1488 4080 1716 4133 mortuis
1754 4088 1807 4133 et
1844 4080 2047 4135 exstin-

470 4166 614 4222 ctis?
644 4166 701 4222 Si
729 4178 909 4223 autem
939 4169 1135 4235 colitis,
1167 4180 1331 4240 atque
1361 4171 1523 4242 565
1563 4172 1823 4227 hactenus
1854 4172 2043 4226 saltem

469 4260 766 4316 salubriter
786 4260 961 4317 affecti
989 4264 1140 4327 estis,
1177 4277 1243 4316 ex
1271 4264 1422 4317 vobis
1444 4278 1747 4334 quaeremus
1775 4303 1790 4328 ,
1833 4279 1936 4333 qua
1971 4280 2049 4318 ra-

470 4352 617 4407 tione
642 4366 671 4405 a
709 4351 985 4408 bideitatis
1012 4355 1239 4409 crimine
1262 4366 1471 4410 vosmet
1502 4355 1781 4409 vindicare
1810 4357 2043 4423 qneatis,

468 4442 514 4496 si
548 4441 669 4511 quis
695 4456 814 4496 eam
854 4443 1007 4498 vobis
1030 4443 1289 4514 obiiciat?
1324 4442 1381 4499 Si
1416 4454 1500 4499 est
1529 4444 1680 4500 vobis
1717 4457 1897 4499 sermo
1920 4458 2048 4513 prn-

468 4534 686 4601 demite,
717 4538 1057 4607 respondete,
1088 4539 1350 4609 nobisque
1371 4540 1534 4596 etiam
1560 4536 1917 4606 respondendi
1951 4551 2048 4590 an-

2148 3274 2273 3321 τους
2326 3258 2472 3321 ἴδιος.
2512 3257 2704 3326 Ὀλμὲν
2744 3253 2831 3310 οὖν
2882 3258 3019 3329 πρὸς
3067 3258 3309 3322 τούτους,
3358 3258 3618 3322 τοιοῦτος.
3664 3258 3732 3311 Τί

2154 3362 2288 3414 φατε
2331 3349 2443 3409 τοῖς
2483 3346 2780 3417 τριθεΐταις
2812 3347 2924 3424 (81)
2965 3349 3118 3419 ἡμῖν,
3160 3350 3211 3401 oi
3256 3348 3345 3402 τὸν
3377 3349 3503 3402 Υίὸν
3550 3350 3733 3403 σέϐον-

2150 3454 2271 3499 τες,
2317 3440 2363 3490 εἱ
2409 3438 2501 3491 καὶ
2544 3438 2639 3491 τοῦ
2672 3439 2986 3510 Πνεύματος
3029 3441 3402 3511 ἀφεστήκατες
3444 3443 3631 3513 Ὑμεῖς
3671 3441 3731 3497 δὲ

2149 3530 2210 3582 οὐ
2244 3530 2471 3585 διθεῒται
2503 3531 2651 3609 (85);
2690 3533 2753 3584 ΕΞ
2788 3532 2884 3602 μὲν
2913 3532 3022 3603 γὰρ
3063 3531 3313 3603 ἀρνεῖσθε
3344 3534 3438 3586 καὶ
3480 3532 3572 3586 τοῦ
3614 3534 3732 3587 Μο-

2150 3621 2400 3689 νογενοῦς
2429 3621 2527 3693 τὴν
2554 3623 2944 3696 προσκύνησιν,
2974 3625 3160 3695 σαφῶς
3187 3626 3413 3696 τέταχθε
3456 3625 3596 3696 μετά
3620 3624 3732 3678 τῶν

2150 3711 2440 3764 ἐναντίων·
2497 3714 2590 3765 καὶ
2640 3713 2693 3767 τί
2742 3714 3304 3797 φιλανοτρῇωηπευόγμεϐα
3361 3717 3497 3787 πρὸς
3555 3717 3727 3787 ὑμᾶς,

2147 3802 2222 3865 ὼς
2260 3802 2319 3854 ού
2368 3803 2541 3875 πάντη
2588 3806 3049 3876 νενεκρωμένους;
3097 3808 3159 3861 Εἰ
3207 3808 3263 3861 δὲ
3319 3806 3584 3871 σέϐεσθε,
3636 3808 3732 3861 καὶ

2152 3893 2314 3962 μέχρι
2360 3892 2548 3946 τούτου
2574 3894 2848 3948 διάκεισθε
2894 3897 3177 3968 σωτηρίως
3211 3896 3344 3967 (86),
3389 3898 3532 3967 ὑμᾶς
3577 3898 3723 3968 ὲρω·

2148 3986 2418 4056 τήσομεν·
2451 3987 2547 4049 Τίς
2589 3988 2617 4039 ό
2663 3987 2820 4058 λόγος
2868 3989 2969 4060 τῆς
3018 3989 3220 4054 διθεῖας
3265 3991 3411 4061 ὑμῖν,
3458 3990 3525 4047 ἂν
3575 3988 3731 4042 τοῦτο

2148 4076 2483 4148 ὲγκαλῆσθες
2537 4079 2600 4131 Εἰ
2648 4078 2764 4132 ἐστι
2816 4080 2972 4149 λόγος
3032 4081 3320 4145 συνέσεως,
3369 4081 3727 4152 ἀποκρίθητε,

2147 4170 2265 4222 δότε
2311 4171 2405 4223 καὶ
2446 4172 2576 4241 ἡμῖν
2628 4171 2743 4224 ὁδὸν
2791 4172 3153 4243 ἀποκρίσεως.
3193 4168 3289 4234 Οἷς
3315 4172 3423 4242 γὰρ
3464 4172 3529 4224 ἂν
3573 4171 3729 4242 ὑμεῖς

2148 4260 2244 4331 τὴν
2293 4261 2495 4315 διθεῖαν
2543 4262 2957 4334 ἀποκρούσησθε
3011 4264 3224 4331 λόγοις,
3273 4257 3417 4317 οὗτοι
3459 4264 3553 4317 καὶ
3596 4265 3728 4334 ἡμῖν

2149 4354 2288 4406 κατὰ
2330 4353 2429 4423 τῆς
2459 4352 2699 4426 τριθεῖας
2748 4355 3071 4426 ἀρκέσουσιν
3095 4372 3108 4384 ’
3148 4357 3243 4408 καὶ
3285 4354 3427 4408 οὕτω
3464 4354 3726 4425 νικῶμεν,

2152 4446 2280 4517 ὑμῖν
2321 4448 2433 4509 τοῖς
2482 4447 2825 4518 κατηγόροις,
2865 4446 3183 4518 συνηγόροις
3230 4445 3533 4518 χρώμενοι·
3568 4440 3628 4499 οὗ
3674 4445 3729 4499 τί

2152 4538 2423 4606 γενναιότε
2434 4556 2523 4608 ρον
2542 4555 2555 4605 ;

468 4644 584 4684 sam
608 4631 863 4699 praebete.
899 4632 1007 4688 Illae
1044 4632 1188 4687 enim
1238 4632 1497 4695 rationes,
1530 4631 1727 4699 quibus
1769 4629 2043 4686 bideitatis
2081 4628 2284 4685 crimen
2317 4631 2723 4700 propulsabitis,
2750 4629 2948 4685 eaedem
2978 4644 3191 4699 quoque
3221 4630 3376 4685 nobis
3431 4631 3497 4684 ad
3538 4630 3724 4685 tridui-

472 4722 597 4777 tatis
655 4723 859 4779 crimen
894 4724 1301 4793 propellendum
1325 4723 1807 4793 sutiicietit.Atqtte
1836 4724 1908 4778 ita
1968 4737 2191 4779 causam
2256 4724 2641 4790 obtinebimns,
2700 4736 2819 4789 vos,
2860 4721 2950 4791 qui
2982 4731 3325 4777 accusatores
3352 4722 3503 4789 estis,
3539 4732 3697 4791 patro

470 4830 569 4869 nos
599 4814 852 4870 habituri.
881 4815 999 4883 Quo
1029 4817 1154 4886 quid
1196 4816 1386 4872 fortius
1414 4825 1468 4871 et
1515 4818 1867 4887 generosius?

542 4906 679 4965 XIV.
720 4910 789 4962 At
820 4923 950 4965 vero
979 4910 1249 4978 quodnam
1300 4909 1457 4964 nobis
1502 4919 1587 4963 est
1633 4926 1758 4965 cum
1790 4911 2035 4980 utrisque

467 5009 771 5066 certamen,
812 5010 866 5055 et
892 5016 1139 5071 quaenam
1167 5000 1384 5058 oratio?
1415 4999 1582 5055 Nobis
1608 5000 1747 5056 Deus
1772 5017 1909 5057 unus
1935 5011 2039 5068 est,

538 5203 653 5273 (78)
682 5203 997 5275 Δεικνύεις.
1023 5203 1155 5258 Tres
1176 5204 1342 5275 Regg.
1378 5191 1432 5259 ει
1466 5204 1556 5259 Or.
1593 5204 1936 5275 1,δεικνύῃς.

539 5272 651 5345 (79)
700 5272 1098 5342 Ἀρι-ἠσωμίιι.
1144 5272 1395 5345 Reg."an
1452 5287 1503 5329 et
1562 5277 1650 5328 alii
1710 5272 2045 5347 όιι‹›,“ἀρνή-

466 5364 652 5411 σομαι.
786 5394 807 5411 ,

532 5366 846 5540 Μιάἳι.
884 5413 974 5468 Sic
1009 5426 1241 5500 quatuor
1271 5416 1461 5497 licggv
1487 5417 1706 5471 totidem
1734 5416 1908 5480 Coll»,
1946 5414 2041 5470 Or.

590 5504 691 5540 an.
725 5497 830 5540 etc.
859 5485 911 5538 ltt
945 5486 1056 5540 ed..
1081 5485 1251 5540 Οειαν.
1294 5505 1311 5536 ‹
1347 5492 1599 5539 divinam.
1647 5506 1664 5538 ι

462 5484 515 5544 ί.
542 5484 691 5549 Pan,
725 5497 830 5540 etc.
859 5485 911 5538 Itt
945 5486 1056 5550 ett,
1081 5485 1251 5550 Θείαν,
1294 5505 1311 5536 ‹
1347 5488 1599 5539 divinant.
1647 5506 1664 5538 ι

536 5557 644 5677 (sit)
706 5556 879 5609 Φασί.
943 5557 1051 5610 Duo
1114 5556 1304 5625 Regg.,
1366 5557 1604 5627 quinque
1662 5556 1840 5623 Colh.,
1908 5567 2039 5616 etc.,

544 5643 616 5677 σ.

482 5643 616 5677 mat.

464 5643 646 5765 “(383)
684 5699 747 5749 Ol
781 5684 1137 5765 τελεώτερὸι.
1187 5707 1335 5750 etc.t
1379 5696 1804 5752 Perfectioresin
1854 5696 2042 5766 impie—

464 5777 591 5819 tate.
629 5784 647 5817 ι
690 5768 941 5838 Designat
972 5769 1056 5821 bit:
1091 5769 1380 5838 Gregorius
1421 5768 1648 5821 Ariattos
1671 5778 1725 5822 et
1755 5767 2042 5838 Eunomia:

466 5852 578 5902 nos,
610 5837 780 5907 quiin
811 5831 1004 5892 Filium
1059 5849 1114 5893 et
1166 5831 1226 5892 iii
1270 5838 1529 5907 Spiritum
1587 5849 1834 5893 sanctum
1890 5836 2042 5908 impii

2219 4904 2319 4961 IA'.
2357 4905 2414 4958 Ὁ
2446 4904 2501 4956 δὲ
2536 4904 2710 4967 κοινὸς
2742 4905 2872 4974 ἡμῖν
2900 4901 3036 4971 πρὸς
3075 4899 3417 4971 ἀμφοτέρους
3449 4899 3531 4961 τίς
3575 4896 3728 4967 ἀγών

2150 5017 2209 5052 τε
2246 4998 2339 5051 καὶ
2372 4998 2529 5065 λόγος
2554 4997 2696 5066 (87);
2744 4997 2904 5067 Ἡμῖν
2937 4988 3018 5057 εἷς
3050 4993 3203 5059 Θεὸς,
3238 4993 3321 5045 ὃτι
3356 4992 3453 5063 μία
3493 4992 3685 5063 θεότης
3709 5006 3723 5021 ’

2150 5212 2324 5259 erant.

2219 5274 2335 5343 (85)
2362 5278 2423 5328 Οἱ
2456 5274 2564 5343 τῆς
2591 5269 3057 5343 δευτέραςμειο..
3080 5284 3098 5317 ι
3124 5265 3401 5343 Secundas
3432 5276 3610 5335 partes
3650 5276 3729 5343 te-

2148 5337 2345 5399 nebant
2374 5366 2391 5396 ι
2437 5337 2756 5398 ὃθίιίἱιιιῑυιιὶ
2791 5350 2845 5393 et
2876 5337 3273 5408 Macedoniani,
3313 5339 3402 5408 qui
3441 5348 3646 5392 tantum
3671 5339 3725 5391 itt

2149 5414 2404 5482 Spiritum
2433 5424 2680 5469 sanctum
2712 5407 3201 5482 blaspltettticrattt.

2218 5483 2328 5554 (84)
2362 5485 2695 5553 Τριθεΐταις.
2742 5499 2759 5530 ι
2792 5477 3066 5540 Tt'ideilis,
3107 5494 3125 5526 ι
3157 5476 3207 5533 id
3230 5488 3333 5545 est,
3358 5498 3376 5531 ι
3414 5478 3571 5533 trittm
3600 5478 3728 5533 deo-

2148 5570 2265 5609 rum
2289 5556 2601 5609 cultoribus.
2642 5570 2659 5602 ι

2220 5623 2328 5695 (85)
2352 5625 2619 5677 Διθεΐται.
2659 5641 2676 5672 ι
2719 5622 2950 5677 Duorum
2987 5626 3205 5680 deorum
3236 5621 3488 5695 cultores.
3511 5637 3542 5695 _l

2219 5687 2332 5762 (86)
2362 5695 2665 5747 Διάκεισθε
2695 5697 3014 5763 σωτηρίωρ.
3039 5695 3158 5749 Bill.
3185 5711 3198 5746 :
3228 5710 3245 5743 t
3272 5689 3522 5745 incolumi
3552 5687 3729 5754 salute

2150 5777 2297 5819 estis.
2344 5783 2362 5814 ι

2225 5834 2333 5906 (87)
2371 5834 2578 5900 Λόγίς.
2610 5832 2770 5890 Coisl.
2804 5835 2825 5889 1
2873 5834 3038 5903 addit,
3079 5832 3215 5889 ἐστί.
