4038 6338
287 426 404 480 ιιι)

1325 421 1583 479 ORATIO
1622 419 1811 475 XXXI.
1838 449 1923 514 0-
1961 416 2402 474 THEOLOGICA
2437 421 2502 475 V.

3439 425 3550 480 150'

286 539 392 592 καὶ
424 538 560 608 πρὸς
595 537 654 589 ἓν
700 537 768 592 τὰ
820 536 880 602 ἐξ
927 536 1090 590 αὑτοῦ
1130 537 1228 608 τὴν
1276 537 1548 608 ἀναφορὰν
1601 536 1732 606 ἔχει,
1773 535 1859 588 κᾶι

1979 534 2236 603 quoniam
2271 549 2378 588 una
2412 534 2616 601 deitas;
2657 541 2816 604 alque
2842 535 2905 590 ad
2936 551 3120 597 unum,
3145 549 3206 592 ea
3237 550 3356 606 qua:
3381 550 3446 592 ex
3475 553 3540 593 eo

281 628 419 698 τρία
454 627 803 696 πιστεύηται.
836 629 910 680 Οὐ
943 628 1072 698 γὰρ,
1109 628 1169 679 τὸ
1208 629 1306 697 μὲν
1340 628 1536 698 μᾶλλον
1557 628 1689 696 (88),
1723 627 1783 679 τὸ
1814 627 1870 679 δὲ

283 715 458 786 ἧττον
489 718 653 790 Θεὸς
694 719 816 771 οὐδὲ
859 718 918 770 τὸ
952 719 1049 788 μὲν
1092 720 1377 790 πρότερον,
1419 719 1480 772 τὸ
1522 719 1578 771 δὲ
1609 718 1866 789 ὕστερον’

283 810 416 862 οὐδὲ
441 809 690 879 βουλήσει
720 809 997 878 τέμνεται,
1020 809 1140 862 οὐδὲ
1170 809 1392 880 δυνάμει
1423 809 1720 880 μερίζεται,
1747 809 1870 861 οὺδὲ

283 918 343 952 τι
379 900 488 952 τῶν
520 900 622 952 ὅσα
660 903 772 962 τοῖς
819 903 1096 970 μεριστοῖς
1131 899 1241 968 (89)
1289 901 1544 970 ὑπάρχει,
1595 897 1869 952 κάνταῦθα

284 990 477 1044 λαϐεῖν
508 991 657 1043 ἔστιν
683 1008 695 1020 ·
727 990 863 1043 ἀλλὰ
884 990 1177 1062 ἀμέριστος
1203 990 1310 1061 (90)
1343 992 1400 1042 ἐν
1427 989 1867 1060 μεμερισμένοις,

283 1085 340 1135 εἰ
368 1083 450 1135 δεῖ
482 1081 765 1152 συντόμως
803 1084 997 1144 εἰπεῖν,
1029 1083 1061 1152 ἡ
1092 1082 1281 1153 θεότης
1302 1099 1315 1112 ·
1355 1081 1446 1134 καὶ
1478 1075 1588 1133 οἷον
1619 1083 1676 1132 ὲν
1702 1079 1870 1149 ἡλίοις

283 1174 469 1243 τρισὶν
501 1175 783 1244 ἐχομένοις
809 1173 1072 1242 ἀλλήλων,
1112 1173 1211 1243 μία
1233 1171 1325 1226 τοῦ
1353 1171 1526 1240 φωτὸς
1550 1169 1867 1240 σύγκρασις.

288 1266 462 1318 Ὅταν
495 1265 596 1334 μὲν
625 1262 720 1317 οὖν
748 1265 884 1336 πρὸς
917 1265 1013 1335 τὴν
1043 1263 1270 1334 θεότητα
1305 1262 1607 1332 βλέψωμεν,
1642 1261 1734 1313 καὶ
1771 1259 1869 1330 τὴν

285 1355 518 1426 πρώτην
551 1355 754 1419 αἰτίαν,
786 1356 880 1408 καὶ
904 1355 1001 1425 τὴν
1039 1354 1355 1426 μοναρχίαν,
1391 1353 1447 1405 ἓν
1491 1354 1621 1423 ἡμῖν
1648 1351 1708 1403 τὸ
1736 1367 1869 1418 φαν-

283 1447 591 1517 ταζόμενον
611 1461 624 1474 ·
654 1447 782 1499 ὅταν
811 1446 868 1498 δὲ
897 1445 1032 1516 πρὸς
1062 1445 1132 1497 τὰ
1173 1447 1228 1497 ὲν
1263 1440 1343 1506 οἷς
1376 1445 1410 1514 ἡ
1441 1443 1650 1512 θεότης,
1677 1442 1770 1494 καὶ
1802 1441 1870 1494 τὰ

285 1548 356 1591 εκ
385 1537 481 1608 τῆς
513 1537 738 1609 πρώτης
765 1538 943 1600 αἰτίας
969 1537 1208 1607 ἀχρόνως
1237 1536 1442 1590 ἐκεῖθεν
1469 1535 1598 1589 ὄντα
1626 1535 1718 1587 καὶ
1742 1535 1867 1604 ὁμοι

283 1631 480 1696 ὃόξως,
511 1630 639 1702 τρία
667 1629 735 1682 τὰ
771 1628 1236 1700 προσκυνούιιενα.

1973 633 2119 690 sunt,
2165 622 2489 685 referuntur,
2527 622 2734 678 etiamsi
2767 634 2876 680 tres
2934 640 3194 695 personas
3233 626 3537 682 credamus.

1972 712 2157 782 Neque
2183 713 2324 768 enim
2345 714 2444 768 hoc
2463 715 2652 784 magis,
2679 715 2806 769 illud
2825 716 3003 770 minus
3022 726 3105 772 est
3127 717 3263 772 Deus
3281 758 3295 780 ,
3325 732 3421 772 nec
3439 717 3540 771 hoc

1973 804 2140 868 prius,
2169 803 2296 859 illud
2333 804 2749 872 posterius..Nec
2773 806 3044 862 voluntate
3068 807 3407 874 scinduntur,
3441 823 3538 862 nec

1972 895 2213 964 petentia
2241 895 2582 972 dividuntur,
2604 911 2704 950 nec
2739 896 2968 966 denique
2994 898 3285 968 quidquam
3325 913 3536 962 eorum,

1971 999 2089 1054 quae
2111 984 2342 1040 dividnis
2375 985 2537 1041 rebus
2569 986 2910 1056 contingunt,
2959 989 3045 1042 hic
3093 1003 3304 1058 quoque
3332 989 3540 1058 reperi-

1970 1083 2074 1130 tur.
2107 1072 2213 1130 Sed
2230 1075 2496 1130 individua
2520 1076 2572 1130 in
2597 1077 2848 1143 dividuis,
2867 1087 2924 1132 ut
2941 1079 3046 1133 uno
3070 1081 3230 1134 verbo
3249 1080 3539 1146 dicam,est

1970 1165 2241 1232 divinitas,
2270 1180 2333 1220 ac
2349 1167 2492 1222 velut
2517 1167 2569 1221 in
2601 1168 2773 1223 tribus
2795 1169 2997 1224 solibus
3023 1170 3162 1224 inter
3181 1184 3240 1224 se
3259 1172 3536 1224 cohaeren-

1968 1254 2114 1310 tibus
2141 1269 2244 1308 una
2276 1255 2412 1310 lucis
2445 1257 2747 1311 commistio
2778 1267 2832 1312 et
2867 1260 3206 1327 temperatio.
3237 1258 3368 1312 Cum
3405 1271 3534 1326 ergo

1970 1348 2034 1400 ad
2065 1347 2421 1414 divinitatem,
2448 1348 2784 1418 primamque
2825 1349 2968 1404 illam
2997 1364 3240 1417 causam,
3273 1351 3536 1417 uniusque

1968 1438 2328 1507 principatum
2364 1449 2418 1494 et
2457 1439 2736 1510 imperium
2789 1442 3208 1510 respexerimus,
3261 1455 3425 1496 unum
3452 1449 3536 1493 est

1969 1531 2108 1598 quod
2124 1531 2318 1584 mentis
2335 1540 2536 1594 nostrae
2560 1531 2732 1588 oculis
2751 1531 3086 1588 obversatur.
3111 1531 3244 1588 Cum
3271 1544 3456 1586 rursus
3469 1530 3532 1582 ad

1969 1635 2052 1684 ea,
2082 1621 2134 1674 in
2172 1620 2369 1690 quibus
2419 1631 2500 1677 est
2546 1622 2824 1688 divinitas,
2861 1632 2914 1678 et
2959 1639 3081 1694 quae
3114 1639 3179 1678 ex
3214 1625 3387 1692 prima
3443 1621 3532 1674 illa

1968 1725 2164 1776 causa,
2217 1712 2356 1766 citra
2396 1713 2562 1768 ullam
2613 1715 2886 1788 temporis
2929 1715 3422 1785 intercapedinem,
3470 1726 3535 1766 ac

1968 1805 2081 1873 pari
2120 1805 2288 1874 gloria
2319 1813 2464 1868 sunt,
2497 1806 2601 1861 tria
2632 1819 2759 1863 sunt
2791 1823 2910 1878 quae
2936 1810 3248 1864 adorantur.

365 1905 464 1958 ιε’.
497 1903 562 1956 Ti
592 1903 709 1968 δαί;
746 1902 867 1973 οὐχὶ
893 1904 985 1956 καὶ
1015 1903 1144 1974 παρ’
1184 1902 1430 1973 Ἕλλησι,
1461 1905 1615 1970 φαῖεν
1645 1902 1730 1963 ἂν,
1769 1902 1859 1972 μία

2045 1894 2156 1949 XV.
2200 1895 2338 1961 Quid
2393 1906 2596 1960 autem,
2629 1897 2865 1952 dixerint
2900 1897 3155 1962 fortasse,
3187 1911 3363 1952 nonne
3391 1896 3529 1964 apud

284 1996 505 2066 θεότης,
526 1995 603 2058 ὡς
629 1997 679 2047 οἱ
705 1994 773 2046 τὰ
801 1993 1102 2065 τελεώτερα
1125 1995 1254 2064 παρ’
1272 1993 1496 2056 ἐκείνοις
1519 1992 1864 2063 φιλοσοφοῦν-

282 2106 405 2152 τες,
436 2090 532 2142 καὶ
567 2088 696 2159 παρ’
727 2088 860 2157 ἡμῖν
892 2085 1247 2156 ἁνθρωπότης
1283 2085 1401 2156 μία,
1433 2085 1494 2138 τὸ
1514 2085 1668 2152 γένος
1685 2086 1862 2148 ἃπανς

301 2174 450 2226 Ἀλλ’
484 2174 634 2243 ὅμως
672 2174 784 2226 θεοὶ
825 2173 1028 2236 πολλοὶ,
1063 2171 1157 2225 καὶ
1195 2173 1291 2242 οὐχ
1320 2167 1419 2236 εἷς,
1457 2173 1531 2236 ὡς
1562 2173 1624 2244 δὴ
1657 2173 1748 2226 καὶ
1776 2173 1868 2226 ἄν·

287 2266 537 2336 θρωποις
575 2265 715 2318 Ἀλλ’
744 2268 860 2319 ἐκεῖ
900 2265 996 2336 μὲν
1033 2267 1064 2335 ὴ
1098 2265 1344 2335 κοινότης
1377 2265 1436 2317 τὸ
1469 2265 1526 2317 ἓν
1564 2265 1674 2335 ἔχει
1707 2265 1866 2335 μόνον

288 2357 509 2427 ἐπινοίᾳ
539 2357 814 2428 θεωρητόν
839 2356 950 2427 (9|)
969 2373 983 2385 ·
1017 2355 1085 2408 τὰ
1118 2355 1173 2407 δὲ
1203 2356 1324 2409 καθ’
1358 2356 1586 2410 ’ἑκαστον
1617 2355 1866 2408 πλεῖστον

288 2447 565 2518 ἀλλήλων,
596 2449 690 2502 καὶ
715 2448 792 2518 τῷ
823 2449 1022 2519 χρόνῳ,
1053 2450 1147 2503 καὶ
1174 2449 1286 2511 τοῖς
1316 2447 1532 2509 πάθεσι,
1565 2448 1656 2502 καὶ
1683 2451 1747 2518 τῇ
1779 2447 1868 2500 δυ-

285 2541 455 2610 νάμει
479 2541 887 2611 ’μεμερισμένα.
941 2542 1128 2608 Ἡμεῖς
1157 2557 1215 2594 τε
1246 2540 1352 2610 γὰρ
1383 2541 1442 2592 οὐ
1490 2539 1732 2592 σύνθετοι
1769 2539 1866 2608 μόο

284 2646 408 2690 νον,
461 2629 594 2681 ἀλλὰ
652 2630 746 2681 καὶ
795 2630 1082 2694 ἀντίθετοι,
1139 2632 1230 2682 καὶ
1279 2627 1545 2700 ἀλλήλοις,
1597 2629 1690 2682 καὶ
1734 2631 1867 2698 ἡμῖν

285 2721 499 2782 αὐτοῖς,
538 2719 660 2772 οὐδὲ
705 2721 797 2772 ἐπὶ
861 2722 987 2789 μιᾶς
1035 2721 1248 2791 ἡμέρας
1306 2720 1355 2772 οἱ
1407 2718 1560 2772 αὐτοὶ
1614 2718 1868 2790 καθαρῶς

292 2811 571 2880 μένοντες,
637 2811 710 2882 μὴ
767 2812 849 2864 ὅτι
919 2812 1008 2864 τον
1085 2813 1298 2866 ἅπαντα
1360 2810 1503 2880 βίον·
1573 2809 1708 2863 ἀλλὰ
1772 2809 1868 2862 καὶ

291 2901 510 2972 σώμασι
567 2902 658 2955 καὶ
694 2901 895 2972 ψυχαῖς
957 2903 1042 2954 ἀεὶ
1097 2903 1314 2973 ρἐντές
1366 2919 1424 2954 τε
1484 2902 1576 2954 καὶ⁸
1639 2901 1868 2972 μεταπί-

288 3010 539 3056 πτοντες.
582 2994 710 3062 Οὐκ,
741 2989 854 3046 οἶδα
901 2993 979 3058 δὲ,
1025 2995 1072 3046 εἰ
1107 2993 1180 3064 μὴ
1206 2993 1300 3046 καὶ
1330 2991 1546 3061 ἄγγελοι
1590 2992 1724 3062 (9'2),
1774 2992 1866 3045 καὶ

287 3087 444 3138 πᾶσα
473 3085 634 3155 φύσις
679 3087 712 3155 ἡ
758 3086 891 3148 ἄνω,
936 3086 1030 3138 καὶ
1046 3085 1158 3156 (95)
1201 3085 1340 3156 μετὰ
1375 3085 1470 3154 τὴν
1502 3085 1725 3156 Τριάδα,
1762 3084 1866 3138 κᾶν

1964 1986 2212 2041 ethnicos
2243 2000 2458 2056 quoque
2487 1988 2663 2042 deitas
2695 2004 2798 2043 una
2836 2001 2940 2052 εει,
2985 1999 3040 2043 ut
3073 1991 3271 2044 docent
3305 1987 3398 2057 qui
3425 1985 3534 2058 ple-

1967 2073 2087 2129 nius
2114 2075 2253 2144 apud
2292 2075 2411 2131 illos
2441 2077 2840 2148 perfectiusque
2871 2079 3344 2150 philosophantur,
3370 2086 3530 2148 atque
3615 2147 3618 2150 1

1967 2168 2104 2235 apud
2149 2181 2245 2221 nos
2297 2183 2466 2238 genus
2533 2171 2866 2237 universum,
2911 2172 3218 2228 humanitas
3267 2173 3413 2228 una?
3461 2173 3528 2227 Et

1967 2267 2146 2312 tamen
2196 2257 2376 2326 plures
2418 2269 2545 2315 sunt
2579 2261 2673 2326 dii,
2729 2271 2783 2316 et
2831 2278 2936 2318 non
2973 2279 3132 2329 unus,
3169 2266 3312 2318 sicut
3359 2264 3527 2320 etiam

1966 2348 2121 2402 multi
2153 2350 2437 2405 homines?
2469 2351 2538 2404 At
2573 2351 2678 2408 illic
2728 2355 3091 2410 communitas
3123 2355 3383 2410 unitatem
3427 2355 3527 2410 ha-

1966 2440 2082 2506 bet,
2110 2457 2231 2510 quae
2273 2443 2606 2512 cogitatione
2638 2445 2751 2500 sola
2802 2447 3139 2502 considerari
3177 2448 3346 2516 possit
3376 2468 3388 2504 :
3419 2447 3530 2503 sin-

1968 2533 2174 2601 gularia
2212 2543 2419 2600 autem,
2450 2545 2505 2591 et
2542 2545 2805 2606 tempore,
2845 2548 2896 2594 et
2941 2537 3332 2604 aifectionihus,
3371 2547 3532 2608 atque

1969 2626 2105 2681 adeo
2141 2628 2381 2697 potentia
2408 2637 2462 2684 et
2502 2629 2755 2685 facultate
2783 2630 3076 2701 plurimum
3108 2633 3247 2686 inter
3275 2646 3334 2687 se
3358 2630 3528 2686 divisa

1940 2726 2116 2772 sunt.
2167 2717 2301 2771 Nam
2348 2734 2465 2784 nos,
2496 2735 2601 2774 non
2645 2721 2818 2775 solum
2861 2721 3140 2790 compositi
3198 2736 3404 2786 sumus,
3436 2721 3529 2776 sed

1968 2811 2156 2873 etiam,
2190 2818 2304 2864 tum
2341 2803 2491 2864 inter
2523 2825 2618 2865 nos
2650 2820 2856 2874 mutuo,
2890 2819 2999 2866 tum
3028 2811 3182 2866 nobis
3203 2813 3366 2868 etiam
3398 2811 3532 2882 ipsis

1967 2901 2232 2972 Oppositi;
2271 2910 2328 2955 ut
2356 2902 2447 2971 qui
2473 2917 2542 2956 ne
2566 2901 2728 2973 566
2753 2905 2912 2958 unius
2937 2904 3156 2978 quidem
3191 2904 3296 2958 diei
3329 2906 3528 2974 spatio,

1967 2992 2163 3048 nedum
2199 2999 2309 3048 toto
2335 2991 2457 3046 vitae
2484 2994 2776 3059 curriculo,
2811 2995 2968 3064 plane
2994 2995 3158 3050 iidem
3191 3010 3524 3063 maneamus,

1965 3099 2178 3151 verum,
2220 3092 2277 3141 et
2309 3083 2647 3154 corporibus,
2681 3093 2736 3140 et
2778 3086 2997 3157 animis,
3029 3094 3288 3156 perpetuo
3315 3085 3527 3142 difﬂua-

285 3177 459 3230 ἀπλοῖ
488 3194 628 3239 τινες
670 3171 794 3238 ὦσι,
830 3178 923 3230 καὶ
959 3177 1094 3246 πρὸς
1121 3177 1180 3230 τὸ
1224 3176 1386 3230 καλὸν
1419 3175 1766 3247 παγιώτεροι,
1797 3177 1859 3246 τῇ

1968 3190 2089 3230 mus
2135 3184 2189 3229 et
2227 3175 2593 3230 immutemur.
2642 3177 2816 3243 Atque
2853 3175 2997 3230 haud
3029 3176 3166 3240 scio,
3210 3191 3340 3230 num
3385 3173 3526 3230 idem

282 3269 432 3339 πρὸς
463 3270 521 3322 τὸ
551 3270 718 3340 ἄκρον
745 3268 907 3321 καλὸν
934 3268 1212 3341 ὲγγύτητι.

1964 3281 2180 3336 quoque
2232 3266 2283 3320 in
2328 3266 2538 3336 angelis
2595 3266 2769 3322 locum
2812 3268 3031 3332 habeat,
3060 3284 3125 3324 ac
3162 3271 3408 3334 in,omni
3436 3268 3526 3323 illa

282 3359 502 3416 caelesti
539 3371 755 3424 natura,
790 3369 844 3412 et
871 3359 1123 3414 Trinitati
1167 3358 1452 3430 proxima;
1480 3359 1693 3412 tametsi
1759 3357 1964 3425 alioqui
2001 3356 2232 3426 simplici
2274 3359 2508 3426 quadam
2573 3364 2766 3413 natura
2814 3359 3026 3427 praediti
3065 3359 3194 3424 sint,
3253 3368 3419 3428 atque
3456 3359 3526 3414 ob

283 3449 632 3504 vicinitatem
658 3464 802 3514 eam,
837 3463 998 3518 quam
1033 3449 1098 3503 ad
1124 3464 1391 3504 summum
1417 3450 1615 3504 bonum
1643 3449 1862 3510 habent,
1902 3449 1952 3502 in
1991 3448 2192 3502 bonum
2217 3447 2427 3501 ﬁrmius
2459 3446 2646 3503 deﬁxi.

362 3546 482 3610 ις’.
517 3545 584 3597 Οἵ
623 3560 681 3596 τε
722 3545 852 3613 παρ’
899 3543 1159 3616 Ἑλλήνων
1214 3543 1495 3613 σεϐόμενοι
1535 3542 1646 3596 θεοί
1677 3559 1736 3596 τε
1770 3544 1857 3597 καὶ

285 3634 565 3704 δαίμονες,
611 3635 688 3699 ὼς
727 3636 882 3688 αὐτοὶ
925 3635 1205 3703 λέγουσιν,
1249 3634 1402 3687 οὐδὲν
1449 3633 1604 3704 ήμῶν
1655 3633 1862 3687 δέονται

287 3725 635 3796 κατηγόρων,
661 3725 800 3779 ἀλλὰ
824 3729 935 3790 τοῖς
971 3726 1118 3794 σφῶν
1148 3725 1324 3780 αὐτῶν
1353 3725 1662 3779 ἁλίσκονται
1689 3725 1863 3779 θεολό-

287 3834 410 3885 γοις
435 3816 566 3887 (94),
597 3816 673 3880 ὡς
703 3816 801 3888 μὲν
839 3816 1121 3888 ἐμπαθεῖς,
1153 3816 1228 3880 ὡς
1269 3815 1327 3869 δὲ
1360 3815 1687 3880 στασιώδεις,
1719 3816 1858 3872 ὅσων

363 4025 592 4100 (88)-ίοὺ
629 4029 787 4100 τᾲρ,⁸
808 4025 872 4100 τό
895 4027 1010 4100 μὲν
1033 4023 1291 4100 niueae,
1331 4036 1434 4100 etc.
1465 4026 1521 4082 S.
1547 4027 1853 4100 Leoserm.

287 4099 347 4156 8.
374 4095 431 4152 in
467 4095 863 4152 NatiVJChristi
901 4095 1015 4149 ait:
1047 4113 1066 4145 ι
1097 4095 1308 4151 Gradus
1339 4095 1389 4150 in
1422 4112 1548 4153 vero
1577 4098 1883 4154 divinitate

287 4182 413 4222 esse
453 4183 558 4222 non
593 4175 836 4236 possunt.
896 4165 1164 4234 Quidquid
1218 4166 1327 4221 Deo
1355 4167 1531 4222 minus
1564 4176 1670 4232 est,
1716 4169 1857 4224 Deus

288 4247 871 4387 ""i’sii
929 4303 1318 4387 '.Diziduis;.'
1376 4305 1474 4387 ,είς
1513 4315 1624 4387 "es,
1665 4306 1855 4377 Reae.

284 4372 530 4448 quinque
573 4372 748 4448 Golb..
787 4374 899 4448 __0r.
962 4374 1014 4439 1,
1053 4373 1202 4437 Pan,
1237 4372 1426 4431 Comb.
1454 4375 1508 4430 In
1559 4376 1672 4442 ed.,
1704 4372 1859 4448 μερι-

286 4447 464 4506 σταῖς,
499 4464 517 4496 ι
557 4445 975 4515 partitoribus._g

2043 3540 2182 3596 XVI.
2227 3547 2344 3596 Jam
2390 3547 2522 3596 deos
2543 3541 2683 3606 illos,
2709 3557 2844 3612 quos
2869 3544 3068 3599 ethnici
3094 3543 3297 3608 colunt,
3327 3558 3390 3598 ac
3410 3542 3522 3597 da:-

1967 3648 2175 3699 mones,
2219 3641 2281 3688 ut
2318 3633 2537 3704 ipsimet
2571 3643 2788 3702 vocant,
2825 3636 2960 3691 nihil
3017 3653 3046 3692 a
3097 3637 3248 3692 nobis
3279 3634 3522 3690 accusari

1965 3737 2188 3780 necesse
2219 3732 2320 3790 est,
2357 3739 2481 3780 cum
2506 3741 2536 3781 a
2567 3725 2794 3782 suismet
2818 3727 3079 3798 theologis
3112 3727 3521 3789 convincantur,

1963 3832 2124 3888 quam
2191 3817 2352 3874 ftedis
2400 3816 2681 3875 aﬁ'ectibus
2734 3819 3177 3891 obnoxii,quam
3230 3819 3523 3876 turbulenti

1965 4033 2122 4088 modo
2151 4048 2238 4090 res
2259 4049 2317 4090 se
2353 4035 2534 4090 habet.
2562 4032 2697 4087 Nam
2732 4033 2784 4087 in
2820 4047 2904 4097 ea,
2933 4034 3071 4101 quod
3106 4040 3188 4088 est
3216 4045 3518 4096 commune,

1961 4115 2022 4156 re
2067 4106 2463 4168 consideratur,
2502 4113 2724 4174 propter
2744 4103 3163 4174 coaeteruitatem
3192 4111 3247 4155 et
3275 4103 3520 4174 identita-

1960 4179 2068 4225 tem
2097 4176 2367 4238 essentia,
2400 4171 2618 4243 propter
2656 4172 2817 4226 etiam
2846 4171 3520 4243 emcacltalis,rvolnmatis

1956 4248 2011 4312 e_t
2035 4245 2312 4312 sententiae
2334 4242 2808 4312 conspirationem,
2825 4251 2876 4294 et
2895 4242 3140 4312 potentiae
3163 4242 3516 4312 identitatem.

1959 4309 2108 4376 Quod
2135 4327 2263 4367 vero
2297 4313 2349 4367 in
2387 4309 2574 4367 eadem
2605 4312 2890 4365 discrimen
2910 4311 3091 4376 habet,
3124 4312 3175 4365 id
3198 4311 3518 4379 cogitatione

1961 4379 2300 4450 intelligitur.
2332 4381 2466 4436 Nam
2497 4381 2664 4437 Deum
2699 4395 2873 4450 unum
2896 4381 3258 4450 agnoscimus,
3283 4381 3514 4448 atquein

1959 4448 2092 4520 solis
2117 4448 2536 4520 p'mprietatibus
2569 4448 3253 4520 paternitatis,’tiliatiOnis,
3288 4457 3356 4520 et;
3391 4463 3516 4514 pro-

360 4515 476 4600 φο)
518 4511 874 4608 ’Ᾰμὲριςταᾳ
901 4511 1064 4608 ινξιΙε
1083 4512 1534 4608 Ψῡοῐῌοεεεηλυθ
1565 4516 1854 4608 οτιὴοιξιρεξα
1885 4553 1929 4608 D
1958 4511 2540 4608 c.essidnis"discriinen
2569 4511 2944 4584 intelligimus.
2983 4516 3090 4569 Nec
3129 4511 3515 4608 eninindistan-

281 4582 414 4664 ﬁde,
451 4582 576 4654 'cap.
607 4584 744 4654 Περὶ
773 4583 871 4654 τῆς
898 4583 1059 4653 ἁγίας
1083 4582 1330 4653 Τριάδος.
1375 4601 1393 4634 ι
1425 4585 1496 4638 De
1517 4596 1704 4640 sancta
1729 4585 1851 4639 Tri-

283 4663 475 4708 nitate.
508 4671 528 4704 ι

356 4722 472 4794 (91)
511 4721 773 4794 ’ξπινοίᾳ
798 4722 1108 4794 θεωρητόν.
1135 4738 1154 4772 ι
1190 4721 1468 4794 Alindest,
1497 4741 1519 4794 ρ
1558 4721 1729 4792 inquit
1755 4723 1856 4778 Bil-

280 4791 391 4848 lius
430 4791 497 4847 ex
533 4792 668 4855 Elia,
714 4809 732 4842 ς
767 4805 826 4845 re
869 4792 1141 4859 quidpiam
1175 4791 1530 4859 considerari,
1557 4791 1700 4846 aliud
1768 4809 1855 4846 ra-

284 4865 507 4917 tioneet
531 4861 876 4924 cogitatione.
920 4861 1098 4929 Atque
1139 4861 1190 4931 in
1230 4861 1480 4917 omnibus
1511 4863 1722 4931 quidem
1771 4879 1854 4918 re-

283 4934 391 4986 bus
445 4933 665 4994 creatis,
725 4945 1074 4999 persouarnm
1111 4930 1306 4984 divisio
1347 4945 1406 4985 re
1457 4930 1849 4986 consideratur.

281 5000 418 5054 Nam
467 5015 528 5056 re
573 5000 766 5054 Petrus
820 5015 851 5054 a
915 4999 1080 5054 Paulo
1125 5009 1404 5068 separatus
1457 5002 1848 5056 consideratur.

279 5070 659 5124 Communitas
681 5079 882 5139 autem,
909 5079 960 5123 et
1004 5069 1334 5139 conjunctio,
1367 5079 1422 5122 et
1464 5071 1644 5125 unitas
1672 5073 1852 5124 consi-

281 5142 546 5194 derantur
571 5141 780 5192 ratione
795 5138 1056 5192 duntaxat
1077 5138 1129 5192 et
1153 5139 1496 5206 cogitatione.
1523 5139 1654 5193 Nam
1673 5149 1851 5194 mente

279 5209 636 5278 intelligimus
655 5207 876 5278 Petrum
891 5216 957 5278 et!
970 5207 1190 5265 Paulum
1216 5207 1458 5278 ejusdem
1483 5223 1602 5264 esse
1627 5217 1845 5263 naturae.

286 5277 529 5347 Uterque
579 5276 729 5332 enim
763 5276 961 5331 animal
1011 5285 1094 5330 est
1136 5277 1417 5342 rationale,
1456 5277 1702 5339 mortale,
1739 5289 1845 5332 etc.

281 5348 534 5404 Personae
557 5347 800 5401 autemin
830 5361 887 5400 se
918 5347 1144 5401 invicem
1167 5363 1270 5400 non
1299 5357 1448 5412 sunt,
1473 5348 1566 5401 sed
1597 5347 1848 5410 quzelibet

279 5433 467 5470 earum
499 5417 789 5484 peculiaris
812 5425 913 5481 est,
953 5418 1055 5470 hoc
1087 5425 1189 5480 est,
1216 5417 1506 5485 separatim
1531 5416 1767 5482 exsistit,
1790 5426 1845 5472 et

283 5488 446 5541 habet
465 5487 721 5555 plurima,
753 5500 872 5554 qua:
917 5500 1035 5555 eam
1081 5485 1150 5539 ab
1179 5485 1280 5539 alia
1307 5486 1658 5554 distinguant.
1711 5485 1842 5539 Nam

280 5567 335 5610 et
369 5553 488 5611 loco
520 5557 747 5618 distant,
770 5553 834 5609 iet
860 5553 1111 5608 diﬂ‘erunt
1141 5564 1398 5622 tempore,
1433 5553 1726 5618 veluntate,
1749 5570 1844 5623 po-

282 5635 498 5691 testate,
547 5635 997 5693 temperamento,
1037 5633 1142 5678 ctc.
1176 5625 1250 5677 Eo
1282 5623 1337 5676 fit
1383 5633 1439 5677 ut
1469 5626 1574 5678 duo
1599 5625 1678 5677 vel
1733 5635 1844 5679 tres

281 5696 526 5750 homines
554 5695 804 5749 dicantur
833 5703 886 5748 ct
917 5695 1068 5747 multi
1119 5693 1279 5762 (sicut
1313 5694 1370 5746 fit
1421 5694 1580 5747 etiam
1616 5693 1666 5746 in
1691 5693 1841 5748 ϐπε-

279 5781 462 5818 eorum
496 5764 646 5832 diis).
679 5764 818 5832 quod
845 5764 998 5817 divisi
1025 5765 1156 5827 sint,
1195 5772 1454 5832 tempore,
1482 5763 1622 5827 loco,
1654 5763 1838 5832 judicii

278 5837 564 5902 sententia,
605 5831 902 5903 potestate,
945 5842 1051 5888 etc.
1093 5833 1234 5888 Atin
1270 5831 1528 5899 Trinlitate
1567 5831 1839 5890 contrario

1961 4587 2086 4641 liam
2122 4587 2345 4643 localem
2375 4589 2428 4642 in
2458 4588 2655 4642 deitate
2686 4593 2922 4639 statuere
2943 4599 3245 4654 possumus.
3265 4585 3526 4640 Persona:-

1956 4657 2100 4711 euim
2130 4659 2329 4712 suntin
2381 4672 2438 4710 se
2472 4656 2730 4718 invicem;
2779 4671 2882 4708 non
2920 4657 3060 4722 quod
3095 4654 3512 4717 confundantur-,-

1954 4725 2217 4794 sediqnod
2247 4728 2573 4786 cohaereant,
2625 4723 2775 4790 juxta
2807 4723 2932 4794 illud
2965 4723 3122 4780 Joan.
3155 4740 3207 4784 Χ.
3255 4723 3344 4787 58,
3403 4724 3536 4794 Ege»

1952 4795 2008 4846 in
2041 4793 2223 4860 Patre,
2247 4806 2295 4849 et
2316 4794 2476 4848 Pater
2499 4796 2553 4848 in
2583 4809 2663 4848 me
2686 4804 2780 4848 est.
2809 4792 2930 4864 Non
2963 4796 3088 4848 item
3118 4804 3356 4848 statuere
3389 4792 3514 4864 pos-

1951 4877 2138 4917 sumus
2173 4867 2225 4920 in
2283 4865 2572 4928 Triuitale,
2611 4864 2690 4918 vel
2738 4863 3046 4929 voluntatis,
3078 4864 3162 4918 vel
3213 4863 3511 4929 sententiae,

1951 4933 2032 5004 vel
2067 4933 2398 4990 efﬁcacitatis
2439 4945 2529 4987 aut
2569 4934 2819 5004 putentiae
2864 4933 3251 4998 diversitatem,
3294 4934 3376 5004 vel
3414 4949 3512 5004 cu-

1951 5001 2196 5070 iusquam
2233 5006 2368 5058 alius
2392 5005 2489 5066 rei,
2520 5001 2856 5072 quaecunque
2891 5005 3084 5060 realem
3120 5018 3183 5058 ac
3209 5003 3423 5058 totalem
3457 5003 3511 5056 in

1951 5072 2105 5126 nobis
2127 5073 2444 5127 divisionem
2470 5075 2712 5143 gignunt.
2746 5072 3058 5143 Itaquehnec
3088 5083 3197 5128 tres
3222 5073 3350 5128 deos
3379 5072 3514 5127 dici-

1949 5157 2086 5204 mus,
2120 5146 2214 5197 sed
2242 5159 2430 5205 unum,
2477 5141 2876 5197 sacrosanctam
2915 5141 3253 5196 Trinitatem.
3291 5159 3311 5194 ι

2018 5211 2128 5280 (92)
2158 5211 2270 5266 Καὶ
2294 5211 2554 5283 ἄγγελοι.
2585 5231 2603 5263 ι
2623 5211 2830 5280 Augeli,
2865 5229 2884 5262 ι
2916 5213 3087 5280 inquit
3113 5212 3375 5283 BilliusLi
3436 5227 3528 5265 ra--

1950 5279 2093 5334 tione
2109 5279 2351 5345 arbitrii,
2378 5279 2586 5334 'natnra
2637 5279 2738 5333 sua
2777 5279 3000 5350 imitari
3035 5292 3282 5350 possunt.
3312 5281 3510 5334 Verum

1946 5361 2043 5416 per
2077 5351 2303 5419 gratiam
2329 5354 2377 5404 id
2411 5349 2810 5415 suntassecuti,
2840 5360 2898 5404 ut
2933 5349 3050 5420 jam
3074 5366 3142 5406 ne
3167 5350 3362 5405 mutari
3395 5353 3514 5419 qui-

1947 5420 2064 5472 dem
2097 5421 2318 5485 possint.
2355 5439 2373 5470 s
3067 5466 3069 5469 .

1943 5487 2127 5611 Casii?)
2191 5490 2327 5543 Καί.
2391 5491 2550 5544 Deest
2602 5489 2653 5542 in
2717 5489 2889 5546 tribus
2945 5488 3112 5561 Regg.
3169 5496 3224 5542 et
3275 5489 3515 5558 quinque

1987 5570 2096 5611 OID.

2016 5626 2127 5696 (94)
2168 5627 2502 5696 Θεολόγοις.
2558 5645 2577 5678 ι
2614 5627 2924 5683 Graecorum
2972 5627 3235 5696 theologi,
3277 5646 3296 5680 ι
3343 5627 3516 5696 inquit

1941 5695 2116 5762 Elias,
2144 5715 2161 5747 I
2196 5707 2320 5751 sunt
2345 5695 2587 5763 Hermes,
2622 5697 2888 5766 Orpheus,
2925 5695 3208 5760 Horueruis.
3245 5695 3428 5752 Plato,
3459 5706 3516 5752 et

1939 5766 2279 5821 Aristoteles.
2332 5766 2546 5819 Maximi
2580 5777 2779 5822 'tamen
2833 5771 2972 5823 inter
3028 5784 3121 5823 eos
3165 5777 3514 5824 numerantur

1940 5834 2093 5891 Piato
2127 5846 2180 5891 et
2210 5836 2551 5892 Aristoteles.
2589 5856 2608 5886 ι
