4038 6338
558 390 652 446 151

1766 388 1824 444 S.
1865 387 2193 446 GREGORII
2230 390 2578 449 THEOLOGI

3664 398 3773 453 152

542 521 667 573 ςιιιι,
706 514 835 576 quot
866 506 1018 560 malis
1044 513 1307 568 srateant,
1333 515 1465 575 quot
1498 506 1821 562 mutationes
1851 518 2096 576 subeant,

2223 510 2256 562 ἑὲ
2304 510 2483 564 κακῶν
2529 511 2808 582 γέμοντες,
2860 513 2954 567 καὶ
2995 513 3333 584 μεταϐολῶν·
3378 512 3472 566 καὶ
3516 514 3578 566 οὐ
3632 515 3769 585 πρὸς

539 606 699 664 atque
728 610 834 651 non
867 607 1051 650 mutuo
1085 594 1257 650 solum
1304 598 1443 649 inter
1471 611 1551 661 se,
1585 599 1679 651 sed
1708 598 1872 652 etiam
1907 599 2098 667 primis

540 688 648 742 illis
677 688 857 742 causis
885 687 1256 750 adversentur,
1286 702 1421 755 quos
1443 686 1706 753 Oceanus,
1732 698 1782 742 et
1818 687 2096 754 Tethidas,

539 789 595 835 et
625 778 919 843 Phanetas,
958 789 1014 834 et
1060 780 1243 834 nescio
1274 794 1380 847 quo
1408 780 1516 834 alio
1542 780 1755 834 nomine
1790 781 2097 850 appellant;

540 882 605 923 ae
639 876 910 938 postremo
962 868 1128 923 Deum
1160 868 1445 937 quemdam
1485 870 1554 923 ob
1587 868 1927 937 principatus
1952 884 2105 923 anto-

545 972 658 1013 rem
692 958 874 1013 liberis
901 959 1015 1014 suis
1058 957 1334 1024 infestum,
1371 951 1543 1029 atque,
1587 957 1722 1013 alios
1763 972 1952 1012 omnes
1994 972 2103 1026 pra:

545 1049 848 1117 inexplebili
893 1050 1188 1117 cupiditate
1237 1049 1605 1111 devorantem,
1631 1058 1688 1102 ut
1725 1057 1776 1102 et
1827 1049 2102 1102 hominum

542 1140 782 1193 omnium
827 1139 987 1193 Pater
1023 1139 1115 1202 sit,
1144 1148 1197 1193 et
1227 1139 1475 1209 deorum,
1522 1153 1654 1209 quos
1696 1140 1891 1194 misere
1920 1153 2104 1193 come-

543 1230 705 1293 derit,
739 1239 793 1283 et
837 1228 1159 1283 evomuerit.
1208 1229 1361 1295 Quod
1395 1232 1442 1283 si
1483 1230 1597 1283 haec
1652 1229 1773 1297 ipsi,
1804 1237 1863 1281 ut
1897 1242 2100 1282 sermo-

543 1321 631 1375 nis
673 1320 1061 1389 turpitudinem
1110 1319 1343 1390 fugiant,
1386 1318 1653 1385 fabulosa,
1697 1328 1861 1388 atque
1910 1319 2107 1387 allego-

545 1413 660 1468 rico
710 1428 870 1468 sensu
912 1413 1318 1482 interpretanda
1362 1426 1483 1470 esse
1532 1411 1930 1475 contenderint,
1982 1413 2107 1481 quid

547 1505 761 1560 tandem
786 1504 851 1558 ad
878 1504 1006 1558 illud
1025 1505 1225 1570 dicent,
1244 1503 1508 1572 trifariam
1528 1503 1704 1557 omnia
1724 1502 1888 1555 divisa
1913 1516 2021 1555 esse
2041 1500 2105 1562 ⁸⁸.

547 1595 822 1664 aliumque
864 1594 950 1649 alii
991 1594 1224 1663 cuipiam
1275 1594 1422 1649 orbis
1455 1594 1591 1663 parti
1643 1605 1894 1662 praeesse,
1948 1598 2110 1659 atque

546 1697 601 1743 ct
630 1687 869 1742 materiis
913 1696 967 1743 et
1009 1686 1362 1755 dignitatibus
1413 1684 1696 1740 distinctos
1727 1682 1888 1738 esse?
1914 1681 1983 1735 At
2010 1696 2109 1734 no-

547 1788 674 1832 stra:
707 1777 963 1833 doctrinae
1002 1792 1106 1831 non
1152 1776 1339 1831 eadem
1384 1786 1469 1830 est
1500 1775 1674 1839 ratio;
1705 1788 1805 1828 nec
1845 1788 1970 1842 pars
2000 1774 2111 1827 haec

546 1868 736 1933 Jacob,
773 1879 832 1924 ut
881 1870 1052 1939 inquit
1103 1882 1253 1924 meus
1318 1866 1600 1936 theologus
1620 1866 1686 1919 ³⁵.
1752 1865 1856 1920 Sed
1916 1865 2107 1919 borum
2144 1844 2184 1901 Β

548 1961 823 2031 quodlibet
854 1962 1112 2015 unitatem
1139 1960 1318 2022 habet,
1347 1973 1451 2012 non
1479 1956 1656 2012 minus
1688 1957 1826 2025 eius,
1853 1970 1973 2010 cum
2002 1970 2111 2025 quo

548 2050 938 2119 cenjnngitur,
992 2063 1155 2119 quam
1222 2048 1478 2116 suiipsius
1555 2055 1836 2113 respectu,
1886 2054 2107 2114 pr0pter

548 2142 798 2196 essentite
826 2149 880 2195 et
911 2141 1162 2209 potentia:
1205 2139 1565 2194 identitatem.
1608 2139 1782 2206 Atque
1810 2137 1923 2192 haec
1951 2138 2107 2191 unio-

550 2233 635 2287 nis
675 2232 833 2300 hujus
880 2232 1017 2285 ratio
1049 2240 1152 2293 est,
1186 2241 1448 2300 quantum
1489 2229 1705 2297 quidem
1741 2229 1841 2298 ipsi
1878 2228 2109 2297 percipi-

550 2336 692 2377 mus.
721 2323 795 2377 Ac
834 2323 878 2377 si
916 2321 1134 2390 quidem
1171 2322 1324 2374 tirma
1349 2330 1430 2375 est
1464 2320 1577 2375 haec
1603 2319 1762 2383 ratio,
1787 2318 1895 2373 Deo
1918 2320 1986 2374 ob
2017 2320 2114 2374 hu-

547 2413 784 2483 iusmodi
814 2412 1234 2482 speculationem
1287 2411 1487 2480 gratias
1512 2424 1645 2479 ago;
1670 2410 1751 2465 sin
1794 2410 1993 2475 minus,
2024 2409 2116 2463 lir-

554 2504 779 2559 miorem
811 2503 970 2556 aliam
999 2502 1400 2571 eonquiremus.

624 2590 786 2647 XVll.
830 2591 941 2647 Tua
1005 2607 1169 2662 porro
1229 2598 1565 2662 argumenta,
1626 2590 1823 2659 quibus
1875 2599 2114 2645 nostram

556 2688 700 2741 illam
735 2686 985 2741 unionem
1033 2692 1279 2741 evertere
1328 2684 1563 2748 conaris,
1600 2692 1837 2739 statuere
1888 2696 2115 2752 nequeo,

556 2778 855 2834 iudentisne
903 2778 1101 2847 potius,
1135 2782 1203 2829 an
1238 2776 1384 2830 serio
1438 2775 1647 2845 agentis
1689 2789 1811 2829 esse
1848 2774 2115 2830 dicamus.

557 2871 838 2938 Quodnam
896 2869 1038 2924 enim
1091 2876 1175 2922 est
1215 2867 1320 2922 hoc
1364 2866 1792 2936 argumentum?
1838 2865 1937 2933 Ea,
1998 2880 2120 2934 quae

558 2962 798 3035 ejusdem
845 2960 1097 3017 essentia:
1183 2968 1343 3026 sunt,
1392 2965 1886 3023 connumerantur,
1942 2958 2122 3026 inquis

560 3051 1111 3124 (connutnerationem
1138 3048 1392 3103 videlicet
1430 3048 1707 3118 appellans
1753 3047 1807 3101 in
1838 3062 2121 3101 numerum

2201 600 2463 670 ἀλλήλους
2514 602 2695 671 μόνον,
2724 604 2856 656 ἀλλὰ
2888 604 2981 657 καὶ
3025 604 3158 674 πρὸς
3199 604 3299 667 τὰς
3332 604 3549 674 πρώτας
3592 606 3772 668 αἰτίας

2203 691 2494 753 ἀντιθέτως
2541 691 2782 761 ἔχοντες·
2826 692 2918 756 οὓς
2956 694 3021 764 δὴ
3041 695 3151 763 (95)
3199 696 3289 748 καὶ
3334 696 3640 757 Ὠκεανοὺς,
3674 696 3770 748 καὶ

2203 780 2442 849 Τηθύας,
2480 782 2573 833 καὶ
2620 782 2869 852 Φάνητας
2893 782 3024 853 (96),
3070 784 3163 835 καὶ
3207 784 3307 836 οὐκ
3351 781 3467 836 οἶδα
3517 782 3771 845 οὕστινας

2202 870 2565 940 ὀνομάζουσι’
2601 872 2694 923 καὶ
2722 871 3030 925 τελευταῖόν
3063 889 3184 924 τινα
3231 872 3350 924 θεὸν
3399 872 3511 942 (97)
3554 874 3773 942 μισότε-

2205 977 2329 1013 κνον
2359 960 2447 1013 διὰ
2474 960 2783 1032 φιλαρχίαν,
2812 962 3017 1024 πάντας
3037 963 3401 1015 καταπίνοντα
3427 964 3552 1026 τοὺς
3578 964 3773 1029 ἄλλους

2206 1051 2264 1115 ἐξ
2307 1052 2628 1121 ἀπληστίας,
2677 1053 2763 1105 ἵνα
2808 1053 3028 1123 γένηται
3070 1055 3284 1108 πάντων
3310 1054 3518 1133 ἀνδρῶν
3539 1073 3597 1107 τε
3625 1048 3772 1109 θεῶν

2207 1160 2264 1194 τε
2295 1144 2496 1213 πατὴρ,
2522 1143 2799 1213 ξέστυχῶς
2838 1144 3162 1215 ἐσθιομένων
3203 1147 3297 1199 καὶ
3342 1146 3676 1217 ἐμουμένων.
3709 1149 3775 1201 Ei

2208 1232 2458 1286 δὲταῦτα
2491 1234 2670 1304 μῦθοι,
2708 1237 2802 1288 καὶ
2845 1236 3088 1289 ὑπόνοιαί
3115 1253 3279 1304 τινες,
3324 1238 3399 1299 ὡς
3431 1239 3582 1291 αὐτοί
3616 1257 3776 1307 φασι,

2208 1324 2268 1374 τὸ
2312 1323 2545 1393 αἰσχρὸν.
2583 1324 2675 1375 τοῦ
2720 1325 2876 1392 λόγου
2918 1326 3403 1398 διαδιδράσκοντες,
3444 1328 3496 1381 τί
3542 1331 3778 1401 φήσουσι

2210 1413 2345 1483 πρὸς
2379 1414 2459 1477 τὸ,
2495 1416 2701 1482 Τριχθά
2737 1416 2804 1468 δὲ
2842 1416 3034 1470 πάντα
3063 1418 3368 1485 δέδασται,
3401 1420 3497 1472 καὶ
3518 1420 3577 1471 τὸ
3612 1420 3773 1474 ἄλλον

2210 1503 2353 1573 ἄλλῳ
2395 1506 2500 1558 τινὶ
2543 1505 2649 1557 τῶν
2701 1506 2867 1560 ὄντων
2909 1510 3238 1571 ἐπιστατεῖν,
3282 1508 3643 1579 διηρημὲνους
3678 1512 3779 1562 καὶ

2209 1596 2327 1656 ταῖς
2357 1592 2507 1656 ὕλαις
2525 1595 2658 1663 (98),
2697 1598 2788 1649 καὶ
2813 1600 2923 1660 τοῖς
2968 1597 3273 1668 ἀξιώμασις
3305 1600 3378 1652 Τὸ
3404 1600 3459 1652 δὲ
3489 1601 3778 1672 ἡμέτερον,

2211 1682 2271 1733 οὐ
2302 1682 2536 1735 τοιοῦτον
2555 1699 2568 1711 °
2600 1684 2753 1737 Οὐδὲ
2777 1686 2927 1752 αὕτη
2954 1687 3118 1755 μερὶς
3134 1686 3211 1752 τῷ
3240 1688 3448 1742 Ἰακὼϐ
3465 1690 3594 1760 (99),
3614 1693 3782 1761 φησὶν

2212 1772 2240 1821 ὁ
2292 1772 2421 1842 ἐμὸς
2468 1772 2743 1842 θ.εολέ5γος⁸
2797 1775 2931 1828 ἀλλὰ
2983 1777 3042 1829 τὸ
3089 1777 3146 1829 ἓν
3195 1777 3423 1831 ’ἑκαστον
3467 1779 3644 1832 αὐτῶν
3670 1780 3783 1849 ἔχει

2219 1864 2351 1934 πρὸς
2379 1867 2439 1918 τὸ
2484 1869 2861 1938 συγκείμενον,
2898 1871 2996 1940 οὐχ
3040 1866 3200 1941 ἦττον
3244 1871 3277 1941 ἢ
3318 1872 3452 1943 πρὸς
3494 1872 3673 1932 ἑαυτὸ,
3704 1874 3784 1944 τῷ

2218 1953 2398 2023 ταυτῷ
2437 1955 2534 2024 τῆς
2584 1957 2772 2021 οὐσίας
2820 1960 2913 2011 καὶ
2947 1960 3045 2029 τῆς
3082 1960 3381 2029 δυνάμεως.
3423 1962 3535 2014 Καὶ
3564 1955 3720 2024 οὗτος
3754 1964 3785 2017 6

2217 2044 2315 2113 τῆς
2344 2045 2586 2109 ἑνώσεως
2615 2047 2788 2116 λόγος.
2836 2050 2958 2102 ὅσον
3002 2052 3085 2119 ἐφ’
3116 2046 3196 2113 οἷς
3220 2052 3294 2120 (Ι)
3336 2054 3493 2121 ἡμεῖς
3532 2053 3784 2123 κατειλή-

2219 2153 2417 2206 φαμεν.
2465 2139 2525 2189 Ei
2563 2139 2658 2209 μὲν
2687 2136 2780 2192 οὖν
2813 2142 3027 2211 ἰσχυρὸς
3071 2138 3224 2205 οὗτος
3257 2144 3286 2194 ὁ
3335 2143 3511 2212 λόγος,
3552 2144 3629 2213 τῷ
3666 2143 3790 2215 Θεῷ

2219 2228 2378 2297 χάρις
2404 2230 2500 2299 τῆς
2531 2229 2789 2302 θεωρίας·
2829 2235 2877 2285 εἰ
2916 2233 2972 2286 δὲ
3016 2233 3112 2304 μὴ,
3160 2234 3410 2305 ζητῶμεν
3433 2235 3524 2290 τὸν
3567 2236 3789 2307 ἰσχυρό-

2219 2336 2393 2389 τερον.

2296 2594 2390 2647 lZ'.
2423 2593 2558 2656 Τοὺς
2590 2593 2645 2646 δὲ
2689 2595 2813 2659 σοὺς
2859 2597 3068 2665 λόγους,
3101 2598 3201 2659 οὐκ
3237 2594 3355 2651 οἶδα
3403 2600 3631 2668 πότερον
3660 2600 3792 2654 παίο

2225 2683 2408 2746 ζοντος
2439 2680 2577 2735 εἶναι
2608 2684 2852 2755 φήσομεν
2866 2685 2967 2755 (Ξ),
3010 2686 3043 2756 ἢ
3088 2686 3494 2751 σπουδάζοντος.
3525 2684 3607 2752 οἷς
3634 2690 3791 2743 ἀναι-

2228 2778 2341 2847 ρεῖς
2366 2776 2520 2847 ἡμῶν
2560 2776 2658 2847 τὴν
2703 2777 2913 2831 ἕνωσιν.
2946 2779 3041 2842 Τίς
3083 2779 3191 2850 γὰρ
3216 2779 3277 2850 δὴ
3304 2780 3398 2832 καὶ
3434 2781 3462 2832 ὁ
3492 2780 3679 2849 λόγος;
3710 2781 3792 2835 Τά

2225 2867 2483 2938 ὁμοούσια
2525 2868 2933 2938 συναριθμεῖται
2955 2869 3053 2939 (5),
3098 2871 3203 2938 φῂς
3241 2869 3664 2942 (συναρίθμησιν
3706 2872 3793 2925 λέ-

2226 2977 2336 3028 γων
2364 2961 2462 3030 τὴν
2486 2963 2565 3023 είς
2589 2959 2821 3030 ἀριθμὸν
2842 2960 2937 3014 ἕνα
2964 2961 3291 3032 συναίρεσιν)
3311 2977 3324 2990 ⁶
3350 2963 3409 3015 οὐ
3442 2964 3790 3035 συναριθμεῖ-

2226 3066 2315 3101 ται
2342 3048 2399 3101 es
2424 3048 2492 3101 τὰ
2523 3049 2596 3118 μὴ
2621 3048 2899 3118 ὁμοούσια.
2937 3048 3099 3100 Ὥστε
3123 3049 3278 3118 ὑμεῖς
3309 3050 3406 3119 μὲν
3434 3050 3493 3102 οὐ
3530 3051 3793 3119 φεύξεσθε

561 3144 722 3215 567
754 3159 916 3197 unum
958 3139 1434 3210 contractionem),
1467 3153 1587 3209 quat
1619 3147 1802 3192 autem
1848 3136 2119 3207 disparem

2229 3140 2287 3192 τὸ
2322 3139 2501 3207 λέγειν
2543 3141 2691 3207 τρεῖς
2729 3138 2885 3201 θεοὺς
2930 3137 3071 3192 κατὰ
3101 3139 3191 3192 τὸν
3222 3138 3377 3208 λόγον
3406 3140 3624 3194 τοῦτον·
3661 3144 3795 3213 ἡμῖν

562 3196 921 3292 substantiam
956 3235 1175 3298 habent,
1204 3232 1429 3287 minime
1458 3239 1939 3286 connumerantur.
1968 3227 2119 3284 Unde

2229 3231 2285 3284 δὲ
2316 3196 2436 3283 οὐδὲ
2471 3224 2549 3293 εἷς
2577 3196 2814 3293 κίνδυνος
2836 3196 2938 3282 "ob
2983 3230 3092 3300 γὰρ
3136 3196 3395 3300 ὁμοούυσια
3430 3196 3791 3303 λέγομεν.ηΣὺ

563 3342 659 3383 vos
709 3328 925 3397 quidem
982 3342 1048 3381 ex
1109 3341 1174 3379 eo
1207 3324 1346 3379 elabi
1388 3337 1495 3378 non
1546 3322 1791 3393 potestis,
1822 3322 1950 3391 quin
1977 3318 2125 3389 iuxta

566 3420 705 3473 hanc
752 3418 1035 3481 rationem,
1085 3426 1195 3472 tres
1248 3416 1377 3471 deos
1406 3414 1686 3470 asseratis.
1730 3411 1899 3469 Nobis
1945 3422 2125 3468 autem

564 3510 767 3564 nullum
804 3509 909 3564 tale
943 3508 1239 3579 periculum
1268 3508 1530 3562 imminet.
1561 3506 1677 3562 Non
1721 3507 1864 3561 enim
1893 3521 1956 3562 ea
1994 3522 2127 3561 con-

565 3599 940 3654 aubstantialia
991 3613 1114 3653 8:88
1168 3596 1505 3666 proﬁtemur.
1553 3596 1916 3665 Respondet):
1958 3594 2130 3650 Unica

566 3704 699 3745 voce
754 3691 984 3760 teipsum
1044 3690 1261 3759 negotio
1302 3704 1367 3742 ac
1408 3688 1652 3743 molestia
1701 3688 1965 3753 liberasti,
2018 3702 2132 3741 ma-

568 3781 784 3850 latnque
818 3781 1098 3835 victoriam
1151 3780 1377 3849 adeptus
1414 3794 1475 3834 es
1507 3796 1521 3833 :
1560 3780 1810 3847 idemque
1860 3780 1955 3834 tibi
1993 3778 2132 3833 acci-

569 3869 671 3935 dit,
702 3868 960 3938 quodiis,
985 3870 1075 3937 qui
1122 3868 1314 3923 mortis
1348 3877 1514 3933 metu,
1549 3868 1790 3936 sibiipsis
1823 3868 2013 3937 laqueo
2045 3867 2128 3920 vi-

2236 3321 2334 3391 μὲν
2358 3316 2450 3374 οὗν
2492 3320 2802 3391 ἀπήλλαξας
2836 3321 3056 3372 σεαυτὸν
3101 3322 3439 3392 πραγμάτων
3475 3325 3573 3394 μιᾷ
3615 3328 3792 3396 φωνῇ,

2232 3414 2327 3465 καὶ
2357 3412 2454 3482 τὴν
2490 3412 2664 3483 κακὴν
2699 3414 2854 3481 νίκην
2894 3411 3213 3482 νενίκηκαςο
3252 3414 3435 3483 ὅμοιόν
3464 3431 3519 3467 τι
3567 3416 3799 3487 ποιήσας

2233 3506 2345 3566 τοῖς
2385 3502 2472 3556 διά
2516 3502 2745 3555 θανάτου
2787 3502 2949 3571 φόϐον
2991 3503 3409 3574 ἀπαγχομένας.
3444 3505 3560 3559 ’Ἱνα
3582 3505 3693 3577 γάρ
3725 3507 3799 3577 μὴ

2232 3593 2414 3664 κάμῃς
2442 3594 2507 3662 τῇ
2544 3592 2808 3663 μοναρχία
2847 3593 3257 3664 συνιστάμενος,
3296 3597 3519 3666 ὴρνήσω
3549 3596 3799 3667 θεότητα,

2233 3684 2326 3737 καὶ
2364 3682 2700 3752 προδέδωκας
2724 3686 2836 3746 τοῖς
2859 3684 3070 3755 ἐχθροῖς
3103 3686 3163 3738 τὸ
3191 3685 3539 3755 ζητούμενον.
3580 3686 3723 3755 Ἐγὼ
3746 3688 3802 3740 δὲ

2232 3776 2333 3829 κᾶν
2356 3792 2409 3827 τι
2436 3774 2533 3847 δὲῃ
2558 3778 2776 3844 καμεῖν,
2804 3777 2863 3827 οὐ
2894 3777 3203 3847 προήσομαι
3227 3776 3287 3828 τὸ
3310 3777 3800 3849 προσκυνούνιενον.

2206 3889 2212 3896 ’
2245 3864 2507 3919 Ἐνταῦθα
2527 3866 2605 3932 δὲ,
2635 3866 2753 3918 οὐδὲ
2782 3866 2893 3937 ὁρῶ
2918 3868 3001 3931 τίς
3024 3870 3052 3921 ὁ
3085 3868 3264 3931 πόνος.

571 3975 679 4018 tam
738 3962 1001 4017 adimunt.
1056 3962 1289 4027 Etenim,
1345 3976 1414 4016 ne
1472 3962 1524 4016 in
1577 3960 1915 4017 defendendo
1980 3960 2139 4015 unius
2177 3960 2478 4031 principatu
2555 3959 2803 4026 desudes,
2856 3960 3107 4015 deitatem
3157 3961 3386 4031 negasti,
3453 3961 3805 4031 hostibusque

570 4054 648 4120 iu,
678 4054 821 4124 quod
854 4053 1189 4123 quaerebant,
1221 4052 1528 4122 prodidisti.
1570 4052 1680 4121 Ego
1714 4067 1863 4119 vero,
1924 4052 2088 4107 etiam
2132 4052 2179 4107 si
2213 4051 2341 4121 quid
2374 4049 2573 4104 laboris
2636 4050 2973 4105 subeundum
3003 4052 3095 4118 sit,
3131 4067 3233 4106 non
3268 4061 3467 4107 tamen
3496 4054 3722 4123 prodam
3751 4054 3804 4109 id

570 4140 731 4218 quod'
775 4150 1052 4204 aduratur.
1101 4148 1418 4217 Quanquam
1461 4163 1528 4202 ne
1574 4148 1662 4203 hic
1695 4148 1910 4217 quidem
1962 4148 2136 4211 video,
2179 4146 2302 4217 quis
2328 4146 2481 4200 labor
2511 4144 2885 4214 suscipiendus
2915 4145 3004 4199 sit.

640 4238 828 4294 XVIII.
869 4238 1355 4305 Connumerantur,
1389 4238 1591 4309 inquis,
1626 4252 1715 4304 ea,
1738 4253 1857 4308 quae
1888 4238 2133 4293 eamdem

570 4334 927 4390 substantiam
977 4333 1176 4386 habent
1211 4345 1371 4401 :qua:
1417 4341 1596 4385 autem
1650 4331 1947 4386 substantia
1994 4330 2137 4383 inter

570 4440 630 4482 se
656 4423 932 4489 diﬂ’erunt,
971 4422 1301 4494 singularem
1346 4422 1727 4477 indicationein
1765 4422 1987 4477 habent.
2024 4419 2134 4475 Un-

568 4516 639 4571 de
687 4515 811 4577 hoc,
841 4521 896 4567 et
946 4528 976 4567 a
1012 4511 1207 4583 quibus
1253 4512 1563 4585 doctoribus
1609 4521 1701 4566 aut
1747 4510 2138 4565 fabulatoribus

570 4604 873 4673 accepisti?
906 4602 1112 4658 llludne
1147 4611 1199 4658 te
1249 4603 1405 4673 fugit,
1442 4618 1727 4659 numerum
1750 4618 1964 4659 omnem
2000 4603 2139 4658 hanc

571 4696 678 4747 vim
720 4694 939 4757 habere,
971 4703 1031 4748 ut
1064 4695 1429 4764 subiectorum
1460 4696 1840 4766 quantitatem,
1874 4713 1980 4752 non
2010 4698 2135 4751 item

573 4798 752 4839 rerum
810 4793 1078 4849 naturam,
1125 4785 1394 4855 explicet?
1433 4785 1540 4856 Ego
1591 4801 1719 4842 vero
1769 4787 1841 4841 ita
1884 4786 2133 4856 simplex,

644 4936 690 4969 ³⁸
717 4934 936 4990 Homer.
986 4935 1153 4993 Iliad.
1204 4954 1314 5003 xiv,
1371 4954 1502 4993 uera.
1535 4938 1653 4992 189.
1731 4942 1774 4969 ³³
1806 4938 1916 4993 Jer.
1943 4956 1998 5007 χ,
2026 4940 2110 4992 l6.

642 5096 757 5167 (95)
792 5095 909 5167 Οὓς
926 5093 1023 5167 δή.
1057 5095 1144 5150 Sic
1181 5094 1310 5164 Reg.
1349 5094 1460 5156 bm,
1493 5093 1639 5158 Bas.,
1695 5093 1893 5163 aliique
1937 5094 2137 5163 plures.

572 5167 627 5221 In
653 5165 746 5220 ed.
775 5166 924 5218 deest
946 5165 1032 5234 δή.

642 5236 757 5308 (96)
796 5231 1492 5308 Ὠκξανὸὺᾳηητηθύαᾳη
1529 5231 2142 5308 φάνηζαςλζει-(Οεςε-

572 5301 690 5372 nos,
718 5306 991 5375 Tethydas
1043 5313 1093 5357 et
1150 5303 1435 5365 Phanetas,
1483 5322 1501 5353 ι
1557 5304 1804 5372 intelligit
1845 5301 2138 5372 Gregorius

572 5379 724 5430 deos.
761 5375 873 5430 nui.
906 5374 1054 5430 iuxta
1089 5382 1293 5430 poetas.
1323 5392 1340 5424 ‹
1383 5376 1540 5430 mari.
1580 5383 1738 5428 terra:
1770 5374 2025 5430 vitalique
2057 5373 2138 5426 [ει-

573 5388 724 5441 deos,
761 5391 873 5446 qut,
904 5388 1054 5440 juxta
1089 5388 1293 5441 poetas,
1323 5392 1340 5424 ‹
1383 5390 1540 5437 mari,
1580 5388 1738 5428 terra:
1770 5388 2025 5441 vuanque

573 5447 755 5501 cultati
788 5464 807 5497 ι
836 5444 1121 5512 praesidere
1146 5442 1437 5512 ﬁnguntur.

643 5516 755 5586 (97)
790 5511 927 5586 Ἰξινα
955 5512 1123 5575 Θεόν,
1146 5522 1253 5566 etc.
1277 5511 1374 5566 llic
1396 5513 1707 5581 designatur
1738 5511 2021 5586 saturnus.
2051 5511 2143 5566 Div

579 5583 716 5638 situr
749 5603 767 5635 ι
808 5584 947 5638 ﬁlios
980 5586 1268 5646 devorans,
1316 5600 1335 5633 ι
1369 5587 1509 5647 quod
1545 5599 1733 5636 saxum
1766 5583 1951 5638 fasciis
1989 5583 2142 5639 invo-

591 5665 742 5707 utum
772 5668 869 5721 pro
898 5652 1032 5708 Jove
1058 5653 1348 5721 devorasse
1376 5653 1613 5721 tingitur.

643 5719 1034 5790 (ξὶῖῖ)“’Υλαις-.
1074 5740 1092 5774 ι
1133 5719 1390 5790 Materiis,
1424 5719 1540 5775 i'id
1581 5732 1681 5787 est,
1736 5742 1755 5773 ε
1785 5722 2086 5777 elementis.
2120 5743 2136 5775 ι

643 5789 756 5859 (99)
783 5792 960 5860 Μερὶς
990 5791 1067 5857 τῷ
1102 5789 1322 5847 Ἰακώϐ.
1356 5810 1373 5844 t
1409 5791 1537 5847 Mrs
1570 5792 1679 5849 haec
1712 5791 1930 5849 Iacob.)
1969 5791 2141 5849 Verba

2312 4237 2420 4291 IH'.
2448 4234 2889 4306 Συναριθμεῖται,
2905 4235 3029 4305 φῂς,
3048 4233 3116 4289 τὰ
3136 4234 3397 4306 ὁμοούσια
3418 4251 3433 4265 ο
3450 4235 3519 4288 τὰ
3537 4235 3591 4289 δὲ
3613 4236 3713 4307 οὐχ
3730 4237 3804 4306 (4)

2242 4326 2411 4389 οὓτως
2434 4325 2645 4396 ἔχοντα,
2669 4324 2959 4396 μοναδικὴν
2986 4324 3097 4395 ἔχει
3122 4327 3220 4396 τὴν
3244 4326 3495 4395 δήλωσιν.
3522 4326 3693 4381 Πόθεν
3725 4344 3806 4380 σοι

2241 4418 2419 4485 τοῦτο,
2448 4420 2540 4472 καὶ
2576 4417 2726 4489 παρὰ
2758 4417 2918 4469 τίνων
2953 4417 3328 4487 δογματιστῶν
3357 4418 3545 4489 καὶ(5)
3578 4418 3804 4488 μυθολόσ

2242 4528 2387 4580 γων;
2421 4511 2492 4563 Ἢ
2538 4511 2773 4577 ἀγνοεῖς,
2824 4509 2906 4561 ὅτι
2954 4511 3061 4572 πᾶς
3105 4508 3355 4580 ἀριθμὸς.
3388 4509 3485 4579 τῆς
3514 4510 3805 4579 ποσότητος

2239 4606 2349 4657 τῶν
2379 4604 2751 4675 ὑποκειμένων
2775 4603 2891 4655 ἐστὶ
2923 4602 3238 4672 δηλωτικὸς,
3262 4604 3319 4655 οὐ
3345 4603 3442 4673 τῆς
3465 4602 3677 4670 φύσεως
3701 4602 3805 4654 τῶν

2244 4697 2615 4767 πραγμάτων;
2658 4692 2798 4763 Ἐγὼ
2829 4694 2886 4747 δὲ
2924 4693 3097 4758 οὕτως
3140 4694 3381 4765 ἀρχαίως
3428 4694 3554 4764 ἔχω,
3607 4692 3806 4763 μᾶλλον

2241 4788 2295 4840 δὲ
2322 4786 2567 4857 ἀμαθῶς,
2600 4786 2738 4840 ὥστε
2784 4788 2908 4859 τρία
2951 4788 3048 4858 μὲν
3076 4787 3322 4857 ὀνομάζω
3353 4786 3422 4839 τὰ
3455 4786 3698 4840 τοσαῦτα
3731 4783 3807 4855 τῷ

2242 5104 2366 5148 sunt
2386 5092 2633 5149 Ieremia:
2657 5111 2712 5160 ι,
2752 5095 2835 5161 i6,
2861 5109 3019 5163 quem
3054 5092 3344 5162 Gregorius
3374 5108 3527 5147 suum
3578 5091 3810 5161 appellat

2248 5163 2575 5234 theologum,
2618 5179 2850 5231 eumque.
2882 5162 3214 5218 Graecorum
3263 5163 3535 5234 theOIOgis
3565 5162 3806 5226 Opponit.

2248 5251 2266 5284 ι
2302 5232 2449 5288 Pars
2467 5232 2655 5299 Jacob,
2701 5254 2719 5285 ι
2749 5236 2901 5303 juxta
2935 5234 3131 5297 Eliam,
3163 5234 3407 5299 designat
3458 5251 3475 5285 t
3509 5233 3806 5288 doctrinam

2241 5316 2423 5357 eorum
2447 5308 2535 5370 qui
2569 5314 2712 5357 recte
2740 5314 2794 5357 et
2813 5304 3114 5370 orthodoxe
3150 5304 3412 5358 sentiunt.
3442 5321 3461 5354 ι

2314 5374 2390 5509 (ί)
2430 5368 2553 5445 Ἐφ’
2574 5370 2685 5439 οἷς.
2716 5372 2865 5435 Bas.,
2894 5375 2951 5425 ὲν
2980 5368 3082 5433 οἷς.

2314 5445 2369 5509 (9-
2410 5445 2703 5509 Φήσομεν.
2727 5443 2891 5497 Cois].
2917 5442 2967 5505 l,
2994 5443 3082 5509 φή‹

2313 5442 2387 5512 (9.)
2410 5442 2703 5514 Φήὶῖομεν.
2727 5443 2891 5514 cois].
2917 5442 3287 5514 Lucaqoatpev.

2322 5511 2399 5585 (5)
2440 5511 2910 5585 Συνὰριθμςῖται.
2960 5511 3071 5585 Ηρὰ
3104 5511 3473 5585 argumentum
3512 5517 3808 5585 cmteraque

2252 5578 2456 5647 omnia,
2484 5578 2708 5639 sanctus
2742 5582 2993 5646 Basilius,
3018 5582 3071 5635 in
3106 5578 3243 5638 lib‘ro
3276 5580 3346 5635 De
3380 5578 3583 5651 Spiritu
3607 5586 3804 5638 sancto,

2250 5656 2560 5724 plenissime
2590 5653 2801 5724 refellit.

2324 5725 2399 5793 (4)
2440 5726 2581 5793 Οὐχ.
2606 5724 2727 5795 Duo
2762 5721 2950 5795 Regg.,
2982 5723 3077 5795 μή.

2326 5796 2397 5865 ζῦ)
2434 5796 2561 5850 Καί.
2599 5794 2729 5864 Reg.
2764 5807 2814 5859 a,
2846 5793 2902 5864 ἡ.
