4038 6338
280 350 400 407 153

1320 353 1596 437 ΟΠΛΤΙθ
1624 355 1814 412 XXXI.
1856 391 1923 400 ——
1964 357 2400 417 TllEOLOGlCA
2446 362 2507 417 V.

3427 374 3529 428 £54

278 473 530 544 ἀριθμῷ.
563 474 667 528 κᾶν
688 475 942 546 διέστηκε
969 476 1066 548 τὴν
1108 476 1267 546 φύσιν
1287 493 1300 507 °
1343 477 1400 531 ἓν
1427 478 1504 545 δὲ,
1536 479 1630 531 καὶ
1656 478 1734 541 ἒν,
1769 479 1852 531 κα)

1967 480 2047 534 vel
2094 482 2375 551 imperitus
2409 482 2587 550 potius
2626 497 2767 549 sum,
2797 493 2855 540 ut
2878 487 2980 541 tria
3015 489 3230 557 quidem
3258 502 3319 544 ea
3352 493 3528 548 norni-

278 563 365 624 ἐν.
393 564 568 628 ἄλλως
598 566 697 629 τὰς
727 567 992 630 τοσαύτας
1023 568 1274 637 μονάδας,
1306 569 1407 623 κᾶν
1441 572 1504 639 τῇ
1552 570 1709 640 οὐσίᾳ
1738 586 1862 622 συν-

277 652 589 718 άπτωνται,
618 657 679 708 οὑ
714 656 851 726 πρὸς
894 656 962 709 τὰ
1010 659 1306 728 πράγματα
1340 658 1535 727 μᾶλλον
1560 660 1796 729 ἀφορῶν,
1827 660 1859 728 ἢ

276 746 346 799 τὸ
381 747 547 802 ποσὸν
573 748 682 801 τῶν
712 750 1073 821 πραγμάτων,
1110 750 1229 803 καθ’
1266 744 1340 803 ὧν
1378 752 1411 821 ἡ
1444 750 1737 822 ἁρίθμησις
1760 751 1857 822 (6).

291 838 456 891 Ἐπὶ
514 840 569 892 δὲ
620 840 743 893 λίαν
795 842 1023 912 περιέχῃ
1069 842 1162 895 τοῦ
1210 843 1558 913 γράμματος,
1615 844 1858 911 καίτοιγε

283 929 544 999 πολεμῶν
582 931 659 1002 τῷ
704 933 993 1003 γράμματι
1035 935 1129 1001 (7),
1189 934 1398 987 ἐκεῖθεν
1440 952 1526 1003 μοι
1582 935 1713 988 λάϐε
1757 934 1862 998 τὰς

279 1018 593 1084 ἀποδείξεις
617 1037 630 1051 ·
672 1023 806 1089 Τρία
850 1026 905 1074 ὲν
948 1024 1065 1084 ταῖς
1093 1022 1418 1093 Παροιμίαις
1452 1021 1644 1085 ἐστὶν,
1683 1019 1721 1073 ἂ
1758 1022 1859 1073 εὑ-

280 1109 441 1176 όὸως
496 1114 808 1179 πορεύεται
835 1130 848 1143 ’
889 1113 1065 1178 λέων,
1112 1113 1209 1167 καὶ
1256 1112 1485 1182 τράγος,
1526 1113 1623 1165 καὶ
1679 1113 1858 1166 ἁλεκ-

280 1199 483 1266 τρυὼν
504 1218 518 1230 ο
554 1201 677 1263 καὶ,
696 1204 995 1268 ,ϐασιλεὺς
1018 1194 1369 1273 δημηγορῶν
1395 1204 1464 1256 ἐν
1496 1203 1764 1273 ἕθνει(8),
1801 1204 1859 1255 τὸ

279 1290 584 1361 τέταρτον·
639 1293 725 1345 ἵνα
773 1294 847 1363 μὴ
901 1294 1042 1362 λέγω
1088 1294 1185 1357 τὰς
1238 1293 1403 1357 ἄλλας
1447 1296 1562 1345 ἐκεῖ
1599 1294 1860 1363 τετράδας

280 1379 718 1451 ἀριθμουμένας,
746 1386 812 1454 τῇ
841 1385 897 1435 δὲ
929 1384 1085 1452 φύσει
1117 1385 1468 1458 διῃρημένας.
1515 1386 1622 1438 Καὶ
1652 1385 1743 1437 δύο
1781 1383 1858 1454 τῷ

278 1471 477 1523 Maias?
502 1473 768 1544 χερουδὶμ
809 1474 883 1544 (9)
912 1476 1149 1546 εὑρίσκω
1180 1476 1482 1547 μοναδικῶς
1520 1477 1858 1548 ἀριθμούμε-

278 1577 370 1614 να.
396 1562 525 1625 Πῶς
562 1559 686 1630 οὖν,
714 1565 747 1635 ἢ
779 1566 960 1619 ἐκεῖνα
996 1567 1144 1640 τρία,
1180 1565 1315 1621 κατὰ
1347 1568 1445 1638 τὴν
1486 1567 1583 1638 σὴν
1612 1568 1856 1637 τεχνολο-

278 1651 427 1718 γίαν,
461 1653 712 1709 τοσοῦτον
752 1655 997 1728 ἀλλήλων
1027 1659 1423 1729 ἀπερῤηγμένα
1454 1662 1571 1721 ταῖς
1600 1660 1855 1727 φύσεσιν;

276 1743 314 1813 ἦ
358 1743 534 1797 ταῦτα
578 1746 859 1815 μοναδικά,
905 1747 1157 1800 τοσοῦτον
1206 1748 1455 1819 ἀλλήλοις
1502 1749 1714 1819 ὁμοφυῆ
1765 1750 1858 1800 καὶ

1964 584 2107 631 nem,
2131 585 2249 638 quae
2287 571 2506 626 totidem
2548 589 2769 629 numero
2796 587 2938 636 sunt.
2971 580 3183 635 etiatnsi
3217 583 3518 638 substantia

1963 660 2208 715 dill‘eraut
2242 678 2253 712 :
2285 677 2445 714 unum
2479 673 2680 725 autem.
2707 675 2763 719 et
2790 682 2974 733 unum,
3001 679 3055 724 et
3087 685 3273 738 unum,
3305 674 3528 730 totidem

1963 751 2221 816 unitates,
2254 753 2468 806 etiamsi
2498 754 2802 809 substantia
2831 759 3247 830 conjungantur,
3280 779 3387 819 non
3413 782 3528 818 ma-

1962 844 2042 911 gis
2072 845 2320 897 videlicet
2361 860 2449 897 res
2484 845 2628 913 ipsas
2673 846 2911 913 intuens,
2940 865 3100 919 quam
3135 869 3314 908 rerum
3352 871 3525 924 quan-

1963 932 2195 998 titatem,
2228 934 2379 1003 juxta
2412 949 2571 1003 quam
2607 942 2945 993 enumeratio
2988 941 3101 1009 ipsa
3136 945 3226 998 sit.
3258 945 3523 1011 Quoniam

1961 1033 2141 1077 autem
2175 1026 2447 1081 mordicus
2499 1026 2733 1081 litteram
2772 1031 2993 1096 retines,
3024 1034 3121 1089 etsi
3155 1036 3352 1105 alioqui
3384 1039 3525 1093 litte-

1961 1129 2035 1168 ra:
2072 1114 2268 1167 bellqu
2323 1116 2580 1183 inferens,
2618 1119 2765 1174 illinc
2796 1122 2924 1174 mihi
2980 1124 3326 1190 probationes
3365 1128 3526 1185 hasce

1960 1207 2165 1273 accipe.
2205 1205 2330 1259 Tria
2357 1209 2412 1260 in
2443 1208 2747 1263 Proverbiis
2770 1224 2908 1271 sum,
2939 1230 3054 1281 qua:
3084 1223 3216 1268 recte
3257 1218 3523 1283 incedunt,

1960 1292 2060 1356 (eo,
2086 1293 2284 1357 hircus,
2315 1304 2361 1347 et
2392 1296 2596 1363 gallus;
2625 1307 2678 1351 et
2706 1312 2899 1368 quarto
2933 1301 3072 1364 loco,
3116 1320 3208 1357 rea:
3249 1308 3389 1375 apud
3436 1325 3525 1376 po-

1956 1385 2170 1449 pulares
2216 1400 2337 1438 suos
2380 1388 2679 1441 concinnant
2726 1390 3015 1459 habens";
3046 1402 3099 1447 ul
3144 1395 3382 1466 reliquas
3408 1398 3527 1455 illas

1960 1485 2152 1529 natura
2198 1477 2483 1533 distinctas
2531 1485 2945 1550 quaternitates,
3000 1501 3120 1555 quae
3175 1486 3285 1542 illic
3344 1505 3527 1545 recen-

1958 1578 2167 1628 sentur,
2204 1567 2420 1623 silentio
2471 1579 2811 1638 praeteream.
2850 1574 2989 1629 Duos
3036 1576 3200 1631 etiam
3248 1579 3525 1634 cherubim

1960 1664 2097 1729 apud
2126 1659 2360 1729 Moysem
2395 1661 2629 1725 invenio,
2652 1665 2741 1733 qui
2766 1668 3056 1733 separatim
3086 1680 3437 1725 numerantur
3458 1671 3522 1727 ⁸⁷.

1959 1750 2239 1816 Quomodo
2271 1767 2422 1824 ergo,
2453 1755 2535 1808 vel
2569 1754 2654 1808 illa
2690 1758 2790 1809 tria
2814 1768 2961 1822 sunt,
2988 1760 3129 1815 sicut
3156 1776 3243 1816 ars
3271 1771 3357 1816 tua
3386 1778 3523 1833 prae-

279 1837 652 1906 συγκείμενας
694 1840 756 1891 Εἰ
785 1840 893 1909 γὰρ
919 1839 1133 1909 λέγοιμι
1156 1838 1290 1894 Θεὸν
1315 1842 1407 1894 καὶ
1434 1842 1738 1911 Μαμωνᾶν,
1763 1839 1852 1892 δύο

1965 1842 2177 1904 scribit,
2209 1858 2329 1897 cum
2370 1855 2563 1898 natura
2589 1856 2750 1914 atque
2781 1848 3079 1905 substantia
3118 1853 3251 1907 adeo
3296 1830 3437 1909 inter
3468 1870 3527 1910 se

277 1927 507 1996 κυρίους
535 1930 613 1991 είς
637 1928 694 1981 ἓν
724 1929 1175 2000 ἀριθμουμένους,
1198 1932 1433 2000 τοσούτῳ
1457 1931 1672 2003 μακρὰν
1696 1930 1856 1993 ὄντας

277 2017 550 2089 ἀλλήλων,
581 2020 723 2090 τάχα
754 2020 818 2074 ἂν
859 2022 1182 2092 καὶμᾶλλον
1223 2022 1544 2094 γελασθείην
1585 2024 1682 2094 τῆς
1735 2037 1857 2074 συν-

276 2108 654 2181 αριθμήσεως.

1964 1933 2317 2003 discrepent:
2354 1946 2446 1989 aut
2486 1936 2598 1990 lucc
2649 1937 2962 2007 singularia,
2996 1956 3114 2008 qua:
3156 1953 3346 1997 natura
3388 1945 3527 2000 inter

1962 2039 2020 2078 se
2048 2025 2181 2079 adeo
2211 2026 2437 2095 aequalia
2482 2037 2627 2091 sunt,
2655 2040 2707 2081 et
2731 2029 3013 2098 copulata?
3042 2030 3173 2085 Nam
3207 2034 3251 2087 si
3284 2034 3527 2091 d0minos

1962 2113 2085 2168 illos
2133 2115 2269 2168 duos
2316 2116 2481 2170 Deum
2531 2126 2587 2171 et
2630 2121 3050 2173 mammonam”
3097 2136 3525 2180 commemorare

275 2201 585 2271 velim,qui
624 2218 853 2260 numero
897 2222 1004 2262 uno
1039 2207 1359 2273 efferuntur,
1395 2223 1514 2263 eum
1571 2209 1880 2278 usqueadeo
1919 2208 2060 2263 inter
2105 2224 2164 2266 se
2203 2187 2459 2278 disiuncti
2510 2212 2640 2279 sint,
2683 2215 2852 2284 magis
2918 2230 3129 2285 quoque
3167 2216 3392 2274 fortasse
3440 2236 3526 2276 me

276 2293 354 2346 ob
390 2296 526 2349 hanc
551 2300 1084 2354 connumerationem
1114 2302 1390 2355 ridendum
1417 2302 1781 2370 propinarem.

350 2384 453 2438 19'.
511 2385 650 2438 Ἀλλ’
693 2387 840 2458 ἐμοὶ,
886 2392 1086 2460 φησὶν,
1138 2392 1323 2444 ἐκεῖνα
1377 2391 1853 2461 συναριθμούμενα

274 2476 518 2544 λέγεται,
562 2479 659 2531 καὶ
689 2480 787 2549 τῆς
838 2482 1008 2552 αὐτῆς
1054 2482 1261 2547 οὐσίας,
1309 2477 1389 2547 οἷς
1430 2487 1853 2553 συνεκφωνεῖται

275 2569 655 2640 καταλλήλως,
692 2573 787 2624 καὶ
823 2572 889 2626 τά
921 2572 1159 2644 ὀνόματα
1180 2592 1192 2604 ’
1221 2569 1350 2638 οἷον,
1388 2574 1662 2645 ἄνθρωποι
1684 2578 1851 2646 τρεῖς,

274 2660 374 2713 καὶ
396 2659 510 2713 θεοὶ
534 2665 705 2731 τρεῖς,
730 2663 850 2733 οὐχὶ
871 2665 997 2737 τρία
1008 2666 1155 2729 τάδε,
1174 2667 1267 2720 καὶ
1283 2667 1406 2720 τάδε
1424 2666 1557 2738 (10).
1574 2667 1669 2729 Τίς
1697 2667 1853 2737 γὰρὴ

273 2754 547 2817 ἀντίδοσις
572 2755 619 2823 (1
638 2757 683 2822 1)
707 2773 722 2821 ;
754 2756 912 2808 τοῦτο
934 2757 1349 2828 νομοθετοῦντός
1379 2760 1494 2810 ὲστι
1522 2760 1631 2821 τοῖς
1652 2758 1847 2828 ὀνόμα-

212 2836 215 2839 ’
276 2859 385 2907 σιν,
416 2844 516 2896 οὑκ
546 2844 920 2915 ἀληθεύοντος.
960 2846 1111 2899 Ἐπεὶ
1139 2847 1304 2918 κάμοὶ
1335 2847 1558 2919 Πέτρος,
1590 2850 1682 2902 καὶ
1706 2848 1852 2903 Παῦ-

271 2933 388 2999 λος,
439 2934 535 2986 καὶ
576 2935 848 3007 Ἰωάννης,
882 2938 941 2989 οὐ
968 2934 1136 3008 τρεῖς,
1178 2938 1298 2991 οὐδὲ
1327 2939 1619 3010 ὁμοούσιοι.
1644 2941 1747 3004 ἓως
1784 2940 1850 2994 ἂν

274 3027 355 3096 μὴ
378 3028 528 3095 τρεῖς
554 3027 772 3096 Πέτροι,
813 3029 905 3081 καὶ
931 3031 1077 3100 τρεῖς
1118 3029 1341 3095 Παῦλοι,
1368 3030 1461 3084 καὶ
1499 3031 1737 3085 Ἰωάνναι
1758 3049 1849 3084 το-

2028 2386 2261 2451 XlX.At,
2283 2388 2479 2456 inquis,
2500 2403 2560 2442 ea
2576 2389 2949 2443 conuumerari
2972 2390 3235 2457 dicuntur,
3254 2393 3523 2463 ejusdem-

1956 2493 2063 2548 que
2087 2479 2338 2533 essentiae
2377 2493 2520 2544 esse,
2550 2480 2744 2547 quibus
2789 2482 3005 2535 nomina
3035 2481 3149 2550 ipsa
3176 2485 3520 2553 respondent,

1953 2586 2076 2627 cum
2105 2568 2404 2625 eﬂ'eruntur
2439 2591 2450 2624 :
2487 2569 2652 2641 568
2681 2581 2734 2624 ut
2766 2572 3014 2627 homines
3045 2588 3175 2637 tres,
3203 2584 3259 2629 et
3284 2577 3356 2630 dii
3386 2586 3521 2644 tres,

1956 2678 2062 2717 non
2095 2671 2275 2715 autem
2306 2663 2408 2714 tria
2443 2663 2576 2726 hmc,
2602 2671 2692 2715 aut
2721 2664 2828 2717 illa.
2861 2664 2986 2730 Quze
3015 2666 3156 2719 enim
3184 2678 3265 2721 est
3289 2668 3404 2723 haec
3434 2685 3523 2725 re-

1955 2751 2062 2805 lata
2091 2751 2404 2820 responsio?
2429 2751 2690 2804 Nimirum
2718 2753 2818 2806 hoc
2838 2755 2948 2821 jam
2988 2755 3220 2809 hominis
3244 2767 3326 2811 est
3351 2757 3522 2826 legem

1956 2842 2265 2896 nominibus
2312 2842 2734 2911 praescribentis,
2769 2858 2869 2895 non
2922 2859 3103 2898 verum
3152 2846 3331 2901 dicere
3369 2850 3525 2904 insti-

1958 2934 2175 2988 tuentis.
2201 2932 2412 3000 Alioqui
2440 2932 2568 2985 mihi
2607 2946 2817 3001 quoque
2845 2935 2959 3001 pari
2990 2937 3176 2990 eadem
3198 2939 3402 2994 ratione
3425 2940 3523 2996 Pe-

1957 3032 2093 3087 trus,
2128 3032 2182 3077 et
2209 3022 2427 3087 Paulus,
2451 3031 2504 3075 et
2530 3020 2765 3077 Joannes
2792 3038 2897 3077 non
2932 3034 3042 3077 tres
3064 3038 3244 3091 erunt,
3273 3043 3368 3083 nec
3393 3044 3522 3085 con-

272 3116 459 3171 σοῦτοι
490 3117 739 3186 λέγονται
774 3119 907 3189 (12).
943 3123 1007 3174 Ὃ
1051 3121 1157 3192 γὰρ
1193 3122 1256 3173 σὺ
1292 3123 1595 3193 τετήρηκας
1624 3123 1718 3177 ἐπὶ
1745 3124 1851 3178 τῶν

1956 3114 2350 3179 substantiales,
2410 3114 2646 3182 quandiu
2713 3129 2819 3168 non
2879 3124 2986 3170 tres
3040 3116 3209 3185 Petri,
3266 3131 3360 3174 aut
3412 3129 3522 3178 tres

269 3209 659 3280 γενικωτέρων
702 3209 1006 3280 ὀνομάτων,
1045 3211 1201 3264 τοῦτο
1234 3213 1328 3265 καὶ
1360 3216 1521 3283 ἡμεῖς
1550 3215 1851 3283 ἀπαιτήσο-

273 3315 379 3368 μεν
408 3299 500 3351 ἐπὶ
528 3298 637 3352 τῶν
659 3298 1018 3370 είδικωτέρων
1040 3301 1152 3371 (15)
1177 3301 1318 3355 κατὰ
1353 3302 1451 3371 τὴν
1481 3303 1578 3373 σὴν
1613 3303 1853 3358 ἀνάπλα-

270 3405 392 3443 σιν·
423 3390 456 3460 ἢ
504 3390 801 3462 ἀδικήσεις,
838 3392 911 3462 μὴ
956 3393 1127 3455 διδοὺς
1160 3394 1295 3462 ὅπερ
1342 3392 1587 3463 εἴληφας.
1615 3394 1680 3446 Τί
1708 3394 1794 3446 δαὶ
1825 3396 1853 3447 6

283 3480 573 3550 Ἰωάννηςς
613 3482 775 3552 Τρεῖς
803 3478 940 3537 εἶναι
985 3485 1111 3547 τοὺς
1147 3482 1556 3555 μαρτυροῦντας
1588 3485 1762 3553 λέγων
1796 3487 1852 3538 ἐν

269 3575 394 3635 ταῖς
419 3572 773 3639 Καθολικαῖς,
799 3575 860 3628 τὺ
885 3575 1129 3646 Πνεῦμα,
1167 3577 1228 3629 τὸ
1257 3576 1420 3648 ὕδωρ,
1458 3577 1519 3631 τὸ
1553 3573 1691 3649 αἷμα
1715 3581 1731 3645 (
1742 3564 1848 3648 14),

270 3658 386 3734 ἆρά
434 3681 517 3717 σοι
560 3664 747 3735 ληρεῖν
800 3667 1082 3735 pulveret;
1128 3668 1350 3739 Πρῶτον
1386 3668 1504 3738 μὲν,
1550 3670 1631 3722 ὃτι
1677 3668 1746 3721 τά
1776 3670 1850 3740 μὴ

272 3755 535 3826 ὀμοούσια
566 3757 965 3829 συναριθμῆται
994 3758 1345 3829 τετόλμηκεν,
1369 3758 1397 3811 ὃ
1415 3762 1524 3822 τοῖς
1551 3760 1852 3831 ὁμοουσίοις

272 3850 338 3902 σὺ
366 3848 544 3913 δίδως.
573 3850 691 3920 (Τίς
713 3850 822 3921 γάρ
846 3850 910 3903 ἂν
940 3852 1084 3903 εἴποι
1108 3850 1277 3903 ταῦτα
1307 3852 1435 3921 μιᾶς
1458 3851 1641 3915 οὐσίας
1661 3851 1698 3922 ;)
1722 3851 1851 3904 Δεύ-

270 3956 430 4011 τερον
459 3940 537 4006 δὲ,
566 3941 648 3993 ὅτι
685 3942 759 4012 μὴ
792 3942 1143 4012 καταλλήλως
1171 3942 1308 4013 ἔχων
1340 3944 1650 4014 ἀπήντησεν
1670 3959 1685 3975 ⁸
1715 3944 1851 3997 ἀλλὰ

274 4031 337 4085 τὸ
375 4034 528 4104 τρεῖς
562 4033 867 4104 ἀρρενικῶς
895 4035 1134 4105 προθεὶς,
1174 4034 1242 4087 τὰ
1266 4034 1391 4106 τρία
1431 4034 1725 4106 οὐδετέρως
1762 4036 1852 4087 ἑπ-

270 4125 495 4195 ήνεγκε,
526 4125 680 4196 παρὰ
711 4126 835 4189 τοὺς
868 4129 1013 4191 σοὺς,
1045 4128 1140 4180 καὶ
1166 4127 1261 4197 τῆς
1288 4127 1385 4197 σῆς
1405 4127 1848 4197 (15)γραμματι‹-

270 4214 377 4284 κῆς
401 4215 565 4286 ὄρους
608 4217 702 4269 καὶ
746 4217 962 4287 νόμους.
1016 4217 1205 4271 Καίτοι
1239 4218 1292 4271 τί
1326 4218 1591 4290 διαφέρει,
1622 4219 1655 4289 ἢ
1702 4222 1850 4290 τρεῖς

269 4305 569 4376 προθέντα,
605 4306 683 4371 ἓν,
715 4310 808 4361 καὶ
840 4308 919 4372 ἓν,
951 4310 1044 4363 καὶ
1087 4309 1144 4363 ἓν
1175 4311 1505 4377 ἐπενεγκεῖν,
1541 4310 1573 4381 ἧ
1609 4309 1725 4374 ἕνα,
1757 4310 1851 4363 καὶ

269 4395 389 4458 ἕνα,
418 4396 512 4449 καὶ
541 4396 639 4451 ἕνα
670 4398 916 4467 λέγοντα,
950 4399 1023 4469 μὴ
1054 4402 1223 4470 τρεῖς,
1255 4399 1390 4452 ἀλλὰ
1416 4400 1540 4470 τρία
1575 4415 1849 4470 προσαγο-

269 4486 489 4557 ρεύειν;
527 4488 665 4557 ὅπερ
714 4489 875 4553 αὐτὸς
919 4490 1171 4556 ἀπαξιοῖς
1213 4490 1306 4542 ἐπὶ
1346 4491 1444 4559 τῆς
1477 4490 1748 4561 θεότητος.
1783 4492 1848 4543 Τί

267 4576 357 4629 δαί
390 4594 473 4630 σοι
504 4578 534 4629 6
567 4580 846 4649 καρκίνος,
891 4581 953 4633 τό
979 4598 1039 4633 τε
1074 4580 1231 4645 ζῶον,
1258 4581 1318 4634 τό
1362 4598 1421 4634 τε
1448 4581 1694 4652 ὄργανον,
1732 4583 1761 4634 ὃ
1786 4599 1846 4634 τε

268 4667 484 4738 ἀστήρ;
512 4669 567 4721 τί
593 4669 682 4724 δαὶ
709 4673 737 4723 6
766 4671 932 4735 κύων,
961 4673 989 4724 ὅ
1022 4690 1080 4724 τε
1125 4674 1396 4742 χερσαῖος,
1428 4673 1521 4726 καὶ
1549 4673 1577 4723 6
1606 4672 1841 4743 ἔνυδρος,

268 4760 364 4812 καὶ
392 4761 422 4811 6
454 4760 736 4832 οὑράνιος;
781 4763 844 4815 οὐ
879 4766 1029 4834 τρεῖς
1071 4762 1323 4831 λέγεσθαί
1350 4779 1431 4815 σοι
1464 4761 1680 4816 δοκοῦσι
1704 4779 1840 4832 καρ·

268 4853 407 4904 κῖνοι
451 4851 547 4903 καὶ
580 4852 776 4919 κύνες;
813 4856 1037 4918 Πάντως
1070 4872 1155 4923 γε.
1183 4850 1328 4925 *Αρα
1368 4850 1460 4908 οὖν
1503 4853 1655 4926 παρὰ
1686 4850 1844 4907 τοῦτο

269 4942 363 4994 καὶ
389 4940 701 5012 ὁμοούσιοι;
740 4945 835 5008 Τίς
863 4946 1025 5015 φήσει
1052 4945 1159 4997 τῶν
1192 4945 1316 4997 νοῦν
1352 4943 1614 5014 ὲχόντων;
1658 4944 1841 5014 Ὁρᾷς,

343 5080 388 5112 ⁸⁵
411 5080 572 5135 Prov.
601 5096 732 5148 xxx,
765 5080 858 5146 29,
882 5079 970 5134 50.
1046 5079 1089 5111 ³⁷
1114 5077 1284 5133 Exod.
1309 5093 1515 5143 xxxvu,
1549 5078 1579 5130 7
1618 5093 1740 5147 sqq.

340 5204 540 5276 (6)77'H
581 5204 917 5274 άρίθμησις.
969 5203 1132 5259 Coisl.
1182 5203 1236 5269 1,
1283 5201 1405 5257 Par.
1456 5210 1511 5256 et
1546 5201 1757 5266 Comln,
1809 5204 1842 5272 ἡ

270 5275 663 5345 ἀπαρίθμησις.

340 5342 416 5415 (7)
458 5342 780 5415 Γράμματε.
819 5343 980 5401 Coisl.
1011 5344 1065 5405 1,
1098 5342 1402 5415 πράγματι.

340 5410 419 5485 (8)
457 5410 820 5483 Δήμηγορῶν
860 5415 930 5468 ἐν
960 5410 1153 5467 ἔθνει(
1181 5410 1270 5465 Sic
1323 5410 1560 5479 plerique
1612 5413 1765 5465 codd.
1793 5423 1846 5467 et

271 5485 396 5539 Bas.
427 5484 685 5539 Meudose
715 5486 767 5537 in
804 5482 926 5537 Par.
952 5485 1065 5539 ed..
1095 5479 1443 5539 δημιουργῶν
1471 5479 1631 5536 ἔθνει.

316 5502 396 5542 as.
427 5486 685 5539 Meudose
715 5486 767 5537 in
804 5486 926 5537 Par.
952 5486 1065 5547 ed.,
1095 5486 1443 5553 δημιουργῶν
1471 5486 1631 5536 ἔθνει.

341 5555 417 5625 (9)
458 5553 773 5625 Χφρυόἱμ.
794 5552 922 5623 Reg.
951 5552 1401 5625 luti,_xepou6zip.

341 5619 453 5701 (10)
499 5624 645 5701 Ἀρία.
673 5619 830 5701 ruga,
860 5619 968 5701 ’καὶ
1014 5619 1174 5701 τάδε.
1231 5619 1599 5701 δίοςιμιηιιιον
1641 5619 1831 5701 R_egg.,

270 5690 506 5764 quinque
533 5691 711 5764 Colb.,
736 5695 827 5745 Or.
853 5692 906 5757 1,
938 5702 1041 5764 etc.
1072 5694 1228 5764 Deest
1254 5692 1347 5764 xui.
1377 5691 1501 5742 τάδε
1538 5692 1588 5742 in
1619 5690 1705 5764 ed.

344 5759 477 5835 (11)
528 5759 873 5829 Ἀντίδοσις.
951 5762 1135 5818 Billius
1207 5762 1258 5817 in
1336 5760 1829 5829 interpretatione:

1953 3204 2123 3268 Pauli,
2182 3214 2273 3256 aut
2322 3205 2542 3257 totidezn
2602 3203 2835 3257 Joannes
2895 3222 2998 3259 nou
3057 3208 3326 3265 dicentur.
3367 3210 3519 3277 Quod

1953 3295 2094 3349 enim
2154 3304 2207 3347 tu
2257 3295 2309 3347 iu
2352 3296 2693 3363 generalibus
2745 3296 3049 3351 nominibus
3088 3299 3380 3366 retinuisti,
3415 3301 3518 3356 hoc

1953 3398 2051 3437 nos
2083 3397 2295 3452 quoque
2320 3382 2473 3452 juua
2514 3395 2877 3438 commentum
2909 3395 3056 3439 tuum
3101 3388 3151 3440 in
3197 3390 3521 3456 specialibus

1952 3475 2307 3543 postulamus.
2347 3474 2544 3541 lnjuste
2588 3477 2729 3527 enim
2781 3476 2996 3541 feceris,
3026 3478 3150 3542 nisi,
3185 3482 3324 3548 quod
3366 3495 3520 3535 acce-

1952 3566 2103 3635 pisti,
2153 3566 2389 3621 dederis.
2437 3567 2573 3631 Quid
2619 3566 2893 3620 Joannes?
2928 3570 3058 3623 Cum
3109 3570 3160 3623 itt
3224 3570 3518 3626 Catholicis

1952 3658 2194 3728 epistolis
2233 3658 2346 3711 suis
2378 3668 2485 3711 tres
2521 3673 2638 3712 esse
2660 3660 2737 3712 ait
2757 3660 2823 3724 ⁸³,
2847 3661 2938 3729 qui
2968 3663 3335 3716 testimonium
3365 3663 3515 3728 dant,

1954 3752 2237 3821 Spiritum,
2268 3767 2485 3820 aquam,
2521 3762 2575 3803 et
2605 3753 2942 3820 sanguinein,
2972 3755 3253 3811 videturne
3294 3756 3389 3811 tibi
3426 3759 3519 3812 de-

1952 3844 2152 3899 lirare?
2181 3843 2442 3909 Primum,
2475 3846 2597 3911 quia
2652 3859 2737 3897 res
2782 3845 3087 3900 substantia
3117 3846 3360 3901 diversas
3387 3862 3517 3902 con-

1952 3949 2240 3989 numerare
2298 3950 2463 3989 ausus
2518 3944 2620 3999 est,
2651 3936 2791 4003 quod
2854 3944 2908 3989 tu
2962 3937 3516 3993 consubstantialibus

1954 4034 2163 4080 tantum
2211 4027 2426 4082 tribuis.
2471 4025 2602 4092 Quis
2645 4027 2788 4079 enim
2830 4027 2944 4081 haec
2982 4028 3139 4082 unius
3161 4029 3509 4100 ejusdemque

1952 4116 2267 4173 substantiae
2305 4134 2425 4173 esse
2452 4118 2972 4182 dixerit?Alterum,
3007 4121 3129 4187 quia
3174 4122 3331 4176 modo
3356 4123 3516 4176 mini-

1950 4227 2038 4266 me
2087 4212 2404 4281 congruenti
2451 4226 2611 4267 voces
2658 4222 2948 4281 sequentes
2991 4212 3369 4281 sobjunxerit;
3423 4217 3516 4270 sed

1954 4319 2077 4359 cum
2125 4314 2239 4359 tres
2291 4304 2589 4358 masculino
2617 4318 2812 4373 genere
2839 4305 3229 4373 proposuisset,
3266 4308 3361 4359 tria
3393 4323 3518 4361 neu-

1955 4403 2040 4449 tro
2073 4407 2268 4463 genere
2319 4395 2616 4463 sulijunxit,
2650 4405 2835 4446 contra
2886 4409 3045 4460 quam
3080 4406 3201 4459 tuae,
3238 4405 3398 4463 atque
3431 4395 3515 4464 ip-

1953 4486 2066 4539 sius
2116 4486 2279 4538 etiam
2333 4484 2695 4550 grammatica:
2735 4485 2881 4553 leges
2919 4484 3117 4537 ferant.
3149 4483 3345 4538 Verum
3385 4487 3515 4555 quid

1954 4578 2202 4639 interest,
2238 4585 2330 4628 aut
2371 4590 2494 4627 eum
2522 4585 2631 4628 tres
2667 4575 2961 4629 masculino
2984 4589 3180 4644 genere
3210 4592 3514 4646 prazposue-

1951 4668 2047 4732 ris,
2081 4683 2266 4732 unum,
2308 4676 2364 4721 et
2408 4682 2592 4732 unum,
2629 4677 2683 4722 et
2718 4684 2878 4721 unum
2924 4669 3188 4739 subjicere
3221 4681 3353 4724 :aut
3392 4687 3514 4726 cum

1949 4774 2136 4824 unum,
2168 4770 2223 4813 et
2260 4774 2447 4822 unum,
2480 4768 2535 4813 et
2588 4775 2752 4813 unum
2807 4760 3029 4825 dixeris,
3082 4776 3186 4815 non
3245 4772 3376 4828 tres,
3420 4765 3514 4819 sed

1954 4852 2053 4905 tria
2086 4850 2391 4919 appellare?
2419 4849 2471 4904 ld
2500 4850 2638 4919 quod
2675 4860 2727 4903 tu
2763 4849 2814 4904 iu
2851 4852 3049 4905 deitate
3083 4838 3370 4907 admittere
3395 4868 3516 4922 gra-

1952 4944 2114 4997 varis.
2160 4942 2301 5007 Jaui,
2329 4942 2458 5011 quid
2509 4942 2601 4996 tibi
2638 4956 2853 5007 cancer,
2876 4944 2966 5012 qui
3000 4954 3055 4997 et
3092 4944 3293 4998 animal
3318 4954 3420 5010 est,
3451 4957 3507 5001 et

1818 5076 1863 5108 ³⁸
1891 5074 2080 5131 Matth.
2112 5091 2185 5139 v1,
2217 5077 2309 5131 9.4.
2386 5076 2430 5107 “
2459 5075 2477 5130 l
2507 5074 2660 5131 Joan.
2691 5091 2743 5139 v,
2783 5073 2835 5129 8.

1954 5220 1972 5253 ι
2004 5201 2299 5258 ι’θὼιὶιῖοενι
2333 5202 2383 5255 in
2418 5203 2558 5255 nolis
2588 5219 2600 5253 :
2635 5218 2651 5249 ι
2677 5198 3045 5268 congruentia.
3074 5218 3092 5249 ι

2018 5271 2127 5339 (l2)
2168 5271 2471 5339 Λέγοντίιι.
2511 5272 2621 5323 Duo
2657 5270 2818 5338 [ξομε.
2849 5279 2898 5320 et
2928 5270 3018 5322 0r.
3046 5272 3096 5332 1,
3122 5269 3405 5337 λέγωνται.

2019 5341 2129 5411 (15)
2170 5341 2587 5410 Εὶδικωτέρων.
2647 5341 2777 5409 lleg.
2822 5356 2849 5390 a
2901 5349 2951 5390 et
2998 5340 3221 5402 Cornu,
3275 5339 3513 5393 ἰδικωτέ-

1950 5427 2056 5480 ρων
2066 5451 2077 5461 .

2018 5479 2127 5548 (ιι)
2174 5480 2243 5531 Τὸ

1947 5548 2111 5618 ὕδωρ,
2141 5550 2234 5618 καὶ
2261 5550 2320 5601 τὸ
2348 5548 2401 5603 αἶ

2018 5617 2129 5687 (1⁷5)
2171 5617 2283 5683 Τῆς
2338 5617 2478 5687 σῆς.
2524 5620 2614 5674 Sic
2666 5620 2830 5674 Coisl.
2880 5622 2926 5674 1.
2971 5640 2990 5671 ι
3033 5622 3228 5675 Contra
3274 5627 3424 5679 tuas,
3457 5626 3510 5669 et

1944 5697 2043 5766 tua:
2070 5690 2239 5766 ipsius
2267 5692 2630 5757 granuuaticze
2657 5691 2993 5746 delinitioues
3018 5700 3071 5745 et
3100 5691 3263 5760 leges.
3291 5706 3310 5740 ι
3349 5689 3510 5742 Deest

2291 5480 2460 5589 ρξόιιὲ),
2503 5479 2565 5533 τὸ
2623 5475 2785 5549 αἷμα.
2835 5479 2891 5533 In
2955 5481 3260 5541 nonnullis,
3307 5479 3400 5532 xui.
3452 5480 3512 5532 τὸ

2294 5550 2320 5601 ὸ
2348 5550 2504 5618 αἷμα.

1942 5758 2040 5826 σῆς
2069 5758 2119 5811 in
2157 5761 2243 5812 ed.
