4038 6338
490 331 593 388 ίόῢ

1697 320 1754 376 S.
1796 320 2124 379 GREGORII
2177 320 2513 378 I'HEOLOGI

3622 321 3740 376 156

487 456 771 514 organum,
818 448 873 497 et
904 439 1092 497 sidus?
1125 438 1264 506 Quid
1305 439 1476 504 canis,
1501 438 1593 510 qui
1647 440 1922 494 terrestris
1949 448 2054 504 est,

2174 440 2303 501 ἱπως
2349 455 2430 492 σοι
2469 436 2846 490 διαπέπτωκεν
2889 436 2916 488 ό
2965 435 3089 506 περὶ
3136 435 3236 504 τῆς
3281 436 3740 508 συναριθμήσεως

489 546 540 587 et
581 533 846 598 marinus,
891 540 946 587 et
987 528 1267 587 caelestis?
1323 528 1511 584 Nonne
1564 536 1675 583 tres
1728 529 1934 596 cancri,
1965 537 2058 583 aut

487 639 652 680 eanes
713 623 808 678 tibi
856 622 960 677 diei
1014 620 1301 676 videntur?
1353 619 1429 674 Ita
1481 619 1743 689 profecto.
1793 622 1874 675 An
1926 635 2056 692 ergo

491 714 716 785 proinde
744 726 958 783 quoque
994 710 1486 766 consubstantiales
1519 711 1686 765 sunt?
1718 709 1850 777 Quis
1891 726 2056 766 sanus

491 809 592 862 hoc
632 805 866 860 dixerit?
899 803 1129 858 Videsne
1151 802 1416 871 quomodo
1448 801 1542 856 tibi
1573 803 1672 856 hoc
1694 817 2054 856 connumera-

2162 529 2334 596 λόγος,
2357 528 2627 591 τοσούτοις
2649 525 3029 596 ἐληλεγμένοςς
3059 527 3122 579 Εἰ
3149 527 3254 598 γὰρ
3279 529 3414 599 μήτε
3437 528 3503 582 τὰ
3537 529 3742 598 όμοού-

2165 638 2255 673 σια
2301 620 2518 683 πάντως
2570 617 3002 689 συναριθμεῖται,
3053 619 3146 670 καὶ
3197 617 3606 688 συναριθμεῖται
3659 620 3740 674 τὰ

2165 712 2238 782 μὴ
2270 711 2551 783 όμοούσια,
2586 711 2624 781 ἦ
2653 728 2712 762 τε
2741 710 2850 762 τῶν
2889 708 3290 780 ὀνομάτωνίιϋ)
3322 711 3739 781 συνεκφώνησις

2163 805 2249 857 ἐπ’
2283 805 2506 875 ἀμφοῖν,
2539 805 2592 856 τί
2633 821 2715 857 σοι
2745 803 2905 857 πλέον
2929 796 3002 855 ὧν
3025 802 3422 872 ὲδογμάτισας;

491 897 650 952 tionis
707 905 1104 966 argumentum,
1152 904 1229 949 tot
1273 893 1543 963 tantisque
1585 893 1881 948 rationibus
1931 893 2287 961 confutatum,
2351 895 2656 951 corruerit?
2709 895 2840 949 Nam
2901 911 3022 949 eum
3090 910 3188 949 nec
3219 895 3733 961 _eonsuhstantialia

489 1005 705 1060 semper
730 999 1204 1052 connumerentur,
1235 998 1288 1044 et
1319 1003 1436 1058 qua:
1460 988 1691 1058 disparis
1719 989 1964 1043 essentia:
1994 998 2140 1054 sunt,
2172 991 2438 1045 interdum
2473 996 3018 1056 connumereutur,et
3043 997 3220 1043 tamen
3272 987 3326 1042 in
3376 987 3616 1058 utrisque
3639 1003 3738 1044 no-

490 1087 635 1140 mina
661 1085 820 1142 simul
846 1067 1025 1140 ἔσθι’τί
1051 1084 1458 1154 perspiciamus,
1491 1099 1556 1138 ex
1593 1084 1698 1139 tuis
1734 1085 2077 1154 dogmatibus
2107 1086 2234 1155 quid
2289 1086 2384 1139 tibi
2434 1085 2698 1140 accessit?
3243 1077 3248 1080 ’

563 1177 681 1234 XX.
724 1179 862 1246 Quin
915 1178 1039 1232 illud
1074 1179 1236 1232 etiam
1266 1176 1532 1247 eXpendo,
1564 1191 1664 1232 nec
1697 1177 1928 1232 fortasse
1975 1190 2058 1233 te-

495 1284 643 1325 mere
695 1278 857 1340 atque
891 1269 1143 1323 absurde.
1183 1266 1359 1322 Unum
1393 1276 1448 1321 et
1484 1283 1678 1332 unum,
1711 1282 1890 1322 nonne
1917 1282 2064 1321 corn-

493 1357 666 1428 posita
721 1358 826 1412 duo
879 1355 1261 1411 constituunt?
1331 1355 1444 1408 Duo
1497 1369 1703 1416 rursus,
1767 1368 1944 1408 nonne
2009 1355 2062 1409 in

493 1465 658 1504 unum
691 1456 745 1503 et
774 1463 936 1501 unum
963 1444 1348 1502 resolvuntur?
1381 1445 1460 1498 Ita
1497 1461 1650 1499 sane.
1681 1445 1736 1500 Si
1773 1460 1904 1512 ergo
1933 1460 2061 1499 eon-

439 1545 458 1577 -’
493 1539 872 1596 substantialia
925 1538 1141 1608 quidem
1202 1544 1344 1600 sunt,
1387 1550 1505 1605 qua:
1559 1547 1975 1606 componuntur,
2003 1547 2060 1590 ut

497 1633 611 1702 ipse
637 1630 924 1701 argutaris,
952 1630 1178 1683 diversa:
1217 1639 1394 1684 autem
1425 1627 1738 1683 substantia:
1764 1637 1909 1692 sunt,
1941 1641 2060 1696 qua:

2234 1180 2317 1232 K'.
2355 1177 2548 1230 Σκοπῶ
2588 1177 2644 1230 δὲ
2695 1177 2934 1237 κάκεῖνο,
2969 1175 3062 1228 καὶ
3104 1176 3233 1237 ἴσως
3263 1174 3363 1228 οὐκ
3398 1173 3502 1240 ἔξω
3532 1173 3694 1242 λόγου
3715 1211 3735 1229 .

2165 1269 2236 1322 Τὸ
2267 1268 2343 1330 ἓν,
2381 1269 2474 1322 καὶ
2506 1268 2566 1321 τὺ
2599 1268 2679 1327 ἓν,
2708 1269 2807 1320 οὐκ
2837 1269 2915 1331 εἰς
2941 1267 3033 1320 δύο
3065 1265 3399 1332 συντίθεταις
3429 1263 3500 1318 τὰ
3527 1265 3620 1318 δύο
3647 1265 3732 1328 δὲ,

2163 1361 2262 1414 οὐκ
2290 1363 2368 1424 είς
2401 1361 2478 1422 ἓν,
2510 1361 2600 1414 καὶ
2624 1359 2700 1422 ἓν,
2731 1359 3055 1424 ἀναλύεται;
3086 1357 3252 1427 Δῆλον
3277 1358 3358 1411 ὃτι
3384 1357 3518 1427 (17).
3550 1358 3612 1409 El
3633 1352 3736 1408 οὖν

2161 1449 2421 1519 ὁμοούσια
2461 1450 2556 1519 μὲν
2601 1449 2665 1501 τὰ
2704 1449 3061 1519 συντιθέμενα
3094 1448 3234 1502 κατὰ
3281 1448 3369 1502 τὸν
3421 1447 3509 1500 σὺν
3547 1447 3734 1515 λόγον,

2165 1541 2446 1611 έτερούσια
2472 1542 2583 1609 (l8)
2614 1541 2670 1594 δὲ
2701 1541 2772 1594 τὰ
2820 1540 3150 1612 τεμνόμενα,
3189 1540 3242 1593 τί
3283 1539 3600 1608 συμϐαίνει;
3646 1538 3739 1591 Τὰ
3789 1617 3804 1624 -

2165 1631 2304 1684 αὐτὰ
2331 1632 2590 1702 ὁμοούσια
2617 1649 2677 1684 τε
2703 1627 2841 1684 εἶναι
2869 1631 2962 1684 καὶ
2993 1631 3322 1701 ἐτεροούσια.
3347 1630 3494 1683 Γελῶ
3515 1647 3608 1682 σου
3635 1629 3738 1682 καὶ

495 1732 770 1788 secantur,
799 1721 926 1790 quid
976 1736 1040 1775 ex
1094 1735 1158 1775 eo
1212 1717 1611 1788 consequetur?
1651 1718 1918 1773 Nimirum
1975 1734 2062 1773 res

2174 1724 2262 1786 τὰς
2293 1723 2746 1795 προαριθμήσεις.
2779 1725 2873 1776 καὶ
2898 1723 2996 1787 τὰς
3026 1721 3448 1793 ὐπαριθμήσεις,
3499 1714 3587 1784 αἷς
3616 1719 3735 1787 (19)

493 1813 708 1868 easdem
719 1851 734 1878 ,
749 1822 802 1866 et
817 1810 1051 1879 ejusdem
1062 1853 1076 1875 ,
1099 1819 1150 1864 et
1167 1811 1391 1864 diversa:
1405 1809 1656 1865 essentia:
1671 1824 1808 1864 esse.
1820 1808 1925 1864 Nec
1939 1824 2067 1864 vero

496 1899 674 1953 facere
699 1913 938 1966 possum,
963 1897 1126 1968 569
1147 1898 1272 1965 quin
1310 1905 1428 1950 tuas
1458 1898 1978 1964 praenunterationes
2007 1912 2070 1952 ac

455 2047 458 2050 ἠ
493 1987 996 2042 subuumerationes
1021 1988 1243 2050 rideam,
1263 1987 1460 2056 quibus
1482 1998 1532 2040 tu
1556 1987 1778 2056 perinde
1798 1987 2066 2056 gloriaris,

493 2097 560 2134 ac
582 2080 627 2135 si
660 2094 746 2134 res
777 2080 904 2149 ipsa:
931 2079 984 2131 in
1016 2078 1401 2133 vocabulorum
1426 2079 1615 2132 ordine
1642 2077 1761 2132 sita:
1782 2078 1911 2132 sint.
1935 2077 2066 2132 Nam

495 2173 542 2227 si
565 2172 636 2224 ita
659 2179 761 2234 est,
784 2169 912 2238 quid
934 2167 1176 2238 impedit,
1195 2167 1678 2236 quomiuuseadcm
1699 2167 1924 2232 ratione,
1940 2181 2070 2236 quo-

497 2265 640 2317 niam
659 2262 864 2318 eadetn.
884 2270 1102 2330 propter
1117 2259 1374 2328 aequalem
1391 2267 1596 2312 natura:
1615 2259 1997 2327 prmstantiam,
2015 2259 2066 2312 in

495 2366 652 2406 sacra
708 2349 986 2419 Scriptura
1035 2365 1178 2404 nunc
1218 2349 1408 2419 priori,
1450 2363 1592 2402 nunc
1631 2349 1914 2418 posteriori
1953 2350 2069 2403 loco

497 2449 876 2503 numerantur,
905 2439 1016 2492 sint
1045 2453 1256 2508 quoque
1279 2439 1394 2508 ipsa
1424 2439 1637 2506 seipsis,
1663 2451 1771 2493 tum
1797 2439 2067 2493 excellen-

499 2532 661 2596 tiora,
713 2539 822 2584 tum
856 2529 1183 2598 abjectiora?
1215 2529 1363 2596 Quod
1406 2529 1546 2584 idem
1579 2529 1862 2584 dicendum
1905 2531 2066 2584 etiam

499 2621 670 2677 habeo
692 2623 756 2677 de
776 2623 859 2676 his
881 2622 1128 2687 vocibus,
1143 2620 1278 2676 Deus
1295 2631 1346 2676 et
1364 2620 1646 2686 Dominus;
1668 2627 1827 2690 atque
1852 2623 2069 2690 insuper

499 2714 566 2766 de
629 2712 711 2766 his
763 2711 1250 2781 praepositionibus,
1312 2727 1377 2765 ex
1417 2727 1540 2782 quo,
1597 2728 1689 2782 per
1727 2727 1900 2782 quem.
1939 2713 2068 2766 etin

499 2803 682 2872 quo“,
748 2803 943 2873 quibus
1006 2812 1060 2856 tu
1109 2803 1349 2858 divinum
1405 2803 1531 2858 illud
1591 2818 1789 2858 nomen
1839 2803 1905 2858 ad
1937 2805 2068 2859 artis

506 2895 880 2964 praescriptum
911 2895 1112 2964 exigis.
1141 2895 1369 2965 primam
1417 2895 1619 2950 scilicet
1647 2896 1813 2962 Patri,
1845 2897 2068 2951 alteram

500 2983 659 3050 Filio,
687 2984 901 3039 tertiam
930 2984 1151 3054 Spiritui
1185 2994 1376 3040 sancto
1409 2987 1716 3056 assignans.
1743 2987 1880 3054 Quid
1914 2989 2061 3042 enim

2169 1815 2232 1867 σὺ
2260 1814 2400 1886 μέγα
2438 1818 2672 1885 φρονεῖς,
2707 1813 2894 1880 ῶσπερ
2924 1815 2981 1866 ὲν
3005 1817 3071 1884 τῇ
3107 1810 3254 1877 τάξει
3290 1812 3399 1864 τῶν
3431 1811 3734 1880 ὀνομάτων,

2168 1906 2435 1976 κειμένων
2465 1907 2573 1959 τῶν
2616 1906 2972 1976 πραγμάτων.
3010 1906 3072 1958 Ei.
3101 1905 3210 1974 γὰρ
3239 1903 3417 1966 τοῦτο,
3447 1901 3499 1954 τί
3536 1899 3739 1953 κωλύει

2168 1997 2306 2050 κατὰ
2335 1997 2423 2052 τὸν
2457 1999 2617 2051 αὐτὸν
2658 1997 2834 2066 λόγον.
2883 1995 3070 2067 ἐπειδὴ
3108 1995 3176 2049 τὰ
3215 1995 3352 2049 αὐτὰ
3381 1995 3474 2048 καὶ
3513 2010 3741 2064 προαρι·

2168 2087 2401 2157 θμεῖται,
2433 2089 2525 2142 καὶ
2556 2088 2943 2158 ὑπαριθμεῖται
2967 2086 3115 2156 παρὰ
3142 2091 3206 2157 τῇ
3231 2087 3350 2156 θείᾳ.
3389 2085 3499 2154 (ΞΟ)
3522 2086 3733 2156 Γραφῇ,

2166 2178 2255 2232 διὰ
2295 2179 2394 2248 τὴν
2427 2179 2697 2249 ἰσοτιμίαν
2732 2179 2832 2248 τῆς
2885 2178 3118 2247 φύσεως.
3164 2176 3302 2231 αὐτὰ
3341 2175 3547 2229 ἑαυτῶν
3593 2169 3736 2228 εἶναι

2167 2267 2466 2338 τιμιώτερά
2507 2285 2564 2320 τε
2609 2268 2701 2320 καὶ
2729 2269 3051 2338 ἁτιμότερα;
3093 2268 3152 2320 '0
3195 2265 3251 2318 δὲ
3299 2264 3457 2327 αὑτός
3492 2280 3602 2334 μοι,
3640 2263 3740 2314 καὶ

2169 2360 2414 2430 περὶτῆς
2449 2359 2592 2425 Θεὸς
2619 2360 2802 2428 φωνῆς
2836 2361 2927 2412 καὶ
2959 2361 3193 2428 Κύριος,
3221 2357 3373 2426 λόγος
3393 2373 3406 2386 ·
3437 2357 3516 2409 ἔτι
3542 2355 3596 2408 δὲ
3622 2353 3737 2408 τῶν

2168 2451 2497 2522 προθέσεων,
2531 2451 2629 2520 τῆς
2655 2453 2724 2516 ἐξ
2752 2449 2844 2516 οὗ,
2878 2453 2972 2506 κα).
3008 2451 3080 2504 δι’
3105 2447 3199 2515 οὗ,
3233 2449 3329 2503 καὶ
3355 2449 3424 2502 ἐν
3555 2443 3640 2512 αἷς
3669 2448 3738 2500 σὺ

2169 2541 2640 2610 κατατεχνολογεῖς
2685 2543 2825 2611 ἡμῖν,
2857 2541 2916 2595 τὸ
2963 2541 3122 2600 θεῖον,
3171 2539 3268 2610 τὴν
3313 2540 3408 2609 μὲν
3447 2537 3525 2608 τῷ
3563 2537 3740 2607 Πατρὶ

2167 2630 2358 2696 διδοὺς,
2391 2631 2489 2702 τὴν
2517 2632 2572 2684 δὲ
2597 2632 2672 2702 τῷ
2709 2631 2839 2702 Υίῷ,
2875 2631 2973 2701 τὴν
2999 2631 3053 2684 δὲ
3080 2630 3156 2700 τῷ
3179 2631 3316 2700 ἁγίῳ
3340 2627 3634 2698 Πνεύματι.
3669 2626 3740 2678 Τί

2167 2723 2274 2796 γὰρ
2320 2725 2385 2777 ἂν
2436 2725 2716 2795 ἐποίησας,
2767 2723 2976 2791 παγίως
3007 2724 3232 2777 ἑκάστου
3275 2720 3476 2774 τούτων
3525 2718 3742 2787 ἑκάστῳ

2167 2815 2568 2885 νενεμημένου*
2624 2813 2784 2868 ὁπότε
2838 2814 3051 2868 πάντων
3089 2815 3222 2866 πᾶσι
3272 2809 3735 2880 συντεταγμένων,

2167 2906 2242 2971 ὡς
2273 2907 2428 2978 δῆλον
2477 2909 2588 2969 τοῖς
2625 2907 2946 2975 φιλοπόνοις,
2986 2905 3252 2977 τοσαύτην
3304 2905 3367 2957 σὺ
3413 2901 3500 2956 διὰ
3535 2901 3741 2956 τούτων

2171 2998 2408 3066 εἰσάγεις
2437 2998 2532 3050 κα)¹
2565 2997 2663 3066 τῆς
2692 2996 2870 3063 ἀξίας,
2899 2997 2994 3049 καὶ
3019 2997 3119 3066 τῆς
3159 2995 3372 3065 φύσεως
3411 2992 3736 3062 ἀνισότητας

503 3074 746 3138 fecisses,
780 3075 825 3129 si
857 3073 1109 3143 quaelibet
1154 3090 1218 3130 ex
1249 3075 1334 3130 his
1353 3077 1822 3145 praepositionibus
1854 3079 2066 3134 unicui-

2182 3089 2419 3159 Ἀπόχρη
2452 3088 2546 3141 καὶ
2571 3087 2742 3141 ταῦτα
2768 3090 2877 3151 τοῖς
2907 3087 2981 3159 μὴ
3006 3087 3125 3140 λίαν
3151 3086 3478 3156 ἀγνώμοσιν.
3521 3083 3738 3154 Ἐπειδὴ

506 3180 610 3235 que
633 3179 874 3236 persona:
920 3177 1234 3220 constanter
1271 3168 1636 3235 tribueretur;
1679 3183 1822 3235 eum,
1854 3171 2064 3225 tametsi

503 3271 691 3312 omnes
742 3272 864 3312 cum
911 3259 1162 3314 omnibus
1211 3258 1520 3328 promiscue
1565 3268 1975 3328 construantur,
2007 3270 2065 3316 ut

503 3349 762 3404 studiosis
803 3358 858 3404 et
905 3351 1175 3406 accuratis
1220 3351 1514 3407 lectoribus
1567 3353 1910 3422 perspicuum
1957 3363 2065 3419 est,

504 3449 706 3496 tantam
740 3442 854 3513 ipse
902 3458 998 3512 per
1049 3457 1162 3508 eas,
1195 3451 1250 3498 et
1296 3443 1593 3514 dignitatis,
1626 3455 1674 3498 e'
1735 3456 1939 3500 natura:
1985 3445 2068 3500 di-

502 3534 810 3588 versitatem
841 3534 1100 3589 inducas?
1124 3533 1410 3589 Sufﬁciunt
1444 3536 1560 3589 haec
1590 3536 1806 3605 quidem
1837 3537 2070 3591 homini-

501 3625 604 3679 bus
637 3639 744 3678 non
793 3625 957 3682 nimis
1020 3626 1218 3694 iniquis
1279 3641 1343 3680 ac
1379 3627 1744 3695 prprSIeris.
1803 3627 1906 3682 Sed
1942 3631 2068 3696 quia

2169 3180 2226 3232 δέ
2256 3180 2365 3249 (21)
2407 3177 2464 3231 σε
2493 3178 2599 3232 τῶν
2645 3180 2892 3250 χαλεπῶν
2930 3183 3097 3243 ἐστιν,
3140 3178 3282 3244 ἅπαξ
3329 3176 3740 3248 ὲπιπηδὴσαντα

2169 3267 2246 3338 τῷ
2273 3268 2567 3338 Πνεύματι,
2597 3272 2692 3338 τῆς
2721 3271 2891 3340 φορᾶς
2926 3270 3197 3340 σχεθῆναι,
3220 3267 3355 3321 ἀλλὰ
3373 3267 3466 3338 μὴ,
3490 3265 3740 3333 καθάπερ

2170 3359 2278 3412 τῶν
2325 3360 2468 3414 συῶν
2509 3361 2638 3425 τοὺς
2669 3361 3060 3432 θρασυτέρους,
3092 3363 3170 3423 είς
3198 3359 3354 3421 τέλος
3395 3357 3742 3426 φιλονεικεῖν,

2171 3451 2265 3506 καὶ
2291 3453 2426 3523 πρὸς
2456 3453 2516 3506 τὸ
2544 3453 2695 3522 ξίφος
2721 3452 3035 3516 ὼθίξεσθαι,
3068 3453 3257 3524 μέχρις
3299 3451 3364 3506 ἂν
3394 3452 3572 3503 πᾶσαν
3611 3450 3742 3502 εῐσω

2169 3543 2267 3613 τὴν
2297 3543 2507 3615 πληγὴν
2535 3543 2810 3614 ὑπολάϐῃς
2831 3559 2844 3572 ο
2881 3543 3034 3615 φέρε,
3067 3540 3394 3612 σκεψώμεθα
3436 3540 3519 3605 τὶς
3553 3538 3632 3592 ἔτι
3658 3555 3742 3594 σοι

2171 3630 2416 3684 λείπεται
2441 3631 2617 3700 λόγος.

505 3714 602 3768 tibi
632 3712 842 3768 diliicile
870 3725 974 3781 est,
1009 3730 1130 3769 cum
1175 3715 1340 3772 semel
1395 3716 1446 3770 in
1500 3716 1758 3785 Spiritum
1809 3728 2052 3774 sanetum
2092 3721 2370 3790 insilieris,
2398 3725 2652 3796 impetum
2680 3726 3059 3796 comprimere,
3083 3739 3145 3780 ac
3163 3741 3265 3781 non
3294 3725 3491 3794 potius,
3521 3722 3742 3778 ferocio-

506 3823 624 3863 rum
656 3823 907 3878 aprorum
949 3811 1142 3874 instar,
1210 3811 1276 3865 ad
1341 3819 1644 3866 extremum
1698 3827 1866 3882 usque
1927 3817 2278 3884 pertinaciter
2305 3821 2656 3887 contendere,
2687 3830 2849 3888 teque
2914 3821 2966 3874 in
2999 3819 3231 3889 gladium
3269 3821 3443 3889 ipsum
3505 3814 3743 3885 impelle-

505 3913 588 3963 re,
633 3900 809 3970 quoad
860 3910 1028 3956 totum
1073 3907 1263 3957 vulnus
1301 3914 1518 3972 pectore
1575 3905 1891 3971 exceperis:
1926 3922 2044 3974 age,
2085 3924 2202 3979 qua:
2233 3911 2325 3966 tibi
2363 3915 2498 3966 ratio
2535 3913 2788 3981 supersit,
2816 3914 3111 3966 videamus.

577 3993 720 4051 XXI.
751 3992 1043 4050 ldentidem
1071 3993 1371 4063 sapiusque
1405 3993 1558 4064 nobis
1602 3995 1865 4064 inculcas,
1904 3996 2082 4067 Spiri-

510 4097 596 4143 tus
621 4085 792 4142 sancti
823 4084 1157 4140 divinitatem
1204 4083 1348 4138 nullo
1398 4084 1696 4156 Scriptura:
1734 4087 1850 4142 loco
1900 4090 2082 4159 prodi-

510 4191 618 4234 tam
653 4179 858 4234 haberi.
898 4178 1188 4233 Enimvero
1215 4176 1356 4246 quod
1389 4192 1489 4231 nec
1523 4193 1693 4234 novus
1736 4195 1800 4234 ac
1835 4181 2080 4250 peregri-

509 4287 630 4337 nus,
667 4287 765 4327 nec
791 4269 1196 4326 iutroductitius
1230 4269 1344 4340 ipse
1373 4271 1464 4336 sit,
1495 4285 1681 4324 verum
1721 4281 1775 4324 et
1804 4271 2079 4340 a'priscis,

509 4375 562 4422 et
603 4366 762 4437 hujus
805 4364 980 4419 aetatis
1015 4363 1323 4419 hominibus
1369 4348 1606 4433 agnitus,
1644 4377 1708 4417 ac
1753 4363 2078 4434 patefactus,

511 4473 819 4529 quanquam
853 4471 882 4510 a
913 4455 1280 4524 compluribus
1302 4453 1415 4524 jam
1446 4464 1727 4511 ostensum
1760 4466 1865 4520 est,
1899 4456 1990 4524 qui
2017 4456 2082 4510 de

510 4551 613 4605 hac
639 4563 699 4604 re
731 4549 1138 4609 disseruerunt,
1175 4556 1337 4616 atque
1391 4547 1442 4601 in
1493 4547 1691 4602 divinis
1742 4546 2040 4616 Scripturis
2063 4589 2079 4615 ,

515 4656 614 4694 nec
648 4641 838 4710 ignave
875 4653 974 4692 nec
1020 4637 1387 4707 perfunctorie
1414 4640 1612 4693 versati
1643 4648 1789 4704 sunt,
1815 4639 1908 4694 sed
1939 4637 2082 4693 litte-

515 4746 631 4800 ram
667 4737 1034 4799 penetrantes,
1061 4739 1220 4796 atque
1250 4728 1393 4782 intro
1427 4729 1839 4797 prospicientes,
1888 4745 2080 4786 recon-

515 4821 683 4874 ditam
733 4819 1190 4889 pulchritudinem
1253 4819 1435 4872 divino
1489 4818 1748 4872 beneficio
1807 4820 2081 4881 viderunt,

515 4911 861 4980 scientiarque
891 4909 1008 4965 luce
1049 4909 1348 4965 collustrati
1392 4917 1518 4963 sunt
1553 4926 1568 4964 :
1609 4919 1787 4964 tamen
1825 4925 1922 4965 nos
1951 4926 2083 4979 quo-

515 5020 622 5075 que
645 5004 868 5071 cursim,
903 5013 1164 5072 quantum
1197 5017 1285 5058 res
1317 5001 1542 5070 patitur,
1576 5003 1958 5068 osmndemus;
2013 5017 2081 5056 ne

591 5097 636 5131 “
665 5097 824 5153 Rom.
856 5112 937 5159 XI,
963 5097 1053 5151 56.

591 5193 702 5264 (16)
743 5193 816 5248 Ἦ
852 5189 1064 5264 τετῶν
1096 5189 1422 5264 ὀνομάτων,
1447 5199 1554 5245 etc.
1593 5208 1612 5241 ι
1640 5187 1706 5243 Et
1748 5187 1800 5242 in
1850 5186 2090 5258 utrisque

522 5261 779 5318 vocabula
817 5262 1068 5315 similiter
1105 5261 1481 5314 euuntiantur.
1505 5279 1524 5311 ι

594 5334 706 5406 (l7)
745 5331 1087 5406 amoveri.
1118 5331 1207 5384 Sic
1236 5329 1417 5400 plures
1453 5330 1619 5402 Regg.
1645 5339 1699 5385 et
1729 5327 1880 5384 Colb.
1910 5326 1966 5381 ln
1999 5325 2088 5381 ed.

513 5401 868 5473 coniunctim,
895 5401 1152 5473 δηλονότι.

595 5469 708 5544 (ἰδ)
757 5469 1110 5541 Ἑτερόύσια.
1164 5472 1294 5542 Reg.
1329 5473 1416 5528 bm
1446 5481 1496 5526 et
1549 5471 1805 5542 Hervag.,
1844 5469 2093 5541 ἑτεροού-

522 5562 630 5598 σια.

595 5615 708 5684 (l9)
745 5611 870 5681 Αἵς.
899 5614 1110 5680 Comb.,
1138 5616 1196 5666 ὲν
1229 5608 1336 5678 αἷς.

594 5685 707 5754 (‘20)
750 5687 908 5750 Θείᾳ.
949 5686 1101 5739 Deest
1133 5688 1182 5737 iu
1218 5684 1556 5754 quihusdam.

595 5748 706 5827 (⁸21)
760 5748 990 5824 Ἐπειδὴ
1023 5755 1107 5810 δέ.
1137 5748 1250 5813 Duo
1279 5757 1442 5826 Regg.
1470 5764 1523 5809 et
1547 5752 1758 5819 Comb.,
1788 5750 1906 5803 ἐπεὶ
1938 5748 2014 5802 δέ,

2251 4003 2380 4056 KA'.
2413 4003 2578 4058 Πάλιν
2603 4004 2696 4056 καὶ
2722 4003 2980 4064 πολλάκις
3007 4001 3333 4064 ἁνακυκλεῖς
3369 3999 3479 4070 (‘22)
3509 3999 3640 4068 ἠμί)
3685 3996 3746 4048 τὸ

2183 4093 2448 4164 ἄγραφον.
2493 4093 2615 4146 Ὅτι
2643 4093 2740 4163 μὲν
2765 4088 2859 4146 οὖν
2887 4093 2947 4144 οὐ
2980 4091 3129 4158 ξένον
3161 4090 3341 4154 τοῦτο,
3368 4089 3489 4142 οὐδὲ
3518 4086 3746 4157 παρείσ-

2181 4203 2366 4249 ακτον,
2403 4184 2539 4239 ἀλλὰ
2577 4184 2672 4238 καὶ
2715 4187 2828 4247 τοῖς
2883 4182 3051 4237 πάλαι
3086 4181 3180 4236 καὶ
3221 4183 3328 4242 τοῖς
3361 4180 3453 4232 νῦν
3484 4174 3747 4246 γνωριζό-

2188 4292 2346 4346 μενον
2377 4275 2474 4328 καὶ
2501 4271 3046 4345 παραγυμνούμενον,
3086 4270 3352 4324 δέδεικται
3381 4268 3476 4338 μὲν
3495 4266 3592 4337 ἤδη
3622 4265 3751 4318 πολ-

2184 4368 2293 4430 λοῖς
2324 4367 2430 4420 τῶν
2452 4367 2578 4437 περὶ
2594 4365 2782 4418 τούτου
2814 4363 3183 4435 διειληφότων,
3216 4362 3329 4413 ὅσοι
3359 4359 3432 4428 μὴ
3469 4356 3747 4429 ῥᾳθύμως,

2190 4459 2324 4530 μηδὲ
2353 4458 2640 4530 παρέργως
2662 4459 2778 4520 ταῖς
2803 4455 2972 4519 Θείαις
2997 4457 3236 4525 Γραφαῖς
3262 4451 3568 4521 ἐντυχόντες
3614 4449 3750 4520 (ἓὸ),

2187 4551 2321 4604 ἀλλὰ
2349 4551 2656 4621 διασχόντες
2679 4549 2736 4602 τὸ
2763 4548 3018 4620 γράμμα,
3042 4546 3136 4600 καὶ
3151 4543 3280 4596 εἴσω
3309 4540 3754 4612 παρακύψαντες,

2186 4641 2247 4694 τὸ
2261 4641 2520 4695 ἀπόθετον
2542 4639 2732 4702 κάλλος
2767 4639 2893 4692 ἰδεῖν
2916 4635 3245 4706 ἠξιώθησαν,
3272 4633 3364 4687 καὶ
3383 4632 3461 4703 τῷ
3490 4630 3758 4701 φωτισμῷ

2186 4731 2288 4800 τῆς
2343 4728 2596 4798 γνώσεως
2634 4726 3113 4797 κατηυγάσθησαν·
3157 4723 3486 4795 δηλώσωμεν
3544 4721 3656 4792 (24)
3699 4721 3758 4774 δὲ

2191 4821 2281 4874 καὶ
2313 4821 2474 4889 ἡμεῖς
2521 4820 2579 4885 ἐξ
2616 4819 2937 4890 ἐπιδρομῆς,
2971 4819 3092 4870 ὅσον
3122 4815 3414 4885 ἐνδέχεται.
3439 4811 3534 4866 τοῦ
3564 4810 3638 4883 μὴ
3668 4812 3759 4864 δο-

2188 4913 2302 4962 κεῖν
2347 4905 2484 4962 εἶναι
2534 4889 2776 4980 περιττοί
2830 4920 2994 4971 τινες,
3046 4889 3178 4977 μηδὲ
3235 4903 3630 4976 φιλοτιμότεροι
3664 4900 3758 4955 τοῦ

2186 5000 2416 5067 δέοντος,
2467 4999 2945 5070 ἐποικοδομοῦντες
3003 4997 3116 5069 (25)
3161 4995 3254 5051 ἐπὶ
3305 4994 3554 5066 θεμέλιον
3600 4993 3760 5047 ἀλλό-

2268 5185 2379 5255 (2'2)
2412 5183 2826 5270 ‘Z‘tquvxxsic.
2876 5181 3007 5252 Reg.
3049 5180 3113 5243 b,
3165 5174 3486 5237 ἅνακύκλοις
3541 5171 3620 5243 [f.
3665 5186 3764 5240 pro

2199 5254 2571 5326 ἀνακυκλοῖς].

2271 5328 2381 5398 (9'5)
2431 5324 2835 5393 Ἠν-τυχόντες.
2879 5318 3022 5375 Colb.
3059 5317 3092 5372 5
3136 5325 3191 5372 et
3241 5313 3457 5377 Comb.,
3503 5313 3766 5381 ὲντυγχά·

2198 5413 2397 5460 νοντες.

2273 5468 2383 5538 (‘24)
2423 5463 2813 5534 Δηλώσωμεν.
2860 5458 2995 5528 Reg.
3045 5455 3080 5510 ι»
3131 5465 3186 5510 et
3243 5451 3470 5518 CORIb.,
3525 5448 3766 5518 δηλώσο-

2205 5557 2379 5688 μεέέδ)
2434 5600 3008 5672 Ἐποικοδομοῦντες.
3057 5595 3188 5668 Reg.
3221 5595 3275 5662 b,
3307 5591 3458 5650 Colb.
3485 5589 3540 5658 5,
3571 5586 3766 5644 οἰκοδο-

2201 5693 2440 5751 μουντες.
