4038 6338
190 440 299 492 157
1234 437 1493 497 ORATIO
1532 441 1725 499 XXXI.
1773 474 1832 484 —
1873 444 2316 503 THEOLOGICA
2353 446 2419 503 ν.
3359 453 3462 508 I58

187 577 367 630 τριον.
401 560 465 612 Εἰ
498 560 556 613 δὲ
576 559 637 613 τὸ
665 559 740 631 μὴ
755 559 875 612 λίαν
912 560 1098 628 σαφῶς
1132 561 1437 631 γεγράφθαι
1476 564 1629 631 Θεὸν,
1658 566 1792 637 μηδὲ

1909 567 2097 639 alioqui
2138 585 2590 640 supervacaneam
2632 571 2919 643 quamdam
2957 586 3177 642 operam
3226 588 3460 639 sumere,

189 649 465 713 πολλάκις
483 650 768 720 ὀνομαστὶ,
807 650 997 720 ῶσπερ
1027 650 1119 703 τὸν
1140 651 1358 721 Πατέρα
1390 653 1673 725 πρότερον,
1692 656 1787 709 καὶ

1909 676 1958 716 te
1984 662 2102 730 plus
2125 678 2280 733 mquo
2309 662 2592 719 ambitioni
2640 663 2919 734 indulgere
2947 664 3256 732 videamur,
3304 680 3467 734 super

187 740 287 793 τὸν
326 741 455 793 Υἱὸν
481 739 731 810 ὕστερον,
764 740 934 793 αἴτιόν
958 757 1039 793 σοι
1073 740 1280 807 γίνεται
1310 741 1790 814 βλασφημίας,καὶ

1909 753 2302 809 'undamentnm
2342 754 2576 809 alienum
2624 756 2971 810 aediﬁcantes.
3020 756 3173 823 Quod
3223 757 3292 822 si,
3338 758 3457 826 quia

186 833 301 901 τῆς
358 832 627 904 περιττῆς
684 833 891 903 ταύτης
948 832 1329 901 γλωσσαλγίας
1371 836 1463 887 καὶ
1512 836 1786 899 ἀσεϐείας

1909 860 1998 898 ron
2058 844 2346 899 admodum
2409 846 2644 901 dilucide
2699 846 2749 899 in
2809 847 3108 915 Scriptura,
3168 861 3270 902 nec
3325 861 3464 914 saepe

190 928 368 995 ἡμεῖς
399 942 485 977 σοι
529 924 765 995 λύσομεν
796 924 1002 996 ταύτην
1041 926 1140 997 τὴν
1176 925 1401 996 βλάϐην,
1435 928 1605 999 μικρά
1664 931 1793 1001 περὶ

1910 934 2209 989 tominatim
2256 935 2397 991 Deus
2439 936 2757 1004 appelletur,
2811 938 3265 1006 quemadmodum
3300 937 3455 993 Patet

189 1017 548 1088 πραγμάτων
575 1017 987 1087 καὶόνομάτων,
1015 1017 1111 1070 καὶ
1137 1017 1372 1087 μάλιστα
1412 1018 1560 1089 παρά
1597 1021 1662 1090 τῇ
1692 1021 1792 1090 τῆς

1909 1024 2075 1093 prius,
2107 1033 2160 1079 et
2187 1036 2374 1095 postea
2410 1026 2597 1092 Filius,
2630 1025 2993 1096 blasphemia,
3034 1044 3096 1084 ac
3140 1046 3457 1100 supervaca.

191 1108 430 1195 Γραιξῆς
469 1108 734 1180 συνηθείᾳ
772 1109 1256 1181 φιλοσοφήσαντες.

1909 1128 2009 1169 mea:
2041 1114 2199 1183 hujus
2233 1116 2575 1186 loquacitatis
2611 1127 2670 1171 et
2698 1119 2989 1186 impietatis
3014 1135 3198 1174 ansam
3230 1121 3457 1191 praebet'

197 1220 305 1259 nos
342 1204 439 1259 tibi
482 1205 586 1260 hoc
617 1203 1020 1260 incommodum
1058 1205 1409 1275 dvpellemus,
1447 1217 1794 1277 posteaquam
1836 1208 1902 1263 dc
1935 1210 2093 1265 rebus
2119 1220 2170 1265 et
2195 1212 2520 1278 nominibus,
2552 1228 2613 1267 ac
2640 1214 2979 1283 potissimum
3042 1215 3109 1270 de
3173 1215 3465 1286 Scriptura:

194 1312 357 1351 more
387 1307 558 1367 atque
591 1314 691 1353 usu
724 1299 965 1354 nonnihil
1004 1301 1320 1355 dixerimus.

266 1393 402 1445 ΚΒ.
423 1393 548 1445 Τῶν
583 1393 951 1465 πραγμάτων,
1002 1393 1073 1446 τὰ
1108 1394 1208 1464 μὲν
1249 1395 1350 1447 οὐκ
1393 1394 1529 1457 ἔστι,
1569 1395 1789 1462 λέγεται

190 1481 272 1533 δέ·
310 1482 377 1534 τὰ
405 1483 461 1535 δὲ
493 1483 725 1545 ὅντα,οὒ
744 1483 980 1552 λέγεται·
1012 1484 1081 1536 τὰ
1100 1484 1156 1536 δὲ
1195 1483 1317 1536 οὔτε
1352 1484 1519 1548 ἔστιν,
1544 1484 1669 1538 οὔτε
1704 1485 1792 1537 λέ-

192 1590 379 1643 γεταιο
404 1575 476 1628 τὰ
517 1576 574 1629 δὲ
619 1576 807 1645 ἀμιξω,
856 1576 949 1628 καί
984 1574 1120 1634 ἐστι,
1159 1576 1253 1627 καὶ
1286 1575 1521 1643 λέγεται.
1576 1576 1794 1629 Τούτων

193 1668 461 1729 ἀπαιτεῖς
508 1683 578 1736 με
645 1666 745 1728 τὰς
794 1666 1133 1731 ἀποδείξεις;
1203 1670 1504 1737 παρασχεῖν
1555 1667 1793 1736 ἕτοιμος.

1909 1668 2177 1723 dicuntur.
2213 1667 2415 1723 Ilorum
2446 1671 2794 1739 probationes
2822 1688 2850 1727 a
2884 1688 2967 1728 uae
2992 1674 3282 1743 exposcis?
3313 1673 3473 1741 Impi-

205 1755 405 1808 ’Υπνοί
443 1758 508 1825 τῇ
544 1755 734 1827 Γρανρῇ
760 1755 910 1818 Θεὸς,
936 1755 1030 1808 καὶ
1056 1759 1345 1827 γρηγορεῖ,
1376 1756 1468 1809 καὶ
1496 1756 1792 1827 ὀργίζεται,

1909 1774 1994 1829 ger
2022 1760 2314 1814 exhibebo.
2355 1761 2563 1816 Dormit
2586 1762 2630 1794 “
2664 1766 2717 1817 in
2751 1764 3031 1832 Scriptura
3064 1766 3223 1830 Deus,
3256 1774 3309 1821 et
3338 1766 3474 1837 vigio

194 1850 297 1902 καὶ
331 1848 565 1919 βαδίζει,
605 1848 700 1900 καὶ
755 1846 942 1917 θρόνον
978 1845 1090 1917 ἔχει
1145 1846 1215 1898 τὰ
1265 1846 1550 1917 χερουϐίμ·
1596 1847 1793 1909 καίτοι,

1909 1852 1974 1906 lat
2017 1852 2084 1917 ",
2132 1860 2187 1907 et
2240 1854 2495 1907 irascitur
2536 1855 2603 1918 ⁸³,
2656 1866 2709 1910 et
2750 1858 3110 1927 proﬁciscitur
3148 1858 3214 1924 ⁸⁸,
3271 1869 3323 1913 et
3373 1874 3473 1929 pro

196 1943 337 1995 ποτε
361 1940 589 2010 γέγονεν
616 1939 902 2011 ὲμπαθής;
938 1940 1066 1991 πότε
1090 1938 1147 1991 δὲ
1174 1939 1331 2009 σῶμα
1362 1937 1492 1993 Θεὸν
1514 1939 1791 2009 ἀκήκοας;

1909 1944 2094 1999 throno
2142 1945 2471 2000 cherubinos
2517 1945 2561 1977 ⁸⁸
2620 1947 2798 2001 habet.
2846 1948 2985 2015 Quid
3026 1950 3224 2004 audio?
3275 1949 3473 2004 Fuitne

195 2033 381 2085 Τοῦτο
405 2033 507 2085 οὐκ
530 2031 589 2083 ὃν
619 2031 951 2102 ἀνεπλάσθη.
998 2030 1375 2101 Ὠνομάσαμεν
1398 2030 1526 2101 γὰρ,
1557 2030 1631 2094 ὡς
1665 2032 1795 2101 ἡμῖν

1909 2050 2135 2104 unquam
2173 2036 2260 2090 ille
2288 2036 2659 2093 allectionibus
2687 2039 2986 2093 obnoxius?
3028 2040 3252 2107 Quando
3302 2041 3468 2095 Deum

195 2129 451 2194 ἐφικτὸν,
489 2127 554 2177 ἐκ
588 2125 695 2177 τῶν
727 2123 1012 2195 ἡμετέρων
1035 2122 1103 2175 τὰ
1128 2122 1223 2175 τοῦ
1253 2122 1409 2176 Θεοῦ.
1439 2122 1511 2175 Τὸ
1550 2123 1647 2190 μὲν
1666 2124 1795 2193 ἡρε-

1909 2141 2020 2183 esse
2043 2142 2240 2198 corpus
2266 2129 2503 2184 audisti?
2532 2108 2812 2199 E'rgohoc,
2840 2147 2960 2185 cum
2989 2148 3095 2186 non
3121 2132 3213 2198 sit,
3239 2131 3471 2188 eIIictum

198 2222 331 2288 μεῖν
368 2219 533 2271 αὐτὸν
559 2219 652 2285 ἀφ’
680 2218 858 2287 ἡμῶν,
897 2216 991 2269 καὶ
1022 2210 1134 2268 οἷον
1164 2214 1405 2285 ἀμελεῖν,
1449 2213 1515 2267 δι’
1538 2213 1604 2276 ἃς
1636 2213 1795 2276 αὐτὸς

1909 2226 2000 2273 est.
2042 2219 2122 2272 Ex
2154 2221 2357 2275 nostris
2384 2220 2528 2275 enim
2576 2220 2738 2276 rebus
2785 2236 2872 2284 ea,
2912 2238 3029 2291 qua:
3075 2224 3168 2278 Dei
3219 2233 3367 2289 sunt,
3414 2233 3473 2278 ut

198 2308 355 2364 οἶδεν
388 2311 591 2375 αἰτίας,
643 2309 867 2363 ὑπνοῦν.
898 2308 972 2361 Τὸ
1017 2307 1127 2378 γὰρ
1151 2308 1417 2379 ἡμέτερον
1451 2306 1562 2375 (9.6)
1597 2304 1795 2358 ὑπνοῦν

1909 2309 2193 2378 potuimus,
2229 2312 2651 2366 nominavimus.
2712 2313 2847 2368 Cum
2900 2314 3127 2369 seorsim
3175 2315 3390 2385 quidem
3439 2328 3472 2369 ι

192 2402 471 2466 τοιοῦτον,
489 2402 854 2473 ἀνενέργητόν
878 2418 935 2454 τε
957 2401 1050 2454 καὶ
1070 2400 1370 2471 ἄπρακτον.
1407 2399 1480 2451 Τὸ
1505 2399 1559 2451 δὲ
1586 2398 1795 2469 ἀθρόως

1909 2401 2055 2454 nobis
2085 2402 2338 2469 quiescit,
2364 2418 2429 2457 ac
2462 2403 2608 2458 velut
2633 2406 2801 2460 nostri
2834 2420 3045 2470 curam,
3096 2406 3165 2461 ob
3194 2420 3305 2467 eas,
3337 2420 3475 2475 quas

194 2494 263 2551 εὖ
309 2500 482 2550 ποιεῖν
517 2499 580 2549 ἐκ
601 2495 931 2567 μεταϐολῆς,
972 2496 1287 2566 γρηγορεῖν.
1328 2493 1538 2546 ’Ύπνου
1569 2493 1677 2564 γὰρ
1706 2493 1795 2544 λύ-

1909 2493 2015 2560 ipse
2072 2503 2387 2562 perspectas
2443 2494 2628 2561 habet,
2694 2512 2903 2561 causas,
2966 2497 3176 2566 abjicit,
3234 2497 3476 2552 dormire

203 2608 320 2653 σις,
359 2590 714 2660 ἐγρήγορσις,
752 2588 939 2659 ῶσπερ
966 2586 1339 2657 ἀποστροφῆς,
1370 2584 1675 2653 ἐπίσκεψις.
1726 2584 1795 2637 Τὸ

1909 2583 2117 2639 dicitur.
2165 2583 2299 2637 Nam
2352 2601 2451 2640 nos
2496 2602 2731 2658 quoque,
2785 2588 2913 2643 dmn
2963 2589 3278 2652 dormimus,
3323 2588 3470 2642 omni

201 2679 263 2732 δὲ
294 2677 565 2742 κολάζειν,
606 2676 918 2747 ὀργίζεσθαι
941 2676 1338 2744 πεποιήκαμεν
1370 2670 1511 2725 οὕτω
1539 2673 1645 2742 γὰρ
1668 2674 1795 2742 ἡμῖν

1909 2673 2090 2742 agendi
2153 2673 2410 2728 facultate
2470 2692 2741 2733 caremus.
2795 2678 2962 2744 Idem,
3020 2692 3141 2729 cum
3197 2676 3473 2745 repentina

203 2771 265 2835 ἐξ
291 2770 522 2840 ὁργῆςὴ
556 2768 797 2832 κόλασις.
836 2766 909 2819 Τὸ
942 2766 995 2818 δὲ
1035 2766 1131 2817 νῦν
1169 2766 1265 2834 μὲν
1292 2764 1403 2834 (9.7)
1442 2764 1586 2835 τῇδε,
1617 2763 1711 2816 νῦν
1742 2762 1795 2815 δὲ

1909 2766 2202 2820 mutatione
2260 2766 2539 2822 beneliciis
2597 2782 2698 2822 nos
2744 2767 2933 2834 afﬁcit,
2982 2768 3205 2836 vigilare
3253 2766 3473 2821 dicitur.

201 2861 337 2931 τῇδε
384 2861 651 2931 ἐνεργεῖν,
679 2858 937 2929 βαδίζειν.
975 2858 1040 2909 Ἠ
1071 2856 1181 2926 γὰρ
1204 2857 1296 2907 ἀπ’
1331 2854 1489 2909 ἄλλον
1517 2854 1651 2925 πρὸς
1673 2853 1795 2907 ἀλλο

1909 2856 2092 2911 Ξοιιιιιί
2147 2858 2291 2912 enim
2333 2859 2576 2927 depulsio
2626 2869 2709 2914 est
2755 2860 2966 2929 vigilia,
3020 2859 3473 2928 quemadmodum

207 2953 534 3023 μετάϐασις,
572 2950 854 3023 βαδισμός.
907 2950 981 3003 Τὸ
1019 2949 1076 3002 δὲ
1131 2946 1505 3000 ἀναπαύεσθαι
1540 2947 1649 3015 (9.8)
1680 2948 1795 3009 ταῖς

1909 2950 2261 3003 aversationis
2296 2950 2556 3005 visitatio.
2590 2950 2709 3006 .lam
2742 2967 2864 3005 cum
2903 2952 2954 3006 in
2976 2952 3207 3020 aliquem
3237 2950 3478 3005 animad-

201 3045 396 3113 ἁγίαις
429 3043 715 3110 δυνάμεσι,
750 3041 844 3094 καὶ
873 3035 983 3093 οἷον
1029 3037 1447 3110 ἐμφιλοχωρεῖν,
1473 3035 1795 3099 καθέζεσθαι

1909 3039 2083 3103 vertit,
2132 3039 2295 3094 irasci
2336 3054 2460 3094 eum
2515 3040 2789 3096 ﬁnximns.
2838 3038 2928 3094 Sic
2976 3040 3124 3094 enim
3154 3054 3254 3093 nos
3292 3040 3372 3093 ira
3406 3038 3472 3093 ad

205 3138 303 3191 καὶ
333 3135 704 3209 θρονίζεσθαι,
733 3133 828 3187 καὶ
858 3131 1016 3185 τοῦτο
1050 3131 1338 3202 ἡμέτερον.
1359 3130 1547 3183 Οὐδενὶ
1574 3131 1683 3202 γὰρ
1707 3129 1795 3183 οὕ-

1909 3131 2229 3202 punicndum
2275 3132 2581 3189 incitamur.
2624 3132 2776 3199 Quod
2808 3142 2987 3187 autem
3016 3146 3158 3186 nunc
3193 3130 3301 3196 hic,
3333 3144 3478 3185 nunc

202 3246 335 3291 τως,
374 3228 451 3289 ὡς
474 3230 584 3292 τοῖς
610 3225 785 3295 ἁγίοις
816 3226 876 3277 τὸ
906 3224 1045 3277 θεῖον
1072 3220 1474 3276 ὲναναπαύεται
1495 3221 1629 3291 (ἑ9).
1650 3223 1721 3275 Τὸ
1743 3223 1795 3275 δὲ

1909 3223 2010 3278 illic
2052 3233 2327 3292 operatur,
2373 3225 2627 3280 incedere
2671 3225 2887 3280 dicitur.
2940 3224 3023 3279 Ab
3071 3222 3178 3277 alio
3213 3222 3357 3278 enim
3403 3222 3473 3276 ad

201 3320 552 3389 ὀξυκίνητον,
578 3319 796 3390 πτῆσιν·
819 3317 918 3386 τὴν
947 3315 1003 3368 δὲ
1030 3313 1358 3381 ἐπισκοπὴν,
1392 3313 1703 3382 πρόσωπον·
1736 3313 1795 3366 τὸ

1909 3314 2046 3368 aliud
2076 3315 2353 3381 transitus,
2384 3315 2650 3385 profectio
2685 3324 2785 3371 est.
2834 3314 2985 3381 Quod
3020 3327 3148 3368 vero
3189 3312 3241 3367 in
3271 3313 3476 3368 sanctis

201 3410 414 3463 διδόναι
439 3409 498 3463 δὲ
527 3411 621 3463 καὶ
652 3408 973 3480 προσίεσθαι
1029 3405 1164 3474 (5H),
1207 3404 1384 3475 χεῖρα·
1415 3404 1507 3456 καὶ
1547 3404 1678 3474 ἄλλη
1716 3420 1795 3467 τις

1909 3404 2008 3458 illis
2039 3412 2092 3461 et
2122 3405 2435 3462 caelestibus
2468 3408 2741 3462 mentibus
2788 3406 3160 3475 conquiescat,
3213 3419 3278 3460 ac
3328 3402 3473 3457 velut

204 3502 350 3564 ὅλως
384 3500 494 3553 τῶν
523 3500 618 3553 τοῦ
647 3498 783 3553 Θεοῦ
831 3497 1114 3568 δυνάμεων
1169 3497 1201 3566 ἦ
1244 3495 1553 3569 ἐνεργειῶν,
1582 3495 1708 3549 ἀλλο
1746 3512 1795 3546 τι

1909 3499 2135 3556 libenter
2170 3501 2511 3566 immoretur,
2562 3503 2752 3557 sedere
2795 3512 2958 3570 atque
3007 3500 3059 3554 in
3114 3500 3309 3554 throno
3354 3510 3474 3552 esse

203 3592 317 3645 τῶν
340 3590 673 3661 σωματικῶν
698 3593 831 3661 ἡμῖν
858 3587 1338 3659 ἀνεςωγράφησεν.

1909 3590 2371 3657 nuncupavimus;
2428 3592 2572 3660 quod
2615 3591 2789 3661 ipsum
2829 3605 3042 3659 quoque
3088 3597 3332 3644 nostrum
3362 3594 3467 3640 est.

205 3685 352 3741 Deus
417 3688 563 3739 enim
617 3685 758 3739 nulla
814 3685 867 3738 in
944 3699 1004 3739 re
1060 3682 1284 3752 perinde
1334 3692 1391 3736 ut
1455 3681 1507 3737 in
1567 3682 1794 3746 sanctis,
1835 3682 2154 3752 acquiescit.
2223 3684 2341 3741 Jam
2389 3686 2663 3742 levitatem
2712 3687 2829 3755 ejus
2877 3696 3161 3753 motusque
3221 3682 3472 3739 celerita-

210 3790 321 3833 tem
353 3819 370 3844 ,
427 3776 672 3831 volatum
724 3774 960 3846 appellat
1003 3774 1319 3843 Scriptura;
1378 3772 1739 3828 visitatiOnem
1768 3811 1784 3836 ,
1827 3772 2057 3839 vultum,
2090 3774 2430 3845 largitionem
2455 3776 2617 3831 etiam
2648 3785 2702 3831 et
2759 3775 3152 3844 acceptiouem,
3211 3770 3472 3827 manum;

204 3884 396 3945 atque,
431 3884 493 3927 ut
565 3874 619 3927 in
688 3887 898 3926 summa
950 3870 1144 3936 dicam,
1197 3868 1300 3922 alia
1349 3870 1592 3939 quautam
1649 3868 1739 3924 Dei
1786 3868 1865 3924 vis
1902 3880 1951 3925 et
2005 3870 2271 3936 facultas,
2334 3872 2476 3927 aliud
2525 3872 2801 3942 quidpiam
2856 3886 3035 3925 rerum
3088 3880 3469 3937 corporearum

206 3969 365 4024 nobis
394 3966 659 4037 depinxit.
822 4054 832 4057 Δ
1150 4028 1179 4057 ⁸

279 4060 409 4112 Kl".
442 4058 615 4112 Πάλιν
642 4059 706 4111 σὺ
741 4054 903 4111 πόθεν
944 4057 1003 4110 τὸ
1033 4053 1324 4126 ἀγέννητον
1346 4054 1525 4107 λαϐὼν
1551 4054 1711 4125 ἔχεις,
1763 4053 1797 4125 ἢ

203 4148 271 4201 τὸ
293 4149 407 4220 (³51)
436 4147 692 4220 ἄναρχον,
713 4146 813 4212 τάς
837 4147 934 4210 σάς
962 4146 1306 4219 ἀκροπόλεις,
1337 4144 1369 4216 ἢ
1408 4147 1502 4199 καὶ
1535 4148 1714 4217 ἡμεῖς,
1742 4145 1802 4197 τὸ

204 4241 515 4307 ἀθάνατονς
582 4241 764 4307 Δεῖξον
808 4240 984 4295 ταῦτα
1030 4238 1309 4308 ὀνομαστὶ,
1354 4239 1387 4309 ἢ
1438 4238 1798 4307 ἀθετήσομεν,

206 4335 398 4405 ἐπειδὴ
414 4334 476 4387 οὐ
510 4333 822 4405 γέγραπται
853 4332 985 4402 (52),
1010 4330 1043 4402 ἥ
1066 4329 1453 4402 διαγράψομεν.
1474 4330 1581 4382 Καὶ
1608 4329 1801 4399 τέθνη-

206 4444 314 4490 κας
333 4430 400 4480 ὲκ
431 4426 537 4479 τῶν
580 4426 686 4478 σῶν
721 4425 1053 4487 ὑποθέσεων,
1085 4420 1521 4493 καθαιρεθέντων
1555 4438 1637 4473 σοι
1689 4421 1795 4474 τῶν

1909 4427 2034 4494 quia
2088 4426 2140 4479 in
2191 4424 2470 4496 Scriptura
2504 4441 2612 4481 non
2643 4432 2893 4488 exstant,
2952 4421 3035 4476 vel
3085 4431 3473 4488 expungemus.

204 4519 514 4589 ὀνομάτων,
556 4518 650 4569 καὶ
682 4515 775 4570 τοῦ
797 4516 1009 4586 τείχους
1028 4517 1125 4585 τῆς
1157 4511 1480 4581 καταφυγῆς
1516 4512 1599 4580 ἐφ’
1630 4505 1795 4581 ᾦ(55)

1909 4517 2084 4587 Atque
2118 4518 2190 4572 ita
2233 4521 2453 4574 tuismet
2493 4519 2609 4587 ipse
2636 4516 2914 4587 principiis
2954 4527 3241 4583 oppressus
3301 4512 3474 4566 inter-

205 4610 545 4674 ἐπεποίθεις.
576 4610 647 4663 "II
674 4609 851 4680 δῆλον,
871 4609 952 4661 ὅτι
979 4609 1043 4660 ὲκ
1076 4606 1184 4661 τῶν
1216 4605 1386 4658 ταῦτα
1432 4604 1795 4672 συναγόντων,

1909 4607 2033 4677 ibis,
2055 4609 2261 4665 eversis
2280 4610 2534 4664 nimirum
2559 4609 2656 4664 tibi
2686 4606 2963 4662 vocabulis
2986 4605 3112 4671 illis,
3136 4601 3476 4674 perlugiique

948 4730 994 4759 ⁸⁸
1050 4729 1184 4783 Dan.
1235 4743 1308 4793 ιχ,
1353 4725 1436 4779 14.
1516 4724 1560 4755 ⁸³
1598 4721 1701 4778 Isa.
1736 4739 1789 4777 v.
1820 4725 1912 4781 25.

1970 1395 2132 1466 57o
2168 1395 2335 1453 XXII.
2389 1396 2589 1451 Rerum
2652 1413 2779 1469 ergo
2828 1400 2947 1454 aliae
2996 1415 3099 1455 non
3157 1410 3315 1469 sunt,
3376 1404 3469 1457 sed

1898 1485 2180 1551 dicuntur;
2243 1486 2359 1541 alia:
2395 1504 2514 1542 cum
2562 1490 2691 1554 sint,
2750 1491 2973 1545 minime
3016 1493 3299 1558 dicuntur;
3354 1494 3471 1548 alia:

1900 1592 2003 1632 nec
2032 1588 2178 1643 sunt,
2215 1594 2314 1633 nec
2344 1581 2633 1646 dicuntur;
2682 1582 2802 1637 aliae
2858 1584 3090 1651 denique
3139 1592 3193 1638 et
3238 1594 3364 1638 sunt
3414 1594 3474 1640 et

1979 4053 2164 4108 XXIII.
2196 4054 2427 4109 Rursum
2446 4058 2716 4110 undenam
2746 4064 2798 4110 tu
2827 4067 2983 4109 arces
3010 4052 3125 4107 illas
3154 4061 3293 4117 tuas,
3328 4049 3477 4117 inge-

1905 4150 2079 4203 nitum
2129 4160 2223 4203 aut
2275 4151 2575 4205 anarchum
2642 4149 2781 4215 (hoc
2810 4158 2894 4204 est
2921 4145 3169 4217 principii
3215 4143 3474 4214 expers),

1906 4242 2185 4311 accepisti,
2240 4255 2336 4297 aut
2381 4258 2479 4298 nos
2520 4243 2685 4298 etiam
2730 4240 3050 4296 immortalis
3092 4237 3321 4293 vocem?
3353 4233 3478 4288 Haec

1906 4334 2222 4388 nominatim
2253 4345 2305 4389 et
2335 4349 2591 4403 expresse
2617 4334 2863 4393 ostende,
2912 4348 2972 4385 ea
3020 4330 3103 4385 vel
3148 4328 3473 4396 rejiciemns,

279 4732 323 4762 ⁸⁸
357 4729 503 4785 Psal.
539 4746 747 4799 Lxxvn,
781 4728 871 4784 65.
948 4730 994 4759 ⁸⁸
1050 4729 1184 4783 Dan.
1235 4743 1308 4793 ιχ,
1353 4725 1436 4779 14.
1516 4724 1560 4755 ⁸³
1598 4724 1701 4778 Isa.
1736 4739 1789 4777 v.
1820 4725 1912 4781 25.
1988 4727 2036 4760 ⁸⁸
2066 4728 2200 4785 Gen.
2235 4744 2313 4795 xl,
2348 4728 2400 4783 5.
2477 4727 2523 4759 ⁸⁸
2567 4726 2667 4783 Isa.
2714 4741 2921 4793 xxxvu,
2959 4724 3045 4779 l6.

1975 4864 2088 4936 (51)
2134 4866 2209 4920 Ἦ
2238 4866 2325 4919 τό.
2364 4864 2455 4920 Sic
2486 4864 2729 4935 plerique
2776 4862 2931 4918 codd.
2975 4870 3030 4918 et
3080 4859 3205 4915 Bas.
3240 4858 3398 4914 Deest
3436 4859 3472 4930 ἡ

1898 4934 1950 4989 in
1984 4934 2072 4991 ed.

1972 5027 2206 5100 (52)]’11
2237 5025 2630 5098 ἀθετήσομεν,
2675 5024 2881 5100 ἐπειδὴ
2912 5026 2983 5079 οὐ
3016 5022 3476 5100 γέγραπται.μδίο
3529 5024 3545 5039 ⁸

1904 5093 2074 5153 inedi
2103 5098 2225 5155 Par.
2258 5093 2415 5165 I609,
2458 5093 2515 5152 ei.
2564 5100 2645 5154 sic
2695 5097 2973 5164 legendum
3024 5093 3296 5165 putamus,
3352 5093 3477 5147 licet

1903 5167 2083 5241 plures
2111 5169 2263 5241 editi,
2293 5186 2415 5241 eum
2464 5169 2596 5233 Elia,
2629 5168 2809 5222 verbis
2846 5166 2949 5219 illis
2993 5174 3306 5241 praeportant
3347 5179 3473 5241 par-

1906 5233 2120 5293 iiculam
2174 5240 2284 5294 καί.
2322 5240 2514 5293 Τοιιιιιι
2556 5241 2655 5293 hoc
2700 5240 3001 5291 membrum
3043 5233 3115 5289 exi
3161 5236 3275 5289 Elia
3311 5233 3478 5287 refert

281 4866 397 4935 (26)
445 4867 516 4921 Τὸ
572 4865 682 4936 γὰρ
745 4862 1052 4933 ἡμέτερον,
1100 4871 1205 4936 etc.
1254 4878 1281 4936 _r
1311 4858 1459 4914 Talis
1514 4867 1596 4912 est
1648 4857 1789 4913 enim

213 4931 440 4996 somnus
475 4931 680 4999 nosier,
710 4931 853 4989 iners
878 4952 940 4987 ac
972 4931 1297 5001 operationis
1330 4943 1542 4996 expers.
1566 4946 1584 4979 ι

282 5008 399 5079 (‘27)
446 5007 517 5061 Τὸ
559 5005 645 5079 δέΔ
677 5003 795 5060 νῦν
841 5004 979 5074 μέν,
1017 5015 1125 5057 etc.
1179 5019 1195 5051 ι
1228 5001 1379 5079 Quod
1405 5009 1800 5079 mutemununc

216 5067 325 5143 hic,
373 5067 521 5133 nunc
570 5076 683 5130 illic
726 5067 1046 5144 operatur,»
1082 5083 1198 5144 etc.
1242 5069 1538 5144 Non_hene
1589 5067 1797 5144 Billius,

220 5170 237 5200 ι
268 5139 412 5203 nunc
449 5149 553 5202 hoc
586 5139 776 5208 modo;
797 5161 939 5198 nunc
968 5144 1128 5197 alio.»
1160 5141 1265 5195 Nec
1294 5140 1436 5193 enim
1465 5140 1528 5193 de
1561 5157 1577 5190 ι
1605 5139 1792 5192 modm

217 5221 428 5290 agitur;
482 5216 692 5290 sedhde
726 5234 744 5266 ι
770 5216 1006 5290 incessu.
1039 5231 1056 5264 ι
1109 5230 1128 5264 ι
1156 5211 1442 5266 ιιιεθεειιδ»
1493 5222 1621 5265 vero
1667 5227 1685 5260 ι
1716 5220 1800 5264 est

216 5286 283 5343 ab
309 5304 418 5343 uno
448 5290 514 5342 ad
547 5286 693 5341 aliud
732 5288 1012 5338 transitus.
1040 5303 1058 5335 ι

305 5359 399 5431 28)
450 5352 1051 5431 ᾍναπαιξεσθαι.ᾒυε.
1079 5353 1163 5431 bm
1187 5361 1240 5406 et
1260 5348 1391 5431 Or..l
1407 5389 1421 5411 ,
1437 5348 1796 5403 ἀναπαύεται.

306 5420 399 5500 29)
453 5428 860 5484 Ἆγαπαύεται.
894 5429 988 5500 9r.
1008 5420 1060 5500 I,
1087 5420 1515 5476 ἐπαναπαύεται.

285 5489 401 5569 (50)
442 5500 861 5569 Προσίεσθαιη
894 5496 1080 5569 Cum‘b.
1141 5506 1196 5547 et
1262 5500 1421 5569 Salv”
1474 5489 1795 5569 προίεσθαι,

225 5589 244 5621 ι
267 5561 514 5650 ε’τοέπέ,
540 5570 812 5650 tribuere.
848 5565 1052 5650 largiri,
1078 5584 1096 5616 ι
1126 5574 1182 5618 et
1210 5563 1370 5644 .qnasi
1410 5581 1427 5614 ι
1457 5561 1749 5641 projicere;
1774 5578 1791 5611 ι

217 5655 318 5693 vox
353 5633 457 5694 rite
484 5633 742 5709 adjuncta
774 5637 892 5709 voci
926 5635 1144 5699 διδόναι,
1174 5633 1399 5709 ejusque
1430 5634 1537 5685 vim
1572 5645 1795 5709 augens,

217 5712 359 5779 quod
390 5701 659 5778 Gregorio
690 5706 978 5779 ffamiliare
1011 5714 1137 5779 est.
1170 5703 1262 5759 Sic
1321 5724 1339 5753 ι
1370 5717 1597 5756 manus:
1666 5701 1792 5766 Dei,

220 5775 269 5834 id
311 5790 427 5847 est,
464 5775 920 5841 «muniﬁcentia,
967 5775 1344 5846 largitionem»
1398 5783 1543 5829 recte
1596 5784 1795 5839 reprae-

218 5862 412 5907 ποιαί.

1906 5308 2117 5377 Billius,
2144 5318 2199 5365 et
2232 5311 2381 5364 addit
2408 5327 2421 5363 :
2465 5330 2483 5363 ι
2512 5308 2641 5374 Quae
2669 5308 2828 5361 lectio
2859 5306 2987 5359 mihi
3035 5320 3141 5359 non
3182 5306 3473 5377 admodum

1912 5373 2191 5449 probatur.
2240 5379 2450 5433 Etenim
2499 5373 2643 5432 nullo
2674 5380 2830 5432 modo
2876 5376 3105 5445 quadrat
3136 5373 3476 5449 copulativa,

1910 5440 2036 5513 καί,
2088 5465 2209 5504 cum
2266 5450 2347 5502 his
2409 5464 2529 5517 qtne
2583 5440 2919 5518 prter-edunt,
2963 5456 3018 5518 et
3069 5440 3479 5518 nsptjroioyfav

1908 5521 2193 5588 quamdam
2239 5513 2475 5573 redolent
2506 5513 2725 5572 hae'duae
2758 5516 3160 5588 ιιὶεῇιιιιςιίιιιευ⁸
3183 5513 3317 5566 Billii
3352 5528 3475 5588 cou-

1902 5583 2171 5658 juttctnra:
2208 5590 2350 5643 favet
2391 5588 2521 5656 lleg.
2561 5589 2645 5658 bm
2693 5583 2910 5658 optimm
2956 5594 3116 5658 nolae,
3148 5584 3339 5658 iu__qno
3378 5583 3474 5658 tle-

1908 5649 2034 5713 sunt
2066 5661 2179 5713 ham
2214 5661 2371 5715 verba
2401 5677 2414 5714 :
2452 5649 2560 5712 Καὶ
2590 5657 2623 5729 ἢ
2667 5649 3021 5729 ἁθέτίλσομεν,
3050 5649 3261 5725 ἐπειδὴ
3281 5652 3344 5707 οὐ
3377 5649 3474 5722 γι-

1906 5746 2169 5801 γραπται.

1978 5836 2089 5905 (35)
2143 5836 2257 5904 ’139⁸
2293 5852 2358 5904 ῳ.
2398 5834 2528 5906 Reg.
2559 5850 2669 5903 οιιι,
2700 5833 2785 5902 ἐφ’
2813 5832 2859 5885 ὃ.
