4038 6338
549 359 650 416 139

1783 358 1841 414 S.
1887 359 2215 416 GREGOIHI
2252 359 2595 417 TIIEOLOGI

3697 365 3806 427 {60

549 475 840 544 mceuibus,
877 475 930 531 in
953 475 1148 546 quibus
1182 475 1512 534 conﬁdebas.
1545 476 1731 532 Nonne
1775 479 2117 548 perspicuum

2234 478 2325 533 κᾶν
2358 479 2432 550 μὴ
2479 477 2650 532 ταῦτα
2693 478 2950 550 λέγηται;
2991 477 3164 532 Τίνων
3217 478 3452 544 τούτων;
3505 479 3644 549 Ἐγώ
3674 484 3805 550 ειμι

550 578 657 633 est,
689 568 804 622 haec
832 567 898 622 de
925 567 990 622 iis
1021 575 1233 637 sumpta
1264 580 1385 622 esse
1405 609 1421 633 ,
1461 581 1526 622 ex
1555 569 1749 638 quibus
1779 568 2116 638 colliguntur,

555 659 767 712 tametsi
799 657 1022 712 minime
1047 657 1339 712 dicantur?
1365 656 1568 725 Quibus
1593 658 1848 712 tandem?
1876 659 1984 727 Ego
2005 674 2120 712 sum

553 750 778 819 primus,
828 758 876 803 et
925 765 1018 818 ego
1053 757 1172 819 post
1218 749 1329 804 lucc
1369 748 1436 802 “.
1491 748 1576 812 Et,
1627 748 1759 802 Ante
1796 765 1874 802 me
1911 765 2012 802 non
2044 758 2120 802 est

552 845 690 897 alius
727 840 886 903 Deus,
913 849 960 892 et
990 847 1104 904 post
1129 854 1210 892 me
1233 854 1335 891 non
1360 839 1456 891 erit
1492 837 1558 891 ⁵⁷.
1591 837 1784 892 Totum
1816 838 1958 892 enim
1993 837 2120 890 illud

554 945 653 1000 est,
685 945 861 984 meum
890 939 1009 996 est;
1045 944 1142 982 nec
1191 929 1514 998 principium
1558 928 1780 994 habens,
1819 943 1918 982 nec
1963 927 2118 997 571

556 1024 716 1077 ﬁnem
767 1020 1100 1074 habiturum.
1149 1019 1243 1074 llis
1273 1033 1302 1071 a
1337 1017 1616 1086 Scriptura
1666 1018 1940 1086 acceptis,
1994 1017 2124 1070 illud

554 1114 793 1184 quidem,
839 1112 981 1181 quod
1023 1121 1149 1166 ante
1182 1124 1303 1164 eum
1333 1109 1467 1164 nihil
1497 1119 1590 1174 stt,
1623 1123 1723 1163 nec
1765 1109 2122 1177 antiquiorem

554 1205 718 1260 ullam
747 1207 860 1275 ipse
885 1219 1102 1258 causam
1140 1203 1356 1267 habeat,
1394 1202 1688 1256 anarchum
1731 1209 1786 1254 et
1825 1199 2121 1270 ingenitum

558 1295 893 1366 appellasti:
926 1295 1066 1364 quod
1119 1303 1298 1348 autem
1331 1306 1632 1370 .nunquam
1686 1305 1805 1346 esse
1855 1290 2125 1344 desiturus

558 1387 652 1452 sit,
708 1383 1030 1448 immortale,
1085 1392 1245 1452 atque
1293 1381 1545 1437 interitus
1603 1394 1817 1448 expers.
1883 1377 1963 1432 Ac
2019 1379 2126 1432 duo

557 1478 729 1548 prima
789 1491 971 1531 rerum
1029 1489 1224 1545 genera
1257 1473 1322 1528 ad
1359 1474 1501 1528 hunc
1545 1473 1762 1527 modum
1803 1486 1862 1527 se
1906 1469 2122 1548 habent.

559 1569 814 1636 Quaenam
843 1577 1044 1633 autem,
1075 1581 1174 1620 nec
1203 1575 1350 1630 sunt,
1396 1578 1495 1620 nec
1523 1562 1812 1618 dicuntur?
1845 1561 2126 1632 Improbus

558 1657 722 1723 Deus,
752 1657 1014 1726 quadrata
1037 1656 1270 1725 sphaera,
1296 1654 1630 1724 praeteritum
1651 1662 1862 1722 tempus
1889 1663 2126 1719 praesens

559 1758 662 1815 est,
696 1749 856 1802 homo
883 1747 1214 1818 compositus
1249 1761 1355 1802 non
1394 1755 1499 1802 est.
1549 1745 1783 1815 Ecquem
1829 1743 1972 1798 enim
2022 1735 2124 1795 uu-

2222 567 2472 638 πρῶτος,
2506 569 2605 622 καί
2635 567 2750 639 ἐγὼ
2775 570 2928 638 μετὰ
2953 569 3156 624 ταῦτα·
3188 571 3302 636 καὶ,
3346 570 3466 638 Πρὸ
3493 571 3637 640 ἐμοῦ
3679 575 3804 626 οὐκ

2223 657 2394 710 ἐστιν
2414 658 2604 724 ἄλλος
2633 657 2795 724 Θεὸς,
2821 659 2920 714 καὶ
2955 663 3085 731 μετ’
3116 660 3222 730 ἐμὲ
3272 664 3383 716 οὐκ
3411 663 3600 719 ἔσται.
3633 663 3801 719 Ὅλον

2223 747 2331 819 γὰρ
2355 748 2416 800 τὸ
2439 748 2627 813 ἔστιν,
2653 749 2802 820 ἐμόν·
2826 749 2946 803 οὗτε
2967 751 3258 822 ἠργμένον,
3281 752 3406 806 οὔτε
3435 754 3796 825 παυσόμενον.

2225 840 2411 894 Ταῦτα
2431 840 2636 907 λαϐὼν,
2667 839 2728 894 τὸ
2764 841 2879 912 μὲν.
2911 843 2984 913 μὴ
3033 839 3172 898 εἷναί
3215 861 3266 896 τι
3292 843 3397 914 πρὸ
3426 844 3612 912 αὑτοῦ,
3660 844 3798 916 μηδὲ

2227 929 2602 1002 πρεσϐυτέραν
2653 932 2833 984 αἰτίαν
2870 931 3034 1002 ἔχειν,
3079 933 3310 1004 ἄναρχον
3329 934 3798 1005 προσηγόρευσας,

2226 1021 2319 1072 καὶ
2343 1020 2656 1092 ἀγέννητον·
2691 1022 2752 1074 τὸ
2783 1021 2857 1087 δὲ,
2892 1022 2966 1094 μὴ
3007 1025 3296 1095 στήσεσθαι
3334 1023 3427 1078 τοῦ
3467 1022 3624 1088 εἶναι,
3657 1027 3796 1080 ἀθά.-

2226 1126 2383 1160 νατον
2434 1110 2528 1162 καὶ
2585 1110 2908 1181 ἀνώλεθρον.
2945 1112 3010 1164 Δί
3040 1112 3139 1183 μὲν
3177 1113 3239 1183 δὴ
3282 1113 3495 1184 πρῶται
3522 1115 3796 1183 συζυγίαι,

2225 1198 2489 1264 τοιαῦται,
2523 1201 2616 1253 καὶ
2647 1200 2818 1265 οὕτως
2845 1202 3082 1272 ἔχουσαι.
3112 1203 3245 1257 Τίνα
3259 1204 3313 1257 δὲ
3333 1205 3455 1258 οὔτε
3485 1205 3650 1272 ἐστιν,
3670 1203 3798 1259 οὔτε

2224 1287 2472 1355 λέγεται;
2495 1289 2732 1360 Πονηρὸν
2777 1291 2836 1343 τὸ
2875 1291 3090 1364 θεῖον,ὴ
3121 1298 3323 1365 σφαῖρα
3354 1296 3713 1367 τετράγωνος,
3735 1297 3800 1350 τὸ

2227 1378 2492 1450 παρελθὸν
2537 1381 2849 1452 ἐνέστηκεν,
2905 1384 2966 1436 οὐ
2999 1384 3248 1440 σύνθετον
3286 1385 3620 1458 ὁᾶνθρωπος
3657 1388 3794 1459 (54).

2226 1470 2359 1522 Τίνα
2396 1469 2504 1539 γὰρ
2534 1473 2612 1534 είς
2643 1471 2892 1526 τοσοῦτον
2946 1474 3248 1546 ἐμπληξίας
3298 1478 3426 1529 ποτὲ
3467 1478 3800 1548 ἀφικόμενον

2227 1559 2414 1626 ἔγνως,
2443 1558 2580 1612 ὥστε
2607 1577 2664 1638 ,τι
2694 1561 2950 1626 τοιοῦτον,
2975 1563 3006 1634 ἢ
3031 1563 3279 1634 ἐννοῆσαι
3303 1565 3589 1636 τολμῆσαι,
3615 1567 3803 1636 ἢάπο-

2227 1650 2524 1722 φήνασθαις
2557 1651 3143 1718 Λείπεταιδεῖξαιτίνα
3179 1655 3270 1708 καὶ
3327 1656 3462 1721 ἐστι,
3508 1659 3601 1710 καὶ
3645 1658 3804 1727 λέγε-

2227 1757 2336 1794 sat“
2355 1742 2508 1806 Θεὸς,
2523 1744 2824 1815 ἄνθρωπος,
2845 1745 3092 1814 ἄγγελος,
3124 1747 3322 1818 κρίσις,
3347 1751 3641 1819 ματαιότης
3664 1752 3801 1822 (35),

557 1855 720 1910 quam
751 1854 821 1895 eo
848 1839 1086 1908 stuporis
1119 1851 1464 1908 progressum
1489 1836 1814 1909 cognovisti,
1845 1843 1903 1888 ut
1932 1833 2127 1902 aliquid

2234 1834 2279 1886 οἰ
2314 1833 2541 1888 τοιοῦτοι
2578 1836 2944 1908 συλλογισμοὶ,
2983 1838 3204 1911 καὶτῆς
3230 1840 3464 1904 πίστεως
3499 1819 3800 1915 ἀνατροπὴ,

559 1932 688 1999 tale,
719 1931 802 1988 vel
841 1931 1082 2002 cogitare
1136 1930 1220 1984 vel
1255 1931 1604 2000 pronuntiare
1632 1943 1792 1983 ausus
1829 1927 1936 1981 sit?
1989 1924 2132 1978 licii-

2237 1923 2330 1976 καὶ
2355 1924 2447 1977 τοῦ
2481 1928 2781 1998 μυστηρίου
2799 1928 3049 1992 κένωσις.

557 2041 724 2096 quum
750 2033 833 2080 est
861 2033 919 2078 ut
954 2022 1230 2080 ostendam
1259 2038 1378 2094 qua:
1403 2023 1514 2077 sint
1560 2037 1623 2076 ea
1666 2035 1786 2090 quae
1825 2029 1879 2074 et
1911 2026 2038 2074 sunt
2108 2025 2160 2069 ct
2221 2015 2486 2073 dicnn:ur.
2552 2019 2714 2085 Deus,
2765 2021 2947 2087 homo,
3016 2021 3255 2091 angelus,
3316 2020 3605 2090 judicium,
3645 2024 3807 2079 vani-

559 2131 662 2186 tas,
698 2133 801 2190 qua
829 2117 1137 2189 huiusmodi
1179 2130 1498 2185 argumenta
1537 2113 1922 2176 conﬁciuntur,
1976 2110 2213 2179 ﬁdeique
2239 2109 2542 2178 subversio,
2573 2122 2625 2165 et
2658 2114 2896 2183 mysterii
2927 2115 3222 2169 evacuatio.

628 2213 816 2271 XXIV.
847 2212 980 2269 Cum
1005 2228 1135 2282 ergo
1171 2213 1224 2266 in
1256 2211 1560 2266 nominibus
1614 2219 1669 2264 et
1707 2210 1868 2263 rebus
1914 2215 2120 2262 tantum

558 2305 850 2361 discrimen
900 2303 1230 2373 reperiatur,
1261 2301 1389 2370 quid
1437 2315 1614 2354 causae
1649 2307 1754 2364 est,
1789 2313 1884 2352 cur
1930 2296 2123 2350 littera:

559 2407 838 2467 tantopere
889 2395 1118 2457 servias,
1168 2391 1512 2462 Iudaica-que
1565 2391 1845 2459 sapientiae
1897 2389 2121 2457 lcipsum

558 2485 841 2556 adiungas,
901 2484 1217 2553 relictisque
1270 2483 1434 2538 rebus
1495 2481 1726 2553 syllabas
1763 2479 2128 2536 consecteris?

559 2579 712 2646 Quod
757 2577 802 2632 si
851 2586 902 2633 te
945 2577 1030 2632 bis
1075 2577 1331 2646 quinque,
1377 2583 1469 2628 aut
1516 2574 1598 2629 bis
1643 2583 1846 2643 septem
1895 2573 2123 2636 dicente,

560 2668 747 2723 decem
777 2676 870 2721 aut
903 2666 1312 2737 quatuordecim
1343 2681 1409 2721 ex
1443 2664 1622 2721 verbis
1653 2664 1760 2719 tuis
1781 2664 2124 2734 colligerem;

561 2767 656 2814 aut
687 2775 753 2814 ex
791 2773 875 2823 eo,
911 2760 1054 2829 quod
1087 2757 1286 2813 animal
1316 2758 1526 2812 ratione
1558 2756 1840 2825 praeditum
1888 2766 1942 2812 et
1983 2770 2131 2810 mur-

562 2851 668 2906 tale
701 2850 932 2914 diceres,
971 2849 1243 2904 hominem
1292 2862 1413 2903 esse
1453 2846 1867 2911 concluderem,
1916 2861 1984 2900 an
2031 2846 2124 2901 tibi

561 2941 759 3012 nugari
803 2941 1047 2995 viderer?
1080 2939 1145 2992 Et
1178 2953 1284 3008 quo
1311 2947 1466 3008 pacto
1503 2938 1554 2992 id
1587 2938 1702 2993 ﬁeri
1734 2944 1947 3008 posset,
2006 2951 2127 2992 cunt

562 3040 654 3088 tua
695 3031 909 3087 dicam?
941 3030 1124 3101 Neque
1155 3031 1298 3086 enim
1345 3032 1510 3086 verba
1540 3030 1711 3100 magis
1743 3036 1868 3084 sunt
1895 3029 2012 3100 ejus
2037 3027 2128 3097 qui

562 3124 822 3194 loquitur,
883 3139 1043 3193 quam
1097 3122 1240 3178 illitis
1291 3123 1380 3192 qui
1445 3122 1695 3192 loquendi
1749 3123 2128 3177 necessitatem

515 3203 517 3206 ’
563 3215 744 3271 aﬁ'ert.
805 3213 1269 3282 Quemadmodum
1321 3214 1484 3285 igitur
1525 3213 1634 3276 hic,
1685 3228 1791 3268 non
1843 3228 1907 3268 ea
1955 3214 2127 3283 magis

570 3300 998 3378 qua'dicuntur,
1019 3321 1179 3376 quam
1197 3321 1316 3376 quae
1342 3305 1734 3376 intelliguntur,
1769 3306 2092 3376 respicerent
2114 3328 2130 3377 ;

561 3397 754 3452 eodem
787 3396 947 3451 modo
979 3410 1098 3458 nec.
1155 3395 1198 3451 si
1250 3395 1378 3464 quid
1415 3394 1559 3448 aliud
1603 3406 1827 3458 eorum,
1879 3409 1998 3464 quae
2053 3401 2132 3454 vel

563 3489 709 3543 nullo
737 3487 917 3552 modo,
951 3485 1035 3542 vel
1066 3496 1213 3541 certe
1234 3503 1338 3540 non
1370 3487 1503 3540 satis
1535 3495 1720 3554 aperte
1745 3485 2018 3549 dicuntur.
2066 3505 2132 3545 ex

564 3578 845 3650 Scriptura
904 3589 1083 3636 tamen
1135 3579 1364 3647 intelligi
1433 3578 1724 3648 colligique
1805 3581 2132 3649 reperirem,

563 3671 697 3725 adeo
727 3679 780 3726 te
807 3669 1188 3725 vocabulorum
1218 3671 1607 3740 sycophantam
1650 3670 2088 3739 pertimescerem
2119 3711 2134 3735 ,

565 3770 624 3816 ut
648 3761 716 3816 ab
744 3759 1116 3815 enuntiatione
1153 3759 1266 3829 ipsa
1312 3760 1639 3831 refugerent.
1688 3762 1863 3830 Atque
1893 3762 1960 3816 ad
1990 3763 2132 3818 hunc

567 3853 783 3907 modum
841 3851 1103 3906 adversus
1141 3865 1235 3906 eos
1283 3851 1568 3915 stabimus,
1636 3851 1728 3920 qui
1780 3851 2006 3906 dimidia
2065 3867 2128 3906 ex

563 3950 720 4012 parte
743 3949 889 3998 recte
930 3941 1188 3997 sentiunt.
1222 3941 1340 3996 Tibi
1370 3942 1537 4007 enim,
1595 3943 1686 4010 qui
1740 3941 1876 3996 Filio
1922 3956 2133 4012 quoque

565 4033 763 4090 bellum
790 4033 1006 4100 indicis,
1049 4047 1116 4088 ne
1163 4033 1266 4088 hoc
1290 4033 1509 4102 quidem
1542 4033 1724 4088 dicere
1769 4032 1948 4087 liceat.
1999 4032 2130 4086 Nam

565 4124 658 4195 qui
720 4132 803 4179 tot
873 4133 1095 4194 tamque
1152 4125 1466 4194 perspicuas
1512 4124 1682 4194 ipsius
1747 4125 2134 4195 appellationes

2302 2206 2428 2258 KA'.
2459 2206 2739 2278 Τοσαύτης
2759 2203 2852 2260 οὖν
2876 2206 3041 2278 οὔσης
3073 2208 3334 2279 διαφορᾶς
3360 2210 3415 2263 ἐν
3440 2212 3550 2273 τοῖς
3577 2211 3808 2281 ὀνόμασι

2231 2299 2324 2350 καὶ
2352 2300 2462 2360 τοῖς
2497 2299 2804 2370 πράγμασι,
2834 2300 2951 2363 πῶς
2978 2299 3120 2353 οὕτω
3158 2301 3222 2354 σὺ
3259 2301 3378 2355 λίαν
3407 2301 3673 2366 δουλεύεις
3724 2295 3809 2374 τῷ

2230 2387 2538 2459 γράμματι,
2573 2389 2666 2442 καὶ
2688 2390 2812 2461 γίνῃ
2855 2390 2992 2460 μετά
3022 2391 3122 2461 τῆς
3161 2392 3450 2463 Ἰουδαϊκῆς
3477 2393 3685 2463 σοφίας,
3710 2396 3808 2448 καὶ

2233 2478 2522 2540 συλλαϐαῖς
2544 2479 2874 2544 ἀκολουθεῖς,
2903 2482 3060 2549 ἀφεὶς
3081 2481 3148 2535 τὰ
3174 2482 3500 2553 πράγματας
3533 2485 3594 2536 Εἰ
3615 2484 3670 2536 δὲ
3706 2483 3807 2536 σοῦ

2234 2571 2303 2624 τὰ
2331 2571 2411 2635 δὶς
2435 2572 2598 2625 πέντε
2627 2571 2899 2640 λέγοντος,
2928 2573 2960 2641 ἢ
2984 2573 3051 2625 τὰ
3073 2572 3154 2636 δῒς
3175 2573 3333 2637 ἑπτὰ,
3379 2574 3447 2626 τὰ
3475 2573 3606 2626 δέκα
3641 2577 3805 2645 συνῆ-

2235 2677 2350 2730 γον,
2386 2660 2706 2731 ῆτέσσαρες
2742 2662 2834 2714 καὶ
2869 2661 2999 2714 δέκα
3043 2664 3106 2715 ἐκ
3137 2661 3246 2716 τῶν
3289 2664 3612 2732 λεγομένων·
3645 2664 3677 2733 ἢ
3740 2666 3809 2716 ὲκ

2232 2753 2350 2816 τοῦ,
2388 2751 2524 2815 ζῶον
2547 2752 2656 2823 (36)
2690 2753 2926 2821 λογικὸν,
2965 2751 3178 2824 θνητὸν,
3219 2753 3309 2807 τὸν
3340 2753 3642 2825 ἄνθρωπον,
3693 2751 3808 2824 ἄρα

2236 2843 2301 2896 ἄν
2333 2860 2414 2896 σοι
2442 2843 2628 2912 ληρεῖν
2661 2840 2983 2912 ὲνομίσθην;
3010 2843 3104 2894 καὶ
3135 2841 3271 2907 πῶς,
3297 2841 3366 2894 τὰ
3389 2841 3458 2894 σὰ
3492 2842 3695 2909 λέγων;
3726 2843 3807 2894 Οὐ

2234 2933 2342 3005 γὰρ
2376 2933 2469 2986 τοῦ
2502 2933 2750 3001 λέγοντος
2785 2932 2982 3004 μᾶλλον
3007 2935 3055 2985 οἱ
3086 2933 3254 3002 λόγοι,
3288 2933 3320 3004 ἣ
3347 2934 3440 2986 τοῦ
3473 2933 3650 3002 λέγειν
3681 2949 3811 2986 συν-

2235 3024 2651 3095 αναγκάζοντος.
2686 3025 2902 3096 ’Ὠσπερ
2930 3022 3023 3079 οὖν
3054 3025 3287 3080 ἐνταῦθα
3309 3026 3408 3078 οὐκ
3439 3026 3504 3079 ἂν
3540 3025 3608 3078 τὰ
3653 3025 3810 3093 λεγὸ-

2237 3137 2374 3192 μενα
2435 3119 2630 3190 μᾶλλον
2663 3118 2948 3182 ἐσκόπουν,
2977 3118 3010 3186 ἢ
3044 3117 3112 3171 τὰ
3140 3118 3424 3189 νοούμενα·
3486 3119 3656 3183 οὕτως
3685 3119 3811 3174 οὐδὲ

2233 3207 2353 3260 εἴτι
2383 3206 2492 3276 (37)
2521 3205 2648 3260 ἄλλο
2675 3205 2782 3258 τῶν
2808 3205 2882 3276 μὴ
2905 3205 3284 3278 λεγομένων,ἧ
3309 3207 3384 3279 μὴ
3415 3208 3598 3278 σαφῶς
3623 3211 3685 3262 ὲκ
3707 3209 3811 3280 τῆς

2231 3299 2452 3370 Γραφῆς
2483 3297 2770 3369 νοούμενον
2798 3297 2908 3369 (38)
2952 3296 3224 3370 εὕρισκον,
3262 3297 3460 3368 ἔφυγον
3500 3299 3566 3353 ἂν
3591 3301 3690 3371 τὴν
3715 3303 3811 3356 ἐκ·

2239 3387 2480 3459 φώνησιν
2534 3386 2666 3459 (39),
2711 3387 3043 3458 φοϐούμενος
3099 3387 3158 3440 σὲ
3189 3389 3279 3440 τὸν
3316 3390 3656 3462 συκοφάντην
3698 3392 3811 3445 τῶν

2238 3481 2540 3551 ὀνομάτων.
2580 3478 2734 3533 Οὕτω
2786 3480 2883 3549 μὲν
2916 3476 3008 3532 οὖν
3059 3480 3370 3552 στησόμεθα
3411 3482 3546 3552 πρὸς
3571 3483 3698 3546 τοὺς
3749 3484 3811 3550 ἐξ

2238 3571 2492 3642 ἡμισείας
2525 3569 2892 3640 εὐγνώμονας.
2939 3569 3028 3621 Σο).
3050 3569 3158 3642 γὰρ
3185 3570 3305 3623 οὐδὲ
3332 3570 3488 3624 τοῦτο
3518 3571 3692 3636 ἔξεστι
3721 3573 3812 3626 λέ-

2237 3681 2372 3732 γειν.
2427 3663 2484 3715 '0
2510 3661 2618 3733 γὰρ
2653 3661 2752 3724 τὰς
2779 3661 2872 3713 τοῦ
2906 3661 3036 3714 Υίοῦ
3056 3663 3441 3735 προσηγορίας,
3466 3663 3636 3735 ορτως
3656 3666 3814 3736 ὲναρ-

2238 3757 2354 3822 γεῖς
2381 3752 2545 3816 οὔσας
2574 3753 2668 3806 καὶ
2695 3752 2980 3817 τοσαύτας,
3005 3753 3356 3825 ἀρνούμενος,
3391 3755 3498 3808 οὐδ’
3525 3755 3590 3809 ἂν
3607 3755 3812 3820 ταύτας

2240 3847 2474 3919 ῂδέσθης
2534 3847 2799 3917 δηλονότι,
2855 3846 2949 3899 καὶ
3002 3848 3049 3900 εί
3112 3846 3290 3917 πολλῷ
3335 3848 3675 3918 σαφεστέρας
3717 3850 3813 3902 καὶ

2240 3939 2458 4002 πλείους
2481 3940 2796 4006 ἐγίνωσκες.
2838 3938 2974 4014 ’ᾟδη
3020 3938 3076 3992 δε
3110 3940 3203 3991 κα)⁸
3253 3939 3351 4009 τὴν
3379 3939 3555 3992 αἰτίαν
3587 3939 3813 4010 δηλώσω

2238 4029 2338 4100 τῆς
2383 4029 2563 4099 πάσης
2607 4028 2978 4099 ἐπικρύψεως,
3030 4029 3230 4100 καίπερ
3253 4030 3434 4096 σοφοῖς
3475 4023 3622 4082 οὖσιν
3657 4031 3808 4100 ὑμῖν,

2242 4121 2410 4194 βραχύ
2432 4139 2484 4175 τι
2513 4120 2603 4174 τὸν
2619 4121 2774 4189 λόγον
2798 4119 3102 4189 ἀναγαγών.

565 4221 838 4289 abnegas,
894 4233 963 4274 ne
1010 4219 1095 4274 his
1145 4219 1360 4289 quidem
1401 4219 1752 4288 proculdubio
1803 4221 2118 4284 movereris,
2158 4219 2320 4275 etiam
2392 4221 2436 4273 si
2515 4217 2682 4270 multo
2762 4216 2940 4286 plures
2989 4217 3392 4283 apertioresque
3432 4229 3807 4285 cognosceres.

567 4309 673 4366 Sed
695 4308 806 4378 jam
837 4309 998 4365 altius
1026 4310 1303 4381 aliquanto
1323 4326 1627 4367 sermonem
1647 4321 1918 4382 repetens,
1945 4312 2120 4377 vobis,
2192 4311 2404 4366 tametsi
2467 4309 2796 4380 sapientibus
2843 4321 2897 4364 et
2946 4307 3195 4374 eruditis,
3239 4308 3415 4364 omnis
3481 4308 3809 4378 aeuigmatici

564 4401 833 4458 sermonis
863 4416 1080 4457 causam
1108 4402 1408 4472 explicabo.

631 4493 808 4550 XXV.
845 4494 973 4552 Duae
1000 4512 1066 4552 ex
1099 4498 1246 4553 omni
1278 4512 1396 4554 aevo
1426 4497 1664 4554 illustres
1689 4498 1923 4554 vitarum
1956 4506 2127 4554 muta-

2309 4495 2436 4548 KE'.
2467 4492 2569 4546 Δύο
2596 4490 2850 4561 γεγόνασι
2886 4489 3202 4561 μεταθέσεις
3254 4489 3383 4560 βίων
3409 4489 3694 4560 ἐπιφανεῖς
3744 4493 3810 4546 ὲκ

568 4587 742 4645 tiones
799 4588 1157 4656 exstiterunt,
1217 4606 1336 4660 quae
1373 4592 1536 4647 etiam
1593 4591 1702 4646 duo
1763 4591 2131 4656 Testamenta,

570 4686 754 4747 atque,
787 4681 858 4735 ob
887 4682 964 4735 rei
1005 4679 1410 4748 celebritatem,
1446 4691 1599 4738 terra:
1645 4693 1816 4738 motus
1861 4682 2133 4752 appellan-

575 4779 664 4822 tur
698 4787 712 4824 :
752 4769 918 4824 altera
949 4785 978 4824 a
1011 4771 1426 4826 simulacrorum
1462 4772 1623 4843 572
1663 4774 1808 4826 cultu
1839 4773 1905 4826 ad
1936 4773 2128 4841 legem,

570 4856 740 4911 altera
775 4872 805 4912 a
843 4857 961 4928 lege
1004 4859 1072 4914 ad
1121 4860 1492 4930 Evangelium.
1557 4863 1636 4917 Ac
1690 4862 1906 4917 tertium
1966 4863 2126 4916 etiam

639 4951 686 4984 “
712 4951 812 5008 lsa.
847 4971 957 5020 xu,
1001 4954 1055 5008 4.
1131 4956 1174 4987 ⁸⁷
1202 4955 1306 5011 lsa.
1338 4971 1492 5018 XLIII.
1531 4958 1616 5011 l0.

640 5041 753 5180 ξω)
796 5045 1148 5114 Ἄνθρωπος.
1184 5047 1342 5101 Deest
1370 5047 1421 5101 in
1452 5046 1546 5102 Or.
1574 5049 1624 5105 L

663 5113 752 5180 35)
789 5116 1143 5180 Ματαιότης.
1193 5118 1324 5180 Iieg.
1373 5117 1558 5180 εγω-η
1593 5119 1624 5170 ἀ

635 5113 764 5192 ξοδ).
789 5113 1143 5192 Ματριίξτης.
1193 5118 1324 5192 Iieg.
1373 5115 1970 5192 Cypr.,_&vran6606tg,
2005 5135 2024 5166 ς
2053 5131 2138 5168 re-

581 5183 865 5237 tributio.»
913 5183 1037 5239 Vult
1081 5183 1375 5252 Gregorius
1415 5183 1749 5241 Hanitatem
1775 5205 1793 5237 ι
1833 5202 1957 5241 vere
2002 5199 2125 5239 esse

571 5259 631 5333 ut
678 5252 807 5320 dici,
853 5257 1448 5333 eas__rati_ocinatiunes,
1495 5259 1693 5333 quibus
1738 5257 1974 5312 haeretici
2017 5255 2141 5324 Spi-

551 5325 904 5397 -ritt_t_s_sauc_ti
936 5325 1268 5397 divinitatem
1289 5325 1700 5397 impugnabant.

615 5392 757 5472 _(36)
798 5393 981 5450 Ζῶον.
1019 5396 1110 5451 Sic
1157 5395 1322 5454 Coisl.
1348 5392 1388 5451 1⁷
1418 5392 1579 5463 εἶρε,
1617 5397 1762 5461 Pan,
1795 5407 1902 5452 etc.
1947 5395 2001 5449 In
2032 5393 2142 5456 ed..

797 5529 948 5615 9.06%
977 5531 1032 5583 εἷ
1068 5547 1142 5582 τι.
1173 5529 1265 5615 0:.
1295 5528 1345 5591 1,
1376 5528 1485 5615 οὐδ’
1507 5533 1552 5581 εἰ
1593 5531 1664 5615 μιῇ
1697 5548 1770 5615 Ἧι,

619 5601 753 5722 ηδε)
795 5602 1157 5670 Νοούμενον.
1208 5600 1299 5653 Sic
1350 5610 1580 5668 quatuor
1623 5600 1775 5656 Culb.
1822 5601 1911 5657 Sic
1975 5603 2136 5656 etiam

575 5668 650 5723 Btl
678 5711 691 5724 .
717 5681 770 5723 et
798 5670 1068 5725 Leuvenk.
1099 5669 1154 5722 In
1185 5671 1293 5726 ed..
1323 5669 1640 5738 νοουμένων.

645 5739 757 5811 (39)
801 5711 1068 5811 Ἔρυτον.
1106 5740 1182 5796 ἂν
1235 5708 1348 5810 τῆν
1388 5708 1758 5809 ὲκὲὠνησηη
1807 5750 1908 5796 ctc.
1965 5759 1982 5792 ι
2022 5739 2136 5797 Non

2242 4585 2335 4640 τοῦ
2368 4583 2568 4646 παντὸς
2596 4582 2812 4647 αἰῶνος,
2847 4581 2901 4634 αἳ
2929 4581 3132 4634 καὶδύο
3169 4582 3434 4652 Διαθῆκαι
3496 4583 3806 4649 καλοῦνται,

2240 4677 2333 4730 καὶ
2364 4675 2577 4744 σεισμοὶ
2602 4674 2725 4743 γῆς,
2761 4673 2848 4728 διὰ
2885 4673 2944 4725 τὸ
2964 4671 3056 4725 τοῦ
3079 4672 3402 4743 πράγματος
3429 4673 3538 4744 (40)
3559 4673 3812 4745 περιϐόη-

2238 4782 2349 4819 τονο
2386 4767 2422 4834 ἡ
2457 4764 2554 4833 μὲν
2586 4763 2693 4815 ἀπὸ
2727 4763 2833 4815 τῶν
2861 4762 3092 4817 εἰδώλων
3122 4763 3216 4816 ἐπὶ
3237 4764 3325 4816 τὸν
3343 4765 3525 4834 νόμον,
3560 4766 3592 4834 ἡ
3623 4765 3677 4816 δὲ
3701 4766 3810 4818 ἀπὸ

2238 4857 2332 4910 τοῦ
2353 4855 2516 4926 νόμου
2535 4854 2668 4927 πρὸς
2692 4855 2751 4907 τὸ
2767 4855 3115 4923 Εὑαγγέλιον.
3137 4857 3244 4908 Καὶ
3260 4855 3439 4926 τρίτον
3459 4856 3677 4926 σεισμὸν
3695 4855 3808 4925 (Μ)

2241 5040 2551 5106 defugerem
2595 5039 2824 5104 idipsnm
2869 5037 3168 5110 eﬂ‘erre_,ile
3215 5037 3612 5110 vocabulurum
3654 5054 3810 5110 syco-

2244 5114 2498 5180 phantam
2549 5110 2998 5177 perlitncsceus.»
3055 5108 3108 5162 Id
3165 5119 3282 5171 est,
3333 5125 3436 5163 non
3482 5108 3805 5163 abstinerent

2248 5181 2510 5248 Spiritum
2542 5191 2785 5233 sanctum
2823 5181 2986 5232 Deum
3019 5191 3206 5245 aperte
3242 5181 3552 5248 prazdicure,
3587 5181 3802 5234 etiamsi

2248 5252 2444 5319 alioqui
2483 5265 2587 5302 non
2623 5250 2692 5302 ita
2731 5251 2957 5303 fortasse
2989 5251 3218 5304 dilucide
3265 5250 3316 5302 iu
3367 5250 3656 5319 Scripturis
3691 5249 3809 5317 Spi-

2252 5318 2387 5376 ritus
2441 5329 2661 5375 sanctus
2711 5320 2922 5371 dicatur
2971 5320 3130 5383 Deus,
3176 5331 3236 5373 ut
3286 5319 3444 5372 Pater
3491 5328 3546 5373 et
3600 5318 3804 5386 Filius;

2251 5389 2683 5461 quandoquidem
2722 5387 2774 5441 id
2821 5389 3062 5457 pluribus
3113 5391 3408 5459 Scriptura:
3447 5388 3579 5443 locis
3625 5389 3805 5458 colligi

2284 5462 2436 5516 ossil.

2249 5480 2436 5601 wife)
2467 5527 2829 5601 Πράγμαζος.
2865 5526 2956 5601 Sic
2988 5538 3092 5601 trcs
3139 5528 3328 5596 Regg.,
3364 5539 3593 5597 quatuor
3623 5526 3804 5591 COID.,

2246 5604 2351 5656 duo
2374 5597 2562 5663 Coisl.,
2591 5610 2691 5653 ctc.
2727 5599 2781 5650 lu
2817 5598 2925 5655 ed..
2953 5597 3296 5668 γράμματος.

2315 5671 2428 5741 (41)
2474 5671 2674 5739 Τρίτον
2711 5665 3236 5741 σεισμόνζ-Ριῇιιιιε
3282 5678 3438 5720 terrzc
3480 5675 3659 5741 tttotus
3711 5665 3810 5719 fuit

2245 5742 2298 5795 in
2323 5737 2516 5798 incute
2547 5741 2692 5803 Sina,
2726 5755 2848 5794 cum
2881 5740 2963 5792 lex
2997 5737 3167 5808 Moysi
3201 5737 3325 5791 data
3355 5749 3435 5792 est
3468 5737 3663 5806 (Exod.
3691 5752 3805 5800 ius,
