4038 6338
211 377 313 433 161

1246 368 1505 425 ORATIO
1546 367 1742 422 XXXI.
1783 399 1852 410 —
1889 365 2326 423 TIIEOLOGICA
2371 367 2435 423 γ.

3362 364 3472 420 I62

211 483 716 554 εὐαγγελιζόμεθα,
769 481 867 553 τὴν
902 478 1151 535 ἐντεῦθεν
1190 481 1283 532 ἐπὶ
1306 480 1373 533 τὰ
1422 481 1598 533 ἐκεῖσε
1638 478 1795 549 μετά-

1912 489 2060 533 Lerra:
2088 490 2288 533 motum
2320 477 2594 546 Scriptura
2648 477 2803 533 nobis
2831 476 3115 532 annuntiat
3137 517 3152 541 ,
3193 476 3240 511 “
3281 495 3474 551 nempe

216 594 437 637 στασιν,
471 575 541 627 τὰ
558 574 755 645 μηκέτι
783 572 1097 643 κινούμενα,
1138 572 1274 643 μηδὲ
1304 572 1415 642 (42)
1447 572 1802 641 σαλευόμενα.

215 669 432 726 ταυτὸν
458 668 517 720 δὲ
542 669 599 720 ai
621 665 714 719 δύο
730 665 995 734 Διαθῆκαι
1018 664 1366 717 πεπόνθασιν.
1401 663 1464 715 Τί
1487 662 1641 716 τοῦτο
1660 680 1673 729 ;
1694 665 1806 716 Οὐκ

217 761 438 830 ἁθρόως
496 755 954 827 μετεκινήθησαν,
1007 755 1127 808 οὐδὲ
1166 754 1303 823 ὁμοῦ
1340 757 1403 824 τῇ
1440 753 1630 825 πρώτῃ
1656 756 1807 825 κινή-

220 865 310 903 σει
337 851 435 916 τῆς
462 846 849 916 ἐγχειρήσεως.
878 844 1034 905 Τίνος
1068 844 1228 896 ἕνεκα
1269 842 1379 912 (45)
1408 860 1421 907 ;
1457 842 1671 910 (εἰδέναι
1699 842 1806 911 γὰρ

219 937 565 1004 ἀναγκαῖον.)
597 937 716 987 Ἵνα
743 935 817 1004 μὴ
848 933 1177 1003 βιασθῶμεν,
1212 932 1345 986 ἀλλὰ
1372 932 1701 1003 πεισθῶμεν.
1734 932 1807 985 Τὸ

224 1029 329 1099 μὲν
353 1028 462 1098 γὰρ
485 1025 765 1086 ἀκούσιον,
801 1024 924 1077 οὐδὲ
958 1023 1208 1094 μόνιμον⁸
1252 1022 1442 1095 ὥσπερ
1472 1022 1507 1075 δι
1557 1024 1648 1095 βίᾳ
1676 1040 1807 1077 κατ-

221 1119 406 1189 έχεται
436 1118 550 1171 τῶν
584 1115 893 1187 ῥευμάτων,
918 1114 950 1185 ἢ
981 1114 1088 1166 τῶν
1124 1114 1325 1182 φυτῶν.
1357 1113 1429 1166 Τὸ
1454 1114 1509 1165 δὲ
1538 1113 1805 1174 ἑκούσιον,

227 1206 605 1279 μονιμώτερόν
640 1222 699 1257 τε
728 1206 819 1258 καὶ
847 1204 1267 1274 ἀσφαλέστερον.
1301 1203 1411 1256 Καὶ
1454 1204 1513 1256 τὸ
1566 1203 1664 1274 μὲν
1711 1202 1805 1255 τοῦ

228 1300 585 1370 βιασαμένου,
622 1298 684 1349 τὸ
734 1296 789 1349 δὲ
822 1295 1111 1366 ἡμέτερον*
1161 1296 1254 1347 καὶ
1285 1295 1346 1346 τὸ
1388 1295 1483 1364 μὲν
1507 1294 1805 1357 ἐπιεικείας

226 1390 389 1456 Θεοῦ,
432 1390 494 1442 τὸ
524 1388 581 1441 δὲ
630 1387 958 1457 τυραννικῆς
982 1384 1249 1449 ἐξουσίας.
1278 1385 1487 1438 Οὐκοῦν
1515 1385 1651 1455 ᾤετο
1697 1386 1807 1437 δεῖν

222 1483 459 1543 ἄκοντας
483 1475 543 1532 εὖ
578 1481 770 1540 ποιεῖν,
803 1476 918 1529 ἀλλ’
945 1476 1166 1539 ἑκόντας
1189 1476 1516 1546 εὐεργετεῖν.
1540 1476 1636 1528 Διά
1653 1471 1807 1528 τοῦτο

222 1568 653 1638 παιδαγωγικῶς
686 1585 743 1621 τε
774 1567 869 1621 καλ⁸
906 1565 1184 1637 ἰατρικῶς,
1240 1565 1300 1618 τὺ
1340 1566 1438 1637 μὲν
1462 1567 1680 1636 ὑφαιρεῖ
1700 1566 1808 1620 τῶν

222 1664 500 1733 πατρίων,
524 1662 587 1715 τὸ
617 1662 673 1714 δὲ
700 1661 990 1731 συγχωρεῖ,
1021 1657 1213 1729 μικρόν
1242 1675 1296 1711 τι
1316 1658 1424 1710 τῶν
1462 1658 1597 1728 πρὸς
1617 1657 1807 1729 ἡδονὴν

224 1753 481 1816 ἑνδιὼύςο
530 1752 718 1822 ῶσπερ
745 1754 795 1804 οἱ
850 1752 1023 1823 ἰατροὶ
1056 1753 1169 1815 τοῖς
1216 1749 1616 1822 ἀρῤωστοῢσιν,
1653 1749 1740 1802 ἵνα
1771 1751 1804 1820 ἡ

1909 570 2285 639 migrationem
2336 568 2403 622 ab
2441 568 2543 623 hac
2580 569 2683 623 vita
2730 570 2797 623 ad
2848 564 3083 624 alteram
3113 568 3260 624 illam
3297 582 3473 625 motus

1907 661 2081 714 omnis
2130 670 2183 713 et
2229 658 2540 726 jactationis
2592 670 2889 729 expertem.
2925 658 3071 714 Idem
3134 676 3295 730 porro
3348 662 3475 717 duo-

1907 752 2007 805 bus
2040 750 2407 804 'I‘estamentis
2436 750 2653 803 accidit.
2704 749 2843 816 Quid
2880 751 3054 830 illud?_
3106 750 3221 807 Non
3268 752 3470 819 subito,

1908 857 2006 896 nec
2043 842 2107 896 ad
2148 843 2376 910 primam
2407 839 2775 911 aggressionis
2811 842 3186 911 impulsionem
3223 858 3470 898 commu-

1910 943 2019 986 tata
2049 943 2196 987 sunt.
2231 931 2634 998 Quamobrem?
2668 931 2753 1004 (Id
2783 933 2925 986 enim
2964 934 3105 988 scire
3134 950 3311 1005 opera:
3348 950 3472 1003 pre-
3536 912 3543 938 ’

1909 1026 2037 1078 tium
2088 1022 2227 1090 est.)
2291 1022 2358 1079 Ut
2409 1039 2476 1079 ne
2522 1024 2572 1078 vi
2611 1026 3069 1094 pertraheremur,
3121 1028 3211 1080 sed
3246 1042 3471 1096 persua-

1907 1115 2060 1169 sione
2093 1115 2507 1169 adduccremur.
2569 1114 2721 1182 Quod
2768 1115 2913 1169 enim
2954 1116 3315 1171 voluntarium
3363 1134 3468 1174 non

1907 1216 2009 1269 est,
2046 1221 2112 1261 ne
2142 1206 2459 1260 diuturnum
2489 1206 2705 1275 quidem
2738 1216 2853 1273 est;
2889 1207 3338 1277 quemadmodum
3372 1223 3469 1265 nec

1907 1298 2141 1361 ﬂuenta,
2196 1306 2290 1350 aut
2344 1298 2581 1366 stirpes,
2656 1312 2774 1366 quae
2830 1312 2926 1365 per
2977 1298 3085 1350 vim
3152 1298 3469 1354 retinentur.

1908 1389 2059 1454 Quod
2104 1398 2281 1442 autem
2314 1388 2679 1443 voluntarium
2724 1396 2840 1453 est,
2892 1398 3001 1441 tum
3032 1390 3338 1443 diuturnius
3368 1400 3469 1451 est,

1909 1489 2021 1532 tum
2055 1482 2279 1533 certius.
2317 1481 2491 1547 Atque
2519 1480 2751 1534 alterum
2782 1480 2899 1547 ejus
2928 1489 3032 1544 est,
3073 1481 3164 1548 qui
3195 1480 3301 1534 vim
3334 1483 3474 1535 intu-

1909 1569 2001 1633 lit;
2066 1570 2294 1623 alterum
2353 1582 2617 1623 nostrum.
2681 1570 2921 1623 Alterum
2970 1570 3163 1624 divina:
3226 1572 3479 1640 benignis

1911 1661 2075 1726 tatis;
2116 1660 2341 1713 alterum
2375 1661 2668 1731 tyrannicae
2700 1662 3003 1729 potestatis.
3038 1659 3300 1727 Quocirca
3335 1662 3474 1715 Deus

1911 1750 2129 1804 minime
2159 1750 2462 1804 faciendum
2495 1750 2598 1805 sibi
2629 1751 2801 1816 duxit,
2850 1760 2909 1804 ut
2954 1752 3152 1805 invitos
3194 1751 3475 1807 beneﬁciis

225 1844 547 1916 φαρμακεία
576 1841 887 1913 παραδεχθῇ
917 1841 1004 1894 διὰ
1032 1841 1132 1911 τῆς
1163 1840 1358 1911 τέχνης
1381 1840 1804 1911 φαρματτομένη

1912 1841 2172 1908 afliceret,
2205 1842 2300 1897 sed
2331 1851 2389 1895 ut
2422 1843 2487 1897 de
2517 1843 2826 1898 volentibus
2855 1842 2992 1897 bene
3024 1856 3343 1899 mereretur.
3395 1844 3473 1899 Ac

224 1937 343 1997 τοῖς
399 1933 806 2003 χρηστοτέροις.
855 1931 931 1984 Οὐ
963 1932 1067 2001 γὰρ
1105 1932 1275 2002 ῥᾴστη
1308 1930 1415 1981 τῶν
1446 1932 1501 1982 ἐν
1548 1929 1658 1982 ἔθει
1713 1930 1807 1983 καὶ⁵

224 2027 308 2097 τῷ
343 2028 455 2096 (i4)
487 2023 681 2095 μακρῷ
701 2025 876 2098 χρόνῳ
914 2023 1292 2094 τετιμημένων
1316 2022 1617 2092 μετάθεσις.
1648 2021 1807 2090 Λέγω

224 2118 285 2171 δὲ
308 2118 393 2183 τῖ;
441 2119 504 2171 Ἡ
535 2116 724 2188 πρώτη
768 2128 836 2169 τα
869 2114 1061 2168 εἴδωλα
1103 2114 1465 2185 περικόψασα,
1496 2112 1593 2176 τὰς
1619 2112 1807 2176 θυσίας

227 2208 632 2279 συνεχώρησεν·
668 2210 701 2278 ἡ
729 2206 955 2277 δευτέρα
984 2206 1083 2268 τὰς
1116 2205 1307 2267 θυσίας
1340 2204 1685 2277 περιελοῦσα,
1706 2206 1806 2277 τὴν

228 2301 537 2371 περιτομὴν
567 2300 664 2352 οὐκ
687 2298 974 2352 ἐκώλυσεν·
1008 2294 1122 2349 εἶτα
1145 2297 1220 2360 ὡς
1267 2297 1413 2362 ἅπαξ
1443 2296 1686 2361 ἐδέξαντο
1709 2300 1807 2368 τὴν

225 2390 542 2461 ὑφαίρεσιν,
566 2391 660 2443 καὶ
694 2388 753 2441 τὸ
781 2386 1131 2457 συγχωρηθὲν
1170 2384 1575 2457 συνεχώρησαν*
1626 2388 1675 2439 οἱ
1709 2386 1807 2457 μὲν

225 2480 333 2542 τὰς
360 2478 570 2542 θυσίας,
597 2481 645 2531 οἱ
670 2478 726 2530 δὲ
744 2477 838 2547 τὴν
882 2478 1203 2547 περιτομήν·
1238 2477 1333 2528 καὶ
1357 2476 1663 2544 γεγόνασιν,
1687 2478 1807 2531 ἀντὶ

230 2574 334 2644 μὲν
365 2572 556 2637 ἐθνῶν,
622 2570 883 2623 Ἰουδαῖον
915 2569 1036 2622 ἀντὶ
1088 2568 1144 2621 δὲ
1192 2566 1417 2630 τούτων,
1467 2569 1803 2638 Χριστιανοὶ,

226 2666 353 2725 ταῖς
382 2661 523 2714 κατὰ
557 2660 718 2731 μέρος
746 2658 1066 2731 μεταθέσεσι
1096 2657 1392 2721 κλαπέντες
1425 2658 1517 2709 ἐπὶ
1536 2658 1597 2710 τὸ
1632 2658 1809 2726 Εὐαγ-

226 2755 431 2824 γὲλιον.
486 2751 724 2803 Πειθέτω
775 2750 833 2802 σὲ
888 2748 1044 2802 τοῦτο
1077 2748 1309 2811 Παῦλος,
1342 2750 1403 2801 ἐκ
1447 2747 1540 2800 τοῦ
1600 2748 1812 2819 περιτέ-

230 2863 389 2917 μνειν
420 2843 532 2914 (45)
564 2842 657 2895 καὶ
710 2839 1027 2910 ἁγνίζεσθαι
1070 2840 1348 2912 προελθὼν
1395 2841 1487 2893 ἐπὶ
1518 2841 1577 2894 τὸ
1608 2842 1804 2910 λέγειν’

240 2936 390 3005 Ἐγὼ
416 2934 506 2997 δὲ,
549 2930 819 2999 ἀδελφοὶ,
852 2933 903 2983 εὶ
934 2931 1259 3000 περιτομὴν
1294 2932 1595 2999 κηρύσσω,
1628 2933 1683 2984 τί
1721 2932 1807 2985 ἔτι

226 3023 546 3092 diducenda;
586 3022 794 3074 Ἐκεῖνο
852 3019 954 3090 τῆς
997 3019 1324 3090 οἰκονομίας,
1370 3019 1529 3072 τοῦτο
1573 3020 1670 3090 τῆς
1722 3037 1808 3072 τε-

225 3115 509 3186 λειότητος

1907 1933 2132 2003 proinde
2158 1934 2427 2002 pzedagogi
2450 1933 2733 2003 cujusdam
2761 1943 2813 1988 et
2848 1933 3041 1989 medici
3088 1949 3238 1988 more
3267 1934 3474 2005 patrios

1909 2026 2065 2088 ritus,
2097 2025 2292 2093 partim
2360 2025 2653 2085 subtrahit.
2685 2026 2880 2094 partim
2921 2026 3231 2090 concessit,
3269 2027 3474 2081 nonni-

1908 2116 1984 2171 bil
2034 2116 2284 2170 videlicet
2318 2131 2505 2170 eorum
2543 2116 2806 2185 voluptati
2856 2117 3161 2188 indulgens,
3215 2118 3474 2187 quemad—

1907 2208 2124 2261 modum
2181 2208 2372 2262 medici
2430 2209 2833 2278 aegrotantibus,
2889 2217 2948 2263 ut
2997 2208 3469 2272 medicamentum,

1906 2297 2251 2352 suavioribus
2280 2298 2441 2352 rebus
2481 2306 2598 2351 arte
2646 2307 3002 2368 temperatum
3043 2308 3098 2351 et
3141 2296 3469 2361 edulcatum,

1907 2387 2222 2442 admittant.
2262 2388 2447 2457 Neque
2478 2390 2623 2443 enim
2655 2389 2816 2444 facile
2847 2397 2929 2444 est
2957 2388 3025 2442 ab
3054 2389 3139 2454 iis,
3166 2403 3284 2458 quae
3313 2388 3472 2457 longo

1907 2495 2004 2535 usu
2041 2490 2097 2534 et
2129 2480 2383 2535 diuturno
2428 2489 2668 2549 tempore
2723 2480 2774 2534 in
2816 2480 3021 2535 bonore
3051 2494 3114 2535 ac
3148 2480 3321 2548 pretio
3354 2478 3471 2532 fue-

1910 2578 2059 2634 runt,
2104 2571 2168 2625 ad
2217 2571 2322 2626 alia
2373 2572 2665 2628 transilire.
2706 2570 2846 2643 Ergo
2875 2572 3045 2644 prima
3108 2571 3193 2626 lex
3249 2569 3475 2625 sublatis

1910 2658 2064 2716 idolis
2089 2662 2354 2717 sacriﬁcia
2388 2663 2666 2730 permisit;
2704 2663 2938 2718 secunda
2972 2662 3236 2718 submotis
3263 2660 3476 2716 sacrifi-

1906 2751 2010 2806 ciis
2035 2752 2502 2806 circumcisionem
2535 2753 2758 2806 minime
2792 2753 3065 2822 prohibuit
3094 2767 3109 2807 :
3146 2767 3209 2808 ac
3259 2762 3493 2823 postea,-

1907 2852 1967 2897 ut
1997 2843 2164 2897 semel
2221 2844 2464 2897 subtrahi
2506 2843 2607 2897 sibi
2654 2843 2856 2912 aliquid
2898 2859 3054 2913 aequo
3107 2845 3288 2900 animo
3336 2845 3475 2899 tule-

1909 2945 2036 2988 runt
2071 2934 2337 3001 homines,
2371 2937 2533 2989 rebus
2562 2936 2726 2989 etiam
2762 2935 2867 2989 sibi
2902 2936 3197 3002 concessis,
3234 2935 3337 2989 hoc
3370 2945 3476 3000 est,

1910 3026 1984 3079 illi
2047 3025 2371 3090 sacrificiis,
2427 3025 2481 3078 hi
2545 3026 2995 3090 circumcisione,
3075 3026 3474 3089 abstinuerunt,

1910 3126 2093 3186 atque,
2122 3127 2177 3169 ιιι
2213 3131 2277 3170 ex
2326 3116 2559 3171 etlmicis
2590 3114 2782 3182 Judaei,
2838 3116 2911 3169 ita
2959 3131 3025 3170 ex
3074 3115 3272 3171 Judaais
3317 3116 3480 3173 Citri-

227 3204 397 3261 stiani
465 3188 593 3256 fac'ti
640 3209 787 3265 sunt,
832 3214 929 3268 per
999 3199 1329 3252 mutationes
1377 3200 1529 3268 quasi
1577 3199 1761 3254 furtim
1815 3201 1881 3255 ad
1922 3202 2268 3273 Evangelium
2311 3204 2577 3272 perducti.
2629 3202 2799 3273 Hujus
2839 3203 2916 3257 rei
2966 3204 3059 3258 tibi
3109 3204 3266 3260 fidem
3318 3205 3481 3262 faciat

229 3298 456 3360 Paulus,
500 3297 676 3366 quies
711 3310 776 3350 eo
808 3295 948 3363 quod
985 3294 1410 3349 circumcidebat
1451 3293 1519 3361 *9,
1556 3310 1620 3349 ac.
1648 3296 2040 3364 purificabatur
2068 3300 2114 3330 '°
2186 3314 2248 3353 eo
2311 3299 2527 3353 tandem
2599 3313 2924 3369 progressus
2962 3308 3067 3366 est,
3106 3310 3165 3354 ut
3225 3301 3429 3357 diceret
3461 3319 3478 3361 :

227 3372 347 3464 Ego
376 3402 576 3455 autem,
610 3390 822 3459 fratres,
848 3391 893 3443 si
928 3389 1373 3447 circumcisionem
1437 3390 1695 3458 praedico,
1751 3392 1877 3461 quid
1915 3394 2087 3447 adhuc
2126 3395 2531 3462 persecutionem
2561 3395 2737 3462 patior
2767 3394 2853 3447 ⁵ίῖ
2888 3395 3019 3449 Illud
3064 3395 3483 3465 dispensationis

228 3495 389 3549 erat;
421 3482 521 3536 hoc
566 3479 935 3549 perfectionis.

308 3538 457 3639 Κέτ.
485 3538 657 3640 Τοῦτη
704 3569 765 3621 τὸ
789 3570 888 3639 τῆς
922 3569 1198 3639 θεολογίας
1237 3570 1476 3635 εἰκάζειν
1518 3572 1643 3643 ἔχω,
1678 3572 1811 3645 πλὴν

1989 3571 2178 3628 XXVI.
2222 3570 2360 3626 Huic
2392 3571 2642 3641 exemplo
2696 3570 3001 3627 divinitatis
3053 3571 3297 3627 doctrina
3335 3586 3484 3629 com-

230 3669 357 3722 ὅσον
375 3667 441 3719 ὲκ
467 3664 578 3719 τῶν
604 3663 879 3719 ἐναντίων.
923 3663 1070 3715 Ἐκεῖ
1092 3663 1188 3733 μὲν
1227 3662 1335 3734 γὰρ
1361 3666 1426 3717 ἐκ
1452 3664 1559 3718 τῶν
1595 3665 1814 3735 ὑφαιρέ-

236 3774 376 3810 σεων
407 3757 441 3827 ἡ
470 3752 784 3826 μετάθεσις·
816 3751 1053 3806 ἐνταῦθα
1076 3751 1131 3804 δὲ
1160 3751 1247 3804 διὰ
1280 3752 1387 3805 τῶν
1422 3751 1747 3823 προσθηκῶν
1780 3753 1813 3822 ἠ

230 3847 539 3910 τελείωσις.
583 3846 736 3914 Ἔχει
788 3842 896 3915 γὰρ
946 3841 1141 3906 οὕτως’
1193 3845 1461 3914 ἐκήρυσσε
1486 3845 1734 3915 φανερῶς
1780 3847 1813 3917 ἡ

236 3938 452 3993 Παλαιὰ
490 3937 582 3989 τὸν
612 3934 853 4007 Πατέρα,
887 3933 978 3986 τὸν
1024 3933 1146 3985 Υἱὸν
1177 3933 1561 4005 ἀμυδρότερον.
1595 3935 1815 4004 Ἐφανὲ-

238 4046 416 4102 ρωσεν
444 4031 478 4098 ή
509 4027 686 4096 Καινὴ
705 4025 796 4078 τὸν
821 4026 968 4089 Υίὸν,
987 4024 1233 4089 ὑπέδειξε
1260 4025 1352 4078 τοῦ
1382 4025 1521 4079 Πνεύ
1531 4044 1699 4097 ματος
1716 4026 1814 4097 τὴν

237 4121 495 4192 θεότητα.
535 4115 977 4189 Ἑμπολιτεύεται
1006 4116 1099 4169 νῦν
1122 4116 1181 4169 τὸ
1204 4116 1447 4187 Πνεῦμα.
1476 4117 1816 4187 σαφεστέραν

236 4216 372 4285 ἡμῖν
400 4210 643 4283 παρέχον
668 4210 766 4280 τὴν
806 4208 998 4261 ἑαυτοῦ
1026 4208 1277 4279 δήλωσιν.
1321 4207 1397 4262 Οὐ
1420 4208 1528 4280 γάρ
1549 4204 1616 4278 ἦν
1643 4210 1817 4277 ἀσφα-

237 4305 352 4366 λὲς,
380 4304 551 4374 μήπω
582 4302 684 4371 τῆς
709 4301 801 4355 τοῦ
830 4301 1043 4371 Πατρὸς
1079 4301 1330 4372 θεότητος
1370 4300 1813 4373 όμολογηθείσης,

236 4398 333 4449 τὸν
368 4396 500 4448 Υἱὺν
528 4393 767 4463 ἐκδήλως
815 4393 1199 4464 κηρύττεσθαι·
1234 4393 1368 4464 μηδὲ
1416 4393 1518 4463 τῆς
1547 4392 1639 4446 τοῦ
1688 4392 1816 4447 Υίοῦ

240 4485 702 4557 παραδεχθείσης,
726 4485 787 4537 τὸ
820 4484 1046 4554 Πνεῦμα
1070 4482 1130 4536 τὸ
1171 4482 1346 4551 ἆγιον,
1372 4483 1436 4535 ἶν’
1477 4483 1616 4537 εἴπω
1641 4501 1694 4537 τι
1725 4485 1820 4537 καὶ

239 4579 663 4650 τολμηρότερον.
701 4575 1167 4649 ἐπιφορτίζεσθαιο
1211 4575 1285 4646 μὴ
1323 4575 1574 4645 καθάπερ
1621 4580 1817 4647 τροφῇν

238 4674 308 4741 τῇ
339 4671 483 4740 ὑπὲρ
507 4670 759 4742 δύναμιν,
791 4668 1116 4741 βαρηθέντες
1152 4668 1286 4739 (46),
1317 4668 1411 4722 καὶ
1439 4668 1649 4739 ἡλιακῷ
1682 4668 1821 4737 φωτὶ

243 4761 581 4832 σαθῳτέραν
604 4761 683 4814 ἔτι
714 4761 1107 4833 προσϐαλόντες
1131 4760 1241 4829 (47)
1259 4761 1356 4831 τὴν
1379 4761 1521 4830 ὄψιν.
1547 4762 1640 4815 καὶ
1661 4762 1741 4825 είς
1763 4761 1822 4814 τὸ

243 4853 391 4906 κατὰ
439 4852 667 4923 δύναμιν
725 4851 1159 4907 κινδυνεύσωσινο
1204 4855 1323 4916 ταῖς
1376 4853 1433 4905 δὲ
1475 4852 1612 4906 κατὰ
1659 4852 1823 4923 μέρος

1920 3665 2100 3735 parari
2136 3673 2336 3733 potest,
2368 3664 2472 3719 nisi
2500 3665 2642 3733 quod
2672 3664 2959 3719 contrario
2989 3666 3150 3720 modo
3182 3680 3270 3719 res
3297 3680 3484 3733 proce-

1916 3758 2017 3811 dit.
2050 3756 2163 3811 Illic
2191 3758 2335 3811 enim
2366 3771 2431 3811 ex
2460 3757 2829 3812 subtractioue
2876 3757 3105 3812 mutatio
3146 3758 3311 3813 fiebat
3341 3773 3355 3809 :
3395 3757 3486 3813 hic

1917 3858 2091 3903 autem
2121 3864 2187 3903 ex
2225 3849 2538 3904 accessione
2575 3858 2738 3918 atque
2782 3849 3142 3904 incremento'
3186 3850 3251 3904 ad
3305 3848 3487 3918 perfe-

1915 3942 2148 3997 ctionem
2174 3950 2391 3996 ventum
2423 3951 2526 3997 est.
2561 3942 2652 3998 Sic
2690 3943 2833 3997 enim
2876 3958 2935 3997 se
2968 3958 3055 3997 res
3085 3941 3249 3997 habet
3278 3959 3291 3996 :
3318 3940 3487 3997 Vetus

1916 4034 2322 4089 Testamentum
2379 4033 2591 4089 Patrem
2643 4043 2832 4103 aperte
2881 4034 3238 4101 praedicabat,
3289 4033 3485 4089 Filium

1916 4126 2216 4182 obscurius.
2275 4124 2480 4179 Novum
2532 4134 2713 4179 autem
2770 4124 2926 4179 nobis
2968 4124 3164 4179 Filium
3204 4124 3489 4193 perspicue

1918 4218 2178 4283 ostendit,
2211 4227 2264 4272 et
2300 4216 2535 4288 Spiritus
2591 4215 2933 4271 divinitatem
2981 4213 3313 4269 subobscure
3351 4229 3488 4283 quo-

1920 4309 2207 4363 dammodo
2240 4309 2516 4364 indicavit.
2551 4307 2706 4362 Nunc
2736 4321 2864 4362 vero
2898 4305 3133 4375 Spiritus
3169 4306 3281 4376 ipse
3307 4305 3487 4360 nubis-

1920 4415 2041 4455 cum
2078 4410 2340 4465 versatur,
2385 4399 2542 4469 573
2572 4413 2798 4467 seseque
2834 4398 2992 4452 nobis
3036 4397 3279 4465 apertius
3309 4395 3491 4451 decla-

1921 4499 2025 4543 rat.
2058 4488 2242 4557 Neque
2272 4489 2417 4542 enim
2458 4497 2631 4541 tutum
2654 4496 2797 4554 erat,
2827 4487 3007 4541 Patris
3035 4486 3325 4542 divinitate
3361 4500 3493 4541 non-

1922 4582 2047 4635 dum
2080 4580 2350 4645 confessa,
2400 4578 2596 4633 Filium
2626 4586 2813 4648 aperte
2852 4577 3135 4647 praedicari
3164 4593 3177 4631 :
3208 4590 3331 4643 nec,
3363 4576 3490 4633 Filii

1923 4675 2207 4731 divinitate
2263 4670 2498 4725 nondum
2548 4671 2817 4733 admissa,
2871 4669 3133 4737 Spiritqu
3198 4677 3490 4731 sanctum,

1923 4760 2069 4815 velut
2118 4757 2420 4827 graviorem
2468 4758 2780 4827 quamdam,
2838 4757 2884 4812 si
2938 4757 3013 4812 ita
3066 4756 3212 4827 loqui
3269 4756 3349 4812 fas
3386 4765 3493 4822 est,

1926 4851 2194 4906 sarcinam
2226 4850 2381 4905 nobis
2412 4850 2579 4920 ingeri
2616 4865 2631 4903 :
2661 4865 2728 4905 ne
2763 4850 2986 4920 alioqui,
3017 4849 3164 4905 velut
3189 4850 3326 4905 cibis
3350 4849 3491 4904 ultra

246 4943 613 5015 προσθήκαις,
649 4945 763 5006 καὶ,
796 4944 872 5006 ὡς
896 4939 1017 4996 εἶπε
1047 4943 1229 5008 Δαϐὶδ,
1266 4944 1586 5009 ἀναϐάσεσι,
1624 4947 1718 4997 καὶ
1762 4945 1811 4996 ὲ)

1933 4941 2072 4995 vires
2100 4940 2334 5011 gravati,
2381 4955 2441 4995 ac
2479 4939 2611 4995 solis
2657 4941 2824 4995 radiis
2876 4940 3100 4996 hebetes
3138 4939 3325 4996 oculos
3359 4939 3497 5007 adji-

248 5031 408 5103 δόξης
437 5033 518 5095 είς
539 5032 694 5098 δόξαν
718 5033 960 5105 προόδοις
982 5032 1074 5085 καὶ
1108 5035 1432 5104 προκοπαῖς,
1454 5032 1513 5086 τὸ
1535 5034 1632 5105 τῆς
1659 5034 1826 5104 Τριά-

319 5212 368 5246 ⁸⁶
399 5211 565 5268 Hebr.
601 5202 810 5281 mea
883 5212 929 5244 ⁸⁹
952 5211 1073 5267 Act.
1109 5230 1217 5277 xvr,
1247 5214 1300 5267 ’5.
1376 5213 1421 5244 ³ο
1454 5214 1575 5269 Αει.
1609 5229 1719 5280 xxi,
1752 5214 1841 5269 9.6.

253 5394 320 5449 18
347 5405 403 5449 et
431 5394 645 5465 seqq.);
688 5394 976 5465 secundus,
1003 5407 1148 5457 cum,
1168 5392 1396 5465 Christo
1424 5395 1706 5458 moriente,
1735 5392 1819 5447 lex

252 5465 443 5532 gratia:
475 5464 640 5521 cessit
671 5464 888 5535 (Matth.
918 5478 1086 5535 xxvii,
1119 5464 1242 5535 51);

253 5543 560 5606 postremus
587 5537 640 5589 in
683 5533 789 5587 line
814 5535 1000 5606 mundi
1035 5533 1246 5589 futurus
1272 5544 1374 5600 est,
1403 5534 1470 5589 de
1529 5533 1823 5606 quo'Apo-

253 5604 428 5674 stolus
464 5603 654 5674 (ﬂeor.
684 5619 781 5674 at",

323 5672 438 5744 (42)
476 5672 663 5744 Μηδὲ.
697 5673 809 5744 Dn_o
843 5672 1035 5744 Βαίας,
1069 5674 1224 5744 μήτε.

325 5742 439 5811 (43)
481 5743 715 5829 Ἕνεκα.
751 5741 885 5797 Tres
909 5741 1098 5814 Reggi,
1125 5741 1358 5813 quatuor
1384 5742 1533 5800 Colb.
1567 5751 1621 5798 et
1649 5742 1741 5799 Or.
1768 5741 1820 5809 l,

1285 5466 1476 5519 tertius
1510 5465 1743 5535 denique
1766 5474 1815 5516 et
1908 5514 1913 5519 λ

1933 5033 2157 5097 cientes,
2193 5030 2259 5085 iis
2286 5046 2523 5101 quoque,
2560 5033 2755 5103 quibus
2781 5032 2986 5103 przediti
3019 5046 3257 5098 eramus,
3289 5028 3502 5084 viribus

1919 5215 1963 5245 “
1998 5213 2117 5272 Gal.
2148 5229 2205 5281 ν,
2243 5215 2331 5269 II.

1920 5407 2104 5600 67:84;
2150 5464 2252 5526 Τῳ.
2290 5461 2449 5517 Deest
2478 5463 2530 5518 in
2566 5464 2737 5519 tribus
2769 5461 2939 5532 Rrgg.
2964 5469 3019 5517 et
3050 5461 3143 5519 0r.
3171 5462 3227 5517 1.

2015 5532 2082 5584 45
2142 5531 2538 5599 Περιτὲμνειν.
2576 5533 2793 5599 Contb.,
2822 5535 3158 5600 περιτεμεῖν.

2142 5531 2793 5604 Περιτέμνεινηβοιιὼη
2822 5531 3158 5604 περιτεμεῖν.

1994 5600 2106 5673 (46)
2132 5602 2521 5668 Βαρηθέντες.
2550 5602 2793 5669 Ηωεειι.,
2828 5600 3204 5673 βαρυνθέντες.

1993 5667 2104 5744 (47)
2136 5667 2606 5744 Ιζροσϐαλᾴντες.
2637 5674 2730 5729 0r.
2762 5667 3235 5744 1,’προ6αλόντες.
3270 5667 3328 5726 In
3376 5669 3502 5742 qui~

1922 5741 2168 5810 buSdam,
2206 5741 2651 5810 προσϐάλλοντες.
