4038 6338
579 298 681 353 165

1778 291 1835 347 S.
1879 288 2200 349 GREGORII
2243 286 2591 343 TllEOLCGl
3712 288 3787 343 liii

577 419 1011 492 periclitarcmnr
1051 436 1065 471 :
1098 418 1224 485 quin
1264 415 1442 470 tacitis
1480 415 1659 485 potius
1709 416 2139 481 accessionibus,

2249 412 2332 474 δος
2357 410 2472 477 φῶς
2503 408 2752 479 ἐκλάμψῃ
2779 406 2889 479 (48)
2908 410 3013 471 τοῖς
3038 406 3457 479 λαμπροτέροις.
3488 407 3586 462 Διά
3601 410 3788 480 ταύτην,

578 523 653 578 et,
707 523 765 567 ut
799 512 965 565 David
1016 510 1274 581 loquitur,
1335 508 1745 575 ascensionibus
1780 508 1848 571 ⁸³,
1902 517 2063 575 atque
2122 522 2148 561 e

579 605 832 660 claritate
889 604 939 657 in
996 602 1300 656 claritatem
1352 599 1817 669 progressionibus
1872 608 1926 652 et
1971 599 2147 652 incre-

583 695 804 757 mentis,
851 692 1133 747 Trinitatis
1166 690 1344 743 lumen
1394 688 1851 758 splendidioribus
1883 689 2143 742 illuceret.

578 789 661 843 οι»
692 789 830 841 lianc
858 800 1101 851 causam,
1145 792 1202 837 nt
1247 783 1460 851 opinor,
1497 780 1561 834 ad
1608 781 1898 850 discipulos
1937 795 2149 849 quoque

579 878 858 948 sigillatim
914 890 974 931 se
1038 873 1271 941 conlert,
1335 874 1401 927 ad
1454 872 1839 939 excipientium
1895 870 2149 925 videlicet

576 977 792 1038 captmn
849 966 1232 1033 modulumque
1267 978 1385 1019 sese
1418 962 1728 1032 impertiens
1780 961 1847 1024 ⁸³;
1896 960 2146 1013 nimirum

578 1060 631 1114 in
694 1059 968 1129 Evangelii
1041 1057 1304 1126 principio
1360 1055 1587 1109 virtutes
1639 1053 1955 1123 perliciens,
2032 1061 2150 1121 post

575 1149 778 1205 Christi
809 1149 1111 1217 passionem
1162 1145 1460 1200 insumatus
1491 1146 1558 1209 δι,
1609 1154 1730 1213 post
1759 1158 2049 1199 ascensum
2084 1146 2136 1197 in

577 1241 749 1310 igneis
783 1239 979 1308 linguis
1016 1253 1284 1308 apparens
1315 1238 1383 1291 ".
1427 1236 1736 1303 Quinetiam
1773 1236 1839 1290 ab
1873 1238 1990 1305 ipso
2024 1235 2148 1289 Jesu

578 1329 837 1399 paalatim
876 1328 1205 1393 declaratur,
1244 1336 1302 1380 ut
1330 1327 1447 1396 ipse
1494 1340 1711 1396 quoque
1745 1326 2071 1395 comperies,
2104 1326 2146 1379 si

2253 497 2427 571 οἶμαι,
2465 500 2563 571 τὴν
2615 499 2814 561 αἰτίαν,
2852 498 2945 551 καὶ
2992 501 3104 561 τοῖς
3163 497 3431 567 μαθηταῖς
3469 497 3608 551 κατά
3658 500 3792 571 μέρος

2252 591 2524 662 ἐπιδημεῖ,
2561 593 2625 660 τῇ
2661 589 2767 643 τῶν
2829 588 3133 658 δεχομένων
3173 588 3396 657 δυνάμει
3447 591 3794 659 παραμετρούς

2257 702 2435 755 μενον,
2484 685 2541 736 ἐν
2561 684 2703 754 ἀρχῇ
2734 680 2826 735 τοῦ
2861 681 3217 749 Εὐαγγελίου,
3249 680 3386 752 μετὰ
3414 681 3474 733 τὸ
3500 681 3686 744 πάθος,
3719 701 3794 753 μευ

2251 782 2321 835 τὰ
2346 780 2444 850 τὴν
2473 780 2677 843 ἄνοδον,
2728 778 2826 842 τὰς
2865 778 3123 848 δυνάμεις
3155 777 3458 842 ἐπιτελοῦν,
3500 779 3796 849 ἐκφυσὼμε-

2252 890 2360 934 νον,
2386 872 2443 924 ἐν
2472 870 2745 939 γλώσσαις
2779 870 3030 940 πυρῑναις
3057 868 3399 939 φαινόμενον.
3450 872 3562 923 Καὶ
3593 872 3694 924 ὑπὸ
3719 874 3800 942 ἰη-

2254 964 2347 1017 σοῦ
2392 961 2500 1034 (49)
2551 965 2669 1015 κατ’
2719 962 2897 1031 ὀλίγον
2935 962 3251 1035 ἐκφαίνεται
3308 963 3441 1032 (50),
3490 962 3566 1027 ὡς
3607 966 3800 1035 ἐπιστή.

2255 1075 2370 1123 σεις
2431 1058 2543 1127 (51)
2619 1057 2713 1111 κα)⁸
2770 1056 2931 1119 αὐτὸς
2982 1056 3326 1125 ἐντυγχάνων
3378 1057 3799 1129 ἐπιμελέστερον

2264 1148 2595 1216 Ἐρωτήσω,
2622 1148 2775 1218 φησι,
2829 1147 2937 1200 τὸν
2985 1148 3235 1216 Πατέρα,
3276 1148 3376 1201 καὶ
3410 1147 3606 1202 ἄλλον
3635 1152 3802 1217 Παρά-

2253 1242 2483 1305 κλητον
2510 1236 2729 1305 πέμψει
2764 1237 2925 1305 ὑμῖν,
2963 1238 3026 1291 τὸ
3062 1237 3307 1306 Πνεῦμα
3364 1236 3475 1305 τῆς
3520 1239 3801 1305 ἀληθείας·

2257 1325 2342 1377 ἵνα
2376 1323 2449 1394 μὴ
2481 1324 2723 1388 ἀντίθεος
2745 1320 2884 1378 εἶναι
2909 1325 3032 1395 δόξῃ
3058 1344 3162 1389 τις,
3193 1327 3287 1379 καὶ
3318 1326 3393 1390 ὡς
3417 1327 3525 1379 ἀπὸ
3551 1328 3712 1396 ἄλλης
3742 1346 3803 1380 τις

577 1421 818 1476 animum
863 1420 1173 1490 diligentius
1218 1418 1541 1474 adverteris.
1585 1416 1801 1487 Rogabo
1853 1418 1995 1470 enim
2037 1415 2143 1470 Pa-

2253 1416 2340 1477 νδς
2384 1416 2629 1480 ἐξουσίας
2684 1416 2954 1469 ποιεῖσθαι
3006 1419 3130 1481 τοὺς
3158 1418 3369 1486 λόγους.
3416 1413 3568 1479 Εἶτα,
3607 1420 3807 1487 πέμψει

580 1519 731 1573 trem,
772 1511 989 1580 inquit,
1044 1519 1091 1563 et
1140 1510 1302 1563 alium
1363 1506 1697 1561 Paracletum
1754 1508 1917 1560 mittet
1968 1506 2146 1571 vobis,

579 1599 837 1669 Spiritum
878 1602 1112 1655 veritatis
1148 1601 1214 1654 ".
1256 1600 1385 1666 Quae
1432 1597 1649 1668 quidem
1701 1598 1862 1653 verba
1900 1613 1964 1653 eo
1991 1598 2145 1665 dixit,

580 1707 651 1748 ne
715 1692 1056 1747 adversarius
1094 1691 1356 1761 quispiam
1403 1690 1494 1744 Dei
1544 1704 1684 1753 esse,
1743 1698 1834 1743 aut
1884 1691 2036 1759 quasi
2082 1690 2149 1745 de

2258 1505 2377 1575 μὲν,
2404 1505 2475 1557 ἐν
2505 1505 2562 1557 δὲ
2592 1505 2671 1571 τῷ
2693 1507 2939 1576 ὀνόματί
2957 1526 3094 1577 μου.
3120 1510 3194 1561 Τὸ
3214 1508 3491 1578 ἐρωτήσω
3526 1512 3735 1579 παρεὶς,
3757 1511 3808 1562 τὸ

2254 1597 2471 1665 πέμψει
2496 1600 2816 1669 τετήρηκεν·
2850 1596 2989 1665 εἶτα,
3021 1601 3253 1669 πέμψω,
3273 1602 3335 1654 τὸ
3358 1605 3554 1655 οἰκεῖον
3589 1604 3806 1673 ἀξίωμα·

2253 1686 2393 1751 εἶτα,
2430 1688 2583 1755 ἣξει,
2612 1692 2645 1759 ἡ
2673 1690 2767 1743 τοῦ
2806 1691 3122 1762 Πνεύματος
3150 1692 3389 1757 ἐξουσία.

576 1788 680 1841 alia
708 1788 938 1857 quadam
982 1796 1248 1857 potestate
1287 1799 1594 1840 sermonem
1630 1783 1810 1838 facere
1853 1785 2157 1838 videretur.
2196 1785 2411 1848 Postea,
2444 1787 2608 1839 mittet
2643 1786 2887 1855 quidem,
2934 1797 3190 1842 cieterum
3253 1788 3309 1842 in
3372 1792 3583 1844 nomine
3618 1807 3726 1845 meo
3752 1790 3810 1845 ⁸⁷.

577 1882 697 1950 Hie,
726 1885 923 1939 omissa
959 1896 1107 1945 voce,
1147 1882 1358 1952 rogabo,
1412 1894 1616 1946 vocem,
1661 1881 1854 1945 mittet,
1905 1880 2146 1933 retinuit.

2222 1880 2366 1945 Mox,
2431 1882 2635 1933 ncillam
2680 1881 2727 1911 ⁵⁸
2757 1898 2770 1934 :
2806 1891 2863 1934 ut
2905 1882 3176 1951 pmpriam
3218 1885 3599 1939 auctoritatem
3647 1896 3811 1941 osten-

575 1979 689 2034 dat.
750 1977 884 2032 Tum
932 1977 1182 2047 denique,
1238 1977 1399 2031 veniet
1430 1976 1474 2008 ⁵⁸
1508 1991 1523 2028 :
1552 1989 1660 2043 quo
1707 1975 1869 2029 verbo
1913 1974 2149 2041 Spiritus
2190 1982 2430 2043 potestas
2462 1974 2749 2028 indicatur.

645 2068 856 2124 XXVII.
876 2069 1037 2123 Vides
1068 2068 1482 2122 illuminationes
1521 2066 1777 2137 paulatim
1802 2066 1955 2120 nobis
1988 2066 2139 2117 auido

576 2171 787 2233 gentes,
823 2162 1215 2231 theologireque
1240 2161 1511 2224 ordinem,
1550 2175 1707 2229 quem
1746 2159 1899 2213 nobis
1927 2172 2142 2227 quoque

574 2262 760 2308 tenere
800 2253 1127 2323 praestiterit,
1166 2261 1223 2305 nt
1270 2266 1369 2305 nec
1396 2259 1617 2319 repente
1647 2259 1808 2317 atque
1852 2248 2140 2303 confertim

573 2345 753 2399 omnia
791 2344 844 2398 in
890 2344 1063 2396 lucem
1093 2341 1400 2406 elleramus,
1432 2356 1530 2395 nee
1566 2340 1619 2394 in
1652 2339 1811 2394 linem
1850 2353 2019 2406 usque
2049 2354 2142 2392 oc-

572 2436 859 2491 cultemus.
908 2434 1037 2487 Illud
1085 2435 1228 2487 enim
1283 2433 1644 2487 inconsultum
1699 2443 1861 2501 atque
1904 2434 1971 2486 ab
2025 2444 2143 2487 arte

574 2526 808 2579 alienum
834 2524 1012 2591 luerit,
1047 2526 1147 2580 hoc
1171 2525 1428 2598 impium:
1468 2525 1598 2579 illud
1634 2525 1842 2580 alienos
1871 2525 2142 2580 oll'endere

572 2631 637 2671 ac
663 2616 945 2671 vulnerare
979 2626 1161 2687 queat,
1185 2616 1286 2671 hoc
1318 2625 1531 2671 nostros
1571 2631 1600 2669 a
1629 2617 1786 2671 nobis
1807 2617 2138 2671 abalienare.

573 2706 864 2765 Enimvero
888 2706 962 2771 id,
994 2707 1134 2775 quod
1156 2707 1480 2776 quibusdam
1513 2720 1730 2776 quoque
1757 2704 1876 2760 aliis
1915 2706 2143 2760 fortasse

574 2798 630 2852 in
660 2807 893 2859 mentem
923 2798 1090 2861 venit,
1120 2811 1220 2866 ego
1262 2806 1439 2851 tamen
1481 2796 1643 2849 animi
1685 2797 1787 2848 mei
1828 2794 1990 2850 fetum
2023 2810 2145 2852 esse

573 2889 845 2956 existimo,
876 2889 1241 2959 superioribus
1269 2887 1579 2958 adiungam.
1617 2887 1860 2941 llabebat
1892 2888 2140 2955 quaedam

2317 2066 2443 2117 KZ'.
2497 2065 2658 2135 Ὁρᾷς
2697 2065 3009 2135 φωτισμοὺς
3052 2066 3194 2118 κατά
3234 2066 3395 2136 μέρος
3443 2068 3575 2138 ἡμῖν
3613 2069 3813 2139 ἐλλάμ-

2250 2174 2468 2221 ποντας,
2501 2158 2595 2210 καὶ
2650 2157 2805 2223 τάξιν
2851 2156 3145 2225 θεολογίας,
3198 2159 3263 2229 ἣν
3323 2161 3416 2212 καὶ
3467 2163 3615 2231 ἡμᾶς
3638 2166 3814 2235 τηρεῖν

2249 2248 2489 2319 ἄμεινον,
2536 2253 2672 2323 μήτε
2717 2252 2928 2325 ἀθρόως
2960 2257 3339 2324 ἐκφαίνοντας,
3395 2261 3533 2330 μήτε
3565 2262 3646 2325 εἰς
3673 2263 3814 2325 τέλος
3946 2248 3947 2307 l

2249 2339 2606 2410 κρύπτοντας.
2640 2342 2712 2394 Τὸ
2744 2343 2842 2413 μὲν
2878 2345 2985 2415 γὰρ
3016 2346 3259 2415 ἄτεχνον,
3303 2348 3363 2400 τὸ
3391 2349 3448 2400 δὲ
3493 2349 3653 2404 ἄθεον
3690 2352 3814 2422 (52)·
3948 2339 3951 2423 )

2250 2434 2342 2484 καὶ
2370 2434 2431 2486 τὸ
2458 2434 2556 2503 μὲν
2580 2436 2705 2494 τοὺς
2753 2436 3069 2508 ἀλλοτρίους
3103 2438 3301 2507 πλῆξαι
3331 2441 3649 2511 δυνάμενον,
3681 2444 3746 2495 τὸ
3769 2444 3819 2496 δὲ
3952 2454 3953 2487 ι

2249 2520 2607 2593 ἀλλοτριῶσαι
2640 2527 2765 2587 τοὺς
2791 2526 3115 2596 ἡμετέρους.
3154 2530 3218 2579 "0
3264 2528 3318 2581 δὲ
3367 2531 3497 2593 ἴσως
3532 2532 3630 2601 μὲν
3660 2528 3819 2602 ἦλθεν
3954 2522 3955 2543 ¹

2249 2612 2348 2683 ἤδη
2373 2614 2514 2665 τισὶν
2551 2614 2663 2684 (55)
2697 2616 2788 2668 ἐπὶ
2808 2616 2931 2669 νοῦν
2973 2619 3069 2670 καὶ
3106 2620 3214 2672 τῶν
3245 2619 3439 2685 ἄλλων,
3494 2622 3605 2691 ἐγὼ
3634 2623 3688 2675 δὲ
3729 2624 3819 2693 τῆς

2249 2706 2486 2775 ἐμαυτοῦ
2510 2708 2619 2776 (54)
2650 2708 2889 2772 διανοίας
2921 2710 3290 2781 ὑπολαμϐάνω
3317 2714 3549 2785 καρπὸν,
3583 2717 3819 2786 προσθή-

2252 2812 2328 2847 σω
2349 2798 2459 2859 τοῖς
2488 2797 2813 2867 εἰρημένοις.
2847 2795 2953 2853 Ἦν
2980 2818 3097 2853 τινα
3130 2801 3207 2871 τῷ
3246 2804 3477 2874 Σωτῆρι,
3505 2806 3600 2858 καὶ
3627 2808 3674 2858 εἰ
3702 2806 3821 2859 πολ-

2249 2886 2355 2939 λῶν
2382 2888 2782 2957 ἐνεπίμπλαντο
2818 2890 3176 2960 μαθημάτων,
3214 2893 3247 2946 δι
3280 2896 3354 2964 μὴ
3398 2895 3657 2949 δύνασθαι
3698 2898 3818 2950 τότε

576 2980 848 3044 Salvator,
898 2994 1017 3048 qua:
1050 2994 1079 3033 a
1110 2978 1407 3048 discipulis,
1438 2979 1564 3032 licet
1614 2979 1814 3047 alioqui
1863 2978 2143 3044 multiplici

2254 2976 2626 3048 βασταχθῆναι
2680 2983 2794 3043 τοῖς
2831 2984 3100 3052 μαθηταῖς
3151 2982 3387 3051 ἐλέγετο,
3445 2986 3512 3038 δι’
3562 2987 3627 3050 ἃς
3671 2982 3820 3040 εἷπον

574 3072 819 3127 doctrina
869 3070 1238 3141 implerentur,
1304 3080 1432 3126 tunc
1491 3078 1667 3124 tamen
1736 3071 1941 3139 portari
1988 3085 2146 3140 posse

573 3162 826 3231 negabat,
860 3159 929 3216 ob
960 3175 1053 3215 eas
1085 3160 1335 3229 fortasse,
1362 3177 1496 3232 quas
1523 3161 1701 3226 attuli,
1735 3177 1948 3227 causas,
1986 3172 2147 3231 atque

573 3253 776 3309 idcirco
806 3267 868 3307 ea
904 3254 1036 3323 ipsis
1067 3254 1390 3309 occultabat.
1420 3255 1498 3308 Ac
1533 3268 1723 3309 rursus
1763 3253 1979 3308 dicebat.
2008 3252 2142 3320 fore,

573 3356 634 3404 ut
662 3348 731 3404 ab
768 3348 1084 3403 adveniente
1102 3347 1303 3418 Spiritu
1339 3348 1517 3402 omnia
1546 3347 1977 3403 edocerentur“.
2005 3347 2144 3417 Ergo

575 3457 738 3496 unum
771 3457 833 3497 ex
858 3456 1043 3496 eorum
1071 3455 1298 3495 numero
1328 3454 1449 3495 esse
1472 3453 1689 3505 censeo,
1710 3440 1877 3507 ipsam
1910 3437 2145 3507 Spiritus

574 3535 744 3590 sancti
771 3532 933 3603 574
958 3533 1243 3595 Deitatem,
1281 3533 1334 3586 in
1370 3542 1645 3601 posterum
1678 3531 1913 3599 apertius
1963 3530 2143 3585 decla-
2170 3538 2173 3541 '

573 3626 824 3688 randam,
855 3635 964 3678 tum
993 3622 1262 3687 videlicet,
1305 3621 1556 3688 cumjam
1600 3632 1720 3689 post
1751 3620 2049 3675 Salvatoris
2089 3621 2140 3673 in

575 3713 841 3781 integrum
900 3711 1330 3777 restitutionem,
1387 3720 1598 3763 matura
1655 3718 1709 3763 et
1778 3708 2144 3778 perceptibilis

573 3813 718 3859 esset
748 3804 915 3873 ipsius
946 3805 1199 3873 cognitio,
1233 3809 1415 3872 utpote
1444 3801 1529 3855 cui
1561 3800 1630 3855 ob
1669 3808 1774 3853 tam
1807 3800 2013 3869 insigne
2042 3798 2141 3852 mi-

575 3896 814 3952 raculum
856 3896 984 3951 ﬁdes
1010 3910 1113 3949 non
1142 3896 1251 3965 jam
1296 3894 1669 3965 abrogaretur.
1705 3892 1843 3959 Quid
1868 3892 2009 3945 enim
2040 3893 2142 3946 hoc

573 3986 769 4056 majus,
807 3988 886 4041 vel
923 3986 1010 4042 ille
1026 3986 1289 4058 polliceri,
1318 3985 1396 4041 vel
1436 3986 1671 4054 Spiritus
1701 3985 1895 4039 (locere
1920 3985 2128 4052 potuis-

2254 3070 2382 3133 ἴσως
2422 3071 2620 3134 αἰτίας,
2652 3074 2745 3125 καὶ
2768 3073 2854 3127 διὰ
2876 3074 3032 3128 τοῦτο
3064 3077 3530 3147 παρεκαλύπτετο.
3568 3082 3678 3133 Καὶ
3719 3082 3821 3136 πά-

2249 3163 2353 3226 λιν,
2384 3167 2558 3219 πάντα
2581 3166 2995 3237 διδαχθήσεσθαι
3041 3174 3188 3241 ἡμᾶς
3224 3173 3326 3225 ὑπὸ
3375 3173 3467 3225 τοῦ
3510 3175 3822 3245 Πνεύματος

2248 3257 2668 3328 ἐνδημήσαντος.
2694 3260 2909 3313 Τούτων
2946 3262 3055 3332 (55)
3093 3264 3149 3315 ἒν
3174 3259 3312 3317 εἶναι
3344 3266 3571 3335 νομίζω.
3602 3269 3696 3320 καὶ
3724 3271 3821 3321 αύ-

2245 3351 2341 3421 τὴν
2369 3350 2458 3403 τοῦ
2515 3351 2832 3423 Πνεύματος
2880 3353 2979 3424 τὴν
3032 3353 3260 3427 θεότητα
3315 3358 3689 3428 τρανουμένην
3744 3361 3824 3422 εἰς

2246 3443 2471 3514 ὕστερον
2500 3445 2631 3514 (56),
2680 3444 2754 3508 ὡς
2811 3445 3113 3515 τηνικαῦτα
3151 3447 3361 3519 ιῦρὲμου
3427 3450 3523 3501 καὶ
3564 3452 3823 3521 χωρητῆς

2245 3536 2346 3605 ἤδη
2368 3536 2743 3607 τυγχανούσης
2774 3538 2872 3608 τῆς
2902 3537 3175 3605 γνώσεως.
3216 3539 3352 3608 μετά
3378 3541 3477 3611 τὴν
3510 3541 3603 3593 ’τοῦ
3636 3543 3823 3613 Σωτῆ·

2248 3643 2341 3696 ρος
2373 3628 2839 3693 ἀποκατάστασιν,
2890 3632 3073 3685 οὐκέτι
3128 3633 3530 3704 ἀπιστουμένου
3578 3637 3690 3705 (57)
3749 3638 3825 3708 τῷ

2247 3715 2505 3786 θαύματι.
2540 3719 2606 3770 Τί
2651 3719 2757 3790 γὰρ
2810 3720 2874 3773 ἂν
2900 3721 3087 3774 τούτου
3138 3724 3410 3794 μεῖζον,ῆ
3457 3726 3664 3787 ἐκεῖνος
3724 3726 3827 3777 ὐπ-

2249 3805 2459 3874 έσχετο,
2482 3807 2591 3877 ἢτὸ
2621 3809 2843 3879 Πνεῦμα
2865 3811 3130 3878 ἐδίδαξενς
3168 3812 3326 3883 εἴπερ
3369 3831 3422 3866 τι
3449 3813 3590 3884 μέγα
3614 3815 3826 3869 οἴεσθαι

2246 3895 2373 3966 χρὴ,
2403 3898 2497 3949 καὶ
2528 3896 2662 3950 Θεοῦ
2702 3899 3177 3979 μεγαλοπρεπείας
3228 3902 3397 3967 ἄξιον,
3431 3902 3492 3954 τὸ
3533 3903 3826 3973 ὑπισχνού-

2249 4004 2429 4056 μενον,
2456 3988 2487 4059 ἢ
2510 3990 2569 4042 τὸ
2610 3990 3014 4061 διδασκόμενον.

574 4079 694 4136 set?
758 4079 814 4133 Si
865 4078 1021 4134 modo
1072 4091 1324 4148 magnum
1372 4075 1574 4151 aliquid
1617 4075 2031 4129 existimandum
2089 4084 2209 4141 est,
2253 4075 2451 4147 Qeique
2494 4080 2889 4147 magniﬁcentia
2921 4081 3159 4151 dignum,
3202 4084 3342 4153 quod
3384 4084 3822 4151 promittebatur,

573 4171 660 4227 vel
687 4171 830 4244 qugd
863 4171 1176 4225 docebatur.

645 4252 973 4319 Ἀγυιέα
997 4263 1060 4317 de
1084 4262 1166 4316 bis
1193 4263 1260 4315 ita
1279 4262 1473 4323 sentio,
1493 4260 1803 4329 utinamque
1821 4259 2070 4324 sentiam,
2089 4267 2144 4312 et

574 4356 822 4427 quisquis
840 4355 969 4410 mihi
1003 4356 1206 4409 amicus
1222 4364 1325 4418 est,
1344 4355 1688 4421 colamusque
1713 4351 1874 4405 Deum
1904 4350 2140 4412 Patrem,

2319 4258 2456 4312 KII'.
2499 4256 2647 4325 Ἐχω
2677 4254 2773 4325 μὲν
2794 4255 2936 4308 οὕτω
2966 4256 3093 4327 περ).
3127 4255 3349 4322 τούτων,
3374 4259 3466 4311 καὶ
3499 4257 3697 4330 ἔχοιμι.
3730 4262 3824 4314 καὶ

2249 4350 2396 4413 ὅστις
2428 4350 2549 4419 ἐμοὶ
2581 4349 2750 4417 φίλος,
2801 4348 2977 4401 σέϐειν
3008 4350 3139 4402 Θεὸν
3171 4351 3257 4403 τὸν
3290 4351 3531 4421 Πατέρα.
3573 4353 3705 4405 Θεὸν
3730 4354 3824 4406 τὸν

579 4446 745 4503 Deum
797 4446 1014 4514 Filium,
1057 4447 1223 4501 Deum
1264 4446 1523 4517 Spiritum
1576 4454 1847 4506 sanctum,
1884 4454 1991 4496 tres
2021 4457 2143 4512 pro-

2253 4437 2401 4502 Υἰὸν,
2437 4436 2567 4489 Θεὸν
2596 4436 2656 4488 τὸ
2710 4436 2932 4507 Πνεῦμα
2987 4437 3273 4507 τδ·ἆγιον,
3325 4443 3471 4510 τρεῖς
3526 4440 3821 4511 ἰδιότητας,

579 4544 855 4613 prietates,
898 4556 1057 4595 unam
1115 4540 1477 4601 divinitatem,
1521 4553 1619 4592 nec
1670 4536 1862 4607 gloria,
1896 4550 1994 4589 nec
2039 4536 2137 4589 ho-

578 4646 729 4696 nore,
768 4646 868 4684 nec
898 4630 1155 4695 essentia,
1180 4644 1276 4683 nec
1300 4642 1461 4697 regno
1490 4628 1736 4690 divisam,
1758 4637 1814 4678 ιιι
1845 4625 2139 4694 quispiam,

576 4720 760 4776 divino
796 4722 1013 4774 numine
1046 4720 1276 4782 alllatus,
1310 4734 1414 4773 non
1452 4719 1524 4772 ita
1548 4718 1753 4787 pridem
1790 4716 2139 4787 pliiloSOpba-

672 4811 693 4841 ”
724 4808 865 4863 Psal.
904 4822 1132 4870 uuln,
1165 4808 1217 4858 6.
1326 4807 1371 4837 ⁵³
1411 4805 1542 4858 an.
1568 4821 1644 4866 ix,
1670 4805 1721 4857 l.

576 4877 797 4933 “Joan.
833 4893 941 4941 XVI,
971 4879 1024 4932 7.
1100 4879 1143 4908 ⁵³
1180 4875 1306 4928 ibid.
1334 4876 1385 4929 8.
1462 4874 1506 4904 ⁶⁰
1541 4875 1668 4927 ibid.
1708 4874 1805 4936 12;
1846 4889 1956 4929 XIV.
1985 4875 2074 4927 26.

648 4968 760 5041 (48)
788 4968 1123 5041 'Exddyrfrn.
1169 4967 1310 5041 Reg.
1347 4966 1532 5041 (Σῖρις,
1581 4965 1766 5041 capiti»;
1815 4964 2134 5041 ἐκλάμπειν.

575 5034 789 5103 (ἶοίηὺζ,
823 5034 1145 5108 ἐκλάμπειν,
1169 5034 1272 5099 vel,
1297 5034 1590 5105 ἐκλάμψαι.
1616 5053 1633 5086 ι
1673 5034 2135 5104 Splendidioribus

575 5109 713 5165 lucis
741 5125 851 5163 sua:
884 5111 1050 5161 radiis
1079 5116 1405 5161 coruscaret.
1424 5123 1446 5157 ι

646 5180 757 5248 (49)
793 5178 938 5231 Ὑπὸ
981 5178 1207 5244 Ἰησοῦ.
1258 5175 1652 5248 Rrg._Cypr.,
1715 5173 1820 5227 ὑπὸ
1876 5173 2131 5245 Χριστοῦ.

569 5246 736 5306 Coisl.
764 5250 819 5307 2.
850 5257 903 5303 et
936 5263 1031 5302 sex
1055 5247 1228 5312 Colb.,
1258 5247 1361 5299 ὑπὸ
1390 5246 1541 5299 Υἱοῦ.

668 5321 757 5390 50)
796 5316 1191 5390 Ἐκφαίνεται.
1219 5319 1367 5390 Sam,
1398 5315 1737 5390 ἐμφαίνεται.

668 5387 759 5461 51)
782 5387 1195 5461 Ἐσιιοῖτήοζειςᾌ
1213 5387 1423 5452 Comb.,
1446 5388 1736 5461 ἐττιστῂσῃ.

788 5460 857 5583 Τὸ)
880 5458 1127 5582 έιῗνῖὰρ
1158 5456 1437 5526 ἄτεχνον,
1462 5457 1526 5509 τὸ
1564 5454 1637 5509 δὲ
1669 5454 1862 5510 ἄθεον.
1903 5454 2025 5511 llaec
2053 5456 2142 5511 de-

644 5546 672 5581 ιι
724 5546 776 5583 ιιι
856 5548 937 5583 υιε
963 5567 975 5580 .
1048 5572 1059 5583 .

573 5542 698 5585 sunt
724 5532 776 5583 in
812 5532 975 5584 Coisl.
1009 5532 1059 5583 l.

645 5591 756 5671 (55)
794 5600 862 5655 '0
887 5600 953 5653 δὲ
970 5599 1115 5665 ἴσως
1136 5596 1447 5671 gemas
1465 5596 1577 5664 ἤδη
1596 5598 1777 5671 ζιοςίν.
1800 5595 1931 5652 Tres
1946 5595 2138 5666 Regg.,

573 5680 629 5727 et
653 5664 747 5726 Dr.
778 5672 825 5738 l,
857 5674 919 5725 '0
943 5672 987 5725 δ’
1016 5664 1149 5734 ῐσωέ
1178 5664 1406 5741 μένηδη
1432 5671 1572 5721 τισιν
1602 5664 1781 5739 ἦλθεν.

1834 4804 1879 4835 ⁸⁸
1908 4802 2068 4860 Joan.
2111 4820 2204 4868 xx,
2228 4804 2319 4858 ΞΕ.

2250 4529 2477 4598 θεότητα
2501 4528 2648 4598 μίαν,
2681 4527 2825 4601 δόξῃ,
2860 4531 2954 4582 καὶ
2992 4534 3147 4601 τιμῇ.
3182 4533 3275 4585 καὶ
3302 4533 3489 4604 οὐσία,
3544 4534 3637 4586 καὶ
3674 4534 3825 4603 βασι-

2248 4621 2363 4693 λεία
2393 4622 2467 4693 μὴ
2490 4619 2869 4691 μεριξομένην,
2901 4622 2975 4685 ὣς
3002 4641 3084 4686 τις
3110 4623 3221 4675 τῶν
3255 4626 3436 4696 μικρῷ
3461 4626 3694 4697 πρόσθεν
3707 4627 3823 4698 (58)

2247 4715 2521 4788 θεοφόρων
2547 4713 2959 4784 ἐφιλοσόφησεν·
2990 4716 3021 4785 ἣ
3060 4717 3133 4783 μὴ
3164 4717 3258 4766 ἴδοι
3290 4718 3566 4789 ἑωσφόρον
3597 4722 3825 4775 άνατέλ-

2425 4805 2470 4835 ⁸⁸
2494 4804 2616 4857 Aet.
2640 4820 2699 4870 ιι,
2720 4804 2771 4859 5.
2849 4808 2894 4837 ⁸⁸
2916 4805 3069 4859 Joan.
3098 4817 3205 4863 xw,
3230 4802 3313 4865 l6,
3340 4804 3421 4857 l7.
3498 4808 3542 4838 ⁸⁷
3570 4811 3697 4865 ibid.
3727 4811 3821 4868 26.

2321 4965 2432 5037 (PM)
2465 4965 2577 5033 Τῆς
2603 4962 2962 5038 ἐμαυτοῦηῐη
2991 4965 3285 5038 no_nn_ullis,
3314 4966 3411 5037 τῆς
3433 4966 3591 5038 ἐμῆς.

2316 5034 2427 5105 (55)
2458 5034 2703 5090 Τούτων.
2736 5036 2865 5103 lieg.
2894 5035 3000 5105 lnu,
3038 5034 3261 5090 Τοῦτον.

2469 5110 2573 5172 Εἰς
2593 5107 2868 5172 ὕστερον.
2907 5104 3035 5174 Reg.
3072 5107 3326 5176 l‘yprian.
3349 5148 3364 5171 ,
3399 5108 3479 5172 εἰς
3506 5111 3617 5172 τοῖς
3656 5108 3813 5163 ὕστε-

2280 5194 2356 5231 ον.

2248 5196 2428 5317 ροῖξὶἹ)
2474 5244 2948 5319 ηπισζοιιμένου.
2982 5243 3116 5316 Reg.
3151 5260 3200 5309 a,
3235 5247 3600 5319 ἀπιστομένην
3632 5247 3694 5318 [Γ.
3717 5264 3817 5318 pro

2249 5315 2690 5386 ἀπιστουμένην)

2321 5389 2435 5459 (58)
2464 5383 2565 5449 ’Ὧς
2592 5383 2681 5459 τρι
2708 5383 3026 5459 ζῶν-μικρῷ
3053 5386 3339 5459 αςρόσθεϊτ
3370 5385 3506 5442 Tres
3535 5387 3710 5459 βθηλν
3736 5384 3815 5451 ὥς

2245 5455 2339 5521 τις
2366 5459 2473 5511 τῶν
2502 5456 2694 5526 μικρὸν
2721 5455 3046 5526 ἔμπροσθεν.
3076 5456 3236 5509 Juxta
3289 5457 3475 5522 Eliatn,
3524 5457 3815 5525 Gregorius

2247 5529 2682 5593 'l‘ltaumaturgns
2716 5526 2800 5580 hic
2819 5526 3151 5595 designatur,
3183 5528 3276 5596 qui
3304 5529 3357 5581 in
3385 5542 3483 5582 sua
3502 5526 3812 5596 Apocalypsi

2243 5598 2328 5652 bis
2363 5596 2540 5651 verbis
2572 5597 2753 5649 utitur.
3860 5622 3861 5625 η
