4038 6338
237 278 320 333 163

232 393 384 454 λοντα,
419 387 489 451 ὥς
519 403 675 457 φησιν
714 389 747 458 ἡ
777 387 987 459 Γραφὴ.
1044 388 1177 459 μηδὲ
1209 390 1364 457 δόξαν
1416 396 1515 463 τῆς
1545 392 1752 445 ἐκεῖθεν
1783 397 1830 453 Α

231 480 592 552 λαμπρότητος,
629 481 773 544 ὅστις
823 481 920 550 οὐχ
961 479 1134 544 οὕτως
1175 481 1310 552 ἔχει,
1341 482 1374 553 ἦ
1411 485 1754 554 συμφέρεται

229 576 322 636 τοϊς
355 574 566 644 καιροῖς,
627 571 814 625 ἄλλοτε
845 571 1002 635 ἄλλος
1034 573 1314 642 γινόμενος
1371 575 1462 628 καὶ
1489 575 1618 646 περὶ
1647 575 1755 629 τῶν

232 657 466 736 μεγίσέων
493 662 702 735 σαθρῶς
725 663 1122 734 βουλευόμενος.
1163 665 1225 716 Εἰ
1275 667 1372 735 μὲν
1420 665 1526 738 γάρ
1554 667 1614 719 οὐ
1644 667 1753 738 (59)
1797 681 1800 686 -

230 756 582 828 προσκυνητὸν,
618 755 736 818 πῶς
781 756 880 826 ἐμὲ
918 755 1030 808 θεοῖ
1073 756 1160 809 διὰ
1205 755 1299 810 τοῦ
1344 757 1750 829 βαπτίσματος;

229 851 268 901 εί
307 849 356 900 δὲ
401 846 786 917 προσκυνητὸν,
839 846 957 910 πῶς
987 847 1048 899 οὐ
1083 847 1312 912 σεπτόν;
1354 849 1401 902 εί
1438 849 1494 902 δὲ
1533 849 1750 917 σεπτὸν,

349 937 400 989 οὐ
424 935 581 999 Θεός;
617 935 711 987 Ἐν
735 936 968 1005 ἤρτηται
995 935 1088 988 τοῦ
1119 935 1307 1007 ὲνὸς,ή
1347 937 1526 1008 χρυσῆ
1542 955 1624 1002 τις
1641 939 1750 1008 (60)

227 1027 368 1089 ὅντως
397 1026 544 1097 σειρά
563 1024 658 1078 καὶ
693 1026 978 1096 σωτήριος.
1014 1027 1127 1078 Καὶ⁵
1158 1027 1306 1098 παρὰ
1334 1029 1432 1098 μὲν
1463 1028 1555 1082 τοῦ
1581 1029 1752 1083 Πνεύ-

229 1135 369 1190 ματος
395 1120 540 1190 ἡμῖν,
577 1119 609 1188 ἠ
662 1118 1042 1189 ἀναγέννησιςο
1079 1119 1230 1190 παρὰ
1275 1120 1333 1173 δὲ
1391 1121 1492 1190 τῆς
1525 1122 1753 1191 ἀναγεν-

225 1210 418 1278 νήσεως,
446 1209 478 1279 ἡ
506 1207 828 1272 ἀνάπλασις·
860 1208 1012 1281 παρὰ
1056 1210 1112 1264 δὲ
1142 1211 1243 1281 τῆς
1286 1212 1456 1266 άναπ)
1469 1212 1668 1279 ἀσεως,
1715 1217 1748 1287 ἡ

223 1299 478 1369 ἐπίγνωσις
510 1299 610 1369 τῆς
637 1299 794 1364 ἀξίας
817 1301 910 1354 τοῦ
937 1301 1362 1367 ἀναπλάσαντος.

278 1560 385 1614 ΚΘ.
421 1560 601 1617 Ταῦτα
632 1563 734 1633 μὲν
761 1559 855 1618 οῦν
883 1567 1023 1619 εἴποι
1051 1584 1134 1630 τις
1163 1567 1228 1621 ἂν
1256 1567 1316 1621 τὸ
1346 1568 1592 1642 ἄγραφον
1619 1570 1752 1626 ὑπο-

221 1651 415 1723 θέμενος
444 1653 569 1722 (61)·
610 1655 714 1726 ἤδη
766 1656 820 1708 δὲ
850 1658 967 1727 ἥξει
998 1675 1078 1711 σοι
1109 1659 1204 1712 καὶ
1228 1661 1256 1713 ό
1296 1659 1404 1715 τῶν
1442 1663 1752 1734 μαρτυριῶν

220 1744 377 1814 ἐσμὸς,
405 1745 459 1810 ἐξ
485 1739 578 1809 ὦν,
603 1748 688 1799 ὅτι
715 1750 808 1801 καὶ
840 1749 960 1801 λίαν
997 1749 1290 1821 ἔγγραφος,
1317 1755 1348 1823 ἡ
1381 1727 1474 1806 τοῦ
1506 1727 1754 1824 Πνεῦμα·
1783 1727 1826 1781 Β

219 1851 292 1898 τος
315 1836 490 1904 θεότης
509 1837 945 1908 ἐπιδειχθήσεται
974 1843 1084 1904 τοῖς
1109 1841 1184 1913 μὴ
1211 1842 1332 1896 λίαν
1362 1847 1587 1908 σκαιοῖς,
1620 1846 1754 1915 μηδὲ

217 1924 479 1994 ἀλλοτρίοις
506 1925 598 1980 τοῦ
636 1927 970 1998 Πνεύματος.
1004 1930 1204 1983 Σκόπει
1242 1931 1296 1984 δὲ
1327 1931 1517 1996 οὕτως’
1558 1935 1755 1987 Γεννᾶ-

218 2032 289 2068 ται
311 2016 412 2086 (62)
451 2019 704 2088 Χριστὸς,
741 2021 1048 2092 προτρέχειν
1085 2021 1428 2090 βαπτίζεται,
1463 2028 1749 2096 μαρτυρεῖ·

219 2107 518 2178 πειράζεται,
545 2111 739 2178 ἀνάγει
766 2111 896 2182 (65)·
929 2113 1185 2183 δυνάμεις
1213 2115 1466 2181 ἐπιτελεῖ,
1501 2133 1755 2189 συμπαρ-

215 2201 432 2269 ομαρτεί·
473 2201 787 2272 ἀνέρχεται,
831 2202 1161 2272 διαδέχεται.
1193 2205 1258 2258 Τί
1297 2205 1406 2276 γὰρ
1447 2207 1507 2259 οὐ
1527 2207 1752 2262 δύναται

214 2283 305 2336 τῶν
331 2286 587 2355 μεγάλων,
617 2289 713 2343 καὶ
742 2282 817 2342 ὧν
871 2290 1034 2356 Θεός;
1062 2291 1113 2344 τί
1143 2293 1228 2346 δαὶ
1251 2295 1310 2346 οὐ
1352 2297 1754 2369 προσαγορεύε-

214 2391 288 2427 ται
311 2371 377 2430 ὧν
411 2377 560 2442 Θεὸς,
584 2380 728 2451 πλὴν
761 2383 1087 2454 ἀγεννησίας
1113 2386 1208 2439 καὶ
1241 2388 1577 2458 γεννήσεωςς
1605 2390 1752 2443 Ἔδει

215 2464 304 2537 γὰρ
353 2467 442 2531 τὰς
490 2468 764 2540 ἰδιότητας
811 2475 988 2542 μεῖναι
1020 2475 1194 2545 Πατρὶ
1223 2475 1316 2530 καὶ
1365 2476 1499 2547 Υίῷ,
1527 2477 1614 2531 ἵνα
1676 2478 1751 2551 μὴ

215 2554 498 2632 σύγχυσιςῇ
533 2560 688 2631 παρὰ
720 2565 785 2632 τῇ
822 2561 1055 2634 θεότητι,
1090 2567 1156 2634 τῇ
1188 2568 1280 2618 καὶ
1307 2565 1477 2620 τᾶλλα
1505 2570 1582 2632 εἰς
1600 2569 1751 2635 τάξιν

213 2647 389 2720 ἀγούσῃ
433 2651 526 2704 καὶ
557 2653 860 2722 εὐκοσμίαν
910 2654 1042 2724 (64).
1115 2656 1254 2725 Ἐγὼ
1291 2658 1391 2728 μὲν
1420 2659 1626 2730 φρίττω
1660 2661 1752 2716 τὸν

213 2739 408 2793 πλοῦτον
432 2741 623 2795 ἐννοῶν
662 2743 770 2796 τῶν
804 2743 1069 2814 κλήσεων,
1101 2747 1195 2799 καὶ
1223 2746 1345 2800 καθ’
1382 2749 1522 2802 ὅσων
1556 2751 1753 2821 ὀνομά-

211 2844 301 2880 των
343 2831 781 2902 ἀναισχυντοῦσιν
807 2835 856 2886 οί
888 2834 965 2903 τῷ
1009 2837 1285 2906 Πνεύματι
1319 2839 1748 2906 ἀντιπίπτοντες.

213 2922 404 2992 Πνεῦμα
434 2924 564 2978 Θεοῦ
591 2925 831 2994 λέγεται,
879 2927 1106 2998 Πνεῦμα
1137 2930 1395 3000 Χριστοῦ,
1461 2931 1585 2996 νοῦς
1616 2935 1752 3006 Χρι-

212 3013 336 3076 στοῦ,
355 3015 570 3086 Πνεῦμα
603 3017 835 3088 Κυρίου,
870 3018 1002 3070 αὐτὸ
1047 3018 1271 3091 Κύριος,
1307 3021 1532 3094 Πνεῦμα
1571 3025 1749 3079 υἱοθε-

213 3103 328 3168 σίας,
342 3105 603 3176 ἀληθείας,
627 3109 962 3180 ἐλευθερίας·
987 3110 1208 3181 Πνεῦμα
1227 3111 1433 3181 σοφίας,
1459 3113 1749 3182 συνέσεως,

212 3193 400 3266 βουλῆς.
424 3199 622 3269 ἰσχύος,
649 3199 923 3267 γνώσεως,
948 3203 1248 3267 εὐσεϐείας,
1284 3204 1448 3273 φόϐου
1475 3205 1632 3260 Θεοῦο
1654 3207 1750 3262 καὶ

207 3285 300 3358 γὰρ
346 3291 613 3360 ποιητικὸν
671 3293 876 3345 τούτων
938 3293 1208 3361 ἁπάντων,
1265 3297 1443 3349 πάντα
1483 3300 1548 3368 τῇ
1591 3298 1750 3370 οὐσία

209 3377 440 3448 πληροῦν,
487 3383 670 3436 πάντα
713 3385 956 3454 συνέχον,
989 3385 1330 3458 πληρωτικὸν
1374 3387 1578 3459 κόσμου
1609 3390 1748 3443 κατά

208 3468 290 3539 τὴν
315 3472 490 3526 οὐσίαν
522 3475 657 3545 (65),
685 3475 967 3547 ἀχὼρητον
990 3477 1176 3550 κόσμῳ
1197 3480 1338 3533 κατὰ
1370 3479 1469 3550 τὴν
1497 3479 1748 3551 δύναμιν,

210 3561 404 3629 ἀγαθὸν,
442 3565 616 3629 εὑθὲς,
651 3568 1000 3638 ἡγεμονικὸν,
1025 3568 1258 3638 φύσειού
1284 3569 1429 3623 θέσει
1452 3570 1750 3642 ἁγιαζόμε-

209 3669 299 3717 νον,
331 3657 571 3729 μετροῦν,
597 3660 660 3712 οὐ
698 3659 1084 3730 μετρούμενον,
1115 3663 1493 3732 μετεχόμενον,
1523 3663 1582 3716 οὐ
1623 3680 1750 3734 μετ-

211 3743 327 3813 έχον,
365 3749 620 3820 πληροῦν,
652 3751 713 3803 ού
738 3750 1132 3822 πληρούμενον,
1170 3752 1408 3823 συνέχον,
1439 3753 1501 3807 οὐ
1532 3755 1749 3824 συνεχό-

212 3853 366 3906 μενον,
403 3841 923 3913 κληρονομούμενον,
959 3843 1331 3915 δοξαζόμενον,
1381 3847 1745 3918 συναριθμού-

212 3941 364 3994 μενον,
385 3931 864 4001 ὲπαπειλούμενον,
899 3932 1156 3996 δάκτυλος
1186 3934 1468 4006 Θεοῦ,πῦρ
1502 3937 1576 4000 ὡς
1592 3937 1744 4002 Θεὸς,

208 4015 274 4077 tl;
310 4015 553 4087 ἔμφασιν,
579 4014 759 4090 οἶμαι,
788 4021 881 4074 τοῦ
899 4022 1206 4092 όμοουσίου·
1241 4024 1467 4094 Πνεῦμα
1501 4025 1564 4078 τὸ
1591 4027 1748 4097 ποιῆ-

208 4120 306 4171 σαν,
336 4109 392 4162 τὺ
407 4110 695 4176 ἀνακτίζον
718 4111 807 4165 διὰ
858 4112 1250 4183 βαπτίσματος,
1287 4115 1355 4168 δι’
1379 4117 1744 4181 ἀναστάσεως·

1205 273 1465 330 ORATIO
1505 274 1694 328 XXXI.
1735 303 1803 316 --
1845 276 2280 334 THEOLOGICA
2321 277 2385 332 V.

3317 280 3416 334 160

1856 401 1943 446 ωε
2017 403 2116 447 est.
2199 392 2307 448 Nec
2363 392 2644 448 luciferum
2692 391 3061 456 exorientem,
3112 391 3313 456 videat,
3363 403 3421 447 ut

1857 497 1977 537 cum
2063 480 2336 552 Scriptura
2389 481 2578 551 loquar
2607 480 2677 547 ⁸⁸,
2733 495 2832 535 nec
2876 479 3111 536 cmlestis
3175 481 3422 550 Splendo-

1857 571 1931 626 ris
1964 570 2208 641 gloriam,
2232 570 2482 640 quisquis
2511 569 2664 624 aliter
2701 569 2882 629 sentit.
2920 579 3012 622 aut
3052 569 3274 638 tempori
3319 570 3414 625 ob-

1856 667 2121 730 sequitur,
2146 661 2303 714 aliam
2321 659 2588 728 aliamque
2611 659 2838 714 subinde
2863 658 3086 713 formam
3117 673 3419 724 assumens,

1856 752 2206 822 putidumque
2241 750 2306 804 de
2356 751 2607 804 maximis
2656 753 2818 805 rebus
2861 749 3143 804 consilium
3180 750 3414 818 capiens.

1856 843 1911 896 Si
1953 843 2097 896 enint
2140 841 2373 910 Spiritus
2418 841 2721 896 adorandus
2761 857 2864 895 non
2901 851 3004 906 est,
3033 843 3304 911 quomodo
3334 856 3420 894 me

1855 934 2011 990 deum
2066 948 2160 1001 per
2189 932 2512 1001 baptismum
2529 931 2572 963 “
2610 929 2815 985 eﬂ'ecit?
2875 932 2929 985 Si
2983 941 3158 986 autem
3191 933 3419 986 adorau-

1854 1024 1976 1090 dus,
2007 1038 2185 1077 anuon
2235 1022 2490 1078 colendus
2535 1032 2589 1076 et
2625 1023 2999 1078 venerandus?
3031 1024 3085 1077 Si
3120 1039 3279 1092 porro
3327 1039 3419 1078 ve-

1856 1117 2144 1181 nerandus,
2173 1127 2348 1170 annon
2381 1115 2558 1169 Deus?
2601 1113 2778 1170 Unum
2809 1115 2898 1168 uni
2927 1114 3178 1179 conteret,
3211 1130 3271 1169 ac
3294 1131 3419 1171 vere

1853 1223 2017 1262 aurea
2042 1209 2288 1278 quantam
2329 1217 2382 1262 et
2413 1206 2666 1261 salutaris
2694 1213 2779 1260 est
2809 1207 2926 1260 haec
2957 1217 3168 1260 catena.
3202 1205 3268 1258 Et
3301 1206 3420 1274 qui-

1853 1301 1974 1356 dem
2010 1315 2040 1354 a
2076 1299 2277 1369 Spiritu
2309 1297 2769 1366 regenerationem
2813 1298 3092 1360 habemus,
3125 1311 3153 1350 a
3190 1309 3411 1366 regene-

1855 1391 2062 1446 ratione
2111 1388 2576 1452 instaurationem,
2629 1385 2696 1440 ab
2738 1387 3122 1440 instauratione
3153 1386 3416 1454 cognitio-

1857 1498 1980 1536 nem
2022 1481 2299 1552 dignitatis
2332 1479 2495 1542 illius,
2523 1493 2550 1529 a
2582 1492 2687 1546 qtto
2719 1477 3001 1531 instaurati
3034 1491 3239 1530 sumus.
3381 1482 3390 1491 ‘

1920 1569 2114 1626 XXIX.
2157 1570 2280 1625 Haec
2332 1570 2548 1639 quidem
2605 1577 2750 1632 sunt,
2813 1583 2931 1636 qua:
2995 1566 3062 1620 ab
3115 1581 3182 1621 eo
3232 1565 3413 1621 allerri

1855 1670 2074 1730 queant,
2122 1659 2214 1729 qui
2263 1658 2485 1727 spiritus
2531 1656 2866 1711 divinitatem
2919 1654 3066 1710 nullo
3120 1652 3418 1725 Scriptum:

1857 1753 1975 1808 loco
2029 1751 2123 1805 niti
2168 1747 2517 1806 concesserit.
2553 1745 2669 1800 Jam
2713 1761 2840 1801 vero
2882 1745 2975 1800 tibi
3035 1747 3418 1804 auctoritmm

1855 1857 2078 1898 examen
2111 1840 2364 1910 prodibit,
2413 1853 2478 1892 ex
2530 1838 2725 1907 quibus
2779 1837 3070 1905 Scriptura:
3109 1837 3416 1892 testimoni:

1853 1934 2142 1988 admodum
2191 1933 2566 1987 confirmatam
2617 1943 2737 1983 esse
2799 1929 3032 1997 Spiritus
3087 1927 3417 1984 divinitatem

1853 2025 2183 2088 ostendetur,
2221 2023 2286 2078 iis
2336 2021 2550 2092 quidem
2592 2029 2760 2084 certe,
2797 2019 2888 2088 qui
2935 2034 3040 2072 non
3090 2020 3256 2075 nimis
3307 2031 3417 2075 sto-

1852 2119 1944 2173 lidi
1981 2127 2030 2172 et
2065 2115 2238 2170 obtusi
2277 2113 2498 2178 fuerint,
2541 2123 2701 2181 atque
2758 2127 2786 2165 a
2833 2110 3037 2180 Spiritu
3077 2113 3278 2167 aversi.
3328 2113 3420 2169 Sic

1853 2219 2032 2264 autem
2078 2208 2318 2278 expende
2375 2223 2388 2259 :
2437 2205 2687 2259 Nascitur
2724 2202 2972 2278 Christus
2992 2203 3036 2235 “
3084 2222 3096 2257 :
3137 2206 3420 2273 praecurrit

1853 2275 2174 2370 Spiritus“.
2213 2297 2524 2366 Baptizatur
2559 2295 2645 2348 ille
2666 2294 2751 2346 “z
2789 2275 2875 2346 hic
2926 2293 3288 2346 testimonium
3338 2292 3418 2347 af-

1852 2391 1956 2446 fert
1973 2392 2038 2444 ⁸⁸.
2071 2390 2336 2444 Tentatttr
2372 2387 2457 2440 ille
2471 2387 2513 2416 ⁸⁷
2539 2403 2552 2440 :
2581 2385 2668 2439 ltic
2694 2383 2986 2438 abducit“.
3017 2383 3270 2437 Miraettla
3309 2385 3422 2437 edit

1852 2481 1998 2536 ille“
2026 2498 2040 2535 :
2067 2479 2156 2534 hic
2195 2474 2559 2532 comitatur".
2586 2473 2844 2527 Ascendit
2886 2472 3066 2526 ille“:
3105 2471 3191 2526 hic
3227 2485 3421 2526 Succe-

1850 2575 2010 2629 dit".
2063 2571 2200 2639 Quid
2248 2569 2389 2625 enim
2439 2569 2571 2621 adeo
2620 2581 2870 2636 magnum
2929 2575 2984 2618 et
3032 2565 3273 2618 divinum
3312 2573 3420 2628 est,

1850 2661 1990 2732 quod
2034 2676 2139 2714 non
2189 2657 2301 2726 ipse
2337 2655 2546 2726 possit?
2575 2653 2725 2720 Quod
2783 2664 2890 2707 tant
2933 2653 3171 2707 divinum
3220 2667 3417 2707 nomen

1849 2762 1948 2819 est,
1981 2767 2086 2823 quo
2130 2767 2258 2814 non,
2307 2759 2533 2818 excepto
2571 2746 2796 2816 lngcniti
2836 2754 2891 2800 et
2943 2743 3119 2799 Geniti
3177 2745 3416 2810 nomine,

1849 2843 2194 2914 appelletur?
2227 2841 2404 2896 Patris
2441 2840 2583 2893 enim
2625 2851 2680 2892 et
2713 2837 2832 2892 Filii
2866 2838 3220 2907 proprietates
3267 2838 3419 2892 inco-

1850 2937 2021 2992 lumes
2063 2945 2224 3004 atque
2257 2933 2493 3000 integras
2525 2931 2653 3000 ipsis
2682 2942 2898 2982 manere
2927 2928 3299 2993 conveniebat,
3335 2943 3406 2982 ne

1851 3028 2050 3098 alioqui
2081 3027 2218 3097 apud
2255 3023 2610 3085 divinitatem,
2643 3036 2762 3091 qum
2791 3019 2951 3090 575
2984 3020 3086 3072 alia
3115 3034 3329 3090 quoque
3359 3019 3412 3072 in

1857 3119 2098 3172 ordinem
2149 3125 2204 3170 et
2238 3114 2658 3170 concinnitatem
2694 3112 2936 3175 adduxit,
2979 3109 3224 3166 confusio
3268 3111 3414 3166 exsi-

1851 3218 2036 3265 steret.
2076 3208 2333 3276 Equidem
2369 3207 2482 3278 ipse
2517 3205 2583 3260 ad
2628 3212 2829 3258 tantam
2879 3201 3153 3256 nominum
3186 3203 3416 3270 (‘0;tiarat,

1851 3303 2109 3356 adversus
2133 3315 2292 3369 quam
2329 3297 2556 3352 frontem
2593 3295 2906 3365 perfricant,
2934 3293 3024 3363 qui
3061 3293 3287 3361 Spiritui
3317 3295 3414 3346 ad-

1851 3403 2155 3456 versantur,
2187 3402 2326 3446 tottts
2352 3391 2698 3445 cohorresco.
2724 3385 2956 3454 Spiritus
3002 3383 3096 3439 Dei
3114 3384 3158 3417 ⁷³
3191 3384 3416 3447 dicitur,

1852 3484 2088 3553 Spiritus
2115 3481 2338 3546 Cltristi,
2361 3495 2510 3535 mens
2540 3478 2739 3534 Christi
2756 3475 2821 3544 ⁷⁸,
2849 3475 3081 3544 Spiritus
3114 3475 3324 3530 Domini
3343 3476 3411 3540 ",

1850 3591 1914 3630 ac
1969 3574 2224 3628 Dominus
2273 3573 2471 3642 ipse",
2535 3571 2770 3640 Spiritus
2829 3568 3220 3637 adoptionis",
3270 3567 3417 3622 veri-

1852 3667 1978 3721 tatis
1994 3667 2063 3731 ",
2092 3664 2454 3732 libertatis";
2488 3664 2722 3733 Spiritus
2761 3661 3061 3731 sapientiae,
3098 3662 3414 3731 prudentiae,

1850 3755 2095 3820 consilii,
2153 3754 2518 3817 fortitudinis,
2570 3753 2846 3814 scientiae,
2910 3754 3162 3823 pietatis,
3211 3753 3419 3808 timoris

1851 3847 1944 3902 Dei
1964 3846 2037 3910 ⁸ο,
2072 3854 2255 3915 utpote
2289 3844 2481 3898 horum
2537 3844 2773 3897 omnium
2824 3841 3080 3909 efﬁciens,
3119 3843 3301 3914 omnia
3332 3858 3418 3898 es-

1847 3935 2020 3991 sentia
2079 3949 2173 3990 sua
2240 3934 2490 4004 implens,
2551 3934 2730 3988 omnia
2791 3933 3095 3998 continens,
3163 3933 3417 3986 mundum

1849 4033 2106 4096 quantum
2145 4024 2212 4080 ad
2249 4026 2540 4080 essentiam
2582 4023 2829 4095 intplens,
2858 4023 3069 4096 interim
3101 4024 3216 4092 ipse
3241 4021 3411 4091 major

1846 4135 2006 4189 quam
2059 4129 2112 4172 ut
2170 4121 2398 4172 mundus
2435 4118 2537 4170 vim
2597 4117 2741 4170 illius
2787 4125 2842 4170 et
2878 4115 3168 4185 potentiam
3214 4129 3410 4184 capere

208 4195 400 4271 Πνεῦμα
428 4203 488 4256 τὸ
515 4203 788 4271 γινῶσκον
833 4204 1070 4269 ἅπαντα,
1109 4205 1169 4258 τὸ
1213 4205 1482 4274 διδάσκον,
1506 4209 1566 4262 τὸ
1588 4207 1748 4262 πνέον

1852 4209 2112 4278 possit“:
2143 4208 2393 4270 bonus”,
2427 4216 2636 4271 rectus,
2670 4205 2980 4276 principalis
2997 4205 3062 4270 ⁸³,
3090 4213 3275 4258 natura
3301 4221 3407 4260 non

211 4291 298 4379 ’λ’
343 4309 437 4368 Job
489 4329 567 4373 xt.
607 4313 697 4368 17.
809 4315 853 4346 ⁶⁹
886 4313 1076 4369 Matth.
1113 4331 1302 4379 κει-ιιι,
1335 4317 1422 4372 19.

206 4377 381 4454 ξ’,ιυςτ
419 4399 506 4454 Διν,
545 4387 596 4439 1.
701 4384 898 4454 “ibid.
945 4386 1030 4454 18.
1133 4386 1177 4417 ⁶⁹
1229 4377 1418 4440 illatth.
1459 4405 1558 4454 xu,
1608 4389 1698 4442 22.

207 4447 278 4500 11.
329 4450 386 4529 .'_‘
419 4452 715 4529 Romam,
743 4453 775 4507 9
817 4453 1226 4529 s_qq.;_ll__Cor.
1282 4471 1361 4521 Ill,
1402 4457 1487 4529 18.
1545 4447 1633 4529 ’7⁵
1683 4460 1810 4529 Sap.

206 4519 526 4596 τιν-,Αίῖὶχῃ
556 4523 658 4589 96;
683 4538 797 4596 _va,
821 4519 914 4578 13.
983 4525 1026 4556 ⁷³
1058 4524 1097 4578 ΙΙ
1133 4527 1258 4580 Cor.
1293 4519 1373 4592 ιιι,
1404 4527 1490 4580 17.
1565 4527 1725 4582 “lsa.
1752 4519 1828 4595 it,

205 4601 247 4653 ι,
271 4586 347 4655 10,
365 4589 444 4645 12.

261 4702 361 4773 (59)
386 4706 482 4758 Οὐ.
513 4703 609 4760 Or.
638 4705 690 4768 ι,
717 4704 859 4760 οὐδὲ.

394 4774 601 4849 ἔρυσῆ
633 4791 744 4839 τις.
785 4774 918 4849 Reg.
949 4775 1055 4836 bm,
1088 4775 1360 4849 χρυσίτις.

260 4841 360 4913 (6-1)
394 4841 805 4913 Ὑπορέμενος.
841 4844 968 4910 Reg.
997 4858 1046 4904 a,
1079 4841 1482 4912 ὑποτιθέμενος.

261 4911 361 4980 (62)
379 4911 701 4980 Γεννᾶέαι.
723 4932 740 4963 ι
761 4913 1083 4977 Geueratur,
1117 4911 1440 4980 concipitur.
1465 4931 1482 4963 ι
1513 4911 1642 4966 Nam
1660 4912 1744 4966 le-

205 4977 490 5045 gitur,'Luc.
519 4997 559 5050 ι,
589 4983 682 5037 35.
721 5000 740 5034 t
781 4983 1018 5052 Spiritus
1054 4977 1290 5037 sanctus
1317 4982 1658 5050 superveniet
1691 4983 1744 5037 in

205 5058 262 5112 te,
290 5068 306 5100 ι
339 5063 438 5105 etc.

260 5119 366 5191 (65),
387 5120 636 5191 Ἀνάγνει.
667 5121 812 5184 Par.,
842 5122 1078 5190 ἁγιάζει,
1116 5140 1134 5173 ι
1159 5120 1526 5191 sanctificat.)

259 5188 358 5258 (64)
388 5188 752 5261 εὐκοσμίαν.
785 5188 1014 5246 ὃίοἰτεε
1048 5192 1248 5261 Regg.,
1279 5191 1444 5261 Coisl.
1483 5190 1508 5242 1
1529 5231 1543 5256 ,
1589 5189 1740 5247 Orat.

205 5254 360 5332 ᾔεις.
391 5259 456 5332 Ιιι
480 5254 599 5324 ed.,
619 5261 912 5332 ἀκοσμίαν.
947 5263 1038 5317 Sic
1077 5254 1202 5332 legit
1223 5254 1441 5332 Dillius,
1469 5254 1740 5332 et‘vertit:

207 5340 225 5402 ε
255 5326 371 5402 Quae
396 5331 494 5384 alia
524 5326 776 5400 quoque,
799 5341 962 5398 atque
988 5326 1512 5386 adeoetmfusiouem
1546 5331 1736 5400 ipsam,

206 5397 249 5446 in
270 5397 492 5452 ordinem
519 5397 756 5460 adducit.
789 5397 1033 5455 coul'usio
1058 5402 1366 5456 exsisteret.
1401 5418 1419 5450 ι

261 5465 360 5539 (65)
413 5469 790 5536 Πληρωτικὸν
851 5473 1082 5539 κόσμου
1137 5470 1289 5522 κατὰ
1340 5468 1456 5539 τὴν
1505 5469 1738 5539 οὐσίαν.

207 5527 364 5611 soboli.
385 5553 416 5611 :_
440 5527 579 5611 Ἥβα
611 5540 684 5611 μὴ
719 5527 1007 5611 νὲναλλάξέι
1038 5539 1098 5594 τὸ
1138 5540 1298 5609 ῥητὸν
1325 5527 1474 5611 κατὰ
1506 5538 1740 5611 δύναμιν

207 5601 284 5654 καὶ
309 5601 641 5664 οὐσίανίΚσῗι
669 5601 778 5679 γὰρ
805 5613 834 5665 ό
870 5601 1150 5676 Βασίλειος
1183 5601 1240 5664 ἐν
1277 5609 1355 5680 τῷ
1389 5609 1434 5662 θ’
1462 5609 1570 5664 τῶν
1604 5601 1740 5680 πρδς

1537 4319 1581 4350 ⁸³
1613 4317 1742 4375 Luc.
1777 4337 1839 4382 ιι,

2559 4320 2604 4352 ⁸⁸
2635 4315 2764 4374 Luc.
2793 4333 2874 4378 ιιι,
2905 4316 2996 4370 21.
3102 4315 3148 4348 ⁸⁸
3175 4315 3302 4368 ibid.
3327 4315 3416 4369 25°

1891 4324 1942 4377 7.
2047 4324 2093 4356 “
2121 4323 2248 4377 Luc.
2287 4337 2326 4380 ι.
2351 4320 2441 4375 55.

1795 4392 1840 4424 '°
1871 4393 2000 4447 ibid.
2031 4392 2121 4447 28.
2199 4393 2240 4423 '”
2268 4390 2387 4444 Act.
2419 4404 2459 4448 ι.
2489 4388 2543 4442 9.
2617 4389 2662 4420 τ’
2694 4387 2816 4440 Act.
2863 4402 2923 4448 ιι,
2946 4386 2997 4438 4.
3075 4385 3120 4417 ⁷³
3151 4383 3173 4438 l
3199 4383 3322 4437 Cor.
3358 4399 3418 4447 ιι,

1845 4477 1884 4522 ι,
1927 4464 1978 4516 7.
2054 4465 2098 4493 "‘
2127 4461 2326 4514 Tltren.
2364 4475 2435 4520 tv,
2465 4459 2556 4511 20.
2635 4457 2678 4485 τ’
2703 4456 2856 4507 Rom.
2885 4454 3114 4512 vttt.15.
3189 4451 3418 4522 ’ξύ-οων.

1856 4520 1890 4584 2
1917 4548 2034 4600 sqq.
2108 4532 2295 4600 "Sap.
2324 4544 2362 4595 ι,
2390 4528 2544 4581 7-l0.
2616 4525 2662 4556 ⁸³
2685 4525 2826 4579 Psal.
2856 4538 3022 4590 exul,
3051 4523 3135 4578 ιο.
3210 4521 3256 4554 ⁸³
3276 4520 3418 4577 Psal.

1868 4705 2209 4778 ’ᾼμφιλόχιον
2245 4708 2371 4778 περὶ
2395 4705 2485 4778 τοῦ
2509 4706 2648 4759 Πνευ
2659 4722 2825 4778 ματος
2845 4705 2988 4778 οὓτω
3016 4703 3198 4778 φησίν·
3227 4703 3423 4778 ,Πάντα

1984 4772 2221 4847 πληροῦν
2242 4772 2587 4848 τῇδυνάμει,
2634 4772 2813 4848 μόνοις
2849 4775 2989 4848 δεᾹὸν
3022 4772 3422 4848 μεθεκτοςλτοίς

1852 4842 2039 4916 ἀξίοις.
2077 4842 2203 4901 Καὶ
2235 4842 2449 4916 δ’ἆγιος
2481 4842 2802 4909 ”Αθανάσιος
2847 4845 2987 4916 τάδε,
3024 4842 3214 4916 αὑταῖς
3244 4842 3422 4916 λέξεσι

1851 4913 2015 4988 λέγει·
2035 4916 2218 4980 Ἐκτὺς
2250 4913 2354 4988 μέν
2378 4919 2510 4988 ἐστι
2525 4916 2616 4988 τοῦ
2645 4916 2843 4988 παντὸς
2875 4913 3227 4988 κατ’λοὺσίαν,
3246 4915 3304 4966 ὲν
3319 4915 3422 4966 πᾶ-

1853 5002 1904 5037 σι
1931 4986 1988 5040 δέ
2018 4990 2133 5040 ἐστι
2157 4985 2276 5051 ταῖς
2321 4987 2514 5040 ἑαυτοῦ
2540 4986 2820 5055 δυνάμεσι·
2852 5003 2870 5036 ι
2916 4985 3045 5038 Vide
3070 4999 3135 5038 ne
3170 4985 3425 5055 immuta-

1851 5057 1922 5110 tis
1949 5058 2163 5111 vocibus
2190 5059 2445 5126 scriptum
2487 5057 2580 5117 sit,
2621 5052 2880 5126 quantum
2925 5055 2989 5126 ad
3031 5052 3326 5126 potentiam
3362 5063 3420 5107 et

1849 5127 2162 5186 essentiam.
2183 5122 2392 5182 Etenim
2417 5125 2648 5180 Basilius
2665 5139 2784 5192 cap.
2817 5123 2851 5178 9
2874 5124 2940 5178 ad
2959 5122 3416 5192 Amphilochium.

1849 5195 1916 5248 de
1950 5195 2148 5264 Spiritu
2183 5209 2374 5252 sancto
2402 5196 2480 5250 sic
2509 5196 2622 5248 ait:
2655 5191 2845 5264 omnia
2871 5191 3080 5246 virtute
3100 5191 3327 5259 implens
3347 5205 3421 5264 ac

1849 5259 2106 5333 potentia,
2151 5265 2243 5321 sed
2288 5266 2452 5339 abiis
2493 5265 2688 5339 solum,
2727 5263 2817 5339 qtt_i
2861 5263 3010 5339 digni
3037 5269 3181 5324 sunt,
3217 5259 3416 5339 percipi

1848 5327 2044 5408 potest.
2081 5327 2310 5408 Sanetus
2343 5335 2512 5408 etiam
2543 5327 2872 5408 Athanasius
2913 5327 3099 5408 iisdem
3135 5327 3312 5408 verbis
3337 5327 3420 5408 lo:

1845 5406 2077 5472 quitur:
2134 5405 2294 5459 Extra
2342 5407 2481 5475 hanc
2525 5417 2703 5475 rerum
2765 5403 3168 5456 universitatem
3201 5405 3304 5475 est,
3337 5403 3413 5475 _si

1845 5468 2134 5529 essentiam
2161 5482 2401 5546 spectes;
2435 5474 2488 5529 itt
2506 5473 2756 5530 omnibus
2791 5481 2966 5528 autem
2993 5480 3096 5536 est,
3121 5482 3215 5524 sua
3251 5468 3438 5537 ipsius,

1843 5553 2123 5614 potestate.
2159 5563 2179 5596 ι
