4038 6338
596 270 697 327 167

1815 266 1875 321 S.
1916 263 2246 323 GREGORII
2288 262 2634 321 THEOLOGI

3728 250 3861 318 16‘8

591 387 765 459 gratia
822 383 1251 450 sanctiﬁcans“,
1309 398 1416 439 non
1473 381 1876 446 sanctiﬁcatus,
1921 386 2169 447 metiens,

2278 383 2409 435 ὅπου
2441 381 2585 434 θέλει
2615 380 2710 432 καὶ
2752 379 2896 440 ὅσον,
2949 376 3196 449 ὁδηγοῦν,
3241 375 3455 438 λαλοῦν,
3499 373 3856 454 ἀποστέλλειν,

594 494 698 532 non
738 478 1038 542 dimensus,
1072 474 1406 544 impertiens,
1437 489 1541 528 non
1583 474 1879 544 particeps,
1913 473 2168 541 implens,

593 584 698 623 non
728 566 999 634 impletus,
1028 564 1333 628 continens,
1362 580 1469 618 non
1513 572 1819 629 contentus,
1856 563 2172 617 haereditate

591 657 927 727 acceptus”,
969 655 1314 719 gloriﬁcatus,
1358 655 1504 710 Patri
1546 665 1597 709 et
1629 655 1765 709 Filio
1811 669 2172 710 connumera-

595 761 679 806 tus
695 751 762 817 ⁸⁸,
796 748 1080 803 minaciter
1112 749 1482 813 denuntiatus,
1524 747 1618 801 Dei
1650 748 1848 815 digitus
1865 746 1932 811 ⁸⁷,
1961 746 2099 816 ignis
2125 746 2170 777 ⁸³

595 850 850 909 tanquam
888 838 1049 901 Deus,
1082 837 1149 892 ad
1196 838 1612 899 ostendendum,
1666 846 1726 891 ut
1772 837 1982 905 opinor,
2029 837 2170 905 quod

590 930 829 998 ejusdem
862 931 1113 985 essentia:
1140 929 1207 983 sit
1232 946 1246 981 :
1273 928 1511 999 Spiritus
1548 929 1639 994 qui
1675 929 1933 995 condidit,
1956 930 2042 998 qui
2078 943 2173 999 per

591 1020 914 1090 baptismum
941 1032 996 1073 et
1022 1022 1469 1073 resurrectionem
1517 1019 1695 1073 denuo
1736 1028 1886 1072 creat
1917 1020 1962 1050 ⁸⁸
1998 1036 2010 1070 :
2052 1019 2173 1089 Spi-

592 1112 728 1166 ritus
752 1110 933 1165 omnia
962 1125 1295 1180 cognoscens
1314 1111 1383 1175 9°,
1411 1111 1633 1173 docens,
1662 1110 1751 1164 ubi
1778 1110 1888 1163 vult
1924 1120 1977 1165 et
1999 1127 2172 1182 quan-

594 1211 705 1255 tum
735 1199 849 1254 vult
872 1201 1088 1270 spirans
1113 1200 1181 1263 9‘,
1206 1200 1458 1252 ducatum
1483 1200 1729 1268 praebens
1749 1199 1817 1262 ",
1861 1199 2082 1267 loquens
2102 1201 2169 1267 ⁸³,

592 1293 812 1348 mittens
834 1292 901 1359 “,
934 1307 1227 1364 segregans
1250 1292 1296 1323 "
1332 1310 1344 1345 :
1381 1291 1612 1361 Spiritus
1636 1292 1725 1360 qui
1772 1291 1838 1344 ad
1871 1293 2004 1345 iram
2040 1292 2174 1346 inci-

595 1394 762 1449 tatur,
792 1384 882 1454 qui
918 1392 1157 1439 tentatur
1185 1385 1254 1449 ’⁸,
1293 1385 1382 1454 qui
1414 1383 1638 1447 revelat,
1672 1382 1760 1451 qui
1791 1382 1961 1437 lucem
1992 1399 2056 1437 ac
2086 1383 2171 1437 vi-

593 1484 702 1531 tam
728 1475 914 1543 atiert;
953 1476 1062 1530 imo
1108 1476 1196 1545 qui
1246 1475 1475 1545 ipsamet
1521 1474 1608 1528 lux
1663 1485 1717 1529 et
1771 1474 1876 1528 rita
1926 1484 2012 1529 est
2043 1476 2171 1546 :qui

594 1568 794 1639 templa
819 1568 1000 1633 eiiicit,
1038 1570 1276 1631 deiﬁcat,
1308 1570 1523 1641 perlicit
1549 1571 1619 1624 ita
1644 1578 1722 1634 ut,
1754 1579 1804 1625 et
1843 1572 2171 1641 baptismum

592 1672 918 1727 antevertat,
943 1671 997 1718 et
1024 1672 1146 1733 post
1176 1664 1501 1732 baptismum
1528 1663 1839 1732 requiratur
1870 1678 1884 1717 :
1916 1664 2006 1734 qui
2049 1679 2169 1719 om-

2273 473 2556 545 ἀιρορίζον,
2575 470 3032 543 παροξυνόμενον,
3053 487 3140 523 πει
3149 468 3465 542 ραζόμενον,
3489 466 3862 521 ἀποκαλυπτιο

2273 567 2391 631 κὸν,
2449 565 2796 633 φωτιστικὸν,
2848 563 3095 628 ζωτικόν·
3132 562 3331 633 μᾶλλον
3357 560 3433 625 δὲ,
3470 559 3717 627 αὕτοφῶς
3756 558 3862 611 καὶ

2272 655 2409 723 ζωὴ,
2437 654 2744 717 ναοποιοῦν,
2774 654 3077 716 θεοποιοῦν,
3118 652 3374 706 τελειοῦνο
3418 651 3560 705 ὥστε
3588 651 3684 703 καὶ
3714 666 3858 720 προ-

2274 750 2575 818 λαμϐάνειν
2597 749 2658 801 τὸ
2691 749 3006 818 βάπτισμα,
3048 744 3426 816 ὲπιζητεῖσθαι
3449 743 3559 814 (66)
3593 741 3730 812 μετά
3793 740 3861 793 τὸ

2276 839 2579 909 βάπτισμα·
2615 837 2871 908 ἐνεργοῦν
2898 839 2998 890 ὅσα
3017 836 3168 900 Θεὸς,
3197 832 3551 907 μεριζόμενον
3583 834 3640 884 ὲν
3671 829 3859 899 γλώσ-

2275 947 2396 994 σαις
2441 930 2717 1002 πυρίναις,
2756 930 2997 1001 διαιροῦν
3034 928 3371 1001 χαρίσματα,
3394 927 3581 979 ποιοῦν
3618 922 3860 978 ἀποστό-

2272 1022 2419 1088 λους,
2459 1023 2765 1095 προφήτας,
2802 1021 3209 1091 εὐαγγελιστάς,
3253 1018 3537 1089 ποιμένας,
3579 1017 3674 1070 καὶ
3706 1015 3859 1069 διδα-

2275 1114 2525 1179 σκάλους,
2553 1114 2758 1186 νοερὸν,
2788 1113 3113 1184 πολυμερὲς,
3141 1113 3330 1182 σαφὲς,
3367 1111 3586 1183 τρανὸν,
3616 1109 3859 1180 ἀμόλυν-

2271 1223 2382 1271 τον,
2410 1206 2684 1260 ἀκώλυτον
2712 1207 2867 1278 (ὅπερ
2894 1205 3006 1276 (67)
3046 1204 3157 1258 ἴσον
3173 1204 3415 1269 δύναται,
3445 1204 3505 1256 τὸ
3529 1202 3638 1272 (68)
3676 1200 3858 1271 σοφώ-

2271 1315 2433 1351 τατον
2473 1299 2565 1352 καὶ
2596 1296 2934 1369 πολύτροπον
2971 1300 3088 1362 ταῖς
3134 1296 3458 1367 ὲνεργείαις,
3492 1295 3587 1348 καὶ
3621 1310 3858 1361 σαφηνι-

2274 1390 2457 1443 στιχὸν
2490 1389 2727 1453 πάντων,
2759 1390 2852 1442 καὶ
2867 1388 3220 1459 τρανωτικὸν,
3243 1388 3338 1440 καὶ
3355 1384 3857 1453 αύτεξούσιον(119).

2272 1481 2365 1533 καὶ
2393 1480 2790 1550 ἀναλλοίωτον),
2817 1480 3243 1550 παντοδύναμον,
3278 1477 3734 1536 παντεπίσκοπον,
3764 1473 3861 1527 διὰ

2272 1574 2489 1628 πάντων
2522 1574 2731 1645 χωροῦν
2767 1574 3118 1645 πνευμάτων,
3160 1573 3385 1644 νοερῶν,
3442 1568 3720 1640 καθαρῶν,
3759 1567 3858 1619 λε-

2273 1664 2556 1717 πτοτάτων
2586 1663 2938 1735 (ἀγγελικῶν,
2960 1659 3136 1735 οἶμαι,
3158 1662 3486 1734 δυνάμεων),
3521 1661 3707 1731 ὥσπερ
3756 1656 3862 1711 καὶ

593 1754 679 1807 nia
709 1753 890 1818 eﬂicit,
922 1730 1263 1826 qutecunque
1281 1753 1421 1808 Deus
1451 1754 1582 1823 ipse,
1607 1730 1706 1823 qui
1750 1755 1803 1808 in
1854 1730 2030 1825 igneis
2063 1755 2170 1808 lin-

2278 1730 2629 1828 προφητικῶν
2652 1730 2746 1810 οιαὶ
2768 1730 3161 1818 ἀποστολινκῶν,
3197 1730 3342 1810 κατὰ
3370 1754 3565 1807 ταυτὸν
3583 1730 3720 1822 (70).
3756 1750 3860 1804 καὶ

589 1845 711 1916 guis
744 1846 1005 1900 dividitur
1037 1846 1107 1911 ⁸⁷,
1142 1845 1233 1915 qui
1260 1846 1399 1898 dona
1420 1844 1711 1907 distribuit,
1744 1845 1833 1913 qui
1873 1844 2168 1913 apostolos,

591 1940 907 2008 prophetas,
930 1938 1313 2008 evangelistas,
1351 1946 1601 2006 pastores
1636 1945 1689 1990 et
1716 1936 1964 1991 doctores
2000 1934 2166 1990 facit:

2271 1849 2371 1901 οὐκ
2410 1850 2467 1900 ὲν
2500 1851 2612 1913 τοῖς
2640 1850 2824 1913 αὐτοῖς
2850 1850 3035 1911 τόποις
3064 1847 3257 1915 (ἄλλων
3280 1847 3337 1900 δὲ
3358 1844 3589 1916 ἀλλαχοῦ
3623 1859 3736 1897 νενε
3748 1858 3862 1912 μη·-

2274 1940 2493 2011 μένων),
2594 1940 2844 2012 δηλοῦται
2872 1942 2934 1995 τὸ
2965 1939 3392 2011 ἀπερίγραπτον.

594 2028 834 2097 Spiritus
895 2029 1219 2111 intelligens,
1262 2028 1563 2099 multiplex,
1613 2036 1855 2097 apertus,
1900 2027 2106 2091 clarus,
2141 2027 2625 2099 incontaminatus,
2662 2034 2996 2102 minimeque
3056 2032 3349 2102 impeditus
3395 2029 3442 2061 ”
3504 2025 3678 2097 (quod
3705 2024 3857 2079 idem

594 2121 739 2176 valet
770 2136 836 2175 ac
866 2120 911 2175 si
959 2120 1221 2185 dicerem,
1257 2119 1717 2188 sapientissimus,
1756 2117 2060 2187 agendique
2100 2116 2358 2175 facultate
2392 2122 2576 2178 rarius
2616 2140 2677 2179 ac
2712 2122 3011 2191 multiplex,
3043 2120 3225 2175 omnia
3293 2118 3569 2188 explicans
3627 2131 3691 2171 ac
3748 2115 3854 2170 de-

592 2214 833 2279 clarans,
864 2211 1077 2266 arbitrii
1104 2210 1356 2265 libertate
1389 2208 1668 2277 prmditus,
1694 2215 1749 2261 et
1785 2206 2181 2278 immutabilis),
2223 2210 2589 2280 omnipotens,
2627 2214 2808 2267 omnia
2834 2212 3091 2276 lustrans,
3128 2224 3223 2278 per
3246 2224 3435 2263 omnes
3497 2207 3719 2277 spiritus
3758 2220 3862 2275 pe-

591 2315 817 2361 netrans
852 2303 924 2370 9’,
960 2302 1323 2371 intelligentes
1352 2338 1367 2363 ,
1409 2313 1573 2368 puros
1600 2339 1615 2365 ,
1647 2297 1998 2353 tenuissimas
2044 2298 2183 2367 (hoc
2221 2310 2324 2369 est,
2351 2319 2445 2373 per
2479 2306 2771 2374 angelicas,
2805 2312 2865 2358 ut
2918 2305 3134 2373 epinor,
3167 2299 3439 2364 virtutes),
3498 2298 3860 2368 quemadmo-

592 2400 723 2454 dum
755 2409 809 2453 et
837 2411 935 2466 per
963 2392 1312 2463 propheticos
1380 2401 1436 2447 et
1503 2392 1851 2460 apostolicos,
1914 2392 2104 2446 eodem
2148 2395 2405 2463 temporis
2451 2406 2746 2461 momento,
2796 2410 2898 2450 nec
2944 2404 3123 2449 tamen
3175 2394 3228 2448 in
3292 2394 3484 2447 iisdem
3534 2391 3668 2447 locis
3710 2391 3855 2458 (alii

590 2488 736 2544 enim
771 2499 961 2541 eorum
988 2482 1115 2535 alihi
1162 2479 1265 2534 fusi
1336 2495 1400 2535 ac
1434 2483 1608 2549 sparsi
1675 2482 1894 2550 erant),
1955 2482 2099 2549 quod
2152 2483 2371 2551 quidem
2418 2485 2698 2554 pchpicue
2751 2484 3006 2552 ostendit,
3043 2499 3164 2538 eum
3218 2484 3417 2537 nullius
3452 2482 3555 2537 loci
3618 2484 3865 2538 circum-

592 2578 889 2647 scriptione
909 2572 1169 2629 coerceri.

663 2668 828 2741 576
860 2654 1026 2719 XXX.
1052 2663 1156 2729 Qui
1188 2663 1301 2717 haec
1332 2661 1543 2728 dicunt,
1598 2678 1662 2719 ac
1719 2676 1955 2733 uocent,
2012 2676 2174 2736 atque

591 2764 817 2830 insuper
841 2756 1181 2812 Paraeletum
1212 2756 1375 2809 alium
1419 2755 1458 2818 ³,
1498 2754 1635 2809 velut
1660 2755 1827 2810 alium
1854 2757 2042 2824 Deum,
2077 2773 2173 2813 no—

591 2857 828 2921 minant,
852 2852 944 2922 qui
975 2849 1364 2918 blasphemiam
1398 2847 1567 2903 solam
1600 2848 1860 2904 adversus
1891 2865 2011 2904 eum
2048 2866 2170 2920 pro-

2350 2667 2429 2719 A'.
2462 2667 2525 2720 Οί
2558 2668 2732 2722 ταῦτα
2776 2668 3028 2737 λέγοντες
3081 2668 3173 2722 καὶ
3204 2668 3565 2729 διοασκοντες,
3597 2666 3691 2719 καὶ
3717 2665 3863 2737 πρός

2279 2777 2344 2828 γε
2381 2760 2489 2830 (71)
2540 2761 2697 2814 ἄλλον
2729 2761 3116 2832 Παρὰκλητον,
3147 2755 3258 2814 οἷον
3283 2760 3440 2814 ἄλλον
3465 2758 3618 2822 Θεὸν,
3653 2759 3863 2828 ὀνομά-

2279 2850 2480 2916 ζοντες,
2515 2854 2564 2905 οἱ
2593 2854 2690 2925 τὴν
2718 2855 2798 2917 είς
2824 2854 2986 2907 αὑτὸν
3016 2853 3126 2923 (72)
3155 2852 3501 2923 βλασφημίαν
3526 2851 3690 2922 μόνην
3720 2851 3867 2905 ειδό-

592 2950 759 3004 latam
794 2942 1177 3014 inexpiabilem
1209 2942 1229 2971 ²
1258 2955 1377 2995 esse
1407 2940 1606 3005 sciunt,
1650 2940 1743 3009 qui
1771 2941 2002 3011 denique
2031 2943 2173 2997 Ana-

2278 2963 2363 3009 τες
2385 2944 2795 3019 ἀσυγχώρητον,
2823 2948 2871 2999 οἱ
2905 2946 2994 3000 τὸν
3034 2946 3284 2999 Ἀνανίαν
3302 2947 3395 2999 καὶ
3412 2945 3511 3017 τὴν
3538 2945 3863 3015 Σάπφειραν

592 3044 696 3097 nia).
719 3049 774 3094 et.
804 3035 1069 3106 Saphirze,
1118 3042 1406 3103 postquam
1454 3030 1679 3101 Spiritui
1731 3040 1922 3087 sancto
1953 3034 2162 3087 mentiti

592 3140 778 3190 essent
836 3129 1057 3201 perinde
1114 3142 1178 3181 ac
1236 3125 1347 3180 Deo
1382 3165 1396 3188 ,
1475 3138 1580 3178 non
1643 3125 1887 3187 homini.
1963 3127 2172 3182 mentiti

594 3224 834 3291 cssent’,
856 3232 964 3278 tam
987 3220 1301 3276 horribilem
1333 3218 1571 3272 infamiae
1600 3227 1785 3271 notam
1816 3220 2133 3274 inusserunt
2157 3236 2173 3287 ;

594 3318 727 3391 quid
761 3316 976 3372 tandem
1014 3312 1109 3368 tibi
1144 3312 1416 3375 videntur,
1452 3310 1790 3381 Spiritumne
1830 3310 1997 3364 Deum
2038 3328 2176 3381 prae-

595 3413 806 3477 dicare,
835 3426 903 3464 an
925 3407 1071 3463 aliud
1096 3406 1263 3477 quid?
1286 3404 1458 3473 Quam
1483 3405 1653 3460 crassi
1671 3420 1730 3459 es
1756 3406 1981 3476 ingenii,
2013 3418 2179 3477 atque

595 3521 629 3566 ε.
660 3504 869 3576 Spiritu
895 3500 1085 3572 procul
1121 3498 1335 3560 remoti,
1369 3498 1416 3553 si
1452 3498 1519 3552 de
1559 3498 1659 3552 hac
1715 3514 1773 3553 re
1822 3499 2059 3562 dubitas,
2115 3516 2179 3556 ac

596 3599 819 3653 doctore
844 3609 984 3663 opus
1012 3591 1207 3645 habes!
1246 3590 1323 3643 Ac
1367 3597 1445 3642 tot
1485 3589 1822 3656 nominibus,
1868 3600 1975 3644 tam
2006 3592 2175 3657 vivis,

599 3699 655 3744 et
677 3686 975 3757 expressis,
1012 3684 1065 3738 in
1099 3682 1378 3751 Scriptura
1408 3681 1645 3750 Spiritus
1684 3682 2004 3751 appellatur.
2039 3684 2179 3750 Quid

595 3780 742 3835 enim
770 3776 1082 3833 testimonia
1107 3776 1221 3844 ipsa
1254 3773 1349 3827 tibi
1399 3773 1465 3825 ad
1501 3773 1724 3827 verbum
1761 3774 2056 3840 producere
2097 3784 2181 3828 at-

598 3870 770 3927 tinet?
792 3868 1140 3936 Quaacunque
1171 3875 1348 3919 autem
1408 3864 1494 3918 hic
1528 3878 1746 3934 quoque
1791 3864 2048 3919 humilius
2093 3864 2179 3918 di-

596 3973 815 4026 Cuntur,
835 3959 979 4013 velut
999 3958 1143 4028 quod
1168 3957 1324 4010 detur
1347 3956 1391 4020 ‘,
1425 3955 1671 4009 mittatur
1691 3955 1734 4020 ⁸,
1758 3954 2118 4010 distribuatur
2136 3956 2178 4021 ³,

598 4054 876 4110 charisma
905 4050 1069 4105 etiam
1102 4050 1146 4115 ",
1180 4050 1383 4103 donum
1417 4047 1438 4078 ⁸
1468 4087 1484 4113 ,
1523 4044 1815 4100 insnfllatio
1840 4047 1881 4109 θ,
1920 4045 2183 4113 pollicita-

600 4154 676 4208 tio
708 4152 775 4216 ‘°,
804 4146 1130 4205 intercessio
1158 4146 1224 4208 η,
1267 4159 1330 4198 ac
1359 4144 1402 4198 si
1431 4142 1558 4211 quid
1589 4141 1730 4195 aliud
1759 4141 2088 4208 lnijusmodi.
2115 4155 2182 4194 ne

599 4245 816 4316 singula
845 4251 1300 4301 commemorem,
1343 4235 1407 4289 ad
1443 4233 1674 4303 primam
1719 4246 1940 4287 causam
1992 4231 2182 4286 referri

597 4338 818 4400 debent,
847 4343 927 4393 ut.
963 4348 1031 4387 ex
1094 4345 1201 4401 quo
1256 4328 1346 4394 sit,
1405 4326 1738 4387 ostendatur,
1799 4340 1865 4379 ac
1916 4339 2024 4378 non
2078 4324 2180 4377 tria

2272 3048 2414 3103 ούτω
2434 3051 2681 3122 φοϐερῶς
2716 3050 3183 3121 στηλιτεύσαντες,
3225 3050 3411 3121 ἐπειδὴ
3456 3050 3752 3121 ἐψεύσαντο
3799 3052 3866 3105 τὸ

2279 3143 2501 3214 Πνεῦμα
2532 3144 2593 3197 τὸ
2626 3145 2798 3211 ἆγιον,
2829 3144 2905 3208 ώς
2935 3144 3068 3198 Θεὸν
3101 3144 3494 3215 ψευσαμένους,
3520 3144 3620 3197 ούκ
3650 3144 3867 3215 ἄνθρω-

2281 3268 2400 3304 πον·
2436 3246 2581 3304 οῦτοι
2607 3252 2657 3304 τί
2693 3268 2774 3304 σοι
2806 3250 3041 3314 δοκοῦσι,
3090 3251 3315 3322 πότερον
3359 3249 3489 3303 Θεὸν
3526 3250 3587 3303 τὸ
3632 3251 3867 3322 Πνεῦμα

2280 3342 2573 3413 κηρύσσειν
2608 3344 2740 3414 (75),
2776 3344 2809 3415 ἢ
2837 3344 2961 3399 ἄλλο
2991 3360 3076 3409 τι;
3122 3343 3209 3406 Ὠς
3242 3343 3359 3397 λίαν
3384 3344 3551 3408 ὅντως
3568 3345 3745 3415 παχύς
3776 3364 3866 3409 τις

2280 3430 2350 3501 εἷ,
2382 3437 2476 3488 καὶ
2509 3436 2700 3507 πόρρω
2734 3435 2825 3489 τοῦ
2863 3435 3201 3505 Πνεύματος,
3234 3436 3455 3490 εἰτοῦτο
3492 3437 3737 3508 ἀπορεῖς,
3762 3442 3865 3493 καὶ

2278 3542 2373 3613 δὲῃ
2399 3542 2493 3596 τοῦ
2533 3542 2833 3607 διδάξοντος
2869 3542 3003 3613 (74).
3028 3542 3095 3594 Αἱ
3130 3542 3228 3613 μὲν
3264 3538 3357 3597 οὖν
3388 3543 3630 3616 κλήσεις,
3660 3546 3866 3600 τοσαῦ-

2280 3667 2390 3709 ται,
2440 3648 2534 3701 καὶ
2590 3647 2763 3711 οὕτως
2813 3648 3064 3720 ἔμψυχοι.
3118 3648 3183 3700 Τί
3218 3648 3325 3720 γὰρ
3370 3649 3448 3702 δεῖ
3495 3668 3576 3705 σοι
3638 3652 3737 3715 τὰς
3767 3654 3867 3709 ἐπὶ

2280 3740 2387 3793 τῶν
2432 3740 2543 3809 (75)
2576 3740 2838 3810 ῥημάτων
2858 3740 3162 3811 μαρτυρίας
3187 3741 3582 3812 παρατίθεσθαι
3603 3759 3617 3807 ;
3635 3744 3775 3797 Ὅσα
3803 3745 3864 3799 δὲ

2281 3844 2557 3898 κάνταῦθα
2591 3845 2805 3913 λέγεται
2839 3847 3219 3918 ταπεινότερον
3257 3847 3317 3900 τὸ
3347 3846 3602 3911 δίδοσθαι,
3629 3848 3690 3901 τὸ
3721 3850 3865 3904 dim-

2284 3936 2616 3999 στέλλεσθαι,
2650 3938 2712 3990 τὸ
2763 3939 3101 4008 μερίζεσθαι,
3135 3939 3195 3992 τὸ
3224 3939 3491 4011 χάρισμα,
3519 3939 3580 3992 τὸ
3604 3940 3863 4013 δώρημα,

2281 4030 2342 4083 τὸ
2370 4030 2697 4101 ἐμφύσημα,
2738 4034 2767 4101 ἡ
2834 4032 3160 4099 ἐπαγγελία,
3214 4036 3247 4103 ἡ
3280 4033 3691 4105 ὑπερεντευξις,
3749 4037 3864 4090 εἴτε

2282 4154 2334 4191 τι
2367 4136 2493 4190 ἄλλο
2520 4137 2781 4199 τοιοῦτον,
2812 4137 2901 4191 ἴνα
2936 4137 3007 4208 μὴ
3030 4139 3150 4192 καθ’
3178 4140 3406 4194 ’ἑκαστον
3442 4141 3553 4211 (76)
3577 4141 3744 4210 λέγω,
3771 4145 3868 4199 ἐπὶ

2283 4230 2379 4300 τὴν
2411 4228 2634 4300 πρώτην
2665 4230 2845 4284 αἰτίαν
2896 4232 3233 4294 ἀνενεκτέον,
3266 4233 3352 4285 ἵνα
3385 4234 3446 4286 τὸ
3475 4234 3533 4300 ἐξ
3558 4228 3618 4287 οῦ
3651 4235 3861 4308 δειχθῇ,

2284 4321 2377 4373 καὶ
2403 4320 2475 4390 μὴ
2511 4322 2660 4389 τρεῖς
2686 4322 2852 4391 ἀρχαὶ
2885 4323 3281 4393 μεμερισμέναι
3312 4323 3586 4388 πολυθέως
3621 4328 3862 4397 παραδε-

598 4427 871 4502 principia
897 4424 1090 4486 divisa,
1126 4420 1459 4493 proindeque
1488 4417 1671 4487 plures
1705 4415 1777 4469 dii
1803 4413 2174 4468 admittantur.

2284 4412 2485 4483 χθῶσιν
2514 4414 2649 4485 (77).
2690 4416 2832 4466 Ἴσον
2850 4414 2958 4485 γὰρ
2988 4418 3065 4479 εἰς
3110 4415 3387 4474 ἀσέϐειαν.
3428 4418 3527 4496 καὶ*
3559 4418 3862 4482 Σαϐελλίως

670 4586 717 4616 ⁸⁵
739 4586 895 4637 Βοιιι.
930 4595 1049 4643 νιιι,
1078 4578 1141 4633 14
1173 4592 1294 4644 sqq.

599 4671 687 4720 ιιι,
718 4655 769 4707 5.
845 4653 890 4683 ὀ
926 4651 943 4703 1
975 4652 1101 4705 Cor.
1137 4645 1412 4720 tt,_10-_19..

599 4717 679 4778 2..
728 4724 774 4754 ”
827 4725 947 4777 Act.
1043 4734 1152 4776 xw.
1203 4718 1260 4777 6,
1309 4717 1362 4770 7.

1493 4640 1535 4675 θ’
1566 4642 1723 4695 .luan.
1756 4657 1834 4701 ιιι,
1887 4640 1919 4693 8

1463 4713 1506 4743 ”
1544 4714 1659 4765 Act.
1694 4725 1753 4774 ιι,
1785 4712 1860 4778 '5.‘

604 4809 700 4855 xtl.
725 4793 815 4849 51.
891 4791 1053 4842 ³Αοι.
1086 4787 1193 4851 ι’,ὂ
1230 4801 1349 4852 sqq.

600 4861 625 4892 ⁸
648 4863 805 4918 Joan.
832 4878 923 4925 xx,
959 4859 1048 4911 ΕΞ.

676 5021 789 5104 (613)
818 5014 1289 5104 ’Ἐξιζητεῖονριξα
1326 5009 1428 5104 Αξιίο
1464 5006 1925 5104 μεριξ-..σουλ
1984 5004 2183 5074 plures,

604 5077 784 5151 Coisl:
815 5091 865 5150 1,
896 5090 990 5144 0r.
1022 5077 1069 5149 1,
1101 5097 1205 5139 etc.
1239 5083 1291 5134 In
1321 5081 1431 5144 ed.,
1451 5077 1831 5151 ᾼὲπιζητεξται.

674 5143 789 5235 (67)
852 5143 1067 5235 ι’ὀπιῖρξ
1102 5157 1193 5235 Sic
1223 5153 1405 5235 plures
1449 5143 1642 5219 Regg.,
1685 5148 1789 5202 duo
1820 5145 2008 5211 Coisl.,
2035 5143 2183 5210 Par.,

604 5218 822 5293 (Σοῖιιὶίη
855 5244 965 5303 etc_.
996 5218 1051 5281 Ῐιι
1080 5226 1191 5303 ed.,
1226 5218 1405 5303 ᾧπερ.

676 5303 789 5375 (68)
817 5303 910 5356 Τό.
938 5300 1063 5375 ομιιο⁸
1088 5298 1276 5365 Regg.,
1305 5298 1405 5375 τερ,

1369 4574 1414 4606 ⁸⁸
1448 4573 1642 4641 Ephes.
1675 4590 1717 4633 ι,
1754 4570 1840 4634 15,
1880 4568 1965 4623 14.
2041 4567 2288 4622 “Matth.
2313 4568 2618 4642 xxvm,19.
2695 4569 2739 4600 ⁸⁷
2759 4567 2888 4624 Luc.
2916 4585 2995 4631 ιι,
3020 4569 3110 4623 20.
3186 4569 3231 4603 ⁸⁸
3256 4571 3374 4625 Act.
3407 4587 3471 4637 ιι,
3507 4572 3561 4626 3.
3639 4573 3861 4630 "Joan.

1369 4645 1390 4675 ἃ
1493 4644 1535 4675 91
1578 4642 1699 4675 Lm"
1756 4657 1809 4675 ιιι
1888 4640 1919 4675 Ω
2022 4640 2067 4670 οι
2096 4639 2211 4675 υςσιΙ
2270 4654 2411 4675 run
2475 4640 2540 4675 ιιι
2637 4639 2682 4671 9³
2720 4644 2805 4675 ΔΜ
2862 4656 2889 4675 ι·
2958 4641 3023 4675 40
3118 4640 3163 4671 οδ
3205 4640 3293 4675 ΔΜ
3359 4656 3454 4675 vn.
3527 4642 3556 4675 ι
3652 4644 3699 4675 συ
3734 4647 3840 4675 :t.;.l

2022 4640 2067 4670 ⁰²
2096 4639 2174 4691 I’s:

1936 4710 1981 4740 "‘
2016 4709 2144 4777 Sap.

2278 4654 2435 4704 mn,
2475 4639 2559 4692 10.
2637 4639 2682 4671 9'
2712 4644 2829 4692 Act.
2862 4656 2914 4702 χ,
2958 4641 3042 4693 19.
3118 4640 3163 4671 ³⁸
3198 4640 3318 4695 Act.
3359 4656 3478 4705 xm,
3523 4642 3577 4696 4.
3652 4644 3699 4675 ⁸⁸
3734 4647 3862 4698 ibid.

2301 4710 2390 4763 “2'2.
2492 4712 2535 4742 ⁹⁹
2572 4711 2585 4761 l
2616 4709 2740 4763 Cor.
2768 4725 2826 4765 ιι.
2860 4710 2945 4763 10.
3046 4710 3061 4739 ¹
3096 4708 3253 4763 Joan.
3284 4727 3393 4774 xiv,
3428 4712 3516 4766 16.
3616 4715 3638 4745 ⁸
3669 4713 3859 4768 Matth.

1426 4784 1447 4813 ’⁵
1480 4783 1607 4835 an.
1650 4796 1724 4840 x1,
1768 4781 1854 4833 15.
1930 4780 1951 4811 ⁸
1987 4778 2143 4832 Joan.
2180 4795 2292 4844 χιι,
2347 4782 2398 4833 7.

1166 4856 1208 4886 ¹⁰
1248 4846 1365 4908 Gal.
1406 4868 1492 4913 ιιι,
1530 4850 1617 4902 11.
1698 4851 1736 4880 ⁸⁸
1768 4850 1923 4901 nolit.
1960 4864 2077 4910 vnt,
2105 4846 2195 4901 36.

2492 4712 2535 4742 ⁹⁹
2572 4711 2585 4761 l
2616 4709 2740 4763 Cor.
2768 4725 2826 4765 ιι.
2860 4710 2945 4763 10.
3046 4710 3061 4739 ¹
3096 4708 3253 4763 Joan.
3284 4727 3393 4774 xiv,
3428 4712 3516 4766 16.
3616 4715 3638 4745 ⁸
3669 4713 3859 4768 Matth.

2475 4781 2495 4812 ⁸
2526 4778 2687 4835 llehr.
2735 4794 2791 4845 ιι,
2818 4780 2871 4832 4.
2948 4779 3009 4832 ⁷1
3042 4778 3163 4834 Cor.
3192 4795 3289 4843 xu,
3315 4781 3403 4836 50.
3481 4784 3502 4815 ⁸
3528 4783 3648 4838 Act.
3681 4799 3745 4849 ιι,
3774 4785 3860 4840 58.

2332 5000 2469 5085 ⁹(Ἷξίὶ)
2534 5001 2639 5064 Εἰς
2686 4999 2892 5052 αὐτόν.
2950 4996 3115 5053 Coisl.
3180 4998 3206 5052 1
3271 4998 3470 5069 aliique
3525 5000 3729 5069 plures.
3785 5004 3866 5067 είς

2284 5087 2470 5213 αυξῗὲ)
2541 5142 2909 5209 Κηρύσσειν.
2969 5139 3103 5211 Reg.
3153 5155 3182 5194 a
3236 5151 3292 5197 et
3354 5140 3520 5197 Coisl.
3577 5141 3628 5205 1,
3665 5141 3870 5212 κηρύτ-

2282 5229 2470 5364 τοῖῗῑῖ)
2509 5281 2887 5363 Διδᾴξοντος.
2914 5280 3048 5364 Reg.
3085 5281 3274 5364 Cypr.,
3301 5280 3634 5345 δικάζοντος,
3666 5298 3684 5332 ι
3712 5282 3870 5351 quasi

806 5352 1231 5444 Ᾰῦτεξούσιοῖῗξ
1266 5352 1295 5417 ἰ
1338 5352 1519 5429 Liber,
1556 5379 1575 5414 ι
1618 5358 1704 5417 vel
1733 5360 1915 5425 etiam,
1963 5377 1980 5411 ι
2030 5355 2174 5424 cujus

2286 5352 2929 5444 qui::i:'s,.i:"i§§9‘:%a'3‘
2963 5352 3298 5444 alacriter

672 5376 1231 5499 (61))Αὑτεξοιῐνσιονἶ
1276 5382 1295 5417 ι
1338 5410 1339 5415 η

606 5459 675 5500 νο
700 5445 869 5499 untati
900 5441 1029 5505 nihil
1059 5445 1279 5492 reStsttt.
1321 5453 1339 5486 ι

641 5515 796 5639 όιιυ)
864 5501 1107 5569 Ταυτόν.
1157 5507 1251 5563 0r.
1309 5505 1361 5571 1,
1401 5501 1580 5557 τοῦτο.
1617 5501 1673 5556 In
1710 5501 2003 5567 nonnullis,
2052 5515 2184 5552 ταυ-

605 5600 640 5639 τ
676 5624 691 5638 .

610 5725 691 5779 ἔτι
712 5741 797 5795 γε.

676 5624 795 5724 (71)
827 5654 981 5723 Πρός
1016 5668 1099 5723 γε.
1160 5650 1290 5720 Reg.
1343 5663 1394 5714 a,
1451 5642 1588 5715 πρὸς
1621 5641 1723 5698 ἔτι.
1755 5642 1917 5699 Coisl.
1947 5640 1997 5706 1,
2050 5639 2187 5710 πρὸς

2362 5424 2472 5491 (75)
2519 5424 2629 5487 Τὰς
2659 5421 2758 5474 ἐπὶ
2790 5419 2927 5492 τῶν.
2963 5421 3090 5492 Reg.
3119 5419 3310 5492 Cypra,
3333 5424 3429 5486 τὰς
3454 5424 3516 5475 ὲκ
3539 5421 3666 5475 τῶν.

2359 5490 2471 5563 (76)
2532 5493 2631 5562 Μὴ
2705 5491 2832 5545 καθ’
2885 5490 3177 5546 eamaior.
3222 5493 3435 5558 Comb.,
3497 5494 3571 5564 μὴ
3622 5492 3689 5543 τὰ
3747 5490 3870 5545 καθ’

2286 5568 3009 5707 ἒκῗῗξῖνὶῖαραδεχθῶσιν.
3059 5635 3191 5706 Reg.
3234 5634 3434 5705 Cypra,
3494 5629 3873 5705 napaﬁquEr

2290 5725 2391 5761 σιν.
2582 5724 2585 5729 ’
