4038 6338
198 353 304 412 169

1238 346 1497 404 ORATIO
1533 343 1726 399 XXXI.
1767 373 1838 386 -—-
1876 339 2318 398 TIIEOLOGICA
2365 339 2424 394 V.

3371 340 3474 394 1ῗο

195 463 458 536 συνάζδαι,
485 465 580 519 καὶ
621 461 918 536 Ἀρειανῶς
942 461 1254 533 διαστῆσαι,
1287 463 1349 514 τὸ
1385 462 1482 532 μὲν
1508 459 1586 530 τῷ
1623 475 1794 531 προσ-

1911 458 2055 512 Paris
2088 457 2234 511 enim
2262 455 2554 523 impietatis
2583 462 2686 518 est,
2721 453 2804 506 vel
2858 450 3077 506 Sabellii
3108 467 3254 507 more
3291 469 3478 523 persn-

194 557 352 630 ώπῳ,
377 556 443 610 τὸ
493 556 552 609 δὲ
571 556 684 628 (78)
720 559 841 619 ταῖς
870 555 1120 625 φύσεσιν.

270 738 399 790 AA'.
444 737 537 800 Ὠς
568 735 743 804 ἔγωγε
775 733 947 787 πολλὰ
990 733 1426 802 διασκεψαμενος
1458 732 1594 803 πρὸς
1623 731 1795 802 ἐμαυ-

197 827 290 880 τὸν
322 827 433 894 (79)
463 829 533 896 τῇ
570 823 1070 896 φιλοπραγμοσύνῃ
1101 822 1195 876 τοῦ
1243 821 1359 882 νοῦ,
1393 820 1488 874 καὶ
1530 820 1798 891 πανταχό-

201 921 294 974 θεν
326 920 418 972 τον
452 918 614 987 λόγον
662 917 912 980 εὐθύνας,
949 917 1043 969 καὶ
1087 914 1266 986 ζητῶν
1305 915 1493 968 εἰκόνα
1519 913 1640 967 τινὰ
1702 911 1796 966 τοῦ

200 1012 457 1065 τοσούτου
483 1011 836 1082 πράγματος,
884 1010 984 1061 οὐκ
1015 1007 1171 1079 ἔσχον
1203 999 1355 1074 ᾧτινι
1389 1006 1496 1077 χρὴ
1543 1005 1650 1060 τῶν
1699 1005 1798 1058 κὰ-

199 1121 279 1157 τω
310 1104 422 1174 (80)
445 1101 730 1178 τὴνθείαν
759 1099 920 1170 φύσιν
953 1099 1309 1172 παραϐαλεῖν.
1344 1097 1466 1152 Κᾶν
1490 1098 1598 1168 γὰρ
1629 1097 1801 1169 μικρά

201 1213 286 1260 τις
325 1197 588 1266 ὁμοίωσις
618 1194 840 1266 εὑρεθῇ,
879 1192 1069 1262 φεύγει
1101 1209 1167 1264 με
1201 1191 1263 1244 τὸ
1296 1190 1478 1254 πλέον,
1534 1189 1671 1260 ὰφὲν
1700 1190 1798 1243 κὰ-

202 1307 281 1344 τω
302 1289 413 1360 181)
448 1291 589 1360 μετὰ
617 1289 712 1340 τοῦ
735 1286 1150 1358 ὑποδείγματος.
1197 1284 1503 1354 Ὀφθαλμὸν
1528 1302 1670 1348 τινα,
1705 1284 1800 1338 καὶ

207 1383 413 1454 πηγὴν,
441 1381 540 1436 καὶ
557 1379 804 1452 ποταμὸν
831 1380 1112 1450 ἐνενόησα,
1140 1378 1362 1449 καὶγὰρ
1380 1379 1474 1431 καὶ
1497 1376 1642 1432 ἄλλοι
1664 1377 1797 1447 (82),

209 1479 286 1547 μὴ
309 1476 388 1546 τῷ
426 1476 527 1546 μὲν
575 1476 622 1527 δ’
647 1472 858 1546 Πατὴρ,
913 1471 991 1543 τῷ
1015 1472 1072 1526 δὲ
1104 1473 1132 1524 ὁ
1179 1470 1329 1536 Υἱὸς,
1364 1470 1442 1540 τῷ
1472 1470 1530 1523 δὲ
1561 1469 1672 1540 (85)
1739 1470 1802 1521 τὸ

207 1569 437 1639 Πνεῦμα
469 1568 533 1620 τὸ
557 1567 713 1636 ἆγιον
741 1565 1020 1634 ἀναλόγως
1050 1563 1149 1637 ἔχῃ
1175 1563 1308 1634 (81).
1345 1562 1530 1616 Ταῦτα
1551 1562 1659 1633 γὰρ
1677 1559 1801 1615 οὔτε

207 1660 388 1732 χῴνῳ
414 1659 726 1729 διέστηκεν,
755 1655 879 1710 οὔτε
908 1655 1156 1726 ἀλλήλων
1182 1653 1531 1725 ἀπέρῤηκται
1564 1654 1632 1723 τῇ
1679 1668 1804 1704 συν-

208 1753 383 1822 εχείᾳ·
415 1751 522 1828 κᾶν
549 1751 696 1803 δοκεῖ
737 1748 847 1819 (85)
874 1764 991 1811 πως
1025 1747 1200 1819 τρισὶν
1233 1745 1458 1818 ἰδιότησι
1486 1743 1798 1814 τέμνεσθαι.

1901 567 2000 605 nas
2026 547 2588 610 connectcrcn'elArii
2615 549 2784 601 instar
2815 555 3036 601 naturas
3058 545 3394 616 distinguete
3418 567 3480 605 ac

1898 657 2169 714 separare.

1972 735 2163 789 XXXI.
2199 735 2490 790 Enimvero
2515 749 2640 788 cum
2669 737 2868 790 mentis
2893 736 3210 792 curiositate
3248 736 3480 790 mullum

1899 831 2104 900 diuque
2130 843 2343 886 mecum
2373 829 2832 892 considerassem,
2866 838 3028 898 atque
3055 829 3358 884 oralionem
3381 845 3482 883 uu-

1901 924 2188 992 deeuuque
2224 922 2618 988 esplorassem,
2658 919 2734 973 rei
2779 929 2940 974 tantae
2966 921 3256 991 imaginem
3287 935 3482 990 quam-

1901 1015 2025 1068 dam
2053 1013 2370 1084 exquirens,
2403 1011 2492 1067 cui
2526 1011 2742 1066 tandem
2771 1027 2948 1066 rerum
2983 1013 3273 1067 inferarum
3301 1012 3481 1068 divina

1902 1107 1992 1161 illa
2035 1117 2227 1160 natura
2287 1103 2655 1173 comparanda
2709 1104 2800 1165 sit,
2857 1104 3098 1174 reperire
3151 1118 3257 1158 non
3310 1105 3477 1172 potui.

1903 1200 2158 1268 Quamvis
2191 1198 2335 1252 enim
2394 1197 2650 1265 exiguam
2683 1196 2918 1268 aliquam
2962 1194 3368 1250 similitudinem
3394 1195 3481 1250 in-

1903 1293 2167 1356 venerim,
2201 1289 2374 1357 major
2400 1297 2578 1343 tamen
2612 1304 2696 1346 me
2725 1303 2851 1358 pars
2895 1287 3052 1356 fugit,
3106 1287 3363 1356 humique
3398 1303 3485 1342 me

1903 1401 2023 1439 cum
2060 1399 2182 1438 meo
2212 1381 2458 1450 exemplo
2498 1380 2776 1450 relinquit.
2817 1379 3045 1436 Oculum
3079 1378 3388 1449 quemdam,
3431 1387 3485 1434 et

1905 1474 2129 1543 fontem,
2161 1487 2216 1531 et
2242 1474 2466 1529 ﬂuvium
2512 1472 2639 1528 milii
2700 1472 2976 1542 proposui,
3025 1472 3484 1541 quemadmodum

1904 1571 1995 1625 alii
2029 1583 2270 1641 quoque,
2297 1577 2358 1622 ut
2383 1567 2642 1632 viderem,
2673 1581 2800 1620 num
2842 1563 3001 1619 Pater
3028 1579 3152 1619 cum
3180 1565 3358 1630 oculo,
3391 1563 3484 1618 Fi-

1905 1663 2011 1718 lius
2034 1677 2160 1716 cum
2187 1660 2354 1724 I‘onte,
2389 1659 2623 1728 Spiritus
2649 1673 2774 1714 cum
2796 1657 2960 1712 ﬂuvio
2989 1656 3334 1726 proportione
3352 1671 3487 1726 qua-

1905 1758 2029 1810 dam
2065 1752 2397 1808 conveniret.
2463 1749 2586 1805 llaec
2628 1749 2794 1811 enim,
2845 1763 2944 1803 nec
2983 1757 3227 1818 tempore
3294 1747 3488 1804 distin-

221 1846 359 1899 Ἀλλ’
394 1845 600 1908 ἔδεισα,
626 1842 842 1915 πρῶτον
881 1843 977 1913 μὲν
1009 1840 1163 1912 ῥύσιν
1191 1837 1313 1893 τινὰ
1339 1837 1592 1909 θεότητος
1621 1855 1803 1908 παρα-

1911 1854 2166 1916 guuntur,
2195 1858 2296 1898 nec
2324 1848 2393 1897 ob
2422 1839 2832 1896 eontinuitatem
2856 1852 2886 1892 a
2921 1853 2981 1894 se
3005 1839 3235 1895 invicem
3269 1841 3488 1895 abrum-

207 1938 468 2005 δέξασθαι
506 1937 696 1990 στάσιν
731 1937 832 1990 οὐκ
865 1935 1118 2006 ἔχουσαν·
1167 1932 1421 2003 δεύτερον
1451 1932 1508 1986 δὲ
1535 1930 1609 2002 μὴ
1630 1931 1690 1984 τὸ
1743 1929 1800 1984 ἒν

206 2033 288 2102 τῷ
313 2029 535 2103 ἀριθμῷ
559 2029 650 2084 διὰ
671 2029 772 2098 τῆς
805 2026 1056 2090 εἰκασίας
1083 2025 1291 2097 ταύτης
1321 2024 1632 2094 εἰσάγηται.
1677 2023 1798 2091 Ὀφ-

208 2123 418 2195 θαλμδς
453 2121 567 2190 (86)
601 2119 733 2192 γὰρ,
779 2120 873 2172 καὶ
909 2119 1083 2189 πηγὴ,
1113 2117 1208 2171 καὶ
1233 2161 1236 2164 .
1262 2115 1502 2186 ποταμὸς
1542 2115 1600 2169 ἓν
1653 2115 1800 2166 ἐστιν

207 2213 454 2288 ἀριθμῷ,
486 2213 761 2284 διαφόρως
800 2209 1268 2282 σχηματιζόμενα.

281 2493 408 2545 AB'.
440 2490 611 2544 Πάλιν
636 2488 912 2561 (87)ἦλιον
935 2487 1048 2558 (88)
1079 2487 1554 2559 ὲνεθυμήθην,κα“ι
1587 2488 1798 2550 ἀκτῖνα,

211 2586 310 2639 καὶ
341 2583 478 2653 φῶς.
528 2581 689 2635 Ἀλλὰ
709 2579 992 2636 κάνταῦθα
1024 2580 1164 2645 δέος,
1191 2579 1407 2652 πρῶτον
1427 2581 1546 2651 μὲν,
1577 2581 1652 2652 μὴ
1674 2581 1802 2634 σύν-

209 2678 363 2741 θεσίς
387 2661 492 2741 τις“
523 2675 805 2746 ὲπινοῆται
853 2674 952 2744 τῆς
994 2673 1288 2728 ἀσυνθέτου
1342 2672 1578 2743 φύσεως,
1613 2672 1802 2744 ὥσπερ

210 2769 367 2842 ἡλίου
399 2773 497 2822 καὶ
542 2767 650 2821 τῶν
684 2769 742 2821 ὲν
767 2766 924 2838 ἡλίῳ·
963 2765 1215 2836 δεύτερον
1246 2765 1325 2827 δὲ,
1361 2765 1435 2836 μὴ
1467 2765 1558 2819 τὸν
1579 2765 1802 2836 Πατέρα

213 2862 315 2930 pii:
359 2856 740 2928 οὐσιώσωμεν,
775 2856 946 2911 τᾶλλα
977 2856 1034 2909 δὲ
1085 2855 1160 2927 μὴ
1198 2855 1614 2926 ὑποστήσωμεν,
1668 2855 1804 2908 ἀλλὰ

207 2949 474 3019 δυνάμεις
520 2947 657 3001 Θεοῦ
712 2949 1030 3020 ποιήσωμεν
1061 2945 1495 3018 ὲνυπαρχούσας,
1523 2946 1644 3016 ὀὐχ
1697 2945 1800 3016 ὑφ-

209 3040 483 3102 εστώσας.
517 3037 654 3091 Οὔτε
706 3038 816 3110 γὰρ
855 3039 1034 3103 ἀκτὶς,
1073 3036 1198 3092 οὔτε
1249 3037 1388 3106 φῶς,
1438 3036 1598 3100 ἄλλος
1629 3037 1800 3107 ⁴ἣλιος,

209 3130 330 3184 ἀλλ’
353 3129 578 3200 ἡλιακαί
600 3144 742 3191 τινες
756 3127 1066 3200 ἀπόρροιαι,
1095 3116 1189 3178 καὶ
1205 3125 1487 3194 ποιότητες
1506 3122 1800 3186 οὐσιῶδεις.

207 3226 325 3280 Καὶ
500 3222 560 3275 τὸ
584 3217 746 3287 εἶναι,
783 3195 879 3274 κα).
905 3195 982 3271 -τὸ
1023 3219 1097 3290 μὴ
1124 3212 1285 3278 εἶναι.
1319 3215 1394 3286 τῷ
1427 3215 1544 3286 Θεῷ
1568 3214 1676 3287 (89)
1706 3214 1808 3268 δῶ-
1836 3195 1878 3252 C-

210 3333 318 3388 μεν
369 3313 429 3368 ἐν
481 3313 722 3376 τούτοις,
763 3313 886 3365 ὅσον
919 3312 982 3362 ὲκ
1021 3308 1117 3362 τοῦ
1155 3308 1576 3379 ὑποδείγματος,
1632 3306 1660 3358 ὃ
1712 3307 1806 3359 κα).

207 3409 324 3462 τῶν
353 3407 663 3479 εἰρημένων
698 3405 808 3476 (90)
841 3401 1207 3474 ἀτοπώτερον.
1255 3403 1506 3454 Ἤκουσα
1548 3397 1606 3451 δέ
1659 3414 1804 3460 τινος

209 3505 312 3557 καὶ
335 3501 582 3554 τοιοῦτον
618 3487 1028 3570 ὑπογράφοντπ
1047 3495 1228 3565 λόγον·
1271 3491 1666 3563 Μαρμαρυγήν
1686 3506 1808 3542 τινα

210 3594 452 3667 ἡλιακὴν
512 3593 666 3663 τοίχῳ
696 3590 1279 3663 προσαστρὰπτουσαν,
1312 3586 1406 3638 καὶ
1445 3582 1807 3656 περιτρέμου-

214 3707 318 3744 σαν
360 3688 423 3753 ἐξ
449 3686 657 3741 ὑδάτων
690 3686 980 3756 κινήσεως,
1013 3683 1078 3752 ἢν
1102 3683 1136 3752 ἡ
1155 3679 1313 3742 ἀκτὶς
1355 3673 1698 3732 ὑπολαϐοῦσα
1720 3672 1810 3727 διὰ

210 3783 310 3837 τοῦ
355 3784 415 3835 ἐν
444 3781 596 3852 μέσῳ
647 3779 832 3850 ἀέρος,
877 3771 994 3828 εἶτα
1027 3772 1298 3844 -σχεθεῖσα
1353 3767 1564 3840 (91)τῷ
1591 3766 1809 3822 ἀντιτύ-

212 3873 467 3946 πῳ(99.),
523 3870 738 3942 παλμὸς
779 3869 996 3938 ἐγένετο
1039 3866 1134 3920 καὶ
1159 3865 1268 3934 (95)
1299 3861 1621 3934 παράδοξος,
1679 3861 1810 3932 νᾼτ-

213 3987 300 4022 τει
343 3966 456 4038 (94)
488 3965 598 4036 γὰρ
642 3961 864 4024 πολλαῖς
911 3959 1007 4013 καὶ
1059 3958 1291 4019 πυκναῖς
1341 3957 1462 4018 ταῖς
1508 3953 1807 4024 κινήσεσιν,

211 4061 316 4131 οὐχ
375 4059 437 4112 ἓν
469 4052 604 4110 οὖσα
654 4053 876 4127 μᾶλλον,
912 4052 945 4123 ἢ
991 4048 1182 4114 πολλὰ,
1229 4047 1348 4101 οὐδὲ
1391 4044 1561 4100 πολλὰ
1588 4043 1809 4116 μᾶλλον,

209 4154 248 4222 ἡ
282 4152 365 4216 ἓν,
397 4150 477 4222 τῷ
503 4149 658 4220 τάχει
685 4146 784 4217 τῆς
815 4145 1029 4198 συνόδου
1049 4142 1144 4196 καὶ
1169 4141 1271 4212 τῆς
1303 4137 1657 4202 διαστάσεως,
1679 4139 1812 4208 πρὶν

211 4246 341 4316 adst
375 4241 740 4316 κρατηθῆναι,
779 4237 1253 4309 διαδιδράσκουσα.

1909 1947 2108 2007 puntur
2141 1954 2158 1990 ι
2197 1951 2261 1990 ac
2288 1934 2463 1989 tribus
2498 1933 2726 2002 insuper
2759 1931 3180 2000 proprietatibus
3223 1935 3488 2004 quodam-

1910 2031 2069 2086 modo
2091 2029 2264 2085 scindi
2297 2028 2573 2083 videntur.
2606 2027 2715 2082 Sed
2741 2027 2910 2082 subiit
2931 2042 3018 2082 me
3043 2029 3224 2092 timor,
3251 2030 3485 2099 primum

1912 2137 1977 2176 ne
2003 2119 2168 2174 ﬂuxio
2201 2119 2448 2186 quaedam
2488 2116 2789 2174 divinitatis
2812 2117 3124 2173 stabilitatis
3151 2134 3348 2189 expers
3392 2121 3489 2173 ad-

1912 2212 2180 2267 mittatur.
2210 2209 2416 2264 Deinde
2453 2223 2521 2262 ne
2554 2222 2649 2276 per
2681 2207 2826 2263 lianc
2859 2207 3265 2264 similitudinem
3317 2225 3487 2267 unum

1909 2321 2136 2360 numero
2173 2304 2564 2358 intr-educatur.
2602 2299 2806 2358 Oculus
2836 2303 3002 2368 enim,
3035 2313 3090 2358 et
3122 2303 3262 2366 fons,
3292 2314 3348 2359 et
3381 2305 3486 2358 Illlv

1909 2401 2027 2452 vius
2055 2414 2216 2452 utntnt
2249 2406 2375 2452 sttnt
2398 2411 2643 2462 numero,
2673 2397 2822 2451 varie
2849 2395 3151 2453 eﬂ‘ormata.

1981 2489 2198 2546 XXXII.
2234 2489 2416 2546 Solem
2452 2504 2663 2556 rursus,
2693 2499 2747 2544 et
2783 2490 3012 2557 radium,
3043 2499 3097 2546 et
3124 2491 3295 2546 lucem
3324 2493 3484 2564 577

1910 2582 2168 2653 cogitavi.
2209 2579 2413 2636 Verum
2446 2579 2536 2634 hic
2581 2594 2797 2650 quoque
2848 2582 3193 2637 metuendum
3228 2592 3338 2650 est;
3380 2585 3491 2654 pri-

1910 2689 2082 2741 mum,
2115 2687 2181 2728 ne
2223 2670 2594 2740 incompositae
2635 2681 2844 2726 natura:
2888 2672 3208 2742 compositio
3240 2676 3488 2745 quaedam

1910 2767 2267 2839 excogitetur,
2303 2765 2761 2836 quemadmodum
2815 2764 2965 2832 solis,
2999 2773 3055 2820 et
3105 2781 3323 2832 eorum,
3368 2784 3490 2839 quae

1911 2858 2012 2912 soli
2045 2859 2267 2923 insunt;
2299 2857 2513 2922 deinde,
2550 2873 2614 2911 ne
2645 2855 2792 2910 Patri
2826 2857 3040 2926 quidem
3072 2858 3364 2914 essentiam
3390 2861 3490 2916 tt“.—

1911 2953 2162 3017 bnamus,
2218 2950 2460 3020 reliquos
2516 2961 2696 3003 autem
2740 2949 3035 3006 subsistere
3079 2965 3358 3022 negemus,
3395 2954 3492 3009 sed

1910 3042 2195 3098 facultates
2219 3041 2484 3112 quasdam
2505 3039 2598 3095 Dei
2627 3041 3047 3106 constituamus,
3075 3058 3197 3112 quae
3238 3042 3341 3113 ipsi
3371 3045 3493 3115 qui-

1913 3137 2034 3190 dem
2067 3134 2256 3195 insint,
2285 3147 2392 3187 non
2449 3141 2626 3186 autem
2685 3147 2780 3201 per
2840 3148 2900 3188 se
2939 3134 3256 3190 subsistant.
3307 3134 3494 3206 Neque

1913 3225 2059 3280 enim
2095 3224 2300 3286 radius,
2332 3231 2425 3276 aut
2451 3222 2561 3287 lux,
2597 3221 2689 3276 alii
2722 3223 2864 3277 soles
2889 3233 3036 3288 sunt,
3061 3225 3153 3280 sed
3182 3227 3320 3281 solis’
3348 3228 3495 3282 velut

1914 3317 2014 3370 rivi
2051 3315 2294 3385 quidam,
2322 3327 2378 3368 et
2409 3313 2796 3368 substantiales
2838 3315 3152 3384 qualitates.
3177 3316 3495 3387 Acpraetcr-

1911 3422 1976 3460 ea
1997 3446 2012 3470 ,
2049 3421 2116 3460 ne
2144 3405 2342 3469 simul,
2369 3413 2424 3460 et
2451 3417 2590 3470 esse,
2615 3413 2670 3458 et
2721 3419 2826 3458 non
2857 3419 2997 3470 esse,
3046 3403 3158 3461 Deo
3187 3407 3242 3460 in
3286 3406 3372 3462 his
3400 3409 3496 3462 de-

1913 3513 2032 3552 mus
2063 3497 2360 3569 (quantum
2390 3512 2454 3551 ex
2516 3496 2618 3551 lioc
2660 3495 2906 3565 exemplo
2939 3496 3117 3567 colligi
3164 3500 3406 3568 potest),
3441 3500 3496 3555 id

1913 3590 2054 3659 quod
2079 3588 2451 3660 superioribus
2469 3590 2628 3643 etiam
2653 3588 2942 3644 absurdius
2956 3588 3139 3644 fuerit.
3163 3590 3304 3658 Quin
3330 3591 3493 3646 etiam

1913 3682 2150 3751 aliquem
2173 3681 2364 3760 audivi
2396 3681 2709 3752 liujusmodi
2733 3680 3141 3736 similitudinem
3165 3683 3498 3738 adumbran-

1911 3783 2042 3830 tem.
2076 3774 2336 3846 Fingebat
2386 3775 2730 3844 splendorem
2784 3776 3070 3846 quemdam
3117 3779 3350 3833 solarcm
3398 3795 3498 3850 pa-

1913 3861 2431 3934 rietiaﬂulgentem,
2472 3873 2636 3934 atque
2672 3879 2738 3918 ex
2793 3880 3059 3935 aquarum
3114 3878 3261 3924 motu
3309 3869 3496 3925 tremi-

1911 3963 2172 4018 scentem,
2207 3968 2391 4024 quem,
2418 3969 2544 4010 cum
2565 3957 2748 4011 radius
2783 3972 2878 4026 per
2903 3957 3284 4015 intermedium
3313 3976 3498 4018 aerem

1911 4047 2230 4117 susceperit,
2258 4056 2442 4116 postea
2464 4047 2641 4104 solido
2665 4063 2730 4104 ac
2747 4049 3016 4106 renitente
3034 4067 3262 4122 corpore
3286 4069 3500 4124 repres-

1911 4153 2026 4206 sus,
2056 4139 2320 4194 mirabilis
2353 4139 2600 4210 quzedam
2672 4141 3000 4197 subsultatio
3048 4145 3295 4208 exsistit.
3317 4145 3500 4204 Multis

1909 4231 2056 4286 enim
2091 4229 2410 4300 crebrisque
2445 4232 2835 4302 agitationibus
2881 4233 3118 4300 subsilit,
3180 4237 3254 4290 ita
3287 4246 3347 4292 ut
3391 4253 3498 4296 non

216 4337 400 4408 magis
430 4351 596 4390 unum
630 4333 722 4394 sit,
776 4346 939 4402 quam
1004 4327 1194 4392 multa,
1253 4341 1352 4382 nec
1404 4340 1595 4381 rursus
1641 4325 1812 4396 magis
1855 4323 2044 4390 multa,
2077 4340 2242 4394 quam
2279 4339 2478 4392 unum;
2544 4340 2608 4380 ac
2675 4333 2823 4380 tanta
2863 4325 3139 4384 celeritate
3179 4329 3289 4385 coit
3339 4331 3501 4389 vicis-

213 4431 346 4492 sim,
381 4437 434 4480 ct
459 4426 807 4487 dissociatur,
838 4432 896 4477 ut
922 4421 1080 4490 prius.
1116 4433 1278 4488 quam
1318 4417 1493 4472 oculis
1524 4426 1804 4482 teneatur,
1846 4416 1972 4488 fuga
2002 4431 2059 4470 se
2085 4416 2367 4486 proripiat.
2940 4424 2953 4437 '

290 4525 416 4580 AP.
457 4521 599 4574 Ἀλλ’
630 4519 752 4572 οὐδὲ
796 4517 953 4571 τοῦτο
991 4514 1106 4586 (95)
1156 4511 1345 4568 θέσθαι
1389 4511 1614 4566 δυνατὸν
1661 4513 1804 4583 ἐμοὶ,

1983 4510 2221 4567 XXXIII.
2258 4511 2362 4567 Sed
2393 4527 2462 4566 ne
2483 4510 2587 4565 hoc
2608 4511 2828 4582 quidem
2857 4513 2974 4582 ipse
3006 4517 3339 4572 constituere
3368 4533 3498 4589 pos-

211 4623 283 4676 δι’
315 4619 375 4675 ἓν
404 4616 526 4691 μὲν,
553 4615 636 4668 ὅτι
668 4613 768 4684 τὴν
802 4611 900 4682 μὲν
936 4609 998 4663 τὸ
1029 4609 1258 4680 κινῆσαν
1289 4606 1399 4678 (96)
1425 4607 1520 4658 καὶ
1547 4606 1686 4660 πάνυ
1711 4605 1808 4678 δῆ-

294 4802 412 4875 (78)
478 4797 552 4852 Τὸ
585 4796 768 4866 μὲν...
804 4793 873 4847 τὸ
906 4793 992 4848 δέ.
1027 4793 1162 4848 Tres
1211 4793 1388 4860 Colb.,
1415 4792 1494 4863 τῷ
1527 4792 1693 4864 μὲν...
1733 4792 1814 4864 τῷ

254 4878 297 4916 ἐγ
1797 4897 1804 4904 .

213 4876 407 5016 aé.(79)
454 4936 615 5016 [ἔρρς
628 4937 911 5016 ἐμαυτόν.
945 4935 1102 5016 ρειεει
1135 4934 1186 4988 in
1207 4934 1339 5016 [ξος.
1372 4949 1423 4988 a.

294 5002 408 5088 (89)
432 5002 716 5088 -Χρὴτῷν
741 5006 919 5060 κάτω.
948 5005 1040 5060 Sic
1077 5015 1186 5059 tres
1218 5002 1382 5076 llegg.
1414 5013 1468 5059 et
1515 5013 1627 5060 tres
1658 5002 1809 5059 Colb.

221 5087 278 5143 In
301 5077 568 5141 ἒάίόθὸει
587 5077 717 5132 τῶν.

296 5158 408 5227 (81)
447 5151 658 5227 Φεύτει
915 5144 1125 5227 aptior,
1153 5146 1310 5227 ἁφὲγ
1345 5143 1522 5200 κάτω.
1560 5144 1810 5214 Plerique

221 5215 404 5292 eodm;
431 5215 625 5292 φεύγει
648 5215 713 5271 τδ
740 5217 922 5292 πλε-ἴον
947 5215 1096 5292 ἀφένΔ
1121 5233 1186 5292 με
1216 5218 1386 5292 κάτω.

293 5285 406 5368 (82)
445 5285 786 5368 Κᾳῐᾷίξλῐζοι.
818 5289 977 5368 ρρθει
1005 5285 1184 5368 xatln'in
1208 5285 1299 5368 9r:
1334 5287 1384 5340 I.

451 5361 541 5440 1‘33
561 5359 790 5440 (Si-ptio
813 5355 982 5440 Rvgg.
1001 5368 1054 5440 et
1083 5357 1244 5412 Coisl.
1277 5360 1297 5410 I
1312 5395 1328 5421 ,
1355 5359 1424 5428 τῇ
1447 5355 1504 5409 δέ

203 5449 208 5454 ·
292 5428 406 5508 (84)
450 5431 821 5510 ξξχῃκιὶθεβ.
841 5428 918 5510 ἐξ,
949 5430 1004 5496 1),
1026 5428 1160 5510 ἔχειἶ

447 5494 800 5558 liii-{Fami
839 5494 1087 5570 Reg.'a,"
1112 5500 1213 5554 κᾶν
1244 5498 1398 5569 δοκῇ.
1448 5496 1582 5552 Trcs
1626 5494 1803 5562 Colb.,

221 5579 370 5634 Bas“
411 5576 537 5630 Bill.
575 5581 630 5626 et
666 5569 961 5634 Leuveuk.,
994 5570 1089 5622 καὶ
1121 5571 1287 5623 δοκεῖ.

269 5601 370 5644 33.,
411 5601 537 5630 Dlll-
575 5601 630 5626 τι
666 5601 1089 5644 μειινυυιιῚ-ιιιι
1121 5601 1287 5623 υυι,;ι.

294 5633 407 5718 (sit)
469 5641 835 5718 τοξᾳαλμός.
892 5659 910 5718 ε
951 5633 1062 5718 lloc
1103 5640 1244 5718 loco,
1283 5658 1302 5691 ι
1359 5638 1531 5706 inquit
1575 5637 1694 5694 Bill.
1741 5651 1808 5692 ex

227 5710 360 5786 Elia,
387 5710 406 5772 ἆ
437 5710 714 5785 signiIiCat
743 5711 1061 5779 principium
1100 5710 1286 5774 fontis,
1327 5726 1357 5764 e
1391 5727 1518 5778 quo,
1555 5721 1806 5778 tanquam

222 5796 290 5850 ab
323 5790 482 5849 oculo
504 5789 620 5847 lux,
654 5789 988 5852 promanate
1021 5788 1164 5835 terra
1197 5797 1570 5851 prortnnuens.
1610 5801 1627 5832 ι

550 5880 825 5940 Parnm"
853 5877 972 5940 Gn.
1007 5875 1309 5938 XXXVI.
1357 5969 1360 5972 _

1879 4627 1887 4634 -
1921 4621 2078 4660 sum:
2111 4605 2346 4674 primum
2379 4604 2659 4674 quoniam,
2701 4605 2833 4674 quid
2871 4604 3150 4676 splendori
3183 4607 3259 4662 illi
3295 4621 3500 4668 motum

1995 4790 2106 4864 (87)
2141 4791 2367 4864 Πάλιν.
2399 4794 2534 4849 Tres
2574 4793 2738 4864 Regg.
2775 4805 2831 4850 et
2861 4792 3050 4848 Coum.
3087 4791 3120 4864 ἢ
3150 4793 3335 4864 πάλιν.

1994 4863 2104 4938 (88)
2137 4863 2384 4938 ’Ἠλιονἒ
2405 4865 2495 4938 Sic
2520 4866 2676 4938 codd.
2706 4864 2957 4938 Prave‘in
2981 4863 3282 4938 οι1.,ᾕλιος.

1995 4932 2105 5011 (89)
2150 4931 2254 5011 Τῷ-
2271 4932 2410 5011 63¢).
2447 4935 2558 5011 I_)uo
2588 4935 2751 4990 Coisl.
2796 4935 3019 5001 addunt,
3061 4931 3229 5007 μόνῳ,
3267 4946 3322 4992 et
3368 4936 3502 5011 Reg.

1919 5017 1974 5066 a,
2001 5003 2160 5076 Δμςςνῳ
2187 5003 2265 5076 τῷ
2291 5005 2482 5076 Πατρί.

2013 5021 2160 5126 gave)
2187 5021 2265 5074 τῳ
2291 5021 2482 5076 ιιατρι.

2139 5075 2648 5156 ςίρημξνωνᾏριιο
2673 5075 2862 5156 Coisl.,
2889 5077 3305 5156 προειρημένων

1992 5144 2104 5218 (ill)
2142 5144 2452 5218 Σχεθεῖονα.
2492 5144 2977 5218 ΕΙ];ιε,ίχεθεῖσα,’‹
3005 5144 3225 5218 81111152.
3269 5169 3288 5200 ι

2153 5215 2504 5301 ςῇνξιτύπῳ.
2528 5215 2776 5301 guislII,
2809 5216 3121 5301 αντιτοίχῳ,
3161 5237 3178 5269 ι
3212 5222 3433 5286 pariete.
3482 5240 3501 5274 ο

1919 5283 2422 5409 ΙθὲθῦὲίΙὶΕγέν-ετο
2450 5286 2570 5341 καί.
2595 5283 2808 5353 Comb.,
2834 5283 3055 5357 ἐγένετό
3073 5283 3189 5351 τις.
3212 5283 3310 5344 Sic
3341 5293 3503 5346 etiam

1940 5367 2050 5410 εαιι
2074 5367 2190 5409 Ulll.

1949 5373 2356 5551 Ζίξξέξξέῗτει.
2396 5427 2488 5484 Sic
2516 5427 2621 5484 duo
2648 5428 2836 5528 Coisl.,
2866 5428 3016 5495 Pan,
3051 5427 3264 5498 Comb.,
3301 5442 3405 5486 etc.
3450 5429 3504 5486 In

1917 5509 2028 5563 ea.,
2050 5509 2232 5551 απτει.
2771 5525 2773 5528 ‹

1991 5569 2102 5641 (95)
2147 5567 2513 5641 ΤοῦτοηΤτθε
2533 5569 2708 5638 Colb.,
2741 5571 2936 5641 τούτῳ,

1991 5638 2104 5710 (96)
2149 5639 2220 5692 Τὸ
2247 5640 2527 5714 κινῆσαν.
2565 5660 2584 5694 ‹
2622 5642 2723 5708 Qui
2760 5638 2900 5698 liunc
2927 5639 3268 5714 splendorem
3294 5648 3509 5700 moveat

1919 5709 2138 5781 (nempe
2170 5711 2406 5782 ventus),
2435 5722 2618 5769 notum
2652 5722 2753 5769 est.
2787 5733 2804 5766 ι

3186 5871 3224 5932 6
