4010 6316
526 347 625 403 ΠΙ

1751 339 1807 393 S.
1851 337 2181 395 GREGURII
2223 340 2570 404 THEOLOGI

3696 343 3821 397 172

524 464 735 531 atl'erat,
760 461 1058 519 admodum
1085 462 1429 533 perspicuum
1458 470 1581 517 est:
1612 469 1666 515 at
1695 460 1806 516 Deo
1842 461 1978 515 nihil
2008 476 2105 515 an-

2215 464 2304 515 λον
2327 481 2338 493 ·
2377 463 2514 516 Θεοῦ
2551 464 2606 517 δὲ
2643 463 2797 533 ούόζὲν
2844 462 3235 534 πρεσϐύτερον,
3274 462 3338 515 ἵν’
3444 478 3495 514 τι
3524 459 3585 515 τὸ
3617 462 3825 518 τοῦτον

525 556 731 627 tiquius
769 564 876 622 est,
902 554 1044 625 quod
1074 555 1173 623 ipsi
1209 562 1418 609 motum
1458 552 1688 608 dederit.
1736 552 1858 621 Ipse
1907 550 2105 621 quippe

523 649 767 703 omnium
803 661 962 702 causa
998 654 1103 710 est,
1135 648 1235 702 nec
1265 644 1632 715 antiquiorem
1663 658 1887 699 causam
1921 643 2101 700 habet.

525 738 730 795 Deinde
757 737 899 807 quod
949 737 1037 792 hic
1067 737 1383 791 earumdem
1428 751 1608 790 rerum
1640 734 1879 805 suspicio
1908 749 2105 790 occur-

524 831 615 895 rit,
650 828 906 883 nimirum
939 827 1370 898 compositionis,
1416 826 1744 888 dill‘usionis,
1778 825 2108 896 incertaeque

524 930 580 975 et
604 920 870 975 instabilis
900 929 1130 988 naturae,
1156 934 1385 990 quarum
1422 919 1561 973 nihil
1589 921 1656 974 de
1686 918 1977 974 divinitate
2011 933 2106 973 co-

524 1013 808 1085 gitandum
835 1024 939 1069 est.
969 1012 1031 1068 In
1066 1028 1278 1068 summa
1316 1012 1450 1067 nihil
1484 1023 1567 1067 est
1597 1013 1648 1065 in
1682 1026 1789 1081 quo
1812 1025 1967 1066 mens
1990 1024 2106 1064 mea

523 1105 750 1176 gradum
772 1108 937 1176 ﬁgere
956 1112 1137 1175 queat,
1162 1104 1311 1170 dum,
1338 1103 1483 1174 quod
1509 1104 1801 1173 imaginor,
1836 1104 1890 1158 in
1919 1118 2107 1157 exem-

522 1196 627 1265 plis
656 1196 979 1262 considero;
1019 1196 1074 1251 ni
1101 1194 1241 1250 forte
1265 1194 1534 1265 qniSpiam
1562 1208 1627 1249 ea
1657 1193 1824 1247 animi
1854 1193 2109 1263 aequitate

522 1290 617 1355 sit,
641 1298 701 1345 ut
721 1304 844 1345 cum
875 1304 1040 1344 unum
1073 1288 1279 1358 aliquid
1322 1303 1388 1343 ex
1438 1288 1718 1358 proposita
1749 1288 1982 1358 imagine
2014 1303 2108 1341 ac-

522 1382 748 1451 ceperit,
778 1380 984 1449 reliqua
1020 1378 1290 1450 projiciat.
1322 1379 1608 1435 Postremo
1639 1380 1823 1449 itaque
1847 1380 1950 1434 hoc
1975 1378 2107 1433 mihi

523 1472 1168 1528 consultissimumvisum
1196 1481 1300 1538 est,
1333 1480 1419 1538 ut,
1454 1471 1637 1528 missis
1657 1471 1814 1527 factis
1847 1470 2103 1541 imagini-

519 1565 625 1620 bus
655 1564 780 1631 illis,
817 1574 980 1635 atque
1013 1566 1254 1632 umbris,
1288 1574 1347 1619 ut
1373 1564 1681 1629 fallacibus,
1709 1564 2110 1634 plurimumque

521 1670 552 1708 a
572 1654 799 1709 veritate
828 1656 1072 1721 remotis,
1093 1655 1240 1724 piam
1270 1654 1385 1723 ipse
1408 1655 1814 1726 cogitationem,
1842 1655 2109 1724 ﬁdemque

520 1744 833 1801 mordacius
857 1745 1144 1813 retineam,
1172 1745 1394 1816 atquein
1415 1745 1599 1815 paucis
1623 1744 1802 1800 verbis
1819 1744 2101 1810 insistens,

2211 559 2530 625 κεκινηκός·
2565 556 2726 618 αὐτὸς
2767 556 2865 626 μὲν
2896 553 3006 626 γὰρ
3049 553 3266 607 πάντων
3298 555 3484 617 αἰτία,
3524 553 3707 607 αἰτίαν
3755 552 3823 607 δὲ

2211 647 2586 718 πρεσϐυτέραν
2632 648 2732 701 ούκ
2770 647 2909 718 ἔχει.
2959 647 3223 718 Δεύτερον
3270 647 3348 709 δὲ,
3394 647 3475 699 ὅτι
3522 644 3823 698 κάνταῦθα.

2208 739 2317 791 τῶν
2349 737 2528 791 αὐτῶν
2574 739 2833 805 ὑπόνοια,
2873 738 3179 802 συνθέσεως
3204 779 3225 798 ,
3267 735 3512 807 χύσεως,
3562 735 3818 789 ἀστάτου

2210 830 2305 883 καὶ
2349 830 2411 882 οὐ
2458 829 2663 898 παγίας
2708 830 2955 899 φύσεως,
3010 823 3085 884 ὧν
3130 829 3283 883 οὐδὲν
3338 827 3618 898 ἐννοητέον
3673 826 3819 893 περὶ

2211 921 2482 991 θεότητος.
2536 922 2644 974 Καὶ
2672 922 2999 985 ὄλωςόύδέν
3041 922 3189 973 ἐστιν
3227 920 3255 972 ὃ
3298 937 3387 991 μοι
3424 919 3524 990 τὴν
3565 918 3818 971 διάνοιαν

2210 1011 2428 1083 ἵστησιν
2472 1014 2565 1065 ἐπὶ
2594 1013 2703 1065 τῶν
2735 1012 3149 1083 ὑποδειγμάτων
3186 1010 3479 1083 Θεωροῦντι
3513 1010 3573 1063 τὸ
3603 1027 3821 1079 φαντα-

2212 1100 2474 1171 ζόμενονο
2527 1102 2665 1175 πλὴν
2712 1103 2767 1155 εἴ
2808 1121 2891 1166 τις
2919 1104 2975 1155 ἓν
3005 1121 3057 1155 τι
3091 1102 3270 1156 λαϐὼν
3303 1103 3403 1173 τῆς
3444 1102 3674 1164 εἰκόνος,
3712 1098 3818 1152 ὑπ’

2212 1193 2654 1266 εὐγνωμοσύνης,
2679 1194 2748 1249 τὰ
2777 1195 2941 1248 λοιπὰ
2974 1194 3202 1266 ῥίψειεν.
3230 1194 3397 1257 Τέλος
3419 1188 3515 1246 οὖν’
3537 1191 3682 1257 ἔδοξέ
3713 1207 3817 1262 μοι

2212 1287 2506 1357 κράτιστον
2538 1282 2699 1354 εἶναι,
2739 1287 2837 1351 τὰς
2868 1287 2966 1358 μὲν
2996 1288 3211 1350 εἰκόνας
3250 1287 3462 1357 χαίρειν
3493 1286 3673 1346 ἐᾶσαι,
3711 1284 3818 1337 καὶ

2214 1377 2389 1440 σκιὰς,
2416 1378 2491 1443 ὡς
2520 1378 2827 1449 ἀπατηλὰς,
2860 1378 2955 1433 καὶ
2981 1380 3080 1450 τῆς
3106 1378 3364 1450 ἀληθείας
3391 1379 3641 1432 πλεῖστον
3665 1378 3816 1430 ἁπο-

2210 1469 2453 1534 δεούσας,
2490 1470 2653 1525 αὑτὸν
2693 1472 2750 1524 δὲ
2787 1472 2885 1543 τῆς
2917 1471 3313 1542 εύσεϐεστέρας
3362 1470 3569 1532 ἐννοίας
3605 1469 3815 1539 ἐχόμε-

2211 1578 2320 1623 νον,
2348 1562 2433 1614 ἐπ’
2462 1562 2658 1631 ὀλίγων
2696 1565 2959 1634 ῥημάτων
2989 1565 3295 1634 ἱστάμενον,
3323 1544 3604 1633 όδηγῷξτῷ
3630 1560 3813 1613 Πνεύ-

2215 1673 2343 1725 ματι
2369 1654 2671 1728 χρώμενον,
2697 1659 2763 1729 ἢν
2786 1656 3037 1710 ἐντεῦθεν
3061 1655 3323 1728 έλλαμψιν
3354 1654 3641 1726 ὲῶξάμην,
3664 1655 3809 1707 ταύ-

2212 1762 2309 1816 την
2346 1747 2426 1809 εἰς
2473 1746 2626 1811 τέλος
2677 1747 3146 1818 διαφυλάσσοντα,
3190 1748 3266 1812 ὡς
3313 1748 3544 1817 γνησίαν
3599 1762 3809 1799 κοινωο

521 1836 764 1906 duceque
812 1836 1018 1906 Spiritu
1050 1847 1240 1892 sancto
1273 1847 1454 1901 utens,
1496 1850 1766 1906 quemque
1801 1835 1888 1890 hic
1918 1836 2101 1905 splen-

2215 1838 2292 1890 νον
2340 1839 2451 1909 (97)
2494 1840 2589 1893 καὶ
2638 1842 2945 1912 συνόμιλον,
2997 1842 3090 1895 τὸν
3148 1840 3319 1895 αἰῶνα
3367 1838 3555 1894 τοῦτον
3608 1839 3811 1892 διαπο-

521 1927 708 1980 dorem
738 1925 947 1995 aecepi,
988 1925 1133 1979 hunc
1160 1926 1229 1981 ad
1259 1933 1565 1981 extremum
1609 1939 1802 1994 usque,
1847 1934 2103 1994 tanquam

523 2018 689 2074 ﬁdum
720 2018 925 2073 socium
949 2029 1004 2075 et
1024 2034 1415 2088 congerronem
1444 2021 1777 2081 custodiens.
1807 2033 1980 2072 aevum
2004 2018 2107 2072 hoc

520 2109 810 2179 trajiciam,
837 2110 1079 2182 aliosque
1101 2127 1197 2183 pro
1224 2112 1433 2167 viribus
1465 2109 1755 2175 adducam,
1781 2118 1841 2164 ut
1866 2109 2102 2174 Patrem,

520 2216 574 2264 et
602 2208 819 2273 Filium,
844 2215 901 2262 et
929 2204 1191 2276 Spiritum
1218 2213 1464 2261 sanctum
1496 2205 1742 2269 adorent,
1777 2217 1939 2257 unam
1971 2200 2110 2256 divi-

2214 1929 2467 2001 ρεύεσΟαι
2496 1932 2850 2004 διατέμνοντα
2886 1933 3018 2005 (98),
3051 1935 3145 1987 καὶ
3184 1934 3310 1998 τοὺς
3356 1932 3548 1995 ἄλλους
3587 1931 3809 1984 πείθειν

2212 2024 2291 2086 εἰς
2341 2023 2588 2095 δύναμιν,
2645 2029 2972 2097 προσκυνεῖν
3031 2026 3271 2097 Πατέρα,
3320 2030 3415 2079 καὶ
3477 2025 3637 2090 Υξὺν,
3698 2023 3807 2076 καὶ

2214 2114 2436 2186 Πνεῦμα
2458 2116 2632 2185 ἆγιον,
2659 2118 2757 2189 τὴν
2791 2118 2921 2188 μίαν
2956 2117 3186 2189 θεότητὰ
3212 2135 3271 2171 τε
3299 2118 3390 2171 καὶ
3408 2116 3634 2186 δύναμιν
3658 2114 3805 2184 (99)·

2210 2208 2292 2261 ὅτι
2327 2208 2475 2279 αύτῷ
2508 2211 2656 2263 πᾶσα
2688 2209 2835 2273 δόξα,
2875 2210 3029 2282 τιμὴ,
3064 2210 3285 2282 κράτος,
3321 2210 3400 2273 εἰς
3436 2209 3560 2271 τοὺς
3590 2206 3805 2270 αἰῶνας

518 2301 742 2356 nitatem
784 2315 847 2355 ae
872 2297 1211 2369 potentiam;
1241 2295 1500 2366 quoniam
1537 2295 1637 2364 ipsi
1684 2294 1864 2350 omnis
1916 2292 2105 2364 gloria,

2215 2302 2315 2354 τῶν
2355 2302 2585 2355 αἰώνων.
2639 2303 2695 2354 Ἀ
2704 2305 2830 2374 μήν.

518 2394 712 2457 honor,
745 2390 1030 2453 imperium
1057 2388 1109 2443 in
1137 2387 1330 2443 saecula
1360 2386 1699 2443 saeculorum.
1732 2386 1931 2441 Arnen.

560 2505 704 2586 ,(97)
745 2504 1065 2560 Κοινωνόν.
1092 2502 1182 2558 Sic
1211 2503 1366 2560 codd.
1394 2502 1646 2559 Mendose
1675 2504 1727 2558 in
1761 2505 1876 2568 ed.,
1911 2519 2103 2556 κοινω-

519 2588 709 2716 ml)238)
749 2641 1165 2714 Διατέμνοντα.
1193 2643 1353 2700 Deest
1382 2645 1433 2699 in
1462 2644 1634 2699 tribus
1663 2643 1813 2700 Coll).

2286 2507 2396 2573 (99)
2437 2508 2541 2561 Kal
2590 2508 2863 2578 δι’·ναμιν.
2908 2508 3037 2577 Reg.
3103 2524 3155 2572 a,
3203 2509 3297 2562 καὶ
3345 2506 3639 2579 βασιλείαν,
3693 2508 3801 2562 καὶ

2211 2577 2457 2648 δύναμιν,
2493 2600 2508 2627 ο
2554 2592 2603 2632 et
2647 2577 2890 2647 regnum,
2920 2589 2973 2632 et
3000 2580 3315 2647 potentiam.
3347 2577 3375 2630 ⁷»

1512 2813 2660 2823 ——.————.————.——-———-———

1016 2948 1792 3060 578MONITUM
1871 2968 1997 3059 IN
2072 2964 2787 3059 ORATIONEM
2861 2906 3285 3058 XXXII.

601 3277 662 3358 l.
709 3275 1113 3358 Theologicis
1159 3278 1561 3341 orationibus
1611 3279 1959 3358 egregiam,
2025 3281 2173 3341 «De
2216 3280 2650 3344 moderatione
2699 3279 2762 3340 in
2798 3277 3340 3355 disputationibus
3373 3260 3707 3348 servanda,
3740 3300 3778 3334 :-

521 3355 988 3437 subjungimus
1016 3359 1395 3420 orationem.
1429 3359 1578 3420 Haec
1611 3355 2033 3437 si'quidem'ad
2073 3360 2488 3437 theologicas,
2523 3368 2582 3419 et
2615 3368 3018 3435 argumento,
3055 3367 3117 3419 et
3161 3364 3444 3431 tempore
3479 3357 3772 3437 progime

522 3436 787 3517 accedit.
823 3437 1077 3517 Dudum
1112 3439 1308 3505 enim.
1364 3444 1432 3497 ut
1458 3438 1586 3517 jam
1623 3435 1789 3517 szepe
1821 3439 1885 3499 in
1921 3435 2433 3516 praecedenti—bus
2470 3439 2731 3501 monitis
2764 3437 3069 3508 vidimus,
3103 3436 3559 3517 haereticorum
3594 3435 3779 3498 furor

518 3516 735 3596 varios
786 3534 857 3578 ac
908 3516 1202 3593 ingentes
1241 3515 1797 3596 Constantinopo“
1844 3515 2163 3579 tumultus
2213 3520 2542 3581 excitarat.
2607 3520 2791 3579 Sacra
2842 3523 2902 3578 et
2957 3515 3507 3596 pretiosaChristi
3556 3518 3785 3596 lu_nica

519 3592 954 3676 undequaqne
990 3592 1329 3676 sacrilegis
1382 3592 1727 3676 impiorum
1768 3596 2613 3676 manibus‘dilacerabatur;
2667 3606 2859 3676 atque
2892 3592 3290 3676 adeotristis
3323 3602 3383 3656 et
3412 3593 3785 3676 calamitosa

521 3681 653 3732 erat
689 3673 786 3753 liis
822 3672 1217 3753 temporibus
1246 3676 1555 3753 Ecclesia:
1588 3674 1804 3745 facies,
1850 3681 1917 3736 ut
1954 3674 2220 3737 confusa
2252 3676 2466 3736 omnia
2507 3683 2568 3736 et
2613 3672 2976 3753 perturbata
3015 3673 3414 3753 viderentur.
3448 3673 3621 3753 Cum
3650 3672 3785 3749 igi-

522 3756 629 3810 tur
687 3750 1036 3827 Gregorius
1091 3751 1154 3811 in
1217 3751 1595 3828 theologicis
1649 3753 2057 3815 orationibus
2113 3754 2396 3816 dilucide
2449 3772 2521 3817 ac
2576 3750 3003 3815 invictissime
3048 3750 3383 3812 Trinitatis
3423 3751 3783 3814 doctrinam

518 3836 1017 3910 propngnassct,
1053 3846 1123 3889 ac
1156 3847 1321 3908 saepe
1363 3831 1600 3906 saepius
1638 3833 1787 3893 totis
1830 3832 2078 3893 viribus
2127 3833 2490 3910 linguarum
2545 3834 2859 3910 pruritum
2898 3834 3153 3909 penitus
3191 3847 3597 3908 compescere
3629 3836 3783 3891 ten-

520 3914 740 3996 tasset,
776 3924 951 3996 nunc
983 3908 1246 3996 domum
1275 3911 1350 3996 de
1380 3909 1850 3996 moderatione,
1895 3911 2126 3996 queain
2160 3908 2713 3996 disputationibus
2748 3912 3059 3996 servanda
3095 3916 3213 3996 est,
3260 3918 3525 3996 tractare
3558 3925 3781 3986 aggre-

520 3984 723 4074 ditur.
774 3986 864 4074 Ae
904 3985 1109 4074 primo
1137 3987 1400 4074 quidem
1445 3987 1837 4074 tumultuum
1980 3984 2463 4074 dissensionum
2509 3990 3044 4074 originemAdneit
3081 3988 3550 4074 abanimorum
3585 3984 3777 4074 petu-

521 4064 740 4152 lantia,
791 4071 865 4152 et
931 4065 1409 4152 a_tem_erilate,
1448 4069 2003 4152 quam_«inscitiaa
2034 4069 2225 4152 tiliam
2257 4092 2286 4125 ιι
2349 4064 2645 4152 nominat
2683 4072 2786 4152 (An.
2823 4068 2923 4149 3).
2976 4069 3073 4129 Ex
3127 4067 3232 4152 his
3266 4068 3437 4152 enim
3487 4064 3781 4130 fontibus

519 4142 806 4203 dimanat
839 4143 1162 4225 quidquid
1197 4149 1329 4206 tum
1364 4146 1425 4205 in
1460 4145 1774 4225 doctrina,
1817 4155 1947 4208 tum
1981 4150 2043 4209 in
2078 4148 2630 4225 disputationibus
2670 4142 2975 4209 vitiosum
3012 4152 3130 4208 est.
3166 4146 3410 4208 Idcirco
3445 4163 3521 4225 ex
3555 4163 3774 4208 rerum

518 4230 874 4282 creatarnm
908 4224 1166 4305 ordine,
1201 4230 1492 4305 pastores
1533 4224 1720 4288 simul
1759 4234 1818 4287 et
1848 4244 2103 4305 gregem
2145 4228 2218 4289 ad
2262 4227 2533 4305 justitim
2570 4228 2950 4304 ordinisque
2984 4229 3158 4302 leges
3189 4224 3775 4305 an'ianterinvitat;

518 4306 829 4390 atq‘ne'ex
864 4302 1456 4390 eleganticorporis
1495 4319 1639 4364 cum
1681 4302 2519 4390 membris_similitndine,_
2552 4302 3172 4390 ostentlit—diversos
3210 4321 3352 4390 esse
3386 4306 3449 4363 in
3484 4303 3773 4365 Ecclesia

517 4379 1063 4464 ordinisgradus,
1106 4388 1165 4442 et
1203 4380 1452 4443 diversa
1503 4385 1938 4445 membrorum
1973 4386 2202 4446 oflicia.
2245 4386 2452 4455 «Alii,
2502 4386 2718 4464 inquit
2749 4386 2848 4464 (η.
2885 4383 3025 4464 11),
3064 4382 3481 4444 dominantur
3512 4389 3571 4443 et
3604 4399 3771 4460 pra:-

516 4465 694 4547 Spnt,
734 4460 851 4549 alii
889 4470 1217 4549 parent_ac
1250 4468 1599 4549 reguntur;
1658 4471 1719 4524 et
1750 4466 2292 4549 quemadmodum
2330 4460 2637 4549 interueds
2674 4460 2787 4549 qni
2822 4463 3098 4549 subsunt
3137 4478 3552 4549 permagnum
3588 4479 3772 4549 repef

512 4537 681 4620 ritur
712 4537 1086 4611 discrimen,
1116 4539 1203 4620 ita
1252 4537 1442 4600 etiam
1475 4540 1643 4620 inter
1679 4537 2013 4617 pra-tectos
2041 4559 2165 4602 non
2198 4561 2385 4620 parva
2424 4537 2787 4605 differentia
2820 4548 2938 4602 est.
2967 4564 2994 4597 »
3031 4537 3214 4615 Quod
3249 4537 3508 4620 quidem
3547 4537 3771 4616 probat

516 4631 595 4676 ex
629 4617 959 4701 Apostolo,
1016 4619 1129 4701 qui
1164 4619 1262 4701 ait
1296 4624 1340 4654 “
1375 4640 1390 4679 :
1429 4640 1458 4674 «
1485 4619 1811 4692 Quosdam
1846 4624 2062 4700 posuit
2094 4617 2264 4685 Deus
2312 4622 2376 4684 in
2414 4623 2697 4685 Ecclesia
2721 4667 2738 4696 ,
2774 4620 3049 4701 primum
3089 4619 3443 4698 apostolos,
3476 4621 3769 4681 secundo

512 4694 883 4770 prephetas,
922 4694 1109 4756 tertio
1140 4697 1458 4769 doctores,
1496 4721 1524 4753 1
1564 4706 1684 4761 etc.

596 4771 702 4860 _ll._
733 4772 981 4860 Deinde
1016 4775 1279 4860 silentii
1306 4777 1549 4836 donum
1583 4794 1659 4839 eo
1699 4780 1897 4860 magis
1930 4780 2204 4851 extollit,
2239 4781 2412 4860 quod
2452 4798 2568 4842 nos
2599 4780 2678 4841 ab
2711 4777 3006 4857 ampliori
3053 4784 3113 4840 et
3162 4778 3437 4855 graviori
3480 4776 3768 4860 periculo

512 4848 816 4943 retrahat.
852 4851 1139 4943 Arduum
1173 4855 1412 4930 quippe
1442 4860 1539 4943 est
1568 4871 1639 4916 ac
1673 4848 2078 4933 perdifficile,
2130 4848 2278 4920 non'
2310 4861 2518 4943 solum
2573 4876 2679 4943 _r_cs
2738 4848 2992 4943 divinas
3050 4848 3272 4943 mente
3308 4848 3646 4943 consequi,
3706 4863 3766 4919 et

511 4928 739 5019 verbis.
765 4928 1367 5019 explicare,_.verum
1403 4931 1591 5019 etiam
1634 4928 1929 5019 purgatas
1964 4928 2513 5019 auresinancisci.
2573 4938 2708 5019 Non
2762 4938 2912 5019 inde
2949 4944 3160 5019 tamen
3200 4936 3274 4995 ad
3310 4950 3500 5019 omne
3527 4928 3756 5013 dispu-

512 5010 1019 5093 tationisgenus
1047 5010 1289 5093 aditum
1326 5010 1795 5093 occludendum
1839 5023 2055 5091 putat;
2091 5016 2201 5076 sed
2230 5016 2410 5093 jubet
2446 5035 2475 5074 a
2502 5016 2816 5093 pertinaci
2852 5015 3266 5076 contentione
3300 5010 3655 5093 abstinere;
3693 5033 3767 5075 ac

511 5095 746 5166 praeter
792 5088 993 5163 legem
1044 5093 1104 5149 et
1152 5089 1441 5149 ordinem
1492 5091 1722 5151 docere
1773 5088 2041 5155 omnino
2094 5088 2281 5156 vetat.
2324 5088 2895 5166 Quemadmodum
2949 5095 3120 5153 enim
3176 5093 3370 5152 nimia
3416 5093 3483 5152 in
3524 5092 3766 5153 divinis

510 5164 711 5257 rebus
751 5167 1033 5257 tarditas,
1072 5166 1388 5257 itanimia
1422 5167 1612 5257 etiam
1666 5169 1999 5257 festinatio
2030 5175 2257 5257 eodem
2298 5164 2583 5251 periculo
2624 5173 3102 5257 laboratLBona
3137 5172 3402 5257 quidem
3443 5169 3764 5248 spiritua-

510 5241 622 5333 lia,
650 5251 956 5334 quitatem
995 5246 1060 5306 in
1093 5248 1319 5334 veteri,
1357 5255 1487 5307 tum
1526 5246 1591 5308 in
1627 5265 1785 5334 nova
1815 5250 1962 5334 lege
2015 5241 2479 5334 reconduntur,
2523 5259 2671 5334 sunt
2713 5251 3019 5334 omnibus
3058 5241 3438 5334 hominibus
3472 5241 3763 5334 commu-

510 5323 642 5413 nia.
679 5323 910 5414 ljlx
961 5326 1411 5414 unusquisque
1447 5342 1557 5414 pro
1608 5323 2185 5414 modulo'haurire
2234 5331 2423 5391 debet
2454 5323 2473 5400 ς’
2510 5333 2637 5414 sed
2700 5331 2976 5414 masime
3016 5330 3420 5414 cavendum,
3476 5344 3556 5414 ne
3610 5331 3764 5404 quis

515 5401 716 5462 animi
749 5401 1036 5493 elatione
1071 5401 1416 5493 novitatem
1449 5401 1785 5480 affectans,
1822 5416 1882 5470 et
1914 5412 1988 5493 ad
2022 5409 2249 5493 omium
2294 5410 2639 5493 ascendere
2677 5410 2974 5485 cupiens,
3023 5424 3301 5493 praeceps
3342 5408 3409 5468 in
3448 5401 3759 5493 abyssum

511 5487 788 5543 corruat.
825 5482 1091 5571 «Melior
1120 5493 1212 5544 est
1250 5506 1277 5538 ιο
1303 5485 1479 5572 enim
1515 5507 1545 5541 α
1581 5503 1822 5565 pauper
1847 5489 2183 5572 ambulans
2220 5490 2280 5550 in
2310 5489 2720 5572 simplicitate
2755 5482 2932 5572 sua,»
2966 5482 3398 5572 quannilfat‘uus
3446 5482 3763 5572 labiisquo

510 5574 876 5647 perversusﬂ,
912 5564 1022 5640 qui
1058 5564 1587 5625 contentionibus
1612 5573 1670 5626 et
1701 5564 2097 5645 argumentis
2130 5567 2347 5647 inepte
2392 5564 2584 5647 atque
2617 5566 2913 5647 imperite
2950 5564 3488 5647 conﬁdit”._1‘_iam
3526 5564 3580 5624 si
3614 5564 3766 5642 quis

516 5638 802 5724 linguam
840 5638 1019 5702 freno
1056 5655 1352 5724 coercere
1389 5659 1513 5724 non
1552 5638 1938 5724 potestfipsi
1975 5656 2145 5708 certe
2180 5638 2390 5707 furere
2428 5638 2498 5707 ac
2552 5638 2833 5709 insanire
2872 5644 3229 5724 continget.
3290 5643 3465 5724 Hine
3509 5638 3761 5724 omnes,

516 5723 577 5776 et
604 5719 898 5796 praelatos
937 5727 995 5781 et
1033 5720 1351 5792 subditos,
1380 5722 1457 5782 ad
1491 5719 1873 5789 humilitatis
1909 5727 2206 5789 virtutem
2243 5726 2636 5801 cohortatur,
2684 5741 2928 5804 eosque
2961 5719 3278 5799 stimulat,
3312 5729 3405 5800 ut,
3453 5722 3518 5783 in
3552 5722 3762 5784 enini-

573 5860 620 5896 “
648 5860 668 5918 Ι
694 5861 817 5920 Cor.
850 5878 949 5930 xu,
986 5862 1073 5918 28.
1115 5865 1155 5896 ”
1186 5862 1343 5920 Prov.
1378 5879 1491 5931 xix,
1528 5866 1574 5919 l.
