4010 6316
532 376 635 430 173
1747 369 1805 427 S.
1845 369 2105 428 GREGOF

2216 369 2559 424 THEOLOGI
3680 378 3787 432 176

529 507 752 566 ceptus;
786 496 927 566 quod
971 501 1188 550 rectoue
1215 489 1418 558 judicio
1463 502 1525 543 ac
1570 489 1797 555 ratione,
1831 505 1899 543 an
1934 489 2100 543 animi

2216 489 2368 560 φησὶν
2398 492 2424 542 ὁ
2472 489 2612 551 θεῖος
2655 489 2992 554 ἰδιπόσττλλος,
3024 491 3118 543 καὶ
3144 489 3373 560 δηλώσει
3409 493 3594 562 σαφῶς
3624 495 3657 564 ἡ
3685 511 3789 566 της

529 589 898 646 malevolentia
927 597 979 642 et
998 583 1358 641 contentionis
1381 581 1558 637 studio
1583 581 1692 648 fiat,
1718 582 1898 635 nescio
1927 602 1936 635 :
1961 581 2098 634 Deus

526 683 619 736 scit
655 684 717 746 η,
749 679 918 749 inquit
944 675 1248 746 Apostolus,
1278 674 1440 743 idque
1471 673 1814 727 revelationis
1834 673 1946 727 dies
1977 687 2100 740 per-

527 773 710 842 spicue
733 770 1045 831 declarabit,
1071 768 1318 838 ignisque
1345 766 1431 821 ille
1457 773 1758 835 postremus
1779 765 1842 828 η,
1866 778 1972 832 quo
2003 778 2100 817 uo-

527 873 636 917 stra
686 861 864 915 omnia
911 858 1301 929 expendentur,
1340 867 1432 910 aut
1479 855 1866 926 purgabuntur.
1917 853 2102 908 Enitar

530 963 730 1013 tamen,
760 958 1017 1018 quantum
1059 957 1267 1016 potero,
1298 945 1542 1012 daboque
1582 959 1824 1013 Operam,
1868 959 1936 997 ne
1975 958 2101 1013 gra-

531 1045 657 1097 tiam
706 1040 959 1096 divinitus
992 1047 1264 1107 acceptam
1308 1049 1548 1106 premam
1603 1044 1768 1104 atque
1809 1033 2100 1097 occultem,

527 1149 590 1188 ac
632 1134 904 1186 lucernam
945 1129 1045 1184 sub
1086 1127 1264 1183 modio
1307 1141 1501 1197 ponam
1532 1126 1596 1189 ",
1628 1127 1998 1193 talentumqne
2043 1124 2096 1178 in

529 1235 671 1279 terra
717 1220 982 1276 defodiam
1014 1218 1056 1251 ⁸⁸
1106 1219 1240 1289 (haec
1265 1218 1407 1272 enim
1451 1232 1479 1272 a
1522 1215 1673 1270 vobis
1715 1230 1858 1284 saepe
1891 1215 2089 1279 audivi,

2211 581 2605 650 ἀποκαλύψεως
2634 582 2832 652 ἡμέρα,
2862 583 2954 634 καὶ
2981 583 3038 634 τὸ
3064 583 3367 637 τελευταῖον
3391 583 3523 656 πῦρ,
3545 577 3588 652 ᾧ
3611 585 3789 639 πάντα

2212 670 2457 740 κρίνεται
2509 671 2540 741 ἢ
2580 671 2898 741 καθαίρεται
2937 672 3004 724 τὰ
3050 673 3310 744 ἡμέτερα.
3357 674 3694 745 Πειράσομαι
3741 675 3788 728 δ’

2207 763 2353 832 ὅμως
2403 764 2482 825 είς
2533 762 2762 833 δύναμιν
2819 764 2892 834 μὴ
2945 765 3349 836 κατακρύπτειν
3405 767 3464 818 τὸ
3513 768 3786 838 χάρισμα,

2213 853 2335 924 μηδ’
2375 853 2480 906 ὑπὸ
2514 853 2603 906 τὸν
2642 854 2820 924 μόδιον
2850 855 3052 908 τιθέναι
3081 856 3170 909 τὸν
3199 855 3409 926 λύχνον,
3449 858 3582 928 μηδὲ
3611 875 3786 910 κατα-

2210 942 2467 1012 χωννύειν
2492 943 2552 995 τὸ
2571 944 2828 998 τάλαντον
2857 944 2912 1014 (ἃ
2941 945 3200 1008 πολλάκις
3228 946 3432 1014 1ἥκουσα
3468 948 3596 1016 παρ’
3629 947 3788 1017 ὑμῶν

2212 1031 2309 1101 τὴν
2352 1031 2546 1101 ἀργίαν
2596 1032 3000 1097 ὀνειδιζόντων,
3046 1034 3138 1086 καὶ
3182 1034 3640 1105 δυσχεραινόντων
3685 1037 3787 1107 τὴν

2205 1124 2415 1195 σιωπὴν
2460 1123 2617 1196 [9]),
2671 1124 2805 1178 ἀλλὰ
2873 1125 3049 1194 λόγοις
3124 1125 3382 1196 ἀληθείας
3442 1127 3789 1182 ὲκπαιδεύειν

2200 1215 2291 1266 καὶ
2324 1213 2685 1285 συναρμόζειν
2713 1214 2792 1285 τῷ
2821 1215 3120 1286 Πνεύματι.

529 1332 648 1370 cum
693 1313 824 1368 mihi
857 1312 1208 1367 cessationem
1243 1320 1403 1380 atque
1437 1309 1696 1364 desidiam
1738 1309 1935 1376 probro
1974 1307 2276 1371 vertet-etis,
2309 1322 2372 1361 ac
2399 1307 2668 1363 silentium
2734 1317 2973 1364 nostrum
3029 1309 3267 1379 graviter
3295 1319 3350 1364 et
3413 1310 3601 1379 iniquo
3663 1312 3787 1364 ani-

528 1420 616 1459 mo
638 1401 895 1469 ferrctis),
925 1416 1104 1456 verum
1129 1412 1186 1456 ut
1208 1400 1714 1456 veritatisdoetrina
1735 1413 1831 1454 vos
1857 1398 2098 1454 erudiam
2139 1411 2204 1451 ac
2235 1411 2328 1466 per
2350 1388 2611 1467 Spiritum
2644 1401 2940 1454 concordes
2972 1401 3215 1454 reddam.

599 1501 667 1556 11.
702 1498 855 1554 Unde
905 1497 1067 1567 igitur
1109 1512 1204 1551 vos
1252 1497 1517 1550 instruere
1560 1496 1848 1564 incipiam,
1896 1493 2092 1548 fratres

529 1593 939 1660 mei?Autqua
985 1589 1224 1644 oratione
1263 1588 1517 1650 athletas,
1561 1601 1788 1656 quorum
1835 1593 1917 1642 est
1954 1599 2092 1654 pra:-

2264 1492 2336 1546 B'.
2371 1493 2540 1546 Πόθεν
2556 1489 2893 1566 οὗνᾶρξομαι
2934 1494 3282 1566 καταρτίζειν
3303 1495 3598 1566 ὑμᾶςμο),
3629 1496 3788 1550 ἁδελ-

2202 1585 2290 1655 φοί
2316 1603 2329 1651 ;
2357 1587 2466 1638 Καὶ
2491 1587 2600 1638 τίσι
2630 1585 2805 1654 Λόγοις
2847 1590 3063 1658 τιμήσω
3109 1589 3235 1651 τοὺς
3265 1587 3503 1658 ἀθλητὰς
3534 1588 3666 1659 (1·1),
3711 1582 3788 1641 ὧν

527 1679 653 1742 εοηε
688 1685 801 1739 haec
825 1681 1129 1745 celebritas,
1163 1678 1409 1734 ornabo?
1449 1675 1588 1744 Quid
1625 1677 1856 1746 primum
1899 1677 2094 1740 dicam,

2216 1647 2236 1748 ἦ
2276 1647 2524 1748 παροῦσα
2565 1647 2918 1748 πανηγυριςξ
2947 1647 3010 1730 Τί
3046 1647 3263 1750 πρῶτον
3304 1647 3445 1732 εἴπω
3479 1647 3696 1751 (ἀκμή
3735 1681 3788 1732 τί

529 1789 623 1836 aut
660 1778 786 1848 quid
810 1773 1134 1830 maximum?
1164 1771 1302 1838 Quid
1335 1770 1616 1824 animabus
1641 1769 1837 1824 vestris
1867 1770 2100 1824 maxime

530 1867 906 1941 profuturum?
949 1865 1054 1918 Aut
1100 1861 1228 1932 quid
1274 1861 1396 1916 huic
1451 1859 1678 1928 tempori
1725 1859 2098 1913 commodissi-

532 1959 716 2014 mum?
759 1956 816 2011 ld
855 1968 981 2008 vero
1021 1953 1123 2006 hac
1171 1952 1384 2004 demum
1420 1948 1626 2002 ratione
1678 1945 2096 2016 perspiciemus.

531 2051 797 2119 Quidnam
832 2047 882 2101 in
919 2055 1097 2100 noStra
1139 2042 1380 2098 doctrina
1424 2039 1931 2110 praestantissimum
1981 2038 2102 2093 est?

531 2144 660 2198 Pax.
694 2139 896 2195 Addam
939 2136 1099 2191 etiam
1140 2133 1510 2188 utilissimum.
1557 2131 1776 2194 Contra,
1808 2128 1936 2197 quid
1973 2136 2103 2182 tur-

529 2235 808 2305 pissimum
834 2244 896 2283 ac
919 2216 1474 2298 perniciosissimum?
1505 2221 1799 2274 Discordia.
1834 2220 2100 2286 Quoniam

530 2338 709 2384 autem
737 2325 876 2389 hanc
922 2319 1272 2393 quaestionem
1321 2313 1599 2386 proposui,
1634 2314 1790 2382 eique
1818 2313 2097 2383 respondi,

531 2422 674 2493 quod
730 2416 1023 2475 secundum
1065 2420 1170 2475 est,
1198 2412 1421 2476 insuper
1461 2405 1797 2461 sciscitabar.
1834 2407 2100 2472 Quidnam

531 2513 798 2583 praecipue
834 2508 978 2562 illam
1006 2502 1241 2566 sustulit,
1273 2509 1326 2556 et
1355 2499 1495 2554 hanc
1524 2498 1763 2553 invexit?
1801 2498 1888 2563 Ut,
1914 2513 2103 2566 quem-

483 2585 486 2588 ,
533 2604 820 2659 admodum
841 2600 893 2653 in
917 2609 1202 2666 corporum
1229 2591 1455 2656 morbis,
1481 2591 1660 2646 causis
1688 2591 1837 2660 prius
1867 2590 2101 2644 circum-

535 2698 681 2761 cisis,
709 2709 772 2750 ac
797 2690 1221 2748 turbulentorum
1248 2685 1412 2740 animi
1437 2683 1834 2753 permotionum
1863 2683 2104 2738 fontibus

535 2787 826 2843 ohstructis
887 2793 979 2837 aut
1019 2778 1327 2842 exsiccatis,
1381 2778 1454 2831 ita
1509 2775 1723 2831 demum
1778 2774 2104 2845 proﬂuentes

539 2883 662 2936 hinc
704 2877 907 2932 rivulos
949 2872 1277 2940 eﬂ‘ectusque
1317 2867 1478 2924 simul
1517 2877 1874 2937 amputemus.
1922 2867 2103 2938 Neque

2205 1770 2491 1840 μέγιστον;
2525 1770 2588 1822 Τί
2623 1770 2857 1840 μάλιστα
2890 1770 3165 1842 συμφέρον
3195 1774 3315 1833 ταῖς
3348 1771 3639 1840 ὑμετέραις
3672 1772 3787 1841 (15)

2200 1861 2432 1930 ψυχαῖς;
2495 1862 2565 1914 Ἦ
2619 1861 2673 1913 τί
2703 1861 2781 1932 τῷ
2834 1863 3060 1932 παρόντι
3104 1862 3280 1933 καιρῷ
3329 1862 3786 1932 χρησιμώτατον;

2202 1955 2468 2024 Γνοίημεν
2515 1954 2562 2007 δ’
2594 1955 2660 2008 ἂν
2698 1955 2875 2008 οὕτω·
2924 1953 2988 2007 Τί
3030 1954 3123 2008 τοῦ
3169 1954 3437 2025 ἡμετέρου
3481 1956 3593 2025 (id)
3623 1955 3787 2023 λόγου

2201 2045 2259 2096 το
2297 2045 2614 2110 κάλλιστον;
2660 2045 2722 2098 Ἡ
2755 2046 2946 2115 εἰρήνη
2971 2063 2982 2073 ·
3023 2043 3316 2114 προσθήσω
3348 2045 3414 2106 δ’,
3454 2046 3536 2098 ὃτι
3582 2045 3678 2096 καὶ
3727 2045 3790 2097 τὸ

2202 2137 2665 2192 λυσιτελέστατον.
2709 2139 2773 2191 Τί
2806 2137 2894 2191 δαὶ
2941 2139 3000 2191 τὸ
3035 2141 3312 2208 αἴσχιστον
3343 2138 3439 2190 καὶ
3477 2137 3538 2189 τὸ
3586 2137 3788 2206 βλαϐε-

2205 2228 2443 2300 ρώτατον
2467 2247 2480 2293 ;
2517 2230 2582 2282 Ἠ
2611 2229 2847 2301 διχόνοια
2876 2229 3008 2300 (15).
3046 2230 3200 2282 Ἐπεὶ
3227 2229 3282 2282 δὲ
3311 2229 3469 2281 τοῦτο
3498 2227 3786 2299 ἠρώτησα,

2204 2320 2293 2372 καὶ
2342 2320 2748 2391 ἀπεκρινάμην,
2803 2321 3220 2392 προσερήσομαι
3265 2320 3357 2373 καὶ
3401 2319 3462 2371 τὸ
3500 2317 3786 2388 δεύτερον·

2203 2412 2268 2463 Τί
2293 2411 2353 2463 τὸ
2385 2412 2616 2482 μάλιστα
2644 2410 2809 2464 λῦσαν
2841 2410 3085 2481 ὲκείνηνς
3116 2411 3224 2464 Kal
3264 2410 3317 2462 τί
3348 2410 3405 2462 τὸ
3433 2409 3636 2479 ταύτην
3673 2411 3791 2462 είσ-

2203 2503 2438 2570 αγαγόν;
2466 2502 2582 2566 ’Ίν’,
2603 2501 2789 2574 ὥσπερ
2823 2506 2878 2555 ὲν
2908 2505 3019 2566 τοῖς
3044 2505 3336 2573 νοσήμασι,
3361 2501 3429 2554 τὰ
3452 2502 3600 2554 αἴτια
3629 2517 3696 2552 πε
3706 2518 3792 2572 pt-

2205 2594 2494 2664 κόψαντες,
2521 2596 2616 2648 καὶ
2649 2595 2747 2658 τὰς
2773 2595 2953 2665 πηγὰς
2999 2595 3105 2647 τῶν
3156 2593 3344 2647 παθῶν
3384 2592 3790 2664 ἐμφράξαντες,

2203 2685 2236 2755 ἦ
2268 2686 2730 2756 ἀποξηράναντες,
2751 2685 2894 2739 οὕτω
2928 2686 3020 2738 καὶ
3054 2685 3121 2738 τά
3149 2685 3357 2738 ἐκεῖθεν
3407 2683 3657 2754 ῥεύματα
3697 2684 3797 2735 καὶ

2204 2778 2619 2848 ἀποτελέσματα
2677 2777 3118 2848 συνεκκόψωμεν.
3193 2778 3326 2830 Οὑδὲ
3382 2777 3490 2846 γὰρ
3559 2771 3670 2828 οἷόν
3731 2791 3792 2828 τε

2206 2869 2475 2936 γνῶναίτι
2497 2871 2609 2940 (16)
2636 2870 2764 2940 περὶ
2787 2870 2886 2939 τῆς
2913 2870 3167 2940 τελευτῆς
3193 2869 3390 2933 καλῶς,
3427 2868 3501 2939 μὴ
3533 2868 3660 2940 περὶ
3693 2869 3796 2938 τῆς

535 2974 676 3026 enim
709 2968 824 3023 fieri
852 2973 1044 3037 potest,
1077 2973 1156 3029 ut,
1184 2959 1460 3031 principiis
1489 2975 1591 3013 non
1625 2970 1771 3014 recte
1794 2959 2105 3014 considera-

2216 2962 2381 3034 ἀρχῆς
2408 2962 2582 3032 ὀρθῶς
2609 2962 3003 3032 σκεψαμένους.
3039 2962 3304 3015 Βούλεσθε
3333 2959 3426 3016 οὖν
3479 2963 3638 3032 ὑμεῖς
3693 2961 3795 3033 τὴν

538 3066 624 3130 tis,
659 3061 948 3134 quidquam
980 3057 1045 3112 de
1075 3055 1178 3108 (itte
1204 3053 1460 3122 praeclare
1488 3065 1903 3121 cegnoscamus.
1933 3049 2106 3105 Vultis

537 3156 699 3223 igitur
725 3166 817 3206 vos
844 3148 944 3219 ipsi
983 3146 1263 3214 utriusque
1291 3142 1370 3196 rei
1405 3157 1627 3197 causam
1659 3139 1904 3210 proferre
1929 3155 1993 3194 ac
2015 3140 2107 3195 de-

539 3245 783 3304 clarare?
821 3245 901 3298 An
955 3240 1083 3295 mihi
1120 3237 1320 3309 potius,
1359 3235 1548 3290 medici
1589 3248 1809 3288 munere
1845 3232 2110 3303 fungenti,

537 3356 657 3396 eam
709 3333 1051 3392 indicandam
1099 3341 1155 3386 et
1202 3327 1576 3398 corrigendant
1627 3324 1969 3393 relinquitis?
2002 3322 2112 3394 Ego

539 3429 704 3493 enim,
736 3435 790 3482 et
823 3423 981 3495 581
1021 3421 1198 3477 dicere
1223 3429 1446 3490 paratus
1489 3432 1634 3480 sum,
1683 3416 1729 3471 si
1765 3418 1834 3471 ita
1869 3415 2114 3471 voluntas

538 3528 715 3576 vestra
757 3517 917 3582 ferat,
951 3524 1006 3570 et
1034 3513 1274 3568 dicentes
1321 3509 1512 3564 audire
1558 3509 1814 3580 paratior.
1847 3508 1952 3564 Sed
1980 3509 2116 3564 nihil

542 3613 749 3679 dubito,
778 3611 906 3681 quin
939 3606 1149 3664 dicendi
1180 3618 1374 3660 munus
1398 3601 1530 3656 mihi
1565 3597 1912 3666 concedatis;
1951 3616 2112 3670 quem

542 3719 649 3759 non
671 3701 890 3756 omnino
917 3696 1218 3767 imperitum
1249 3703 1302 3748 et
1323 3691 1772 3748 contemnendum
1805 3691 2112 3746 morborum

541 3791 849 3866 huiusmodi
878 3789 1164 3854 medicum,
1184 3794 1277 3840 aut
1298 3786 1350 3839 iu
1373 3782 1626 3839 curandis
1646 3781 1841 3836 animis
1869 3782 2111 3850 ignarum

543 3886 771 3941 fortasse
799 3877 1120 3937 existimatis
1150 3896 1164 3931 :
1199 3876 1310 3931 sive
1339 3875 1393 3929 id
1425 3883 1591 3936 recte,
1623 3873 1741 3928 sive
1771 3887 1930 3928 secus
1967 3872 2113 3927 arbi-

542 3976 780 4032 tremini.
807 3973 918 4029 Nec
947 3985 1075 4027 vero
1107 3968 1302 4024 mirum
1341 3965 1498 4021 vobis
1525 3965 1787 4028 videatur,
1818 3965 1862 4018 si
1894 3978 2110 4030 novam,

435 4084 448 4093 υ
544 4075 599 4120 ct
639 4065 707 4122 ab
756 4063 1056 4118 animorum
1089 4067 1390 4114 vestrorum
1435 4054 1682 4110 sensibus
1715 4052 1944 4106 alienam
1981 4067 2106 4106 ora-

2212 3053 2391 3107 αἰτίαν
2423 3055 2534 3123 (17)
2570 3055 2742 3107 εἰπεῖν
2775 3055 2870 3106 καὶ
2899 3054 3161 3125 γνωρίσαι
3183 3056 3306 3121 ,Ἦ
3348 3055 3468 3125 ἐμοὶ
3505 3053 3584 3125 τῷ
3624 3053 3793 3124 θερα-

2213 3146 2382 3214 πευτῇ
2420 3147 2820 3216 παραχωρεῖτε,
2859 3147 2952 3199 καὶ
2981 3145 3219 3217 δηλῶσαι
3254 3145 3457 3216 ταύτην
3480 3185 3494 3210 ,
3528 3145 3621 3197 καὶ
3648 3144 3797 3216 διορ-

2210 3234 2483 3288 θώσασθαι
2508 3252 2522 3300 ;
2555 3237 2662 3289 Καὶ
2690 3237 3002 3314 γὰρὶείπεῖν
3043 3236 3381 3306 βουλομένων
3411 3238 3630 3306 ἕτοιμος
3651 3277 3664 3300 ,
3699 3237 3798 3290 καὶ

2209 3327 2427 3379 ἀκούειν
2457 3326 2724 3396 λεγόντων
2764 3317 3121 3399 ἑτοιμότερος.
3152 3329 3537 3400 Παραχωρεῖτε
3570 3328 3668 3398 μὲν
3687 3367 3704 3392 ,
3735 3323 3795 3381 εὖ

2207 3413 2302 3471 οἷδ’
2353 3419 2464 3472 ὅτι·
2516 3420 2610 3473 καὶ
2653 3421 2761 3492 γάρ
2805 3409 3153 3492 οὑ²φαύλους
3210 3421 3429 3491 ἰατροὺς
3466 3421 3615 3492 ἡμᾶς
3683 3420 3798 3473 τῶν

2209 3511 2466 3563 τοιούτων
2499 3510 2628 3574 ἴσως
2656 3511 3069 3580 ὑπολαμϐάνετε
3094 3552 3108 3575 ,
3141 3512 3248 3564 οὐδ’
3281 3511 3416 3580 (17⁸)
3447 3511 3680 3582 ἀμαθεῖς
3707 3513 3800 3565 θε-

2221 3603 2451 3674 ραπείας
2488 3603 2674 3672 ψυχῶν
2695 3621 2708 3635 ’
2745 3605 2852 3657 εἴτε
2884 3600 2976 3658 οὖν
3013 3605 3254 3675 φαύλως,
3292 3603 3401 3658 εἴτε
3436 3603 3610 3676 ὀρθῶς
3637 3603 3804 3658 τοῦτο

2221 3693 2712 3763 ὑπολαμϐάνοντες.
2768 3697 2859 3767 Μὴ
2906 3697 3222 3767 θαυμάσητε
3267 3696 3346 3761 δὲ,
3403 3697 3451 3748 εί
3493 3695 3800 3767 παράδοξον

2220 3784 2331 3856 ἐρῶ
2369 3785 2552 3854 λόγον·
2603 3788 2698 3840 καὶ
2745 3789 2854 3860 γάρ
2904 3790 3019 3842 ἐστι
3067 3787 3369 3860 παράδοξος
3421 3788 3547 3858 μὲν,
3591 3787 3800 3858 ἀληθὴς

2218 3875 2296 3939 δὲ,
2333 3874 2408 3938 ὡς
2446 3874 2621 3946 ἔγωγέ
2665 3895 2826 3949 φημι,
2877 3879 2970 3933 καὶ
3019 3881 3177 3950 ὑμεῖς
3215 3881 3551 3952 συμφήσετε,
3588 3878 3654 3932 ἂν
3681 3880 3802 3948 (18)

2219 3967 2306 4019 διά
2339 3967 2523 4032 τέλους
2571 3969 2761 4041 μαθεῖν
2792 3971 3140 4043 ἀναμείνητε,
3174 3971 3310 4026 ἀλλὰ
3357 3972 3453 4043 μὴ,
3484 3972 3513 4026 ὃ
3554 3973 3800 4042 ἐγκαλῶ,

2224 4057 2454 4130 πάθητε,
2473 4062 2568 4114 καὶ
2591 4062 3026 4134 προεξαναστῆτε
3053 4062 3147 4115 τοῦ
3174 4063 3330 4132 λόγου
3355 4062 3443 4117 διά
3465 4063 3798 4135 θερμότητα.

547 4162 748 4216 tionem
789 4157 1036 4212 attulero.
1083 4153 1398 4222 Quanquam
1431 4147 1575 4204 enim
1605 4149 1672 4202 ab
1701 4147 2104 4216 exspectatione
2141 4159 2194 4204 et
2215 4154 2468 4222 OpilliOtIe
2499 4167 2697 4224 vestra,
2727 4166 3036 4212 nontamen
3098 4173 3128 4211 a
3187 4159 3416 4213 veritate
3446 4158 3799 4226 discrepabit,

545 4264 605 4308 ut
643 4253 854 4324 quidem
893 4251 1007 4320 ipse
1038 4248 1266 4310 atlirmo,
1295 4260 1358 4298 ac
1397 4258 1492 4298 vos
1536 4241 1925 4307 assentiemini,
1958 4242 2004 4295 si
2037 4244 2103 4298 ad

2216 4257 2440 4303 tremum
2475 4265 2642 4320 usque
2668 4253 2855 4307 audire
2884 4253 3271 4318 sustinueritis,
3297 4269 3361 4309 ac
3416 4268 3521 4308 non
3590 4254 3800 4323 ipsum,

545 4352 688 4420 quod
709 4347 924 4417 objicio,
947 4344 1097 4400 vobis
1126 4357 1224 4397 usn
1253 4340 1450 4405 veniat,
1518 4338 1773 4395 nimirum
1833 4350 1894 4395 ut
1951 4356 2062 4411 pra:
2093 4345 2397 4398 animorum
2439 4345 2672 4412 fervore,
2711 4359 3002 4418 antequam
3040 4350 3109 4405 ad
3140 4349 3342 4404 calcem
3369 4347 3543 4403 oratio
3601 4364 3804 4419 perve-

545 4447 711 4511 nerit,
736 4442 1056 4514 exsurgatis.

615 4539 703 4595 lll.
735 4537 954 4609 Ingenia
985 4549 1180 4606 magna
1210 4541 1265 4589 et
1289 4531 1546 4587 ferventia
1574 4529 1835 4585 tumultus
1862 4530 2020 4598 istos,
2057 4531 2105 4586 itt

2288 4530 2361 4584 1".
2401 4529 2595 4590 Φύσεις
2626 4529 2824 4602 θερμαὶ
2856 4533 2950 4585 καὶ
2988 4533 3240 4603 μεγάλαι,
3265 4532 3362 4602 τῆς
3395 4534 3640 4602 ταραχῆς
3667 4529 3804 4584 ταύ·

545 4639 742 4710 quibus
778 4648 1076 4696 versamur,
1109 4630 1442 4691 excitarunt,
1475 4640 1581 4680 non
1616 4624 1703 4680 illa
1731 4625 1948 4694 quidem
1979 4625 2114 4680 sitn-

545 4725 758 4796 pticiter
784 4735 977 4792 magna
1009 4728 1063 4775 et
1095 4717 1358 4773 ferventia
1392 4716 1514 4787 (nec
1542 4714 1684 4769 enim
1713 4715 1749 4769 ii
1773 4730 1962 4770 sumus
1981 4755 1998 4782 ,
2023 4715 2114 4786 qui

547 4819 849 4871 animorttm
885 4809 1235 4866 acrimoniam
1273 4809 1325 4862 in
1356 4807 1487 4862 vitio
1516 4820 1782 4876 ponamus
1804 4845 1819 4872 ,
1857 4807 1974 4862 sine
2006 4822 2110 4876 qua

549 4921 711 4964 nemo
739 4916 993 4974 magnum
1021 4899 1235 4970 aliquod
1264 4897 1482 4968 pietatis
1511 4905 1606 4950 aut
1635 4895 1954 4966 cujusquam
1981 4898 2118 4952 alius

2222 4641 2323 4696 της
2354 4623 2526 4678 αῐτιον
2552 4624 2698 4696 (19)·
2731 4624 2912 4695 οὑτιγε
2947 4626 3133 4691 ἁπλῶς
3165 4627 3417 4698 διάπυροι
3442 4625 3539 4680 καὶ
3566 4624 3804 4696 μεγάλαι

2226 4716 2246 4786 (
2271 4719 2437 4788 μήπω
2488 4716 2596 4788 γὰρ
2645 4717 3124 4788 καταγινώσκομεν
3169 4718 3270 4790 τῆς
3322 4716 3688 4789 Θερμότητος,
3735 4713 3804 4790 ἧς

2215 4807 2340 4878 δίχα
2369 4807 2510 4879 μέγα
2539 4825 2592 4860 τι
2620 4809 3030 4882 κατορθωθῆναι
3068 4810 3204 4882 πρὸς
3230 4809 3510 4863 εὐσέϐειαν
3539 4809 3572 4880 ἢ
3602 4810 3806 4882 ἀρετὴν

2216 4899 2382 4970 ἄλλην
2418 4900 2766 4972 ἀμήχανον),
2811 4901 2945 4956 ἀλλὰ
2986 4903 3230 4971 γενναῖαι
3275 4902 3372 4955 σὺν
3425 4900 3654 4972 ἀλογίᾳ,
3710 4904 3804 4956 καὶ

621 5026 664 5057 ³⁵
697 5024 739 5078 11
762 5021 888 5077 Cor.
925 5034 1021 5084 xu,
1049 5017 1106 5071 2.
1183 5014 1227 5046 ⁸⁸
1257 5015 1277 5068 1
1307 5011 1434 5068 Cor.
1466 5028 1544 5075 ιιι,
1578 5012 1664 5066 15.
1757 5013 1796 5042 ¹⁷
1827 5011 2016 5066 Matth.
2059 5030 2105 5078 v,

2216 5054 2228 5068 .
2311 5015 2356 5047 ¹⁸
2391 5014 2585 5070 Matth.
2619 5033 2742 5084 xxv,
2777 5017 2862 5072 18.

617 5183 694 5255 (-9)
740 5179 860 5249 Τὴν
909 5174 1161 5242 σιωπήν.
1218 5169 1384 5226 Coisl.
1440 5169 1495 5232 1,
1539 5177 1593 5222 et
1635 5165 1847 5232 Contb.,
1881 5168 1947 5237 τῇ
1984 5182 2110 5219 σιω-

551 5305 731 5466 ligo)
782 5318 976 5391 Ὺμᾶςι.
1038 5317 1129 5372 Sic
1182 5315 1287 5370 duo
1336 5310 1504 5380 Resz-
1540 5316 1594 5363 ει
1641 5306 1733 5363 θ’·-
1787 5307 1838 5360 ¹·
1902 5305 1958 5363 ¹¹¹
2013 5311 2122 5375 ea"

593 5414 629 5466 μ
673 5412 726 5466 ςον
790 5463 800 5466 _
872 5464 924 5466 __
1029 5458 1039 5466 .
1189 5455 1233 5466 --
1827 5455 1857 5466 "
1964 5458 1982 5466 ’

593 5412 718 5466 μας.

459 5523 470 5534 0
573 5455 738 5535 "(in
769 5458 1098 5535 _.A0‘1ntdc,
1140 5477 1158 5509 ι
1189 5455 1475 5535 Martyres,
1511 5476 1529 5509 ι
1558 5471 1782 5524 quorum
1808 5455 1928 5512 dies
1961 5458 2127 5516 festus

550 5533 925 5591 celebrabatur
962 5544 1155 5599 magno
1186 5533 1500 5599 pupulornnt
1529 5542 1816 5582 concursu.

655 5605 734 5673 12)
767 5602 948 5654 Εἴπω.
969 5598 1075 5673 Or.
1109 5598 1374 5673 ’LEi‘miJV.

651 5667 734 5746 1‘5)
786 5672 1127 5746 'i‘psq‘pcuc.
1151 5667 1247 5746 ρι’.
1283 5672 1337 5734 1,
1372 5667 1698 5746 ἡμετέραις..
1739 5736 1750 5746 .

623 5739 735 5815 (14)
779 5739 852 5796 Τι’
875 5739 988 5796 τοῦ
1013 5739 1320 5812 ἡμετέρου,
1352 5739 1457 5815 etc.
1499 5759 1517 5790 ι
1550 5739 1699 5807 Quid
1739 5739 1789 5789 itt
1814 5741 2117 5798 Christiana

554 5813 888 5888 ptoletssione
925 5813 1389 5884 pulcherrimum?
1414 5814 1541 5866 l’att.
1579 5833 1596 5864 ι

2296 5170 2406 5240 (l5)
2446 5173 2735 5240 Διχόνοια.
2762 5171 2908 5237 Bill.,
2950 5191 2968 5224 ι
3004 5173 3342 5228 Voluntathm
3368 5173 3675 5241 disjunctio.
3707 5191 3730 5227 ι

2296 5241 2408 5308 (16)
2456 5243 2535 5294 Τί.
2573 5243 2698 5296 Dest
2726 5245 2778 5296 in
2811 5243 3018 5296 duobus
3052 5244 3218 5310 ltegg.
3245 5253 3299 5296 et
3329 5244 3422 5299 0r.
3449 5245 3502 5300 1.

2295 5311 2408 5380 (17)
2446 5312 2672 5368 Αίτίαν.
2715 5331 2733 5363 ι
2777 5311 3066 5380 Utriusque
3124 5315 3198 5368 rei
3243 5328 3483 5374 causam.
3541 5333 3559 5365 ι
3601 5314 3652 5368 id
3701 5326 3804 5377 est,

2231 5399 2248 5431 ι
2284 5386 2432 5455 pacis
2461 5383 2672 5445 ablatae,
2705 5393 2757 5435 et
2791 5383 3072 5435 discordiae
3099 5383 3351 5455 inducite.
3390 5403 3408 5436 ι
3445 5383 3578 5436 Nam
3605 5387 3804 5455 Gri-gu-

2230 5455 2341 5506 rius
2384 5454 2469 5506 hic
2517 5467 2804 5522 utrumque
2850 5457 3061 5521 quaerit.
3101 5451 3288 5507 Billius
3331 5470 3345 5508 :
3384 5472 3402 5505 ι
3443 5451 3806 5509 contentionis

2234 5523 2458 5589 hujusce
2482 5538 2721 5576 causam.
2760 5542 2778 5573 ι

2305 5594 2437 5663 (17³)
2481 5591 2646 5663 οὐδ’,
2671 5595 2762 5646 0r.
2794 5593 2842 5656 l,
2875 5591 3014 5644 οὐδὲ.
3047 5591 3104 5647 In
3139 5592 3478 5662 quibusdam,
3520 5593 3664 5648 οὔτε.

2302 5661 2425 5734 (ιδ)
2459 5665 2589 5717 Ἂν.
2616 5661 2746 5734 Reg.
2776 5663 2956 5734 ικεάν

2301 5733 2411 5806 (ιθ)
2450 5734 2669 5806 Αἴτιον.
2700 5733 2812 5787 Duo
2839 5733 3004 5804 llcgg.
3031 5743 3084 5788 et
3117 5733 3208 5789 Or.
3247 5735 3300 5800 1,
3331 5734 3391 5787 τὸ
3425 5735 3615 5798 αἴτιον,
3649 5753 3668 5786 ι
3711 5734 3806 5789 Ιιιι-

2225 5804 2318 5876 jus
2341 5805 2762 5875 perturbationis
2791 5819 2974 5859 causa.
3019 5823 3038 5856 ι
