4010 6316
209 364 292 420 177

840 356 1107 413 ORATIO
1147 357 1362 415 XXXII.
1402 364 1478 402 ‘--'
1513 357 1603 412 DE
1641 356 2149 414 MODERATIONE
2189 358 2255 413 IN
2295 358 2754 417 DISPUTANDO.

3337 358 3442 416 178

206 477 405 550 ἀμαθίᾳ,
434 477 548 536 καὶ,
576 474 650 546 τῷ
681 474 886 547 ταύτης
913 477 1129 548 ἐκγόνῳ
1161 476 1337 547 κακῷ,
1371 477 1563 547 θράσει
1583 492 1596 506 °
1635 469 1762 548 θράἓ

1881 477 2315 533 νῖνιιιιίεηιυιιυε
2347 463 2572 548 exsequi
2607 479 2841 549 potest);
2888 477 2982 534 sed
3020 491 3140 549 qua:
3175 491 3295 531 cum
3345 493 3445 548 ge-

208 588 283 634 σος
310 567 418 642 γὰρ’
431 569 542 641 (20)
573 569 810 640 ἀμαθίας
841 568 1084 639 ἐκγονον;
1118 571 1184 624 Δί
1217 571 1318 642 μὲν
1349 571 1458 642 γὰρ
1487 571 1756 634 ἀσθενεῖς,

205 664 282 717 καὶ
310 662 434 733 πρὸς
457 661 654 732 ἀρετήν
680 661 775 714 καὶ
806 661 942 731 πρὸς
967 661 1167 717 κακίαν
1196 662 1399 733 ὁμοίως
1429 661 1615 723 νωθεῖς
1644 661 1756 730 (9.1)

205 757 284 807 καὶ
308 753 604 824 δυσκίνητοι
628 793 643 817 ,
674 753 768 806 καὶ
796 754 906 807 οὐδ’
933 753 1172 826 ἑτέρωσε
1201 753 1346 824 μέγα
1373 753 1643 818 νεύουσαι,
1671 748 1757 807 οἷα

203 848 261 900 τὰ
287 847 384 899 τῶν
424 845 749 917 ναρκώντων
777 846 1074 916 κινήματα.
1109 847 1176 898 Ai
1202 849 1445 914 γενναῖαι
1483 845 1570 912 δέ,
1599 845 1756 915 λόγου

208 940 290 1009 μὲν
316 939 476 1001 αύτάς
503 937 980 1007 παιδαγωγοῦντος
1023 939 1118 991 καὶ
1165 937 1538 1002 διευθύνοντος
1559 980 1572 1003 ,
1616 940 1758 1010 μέγα

205 1049 246 1084 τι
274 1031 448 1102 χρῆμα
494 1033 634 1104 πρὸς
666 1032 917 1104 ἀρετήν’·
938 1031 1327 1104 ἐπιλειπούσης
1359 1031 1416 1084 δὲ
1451 1033 1764 1102 ἐπιστήμης

204 1125 281 1176 καὶ
302 1123 472 1192 λόγου,
500 1123 561 1176 τὸ
584 1126 700 1177 ἴσον
731 1124 813 1186 είς
843 1126 1040 1178 κακίαν
1070 1123 1436 1195 εὑρίσκονται.
1484 1121 1638 1176 Ἐπεὶ
1670 1122 1767 1176 καὶ

205 1215 345 1266 ἵππον
375 1213 631 1284 θυμοειδῆ
668 1214 768 1287 μὲν
805 1210 943 1268 εἶναι
969 1213 1075 1286 χρὴ
1106 1215 1201 1267 καὶ
1229 1216 1497 1282 γενναῖον,
1526 1213 1618 1266 τὸν
1649 1213 1766 1266 ἐσό-

207 1321 342 1372 μενον
366 1307 680 1376 νικηφόρον,
709 1304 820 1358 εἴτε
847 1305 1268 1376 πολεμιστήριον
1293 1304 1432 1375 (2'2),
1467 1303 1578 1356 εἴτε
1607 1303 1767 1375 ἁμιλ-

204 1396 460 1468 λητήριον·
495 1398 580 1469 εἴη
612 1397 661 1450 δ’
695 1396 762 1451 ἂν
795 1398 823 1449 ὁ
852 1398 1015 1460 αὐτὸς
1059 1397 1212 1451 οὐδὲν
1241 1396 1354 1467 ('23)
1404 1395 1612 1465 ἀγαθοῦ
1633 1436 1647 1459 ,
1691 1396 1765 1469 μὴ

205 1487 381 1558 χαλινῷ
411 1488 748 1556 παιδευθεὶς,
783 1490 876 1543 καὶ
903 1489 1180 1559 γυμνασίᾳ
1213 1487 1622 1560 φιλοπονωτέρα
1671 1505 1767 1560 μα-

203 1576 292 1630 θὼν
323 1580 655 1651 ἡμερότητα.
1005 1609 1010 1613 ·
1050 1633 1055 1638 .
1207 1607 1210 1611 ’

1866 572 2167 628 uerositate
2201 571 2643 642 imprudentiam,
2674 583 2730 629 et
2756 573 3050 641 inscitiam,
3082 583 3174 640 et,
3203 571 3294 642 qui
3326 587 3448 627 ma-

1865 663 1950 718 lus
1989 663 2160 733 ipsius
2212 664 2355 720 fetus
2400 675 2516 732 est,
2561 665 2922 722 temeritatem
2963 665 3306 734 conjunctam
3350 665 3450 718 ba-

1866 755 2064 822 beant;
2101 756 2370 826 siquidem
2406 757 2639 813 inscitiae
2679 757 2841 825 fetus,
2863 766 2945 814 est
2971 759 3268 814 temeritas.
3294 756 3447 811 lulir-

1866 849 1938 904 mi
1969 849 2111 904 enim
2134 858 2190 904 et
2213 849 2516 906 imbecilles
2541 851 2729 916 animi,
2759 862 2865 905 tam
2895 851 2960 906 ad
2985 851 3260 916 virtutem,
3285 865 3447 920 quam

1869 947 1934 996 ad
1971 941 2160 996 vitium
2194 943 2390 1014 segnes
2413 953 2467 999 et
2497 943 2634 999 tardi
2667 950 2813 1007 sunt,
2839 957 3016 1013 neque
3045 943 3099 997 in
3131 942 3447 997 alterutram

1868 1042 2080 1103 partem
2112 1033 2446 1106 magnopere
2489 1035 2858 1091 inclinantur:
2897 1050 3002 1090 non
3037 1049 3194 1090 secus
3242 1033 3451 1090 scilicet

1869 1137 2034 1194 atque
2075 1126 2356 1182 hominum
2409 1137 2628 1197 torpore
2671 1124 3031 1182 laborantium
3076 1126 3338 1182 incessus.
3379 1124 3452 1179 At

1867 1218 2047 1273 'l'ortes
2077 1229 2133 1274 et
2167 1221 2440 1290 generosi,
2475 1221 2928 1289 quemadmodum
2959 1219 3003 1275 si
3031 1220 3238 1274 ratione
3258 1217 3452 1289 guber-

1870 1319 2071 1366 nentur
2101 1320 2155 1366 et
2185 1323 2568 1379 coerceantur,
2605 1329 2862 1384 magnum
2916 1311 2983 1366 ad
3031 1312 3281 1365 virtutem
3318 1324 3454 1380 pon-

1867 1401 1972 1456 dus
1999 1400 2269 1464 alferunt;
2306 1403 2379 1458 ita
2405 1444 2420 1470 ,
2451 1405 2496 1460 si
2532 1421 2560 1459 a
2594 1404 2820 1460 scientia
2860 1412 2914 1459 et
2959 1403 3170 1458 ratione
3200 1401 3452 1457 deseran—

1871 1501 1980 1558 tur,
2025 1511 2132 1550 nou
2168 1496 2347 1551 minus
2381 1497 2642 1552 momenti
2677 1496 2745 1550 ad
2793 1495 2984 1551 vitium
3030 1494 3262 1549 habituri
3301 1504 3451 1548 sunt.

1827 1576 1837 1589 ’
1871 1583 1965 1640 Sic
1998 1586 2254 1641 nimirum
2289 1601 2486 1656 equum
2524 1589 2671 1644 acris
2700 1601 2823 1644 esse
2851 1601 2912 1642 ac
2943 1599 3222 1656 generosa:
3243 1594 3452 1640 naturae

202 1685 401 1726 necesse
427 1682 547 1736 est,
578 1673 671 1741 qui
705 1673 922 1742 quidem
945 1713 960 1737 ,
995 1673 1108 1728 sive
1139 1673 1192 1727 in
1224 1673 1382 1729 bellis
1422 1682 1585 1743 atque
1618 1673 1770 1738 acie,
1811 1674 1926 1730 sive
1954 1678 2005 1731 in
2039 1677 2248 1735 ludicro
2288 1696 2450 1736 cursu
2491 1689 2546 1735 et
2574 1679 2873 1735 certamine
2924 1678 3096 1732 victor
3139 1678 3212 1732 sit
3250 1677 3454 1732 disces“

203 1784 343 1823 surus
374 1787 388 1822 :
420 1779 476 1822 at
521 1769 668 1824 idem
719 1778 899 1824 tamen
960 1769 1170 1824 nullum
1219 1785 1460 1840 unquam
1513 1771 1786 1840 egregium
1826 1771 1909 1826 sui
1945 1787 2098 1829 usum
2157 1775 2474 1846 praebuerit,
2504 1775 2607 1830 nisi
2677 1775 2832 1829 freno
2895 1771 3166 1840 eruditus,
3198 1781 3247 1825 et
3295 1785 3457 1840 accu-g

205 1863 372 1918 ratiori
400 1863 812 1920 exercitatione
834 1864 1074 1920 domitus
1105 1875 1160 1919 et
1195 1865 1471 1922 cicuratus
1510 1866 1691 1920 fuerit.

259 1957 326 2012 A'.
357 1956 464 2010 Καὶ
481 1957 646 2010 τοῦτό
673 1957 841 2020 ἐστιν,
866 1957 942 2021 ὡς
967 1956 1143 2010 ἐπιτὸ
1165 1957 1434 2024 πλεῖστον,
1461 1949 1494 2010 ὃ¹
1516 1957 1772 2012 διέσπασε

1885 1965 1892 1974 ’
1950 1956 2040 2013 IV.
2075 1956 2253 2027 Atque
2285 1957 2423 2022 hoc,
2458 1964 2517 2010 ut
2538 1955 2828 2027 plurimum
2871 1965 2983 2020 est,
3037 1956 3178 2025 quod
3216 1953 3454 2009 membra

204 2048 356 2118 μέλη,
383 2047 671 2121 διέστησεν
703 2048 1001 2118 ἀδελφοὺς,
1039 2050 1223 2113 πόλεις
1261 2049 1516 2122 ἐτάραξε,
1567 2049 1773 2121 δήμους

202 2137 457 2210 ἐξέμηνεν,
477 2139 720 2193 ὥπλισεν
749 2137 901 2207 ἔθνη,
931 2139 1168 2211 βασιλεῖς
1189 2140 1580 2211 ἐπανέστησεν,
1611 2141 1774 2210 ἱερεῖς

201 2227 298 2298 λαῷ
332 2229 423 2282 καὶ
466 2227 752 2300 ἀλλήλοις,
801 2228 928 2283 λαὸν
966 2229 1144 2301 ἐαυτῷ
1192 2229 1288 2283 καὶ
1317 2229 1543 2300 ἱερεῦσι,
1598 2232 1774 2298 γονεῖς

199 2319 422 2388 τέκνοις,
453 2321 629 2375 τέκνα
672 2321 924 2392 γονεῦσιν
945 2363 959 2387 ,
999 2323 1200 2394 ἄνδρας
1234 2323 1471 2392 γυναιξὶ,
1509 2325 1776 2391 γυναῖκας

200 2413 425 2484 ἀνδράσι.
455 2413 650 2467 Πάντα
673 2413 745 2467 τά
772 2414 870 2484 τῆς
902 2413 1112 2478 εὐνοίας
1143 2413 1403 2486 ὀνόματα,
1436 2412 1654 2476 δούλους
1682 2412 1775 2466 καὶ

200 2503 444 2569 δεσπότας
475 2505 746 2576 ἀλλήλους
787 2506 925 2576 (24),
976 2505 1239 2578 ἀλλήλους
1285 2505 1643 2568 διδασκάλους
1684 2506 1778 2558 καὶ

205 2598 451 2676 μαθητὰς,
493 2598 816 2673 πρεσϐύτας
849 2601 945 2652 καὶ
978 2598 1166 2663 νέους,
1205 2599 1300 2652 καὶ
1338 2599 1428 2652 τὸν
1453 2598 1553 2668 τῆς
1596 2598 1778 2662 αἰδοῦς

202 2691 455 2762 ἀτιμάσαν
483 2693 653 2764 νόμον
675 2731 689 2759 ,
736 2691 834 2746 τοῦ
869 2693 1124 2764 μεγίστου
1169 2692 1305 2764 πρὸς
1347 2692 1548 2763 ἀρετ-ὴν
1585 2690 1780 2762 βοηοὴο

207 2799 376 2850 ματος,
410 2783 500 2836 τὸν
542 2784 648 2854 τῆς
694 2783 984 2846 αὐθαδείας
1033 2783 1351 2853 εἰσήνεγκεν
1375 2799 1388 2812 ο
1421 2783 1513 2835 καὶ
1552 2782 1778 2850 γεγόνα-

206 2888 292 2941 μεν
311 2874 369 2926 οὐ
395 2875 568 2946 φυλὴ,
594 2876 688 2928 καὶ
710 2875 851 2946 φυλὴ
877 2872 996 2928 καθ’
1025 2873 1242 2944 ἑαυτήν,
1267 2873 1295 2926 ὃ
1321 2873 1484 2927 πάλαι
1507 2875 1534 2924 ὁ
1569 2873 1780 2945 Ἰσραὴλ

203 2965 522 3032 ὠνειδίζετο·
550 2968 674 3021 οὐδὲ
713 2967 926 3039 Ἰσραήλ
947 2967 1048 3020 καὶ
1081 2965 1303 3030 Ἰούδας,
1334 2965 1404 3018 τά
1424 2965 1517 3018 δύο
1540 2965 1632 3018 καὶ
1663 2964 1782 3027 ἐνὺς

204 3056 374 3123 ἔθνους
405 3062 498 3114 καὶ
544 3057 746 3132 μικροῦ
782 3059 975 3112 τούτου
1006 3059 1300 3130 τμήματα,
1336 3054 1454 3111 κατ’
1495 3059 1675 3121 οἴκους
1723 3057 1780 3111 δὲ

204 3151 288 3202 καὶ
321 3151 586 3220 συζυγίας
624 3151 723 3213 τὰς
763 3151 1068 3221 ἀναγκαίας
1089 3191 1104 3213 ,
1136 3152 1231 3204 καὶ
1274 3143 1384 3202 οἷον
1415 3150 1550 3219 πρὸς
1591 3150 1781 3203 ἑαυτὸν

206 3241 441 3309 ἕκαστος,
491 3243 890 3314 ἐμερίσθημεν,
911 3245 952 3312 -ή
979 3242 1270 3312 οἰκουμένη
1308 3243 1477 3307 πᾶσα,
1509 3241 1602 3294 καὶ
1627 3241 1783 3310 γένος

1877 2049 2141 2104 laceravit
2187 2059 2244 2105 et
2288 2049 2557 2116 distraxit,
2619 2049 2818 2104 fratres
2847 2048 3103 2114 divulsit,
3141 2047 3300 2103 urbes
3328 2062 3455 2118 per-

1879 2142 2140 2207 turbavit,
2169 2143 2398 2212 populos
2432 2143 2484 2197 in
2508 2141 2746 2197 furorem
2775 2142 3078 2213 praecipites
3109 2141 3239 2212 egit,
3269 2149 3458 2211 gentes

1880 2236 2151 2303 armavit,
2189 2249 2346 2305 reges
2378 2237 2430 2290 in
2470 2245 2715 2290 mutuum
2753 2235 2977 2290 exitium
3007 2234 3334 2300 concitavit,
3367 2248 3457 2288 sa-

1883 2328 2138 2384 cerdotes
2171 2343 2292 2383 cum
2325 2328 2504 2398 plebe,
2538 2337 2593 2384 et
2625 2343 2808 2384 secum
2838 2328 3000 2382 etiam
3034 2327 3212 2396 ipsos,
3248 2325 3458 2396 plebem

1883 2435 2076 2477 rursus
2108 2436 2214 2477 non
2253 2423 2438 2476 minus
2469 2421 2639 2490 ipsam
2683 2435 2890 2484 secum,
2920 2434 3080 2490 quam
3117 2433 3239 2474 cum
3279 2433 3464 2474 sacer-

1881 2513 2100 2569 dotibus
2154 2513 2462 2580 commisit,
2509 2522 2766 2582 parentes
2815 2526 2936 2566 cum
2983 2510 3206 2576 liberis,
3261 2509 3462 2565 liberos

1882 2618 2005 2658 cum
2035 2601 2351 2672 parentibus
2382 2643 2397 2668 ,
2428 2602 2575 2658 viros
2606 2616 2728 2657 cum
2777 2600 3069 2668 uxoribus,
3117 2614 3311 2656 uxores
3339 2615 3463 2652 cum

1882 2695 2039 2752 viris.
2077 2694 2194 2750 Hoc
2230 2696 2409 2750 omnia
2447 2693 2840 2750 benevolentiae
2866 2693 3082 2747 nomina
3123 2691 3462 2762 permiscuit,

1885 2797 2052 2858 atque
2087 2786 2351 2854 confudit,
2386 2786 2548 2858 582
2584 2801 2770 2842 servos
2802 2794 2856 2841 et
2878 2786 3147 2850 dominos,
3175 2783 3465 2854 discipulos

1885 2890 1938 2935 et
1964 2891 2330 2951 prmceptores
2353 2921 2368 2947 ,
2401 2895 2558 2935 senes
2607 2887 2663 2934 et
2695 2879 2922 2950 juvenes
2962 2897 2974 2932 :
3021 2877 3384 2946 convulsaque
3412 2883 3469 2931 et

1883 2972 2195 3042 proculcata
2244 2970 2467 3040 pudoris
2509 2971 2660 3038 lege,
2696 2986 2802 3039 quo
2847 2969 3049 3026 nullum
3088 2968 3276 3038 majus
3307 2969 3466 3036 adju-

1886 3074 2124 3122 mentum
2156 3067 2222 3121 ad
2256 3065 2512 3122 virtutem
2546 3065 2843 3134 excogitari
2875 3073 3074 3135 potest,
3108 3062 3467 3119 contumacize

1887 3158 2328 3228 arrogantiazque
2354 3156 2525 3227 legem
2565 3156 2775 3212 induxit
2803 3172 2816 3209 :
2850 3153 3086 3226 factique
3117 3169 3326 3218 sumus,
3357 3168 3464 3208 non

1884 3248 1993 3316 jam
2041 3247 2215 3304 tribus
2252 3262 2318 3303 ac
2361 3247 2536 3302 tribus
2579 3247 2909 3318 separatim,
2941 3248 3083 3317 quod
3119 3245 3246 3299 olim
3283 3244 3468 3300 lsracli

204 3332 339 3387 ἇπαν
371 3333 682 3408 ἀνθρώπων
703 3373 717 3398 ,
744 3335 866 3387 ὅσον
891 3335 918 3387 ὁ
945 3332 1088 3396 θεῖος
1124 3332 1280 3401 λόγος
1313 3333 1620 3404 ἐπέδραμεν
1647 3349 1659 3362 ·
1691 3334 1778 3386 καὶ

1888 3339 2292 3410 obiectabatur;
2336 3357 2434 3397 nec
2463 3341 2630 3398 Israel
2657 3353 2711 3398 et
2741 3340 2898 3404 Juda,
2936 3342 3062 3407 duo,
3097 3341 3345 3409 inquam.
3380 3338 3467 3392 illa

206 3428 415 3496 γέγονεν
443 3428 705 3501 ἀναρχία,
739 3430 771 3500 ἠ
809 3427 1140 3499 πολυαρχία,
1169 3429 1263 3483 καὶ
1296 3427 1682 3498 διεσκορπίσθη
1719 3427 1787 3480 τὰ

205 3522 327 3575 ὀστᾶ
356 3521 514 3593 ἡμῶν
555 3522 706 3592 παρά
740 3520 832 3574 τὸν
861 3520 995 3592 ᾂδην
1019 3537 1032 3549 ·
1080 3519 1174 3574 καὶ
1210 3520 1396 3590 ἐχρῆν
1419 3519 1532 3590 (ξῖὕ)
1554 3561 1568 3585 ,
1600 3518 1786 3590 ἐπειδὴ

209 3612 305 3664 τῶν
350 3615 508 3677 εκτὸς
558 3612 770 3684 ἐχθρῶν
812 3613 1196 3685 ἐκρατήσαμεν
1225 3608 1368 3684 (26),
1411 3612 1500 3664 ὑπ’
1546 3610 1787 3683 ἀλλήλων

208 3708 343 3776 ἡμᾶς
373 3707 774 3777 καταλυθῆναι,
812 3706 926 3769 καὶ,
973 3705 1223 3776 καθάπερ
1253 3706 1377 3768 τοὺς
1411 3705 1788 3776 μαινομένους,

207 3798 304 3851 τῶν
355 3800 500 3854 ἰδίων
539 3798 763 3870 σαρκῶν
812 3797 1187 3868 ἁπτομένους,
1227 3797 1361 3866 μηδέ
1387 3793 1790 3857 αἰσθάνεσθαι,

209 3891 337 3944 ἀλλά
363 3893 456 3946 καὶ
489 3892 606 3962 (27)
639 3891 851 3962 χαίρειν
881 3889 960 3959 τῷ
982 3887 1135 3958 κακῷ
1157 3887 1391 3958 πλέον,ἢ
1422 3885 1793 3958 εἰρηνεύοντες

209 3984 396 4054 ἕτεροι,
451 3985 556 4037 καὶ
607 3983 798 4054 κέρδος
852 3983 1126 4038 ποιεῖσθαι
1173 3980 1270 4052 τήν
1331 3979 1636 4049 συμφορὰν,
1699 3977 1793 4028 καὶ

210 4076 450 4146 ἡγεῖσθαι
473 4076 739 4148 λατρείαν
780 4075 1058 4147 εἰσφέρειν
1087 4073 1164 4145 τῷ
1197 4071 1318 4142 Θεῷ
1348 4071 1462 4142 (28)
1489 4070 1588 4139 τὴν
1628 4068 1794 4122 κατά-

210 4168 374 4230 λυσιν,
425 4169 526 4222 καὶ
587 4168 947 4242 διαιρεθῆναι,
991 4168 1087 4219 καὶ
1132 4161 1554 4236 ἐμπρησθῆναι,
1586 4161 1646 4213 οὑ
1694 4159 1795 4230 τὴν

210 4262 492 4334 ἐπαινετὴν
532 4262 820 4332 διαίρεσιν,
867 4259 1004 4314 ἀλλά
1036 4258 1133 4329 τήν
1180 4255 1407 4327 ψεκτὴν,
1435 4254 1554 4308 οὐδὲ
1581 4253 1670 4306 τὸν
1698 4271 1797 4306 κα-

212 4353 424 4425 θάρσιον
452 4355 812 4426 ἐμπρησμὸν,
836 4352 973 4407 ἀλλὰ
1004 4351 1094 4404 τὸν
1120 4349 1383 4420 ὀλέθριον.
1416 4347 1488 4400 Οὐ
1520 4345 1626 4417 γὰρ
1655 4347 1682 4400 ὁ
1710 4363 1797 4398 τος

217 4447 310 4516 μὸς
341 4447 547 4519 διαιρεῖ
589 4445 747 4513 λόγος
769 4487 782 4508 ,
835 4446 866 4514 ή
898 4441 1135 4514 Χριστοῦ
1183 4441 1425 4512 μάχαιρα
1447 4479 1461 4498 ,
1497 4439 1623 4502 τοὺς
1675 4455 1798 4490 πισ-

213 4540 464 4603 τεύοντας
503 4539 617 4594 ἀπὸ
649 4537 757 4590 τῶν
797 4538 1066 4600 ἀπίστων,
1095 4535 1213 4588 ούδέ
1242 4531 1353 4604 πῦρ
1382 4530 1669 4602 βάλλεται,
1707 4530 1799 4583 καὶ

1891 3435 2052 3490 unius
2083 3434 2308 3505 ejusque
2340 3443 2683 3504 perangusta:
2717 3434 2892 3504 gentis
2927 3443 3243 3504 segmenta;
3278 3447 3468 3486 verum

1892 3542 1989 3596 per
2021 3526 2215 3582 domos
2243 3535 2295 3582 et
2331 3526 2566 3582 familias
2587 3569 2601 3594 ,
2629 3535 2684 3582 et
2715 3525 3024 3581 necessaria
3051 3523 3295 3580 sodalitia
3315 3563 3332 3591 ,
3362 3522 3471 3578 vel-

1895 3628 2061 3688 utque
2097 3620 2150 3673 in
2181 3633 2239 3674 se
2272 3619 2539 3688 quisque,
2571 3617 2729 3672 divisi
2761 3632 2971 3682 sumus,
3005 3616 3292 3671 universus
3324 3614 3473 3670 orbis

1896 3717 2196 3770 terrarum,
2249 3708 2560 3762 universum
2606 3706 2883 3761 hominum
2934 3719 3144 3777 genus,
3189 3705 3334 3777 quod
3377 3705 3474 3758 Dei

1893 3800 2119 3854 verbum
2149 3799 2382 3868 ﬁdeique
2416 3798 2661 3854 doctrina
2699 3797 3041 3866 peragravit;
3075 3797 3476 3868 multorumque

1897 3890 2181 3959 imperium
2224 3890 2278 3944 in
2323 3888 2577 3945 eﬂ'renem
2625 3888 2916 3958 quamdam
2949 3896 3112 3956 atque
3138 3887 3350 3957 imperii
3378 3900 3476 3940 ex-

1898 3990 2104 4049 pertem
2140 3981 2420 4036 licentiam
2476 3981 2703 4045 recidit,
2757 3989 2917 4049 atque
2942 3994 3065 4035 ossa
3095 3987 3277 4034 nostra
3320 3992 3477 4034 secus

1898 4072 2166 4128 infernum
2194 4073 2454 4141 dissipata
2485 4074 2672 4128 sunt”
2698 4090 2712 4139 ;
2740 4072 2894 4143 quasi
2915 4085 3046 4127 vero
3081 4084 3360 4126 necessum
3391 4084 3479 4125 es-

1899 4175 2002 4230 set,
2035 4180 2153 4230 nos,
2189 4166 2394 4222 exteris
2423 4151 2670 4221 hostibus
2701 4165 2956 4229 domitis,
3002 4173 3188 4219 mutuo
3227 4163 3360 4218 alios
3410 4163 3478 4218 ab

1901 4259 2022 4314 aliis
2051 4259 2325 4330 opprimi,
2359 4268 2417 4314 et
2443 4259 2739 4313 furentium
2771 4259 2877 4312 ritu
2913 4257 2967 4311 in
3013 4257 3258 4325 preprias
3287 4270 3478 4311 carnes

1903 4349 2096 4404 smvire
2118 4390 2130 4413 ,
2184 4365 2248 4404 ac
2300 4364 2368 4403 ne
2405 4348 2457 4402 id
2494 4347 2710 4418 quidem
2743 4347 2974 4407 sentire,
3005 4359 3190 4398 verum
3222 4342 3479 4411 majorem

1899 4456 1964 4495 ex
1995 4441 2099 4497 hoc
2133 4441 2296 4506 malo,
2324 4454 2484 4512 quam
2515 4439 2604 4493 alii
2635 4455 2700 4492 cx
2733 4452 2864 4508 pace
2891 4446 2945 4491 et
2971 4435 3261 4490 concordia
3285 4473 3300 4499 ,
3333 4433 3484 4488 volu-

1903 4542 2106 4603 ptatem
2142 4546 2360 4602 capere,
2400 4530 2874 4598 calamitatemque
2904 4526 3053 4582 lucro
3077 4527 3294 4592 ducere,
3324 4535 3486 4593 atque

211 4632 549 4696 ἀνάπτεται,
609 4634 644 4702 ὴ
697 4629 995 4684 δαπανῶσα
1043 4627 1142 4699 τὴν
1212 4625 1344 4696 ὓλην
1396 4624 1490 4677 καὶ
1547 4621 1778 4675 ἐσθίουσι

1903 4625 2218 4680 existimare
2247 4639 2344 4694 per
2375 4623 2713 4679 eversionem
2745 4629 2982 4676 nostram
3017 4618 3334 4688 obsequium
3375 4618 3484 4672 Deo

209 4725 413 4790 πίστις,
458 4726 558 4780 καὶ
583 4727 616 4795 ἡ
651 4723 800 4787 ζέσις
838 4720 951 4793 (29)
981 4719 1074 4773 τοῦ
1106 4717 1424 4788 Πνεύματος
1445 4731 1457 4746 ’
1502 4714 1617 4768 ἀλλ’
1643 4715 1778 4767 ἐναν-

1909 4717 2157 4786 prmstari
2176 4717 2243 4784 ’°,
2277 4732 2339 4771 ac
2366 4713 2532 4769 dividi
2561 4723 2615 4768 et
2645 4713 2881 4778 incendi,
2908 4726 3012 4766 non
3048 4721 3197 4766 recta
3221 4719 3276 4763 et
3302 4708 3489 4762 lauda-

211 4814 335 4877 τίως
369 4817 402 4888 ἢ
453 4814 747 4887 πρότερον,
780 4808 1149 4881 δαπανώμεθα
1193 4809 1287 4861 καὶ
1326 4804 1653 4878 τεμνόμεθα.

1907 4805 2000 4861 bili
2035 4805 2322 4872 divisione,
2359 4806 2451 4862 sed
2481 4804 2620 4873 turpi
2655 4813 2710 4859 ct
2743 4802 3096 4872 vituperanda
3118 4841 3133 4864 ,
3166 4815 3264 4854 nec
3298 4799 3487 4853 incen-

214 4907 300 4964 dio
329 4911 598 4978 illo,.quo
627 4905 998 4962 animmlabes
1024 4903 1332 4970 expiantur,
1379 4901 1473 4954 sed
1541 4899 1756 4953 funesto
1821 4907 1875 4952 et
1913 4897 2143 4953 exitiali.
2197 4897 2311 4952 Non
2361 4899 2505 4953 enim
2542 4904 2732 4950 acutus
2773 4895 2862 4949 ille
2912 4891 3176 4955 sermo“,
3222 4889 3323 4944 hoc
3369 4897 3489 4956 est,

214 4997 411 5055 Christi
449 4999 701 5070 gladius,
748 5000 866 5068 pios
908 4997 976 5051 ab
1012 4993 1193 5062 impiis
1237 4990 1459 5056 dividit,
1511 5003 1611 5046 nec
1663 4989 1805 5060 ignis
1855 4989 2060 5058 jacitur
2129 4999 2182 5046 et
2217 4990 2533 5046 accenditur
2553 4990 2631 5056 ",p
2672 4987 2774 5041 hoc
2817 4993 2931 5050 est,
2967 4983 3136 5048 fides,
3168 4991 3223 5037 et
3255 4981 3493 5050 Spiritus

213 5092 418 5155 fervor,
443 5094 499 5146 id
528 5091 670 5162 quod
699 5102 970 5146 terrenum
996 5093 1078 5142 est
1111 5085 1401 5140 absumens
1449 5097 1510 5137 ac
1563 5082 1832 5137 devorans
1875 5099 1888 5136 :
1929 5089 2020 5137 sed
2053 5083 2328 5138 contrario
2362 5083 2538 5152 plane,
2572 5094 2636 5134 ac
2666 5079 2816 5147 prius
2839 5115 2854 5143 ,
2887 5075 3081 5142 modo,
3113 5073 3410 5128 scindimur
3439 5083 3494 5126 et

214 5187 614 5240 consumimur.

285 5279 327 5310 “
366 5278 517 5333 Psal.
571 5293 696 5344 cu,
745 5276 796 5328 7.
875 5274 920 5305 ²⁰
959 5272 1112 5328 Joau.
1149 5287 1261 5336 xvi,
1305 5269 1361 5322 2.
1443 5269 1486 5298 “
1521 5266 1686 5322 llebr.
1720 5281 1770 5320 tv

1881 5275 1905 5319 :.
1983 5266 2028 5296 "
2058 5263 2189 5318 Luc.
2243 5277 2340 5328 xu,
2378 5261 2468 5315 49.

285 5372 401 5442 (9.0)
447 5369 687 5442 θράσος
709 5367 850 5442 γιὶρς
876 5365 970 5442 ρι’.
994 5367 1054 5442 _1,
1080 5363 1281 5442 Θράσος
1302 5361 1386 5442 ’δέο
1475 5433 1486 5442 _
1577 5429 1587 5442 .
1739 5428 1750 5442 θ

2151 5351 2399 5442 Ἐχρῆνι
2419 5349 2511 5404 Or.
2542 5350 2592 5414 Ι,
2619 5349 2773 5442 χρήν.

992 5416 1053 5489 ιὶί
1083 5416 1426 5505 quibusdam,
1466 5429 1666 5502 ὁμοίως
1705 5427 1812 5480 εἰσὶ
2151 5416 2748 5506 Ἐκῖαατήσαμεινξοτ.
2784 5419 2837 5482 1,
2861 5416 3302 5537 κεκρατήκαμεν.

293 5513 406 5537 (με-
1986 5499 2097 5537 (νηὶ
2151 5491 2335 5537 Ἀλλὰ
2370 5491 2489 5537 καί-
2518 5491 2608 5537 5m
2637 5488 2731 5537 0r-
2774 5490 2823 5537 Ι.
2861 5490 3017 5537 Deest
3052 5501 3086 5537 α
3121 5485 3188 5537 Λά
3220 5499 3316 5537 tut

286 5483 402 5510 \--I
473 5483 692 5510 vrv-ws
741 5483 962 5503 ’νη-νδ-
992 5483 1047 5489 ---
1086 5483 1426 5505 -ι-ν---------ι
1477 5483 1512 5502 κ.
1646 5483 1663 5492 -

221 5513 428 5576 νωθεῖς.
1116 5575 1123 5576 7
1259 5574 1268 5576 _
1450 5571 1460 5576 _

2370 5483 2732 5576 ial.'S_icnOt;.
2774 5483 3032 5576 1.7Dlee'st‘
3052 5483 3272 5576 cipiunt:
3299 5483 3385 5576 ed.

309 5556 945 5652 ἱξδὶξῖΠολεμιονινήηριον.
977 5577 1072 5652 Or.
1107 5575 1159 5652 ί,
1189 5571 1662 5652 πολεμητήριονλ,
1754 5636 1769 5652 ⁸

1968 5556 2099 5652 ,(⁸28)
2133 5562 2458 5652 Εἰς-φέρειν
2496 5560 2574 5627 τῷ
2611 5558 2748 5624 Θεῷ.
2776 5560 2863 5616 Sic
2889 5559 2984 5615 Or.
3013 5558 3063 5613 1.
3095 5556 3150 5610 lu
3183 5556 3290 5620 ed.,
3329 5570 3500 5625 προσ-

313 5636 404 5725 εδῇ
451 5636 666 5725 οὐδέν.
704 5636 840 5722 tic‘g.
883 5653 936 5716 ιι,
978 5646 1070 5704 Or.
1108 5636 1234 5704 tet
1276 5636 1492 5707 (ῖὺιιίυζ,
1531 5638 1718 5712 μηδέν.
1753 5636 1770 5689 1

2309 5707 2322 5725 ι
2393 5703 2503 5725 ,ιι-μ
2594 5702 2667 5725 Λ..
2732 5703 2749 5725 ι
2819 5710 2863 5725 -.
2906 5697 3003 5725 mn
3059 5695 3301 5725 ...ιηιηη
3355 5694 3447 5725 Im:

223 5694 644 5794 ηιῖῖε,ἱιηδενός-
787 5694 817 5722 °
881 5694 936 5794 ί
1039 5788 1076 5794 _
1185 5739 1190 5745 '
1339 5784 1370 5794 Α

1919 5694 1958 5794 ς,
1989 5694 2101 5780 (29',
2133 5694 2328 5794 auia)
2385 5703 2557 5769 ζὲσις.
2593 5702 2686 5759 Or.
2732 5703 2780 5768 ι,
2815 5710 2868 5756 et
2906 5697 3026 5755 Bill.
3058 5695 3123 5752 ad
3150 5712 3319 5767 marg.
3355 5694 3498 5748 eum.

291 5777 410 5864 (ᾖ)
461 5777 826 5864 ἦΛυὶλήᾷᾲους.
881 5791 996 5843 Duo
1039 5788 1208 5864 Regg.
1251 5795 1302 5841 et
1332 5784 1425 5840 Or.
1456 5785 1506 5854 l,
1537 5780 1778 5853 ἀλλήλοις

1919 5777 2065 5848 13.15.,
2090 5779 2183 5831 καὶ
2218 5777 2385 5842 ζέσις.
2917 5831 2920 5836 ι

225 5858 343 5921 mox
375 5858 594 5931 iterum,
623 5862 892 5932 ἀλλήλοις,
930 5875 1025 5930 pro
1055 5858 1338 5928 ἀλλήλους.
