4010 6316
527 385 629 443 179

1734 387 1792 443 8.
1833 388 2165 445 GREGORII
2204 387 2553 444 THEOLOGI

3687 393 3795 449 130

595 497 660 552 ν.
694 494 805 554 Hoc
839 498 1093 553 nimirum
1124 507 1242 566 est,
1279 500 1423 570 quod
1459 500 1758 558 Ecclesiam
1783 546 1797 570 ,
1840 520 1961 574 quae
1998 521 2103 560 una

2278 506 2354 558 E'.
2386 504 2557 559 Τοῦτό
2591 507 2739 558 ἐστιν
2764 506 2792 558 ὃ
2824 506 2992 560 πολλὰ
3017 501 3156 563 εἴναι
3186 508 3325 580 μέρη
3361 509 3460 582 τὴν
3500 509 3626 581 μίαν
3663 512 3797 566 Ἐκα-

522 599 630 656 est,
654 593 712 657 in
745 590 937 645 multas
968 601 1149 659 partes
1182 593 1433 658 discidit,
1468 604 1632 666 alque
1669 596 1961 665 disjunxit,
1996 612 2101 652 non

524 683 576 734 iu
611 698 775 737 unum
814 681 1040 736 Paulum
1069 725 1084 749 ,
1119 694 1215 738 aut
1258 683 1499 754 Cepham
1523 726 1538 751 ,
1584 697 1677 742 aut
1707 687 1895 758 Apollo
1912 689 1978 757 ”,
2013 697 2105 742 aut

523 772 759 842 aliquem
795 776 1153 843 plantatorem
1178 814 1193 839 ,
1224 776 1311 830 vel
1340 777 1629 847 rigatorem
1654 820 1669 845 ,
1703 780 1796 834 sed
1826 779 1876 833 in
1912 779 2106 833 multos

527 862 741 930 Paulos,
770 873 820 918 et
852 863 1086 933 Cephas,
1119 876 1175 921 et
1205 867 1519 937 Apollones,
1554 885 1581 923 a
1617 869 1813 940 quibus
1834 872 1946 941 jam
1981 870 2101 940 ipsi,

525 968 629 1008 non
664 955 732 1010 ab
764 956 968 1012 eximio
1004 957 1093 1013 illo
1125 967 1182 1012 et
1214 974 1354 1015 novo
1381 959 1586 1016 Christi
1625 962 1841 1017 nomine
1872 962 2105 1033 appella-

524 1062 669 1112 mur,
718 1056 990 1103 eteorum
1048 1065 1170 1105 esse
1221 1051 1475 1107 dicimur.
1520 1054 1701 1124 Atque
1739 1055 1941 1109 utinam
1976 1056 2106 1109 mihi

524 1138 629 1193 hoc
669 1140 843 1196 solum
873 1143 1054 1199 dicere
1098 1145 1305 1199 liceret.
1356 1146 1555 1201 Verum
1581 1187 1596 1211 ,
1626 1156 1679 1202 et
1710 1147 1907 1203 multos
1948 1148 2107 1202 Chri-

525 1242 640 1290 stos
675 1236 956 1306 (horresco
1000 1236 1307 1308 referens),
1355 1253 1455 1308 pro
1492 1253 1599 1292 uno
1641 1239 1928 1308 produxit,
1958 1239 2109 1308 geni-

527 1334 638 1378 tum
667 1366 681 1391 ,
710 1337 949 1382 creatum
974 1369 990 1394 ,
1041 1345 1070 1381 a
1118 1329 1283 1384 Maria
1322 1330 1709 1399 incipientem,
1744 1346 1842 1397 eo,
1887 1331 2027 1386 unde
2052 1331 2107 1384 in

525 1426 705 1471 ortum
736 1418 959 1487 prodiit,
996 1420 1359 1510 relabentem,
1390 1422 1663 1477 hominem
1694 1423 1891 1478 mentis
1917 1436 2109 1491 exper-

527 1519 659 1575 tem,
693 1527 878 1567 revera
908 1514 1289 1580 exsistentem,
1320 1524 1376 1569 et
1412 1515 1592 1586 specie
1630 1525 1787 1571 tenus
1820 1516 2110 1570 adumbra-

527 1611 663 1655 tum.
696 1599 976 1658 Consimili
1009 1605 1169 1660 modo
1215 1607 1413 1660 multos
1457 1621 1672 1676 quoque
1709 1606 1979 1676 Spiritus,
2028 1606 2110 1659 in-

524 1702 794 1758 creatum,
826 1704 881 1749 et
906 1706 1173 1762 creatum,
1198 1706 1251 1753 et
1275 1698 1479 1752 honore
1504 1713 1709 1768 parem,
1735 1708 1791 1753 et
1814 1700 1920 1753 vim
1948 1710 2109 1770 atque

525 1781 870 1851 facultatem,
915 1796 970 1839 et
1014 1787 1244 1857 simplex
1293 1802 1356 1842 ac
1390 1787 1589 1842 nudum
1624 1786 1860 1856 Spiritus
1888 1803 2104 1845 nomen.

525 1875 598 1928 At
626 1890 791 1930 unum
824 1877 993 1931 Deum
1033 1876 1249 1933 Patrem
1284 1878 1445 1950 583
1492 1893 1785 1950 agnoscere
1826 1881 2106 1948 oportebat

524 1966 778 2038 principii
809 1977 1084 2039 expertem
1116 1978 1169 2026 et
1195 1970 1515 2040 ingenitum,
1547 1981 1601 2025 et
1630 1986 1791 2025 unum
1814 1971 2009 2025 Filium
2037 1986 2106 2027 ex

524 2055 685 2114 Patre
709 2059 951 2130 genitum
978 2098 994 2124 ,
1030 2070 1083 2115 et
1116 2076 1280 2115 unum
1313 2060 1574 2129 Spiritum
1604 2075 1670 2115 ex
1711 2062 1819 2116 Deo
1847 2062 2104 2117 substan-

525 2150 656 2203 tiam
694 2150 1029 2217 habentem,
1076 2153 1460 2208 cuncedentem
1503 2150 1655 2206 Patri
1710 2152 1934 2222 ingeniti
1977 2168 2105 2222 pro-

524 2242 835 2311 prietatem,
862 2243 1002 2300 Filio
1026 2260 1157 2300 vero
1180 2245 1622 2315 generationem;
1662 2246 1729 2299 de
1764 2256 1962 2301 caetero
2011 2261 2106 2300 au-

527 2348 635 2390 tem
683 2338 926 2408 ejusdem
975 2339 1198 2394 omnino
1235 2348 1472 2403 naturae,
1514 2338 1824 2409 dignitatis,
1852 2339 2103 2407 honoris,

520 2428 729 2499 gloriae.
781 2429 906 2484 Haec
930 2471 945 2498 ,
984 2431 1204 2499 inquam
1230 2470 1245 2494 ,
1298 2445 1594 2501 agnoscere
1642 2433 1957 2500 oportebat,
1992 2432 2106 2486 haec

521 2520 791 2587 conﬁteri,
825 2520 912 2576 hic
954 2522 1178 2590 gradum
1224 2522 1408 2591 ﬁgere,
1437 2522 1673 2593 prolixus
1718 2531 1897 2576 autem
1934 2536 2107 2589 nugas

524 2628 589 2668 ac
628 2613 886 2683 profanas
916 2615 1198 2669 verborum
1224 2614 1492 2669 novitates
1518 2615 1585 2668 ad
1624 2613 1828 2669 otiosos
1861 2613 2107 2666 homines

523 2708 838 2763 amandare.
872 2706 1009 2774 Quid
1045 2709 1158 2763 hate
1201 2708 1379 2763 omnia
1435 2706 1734 2762 excitavit-i’
1788 2704 2107 2759 Animorum

524 2782 727 2865 fervor,
753 2800 843 2869 qui
880 2800 997 2854 sine
1030 2799 1238 2855 ratione
1270 2814 1333 2854 ac
1363 2801 1587 2855 scientia
1614 2797 1857 2854 cohiberi
1900 2798 2105 2868 nequit,

526 2891 759 2961 ﬁdeique
782 2891 1051 2961 navigium
1087 2889 1445 2961 gubernatore
1467 2904 1677 2945 carens.

594 2984 687 3041 Ἣ.
717 2984 871 3052 Quod
895 2999 1017 3040 cum
1044 2992 1388 3054 perspectum
1424 2981 1742 3051 habeamus,
1776 2982 1989 3047 fratres,
2023 2980 2109 3035 de-

523 3093 642 3134 mus
666 3091 906 3147 operam,
939 3084 996 3131 ut
1021 3090 1119 3131 nec
1144 3074 1210 3130 ad
1236 3074 1433 3130 bonum
1464 3074 1600 3144 pigri
1630 3057 1823 3141 simus,
1865 3074 1959 3130 sed
1989 3072 2110 3141 Spi-

2205 595 2436 667 κλησίαν
2472 596 2762 668 πεποίηκε,
2803 598 2899 651 καὶ
2938 599 3240 672 διέστησεν,
3273 603 3374 654 ούκ
3401 603 3477 664 εἰς
3514 603 3609 657 ἕνα
3642 604 3799 657 Παῦ-

2204 687 2380 758 λον,ἢ
2425 689 2644 760 Κηφᾶν,
2690 690 2722 761 ἢ
2784 690 3046 756 Ἀπολλὼ,
3091 692 3124 763 ἢ
3176 694 3267 745 τὸν
3312 693 3459 747 δεῖνα
3499 695 3798 764 φυτευτὴν,

2205 780 2239 850 ἦ
2264 780 2353 833 τὸν
2381 780 2527 834 δεῖνα
2567 783 2828 852 ποτιστήν
2850 783 2959 853 (50)
2979 800 2993 814 ’
3030 782 3257 846 πολλοὺς
3293 784 3349 837 δὲ
3379 786 3609 850 ἀνέδειξε
3641 788 3799 841 Παύ-

2206 871 2350 936 λους,
2380 872 2475 925 καὶ
2517 872 2819 939 Ἀπολλὼς,
2852 875 2948 927 καὶ
2992 874 3210 946 Κηφᾶς,
3247 876 3340 944 ἀφ’
3375 870 3450 930 ὧν
3494 878 3613 931 ἀντὶ
3658 880 3801 950 Χρι-

2209 962 2335 1015 στοῦ
2384 963 2732 1034 καλούμεθα,
2784 966 2843 1019 τὸ
2892 967 3035 1037 μέγα
3080 968 3173 1020 καὶ
3216 968 3399 1021 καινὸν
3443 969 3555 1037 (51)
3596 969 3795 1039 ὄνομα,

2207 1056 2301 1108 καὶ
2326 1049 2400 1109 ὧν
2430 1052 2565 1109 εἶναι
2612 1056 2915 1127 λεγόμεθα”
2964 1059 3059 1112 καὶ¹
3090 1059 3202 1112 εἴθε
3250 1058 3509 1113 τοσοῦτον
3542 1055 3685 1131 εἶχον
3716 1064 3801 1114 εί-

2208 1150 2331 1201 πεῖν
2354 1164 2367 1178 “
2399 1147 2534 1201 ἀλλά
2568 1150 2662 1202 καὶ
2692 1149 2920 1213 πολλοὺς
2956 1150 3023 1220 (ὃ
3049 1152 3255 1221 φρίττω
3286 1151 3497 1222 λέγων)
3525 1154 3800 1225 Χριστοὺς

2208 1240 2325 1292 ἀνθ’
2364 1240 2503 1305 ἑνὸς,
2536 1241 2627 1293 τὸν
2657 1240 3016 1311 γεννώμενον,
3063 1242 3154 1295 τὸν
3197 1241 3538 1312 κτιζόμενον,
3574 1244 3669 1295 καὶ
3700 1242 3801 1298 τὸν

2209 1331 2317 1385 ἀπὸ
2350 1331 2569 1402 Μαρίας
2601 1332 2905 1404 ἀρχόμενον
2926 1372 2940 1398 ,
2975 1333 3068 1386 καὶ
3101 1334 3192 1387 τὸν
3228 1334 3527 1387 ἀναλύοντα
3561 1334 3682 1388 ὅθεν
3711 1337 3797 1399 εἰς

2208 1422 2270 1476 τὸ
2300 1425 2437 1476 εἶναι
2465 1422 2724 1494 προῆλθε,
2757 1425 2850 1477 καί¹
2885 1424 2976 1477 τὸν
3019 1424 3179 1479 ἄνουν
3227 1423 3533 1496 ἄνθρωπον,
3578 1425 3671 1479 καὶ
3700 1425 3799 1479 τὸν

2210 1516 2363 1578 ὄντα,
2408 1514 2502 1569 καὶ
2530 1516 2619 1568 τὸν
2654 1517 2994 1587 φαινόμενον.
3047 1515 3134 1579 Ὠς
3174 1516 3229 1568 δὲ
3264 1516 3357 1569 καὶ
3399 1516 3567 1570 πολλὰ
3612 1515 3799 1569 Πνεύ-

2213 1624 2377 1677 ματα,
2413 1607 2473 1660 τὸ
2510 1608 2762 1662 ἀκτιστον
2787 1608 2922 1679 (52),
2953 1607 3048 1661 καὶ
3077 1608 3139 1660 τὸ
3170 1609 3396 1679 κτίσμα,
3442 1610 3536 1662 καὶ
3570 1609 3630 1661 τὸ
3658 1608 3802 1680 ὁμό-

2208 1716 2386 1768 τιμον,
2423 1699 2516 1754 κα)¹
2549 1699 2610 1750 τὸ
2640 1699 2955 1770 ἐνέργημα,
2989 1699 3091 1768 καὶ,
3118 1697 3180 1751 τὸ
3226 1698 3379 1767 ψιλὸν
3426 1697 3616 1769 ὄνομα.
3662 1700 3802 1754 Δέον

2209 1792 2305 1845 ἕνα
2327 1791 2457 1844 Θεὸν
2480 1790 2700 1862 Πατέρα
2723 1789 3028 1859 γινώσκειν,
3062 1790 3315 1861 ἄναρχον,
3349 1790 3444 1843 καὶ
3474 1790 3797 1862 ἀγέννητον,

2208 1882 2301 1936 καὶ
2357 1882 2481 1934 Υἱδν
2535 1883 2629 1935 ἕνα
2683 1881 3078 1951 γεγεννημένον
3123 1883 3185 1934 ἐκ
3242 1880 3335 1935 τοῦ
3400 1882 3633 1952 Πατρὸς,
3694 1883 3802 1936 καὶ

2204 1971 2429 2043 Πνεῦμα
2475 1972 2531 2024 ἓν
2578 1974 2642 2024 ὲκ
2679 1970 2814 2024 Θεοῦ
2854 1971 2952 2041 τὴν
2982 1969 3214 2042 ὓπαρξιν
3246 1972 3395 2041 ἕχον,
3428 1971 3799 2043 παραχωροῦν

2205 2066 2382 2136 Πατρὶ
2434 2065 2532 2135 μὲν
2584 2064 2944 2133 ἀγεννησίας,
2975 2063 3090 2133 Υἱῷ
3134 2064 3191 2116 δὲ
3237 2066 3580 2135 γεννήσεως’
3630 2064 3697 2118 τὰ
3738 2063 3803 2117 δὲ

2205 2157 2342 2211 ἄλλα
2393 2156 2661 2227 συμφυὲς,
2701 2157 2796 2210 καὶ
2856 2155 3175 2227 σύνθρονον,
3229 2157 3323 2209 καὶ
3358 2155 3646 2226 ὁμόδοξον,
3697 2156 3801 2207 καὶ

2205 2250 2467 2322 ὁμότιμον
2490 2266 2504 2281 ⁸
2537 2249 2711 2302 ταῦτα
2763 2249 2966 2302 εἰδέναι
2990 2290 3005 2316 ,
3041 2249 3213 2303 ταῦτα
3263 2248 3544 2319 ὁμολογεῖν
3566 2287 3579 2310 ,
3627 2248 3798 2318 μέχρι

2205 2344 2407 2398 τούτων
2446 2341 2717 2405 ἵστασθαι,
2749 2342 2848 2413 τὴν
2886 2343 2943 2395 δὲ
2977 2342 3176 2413 πολλὴν
3224 2340 3515 2411 φλυαρίαν,
3567 2341 3663 2393 καὶ
3692 2340 3802 2402 τὰς

2208 2434 2469 2506 βεϐήλους
2510 2433 2843 2502 κενοφωνίας
2873 2432 2979 2486 τῶν
3010 2432 3207 2501 λόγων,
3249 2434 3361 2495 τοῖς
3405 2430 3599 2502 σχολὴν
3624 2431 3801 2499 ἄγου-

2210 2543 2292 2578 σιν
2330 2525 2753 2595 ἀποπέμπεσθαι
2787 2522 2921 2595 (55).
2963 2524 3029 2576 Τί
3057 2524 3120 2576 τὸ
3145 2524 3319 2578 ταῦτα
3359 2524 3537 2577 πάντα
3576 2538 3802 2592 κεκινη-

2206 2618 2334 2682 κὸς;
2370 2617 2655 2688 Θερμὸτης
2687 2616 2855 2687 χωρὶς
2886 2615 3044 2685 λόγου
3081 2617 3175 2669 κα)⁹
3205 2617 3513 2687 ἐπιστήμης
3541 2616 3797 2685 ἄσχετος,

2207 2710 2303 2763 καὶ
2332 2709 2568 2772 πίστεως
2602 2707 2769 2771 πλοῦς
2799 2706 3190 2779 ἀκυϐέρνητος.

2290 2986 2380 3050 ς’.
2423 2981 2594 3035 Τοῦτο
2614 2977 2706 3036 οὖν
2733 2981 2952 3045 εἰδότες,
2984 2980 3223 3051 ἀδελφοὶ,
3252 2982 3387 3052 μήτε
3419 2978 3609 3043 νωθεῖς
3638 2972 3801 3051 ὦμεν

2211 3076 2348 3147 πρὸς
2375 3075 2435 3127 τὸ
2470 3075 2653 3136 καλὸν,
2697 3073 2833 3127 ἀλλά
2869 3073 2946 3143 τῷ
2980 3072 3259 3139 Πνεύματι
3294 3072 3539 3142 ζέωμεν,
3579 3074 3798 3143 μήποτε

521 3172 633 3226 ritu
670 3169 998 3234 ferveamus,
1030 3182 1098 3222 ne
1133 3166 1331 3237 alioqui
1365 3166 1620 3236 paulatim
1662 3166 1714 3220 in
1748 3175 1974 3221 mortem
2008 3166 2105 3219 ob-

2214 3165 2548 3237 ύπνώσωμεν
2579 3168 2697 3220 κατ’
2725 3166 2903 3234 ὀλίγον
2931 3168 3011 3230 είς
3041 3167 3269 3220 θάνατον
3290 3207 3304 3232 ,
3335 3167 3368 3237 ἢ
3392 3206 3404 3229 ,
3435 3166 3799 3220 καθεύδουσιν

521 3262 875 3328 dormiamus,
914 3269 1029 3324 aut,
1068 3258 1461 3314 dormientibus
1491 3259 1668 3326 nobis,
1700 3272 1864 3329 prava
1894 3256 2104 3311 zizania

523 3354 695 3409 hostis
725 3359 1035 3424 superserat
1059 3350 1142 3419 “;
1170 3350 1403 3421 ρὶετίιίει⁵
1424 3350 1568 3405 enim
1598 3365 1788 3406 somno
1814 3347 2103 3418 conjuncta

520 3455 603 3502 est
627 3463 643 3514 ;
673 3458 771 3500 nec
796 3458 989 3499 rursus
1016 3458 1138 3497 cum
1164 3441 1466 3496 temeritate
1495 3450 1549 3496 et
1574 3456 1719 3495 caeco
1751 3438 1921 3494 nostri
1954 3453 2107 3493 amo-

526 3553 588 3593 re
615 3551 773 3592 acres
794 3549 857 3589 ac
886 3534 1105 3597 fervidi,
1138 3548 1206 3589 ne
1234 3534 1432 3603 alioqui
1462 3533 1517 3587 in
1559 3542 1932 3586 transversum
1964 3528 2109 3584 abri-

521 3631 754 3699 piamur,
789 3628 985 3697 viaque
1018 3628 1165 3696 regia
1200 3628 1549 3690 excidamus;
1606 3634 1770 3693 atque
1817 3624 1871 3677 in
1912 3623 2104 3676 horum

522 3720 749 3775 alterum
776 3719 1083 3774 necessario
1108 3718 1432 3781 incidamus,
1465 3725 1524 3770 ut
1546 3715 1630 3770 vel
1656 3715 1957 3770 calcaribus
1984 3728 2109 3783 pro-

522 3821 641 3881 pter
683 3810 989 3864 tarditatem
1020 3823 1157 3877 opus
1184 3808 1507 3869 habeamus,
1534 3804 1618 3857 vel
1657 3814 1877 3874 propter
1902 3804 2111 3858 animo-

524 3916 643 3955 rum
674 3899 939 3954 fervorem
974 3899 1025 3952 in
1054 3913 1291 3967 praeceps
1319 3911 1563 3953 ruamus.
1597 3897 1735 3963 Quin
1763 3897 1961 3967 potius,
1987 3912 2107 3952 cum

523 4008 592 4048 ex
622 4000 873 4062 utroque,
905 3991 977 4056 id,
1010 3991 1155 4061 quod
1196 3990 1326 4045 utile
1348 4004 1411 4044 ac
1441 3988 1770 4043 fructuosum
1802 3998 1901 4054 est,
1938 3987 2105 4043 colle—

522 4085 784 4158 gerimus,
810 4085 916 4141 hoc
942 4093 1046 4150 est,
1075 4098 1142 4139 ex
1171 4083 1259 4138 illa
1283 4083 1771 4147 mansuetudinem,
1803 4097 1870 4137 ex
1898 4082 1998 4136 hoc
2024 4098 2113 4135 au-

523 4190 631 4234 tem
667 4178 879 4244 zelum;
910 4177 1050 4245 quod
1095 4178 1151 4231 in
1198 4185 1428 4246 utroque
1476 4175 1695 4229 noxium
1730 4189 1800 4229 ac
1838 4174 2105 4243 pernicio-

523 4289 645 4329 sum
694 4282 798 4339 est,
847 4272 1138 4345 fugiamus,
1193 4270 1340 4326 illius
1390 4285 1581 4339 nempe
1614 4268 1910 4339 pigritiam,
1954 4266 2112 4335 hujus

522 4382 652 4422 vero
679 4366 1072 4431 temeritatem;
1104 4373 1161 4419 ut
1189 4378 1289 4419 nec
1317 4363 1385 4418 ob
1417 4362 1686 4435 defectum
1711 4360 1922 4415 steriles
1956 4369 2010 4414 et
2032 4360 2113 4413 in-

527 4458 773 4530 frugiferi
834 4458 1042 4521 simus,
1099 4469 1198 4512 nec
1241 4456 1309 4509 ob
1387 4468 1667 4508 excessum
1725 4451 2109 4521 periclitemur.

2212 3261 2364 3329 ἡμῖν,
2391 3258 2690 3329 ὲπισπείρῃ
2723 3258 2791 3311 τὰ
2818 3258 3029 3329 πονηρά
3062 3257 3395 3328 σπέρματαὸ
3424 3257 3616 3330 ἐχθρός
3642 3273 3656 3288 ’
3683 3274 3798 3311 νω-

2210 3351 2327 3404 θεῖα
2374 3352 2483 3423 γὰρ
2535 3350 2687 3423 ὕπνῳ
2742 3351 2852 3423 (56)
2902 3350 3159 3419 σύζυγος·
3213 3351 3349 3422 μήτε
3401 3350 3651 3422 διάπυροι
3695 3351 3800 3405 σὺν

2207 3447 2402 3518 ἀλογίᾳ
2437 3446 2532 3499 καὶ
2574 3443 2851 3515 φιλαυτία,
2886 3443 3082 3514 ἵναμὴ
3112 3442 3491 3515 ἐκφερώμεθα,
3525 3442 3659 3514 μηδὲ
3691 3441 3801 3513 τῆς

2207 3540 2329 3594 ὁδοῦ
2374 3539 2473 3609 τῆς
2513 3536 2797 3607 βασιλικῆς
2834 3534 2938 3599 ἔξω
2966 3535 3283 3604 πίπτωμεν·
3316 3534 3374 3587 ἓν
3401 3534 3463 3602 γέ
3493 3552 3543 3587 τι
3577 3534 3804 3586 πταίον-

2210 3649 2301 3694 τες
2344 3631 2584 3695 πάντως,
2624 3628 2657 3698 ἢ
2690 3627 2930 3699 κέντρων
2970 3626 3215 3697 δεόμενοι
3258 3627 3348 3680 διὰ
3386 3626 3483 3697 τὴν
3531 3625 3796 3691 νωθείαν,

2210 3724 2243 3795 ἢ
2270 3719 2700 3793 κρημνιζὸμενοι
2736 3718 2823 3773 διὰ
2854 3720 2954 3790 τὴν
2985 3718 3316 3790 θερμότητα.
3358 3718 3706 3789 Ἀμφοτέρων
3734 3718 3799 3770 δὲ

2210 3812 2332 3865 ὅσον
2361 3810 2629 3881 χρήσιμόν
2659 3810 2773 3863 ἐστι
2805 3810 3087 3873 λαϐόντες,
3123 3810 3223 3879 τῆς
3265 3810 3361 3879 μὲν
3389 3809 3449 3861 τὸ
3476 3810 3668 3879 πρᾶον,
3694 3808 3805 3877 τῆς

2210 3901 2266 3954 δὲ
2295 3901 2383 3955 τὸν
2414 3900 2572 3971 ζῆλον
2594 3916 2607 3928 °
2646 3900 2975 3971 ἀμφοτέρων
3008 3901 3130 3953 ὅσον
3157 3900 3275 3953 ἐστὶ
3303 3899 3562 3970 βλαϐερὸν
3602 3899 3803 3967 διαφύ-

2212 4010 2423 4063 γωμεν,
2456 3995 2557 4063 τῆς
2598 3991 2696 4063 μὲν
2736 3992 2825 4045 τὸν
2875 3989 3057 4056 ὄκνον,
3107 3992 3205 4063 τῆς
3239 3991 3293 4044 δὲ
3340 3991 3401 4044 τὸ
3445 3991 3672 4063 θράσος’
3708 3992 3805 4045 ἵνα

2217 4086 2353 4156 μήτε
2391 4083 2468 4155 τῷ
2500 4084 2799 4137 ὲλλείποντι
2830 4077 2979 4154 ὦμεν
3006 4084 3270 4155 ἄκαρποι,
3312 4085 3447 4155 μήτε
3489 4083 3566 4154 τῷ
3606 4100 3802 4155 περιτ-

2212 4177 2421 4231 τεύοντι
2464 4176 2885 4247 κινδυνεύωμεν.
2946 4177 3179 4247 Ὁμοίως
3231 4177 3340 4248 γὰρ
3386 4177 3652 4249 ἄχρηστα,
3702 4178 3806 4231 καὶ

2213 4269 2493 4342 νωθρότης
2544 4270 2843 4339 ἄπρακτος,
2896 4268 2990 4321 καὶ
3040 4268 3310 4340 θερμότης
3360 4269 3714 4333 ἅπαίδευτος’
3764 4272 3803 4341 ἡ

2219 4363 2317 4433 μὲν
2352 4362 2452 4414 ούκ
2485 4360 2780 4430 ὲγγίζουσα
2817 4358 2896 4430 τῷ
2942 4358 3090 4429 καλῷ
3116 4400 3131 4424 ,
3169 4362 3203 4429 ή
3252 4359 3309 4412 δὲ
3355 4360 3801 4432 ὑπερπίπτουσα,

2215 4455 2309 4508 καὶ
2336 4452 2430 4507 τοῦ
2468 4452 2646 4519 δεξιοῦ
2693 4450 2994 4523 ποιουμένη
3027 4468 3080 4503 τι
3122 4449 3459 4522 δεξιώτερον.
3495 4451 3669 4523 Ὅπερ
3703 4452 3804 4505 καὶ

522 4550 701 4621 IEque
724 4552 867 4607 enim
900 4549 1114 4604 inutiles
1148 4556 1291 4609 sunt,
1327 4546 1473 4600 iners
1513 4559 1574 4599 ac
1604 4545 1793 4614 supina
1840 4542 2105 4613 segnities,

2217 4549 2244 4600 ὁ
2274 4546 2415 4609 θεῖος
2439 4543 2689 4615 Σολομὼν
2716 4543 2895 4606 καλῶς
2920 4544 3029 4614 ('55)
3061 4544 3442 4613 ἐπιστάμενος,
3469 4542 3564 4610 Μὴ
3598 4543 3806 4596 ἐκκλί-

523 4653 576 4698 et
622 4642 903 4711 imperitus
936 4640 1118 4695 fervor
1161 4655 1174 4691 :
1218 4638 1305 4692 illa
1348 4638 1413 4691 ad
1462 4636 1662 4690 bonum
1695 4633 1916 4689 minime
1948 4648 2105 4687 acce-

509 4735 678 4798 dens,
722 4732 811 4787 hic
846 4741 1023 4786 autem
1056 4730 1282 4784 ulterius
1320 4730 1539 4794 cadens,
1588 4742 1651 4781 ac
1685 4727 1876 4781 dextro
1916 4726 2102 4780 dexte—

526 4827 636 4879 rius
666 4823 866 4892 aliquid
898 4822 1152 4878 efﬁciens.
1202 4820 1379 4888 Atque
1425 4819 1476 4872 id
1528 4821 1693 4887 probe
1741 4817 2013 4887 cognitum
2054 4825 2109 4871 et

523 4917 860 4986 exploratum
902 4915 1104 4970 habens
1137 4913 1348 4967 divinus
1393 4910 1644 4965 Salomon
1684 4926 1697 4963 :
1735 4908 1818 4964 Ne
1851 4909 2101 4975 declines,

595 5053 641 5086 ³³
671 5050 839 5108 lCor.
875 5066 962 5119 ιιι,
996 5051 1051 5106 4.
1129 5051 1175 5082 ’³
1213 5049 1404 5104 Matth.
1444 5064 1566 5114 xm,
1598 5048 1688 5101 25.

595 5208 711 5281 (50)
752 5208 1072 5281 Ποτιοήτήν.
1108 5209 1239 5278 Reg.
1278 5211 1388 5270 bm,
1422 5204 1515 5281 ρι’.
1552 5206 1603 5267 1,
1641 5203 1838 5281 aliique
1872 5213 2103 5264 nonnul-

523 5283 557 5337 li
586 5277 809 5345 adtlunt,
836 5281 869 5351 ἢ
900 5280 990 5333 τὸν
1020 5277 1238 5351 δεῖναη
1277 5285 1369 5334 aut
1393 5278 1556 5351 alium
1584 5277 1893 5345 quemdam.
1928 5296 1956 5351 ί»

593 5353 706 5421 (51)
750 5346 991 5408 Καινόν.
1037 5348 1129 5404 Sic
1162 5352 1341 5419 plures
1382 5346 1597 5421 optimm
1643 5355 1785 5421 nota:
1838 5349 1995 5404 codd.
2048 5361 2103 5407 et

520 5417 614 5477 ed.
670 5422 1100 5493 Regiustamen
1156 5417 1241 5475 llltl
1298 5427 1351 5473 et
1416 5417 1591 5493 0r.__l_
1641 5417 2102 5493 liabeut,_xow6v.

527 5513 545 5544 c
576 5488 893 5557 commune;
929 5511 947 5544 ι
988 5492 1079 5544 sed
1134 5493 1199 5544 ad
1232 5505 1401 5558 marg.
1430 5488 1685 5542 scribitur
1723 5488 1926 5554 καινόν,
1967 5510 1986 5542 ι
2014 5509 2098 5547 no.

524 5580 670 5617 vum.
709 5583 727 5614 ι
772 5564 917 5617 llauc
956 5562 1198 5615 ultimam
1247 5562 1529 5615 lectionem
1570 5558 1782 5625 prtefert
1830 5562 2099 5617 Combeﬁ-

523 5635 658 5697 sius,
695 5642 876 5703 utpote
901 5634 966 5685 ah
991 5631 1127 5686 lsaia
1162 5647 1295 5696 an,
1322 5631 1378 5694 2,
1417 5643 1749 5703 egressam.
1784 5630 1855 5683 Ea
1898 5634 2105 5689 ratione

524 5705 591 5757 ab
631 5698 768 5758 Elia'
798 5703 1022 5770 probata
1054 5703 1252 5767 fuerat,
1294 5709 1350 5755 ut
1385 5717 1411 5754 a
1456 5698 1612 5751 Billio
1652 5699 1957 5771 adnotatur.
1988 5703 2105 5771 Ipse

526 5785 703 5846 tamen
733 5774 941 5846 Billius,
966 5773 1171 5846 κοινόν,
1205 5771 1458 5846 praetulit,
1492 5780 1543 5823 et
1567 5770 1727 5825 vertit
1763 5788 1777 5824 :
1814 5790 1831 5825 ι
1864 5770 2103 5829 commu-

520 5845 577 5901 ni
601 5845 803 5902 Christi
833 5844 1069 5901 nomine.
1107 5863 1126 5898 ι

2216 4656 2351 4707 νῃς,
2389 4638 2575 4708 φησὶν,
2610 4640 2697 4703 εἷς
2728 4636 2802 4690 τὰ
2835 4635 3035 4700 δεξιὰ,
3072 4635 3211 4705 μηδ’
3253 4638 3340 4701 είς
3367 4635 3439 4689 τὰ
3480 4634 3765 4704 ἀριστερά
3785 4652 3801 4667 ·

2217 4729 2351 4800 μηδὲ
2391 4728 2481 4782 διὰ
2502 4728 2609 4783 τῶν
2635 4728 2894 4782 ἐναντίων
2926 4728 3011 4792 εἰς
3032 4727 3201 4781 κακὸν
3235 4727 3347 4780 ἴσον
3386 4727 3632 4799 ὲμπέσῃς
3663 4727 3802 4796 (56),

2210 4821 2309 4892 τὴν
2353 4822 2644 4893 ἁμαρτίαν.
2687 4822 2946 4890 Καίτοιγε
2996 4821 3054 4873 τὸ
3100 4821 3257 4888 φύσει
3311 4819 3481 4884 δεξιὸν
3524 4818 3801 4883 ἐπαινῶν,

2223 4913 2436 4979 Ὁδοὺς
2475 4913 2619 4984 γὰρ,
2659 4915 2828 4985 φησὶ,
2860 4913 2969 4978 τὰς
2998 4913 3065 4965 ἐκ
3098 4910 3315 4975 δεξιῶν
3351 4905 3515 4964 οἶδεν
3544 4912 3575 4963 d
3619 4910 3799 4974 Θεός·

2287 5203 2398 5275 (5'2)
2443 5204 2786 5275 Ἄκαστον,
2833 5198 3036 5275 καὶ-τὸ
3058 5200 3318 5275 azioma,
3365 5198 3463 5275 argi
3501 5194 3565 5275 τὸ
3605 5195 3803 5275 {vidri-

2207 5266 2347 5345 poi»,
2378 5266 2473 5327 καί
2498 5274 2562 5327 τὸ
2588 5273 2904 5345 ἐνέργημα.
2936 5271 3027 5324 Sic
3058 5269 3191 5345 Reg.
3216 5266 3302 5345 hm
3325 5277 3378 5323 et.
3399 5266 3493 5345 Or.
3527 5268 3576 5321 1.
3605 5267 3657 5319 In
3678 5269 3800 5345 _ed.,

2212 5336 2485 5407 ἀκτιστον,
2523 5344 2616 5398 καὶ
2670 5336 2745 5396 ’ξδ’
2775 5336 3054 5412 ὁμότιμον,
3098 5340 3192 5394 καὶ
3231 5339 3290 5392 τὸ
3334 5340 3561 5408 κτίσμα,
3600 5336 3699 5389 καὶ
3742 5336 3806 5389 τὸ

2212 5417 2408 5488 ὲνέργη
2418 5432 2512 5486 μα.

2286 5475 2952 5558 (ΒδΐἈποπέμπεο-θαι.
3002 5482 3124 5537 Bas.
3177 5490 3232 5535 et
3276 5477 3489 5543 Comb.,
3547 5475 3802 5532 ἀποτίθε-

2213 5558 2398 5697 σθῗῗξλ)
2439 5628 2655 5697 "Tm-9).
2681 5624 2847 5697 Coisl.
2940 5621 3229 5697 etACornb”
3265 5616 3456 5673 ὕπνου.

2436 5695 2665 5771 Καλῶς.
2701 5695 2856 5771 Deest
2896 5692 3073 5771 llLOl‘.
3117 5694 3167 5746 1.

2283 5760 2393 5841 (36)
2444 5766 2766 5835 Ἔιιπέσῃς.
2802 5766 2913 5821 Duo
2938 5764 3131 5835 Μέθη
3156 5760 3348 5834 πέσῃς.
