4010 6316
212 348 293 404 l8l
885 354 1150 413 ORATIO
1190 356 1407 413 XXXII.
1448 389 1518 402 --
1558 360 1646 415 DE
1687 360 2183 422 MODERATIONE
2224 368 2288 424 IN
2328 370 2788 428 DISPUTANDO.

3364 371 3469 427 189.

202 470 659 538 διαττραμμὲναι
686 472 752 526 δέ
784 474 944 527 είσιν
972 478 1031 529 αἱ
1063 475 1133 539 ἐξ
1158 476 1505 546 ἀριστερῶν.
1545 479 1666 543 Πῶς
1692 476 1783 535 οὖν

1895 481 2142 552 inquit",
2177 486 2247 538 ad
2274 488 2561 554 dexteram,
2597 503 2757 558 neque
2806 483 2872 538 ad
2904 484 3169 538 sinistram
3197 497 3215 538 :
3245 498 3343 538 nec
3374 499 3470 553 per

203 564 401 616 ἐπαινεῖ
429 563 491 616 τὸ
524 563 720 629 δεξιὸν,
755 566 851 619 καὶ
880 567 1085 636 ἀπάγει
1118 569 1279 623 πάλιν
1304 569 1397 623 τοῦ
1428 570 1601 635 δεξιοῦ
1624 572 1736 643 (57)
1762 591 1775 640 ;

204 652 389 706 Τούτου
419 652 629 726 δηλαδὴ
654 656 745 709 τοῦ
771 658 1100 728 φαινομένου
1129 659 1328 725 δεξιοῦ,
1357 663 1452 714 καὶ
1478 663 1576 715 οὐκ
1606 663 1775 727 ὄντος.

202 747 381 820 Πρὸςὸ
420 748 640 819 βλέπων
689 748 938 819 ἑτέρωθι,
981 749 1078 816 Μὴ
1116 750 1289 819 γίνου
1332 751 1561 820 δίκαιος
1596 756 1778 821 πολὺ,

202 840 342 911 φησι,
360 839 520 909 μηδὲ
547 837 797 908 σοφίζυυ
823 842 1104 909 περισσά.
1137 843 1210 896 Τὸ
1235 844 1343 915 γὰρ
1368 845 1498 897 αὐτὸ
1527 848 1620 900 καὶ
1652 849 1780 919 περὶ

201 932 560 1002 δικαιοσύνην,
598 933 693 986 καὶ
724 933 853 1003 περὶ
890 934 1084 1002 σοφίαν
1126 934 1317 999 πάθος,
1350 936 1618 1009 θερμότης,
1652 941 1779 1009 περὶ

203 1024 383 1094 πρᾶξιν
431 1025 528 1077 καὶ
574 1024 752 1092 λόγον,
803 1026 907 1091 ἔξω
955 1024 1051 1078 τοῦ
1099 1026 1266 1079 καλοῦ
1308 1029 1537 1099 καὶτῆς
1579 1031 1782 1100 ἀρετῆς

200 1116 257 1169 δι’
286 1115 598 1187 ὑπερϐολὴν
638 1118 749 1185 (58)
795 1118 1095 1173 πίπτουσα.
1131 1112 1209 1190 ᾟ
1252 1121 1346 1175 καὶ
1377 1121 1439 1174 τὸ
1477 1122 1654 1177 ἐνδέον
1688 1123 1782 1177 καὶ

199 1207 252 1260 τὸ
302 1206 647 1274 ὑπερϐάλλον
698 1208 900 1277 ὁμοίως
955 1208 1299 1279 λυμαίνεται,
1337 1210 1525 1283 ὥσπερ
1564 1214 1657 1265 καὶ
1705 1213 1783 1283 τῷ

200 1296 368 1351 κανόνι
400 1297 703 1369 πρόσθεσις
731 1299 764 1369 ἢ
800 1298 1088 1370 ὑφαίρεσις
1115 1300 1250 1369 (59).

1888 576 2154 628 contraria
2200 579 2252 630 in
2288 578 2492 648 aequale
2522 578 2743 641 malum,
2795 576 2896 631 hoc
2936 585 3041 640 est,
3072 575 3124 629 in
3166 583 3472 645 peccatum,

1888 665 2112 728 incidas.
2161 666 2482 738 Quanquam
2534 668 2755 738 alioqui,
2781 657 2936 739 quod
2981 676 3175 722 natura
3222 667 3473 722 dextrum

1888 767 1992 823 est,
2049 758 2134 813 his
2184 760 2364 815 verbis
2391 758 2576 815 laudat
2611 775 2626 813 :
2664 759 2792 815 Vias
2844 761 3004 827 enim,
3045 774 3162 828 quae
3210 775 3241 812 a
3272 758 3472 812 dextris

1888 860 2028 915 sunt,
2057 851 2191 905 novit
2252 852 2386 907 Deus
2421 869 2441 908 .'
2468 868 2719 921 perversa:
2764 862 2937 906 autem
2965 859 3110 919 sunt,
3139 866 3255 921 qua:
3286 866 3319 903 a
3349 850 3475 903 sini-

1886 943 2007 995 stris
2023 954 2142 997 sunt
2158 944 2224 998 “.
2252 943 2349 1010 Qui
2369 946 2427 998 lit
2443 944 2624 1012 igitur,
2644 951 2700 997 ut
2720 942 2811 1013 qui
2841 944 3087 999 dextrum
3105 942 3308 1009 laudat,
3326 941 3471 996 idem

1889 1049 2102 1088 rursum
2152 1049 2180 1088 a
2225 1036 2554 1091 dextro'nos
2602 1034 2873 1089 abducat?
2922 1032 3173 1103 lntelligit
3227 1032 3471 1102 profecto

1889 1126 2031 1193 quod
2053 1126 2226 1180 dextri
2271 1128 2505 1197 speciem
2530 1127 2711 1193 habet,
2746 1141 2868 1181 cum
2896 1140 3083 1182 revera
3117 1126 3221 1180 tale
3242 1141 3347 1181 non
3375 1126 3467 1182 sit.

1890 1216 2040 1283 Quod
2066 1217 2229 1273 etiam
2261 1228 2512 1288 spectans
2546 1218 2653 1274 alio
2682 1219 2803 1275 loco
2831 1219 3006 1289 inquit
3036 1233 3051 1271 :
3087 1218 3169 1271 Ne
3193 1233 3472 1287 magnope-

1890 1323 1946 1360 re
1993 1307 2175 1378 justus
2232 1311 2325 1373 sis,
2375 1325 2467 1363 nec
2517 1326 2675 1375 supra
2728 1309 2941 1363 modum
2998 1309 3206 1377 sapiens
3246 1309 3313 1361 ³⁷.
3364 1306 3470 1363 Par

200 1393 382 1447 etenim
419 1391 655 1461 justitim
690 1403 853 1463 atque
891 1396 1171 1463 sapientia:
1198 1396 1584 1452 detrimentum
1624 1396 1780 1453 aﬂ‘ert
1823 1401 1987 1467 acris,
2019 1412 2125 1457 tam
2159 1403 2213 1457 in
2253 1402 2417 1475 584
2440 1404 2673 1469 actione,
2732 1419 2894 1474 quam
2958 1403 3012 1457 in
3045 1417 3316 1471 sermone,
3349 1404 3469 1456 ani-

200 1488 262 1542 mi
297 1489 550 1558 impetus,
585 1504 614 1543 a
638 1489 781 1544 bono
840 1504 1031 1561 nempe
1066 1500 1119 1545 et
1154 1505 1183 1545 a
1218 1486 1417 1547 virtute
1482 1501 1701 1563 propter
1739 1509 2021 1552 excessum
2086 1499 2362 1554 excideris.
2427 1496 2578 1555 Hanc
2617 1497 2759 1552 enim
2827 1497 3066 1554 defectus
3121 1505 3176 1552 et
3216 1509 3473 1566 excessu;

200 1596 435 1651 peraeque
468 1583 825 1646 labelaclant,
866 1600 969 1639 non
1017 1600 1173 1641 secus
1214 1601 1276 1641 ac
1311 1586 1545 1656 regulam
1580 1588 1784 1642 additio
1821 1589 1997 1660 aliqua
2027 1601 2116 1646 aut
2141 1591 2460 1647 subtraclio.

260 1676 331 1730 Ζ’.
362 1676 575 1746 Μηδεὶς
616 1671 709 1731 οὖν
753 1678 893 1732 ἔστω
922 1677 1083 1732 πλέον
1129 1680 1163 1750 ἢ
1199 1680 1381 1744 καλῶς
1427 1680 1543 1750 ἔχει
1597 1681 1780 1749 σοφὸς,

1961 1683 2073 1740 VII.
2105 1683 2275 1741 Nemo
2305 1686 2467 1756 igitur
2508 1687 2804 1758 sapientior
2836 1687 2928 1755 sit,
2959 1702 3118 1757 quam
3161 1686 3471 1751 conveniat.

200 1765 323 1837 μηδὲ
380 1766 477 1819 τοῦ
532 1768 704 1838 νόμου
754 1768 1152 1841 νομιμώτερος,
1217 1770 1352 1842 μηδὲ
1406 1770 1785 1843 λαμπρότερος

196 1856 281 1911 τοῦ
318 1858 499 1927 φωτὸς
550 1858 690 1929 (40),
727 1860 863 1931 μηδὲ
904 1860 998 1913 τοῦ
1040 1862 1262 1925 κανόνος
1294 1862 1604 1935 εὐθύτερος,
1652 1863 1785 1933 μηδὲ

197 1949 288 2017 τῆς
314 1950 536 2020 ἐντολῆς
575 1950 930 2025 ὑψηλότερος.
962 1952 1155 2006 Ἔσται
1184 1952 1241 2005 δὲ
1270 1953 1430 2006 τοῦτο
1461 1954 1612 2019 πῶς;
1660 1956 1785 2008 Ἐὰν

199 2042 417 2112 εἰδῶμεν
453 2043 666 2113 κόσμον
696 2043 837 2113 (41),
872 2043 967 2096 καὶ
999 2044 1309 2115 ὲπαινῶμεν
1340 2045 1554 2115 φύσεως
1598 2046 1781 2117 νόμον,

200 2133 283 2186 καὶ
327 2130 598 2203 ἑπώμεθα
645 2131 809 2203 λόγῳ,
855 2134 1054 2206 καὶμὴ
1101 2134 1455 2206 ἀτιμάζωμεν
1510 2136 1783 2201 εὐταξίαν.

212 2223 541 2293 Ἐμϐλέψατε
595 2225 676 2288 είς
720 2225 811 2277 τὸν
854 2226 1083 2295 οὐρανὸν
1138 2225 1271 2291 ἄνω,
1304 2228 1397 2279 καὶ
1438 2228 1518 2292 είς
1560 2228 1654 2299 τὴν
1682 2229 1784 2299 γῆν

203 2314 360 2380 κάτω,
389 2316 485 2368 καὶ
519 2316 835 2388 ἐννοήσατε,
861 2317 977 2381 πῶς
1004 2319 1234 2389 συνέστη
1257 2319 1319 2371 τὸ
1345 2323 1473 2381 πᾶν,
1506 2322 1601 2375 καὶ
1635 2322 1781 2386 ὅθεν,

202 2408 288 2462 καὶ
314 2409 367 2461 τί
400 2410 510 2481 πρὸ
539 2409 643 2480 τῆς
680 2410 1095 2482 διακοσμήσεως
1136 2408 1224 2483 ἦν,
1265 2414 1360 2467 καὶ
1390 2413 1441 2467 τί
1484 2414 1576 2467 νῦν
1616 2416 1784 2487 ὄνομα

200 2498 272 2571 τῷ
299 2502 477 2556 παντί.
525 2501 692 2567 Τάξει
723 2503 791 2556 τὰ
828 2504 1010 2557 πάντα
1046 2504 1403 2577 διεκοσμήθη,
1439 2506 1551 2569 καὶ,
1600 2510 1628 2561 ὁ
1671 2509 1785 2561 δ;α-

200 2595 472 2665 κοσμήσας
534 2596 743 2664 Λόγοςο
804 2598 1047 2665 καίτοιγε
1112 2598 1187 2661 ὼς
1232 2598 1290 2651 ἓν
1336 2599 1404 2651 τὰ
1462 2600 1639 2654 πάντα
1691 2602 1785 2654 καὶ

201 2684 399 2756 ἀθρόως
436 2687 751 2757 ὑποστῆναι
783 2686 1008 2740 δυνατὸν
1043 2683 1110 2758 ἦν
1155 2686 1218 2757 (ὁ
1256 2687 1365 2760 γὰρ
1396 2689 1506 2759 (4:2)
1537 2692 1648 2752 τοῖς
1686 2691 1785 2743 οὐκ

199 2774 307 2832 οὖσι
330 2779 390 2832 τὸ
425 2774 574 2833 εἶναι
609 2780 754 2843 δοὺς,
786 2780 881 2833 καὶ
911 2783 1022 2843 τοῖς
1044 2781 1357 2851 γενομένοις
1386 2779 1483 2843 τὰς
1517 2780 1660 2843 ἰδέας
1689 2781 1783 2833 καὶ

205 2872 268 2926 τὰ
293 2874 574 2944 σχήματα,
598 2872 707 2927 οὐδ’
750 2872 885 2944 ὁμοῦ
910 2873 972 2926 τὸ
1008 2875 1117 2927 πᾶν
1144 2872 1419 2938 ἀναδεῖξαι
1450 2874 1543 2925 καὶ
1575 2873 1785 2926 διακοσ-

204 2965 360 3036 μῆσαι
390 2964 633 3036 ἀσθενὴς
669 2960 774 3035 ἦν)
800 2980 815 2997 ο
843 2964 980 3019 ἀλλά
1017 2964 1106 3018 διὰ
1141 2962 1300 3019 τοῦτο
1333 2964 1547 3036 πρῶτόν
1595 2983 1644 3018 τι
1689 2966 1783 3017 καὶ

1888 1790 1987 1831 nec
2020 1775 2137 1846 lege
2167 1778 2433 1844 exactior,
2472 1792 2571 1833 nec
2602 1779 2724 1833 luce
2757 1777 3106 1848 splendidior,
3138 1792 3237 1833 nec
3278 1792 3469 1833 norma

1885 1868 2105 1936 rectior,
2133 1882 2234 1923 nec
2256 1878 2525 1940 praecepto
2548 1869 2850 1925 sublimior.
2879 1868 2935 1925 ld
2968 1884 3094 1926 vero
3123 1885 3227 1940 qua
3251 1871 3487 1927 laudent.

1888 1958 2096 2014 ratione
2117 1960 2550 2029 consequemur?
2569 1959 2770 2030 Nempe
2791 1960 2837 2016 si
2864 1960 3107 2016 ordinem
3132 1961 3481 2023 noverimus...

1886 2063 1940 2107 et
1976 2062 2182 2108 naturae.
2214 2053 2362 2123 leges
2410 2053 2845 2123 comprobemus,
2875 2060 2929 2110 et
2969 2054 3232 2110 rationem
3274 2052 3469 2108 ducem

1886 2159 2200 2213 sequamur,
2236 2153 2291 2201 et
2315 2144 2651 2214 disciplinam
2685 2160 2791 2200 non
2821 2159 3191 2214 aspernemur.
3225 2144 3481 2213 Respicis.

1888 2243 1941 2289 te
1973 2234 2025 2288 in
2052 2235 2247 2289 coelum
2275 2249 2512 2301 sursum,
2539 2245 2594 2288 et
2624 2234 2676 2289 in
2715 2226 2912 2289 terram
2939 2237 3189 2289 deorsum
3213 2234 3281 2300 ³⁸,
3306 2242 3475 2302 atque,

1886 2324 2319 2390 animadvertite,
2365 2339 2471 2395 quo
2527 2334 2687 2394 pacto
2740 2334 2851 2380 tota
2905 2325 3022 2379 bzec
3078 2339 3257 2378 rerum
3298 2322 3475 2378 moles

1886 2425 2194 2472 constructa
2220 2425 2275 2472 et
2301 2425 2674 2489 coagmentata
2696 2415 2883 2483 fuerit,
2906 2415 3334 2486 undeoriginem
3369 2415 3470 2469 ha-

1887 2509 2084 2574 buerit,
2116 2508 2245 2578 quid
2276 2517 2402 2563 ante
2428 2523 2615 2563 earum
2647 2508 3067 2565 concinnitatem
3094 2513 3234 2573 erat,
3270 2514 3327 2562 et
3361 2518 3470 2575 quo

1880 2598 1992 2669 jam
2039 2600 2258 2654 nomine
2316 2599 2627 2655 universum
2678 2598 2996 2669 appelletur.
3045 2598 3246 2655 Ordine
3284 2596 3473 2653 omnia

1885 2691 2206 2746 concinnata
2241 2700 2297 2746 et
2327 2691 2581 2747 distincta
2604 2699 2748 2757 sunt,
2781 2699 2836 2746 et
2872 2692 3087 2761 quidem
3118 2692 3470 2747 concinnato-

1886 2797 1943 2836 re
1974 2780 2150 2837 Verbo
2183 2797 2197 2834 ι
2233 2796 2337 2837 non
2369 2781 2535 2852 quod,
2569 2790 2628 2836 ut
2672 2797 2778 2836 una
2825 2796 2936 2849 res,
2969 2781 3042 2837 ita
3080 2795 3268 2837 omnes
3310 2780 3479 2835 simul

1884 2874 2103 2944 produci
2136 2889 2242 2930 non
2275 2884 2494 2943 possent
2519 2872 2663 2943 (nam
2686 2873 2778 2942 qui
2817 2886 2880 2928 ea
2911 2887 3031 2943 quae
3062 2888 3166 2928 non
3212 2882 3387 2938 erant,
3414 2874 3473 2928 in

1884 2977 2062 3019 ortum
2114 2964 2390 3034 produxit,
2422 2965 2810 3035 productisque
2865 2963 3096 3018 formam
3146 2971 3202 3019 et
3236 2963 3483 3032 speciem

201 3054 442 3127 δεύτερον
486 3055 844 3127 ἀριθμεῖται,
897 3055 993 3108 καὶ
1029 3055 1232 3125 τρίτον,
1269 3056 1364 3109 καὶ
1400 3054 1469 3108 τά
1507 3054 1654 3126 ἑξῆς,
1693 3055 1779 3107 ἴνα

1895 3058 2052 3122 .ledit,
2098 3056 2238 3112 idem
2275 3055 2515 3126 profecto
2563 3069 2903 3125 nequaquam
2936 3052 3249 3110 inﬁrmitate
3288 3054 3475 3123 prohi-

200 3149 342 3215 τάξις
385 3150 553 3213 εὐθὺς
598 3147 917 3219 συνεισέλθῃ
952 3150 1064 3210 τοῖς
1104 3147 1384 3218 κτίσμασι.

1888 3148 2136 3214 bebatur,
2172 3148 2459 3217 quominus
2494 3147 2675 3202 omnia
2713 3146 2875 3202 simul
2909 3146 2963 3201 in
3001 3145 3173 3201 lucem
3199 3146 3382 3202 ederet
3419 3156 3483 3201 et.

202 3245 546 3316 exornaret);
586 3257 769 3299 verum
815 3242 883 3297 ob
910 3242 1051 3296 hanc
1078 3256 1317 3306 causam,
1391 3241 1533 3295 aliud
1595 3245 1850 3312 primum,
1889 3241 2033 3296 aliud
2088 3241 2409 3308 secundum,
2467 3239 2613 3296 aliud
2650 3239 2868 3297 tertium
2905 3246 3242 3308 numeratur,
3295 3252 3359 3294 ac
3395 3237 3485 3293 sic.

202 3336 466 3406 deinceps.
515 3343 577 3390 ut
615 3334 777 3390 simul
812 3349 931 3389 cum
981 3334 1143 3388 rebus
1194 3333 1392 3388 creatis
1439 3333 1572 3388 ordo
1610 3334 1795 3388 statim
1841 3330 2197 3406 ingrediatur.

264 3430 342 3482 H'.
391 3428 561 3493 Τάξις
611 3422 705 3480 οὖν
753 3427 815 3479 τὸ
856 3427 965 3480 πᾶν
1014 3425 1405 3495 συνεστήσατο.
1454 3422 1621 3489 Τάξις
1666 3442 1784 3478 συν-

204 3520 306 3591 έχει
336 3521 446 3591 (45)
478 3521 577 3574 καὶ
604 3519 674 3573 τά
704 3520 1004 3591 ἐπουράνια
1034 3518 1131 3571 καὶ
1164 3518 1233 3570 τὰ
1267 3517 1488 3586 ἐπίγεια
1510 3535 1523 3548 ο
1549 3516 1705 3583 τάξις
1727 3518 1785 3570 ὲν

204 3616 401 3683 νοητοῖς
419 3630 434 3644 ο
478 3612 641 3677 τάξις
659 3613 717 3665 έν
748 3610 1025 3682 αἰσθητοῖς
1045 3627 1057 3639 ·
1102 3609 1258 3674 τάξις
1286 3611 1344 3662 ὲν
1377 3610 1630 3678 ἀγγέλοις
1650 3627 1665 3645 ο
1692 3611 1785 3664 τά·

206 3702 281 3768 ξις
308 3704 365 3757 ἐν
400 3705 649 3775 ἄστροις,
701 3701 797 3755 καὶ
825 3700 935 3772 (44)
980 3701 1229 3771 κινήσει,
1277 3700 1371 3754 καὶ
1409 3700 1649 3771 μεγέθει,
1691 3701 1787 3753 καὶ

208 3794 377 3864 σχέσει
398 3799 471 3867 τῇ
505 3796 642 3867 πρὸς
658 3793 885 3865 ἄλληλα,
912 3794 1005 3846 καὶ
1030 3792 1394 3865 λαμπρότητι.
1428 3795 1613 3863 Ἄλλη
1638 3793 1788 3857 δόξα

205 3885 395 3954 ἡλίου,
441 3886 541 3940 καὶ
586 3884 746 3952 άλλη
777 3883 926 3949 δόξα
954 3881 1249 3950 σελήνης,
1294 3883 1393 3936 καὶ
1437 3883 1596 3951 ἄλλη
1638 3884 1787 3947 δόξα

205 3979 499 4048 ἀστέρωτν
530 3977 728 4048 ἀστὴρ
770 3977 878 4047 γὰρ
913 3978 1167 4045 ἀστέρος
1210 3975 1470 4045 διαφέρει
1509 3976 1579 4029 ἐν
1611 3975 1782 4044 δόξῃ·

208 4071 345 4137 τάξις
383 4074 447 4126 ὲν
473 4072 646 4143 ὥραις
680 4070 773 4124 καὶ
808 4072 1038 4141 καιροῖς,
1079 4072 1136 4123 ὲν
1168 4069 1357 4138 κόσμῳ
1388 4068 1500 4138 (45)
1537 4066 1787 4136 προῖοῦσί

209 4181 259 4216 τε
292 4166 384 4218 καὶ
411 4162 739 4228 ὑπαπιοῦσι,
775 4164 869 4217 καὶ
910 4161 997 4215 διὰ
1027 4162 1128 4232 τῆς
1143 4160 1450 4231 μεσότητος
1493 4159 1554 4211 τὸ
1582 4161 1786 4229 αὐστη-

211 4256 295 4325 ρὸν
332 4255 718 4310 τιθασσεὺουσι
740 4273 752 4286 ’
785 4255 941 4321 τάξις
973 4256 1031 4309 ὲν
1069 4254 1285 4325 ἡμέρας
1339 4254 1434 4307 καὶ
1469 4253 1662 4318 νυκτὸς
1694 4253 1790 4324 μέ-

208 4365 368 4418 τροις,
397 4348 498 4403 καὶ
535 4348 867 4418 διαστήμασι
898 4345 1035 4420 (46).
1080 4343 1246 4410 Τάξις
1286 4346 1344 4397 ὲν
1373 4344 1678 4415 στοιχείοις,
1730 4343 1789 4407 ἐξ

210 4431 279 4491 ὧν
304 4438 369 4492 τά
394 4438 627 4509 σώματα
648 4454 664 4470 ο
689 4436 843 4503 τάξις
880 4436 1219 4507 περιήγαγεν
1251 4435 1500 4505 οὐρανὸν,
1534 4436 1788 4506 ἥπλωσεν

211 4530 358 4600 ἀέρα,
389 4529 499 4600 γῆν
541 4528 837 4598 ὑπέθηκεν,
867 4526 899 4597 ἢ
930 4528 1027 4580 κα)⁹
1063 4526 1393 4599 ὑπερέθηκε,
1426 4526 1588 4596 φύσιν
1617 4526 1789 4598 ὑγρὰν

212 4617 322 4689 ἔχεε
371 4618 467 4673 καὶ
519 4620 849 4688 συνήγαγεν,
892 4616 1127 4687 ἀνέμους
1177 4615 1393 4686 ἀφῆκε,
1432 4616 1524 4669 καὶ
1558 4617 1656 4669 οὑκ
1688 4617 1788 4669 ἑπ-

1962 3423 2095 3478 Vlll.
2130 3422 2274 3480 Ordo
2318 3425 2500 3495 itaque
2538 3424 2718 3480 omnia
2758 3423 3058 3488 constituit,
3088 3431 3143 3478 et
3171 3422 3481 3494 colligavit;

1888 3517 2019 3573 ordo
2070 3517 2313 3573 coelestia
2362 3527 2418 3573 et
2470 3517 2743 3573 terrestria
2799 3517 3079 3583 continet;
3113 3514 3245 3569 ordo
3294 3515 3349 3569 in
3385 3514 3481 3581 iis,

1886 3624 2006 3679 quae
2045 3610 2257 3665 ratione
2298 3618 2354 3666 et
2388 3611 2570 3665 animo
2619 3608 3010 3679 intelliguntur,
3054 3608 3230 3662 locum
3272 3606 3482 3674 habet;

1887 3702 2021 3768 ordo
2058 3702 2113 3756 in
2140 3703 2226 3769 iis,
2261 3717 2378 3773 qua:
2409 3703 2656 3759 sensibus
2688 3701 3096 3773 percipiuntur;
3128 3699 3261 3754 ordo
3297 3698 3352 3753 in
3378 3713 3477 3751 an-

1888 3793 2019 3864 gelis
2045 3810 2059 3858 ;
2086 3794 2219 3850 ordo
2248 3793 2301 3847 in
2337 3802 2604 3849 astrorum
2645 3802 2815 3859 motu,
2855 3791 3245 3863 magnitudine,
3290 3799 3481 3843 mutua

1891 3882 2167 3948 relatione,
2191 3891 2244 3937 et
2265 3882 2553 3953 splendore
2583 3899 2599 3938 :
2633 3882 2758 3936 Alia
2801 3881 2940 3935 enim
2974 3878 3102 3934 solis
3131 3876 3347 3932 claritas
3375 3885 3485 3941 est,

1890 3974 1998 4028 alia
2024 3974 2183 4042 lunw,
2215 3975 2323 4028 alia
2353 3975 2648 4029 stellarum.
2675 3970 2842 4028 Stella
2862 3972 2999 4025 enim
3025 3988 3056 4024 a
3081 3968 3231 4024 stella
3258 3967 3477 4021 clarita-

1890 4077 1938 4121 te
1980 4067 2156 4136 diﬂ‘ert
2181 4067 2263 4132 ὀς
2310 4065 2443 4122 ordo
2475 4066 2528 4120 in
2577 4065 2702 4119 anni
2738 4063 2982 4137 partibus
3023 4070 3077 4117 et
3120 4057 3485 4129 temporibus,_

1891 4168 2015 4228 apte
2036 4167 2089 4213 et
2122 4158 2394 4224 diatincte,
2423 4167 2533 4215 tum
2557 4155 3046 4233 progredientibus,
3078 4162 3133 4209 et
3168 4147 3475 4206 recedenti-

1891 4250 2011 4313 bus,
2036 4263 2099 4303 ac
2131 4264 2228 4318 per
2250 4248 2680 4304 mediocritatem
2709 4246 3052 4317 asperitatem
3076 4241 3477 4312 mitigantibus;

1891 4342 2026 4395 ordo
2058 4341 2111 4394 in
2154 4341 2259 4395 diei
2286 4355 2339 4395 et
2371 4341 2544 4395 noctis
2579 4339 2847 4394 mensuris
2888 4346 2940 4393 et
2974 4334 3311 4400 intervallis;
3342 4330 3483 4386 ordo

1892 4433 1944 4486 in
1969 4432 2275 4497 elementis,
2308 4447 2374 4487 ex
2402 4433 2598 4499 quibus
2621 4444 2847 4501 corpora
2882 4434 3151 4485 constant.
3188 4423 3333 4479 Ordo
3361 4435 3479 4475 cce-

1892 4522 1999 4577 luin
2030 4523 2083 4577 in
2113 4523 2298 4578 orbem
2326 4521 2500 4586 duxit,
2536 4534 2718 4575 aerem
2746 4517 3075 4589 exporrexit,
3110 4525 3311 4569 terram
3349 4525 3479 4580 sup-

1891 4616 2092 4685 posuit,
2126 4615 2406 4671 autetiam
2429 4613 2794 4683 superposuit,
2821 4610 3097 4665 humidam
3126 4615 3377 4662 naturam
3401 4603 3479 4657 fu-

211 4712 411 4783 αφῆκεν
443 4708 578 4780 (άῖ),
631 4708 775 4779 ὕδωρ
822 4706 1012 4778 ἔδησεν
1053 4707 1111 4759 ὲν
1141 4704 1417 4775 νεφέλαις,
1440 4705 1535 4759 καὶ
1568 4705 1627 4757 οὺ
1652 4722 1784 4758 κατ-

1895 4707 1989 4775 dit,
2035 4717 2195 4779 atque
2226 4708 2280 4763 in
2319 4722 2482 4761 unum
2520 4705 2695 4761 locum
2734 4701 3021 4767 contraxit,
3056 4708 3244 4754 ventos
3275 4695 3477 4762 emisit,

212 4804 379 4874 έσχεν,
417 4803 534 4857 ἀλλ’
564 4802 821 4873 ἔσπειρεν
852 4800 965 4872 (48)
998 4798 1091 4853 ἐπὶ
1125 4798 1418 4869 πρόσωπον
1471 4796 1653 4867 πάσης
1684 4797 1784 4868 τῆς

1898 4798 1991 4854 sed
2032 4814 2136 4855 non
2181 4799 2245 4854 ad
2285 4797 2562 4855 hominum
2595 4796 2886 4867 perniciem
2926 4791 3169 4857 immisit,
3219 4803 3391 4860 aquas
3422 4787 3478 4841 in

279 4918 323 4951 ”
353 4919 513 4974 Prov.
545 4932 619 4981 tv,
647 4916 736 4969 27.
815 4915 861 4945 ’⁸
892 4913 1025 4968 ibid.
1067 4914 1112 4944 ⁸⁷
1140 4911 1319 4966 Eccle.
1358 4926 1450 4975 vn,
1484 4910 1569 4964 l7.
1648 4911 1693 4943 ³⁸
1733 4910 1835 4967 lsa.
1864 4929 1943 4982 LI,
1966 4913 2017 4968 6.
2096 4914 2140 4946 ¹⁹
2170 4914 2191 4968 l
2223 4913 2349 4970 Cor.
2382 4927 2473 4978 xv,
2494 4912 2582 4966 Η.

280 5032 385 5104 (57)
422 5030 678 5104 (“adiret
710 5029 898 5104 πᾴλιν
937 5029 1043 5104 {at}
1069 5026 1313 5104 §8£L£0ﬁj
1341 5024 1432 5080 Sic
1465 5027 1595 5096 Reg.
1636 5028 1691 5093 ι),
1735 5037 1789 5081 et

214 5096 300 5159 0r;
334 5096 385 5157 ιζ
416 5103 474 5156 In
515 5096 629 5162 ed},
657 5100 861 5167 ἀπάγει
890 5099 984 5153 τοῦ
1013 5097 1189 5164 δεξιοῦ
1217 5096 1397 5150 πάλιν.

280 5173 388 5239 (38)
425 5175 506 5226 Δι’
540 5172 907 5239 ᾗπερϐολὴν.
940 5169 1108 5239 Regg.
1140 5170 1173 5224 b
1209 5178 1262 5223 et
1309 5168 1396 5220 bm
1454 5167 1521 5219 δι’
1556 5167 1788 5239 ὑπερϐο-

218 5236 326 5315 λῆξ.
357 5243 499 5315 Mox,
532 5236 568 5315 ᾖ
599 5236 717 5315 κάξ.
750 5236 894 5315 nas."
931 5240 963 5310 ἢ
1001 5236 1112 5315 καί.

280 5304 390 5382 (59)
440 5304 796 5382 Ὑφ’ὰίρεσις.
833 5304 965 5378 Reg;
1002 5311 1079 5377 b.,
1126 5307 1441 5382 ἀφαίρεσις.

284 5317 369 5380 (59
440 5317 796 5382 Ὑφαίρεσις.
836 5317 965 5378 Heg.
1002 5317 1079 5377 b.,
1126 5317 1441 5381 ἀφαίρεσις.

284 5317 390 5455 (40)
428 5382 597 5455 Μηδὲ
628 5383 1036 5451 λαμπρότερος
1074 5381 1180 5435 τοῦ
1200 5383 1414 5449 φωτός.
1448 5381 1570 5436 llaec
1598 5382 1787 5436 (leSunt

221 5456 268 5508 in
298 5454 501 5510 duabus
523 5454 691 5521 chg.

156 5542 157 5545 ‘
285 5525 390 5596 (41)
435 5524 579 5596 Ἐὰν
598 5521 846 5589 εἰδῶμεν
868 5524 1119 5591 κόσμον.
1146 5521 1265 5576 Bill.
1295 5542 1307 5578 ε
1348 5541 1366 5574 ι
1398 5521 1453 5577 Si
1483 5522 1707 5576 modesti
1736 5529 1791 5573 ct

223 5595 492 5664 compositi
515 5608 638 5664 esse
670 5608 942 5664 curemus.
984 5612 1001 5643 ι

287 5663 392 5734 (£2)
443 5666 499 5717 Ὁ
526 5663 660 5735 γάρ.
697 5664 788 5735 Sic
814 5663 908 5718 0r.
942 5664 992 5716 l.
1016 5663 1212 5735 ln__ed.,
1237 5665 1265 5716 ὂ
1288 5664 1392 5735 γάρ

290 5682 392 5734 (42)
447 5682 499 5717 ’u
597 5721 600 5730 ,

290 5736 392 5804 (45)
437 5682 600 5801 Tag:

226 5800 309 5859 οὖν
335 5800 442 5878 ἔχει
469 5808 562 5861 καί
590 5800 663 5858 ίτά
693 5800 936 5875 οὐράνια.

1968 5030 2081 5097 (44)
2120 5031 2249 5084 Kal.
2280 5029 2444 5084 Deest
2468 5028 2522 5083 in
2562 5027 2654 5084 0r.
2683 5027 2733 5082 l.

1968 5093 2081 5171 (45)
2120 5102 2225 5155 Ἐν
2246 5097 2555 5171 κόσμῳηιῐι
2585 5093 3227 5171 ιιοιιηιιμίεηεύκο-σμίως.

1967 5159 2078 5242 (46)
2116 5173 2224 5226 Καὶ
2274 5159 2663 5242 ademtam.
2720 5167 2812 5221 Sic
2864 5166 2969 5220 duo
3023 5159 3211 5234 llegg.,
3270 5159 3363 5215 Or.
3426 5160 3487 5224 ι,

1893 5237 2082 5297 (Ζοιιιὶὶ.
2113 5243 2168 5296 In
2198 5243 2327 5296 edit.
2371 5241 2521 5294 deest
2548 5237 2660 5291 καί.

1966 5312 2077 5383 (47)
2116 5312 2227 5366 Καὶ
2253 5312 2365 5365 οὐκ
2391 5308 2721 5383 ἐπαφῆκεν.
2750 5305 2873 5361 llaec
2894 5305 3091 5383 desunt
3113 5304 3165 5357 in
3188 5301 3282 5383 Or.
3310 5300 3362 5353 1.
3388 5299 3479 5383 Sic

1894 5374 2071 5439 liuiic'
2096 5383 2275 5455 locum
2328 5374 2549 5455 exponit
2580 5374 2741 5455 Elius
2772 5393 2791 5455 ,ε
2831 5394 2850 5427 ι
2894 5374 3119 5455 Laxavit
3156 5380 3369 5455 ventos,

1896 5456 2103 5521 spirent
2135 5453 2359 5515 utiliter,
2398 5439 2499 5504 sed
2521 5449 2740 5521 Anonuita
2771 5446 2992 5508 laxavit,
3024 5452 3082 5498 ut
3122 5444 3201 5497 eis
3237 5439 3379 5496 facta
3412 5439 3483 5493 sit

1898 5518 2052 5595 copia
2074 5537 2237 5589 supra
2269 5521 2484 5575 modum
2512 5518 2696 5595 ﬂandi.
2730 5536 2750 5569 ›
2790 5588 2839 5595 _
2927 5583 2937 5595 ι
3114 5582 3127 5595 _
3398 5579 3410 5595 ι

1971 5582 2083 5664 (48)
2124 5582 2459 5665 Ἕσπειρεν.
2510 5588 2689 5665 Schol.
2727 5610 2739 5643 :
2790 5583 2982 5665 Πηγὰς
3043 5582 3137 5665 sanat
3180 5582 3480 5665 ποταιμουςε

1905 5652 2034 5726 iam;
2057 5652 2149 5716 καὶ
2168 5663 2282 5728 ⁸τῶν
2314 5652 2597 5715 θαλασσῶν
2621 5658 2688 5711 τὰ
2722 5652 2929 5725 πελάγη
2955 5670 2966 5682 ·
3014 5672 3032 5705 ι
3062 5652 3274 5721 Sparsit
3308 5653 3483 5707 fontes

564 5706 660 5732 ..μ
698 5706 786 5717 ,ην
819 5706 908 5718 ν..
946 5706 992 5716 -.
1107 5706 1212 5727 νυ..
1238 5706 1264 5716 ς-
1298 5706 1431 5737 ...ρ

558 5755 613 5801 ις
638 5733 906 5805 συνέχει.
937 5743 1043 5789 etc.
1079 5733 1212 5805 Reg.
1245 5736 1277 5789 b
1323 5748 1374 5789 et
1413 5736 1506 5788 υτ,
1552 5734 1603 5799 1,
1644 5730 1784 5797 τάξις

1904 5747 1955 5791 et
1982 5706 2195 5802 ll’uvios,
2233 5733 2476 5788 fortassis
2509 5742 2562 5787 et
2596 5732 2823 5784 marium
2847 5706 3084 5795 aequora.
3106 5706 3165 5771 ἰη
