4010 6316
439 279 542 334 185

1648 285 1706 342 5.
1750 287 2082 346 GllEGOlill
2122 285 2474 344 THEOLOGI

3604 282 3718 339 ιυι

435 393 669 450 nubibus
692 395 968 464 astrinxit,
998 397 1090 453 sed
1117 411 1220 452 non
1247 397 1494 464 retinuit,
1523 415 1712 455 verum
1752 402 1806 456 in
1857 403 2026 458 totius

2167 401 2252 472 ἧς,
2283 400 2564 462 εὐτάκτως
2588 398 2681 452 καὶ
2705 399 2983 470 ὁμοτίμως
3006 415 3019 428 ·
3047 399 3142 454 καὶ
3169 398 3342 456 ταῦτα
3369 397 3468 452 οὐκ
3497 397 3586 450 ἐπ’
3611 397 3722 452 ὀλί⁵

435 492 598 541 terra:
625 485 816 543 faciem
847 498 970 560 apte
994 497 1049 544 et
1075 488 1412 558 aequabiliter
1440 493 1642 561 sparsit
1673 511 1685 546 :
1716 492 1880 563 idque
1914 507 2022 548 non

439 576 504 630 ad
527 577 777 648 exiguum
808 589 1040 650 tempus,
1067 579 1152 634 vel
1182 579 1346 652 585
1375 597 1541 636 unum
1565 567 1796 652 aliquem
1828 593 2026 653 tempo-

439 666 518 723 ris
549 670 853 736 articulum,
899 685 1086 726 verum
1123 672 1191 726 ab
1221 673 1352 743 ipsis
1393 675 1576 730 mundi
1621 675 1933 746 primordiis
1971 661 2026 742 in

442 757 602 815 linem
635 775 828 829 usque,
859 761 1104 818 eamdem
1128 763 1268 817 viam
1311 773 1458 820 recto
1495 781 1658 821 cursu
1687 766 1944 830 tenentia,
1974 777 2030 822 et

441 851 856 917 circumeuntia,
895 851 1110 921 fixaque
1143 853 1306 909 simul
1333 865 1387 909 ct
1423 866 1569 911 motu
1616 859 1854 928 agitata;
1901 858 2028 913 illud

441 944 492 998 vi
527 942 684 999 Verbi
723 952 779 998 et
807 944 1080 1012 facultate,
1117 945 1220 1000 hoc
1251 947 1327 1002 rei
1354 944 1510 1003 ﬂuxa:
1535 957 1590 1004 et
1621 950 1839 1005 caducae
1873 961 2030 1004 natu-

447 1047 550 1090 ra:
585 1034 783 1090 Statuit
832 1052 894 1090 ea
927 1036 984 1090 in
1023 1046 1298 1103 alernum,
1348 1049 1394 1116 et
1419 1040 1475 1092 in
1514 1040 1764 1094 steculum
1813 1043 2030 1096 swculi:

442 1133 756 1196 promptum
793 1127 990 1197 posuit,
1021 1135 1072 1181 et
1115 1144 1218 1182 non
1239 1129 1528 1197 praeteribit
1551 1129 1618 1184 ³ο.
1658 1129 1786 1185 lllud
1819 1131 2034 1186 [ixionis

443 1224 500 1272 et
527 1217 815 1274 soliditatis
853 1236 866 1272 :
897 1224 954 1272 at
987 1219 1032 1274 si
1062 1218 1190 1290 quid
1220 1229 1399 1274 ortum
1438 1221 1647 1286 habuit,
1694 1231 1786 1275 aut
1819 1221 2034 1296 habitu:

2127 510 2246 562 γον,
2287 493 2410 546 οὐδὲ
2461 494 2541 556 είς
2571 491 2668 546 ἕνα
2706 493 2896 565 καιρὸν
2925 493 2960 564 ἢ
3005 493 3231 564 χρόνον,
3261 492 3377 547 ἀλλ’
3411 493 3506 546 ἀπ’
3539 492 3724 565 ἀρχῆς

2128 587 2208 652 είς
2245 585 2422 653 τέλος,
2461 585 2561 655 τὴν
2597 585 2770 656 αὐτὴν
2815 585 2933 639 ὁδὸν
2979 585 3309 656 εὐθυνόμενα
3353 584 3447 638 καὶ
3488 600 3726 654 περιπο-

2133 661 2426 748 ρευόμενα,
2471 677 2762 747 πεπηγότα
2809 693 2870 728 τε
2913 676 3010 729 καὶ
3038 675 3364 746 κινούμενα,
3400 675 3462 728 τὸ
3503 676 3602 746 μὲν
3639 673 3723 746 τῷ

2130 770 2312 840 Λόγῳ,
2340 768 2404 822 τὸ
2428 769 2485 822 δέ
2517 768 2629 839 (49)
2659 770 2726 839 τῇ
2757 767 2939 839 ρεύσει
2959 785 2974 798 ·
3003 769 3302 835 Ἔστησεν
3327 769 3479 822 αὐτά
3501 770 3589 832 εἰς
3611 767 3726 820 τὸν

2130 864 2338 929 αἰῶνα,
2371 861 2470 915 καὶ
2495 864 2584 929 είς
2617 861 2725 915 τὸν
2746 862 2933 917 αἰῶνα
2956 863 3064 918 τοῦ
3087 861 3303 930 αἰῶνος
3325 881 3338 895 ·
3369 865 3726 933 πρόσταγμα

2132 954 2324 1014 ἔθετο,
2363 955 2463 1008 καὶ
2493 957 2566 1009 οὺ
2615 955 3072 1022 παρελεύσεται.
3109 955 3282 1009 Τοῦτο
3316 955 3418 1026 τῆς
3468 955 3724 1026 πήξεως·

2133 1046 2229 1100 καὶ
2257 1047 2309 1100 εἴ
2334 1063 2386 1099 τι
2423 1045 2669 1114 γέγονεν,
2701 1046 2734 1117 ἢ
2765 1047 3084 1118 γεννήσεται
3125 1045 3262 1118 (50),
3291 1046 3450 1100 τοῦτο
3480 1047 3574 1100 τοῦ
3601 1046 3731 1118 ῥεύ-

2138 1154 2306 1212 ματος
2337 1136 2469 1208 (51).
2503 1139 2615 1192 Καὶ
2651 1136 2861 1204 τάξεως
2895 1138 2996 1210 μὲν
3029 1138 3458 1212 ἐπικρατούσης,
3493 1141 3724 1211 κόσμος,

2134 1227 2196 1279 τὺ
2247 1227 2394 1292 Πᾶν,
2448 1229 2543 1282 καὶ
2589 1229 2650 1282 τὸ
2682 1229 2878 1301 κάλλος
2923 1231 3200 1302 ἀκίνητον.
3264 1231 3486 1298 Ἀταξία
3527 1233 3585 1285 δὲ
3629 1233 3729 1286 καὶ

445 1323 565 1364 rum
586 1318 689 1374 est,
731 1310 834 1364 hoc
872 1307 1146 1364 ﬂuxionis.
1186 1309 1362 1378 Atque
1391 1311 1608 1381 vigente
1648 1311 1864 1382 quidem
1891 1314 2038 1368 ordi-

2167 1319 2397 1390 ικοσμία,
2430 1321 2488 1374 ἐν
2524 1320 2624 1392 μὲν
2661 1321 2786 1394 ἀέρι
2821 1323 2949 1387 τοὺς
2985 1325 3285 1394 σκηπτοὺς,
3314 1325 3373 1379 ἐν
3399 1323 3455 1378 δὲ
3492 1327 3561 1396 γῇ
3597 1327 3730 1390 τοὺς

448 1415 537 1466 ne,
572 1409 677 1455 stat
707 1401 960 1468 mundus,
1011 1401 1062 1455 id
1112 1410 1217 1467 est,
1288 1403 1600 1459 universum
1643 1403 1877 1469 hoc;ac
1921 1405 2038 1473 ejus

2167 1411 2421 1481 ἐισμοῦς,
2454 1413 2512 1464 ἐν
2556 1410 2614 1464 δὲ
2652 1411 2899 1486 Θαλάσσῃ
2937 1413 3036 1478 τὰς
3061 1413 3378 1479 ἐπικλύσεις
3405 1413 3517 1485 (52)
3538 1455 3554 1480 ,
3581 1416 3639 1468 ἐν
3666 1415 3732 1468 δὲ

445 1491 810 1560 pulchritudo,
865 1502 1012 1549 certa
1077 1501 1133 1548 et
1185 1493 1397 1548 stabilis
1447 1506 1547 1549 est.
1593 1495 1796 1550 Contra
1833 1506 2036 1565 autem,

2167 1500 2333 1554 πόλεσι
2361 1503 2456 1556 καὶ
2488 1503 2659 1566 οἴκοις
2689 1504 2984 1576 πολέμους,
3031 1506 3089 1559 ἐν
3127 1506 3184 1560 δέ
3229 1509 3345 1569 τοῖς
3382 1505 3598 1578 σώμασι
3627 1507 3734 1570 τὰς

447 1585 782 1656 perturbatio
817 1595 872 1642 et
909 1585 1175 1652 confusio,
1218 1585 1275 1640 in
1325 1601 1451 1641 aere
1491 1587 1774 1656 procellas,
1807 1588 1860 1643 in
1899 1599 2039 1645 terra

2167 1593 2476 1665 ιρρωστίας,
2507 1597 2564 1648 ἐν
2589 1595 2647 1649 δὲ
2679 1599 2802 1661 ταῖς
2839 1597 3038 1670 ψυχαῖς
3072 1599 3170 1664 τὰς
3194 1600 3491 1672 ἁμαρτίας,
3517 1603 3736 1656 ἐκαινο-

449 1684 650 1741 motus,
688 1677 912 1733 in‘mari
947 1677 1370 1740 "exundationes,
1407 1679 1462 1733 in
1497 1678 1724 1735 urbibus
1763 1681 2042 1736 domibus-

2167 1675 2398 1758 τόμησεν
2419 1687 2556 1758 (55).
2580 1688 2769 1745 Ταῦτα
2795 1690 2974 1746 πάντα
2999 1693 3060 1745 οὐ
3089 1691 3316 1757 τάξεως.
3345 1693 3735 1766 ούδέείρήνης,

450 1782 556 1838 que
583 1768 722 1824 bella
757 1777 812 1824 et
842 1769 1089 1835 dissidia,
1124 1770 1175 1824 in
1202 1770 1520 1840 corporibus
1553 1773 1793 1835 morbos,
1831 1773 1882 1826 in
1917 1774 2035 1826 ani-

2167 1777 2277 1832 ιλ).ὰ
2303 1781 2551 1852 ταραχῆς
2581 1781 2679 1835 καὶ
2721 1783 2954 1851 ἀταξίας
2991 1785 3256 1856 ὀνόματα.
3296 1787 3408 1841 Καὶ
3443 1787 3542 1857 τὴν
3570 1785 3739 1857 θρυλ-

450 1859 555 1914 mis
578 1870 818 1929 peccata,
843 1859 1165 1928 procreavit.
1201 1858 1332 1914 Haec
1353 1862 1498 1915 enim
1526 1861 1728 1926 omnia,
1761 1871 1866 1916 non
1895 1863 2044 1930 pacis

2167 1871 2414 1944 ,ουμένην
2451 1874 2508 1928 δέ
2553 1874 2661 1946 (54)
2698 1876 2905 1949 φθορὰν
2951 1878 3046 1932 καὶ
3091 1879 3202 1949 (55)
3251 1878 3736 1950 προσδοκωμένην,

451 1965 552 2006 nec
577 1951 806 2018 ordinis,
833 1953 927 2007 sed
957 1951 1285 2007 confusionis
1308 1961 1361 2007 et
1392 1951 1814 2022 perturbationis
1864 1954 2041 2008 nomi-

2167 1961 2224 2032 ιὴ
2259 1961 2384 2016 ἄλλο
2405 1982 2478 2027 τι,
2511 1965 2755 2036 ἀδελφοὶ,
2782 1967 2816 2038 ἣ
2853 1968 3194 2039 πλεονασμὸν
3219 1969 3446 2034 ἀταξίας
3486 1965 3628 2022 εἶναι
3653 1986 3741 2022 νο-

453 2058 522 2099 a
545 2053 688 2099 sunt.
709 2044 846 2114 Quin
877 2043 1144 2100 celebrem
1165 2059 1381 2115 quoque
1409 2043 1580 2108 illam,
1615 2054 1778 2114 atque
1801 2047 2040 2100 omnium

2167 2052 2419 2126 ιίζωμεν.
2453 2049 2642 2110 Συνδεῗ
2669 2059 2766 2129 μὲν
2797 2060 2905 2131 γὰρ
2930 2060 3107 2127 τάξις,
3136 2059 3251 2114 λύει
3277 2061 3334 2114 δέ
3362 2059 3580 2126 ἀταξία,
3605 2060 3740 2113 ὅταν

453 2151 702 2194 sermone
730 2141 932 2205 tritam,
969 2149 1025 2194 et
1068 2139 1124 2193 in
1165 2139 1571 2208 exspectatione
1603 2139 1833 2208 positam
1867 2139 2042 2194 labem

2167 2144 2306 2199 ιύσαι
2344 2146 2404 2200 τὸ
2455 2149 2562 2201 πᾶν
2609 2149 2642 2220 ἢ
2693 2151 3064 2222 μεταποιῆσαι
3113 2154 3369 2224 παραστῇ
3417 2152 3497 2205 τῶ
3540 2151 3739 2222 συνδή-

454 2240 509 2286 et
535 2233 1121 2300 corruptionem,haud
1145 2231 1462 2301 quidquam,
1497 2231 1715 2296 fratres,
1750 2230 1892 2286 aliud
1925 2246 2046 2286 esse
2150 2252 2326 2292 σαντι.

453 2321 858 2386 existimemus,
909 2335 1070 2390 quam
1131 2319 1408 2390 profusam
1453 2323 1745 2390 quamdam
1786 2330 1841 2376 et
1891 2321 2284 2382 redundantem
2343 2331 2582 2386 omnium
2647 2349 2826 2388 rerum
2868 2333 3277 2400 confusionem;
3321 2343 3380 2389 ut
3423 2333 3566 2388 enim
3603 2333 3744 2390 ordo

454 2415 802 2483 constringit,
837 2416 912 2469 ita
954 2415 1289 2483 perturbatio
1332 2413 1492 2469 solvit
1528 2429 1592 2470 ac
1627 2415 1890 2485 dissipat;
1927 2431 2048 2471 cum
2089 2420 2364 2487 videlicet,
2411 2436 2578 2481 totam
2624 2428 2764 2482 hanc
2808 2444 2990 2482 rerum
3045 2427 3354 2483 machinam
3420 2427 3740 2492 dissolvere,

456 2522 550 2566 ant
595 2511 648 2566 in
692 2511 1118 2582 praestantiorem
1167 2519 1366 2564 statum
1397 2520 1752 2578 commutare,
1821 2511 1870 2566 ei
1911 2513 2083 2568 visum
2136 2515 2336 2587 fuerit,
2385 2536 2412 2573 a
2454 2537 2562 2590 quo
2603 2520 2916 2589 conjuncta,
2957 2530 3012 2576 ct
3052 2531 3306 2590 tanquam
3354 2520 3582 2575 vinculis
3617 2521 3745 2590 qui-

456 2604 686 2658 busdam
713 2601 1005 2658 constricta
1041 2611 1144 2656 est.

425 2685 427 2688 ’
529 2695 622 2751 lx.
665 2695 812 2751 Ordo
841 2695 1050 2750 cunctis
1085 2685 1456 2750 animantibus
1481 2703 1661 2748 ortum
1684 2735 1699 2756 ,
1731 2704 1787 2750 et
1818 2694 2045 2752 alimen-

461 2801 612 2854 tum,
645 2803 710 2843 ac
739 2787 898 2843 sedes
932 2786 1231 2856 unicuique
1277 2795 1431 2855 aptas
1469 2796 1525 2840 et
1564 2795 1926 2858 congruentes
1963 2787 2047 2840 in-

461 2882 620 2945 dixit,
649 2891 703 2935 et
728 2881 886 2950 quasi
920 2877 1031 2932 lata
1057 2878 1176 2945 iege
1201 2878 1553 2947 praescripsit.
1587 2877 1667 2934 Ac
1703 2894 1802 2933 nec
1827 2878 2044 2948 delphi-

462 2982 592 3022 num
629 2967 916 3038 quisquam
971 2979 1098 3019 arva
1154 2966 1459 3020 sulcantem
1510 2967 1673 3033 vidit,
1707 2981 1807 3022 nec
1851 2967 2044 3023 bovem

462 3075 560 3132 per
593 3075 762 3132 aquas
809 3058 1075 3113 lubricum
1129 3058 1235 3112 iter
1284 3068 1636 3128 carpentem;
1689 3060 2046 3128 quemadmo-

466 3152 594 3206 dum
634 3164 735 3205 nec
767 3148 936 3205 solem
975 3157 1137 3204 noctu
1187 3148 1591 3204 decrescentem
1628 3149 1711 3202 vel
1744 3137 2043 3218 augescen-

464 3253 598 3306 tem,
635 3255 733 3296 nec
766 3255 960 3295 rursus
999 3239 1180 3311 lunam
1217 3235 1554 3292 mortalibus
1577 3238 1812 3292 interdiu
1849 3235 2048 3308 praelue

468 3342 702 3388 centem.
737 3329 942 3384 Montes
990 3329 1182 3384 excelsi
1225 3328 1388 3383 cervis
1429 3344 1448 3382 :
1482 3337 1628 3396 petra
1667 3329 1928 3398 refugium
1959 3330 2051 3382 he-

468 3415 708 3479 rinaciis.
743 3419 894 3477 Fecit
944 3421 1124 3476 lunam
1158 3419 1225 3474 in
1269 3415 1523 3490 tempora,
1567 3421 1645 3475 sol
1687 3427 1929 3489 cognovit
1965 3442 2056 3479 oc-

469 3533 650 3571 casum
681 3531 833 3570 suum
863 3514 928 3567 ³¹.
978 3513 1152 3569 Simul
1207 3521 1369 3581 atque
1415 3527 1523 3566 nox
1573 3521 1774 3568 terram
1826 3516 2056 3584 caligine

471 3611 728 3674 obduxit,
789 3609 971 3663 statim
1024 3608 1187 3662 homo
1243 3620 1441 3661 somno
1493 3607 1865 3675 contrahitur,
1923 3607 2053 3664 ferte

473 3714 652 3756 autem
686 3701 856 3756 libere
886 3709 1170 3769 vagantur,
1197 3712 1261 3752 ac
1291 3697 1550 3768 pabulum
1575 3713 1603 3750 a
1631 3697 1891 3754 Creatore
1917 3714 2056 3754 con-

476 3806 690 3848 cessum
724 3798 1021 3859 ‘qumrunt;
1071 3789 1231 3844 simul
1280 3799 1445 3858 atque
1481 3785 1598 3842 dies
1638 3787 1840 3855 illuxit,
1870 3791 2058 3845 statim

475 3884 666 3938 bestia
695 3891 1111 3953 congregantur,
1145 3876 1308 3949 atque
1333 3881 1496 3936 homo
1526 3881 1591 3935 ad
1617 3895 1753 3951 opus
1776 3893 2056 3952 properat.

477 3969 555 4029 Ita
588 3974 799 4038 ordine,
837 3983 892 4028 et
921 3973 1075 4044 juxta
1111 3983 1322 4026 natum
1357 3970 1531 4042 legem
1565 3983 1730 4042 atque
1761 3974 2055 4040 rationem,

479 4067 640 4122 nobis
694 4065 924 4120 invicem
980 4063 1245 4120 cedimus.
1298 4062 1529 4129 Addam,
1572 4065 1714 4134 quod
1767 4066 2060 4120 maximum

483 4155 604 4226 est,
633 4158 976 4225 maximeque
1004 4156 1300 4227 proprium.
1343 4152 1488 4210 Ordo
1532 4172 1596 4210 ex
1635 4155 1892 4223 mistura,
1941 4172 2064 4225 par-

486 4251 580 4304 tim
645 4249 855 4305 ratione
913 4247 1178 4317 praedita,
1241 4247 1438 4316 partim
1510 4247 1737 4303 rationis
1797 4258 2062 4317 experte,

482 4338 803 4408 hominem,
880 4341 1091 4397 ratione
1163 4350 1320 4396 utens
1386 4341 1632 4404 animal,
1709 4342 2062 4405 construxit;

2072 3101 2114 3158 C

2223 2697 2302 2751 6'.
2340 2696 2507 2763 Τάξις
2550 2697 2646 2750 καὶ
2678 2698 2791 2759 τοῖς
2829 2693 2988 2758 ζώοις
3021 2694 3192 2748 ἆπασι
3224 2693 3456 2763 γένεσιν,
3490 2693 3584 2745 καὶ
3614 2708 3747 2761 τρο-

2149 2787 2278 2857 φὴν,
2313 2787 2410 2841 καὶ
2437 2786 2536 2850 τὰς
2570 2785 2942 2858 καταλλήλους
2983 2784 3199 2856 ἑκάστῳ
3231 2783 3365 2854 (55‘)
3396 2781 3580 2854 χώρας
3625 2783 3746 2834 ἐνο-

2150 2877 2438 2948 μοθέτησε.
2486 2876 2598 2928 Καὶ
2643 2873 2766 2928 οῦτε
2809 2873 3032 2943 δελφῖνά
3076 2890 3160 2936 τις
3208 2867 3346 2925 εἶδεν
3392 2870 3605 2923 αὔλακα
3651 2869 3749 2922 τέ-

2151 2985 2372 3040 μνοντα,
2407 2965 2532 3020 οὕτε
2583 2965 2710 3035 βοῦν
2754 2965 2822 3018 δι’
2879 2965 3070 3040 ὓδατος
3103 2963 3475 3018 ὀλισθαίνοντα
3499 2978 3512 2992 ·
3546 2960 3742 3032 ὥσπερ

2147 3059 2255 3112 οὐδ’
2286 3058 2440 3128 ἥλιον
2467 3059 2524 3110 ἐν
2556 3057 2713 3111 νυκτὶ
2749 3056 3097 3128 μειούμενον,
3130 3055 3163 3126 ἢ
3197 3052 3592 3126 πληρούμενον,
3617 3049 3748 3104 οὔτε

2157 3149 2384 3220 σελήνην
2412 3149 2470 3201 ὲν
2500 3147 2684 3220 ἡμέρᾳ
2715 3149 3114 3220 πυρσεύουσαν·
3143 3145 3250 3213 ὅρη
3272 3143 3344 3198 τὰ
3380 3141 3590 3210 ὑψηλὰ
3614 3140 3749 3204 ταῖς

2154 3240 2425 3310 ἐλάφοις,
2443 3239 2630 3307 πέτρα
2646 3236 2960 3308 καταφυγὴ
2978 3235 3103 3302 τοῖς
3120 3235 3378 3306 λαγωοῖς
3391 3232 3526 3304 (56).
3562 3232 3750 3284 Ἐποί-

2155 3344 2269 3400 ησε
2292 3330 2568 3399 σελήνην
2599 3331 2686 3395 εὶς
2709 3329 2975 3397 καιρούς·
3005 3330 3037 3381 ό
3056 3328 3232 3395 ἥλιος
3261 3325 3414 3395 ἔγνω
3434 3325 3549 3392 τὴν
3564 3323 3752 3377 δύσιν

2157 3423 2368 3478 αὐτοῦ·
2395 3422 2522 3489 νὺξ,
2551 3422 2644 3475 καὶ
2668 3419 2952 3492 ἄνθρωπος
2980 3417 3134 3490 ὕπνῳ
3168 3416 3533 3478 συστέλλεται,
3558 3415 3652 3468 καὶ
3679 3414 3752 3468 τὰ

2161 3516 2326 3586 θηρία
2355 3513 2813 3586 παρρησιάζεται,
2845 3513 2941 3566 καὶ
2971 3510 3124 3584 ζητεῖ
3146 3510 3351 3582 τροφὴν
3388 3509 3617 3563 ἕκαστον
3649 3508 3750 3579 τὴν

2159 3605 2443 3676 διδομένην
2475 3604 2627 3676 παρὰ
2666 3603 2757 3657 τοῦ
2801 3603 3104 3667 κτίσαντος·
3137 3603 3341 3676 ἡμέρα,
3375 3602 3464 3656 καὶ
3486 3601 3554 3655 τὰ
3583 3601 3754 3673 θηρία

2163 3697 2496 3766 συνάγεται,
2525 3698 2620 3750 καὶ
2653 3696 2750 3750 ἄνθ
2761 3713 2943 3768 ρωπος
2976 3696 3070 3750 ἐπὶ
3101 3696 3199 3767 τὴν
3234 3695 3494 3767 ἐργασίαν
3533 3696 3753 3765 ἐπείγε-

2160 3808 2285 3844 ται·
2347 3790 2442 3843 atat
2503 3789 2759 3860 ἀλλήλοις
2808 3788 3205 3861 ὑποχωροῦμεν
3262 3789 3321 3843 ἐν
3372 3787 3522 3854 τάξει
3586 3788 3746 3858 (56‘),

2163 3883 2314 3955 νόμῳ
2375 3885 2470 3936 καὶ
2523 3883 2668 3953 λόγῳ
2731 3882 2967 3952 φύσεως.
3026 3881 3328 3954 Προσθήσω
3374 3882 3434 3934 τὸ
3493 3881 3751 3951 μέγιστόν

2162 3995 2221 4032 τε
2253 3977 2364 4047 (57)
2418 3977 2511 4030 καὶ
2559 3976 2914 4034 οἰκειότατον,
2949 3973 3117 4039 Τάξις
3173 3976 3237 4028 ἐκ
3275 3972 3492 4043 λογικοῦ
3541 3990 3600 4024 τε
3653 3973 3752 4026 καὶ

2164 4069 2360 4138 ἀλόγου
2393 4070 2695 4141 κράματος,
2731 4069 2821 4121 τὸν
2849 4066 3131 4138 ἄνθρωπον
3159 4065 3318 4139 (57‘),
3349 4066 3483 4131 ζῶον
3513 4065 3751 4134 λογικὸν,

2168 4163 2576 4232 συνεστήσατο·
2629 4162 2722 4214 καὶ
2776 4159 3036 4231 συνέδησε
3093 4158 3374 4230 μυστικῶς
3409 4177 3470 4211 τε
3506 4159 3617 4228 (58)
3657 4159 3756 4212 καὶ

2169 4253 2429 4324 ἀρρήτως
2455 4252 2545 4305 τὸν
2572 4250 2703 4322 χοῦν
2730 4251 2808 4322 τῷ
2835 4249 2936 4316 νοῒ,
2969 4249 3064 4303 κα).
3086 4249 3177 4303 τὸν
3207 4250 3328 4303 νοῦν
3358 4249 3433 4320 τῷ
3456 4248 3749 4320 πνεύματι.

2169 4343 2280 4396 Καὶ
2307 4343 2394 4397 ἵνα
2423 4343 2885 4414 θαυματουργήσῃ
2905 4329 2957 4395 τι
2991 4342 3174 4414 μεῖζον
3201 4345 3257 4396 ἐν
3283 4342 3360 4414 τῷ
3390 4341 3580 4396 ἐαυτοῦ
3615 4342 3755 4396 πλά-

482 4445 647 4504 atque
678 4424 880 4490 arcano
923 4436 1119 4501 modo,
1149 4445 1204 4489 et
1237 4424 1328 4505 qui
1371 4434 1532 4489 nullis
1566 4432 1749 4488 verbis
1801 4432 2049 4502 explicar?

2171 4451 2361 4506 σματι,
2399 4437 2461 4490 τὸ
2501 4437 2634 4490 αὐτὸ
2667 4435 2759 4489 κοι)¹
2793 4435 3112 4500 διεσώσατο,
3153 4436 3248 4489 καὶ
3280 4435 3511 4490 διέλυσε.
3539 4435 3613 4487 Τὸ
3653 4435 3755 4506 μὲν

483 4537 682 4598 queat,
727 4539 924 4583 terram
970 4543 1092 4583 cum
1142 4536 1361 4591 mente,
1413 4535 1648 4582 mentem
1701 4539 1822 4579 cum
1868 4526 2060 4594 spiritu

485 4621 678 4674 vinxit.
708 4621 871 4687 Quin,
899 4630 956 4674 ut
983 4621 1282 4676 mirabilius
1305 4619 1470 4690 586
1494 4616 1697 4687 aliquid
1729 4616 1781 4670 in
1810 4615 2066 4689 figmento

494 4725 594 4765 suo
627 4720 791 4779 atque
819 4727 984 4780 Opere
1009 4721 1270 4780 patraret,
1301 4712 1440 4765 idem
1471 4711 1644 4778 ipsum
1678 4718 1737 4763 et
1773 4725 2092 4770 conservas

561 4801 606 4834 ³⁰
647 4800 1052 4868 Psal.‘cxr.vm,
1100 4803 1152 4857 6.
1228 4803 1271 4835 ³⁸
1313 4802 1456 4857 Psal.
1531 4820 1650 4869 cm,
1705 4804 1794 4870 l8,
1827 4803 1914 4857 t9.

563 4892 700 4965 (49)_
723 4891 794 4946 Τὸ
817 4892 933 4965 μέν·
959 4893 1039 4959 τῷ
1065 4895 1250 4963 Λόγῳ,
1288 4894 1354 4947 τὸ
1385 4893 1596 4965 δέχὸῑο
1628 4896 1759 4964 Reg.
1787 4897 1854 4965 7b,
1899 4895 2065 4949 Coisl.

563 4911 677 4965 (au)
724 4911 794 4946 ιο
815 4911 933 5014 ρεν
959 4911 1039 4959 τῳ
1065 4911 1250 4976 Λογιρ,
1288 4911 1354 4947 το
1385 4911 1490 4974 σε..
1505 4911 1596 4949 διε
1628 4911 1759 4964 Heg.
1781 4911 1854 4976 μ,
1899 4911 2064 4949 υοιει.

490 4966 548 5044 2,
571 4963 829 5044 ,ει-Οτι..-
853 5003 866 5016 .
894 4962 964 5044 ⁸Ιςι
1006 4966 1139 5044 ed.,_
1164 4982 1267 5044 τῳ.
1294 4965 1391 5044 μὲν
1422 4981 1500 5034 τῳ
1525 4964 1702 5044 ἐξάγω,
1737 4983 1817 5036 τῳ
1853 4965 1932 5027 δέ,
1959 4977 2064 5044 etc.

495 5033 678 5090 Schol.
711 5033 1039 5105 εΤῷνΔόγῳ
1079 5034 1181 5105 τῆς
1215 5033 1403 5098 οὐσίας
1424 5050 1437 5064 ·
1474 5033 1502 5084 Vt
1526 5033 1753 5105 “ratione
1788 5033 2066 5094 essentiam

493 5105 598 5160 fixa
622 5105 860 5168 ;ratione
887 5103 1157 5171 fluxionis,
1179 5120 1273 5160 seu
1303 5115 1456 5160 ortus
1481 5113 1536 5158 et
1564 5103 1838 5166 interitus,
1857 5114 2054 5158 mota.»

590 5174 684 5244 50)
724 5171 1201 5244 “Η’γεννήσεται.
1233 5173 1326 5229 Or.
1361 5175 1414 5240 1,
1453 5173 1546 5227 καὶ
1578 5175 1888 5244 γενήσεται.

592 5177 658 5228 50
724 5177 1201 5242 “Η’γεννήσεται.
1233 5177 1326 5229 Or.
1361 5177 1414 5240 1,
1453 5177 1546 5227 καὶ
1578 5192 1653 5243 γε·

592 5177 686 5317 5|)
732 5244 1072 5317 'Pstiyacoc.
1103 5243 1276 5317 Coisl._
1303 5247 1356 5308 1,
1391 5245 1653 5317 ῥήματος.

594 5315 685 5384 52)
737 5316 1143 5381 Ἑπικλύσεις.
1185 5315 1697 5384 Βί11.;‹ἰιειιιί“ι·οςίο.
1726 5332 1746 5366 ι

503 5457 520 5471 _
573 5384 686 5509 (53)
729 5387 1211 5470 ᾙκαινοτόμησε.
1248 5403 1265 5437 ι
1299 5385 1461 5452 Quasi
1502 5401 1589 5440 res
1613 5399 1780 5442 novas
1803 5384 2070 5442 moliendo

503 5466 662 5509 miror
685 5467 816 5509 utut.
849 5477 868 5509 ι

501 5459 816 5512 introduxit.
849 5477 868 5510 ι

575 5527 688 5598 (54)
723 5527 1006 5598 Δέζνῡςνεει
1032 5525 1090 5598 in
1117 5527 1324 5598 duobus
1345 5523 1539 5596 Regg.,
1575 5537 1627 5583 et
1655 5527 1749 5586 Or.
1782 5527 1834 5583 l.

466 5613 482 5646 ιι
575 5596 688 5664 (55)
723 5597 852 5651 Kal.
889 5597 1003 5650 Duo
1031 5596 1220 5666 Regg.,
1251 5597 1305 5666 ἦ·

599 5667 711 5735 55⁶)
759 5666 1112 5733 Ἑκάστῳλιι
1145 5667 1488 5735 quibusdam,
1521 5669 1788 5734 ἑκάστοις.

599 5738 691 5809 56)
717 5737 997 5807 Λαγωοῖς.
1041 5756 1058 5789 ι
1089 5736 1401 5807 Leporibus.
1429 5757 1448 5790 ι

2169 4526 2276 4599 γάρ
2304 4529 2640 4599 ἐπεισήγαγε
2672 4526 2826 4599 (58⁸),
2851 4525 2911 4578 τὺ
2941 4526 2999 4580 δὲ
3029 4526 3371 4597 ὑπεξήγαγεν
3401 4527 3533 4598 (59),
3563 4527 3754 4597 ὥσπερ

2173 4619 2230 4671 ἐν
2269 4620 2521 4690 ῥεύματι,
2563 4621 2656 4673 καὶ
2682 4620 2761 4692 τῷ
2783 4621 2962 4692 θνητῷ
2991 4619 3088 4690 τὴν
3120 4619 3418 4674 ἀθανασίαν
3451 4623 3760 4692 ἐπραγμα-

2173 4712 2403 4765 τεύσατο
2433 4711 2520 4764 διὰ
2545 4711 2748 4777 λύσεως
2768 4712 2922 4784 (59⁸).
2942 4712 3090 4783 Αὕτη
3121 4712 3214 4766 καὶ
3241 4712 3348 4766 τῶν
3373 4712 3582 4781 άλονων
3607 4713 3758 4782 ἡμᾶς

2247 4891 2385 4961 (56⁸)
2417 4891 2918 4956 Ἑντάξειλᾋωιίι.
2952 4891 3123 4959 reiicit
3151 4895 3227 4956 ἐν,
3256 4903 3310 4948 et
3332 4893 3527 4948 vertit:
3565 4891 3755 4948 (Ordi-

2177 4964 2254 5029 ni,
2289 4974 2495 5015 naturae
2528 4961 2625 5031 legi
2653 4973 2702 5017 et
2744 4965 2938 5017 rationi
2970 4963 3232 5017 cedimus.
3256 4982 3274 5014 ι

2249 5031 2358 5101 (57)
2390 5031 2695 5099 Mercator
2721 5049 2805 5086 τε.
2835 5033 2994 5087 Deest
3021 5050 3081 5086 τε
3109 5033 3160 5086 in
3189 5033 3283 5088 Or.
3319 5033 3371 5088 1.

2211 5151 2214 5176 ς
2249 5102 2388 5172 (57')
2431 5103 2533 5158 Ἐκ
2558 5102 2807 5176 ἒζογιικοῦ
2829 5118 2894 5156 τε
2924 5103 3277 5176 καὶ-ἀλόγου
3307 5105 3626 5176 κράματος,
3651 5103 3759 5176 τὸν·

2177 5173 2512 5246 ἄνθρωπον.
2555 5172 2897 5246 Haeedesunt
2932 5174 2984 5226 in
3017 5174 3224 5246 duobus
3257 5172 3431 5246 liegg.
3475 5184 3530 5246 et
3562 5174 3657 5229 Or.
3702 5175 3755 5229 1.

2177 5315 2221 5370 0
2251 5244 2364 5368 (5‘8)
2400 5241 2722 5309 Μυστικῶς
2752 5258 2837 5298 τε.
2867 5243 3028 5298 Deest
3057 5260 3114 5296 τε
3152 5243 3204 5296 in
3234 5241 3440 5301 duobus
3467 5245 3662 5316 8egg.,
3701 5256 3758 5299 et

2229 5331 2270 5368 r.
2343 5352 2356 5366 .

2229 5331 2270 5368 I‘.
2305 5331 2356 5368 1.

2253 5385 2390 5454 (58⁴)
2417 5383 2833 5454 Ἐπεισήγαγε.
2860 5383 3041 5438 Schol.
3068 5384 3177 5456 ετῇ
3215 5387 3461 5458 γεννήσει
3495 5405 3508 5416 ·
3539 5406 3559 5440 ι
3581 5387 3760 5443 Gene-

2181 5458 2410 5518 ratioue,
2444 5465 2586 5508 ortu.
2616 5473 2634 5505 ι

2254 5527 2365 5598 (59)
2410 5524 2837 5593 ’Υπεξήταγεν.
2875 5523 3188 5597 δοιιοι.ιΤῇ
3227 5527 3588 5598 μεταστάσει·
3629 5527 3760 5582 «Μὶ-

2186 5596 2450 5666 gratione,
2483 5613 2505 5666 »γ
2538 5609 2653 5666 seu,
2690 5613 2707 5644 ι
2730 5604 2918 5648 morte.
2948 5615 2965 5645 ι

2257 5665 2392 5733 (59')
2542 5665 2795 5737 λύσεως,
2827 5665 3005 5718 Schol.
3037 5682 3051 5719 :
3085 5665 3170 5737 Ὠς
3184 5667 3303 5720 ὀδοῦ
3339 5666 3504 5737 οὔσης
3534 5668 3632 5737 τῆς
3663 5666 3760 5718 λύ-

2187 5753 2322 5798 σεως
2353 5735 2443 5790 ἐπὶ
2473 5734 2570 5804 τὴν
2606 5735 2920 5800 ἀνάστασιν,
2951 5737 3040 5788 καὶ
3068 5736 3160 5806 τὴν
3193 5737 3400 5804 ἐκεῖθεν
3426 5734 3756 5800 ἀθανασίαν·
