4010 6316
206 361 304 417 18³)

892 361 1156 419 onArto
1196 363 1414 420 xxxn.
1450 395 1520 406 —
1559 367 1646 424 οε
1677 343 2182 428 uenenarium
2213 373 2282 428 ιιι
2322 372 2790 430 οιερυτΑΝου.

3376 375 3480 431 186

205 474 468 542 ζιέστησε,
505 473 609 526 καὶ
639 471 822 538 πόλεις
873 475 1076 548 ᾤκισε,
1112 479 1206 534 καὶ
1241 480 1438 551 νόμους
1467 480 1654 552 ἔθετο,
1691 485 1786 538 καὶ

1906 489 1990 553 rit,
2027 498 2081 544 et
2115 489 2388 545 dissolvit.
2421 490 2688 552 Alterum,
2709 489 2854 544 enim
2902 486 3317 556 superinduxit,
3350 489 3481 543 alte-

207 565 398 640 ἀρετὴν
445 563 712 635 ἐτίμησε,
761 569 862 622 καὶ
902 571 1102 626 κακίαν
1149 572 1377 627 ἐκόλασε
1402 613 1419 639 ,
1461 576 1556 628 καὶ
1604 575 1794 647 τέχνας

205 658 407 728 εὕρετο,
440 657 544 710 καὶ
575 658 843 728 συζυγίαν
875 659 987 730 (60)
1018 663 1322 732 ἡρμόσατο,
1349 665 1547 736 καὶτῷ
1574 669 1700 738 περὶ
1725 667 1796 722 τὰ

205 747 516 819 γεννώμενα
553 748 770 824 φίλτρῳ
809 753 902 806 τὸν
935 753 1047 824 βίον
1075 755 1360 826 ἡμέρωσε,
1398 757 1492 810 καὶ¹
1527 759 1715 828 μεῖζόν
1745 777 1796 812 τι

205 840 293 895 τοῦ
335 840 490 894 κάτω
529 841 704 898 πόθου
735 845 833 900 καὶ
876 846 969 900 τοῦ
1005 846 1142 917 (60')
1182 847 1486 921 σαρκικοῢ,
1538 850 1630 903 τὸν
1667 852 1796 922 περὶ

205 935 332 988 Θεὸν
361 933 720 1003 ἐνιδρύσατο.

1901 597 2020 636 rum
2053 582 2340 648 subduxit,
2381 598 2486 638 non
2525 597 2683 638 secus
2713 592 2878 652 atque
2915 580 2968 634 in
3003 594 3270 649 aquarum
3298 576 3478 643 ilum,

1901 674 2227 744 corporique
2263 675 2481 730 mortali
2516 673 2988 730 immortalitatem
3027 687 3122 740 per
3167 670 3484 726 dissolutio-

1903 779 2024 818 nem
2062 765 2420 835 cmnparavit.
2473 763 2620 820 Ordo
2675 779 2774 819 nos
2817 780 2846 817 a
2899 763 3065 818 mutis
3111 761 3503 816 animantibus.

1903 852 2170 920 distinxit,
2202 853 2457 908 civitates
2491 853 2772 917 condidit,
2813 852 2959 921 leges
2993 852 3260 915 instituit,
3304 851 3480 904 virtu-

1905 953 2012 998 tem
2047 945 2342 1000 honoribus
2367 985 2382 1011 ,
2416 946 2605 1000 vitium
2638 959 2799 1014 pruna
2826 943 3038 1016 affecit,
3080 957 3228 1000 artes
3261 917 3499 1011 excogi:

212 1041 373 1095 tam,
404 1039 769 1088 nratrnnoma
820 1031 1128 1100 copulavit,
1168 1047 1267 1100 ac,
1317 1047 1414 1102 per
1446 1051 1629 1091 acrem
1666 1049 1794 1106 erga
1835 1047 2116 1106 susceptos
2147 1037 2348 1094 liberos
2408 1053 2671 1102 amorem,
2733 1037 2906 1091 feram
2939 1048 3283 1106 etagrestem
3312 1038 3478 1092 vitam

209 1123 270 1178 ad
309 1123 717 1179 humanitatem
749 1122 1008 1187 excoluit,
1057 1133 1148 1191 eL,
1181 1126 1326 1194 quod
1355 1136 1586 1184 .terreno
1614 1129 1716 1182 hoc
1745 1139 1802 1184 et
1837 1128 2042 1184 carnali
2076 1145 2262 1186 amore
2325 1131 2500 1201 majus
2559 1139 2680 1196 est,
2709 1129 2950 1184 divinum
2993 1143 3233 1183 amorem
3275 1129 3474 1186 animis

211 1215 408 1270 nostris
433 1216 643 1271 inﬁxit.

273 1306 330 1363 l'.
367 1309 485 1364 Καὶ
518 1308 580 1362 τί
617 1309 700 1362 δεῖ
729 1309 854 1363 καθ’
901 1309 1132 1363 ἕκαστον
1178 1310 1395 1380 λέγειν;
1441 1312 1638 1379 Τάξις,
1688 1313 1796 1368 τῶν

205 1400 365 1456 ὅντων
401 1399 530 1452 ἐστὶ
565 1403 776 1472 μήτηρ.
813 1398 906 1454 καὶ
934 1400 1203 1468 ἀσφάλεια
1224 1417 1236 1431 ο
1271 1403 1450 1456 καὶτὸ
1474 1403 1566 1456 τοῦ
1599 1403 1796 1472 Λόγου,

159 1531 168 1536 -
211 1496 338 1566 μόνη
375 1491 570 1554 καλῶς
610 1492 678 1545 ἂν
716 1492 895 1558 εἴποι,
924 1490 1020 1546 τοῦ
1063 1491 1244 1546 πάντα
1275 1493 1797 1566 δημιουργήσαντος,

207 1587 256 1640 εί
274 1604 334 1655 γε
376 1585 496 1656 (61)
537 1583 698 1638 λάϐοι
747 1584 931 1654 φωνήν
959 1599 972 1618 ⁵
1024 1583 1156 1640 Ὅτε
1183 1584 1247 1638 τὸ
1290 1587 1398 1640 πᾶν
1440 1587 1686 1640 οὑσιοῦτο
1719 1587 1820 1658 τῷ.

205 1678 315 1749 Θεῷ
341 1679 438 1732 καὶ
465 1677 760 1746 ὑφίστατο,
795 1675 905 1744 ἐγὼ
929 1676 1079 1747 ἢμην
1106 1678 1238 1748 παρ’
1269 1677 1420 1749 αὐτῷ
1454 1677 1790 1751 ἁρμόζουσα·

1974 1311 2042 1367 Χ.
2095 1311 2234 1379 Quid
2288 1319 2470 1366 autem
2522 1307 2733 1380 singula
2775 1320 3202 1364 commemorare
3245 1309 3478 1364 attinet?

1903 1405 2084 1470 Ordo,
2137 1404 2382 1460 omnium
2442 1417 2623 1457 rerum
2674 1412 2830 1470 pater
2889 1409 2946 1455 et
3001 1399 3307 1470 prasidium
3359 1411 3480 1466 est;

1906 1501 2156 1568 istudque
2199 1497 2400 1563 Verbi,
2446 1511 2628 1551 rerum
2673 1493 2916 1548 omnium
2960 1493 3255 1548 conditoris
3305 1503 3358 1548 et
3391 1508 3482 1547 ar-

1905 1593 2154 1656 chitecti,
2185 1591 2334 1647 olus
2365 1600 2516 1646 recte
2543 1589 2724 1645 dicere
2752 1593 2950 1656 queat,
2983 1588 3028 1640 si
3057 1586 3272 1656 quidem
3297 1601 3481 1640 vocem
3513 1625 3516 1627 .

1904 1685 2180 1754 acceperit
2205 1702 2220 1738 :
2262 1685 2399 1740 Cum
2436 1682 2669 1736 mundus
2692 1695 2720 1734 a
2748 1681 2860 1735 Deo
2888 1689 3165 1734 crearetur
3193 1693 3255 1732 ac
3284 1681 3496 1748 produ-.

203 1772 360 1843 ἡνίκα
408 1769 688 1841 ἡτοίμαζε
717 1769 810 1822 τὸν
845 1767 1040 1820 ἑαυτοῦ
1076 1768 1266 1840 θρόνον
1299 1771 1384 1824 ἐπ’
1420 1771 1661 1842 ἀνέμων,
1697 1772 1793 1825 καὶ

1906 1787 2131 1841 ceretur,
2151 1792 2270 1832 cum
2288 1790 2354 1831 eo
2369 1789 2517 1831 eram
2535 1783 2726 1829 cuncta
2744 1787 3070 1842 componens
3087 1771 3154 1838 ³²;
3178 1786 3300 1826 cum
3322 1772 3484 1825 ador-

207 1861 396 1934 ίσχυρὰ
449 1861 636 1915 ὲποίει
687 1862 758 1915 τὰ
802 1861 914 1914 ἀνω
959 1859 1133 1929 νέφη·
1179 1861 1346 1932 ἡνίκα
1377 1863 1659 1935 ἐθεμελίου
1694 1865 1793 1936 τὴν

205 1959 322 2028 γῆν,
351 1959 450 2010 καὶ
486 1957 571 2020 ὡς·
602 1955 864 2025 ἀσφαλεῖς
909 1955 1078 2009 ἐτίθει
1108 1957 1292 2028 πηγὰς
1339 1956 1438 2020 τὰς
1487 1958 1579 2011 ὑπ’
1626 1961 1794 2031 οὐρα-

204 2051 288 2103 νὸν
319 2050 616 2120 (δι’),καὶ
641 2048 722 2119 τῷ
752 2049 1030 2120 Πνεύματι
1069 2048 1166 2102 τοῦ
1199 2049 1466 2124 στόματος
1492 2051 1656 2104 αὑτοῦ
1689 2055 1792 2105 πᾶ-

210 2155 304 2194 σαν
356 2139 600 2209 δύναμιν
682 2139 996 2209 ἐχαρίσατο.
1059 2137 1198 2190 Ἀλλ’
1267 2133 1360 2209 (οὗ
1413 2140 1571 2210 χάριν
1624 2140 1796 2193 ταῦτα

204 2231 379 2284 πάντα
410 2228 660 2300 διῆλθον,
686 2230 779 2282 καὶ
806 2227 941 2300 πρὸς
967 2227 996 2279 ὂ
1029 2227 1197 2282 πάλαι
1228 2228 1256 2280 ὁ
1288 2228 1444 2298 λόγος
1471 2229 1731 2299 ἠπείγετο
1751 2233 1793 2300 ),

205 2323 355 2386 τάξις
379 2321 490 2374 κᾶν
514 2323 640 2384 ταῖς
676 2319 1049 2390 Ἐκκλησίαις,
1069 2319 1131 2371 τὸ
1157 2320 1256 2389 μὲν
1278 2315 1417 2374 εἷναί
1441 2338 1491 2373 τι
1522 2321 1795 2392 ποίμνιον,

201 2414 262 2466 τὸ
293 2413 350 2465 δὲ
390 2412 669 2482 ποιμένας
711 2403 932 2482 διώρισε
951 2427 974 2444 ὀ
1019 2411 1201 2465 καὶτὸ
1249 2411 1347 2482 μὲν
1395 2408 1606 2484 ἄρχειν,
1653 2414 1798 2467 ’τὸ-δὲ

203 2502 499 2574 ἄρχεσθαι·
535 2503 633 2555 καὶ
656 2502 719 2556 τὸ
753 2503 854 2572 μὲν
898 2496 1008 2554 οἷον
1040 2497 1182 2555 εἶναι
1211 2503 1476 2574 κεφαλὴν,
1518 2503 1580 2556 τὸ
1618 2503 1675 2556 δὲ
1703 2506 1798 2557 πό-

203 2599 315 2662 δας,
341 2598 404 2651 τὸ
429 2597 492 2651 δὲ
530 2599 742 2669 χεῖρας,
770 2597 832 2650 τὺ
855 2597 913 2650 δὲ
939 2597 1240 2670 ὀφθαλμὸν,
1272 2599 1332 2652 τὸ
1358 2599 1414 2652 δὲ
1443 2599 1572 2653 ἄλλο
1605 2611 1659 2654 τι
1689 2601 1797 2654 τῶν

207 2691 380 2762 μελῶν
411 2691 510 2744 τοῦ
560 2690 813 2762 σώματος
836 2729 851 2754 ,
887 2690 1024 2762 πρὸς
1067 2692 1166 2763 τὴν
1199 2690 1293 2744 τοῦ
1328 2692 1528 2756 παντὸς
1557 2693 1797 2764 εὐαρμο-

206 2785 355 2838 στίαν
380 2783 481 2838 καὶ
515 2783 582 2836 τὸ
620 2785 898 2856 συμφέρον
919 2823 934 2848 ,
963 2784 996 2855 ἢ
1027 2785 1492 2856 προεχομένων,ἢ
1535 2787 1798 2858 προεχόν-

203 2894 336 2929 των’
371 2877 494 2938 καὶ,
525 2874 720 2947 ὥσπερ
746 2877 803 2929 ὲν
829 2879 942 2939 τοῖς
980 2875 1251 2946 σώμασιν,
1284 2875 1408 2930 οὔτε
1445 2877 1798 2950 ἀπέρρηκται

205 2969 449 3040 ἀλλήλων
473 2969 550 3023 τὰ
583 2969 742 3040 μέλη,
771 2968 885 3022 ἀλλ’
913 2968 970 3021 ἓν
995 2969 1154 3040 σῶμα
1181 2969 1243 3022 τὸ
1275 2971 1385 3024 πᾶν
1411 2971 1560 3023 ἐστιν
1589 2972 1654 3024 ἐκ
1683 2970 1800 3024 δια-

205 3061 383 3133 φόρων
416 3061 816 3132 συγκείμενον·
864 3059 988 3114 οὔτε
1032 3061 1198 3114 ταυτδ
1227 3062 1339 3132 (6'2)
1385 3060 1603 3117 πάντων
1643 3063 1798 3136 ἐνέρ-

1900 1876 2053 1924 naret
2072 1869 2324 1922 thronum
2350 1881 2505 1921 suum
2527 1879 2689 1932 supra
2712 1873 2922 1927 ventos,
2947 1876 3011 1916 ac
3028 1876 3292 1931 supernas
3313 1862 3483 1915 nubes

1899 1961 2181 2016 roboraret
2214 1978 2226 2012 :
2257 1974 2388 2014 cum
2425 1956 2779 2011 fundamenta
2813 1963 2974 2009 terra:
3007 1954 3232 2023 iaceret,
3259 1963 3316 2008 et
3337 1953 3485 2008 velut

1901 2057 2086 2110 ﬁrmos
2115 2063 2171 2109 et
2211 2062 2354 2108 tutos
2402 2049 2578 2106 fontes
2600 2091 2616 2116 ,
2653 2049 2744 2120 qui
2778 2050 2879 2105 sub
2915 2049 3053 2104 co:lo
3083 2058 3244 2112 sunt,
3273 2057 3482 2102 statue-

1899 2147 2072 2214 ret“,
2129 2163 2194 2203 ac
2253 2146 2464 2216 Spiritu
2525 2145 2637 2200 oris
2681 2143 2763 2198 sui
2818 2141 3073 2196 virtutem
3123 2156 3341 2194 omnem
3377 2139 3484 2194 illis

1899 2241 2186 2311 largiretur
2213 2238 2280 2293 “.
2315 2237 2506 2293 Verum
2533 2238 2628 2307 (ιιι
2660 2239 2726 2291 ad
2759 2252 2873 2291 rem
2909 2235 3107 2303 ipsam,
3140 2229 3296 2302 cujus
3319 2247 3482 2287 causa

1900 2331 2013 2386 lucc
2041 2332 2224 2386 omnia
2251 2330 2517 2393 disserui,
2550 2338 2605 2383 et
2646 2329 2712 2382 ad
2754 2342 2916 2398 quam
2953 2324 3278 2394 jampridem
3309 2323 3485 2379 oratio

1901 2434 2086 2480 nostra
2121 2422 2688 2488 feStinat,'veniamus
2709 2420 2728 2490 )
2749 2459 2764 2484 ,
2795 2419 2933 2474 “ordo
2973 2415 3312 2474 in'Ecclesiis
3345 2431 3484 2484 quo-

1901 2533 2004 2588 que
2034 2517 2358 2582 constituit,
2390 2526 2446 2569 ut
2476 2514 2568 2569 alii
2601 2529 2732 2570 oves
2761 2513 2891 2575 sint,
2934 2510 3024 2565 alii
3069 2518 3352 2580 pastores,
3391 2506 3483 2559 alii

1901 2609 2142 2678 praesint,
2177 2608 2267 2662 alii
2315 2607 2527 2663 subsint
2560 2620 2623 2660 ac
2657 2613 2920 2676 pareant;
2960 2601 3099 2656 alius
3145 2600 3288 2654 velut
3325 2606 3488 2665 caput

1901 2703 1991 2769 sit,
2026 2703 2163 2757 alius
2197 2718 2312 2772 pes,
2339 2700 2486 2754 alius
2531 2713 2745 2763 manus,
2781 2697 2922 2752 ali-us
2953 2695 3096 2750 oculi
3123 2735 3138 2758 ,
3169 2694 3308 2748 alius
3340 2692 3486 2745 aliud

1901 2796 2172 2866 quoddam
2224 2793 2472 2862 corporis
2520 2792 2822 2846 membrum
2851 2829 2866 2854 ,
2905 2790 2970 2843 ad
2996 2788 3176 2842 totius
3225 2784 3487 2840 Ecclesiae

1900 2886 2323 2942 concinnitatem
2359 2894 2413 2938 et
2443 2883 2730 2938 utilitatem
2757 2923 2772 2946 ,
2823 2882 2907 2936 vel
2943 2880 3173 2935 inferius
3203 2879 3290 2934 vel
3347 2893 3487 2948 prae-

1901 2978 2154 3034 stantius.
2215 2976 2282 3030 Et
2348 2973 2804 3045 quemadmodum
2859 2973 2912 3026 in
2969 2970 3331 3038 corporibus,
3386 2985 3486 3024 nec

1902 3070 2146 3125 membra
2183 3069 2326 3123 inter
2357 3081 2414 3122 se
2441 3065 2652 3120 divulsa
2693 3073 2843 3131 sunt,
2873 3079 3061 3118 verum
3092 3070 3288 3116 cuncta
3317 3077 3484 3113 unum

205 3171 380 3225 γημα,
413 3157 463 3207 εἰ
486 3154 585 3207 καὶ
606 3153 773 3206 ταυτδ
792 3152 853 3206 τὸ
880 3153 1102 3226 χρῄζειν
1131 3151 1263 3224 (62‘)
1289 3153 1536 3225 ἀλλήλων
1565 3157 1646 3219 εἰς
1669 3154 1793 3208 ἀνά-

1906 3177 2094 3232 corpus
2143 3169 2269 3216 sunt
2314 3175 2379 3215 ex
2416 3159 2648 3212 diversis
2678 3157 2957 3211 "membris
3007 3151 3336 3214 conﬂatum;
3384 3167 3486 3206 nec

206 3263 346 3318 γκην
397 3246 619 3310 εὐνοίας
680 3262 741 3298 τε
791 3247 886 3300 καὶ¹
937 3245 1272 3310 συννεύσεως
1318 3248 1468 3319 (65)·
1524 3248 1622 3301 καὶ
1678 3247 1800 3301 οὔτε

204 3339 484 3409 ὀφθαλμὸς
512 3337 743 3410 βαδίζει,
771 3337 887 3390 ἀλλ’
916 3338 1101 3410 ὁδηγεῖ
1119 3355 1133 3370 ⁸
1159 3338 1284 3392 οὔτε
1307 3340 1444 3403 ποὺς
1471 3340 1811 3411 προ6>.έπει,·

206 3431 341 3485 ἀλλὰ
359 3431 685 3504 μεταϐαίνει
703 3429 863 3502 (65'),
887 3431 981 3485 xui.
1008 3433 1359 3503 μετατίθησιν
1375 3449 1389 3463 ⁸
1421 3432 1545 3486 οὔτε
1571 3431 1794 3502 γλῶσσα

205 3523 416 3594 δέχεται
465 3523 691 3594 φωνὰς,
736 3524 904 3595 ἀκοῆς
954 3523 1094 3596 γάρ·
1127 3524 1251 3578 οὔτε
1283 3525 1420 3596 ἀκοὴ
1460 3524 1794 3594 φθέγγεται,

207 3615 461 3689 γλώσσης
492 3616 639 3687 γάρ·
675 3617 769 3670 καὶ
800 3617 886 3686 ῥὶς
918 3617 1037 3688 μὲν,
1059 3616 1238 3688 όδμῶν
1269 3617 1380 3688 (64)
1413 3618 1764 3689 αἰσθητήριον
1783 3634 1796 3646 ·

207 3708 436 3778 λάρυγξ
471 3707 542 3761 δὲ
566 3707 709 3760 σῖτα
739 3711 990 3776 γεύεται,
1025 3710 1191 3779 φησιν
1220 3710 1249 3762 ὁ
1286 3707 1412 3761 Ἰὼϐ
1431 3726 1443 3738 ·
1470 3711 1592 3780 χεὶρ
1617 3709 1674 3762 δὲ
1702 3707 1796 3762 τοῦ

207 3800 404 3855 διδόναι
429 3801 529 3854 καὶ
549 3800 642 3854 τοῦ
675 3793 972 3870 λαμϐάνειν
997 3799 1248 3871 ὄργανον·
1285 3801 1408 3865 νοῦς
1442 3801 1499 3853 δὲ
1534 3803 1648 3864 τοῖς
1677 3803 1806 3852 πΞι-’

213 3910 293 3945 σιν
336 3893 590 3965 ἡγεμὼν,
623 3893 752 3964 παρ’
797 3885 859 3944 οὗ
892 3893 954 3946 τὸ
999 3891 1384 3958 αἰσθάνεσθαι,
1413 3893 1508 3946 καὶ
1557 3895 1636 3956 εἰς
1678 3892 1791 3963 ὂνὴ

209 3983 484 4054 αἴσθησις.
518 3982 677 4037 Οὕτω
722 3983 818 4036 καὶ
861 3983 988 4056 παρ’
1034 3985 1200 4055 ἡμῖν,
1244 3983 1322 4054 τῷ
1354 3982 1520 4055 κοινῷ
1554 3983 1794 4056 Χριστοῦ

215 4093 450 4146 σωματι.

1902 3255 2118 3308 rursum
2158 3253 2298 3308 idem
2344 3251 2584 3305 omnium
2633 3265 2833 3304 nmuus
2883 3258 2998 3314 est,
3035 3247 3246 3302 tametsi
3285 3245 3484 3313 alioqui

1901 3344 1970 3397 ad
1997 3342 2390 3397 benevolentia:
2420 3340 2838 3410 concordiaeque
2870 3340 3274 3401 necessitatem,
3311 3325 3483 3389 hono—

1904 3436 2088 3505 risque
2115 3450 2300 3504 parem
2347 3435 2398 3488 in
2432 3431 2745 3502 disparibus
2774 3433 3074 3494 rationem,
3115 3429 3218 3482 alia
3249 3427 3480 3480 aliorum

1899 3540 2064 3596 opera
2094 3540 2161 3580 ex
2207 3539 2363 3594 :equo
2397 3523 2716 3594 indigeant;
2767 3538 2946 3592 neque
2975 3522 3117 3576 enim
3145 3519 3338 3574 oculus
3375 3533 3487 3571 am~

1900 3617 2052 3670 bulat
2075 3655 2089 3681 ,
2121 3617 2220 3672 sed
2250 3619 2390 3670 viam
2431 3622 2823 3670 commonstrat
2863 3632 2875 3668 :
2928 3628 3025 3666 nec
3055 3626 3148 3680 pes
3183 3609 3444 3680 prosliieit
3469 3647 3485 3672 ,

1901 3701 2371 3780 sed'progreditur
2397 3725 2460 3764 ac
2493 3705 2608 3764 loca
2639 3701 2950 3776 permutat:
2988 3719 3088 3759 nec
3116 3705 3293 3774 lingua
3328 3719 3488 3760 voces

1903 3801 2133 3869 accipit,
2171 3800 2221 3854 id
2255 3800 2399 3854 enim
2430 3801 2641 3855 aurium
2678 3811 2805 3856 est:
2850 3813 2948 3852 nec
2987 3812 3178 3852 rursus
3221 3797 3368 3850 auris
3400 3796 3479 3849 lo-

1902 3893 2108 3963 quitur,
2139 3893 2280 3962 quod
2313 3893 2512 3964 lingua:
2536 3893 2770 3950 cilicium
2803 3901 2884 3946 est
2913 3908 2927 3944 :
2968 3901 3021 3943 et
3057 3903 3220 3944 nasus
3255 3887 3478 3956 quidem

1900 3994 1985 4040 est
2013 3986 2272 4040 odoratus
2301 3999 2600 4054 organum;
2630 3993 2811 4056 guttur
2844 3994 3040 4047 autem,
3080 3993 3140 4035 ut
3169 3978 3244 4033 ait
3270 3977 3371 4033 Job
3408 3977 3479 4037 ".

1904 4079 2044 4132 cibos
2073 4079 2312 4148 degustat
2339 4095 2356 4131 :
2382 4077 2573 4132 marms
2619 4065 2968 4146 purr'odandi
2993 4076 3154 4144 atque
3177 4068 3479 4141 accipiendi

215 4169 635 4226 insmnnentum
662 4178 745 4224 est
777 4188 791 4224 :
825 4185 976 4225 mens
1011 4169 1244 4238 denique
1287 4164 1539 4222 omnibus
1590 4179 1787 4238 praeest
1827 4177 1987 4238 atque
2051 4171 2315 4240 imperat,
2354 4171 2516 4242 587
2552 4171 2809 4226 nimirum
2875 4186 2902 4223 a
2934 4185 3043 4239 qua
3075 4171 3156 4222 vis
3201 4161 3474 4220 sentiendi

216 4262 600 4328 proﬁciscitur,
635 4269 692 4314 et
718 4261 783 4314 ad
812 4275 974 4330 quam
1043 4275 1239 4316 sensus
1305 4275 1494 4314 omnes
1525 4259 1858 4318 referuntur.
1900 4263 1982 4317 Ad
2013 4264 2262 4319 eumdem
2299 4279 2516 4334 quoque
2557 4263 2774 4318 modum
2817 4263 2958 4330 apud
2991 4275 3107 4322 nos,
3158 4260 3258 4314 hoc
3289 4268 3392 4325 est,
3420 4257 3477 4310 in

215 4354 491 4408 communi
521 4351 726 4408 Christi
759 4366 1138 4420 corpore,‘res
1173 4361 1231 4405 se
1253 4351 1445 4405 habet.

237 4473 244 4478 π
284 4449 384 4501 lA'.
425 4446 490 4500 Οἱ
523 4444 632 4518 γὰρ
660 4444 858 4506 πάντες
882 4442 940 4496 ἒν
967 4441 1127 4513 σῶμά
1161 4444 1328 4512 ἐσμεν
1357 4444 1414 4496 ὲν
1447 4439 1670 4513 Χριστῷ
1697 4457 1710 4473 ·
1743 4441 1792 4496 οἱ

1971 4436 2063 4495 XI.
2105 4440 2306 4496 Omnes
2343 4438 2487 4494 enim
2516 4453 2714 4506 corpus
2739 4453 2902 4490 unum
2937 4435 2990 4489 in
3028 4435 3246 4489 Christ‘o
3276 4439 3482 4496 sumus,

215 4543 268 4595 δὲ
295 4540 418 4594 καθ’
447 4540 546 4593 ἕνα
575 4537 836 4608 Χριστοῦ,
867 4538 963 4589 καὶ
993 4535 1235 4607 ἀλλήλων
1271 4535 1428 4606 μέλη.
1458 4535 1530 4588 Τὸ
1566 4536 1664 4606 μὲν
1691 4533 1799 4606 γὰρ

217 4634 372 4704 ἄρχει
396 4633 492 4686 καὶ
517 4627 938 4701 προκαθέζεται,
969 4626 1032 4680 τὸ
1061 4627 1119 4679 δὲ
1151 4626 1344 4700 ἄγεται
1369 4627 1463 4680 καὶ
1492 4627 1798 4692 εὐθύνεται,

219 4728 309 4779 καί
337 4725 461 4779 οὔτε
493 4723 687 4777 ταυτὸν
713 4721 1000 4793 ἀμφότερα
1028 4722 1264 4792 ἐνεργεῖ,
1298 4721 1455 4792 εἴπερ
1489 4720 1562 4792 μὴ
1601 4722 1800 4774 ταυτὸν

217 4818 405 4889 ἄρχειν
430 4817 525 4870 καὶ
567 4813 864 4888 ἄρχεσθαι·
911 4811 1238 4880 καὶγίνεται
1287 4813 1574 4883 ἀμφότερα
1618 4812 1676 4865 ἓν
1719 4815 1799 4876 εἰς

219 4909 313 4962 ’ένα
339 4907 598 4980 Χριστὸν,
629 4905 735 4958 ὑπὸ
769 4903 863 4957 τοῦ
892 4903 1056 4958 αὐτοῦ
1089 4903 1669 4974 συναρμολογούμενα,
1703 4904 1798 4956 καὶ

225 5000 576 5069 συντιθέμενα
604 4995 942 5065 Πνεύματος.
974 4992 1093 5047 Κᾶν
1128 4996 1240 5057 τοῖς
1265 4993 1585 5064 ἀρχομένοις
1613 4993 1796 5054 πάλιν,

223 5093 340 5146 ὅσον
368 5092 429 5144 τὸ
468 5090 633 5161 μέσον
668 5089 762 5141 καὶ
790 5087 1098 5151 παιδεύσει,
1131 5086 1224 5140 καὶ
1253 5086 1516 5156 ἀσκήσει,
1551 5087 1646 5139 καὶ
1685 5085 1800 5157 ἠλι-

292 5184 336 5216 ³¹
375 5183 536 5238 Prov.
568 5179 796 5246 vnl,'50.
873 5180 918 5212 ³³
959 5179 1089 5234 ibid.
1119 5178 1190 5231 27
1216 5192 1338 5247 sqq.

233 5297 248 5328 ι
276 5277 425 5344 Quod
476 5275 760 5330 dissolutio
794 5274 878 5327 via
915 5271 986 5344 sit
1031 5271 1096 5325 ad
1128 5271 1603 5344 resurrectionem,
1645 5283 1700 5327 et
1732 5274 1798 5326 ad

229 5343 415 5418 ipsam,
444 5362 574 5418 qua;
595 5361 663 5418 ex,
694 5343 1438 5418 illa_esl,immortalitatem.
1489 5360 1506 5392 ι

295 5418 405 5486 (60)
448 5411 762 5485 Συζυγίαν.
792 5415 906 5486 Duo
924 5412 1126 5486 _Regg.,
1151 5411 1447 5486 συζυγίας.

296 5481 430 5557 (60⁵)
468 5486 596 5541 Τοῦ.
612 5481 788 5557 Deest
809 5485 874 5557 _in
895 5481 1318 5557 Aduobus_l_{egg.

293 5551 502 5624 (GIYEZ
533 5573 621 5626 γε.
653 5555 744 5626 Sic
774 5551 1199 5626 plerique‘codd.
1237 5553 1403 5626 Deest
1427 5570 1492 5622 γε
1520 5552 1572 5605 in
1600 5555 1692 5626 ed.

293 5622 652 5696 (61⁸)Πηγὰς
686 5625 791 5691 τὰς
822 5625 927 5696 ὐπῖ
971 5623 1256 5696 οὐρανόν.
1289 5622 1475 5677 Billius
1502 5642 1515 5678 :
1549 5623 1799 5696 [Supera

229 5693 474 5753 coalestes
503 5693 712 5760 futues;
743 5716 759 5747 ι
790 5693 929 5763 quod
955 5703 1103 5746 certe
1125 5709 1152 5746 a
1174 5694 1387 5760 Graeco,
1419 5704 1470 5750 et
1496 5709 1524 5748 a
1553 5695 1796 5765 Gregorii

233 5778 402 5822 uente
432 5767 664 5821 alienum
700 5775 802 5822 est.

304 5836 412 5909 (62)
449 5839 654 5892 Ταυτό.
693 5837 823 5906 Reg.
853 5836 907 5902 b,
937 5833 1149 5888 ταυτόν.

1414 5178 1459 5208 ³⁵
1499 5177 1587 5232 Ps.
1621 5177 1850 5244 xxxu,6.

1907 4533 2102 4600 singuli
2125 4541 2304 4586 autem
2329 4530 2556 4590 Christi,
2585 4539 2749 4598 atque
2771 4528 2860 4580 alii
2883 4527 3109 4580 aliorum
3143 4526 3383 4579 membra
3409 4525 3474 4580 ³⁸.

1908 4625 2010 4679 Alii
2045 4625 2187 4678 enim
2239 4622 2591 4677 dominantur
2625 4629 2678 4674 et
2717 4627 3001 4689 prmsuut:
3043 4618 3132 4672 alii
3185 4626 3377 4685 parent
3420 4633 3486 4672 ac

1909 4723 2190 4784 reguntur.
2229 4713 2292 4766 Et
2343 4712 2594 4781 quamvis
2631 4725 2742 4766 non
2787 4712 2976 4765 eadem
3027 4710 3095 4764 sit
3128 4720 3482 4778 utrorumque

1906 4809 2072 4870 actio,
2109 4805 2377 4874 siquidem
2412 4806 2701 4875 imperare,
2740 4815 2794 4859 et
2825 4803 3054 4873 imperio
3084 4803 3217 4872 regi,
3250 4815 3364 4856 'non
3399 4810 3482 4856 est

1908 4897 2088 4964 idem;
2138 4895 2274 4951 ﬁunt
2310 4887 2487 4951 tamen
2535 4906 2764 4964 utraque
2811 4910 2977 4947 unum
3033 4895 3084 4946 in
3105 4909 3293 4947 ιιιιιιιιιι
3324 4891 3488 4946 Chri-

1904 5000 2071 5057 stum,
2097 4989 2166 5046 ab
2187 4971 2375 5045 eodem
2408 4987 2615 5058 Spiritu
2643 4997 2964 5042 constructa
2990 4995 3152 5054 atque
3177 4993 3480 5051 compacta.

1905 5085 1983 5139 Ac
2015 5088 2203 5141 rur'sus
2226 5125 2241 5150 ,
2273 5083 2726 5154 quemadmodum
2763 5083 2904 5136 inter
2929 5095 3056 5143 eos,
3088 5078 3178 5149 qui
3209 5081 3477 5144 subsunt,

1928 5181 1971 5212 ³⁵
2017 5177 2121 5235 Job
2151 5194 2338 5245 xxxrv,
2383 5178 2437 5231 5.
2514 5175 2559 5206 ³⁸
2599 5175 2756 5227 Rom.
2793 5188 2894 5238 xu,
2941 5173 2994 5227 5.

1977 5273 2112 5345 (62‘)
2152 5273 2222 5345 Τὸ
2252 5263 2512 5340 χρῄζειν.
2535 5263 2785 5336 δίεἶῖοε.
2817 5265 2926 5329 bm,
2953 5262 3114 5320 Coisl.
3147 5263 3171 5315 1
3209 5270 3259 5316 et
3295 5261 3351 5343 2,
3375 5272 3479 5316 etc.

1905 5335 2069 5400 Deest
2093 5335 2166 5396 ’τό
2195 5335 2365 5395 ili—evil.
2754 5335 2757 5336 ν
3330 5335 3336 5343 ’

1977 5416 2090 5482 (6⁸5)
2122 5412 2535 5482 Συννεύσεως.
2570 5405 2800 5482 Coisl._l
2856 5405 3027 5482 addit,
3072 5403 3165 5482 καὶ
3213 5402 3483 5482 ἰσοτιμίας

1909 5473 2104 5546 ἐν’τοῖς
2135 5481 2365 5543 ἀνίσοις,
2405 5499 2423 5530 ι
2453 5473 2507 5534 et
2532 5494 2713 5547 parem
2742 5476 2963 5529 honoris
2988 5476 3039 5526 in
3064 5473 3368 5547 diSparibus
3392 5485 3478 5547 ra-

1909 5541 2134 5610 tionem.
2160 5571 2178 5604 ι
2217 5552 2272 5606 ld
2307 5541 2410 5612 εει,
2461 5568 2478 5601 ι
2500 5541 2566 5602 ad
2587 5547 2950 5617 mqualitatem
2975 5543 3298 5598 servandam
3324 5541 3374 5596 in
3403 5542 3472 5597 iis

1907 5627 2070 5679 rebus
2093 5639 2212 5690 quae
2244 5621 2487 5689 dispares
2523 5627 2667 5690 sunt.
2695 5637 2712 5669 ι

1981 5685 2125 5764 (6ὅῆ
2141 5685 2513 5764 Μεταᾼϐιιίνει.
2553 5689 2690 5764 ῌὶΙΙω
2705 5705 2719 5740 :
2734 5711 2738 5715 ·
2754 5705 2786 5764 1
2799 5685 3148 5764 ingredi-tur...»

1976 5754 2112 5838 (δυ’
2136 5762 2382 5818 Ὀδιιῶ-ν.
2415 5757 2631 5831 ιιρςει),
2665 5768 2714 5814 ει
2747 5757 2959 5822 Comb.,
2991 5754 3194 5825 ὀσμῶν.
