  <div class='ocr_page' id='page_1' title='image "/cluster/home/n/w/nwhite01/storage/ocr_20150623/36/hvd.32044024464877/109.png"; bbox 0 0 4010 6316; ppageno 0'>
   <div class='ocr_carea' id='block_1_1' title="bbox 473 346 3728 422">
    <p class='ocr_par' dir='ltr' id='par_1_1' title="bbox 473 346 3728 422">
     <span class='ocr_line' id='line_1_1' title="bbox 473 346 3728 422; baseline -0.004 0"><span class='ocrx_word' id='word_1_1' title='bbox 473 346 576 422; x_wconf 62' lang='lat' dir='ltr'><strong>is?</strong></span> <span class='ocrx_word' id='word_1_2' title='bbox 1671 363 1727 418; x_wconf 90' lang='lat' dir='ltr'><strong>s.</strong></span> <span class='ocrx_word' id='word_1_3' title='bbox 1768 362 2104 419; x_wconf 77' lang='lat' dir='ltr'><strong>cnsconn</strong></span> <span class='ocrx_word' id='word_1_4' title='bbox 2143 361 2488 420; x_wconf 77' lang='lat' dir='ltr'><strong>TIIEOLOGI</strong></span> <span class='ocrx_word' id='word_1_5' title='bbox 3624 353 3728 410; x_wconf 74' lang='lat' dir='ltr'><strong>iss</strong></span> 
     </span>
    </p>
   </div>
   <div class='ocr_carea' id='block_1_2' title="bbox 471 472 2054 554">
    <p class='ocr_par' dir='ltr' id='par_1_2' title="bbox 471 477 2039 554">
     <span class='ocr_line' id='line_1_2' title="bbox 471 477 2039 554; baseline -0.001 -18"><span class='ocrx_word' id='word_1_6' title='bbox 471 494 828 554; x_wconf 81' lang='lat' dir='ltr'><strong>permagnum</strong></span> <span class='ocrx_word' id='word_1_7' title='bbox 893 477 1182 534; x_wconf 84' lang='lat' dir='ltr'><strong>discrimen</strong></span> <span class='ocrx_word' id='word_1_8' title='bbox 1227 477 1517 548; x_wconf 83' lang='lat' dir='ltr'><strong>repet-itur,</strong></span> <span class='ocrx_word' id='word_1_9' title='bbox 1565 486 1626 532; x_wconf 88' lang='lat' dir='ltr'><strong>ut</strong></span> <span class='ocrx_word' id='word_1_10' title='bbox 1671 480 1803 550; x_wconf 77' lang='lat' dir='ltr'><strong>qui.</strong></span> <span class='ocrx_word' id='word_1_11' title='bbox 1858 489 1911 536; x_wconf 93' lang='lat' dir='ltr'><strong>et</strong></span> <span class='ocrx_word' id='word_1_12' title='bbox 1951 480 2039 534; x_wconf 78' lang='lat' dir='ltr'><strong>do-</strong></span> 
     </span>
    </p>
   </div>
   <div class='ocr_carea' id='block_1_3' title="bbox 2161 472 3729 554">
    <p class='ocr_par' dir='ltr' id='par_1_3' title="bbox 2161 472 3729 551">
     <span class='ocr_line' id='line_1_3' title="bbox 2161 472 3729 551; baseline -0.004 -19"><span class='ocrx_word' id='word_1_13' title='bbox 2161 480 2242 551; x_wconf 67' lang='grc' dir='ltr'><strong>ιίᾳ</strong></span> <span class='ocrx_word' id='word_1_14' title='bbox 2287 477 2629 549; x_wconf 80' lang='grc' dir='ltr'><em>διεστηκόσι·</em></span> <span class='ocrx_word' id='word_1_15' title='bbox 2673 491 2774 532; x_wconf 86' lang='grc' dir='ltr'><strong>καν</strong></span> <span class='ocrx_word' id='word_1_16' title='bbox 2807 477 2916 538; x_wconf 85' lang='grc' dir='ltr'><em>τοῖς</em></span> <span class='ocrx_word' id='word_1_17' title='bbox 2949 473 3142 542; x_wconf 79' lang='grc' dir='ltr'><em>ἄγουσι</em></span> <span class='ocrx_word' id='word_1_18' title='bbox 3180 473 3241 526; x_wconf 81' lang='grc' dir='ltr'><em>τὺ</em></span> <span class='ocrx_word' id='word_1_19' title='bbox 3279 472 3532 544; x_wconf 78' lang='grc' dir='ltr'><em>διάφορον</em></span> <span class='ocrx_word' id='word_1_20' title='bbox 3571 473 3729 525; x_wconf 81' lang='grc' dir='ltr'><em>ὅσον·</em></span> 
     </span>
    </p>
   </div>
   <div class='ocr_carea' id='block_1_4' title="bbox 468 563 2054 640">
    <p class='ocr_par' dir='ltr' id='par_1_4' title="bbox 468 567 2046 637">
     <span class='ocr_line' id='line_1_4' title="bbox 468 567 2046 637; baseline -0.001 -11"><span class='ocrx_word' id='word_1_21' title='bbox 468 571 654 626; x_wconf 79' lang='lat' dir='ltr'><strong>ctrina</strong></span> <span class='ocrx_word' id='word_1_22' title='bbox 678 610 694 636; x_wconf 90' lang='lat'><strong>,</strong></span> <span class='ocrx_word' id='word_1_23' title='bbox 727 577 781 623; x_wconf 91' lang='lat' dir='ltr'><strong>et</strong></span> <span class='ocrx_word' id='word_1_24' title='bbox 826 585 921 623; x_wconf 90' lang='lat' dir='ltr'><strong>usu</strong></span> <span class='ocrx_word' id='word_1_25' title='bbox 959 577 1120 637; x_wconf 89' lang='lat' dir='ltr'><strong>atque</strong></span> <span class='ocrx_word' id='word_1_26' title='bbox 1160 567 1586 634; x_wconf 73' lang='lat' dir='ltr'><strong>exercitatione,</strong></span> <span class='ocrx_word' id='word_1_27' title='bbox 1625 578 1678 623; x_wconf 92' lang='lat' dir='ltr'><strong>et</strong></span> <span class='ocrx_word' id='word_1_28' title='bbox 1703 578 1864 625; x_wconf 84' lang='lat' dir='ltr'><strong>aetate</strong></span> <span class='ocrx_word' id='word_1_29' title='bbox 1904 571 2046 625; x_wconf 87' lang='lat' dir='ltr'><strong>inter</strong></span> 
     </span>
    </p>
   </div>
   <div class='ocr_carea' id='block_1_5' title="bbox 2161 563 3734 640">
    <p class='ocr_par' dir='ltr' id='par_1_5' title="bbox 2161 563 3734 640">
     <span class='ocr_line' id='line_1_5' title="bbox 2161 563 3734 640; baseline -0.005 -18"><span class='ocrx_word' id='word_1_30' title='bbox 2161 571 2243 624; x_wconf 68' lang='lat' dir='ltr'><strong>ml</strong></span> <span class='ocrx_word' id='word_1_31' title='bbox 2294 568 2581 638; x_wconf 86' lang='grc' dir='ltr'><em>πνεύματα</em></span> <span class='ocrx_word' id='word_1_32' title='bbox 2628 568 2926 640; x_wconf 76' lang='grc' dir='ltr'><strong>προφητῶν</strong></span> <span class='ocrx_word' id='word_1_33' title='bbox 2979 566 3284 637; x_wconf 82' lang='grc' dir='ltr'><strong>προφήταις</strong></span> <span class='ocrx_word' id='word_1_34' title='bbox 3331 563 3734 630; x_wconf 81' lang='grc' dir='ltr'><strong>ὑποτάσσεται,</strong></span> 
     </span>
    </p>
   </div>
   <div class='ocr_carea' id='block_1_6' title="bbox 472 653 2054 732">
    <p class='ocr_par' dir='ltr' id='par_1_6' title="bbox 472 659 2046 732">
     <span class='ocr_line' id='line_1_6' title="bbox 472 659 2046 732; baseline 0.001 -15"><span class='ocrx_word' id='word_1_35' title='bbox 472 677 534 719; x_wconf 87' lang='lat' dir='ltr'><strong>se</strong></span> <span class='ocrx_word' id='word_1_36' title='bbox 562 662 808 717; x_wconf 82' lang='lat' dir='ltr'><strong>dili&#39;erant</strong></span> <span class='ocrx_word' id='word_1_37' title='bbox 839 679 852 716; x_wconf 93' lang='lat'>:</span> <span class='ocrx_word' id='word_1_38' title='bbox 885 661 1072 716; x_wconf 91' lang='lat' dir='ltr'><strong>eodem</strong></span> <span class='ocrx_word' id='word_1_39' title='bbox 1108 661 1268 717; x_wconf 92' lang='lat' dir='ltr'><strong>modo</strong></span> <span class='ocrx_word' id='word_1_40' title='bbox 1313 660 1452 715; x_wconf 89' lang='lat' dir='ltr'><strong>inter</strong></span> <span class='ocrx_word' id='word_1_41' title='bbox 1494 659 1780 730; x_wconf 65' lang='lat' dir='ltr'><strong>prmiectos</strong></span> <span class='ocrx_word' id='word_1_42' title='bbox 1833 677 2046 732; x_wconf 88' lang='lat' dir='ltr'><strong>quoque</strong></span> 
     </span>
    </p>
   </div>
   <div class='ocr_carea' id='block_1_7' title="bbox 2161 653 3738 732">
    <p class='ocr_par' dir='ltr' id='par_1_7' title="bbox 2161 653 3738 730">
     <span class='ocr_line' id='line_1_7' title="bbox 2161 653 3738 730; baseline -0.007 -13"><span class='ocrx_word' id='word_1_43' title='bbox 2161 663 2366 727; x_wconf 82' lang='grc' dir='ltr'><strong>Παύλου</strong></span> <span class='ocrx_word' id='word_1_44' title='bbox 2425 662 2706 730; x_wconf 87' lang='grc' dir='ltr'><em>λέγοντος,</em></span> <span class='ocrx_word' id='word_1_45' title='bbox 2769 659 2844 730; x_wconf 86' lang='grc' dir='ltr'><em>μὴ</em></span> <span class='ocrx_word' id='word_1_46' title='bbox 2889 657 3215 730; x_wconf 78' lang='grc' dir='ltr'><em>ἀμφίϐαλλε.</em></span> <span class='ocrx_word' id='word_1_47' title='bbox 3285 655 3396 708; x_wconf 81' lang='lat' dir='ltr'><strong>Kal</strong></span> <span class='ocrx_word' id='word_1_48' title='bbox 3449 653 3557 720; x_wconf 81' lang='grc' dir='ltr'><em>οὓς</em></span> <span class='ocrx_word' id='word_1_49' title='bbox 3614 653 3738 724; x_wconf 78' lang='grc' dir='ltr'><em>μὲν</em></span> 
     </span>
    </p>
   </div>
   <div class='ocr_carea' id='block_1_8' title="bbox 473 744 2054 825">
    <p class='ocr_par' dir='ltr' id='par_1_8' title="bbox 473 752 2045 825">
     <span class='ocr_line' id='line_1_8' title="bbox 473 752 2045 825; baseline 0 -17"><span class='ocrx_word' id='word_1_50' title='bbox 473 769 580 809; x_wconf 90' lang='lat' dir='ltr'><strong>non</strong></span> <span class='ocrx_word' id='word_1_51' title='bbox 608 769 772 825; x_wconf 89' lang='lat' dir='ltr'><strong>parva</strong></span> <span class='ocrx_word' id='word_1_52' title='bbox 805 753 1107 808; x_wconf 85' lang='lat' dir='ltr'><strong>dill&#39;erentia</strong></span> <span class='ocrx_word' id='word_1_53' title='bbox 1138 761 1256 819; x_wconf 90' lang='lat' dir='ltr'><strong>est;</strong></span> <span class='ocrx_word' id='word_1_54' title='bbox 1297 767 1359 808; x_wconf 92' lang='lat' dir='ltr'><strong>ac</strong></span> <span class='ocrx_word' id='word_1_55' title='bbox 1389 752 1613 821; x_wconf 87' lang='lat' dir='ltr'><strong>spiritus</strong></span> <span class='ocrx_word' id='word_1_56' title='bbox 1661 753 2045 824; x_wconf 88' lang='lat' dir='ltr'><strong>prophetarum</strong></span> 
     </span>
    </p>
   </div>
   <div class='ocr_carea' id='block_1_9' title="bbox 2161 744 3736 825">
    <p class='ocr_par' dir='ltr' id='par_1_9' title="bbox 2161 744 3736 823">
     <span class='ocr_line' id='line_1_9' title="bbox 2161 744 3736 823; baseline -0.009 -13"><span class='ocrx_word' id='word_1_57' title='bbox 2161 757 2332 820; x_wconf 72' lang='grc' dir='ltr'><em>ἔθετο,</em></span> <span class='ocrx_word' id='word_1_58' title='bbox 2366 753 2532 823; x_wconf 76' lang='grc' dir='ltr'><em>φησὶν</em></span> <span class='ocrx_word' id='word_1_59' title='bbox 2563 753 2721 822; x_wconf 65' lang='lat'><strong>(64‘),</strong></span> <span class='ocrx_word' id='word_1_60' title='bbox 2753 754 2786 816; x_wconf 73' lang='grc' dir='ltr'><strong>ό</strong></span> <span class='ocrx_word' id='word_1_61' title='bbox 2814 750 2958 814; x_wconf 80' lang='grc' dir='ltr'><em>Θεὸς</em></span> <span class='ocrx_word' id='word_1_62' title='bbox 2981 749 3050 802; x_wconf 80' lang='grc' dir='ltr'><em>ἐν</em></span> <span class='ocrx_word' id='word_1_63' title='bbox 3069 747 3142 816; x_wconf 78' lang='grc' dir='ltr'><em>τῇ</em></span> <span class='ocrx_word' id='word_1_64' title='bbox 3187 746 3535 813; x_wconf 80' lang='grc' dir='ltr'><em>Ἐκκλησίᾳ,</em></span> <span class='ocrx_word' id='word_1_65' title='bbox 3579 744 3736 812; x_wconf 80' lang='grc' dir='ltr'><em>πρῶ-</em></span> 
     </span>
    </p>
   </div>
   <div class='ocr_carea' id='block_1_10' title="bbox 473 840 2042 914">
    <p class='ocr_par' dir='ltr' id='par_1_10' title="bbox 473 840 2042 914">
     <span class='ocr_line' id='line_1_10' title="bbox 473 840 2042 914; baseline 0 -16"><span class='ocrx_word' id='word_1_66' title='bbox 473 843 750 914; x_wconf 87' lang='lat' dir='ltr'><strong>prophetis</strong></span> <span class='ocrx_word' id='word_1_67' title='bbox 779 841 972 913; x_wconf 85' lang='lat' dir='ltr'><strong>subjici</strong></span> <span class='ocrx_word' id='word_1_68' title='bbox 1007 841 1076 908; x_wconf 81' lang='grc'><strong>⁸⁷,</strong></span> <span class='ocrx_word' id='word_1_69' title='bbox 1108 856 1231 896; x_wconf 90' lang='lat' dir='ltr'><strong>cum</strong></span> <span class='ocrx_word' id='word_1_70' title='bbox 1271 840 1472 896; x_wconf 85' lang='lat' dir='ltr'><strong>Paulus</strong></span> <span class='ocrx_word' id='word_1_71' title='bbox 1506 843 1626 912; x_wconf 91' lang='lat' dir='ltr'><strong>ipse</strong></span> <span class='ocrx_word' id='word_1_72' title='bbox 1657 843 2042 909; x_wconf 51' lang='lat' dir='ltr'><strong>alIirmet,&#39;non</strong></span> 
     </span>
    </p>
   </div>
   <div class='ocr_carea' id='block_1_11' title="bbox 475 931 2046 1002">
    <p class='ocr_par' dir='ltr' id='par_1_11' title="bbox 475 931 2046 1002">
     <span class='ocr_line' id='line_1_11' title="bbox 475 931 2046 1002; baseline 0 -16"><span class='ocrx_word' id='word_1_73' title='bbox 475 941 560 987; x_wconf 89' lang='lat' dir='ltr'><strong>est</strong></span> <span class='ocrx_word' id='word_1_74' title='bbox 588 947 684 986; x_wconf 91' lang='lat' dir='ltr'><strong>cur</strong></span> <span class='ocrx_word' id='word_1_75' title='bbox 724 933 788 987; x_wconf 92' lang='lat' dir='ltr'><strong>de</strong></span> <span class='ocrx_word' id='word_1_76' title='bbox 825 946 886 986; x_wconf 87' lang='lat' dir='ltr'><strong>ea</strong></span> <span class='ocrx_word' id='word_1_77' title='bbox 921 947 980 987; x_wconf 87' lang='lat' dir='ltr'><strong>re</strong></span> <span class='ocrx_word' id='word_1_78' title='bbox 1006 932 1238 987; x_wconf 84' lang='lat' dir='ltr'><strong>dubites.</strong></span> <span class='ocrx_word' id='word_1_79' title='bbox 1283 931 1350 985; x_wconf 87' lang='lat' dir='ltr'><strong>Et</strong></span> <span class='ocrx_word' id='word_1_80' title='bbox 1383 932 1637 1002; x_wconf 86' lang='lat' dir='ltr'><strong>quosdam</strong></span> <span class='ocrx_word' id='word_1_81' title='bbox 1681 934 1888 1002; x_wconf 80' lang='lat' dir='ltr'><strong>quidem</strong></span> <span class='ocrx_word' id='word_1_82' title='bbox 1913 974 1928 998; x_wconf 91' lang='lat'><strong>,</strong></span> <span class='ocrx_word' id='word_1_83' title='bbox 1962 933 2046 986; x_wconf 89' lang='lat' dir='ltr'><strong>in-</strong></span> 
     </span>
    </p>
   </div>
   <div class='ocr_carea' id='block_1_12' title="bbox 474 1020 2045 1094">
    <p class='ocr_par' dir='ltr' id='par_1_12' title="bbox 474 1020 2045 1094">
     <span class='ocr_line' id='line_1_12' title="bbox 474 1020 2045 1094; baseline -0.001 -18"><span class='ocrx_word' id='word_1_84' title='bbox 474 1024 623 1093; x_wconf 81' lang='lat' dir='ltr'><strong>quit,</strong></span> <span class='ocrx_word' id='word_1_85' title='bbox 660 1025 831 1094; x_wconf 80' lang='lat' dir='ltr'><strong>posuit</strong></span> <span class='ocrx_word' id='word_1_86' title='bbox 887 1023 1024 1078; x_wconf 88' lang='lat' dir='ltr'><strong>Deus</strong></span> <span class='ocrx_word' id='word_1_87' title='bbox 1060 1024 1114 1076; x_wconf 87' lang='lat' dir='ltr'><strong>in</strong></span> <span class='ocrx_word' id='word_1_88' title='bbox 1161 1020 1401 1078; x_wconf 76' lang='lat' dir='ltr'><strong>Ecclesia</strong></span> <span class='ocrx_word' id='word_1_89' title='bbox 1427 1063 1440 1088; x_wconf 90' lang='lat'><strong>,</strong></span> <span class='ocrx_word' id='word_1_90' title='bbox 1485 1024 1713 1092; x_wconf 79' lang='lat' dir='ltr'><strong>primunt</strong></span> <span class='ocrx_word' id='word_1_91' title='bbox 1744 1023 2045 1092; x_wconf 78' lang='lat' dir='ltr'><strong>apostolos,</strong></span> 
     </span>
    </p>
   </div>
   <div class='ocr_carea' id='block_1_13' title="bbox 475 1113 2043 1187">
    <p class='ocr_par' dir='ltr' id='par_1_13' title="bbox 475 1113 2043 1187">
     <span class='ocr_line' id='line_1_13' title="bbox 475 1113 2043 1187; baseline -0.001 -17"><span class='ocrx_word' id='word_1_92' title='bbox 475 1118 704 1171; x_wconf 83' lang='lat' dir='ltr'><strong>secundo</strong></span> <span class='ocrx_word' id='word_1_93' title='bbox 741 1116 1019 1187; x_wconf 78' lang='lat' dir='ltr'><strong>praphetas</strong></span> <span class='ocrx_word' id='word_1_94' title='bbox 1045 1155 1061 1178; x_wconf 93' lang='lat'><strong>,</strong></span> <span class='ocrx_word' id='word_1_95' title='bbox 1104 1116 1260 1170; x_wconf 87' lang='lat' dir='ltr'><strong>tertio</strong></span> <span class='ocrx_word' id='word_1_96' title='bbox 1295 1123 1531 1184; x_wconf 78' lang='lat' dir='ltr'><strong>pastores</strong></span> <span class='ocrx_word' id='word_1_97' title='bbox 1576 1125 1622 1168; x_wconf 86' lang='lat' dir='ltr'><strong>et</strong></span> <span class='ocrx_word' id='word_1_98' title='bbox 1671 1116 1912 1169; x_wconf 85' lang='lat' dir='ltr'><strong>doctores</strong></span> <span class='ocrx_word' id='word_1_99' title='bbox 1957 1113 2043 1168; x_wconf 78' lang='grc' dir='ltr'><strong>³³ε</strong></span> 
     </span>
    </p>
   </div>
   <div class='ocr_carea' id='block_1_14' title="bbox 476 1205 2046 1278">
    <p class='ocr_par' dir='ltr' id='par_1_14' title="bbox 476 1205 2046 1278">
     <span class='ocr_line' id='line_1_14' title="bbox 476 1205 2046 1278; baseline -0.001 -16"><span class='ocrx_word' id='word_1_100' title='bbox 476 1210 713 1278; x_wconf 90' lang='lat' dir='ltr'><strong>primum</strong></span> <span class='ocrx_word' id='word_1_101' title='bbox 750 1216 970 1278; x_wconf 85' lang='lat' dir='ltr'><strong>propter</strong></span> <span class='ocrx_word' id='word_1_102' title='bbox 1012 1206 1294 1262; x_wconf 79' lang='lat' dir='ltr'><strong>veritatem</strong></span> <span class='ocrx_word' id='word_1_103' title='bbox 1320 1246 1338 1273; x_wconf 89' lang='lat'><strong>,</strong></span> <span class='ocrx_word' id='word_1_104' title='bbox 1381 1205 1612 1259; x_wconf 81' lang='lat' dir='ltr'><strong>alterum</strong></span> <span class='ocrx_word' id='word_1_105' title='bbox 1664 1214 1882 1274; x_wconf 89' lang='lat' dir='ltr'><strong>propter</strong></span> <span class='ocrx_word' id='word_1_106' title='bbox 1922 1222 2046 1260; x_wconf 81' lang='lat' dir='ltr'><strong>um-</strong></span> 
     </span>
    </p>
   </div>
   <div class='ocr_carea' id='block_1_15' title="bbox 479 1295 2047 1369">
    <p class='ocr_par' dir='ltr' id='par_1_15' title="bbox 479 1295 2047 1369">
     <span class='ocr_line' id='line_1_15' title="bbox 479 1295 2047 1369; baseline -0.001 -16"><span class='ocrx_word' id='word_1_107' title='bbox 479 1299 656 1362; x_wconf 85' lang='lat' dir='ltr'><strong>bram,</strong></span> <span class='ocrx_word' id='word_1_108' title='bbox 681 1308 1008 1369; x_wconf 89' lang='lat' dir='ltr'><strong>postremum</strong></span> <span class='ocrx_word' id='word_1_109' title='bbox 1036 1305 1255 1366; x_wconf 85' lang='lat' dir='ltr'><strong>propter</strong></span> <span class='ocrx_word' id='word_1_110' title='bbox 1277 1295 1527 1350; x_wconf 88' lang='lat' dir='ltr'><strong>utilitatis</strong></span> <span class='ocrx_word' id='word_1_111' title='bbox 1555 1304 1612 1348; x_wconf 91' lang='lat' dir='ltr'><strong>et</strong></span> <span class='ocrx_word' id='word_1_112' title='bbox 1637 1295 2047 1352; x_wconf 89' lang='lat' dir='ltr'><strong>illuminationis</strong></span> 
     </span>
    </p>
   </div>
   <div class='ocr_carea' id='block_1_16' title="bbox 478 1386 2047 1458">
    <p class='ocr_par' dir='ltr' id='par_1_16' title="bbox 478 1386 2047 1458">
     <span class='ocr_line' id='line_1_16' title="bbox 478 1386 2047 1458; baseline -0.003 -12"><span class='ocrx_word' id='word_1_113' title='bbox 478 1389 676 1446; x_wconf 84' lang='lat' dir='ltr'><strong>divinae</strong></span> <span class='ocrx_word' id='word_1_114' title='bbox 700 1403 1031 1444; x_wconf 87' lang='lat' dir='ltr'><strong>mensuram.</strong></span> <span class='ocrx_word' id='word_1_115' title='bbox 1056 1387 1122 1442; x_wconf 87' lang='lat' dir='ltr'><strong>Et</strong></span> <span class='ocrx_word' id='word_1_116' title='bbox 1148 1387 1369 1458; x_wconf 88' lang='lat' dir='ltr'><strong>spiritus</strong></span> <span class='ocrx_word' id='word_1_117' title='bbox 1397 1386 1615 1456; x_wconf 89' lang='lat' dir='ltr'><strong>quidem</strong></span> <span class='ocrx_word' id='word_1_118' title='bbox 1646 1402 1784 1442; x_wconf 90' lang='lat' dir='ltr'><strong>unus</strong></span> <span class='ocrx_word' id='word_1_119' title='bbox 1807 1395 1908 1454; x_wconf 88' lang='lat' dir='ltr'><strong>est,</strong></span> <span class='ocrx_word' id='word_1_120' title='bbox 1943 1403 2047 1442; x_wconf 92' lang='lat' dir='ltr'><strong>non</strong></span> 
     </span>
    </p>
   </div>
   <div class='ocr_carea' id='block_1_17' title="bbox 479 1479 2051 1551">
    <p class='ocr_par' dir='ltr' id='par_1_17' title="bbox 479 1479 2051 1551">
     <span class='ocr_line' id='line_1_17' title="bbox 479 1479 2051 1551; baseline -0.003 -14"><span class='ocrx_word' id='word_1_121' title='bbox 479 1491 660 1537; x_wconf 90' lang='lat' dir='ltr'><strong>autem</strong></span> <span class='ocrx_word' id='word_1_122' title='bbox 687 1497 845 1551; x_wconf 77' lang='lat' dir='ltr'><strong>pares</strong></span> <span class='ocrx_word' id='word_1_123' title='bbox 869 1481 1056 1551; x_wconf 80' lang='lat' dir='ltr'><strong>gratiae</strong></span> <span class='ocrx_word' id='word_1_124' title='bbox 1089 1497 1102 1534; x_wconf 92' lang='lat'><strong>:</strong></span> <span class='ocrx_word' id='word_1_125' title='bbox 1135 1480 1570 1550; x_wconf 82' lang='lat' dir='ltr'><strong>quandoquidem</strong></span> <span class='ocrx_word' id='word_1_126' title='bbox 1613 1492 1711 1534; x_wconf 93' lang='lat' dir='ltr'><strong>nec</strong></span> <span class='ocrx_word' id='word_1_127' title='bbox 1759 1479 1908 1549; x_wconf 89' lang='lat' dir='ltr'><strong>paria</strong></span> <span class='ocrx_word' id='word_1_128' title='bbox 1942 1480 2051 1550; x_wconf 81' lang='lat' dir='ltr'><strong>spi-</strong></span> 
     </span>
    </p>
   </div>
   <div class='ocr_carea' id='block_1_18' title="bbox 479 1569 2053 1643">
    <p class='ocr_par' dir='ltr' id='par_1_18' title="bbox 479 1569 2053 1643">
     <span class='ocr_line' id='line_1_18' title="bbox 479 1569 2053 1643; baseline -0.003 -15"><span class='ocrx_word' id='word_1_129' title='bbox 479 1575 619 1630; x_wconf 84' lang='lat' dir='ltr'><strong>ritus</strong></span> <span class='ocrx_word' id='word_1_130' title='bbox 659 1573 1060 1643; x_wconf 83' lang='lat' dir='ltr'><strong>conceptacula.</strong></span> <span class='ocrx_word' id='word_1_131' title='bbox 1111 1571 1221 1626; x_wconf 83' lang='lat' dir='ltr'><strong>Alii</strong></span> <span class='ocrx_word' id='word_1_132' title='bbox 1274 1572 1414 1626; x_wconf 85' lang='lat' dir='ltr'><strong>enim</strong></span> <span class='ocrx_word' id='word_1_133' title='bbox 1461 1587 1554 1642; x_wconf 84' lang='lat' dir='ltr'><strong>per</strong></span> <span class='ocrx_word' id='word_1_134' title='bbox 1599 1569 1856 1640; x_wconf 81' lang='lat' dir='ltr'><strong>Spiritum</strong></span> <span class='ocrx_word' id='word_1_135' title='bbox 1892 1570 2053 1624; x_wconf 84' lang='lat' dir='ltr'><strong>datur</strong></span> 
     </span>
    </p>
   </div>
   <div class='ocr_carea' id='block_1_19' title="bbox 2147 837 3738 910">
    <p class='ocr_par' dir='ltr' id='par_1_19' title="bbox 2147 837 3738 910">
     <span class='ocr_line' id='line_1_19' title="bbox 2147 837 3738 910; baseline -0.007 -11"><span class='ocrx_word' id='word_1_136' title='bbox 2147 863 2254 899; x_wconf 87' lang='grc' dir='ltr'><strong>τον</strong></span> <span class='ocrx_word' id='word_1_137' title='bbox 2305 845 2724 910; x_wconf 82' lang='grc' dir='ltr'><em>ἀποστόλους,</em></span> <span class='ocrx_word' id='word_1_138' title='bbox 2788 840 3070 908; x_wconf 70' lang='grc' dir='ltr'><em>δεύτερον</em></span> <span class='ocrx_word' id='word_1_139' title='bbox 3121 837 3428 906; x_wconf 62' lang='grc' dir='ltr'><em>προφήτας</em></span> <span class='ocrx_word' id='word_1_140' title='bbox 3451 878 3467 904; x_wconf 94' lang='grc'><strong>,</strong></span> <span class='ocrx_word' id='word_1_141' title='bbox 3533 837 3738 904; x_wconf 83' lang='grc' dir='ltr'><em>τρίτον</em></span> 
     </span>
    </p>
   </div>
   <div class='ocr_carea' id='block_1_20' title="bbox 2150 924 3736 1005">
    <p class='ocr_par' dir='ltr' id='par_1_20' title="bbox 2150 924 3736 1005">
     <span class='ocr_line' id='line_1_20' title="bbox 2150 924 3736 1005; baseline -0.008 -16"><span class='ocrx_word' id='word_1_142' title='bbox 2150 933 2434 1004; x_wconf 82' lang='grc' dir='ltr'><strong>ποιμένας</strong></span> <span class='ocrx_word' id='word_1_143' title='bbox 2462 933 2572 1005; x_wconf 83' lang='grc'>(65)</span> <span class='ocrx_word' id='word_1_144' title='bbox 2623 931 2722 985; x_wconf 80' lang='grc' dir='ltr'><strong>καὶ</strong></span> <span class='ocrx_word' id='word_1_145' title='bbox 2755 928 3202 992; x_wconf 72' lang='grc' dir='ltr'><strong>διδασκάλους·</strong></span> <span class='ocrx_word' id='word_1_146' title='bbox 3241 926 3454 997; x_wconf 86' lang='grc' dir='ltr'><em>πρῶτον</em></span> <span class='ocrx_word' id='word_1_147' title='bbox 3503 925 3590 978; x_wconf 82' lang='grc' dir='ltr'><em>διὰ</em></span> <span class='ocrx_word' id='word_1_148' title='bbox 3632 924 3736 995; x_wconf 76' lang='grc' dir='ltr'><strong>τὴν</strong></span> 
     </span>
    </p>
   </div>
   <div class='ocr_carea' id='block_1_21' title="bbox 2149 1015 3738 1098">
    <p class='ocr_par' dir='ltr' id='par_1_21' title="bbox 2149 1015 3738 1098">
     <span class='ocr_line' id='line_1_21' title="bbox 2149 1015 3738 1098; baseline -0.008 -18"><span class='ocrx_word' id='word_1_149' title='bbox 2149 1026 2428 1098; x_wconf 85' lang='grc' dir='ltr'><em>ἀλήθειαν,</em></span> <span class='ocrx_word' id='word_1_150' title='bbox 2481 1023 2735 1095; x_wconf 89' lang='grc' dir='ltr'><em>δεύτερον</em></span> <span class='ocrx_word' id='word_1_151' title='bbox 2782 1021 2872 1075; x_wconf 75' lang='grc' dir='ltr'><em>διὰ</em></span> <span class='ocrx_word' id='word_1_152' title='bbox 2923 1020 3020 1091; x_wconf 82' lang='grc' dir='ltr'><em>τὴν</em></span> <span class='ocrx_word' id='word_1_153' title='bbox 3071 1019 3252 1083; x_wconf 78' lang='grc' dir='ltr'><em>σκιὰν,</em></span> <span class='ocrx_word' id='word_1_154' title='bbox 3305 1017 3488 1086; x_wconf 57' lang='grc' dir='ltr'><em>τρίτον</em></span> <span class='ocrx_word' id='word_1_155' title='bbox 3537 1015 3626 1069; x_wconf 74' lang='grc' dir='ltr'><em>διὰ</em></span> <span class='ocrx_word' id='word_1_156' title='bbox 3672 1016 3738 1068; x_wconf 83' lang='grc' dir='ltr'><em>τὸ</em></span> 
     </span>
    </p>
   </div>
   <div class='ocr_carea' id='block_1_22' title="bbox 2155 1105 3738 1192">
    <p class='ocr_par' dir='ltr' id='par_1_22' title="bbox 2155 1105 3738 1192">
     <span class='ocr_line' id='line_1_22' title="bbox 2155 1105 3738 1192; baseline -0.009 -18"><span class='ocrx_word' id='word_1_157' title='bbox 2155 1121 2352 1192; x_wconf 84' lang='grc' dir='ltr'><strong>μέτρον</strong></span> <span class='ocrx_word' id='word_1_158' title='bbox 2393 1117 2496 1188; x_wconf 87' lang='grc' dir='ltr'><em>τ’ἠς</em></span> <span class='ocrx_word' id='word_1_159' title='bbox 2530 1115 2816 1185; x_wconf 82' lang='grc' dir='ltr'><em>ὠφελείας,</em></span> <span class='ocrx_word' id='word_1_160' title='bbox 2850 1113 2945 1168; x_wconf 71' lang='grc' dir='ltr'><strong>καὶ</strong></span> <span class='ocrx_word' id='word_1_161' title='bbox 2993 1113 3092 1182; x_wconf 82' lang='grc' dir='ltr'><em>τῆς</em></span> <span class='ocrx_word' id='word_1_162' title='bbox 3136 1109 3475 1180; x_wconf 79' lang='grc' dir='ltr'><em>ὲλλάμψεως.</em></span> <span class='ocrx_word' id='word_1_163' title='bbox 3520 1109 3633 1161; x_wconf 81' lang='lat' dir='ltr'><strong>Kal</strong></span> <span class='ocrx_word' id='word_1_164' title='bbox 3673 1105 3738 1160; x_wconf 76' lang='grc' dir='ltr'><em>τὸ</em></span> 
     </span>
    </p>
   </div>
   <div class='ocr_carea' id='block_1_23' title="bbox 2155 1196 3738 1280">
    <p class='ocr_par' dir='ltr' id='par_1_23' title="bbox 2155 1196 3738 1280">
     <span class='ocr_line' id='line_1_23' title="bbox 2155 1196 3738 1280; baseline -0.006 -19"><span class='ocrx_word' id='word_1_165' title='bbox 2155 1209 2254 1280; x_wconf 88' lang='grc' dir='ltr'><em>μὲν</em></span> <span class='ocrx_word' id='word_1_166' title='bbox 2293 1206 2516 1277; x_wconf 83' lang='grc' dir='ltr'><em>πνεῦμα</em></span> <span class='ocrx_word' id='word_1_167' title='bbox 2549 1205 2631 1270; x_wconf 78' lang='grc' dir='ltr'><em>ἓν,</em></span> <span class='ocrx_word' id='word_1_168' title='bbox 2669 1204 2738 1258; x_wconf 81' lang='grc' dir='ltr'><em>τὰ</em></span> <span class='ocrx_word' id='word_1_169' title='bbox 2767 1203 3084 1280; x_wconf 83' lang='grc' dir='ltr'><strong>χαρίσματα</strong></span> <span class='ocrx_word' id='word_1_170' title='bbox 3119 1200 3176 1254; x_wconf 86' lang='grc' dir='ltr'><em>δὲ</em></span> <span class='ocrx_word' id='word_1_171' title='bbox 3205 1201 3305 1253; x_wconf 82' lang='grc' dir='ltr'><em>οὐκ</em></span> <span class='ocrx_word' id='word_1_172' title='bbox 3333 1196 3446 1264; x_wconf 74' lang='grc' dir='ltr'><em>ἶσα,</em></span> <span class='ocrx_word' id='word_1_173' title='bbox 3476 1198 3558 1252; x_wconf 82' lang='grc' dir='ltr'><em>ὅτι</em></span> <span class='ocrx_word' id='word_1_174' title='bbox 3596 1198 3738 1270; x_wconf 77' lang='grc' dir='ltr'><em>μηδὲ</em></span> 
     </span>
    </p>
   </div>
   <div class='ocr_carea' id='block_1_24' title="bbox 2152 1287 3736 1368">
    <p class='ocr_par' dir='ltr' id='par_1_24' title="bbox 2152 1287 3736 1368">
     <span class='ocr_line' id='line_1_24' title="bbox 2152 1287 3736 1368; baseline -0.006 -16"><span class='ocrx_word' id='word_1_175' title='bbox 2152 1300 2219 1352; x_wconf 79' lang='grc' dir='ltr'><em>τὰ</em></span> <span class='ocrx_word' id='word_1_176' title='bbox 2249 1299 2431 1368; x_wconf 88' lang='grc' dir='ltr'><em>δοχεῖα</em></span> <span class='ocrx_word' id='word_1_177' title='bbox 2463 1297 2557 1350; x_wconf 79' lang='grc' dir='ltr'><em>τοῦ</em></span> <span class='ocrx_word' id='word_1_178' title='bbox 2589 1294 2918 1366; x_wconf 84' lang='grc' dir='ltr'><em>πνεύματος.</em></span> <span class='ocrx_word' id='word_1_179' title='bbox 2967 1287 3033 1362; x_wconf 78' lang='grc' dir='ltr'><strong>’ᾮ</strong></span> <span class='ocrx_word' id='word_1_180' title='bbox 3064 1290 3180 1360; x_wconf 85' lang='grc' dir='ltr'><em>μὲν</em></span> <span class='ocrx_word' id='word_1_181' title='bbox 3207 1289 3316 1360; x_wconf 90' lang='grc'>(66)</span> <span class='ocrx_word' id='word_1_182' title='bbox 3349 1289 3462 1359; x_wconf 76' lang='grc' dir='ltr'><em>γὰρ</em></span> <span class='ocrx_word' id='word_1_183' title='bbox 3489 1287 3586 1344; x_wconf 78' lang='grc' dir='ltr'><em>διὰ</em></span> <span class='ocrx_word' id='word_1_184' title='bbox 3622 1288 3736 1343; x_wconf 82' lang='grc' dir='ltr'><em>τοῦ</em></span> 
     </span>
    </p>
   </div>
   <div class='ocr_carea' id='block_1_25' title="bbox 2152 1379 3734 1460">
    <p class='ocr_par' dir='ltr' id='par_1_25' title="bbox 2152 1379 3734 1460">
     <span class='ocr_line' id='line_1_25' title="bbox 2152 1379 3734 1460; baseline -0.008 -16"><span class='ocrx_word' id='word_1_185' title='bbox 2152 1391 2498 1460; x_wconf 86' lang='grc' dir='ltr'><em>Πνεύματος</em></span> <span class='ocrx_word' id='word_1_186' title='bbox 2519 1385 2746 1440; x_wconf 82' lang='grc' dir='ltr'><strong>δίδοται</strong></span> <span class='ocrx_word' id='word_1_187' title='bbox 2766 1385 2950 1452; x_wconf 74' lang='grc' dir='ltr'><em>λόγος</em></span> <span class='ocrx_word' id='word_1_188' title='bbox 2973 1381 3193 1449; x_wconf 74' lang='grc' dir='ltr'><em>σοφίας</em></span> <span class='ocrx_word' id='word_1_189' title='bbox 3213 1380 3309 1434; x_wconf 78' lang='grc' dir='ltr'><strong>καὶ</strong></span> <span class='ocrx_word' id='word_1_190' title='bbox 3332 1380 3578 1448; x_wconf 79' lang='grc' dir='ltr'><strong>θεωρίας</strong></span> <span class='ocrx_word' id='word_1_191' title='bbox 3597 1379 3734 1448; x_wconf 86' lang='grc'>(67),</span> 
     </span>
    </p>
   </div>
   <div class='ocr_carea' id='block_1_26' title="bbox 2153 1471 3734 1550">
    <p class='ocr_par' dir='ltr' id='par_1_26' title="bbox 2153 1471 3734 1550">
     <span class='ocr_line' id='line_1_26' title="bbox 2153 1471 3734 1550; baseline -0.007 -14"><span class='ocrx_word' id='word_1_192' title='bbox 2153 1482 2319 1546; x_wconf 80' lang='grc' dir='ltr'><em>ἄλλῳ</em></span> <span class='ocrx_word' id='word_1_193' title='bbox 2333 1481 2397 1534; x_wconf 83' lang='grc' dir='ltr'><em>δὲ</em></span> <span class='ocrx_word' id='word_1_194' title='bbox 2409 1481 2590 1550; x_wconf 80' lang='grc' dir='ltr'><em>λόγος</em></span> <span class='ocrx_word' id='word_1_195' title='bbox 2605 1479 2880 1548; x_wconf 72' lang='grc' dir='ltr'><em>γνώσεως</em></span> <span class='ocrx_word' id='word_1_196' title='bbox 2900 1475 2937 1544; x_wconf 82' lang='grc' dir='ltr'>ἢ</span> <span class='ocrx_word' id='word_1_197' title='bbox 2958 1475 3418 1541; x_wconf 66' lang='grc' dir='ltr'><strong>ἀποκαλύψεως,</strong></span> <span class='ocrx_word' id='word_1_198' title='bbox 3443 1471 3606 1535; x_wconf 78' lang='grc' dir='ltr'><em>ἄλλῳ</em></span> <span class='ocrx_word' id='word_1_199' title='bbox 3617 1471 3734 1543; x_wconf 84' lang='grc'>(68)</span> 
     </span>
    </p>
   </div>
   <div class='ocr_carea' id='block_1_27' title="bbox 2153 1563 3738 1644">
    <p class='ocr_par' dir='ltr' id='par_1_27' title="bbox 2153 1563 3738 1644">
     <span class='ocr_line' id='line_1_27' title="bbox 2153 1563 3738 1644; baseline -0.007 -15"><span class='ocrx_word' id='word_1_200' title='bbox 2153 1576 2355 1640; x_wconf 63' lang='grc' dir='ltr'><em>πίστις</em></span> <span class='ocrx_word' id='word_1_201' title='bbox 2409 1573 2600 1644; x_wconf 81' lang='grc' dir='ltr'><strong>βεϐαία</strong></span> <span class='ocrx_word' id='word_1_202' title='bbox 2645 1573 2742 1627; x_wconf 74' lang='grc' dir='ltr'><em>καὶ</em></span> <span class='ocrx_word' id='word_1_203' title='bbox 2793 1568 3162 1630; x_wconf 87' lang='grc' dir='ltr'><em>άνενδοίαστος</em></span> <span class='ocrx_word' id='word_1_204' title='bbox 3209 1565 3352 1636; x_wconf 83' lang='grc' dir='ltr'><em>άλλῳ</em></span> <span class='ocrx_word' id='word_1_205' title='bbox 3400 1565 3458 1618; x_wconf 80' lang='grc' dir='ltr'><em>δὲ</em></span> <span class='ocrx_word' id='word_1_206' title='bbox 3494 1563 3738 1633; x_wconf 70' lang='grc' dir='ltr'><em>ἐνεργή-</em></span> 
     </span>
    </p>
   </div>
   <div class='ocr_carea' id='block_1_28' title="bbox 478 1655 2054 1736">
    <p class='ocr_par' dir='ltr' id='par_1_28' title="bbox 478 1662 2053 1733">
     <span class='ocr_line' id='line_1_28' title="bbox 478 1662 2053 1733; baseline -0.001 -15"><span class='ocrx_word' id='word_1_207' title='bbox 478 1681 650 1719; x_wconf 86' lang='lat' dir='ltr'><strong>sermo</strong></span> <span class='ocrx_word' id='word_1_208' title='bbox 682 1665 954 1733; x_wconf 76' lang='lat' dir='ltr'><strong>sapientia:</strong></span> <span class='ocrx_word' id='word_1_209' title='bbox 987 1672 1034 1718; x_wconf 87' lang='lat' dir='ltr'><strong>et</strong></span> <span class='ocrx_word' id='word_1_210' title='bbox 1065 1663 1434 1733; x_wconf 83' lang='lat' dir='ltr'><strong>speculationis</strong></span> <span class='ocrx_word' id='word_1_211' title='bbox 1454 1703 1470 1728; x_wconf 90' lang='lat'><strong>,</strong></span> <span class='ocrx_word' id='word_1_212' title='bbox 1501 1663 1596 1718; x_wconf 87' lang='lat' dir='ltr'><strong>alii</strong></span> <span class='ocrx_word' id='word_1_213' title='bbox 1624 1678 1792 1717; x_wconf 84' lang='lat' dir='ltr'><strong>sermo</strong></span> <span class='ocrx_word' id='word_1_214' title='bbox 1821 1662 2053 1717; x_wconf 60' lang='lat' dir='ltr'><strong>scientia</strong></span> 
     </span>
    </p>
   </div>
   <div class='ocr_carea' id='block_1_29' title="bbox 2161 1655 3739 1736">
    <p class='ocr_par' dir='ltr' id='par_1_29' title="bbox 2161 1655 3739 1736">
     <span class='ocr_line' id='line_1_29' title="bbox 2161 1655 3739 1736; baseline -0.007 -17"><span class='ocrx_word' id='word_1_215' title='bbox 2161 1683 2308 1735; x_wconf 83' lang='grc' dir='ltr'>ματα</span> <span class='ocrx_word' id='word_1_216' title='bbox 2337 1665 2618 1736; x_wconf 80' lang='grc' dir='ltr'><strong>δυνάμεων</strong></span> <span class='ocrx_word' id='word_1_217' title='bbox 2677 1664 2770 1717; x_wconf 69' lang='grc' dir='ltr'><strong>καὶ</strong></span> <span class='ocrx_word' id='word_1_218' title='bbox 2820 1660 3114 1734; x_wconf 82' lang='grc' dir='ltr'><strong>θαυμάτων</strong></span> <span class='ocrx_word' id='word_1_219' title='bbox 3149 1656 3527 1729; x_wconf 75' lang='grc' dir='ltr'><strong>ὑψηλοτέρων,</strong></span> <span class='ocrx_word' id='word_1_220' title='bbox 3569 1655 3739 1718; x_wconf 78' lang='grc' dir='ltr'><em>ἄλλῳ</em></span> 
     </span>
    </p>
   </div>
   <div class='ocr_carea' id='block_1_30' title="bbox 479 1749 2052 1822">
    <p class='ocr_par' dir='ltr' id='par_1_30' title="bbox 479 1749 2052 1822">
     <span class='ocr_line' id='line_1_30' title="bbox 479 1749 2052 1822; baseline 0.002 -19"><span class='ocrx_word' id='word_1_221' title='bbox 479 1759 529 1803; x_wconf 85' lang='lat' dir='ltr'><strong>et</strong></span> <span class='ocrx_word' id='word_1_222' title='bbox 559 1749 910 1816; x_wconf 78' lang='lat' dir='ltr'><strong>reuelationis,</strong></span> <span class='ocrx_word' id='word_1_223' title='bbox 934 1751 1030 1805; x_wconf 87' lang='lat' dir='ltr'><strong>alii</strong></span> <span class='ocrx_word' id='word_1_224' title='bbox 1053 1751 1185 1821; x_wconf 79' lang='lat' dir='ltr'><strong>ﬁdes</strong></span> <span class='ocrx_word' id='word_1_225' title='bbox 1213 1760 1363 1806; x_wconf 90' lang='lat' dir='ltr'><strong>certa</strong></span> <span class='ocrx_word' id='word_1_226' title='bbox 1394 1751 1725 1822; x_wconf 87' lang='lat' dir='ltr'><strong>minimeque</strong></span> <span class='ocrx_word' id='word_1_227' title='bbox 1751 1751 1933 1817; x_wconf 89' lang='lat' dir='ltr'><strong>dubia,</strong></span> <span class='ocrx_word' id='word_1_228' title='bbox 1964 1752 2052 1806; x_wconf 84' lang='lat' dir='ltr'><strong>alii</strong></span> 
     </span>
    </p>
   </div>
   <div class='ocr_carea' id='block_1_31' title="bbox 2156 1749 3738 1828">
    <p class='ocr_par' dir='ltr' id='par_1_31' title="bbox 2156 1749 3738 1828">
     <span class='ocr_line' id='line_1_31' title="bbox 2156 1749 3738 1828; baseline -0.006 -18"><span class='ocrx_word' id='word_1_229' title='bbox 2156 1757 2223 1810; x_wconf 83' lang='grc' dir='ltr'><em>δὲ</em></span> <span class='ocrx_word' id='word_1_230' title='bbox 2260 1757 2598 1828; x_wconf 79' lang='grc' dir='ltr'><strong>χαρίσματα</strong></span> <span class='ocrx_word' id='word_1_231' title='bbox 2630 1755 2906 1824; x_wconf 74' lang='grc' dir='ltr'><em>ἰαμάτων,</em></span> <span class='ocrx_word' id='word_1_232' title='bbox 2956 1749 3341 1820; x_wconf 69' lang='grc' dir='ltr'><em>ἀντιλήψεις,</em></span> <span class='ocrx_word' id='word_1_233' title='bbox 3381 1752 3556 1804; x_wconf 78' lang='grc' dir='ltr'><em>είτουν</em></span> <span class='ocrx_word' id='word_1_234' title='bbox 3596 1765 3738 1820; x_wconf 78' lang='grc' dir='ltr'><em>προ-</em></span> 
     </span>
    </p>
   </div>
   <div class='ocr_carea' id='block_1_32' title="bbox 479 1840 2054 1921">
    <p class='ocr_par' dir='ltr' id='par_1_32' title="bbox 479 1842 2046 1912">
     <span class='ocr_line' id='line_1_32' title="bbox 479 1842 2046 1912; baseline 0.003 -19"><span class='ocrx_word' id='word_1_235' title='bbox 479 1843 739 1896; x_wconf 86' lang='lat' dir='ltr'><strong>virtutum</strong></span> <span class='ocrx_word' id='word_1_236' title='bbox 792 1842 1209 1912; x_wconf 88' lang='lat' dir='ltr'><strong>sublimiumque</strong></span> <span class='ocrx_word' id='word_1_237' title='bbox 1256 1843 1642 1900; x_wconf 84' lang='lat' dir='ltr'><strong>miraculorum</strong></span> <span class='ocrx_word' id='word_1_238' title='bbox 1695 1843 2046 1912; x_wconf 84' lang='lat' dir='ltr'><strong>operationes,</strong></span> 
     </span>
    </p>
   </div>
   <div class='ocr_carea' id='block_1_33' title="bbox 2161 1840 3735 1921">
    <p class='ocr_par' dir='ltr' id='par_1_33' title="bbox 2161 1840 3735 1921">
     <span class='ocr_line' id='line_1_33' title="bbox 2161 1840 3735 1921; baseline -0.008 -18"><span class='ocrx_word' id='word_1_239' title='bbox 2161 1851 2370 1904; x_wconf 72' lang='grc' dir='ltr'><em>πτασίαι</em></span> <span class='ocrx_word' id='word_1_240' title='bbox 2394 1891 2409 1916; x_wconf 90' lang='grc'><strong>,</strong></span> <span class='ocrx_word' id='word_1_241' title='bbox 2445 1851 2861 1921; x_wconf 72' lang='grc' dir='ltr'><em>κυϐερνήσεις,</em></span> <span class='ocrx_word' id='word_1_242' title='bbox 2895 1846 3072 1900; x_wconf 78' lang='grc' dir='ltr'><em>εῐτουν</em></span> <span class='ocrx_word' id='word_1_243' title='bbox 3110 1841 3474 1912; x_wconf 86' lang='grc' dir='ltr'><em>παιδαγωγίαι</em></span> <span class='ocrx_word' id='word_1_244' title='bbox 3509 1840 3735 1911; x_wconf 77' lang='grc' dir='ltr'><em>σαρκὸς,</em></span> 
     </span>
    </p>
   </div>
   <div class='ocr_carea' id='block_1_34' title="bbox 480 1933 2048 2004">
    <p class='ocr_par' dir='ltr' id='par_1_34' title="bbox 480 1933 2048 2004">
     <span class='ocr_line' id='line_1_34' title="bbox 480 1933 2048 2004; baseline 0.003 -18"><span class='ocrx_word' id='word_1_245' title='bbox 480 1933 576 1986; x_wconf 81' lang='lat' dir='ltr'><strong>alii</strong></span> <span class='ocrx_word' id='word_1_246' title='bbox 616 1935 803 2004; x_wconf 75' lang='lat' dir='ltr'><strong>gratia:</strong></span> <span class='ocrx_word' id='word_1_247' title='bbox 835 1937 1166 1989; x_wconf 80' lang='lat' dir='ltr'><strong>curationum</strong></span> <span class='ocrx_word' id='word_1_248' title='bbox 1185 1975 1201 2001; x_wconf 93' lang='lat'><strong>,</strong></span> <span class='ocrx_word' id='word_1_249' title='bbox 1232 1936 1604 2004; x_wconf 81' lang='lat' dir='ltr'><strong>opitulationes</strong></span> <span class='ocrx_word' id='word_1_250' title='bbox 1629 1975 1645 2000; x_wconf 90' lang='lat'><strong>,</strong></span> <span class='ocrx_word' id='word_1_251' title='bbox 1673 1935 1778 1990; x_wconf 88' lang='lat' dir='ltr'><strong>hoc</strong></span> <span class='ocrx_word' id='word_1_252' title='bbox 1807 1945 1919 1999; x_wconf 91' lang='lat' dir='ltr'><strong>est,</strong></span> <span class='ocrx_word' id='word_1_253' title='bbox 1950 1935 2048 1990; x_wconf 90' lang='lat' dir='ltr'><strong>de-</strong></span> 
     </span>
    </p>
   </div>
   <div class='ocr_carea' id='block_1_35' title="bbox 481 2025 2048 2096">
    <p class='ocr_par' dir='ltr' id='par_1_35' title="bbox 481 2025 2048 2096">
     <span class='ocr_line' id='line_1_35' title="bbox 481 2025 2048 2096; baseline 0.003 -18"><span class='ocrx_word' id='word_1_254' title='bbox 481 2025 755 2082; x_wconf 79' lang='lat' dir='ltr'><strong>fensiones</strong></span> <span class='ocrx_word' id='word_1_255' title='bbox 799 2035 854 2082; x_wconf 88' lang='lat' dir='ltr'><strong>et</strong></span> <span class='ocrx_word' id='word_1_256' title='bbox 899 2027 1238 2096; x_wconf 85' lang='lat' dir='ltr'><strong>patrocinia;</strong></span> <span class='ocrx_word' id='word_1_257' title='bbox 1289 2027 1734 2096; x_wconf 86' lang='lat' dir='ltr'><strong>gubernationes,</strong></span> <span class='ocrx_word' id='word_1_258' title='bbox 1781 2028 1886 2082; x_wconf 88' lang='lat' dir='ltr'><strong>hoc</strong></span> <span class='ocrx_word' id='word_1_259' title='bbox 1929 2037 2048 2093; x_wconf 91' lang='lat' dir='ltr'><strong>est,</strong></span> 
     </span>
    </p>
   </div>
   <div class='ocr_carea' id='block_1_36' title="bbox 479 2117 2053 2190">
    <p class='ocr_par' dir='ltr' id='par_1_36' title="bbox 479 2117 2053 2190">
     <span class='ocr_line' id='line_1_36' title="bbox 479 2117 2053 2190; baseline -0.002 -17"><span class='ocrx_word' id='word_1_260' title='bbox 479 2118 663 2173; x_wconf 84' lang='lat' dir='ltr'><strong>carnis</strong></span> <span class='ocrx_word' id='word_1_261' title='bbox 704 2119 1082 2190; x_wconf 77' lang='lat' dir='ltr'><strong>castigationes</strong></span> <span class='ocrx_word' id='word_1_262' title='bbox 1103 2157 1117 2181; x_wconf 88' lang='lat'><strong>.</strong></span> <span class='ocrx_word' id='word_1_263' title='bbox 1145 2133 1336 2187; x_wconf 85' lang='lat' dir='ltr'><strong>genera</strong></span> <span class='ocrx_word' id='word_1_264' title='bbox 1365 2117 1696 2186; x_wconf 84' lang='lat' dir='ltr'><strong>linguarum,</strong></span> <span class='ocrx_word' id='word_1_265' title='bbox 1737 2118 2053 2186; x_wconf 83' lang='lat' dir='ltr'><strong>interpreta—</strong></span> 
     </span>
    </p>
   </div>
   <div class='ocr_carea' id='block_1_37' title="bbox 2155 1930 3740 2012">
    <p class='ocr_par' dir='ltr' id='par_1_37' title="bbox 2155 1930 3740 2012">
     <span class='ocr_line' id='line_1_37' title="bbox 2155 1930 3740 2012; baseline -0.01 -14"><span class='ocrx_word' id='word_1_266' title='bbox 2155 1939 2297 2012; x_wconf 78' lang='grc' dir='ltr'><em>γένη</em></span> <span class='ocrx_word' id='word_1_267' title='bbox 2358 1943 2673 2012; x_wconf 77' lang='grc' dir='ltr'><em>γλωσσῶν,</em></span> <span class='ocrx_word' id='word_1_268' title='bbox 2719 1937 3020 2008; x_wconf 83' lang='grc' dir='ltr'><strong>ἑρμηνεῖαι</strong></span> <span class='ocrx_word' id='word_1_269' title='bbox 3070 1931 3387 2006; x_wconf 74' lang='grc' dir='ltr'><em>γλωσσῶν,</em></span> <span class='ocrx_word' id='word_1_270' title='bbox 3439 1931 3506 1984; x_wconf 75' lang='grc' dir='ltr'><em>τὰ</em></span> <span class='ocrx_word' id='word_1_271' title='bbox 3563 1930 3740 2001; x_wconf 74' lang='grc' dir='ltr'><em>μείζω</em></span> 
     </span>
    </p>
   </div>
   <div class='ocr_carea' id='block_1_38' title="bbox 2159 2021 3740 2116">
    <p class='ocr_par' dir='ltr' id='par_1_38' title="bbox 2159 2021 3740 2116">
     <span class='ocr_line' id='line_1_38' title="bbox 2159 2021 3740 2116; baseline -0.006 -33"><span class='ocrx_word' id='word_1_272' title='bbox 2159 2032 2494 2103; x_wconf 83' lang='grc' dir='ltr'><strong>χαρίσματα,</strong></span> <span class='ocrx_word' id='word_1_273' title='bbox 2531 2032 2624 2086; x_wconf 78' lang='grc' dir='ltr'><em>καὶ</em></span> <span class='ocrx_word' id='word_1_274' title='bbox 2653 2029 2720 2116; x_wconf 58' lang='grc' dir='ltr'><strong>τά</strong></span> <span class='ocrx_word' id='word_1_275' title='bbox 2740 2028 2988 2100; x_wconf 85' lang='grc' dir='ltr'><em>δεύτερα,</em></span> <span class='ocrx_word' id='word_1_276' title='bbox 3019 2025 3161 2080; x_wconf 75' lang='grc' dir='ltr'><em>κατὰ</em></span> <span class='ocrx_word' id='word_1_277' title='bbox 3187 2025 3283 2096; x_wconf 80' lang='grc' dir='ltr'><em>τὴν</em></span> <span class='ocrx_word' id='word_1_278' title='bbox 3327 2022 3614 2080; x_wconf 73' lang='grc' dir='ltr'><strong>ἀναλογίαν</strong></span> <span class='ocrx_word' id='word_1_279' title='bbox 3637 2021 3740 2090; x_wconf 82' lang='grc' dir='ltr'><em>τῆς</em></span> 
     </span>
    </p>
   </div>
   <div class='ocr_carea' id='block_1_39' title="bbox 2159 2139 2392 2188">
    <p class='ocr_par' dir='ltr' id='par_1_39' title="bbox 2159 2139 2392 2188">
     <span class='ocr_line' id='line_1_39' title="bbox 2159 2139 2392 2188; baseline 0.009 -13"><span class='ocrx_word' id='word_1_280' title='bbox 2159 2139 2392 2188; x_wconf 72' lang='grc' dir='ltr'><em>πίστεως</em></span> 
     </span>
    </p>
   </div>
   <div class='ocr_carea' id='block_1_40' title="bbox 479 2209 3740 2289">
    <p class='ocr_par' dir='ltr' id='par_1_40' title="bbox 479 2209 3740 2289">
     <span class='ocr_line' id='line_1_40' title="bbox 479 2209 3740 2289; baseline 0 -25"><span class='ocrx_word' id='word_1_281' title='bbox 479 2211 645 2265; x_wconf 78' lang='lat' dir='ltr'><strong>tiones</strong></span> <span class='ocrx_word' id='word_1_282' title='bbox 690 2210 990 2281; x_wconf 86' lang='lat' dir='ltr'><strong>linguarum</strong></span> <span class='ocrx_word' id='word_1_283' title='bbox 1026 2211 1092 2278; x_wconf 74' lang='grc' dir='ltr'><em>δ’,</em></span> <span class='ocrx_word' id='word_1_284' title='bbox 1151 2210 1273 2266; x_wconf 88' lang='lat' dir='ltr'><strong>aliis</strong></span> <span class='ocrx_word' id='word_1_285' title='bbox 1323 2209 1558 2278; x_wconf 89' lang='lat' dir='ltr'><strong>denique</strong></span> <span class='ocrx_word' id='word_1_286' title='bbox 1603 2211 2010 2280; x_wconf 70' lang='lat' dir='ltr'><strong>praestantiores</strong></span> <span class='ocrx_word' id='word_1_287' title='bbox 2036 2249 2052 2278; x_wconf 89' lang='lat'><strong>,</strong></span> <span class='ocrx_word' id='word_1_288' title='bbox 2087 2214 2210 2272; x_wconf 91' lang='lat' dir='ltr'><strong>aliis</strong></span> <span class='ocrx_word' id='word_1_289' title='bbox 2244 2217 2534 2273; x_wconf 81' lang='lat' dir='ltr'><strong>inferiores</strong></span> <span class='ocrx_word' id='word_1_290' title='bbox 2593 2215 2802 2289; x_wconf 67' lang='lat' dir='ltr'><strong>gratim,</strong></span> <span class='ocrx_word' id='word_1_291' title='bbox 2868 2229 2968 2285; x_wconf 88' lang='lat' dir='ltr'><strong>pro</strong></span> <span class='ocrx_word' id='word_1_292' title='bbox 2997 2213 3122 2268; x_wconf 88' lang='lat' dir='ltr'><strong>lidei</strong></span> <span class='ocrx_word' id='word_1_293' title='bbox 3157 2211 3409 2268; x_wconf 90' lang='lat' dir='ltr'><strong>nimirum</strong></span> <span class='ocrx_word' id='word_1_294' title='bbox 3451 2209 3658 2264; x_wconf 82' lang='lat' dir='ltr'><strong>ratione</strong></span> <span class='ocrx_word' id='word_1_295' title='bbox 3684 2219 3740 2264; x_wconf 89' lang='lat' dir='ltr'><strong>et</strong></span> 
     </span>
    </p>
   </div>
   <div class='ocr_carea' id='block_1_41' title="bbox 476 2301 844 2371">
    <p class='ocr_par' dir='ltr' id='par_1_41' title="bbox 476 2301 844 2371">
     <span class='ocr_line' id='line_1_41' title="bbox 476 2301 844 2371; baseline 0.005 -15"><span class='ocrx_word' id='word_1_296' title='bbox 476 2301 844 2371; x_wconf 85' lang='lat' dir='ltr'><strong>proportione.</strong></span> 
     </span>
    </p>
   </div>
   <div class='ocr_carea' id='block_1_42' title="bbox 548 2391 2054 2460">
    <p class='ocr_par' dir='ltr' id='par_1_42' title="bbox 548 2391 2054 2460">
     <span class='ocr_line' id='line_1_42' title="bbox 548 2391 2054 2460; baseline 0.002 -12"><span class='ocrx_word' id='word_1_297' title='bbox 548 2393 668 2452; x_wconf 81' lang='lat' dir='ltr'><strong>XII.</strong></span> <span class='ocrx_word' id='word_1_298' title='bbox 708 2392 865 2448; x_wconf 79' lang='lat' dir='ltr'><strong>Hunc</strong></span> <span class='ocrx_word' id='word_1_299' title='bbox 897 2393 1142 2448; x_wconf 89' lang='lat' dir='ltr'><strong>ordinem</strong></span> <span class='ocrx_word' id='word_1_300' title='bbox 1171 2404 1540 2460; x_wconf 88' lang='lat' dir='ltr'><strong>revereamur,</strong></span> <span class='ocrx_word' id='word_1_301' title='bbox 1573 2405 1607 2446; x_wconf 92' lang='grc' dir='ltr'>ο</span> <span class='ocrx_word' id='word_1_302' title='bbox 1641 2391 1836 2450; x_wconf 82' lang='lat' dir='ltr'><strong>fratres</strong></span> <span class='ocrx_word' id='word_1_303' title='bbox 1857 2433 1872 2458; x_wconf 93' lang='lat'><strong>,</strong></span> <span class='ocrx_word' id='word_1_304' title='bbox 1909 2393 2054 2451; x_wconf 84' lang='lat' dir='ltr'><strong>hunc</strong></span> 
     </span>
    </p>
   </div>
   <div class='ocr_carea' id='block_1_43' title="bbox 478 2483 2054 2552">
    <p class='ocr_par' dir='ltr' id='par_1_43' title="bbox 478 2483 2054 2552">
     <span class='ocr_line' id='line_1_43' title="bbox 478 2483 2054 2552; baseline -0.001 -10"><span class='ocrx_word' id='word_1_305' title='bbox 478 2493 736 2542; x_wconf 83' lang='lat' dir='ltr'><strong>tueamur</strong></span> <span class='ocrx_word' id='word_1_306' title='bbox 773 2492 828 2540; x_wconf 91' lang='lat' dir='ltr'><strong>et</strong></span> <span class='ocrx_word' id='word_1_307' title='bbox 855 2497 1260 2540; x_wconf 88' lang='lat' dir='ltr'><strong>conservemus.</strong></span> <span class='ocrx_word' id='word_1_308' title='bbox 1294 2483 1446 2539; x_wconf 84' lang='lat' dir='ltr'><strong>Alius</strong></span> <span class='ocrx_word' id='word_1_309' title='bbox 1476 2483 1624 2540; x_wconf 90' lang='lat' dir='ltr'><strong>auris</strong></span> <span class='ocrx_word' id='word_1_310' title='bbox 1651 2485 1754 2552; x_wconf 86' lang='lat' dir='ltr'><strong>sit,</strong></span> <span class='ocrx_word' id='word_1_311' title='bbox 1785 2485 1924 2542; x_wconf 90' lang='lat' dir='ltr'><strong>alius</strong></span> <span class='ocrx_word' id='word_1_312' title='bbox 1951 2487 2054 2542; x_wconf 74' lang='lat' dir='ltr'><strong>lia-</strong></span> 
     </span>
    </p>
   </div>
   <div class='ocr_carea' id='block_1_44' title="bbox 480 2574 2050 2646">
    <p class='ocr_par' dir='ltr' id='par_1_44' title="bbox 480 2574 2050 2646">
     <span class='ocr_line' id='line_1_44' title="bbox 480 2574 2050 2646; baseline 0.002 -16"><span class='ocrx_word' id='word_1_313' title='bbox 480 2591 607 2646; x_wconf 88' lang='lat' dir='ltr'><strong>gua,</strong></span> <span class='ocrx_word' id='word_1_314' title='bbox 651 2575 790 2631; x_wconf 89' lang='lat' dir='ltr'><strong>alius</strong></span> <span class='ocrx_word' id='word_1_315' title='bbox 823 2589 1036 2642; x_wconf 89' lang='lat' dir='ltr'><strong>manus,</strong></span> <span class='ocrx_word' id='word_1_316' title='bbox 1064 2574 1204 2630; x_wconf 86' lang='lat' dir='ltr'><strong>alius</strong></span> <span class='ocrx_word' id='word_1_317' title='bbox 1249 2574 1395 2630; x_wconf 90' lang='lat' dir='ltr'><strong>aliud</strong></span> <span class='ocrx_word' id='word_1_318' title='bbox 1437 2575 1714 2646; x_wconf 88' lang='lat' dir='ltr'><strong>quiddam.</strong></span> <span class='ocrx_word' id='word_1_319' title='bbox 1753 2577 1906 2633; x_wconf 85' lang='lat' dir='ltr'><strong>Alius</strong></span> <span class='ocrx_word' id='word_1_320' title='bbox 1953 2577 2050 2633; x_wconf 77' lang='lat' dir='ltr'><strong>ds-</strong></span> 
     </span>
    </p>
   </div>
   <div class='ocr_carea' id='block_1_45' title="bbox 479 2663 2051 2734">
    <p class='ocr_par' dir='ltr' id='par_1_45' title="bbox 479 2663 2051 2734">
     <span class='ocr_line' id='line_1_45' title="bbox 479 2663 2051 2734; baseline -0.001 -13"><span class='ocrx_word' id='word_1_321' title='bbox 479 2675 631 2730; x_wconf 87' lang='lat' dir='ltr'><strong>ceat,</strong></span> <span class='ocrx_word' id='word_1_322' title='bbox 681 2665 818 2720; x_wconf 87' lang='lat' dir='ltr'><strong>alius</strong></span> <span class='ocrx_word' id='word_1_323' title='bbox 865 2663 1070 2731; x_wconf 72' lang='lat' dir='ltr'><strong>discat;</strong></span> <span class='ocrx_word' id='word_1_324' title='bbox 1114 2663 1252 2718; x_wconf 91' lang='lat' dir='ltr'><strong>alius</strong></span> <span class='ocrx_word' id='word_1_325' title='bbox 1290 2666 1525 2734; x_wconf 81' lang='lat' dir='ltr'><strong>preprtis</strong></span> <span class='ocrx_word' id='word_1_326' title='bbox 1571 2665 1822 2722; x_wconf 90' lang='lat' dir='ltr'><strong>manibus</strong></span> <span class='ocrx_word' id='word_1_327' title='bbox 1851 2667 2051 2722; x_wconf 80' lang='lat' dir='ltr'><strong>bonum</strong></span> 
     </span>
    </p>
   </div>
   <div class='ocr_carea' id='block_1_46' title="bbox 481 2752 2051 2824">
    <p class='ocr_par' dir='ltr' id='par_1_46' title="bbox 481 2752 2051 2824">
     <span class='ocr_line' id='line_1_46' title="bbox 481 2752 2051 2824; baseline 0.001 -15"><span class='ocrx_word' id='word_1_328' title='bbox 481 2764 760 2824; x_wconf 86' lang='lat' dir='ltr'><strong>operetur,</strong></span> <span class='ocrx_word' id='word_1_329' title='bbox 797 2762 857 2808; x_wconf 91' lang='lat' dir='ltr'><strong>ut</strong></span> <span class='ocrx_word' id='word_1_330' title='bbox 881 2752 1078 2808; x_wconf 81' lang='lat' dir='ltr'><strong>habeat</strong></span> <span class='ocrx_word' id='word_1_331' title='bbox 1105 2755 1247 2823; x_wconf 88' lang='lat' dir='ltr'><strong>quod</strong></span> <span class='ocrx_word' id='word_1_332' title='bbox 1279 2753 1560 2823; x_wconf 79' lang='lat' dir='ltr'><strong>egentibus</strong></span> <span class='ocrx_word' id='word_1_333' title='bbox 1597 2754 1938 2824; x_wconf 84' lang='lat' dir='ltr'><strong>impcrtiatur</strong></span> <span class='ocrx_word' id='word_1_334' title='bbox 1966 2754 2010 2787; x_wconf 75' lang='grc' dir='ltr'>⁸ο</span> <span class='ocrx_word' id='word_1_335' title='bbox 2039 2774 2051 2810; x_wconf 92' lang='lat'>:</span> 
     </span>
    </p>
   </div>
   <div class='ocr_carea' id='block_1_47' title="bbox 480 2843 2055 2916">
    <p class='ocr_par' dir='ltr' id='par_1_47' title="bbox 480 2843 2055 2916">
     <span class='ocr_line' id='line_1_47' title="bbox 480 2843 2055 2916; baseline 0.001 -16"><span class='ocrx_word' id='word_1_336' title='bbox 480 2845 622 2902; x_wconf 87' lang='lat' dir='ltr'><strong>alius</strong></span> <span class='ocrx_word' id='word_1_337' title='bbox 664 2846 847 2916; x_wconf 66' lang='lat' dir='ltr'><strong>praesit</strong></span> <span class='ocrx_word' id='word_1_338' title='bbox 888 2861 953 2901; x_wconf 92' lang='lat' dir='ltr'><strong>ac</strong></span> <span class='ocrx_word' id='word_1_339' title='bbox 991 2845 1196 2916; x_wconf 88' lang='lat' dir='ltr'><strong>plebem</strong></span> <span class='ocrx_word' id='word_1_340' title='bbox 1242 2843 1550 2905; x_wconf 88' lang='lat' dir='ltr'><strong>moderetur</strong></span> <span class='ocrx_word' id='word_1_341' title='bbox 1587 2863 1601 2900; x_wconf 91' lang='lat'><strong>:</strong></span> <span class='ocrx_word' id='word_1_342' title='bbox 1655 2846 1793 2901; x_wconf 91' lang='lat' dir='ltr'><strong>alius</strong></span> <span class='ocrx_word' id='word_1_343' title='bbox 1830 2846 2055 2914; x_wconf 65' lang='lat' dir='ltr'><strong>iustitiae</strong></span> 
     </span>
    </p>
   </div>
   <div class='ocr_carea' id='block_1_48' title="bbox 479 2937 2050 3008">
    <p class='ocr_par' dir='ltr' id='par_1_48' title="bbox 479 2937 2050 3008">
     <span class='ocr_line' id='line_1_48' title="bbox 479 2937 2050 3008; baseline -0.001 -17"><span class='ocrx_word' id='word_1_344' title='bbox 479 2937 696 2992; x_wconf 86' lang='lat' dir='ltr'><strong>laudem</strong></span> <span class='ocrx_word' id='word_1_345' title='bbox 729 2952 826 3008; x_wconf 91' lang='lat' dir='ltr'><strong>per</strong></span> <span class='ocrx_word' id='word_1_346' title='bbox 849 2937 1210 2992; x_wconf 88' lang='lat' dir='ltr'><strong>ministerium</strong></span> <span class='ocrx_word' id='word_1_347' title='bbox 1245 2945 1628 3006; x_wconf 87' lang='lat' dir='ltr'><strong>consequatur.</strong></span> <span class='ocrx_word' id='word_1_348' title='bbox 1655 2937 1756 3004; x_wconf 89' lang='lat' dir='ltr'><strong>Qui</strong></span> <span class='ocrx_word' id='word_1_349' title='bbox 1786 2939 1965 3002; x_wconf 83' lang='lat' dir='ltr'><strong>docet,</strong></span> <span class='ocrx_word' id='word_1_350' title='bbox 1997 2940 2050 2991; x_wconf 90' lang='lat' dir='ltr'><strong>in</strong></span> 
     </span>
    </p>
   </div>
   <div class='ocr_carea' id='block_1_49' title="bbox 2233 2389 3742 2467">
    <p class='ocr_par' dir='ltr' id='par_1_49' title="bbox 2233 2389 3742 2467">
     <span class='ocr_line' id='line_1_49' title="bbox 2233 2389 3742 2467; baseline -0.007 -16"><span class='ocrx_word' id='word_1_351' title='bbox 2233 2398 2329 2451; x_wconf 88' lang='lat' dir='ltr'><strong>lB&#39;.</strong></span> <span class='ocrx_word' id='word_1_352' title='bbox 2372 2395 2588 2467; x_wconf 84' lang='grc' dir='ltr'><strong>Ταύτην</strong></span> <span class='ocrx_word' id='word_1_353' title='bbox 2619 2391 2901 2464; x_wconf 82' lang='grc' dir='ltr'><em>αἰδώμεθα</em></span> <span class='ocrx_word' id='word_1_354' title='bbox 2928 2392 3028 2463; x_wconf 83' lang='grc' dir='ltr'><em>τὴν</em></span> <span class='ocrx_word' id='word_1_355' title='bbox 3062 2391 3240 2457; x_wconf 80' lang='grc' dir='ltr'><em>τάξιν,</em></span> <span class='ocrx_word' id='word_1_356' title='bbox 3266 2389 3506 2459; x_wconf 71' lang='grc' dir='ltr'><em>ἀδελφοὶ,</em></span> <span class='ocrx_word' id='word_1_357' title='bbox 3533 2390 3742 2460; x_wconf 72' lang='grc' dir='ltr'><em>ταύτην</em></span> 
     </span>
    </p>
   </div>
   <div class='ocr_carea' id='block_1_50' title="bbox 2161 2479 3741 2558">
    <p class='ocr_par' dir='ltr' id='par_1_50' title="bbox 2161 2479 3741 2558">
     <span class='ocr_line' id='line_1_50' title="bbox 2161 2479 3741 2558; baseline -0.006 -18"><span class='ocrx_word' id='word_1_358' title='bbox 2161 2489 2539 2558; x_wconf 76' lang='grc' dir='ltr'><strong>φυλάττωμεν.</strong></span> <span class='ocrx_word' id='word_1_359' title='bbox 2585 2486 2643 2539; x_wconf 86' lang='grc' dir='ltr'>Ὀ</span> <span class='ocrx_word' id='word_1_360' title='bbox 2672 2485 2768 2555; x_wconf 86' lang='grc' dir='ltr'><em>μὲν</em></span> <span class='ocrx_word' id='word_1_361' title='bbox 2804 2483 2944 2537; x_wconf 75' lang='grc' dir='ltr'><em>ἔστω</em></span> <span class='ocrx_word' id='word_1_362' title='bbox 2967 2499 3052 2545; x_wconf 88' lang='grc' dir='ltr'><strong>τις</strong></span> <span class='ocrx_word' id='word_1_363' title='bbox 3083 2481 3243 2552; x_wconf 82' lang='grc' dir='ltr'><em>ἀκοὴ.</em></span> <span class='ocrx_word' id='word_1_364' title='bbox 3269 2481 3300 2533; x_wconf 98' lang='lat'><strong>6</strong></span> <span class='ocrx_word' id='word_1_365' title='bbox 3335 2480 3390 2532; x_wconf 85' lang='grc' dir='ltr'><em>δὲ</em></span> <span class='ocrx_word' id='word_1_366' title='bbox 3436 2479 3672 2548; x_wconf 82' lang='grc' dir='ltr'><em>γλῶττα,</em></span> <span class='ocrx_word' id='word_1_367' title='bbox 3708 2479 3741 2531; x_wconf 88' lang='lat'><strong>6</strong></span> 
     </span>
    </p>
   </div>
   <div class='ocr_carea' id='block_1_51' title="bbox 2161 2569 3736 2649">
    <p class='ocr_par' dir='ltr' id='par_1_51' title="bbox 2161 2569 3736 2649">
     <span class='ocr_line' id='line_1_51' title="bbox 2161 2569 3736 2649; baseline -0.008 -17"><span class='ocrx_word' id='word_1_368' title='bbox 2161 2579 2217 2632; x_wconf 80' lang='grc' dir='ltr'><em>δὲ</em></span> <span class='ocrx_word' id='word_1_369' title='bbox 2249 2579 2390 2649; x_wconf 76' lang='grc' dir='ltr'><em>χεὶρ,</em></span> <span class='ocrx_word' id='word_1_370' title='bbox 2414 2578 2442 2629; x_wconf 91' lang='grc' dir='ltr'><strong>ό</strong></span> <span class='ocrx_word' id='word_1_371' title='bbox 2463 2575 2518 2630; x_wconf 81' lang='grc' dir='ltr'><em>δὲ</em></span> <span class='ocrx_word' id='word_1_372' title='bbox 2546 2574 2674 2628; x_wconf 83' lang='grc' dir='ltr'><em>ἄλλο</em></span> <span class='ocrx_word' id='word_1_373' title='bbox 2695 2592 2746 2626; x_wconf 90' lang='grc' dir='ltr'><strong>τι</strong></span> <span class='ocrx_word' id='word_1_374' title='bbox 2771 2572 2976 2626; x_wconf 91' lang='grc' dir='ltr'><em>τούτων</em></span> <span class='ocrx_word' id='word_1_375' title='bbox 3001 2571 3132 2641; x_wconf 88' lang='lat'><strong>(69).</strong></span> <span class='ocrx_word' id='word_1_376' title='bbox 3176 2571 3234 2623; x_wconf 81' lang='lat'><strong>&#39;0</strong></span> <span class='ocrx_word' id='word_1_377' title='bbox 3275 2570 3376 2641; x_wconf 81' lang='grc' dir='ltr'><em>μὲν</em></span> <span class='ocrx_word' id='word_1_378' title='bbox 3411 2569 3736 2633; x_wconf 75' lang='grc' dir='ltr'><em>διδασκέτω,</em></span> 
     </span>
    </p>
   </div>
   <div class='ocr_carea' id='block_1_52' title="bbox 2155 2661 3742 2739">
    <p class='ocr_par' dir='ltr' id='par_1_52' title="bbox 2155 2661 3742 2739">
     <span class='ocr_line' id='line_1_52' title="bbox 2155 2661 3742 2739; baseline -0.006 -17"><span class='ocrx_word' id='word_1_379' title='bbox 2155 2672 2184 2723; x_wconf 86' lang='grc' dir='ltr'><strong>ὁ</strong></span> <span class='ocrx_word' id='word_1_380' title='bbox 2249 2669 2306 2722; x_wconf 84' lang='grc' dir='ltr'><em>δὲ</em></span> <span class='ocrx_word' id='word_1_381' title='bbox 2359 2665 2712 2739; x_wconf 84' lang='grc' dir='ltr'><em>μανθανέτω·</em></span> <span class='ocrx_word' id='word_1_382' title='bbox 2745 2667 2774 2718; x_wconf 91' lang='lat'><strong>6</strong></span> <span class='ocrx_word' id='word_1_383' title='bbox 2819 2663 2876 2717; x_wconf 85' lang='grc' dir='ltr'><em>δὲ</em></span> <span class='ocrx_word' id='word_1_384' title='bbox 2917 2661 3235 2734; x_wconf 82' lang='grc' dir='ltr'><em>ὲργαζέσθω</em></span> <span class='ocrx_word' id='word_1_385' title='bbox 3279 2662 3340 2715; x_wconf 91' lang='grc' dir='ltr'><em>τὸ</em></span> <span class='ocrx_word' id='word_1_386' title='bbox 3382 2661 3582 2730; x_wconf 75' lang='grc' dir='ltr'><em>ἀγαθὸν</em></span> <span class='ocrx_word' id='word_1_387' title='bbox 3619 2664 3742 2724; x_wconf 88' lang='grc' dir='ltr'><em>ταῖς</em></span> 
     </span>
    </p>
   </div>
   <div class='ocr_carea' id='block_1_53' title="bbox 2159 2751 3742 2832">
    <p class='ocr_par' dir='ltr' id='par_1_53' title="bbox 2159 2751 3742 2832">
     <span class='ocr_line' id='line_1_53' title="bbox 2159 2751 3742 2832; baseline -0.008 -18"><span class='ocrx_word' id='word_1_388' title='bbox 2159 2761 2316 2822; x_wconf 77' lang='grc' dir='ltr'><em>ἰδίαις</em></span> <span class='ocrx_word' id='word_1_389' title='bbox 2338 2760 2523 2832; x_wconf 71' lang='grc' dir='ltr'><em>χερσὶν</em></span> <span class='ocrx_word' id='word_1_390' title='bbox 2572 2759 2652 2821; x_wconf 81' lang='grc' dir='ltr'><strong>είς</strong></span> <span class='ocrx_word' id='word_1_391' title='bbox 2699 2754 2986 2827; x_wconf 82' lang='grc' dir='ltr'><em>μετάδοσιν</em></span> <span class='ocrx_word' id='word_1_392' title='bbox 3039 2752 3133 2807; x_wconf 78' lang='grc' dir='ltr'><em>τοῦ</em></span> <span class='ocrx_word' id='word_1_393' title='bbox 3161 2752 3418 2824; x_wconf 82' lang='grc' dir='ltr'><em>δεομένου</em></span> <span class='ocrx_word' id='word_1_394' title='bbox 3461 2753 3557 2805; x_wconf 72' lang='grc' dir='ltr'><em>καὶ</em></span> <span class='ocrx_word' id='word_1_395' title='bbox 3603 2751 3742 2822; x_wconf 80' lang='grc' dir='ltr'><em>χρῄ-</em></span> 
     </span>
    </p>
   </div>
   <div class='ocr_carea' id='block_1_54' title="bbox 2167 2843 3746 2922">
    <p class='ocr_par' dir='ltr' id='par_1_54' title="bbox 2167 2843 3746 2922">
     <span class='ocr_line' id='line_1_54' title="bbox 2167 2843 3746 2922; baseline -0.006 -16"><span class='ocrx_word' id='word_1_396' title='bbox 2167 2851 2372 2917; x_wconf 82' lang='grc' dir='ltr'><em>ζοντος.</em></span> <span class='ocrx_word' id='word_1_397' title='bbox 2423 2852 2479 2903; x_wconf 89' lang='lat'><strong>&#39;0</strong></span> <span class='ocrx_word' id='word_1_398' title='bbox 2512 2851 2612 2922; x_wconf 79' lang='grc' dir='ltr'><em>μὲν</em></span> <span class='ocrx_word' id='word_1_399' title='bbox 2653 2848 2873 2920; x_wconf 85' lang='grc' dir='ltr'><em>ἀρχέτω</em></span> <span class='ocrx_word' id='word_1_400' title='bbox 2902 2847 2998 2902; x_wconf 73' lang='grc' dir='ltr'><strong>καὶ</strong></span> <span class='ocrx_word' id='word_1_401' title='bbox 3034 2845 3451 2918; x_wconf 76' lang='grc' dir='ltr'><em>προϐεϐλήσθω·</em></span> <span class='ocrx_word' id='word_1_402' title='bbox 3497 2847 3525 2898; x_wconf 88' lang='grc' dir='ltr'>ὁ</span> <span class='ocrx_word' id='word_1_403' title='bbox 3551 2843 3634 2896; x_wconf 83' lang='grc' dir='ltr'><strong>-δὲ</strong></span> <span class='ocrx_word' id='word_1_404' title='bbox 3667 2843 3746 2896; x_wconf 89' lang='grc' dir='ltr'><em>δι-</em></span> 
     </span>
    </p>
   </div>
   <div class='ocr_carea' id='block_1_55' title="bbox 2160 2935 3745 3012">
    <p class='ocr_par' dir='ltr' id='par_1_55' title="bbox 2160 2935 3745 3012">
     <span class='ocr_line' id='line_1_55' title="bbox 2160 2935 3745 3012; baseline -0.008 -12"><span class='ocrx_word' id='word_1_405' title='bbox 2160 2944 2437 3002; x_wconf 90' lang='grc' dir='ltr'><em>καιούσθω</em></span> <span class='ocrx_word' id='word_1_406' title='bbox 2500 2942 2590 2996; x_wconf 74' lang='grc' dir='ltr'><em>διὰ</em></span> <span class='ocrx_word' id='word_1_407' title='bbox 2661 2942 2764 3012; x_wconf 85' lang='grc' dir='ltr'><em>τῆς</em></span> <span class='ocrx_word' id='word_1_408' title='bbox 2819 2939 3159 3010; x_wconf 77' lang='grc' dir='ltr'><strong>ὑπουργίας·</strong></span> <span class='ocrx_word' id='word_1_409' title='bbox 3224 2938 3320 2991; x_wconf 76' lang='grc' dir='ltr'><strong>καὶ</strong></span> <span class='ocrx_word' id='word_1_410' title='bbox 3384 2939 3413 2990; x_wconf 88' lang='lat'><strong>6</strong></span> <span class='ocrx_word' id='word_1_411' title='bbox 3478 2935 3745 2991; x_wconf 83' lang='grc' dir='ltr'><em>διδάσκων</em></span> 
     </span>
    </p>
   </div>
   <div class='ocr_carea' id='block_1_56' title="bbox 479 3025 2054 3108">
    <p class='ocr_par' dir='ltr' id='par_1_56' title="bbox 479 3027 2050 3099">
     <span class='ocr_line' id='line_1_56' title="bbox 479 3027 2050 3099; baseline -0.001 -15"><span class='ocrx_word' id='word_1_412' title='bbox 479 3029 744 3086; x_wconf 87' lang='lat' dir='ltr'><strong>modestia</strong></span> <span class='ocrx_word' id='word_1_413' title='bbox 789 3028 1001 3084; x_wconf 84' lang='lat' dir='ltr'><strong>doceat.</strong></span> <span class='ocrx_word' id='word_1_414' title='bbox 1043 3028 1328 3099; x_wconf 66' lang='lat' dir='ltr'><strong>Propheta:</strong></span> <span class='ocrx_word' id='word_1_415' title='bbox 1364 3030 1507 3083; x_wconf 91' lang='lat' dir='ltr'><strong>enim</strong></span> <span class='ocrx_word' id='word_1_416' title='bbox 1549 3027 1654 3082; x_wconf 92' lang='lat' dir='ltr'><strong>duo</strong></span> <span class='ocrx_word' id='word_1_417' title='bbox 1699 3037 1794 3082; x_wconf 91' lang='lat' dir='ltr'><strong>aut</strong></span> <span class='ocrx_word' id='word_1_418' title='bbox 1821 3036 1932 3094; x_wconf 84' lang='lat' dir='ltr'><strong>tres</strong></span> <span class='ocrx_word' id='word_1_419' title='bbox 1975 3028 2050 3083; x_wconf 90' lang='lat' dir='ltr'><strong>lo-</strong></span> 
     </span>
    </p>
   </div>
   <div class='ocr_carea' id='block_1_57' title="bbox 2161 3025 3743 3108">
    <p class='ocr_par' dir='ltr' id='par_1_57' title="bbox 2161 3028 3743 3108">
     <span class='ocr_line' id='line_1_57' title="bbox 2161 3028 3743 3108; baseline -0.008 -16"><span class='ocrx_word' id='word_1_420' title='bbox 2161 3039 2460 3108; x_wconf 66' lang='grc' dir='ltr'><strong>Ιἐγκόσμως.</strong></span> <span class='ocrx_word' id='word_1_421' title='bbox 2507 3034 2794 3106; x_wconf 80' lang='grc' dir='ltr'><strong>Προφῆται</strong></span> <span class='ocrx_word' id='word_1_422' title='bbox 2823 3032 2933 3104; x_wconf 81' lang='grc' dir='ltr'><em>γὰρ</em></span> <span class='ocrx_word' id='word_1_423' title='bbox 2981 3030 3135 3102; x_wconf 89' lang='grc' dir='ltr'><em>δύοῆ</em></span> <span class='ocrx_word' id='word_1_424' title='bbox 3181 3031 3332 3101; x_wconf 82' lang='grc' dir='ltr'><em>τρεῖς</em></span> <span class='ocrx_word' id='word_1_425' title='bbox 3379 3028 3743 3092; x_wconf 84' lang='grc' dir='ltr'><em>λαλείτωσαν,</em></span> 
     </span>
    </p>
   </div>
   <div class='ocr_carea' id='block_1_58' title="bbox 479 3117 2054 3188">
    <p class='ocr_par' dir='ltr' id='par_1_58' title="bbox 479 3117 2054 3188">
     <span class='ocr_line' id='line_1_58' title="bbox 479 3117 2054 3188; baseline 0.002 -17"><span class='ocrx_word' id='word_1_426' title='bbox 479 3130 735 3188; x_wconf 87' lang='lat' dir='ltr'><strong>quantur,</strong></span> <span class='ocrx_word' id='word_1_427' title='bbox 784 3118 942 3188; x_wconf 88' lang='lat' dir='ltr'><strong>idque</strong></span> <span class='ocrx_word' id='word_1_428' title='bbox 973 3118 1208 3173; x_wconf 85' lang='lat' dir='ltr'><strong>vicissim</strong></span> <span class='ocrx_word' id='word_1_429' title='bbox 1230 3157 1246 3184; x_wconf 91' lang='lat'><strong>,</strong></span> <span class='ocrx_word' id='word_1_430' title='bbox 1286 3127 1450 3188; x_wconf 90' lang='lat' dir='ltr'><strong>atque</strong></span> <span class='ocrx_word' id='word_1_431' title='bbox 1473 3133 1612 3173; x_wconf 88' lang='lat' dir='ltr'><strong>unus</strong></span> <span class='ocrx_word' id='word_1_432' title='bbox 1640 3117 2054 3188; x_wconf 83' lang='lat' dir='ltr'><strong>interpretetur.</strong></span> 
     </span>
    </p>
   </div>
   <div class='ocr_carea' id='block_1_59' title="bbox 481 3208 2056 3280">
    <p class='ocr_par' dir='ltr' id='par_1_59' title="bbox 481 3208 2056 3280">
     <span class='ocr_line' id='line_1_59' title="bbox 481 3208 2056 3280; baseline 0.001 -16"><span class='ocrx_word' id='word_1_433' title='bbox 481 3209 636 3277; x_wconf 88' lang='lat' dir='ltr'><strong>Quod</strong></span> <span class='ocrx_word' id='word_1_434' title='bbox 662 3210 708 3264; x_wconf 91' lang='lat' dir='ltr'><strong>si</strong></span> <span class='ocrx_word' id='word_1_435' title='bbox 748 3209 840 3265; x_wconf 90' lang='lat' dir='ltr'><strong>alii</strong></span> <span class='ocrx_word' id='word_1_436' title='bbox 876 3209 1175 3265; x_wconf 90' lang='lat' dir='ltr'><strong>revelatum</strong></span> <span class='ocrx_word' id='word_1_437' title='bbox 1211 3208 1408 3273; x_wconf 86' lang='lat' dir='ltr'><strong>fuerit,</strong></span> <span class='ocrx_word' id='word_1_438' title='bbox 1445 3209 1654 3280; x_wconf 91' lang='lat' dir='ltr'><strong>primus</strong></span> <span class='ocrx_word' id='word_1_439' title='bbox 1680 3208 1800 3264; x_wconf 88' lang='lat' dir='ltr'><strong>loco</strong></span> <span class='ocrx_word' id='word_1_440' title='bbox 1832 3212 1933 3280; x_wconf 92' lang='lat' dir='ltr'><strong>ipsi</strong></span> <span class='ocrx_word' id='word_1_441' title='bbox 1966 3225 2056 3265; x_wconf 88' lang='lat' dir='ltr'><strong>ce-</strong></span> 
     </span>
    </p>
   </div>
   <div class='ocr_carea' id='block_1_60' title="bbox 482 3300 2053 3370">
    <p class='ocr_par' dir='ltr' id='par_1_60' title="bbox 482 3300 2053 3370">
     <span class='ocr_line' id='line_1_60' title="bbox 482 3300 2053 3370; baseline -0.001 -13"><span class='ocrx_word' id='word_1_442' title='bbox 482 3305 576 3358; x_wconf 89' lang='lat' dir='ltr'><strong>dat</strong></span> <span class='ocrx_word' id='word_1_443' title='bbox 607 3301 674 3356; x_wconf 77' lang='lat'><strong>“.</strong></span> <span class='ocrx_word' id='word_1_444' title='bbox 705 3300 771 3356; x_wconf 88' lang='lat' dir='ltr'><strong>Et</strong></span> <span class='ocrx_word' id='word_1_445' title='bbox 795 3301 888 3370; x_wconf 87' lang='lat' dir='ltr'><strong>qui</strong></span> <span class='ocrx_word' id='word_1_446' title='bbox 918 3301 1109 3366; x_wconf 88' lang='lat' dir='ltr'><strong>discit,</strong></span> <span class='ocrx_word' id='word_1_447' title='bbox 1141 3301 1198 3356; x_wconf 92' lang='lat' dir='ltr'><strong>in</strong></span> <span class='ocrx_word' id='word_1_448' title='bbox 1235 3300 1540 3356; x_wconf 90' lang='lat' dir='ltr'><strong>obedientia</strong></span> <span class='ocrx_word' id='word_1_449' title='bbox 1573 3318 1589 3355; x_wconf 90' lang='lat'><strong>:</strong></span> <span class='ocrx_word' id='word_1_450' title='bbox 1625 3310 1681 3355; x_wconf 91' lang='lat' dir='ltr'><strong>et</strong></span> <span class='ocrx_word' id='word_1_451' title='bbox 1715 3302 1808 3370; x_wconf 89' lang='lat' dir='ltr'><strong>qui</strong></span> <span class='ocrx_word' id='word_1_452' title='bbox 1842 3302 2053 3368; x_wconf 81' lang='lat' dir='ltr'><strong>tribuit,</strong></span> 
     </span>
    </p>
   </div>
   <div class='ocr_carea' id='block_1_61' title="bbox 483 3392 2056 3463">
    <p class='ocr_par' dir='ltr' id='par_1_61' title="bbox 483 3392 2056 3463">
     <span class='ocr_line' id='line_1_61' title="bbox 483 3392 2056 3463; baseline 0.001 -15"><span class='ocrx_word' id='word_1_453' title='bbox 483 3394 538 3448; x_wconf 91' lang='lat' dir='ltr'><strong>in</strong></span> <span class='ocrx_word' id='word_1_454' title='bbox 573 3392 890 3450; x_wconf 81' lang='lat' dir='ltr'><strong>hilaritate:</strong></span> <span class='ocrx_word' id='word_1_455' title='bbox 925 3401 980 3449; x_wconf 92' lang='lat' dir='ltr'><strong>et</strong></span> <span class='ocrx_word' id='word_1_456' title='bbox 1021 3392 1114 3463; x_wconf 91' lang='lat' dir='ltr'><strong>qui</strong></span> <span class='ocrx_word' id='word_1_457' title='bbox 1145 3392 1446 3460; x_wconf 87' lang='lat' dir='ltr'><strong>ministrat,</strong></span> <span class='ocrx_word' id='word_1_458' title='bbox 1482 3393 1538 3448; x_wconf 90' lang='lat' dir='ltr'><strong>in</strong></span> <span class='ocrx_word' id='word_1_459' title='bbox 1563 3392 1847 3448; x_wconf 84' lang='lat' dir='ltr'><strong>alacritate</strong></span> <span class='ocrx_word' id='word_1_460' title='bbox 1872 3392 1941 3447; x_wconf 72' lang='lat'><strong>&quot;.</strong></span> <span class='ocrx_word' id='word_1_461' title='bbox 1979 3393 2056 3450; x_wconf 74' lang='lat' dir='ltr'><strong>Ne</strong></span> 
     </span>
    </p>
   </div>
   <div class='ocr_carea' id='block_1_62' title="bbox 481 3484 2059 3557">
    <p class='ocr_par' dir='ltr' id='par_1_62' title="bbox 481 3484 2059 3557">
     <span class='ocr_line' id='line_1_62' title="bbox 481 3484 2059 3557; baseline 0 -17"><span class='ocrx_word' id='word_1_462' title='bbox 481 3485 679 3557; x_wconf 68' lang='lat' dir='ltr'><strong>linguae</strong></span> <span class='ocrx_word' id='word_1_463' title='bbox 722 3500 980 3552; x_wconf 89' lang='lat' dir='ltr'><strong>munere,</strong></span> <span class='ocrx_word' id='word_1_464' title='bbox 1029 3485 1175 3554; x_wconf 92' lang='lat' dir='ltr'><strong>quod</strong></span> <span class='ocrx_word' id='word_1_465' title='bbox 1207 3484 1450 3540; x_wconf 90' lang='lat' dir='ltr'><strong>omnium</strong></span> <span class='ocrx_word' id='word_1_466' title='bbox 1494 3484 1960 3555; x_wconf 87' lang='lat' dir='ltr'><strong>promptissimum</strong></span> <span class='ocrx_word' id='word_1_467' title='bbox 2004 3494 2059 3540; x_wconf 86' lang='lat' dir='ltr'><strong>et</strong></span> 
     </span>
    </p>
   </div>
   <div class='ocr_carea' id='block_1_63' title="bbox 481 3575 2060 3648">
    <p class='ocr_par' dir='ltr' id='par_1_63' title="bbox 481 3575 2060 3648">
     <span class='ocr_line' id='line_1_63' title="bbox 481 3575 2060 3648; baseline -0.001 -13"><span class='ocrx_word' id='word_1_468' title='bbox 481 3579 891 3648; x_wconf 87' lang='lat' dir='ltr'><strong>paratissimum</strong></span> <span class='ocrx_word' id='word_1_469' title='bbox 947 3586 1068 3644; x_wconf 89' lang='lat' dir='ltr'><strong>est,</strong></span> <span class='ocrx_word' id='word_1_470' title='bbox 1113 3593 1302 3638; x_wconf 85' lang='lat' dir='ltr'><strong>omnes</strong></span> <span class='ocrx_word' id='word_1_471' title='bbox 1348 3577 1680 3648; x_wconf 77' lang='lat' dir='ltr'><strong>fungamur;</strong></span> <span class='ocrx_word' id='word_1_472' title='bbox 1740 3575 1906 3648; x_wconf 76' lang='lat'><strong>588</strong></span> <span class='ocrx_word' id='word_1_473' title='bbox 1960 3593 2060 3634; x_wconf 91' lang='lat' dir='ltr'><strong>nec</strong></span> 
     </span>
    </p>
   </div>
   <div class='ocr_carea' id='block_1_64' title="bbox 480 3669 2060 3740">
    <p class='ocr_par' dir='ltr' id='par_1_64' title="bbox 480 3669 2060 3740">
     <span class='ocr_line' id='line_1_64' title="bbox 480 3669 2060 3740; baseline -0.001 -14"><span class='ocrx_word' id='word_1_474' title='bbox 480 3685 676 3726; x_wconf 88' lang='lat' dir='ltr'><strong>omnes</strong></span> <span class='ocrx_word' id='word_1_475' title='bbox 713 3669 936 3740; x_wconf 86' lang='lat' dir='ltr'><strong>apostoli</strong></span> <span class='ocrx_word' id='word_1_476' title='bbox 971 3670 1183 3738; x_wconf 84' lang='lat' dir='ltr'><strong>simus,</strong></span> <span class='ocrx_word' id='word_1_477' title='bbox 1235 3685 1337 3724; x_wconf 88' lang='lat' dir='ltr'><strong>nec</strong></span> <span class='ocrx_word' id='word_1_478' title='bbox 1370 3683 1560 3724; x_wconf 90' lang='lat' dir='ltr'><strong>omnes</strong></span> <span class='ocrx_word' id='word_1_479' title='bbox 1601 3670 1878 3739; x_wconf 87' lang='lat' dir='ltr'><strong>prophetae</strong></span> <span class='ocrx_word' id='word_1_480' title='bbox 1915 3711 1929 3735; x_wconf 88' lang='lat'><strong>.</strong></span> <span class='ocrx_word' id='word_1_481' title='bbox 1960 3684 2060 3724; x_wconf 87' lang='lat' dir='ltr'><strong>nec</strong></span> 
     </span>
    </p>
   </div>
   <div class='ocr_carea' id='block_1_65' title="bbox 483 3759 2062 3830">
    <p class='ocr_par' dir='ltr' id='par_1_65' title="bbox 483 3759 2062 3830">
     <span class='ocr_line' id='line_1_65' title="bbox 483 3759 2062 3830; baseline 0.001 -14"><span class='ocrx_word' id='word_1_482' title='bbox 483 3776 675 3816; x_wconf 88' lang='lat' dir='ltr'><strong>omnes</strong></span> <span class='ocrx_word' id='word_1_483' title='bbox 709 3761 1033 3828; x_wconf 86' lang='lat' dir='ltr'><strong>interpretes</strong></span> <span class='ocrx_word' id='word_1_484' title='bbox 1055 3760 1124 3814; x_wconf 74' lang='lat'><strong>“.</strong></span> <span class='ocrx_word' id='word_1_485' title='bbox 1155 3759 1406 3830; x_wconf 84' lang='lat' dir='ltr'><strong>Ampium</strong></span> <span class='ocrx_word' id='word_1_486' title='bbox 1439 3770 1494 3815; x_wconf 93' lang='lat' dir='ltr'><strong>et</strong></span> <span class='ocrx_word' id='word_1_487' title='bbox 1538 3762 1856 3828; x_wconf 82' lang='lat' dir='ltr'><strong>praeclarum</strong></span> <span class='ocrx_word' id='word_1_488' title='bbox 1885 3770 1969 3816; x_wconf 90' lang='lat' dir='ltr'><strong>est</strong></span> <span class='ocrx_word' id='word_1_489' title='bbox 1995 3761 2062 3817; x_wconf 88' lang='lat' dir='ltr'><strong>de</strong></span> 
     </span>
    </p>
   </div>
   <div class='ocr_carea' id='block_1_66' title="bbox 485 3849 2062 3921">
    <p class='ocr_par' dir='ltr' id='par_1_66' title="bbox 485 3849 2062 3921">
     <span class='ocr_line' id='line_1_66' title="bbox 485 3849 2062 3921; baseline -0.001 -13"><span class='ocrx_word' id='word_1_490' title='bbox 485 3852 598 3908; x_wconf 87' lang='lat' dir='ltr'><strong>Deo</strong></span> <span class='ocrx_word' id='word_1_491' title='bbox 622 3850 790 3905; x_wconf 88' lang='lat' dir='ltr'><strong>verba</strong></span> <span class='ocrx_word' id='word_1_492' title='bbox 836 3849 1053 3905; x_wconf 81' lang='lat' dir='ltr'><strong>facere?</strong></span> <span class='ocrx_word' id='word_1_493' title='bbox 1100 3851 1170 3905; x_wconf 79' lang='lat' dir='ltr'><strong>At</strong></span> <span class='ocrx_word' id='word_1_494' title='bbox 1200 3850 1515 3921; x_wconf 66' lang='lat' dir='ltr'><strong>prmelarius</strong></span> <span class='ocrx_word' id='word_1_495' title='bbox 1553 3860 1638 3907; x_wconf 89' lang='lat' dir='ltr'><strong>est</strong></span> <span class='ocrx_word' id='word_1_496' title='bbox 1685 3852 1923 3921; x_wconf 88' lang='lat' dir='ltr'><strong>seipsum</strong></span> <span class='ocrx_word' id='word_1_497' title='bbox 1955 3853 2062 3906; x_wconf 86' lang='lat' dir='ltr'><strong>Deo</strong></span> 
     </span>
    </p>
   </div>
   <div class='ocr_carea' id='block_1_67' title="bbox 482 3940 2060 4012">
    <p class='ocr_par' dir='ltr' id='par_1_67' title="bbox 482 3940 2060 4012">
     <span class='ocr_line' id='line_1_67' title="bbox 482 3940 2060 4012; baseline 0 -16"><span class='ocrx_word' id='word_1_498' title='bbox 482 3956 754 4012; x_wconf 84' lang='lat' dir='ltr'><strong>purgare;</strong></span> <span class='ocrx_word' id='word_1_499' title='bbox 781 3941 1037 4011; x_wconf 88' lang='lat' dir='ltr'><strong>quoniam</strong></span> <span class='ocrx_word' id='word_1_500' title='bbox 1083 3940 1137 3996; x_wconf 92' lang='lat' dir='ltr'><strong>in</strong></span> <span class='ocrx_word' id='word_1_501' title='bbox 1189 3941 1506 3998; x_wconf 89' lang='lat' dir='ltr'><strong>malevolam</strong></span> <span class='ocrx_word' id='word_1_502' title='bbox 1555 3943 1790 3998; x_wconf 90' lang='lat' dir='ltr'><strong>animam</strong></span> <span class='ocrx_word' id='word_1_503' title='bbox 1834 3957 1939 3998; x_wconf 92' lang='lat' dir='ltr'><strong>nou</strong></span> <span class='ocrx_word' id='word_1_504' title='bbox 1975 3943 2060 3997; x_wconf 89' lang='lat' dir='ltr'><strong>in-</strong></span> 
     </span>
    </p>
   </div>
   <div class='ocr_carea' id='block_1_68' title="bbox 485 4031 2059 4102">
    <p class='ocr_par' dir='ltr' id='par_1_68' title="bbox 485 4031 2059 4102">
     <span class='ocr_line' id='line_1_68' title="bbox 485 4031 2059 4102; baseline 0.002 -15"><span class='ocrx_word' id='word_1_505' title='bbox 485 4031 674 4087; x_wconf 87' lang='lat' dir='ltr'><strong>troibit</strong></span> <span class='ocrx_word' id='word_1_506' title='bbox 699 4031 962 4101; x_wconf 87' lang='lat' dir='ltr'><strong>sapientia</strong></span> <span class='ocrx_word' id='word_1_507' title='bbox 987 4031 1052 4085; x_wconf 72' lang='lat'><strong>“.</strong></span> <span class='ocrx_word' id='word_1_508' title='bbox 1086 4032 1260 4102; x_wconf 84' lang='lat' dir='ltr'><strong>Atque</strong></span> <span class='ocrx_word' id='word_1_509' title='bbox 1285 4031 1352 4086; x_wconf 90' lang='lat' dir='ltr'><strong>ad</strong></span> <span class='ocrx_word' id='word_1_510' title='bbox 1377 4033 1640 4101; x_wconf 88' lang='lat' dir='ltr'><strong>justitiam</strong></span> <span class='ocrx_word' id='word_1_511' title='bbox 1675 4032 1969 4099; x_wconf 89' lang='lat' dir='ltr'><strong>seminare,</strong></span> <span class='ocrx_word' id='word_1_512' title='bbox 2004 4044 2059 4090; x_wconf 92' lang='lat' dir='ltr'><strong>et</strong></span> 
     </span>
    </p>
   </div>
   <div class='ocr_carea' id='block_1_69' title="bbox 485 4123 2066 4193">
    <p class='ocr_par' dir='ltr' id='par_1_69' title="bbox 485 4123 2066 4193">
     <span class='ocr_line' id='line_1_69' title="bbox 485 4123 2066 4193; baseline 0.004 -17"><span class='ocrx_word' id='word_1_513' title='bbox 485 4126 610 4180; x_wconf 72' lang='lat' dir='ltr'><strong>vita:</strong></span> <span class='ocrx_word' id='word_1_514' title='bbox 634 4124 868 4180; x_wconf 80' lang='lat' dir='ltr'><strong>fructum</strong></span> <span class='ocrx_word' id='word_1_515' title='bbox 893 4135 1096 4181; x_wconf 87' lang='lat' dir='ltr'><strong>metere</strong></span> <span class='ocrx_word' id='word_1_516' title='bbox 1115 4123 1372 4193; x_wconf 78' lang='lat' dir='ltr'><strong>iubemur</strong></span> <span class='ocrx_word' id='word_1_517' title='bbox 1392 4123 1463 4190; x_wconf 72' lang='grc'><strong>⁸⁵,</strong></span> <span class='ocrx_word' id='word_1_518' title='bbox 1489 4133 1546 4180; x_wconf 86' lang='lat' dir='ltr'><strong>ut</strong></span> <span class='ocrx_word' id='word_1_519' title='bbox 1572 4127 1814 4182; x_wconf 84' lang='lat' dir='ltr'><strong>scientiae</strong></span> <span class='ocrx_word' id='word_1_520' title='bbox 1861 4127 2066 4182; x_wconf 90' lang='lat' dir='ltr'><strong>lumine</strong></span> 
     </span>
    </p>
   </div>
   <div class='ocr_carea' id='block_1_70' title="bbox 486 4215 2062 4289">
    <p class='ocr_par' dir='ltr' id='par_1_70' title="bbox 486 4215 2062 4289">
     <span class='ocr_line' id='line_1_70' title="bbox 486 4215 2062 4289; baseline -0.001 -16"><span class='ocrx_word' id='word_1_521' title='bbox 486 4215 900 4288; x_wconf 80' lang='lat' dir='ltr'><strong>perfundamur.</strong></span> <span class='ocrx_word' id='word_1_522' title='bbox 926 4216 1006 4272; x_wconf 80' lang='lat' dir='ltr'><strong>Ac</strong></span> <span class='ocrx_word' id='word_1_523' title='bbox 1034 4216 1234 4272; x_wconf 89' lang='lat' dir='ltr'><strong>Paulus</strong></span> <span class='ocrx_word' id='word_1_524' title='bbox 1257 4215 1371 4284; x_wconf 88' lang='lat' dir='ltr'><strong>ipse</strong></span> <span class='ocrx_word' id='word_1_525' title='bbox 1399 4231 1497 4272; x_wconf 93' lang='lat' dir='ltr'><strong>nos</strong></span> <span class='ocrx_word' id='word_1_526' title='bbox 1527 4233 1621 4289; x_wconf 89' lang='lat' dir='ltr'><strong>per</strong></span> <span class='ocrx_word' id='word_1_527' title='bbox 1664 4217 1878 4274; x_wconf 92' lang='lat' dir='ltr'><strong>Domini</strong></span> <span class='ocrx_word' id='word_1_528' title='bbox 1911 4233 2062 4272; x_wconf 90' lang='lat' dir='ltr'><strong>amo-</strong></span> 
     </span>
    </p>
   </div>
   <div class='ocr_carea' id='block_1_71' title="bbox 487 4309 2064 4392">
    <p class='ocr_par' dir='ltr' id='par_1_71' title="bbox 487 4309 2064 4392">
     <span class='ocr_line' id='line_1_71' title="bbox 487 4309 2064 4392; baseline 0.001 -28"><span class='ocrx_word' id='word_1_529' title='bbox 487 4324 601 4364; x_wconf 89' lang='lat' dir='ltr'><strong>rem</strong></span> <span class='ocrx_word' id='word_1_530' title='bbox 629 4309 676 4340; x_wconf 77' lang='lat'>&quot;</span> <span class='ocrx_word' id='word_1_531' title='bbox 722 4325 751 4362; x_wconf 93' lang='lat' dir='ltr'><strong>a</strong></span> <span class='ocrx_word' id='word_1_532' title='bbox 795 4309 1022 4365; x_wconf 88' lang='lat' dir='ltr'><strong>Domino</strong></span> <span class='ocrx_word' id='word_1_533' title='bbox 1073 4309 1330 4380; x_wconf 82' lang='lat' dir='ltr'><strong>cognosci</strong></span> <span class='ocrx_word' id='word_1_534' title='bbox 1372 4310 1523 4377; x_wconf 89' lang='lat' dir='ltr'><strong>vult,</strong></span> <span class='ocrx_word' id='word_1_535' title='bbox 1560 4325 1657 4392; x_wconf 74' lang='lat' dir='ltr'><strong>per</strong></span> <span class='ocrx_word' id='word_1_536' title='bbox 1701 4310 2064 4379; x_wconf 90' lang='lat' dir='ltr'><strong>cognitionem</strong></span> 
     </span>
    </p>
   </div>
   <div class='ocr_carea' id='block_1_72' title="bbox 487 4402 2063 4474">
    <p class='ocr_par' dir='ltr' id='par_1_72' title="bbox 487 4402 2063 4474">
     <span class='ocr_line' id='line_1_72' title="bbox 487 4402 2063 4474; baseline 0.001 -18"><span class='ocrx_word' id='word_1_537' title='bbox 487 4408 667 4456; x_wconf 87' lang='lat' dir='ltr'><strong>autem</strong></span> <span class='ocrx_word' id='word_1_538' title='bbox 696 4402 876 4458; x_wconf 89' lang='lat' dir='ltr'><strong>doceri</strong></span> <span class='ocrx_word' id='word_1_539' title='bbox 907 4421 920 4457; x_wconf 92' lang='lat'>:</span> <span class='ocrx_word' id='word_1_540' title='bbox 951 4409 1110 4473; x_wconf 87' lang='lat' dir='ltr'><strong>atque</strong></span> <span class='ocrx_word' id='word_1_541' title='bbox 1132 4405 1271 4458; x_wconf 88' lang='lat' dir='ltr'><strong>hanc</strong></span> <span class='ocrx_word' id='word_1_542' title='bbox 1293 4404 1360 4458; x_wconf 91' lang='lat' dir='ltr'><strong>ad</strong></span> <span class='ocrx_word' id='word_1_543' title='bbox 1378 4405 1738 4474; x_wconf 84' lang='lat' dir='ltr'><strong>cognitionem</strong></span> <span class='ocrx_word' id='word_1_544' title='bbox 1761 4403 1926 4468; x_wconf 89' lang='lat' dir='ltr'><strong>viam,</strong></span> <span class='ocrx_word' id='word_1_545' title='bbox 1953 4415 2063 4457; x_wconf 59' lang='lat' dir='ltr'><strong>mea</strong></span> 
     </span>
    </p>
   </div>
   <div class='ocr_carea' id='block_1_73' title="bbox 485 4497 2069 4570">
    <p class='ocr_par' dir='ltr' id='par_1_73' title="bbox 485 4497 2069 4570">
     <span class='ocr_line' id='line_1_73' title="bbox 485 4497 2069 4570; baseline -0.001 -16"><span class='ocrx_word' id='word_1_546' title='bbox 485 4497 676 4556; x_wconf 86' lang='lat' dir='ltr'><strong>liorem</strong></span> <span class='ocrx_word' id='word_1_547' title='bbox 701 4512 819 4554; x_wconf 85' lang='lat' dir='ltr'><strong>esse</strong></span> <span class='ocrx_word' id='word_1_548' title='bbox 842 4509 1042 4564; x_wconf 85' lang='lat' dir='ltr'><strong>censet,</strong></span> <span class='ocrx_word' id='word_1_549' title='bbox 1066 4514 1226 4569; x_wconf 88' lang='lat' dir='ltr'><strong>quam</strong></span> <span class='ocrx_word' id='word_1_550' title='bbox 1257 4498 1564 4570; x_wconf 80' lang='lat' dir='ltr'><strong>Opinionem</strong></span> <span class='ocrx_word' id='word_1_551' title='bbox 1595 4514 1736 4566; x_wconf 86' lang='lat' dir='ltr'><strong>eam,</strong></span> <span class='ocrx_word' id='word_1_552' title='bbox 1757 4515 1876 4569; x_wconf 83' lang='lat' dir='ltr'><strong>quae</strong></span> <span class='ocrx_word' id='word_1_553' title='bbox 1900 4498 2069 4555; x_wconf 84' lang='lat' dir='ltr'><strong>inﬂat.</strong></span> 
     </span>
    </p>
   </div>
   <div class='ocr_carea' id='block_1_74' title="bbox 2156 3117 3748 3197">
    <p class='ocr_par' dir='ltr' id='par_1_74' title="bbox 2156 3117 3748 3197">
     <span class='ocr_line' id='line_1_74' title="bbox 2156 3117 3748 3197; baseline -0.009 -15"><span class='ocrx_word' id='word_1_554' title='bbox 2156 3129 2247 3182; x_wconf 76' lang='grc' dir='ltr'><em>κα).</em></span> <span class='ocrx_word' id='word_1_555' title='bbox 2267 3126 2370 3181; x_wconf 80' lang='grc' dir='ltr'><em>ἀνά</em></span> <span class='ocrx_word' id='word_1_556' title='bbox 2399 3125 2582 3197; x_wconf 81' lang='grc' dir='ltr'><em>μέρος,</em></span> <span class='ocrx_word' id='word_1_557' title='bbox 2613 3123 2708 3176; x_wconf 79' lang='grc' dir='ltr'><strong>καὶ</strong></span> <span class='ocrx_word' id='word_1_558' title='bbox 2733 3117 2815 3186; x_wconf 74' lang='grc' dir='ltr'><em>εἷς</em></span> <span class='ocrx_word' id='word_1_559' title='bbox 2843 3119 3268 3193; x_wconf 89' lang='grc' dir='ltr'><em>διερμηνευέτω.</em></span> <span class='ocrx_word' id='word_1_560' title='bbox 3305 3117 3496 3170; x_wconf 80' lang='grc' dir='ltr'><strong>’Δλλου</strong></span> <span class='ocrx_word' id='word_1_561' title='bbox 3526 3117 3584 3170; x_wconf 86' lang='grc' dir='ltr'><em>δὲ</em></span> <span class='ocrx_word' id='word_1_562' title='bbox 3613 3135 3748 3188; x_wconf 85' lang='grc' dir='ltr'><em>τρα-</em></span> 
     </span>
    </p>
   </div>
   <div class='ocr_carea' id='block_1_75' title="bbox 2157 3209 3746 3287">
    <p class='ocr_par' dir='ltr' id='par_1_75' title="bbox 2157 3209 3746 3287">
     <span class='ocr_line' id='line_1_75' title="bbox 2157 3209 3746 3287; baseline -0.006 -15"><span class='ocrx_word' id='word_1_563' title='bbox 2157 3219 2449 3280; x_wconf 85' lang='grc' dir='ltr'><em>νωθέντος,</em></span> <span class='ocrx_word' id='word_1_564' title='bbox 2483 3219 2511 3269; x_wconf 90' lang='lat'><strong>6</strong></span> <span class='ocrx_word' id='word_1_565' title='bbox 2544 3215 2760 3287; x_wconf 85' lang='grc' dir='ltr'><em>πρῶτος</em></span> <span class='ocrx_word' id='word_1_566' title='bbox 2800 3212 3176 3284; x_wconf 87' lang='grc' dir='ltr'><em>ὑποχωρείτω.</em></span> <span class='ocrx_word' id='word_1_567' title='bbox 3218 3211 3329 3264; x_wconf 81' lang='lat' dir='ltr'><strong>Kal</strong></span> <span class='ocrx_word' id='word_1_568' title='bbox 3366 3212 3394 3263; x_wconf 91' lang='lat'><strong>6</strong></span> <span class='ocrx_word' id='word_1_569' title='bbox 3435 3209 3746 3280; x_wconf 81' lang='grc' dir='ltr'><em>μανθάνων,</em></span> 
     </span>
    </p>
   </div>
   <div class='ocr_carea' id='block_1_76' title="bbox 2157 3298 3748 3378">
    <p class='ocr_par' dir='ltr' id='par_1_76' title="bbox 2157 3298 3748 3378">
     <span class='ocr_line' id='line_1_76' title="bbox 2157 3298 3748 3378; baseline -0.006 -16"><span class='ocrx_word' id='word_1_570' title='bbox 2157 3312 2214 3364; x_wconf 83' lang='grc' dir='ltr'><strong>ὲν</strong></span> <span class='ocrx_word' id='word_1_571' title='bbox 2249 3307 2565 3378; x_wconf 73' lang='grc' dir='ltr'><em>εὐπειθείᾳ·</em></span> <span class='ocrx_word' id='word_1_572' title='bbox 2607 3306 2700 3360; x_wconf 79' lang='grc' dir='ltr'><em>καὶ</em></span> <span class='ocrx_word' id='word_1_573' title='bbox 2731 3307 2760 3362; x_wconf 92' lang='lat'><strong>6</strong></span> <span class='ocrx_word' id='word_1_574' title='bbox 2788 3303 3060 3376; x_wconf 83' lang='grc' dir='ltr'><strong>χορηγῶν,</strong></span> <span class='ocrx_word' id='word_1_575' title='bbox 3108 3303 3165 3356; x_wconf 85' lang='grc' dir='ltr'><strong>ὲν</strong></span> <span class='ocrx_word' id='word_1_576' title='bbox 3213 3299 3525 3372; x_wconf 81' lang='grc' dir='ltr'><em>ἱλαρότητι·</em></span> <span class='ocrx_word' id='word_1_577' title='bbox 3570 3298 3668 3352; x_wconf 69' lang='grc' dir='ltr'><strong>καὶ</strong></span> <span class='ocrx_word' id='word_1_578' title='bbox 3717 3299 3748 3352; x_wconf 87' lang='lat'><strong>6</strong></span> 
     </span>
    </p>
   </div>
   <div class='ocr_carea' id='block_1_77' title="bbox 2159 3385 3744 3474">
    <p class='ocr_par' dir='ltr' id='par_1_77' title="bbox 2159 3385 3744 3474">
     <span class='ocr_line' id='line_1_77' title="bbox 2159 3385 3744 3474; baseline -0.008 -20"><span class='ocrx_word' id='word_1_579' title='bbox 2159 3399 2468 3474; x_wconf 84' lang='grc' dir='ltr'><strong>ὑπουργῶν,</strong></span> <span class='ocrx_word' id='word_1_580' title='bbox 2499 3401 2556 3452; x_wconf 82' lang='grc' dir='ltr'><strong>ὲν</strong></span> <span class='ocrx_word' id='word_1_581' title='bbox 2587 3396 2888 3470; x_wconf 79' lang='grc' dir='ltr'><strong>προθυμίᾳ.</strong></span> <span class='ocrx_word' id='word_1_582' title='bbox 2937 3393 3030 3466; x_wconf 79' lang='grc' dir='ltr'><strong>Μὴ</strong></span> <span class='ocrx_word' id='word_1_583' title='bbox 3065 3393 3266 3456; x_wconf 90' lang='grc' dir='ltr'><em>πάντες</em></span> <span class='ocrx_word' id='word_1_584' title='bbox 3311 3385 3460 3462; x_wconf 80' lang='grc' dir='ltr'><em>ὦμεν</em></span> <span class='ocrx_word' id='word_1_585' title='bbox 3500 3389 3744 3460; x_wconf 85' lang='grc' dir='ltr'><em>γλῶσσα,</em></span> 
     </span>
    </p>
   </div>
   <div class='ocr_carea' id='block_1_78' title="bbox 2158 3483 3751 3564">
    <p class='ocr_par' dir='ltr' id='par_1_78' title="bbox 2158 3483 3751 3564">
     <span class='ocr_line' id='line_1_78' title="bbox 2158 3483 3751 3564; baseline -0.009 -16"><span class='ocrx_word' id='word_1_586' title='bbox 2158 3494 2217 3548; x_wconf 80' lang='grc' dir='ltr'><em>τὸ</em></span> <span class='ocrx_word' id='word_1_587' title='bbox 2262 3493 2641 3564; x_wconf 85' lang='grc' dir='ltr'><em>ἑτοιμότατον·</em></span> <span class='ocrx_word' id='word_1_588' title='bbox 2691 3490 2765 3562; x_wconf 84' lang='grc' dir='ltr'><em>μὴ</em></span> <span class='ocrx_word' id='word_1_589' title='bbox 2815 3489 3018 3551; x_wconf 85' lang='grc' dir='ltr'><em>πάντες</em></span> <span class='ocrx_word' id='word_1_590' title='bbox 3066 3484 3380 3548; x_wconf 82' lang='grc' dir='ltr'><em>ἀπόστολοι,</em></span> <span class='ocrx_word' id='word_1_591' title='bbox 3425 3483 3500 3556; x_wconf 78' lang='grc' dir='ltr'><em>μὴ</em></span> <span class='ocrx_word' id='word_1_592' title='bbox 3547 3484 3751 3546; x_wconf 86' lang='grc' dir='ltr'><em>πάντες</em></span> 
     </span>
    </p>
   </div>
   <div class='ocr_carea' id='block_1_79' title="bbox 2160 3575 3751 3658">
    <p class='ocr_par' dir='ltr' id='par_1_79' title="bbox 2160 3575 3751 3658">
     <span class='ocr_line' id='line_1_79' title="bbox 2160 3575 3751 3658; baseline -0.009 -18"><span class='ocrx_word' id='word_1_593' title='bbox 2160 3587 2460 3658; x_wconf 76' lang='grc' dir='ltr'><em>προφῆται,</em></span> <span class='ocrx_word' id='word_1_594' title='bbox 2492 3585 2568 3656; x_wconf 85' lang='grc' dir='ltr'><em>μὴ</em></span> <span class='ocrx_word' id='word_1_595' title='bbox 2599 3582 2802 3644; x_wconf 85' lang='grc' dir='ltr'><em>πάντες</em></span> <span class='ocrx_word' id='word_1_596' title='bbox 2837 3578 3302 3652; x_wconf 85' lang='grc' dir='ltr'><em>διερμηνεύωμεν.</em></span> <span class='ocrx_word' id='word_1_597' title='bbox 3330 3577 3489 3644; x_wconf 83' lang='grc' dir='ltr'><strong>Μέγα</strong></span> <span class='ocrx_word' id='word_1_598' title='bbox 3519 3576 3579 3628; x_wconf 84' lang='grc' dir='ltr'><em>τὸ</em></span> <span class='ocrx_word' id='word_1_599' title='bbox 3622 3575 3751 3646; x_wconf 67' lang='grc' dir='ltr'><em>περ).</em></span> 
     </span>
    </p>
   </div>
   <div class='ocr_carea' id='block_1_80' title="bbox 2160 3666 3750 3743">
    <p class='ocr_par' dir='ltr' id='par_1_80' title="bbox 2160 3666 3750 3743">
     <span class='ocr_line' id='line_1_80' title="bbox 2160 3666 3750 3743; baseline -0.008 -12"><span class='ocrx_word' id='word_1_600' title='bbox 2160 3676 2295 3730; x_wconf 78' lang='grc' dir='ltr'><strong>Θεοῦ</strong></span> <span class='ocrx_word' id='word_1_601' title='bbox 2345 3676 2566 3741; x_wconf 75' lang='grc' dir='ltr'><em>λαλεῖνς</em></span> <span class='ocrx_word' id='word_1_602' title='bbox 2619 3671 2779 3726; x_wconf 81' lang='grc' dir='ltr'><em>Ἀλλά</em></span> <span class='ocrx_word' id='word_1_603' title='bbox 2841 3671 3024 3743; x_wconf 80' lang='grc' dir='ltr'><em>μεῖζον</em></span> <span class='ocrx_word' id='word_1_604' title='bbox 3096 3669 3159 3722; x_wconf 81' lang='grc' dir='ltr'><em>τὸ</em></span> <span class='ocrx_word' id='word_1_605' title='bbox 3207 3667 3398 3722; x_wconf 82' lang='grc' dir='ltr'><em>ἑαυτὸν</em></span> <span class='ocrx_word' id='word_1_606' title='bbox 3459 3666 3750 3736; x_wconf 88' lang='grc' dir='ltr'><em>καθαίρειν</em></span> 
     </span>
    </p>
   </div>
   <div class='ocr_carea' id='block_1_81' title="bbox 2161 3758 3753 3840">
    <p class='ocr_par' dir='ltr' id='par_1_81' title="bbox 2161 3758 3753 3840">
     <span class='ocr_line' id='line_1_81' title="bbox 2161 3758 3753 3840; baseline -0.008 -18"><span class='ocrx_word' id='word_1_607' title='bbox 2161 3768 2299 3839; x_wconf 82' lang='grc' dir='ltr'><em>Θεῷ·</em></span> <span class='ocrx_word' id='word_1_608' title='bbox 2325 3767 2514 3840; x_wconf 75' lang='grc' dir='ltr'><em>ἐπειδὴ</em></span> <span class='ocrx_word' id='word_1_609' title='bbox 2565 3767 2646 3829; x_wconf 82' lang='grc' dir='ltr'><strong>είς</strong></span> <span class='ocrx_word' id='word_1_610' title='bbox 2691 3763 3014 3834; x_wconf 87' lang='grc' dir='ltr'><em>κακότεχνον</em></span> <span class='ocrx_word' id='word_1_611' title='bbox 3069 3761 3182 3832; x_wconf 88' lang='grc'>(70)</span> <span class='ocrx_word' id='word_1_612' title='bbox 3231 3758 3408 3830; x_wconf 79' lang='grc' dir='ltr'><em>ψυχὴν</em></span> <span class='ocrx_word' id='word_1_613' title='bbox 3439 3758 3604 3828; x_wconf 78' lang='grc' dir='ltr'>σοφία</span> <span class='ocrx_word' id='word_1_614' title='bbox 3647 3758 3753 3810; x_wconf 85' lang='grc' dir='ltr'><em>οὐκ</em></span> 
     </span>
    </p>
   </div>
   <div class='ocr_carea' id='block_1_82' title="bbox 2163 3847 3754 3924">
    <p class='ocr_par' dir='ltr' id='par_1_82' title="bbox 2163 3847 3754 3924">
     <span class='ocr_line' id='line_1_82' title="bbox 2163 3847 3754 3924; baseline -0.006 -16"><span class='ocrx_word' id='word_1_615' title='bbox 2163 3855 2547 3910; x_wconf 82' lang='grc' dir='ltr'><em>εἰσελεύσεται.</em></span> <span class='ocrx_word' id='word_1_616' title='bbox 2590 3855 2702 3908; x_wconf 72' lang='grc' dir='ltr'><strong>Καὶ</strong></span> <span class='ocrx_word' id='word_1_617' title='bbox 2732 3853 2978 3924; x_wconf 91' lang='grc' dir='ltr'><em>σπείρειν</em></span> <span class='ocrx_word' id='word_1_618' title='bbox 3011 3849 3418 3919; x_wconf 79' lang='grc' dir='ltr'><em>ἐκελεύσθημεν</em></span> <span class='ocrx_word' id='word_1_619' title='bbox 3444 3850 3522 3911; x_wconf 88' lang='grc' dir='ltr'><strong>είς</strong></span> <span class='ocrx_word' id='word_1_620' title='bbox 3547 3847 3754 3900; x_wconf 88' lang='grc' dir='ltr'><em>δικαιο-</em></span> 
     </span>
    </p>
   </div>
   <div class='ocr_carea' id='block_1_83' title="bbox 2166 3939 3752 4020">
    <p class='ocr_par' dir='ltr' id='par_1_83' title="bbox 2166 3939 3752 4020">
     <span class='ocr_line' id='line_1_83' title="bbox 2166 3939 3752 4020; baseline -0.009 -17"><span class='ocrx_word' id='word_1_621' title='bbox 2166 3949 2354 4020; x_wconf 80' lang='grc' dir='ltr'><em>σύνην,</em></span> <span class='ocrx_word' id='word_1_622' title='bbox 2381 3949 2478 4002; x_wconf 76' lang='grc' dir='ltr'><strong>κα)⁸</strong></span> <span class='ocrx_word' id='word_1_623' title='bbox 2507 3949 2712 4020; x_wconf 79' lang='grc' dir='ltr'><em>τρυγᾷν</em></span> <span class='ocrx_word' id='word_1_624' title='bbox 2755 3944 2970 4017; x_wconf 81' lang='grc' dir='ltr'><em>καρπὸν</em></span> <span class='ocrx_word' id='word_1_625' title='bbox 3003 3942 3172 4012; x_wconf 82' lang='grc' dir='ltr'><em>ζωῆς,</em></span> <span class='ocrx_word' id='word_1_626' title='bbox 3197 3942 3284 3995; x_wconf 82' lang='grc' dir='ltr'><strong>ἵνα</strong></span> <span class='ocrx_word' id='word_1_627' title='bbox 3309 3939 3420 4010; x_wconf 80' lang='grc'>(71)</span> <span class='ocrx_word' id='word_1_628' title='bbox 3450 3939 3546 3992; x_wconf 69' lang='grc' dir='ltr'><strong>καὶ</strong></span> <span class='ocrx_word' id='word_1_629' title='bbox 3577 3955 3752 4008; x_wconf 74' lang='grc' dir='ltr'><em>φωτι-</em></span> 
     </span>
    </p>
   </div>
   <div class='ocr_carea' id='block_1_84' title="bbox 2167 4029 3752 4114">
    <p class='ocr_par' dir='ltr' id='par_1_84' title="bbox 2167 4029 3752 4114">
     <span class='ocr_line' id='line_1_84' title="bbox 2167 4029 3752 4114; baseline -0.008 -19"><span class='ocrx_word' id='word_1_630' title='bbox 2167 4042 2380 4114; x_wconf 84' lang='grc' dir='ltr'><em>σθῶμεν</em></span> <span class='ocrx_word' id='word_1_631' title='bbox 2409 4041 2487 4112; x_wconf 85' lang='grc' dir='ltr'><em>τῷ</em></span> <span class='ocrx_word' id='word_1_632' title='bbox 2516 4042 2654 4110; x_wconf 74' lang='grc' dir='ltr'><em>φωτὶ</em></span> <span class='ocrx_word' id='word_1_633' title='bbox 2684 4039 2784 4109; x_wconf 82' lang='grc' dir='ltr'><em>τῆς</em></span> <span class='ocrx_word' id='word_1_634' title='bbox 2827 4035 3106 4106; x_wconf 85' lang='grc' dir='ltr'><em>γνώσεως.</em></span> <span class='ocrx_word' id='word_1_635' title='bbox 3138 4035 3249 4088; x_wconf 80' lang='lat' dir='ltr'><strong>Kal</strong></span> <span class='ocrx_word' id='word_1_636' title='bbox 3277 4031 3508 4094; x_wconf 80' lang='grc' dir='ltr'><strong>Παῦλος,</strong></span> <span class='ocrx_word' id='word_1_637' title='bbox 3537 4031 3626 4084; x_wconf 81' lang='grc' dir='ltr'><em>διὰ</em></span> <span class='ocrx_word' id='word_1_638' title='bbox 3656 4029 3752 4084; x_wconf 77' lang='grc' dir='ltr'><em>τοῦ</em></span> 
     </span>
    </p>
   </div>
   <div class='ocr_carea' id='block_1_85' title="bbox 2165 4121 3753 4206">
    <p class='ocr_par' dir='ltr' id='par_1_85' title="bbox 2165 4121 3753 4206">
     <span class='ocr_line' id='line_1_85' title="bbox 2165 4121 3753 4206; baseline -0.009 -18"><span class='ocrx_word' id='word_1_639' title='bbox 2165 4135 2383 4205; x_wconf 79' lang='grc' dir='ltr'><em>ἀγαπᾷν</em></span> <span class='ocrx_word' id='word_1_640' title='bbox 2424 4135 2573 4206; x_wconf 78' lang='grc' dir='ltr'><em>ἡμᾶς</em></span> <span class='ocrx_word' id='word_1_641' title='bbox 2612 4132 2704 4186; x_wconf 81' lang='grc' dir='ltr'><strong>τὸν</strong></span> <span class='ocrx_word' id='word_1_642' title='bbox 2739 4130 2967 4202; x_wconf 82' lang='grc' dir='ltr'><em>Κύριον,</em></span> <span class='ocrx_word' id='word_1_643' title='bbox 2998 4128 3102 4182; x_wconf 79' lang='grc' dir='ltr'><strong>ὑπὸ</strong></span> <span class='ocrx_word' id='word_1_644' title='bbox 3140 4126 3347 4199; x_wconf 81' lang='grc' dir='ltr'><strong>Κυρίου</strong></span> <span class='ocrx_word' id='word_1_645' title='bbox 3388 4121 3753 4194; x_wconf 84' lang='grc' dir='ltr'><em>γινώσκεσθαι</em></span> 
     </span>
    </p>
   </div>
   <div class='ocr_carea' id='block_1_86' title="bbox 2169 4215 3754 4295">
    <p class='ocr_par' dir='ltr' id='par_1_86' title="bbox 2169 4215 3754 4295">
     <span class='ocr_line' id='line_1_86' title="bbox 2169 4215 3754 4295; baseline -0.006 -17"><span class='ocrx_word' id='word_1_646' title='bbox 2169 4225 2446 4295; x_wconf 83' lang='grc' dir='ltr'><em>βούλεται,</em></span> <span class='ocrx_word' id='word_1_647' title='bbox 2494 4225 2583 4279; x_wconf 82' lang='grc' dir='ltr'><em>διὰ</em></span> <span class='ocrx_word' id='word_1_648' title='bbox 2615 4225 2671 4277; x_wconf 84' lang='grc' dir='ltr'><em>δὲ</em></span> <span class='ocrx_word' id='word_1_649' title='bbox 2698 4223 2792 4277; x_wconf 81' lang='grc' dir='ltr'><em>τοῦ</em></span> <span class='ocrx_word' id='word_1_650' title='bbox 2818 4219 3244 4292; x_wconf 84' lang='grc' dir='ltr'><em>γιγνώσκεσθαι,</em></span> <span class='ocrx_word' id='word_1_651' title='bbox 3287 4219 3348 4272; x_wconf 81' lang='grc' dir='ltr'><em>τὸ</em></span> <span class='ocrx_word' id='word_1_652' title='bbox 3376 4215 3754 4282; x_wconf 83' lang='grc' dir='ltr'><em>διδάσκεσθαι,</em></span> 
     </span>
    </p>
   </div>
   <div class='ocr_carea' id='block_1_87' title="bbox 2177 4307 3753 4388">
    <p class='ocr_par' dir='ltr' id='par_1_87' title="bbox 2177 4307 3753 4388">
     <span class='ocr_line' id='line_1_87' title="bbox 2177 4307 3753 4388; baseline -0.007 -18"><span class='ocrx_word' id='word_1_653' title='bbox 2177 4317 2270 4370; x_wconf 74' lang='grc' dir='ltr'><strong>καὶ</strong></span> <span class='ocrx_word' id='word_1_654' title='bbox 2303 4316 2508 4388; x_wconf 88' lang='grc' dir='ltr'><em>ταύτην</em></span> <span class='ocrx_word' id='word_1_655' title='bbox 2554 4316 2670 4369; x_wconf 83' lang='grc' dir='ltr'><em>ὁδὸν</em></span> <span class='ocrx_word' id='word_1_656' title='bbox 2705 4315 2953 4386; x_wconf 80' lang='grc' dir='ltr'><em>βελτίονα</em></span> <span class='ocrx_word' id='word_1_657' title='bbox 2993 4309 3132 4366; x_wconf 79' lang='grc' dir='ltr'><em>οῐδεν</em></span> <span class='ocrx_word' id='word_1_658' title='bbox 3160 4313 3242 4375; x_wconf 82' lang='grc' dir='ltr'><em>εἰς</em></span> <span class='ocrx_word' id='word_1_659' title='bbox 3273 4309 3494 4381; x_wconf 83' lang='grc' dir='ltr'><em>γνῶσιν,</em></span> <span class='ocrx_word' id='word_1_660' title='bbox 3521 4307 3623 4379; x_wconf 80' lang='grc' dir='ltr'><em>τῆς</em></span> <span class='ocrx_word' id='word_1_661' title='bbox 3652 4324 3753 4377; x_wconf 79' lang='grc' dir='ltr'><strong>φυ-</strong></span> 
     </span>
    </p>
   </div>
   <div class='ocr_carea' id='block_1_88' title="bbox 2175 4409 2677 4480">
    <p class='ocr_par' dir='ltr' id='par_1_88' title="bbox 2175 4409 2677 4480">
     <span class='ocr_line' id='line_1_88' title="bbox 2175 4409 2677 4480; baseline 0.008 -20"><span class='ocrx_word' id='word_1_662' title='bbox 2175 4409 2394 4480; x_wconf 86' lang='grc' dir='ltr'><em>σιούσης</em></span> <span class='ocrx_word' id='word_1_663' title='bbox 2427 4409 2677 4480; x_wconf 85' lang='grc' dir='ltr'><em>οἰήσεως.</em></span> 
     </span>
    </p>
   </div>
   <div class='ocr_carea' id='block_1_89' title="bbox 559 4579 2054 4662">
    <p class='ocr_par' dir='ltr' id='par_1_89' title="bbox 559 4589 2054 4662">
     <span class='ocr_line' id='line_1_89' title="bbox 559 4589 2054 4662; baseline -0.001 -16"><span class='ocrx_word' id='word_1_664' title='bbox 559 4589 696 4646; x_wconf 80' lang='lat' dir='ltr'><strong>Xlll.</strong></span> <span class='ocrx_word' id='word_1_665' title='bbox 738 4590 988 4662; x_wconf 85' lang='lat' dir='ltr'><strong>Magnum</strong></span> <span class='ocrx_word' id='word_1_666' title='bbox 1030 4600 1085 4646; x_wconf 90' lang='lat' dir='ltr'><strong>et</strong></span> <span class='ocrx_word' id='word_1_667' title='bbox 1126 4591 1450 4662; x_wconf 71' lang='lat' dir='ltr'><strong>praeclarum</strong></span> <span class='ocrx_word' id='word_1_668' title='bbox 1478 4599 1563 4647; x_wconf 89' lang='lat' dir='ltr'><strong>est</strong></span> <span class='ocrx_word' id='word_1_669' title='bbox 1593 4589 1826 4646; x_wconf 90' lang='lat' dir='ltr'><strong>docere?</strong></span> <span class='ocrx_word' id='word_1_670' title='bbox 1853 4591 1923 4644; x_wconf 86' lang='lat' dir='ltr'><strong>At</strong></span> <span class='ocrx_word' id='word_1_671' title='bbox 1953 4590 2054 4645; x_wconf 91' lang='lat' dir='ltr'><strong>dis-</strong></span> 
     </span>
    </p>
   </div>
   <div class='ocr_carea' id='block_1_90' title="bbox 2161 4579 3753 4662">
    <p class='ocr_par' dir='ltr' id='par_1_90' title="bbox 2238 4579 3753 4659">
     <span class='ocr_line' id='line_1_90' title="bbox 2238 4579 3753 4659; baseline -0.007 -17"><span class='ocrx_word' id='word_1_672' title='bbox 2238 4589 2336 4643; x_wconf 81' lang='lat' dir='ltr'><strong>II&quot;.</strong></span> <span class='ocrx_word' id='word_1_673' title='bbox 2369 4589 2527 4659; x_wconf 86' lang='grc' dir='ltr'><strong>Μέγα</strong></span> <span class='ocrx_word' id='word_1_674' title='bbox 2556 4589 2616 4642; x_wconf 84' lang='grc' dir='ltr'><em>τὸ</em></span> <span class='ocrx_word' id='word_1_675' title='bbox 2647 4588 2949 4655; x_wconf 87' lang='grc' dir='ltr'><em>διδάσκειν;</em></span> <span class='ocrx_word' id='word_1_676' title='bbox 2993 4585 3153 4639; x_wconf 83' lang='grc' dir='ltr'>Ἀλλὰ</span> <span class='ocrx_word' id='word_1_677' title='bbox 3195 4583 3256 4637; x_wconf 83' lang='grc' dir='ltr'><em>τὸ</em></span> <span class='ocrx_word' id='word_1_678' title='bbox 3283 4581 3571 4654; x_wconf 87' lang='grc' dir='ltr'><em>μανθάνειν</em></span> <span class='ocrx_word' id='word_1_679' title='bbox 3601 4579 3753 4634; x_wconf 79' lang='grc' dir='ltr'><em>άκίνο</em></span> 
     </span>
    </p>
   </div>
   <div class='ocr_carea' id='block_1_91' title="bbox 488 4681 2063 4754">
    <p class='ocr_par' dir='ltr' id='par_1_91' title="bbox 488 4681 2063 4754">
     <span class='ocr_line' id='line_1_91' title="bbox 488 4681 2063 4754; baseline -0.001 -16"><span class='ocrx_word' id='word_1_680' title='bbox 488 4696 613 4738; x_wconf 87' lang='lat' dir='ltr'><strong>ccre</strong></span> <span class='ocrx_word' id='word_1_681' title='bbox 648 4683 888 4752; x_wconf 86' lang='lat' dir='ltr'><strong>periculo</strong></span> <span class='ocrx_word' id='word_1_682' title='bbox 914 4692 1091 4740; x_wconf 87' lang='lat' dir='ltr'><strong>vacat.</strong></span> <span class='ocrx_word' id='word_1_683' title='bbox 1130 4683 1267 4750; x_wconf 84' lang='lat' dir='ltr'><strong>Quid</strong></span> <span class='ocrx_word' id='word_1_684' title='bbox 1307 4683 1544 4754; x_wconf 89' lang='lat' dir='ltr'><strong>pastoris</strong></span> <span class='ocrx_word' id='word_1_685' title='bbox 1585 4698 1780 4739; x_wconf 84' lang='lat' dir='ltr'><strong>munus</strong></span> <span class='ocrx_word' id='word_1_686' title='bbox 1839 4681 1938 4737; x_wconf 88' lang='lat' dir='ltr'><strong>tibi</strong></span> <span class='ocrx_word' id='word_1_687' title='bbox 1972 4696 2063 4736; x_wconf 88' lang='lat' dir='ltr'><strong>ar-</strong></span> 
     </span>
    </p>
   </div>
   <div class='ocr_carea' id='block_1_92' title="bbox 489 4772 2059 4842">
    <p class='ocr_par' dir='ltr' id='par_1_92' title="bbox 489 4772 2059 4842">
     <span class='ocr_line' id='line_1_92' title="bbox 489 4772 2059 4842; baseline 0.001 -17"><span class='ocrx_word' id='word_1_688' title='bbox 489 4785 668 4842; x_wconf 90' lang='lat' dir='ltr'><strong>rogas,</strong></span> <span class='ocrx_word' id='word_1_689' title='bbox 707 4787 829 4826; x_wconf 92' lang='lat' dir='ltr'><strong>cum</strong></span> <span class='ocrx_word' id='word_1_690' title='bbox 852 4773 969 4828; x_wconf 88' lang='lat' dir='ltr'><strong>ovis</strong></span> <span class='ocrx_word' id='word_1_691' title='bbox 1001 4773 1117 4827; x_wconf 86' lang='lat' dir='ltr'><strong>sis?</strong></span> <span class='ocrx_word' id='word_1_692' title='bbox 1149 4773 1286 4839; x_wconf 83' lang='lat' dir='ltr'><strong>Quid</strong></span> <span class='ocrx_word' id='word_1_693' title='bbox 1320 4781 1484 4842; x_wconf 91' lang='lat' dir='ltr'><strong>caput</strong></span> <span class='ocrx_word' id='word_1_694' title='bbox 1519 4772 1775 4837; x_wconf 80' lang='lat' dir='ltr'><strong>efliceris,</strong></span> <span class='ocrx_word' id='word_1_695' title='bbox 1807 4786 1930 4827; x_wconf 91' lang='lat' dir='ltr'><strong>cum</strong></span> <span class='ocrx_word' id='word_1_696' title='bbox 1962 4785 2059 4840; x_wconf 88' lang='lat' dir='ltr'><strong>pes</strong></span> 
     </span>
    </p>
   </div>
   <div class='ocr_carea' id='block_1_93' title="bbox 489 4862 2056 4933">
    <p class='ocr_par' dir='ltr' id='par_1_93' title="bbox 489 4862 2056 4933">
     <span class='ocr_line' id='line_1_93' title="bbox 489 4862 2056 4933; baseline -0.001 -16"><span class='ocrx_word' id='word_1_697' title='bbox 489 4863 600 4918; x_wconf 86' lang='lat' dir='ltr'><strong>sis?</strong></span> <span class='ocrx_word' id='word_1_698' title='bbox 628 4862 766 4930; x_wconf 92' lang='lat' dir='ltr'><strong>Quid</strong></span> <span class='ocrx_word' id='word_1_699' title='bbox 805 4864 1102 4917; x_wconf 79' lang='lat' dir='ltr'><strong>exercitum</strong></span> <span class='ocrx_word' id='word_1_700' title='bbox 1138 4864 1337 4918; x_wconf 88' lang='lat' dir='ltr'><strong>ducere</strong></span> <span class='ocrx_word' id='word_1_701' title='bbox 1370 4863 1702 4933; x_wconf 87' lang='lat' dir='ltr'><strong>aggrederis,</strong></span> <span class='ocrx_word' id='word_1_702' title='bbox 1728 4864 1783 4917; x_wconf 91' lang='lat' dir='ltr'><strong>in</strong></span> <span class='ocrx_word' id='word_1_703' title='bbox 1825 4863 2056 4918; x_wconf 90' lang='lat' dir='ltr'><strong>militum</strong></span> 
     </span>
    </p>
   </div>
   <div class='ocr_carea' id='block_1_94' title="bbox 491 4952 2059 5025">
    <p class='ocr_par' dir='ltr' id='par_1_94' title="bbox 491 4952 2059 5025">
     <span class='ocr_line' id='line_1_94' title="bbox 491 4952 2059 5025; baseline -0.001 -17"><span class='ocrx_word' id='word_1_704' title='bbox 491 4953 734 5010; x_wconf 86' lang='lat' dir='ltr'><strong>ordinem</strong></span> <span class='ocrx_word' id='word_1_705' title='bbox 776 4954 1080 5025; x_wconf 86' lang='lat' dir='ltr'><strong>ascriptus?</strong></span> <span class='ocrx_word' id='word_1_706' title='bbox 1112 4954 1251 5020; x_wconf 87' lang='lat' dir='ltr'><strong>Quid</strong></span> <span class='ocrx_word' id='word_1_707' title='bbox 1306 4968 1498 5021; x_wconf 87' lang='lat' dir='ltr'><strong>magna</strong></span> <span class='ocrx_word' id='word_1_708' title='bbox 1537 4952 1754 5022; x_wconf 91' lang='lat' dir='ltr'><strong>quidem</strong></span> <span class='ocrx_word' id='word_1_709' title='bbox 1803 4952 1928 5015; x_wconf 85' lang='lat' dir='ltr'><strong>illa,</strong></span> <span class='ocrx_word' id='word_1_710' title='bbox 1966 4954 2059 5009; x_wconf 86' lang='lat' dir='ltr'><strong>sed</strong></span> 
     </span>
    </p>
   </div>
   <div class='ocr_carea' id='block_1_95' title="bbox 492 5041 2059 5113">
    <p class='ocr_par' dir='ltr' id='par_1_95' title="bbox 492 5041 2059 5113">
     <span class='ocr_line' id='line_1_95' title="bbox 492 5041 2059 5113; baseline -0.003 -15"><span class='ocrx_word' id='word_1_711' title='bbox 492 5044 698 5099; x_wconf 88' lang='lat' dir='ltr'><strong>incerta</strong></span> <span class='ocrx_word' id='word_1_712' title='bbox 732 5053 787 5098; x_wconf 90' lang='lat' dir='ltr'><strong>et</strong></span> <span class='ocrx_word' id='word_1_713' title='bbox 818 5045 1118 5113; x_wconf 90' lang='lat' dir='ltr'><strong>periculosa</strong></span> <span class='ocrx_word' id='word_1_714' title='bbox 1153 5043 1321 5098; x_wconf 85' lang='lat' dir='ltr'><strong>maris</strong></span> <span class='ocrx_word' id='word_1_715' title='bbox 1350 5042 1500 5096; x_wconf 90' lang='lat' dir='ltr'><strong>lucra</strong></span> <span class='ocrx_word' id='word_1_716' title='bbox 1541 5041 1892 5108; x_wconf 87' lang='lat' dir='ltr'><strong>consectaris,</strong></span> <span class='ocrx_word' id='word_1_717' title='bbox 1939 5056 2059 5095; x_wconf 93' lang='lat' dir='ltr'><strong>cum</strong></span> 
     </span>
    </p>
   </div>
   <div class='ocr_carea' id='block_1_96' title="bbox 561 5208 1124 5273">
    <p class='ocr_par' dir='ltr' id='par_1_96' title="bbox 561 5208 1124 5273">
     <span class='ocr_line' id='line_1_96' title="bbox 561 5208 1124 5273; baseline 0 -10"><span class='ocrx_word' id='word_1_718' title='bbox 561 5210 606 5242; x_wconf 85' lang='grc'><strong>⁸⁷</strong></span> <span class='ocrx_word' id='word_1_719' title='bbox 644 5209 660 5262; x_wconf 92' lang='lat' dir='ltr'><strong>l</strong></span> <span class='ocrx_word' id='word_1_720' title='bbox 709 5208 837 5263; x_wconf 89' lang='lat' dir='ltr'><strong>Cor.</strong></span> <span class='ocrx_word' id='word_1_721' title='bbox 864 5223 979 5273; x_wconf 74' lang='grc' dir='ltr'><em>ιιν,</em></span> <span class='ocrx_word' id='word_1_722' title='bbox 1034 5209 1124 5264; x_wconf 79' lang='grc'><em>52.</em></span> 
     </span>
    </p>
   </div>
   <div class='ocr_carea' id='block_1_97' title="bbox 489 5277 934 5345">
    <p class='ocr_par' dir='ltr' id='par_1_97' title="bbox 489 5277 934 5345">
     <span class='ocr_line' id='line_1_97' title="bbox 489 5277 934 5345; baseline 0.007 -12"><span class='ocrx_word' id='word_1_723' title='bbox 489 5277 538 5312; x_wconf 72' lang='grc'>⁸³</span> <span class='ocrx_word' id='word_1_724' title='bbox 556 5278 713 5335; x_wconf 81' lang='lat' dir='ltr'><strong>Rom.</strong></span> <span class='ocrx_word' id='word_1_725' title='bbox 741 5295 842 5345; x_wconf 80' lang='lat' dir='ltr'><strong>xu,</strong></span> <span class='ocrx_word' id='word_1_726' title='bbox 882 5281 934 5336; x_wconf 89' lang='lat'><strong>8.</strong></span> 
     </span>
    </p>
   </div>
   <div class='ocr_carea' id='block_1_98' title="bbox 1229 5205 1814 5268">
    <p class='ocr_par' dir='ltr' id='par_1_98' title="bbox 1229 5205 1814 5268">
     <span class='ocr_line' id='line_1_98' title="bbox 1229 5205 1814 5268; baseline -0.005 -7"><span class='ocrx_word' id='word_1_727' title='bbox 1229 5205 1332 5260; x_wconf 70' lang='lat'><strong>“1</strong></span> <span class='ocrx_word' id='word_1_728' title='bbox 1387 5205 1511 5260; x_wconf 87' lang='lat' dir='ltr'><strong>Cor.</strong></span> <span class='ocrx_word' id='word_1_729' title='bbox 1571 5219 1666 5268; x_wconf 78' lang='lat' dir='ltr'><strong>xu,</strong></span> <span class='ocrx_word' id='word_1_730' title='bbox 1721 5205 1814 5258; x_wconf 87' lang='grc'><em>28.</em></span> 
     </span>
    </p>
   </div>
   <div class='ocr_carea' id='block_1_99' title="bbox 561 5439 1634 5511">
    <p class='ocr_par' dir='ltr' id='par_1_99' title="bbox 561 5439 1634 5511">
     <span class='ocr_line' id='line_1_99' title="bbox 561 5439 1634 5511; baseline -0.006 -15"><span class='ocrx_word' id='word_1_731' title='bbox 561 5441 700 5511; x_wconf 72' lang='grc'>(64⁸)</span> <span class='ocrx_word' id='word_1_732' title='bbox 728 5441 944 5511; x_wconf 77' lang='grc' dir='ltr'><em>Φησίν.</em></span> <span class='ocrx_word' id='word_1_733' title='bbox 968 5440 1128 5495; x_wconf 88' lang='lat' dir='ltr'><strong>Deest</strong></span> <span class='ocrx_word' id='word_1_734' title='bbox 1150 5441 1202 5496; x_wconf 90' lang='lat' dir='ltr'><strong>in</strong></span> <span class='ocrx_word' id='word_1_735' title='bbox 1231 5440 1438 5511; x_wconf 82' lang='lat' dir='ltr'><strong>duobus</strong></span> <span class='ocrx_word' id='word_1_736' title='bbox 1469 5439 1634 5511; x_wconf 74' lang='lat' dir='ltr'><strong>liegg.</strong></span> 
     </span>
    </p>
   </div>
   <div class='ocr_carea' id='block_1_100' title="bbox 564 5510 1512 5582">
    <p class='ocr_par' dir='ltr' id='par_1_100' title="bbox 564 5510 1512 5582">
     <span class='ocr_line' id='line_1_100' title="bbox 564 5510 1512 5582; baseline -0.006 -15"><span class='ocrx_word' id='word_1_737' title='bbox 564 5512 678 5582; x_wconf 74' lang='lat'><strong>(65)</strong></span> <span class='ocrx_word' id='word_1_738' title='bbox 709 5512 1025 5582; x_wconf 74' lang='grc' dir='ltr'><em>Ποιμένας.</em></span> <span class='ocrx_word' id='word_1_739' title='bbox 1061 5511 1217 5564; x_wconf 87' lang='lat' dir='ltr'><strong>Deest</strong></span> <span class='ocrx_word' id='word_1_740' title='bbox 1248 5512 1298 5563; x_wconf 89' lang='lat' dir='ltr'><strong>in</strong></span> <span class='ocrx_word' id='word_1_741' title='bbox 1330 5510 1422 5564; x_wconf 89' lang='grc' dir='ltr'><em>Οι·.</em></span> <span class='ocrx_word' id='word_1_742' title='bbox 1462 5510 1512 5562; x_wconf 86' lang='lat' dir='ltr'><strong>l.</strong></span> 
     </span>
    </p>
   </div>
   <div class='ocr_carea' id='block_1_101' title="bbox 567 5577 2060 5652">
    <p class='ocr_par' dir='ltr' id='par_1_101' title="bbox 567 5577 2060 5652">
     <span class='ocr_line' id='line_1_101' title="bbox 567 5577 2060 5652; baseline -0.003 -18"><span class='ocrx_word' id='word_1_743' title='bbox 567 5577 678 5652; x_wconf 84' lang='lat'><strong>(66)</strong></span> <span class='ocrx_word' id='word_1_744' title='bbox 707 5578 782 5652; x_wconf 67' lang='grc' dir='ltr'><strong>τῼ</strong></span> <span class='ocrx_word' id='word_1_745' title='bbox 805 5577 942 5652; x_wconf 58' lang='lat' dir='ltr'><strong>iter.</strong></span> <span class='ocrx_word' id='word_1_746' title='bbox 984 5582 1095 5652; x_wconf 12' lang='lat' dir='ltr'><strong>Sic,</strong></span> <span class='ocrx_word' id='word_1_747' title='bbox 1123 5596 1276 5652; x_wconf 79' lang='lat' dir='ltr'><strong>sacer</strong></span> <span class='ocrx_word' id='word_1_748' title='bbox 1319 5591 1533 5652; x_wconf 66' lang='lat' dir='ltr'><strong>textus,</strong></span> <span class='ocrx_word' id='word_1_749' title='bbox 1587 5577 1750 5633; x_wconf 86' lang='lat' dir='ltr'><strong>Coisl.</strong></span> <span class='ocrx_word' id='word_1_750' title='bbox 1781 5579 1827 5642; x_wconf 86' lang='lat' dir='ltr'><strong>l,</strong></span> <span class='ocrx_word' id='word_1_751' title='bbox 1869 5577 1962 5633; x_wconf 86' lang='lat' dir='ltr'><strong>Or.</strong></span> <span class='ocrx_word' id='word_1_752' title='bbox 2012 5577 2060 5644; x_wconf 88' lang='grc' dir='ltr'><em>Ι,</em></span> 
     </span>
    </p>
   </div>
   <div class='ocr_carea' id='block_1_102' title="bbox 495 5649 1356 5716">
    <p class='ocr_par' dir='ltr' id='par_1_102' title="bbox 495 5649 1356 5716">
     <span class='ocr_line' id='line_1_102' title="bbox 495 5649 1356 5716; baseline -0.009 -6"><span class='ocrx_word' id='word_1_753' title='bbox 495 5649 708 5716; x_wconf 76' lang='lat' dir='ltr'><strong>Coinb.,</strong></span> <span class='ocrx_word' id='word_1_754' title='bbox 748 5649 854 5707; x_wconf 77' lang='lat' dir='ltr'><strong>etc.</strong></span> <span class='ocrx_word' id='word_1_755' title='bbox 887 5651 1059 5706; x_wconf 89' lang='lat' dir='ltr'><strong>Prave</strong></span> <span class='ocrx_word' id='word_1_756' title='bbox 1087 5651 1140 5705; x_wconf 88' lang='lat' dir='ltr'><strong>in</strong></span> <span class='ocrx_word' id='word_1_757' title='bbox 1170 5649 1283 5713; x_wconf 87' lang='lat' dir='ltr'><strong>ed.,</strong></span> <span class='ocrx_word' id='word_1_758' title='bbox 1307 5650 1356 5702; x_wconf 91' lang='lat'><strong>6.</strong></span> 
     </span>
    </p>
   </div>
   <div class='ocr_carea' id='block_1_103' title="bbox 564 5717 1706 5792">
    <p class='ocr_par' dir='ltr' id='par_1_103' title="bbox 564 5717 1706 5792">
     <span class='ocr_line' id='line_1_103' title="bbox 564 5717 1706 5792; baseline -0.007 -15"><span class='ocrx_word' id='word_1_759' title='bbox 564 5719 676 5792; x_wconf 62' lang='lat'><strong>(6?)</strong></span> <span class='ocrx_word' id='word_1_760' title='bbox 702 5723 811 5777; x_wconf 81' lang='grc' dir='ltr'><strong>Καὶ</strong></span> <span class='ocrx_word' id='word_1_761' title='bbox 840 5721 1106 5790; x_wconf 85' lang='grc' dir='ltr'><em>θεωρίας.</em></span> <span class='ocrx_word' id='word_1_762' title='bbox 1131 5721 1276 5792; x_wconf 1' lang='lat' dir='ltr'><strong>(Reg.</strong></span> <span class='ocrx_word' id='word_1_763' title='bbox 1300 5720 1359 5792; x_wconf 65' lang='grc' dir='ltr'><em>ι).</em></span> <span class='ocrx_word' id='word_1_764' title='bbox 1387 5719 1420 5789; x_wconf 80' lang='grc' dir='ltr'><strong>ἢ</strong></span> <span class='ocrx_word' id='word_1_765' title='bbox 1447 5717 1706 5792; x_wconf 70' lang='grc' dir='ltr'><em>θεωρίας.</em></span> 
     </span>
    </p>
   </div>
   <div class='ocr_carea' id='block_1_104' title="bbox 593 5789 1516 5863">
    <p class='ocr_par' dir='ltr' id='par_1_104' title="bbox 593 5789 1516 5863">
     <span class='ocr_line' id='line_1_104' title="bbox 593 5789 1516 5863; baseline -0.002 -21"><span class='ocrx_word' id='word_1_766' title='bbox 593 5789 682 5863; x_wconf 74' lang='lat' dir='ltr'><strong>es)</strong></span> <span class='ocrx_word' id='word_1_767' title='bbox 717 5792 1091 5863; x_wconf 48' lang='lat' dir='ltr'><strong>“lxanﬂeg.</strong></span> <span class='ocrx_word' id='word_1_768' title='bbox 1129 5791 1214 5844; x_wconf 79' lang='lat' dir='ltr'><strong>bin</strong></span> <span class='ocrx_word' id='word_1_769' title='bbox 1243 5791 1408 5863; x_wconf 75' lang='lat' dir='ltr'><strong>addit,</strong></span> <span class='ocrx_word' id='word_1_770' title='bbox 1441 5789 1516 5863; x_wconf 67' lang='grc' dir='ltr'><strong>δέ.</strong></span> 
     </span>
    </p>
   </div>
   <div class='ocr_carea' id='block_1_105' title="bbox 592 5858 2050 5931">
    <p class='ocr_par' dir='ltr' id='par_1_105' title="bbox 592 5858 2050 5931">
     <span class='ocr_line' id='line_1_105' title="bbox 592 5858 2050 5931; baseline 0.001 -15"><span class='ocrx_word' id='word_1_771' title='bbox 592 5858 682 5920; x_wconf 71' lang='grc'>69)</span> <span class='ocrx_word' id='word_1_772' title='bbox 724 5862 786 5918; x_wconf 91' lang='lat'><strong>&#39;0</strong></span> <span class='ocrx_word' id='word_1_773' title='bbox 815 5858 886 5916; x_wconf 42' lang='lat'><strong>66‘&quot;</strong></span> <span class='ocrx_word' id='word_1_774' title='bbox 915 5858 1066 5917; x_wconf 76' lang='grc' dir='ltr'><em>ἄλλο</em></span> <span class='ocrx_word' id='word_1_775' title='bbox 1103 5877 1155 5915; x_wconf 85' lang='grc' dir='ltr'><strong>τι</strong></span> <span class='ocrx_word' id='word_1_776' title='bbox 1193 5861 1434 5918; x_wconf 78' lang='grc' dir='ltr'><em>τούτων.</em></span> <span class='ocrx_word' id='word_1_777' title='bbox 1475 5861 1562 5915; x_wconf 70' lang='lat' dir='ltr'><strong>Sic</strong></span> <span class='ocrx_word' id='word_1_778' title='bbox 1615 5859 1745 5931; x_wconf 81' lang='lat' dir='ltr'><strong>Reg.</strong></span> <span class='ocrx_word' id='word_1_779' title='bbox 1790 5859 1839 5915; x_wconf 89' lang='lat' dir='ltr'><strong>b.</strong></span> <span class='ocrx_word' id='word_1_780' title='bbox 1875 5858 1932 5913; x_wconf 88' lang='lat' dir='ltr'><strong>In</strong></span> <span class='ocrx_word' id='word_1_781' title='bbox 1970 5859 2050 5917; x_wconf 79' lang='lat' dir='ltr'><strong>ed.</strong></span> 
     </span>
    </p>
   </div>
   <div class='ocr_carea' id='block_1_106' title="bbox 1012 5206 2054 5346">
    <p class='ocr_par' dir='ltr' id='par_1_106' title="bbox 1012 5206 2054 5346">
     <span class='ocr_line' id='line_1_106' title="bbox 1034 5206 2054 5268; baseline -0.004 -5"><span class='ocrx_word' id='word_1_782' title='bbox 1034 5209 1124 5264; x_wconf 80' lang='grc'><em>52.</em></span> <span class='ocrx_word' id='word_1_783' title='bbox 1229 5206 1332 5260; x_wconf 68' lang='grc'><strong>³⁵³1</strong></span> <span class='ocrx_word' id='word_1_784' title='bbox 1387 5206 1511 5260; x_wconf 87' lang='lat' dir='ltr'><strong>Cor.</strong></span> <span class='ocrx_word' id='word_1_785' title='bbox 1571 5219 1666 5268; x_wconf 78' lang='lat' dir='ltr'><strong>xu,</strong></span> <span class='ocrx_word' id='word_1_786' title='bbox 1721 5206 1814 5258; x_wconf 87' lang='grc'><em>28.</em></span> <span class='ocrx_word' id='word_1_787' title='bbox 1910 5206 1954 5236; x_wconf 79' lang='grc'><strong>³⁹</strong></span> <span class='ocrx_word' id='word_1_788' title='bbox 2002 5206 2054 5260; x_wconf 85' lang='lat' dir='ltr'><strong>ib</strong></span> 
     </span>
     <span class='ocr_line' id='line_1_107' title="bbox 1012 5275 2024 5346; baseline -0.002 -14"><span class='ocrx_word' id='word_1_789' title='bbox 1012 5281 1058 5311; x_wconf 68' lang='grc'><strong><em>⁵³</em></strong></span> <span class='ocrx_word' id='word_1_790' title='bbox 1101 5281 1114 5332; x_wconf 95' lang='lat' dir='ltr'><strong>l</strong></span> <span class='ocrx_word' id='word_1_791' title='bbox 1155 5280 1272 5336; x_wconf 87' lang='lat' dir='ltr'><strong>Cor.</strong></span> <span class='ocrx_word' id='word_1_792' title='bbox 1340 5293 1438 5338; x_wconf 79' lang='lat' dir='ltr'><strong>xu,</strong></span> <span class='ocrx_word' id='word_1_793' title='bbox 1475 5275 1564 5330; x_wconf 72' lang='grc'><em>29.</em></span> <span class='ocrx_word' id='word_1_794' title='bbox 1648 5277 1692 5308; x_wconf 61' lang='grc'><strong>⁸⁵</strong></span> <span class='ocrx_word' id='word_1_795' title='bbox 1727 5277 1854 5346; x_wconf 85' lang='lat' dir='ltr'><strong>Sap.</strong></span> <span class='ocrx_word' id='word_1_796' title='bbox 1907 5278 2024 5338; x_wconf 70' lang='grc' dir='ltr'><em>ι,4.</em></span> 
     </span>
    </p>
   </div>
   <div class='ocr_carea' id='block_1_107' title="bbox 2161 5206 3091 5346">
    <p class='ocr_par' dir='ltr' id='par_1_107' title="bbox 2166 5206 3091 5343">
     <span class='ocr_line' id='line_1_108' title="bbox 2185 5206 3085 5275; baseline -0.007 -15"><span class='ocrx_word' id='word_1_797' title='bbox 2185 5207 2240 5262; x_wconf 88' lang='grc'><em>8.</em></span> <span class='ocrx_word' id='word_1_798' title='bbox 2339 5206 2385 5238; x_wconf 71' lang='grc'><strong>⁸⁸</strong></span> <span class='ocrx_word' id='word_1_799' title='bbox 2429 5206 2622 5275; x_wconf 84' lang='lat' dir='ltr'><strong>Ephes.</strong></span> <span class='ocrx_word' id='word_1_800' title='bbox 2669 5221 2742 5269; x_wconf 82' lang='lat' dir='ltr'><strong>tv,</strong></span> <span class='ocrx_word' id='word_1_801' title='bbox 2795 5206 2886 5260; x_wconf 83' lang='grc'><em>28.</em></span> <span class='ocrx_word' id='word_1_802' title='bbox 2992 5206 3085 5254; x_wconf 77' lang='lat' dir='ltr'><strong>“I</strong></span> 
     </span>
     <span class='ocr_line' id='line_1_109' title="bbox 2166 5273 3091 5343; baseline -0.009 -10"><span class='ocrx_word' id='word_1_803' title='bbox 2166 5276 2290 5333; x_wconf 88' lang='lat' dir='ltr'><strong>Ose.</strong></span> <span class='ocrx_word' id='word_1_804' title='bbox 2320 5294 2373 5343; x_wconf 79' lang='grc' dir='ltr'><strong>ιι,</strong></span> <span class='ocrx_word' id='word_1_805' title='bbox 2405 5277 2492 5333; x_wconf 76' lang='grc'><em>12.</em></span> <span class='ocrx_word' id='word_1_806' title='bbox 2565 5277 2612 5308; x_wconf 72' lang='grc'><strong>⁸⁸</strong></span> <span class='ocrx_word' id='word_1_807' title='bbox 2649 5276 2670 5330; x_wconf 85' lang='grc' dir='ltr'>Ι</span> <span class='ocrx_word' id='word_1_808' title='bbox 2707 5276 2832 5331; x_wconf 84' lang='lat' dir='ltr'><strong>Cor.</strong></span> <span class='ocrx_word' id='word_1_809' title='bbox 2889 5289 3004 5340; x_wconf 86' lang='lat' dir='ltr'><strong>vm,</strong></span> <span class='ocrx_word' id='word_1_810' title='bbox 3039 5273 3091 5326; x_wconf 79' lang='grc'><em>5.</em></span> 
     </span>
    </p>
   </div>
   <div class='ocr_carea' id='block_1_108' title="bbox 2167 4671 3753 4750">
    <p class='ocr_par' dir='ltr' id='par_1_108' title="bbox 2167 4671 3753 4750">
     <span class='ocr_line' id='line_1_110' title="bbox 2167 4671 3753 4750; baseline -0.008 -14"><span class='ocrx_word' id='word_1_811' title='bbox 2167 4681 2340 4737; x_wconf 90' lang='grc' dir='ltr'><em>δυνον.</em></span> <span class='ocrx_word' id='word_1_812' title='bbox 2369 4683 2434 4735; x_wconf 89' lang='grc' dir='ltr'><em>Τί</em></span> <span class='ocrx_word' id='word_1_813' title='bbox 2467 4681 2690 4735; x_wconf 81' lang='grc' dir='ltr'><em>σεαυτὸν</em></span> <span class='ocrx_word' id='word_1_814' title='bbox 2736 4683 2910 4744; x_wconf 84' lang='grc' dir='ltr'><em>ποιεῖς</em></span> <span class='ocrx_word' id='word_1_815' title='bbox 2942 4677 3175 4749; x_wconf 87' lang='grc' dir='ltr'><em>ποιμένα</em></span> <span class='ocrx_word' id='word_1_816' title='bbox 3197 4717 3212 4741; x_wconf 91' lang='grc'><strong>,</strong></span> <span class='ocrx_word' id='word_1_817' title='bbox 3246 4675 3516 4750; x_wconf 78' lang='grc' dir='ltr'><em>πρόϐατον</em></span> <span class='ocrx_word' id='word_1_818' title='bbox 3545 4672 3620 4726; x_wconf 82' lang='grc' dir='ltr'><strong>ὢν</strong></span> <span class='ocrx_word' id='word_1_819' title='bbox 3645 4689 3660 4736; x_wconf 88' lang='lat'><strong>;</strong></span> <span class='ocrx_word' id='word_1_820' title='bbox 3686 4671 3753 4725; x_wconf 88' lang='grc' dir='ltr'><strong>Τί</strong></span> 
     </span>
    </p>
   </div>
   <div class='ocr_carea' id='block_1_109' title="bbox 2173 4767 3752 4845">
    <p class='ocr_par' dir='ltr' id='par_1_109' title="bbox 2173 4767 3752 4845">
     <span class='ocr_line' id='line_1_111' title="bbox 2173 4767 3752 4845; baseline -0.006 -19"><span class='ocrx_word' id='word_1_821' title='bbox 2173 4774 2300 4844; x_wconf 83' lang='grc' dir='ltr'><em>γίνῃ</em></span> <span class='ocrx_word' id='word_1_822' title='bbox 2319 4773 2552 4845; x_wconf 69' lang='grc' dir='ltr'><em>κεφαλὴ,</em></span> <span class='ocrx_word' id='word_1_823' title='bbox 2582 4775 2717 4835; x_wconf 81' lang='grc' dir='ltr'><em>ποὺς</em></span> <span class='ocrx_word' id='word_1_824' title='bbox 2743 4772 3028 4842; x_wconf 86' lang='grc' dir='ltr'><em>τυγχάνων</em></span> <span class='ocrx_word' id='word_1_825' title='bbox 3053 4787 3066 4835; x_wconf 89' lang='grc'><strong>;</strong></span> <span class='ocrx_word' id='word_1_826' title='bbox 3096 4769 3161 4821; x_wconf 91' lang='grc' dir='ltr'><em>Τί</em></span> <span class='ocrx_word' id='word_1_827' title='bbox 3190 4769 3516 4840; x_wconf 84' lang='grc' dir='ltr'><em>στρατηγεῖν</em></span> <span class='ocrx_word' id='word_1_828' title='bbox 3546 4767 3752 4834; x_wconf 76' lang='grc' dir='ltr'><em>ἐπιχει-</em></span> 
     </span>
    </p>
   </div>
   <div class='ocr_carea' id='block_1_110' title="bbox 2171 4857 3753 4937">
    <p class='ocr_par' dir='ltr' id='par_1_110' title="bbox 2171 4857 3753 4937">
     <span class='ocr_line' id='line_1_112' title="bbox 2171 4857 3753 4937; baseline -0.005 -20"><span class='ocrx_word' id='word_1_829' title='bbox 2171 4869 2308 4937; x_wconf 85' lang='grc' dir='ltr'><em>ρεῖς,</em></span> <span class='ocrx_word' id='word_1_830' title='bbox 2337 4866 2670 4937; x_wconf 87' lang='grc' dir='ltr'><em>τεταγμένος</em></span> <span class='ocrx_word' id='word_1_831' title='bbox 2711 4868 2770 4918; x_wconf 83' lang='grc' dir='ltr'><strong>ὲν</strong></span> <span class='ocrx_word' id='word_1_832' title='bbox 2803 4863 3200 4937; x_wconf 82' lang='grc' dir='ltr'><em>στρατιώταις;</em></span> <span class='ocrx_word' id='word_1_833' title='bbox 3236 4861 3390 4914; x_wconf 88' lang='grc' dir='ltr'><em>Τίτὰ</em></span> <span class='ocrx_word' id='word_1_834' title='bbox 3421 4858 3628 4930; x_wconf 86' lang='grc' dir='ltr'><em>μεγάλα</em></span> <span class='ocrx_word' id='word_1_835' title='bbox 3657 4857 3753 4910; x_wconf 71' lang='grc' dir='ltr'><strong>καὶ</strong></span> 
     </span>
    </p>
   </div>
   <div class='ocr_carea' id='block_1_111' title="bbox 2165 4948 3749 5029">
    <p class='ocr_par' dir='ltr' id='par_1_111' title="bbox 2165 4948 3749 5029">
     <span class='ocr_line' id='line_1_113' title="bbox 2165 4948 3749 5029; baseline -0.005 -21"><span class='ocrx_word' id='word_1_836' title='bbox 2165 4957 2266 5009; x_wconf 85' lang='grc' dir='ltr'><strong>ούκ</strong></span> <span class='ocrx_word' id='word_1_837' title='bbox 2314 4957 2528 5028; x_wconf 80' lang='grc' dir='ltr'><em>ἀσφαλῆ</em></span> <span class='ocrx_word' id='word_1_838' title='bbox 2571 4957 2737 5029; x_wconf 84' lang='grc' dir='ltr'><em>κέρδη</em></span> <span class='ocrx_word' id='word_1_839' title='bbox 2797 4957 2897 5028; x_wconf 80' lang='grc' dir='ltr'><em>τῆς</em></span> <span class='ocrx_word' id='word_1_840' title='bbox 2946 4954 3222 5024; x_wconf 90' lang='grc' dir='ltr'><em>θαλάσσης</em></span> <span class='ocrx_word' id='word_1_841' title='bbox 3258 4949 3586 5012; x_wconf 81' lang='grc' dir='ltr'><em>,ὲπιδιώκεις</em></span> <span class='ocrx_word' id='word_1_842' title='bbox 3611 4948 3749 5018; x_wconf 85' lang='grc'>(72),</span> 
     </span>
    </p>
   </div>
   <div class='ocr_carea' id='block_1_112' title="bbox 2169 5036 3752 5117">
    <p class='ocr_par' dir='ltr' id='par_1_112' title="bbox 2169 5036 3752 5117">
     <span class='ocr_line' id='line_1_114' title="bbox 2169 5036 3752 5117; baseline 0.001 -20"><span class='ocrx_word' id='word_1_843' title='bbox 2169 5045 2286 5098; x_wconf 73' lang='grc' dir='ltr'><strong>ἐνὸν</strong></span> <span class='ocrx_word' id='word_1_844' title='bbox 2309 5046 2606 5112; x_wconf 83' lang='grc' dir='ltr'><em>ἀκινδύνως</em></span> <span class='ocrx_word' id='word_1_845' title='bbox 2648 5049 2915 5117; x_wconf 83' lang='grc' dir='ltr'><em>γεωργεῖν</em></span> <span class='ocrx_word' id='word_1_846' title='bbox 2941 5047 3068 5116; x_wconf 80' lang='grc' dir='ltr'><em>γῆν,</em></span> <span class='ocrx_word' id='word_1_847' title='bbox 3096 5047 3144 5097; x_wconf 79' lang='grc' dir='ltr'><strong>εί</strong></span> <span class='ocrx_word' id='word_1_848' title='bbox 3179 5043 3274 5096; x_wconf 72' lang='grc' dir='ltr'><strong>καὶ</strong></span> <span class='ocrx_word' id='word_1_849' title='bbox 3305 5040 3420 5111; x_wconf 80' lang='lat'><strong>(75)</strong></span> <span class='ocrx_word' id='word_1_850' title='bbox 3451 5036 3752 5112; x_wconf 80' lang='grc' dir='ltr'><em>κερδαίνοις</em></span> 
     </span>
    </p>
   </div>
   <div class='ocr_carea' id='block_1_113' title="bbox 2339 5198 3747 5275">
    <p class='ocr_par' dir='ltr' id='par_1_113' title="bbox 2339 5198 3747 5275">
     <span class='ocr_line' id='line_1_115' title="bbox 2339 5198 3747 5275; baseline -0.006 -14"><span class='ocrx_word' id='word_1_851' title='bbox 2339 5206 2385 5238; x_wconf 71' lang='grc' dir='ltr'><strong>⁸ο</strong></span> <span class='ocrx_word' id='word_1_852' title='bbox 2429 5205 2622 5275; x_wconf 82' lang='lat' dir='ltr'><strong>Ephes.</strong></span> <span class='ocrx_word' id='word_1_853' title='bbox 2669 5221 2742 5269; x_wconf 82' lang='lat' dir='ltr'><strong>tv,</strong></span> <span class='ocrx_word' id='word_1_854' title='bbox 2795 5205 2886 5260; x_wconf 83' lang='grc'><em>28.</em></span> <span class='ocrx_word' id='word_1_855' title='bbox 2992 5202 3085 5275; x_wconf 75' lang='lat'><strong>“_|</strong></span> <span class='ocrx_word' id='word_1_856' title='bbox 3112 5201 3238 5259; x_wconf 89' lang='lat' dir='ltr'><strong>Cor.</strong></span> <span class='ocrx_word' id='word_1_857' title='bbox 3268 5216 3379 5267; x_wconf 78' lang='lat' dir='ltr'><strong>xw,</strong></span> <span class='ocrx_word' id='word_1_858' title='bbox 3421 5198 3490 5254; x_wconf 82' lang='grc'><em>29</em></span> <span class='ocrx_word' id='word_1_859' title='bbox 3533 5208 3586 5255; x_wconf 91' lang='lat' dir='ltr'><strong>et</strong></span> <span class='ocrx_word' id='word_1_860' title='bbox 3625 5213 3747 5268; x_wconf 87' lang='lat' dir='ltr'><strong>sqq.</strong></span> 
     </span>
    </p>
   </div>
   <div class='ocr_carea' id='block_1_114' title="bbox 2173 5435 2881 5507">
    <p class='ocr_par' dir='ltr' id='par_1_114' title="bbox 2173 5435 2881 5507">
     <span class='ocr_line' id='line_1_116' title="bbox 2173 5435 2881 5507; baseline -0.007 -15"><span class='ocrx_word' id='word_1_861' title='bbox 2173 5438 2367 5507; x_wconf 74' lang='lat' dir='ltr'><strong>legitur</strong></span> <span class='ocrx_word' id='word_1_862' title='bbox 2397 5448 2624 5502; x_wconf 86' lang='lat' dir='ltr'><strong>tantum,</strong></span> <span class='ocrx_word' id='word_1_863' title='bbox 2653 5435 2782 5489; x_wconf 77' lang='grc' dir='ltr'><em>ἄλλο</em></span> <span class='ocrx_word' id='word_1_864' title='bbox 2809 5452 2881 5488; x_wconf 84' lang='grc' dir='ltr'><strong>τι.</strong></span> 
     </span>
    </p>
   </div>
   <div class='ocr_carea' id='block_1_115' title="bbox 2243 5499 3742 5579">
    <p class='ocr_par' dir='ltr' id='par_1_115' title="bbox 2243 5499 3742 5579">
     <span class='ocr_line' id='line_1_117' title="bbox 2243 5499 3742 5579; baseline -0.006 -17"><span class='ocrx_word' id='word_1_865' title='bbox 2243 5509 2354 5579; x_wconf 88' lang='grc'>(70)</span> <span class='ocrx_word' id='word_1_866' title='bbox 2384 5510 2487 5575; x_wconf 86' lang='grc' dir='ltr'><strong>Είς</strong></span> <span class='ocrx_word' id='word_1_867' title='bbox 2513 5499 2906 5579; x_wconf 50' lang='grc' dir='ltr'><em>κατάτεχνον.</em></span> <span class='ocrx_word' id='word_1_868' title='bbox 2943 5502 3034 5560; x_wconf 88' lang='lat' dir='ltr'><strong>Sic</strong></span> <span class='ocrx_word' id='word_1_869' title='bbox 3079 5510 3314 5573; x_wconf 86' lang='lat' dir='ltr'><strong>quatuor</strong></span> <span class='ocrx_word' id='word_1_870' title='bbox 3343 5499 3537 5570; x_wconf 79' lang='lat' dir='ltr'><strong>Regg.,</strong></span> <span class='ocrx_word' id='word_1_871' title='bbox 3564 5509 3619 5553; x_wconf 92' lang='lat' dir='ltr'><strong>et</strong></span> <span class='ocrx_word' id='word_1_872' title='bbox 3647 5499 3742 5554; x_wconf 89' lang='lat' dir='ltr'><strong>Or.</strong></span> 
     </span>
    </p>
   </div>
   <div class='ocr_carea' id='block_1_116' title="bbox 2172 5577 2971 5646">
    <p class='ocr_par' dir='ltr' id='par_1_116' title="bbox 2172 5577 2971 5646">
     <span class='ocr_line' id='line_1_118' title="bbox 2172 5577 2971 5646; baseline -0.005 -15"><span class='ocrx_word' id='word_1_873' title='bbox 2172 5578 2224 5634; x_wconf 71' lang='lat' dir='ltr'><strong>‘l.</strong></span> <span class='ocrx_word' id='word_1_874' title='bbox 2255 5577 2306 5633; x_wconf 85' lang='lat' dir='ltr'><strong>In</strong></span> <span class='ocrx_word' id='word_1_875' title='bbox 2339 5581 2490 5641; x_wconf 85' lang='lat' dir='ltr'><strong>edit.,</strong></span> <span class='ocrx_word' id='word_1_876' title='bbox 2521 5579 2596 5640; x_wconf 85' lang='grc' dir='ltr'><em>ὡς</em></span> <span class='ocrx_word' id='word_1_877' title='bbox 2627 5577 2971 5646; x_wconf 81' lang='grc' dir='ltr'><em>κακότεχνον.</em></span> 
     </span>
    </p>
   </div>
   <div class='ocr_carea' id='block_1_117' title="bbox 2241 5642 3490 5720">
    <p class='ocr_par' dir='ltr' id='par_1_117' title="bbox 2241 5642 3490 5720">
     <span class='ocr_line' id='line_1_119' title="bbox 2241 5642 3490 5720; baseline -0.006 -19"><span class='ocrx_word' id='word_1_878' title='bbox 2241 5650 2352 5720; x_wconf 77' lang='grc'>(71)</span> <span class='ocrx_word' id='word_1_879' title='bbox 2388 5650 2542 5720; x_wconf 63' lang='grc' dir='ltr'><em>Ἵνα.</em></span> <span class='ocrx_word' id='word_1_880' title='bbox 2585 5648 2718 5720; x_wconf 75' lang='lat' dir='ltr'><strong>Reg.</strong></span> <span class='ocrx_word' id='word_1_881' title='bbox 2750 5642 2894 5720; x_wconf 36' lang='grc' dir='ltr'><em>ἣξει</em></span> <span class='ocrx_word' id='word_1_882' title='bbox 2928 5645 3020 5720; x_wconf 84' lang='lat' dir='ltr'><strong>O_r.</strong></span> <span class='ocrx_word' id='word_1_883' title='bbox 3063 5643 3088 5696; x_wconf 77' lang='grc'><strong>1</strong></span> <span class='ocrx_word' id='word_1_884' title='bbox 3123 5643 3348 5720; x_wconf 60' lang='lat' dir='ltr'><strong>addunt,</strong></span> <span class='ocrx_word' id='word_1_885' title='bbox 3377 5642 3490 5720; x_wconf 58' lang='lat' dir='ltr'><strong>irai.</strong></span> 
     </span>
    </p>
   </div>
   <div class='ocr_carea' id='block_1_118' title="bbox 2241 5712 3638 5791">
    <p class='ocr_par' dir='ltr' id='par_1_118' title="bbox 2241 5712 3638 5791">
     <span class='ocr_line' id='line_1_120' title="bbox 2241 5712 3638 5791; baseline -0.003 -19"><span class='ocrx_word' id='word_1_886' title='bbox 2241 5712 2350 5791; x_wconf 86' lang='grc'>(72)</span> <span class='ocrx_word' id='word_1_887' title='bbox 2387 5712 2766 5791; x_wconf 58' lang='grc' dir='ltr'><em>Ἐπιδιὼξιέις.</em></span> <span class='ocrx_word' id='word_1_888' title='bbox 2795 5716 2928 5791; x_wconf 67' lang='lat' dir='ltr'><strong>Reg.</strong></span> <span class='ocrx_word' id='word_1_889' title='bbox 2963 5717 3072 5779; x_wconf 87' lang='lat' dir='ltr'><strong>bm,</strong></span> <span class='ocrx_word' id='word_1_890' title='bbox 3099 5723 3153 5767; x_wconf 90' lang='lat' dir='ltr'><strong>et</strong></span> <span class='ocrx_word' id='word_1_891' title='bbox 3316 5713 3365 5776; x_wconf 77' lang='grc' dir='ltr'><em>Ι,</em></span> <span class='ocrx_word' id='word_1_892' title='bbox 3400 5712 3638 5791; x_wconf 81' lang='grc' dir='ltr'><em>διώκεις.</em></span> 
     </span>
    </p>
   </div>
   <div class='ocr_carea' id='block_1_119' title="bbox 2237 5783 3434 5862">
    <p class='ocr_par' dir='ltr' id='par_1_119' title="bbox 2237 5783 3434 5862">
     <span class='ocr_line' id='line_1_121' title="bbox 2237 5783 3434 5862; baseline -0.008 -20"><span class='ocrx_word' id='word_1_893' title='bbox 2237 5783 2346 5862; x_wconf 77' lang='grc'>(75)</span> <span class='ocrx_word' id='word_1_894' title='bbox 2373 5793 2439 5844; x_wconf 85' lang='lat' dir='ltr'><strong>Ei.</strong></span> <span class='ocrx_word' id='word_1_895' title='bbox 2468 5791 2584 5844; x_wconf 69' lang='grc' dir='ltr'><em>καί.</em></span> <span class='ocrx_word' id='word_1_896' title='bbox 2611 5787 2700 5843; x_wconf 89' lang='grc' dir='ltr'><em>Οι·.</em></span> <span class='ocrx_word' id='word_1_897' title='bbox 2734 5790 2756 5842; x_wconf 86' lang='lat' dir='ltr'><strong>l</strong></span> <span class='ocrx_word' id='word_1_898' title='bbox 2786 5789 2850 5844; x_wconf 91' lang='lat' dir='ltr'><strong>ad</strong></span> <span class='ocrx_word' id='word_1_899' title='bbox 2883 5783 3079 5855; x_wconf 85' lang='lat' dir='ltr'><strong>inarg.,</strong></span> <span class='ocrx_word' id='word_1_900' title='bbox 3117 5784 3206 5836; x_wconf 75' lang='grc' dir='ltr'><strong>καὶ</strong></span> <span class='ocrx_word' id='word_1_901' title='bbox 3242 5785 3288 5834; x_wconf 84' lang='grc' dir='ltr'><em>εἰ</em></span> <span class='ocrx_word' id='word_1_902' title='bbox 3324 5783 3434 5839; x_wconf 74' lang='grc' dir='ltr'><em>καί,</em></span> 
     </span>
    </p>
   </div>
  </div>
