  <div class='ocr_page' id='page_1' title='image "/cluster/home/n/w/nwhite01/storage/ocr_20150623/36/hvd.32044024464877/110.png"; bbox 0 0 4010 6316; ppageno 0'>
   <div class='ocr_carea' id='block_1_1' title="bbox 213 375 350 432">
    <p class='ocr_par' dir='ltr' id='par_1_1' title="bbox 213 375 350 432">
     <span class='ocr_line' id='line_1_1' title="bbox 213 375 350 432; baseline -0.007 0"><span class='ocrx_word' id='word_1_1' title='bbox 213 375 306 432; x_wconf 77' lang='grc'><strong>189</strong></span> <span class='ocrx_word' id='word_1_2' title='bbox 347 396 350 398; x_wconf 91' lang='grc'>·</span> 
     </span>
    </p>
   </div>
   <div class='ocr_carea' id='block_1_2' title="bbox 874 375 2780 443">
    <p class='ocr_par' dir='ltr' id='par_1_2' title="bbox 874 375 2780 443">
     <span class='ocr_line' id='line_1_2' title="bbox 874 375 2780 443; baseline 0.007 -13"><span class='ocrx_word' id='word_1_3' title='bbox 874 375 1136 434; x_wconf 75' lang='lat' dir='ltr'><strong>ORATIO</strong></span> <span class='ocrx_word' id='word_1_4' title='bbox 1171 377 1390 436; x_wconf 74' lang='lat' dir='ltr'><strong>XXXII.</strong></span> <span class='ocrx_word' id='word_1_5' title='bbox 1430 412 1498 420; x_wconf 98' lang='lat'><strong>—</strong></span> <span class='ocrx_word' id='word_1_6' title='bbox 1537 379 1626 435; x_wconf 87' lang='lat' dir='ltr'><strong>DE</strong></span> <span class='ocrx_word' id='word_1_7' title='bbox 1665 381 2166 440; x_wconf 79' lang='lat' dir='ltr'><strong>MODERATIONE</strong></span> <span class='ocrx_word' id='word_1_8' title='bbox 2206 384 2273 438; x_wconf 83' lang='lat' dir='ltr'><strong>IN</strong></span> <span class='ocrx_word' id='word_1_9' title='bbox 2313 385 2780 443; x_wconf 73' lang='lat' dir='ltr'><strong>DISI’UTANDO.</strong></span> 
     </span>
    </p>
   </div>
   <div class='ocr_carea' id='block_1_3' title="bbox 3361 393 3466 450">
    <p class='ocr_par' dir='ltr' id='par_1_3' title="bbox 3361 393 3466 450">
     <span class='ocr_line' id='line_1_3' title="bbox 3361 393 3466 450; baseline 0.019 -2"><span class='ocrx_word' id='word_1_10' title='bbox 3361 393 3466 450; x_wconf 73' lang='grc'><strong>190</strong></span> 
     </span>
    </p>
   </div>
   <div class='ocr_carea' id='block_1_4' title="bbox 209 483 1795 568">
    <p class='ocr_par' dir='ltr' id='par_1_4' title="bbox 209 483 1789 560">
     <span class='ocr_line' id='line_1_4' title="bbox 209 483 1789 560; baseline 0.005 -22"><span class='ocrx_word' id='word_1_11' title='bbox 209 483 500 550; x_wconf 62' lang='lat' dir='ltr'><strong>udas-ova;</strong></span> <span class='ocrx_word' id='word_1_12' title='bbox 537 483 650 537; x_wconf 74' lang='grc' dir='ltr'><strong>Καὶ</strong></span> <span class='ocrx_word' id='word_1_13' title='bbox 688 486 736 538; x_wconf 85' lang='grc' dir='ltr'><strong>εί</strong></span> <span class='ocrx_word' id='word_1_14' title='bbox 776 485 876 556; x_wconf 82' lang='grc' dir='ltr'>μὲν</span> <span class='ocrx_word' id='word_1_15' title='bbox 926 486 1068 558; x_wconf 80' lang='grc' dir='ltr'>ἀνὴρ</span> <span class='ocrx_word' id='word_1_16' title='bbox 1119 484 1170 541; x_wconf 81' lang='grc' dir='ltr'><strong>εί</strong></span> <span class='ocrx_word' id='word_1_17' title='bbox 1214 488 1356 542; x_wconf 81' lang='grc' dir='ltr'>κατὰ</span> <span class='ocrx_word' id='word_1_18' title='bbox 1396 490 1653 560; x_wconf 85' lang='grc' dir='ltr'>Χριστὸν,</span> <span class='ocrx_word' id='word_1_19' title='bbox 1694 494 1789 546; x_wconf 73' lang='grc' dir='ltr'>καὶ</span> 
     </span>
    </p>
   </div>
   <div class='ocr_carea' id='block_1_5' title="bbox 1906 483 3466 568">
    <p class='ocr_par' dir='ltr' id='par_1_5' title="bbox 1906 496 3466 568">
     <span class='ocr_line' id='line_1_5' title="bbox 1906 496 3466 568; baseline 0.006 -18"><span class='ocrx_word' id='word_1_20' title='bbox 1906 506 2094 550; x_wconf 80' lang='lat' dir='ltr'><strong>Lerram</strong></span> <span class='ocrx_word' id='word_1_21' title='bbox 2127 496 2244 551; x_wconf 85' lang='lat' dir='ltr'><strong>sine</strong></span> <span class='ocrx_word' id='word_1_22' title='bbox 2285 497 2524 566; x_wconf 90' lang='lat' dir='ltr'><strong>periculo</strong></span> <span class='ocrx_word' id='word_1_23' title='bbox 2558 498 2737 554; x_wconf 91' lang='lat' dir='ltr'><strong>colere</strong></span> <span class='ocrx_word' id='word_1_24' title='bbox 2772 498 2964 568; x_wconf 86' lang='lat' dir='ltr'><strong>liceat,</strong></span> <span class='ocrx_word' id='word_1_25' title='bbox 3006 501 3218 557; x_wconf 91' lang='lat' dir='ltr'><strong>etiamsi</strong></span> <span class='ocrx_word' id='word_1_26' title='bbox 3257 505 3466 560; x_wconf 89' lang='lat' dir='ltr'><strong>minore</strong></span> 
     </span>
    </p>
   </div>
   <div class='ocr_carea' id='block_1_6' title="bbox 210 573 1786 654">
    <p class='ocr_par' dir='ltr' id='par_1_6' title="bbox 210 573 1786 654">
     <span class='ocr_line' id='line_1_6' title="bbox 210 573 1786 654; baseline 0.007 -29"><span class='ocrx_word' id='word_1_27' title='bbox 210 573 583 643; x_wconf 81' lang='grc' dir='ltr'>γεγύμνασταί</span> <span class='ocrx_word' id='word_1_28' title='bbox 615 591 697 626; x_wconf 90' lang='grc' dir='ltr'><strong>σοι</strong></span> <span class='ocrx_word' id='word_1_29' title='bbox 722 574 793 627; x_wconf 88' lang='grc' dir='ltr'>τὰ</span> <span class='ocrx_word' id='word_1_30' title='bbox 825 575 1179 649; x_wconf 75' lang='grc' dir='ltr'>αἰσθητήρια,</span> <span class='ocrx_word' id='word_1_31' title='bbox 1209 579 1302 633; x_wconf 76' lang='grc' dir='ltr'>καὶ</span> <span class='ocrx_word' id='word_1_32' title='bbox 1339 579 1586 654; x_wconf 85' lang='grc' dir='ltr'>λαμπρόν</span> <span class='ocrx_word' id='word_1_33' title='bbox 1617 599 1698 635; x_wconf 89' lang='grc' dir='ltr'><strong>σοι</strong></span> <span class='ocrx_word' id='word_1_34' title='bbox 1725 583 1786 636; x_wconf 84' lang='grc' dir='ltr'><strong>τὸ</strong></span> 
     </span>
    </p>
   </div>
   <div class='ocr_carea' id='block_1_7' title="bbox 210 664 1785 745">
    <p class='ocr_par' dir='ltr' id='par_1_7' title="bbox 210 664 1785 745">
     <span class='ocr_line' id='line_1_7' title="bbox 210 664 1785 745; baseline 0.007 -29"><span class='ocrx_word' id='word_1_35' title='bbox 210 666 314 734; x_wconf 77' lang='grc' dir='ltr'><strong>φῶς</strong></span> <span class='ocrx_word' id='word_1_36' title='bbox 339 665 436 734; x_wconf 82' lang='grc' dir='ltr'>τῆς</span> <span class='ocrx_word' id='word_1_37' title='bbox 477 664 759 732; x_wconf 83' lang='grc' dir='ltr'>γνώσεως,</span> <span class='ocrx_word' id='word_1_38' title='bbox 804 665 955 721; x_wconf 81' lang='grc' dir='ltr'>λάλει</span> <span class='ocrx_word' id='word_1_39' title='bbox 997 667 1134 722; x_wconf 83' lang='grc' dir='ltr'>Θεοῦ</span> <span class='ocrx_word' id='word_1_40' title='bbox 1166 671 1358 738; x_wconf 79' lang='grc' dir='ltr'>σοφίαν</span> <span class='ocrx_word' id='word_1_41' title='bbox 1387 671 1486 742; x_wconf 81' lang='grc' dir='ltr'>τὴν</span> <span class='ocrx_word' id='word_1_42' title='bbox 1516 673 1785 745; x_wconf 84' lang='grc' dir='ltr'>λαλουμέ-</span> 
     </span>
    </p>
   </div>
   <div class='ocr_carea' id='block_1_8' title="bbox 209 757 1787 838">
    <p class='ocr_par' dir='ltr' id='par_1_8' title="bbox 209 757 1787 838">
     <span class='ocr_line' id='line_1_8' title="bbox 209 757 1787 838; baseline 0.01 -33"><span class='ocrx_word' id='word_1_43' title='bbox 209 772 298 824; x_wconf 73' lang='grc' dir='ltr'>νην</span> <span class='ocrx_word' id='word_1_44' title='bbox 342 757 399 807; x_wconf 84' lang='grc' dir='ltr'><strong>ἐν</strong></span> <span class='ocrx_word' id='word_1_45' title='bbox 442 758 564 821; x_wconf 88' lang='grc' dir='ltr'>τοῖς</span> <span class='ocrx_word' id='word_1_46' title='bbox 608 757 855 821; x_wconf 79' lang='grc' dir='ltr'>τελείοις,</span> <span class='ocrx_word' id='word_1_47' title='bbox 901 760 996 812; x_wconf 73' lang='grc' dir='ltr'><strong>καὶ</strong></span> <span class='ocrx_word' id='word_1_48' title='bbox 1041 760 1145 831; x_wconf 82' lang='grc' dir='ltr'><strong>τὴν</strong></span> <span class='ocrx_word' id='word_1_49' title='bbox 1179 763 1682 838; x_wconf 73' lang='grc' dir='ltr'><strong>ἀποκεκρυμμένην</strong></span> <span class='ocrx_word' id='word_1_50' title='bbox 1729 769 1787 820; x_wconf 89' lang='grc' dir='ltr'><strong>ἐν</strong></span> 
     </span>
    </p>
   </div>
   <div class='ocr_carea' id='block_1_9' title="bbox 211 845 1789 927">
    <p class='ocr_par' dir='ltr' id='par_1_9' title="bbox 211 845 1789 927">
     <span class='ocr_line' id='line_1_9' title="bbox 211 845 1789 927; baseline 0.008 -30"><span class='ocrx_word' id='word_1_51' title='bbox 211 845 485 917; x_wconf 74' lang='grc' dir='ltr'><strong>μυστηρίῳ</strong></span> <span class='ocrx_word' id='word_1_52' title='bbox 505 864 518 877; x_wconf 90' lang='grc'><strong>·</strong></span> <span class='ocrx_word' id='word_1_53' title='bbox 554 849 650 900; x_wconf 80' lang='grc' dir='ltr'>καὶ</span> <span class='ocrx_word' id='word_1_54' title='bbox 695 848 923 919; x_wconf 85' lang='grc' dir='ltr'>ταύτην,</span> <span class='ocrx_word' id='word_1_55' title='bbox 957 851 1084 904; x_wconf 83' lang='grc' dir='ltr'>ὅταν</span> <span class='ocrx_word' id='word_1_56' title='bbox 1123 849 1323 924; x_wconf 75' lang='grc' dir='ltr'>καιρὸν</span> <span class='ocrx_word' id='word_1_57' title='bbox 1343 854 1546 927; x_wconf 75' lang='grc' dir='ltr'>λάϐῃς,</span> <span class='ocrx_word' id='word_1_58' title='bbox 1578 857 1671 910; x_wconf 74' lang='grc' dir='ltr'>καὶ</span> <span class='ocrx_word' id='word_1_59' title='bbox 1698 875 1789 910; x_wconf 86' lang='grc' dir='ltr'>πι-</span> 
     </span>
    </p>
   </div>
   <div class='ocr_carea' id='block_1_10' title="bbox 213 938 1786 1019">
    <p class='ocr_par' dir='ltr' id='par_1_10' title="bbox 213 938 1786 1019">
     <span class='ocr_line' id='line_1_10' title="bbox 213 938 1786 1019; baseline 0.007 -27"><span class='ocrx_word' id='word_1_60' title='bbox 213 938 446 1009; x_wconf 83' lang='grc' dir='ltr'>στευθῇς.</span> <span class='ocrx_word' id='word_1_61' title='bbox 498 940 568 992; x_wconf 87' lang='grc' dir='ltr'>Τί</span> <span class='ocrx_word' id='word_1_62' title='bbox 599 940 708 1011; x_wconf 78' lang='grc' dir='ltr'><strong>γὰρ</strong></span> <span class='ocrx_word' id='word_1_63' title='bbox 744 940 888 1012; x_wconf 79' lang='grc' dir='ltr'>ἔχεις</span> <span class='ocrx_word' id='word_1_64' title='bbox 926 943 1078 1014; x_wconf 84' lang='grc' dir='ltr'><strong>παρά</strong></span> <span class='ocrx_word' id='word_1_65' title='bbox 1107 944 1366 1012; x_wconf 82' lang='grc' dir='ltr'><strong>σεαυτοῦ,</strong></span> <span class='ocrx_word' id='word_1_66' title='bbox 1397 947 1426 1000; x_wconf 83' lang='grc' dir='ltr'>ὃ</span> <span class='ocrx_word' id='word_1_67' title='bbox 1457 947 1531 1019; x_wconf 85' lang='grc' dir='ltr'>μὴ</span> <span class='ocrx_word' id='word_1_68' title='bbox 1560 948 1786 1017; x_wconf 85' lang='grc' dir='ltr'>δέδοται,</span> 
     </span>
    </p>
   </div>
   <div class='ocr_carea' id='block_1_11' title="bbox 214 1028 1788 1107">
    <p class='ocr_par' dir='ltr' id='par_1_11' title="bbox 214 1028 1788 1107">
     <span class='ocr_line' id='line_1_11' title="bbox 214 1028 1788 1107; baseline 0.006 -28"><span class='ocrx_word' id='word_1_69' title='bbox 214 1029 334 1099; x_wconf 76' lang='grc' dir='ltr'>μηδὲ</span> <span class='ocrx_word' id='word_1_70' title='bbox 355 1028 624 1099; x_wconf 77' lang='grc' dir='ltr'>εἷληφας;</span> <span class='ocrx_word' id='word_1_71' title='bbox 657 1031 721 1082; x_wconf 87' lang='grc' dir='ltr'><strong>Εἰ</strong></span> <span class='ocrx_word' id='word_1_72' title='bbox 749 1029 806 1082; x_wconf 78' lang='grc' dir='ltr'><strong>δὲ</strong></span> <span class='ocrx_word' id='word_1_73' title='bbox 847 1031 928 1084; x_wconf 76' lang='grc' dir='ltr'>ἔτι</span> <span class='ocrx_word' id='word_1_74' title='bbox 963 1033 1156 1102; x_wconf 75' lang='grc' dir='ltr'>νήπιος</span> <span class='ocrx_word' id='word_1_75' title='bbox 1181 1031 1232 1086; x_wconf 75' lang='grc' dir='ltr'>εἷ</span> <span class='ocrx_word' id='word_1_76' title='bbox 1272 1035 1408 1103; x_wconf 66' lang='lat' dir='ltr'><strong>(TI),</strong></span> <span class='ocrx_word' id='word_1_77' title='bbox 1457 1037 1550 1088; x_wconf 72' lang='grc' dir='ltr'><strong>καὶ</strong></span> <span class='ocrx_word' id='word_1_78' title='bbox 1577 1053 1788 1107; x_wconf 82' lang='grc' dir='ltr'>χαμερ-</span> 
     </span>
    </p>
   </div>
   <div class='ocr_carea' id='block_1_12' title="bbox 212 1117 1790 1195">
    <p class='ocr_par' dir='ltr' id='par_1_12' title="bbox 212 1117 1790 1195">
     <span class='ocr_line' id='line_1_12' title="bbox 212 1117 1790 1195; baseline 0.006 -25"><span class='ocrx_word' id='word_1_79' title='bbox 212 1117 308 1189; x_wconf 76' lang='grc' dir='ltr'>πῆς</span> <span class='ocrx_word' id='word_1_80' title='bbox 330 1118 424 1189; x_wconf 77' lang='grc' dir='ltr'>τὴν</span> <span class='ocrx_word' id='word_1_81' title='bbox 454 1117 725 1182; x_wconf 80' lang='grc' dir='ltr'>διάνοιαν,</span> <span class='ocrx_word' id='word_1_82' title='bbox 774 1122 867 1174; x_wconf 76' lang='grc' dir='ltr'><strong>καὶ</strong></span> <span class='ocrx_word' id='word_1_83' title='bbox 912 1126 1025 1187; x_wconf 86' lang='grc' dir='ltr'>τοῖς</span> <span class='ocrx_word' id='word_1_84' title='bbox 1057 1123 1408 1195; x_wconf 72' lang='grc' dir='ltr'><strong>ὑψηλοτέροις</strong></span> <span class='ocrx_word' id='word_1_85' title='bbox 1441 1127 1790 1195; x_wconf 80' lang='grc' dir='ltr'>προσϐαίνειν</span> 
     </span>
    </p>
   </div>
   <div class='ocr_carea' id='block_1_13' title="bbox 209 1211 1788 1289">
    <p class='ocr_par' dir='ltr' id='par_1_13' title="bbox 209 1211 1788 1289">
     <span class='ocr_line' id='line_1_13' title="bbox 209 1211 1788 1289; baseline 0.007 -26"><span class='ocrx_word' id='word_1_86' title='bbox 209 1212 298 1281; x_wconf 74' lang='grc' dir='ltr'>οὐχ</span> <span class='ocrx_word' id='word_1_87' title='bbox 324 1211 536 1276; x_wconf 78' lang='grc' dir='ltr'>ἱκανὸς,</span> <span class='ocrx_word' id='word_1_88' title='bbox 571 1212 734 1281; x_wconf 81' lang='grc' dir='ltr'>γενοῦ</span> <span class='ocrx_word' id='word_1_89' title='bbox 772 1215 1090 1286; x_wconf 84' lang='grc' dir='ltr'>Κορίνθιος,</span> <span class='ocrx_word' id='word_1_90' title='bbox 1121 1217 1353 1285; x_wconf 83' lang='grc' dir='ltr'>γάλακτι</span> <span class='ocrx_word' id='word_1_91' title='bbox 1388 1217 1626 1289; x_wconf 81' lang='grc' dir='ltr'>τράφηθι</span> <span class='ocrx_word' id='word_1_92' title='bbox 1651 1219 1788 1289; x_wconf 78' lang='grc'>(75).</span> 
     </span>
    </p>
   </div>
   <div class='ocr_carea' id='block_1_14' title="bbox 211 1303 1792 1379">
    <p class='ocr_par' dir='ltr' id='par_1_14' title="bbox 211 1303 1792 1379">
     <span class='ocr_line' id='line_1_14' title="bbox 211 1303 1792 1379; baseline 0.004 -23"><span class='ocrx_word' id='word_1_93' title='bbox 211 1304 269 1356; x_wconf 86' lang='grc' dir='ltr'><strong>Τί</strong></span> <span class='ocrx_word' id='word_1_94' title='bbox 312 1303 539 1375; x_wconf 76' lang='grc' dir='ltr'><strong>χρῄζεις</strong></span> <span class='ocrx_word' id='word_1_95' title='bbox 565 1306 940 1378; x_wconf 81' lang='grc' dir='ltr'>στερεωτέρας</span> <span class='ocrx_word' id='word_1_96' title='bbox 979 1308 1218 1378; x_wconf 76' lang='grc' dir='ltr'>τροφῆς,</span> <span class='ocrx_word' id='word_1_97' title='bbox 1264 1308 1330 1379; x_wconf 81' lang='grc' dir='ltr'>ἦν</span> <span class='ocrx_word' id='word_1_98' title='bbox 1376 1309 1476 1362; x_wconf 76' lang='grc' dir='ltr'><strong>οὐκ</strong></span> <span class='ocrx_word' id='word_1_99' title='bbox 1515 1310 1792 1363; x_wconf 80' lang='grc' dir='ltr'>ἀναλίσκει</span> 
     </span>
    </p>
   </div>
   <div class='ocr_carea' id='block_1_15' title="bbox 213 1399 1791 1471">
    <p class='ocr_par' dir='ltr' id='par_1_15' title="bbox 213 1399 1791 1471">
     <span class='ocr_line' id='line_1_15' title="bbox 213 1399 1791 1471; baseline 0.003 -20"><span class='ocrx_word' id='word_1_100' title='bbox 213 1399 272 1451; x_wconf 83' lang='grc' dir='ltr'><strong>τά</strong></span> <span class='ocrx_word' id='word_1_101' title='bbox 304 1400 471 1470; x_wconf 83' lang='grc' dir='ltr'>μέλη,</span> <span class='ocrx_word' id='word_1_102' title='bbox 520 1399 619 1452; x_wconf 72' lang='grc' dir='ltr'>καὶ</span> <span class='ocrx_word' id='word_1_103' title='bbox 654 1403 803 1452; x_wconf 82' lang='grc' dir='ltr'>ποιεῖ</span> <span class='ocrx_word' id='word_1_104' title='bbox 841 1400 1048 1470; x_wconf 73' lang='grc' dir='ltr'>τροφὴν</span> <span class='ocrx_word' id='word_1_105' title='bbox 1085 1399 1152 1452; x_wconf 82' lang='grc' dir='ltr'>δι’</span> <span class='ocrx_word' id='word_1_106' title='bbox 1182 1399 1503 1467; x_wconf 74' lang='grc' dir='ltr'>ἀσθέιειαν;</span> <span class='ocrx_word' id='word_1_107' title='bbox 1551 1402 1791 1471; x_wconf 81' lang='grc' dir='ltr'>Φθέγγου</span> 
     </span>
    </p>
   </div>
   <div class='ocr_carea' id='block_1_16' title="bbox 216 1491 1790 1566">
    <p class='ocr_par' dir='ltr' id='par_1_16' title="bbox 216 1491 1790 1566">
     <span class='ocr_line' id='line_1_16' title="bbox 216 1491 1790 1566; baseline 0.004 -23"><span class='ocrx_word' id='word_1_108' title='bbox 216 1491 324 1561; x_wconf 79' lang='grc' dir='ltr'>μὲν,</span> <span class='ocrx_word' id='word_1_109' title='bbox 367 1491 422 1543; x_wconf 79' lang='grc' dir='ltr'>εἰ</span> <span class='ocrx_word' id='word_1_110' title='bbox 443 1508 500 1544; x_wconf 86' lang='grc' dir='ltr'><strong>τι</strong></span> <span class='ocrx_word' id='word_1_111' title='bbox 540 1494 795 1562; x_wconf 82' lang='grc' dir='ltr'>κρεῖττον</span> <span class='ocrx_word' id='word_1_112' title='bbox 834 1492 1047 1562; x_wconf 81' lang='grc' dir='ltr'>σιωπῆς</span> <span class='ocrx_word' id='word_1_113' title='bbox 1082 1492 1226 1563; x_wconf 75' lang='grc' dir='ltr'>ἔχεις</span> <span class='ocrx_word' id='word_1_114' title='bbox 1251 1492 1386 1564; x_wconf 78' lang='grc' dir='ltr'>(καὶ</span> <span class='ocrx_word' id='word_1_115' title='bbox 1411 1493 1520 1566; x_wconf 87' lang='grc' dir='ltr'><strong>γάρ</strong></span> <span class='ocrx_word' id='word_1_116' title='bbox 1544 1495 1604 1548; x_wconf 82' lang='grc' dir='ltr'><strong>τὸ</strong></span> <span class='ocrx_word' id='word_1_117' title='bbox 1635 1496 1790 1560; x_wconf 80' lang='grc' dir='ltr'>τάξιν</span> 
     </span>
    </p>
   </div>
   <div class='ocr_carea' id='block_1_17' title="bbox 215 1580 1792 1654">
    <p class='ocr_par' dir='ltr' id='par_1_17' title="bbox 215 1580 1792 1654">
     <span class='ocr_line' id='line_1_17' title="bbox 215 1580 1792 1654; baseline 0.005 -23"><span class='ocrx_word' id='word_1_118' title='bbox 215 1580 513 1634; x_wconf 79' lang='grc' dir='ltr'>στείλασθαι</span> <span class='ocrx_word' id='word_1_119' title='bbox 574 1581 813 1651; x_wconf 88' lang='grc' dir='ltr'>χείλεσιν</span> <span class='ocrx_word' id='word_1_120' title='bbox 862 1581 1287 1652; x_wconf 84' lang='grc' dir='ltr'>ἐπαινούμενον,</span> <span class='ocrx_word' id='word_1_121' title='bbox 1337 1581 1564 1652; x_wconf 82' lang='grc' dir='ltr'>ἐγνως)·</span> <span class='ocrx_word' id='word_1_122' title='bbox 1600 1586 1792 1654; x_wconf 81' lang='grc' dir='ltr'>ἀγάπα</span> 
     </span>
    </p>
   </div>
   <div class='ocr_carea' id='block_1_18' title="bbox 209 1672 1796 1747">
    <p class='ocr_par' dir='ltr' id='par_1_18' title="bbox 209 1672 1796 1747">
     <span class='ocr_line' id='line_1_18' title="bbox 209 1672 1796 1747; baseline 0.005 -21"><span class='ocrx_word' id='word_1_123' title='bbox 209 1672 262 1726; x_wconf 70' lang='grc' dir='ltr'>δὲ</span> <span class='ocrx_word' id='word_1_124' title='bbox 295 1673 550 1743; x_wconf 77' lang='grc' dir='ltr'>ἡσυχίαν,</span> <span class='ocrx_word' id='word_1_125' title='bbox 589 1674 719 1726; x_wconf 74' lang='grc' dir='ltr'>ἔνθα</span> <span class='ocrx_word' id='word_1_126' title='bbox 747 1677 989 1746; x_wconf 87' lang='grc' dir='ltr'>κρεῖττον</span> <span class='ocrx_word' id='word_1_127' title='bbox 1018 1674 1178 1744; x_wconf 81' lang='grc' dir='ltr'>λόγου</span> <span class='ocrx_word' id='word_1_128' title='bbox 1219 1674 1280 1727; x_wconf 83' lang='grc' dir='ltr'><strong>τὸ</strong></span> <span class='ocrx_word' id='word_1_129' title='bbox 1321 1679 1530 1747; x_wconf 82' lang='grc' dir='ltr'>σιωπᾷν</span> <span class='ocrx_word' id='word_1_130' title='bbox 1550 1694 1562 1706; x_wconf 91' lang='grc'>·</span> <span class='ocrx_word' id='word_1_131' title='bbox 1606 1680 1700 1732; x_wconf 75' lang='grc' dir='ltr'><strong>καὶ</strong></span> <span class='ocrx_word' id='word_1_132' title='bbox 1728 1681 1796 1735; x_wconf 84' lang='grc' dir='ltr'><strong>τά</strong></span> 
     </span>
    </p>
   </div>
   <div class='ocr_carea' id='block_1_19' title="bbox 214 1765 1792 1839">
    <p class='ocr_par' dir='ltr' id='par_1_19' title="bbox 214 1765 1792 1839">
     <span class='ocr_line' id='line_1_19' title="bbox 214 1765 1792 1839; baseline 0.004 -20"><span class='ocrx_word' id='word_1_133' title='bbox 214 1766 303 1836; x_wconf 82' lang='grc' dir='ltr'>μὲν</span> <span class='ocrx_word' id='word_1_134' title='bbox 342 1768 542 1831; x_wconf 73' lang='grc' dir='ltr'>εἰπεῖν,</span> <span class='ocrx_word' id='word_1_135' title='bbox 578 1766 646 1820; x_wconf 82' lang='grc' dir='ltr'><strong>τά</strong></span> <span class='ocrx_word' id='word_1_136' title='bbox 681 1767 739 1820; x_wconf 85' lang='grc' dir='ltr'>δὲ</span> <span class='ocrx_word' id='word_1_137' title='bbox 771 1766 1031 1820; x_wconf 86' lang='grc' dir='ltr'>ἀκοῦσαι·</span> <span class='ocrx_word' id='word_1_138' title='bbox 1079 1767 1175 1820; x_wconf 80' lang='grc' dir='ltr'><strong>καὶ</strong></span> <span class='ocrx_word' id='word_1_139' title='bbox 1225 1765 1296 1819; x_wconf 87' lang='grc' dir='ltr'><strong>τά</strong></span> <span class='ocrx_word' id='word_1_140' title='bbox 1341 1769 1439 1838; x_wconf 85' lang='grc' dir='ltr'>μὲν</span> <span class='ocrx_word' id='word_1_141' title='bbox 1469 1769 1792 1839; x_wconf 78' lang='grc' dir='ltr'>ἐπαινέσαι,</span> 
     </span>
    </p>
   </div>
   <div class='ocr_carea' id='block_1_20' title="bbox 210 1858 1196 1938">
    <p class='ocr_par' dir='ltr' id='par_1_20' title="bbox 210 1858 1196 1938">
     <span class='ocr_line' id='line_1_20' title="bbox 210 1858 1196 1938; baseline 0.004 -27"><span class='ocrx_word' id='word_1_142' title='bbox 210 1859 272 1911; x_wconf 76' lang='grc' dir='ltr'>τὰ</span> <span class='ocrx_word' id='word_1_143' title='bbox 293 1858 346 1911; x_wconf 85' lang='grc' dir='ltr'>δὲ</span> <span class='ocrx_word' id='word_1_144' title='bbox 377 1859 454 1930; x_wconf 83' lang='grc' dir='ltr'><strong>μὴ</strong></span> <span class='ocrx_word' id='word_1_145' title='bbox 486 1861 709 1932; x_wconf 82' lang='grc' dir='ltr'>πικρῶς</span> <span class='ocrx_word' id='word_1_146' title='bbox 740 1858 1196 1938; x_wconf 76' lang='grc' dir='ltr'>ἀποπέμψασθαι.</span> 
     </span>
    </p>
   </div>
   <div class='ocr_carea' id='block_1_21' title="bbox 1889 588 3466 664">
    <p class='ocr_par' dir='ltr' id='par_1_21' title="bbox 1889 588 3466 664">
     <span class='ocr_line' id='line_1_21' title="bbox 1889 588 3466 664; baseline 0.006 -23"><span class='ocrx_word' id='word_1_147' title='bbox 1889 602 2010 642; x_wconf 90' lang='lat' dir='ltr'><strong>cum</strong></span> <span class='ocrx_word' id='word_1_148' title='bbox 2057 588 2304 657; x_wconf 65' lang='lat' dir='ltr'><strong>quaestu?</strong></span> <span class='ocrx_word' id='word_1_149' title='bbox 2356 588 2412 644; x_wconf 88' lang='lat' dir='ltr'><strong>Si</strong></span> <span class='ocrx_word' id='word_1_150' title='bbox 2461 591 2544 644; x_wconf 88' lang='lat' dir='ltr'><strong>vir</strong></span> <span class='ocrx_word' id='word_1_151' title='bbox 2592 593 2888 647; x_wconf 85' lang='lat' dir='ltr'><strong>secundum</strong></span> <span class='ocrx_word' id='word_1_152' title='bbox 2942 594 3221 651; x_wconf 72' lang='lat' dir='ltr'><strong>Christum</strong></span> <span class='ocrx_word' id='word_1_153' title='bbox 3268 611 3357 664; x_wconf 90' lang='lat' dir='ltr'><strong>es,</strong></span> <span class='ocrx_word' id='word_1_154' title='bbox 3411 606 3466 650; x_wconf 86' lang='lat' dir='ltr'><strong>et</strong></span> 
     </span>
    </p>
   </div>
   <div class='ocr_carea' id='block_1_22' title="bbox 1889 680 3468 754">
    <p class='ocr_par' dir='ltr' id='par_1_22' title="bbox 1889 680 3468 754">
     <span class='ocr_line' id='line_1_22' title="bbox 1889 680 3468 754; baseline 0.006 -22"><span class='ocrx_word' id='word_1_155' title='bbox 1889 691 2079 734; x_wconf 87' lang='lat' dir='ltr'><strong>sensus</strong></span> <span class='ocrx_word' id='word_1_156' title='bbox 2104 680 2428 736; x_wconf 81' lang='lat' dir='ltr'><strong>exercitatos</strong></span> <span class='ocrx_word' id='word_1_157' title='bbox 2480 683 2646 737; x_wconf 93' lang='lat' dir='ltr'><strong>babes</strong></span> <span class='ocrx_word' id='word_1_158' title='bbox 2674 683 2737 746; x_wconf 73' lang='grc'><strong>⁸⁷,</strong></span> <span class='ocrx_word' id='word_1_159' title='bbox 2785 699 2849 739; x_wconf 88' lang='lat' dir='ltr'><strong>ac</strong></span> <span class='ocrx_word' id='word_1_160' title='bbox 2895 685 3175 754; x_wconf 86' lang='lat' dir='ltr'><strong>splendido</strong></span> <span class='ocrx_word' id='word_1_161' title='bbox 3227 687 3468 742; x_wconf 59' lang='lat' dir='ltr'><strong>scientia</strong></span> 
     </span>
    </p>
   </div>
   <div class='ocr_carea' id='block_1_23' title="bbox 1890 769 3468 846">
    <p class='ocr_par' dir='ltr' id='par_1_23' title="bbox 1890 769 3468 846">
     <span class='ocr_line' id='line_1_23' title="bbox 1890 769 3468 846; baseline 0.006 -24"><span class='ocrx_word' id='word_1_162' title='bbox 1890 769 2089 824; x_wconf 93' lang='lat' dir='ltr'><strong>lumine</strong></span> <span class='ocrx_word' id='word_1_163' title='bbox 2117 772 2372 838; x_wconf 63' lang='lat' dir='ltr'><strong>praeditus</strong></span> <span class='ocrx_word' id='word_1_164' title='bbox 2417 786 2510 836; x_wconf 91' lang='lat' dir='ltr'><strong>es,</strong></span> <span class='ocrx_word' id='word_1_165' title='bbox 2567 773 2656 826; x_wconf 86' lang='lat' dir='ltr'><strong>Dei</strong></span> <span class='ocrx_word' id='word_1_166' title='bbox 2705 775 3026 842; x_wconf 76' lang='lat' dir='ltr'><strong>sapientiam</strong></span> <span class='ocrx_word' id='word_1_167' title='bbox 3060 777 3308 846; x_wconf 85' lang='lat' dir='ltr'><strong>loquere,</strong></span> <span class='ocrx_word' id='word_1_168' title='bbox 3349 794 3468 846; x_wconf 81' lang='lat' dir='ltr'><strong>quae</strong></span> 
     </span>
    </p>
   </div>
   <div class='ocr_carea' id='block_1_24' title="bbox 1891 859 3468 938">
    <p class='ocr_par' dir='ltr' id='par_1_24' title="bbox 1891 859 3468 938">
     <span class='ocr_line' id='line_1_24' title="bbox 1891 859 3468 938; baseline 0.007 -27"><span class='ocrx_word' id='word_1_169' title='bbox 1891 860 2030 927; x_wconf 89' lang='lat' dir='ltr'><strong>apud</strong></span> <span class='ocrx_word' id='word_1_170' title='bbox 2065 859 2331 929; x_wconf 89' lang='lat' dir='ltr'><strong>perfectos</strong></span> <span class='ocrx_word' id='word_1_171' title='bbox 2355 859 2398 892; x_wconf 67' lang='grc'><strong>⁵⁸</strong></span> <span class='ocrx_word' id='word_1_172' title='bbox 2433 861 2778 930; x_wconf 71' lang='grc' dir='ltr'>ριἀιάἱοιιιιιτ,</span> <span class='ocrx_word' id='word_1_173' title='bbox 2819 875 2874 917; x_wconf 90' lang='lat' dir='ltr'><strong>et</strong></span> <span class='ocrx_word' id='word_1_174' title='bbox 2932 880 3050 934; x_wconf 74' lang='lat' dir='ltr'><strong>quae</strong></span> <span class='ocrx_word' id='word_1_175' title='bbox 3104 867 3156 920; x_wconf 91' lang='lat' dir='ltr'><strong>in</strong></span> <span class='ocrx_word' id='word_1_176' title='bbox 3211 869 3468 938; x_wconf 88' lang='lat' dir='ltr'><strong>mysterio</strong></span> 
     </span>
    </p>
   </div>
   <div class='ocr_carea' id='block_1_25' title="bbox 1892 954 3465 1024">
    <p class='ocr_par' dir='ltr' id='par_1_25' title="bbox 1892 954 3465 1024">
     <span class='ocr_line' id='line_1_25' title="bbox 1892 954 3465 1024; baseline 0.004 -17"><span class='ocrx_word' id='word_1_177' title='bbox 1892 954 2204 1009; x_wconf 88' lang='lat' dir='ltr'><strong>abscondita</strong></span> <span class='ocrx_word' id='word_1_178' title='bbox 2238 962 2348 1021; x_wconf 91' lang='lat' dir='ltr'><strong>est;</strong></span> <span class='ocrx_word' id='word_1_179' title='bbox 2399 954 2561 1024; x_wconf 84' lang='lat' dir='ltr'><strong>idque</strong></span> <span class='ocrx_word' id='word_1_180' title='bbox 2614 955 2683 1008; x_wconf 91' lang='lat' dir='ltr'><strong>ila</strong></span> <span class='ocrx_word' id='word_1_181' title='bbox 2736 957 2982 1023; x_wconf 86' lang='lat' dir='ltr'><strong>demum,</strong></span> <span class='ocrx_word' id='word_1_182' title='bbox 3027 959 3074 1013; x_wconf 92' lang='lat' dir='ltr'><strong>si</strong></span> <span class='ocrx_word' id='word_1_183' title='bbox 3125 963 3465 1015; x_wconf 90' lang='lat' dir='ltr'><strong>commodum</strong></span> 
     </span>
    </p>
   </div>
   <div class='ocr_carea' id='block_1_26' title="bbox 1893 1044 3467 1116">
    <p class='ocr_par' dir='ltr' id='par_1_26' title="bbox 1893 1044 3467 1116">
     <span class='ocr_line' id='line_1_26' title="bbox 1893 1044 3467 1116; baseline 0.004 -16"><span class='ocrx_word' id='word_1_184' title='bbox 1893 1055 2102 1114; x_wconf 78' lang='lat' dir='ltr'><strong>tempus</strong></span> <span class='ocrx_word' id='word_1_185' title='bbox 2129 1055 2317 1100; x_wconf 89' lang='lat' dir='ltr'><strong>nactus</strong></span> <span class='ocrx_word' id='word_1_186' title='bbox 2346 1044 2534 1110; x_wconf 87' lang='lat' dir='ltr'><strong>fueris,</strong></span> <span class='ocrx_word' id='word_1_187' title='bbox 2569 1062 2797 1116; x_wconf 82' lang='lat' dir='ltr'><strong>eamque</strong></span> <span class='ocrx_word' id='word_1_188' title='bbox 2833 1048 2952 1104; x_wconf 83' lang='lat' dir='ltr'><strong>ﬁdei</strong></span> <span class='ocrx_word' id='word_1_189' title='bbox 2988 1059 3089 1104; x_wconf 71' lang='lat' dir='ltr'><strong>tum</strong></span> <span class='ocrx_word' id='word_1_190' title='bbox 3121 1053 3467 1107; x_wconf 87' lang='lat' dir='ltr'><strong>commissam</strong></span> 
     </span>
    </p>
   </div>
   <div class='ocr_carea' id='block_1_27' title="bbox 1895 1137 3464 1210">
    <p class='ocr_par' dir='ltr' id='par_1_27' title="bbox 1895 1137 3464 1210">
     <span class='ocr_line' id='line_1_27' title="bbox 1895 1137 3464 1210; baseline 0.004 -20"><span class='ocrx_word' id='word_1_191' title='bbox 1895 1137 2165 1192; x_wconf 82' lang='lat' dir='ltr'><strong>habueris.</strong></span> <span class='ocrx_word' id='word_1_192' title='bbox 2199 1137 2335 1204; x_wconf 83' lang='lat' dir='ltr'><strong>Quid</strong></span> <span class='ocrx_word' id='word_1_193' title='bbox 2371 1138 2514 1192; x_wconf 91' lang='lat' dir='ltr'><strong>enim</strong></span> <span class='ocrx_word' id='word_1_194' title='bbox 2561 1153 2589 1191; x_wconf 90' lang='lat' dir='ltr'><strong>a</strong></span> <span class='ocrx_word' id='word_1_195' title='bbox 2625 1140 2800 1208; x_wconf 89' lang='lat' dir='ltr'><strong>teipso</strong></span> <span class='ocrx_word' id='word_1_196' title='bbox 2829 1139 3017 1205; x_wconf 88' lang='lat' dir='ltr'><strong>habes,</strong></span> <span class='ocrx_word' id='word_1_197' title='bbox 3060 1141 3201 1210; x_wconf 88' lang='lat' dir='ltr'><strong>quod</strong></span> <span class='ocrx_word' id='word_1_198' title='bbox 3239 1144 3333 1198; x_wconf 89' lang='lat' dir='ltr'><strong>tibi</strong></span> <span class='ocrx_word' id='word_1_199' title='bbox 3365 1145 3464 1197; x_wconf 90' lang='lat' dir='ltr'><strong>da-</strong></span> 
     </span>
    </p>
   </div>
   <div class='ocr_carea' id='block_1_28' title="bbox 1897 1229 3469 1300">
    <p class='ocr_par' dir='ltr' id='par_1_28' title="bbox 1897 1229 3469 1300">
     <span class='ocr_line' id='line_1_28' title="bbox 1897 1229 3469 1300; baseline 0.004 -18"><span class='ocrx_word' id='word_1_200' title='bbox 1897 1237 2007 1283; x_wconf 92' lang='lat' dir='ltr'><strong>tum</strong></span> <span class='ocrx_word' id='word_1_201' title='bbox 2030 1243 2134 1283; x_wconf 91' lang='lat' dir='ltr'><strong>non</strong></span> <span class='ocrx_word' id='word_1_202' title='bbox 2157 1229 2337 1293; x_wconf 90' lang='lat' dir='ltr'><strong>fuerit,</strong></span> <span class='ocrx_word' id='word_1_203' title='bbox 2371 1239 2423 1283; x_wconf 88' lang='lat' dir='ltr'><strong>et</strong></span> <span class='ocrx_word' id='word_1_204' title='bbox 2447 1230 2594 1298; x_wconf 90' lang='lat' dir='ltr'><strong>quod</strong></span> <span class='ocrx_word' id='word_1_205' title='bbox 2627 1245 2733 1284; x_wconf 91' lang='lat' dir='ltr'><strong>non</strong></span> <span class='ocrx_word' id='word_1_206' title='bbox 2764 1232 3040 1300; x_wconf 81' lang='lat' dir='ltr'><strong>acceperis</strong></span> <span class='ocrx_word' id='word_1_207' title='bbox 3055 1233 3138 1286; x_wconf 64' lang='lat'><strong>&quot;1&#39;</strong></span> <span class='ocrx_word' id='word_1_208' title='bbox 3167 1233 3260 1288; x_wconf 91' lang='lat' dir='ltr'><strong>Sin</strong></span> <span class='ocrx_word' id='word_1_209' title='bbox 3287 1245 3469 1289; x_wconf 89' lang='lat' dir='ltr'><strong>autem</strong></span> 
     </span>
    </p>
   </div>
   <div class='ocr_carea' id='block_1_29' title="bbox 1894 1321 3474 1396">
    <p class='ocr_par' dir='ltr' id='par_1_29' title="bbox 1894 1321 3474 1396">
     <span class='ocr_line' id='line_1_29' title="bbox 1894 1321 3474 1396; baseline 0.004 -20"><span class='ocrx_word' id='word_1_210' title='bbox 1894 1329 2052 1376; x_wconf 67' lang='lat' dir='ltr'><strong>attate</strong></span> <span class='ocrx_word' id='word_1_211' title='bbox 2096 1321 2273 1376; x_wconf 89' lang='lat' dir='ltr'><strong>adhuc</strong></span> <span class='ocrx_word' id='word_1_212' title='bbox 2322 1329 2506 1375; x_wconf 91' lang='lat' dir='ltr'><strong>tenera</strong></span> <span class='ocrx_word' id='word_1_213' title='bbox 2552 1336 2631 1388; x_wconf 82' lang='lat' dir='ltr'><strong>es,</strong></span> <span class='ocrx_word' id='word_1_214' title='bbox 2689 1330 2852 1391; x_wconf 89' lang='lat' dir='ltr'><strong>atque</strong></span> <span class='ocrx_word' id='word_1_215' title='bbox 2910 1323 3103 1378; x_wconf 89' lang='lat' dir='ltr'><strong>humili</strong></span> <span class='ocrx_word' id='word_1_216' title='bbox 3160 1334 3215 1379; x_wconf 89' lang='lat' dir='ltr'><strong>et</strong></span> <span class='ocrx_word' id='word_1_217' title='bbox 3266 1325 3474 1396; x_wconf 87' lang='lat' dir='ltr'><strong>abjecto</strong></span> 
     </span>
    </p>
   </div>
   <div class='ocr_carea' id='block_1_30' title="bbox 1897 1410 3475 1484">
    <p class='ocr_par' dir='ltr' id='par_1_30' title="bbox 1897 1410 3475 1484">
     <span class='ocr_line' id='line_1_30' title="bbox 1897 1410 3475 1484; baseline 0.006 -21"><span class='ocrx_word' id='word_1_218' title='bbox 1897 1410 2100 1475; x_wconf 88' lang='lat' dir='ltr'><strong>animo,</strong></span> <span class='ocrx_word' id='word_1_219' title='bbox 2127 1411 2438 1481; x_wconf 78' lang='lat' dir='ltr'><strong>viribusque</strong></span> <span class='ocrx_word' id='word_1_220' title='bbox 2473 1411 2893 1479; x_wconf 87' lang='lat' dir='ltr'><strong>infirmioribus,</strong></span> <span class='ocrx_word' id='word_1_221' title='bbox 2925 1430 3086 1484; x_wconf 91' lang='lat' dir='ltr'><strong>quam</strong></span> <span class='ocrx_word' id='word_1_222' title='bbox 3123 1425 3179 1469; x_wconf 93' lang='lat' dir='ltr'><strong>ut</strong></span> <span class='ocrx_word' id='word_1_223' title='bbox 3209 1418 3274 1470; x_wconf 89' lang='lat' dir='ltr'><strong>ad</strong></span> <span class='ocrx_word' id='word_1_224' title='bbox 3306 1417 3475 1472; x_wconf 80' lang='lat' dir='ltr'><strong>subli-</strong></span> 
     </span>
    </p>
   </div>
   <div class='ocr_carea' id='block_1_31' title="bbox 1897 1505 3471 1575">
    <p class='ocr_par' dir='ltr' id='par_1_31' title="bbox 1897 1505 3471 1575">
     <span class='ocr_line' id='line_1_31' title="bbox 1897 1505 3471 1575; baseline 0.004 -17"><span class='ocrx_word' id='word_1_225' title='bbox 1897 1505 2066 1560; x_wconf 91' lang='lat' dir='ltr'><strong>miora</strong></span> <span class='ocrx_word' id='word_1_226' title='bbox 2109 1506 2354 1574; x_wconf 80' lang='lat' dir='ltr'><strong>progredi</strong></span> <span class='ocrx_word' id='word_1_227' title='bbox 2403 1506 2608 1574; x_wconf 83' lang='lat' dir='ltr'><strong>possis,</strong></span> <span class='ocrx_word' id='word_1_228' title='bbox 2648 1507 2962 1562; x_wconf 86' lang='lat' dir='ltr'><strong>Corinthius</strong></span> <span class='ocrx_word' id='word_1_229' title='bbox 3002 1518 3152 1575; x_wconf 90' lang='lat' dir='ltr'><strong>esto,</strong></span> <span class='ocrx_word' id='word_1_230' title='bbox 3207 1510 3337 1564; x_wconf 88' lang='lat' dir='ltr'><strong>satis</strong></span> <span class='ocrx_word' id='word_1_231' title='bbox 3376 1510 3471 1564; x_wconf 83' lang='lat' dir='ltr'><strong>tibi</strong></span> 
     </span>
    </p>
   </div>
   <div class='ocr_carea' id='block_1_32' title="bbox 1899 1595 3458 1670">
    <p class='ocr_par' dir='ltr' id='par_1_32' title="bbox 1899 1595 3458 1670">
     <span class='ocr_line' id='line_1_32' title="bbox 1899 1595 3458 1670; baseline 0.001 -19"><span class='ocrx_word' id='word_1_232' title='bbox 1899 1596 1968 1651; x_wconf 86' lang='lat' dir='ltr'><strong>sit</strong></span> <span class='ocrx_word' id='word_1_233' title='bbox 1996 1595 2133 1651; x_wconf 91' lang='lat' dir='ltr'><strong>lacte</strong></span> <span class='ocrx_word' id='word_1_234' title='bbox 2161 1597 2351 1651; x_wconf 88' lang='lat' dir='ltr'><strong>nutriri</strong></span> <span class='ocrx_word' id='word_1_235' title='bbox 2378 1598 2443 1650; x_wconf 83' lang='lat'><strong>&#39;°.</strong></span> <span class='ocrx_word' id='word_1_236' title='bbox 2484 1598 2619 1665; x_wconf 83' lang='lat' dir='ltr'><strong>Quid</strong></span> <span class='ocrx_word' id='word_1_237' title='bbox 2655 1599 2968 1655; x_wconf 88' lang='lat' dir='ltr'><strong>solidiorem</strong></span> <span class='ocrx_word' id='word_1_238' title='bbox 3000 1600 3178 1654; x_wconf 89' lang='lat' dir='ltr'><strong>cibum</strong></span> <span class='ocrx_word' id='word_1_239' title='bbox 3208 1603 3417 1670; x_wconf 81' lang='lat' dir='ltr'><strong>expetis</strong></span> <span class='ocrx_word' id='word_1_240' title='bbox 3441 1641 3458 1666; x_wconf 94' lang='lat'><strong>,</strong></span> 
     </span>
    </p>
   </div>
   <div class='ocr_carea' id='block_1_33' title="bbox 1901 1690 3471 1762">
    <p class='ocr_par' dir='ltr' id='par_1_33' title="bbox 1901 1690 3471 1762">
     <span class='ocr_line' id='line_1_33' title="bbox 1901 1690 3471 1762; baseline 0.005 -24"><span class='ocrx_word' id='word_1_241' title='bbox 1901 1701 2056 1756; x_wconf 86' lang='lat' dir='ltr'><strong>quem</strong></span> <span class='ocrx_word' id='word_1_242' title='bbox 2091 1691 2331 1742; x_wconf 89' lang='lat' dir='ltr'><strong>membra</strong></span> <span class='ocrx_word' id='word_1_243' title='bbox 2365 1705 2473 1757; x_wconf 75' lang='lat' dir='ltr'><strong>pra:</strong></span> <span class='ocrx_word' id='word_1_244' title='bbox 2501 1690 2874 1745; x_wconf 86' lang='lat' dir='ltr'><strong>imbecillitate</strong></span> <span class='ocrx_word' id='word_1_245' title='bbox 2904 1692 3191 1758; x_wconf 90' lang='lat' dir='ltr'><strong>conficere,</strong></span> <span class='ocrx_word' id='word_1_246' title='bbox 3225 1701 3387 1762; x_wconf 84' lang='lat' dir='ltr'><strong>atque</strong></span> <span class='ocrx_word' id='word_1_247' title='bbox 3419 1693 3471 1746; x_wconf 90' lang='lat' dir='ltr'><strong>in</strong></span> 
     </span>
    </p>
   </div>
   <div class='ocr_carea' id='block_1_34' title="bbox 1903 1777 3472 1850">
    <p class='ocr_par' dir='ltr' id='par_1_34' title="bbox 1903 1777 3472 1850">
     <span class='ocr_line' id='line_1_34' title="bbox 1903 1777 3472 1850; baseline 0.003 -22"><span class='ocrx_word' id='word_1_248' title='bbox 1903 1777 2213 1831; x_wconf 82' lang='lat' dir='ltr'><strong>alimentum</strong></span> <span class='ocrx_word' id='word_1_249' title='bbox 2241 1789 2451 1832; x_wconf 85' lang='lat' dir='ltr'><strong>vertere</strong></span> <span class='ocrx_word' id='word_1_250' title='bbox 2484 1779 2787 1847; x_wconf 84' lang='lat' dir='ltr'><strong>nequeant?</strong></span> <span class='ocrx_word' id='word_1_251' title='bbox 2817 1779 3062 1850; x_wconf 85' lang='lat' dir='ltr'><strong>Loquere</strong></span> <span class='ocrx_word' id='word_1_252' title='bbox 3087 1796 3234 1844; x_wconf 85' lang='lat' dir='ltr'><strong>sane,</strong></span> <span class='ocrx_word' id='word_1_253' title='bbox 3273 1782 3318 1836; x_wconf 90' lang='lat' dir='ltr'><strong>si</strong></span> <span class='ocrx_word' id='word_1_254' title='bbox 3346 1780 3472 1850; x_wconf 88' lang='lat' dir='ltr'><strong>quid</strong></span> 
     </span>
    </p>
   </div>
   <div class='ocr_carea' id='block_1_35' title="bbox 1896 1867 3471 1942">
    <p class='ocr_par' dir='ltr' id='par_1_35' title="bbox 1896 1867 3471 1942">
     <span class='ocr_line' id='line_1_35' title="bbox 1896 1867 3471 1942; baseline 0.003 -22"><span class='ocrx_word' id='word_1_255' title='bbox 1896 1867 2110 1922; x_wconf 89' lang='lat' dir='ltr'><strong>silentio</strong></span> <span class='ocrx_word' id='word_1_256' title='bbox 2145 1869 2336 1922; x_wconf 89' lang='lat' dir='ltr'><strong>melius</strong></span> <span class='ocrx_word' id='word_1_257' title='bbox 2377 1869 2828 1931; x_wconf 73' lang='lat' dir='ltr'><strong>eLexcellentius</strong></span> <span class='ocrx_word' id='word_1_258' title='bbox 2869 1871 3036 1926; x_wconf 85' lang='lat' dir='ltr'><strong>habes</strong></span> <span class='ocrx_word' id='word_1_259' title='bbox 3079 1869 3290 1942; x_wconf 87' lang='lat' dir='ltr'><strong>(neque</strong></span> <span class='ocrx_word' id='word_1_260' title='bbox 3323 1873 3471 1925; x_wconf 91' lang='lat' dir='ltr'><strong>enim</strong></span> 
     </span>
    </p>
   </div>
   <div class='ocr_carea' id='block_1_36' title="bbox 215 1951 3475 2032">
    <p class='ocr_par' dir='ltr' id='par_1_36' title="bbox 215 1951 3475 2032">
     <span class='ocr_line' id='line_1_36' title="bbox 215 1951 3475 2032; baseline 0.004 -29"><span class='ocrx_word' id='word_1_261' title='bbox 215 1963 262 2004; x_wconf 88' lang='lat' dir='ltr'><strong>te</strong></span> <span class='ocrx_word' id='word_1_262' title='bbox 300 1952 432 2021; x_wconf 82' lang='lat' dir='ltr'><strong>fugit</strong></span> <span class='ocrx_word' id='word_1_263' title='bbox 479 1952 630 2004; x_wconf 84' lang='lat' dir='ltr'><strong>laudi</strong></span> <span class='ocrx_word' id='word_1_264' title='bbox 687 1953 846 2018; x_wconf 89' lang='lat' dir='ltr'><strong>duci,</strong></span> <span class='ocrx_word' id='word_1_265' title='bbox 885 1952 930 2006; x_wconf 91' lang='lat' dir='ltr'><strong>si</strong></span> <span class='ocrx_word' id='word_1_266' title='bbox 973 1953 1094 2021; x_wconf 87' lang='lat' dir='ltr'><strong>quis</strong></span> <span class='ocrx_word' id='word_1_267' title='bbox 1140 1955 1384 2008; x_wconf 86' lang='lat' dir='ltr'><strong>ordinem</strong></span> <span class='ocrx_word' id='word_1_268' title='bbox 1457 1951 1613 2008; x_wconf 89' lang='lat' dir='ltr'><strong>labiis</strong></span> <span class='ocrx_word' id='word_1_269' title='bbox 1659 1956 1914 2013; x_wconf 85' lang='lat' dir='ltr'><strong>adhibeat</strong></span> <span class='ocrx_word' id='word_1_270' title='bbox 1945 1959 1990 1990; x_wconf 80' lang='grc'><strong>⁵¹</strong></span> <span class='ocrx_word' id='word_1_271' title='bbox 2019 1959 2060 2030; x_wconf 93' lang='grc'>),</span> <span class='ocrx_word' id='word_1_272' title='bbox 2132 1970 2188 2014; x_wconf 89' lang='lat' dir='ltr'><strong>at</strong></span> <span class='ocrx_word' id='word_1_273' title='bbox 2239 1962 2328 2014; x_wconf 90' lang='lat' dir='ltr'><strong>ubi</strong></span> <span class='ocrx_word' id='word_1_274' title='bbox 2406 1961 2567 2015; x_wconf 89' lang='lat' dir='ltr'><strong>silere</strong></span> <span class='ocrx_word' id='word_1_275' title='bbox 2610 1971 2875 2030; x_wconf 81' lang='lat' dir='ltr'><strong>praestat,</strong></span> <span class='ocrx_word' id='word_1_276' title='bbox 2906 1977 3064 2032; x_wconf 90' lang='lat' dir='ltr'><strong>quam</strong></span> <span class='ocrx_word' id='word_1_277' title='bbox 3091 1952 3279 2032; x_wconf 80' lang='lat' dir='ltr'><strong>loqui,</strong></span> <span class='ocrx_word' id='word_1_278' title='bbox 3309 1963 3475 2018; x_wconf 88' lang='lat' dir='ltr'><strong>silen-</strong></span> 
     </span>
    </p>
   </div>
   <div class='ocr_carea' id='block_1_37' title="bbox 216 2042 3474 2128">
    <p class='ocr_par' dir='ltr' id='par_1_37' title="bbox 216 2042 3474 2128">
     <span class='ocr_line' id='line_1_37' title="bbox 216 2042 3474 2128; baseline 0.004 -35"><span class='ocrx_word' id='word_1_279' title='bbox 216 2043 338 2095; x_wconf 85' lang='lat' dir='ltr'><strong>tium</strong></span> <span class='ocrx_word' id='word_1_280' title='bbox 367 2042 760 2114; x_wconf 91' lang='lat' dir='ltr'><strong>complectere.</strong></span> <span class='ocrx_word' id='word_1_281' title='bbox 787 2043 962 2113; x_wconf 86' lang='lat' dir='ltr'><strong>Atque</strong></span> <span class='ocrx_word' id='word_1_282' title='bbox 996 2042 1098 2097; x_wconf 86' lang='lat' dir='ltr'><strong>alia</strong></span> <span class='ocrx_word' id='word_1_283' title='bbox 1127 2043 1307 2120; x_wconf 77' lang='lat' dir='ltr'><strong>dicere</strong></span> <span class='ocrx_word' id='word_1_284' title='bbox 1329 2059 1498 2108; x_wconf 89' lang='lat' dir='ltr'><strong>ames,</strong></span> <span class='ocrx_word' id='word_1_285' title='bbox 1539 2044 1642 2100; x_wconf 88' lang='lat' dir='ltr'><strong>alia</strong></span> <span class='ocrx_word' id='word_1_286' title='bbox 1681 2049 1897 2118; x_wconf 87' lang='lat' dir='ltr'><strong>audire;</strong></span> <span class='ocrx_word' id='word_1_287' title='bbox 1926 2050 2030 2105; x_wconf 89' lang='lat' dir='ltr'><strong>alia</strong></span> <span class='ocrx_word' id='word_1_288' title='bbox 2060 2050 2310 2107; x_wconf 88' lang='lat' dir='ltr'><strong>laudibus</strong></span> <span class='ocrx_word' id='word_1_289' title='bbox 2337 2051 2588 2117; x_wconf 83' lang='lat' dir='ltr'><strong>evehere,</strong></span> <span class='ocrx_word' id='word_1_290' title='bbox 2648 2050 2776 2121; x_wconf 86' lang='lat' dir='ltr'><strong>alia,</strong></span> <span class='ocrx_word' id='word_1_291' title='bbox 2841 2066 2947 2107; x_wconf 87' lang='lat' dir='ltr'><strong>non</strong></span> <span class='ocrx_word' id='word_1_292' title='bbox 3016 2061 3195 2109; x_wconf 88' lang='lat' dir='ltr'><strong>tamen</strong></span> <span class='ocrx_word' id='word_1_293' title='bbox 3257 2055 3474 2128; x_wconf 69' lang='lat' dir='ltr'><strong>acerbe,</strong></span> 
     </span>
    </p>
   </div>
   <div class='ocr_carea' id='block_1_38' title="bbox 215 2135 837 2204">
    <p class='ocr_par' dir='ltr' id='par_1_38' title="bbox 215 2135 837 2204">
     <span class='ocr_line' id='line_1_38' title="bbox 215 2135 837 2204; baseline 0.003 -18"><span class='ocrx_word' id='word_1_294' title='bbox 215 2135 456 2204; x_wconf 78' lang='lat' dir='ltr'><strong>ablegare</strong></span> <span class='ocrx_word' id='word_1_295' title='bbox 487 2150 559 2189; x_wconf 90' lang='lat' dir='ltr'><strong>ac</strong></span> <span class='ocrx_word' id='word_1_296' title='bbox 592 2135 837 2204; x_wconf 87' lang='lat' dir='ltr'><strong>rejicere.</strong></span> 
     </span>
    </p>
   </div>
   <div class='ocr_carea' id='block_1_39' title="bbox 286 2227 1796 2302">
    <p class='ocr_par' dir='ltr' id='par_1_39' title="bbox 286 2227 1796 2302">
     <span class='ocr_line' id='line_1_39' title="bbox 286 2227 1796 2302; baseline 0.003 -22"><span class='ocrx_word' id='word_1_297' title='bbox 286 2229 382 2280; x_wconf 65' lang='grc' dir='ltr'><strong>ΙΝ.</strong></span> <span class='ocrx_word' id='word_1_298' title='bbox 431 2228 553 2282; x_wconf 84' lang='grc' dir='ltr'>Οὐκ</span> <span class='ocrx_word' id='word_1_299' title='bbox 593 2227 706 2280; x_wconf 82' lang='grc' dir='ltr'>ίστε</span> <span class='ocrx_word' id='word_1_300' title='bbox 752 2227 846 2281; x_wconf 87' lang='grc' dir='ltr'><strong>τὸν</strong></span> <span class='ocrx_word' id='word_1_301' title='bbox 872 2227 1060 2297; x_wconf 84' lang='grc' dir='ltr'>ἀγῶνα</span> <span class='ocrx_word' id='word_1_302' title='bbox 1089 2227 1180 2280; x_wconf 77' lang='grc' dir='ltr'><strong>τὸν</strong></span> <span class='ocrx_word' id='word_1_303' title='bbox 1226 2229 1522 2300; x_wconf 76' lang='grc' dir='ltr'>ἡμέτερον,</span> <span class='ocrx_word' id='word_1_304' title='bbox 1556 2231 1796 2302; x_wconf 76' lang='grc' dir='ltr'>ἀδελφοὶ,</span> 
     </span>
    </p>
   </div>
   <div class='ocr_carea' id='block_1_40' title="bbox 213 2315 1798 2389">
    <p class='ocr_par' dir='ltr' id='par_1_40' title="bbox 213 2315 1798 2389">
     <span class='ocr_line' id='line_1_40' title="bbox 213 2315 1798 2389; baseline 0.005 -20"><span class='ocrx_word' id='word_1_305' title='bbox 213 2316 312 2370; x_wconf 83' lang='grc' dir='ltr'>τῶν</span> <span class='ocrx_word' id='word_1_306' title='bbox 358 2316 616 2388; x_wconf 77' lang='grc' dir='ltr'>σοϐαρῶς</span> <span class='ocrx_word' id='word_1_307' title='bbox 654 2316 887 2371; x_wconf 86' lang='grc' dir='ltr'>ἐνταῦθα</span> <span class='ocrx_word' id='word_1_308' title='bbox 929 2315 1440 2389; x_wconf 82' lang='grc' dir='ltr'>προκαθεζομένων,</span> <span class='ocrx_word' id='word_1_309' title='bbox 1486 2322 1579 2374; x_wconf 68' lang='grc' dir='ltr'><strong>καὶ</strong></span> <span class='ocrx_word' id='word_1_310' title='bbox 1625 2323 1798 2376; x_wconf 86' lang='grc' dir='ltr'>ταῦτα</span> 
     </span>
    </p>
   </div>
   <div class='ocr_carea' id='block_1_41' title="bbox 211 2407 1798 2486">
    <p class='ocr_par' dir='ltr' id='par_1_41' title="bbox 211 2407 1798 2486">
     <span class='ocr_line' id='line_1_41' title="bbox 211 2407 1798 2486; baseline 0.004 -24"><span class='ocrx_word' id='word_1_311' title='bbox 211 2407 644 2480; x_wconf 80' lang='grc' dir='ltr'>νομοθετούντων</span> <span class='ocrx_word' id='word_1_312' title='bbox 671 2409 799 2480; x_wconf 84' lang='grc' dir='ltr'>ὑμῖν</span> <span class='ocrx_word' id='word_1_313' title='bbox 819 2411 931 2473; x_wconf 87' lang='grc' dir='ltr'>τοῖς</span> <span class='ocrx_word' id='word_1_314' title='bbox 953 2409 1188 2474; x_wconf 89' lang='grc' dir='ltr'>πολλοῖς.</span> <span class='ocrx_word' id='word_1_315' title='bbox 1219 2411 1379 2481; x_wconf 83' lang='grc' dir='ltr'>Τάχα</span> <span class='ocrx_word' id='word_1_316' title='bbox 1408 2412 1464 2464; x_wconf 83' lang='grc' dir='ltr'><strong>δέ</strong></span> <span class='ocrx_word' id='word_1_317' title='bbox 1494 2413 1614 2466; x_wconf 81' lang='grc' dir='ltr'>οὐδὲ</span> <span class='ocrx_word' id='word_1_318' title='bbox 1641 2416 1798 2486; x_wconf 82' lang='grc' dir='ltr'>ἡμῶν</span> 
     </span>
    </p>
   </div>
   <div class='ocr_carea' id='block_1_42' title="bbox 215 2503 1794 2579">
    <p class='ocr_par' dir='ltr' id='par_1_42' title="bbox 215 2503 1794 2579">
     <span class='ocr_line' id='line_1_42' title="bbox 215 2503 1794 2579; baseline 0.003 -23"><span class='ocrx_word' id='word_1_319' title='bbox 215 2503 386 2557; x_wconf 83' lang='grc' dir='ltr'>αὐτῶν</span> <span class='ocrx_word' id='word_1_320' title='bbox 444 2506 494 2558; x_wconf 89' lang='grc' dir='ltr'><strong>οί</strong></span> <span class='ocrx_word' id='word_1_321' title='bbox 561 2505 780 2569; x_wconf 85' lang='grc' dir='ltr'>πλείους</span> <span class='ocrx_word' id='word_1_322' title='bbox 825 2505 1208 2578; x_wconf 81' lang='grc' dir='ltr'>γιγνώσκομεν</span> <span class='ocrx_word' id='word_1_323' title='bbox 1270 2507 1332 2578; x_wconf 86' lang='grc' dir='ltr'>(ὃ</span> <span class='ocrx_word' id='word_1_324' title='bbox 1386 2509 1482 2560; x_wconf 79' lang='grc' dir='ltr'><strong>καὶ</strong></span> <span class='ocrx_word' id='word_1_325' title='bbox 1535 2507 1794 2579; x_wconf 76' lang='grc' dir='ltr'>δακρύειν</span> 
     </span>
    </p>
   </div>
   <div class='ocr_carea' id='block_1_43' title="bbox 215 2592 1798 2671">
    <p class='ocr_par' dir='ltr' id='par_1_43' title="bbox 215 2592 1798 2671">
     <span class='ocr_line' id='line_1_43' title="bbox 215 2592 1798 2671; baseline 0.001 -20"><span class='ocrx_word' id='word_1_326' title='bbox 215 2596 353 2664; x_wconf 75' lang='grc' dir='ltr'>ἄξιον</span> <span class='ocrx_word' id='word_1_327' title='bbox 374 2597 415 2668; x_wconf 89' lang='grc'>),</span> <span class='ocrx_word' id='word_1_328' title='bbox 475 2599 637 2661; x_wconf 79' lang='grc' dir='ltr'>ὅπως</span> <span class='ocrx_word' id='word_1_329' title='bbox 687 2592 837 2669; x_wconf 69' lang='grc' dir='ltr'>παρὰ</span> <span class='ocrx_word' id='word_1_330' title='bbox 882 2598 1002 2670; x_wconf 82' lang='grc' dir='ltr'><strong>Θεῷ</strong></span> <span class='ocrx_word' id='word_1_331' title='bbox 1057 2598 1446 2654; x_wconf 88' lang='grc' dir='ltr'>ταλαντεύεται</span> <span class='ocrx_word' id='word_1_332' title='bbox 1497 2601 1592 2654; x_wconf 74' lang='grc' dir='ltr'><strong>καὶ</strong></span> <span class='ocrx_word' id='word_1_333' title='bbox 1620 2601 1798 2671; x_wconf 79' lang='grc' dir='ltr'>νόημα</span> 
     </span>
    </p>
   </div>
   <div class='ocr_carea' id='block_1_44' title="bbox 216 2691 1792 2764">
    <p class='ocr_par' dir='ltr' id='par_1_44' title="bbox 216 2691 1792 2764">
     <span class='ocr_line' id='line_1_44' title="bbox 216 2691 1792 2764; baseline -0.001 -20"><span class='ocrx_word' id='word_1_334' title='bbox 216 2693 333 2756; x_wconf 74' lang='grc' dir='ltr'>πᾶν,</span> <span class='ocrx_word' id='word_1_335' title='bbox 362 2691 456 2744; x_wconf 75' lang='grc' dir='ltr'>καὶ</span> <span class='ocrx_word' id='word_1_336' title='bbox 478 2691 664 2760; x_wconf 85' lang='grc' dir='ltr'>λόγος,</span> <span class='ocrx_word' id='word_1_337' title='bbox 689 2692 784 2746; x_wconf 76' lang='grc' dir='ltr'><strong>καὶ</strong></span> <span class='ocrx_word' id='word_1_338' title='bbox 811 2691 1028 2763; x_wconf 82' lang='grc' dir='ltr'>πρᾶξις·</span> <span class='ocrx_word' id='word_1_339' title='bbox 1061 2694 1154 2746; x_wconf 79' lang='grc' dir='ltr'><strong>καὶ</strong></span> <span class='ocrx_word' id='word_1_340' title='bbox 1186 2692 1247 2744; x_wconf 83' lang='grc' dir='ltr'><strong>οὐ</strong></span> <span class='ocrx_word' id='word_1_341' title='bbox 1280 2693 1430 2764; x_wconf 83' lang='grc' dir='ltr'><strong>παρά</strong></span> <span class='ocrx_word' id='word_1_342' title='bbox 1461 2693 1580 2763; x_wconf 84' lang='grc' dir='ltr'>Θεῷ</span> <span class='ocrx_word' id='word_1_343' title='bbox 1609 2693 1792 2764; x_wconf 83' lang='grc' dir='ltr'>μόνον,</span> 
     </span>
    </p>
   </div>
   <div class='ocr_carea' id='block_1_45' title="bbox 215 2773 1799 2856">
    <p class='ocr_par' dir='ltr' id='par_1_45' title="bbox 215 2773 1799 2856">
     <span class='ocr_line' id='line_1_45' title="bbox 215 2773 1799 2856; baseline -0.001 -19"><span class='ocrx_word' id='word_1_344' title='bbox 215 2783 343 2837; x_wconf 81' lang='grc' dir='ltr'>ἀλλὰ</span> <span class='ocrx_word' id='word_1_345' title='bbox 379 2785 473 2838; x_wconf 81' lang='grc' dir='ltr'><strong>καὶ</strong></span> <span class='ocrx_word' id='word_1_346' title='bbox 506 2784 622 2837; x_wconf 84' lang='grc' dir='ltr'><strong>τῶν</strong></span> <span class='ocrx_word' id='word_1_347' title='bbox 666 2783 971 2856; x_wconf 82' lang='grc' dir='ltr'>ἀνθρώπων</span> <span class='ocrx_word' id='word_1_348' title='bbox 1006 2786 1120 2847; x_wconf 87' lang='grc' dir='ltr'>τοῖς</span> <span class='ocrx_word' id='word_1_349' title='bbox 1151 2783 1456 2847; x_wconf 73' lang='grc' dir='ltr'>πλείστοις-⁸</span> <span class='ocrx_word' id='word_1_350' title='bbox 1492 2785 1541 2836; x_wconf 82' lang='grc' dir='ltr'>οἳ</span> <span class='ocrx_word' id='word_1_351' title='bbox 1582 2773 1799 2855; x_wconf 77' lang='grc' dir='ltr'>βραδεῖς</span> 
     </span>
    </p>
   </div>
   <div class='ocr_carea' id='block_1_46' title="bbox 222 2875 1800 2948">
    <p class='ocr_par' dir='ltr' id='par_1_46' title="bbox 222 2875 1800 2948">
     <span class='ocr_line' id='line_1_46' title="bbox 222 2875 1800 2948; baseline -0.001 -18"><span class='ocrx_word' id='word_1_352' title='bbox 222 2875 311 2946; x_wconf 82' lang='grc' dir='ltr'><strong>μέν</strong></span> <span class='ocrx_word' id='word_1_353' title='bbox 338 2877 446 2930; x_wconf 81' lang='grc' dir='ltr'>εἰσι</span> <span class='ocrx_word' id='word_1_354' title='bbox 479 2875 598 2929; x_wconf 81' lang='grc' dir='ltr'>τῶν</span> <span class='ocrx_word' id='word_1_355' title='bbox 633 2876 777 2928; x_wconf 77' lang='grc' dir='ltr'>ἰδίων</span> <span class='ocrx_word' id='word_1_356' title='bbox 805 2877 1011 2948; x_wconf 75' lang='grc' dir='ltr'>κριταὶ,</span> <span class='ocrx_word' id='word_1_357' title='bbox 1041 2879 1228 2946; x_wconf 87' lang='grc' dir='ltr'>ταχεῖς</span> <span class='ocrx_word' id='word_1_358' title='bbox 1255 2877 1312 2930; x_wconf 86' lang='grc' dir='ltr'><strong>δέ</strong></span> <span class='ocrx_word' id='word_1_359' title='bbox 1354 2875 1462 2929; x_wconf 86' lang='grc' dir='ltr'><strong>τῶν</strong></span> <span class='ocrx_word' id='word_1_360' title='bbox 1496 2875 1606 2944; x_wconf 83' lang='grc'>(76)</span> <span class='ocrx_word' id='word_1_361' title='bbox 1641 2875 1800 2930; x_wconf 86' lang='grc' dir='ltr'>ἀλλο-</span> 
     </span>
    </p>
   </div>
   <div class='ocr_carea' id='block_1_47' title="bbox 216 2949 1799 3038">
    <p class='ocr_par' dir='ltr' id='par_1_47' title="bbox 216 2949 1799 3038">
     <span class='ocr_line' id='line_1_47' title="bbox 216 2949 1799 3038; baseline -0.002 -18"><span class='ocrx_word' id='word_1_362' title='bbox 216 2968 374 3038; x_wconf 83' lang='grc' dir='ltr'>τρίων</span> <span class='ocrx_word' id='word_1_363' title='bbox 391 2967 707 3034; x_wconf 74' lang='grc' dir='ltr'>ἐξετασταὶ,</span> <span class='ocrx_word' id='word_1_364' title='bbox 739 2949 988 3036; x_wconf 62' lang='grc' dir='ltr'>καῖ’ρᾷον</span> <span class='ocrx_word' id='word_1_365' title='bbox 1012 2966 1078 3018; x_wconf 83' lang='grc' dir='ltr'>ἂν</span> <span class='ocrx_word' id='word_1_366' title='bbox 1099 2966 1278 3030; x_wconf 79' lang='grc' dir='ltr'>ἄλλοις</span> <span class='ocrx_word' id='word_1_367' title='bbox 1297 2965 1363 3019; x_wconf 88' lang='grc' dir='ltr'><strong>τά</strong></span> <span class='ocrx_word' id='word_1_368' title='bbox 1389 2965 1620 3034; x_wconf 79' lang='grc' dir='ltr'>μέγιστα</span> <span class='ocrx_word' id='word_1_369' title='bbox 1637 3005 1650 3026; x_wconf 88' lang='grc'><strong>,</strong></span> <span class='ocrx_word' id='word_1_370' title='bbox 1677 2966 1708 3037; x_wconf 82' lang='grc' dir='ltr'>ἢ</span> <span class='ocrx_word' id='word_1_371' title='bbox 1732 2964 1799 3017; x_wconf 73' lang='grc' dir='ltr'><strong>τὰ</strong></span> 
     </span>
    </p>
   </div>
   <div class='ocr_carea' id='block_1_48' title="bbox 219 3053 1800 3132">
    <p class='ocr_par' dir='ltr' id='par_1_48' title="bbox 219 3053 1800 3132">
     <span class='ocr_line' id='line_1_48' title="bbox 219 3053 1800 3132; baseline -0.002 -17"><span class='ocrx_word' id='word_1_372' title='bbox 219 3062 468 3132; x_wconf 74' lang='grc' dir='ltr'>ἐλάχιστα</span> <span class='ocrx_word' id='word_1_373' title='bbox 513 3062 649 3132; x_wconf 75' lang='grc' dir='ltr'>ἡμῖν</span> <span class='ocrx_word' id='word_1_374' title='bbox 695 3059 1108 3130; x_wconf 89' lang='grc' dir='ltr'>συγχωρήσαιεν</span> <span class='ocrx_word' id='word_1_375' title='bbox 1141 3059 1286 3129; x_wconf 81' lang='lat'><strong>(77)&#39;</strong></span> <span class='ocrx_word' id='word_1_376' title='bbox 1325 3059 1430 3113; x_wconf 78' lang='grc' dir='ltr'><strong>κᾶν</strong></span> <span class='ocrx_word' id='word_1_377' title='bbox 1476 3053 1608 3111; x_wconf 82' lang='grc' dir='ltr'>ὦσιν</span> <span class='ocrx_word' id='word_1_378' title='bbox 1651 3057 1800 3129; x_wconf 86' lang='grc' dir='ltr'>ἀμα-</span> 
     </span>
    </p>
   </div>
   <div class='ocr_carea' id='block_1_49' title="bbox 220 3147 1796 3223">
    <p class='ocr_par' dir='ltr' id='par_1_49' title="bbox 220 3147 1796 3223">
     <span class='ocr_line' id='line_1_49' title="bbox 220 3147 1796 3223; baseline -0.004 -19"><span class='ocrx_word' id='word_1_379' title='bbox 220 3150 494 3223; x_wconf 83' lang='grc' dir='ltr'>θέστεροι,</span> <span class='ocrx_word' id='word_1_380' title='bbox 553 3151 747 3204; x_wconf 79' lang='grc' dir='ltr'>θᾶττον</span> <span class='ocrx_word' id='word_1_381' title='bbox 775 3148 840 3201; x_wconf 83' lang='grc' dir='ltr'>ἂν</span> <span class='ocrx_word' id='word_1_382' title='bbox 874 3147 1034 3219; x_wconf 81' lang='grc' dir='ltr'>ἡμῶν</span> <span class='ocrx_word' id='word_1_383' title='bbox 1082 3148 1338 3202; x_wconf 78' lang='grc' dir='ltr'>ἀσέϐειαν</span> <span class='ocrx_word' id='word_1_384' title='bbox 1382 3149 1722 3216; x_wconf 84' lang='grc' dir='ltr'>καταγνοῖεν,</span> <span class='ocrx_word' id='word_1_385' title='bbox 1765 3147 1796 3218; x_wconf 86' lang='grc' dir='ltr'><strong>ἧ</strong></span> 
     </span>
    </p>
   </div>
   <div class='ocr_carea' id='block_1_50' title="bbox 1975 2227 3474 2300">
    <p class='ocr_par' dir='ltr' id='par_1_50' title="bbox 1975 2227 3474 2300">
     <span class='ocr_line' id='line_1_50' title="bbox 1975 2227 3474 2300; baseline -0.001 -12"><span class='ocrx_word' id='word_1_386' title='bbox 1975 2231 2116 2288; x_wconf 76' lang='lat' dir='ltr'><strong>XIV.</strong></span> <span class='ocrx_word' id='word_1_387' title='bbox 2148 2229 2400 2296; x_wconf 87' lang='lat' dir='ltr'><strong>Nescitis,</strong></span> <span class='ocrx_word' id='word_1_388' title='bbox 2433 2231 2650 2295; x_wconf 80' lang='lat' dir='ltr'><strong>fratres,</strong></span> <span class='ocrx_word' id='word_1_389' title='bbox 2678 2243 2782 2300; x_wconf 90' lang='lat' dir='ltr'><strong>qua</strong></span> <span class='ocrx_word' id='word_1_390' title='bbox 2811 2227 3118 2286; x_wconf 74' lang='lat' dir='ltr'><strong>difficultate</strong></span> <span class='ocrx_word' id='word_1_391' title='bbox 3143 2245 3474 2300; x_wconf 89' lang='lat' dir='ltr'><strong>premamur,</strong></span> 
     </span>
    </p>
   </div>
   <div class='ocr_carea' id='block_1_51' title="bbox 1907 2319 3481 2393">
    <p class='ocr_par' dir='ltr' id='par_1_51' title="bbox 1907 2319 3481 2393">
     <span class='ocr_line' id='line_1_51' title="bbox 1907 2319 3481 2393; baseline -0.004 -14"><span class='ocrx_word' id='word_1_392' title='bbox 1907 2338 2026 2392; x_wconf 91' lang='lat' dir='ltr'><strong>nos,</strong></span> <span class='ocrx_word' id='word_1_393' title='bbox 2061 2323 2314 2393; x_wconf 85' lang='lat' dir='ltr'><strong>inquam,</strong></span> <span class='ocrx_word' id='word_1_394' title='bbox 2347 2321 2540 2391; x_wconf 87' lang='lat' dir='ltr'><strong>thic</strong></span> <span class='ocrx_word' id='word_1_395' title='bbox 2567 2335 2688 2374; x_wconf 91' lang='lat' dir='ltr'><strong>cum</strong></span> <span class='ocrx_word' id='word_1_396' title='bbox 2728 2333 2918 2387; x_wconf 87' lang='lat' dir='ltr'><strong>pompa</strong></span> <span class='ocrx_word' id='word_1_397' title='bbox 2955 2329 3008 2374; x_wconf 89' lang='lat' dir='ltr'><strong>et</strong></span> <span class='ocrx_word' id='word_1_398' title='bbox 3044 2319 3182 2373; x_wconf 89' lang='lat' dir='ltr'><strong>fastu</strong></span> <span class='ocrx_word' id='word_1_399' title='bbox 3223 2319 3481 2389; x_wconf 76' lang='lat' dir='ltr'><strong>praeside-</strong></span> 
     </span>
    </p>
   </div>
   <div class='ocr_carea' id='block_1_52' title="bbox 1905 2410 3478 2483">
    <p class='ocr_par' dir='ltr' id='par_1_52' title="bbox 1905 2410 3478 2483">
     <span class='ocr_line' id='line_1_52' title="bbox 1905 2410 3478 2483; baseline -0.004 -13"><span class='ocrx_word' id='word_1_400' title='bbox 1905 2431 2024 2470; x_wconf 90' lang='lat' dir='ltr'><strong>mus</strong></span> <span class='ocrx_word' id='word_1_401' title='bbox 2062 2423 2225 2483; x_wconf 87' lang='lat' dir='ltr'><strong>atque</strong></span> <span class='ocrx_word' id='word_1_402' title='bbox 2248 2414 2361 2468; x_wconf 88' lang='lat' dir='ltr'><strong>haec</strong></span> <span class='ocrx_word' id='word_1_403' title='bbox 2389 2412 2575 2477; x_wconf 87' lang='lat' dir='ltr'><strong>vobis,</strong></span> <span class='ocrx_word' id='word_1_404' title='bbox 2611 2411 2703 2480; x_wconf 92' lang='lat' dir='ltr'><strong>qui</strong></span> <span class='ocrx_word' id='word_1_405' title='bbox 2735 2425 2766 2466; x_wconf 91' lang='lat' dir='ltr'><strong>e</strong></span> <span class='ocrx_word' id='word_1_406' title='bbox 2804 2411 2960 2480; x_wconf 90' lang='lat' dir='ltr'><strong>plebe</strong></span> <span class='ocrx_word' id='word_1_407' title='bbox 2989 2410 3154 2475; x_wconf 89' lang='lat' dir='ltr'><strong>estis,</strong></span> <span class='ocrx_word' id='word_1_408' title='bbox 3182 2411 3335 2480; x_wconf 88' lang='lat' dir='ltr'><strong>quasi</strong></span> <span class='ocrx_word' id='word_1_409' title='bbox 3371 2410 3478 2464; x_wconf 88' lang='lat' dir='ltr'><strong>lata</strong></span> 
     </span>
    </p>
   </div>
   <div class='ocr_carea' id='block_1_53' title="bbox 1902 2501 3478 2576">
    <p class='ocr_par' dir='ltr' id='par_1_53' title="bbox 1902 2501 3478 2576">
     <span class='ocr_line' id='line_1_53' title="bbox 1902 2501 3478 2576; baseline -0.003 -17"><span class='ocrx_word' id='word_1_410' title='bbox 1902 2505 2017 2576; x_wconf 78' lang='lat' dir='ltr'><strong>lege</strong></span> <span class='ocrx_word' id='word_1_411' title='bbox 2051 2503 2475 2574; x_wconf 80' lang='lat' dir='ltr'><strong>promulgamus.</strong></span> <span class='ocrx_word' id='word_1_412' title='bbox 2525 2502 2602 2556; x_wconf 87' lang='lat' dir='ltr'><strong>Ac</strong></span> <span class='ocrx_word' id='word_1_413' title='bbox 2637 2502 2868 2555; x_wconf 81' lang='lat' dir='ltr'><strong>fortasse</strong></span> <span class='ocrx_word' id='word_1_414' title='bbox 2913 2515 3012 2555; x_wconf 88' lang='lat' dir='ltr'><strong>nec</strong></span> <span class='ocrx_word' id='word_1_415' title='bbox 3043 2509 3287 2554; x_wconf 89' lang='lat' dir='ltr'><strong>nostrum</strong></span> <span class='ocrx_word' id='word_1_416' title='bbox 3315 2501 3478 2570; x_wconf 86' lang='lat' dir='ltr'><strong>pleri-</strong></span> 
     </span>
    </p>
   </div>
   <div class='ocr_carea' id='block_1_54' title="bbox 1901 2592 3476 2668">
    <p class='ocr_par' dir='ltr' id='par_1_54' title="bbox 1901 2592 3476 2668">
     <span class='ocr_line' id='line_1_54' title="bbox 1901 2592 3476 2668; baseline -0.005 -16"><span class='ocrx_word' id='word_1_417' title='bbox 1901 2613 2006 2668; x_wconf 90' lang='lat' dir='ltr'><strong>que</strong></span> <span class='ocrx_word' id='word_1_418' title='bbox 2056 2596 2240 2668; x_wconf 85' lang='lat' dir='ltr'><strong>(quod</strong></span> <span class='ocrx_word' id='word_1_419' title='bbox 2290 2596 2454 2650; x_wconf 84' lang='lat' dir='ltr'><strong>etiam</strong></span> <span class='ocrx_word' id='word_1_420' title='bbox 2529 2593 2914 2663; x_wconf 86' lang='lat' dir='ltr'><strong>deplorandum</strong></span> <span class='ocrx_word' id='word_1_421' title='bbox 2959 2593 3077 2664; x_wconf 88' lang='lat' dir='ltr'><strong>est)</strong></span> <span class='ocrx_word' id='word_1_422' title='bbox 3137 2592 3476 2662; x_wconf 74' lang='lat' dir='ltr'><strong>intelligunt,</strong></span> 
     </span>
    </p>
   </div>
   <div class='ocr_carea' id='block_1_55' title="bbox 1901 2683 3476 2759">
    <p class='ocr_par' dir='ltr' id='par_1_55' title="bbox 1901 2683 3476 2759">
     <span class='ocr_line' id='line_1_55' title="bbox 1901 2683 3476 2759; baseline -0.004 -15"><span class='ocrx_word' id='word_1_423' title='bbox 1901 2689 2170 2759; x_wconf 89' lang='lat' dir='ltr'><strong>quomodo</strong></span> <span class='ocrx_word' id='word_1_424' title='bbox 2198 2687 2338 2757; x_wconf 90' lang='lat' dir='ltr'><strong>apud</strong></span> <span class='ocrx_word' id='word_1_425' title='bbox 2373 2688 2563 2750; x_wconf 91' lang='lat' dir='ltr'><strong>Deum,</strong></span> <span class='ocrx_word' id='word_1_426' title='bbox 2595 2695 2650 2740; x_wconf 93' lang='lat' dir='ltr'><strong>ct</strong></span> <span class='ocrx_word' id='word_1_427' title='bbox 2681 2685 2938 2755; x_wconf 82' lang='lat' dir='ltr'><strong>cogitatio</strong></span> <span class='ocrx_word' id='word_1_428' title='bbox 2967 2683 3166 2749; x_wconf 89' lang='lat' dir='ltr'><strong>omnis,</strong></span> <span class='ocrx_word' id='word_1_429' title='bbox 3191 2691 3245 2738; x_wconf 92' lang='lat' dir='ltr'><strong>et</strong></span> <span class='ocrx_word' id='word_1_430' title='bbox 3275 2697 3476 2747; x_wconf 86' lang='lat' dir='ltr'><strong>sermo,</strong></span> 
     </span>
    </p>
   </div>
   <div class='ocr_carea' id='block_1_56' title="bbox 1901 2773 3476 2845">
    <p class='ocr_par' dir='ltr' id='par_1_56' title="bbox 1901 2773 3476 2845">
     <span class='ocr_line' id='line_1_56' title="bbox 1901 2773 3476 2845; baseline -0.005 -9"><span class='ocrx_word' id='word_1_431' title='bbox 1901 2790 1955 2837; x_wconf 88' lang='lat' dir='ltr'><strong>et</strong></span> <span class='ocrx_word' id='word_1_432' title='bbox 1992 2780 2134 2835; x_wconf 89' lang='lat' dir='ltr'><strong>actio</strong></span> <span class='ocrx_word' id='word_1_433' title='bbox 2173 2779 2320 2833; x_wconf 88' lang='lat' dir='ltr'><strong>velut</strong></span> <span class='ocrx_word' id='word_1_434' title='bbox 2367 2779 2431 2831; x_wconf 89' lang='lat' dir='ltr'><strong>ad</strong></span> <span class='ocrx_word' id='word_1_435' title='bbox 2482 2778 2688 2832; x_wconf 86' lang='lat' dir='ltr'><strong>lancem</strong></span> <span class='ocrx_word' id='word_1_436' title='bbox 2743 2777 3080 2845; x_wconf 80' lang='lat' dir='ltr'><strong>expendatur</strong></span> <span class='ocrx_word' id='word_1_437' title='bbox 3127 2792 3142 2828; x_wconf 91' lang='lat'><strong>:</strong></span> <span class='ocrx_word' id='word_1_438' title='bbox 3190 2789 3292 2829; x_wconf 88' lang='lat' dir='ltr'><strong>nec</strong></span> <span class='ocrx_word' id='word_1_439' title='bbox 3335 2773 3476 2843; x_wconf 86' lang='lat' dir='ltr'><strong>apud</strong></span> 
     </span>
    </p>
   </div>
   <div class='ocr_carea' id='block_1_57' title="bbox 1901 2867 3479 2939">
    <p class='ocr_par' dir='ltr' id='par_1_57' title="bbox 1901 2867 3479 2939">
     <span class='ocr_line' id='line_1_57' title="bbox 1901 2867 3479 2939; baseline -0.004 -13"><span class='ocrx_word' id='word_1_440' title='bbox 1901 2872 2069 2928; x_wconf 91' lang='lat' dir='ltr'><strong>Deum</strong></span> <span class='ocrx_word' id='word_1_441' title='bbox 2115 2870 2402 2938; x_wconf 84' lang='lat' dir='ltr'><strong>duntaxat,</strong></span> <span class='ocrx_word' id='word_1_442' title='bbox 2443 2884 2632 2924; x_wconf 87' lang='lat' dir='ltr'><strong>verum</strong></span> <span class='ocrx_word' id='word_1_443' title='bbox 2677 2878 2733 2924; x_wconf 91' lang='lat' dir='ltr'><strong>et</strong></span> <span class='ocrx_word' id='word_1_444' title='bbox 2761 2868 2902 2939; x_wconf 89' lang='lat' dir='ltr'><strong>apud</strong></span> <span class='ocrx_word' id='word_1_445' title='bbox 2931 2883 3121 2923; x_wconf 89' lang='lat' dir='ltr'><strong>omnes</strong></span> <span class='ocrx_word' id='word_1_446' title='bbox 3170 2867 3340 2921; x_wconf 83' lang='lat' dir='ltr'><strong>ferme</strong></span> <span class='ocrx_word' id='word_1_447' title='bbox 3379 2867 3479 2921; x_wconf 80' lang='lat' dir='ltr'><strong>lto-</strong></span> 
     </span>
    </p>
   </div>
   <div class='ocr_carea' id='block_1_58' title="bbox 1903 2957 3482 3034">
    <p class='ocr_par' dir='ltr' id='par_1_58' title="bbox 1903 2957 3482 3034">
     <span class='ocr_line' id='line_1_58' title="bbox 1903 2957 3482 3034; baseline -0.004 -16"><span class='ocrx_word' id='word_1_448' title='bbox 1903 2964 2110 3028; x_wconf 86' lang='lat' dir='ltr'><strong>mines;</strong></span> <span class='ocrx_word' id='word_1_449' title='bbox 2143 2961 2272 3034; x_wconf 91' lang='lat' dir='ltr'><strong>qui,</strong></span> <span class='ocrx_word' id='word_1_450' title='bbox 2335 2976 2459 3016; x_wconf 92' lang='lat' dir='ltr'><strong>cum</strong></span> <span class='ocrx_word' id='word_1_451' title='bbox 2495 2976 2674 3016; x_wconf 90' lang='lat' dir='ltr'><strong>rerum</strong></span> <span class='ocrx_word' id='word_1_452' title='bbox 2708 2975 2926 3016; x_wconf 89' lang='lat' dir='ltr'><strong>suarum</strong></span> <span class='ocrx_word' id='word_1_453' title='bbox 2972 2959 3111 3014; x_wconf 88' lang='lat' dir='ltr'><strong>tardi</strong></span> <span class='ocrx_word' id='word_1_454' title='bbox 3157 2959 3266 3014; x_wconf 91' lang='lat' dir='ltr'><strong>sint</strong></span> <span class='ocrx_word' id='word_1_455' title='bbox 3315 2957 3482 3028; x_wconf 73' lang='lat'><strong>589</strong></span> 
     </span>
    </p>
   </div>
   <div class='ocr_carea' id='block_1_59' title="bbox 1898 3047 3479 3126">
    <p class='ocr_par' dir='ltr' id='par_1_59' title="bbox 1898 3047 3479 3126">
     <span class='ocr_line' id='line_1_59' title="bbox 1898 3047 3479 3126; baseline -0.006 -15"><span class='ocrx_word' id='word_1_456' title='bbox 1898 3056 2148 3126; x_wconf 91' lang='lat' dir='ltr'><strong>judices,</strong></span> <span class='ocrx_word' id='word_1_457' title='bbox 2195 3053 2723 3108; x_wconf 87' lang='lat' dir='ltr'><strong>alienarum-autem</strong></span> <span class='ocrx_word' id='word_1_458' title='bbox 2775 3051 3007 3121; x_wconf 81' lang='lat' dir='ltr'><strong>expediti</strong></span> <span class='ocrx_word' id='word_1_459' title='bbox 3052 3058 3178 3105; x_wconf 89' lang='lat' dir='ltr'><strong>sunt</strong></span> <span class='ocrx_word' id='word_1_460' title='bbox 3225 3047 3479 3118; x_wconf 73' lang='lat' dir='ltr'><strong>explora-</strong></span> 
     </span>
    </p>
   </div>
   <div class='ocr_carea' id='block_1_60' title="bbox 1906 3139 3481 3215">
    <p class='ocr_par' dir='ltr' id='par_1_60' title="bbox 1906 3139 3481 3215">
     <span class='ocr_line' id='line_1_60' title="bbox 1906 3139 3481 3215; baseline -0.006 -12"><span class='ocrx_word' id='word_1_461' title='bbox 1906 3159 2072 3214; x_wconf 87' lang='lat' dir='ltr'><strong>tores,</strong></span> <span class='ocrx_word' id='word_1_462' title='bbox 2108 3147 2374 3215; x_wconf 87' lang='lat' dir='ltr'><strong>citiusque</strong></span> <span class='ocrx_word' id='word_1_463' title='bbox 2393 3144 2517 3199; x_wconf 89' lang='lat' dir='ltr'><strong>aliis</strong></span> <span class='ocrx_word' id='word_1_464' title='bbox 2548 3144 2868 3214; x_wconf 74' lang='lat' dir='ltr'><strong>gravissima</strong></span> <span class='ocrx_word' id='word_1_465' title='bbox 2897 3150 3099 3206; x_wconf 88' lang='lat' dir='ltr'><strong>errata,</strong></span> <span class='ocrx_word' id='word_1_466' title='bbox 3130 3155 3292 3210; x_wconf 86' lang='lat' dir='ltr'><strong>quam</strong></span> <span class='ocrx_word' id='word_1_467' title='bbox 3325 3139 3481 3194; x_wconf 68' lang='lat' dir='ltr'><strong>nobis</strong></span> 
     </span>
    </p>
   </div>
   <div class='ocr_carea' id='block_1_61' title="bbox 223 3235 1795 3316">
    <p class='ocr_par' dir='ltr' id='par_1_61' title="bbox 223 3237 1795 3316">
     <span class='ocr_line' id='line_1_61' title="bbox 223 3237 1795 3316; baseline -0.005 -19"><span class='ocrx_word' id='word_1_468' title='bbox 223 3244 437 3316; x_wconf 83' lang='grc' dir='ltr'>μετρίαν</span> <span class='ocrx_word' id='word_1_469' title='bbox 465 3240 682 3296; x_wconf 80' lang='grc' dir='ltr'>ἑαυτῶν</span> <span class='ocrx_word' id='word_1_470' title='bbox 702 3241 945 3309; x_wconf 81' lang='grc' dir='ltr'>ἄγνοιαν.</span> <span class='ocrx_word' id='word_1_471' title='bbox 996 3240 1111 3294; x_wconf 82' lang='grc' dir='ltr'>Οὐκ</span> <span class='ocrx_word' id='word_1_472' title='bbox 1146 3237 1280 3302; x_wconf 78' lang='grc' dir='ltr'>ἴστε,</span> <span class='ocrx_word' id='word_1_473' title='bbox 1309 3238 1537 3308; x_wconf 77' lang='grc' dir='ltr'>πηλίκον</span> <span class='ocrx_word' id='word_1_474' title='bbox 1571 3240 1636 3291; x_wconf 83' lang='grc' dir='ltr'><strong>ἐκ</strong></span> <span class='ocrx_word' id='word_1_475' title='bbox 1664 3237 1795 3290; x_wconf 85' lang='grc' dir='ltr'>Θεοῦ</span> 
     </span>
    </p>
   </div>
   <div class='ocr_carea' id='block_1_62' title="bbox 1906 3235 3480 3316">
    <p class='ocr_par' dir='ltr' id='par_1_62' title="bbox 1906 3235 3480 3306">
     <span class='ocr_line' id='line_1_62' title="bbox 1906 3235 3480 3306; baseline -0.008 -7"><span class='ocrx_word' id='word_1_476' title='bbox 1906 3243 2176 3299; x_wconf 88' lang='lat' dir='ltr'><strong>levissima</strong></span> <span class='ocrx_word' id='word_1_477' title='bbox 2199 3283 2214 3302; x_wconf 89' lang='lat'><strong>.</strong></span> <span class='ocrx_word' id='word_1_478' title='bbox 2249 3241 2651 3306; x_wconf 84' lang='lat' dir='ltr'><strong>concesserint;</strong></span> <span class='ocrx_word' id='word_1_479' title='bbox 2705 3253 2769 3293; x_wconf 89' lang='lat' dir='ltr'><strong>ac</strong></span> <span class='ocrx_word' id='word_1_480' title='bbox 2796 3279 2812 3303; x_wconf 92' lang='lat'><strong>,</strong></span> <span class='ocrx_word' id='word_1_481' title='bbox 2851 3237 2896 3293; x_wconf 91' lang='lat' dir='ltr'><strong>si</strong></span> <span class='ocrx_word' id='word_1_482' title='bbox 2940 3235 3302 3306; x_wconf 85' lang='lat' dir='ltr'><strong>imperitiores</strong></span> <span class='ocrx_word' id='word_1_483' title='bbox 3337 3235 3480 3298; x_wconf 88' lang='lat' dir='ltr'><strong>sint,</strong></span> 
     </span>
    </p>
   </div>
   <div class='ocr_carea' id='block_1_63' title="bbox 218 3327 1795 3408">
    <p class='ocr_par' dir='ltr' id='par_1_63' title="bbox 218 3330 1795 3408">
     <span class='ocr_line' id='line_1_63' title="bbox 218 3330 1795 3408; baseline -0.006 -16"><span class='ocrx_word' id='word_1_484' title='bbox 218 3338 380 3408; x_wconf 82' lang='grc' dir='ltr'>δῶρον</span> <span class='ocrx_word' id='word_1_485' title='bbox 411 3341 446 3408; x_wconf 83' lang='grc' dir='ltr'><strong>ἡ</strong></span> <span class='ocrx_word' id='word_1_486' title='bbox 481 3335 690 3406; x_wconf 84' lang='grc' dir='ltr'>σιωπὴ,</span> <span class='ocrx_word' id='word_1_487' title='bbox 725 3335 820 3388; x_wconf 72' lang='grc' dir='ltr'>καὶ</span> <span class='ocrx_word' id='word_1_488' title='bbox 847 3333 910 3387; x_wconf 76' lang='grc' dir='ltr'>τὸ</span> <span class='ocrx_word' id='word_1_489' title='bbox 941 3333 1015 3404; x_wconf 85' lang='grc' dir='ltr'>μὴ</span> <span class='ocrx_word' id='word_1_490' title='bbox 1050 3333 1296 3403; x_wconf 78' lang='grc' dir='ltr'>ἀνάγκην</span> <span class='ocrx_word' id='word_1_491' title='bbox 1328 3332 1440 3402; x_wconf 77' lang='grc'>(78)</span> <span class='ocrx_word' id='word_1_492' title='bbox 1474 3331 1619 3401; x_wconf 78' lang='grc' dir='ltr'>ἔχειν</span> <span class='ocrx_word' id='word_1_493' title='bbox 1641 3330 1795 3398; x_wconf 77' lang='grc' dir='ltr'>λόγου</span> 
     </span>
    </p>
   </div>
   <div class='ocr_carea' id='block_1_64' title="bbox 1906 3327 3480 3408">
    <p class='ocr_par' dir='ltr' id='par_1_64' title="bbox 1908 3327 3480 3404">
     <span class='ocr_line' id='line_1_64' title="bbox 1908 3327 3480 3404; baseline -0.008 -14"><span class='ocrx_word' id='word_1_494' title='bbox 1908 3336 2062 3392; x_wconf 91' lang='lat' dir='ltr'><strong>nobis</strong></span> <span class='ocrx_word' id='word_1_495' title='bbox 2114 3335 2408 3404; x_wconf 86' lang='lat' dir='ltr'><strong>impietatis</strong></span> <span class='ocrx_word' id='word_1_496' title='bbox 2452 3334 2658 3389; x_wconf 89' lang='lat' dir='ltr'><strong>crimen</strong></span> <span class='ocrx_word' id='word_1_497' title='bbox 2715 3331 2894 3402; x_wconf 84' lang='lat' dir='ltr'><strong>potius</strong></span> <span class='ocrx_word' id='word_1_498' title='bbox 2929 3327 3285 3398; x_wconf 75' lang='lat' dir='ltr'><strong>impegerint,</strong></span> <span class='ocrx_word' id='word_1_499' title='bbox 3318 3340 3480 3394; x_wconf 87' lang='lat' dir='ltr'><strong>quam</strong></span> 
     </span>
    </p>
   </div>
   <div class='ocr_carea' id='block_1_65' title="bbox 217 3413 1795 3495">
    <p class='ocr_par' dir='ltr' id='par_1_65' title="bbox 217 3413 1795 3495">
     <span class='ocr_line' id='line_1_65' title="bbox 217 3413 1795 3495; baseline -0.005 -13"><span class='ocrx_word' id='word_1_500' title='bbox 217 3431 431 3495; x_wconf 84' lang='grc' dir='ltr'>παντὸς,</span> <span class='ocrx_word' id='word_1_501' title='bbox 462 3430 611 3484; x_wconf 82' lang='grc' dir='ltr'>ὥστε</span> <span class='ocrx_word' id='word_1_502' title='bbox 653 3428 775 3482; x_wconf 78' lang='grc' dir='ltr'>κατ’</span> <span class='ocrx_word' id='word_1_503' title='bbox 810 3426 1078 3491; x_wconf 80' lang='grc' dir='ltr'>ἐξουσίαν,</span> <span class='ocrx_word' id='word_1_504' title='bbox 1112 3424 1205 3478; x_wconf 84' lang='grc' dir='ltr'><strong>τὸν</strong></span> <span class='ocrx_word' id='word_1_505' title='bbox 1243 3413 1341 3495; x_wconf 71' lang='grc' dir='ltr'><strong>μέν</strong></span> <span class='ocrx_word' id='word_1_506' title='bbox 1386 3422 1677 3495; x_wconf 84' lang='grc' dir='ltr'>αἱρεῖσθαι,</span> <span class='ocrx_word' id='word_1_507' title='bbox 1711 3423 1795 3474; x_wconf 82' lang='grc' dir='ltr'><strong>τὸν</strong></span> 
     </span>
    </p>
   </div>
   <div class='ocr_carea' id='block_1_66' title="bbox 1906 3413 3478 3495">
    <p class='ocr_par' dir='ltr' id='par_1_66' title="bbox 1914 3418 3478 3484">
     <span class='ocr_line' id='line_1_66' title="bbox 1914 3418 3478 3484; baseline -0.008 0"><span class='ocrx_word' id='word_1_508' title='bbox 1914 3438 1974 3484; x_wconf 84' lang='grc' dir='ltr'><strong>ιιι</strong></span> <span class='ocrx_word' id='word_1_509' title='bbox 2017 3427 2340 3482; x_wconf 89' lang='lat' dir='ltr'><strong>mediocrem</strong></span> <span class='ocrx_word' id='word_1_510' title='bbox 2380 3441 2534 3480; x_wconf 90' lang='lat' dir='ltr'><strong>suam</strong></span> <span class='ocrx_word' id='word_1_511' title='bbox 2585 3424 2852 3480; x_wconf 86' lang='lat' dir='ltr'><strong>inscitiam</strong></span> <span class='ocrx_word' id='word_1_512' title='bbox 2905 3429 3180 3476; x_wconf 86' lang='lat' dir='ltr'><strong>accusent.</strong></span> <span class='ocrx_word' id='word_1_513' title='bbox 3219 3418 3478 3483; x_wconf 78' lang='lat' dir='ltr'><strong>Nescitis,</strong></span> 
     </span>
    </p>
   </div>
   <div class='ocr_carea' id='block_1_67' title="bbox 218 3509 1795 3593">
    <p class='ocr_par' dir='ltr' id='par_1_67' title="bbox 218 3513 1795 3593">
     <span class='ocr_line' id='line_1_67' title="bbox 218 3513 1795 3593; baseline -0.006 -19"><span class='ocrx_word' id='word_1_514' title='bbox 218 3521 273 3574; x_wconf 86' lang='grc' dir='ltr'><strong>δέ</strong></span> <span class='ocrx_word' id='word_1_515' title='bbox 306 3521 417 3593; x_wconf 84' lang='grc'>(79)</span> <span class='ocrx_word' id='word_1_516' title='bbox 446 3518 892 3590; x_wconf 78' lang='grc' dir='ltr'>ἀποδιδράσκειν,</span> <span class='ocrx_word' id='word_1_517' title='bbox 937 3518 1029 3570; x_wconf 79' lang='grc' dir='ltr'><strong>καὶ</strong></span> <span class='ocrx_word' id='word_1_518' title='bbox 1054 3517 1336 3587; x_wconf 86' lang='grc' dir='ltr'>ταμιεύειν</span> <span class='ocrx_word' id='word_1_519' title='bbox 1373 3513 1552 3584; x_wconf 80' lang='grc' dir='ltr'>ἐαυτῷ</span> <span class='ocrx_word' id='word_1_520' title='bbox 1592 3514 1686 3567; x_wconf 73' lang='grc' dir='ltr'>καὶ</span> <span class='ocrx_word' id='word_1_521' title='bbox 1715 3514 1795 3566; x_wconf 81' lang='grc' dir='ltr'><strong>λό·</strong></span> 
     </span>
    </p>
   </div>
   <div class='ocr_carea' id='block_1_68' title="bbox 1906 3509 3482 3593">
    <p class='ocr_par' dir='ltr' id='par_1_68' title="bbox 1906 3510 3482 3581">
     <span class='ocr_line' id='line_1_68' title="bbox 1906 3510 3482 3581; baseline -0.01 -3"><span class='ocrx_word' id='word_1_522' title='bbox 1906 3515 2164 3578; x_wconf 80' lang='lat' dir='ltr'><strong>anantum</strong></span> <span class='ocrx_word' id='word_1_523' title='bbox 2207 3518 2298 3571; x_wconf 83' lang='lat' dir='ltr'><strong>Dei</strong></span> <span class='ocrx_word' id='word_1_524' title='bbox 2333 3518 2534 3572; x_wconf 90' lang='lat' dir='ltr'><strong>donum</strong></span> <span class='ocrx_word' id='word_1_525' title='bbox 2565 3516 2634 3571; x_wconf 90' lang='lat' dir='ltr'><strong>sit</strong></span> <span class='ocrx_word' id='word_1_526' title='bbox 2661 3513 2937 3570; x_wconf 88' lang='lat' dir='ltr'><strong>silentium</strong></span> <span class='ocrx_word' id='word_1_527' title='bbox 2961 3553 2976 3578; x_wconf 92' lang='lat'><strong>,</strong></span> <span class='ocrx_word' id='word_1_528' title='bbox 3007 3527 3072 3566; x_wconf 86' lang='lat' dir='ltr'><strong>ac</strong></span> <span class='ocrx_word' id='word_1_529' title='bbox 3103 3510 3354 3581; x_wconf 88' lang='lat' dir='ltr'><strong>loquendi</strong></span> <span class='ocrx_word' id='word_1_530' title='bbox 3387 3525 3482 3564; x_wconf 85' lang='lat' dir='ltr'><strong>ne-</strong></span> 
     </span>
    </p>
   </div>
   <div class='ocr_carea' id='block_1_69' title="bbox 221 3602 1795 3682">
    <p class='ocr_par' dir='ltr' id='par_1_69' title="bbox 221 3607 1795 3682">
     <span class='ocr_line' id='line_1_69' title="bbox 221 3607 1795 3682; baseline -0.004 -16"><span class='ocrx_word' id='word_1_531' title='bbox 221 3629 309 3681; x_wconf 89' lang='grc' dir='ltr'><strong>γον</strong></span> <span class='ocrx_word' id='word_1_532' title='bbox 350 3613 444 3666; x_wconf 76' lang='grc' dir='ltr'>καὶ</span> <span class='ocrx_word' id='word_1_533' title='bbox 495 3612 732 3682; x_wconf 84' lang='grc' dir='ltr'>σιωπήν.</span> <span class='ocrx_word' id='word_1_534' title='bbox 786 3611 949 3663; x_wconf 82' lang='grc' dir='ltr'>Φύσει</span> <span class='ocrx_word' id='word_1_535' title='bbox 1011 3610 1108 3680; x_wconf 86' lang='grc' dir='ltr'>μὲν</span> <span class='ocrx_word' id='word_1_536' title='bbox 1144 3608 1254 3679; x_wconf 85' lang='grc' dir='ltr'>γὰρ</span> <span class='ocrx_word' id='word_1_537' title='bbox 1293 3608 1404 3678; x_wconf 84' lang='grc'>(80)</span> <span class='ocrx_word' id='word_1_538' title='bbox 1463 3608 1607 3670; x_wconf 74' lang='grc' dir='ltr'>ἅπας</span> <span class='ocrx_word' id='word_1_539' title='bbox 1644 3607 1795 3676; x_wconf 83' lang='grc' dir='ltr'>λόγος</span> 
     </span>
    </p>
   </div>
   <div class='ocr_carea' id='block_1_70' title="bbox 1906 3602 3486 3682">
    <p class='ocr_par' dir='ltr' id='par_1_70' title="bbox 1906 3602 3486 3674">
     <span class='ocr_line' id='line_1_70' title="bbox 1906 3602 3486 3674; baseline -0.008 -5"><span class='ocrx_word' id='word_1_540' title='bbox 1906 3615 2154 3669; x_wconf 89' lang='lat' dir='ltr'><strong>cessitate</strong></span> <span class='ocrx_word' id='word_1_541' title='bbox 2186 3613 2410 3667; x_wconf 91' lang='lat' dir='ltr'><strong>minimc</strong></span> <span class='ocrx_word' id='word_1_542' title='bbox 2441 3609 2793 3666; x_wconf 80' lang='lat' dir='ltr'><strong>constrictum</strong></span> <span class='ocrx_word' id='word_1_543' title='bbox 2829 3622 2971 3671; x_wconf 86' lang='lat' dir='ltr'><strong>esse,</strong></span> <span class='ocrx_word' id='word_1_544' title='bbox 3006 3606 3077 3660; x_wconf 91' lang='lat' dir='ltr'><strong>ita</strong></span> <span class='ocrx_word' id='word_1_545' title='bbox 3119 3614 3177 3660; x_wconf 90' lang='lat' dir='ltr'><strong>ut</strong></span> <span class='ocrx_word' id='word_1_546' title='bbox 3203 3620 3302 3674; x_wconf 86' lang='lat' dir='ltr'><strong>pro</strong></span> <span class='ocrx_word' id='word_1_547' title='bbox 3342 3602 3486 3658; x_wconf 86' lang='lat' dir='ltr'><strong>arbi-</strong></span> 
     </span>
    </p>
   </div>
   <div class='ocr_carea' id='block_1_71' title="bbox 225 3696 1795 3773">
    <p class='ocr_par' dir='ltr' id='par_1_71' title="bbox 225 3699 1795 3773">
     <span class='ocr_line' id='line_1_71' title="bbox 225 3699 1795 3773; baseline -0.001 -19"><span class='ocrx_word' id='word_1_548' title='bbox 225 3701 410 3773; x_wconf 82' lang='grc' dir='ltr'>σαθρὸς</span> <span class='ocrx_word' id='word_1_549' title='bbox 461 3702 563 3756; x_wconf 78' lang='grc' dir='ltr'>καὶ</span> <span class='ocrx_word' id='word_1_550' title='bbox 619 3701 938 3772; x_wconf 77' lang='grc' dir='ltr'>εὐκίνητος,</span> <span class='ocrx_word' id='word_1_551' title='bbox 978 3701 1071 3753; x_wconf 78' lang='grc' dir='ltr'>καὶ</span> <span class='ocrx_word' id='word_1_552' title='bbox 1113 3699 1200 3753; x_wconf 81' lang='grc' dir='ltr'>διὰ</span> <span class='ocrx_word' id='word_1_553' title='bbox 1242 3699 1332 3753; x_wconf 82' lang='grc' dir='ltr'><strong>τὸν</strong></span> <span class='ocrx_word' id='word_1_554' title='bbox 1371 3699 1795 3770; x_wconf 67' lang='grc' dir='ltr'>ἀντιμαχόμενον</span> 
     </span>
    </p>
   </div>
   <div class='ocr_carea' id='block_1_72' title="bbox 1906 3696 3480 3773">
    <p class='ocr_par' dir='ltr' id='par_1_72' title="bbox 1909 3696 3480 3773">
     <span class='ocr_line' id='line_1_72' title="bbox 1909 3696 3480 3773; baseline -0.006 -13"><span class='ocrx_word' id='word_1_555' title='bbox 1909 3715 2051 3760; x_wconf 91' lang='lat' dir='ltr'><strong>tratu</strong></span> <span class='ocrx_word' id='word_1_556' title='bbox 2081 3705 2308 3758; x_wconf 85' lang='lat' dir='ltr'><strong>alterunt</strong></span> <span class='ocrx_word' id='word_1_557' title='bbox 2344 3705 2545 3773; x_wconf 78' lang='lat' dir='ltr'><strong>eligere</strong></span> <span class='ocrx_word' id='word_1_558' title='bbox 2567 3745 2580 3768; x_wconf 91' lang='lat'><strong>,</strong></span> <span class='ocrx_word' id='word_1_559' title='bbox 2615 3701 2845 3755; x_wconf 89' lang='lat' dir='ltr'><strong>alterum</strong></span> <span class='ocrx_word' id='word_1_560' title='bbox 2891 3700 3076 3770; x_wconf 82' lang='lat' dir='ltr'><strong>fugere</strong></span> <span class='ocrx_word' id='word_1_561' title='bbox 3115 3697 3276 3752; x_wconf 83' lang='lat' dir='ltr'><strong>liceat</strong></span> <span class='ocrx_word' id='word_1_562' title='bbox 3300 3738 3315 3762; x_wconf 93' lang='lat'><strong>,</strong></span> <span class='ocrx_word' id='word_1_563' title='bbox 3347 3696 3480 3752; x_wconf 88' lang='lat' dir='ltr'><strong>sibi-</strong></span> 
     </span>
    </p>
   </div>
   <div class='ocr_carea' id='block_1_73' title="bbox 223 3790 1795 3868">
    <p class='ocr_par' dir='ltr' id='par_1_73' title="bbox 223 3790 1795 3865">
     <span class='ocr_line' id='line_1_73' title="bbox 223 3790 1795 3865; baseline 0 -21"><span class='ocrx_word' id='word_1_564' title='bbox 223 3791 365 3861; x_wconf 78' lang='grc' dir='ltr'>λόγον</span> <span class='ocrx_word' id='word_1_565' title='bbox 393 3793 716 3865; x_wconf 85' lang='grc' dir='ltr'>ἐλευθερίαν</span> <span class='ocrx_word' id='word_1_566' title='bbox 744 3795 844 3846; x_wconf 85' lang='grc' dir='ltr'><strong>οὐκ</strong></span> <span class='ocrx_word' id='word_1_567' title='bbox 871 3791 1010 3862; x_wconf 79' lang='grc' dir='ltr'>ἔχων</span> <span class='ocrx_word' id='word_1_568' title='bbox 1031 3808 1044 3822; x_wconf 88' lang='grc'><strong>·</strong></span> <span class='ocrx_word' id='word_1_569' title='bbox 1074 3793 1103 3844; x_wconf 86' lang='grc' dir='ltr'><strong>ὁ</strong></span> <span class='ocrx_word' id='word_1_570' title='bbox 1127 3790 1183 3844; x_wconf 84' lang='grc' dir='ltr'><strong>δὲ</strong></span> <span class='ocrx_word' id='word_1_571' title='bbox 1213 3792 1343 3862; x_wconf 74' lang='grc' dir='ltr'>περὶ</span> <span class='ocrx_word' id='word_1_572' title='bbox 1371 3790 1532 3858; x_wconf 87' lang='grc' dir='ltr'>Θεοῦ,</span> <span class='ocrx_word' id='word_1_573' title='bbox 1564 3791 1795 3862; x_wconf 74' lang='grc' dir='ltr'>τοσούτῳ</span> 
     </span>
    </p>
   </div>
   <div class='ocr_carea' id='block_1_74' title="bbox 1906 3790 3484 3868">
    <p class='ocr_par' dir='ltr' id='par_1_74' title="bbox 1909 3791 3484 3868">
     <span class='ocr_line' id='line_1_74' title="bbox 1909 3791 3484 3868; baseline -0.005 -17"><span class='ocrx_word' id='word_1_574' title='bbox 1909 3813 2015 3868; x_wconf 89' lang='lat' dir='ltr'><strong>que</strong></span> <span class='ocrx_word' id='word_1_575' title='bbox 2037 3838 2051 3862; x_wconf 91' lang='lat'><strong>,</strong></span> <span class='ocrx_word' id='word_1_576' title='bbox 2087 3807 2142 3852; x_wconf 91' lang='lat' dir='ltr'><strong>et</strong></span> <span class='ocrx_word' id='word_1_577' title='bbox 2188 3797 2494 3863; x_wconf 87' lang='lat' dir='ltr'><strong>sermonis,</strong></span> <span class='ocrx_word' id='word_1_578' title='bbox 2529 3804 2585 3849; x_wconf 90' lang='lat' dir='ltr'><strong>et</strong></span> <span class='ocrx_word' id='word_1_579' title='bbox 2625 3793 2845 3858; x_wconf 89' lang='lat' dir='ltr'><strong>silentii,</strong></span> <span class='ocrx_word' id='word_1_580' title='bbox 2877 3791 3024 3846; x_wconf 84' lang='lat' dir='ltr'><strong>velut</strong></span> <span class='ocrx_word' id='word_1_581' title='bbox 3058 3791 3484 3860; x_wconf 84' lang='lat' dir='ltr'><strong>dispensatorem</strong></span> 
     </span>
    </p>
   </div>
   <div class='ocr_carea' id='block_1_75' title="bbox 227 3880 1795 3961">
    <p class='ocr_par' dir='ltr' id='par_1_75' title="bbox 227 3886 1795 3961">
     <span class='ocr_line' id='line_1_75' title="bbox 227 3886 1795 3961; baseline -0.001 -20"><span class='ocrx_word' id='word_1_582' title='bbox 227 3889 434 3959; x_wconf 82' lang='grc' dir='ltr'>μᾶλλον,</span> <span class='ocrx_word' id='word_1_583' title='bbox 482 3890 598 3961; x_wconf 81' lang='grc' dir='ltr'><strong>ὅσῳ</strong></span> <span class='ocrx_word' id='word_1_584' title='bbox 650 3889 834 3960; x_wconf 82' lang='grc' dir='ltr'>μεῖζον</span> <span class='ocrx_word' id='word_1_585' title='bbox 887 3888 948 3940; x_wconf 87' lang='grc' dir='ltr'><strong>τὸ</strong></span> <span class='ocrx_word' id='word_1_586' title='bbox 977 3886 1359 3957; x_wconf 83' lang='grc' dir='ltr'>ὑποκείμενον,</span> <span class='ocrx_word' id='word_1_587' title='bbox 1417 3886 1512 3940; x_wconf 71' lang='grc' dir='ltr'>καὶ</span> <span class='ocrx_word' id='word_1_588' title='bbox 1569 3889 1597 3940; x_wconf 82' lang='grc' dir='ltr'><strong>ὁ</strong></span> <span class='ocrx_word' id='word_1_589' title='bbox 1646 3887 1795 3958; x_wconf 70' lang='grc' dir='ltr'>ζῆλος</span> 
     </span>
    </p>
   </div>
   <div class='ocr_carea' id='block_1_76' title="bbox 1906 3880 3485 3961">
    <p class='ocr_par' dir='ltr' id='par_1_76' title="bbox 1914 3880 3485 3952">
     <span class='ocr_line' id='line_1_76' title="bbox 1914 3880 3485 3952; baseline -0.006 -7"><span class='ocrx_word' id='word_1_590' title='bbox 1914 3903 2054 3945; x_wconf 87' lang='lat' dir='ltr'><strong>esse.</strong></span> <span class='ocrx_word' id='word_1_591' title='bbox 2083 3887 2216 3941; x_wconf 87' lang='lat' dir='ltr'><strong>Nam</strong></span> <span class='ocrx_word' id='word_1_592' title='bbox 2247 3901 2367 3942; x_wconf 89' lang='lat' dir='ltr'><strong>cum</strong></span> <span class='ocrx_word' id='word_1_593' title='bbox 2393 3884 2570 3940; x_wconf 87' lang='lat' dir='ltr'><strong>omuis</strong></span> <span class='ocrx_word' id='word_1_594' title='bbox 2600 3883 2778 3938; x_wconf 87' lang='lat' dir='ltr'><strong>oratio</strong></span> <span class='ocrx_word' id='word_1_595' title='bbox 2807 3890 2996 3952; x_wconf 89' lang='lat' dir='ltr'><strong>suapte</strong></span> <span class='ocrx_word' id='word_1_596' title='bbox 3024 3890 3217 3936; x_wconf 90' lang='lat' dir='ltr'><strong>natura</strong></span> <span class='ocrx_word' id='word_1_597' title='bbox 3250 3880 3485 3935; x_wconf 85' lang='lat' dir='ltr'><strong>imbellis</strong></span> 
     </span>
    </p>
   </div>
   <div class='ocr_carea' id='block_1_77' title="bbox 224 3975 1795 4050">
    <p class='ocr_par' dir='ltr' id='par_1_77' title="bbox 224 3977 1795 4050">
     <span class='ocr_line' id='line_1_77' title="bbox 224 3977 1795 4050; baseline -0.002 -17"><span class='ocrx_word' id='word_1_598' title='bbox 224 3981 433 4047; x_wconf 82' lang='grc' dir='ltr'>πλείων,</span> <span class='ocrx_word' id='word_1_599' title='bbox 475 3984 576 4035; x_wconf 72' lang='grc' dir='ltr'><strong>καὶ</strong></span> <span class='ocrx_word' id='word_1_600' title='bbox 613 3983 642 4034; x_wconf 86' lang='grc' dir='ltr'>ὁ</span> <span class='ocrx_word' id='word_1_601' title='bbox 679 3980 924 4042; x_wconf 80' lang='grc' dir='ltr'>κίνδυνος</span> <span class='ocrx_word' id='word_1_602' title='bbox 965 3977 1363 4050; x_wconf 84' lang='grc' dir='ltr'>χαλεπώτερος.</span> <span class='ocrx_word' id='word_1_603' title='bbox 1398 3978 1510 4031; x_wconf 74' lang='grc' dir='ltr'>Καὶ</span> <span class='ocrx_word' id='word_1_604' title='bbox 1549 3978 1602 4031; x_wconf 84' lang='grc' dir='ltr'><strong>τί</strong></span> <span class='ocrx_word' id='word_1_605' title='bbox 1632 3979 1795 4049; x_wconf 78' lang='grc' dir='ltr'><strong>φοϐη-</strong></span> 
     </span>
    </p>
   </div>
   <div class='ocr_carea' id='block_1_78' title="bbox 1906 3975 3484 4050">
    <p class='ocr_par' dir='ltr' id='par_1_78' title="bbox 1912 3975 3484 4048">
     <span class='ocr_line' id='line_1_78' title="bbox 1912 3975 3484 4048; baseline -0.005 -14"><span class='ocrx_word' id='word_1_606' title='bbox 1912 3981 2002 4042; x_wconf 90' lang='lat' dir='ltr'><strong>sit,</strong></span> <span class='ocrx_word' id='word_1_607' title='bbox 2039 3977 2304 4048; x_wconf 88' lang='lat' dir='ltr'><strong>facileque</strong></span> <span class='ocrx_word' id='word_1_608' title='bbox 2342 3975 2688 4047; x_wconf 88' lang='lat' dir='ltr'><strong>percellatur,</strong></span> <span class='ocrx_word' id='word_1_609' title='bbox 2740 3990 2805 4031; x_wconf 89' lang='lat' dir='ltr'><strong>ac</strong></span> <span class='ocrx_word' id='word_1_610' title='bbox 2845 3983 3065 4046; x_wconf 90' lang='lat' dir='ltr'><strong>propter</strong></span> <span class='ocrx_word' id='word_1_611' title='bbox 3095 3982 3484 4043; x_wconf 75' lang='lat' dir='ltr'><strong>repugnantem</strong></span> 
     </span>
    </p>
   </div>
   <div class='ocr_carea' id='block_1_79' title="bbox 225 4063 1795 4145">
    <p class='ocr_par' dir='ltr' id='par_1_79' title="bbox 225 4069 1795 4145">
     <span class='ocr_line' id='line_1_79' title="bbox 225 4069 1795 4145; baseline -0.003 -19"><span class='ocrx_word' id='word_1_612' title='bbox 225 4071 430 4139; x_wconf 80' lang='grc' dir='ltr'>θέντες,</span> <span class='ocrx_word' id='word_1_613' title='bbox 480 4073 538 4128; x_wconf 84' lang='grc' dir='ltr'><strong>τί</strong></span> <span class='ocrx_word' id='word_1_614' title='bbox 573 4072 952 4145; x_wconf 75' lang='grc' dir='ltr'>θαρρήσομεν;</span> <span class='ocrx_word' id='word_1_615' title='bbox 983 4071 1127 4135; x_wconf 84' lang='grc' dir='ltr'>νοῦν,</span> <span class='ocrx_word' id='word_1_616' title='bbox 1168 4071 1201 4142; x_wconf 84' lang='grc' dir='ltr'>ἢ</span> <span class='ocrx_word' id='word_1_617' title='bbox 1236 4069 1415 4138; x_wconf 88' lang='grc' dir='ltr'>λόγον,</span> <span class='ocrx_word' id='word_1_618' title='bbox 1451 4069 1484 4141; x_wconf 86' lang='grc' dir='ltr'>ἢ</span> <span class='ocrx_word' id='word_1_619' title='bbox 1518 4069 1711 4141; x_wconf 82' lang='grc' dir='ltr'>ἀκοὴν,</span> <span class='ocrx_word' id='word_1_620' title='bbox 1744 4071 1795 4123; x_wconf 86' lang='grc' dir='ltr'><strong>ἐν</strong></span> 
     </span>
    </p>
   </div>
   <div class='ocr_carea' id='block_1_80' title="bbox 1906 4063 3486 4145">
    <p class='ocr_par' dir='ltr' id='par_1_80' title="bbox 1910 4063 3486 4134">
     <span class='ocr_line' id='line_1_80' title="bbox 1910 4063 3486 4134; baseline -0.006 -7"><span class='ocrx_word' id='word_1_621' title='bbox 1910 4085 2212 4127; x_wconf 91' lang='lat' dir='ltr'><strong>sermonem</strong></span> <span class='ocrx_word' id='word_1_622' title='bbox 2262 4069 2512 4123; x_wconf 90' lang='lat' dir='ltr'><strong>libertate</strong></span> <span class='ocrx_word' id='word_1_623' title='bbox 2551 4076 2764 4132; x_wconf 87' lang='lat' dir='ltr'><strong>careat;</strong></span> <span class='ocrx_word' id='word_1_624' title='bbox 2812 4076 2923 4120; x_wconf 91' lang='lat' dir='ltr'><strong>tum</strong></span> <span class='ocrx_word' id='word_1_625' title='bbox 2965 4081 3094 4121; x_wconf 84' lang='lat' dir='ltr'><strong>vero</strong></span> <span class='ocrx_word' id='word_1_626' title='bbox 3138 4080 3236 4132; x_wconf 87' lang='lat' dir='ltr'><strong>ea,</strong></span> <span class='ocrx_word' id='word_1_627' title='bbox 3267 4079 3386 4134; x_wconf 70' lang='lat' dir='ltr'><strong>quae</strong></span> <span class='ocrx_word' id='word_1_628' title='bbox 3418 4063 3486 4118; x_wconf 89' lang='lat' dir='ltr'><strong>de</strong></span> 
     </span>
    </p>
   </div>
   <div class='ocr_carea' id='block_1_81' title="bbox 223 4154 1795 4233">
    <p class='ocr_par' dir='ltr' id='par_1_81' title="bbox 223 4161 1795 4233">
     <span class='ocr_line' id='line_1_81' title="bbox 223 4161 1795 4233; baseline -0.002 -17"><span class='ocrx_word' id='word_1_629' title='bbox 223 4166 360 4233; x_wconf 76' lang='grc' dir='ltr'>τρισὶ</span> <span class='ocrx_word' id='word_1_630' title='bbox 409 4167 628 4228; x_wconf 84' lang='grc' dir='ltr'>τούτοις</span> <span class='ocrx_word' id='word_1_631' title='bbox 678 4162 771 4218; x_wconf 87' lang='grc' dir='ltr'><strong>τοῦ</strong></span> <span class='ocrx_word' id='word_1_632' title='bbox 835 4162 1082 4217; x_wconf 85' lang='grc' dir='ltr'>κινδύνου</span> <span class='ocrx_word' id='word_1_633' title='bbox 1133 4161 1490 4228; x_wconf 86' lang='grc' dir='ltr'>σαλεύοντος;</span> <span class='ocrx_word' id='word_1_634' title='bbox 1540 4161 1651 4214; x_wconf 71' lang='grc' dir='ltr'><strong>Καὶ</strong></span> <span class='ocrx_word' id='word_1_635' title='bbox 1692 4161 1795 4233; x_wconf 85' lang='grc' dir='ltr'>γὰρ</span> 
     </span>
    </p>
   </div>
   <div class='ocr_carea' id='block_1_82' title="bbox 1906 4154 3480 4233">
    <p class='ocr_par' dir='ltr' id='par_1_82' title="bbox 1909 4154 3480 4231">
     <span class='ocr_line' id='line_1_82' title="bbox 1909 4154 3480 4231; baseline -0.007 -12"><span class='ocrx_word' id='word_1_636' title='bbox 1909 4163 2017 4218; x_wconf 88' lang='lat' dir='ltr'><strong>Deo</strong></span> <span class='ocrx_word' id='word_1_637' title='bbox 2043 4162 2353 4231; x_wconf 87' lang='lat' dir='ltr'><strong>suscipitur,</strong></span> <span class='ocrx_word' id='word_1_638' title='bbox 2383 4170 2533 4214; x_wconf 87' lang='lat' dir='ltr'><strong>tanto</strong></span> <span class='ocrx_word' id='word_1_639' title='bbox 2559 4160 2675 4230; x_wconf 89' lang='lat' dir='ltr'><strong>plus</strong></span> <span class='ocrx_word' id='word_1_640' title='bbox 2699 4159 2859 4213; x_wconf 88' lang='lat' dir='ltr'><strong>habet</strong></span> <span class='ocrx_word' id='word_1_641' title='bbox 2885 4156 3244 4224; x_wconf 84' lang='lat' dir='ltr'><strong>difﬁcultatis,</strong></span> <span class='ocrx_word' id='word_1_642' title='bbox 3273 4154 3480 4225; x_wconf 81' lang='lat' dir='ltr'><strong>quanto</strong></span> 
     </span>
    </p>
   </div>
   <div class='ocr_carea' id='block_1_83' title="bbox 227 4249 1795 4329">
    <p class='ocr_par' dir='ltr' id='par_1_83' title="bbox 227 4256 1795 4329">
     <span class='ocr_line' id='line_1_83' title="bbox 227 4256 1795 4329; baseline 0 -21"><span class='ocrx_word' id='word_1_643' title='bbox 227 4258 406 4328; x_wconf 79' lang='grc' dir='ltr'>νοῆσαι</span> <span class='ocrx_word' id='word_1_644' title='bbox 436 4259 554 4329; x_wconf 78' lang='lat' dir='ltr'><strong>(8i)</strong></span> <span class='ocrx_word' id='word_1_645' title='bbox 581 4258 837 4329; x_wconf 85' lang='grc' dir='ltr'>χαλεπὸν,</span> <span class='ocrx_word' id='word_1_646' title='bbox 873 4257 966 4312; x_wconf 70' lang='grc' dir='ltr'><strong>καὶ</strong></span> <span class='ocrx_word' id='word_1_647' title='bbox 996 4257 1331 4328; x_wconf 80' lang='grc' dir='ltr'>ἑρμηνεῦσαι</span> <span class='ocrx_word' id='word_1_648' title='bbox 1365 4256 1666 4327; x_wconf 87' lang='grc' dir='ltr'>ἀμήχανον,</span> <span class='ocrx_word' id='word_1_649' title='bbox 1701 4256 1795 4309; x_wconf 77' lang='grc' dir='ltr'><strong>καὶ</strong></span> 
     </span>
    </p>
   </div>
   <div class='ocr_carea' id='block_1_84' title="bbox 1906 4249 3476 4329">
    <p class='ocr_par' dir='ltr' id='par_1_84' title="bbox 1906 4249 3476 4325">
     <span class='ocr_line' id='line_1_84' title="bbox 1906 4249 3476 4325; baseline -0.006 -14"><span class='ocrx_word' id='word_1_650' title='bbox 1906 4256 2201 4325; x_wconf 87' lang='lat' dir='ltr'><strong>subjectum</strong></span> <span class='ocrx_word' id='word_1_651' title='bbox 2236 4254 2410 4323; x_wconf 86' lang='lat' dir='ltr'><strong>majus</strong></span> <span class='ocrx_word' id='word_1_652' title='bbox 2450 4262 2553 4316; x_wconf 90' lang='lat' dir='ltr'><strong>est,</strong></span> <span class='ocrx_word' id='word_1_653' title='bbox 2591 4263 2646 4306; x_wconf 91' lang='lat' dir='ltr'><strong>et</strong></span> <span class='ocrx_word' id='word_1_654' title='bbox 2689 4251 2836 4305; x_wconf 89' lang='lat' dir='ltr'><strong>zelus</strong></span> <span class='ocrx_word' id='word_1_655' title='bbox 2881 4249 3128 4317; x_wconf 88' lang='lat' dir='ltr'><strong>amplior,</strong></span> <span class='ocrx_word' id='word_1_656' title='bbox 3161 4258 3215 4304; x_wconf 90' lang='lat' dir='ltr'><strong>et</strong></span> <span class='ocrx_word' id='word_1_657' title='bbox 3263 4249 3476 4318; x_wconf 82' lang='lat' dir='ltr'><strong>pericu-</strong></span> 
     </span>
    </p>
   </div>
   <div class='ocr_carea' id='block_1_85' title="bbox 226 4339 1795 4422">
    <p class='ocr_par' dir='ltr' id='par_1_85' title="bbox 226 4347 1795 4422">
     <span class='ocr_line' id='line_1_85' title="bbox 226 4347 1795 4422; baseline -0.002 -19"><span class='ocrx_word' id='word_1_658' title='bbox 226 4351 385 4422; x_wconf 82' lang='grc' dir='ltr'>ἀκοῆς</span> <span class='ocrx_word' id='word_1_659' title='bbox 427 4350 855 4422; x_wconf 84' lang='grc' dir='ltr'>κεκαθαρμένης</span> <span class='ocrx_word' id='word_1_660' title='bbox 900 4350 1176 4419; x_wconf 84' lang='grc' dir='ltr'>ἐπιτυχεῖν</span> <span class='ocrx_word' id='word_1_661' title='bbox 1219 4348 1330 4418; x_wconf 71' lang='lat'><strong>(8‘2)</strong></span> <span class='ocrx_word' id='word_1_662' title='bbox 1379 4347 1795 4420; x_wconf 83' lang='grc' dir='ltr'>ἐργωδέστερον.</span> 
     </span>
    </p>
   </div>
   <div class='ocr_carea' id='block_1_86' title="bbox 1906 4339 3472 4422">
    <p class='ocr_par' dir='ltr' id='par_1_86' title="bbox 1906 4339 3472 4413">
     <span class='ocr_line' id='line_1_86' title="bbox 1906 4339 3472 4413; baseline -0.004 -15"><span class='ocrx_word' id='word_1_663' title='bbox 1906 4345 2011 4398; x_wconf 91' lang='lat' dir='ltr'><strong>lum</strong></span> <span class='ocrx_word' id='word_1_664' title='bbox 2044 4342 2278 4413; x_wconf 79' lang='lat' dir='ltr'><strong>gravius.</strong></span> <span class='ocrx_word' id='word_1_665' title='bbox 2325 4343 2464 4408; x_wconf 84' lang='lat' dir='ltr'><strong>Quid</strong></span> <span class='ocrx_word' id='word_1_666' title='bbox 2495 4351 2675 4396; x_wconf 88' lang='lat' dir='ltr'><strong>autem</strong></span> <span class='ocrx_word' id='word_1_667' title='bbox 2709 4339 3048 4394; x_wconf 61' lang='lat' dir='ltr'><strong>metuemus?</strong></span> <span class='ocrx_word' id='word_1_668' title='bbox 3075 4339 3184 4393; x_wconf 86' lang='lat' dir='ltr'><strong>Aut</strong></span> <span class='ocrx_word' id='word_1_669' title='bbox 3211 4339 3338 4407; x_wconf 86' lang='lat' dir='ltr'><strong>quid</strong></span> <span class='ocrx_word' id='word_1_670' title='bbox 3364 4339 3472 4393; x_wconf 85' lang='lat' dir='ltr'><strong>erit</strong></span> 
     </span>
    </p>
   </div>
   <div class='ocr_carea' id='block_1_87' title="bbox 228 4430 3476 4511">
    <p class='ocr_par' dir='ltr' id='par_1_87' title="bbox 228 4430 3476 4511">
     <span class='ocr_line' id='line_1_87' title="bbox 228 4430 3476 4511; baseline -0.004 -17"><span class='ocrx_word' id='word_1_671' title='bbox 228 4457 290 4496; x_wconf 80' lang='lat' dir='ltr'><strong>ex</strong></span> <span class='ocrx_word' id='word_1_672' title='bbox 315 4457 418 4511; x_wconf 87' lang='lat' dir='ltr'><strong>quo</strong></span> <span class='ocrx_word' id='word_1_673' title='bbox 449 4442 704 4496; x_wconf 87' lang='lat' dir='ltr'><strong>fiduciam</strong></span> <span class='ocrx_word' id='word_1_674' title='bbox 735 4438 1142 4509; x_wconf 81' lang='lat' dir='ltr'><strong>coucipiemus?</strong></span> <span class='ocrx_word' id='word_1_675' title='bbox 1196 4437 1417 4492; x_wconf 86' lang='lat' dir='ltr'><strong>Mensne</strong></span> <span class='ocrx_word' id='word_1_676' title='bbox 1441 4477 1454 4499; x_wconf 94' lang='lat'><strong>,</strong></span> <span class='ocrx_word' id='word_1_677' title='bbox 1482 4453 1548 4490; x_wconf 88' lang='lat' dir='ltr'><strong>an</strong></span> <span class='ocrx_word' id='word_1_678' title='bbox 1578 4452 1790 4501; x_wconf 88' lang='lat' dir='ltr'><strong>sermo,</strong></span> <span class='ocrx_word' id='word_1_679' title='bbox 1833 4451 1900 4490; x_wconf 89' lang='lat' dir='ltr'><strong>an</strong></span> <span class='ocrx_word' id='word_1_680' title='bbox 1933 4434 2324 4498; x_wconf 74' lang='lat' dir='ltr'><strong>aurlitus,.cum</strong></span> <span class='ocrx_word' id='word_1_681' title='bbox 2356 4433 2409 4487; x_wconf 90' lang='lat' dir='ltr'><strong>in</strong></span> <span class='ocrx_word' id='word_1_682' title='bbox 2439 4432 2612 4485; x_wconf 91' lang='lat' dir='ltr'><strong>tribus</strong></span> <span class='ocrx_word' id='word_1_683' title='bbox 2643 4431 2728 4484; x_wconf 89' lang='lat' dir='ltr'><strong>his</strong></span> <span class='ocrx_word' id='word_1_684' title='bbox 2797 4431 2961 4485; x_wconf 87' lang='lat' dir='ltr'><strong>rebus</strong></span> <span class='ocrx_word' id='word_1_685' title='bbox 3026 4430 3321 4498; x_wconf 89' lang='lat' dir='ltr'><strong>periculum</strong></span> <span class='ocrx_word' id='word_1_686' title='bbox 3354 4443 3476 4482; x_wconf 86' lang='lat' dir='ltr'><strong>ver-</strong></span> 
     </span>
    </p>
   </div>
   <div class='ocr_carea' id='block_1_88' title="bbox 228 4523 3487 4600">
    <p class='ocr_par' dir='ltr' id='par_1_88' title="bbox 228 4523 3487 4600">
     <span class='ocr_line' id='line_1_88' title="bbox 228 4523 3487 4600; baseline -0.004 -12"><span class='ocrx_word' id='word_1_687' title='bbox 228 4535 405 4588; x_wconf 87' lang='lat' dir='ltr'><strong>setur?</strong></span> <span class='ocrx_word' id='word_1_688' title='bbox 433 4533 580 4590; x_wconf 82' lang='lat' dir='ltr'><strong>Nam</strong></span> <span class='ocrx_word' id='word_1_689' title='bbox 611 4543 666 4588; x_wconf 91' lang='lat' dir='ltr'><strong>et</strong></span> <span class='ocrx_word' id='word_1_690' title='bbox 689 4548 777 4587; x_wconf 91' lang='lat' dir='ltr'><strong>res</strong></span> <span class='ocrx_word' id='word_1_691' title='bbox 803 4531 1014 4586; x_wconf 92' lang='lat' dir='ltr'><strong>divinas</strong></span> <span class='ocrx_word' id='word_1_692' title='bbox 1040 4540 1220 4586; x_wconf 89' lang='lat' dir='ltr'><strong>mente</strong></span> <span class='ocrx_word' id='word_1_693' title='bbox 1269 4530 1526 4600; x_wconf 89' lang='lat' dir='ltr'><strong>consequi</strong></span> <span class='ocrx_word' id='word_1_694' title='bbox 1593 4529 1844 4596; x_wconf 89' lang='lat' dir='ltr'><strong>arduum,</strong></span> <span class='ocrx_word' id='word_1_695' title='bbox 1884 4538 1939 4583; x_wconf 93' lang='lat' dir='ltr'><strong>et</strong></span> <span class='ocrx_word' id='word_1_696' title='bbox 2006 4527 2192 4584; x_wconf 85' lang='lat' dir='ltr'><strong>verbis</strong></span> <span class='ocrx_word' id='word_1_697' title='bbox 2221 4527 2492 4597; x_wconf 86' lang='lat' dir='ltr'><strong>explicare</strong></span> <span class='ocrx_word' id='word_1_698' title='bbox 2545 4523 2893 4592; x_wconf 85' lang='lat' dir='ltr'><strong>perdifficile,</strong></span> <span class='ocrx_word' id='word_1_699' title='bbox 2933 4533 2990 4577; x_wconf 92' lang='lat' dir='ltr'><strong>et</strong></span> <span class='ocrx_word' id='word_1_700' title='bbox 3038 4533 3292 4592; x_wconf 78' lang='lat' dir='ltr'><strong>purgatas</strong></span> <span class='ocrx_word' id='word_1_701' title='bbox 3323 4535 3487 4575; x_wconf 88' lang='lat' dir='ltr'><strong>aures</strong></span> 
     </span>
    </p>
   </div>
   <div class='ocr_carea' id='block_1_89' title="bbox 237 4619 1538 4690">
    <p class='ocr_par' dir='ltr' id='par_1_89' title="bbox 237 4619 1538 4690">
     <span class='ocr_line' id='line_1_89' title="bbox 237 4619 1538 4690; baseline -0.002 -14"><span class='ocrx_word' id='word_1_702' title='bbox 237 4623 470 4678; x_wconf 83' lang='lat' dir='ltr'><strong>nancisci</strong></span> <span class='ocrx_word' id='word_1_703' title='bbox 502 4621 725 4690; x_wconf 87' lang='lat' dir='ltr'><strong>majoris</strong></span> <span class='ocrx_word' id='word_1_704' title='bbox 752 4622 952 4677; x_wconf 87' lang='lat' dir='ltr'><strong>laboris</strong></span> <span class='ocrx_word' id='word_1_705' title='bbox 981 4630 1034 4676; x_wconf 89' lang='lat' dir='ltr'><strong>et</strong></span> <span class='ocrx_word' id='word_1_706' title='bbox 1064 4619 1400 4676; x_wconf 85' lang='lat' dir='ltr'><strong>difficultatis</strong></span> <span class='ocrx_word' id='word_1_707' title='bbox 1435 4629 1538 4678; x_wconf 86' lang='lat' dir='ltr'><strong>est.</strong></span> 
     </span>
    </p>
   </div>
   <div class='ocr_carea' id='block_1_90' title="bbox 295 4697 1795 4783">
    <p class='ocr_par' dir='ltr' id='par_1_90' title="bbox 295 4705 1795 4783">
     <span class='ocr_line' id='line_1_90' title="bbox 295 4705 1795 4783; baseline -0.001 -17"><span class='ocrx_word' id='word_1_708' title='bbox 295 4711 391 4766; x_wconf 84' lang='lat' dir='ltr'><strong>IE’.</strong></span> <span class='ocrx_word' id='word_1_709' title='bbox 423 4712 546 4776; x_wconf 77' lang='grc' dir='ltr'><strong>Φῶς</strong></span> <span class='ocrx_word' id='word_1_710' title='bbox 585 4712 684 4783; x_wconf 81' lang='grc' dir='ltr'>μὲν</span> <span class='ocrx_word' id='word_1_711' title='bbox 711 4705 756 4766; x_wconf 62' lang='grc' dir='ltr'>ιδ’</span> <span class='ocrx_word' id='word_1_712' title='bbox 780 4711 932 4778; x_wconf 78' lang='grc' dir='ltr'>Θεὸς,</span> <span class='ocrx_word' id='word_1_713' title='bbox 983 4711 1078 4764; x_wconf 76' lang='grc' dir='ltr'>καὶ</span> <span class='ocrx_word' id='word_1_714' title='bbox 1125 4708 1240 4780; x_wconf 84' lang='grc' dir='ltr'>φῶς</span> <span class='ocrx_word' id='word_1_715' title='bbox 1271 4709 1331 4762; x_wconf 86' lang='grc' dir='ltr'><strong>τὸ</strong></span> <span class='ocrx_word' id='word_1_716' title='bbox 1373 4709 1696 4781; x_wconf 86' lang='grc' dir='ltr'>ἀκρότατον,</span> <span class='ocrx_word' id='word_1_717' title='bbox 1741 4727 1795 4764; x_wconf 84' lang='grc' dir='ltr'><strong>ου</strong></span> 
     </span>
    </p>
   </div>
   <div class='ocr_carea' id='block_1_91' title="bbox 1906 4697 3492 4783">
    <p class='ocr_par' dir='ltr' id='par_1_91' title="bbox 1978 4697 3492 4772">
     <span class='ocr_line' id='line_1_91' title="bbox 1978 4697 3492 4772; baseline -0.007 -10"><span class='ocrx_word' id='word_1_718' title='bbox 1978 4706 2095 4762; x_wconf 77' lang='lat' dir='ltr'><strong>XV.</strong></span> <span class='ocrx_word' id='word_1_719' title='bbox 2132 4706 2270 4758; x_wconf 89' lang='lat' dir='ltr'><strong>Deus</strong></span> <span class='ocrx_word' id='word_1_720' title='bbox 2299 4705 2516 4772; x_wconf 80' lang='lat' dir='ltr'><strong>quidem</strong></span> <span class='ocrx_word' id='word_1_721' title='bbox 2561 4702 2651 4755; x_wconf 86' lang='lat' dir='ltr'><strong>lux</strong></span> <span class='ocrx_word' id='word_1_722' title='bbox 2697 4709 2799 4762; x_wconf 90' lang='lat' dir='ltr'><strong>est,</strong></span> <span class='ocrx_word' id='word_1_723' title='bbox 2848 4710 3008 4770; x_wconf 88' lang='lat' dir='ltr'><strong>atque</strong></span> <span class='ocrx_word' id='word_1_724' title='bbox 3050 4698 3185 4753; x_wconf 86' lang='lat' dir='ltr'><strong>adeo</strong></span> <span class='ocrx_word' id='word_1_725' title='bbox 3244 4697 3331 4750; x_wconf 83' lang='lat' dir='ltr'><strong>lux</strong></span> <span class='ocrx_word' id='word_1_726' title='bbox 3369 4711 3492 4752; x_wconf 88' lang='lat' dir='ltr'><strong>om-</strong></span> 
     </span>
    </p>
   </div>
   <div class='ocr_carea' id='block_1_92' title="bbox 228 4800 1798 4878">
    <p class='ocr_par' dir='ltr' id='par_1_92' title="bbox 228 4800 1798 4878">
     <span class='ocr_line' id='line_1_92' title="bbox 228 4800 1798 4878; baseline -0.003 -17"><span class='ocrx_word' id='word_1_727' title='bbox 228 4805 450 4878; x_wconf 81' lang='grc' dir='ltr'>βραχεῖά</span> <span class='ocrx_word' id='word_1_728' title='bbox 493 4801 590 4868; x_wconf 85' lang='grc' dir='ltr'>’τις</span> <span class='ocrx_word' id='word_1_729' title='bbox 645 4804 929 4876; x_wconf 75' lang='grc' dir='ltr'>ἀπορροὴ,</span> <span class='ocrx_word' id='word_1_730' title='bbox 967 4803 1064 4857; x_wconf 72' lang='grc' dir='ltr'>καὶ</span> <span class='ocrx_word' id='word_1_731' title='bbox 1102 4800 1443 4873; x_wconf 83' lang='grc' dir='ltr'>ἀπαύγασμα</span> <span class='ocrx_word' id='word_1_732' title='bbox 1490 4801 1641 4855; x_wconf 82' lang='grc' dir='ltr'>κάτω</span> <span class='ocrx_word' id='word_1_733' title='bbox 1688 4802 1798 4873; x_wconf 81' lang='grc'>(85)</span> 
     </span>
    </p>
   </div>
   <div class='ocr_carea' id='block_1_93' title="bbox 1911 4792 3482 4865">
    <p class='ocr_par' dir='ltr' id='par_1_93' title="bbox 1911 4792 3482 4865">
     <span class='ocr_line' id='line_1_93' title="bbox 1911 4792 3482 4865; baseline -0.004 -12"><span class='ocrx_word' id='word_1_734' title='bbox 1911 4802 2056 4854; x_wconf 90' lang='lat' dir='ltr'><strong>nium</strong></span> <span class='ocrx_word' id='word_1_735' title='bbox 2087 4798 2500 4862; x_wconf 77' lang='lat' dir='ltr'><strong>subliu&#39;tissinia,</strong></span> <span class='ocrx_word' id='word_1_736' title='bbox 2527 4795 2680 4865; x_wconf 86' lang='lat' dir='ltr'><strong>cujus</strong></span> <span class='ocrx_word' id='word_1_737' title='bbox 2712 4795 3038 4865; x_wconf 82' lang='lat' dir='ltr'><strong>perexiguus</strong></span> <span class='ocrx_word' id='word_1_738' title='bbox 3067 4793 3283 4864; x_wconf 86' lang='lat' dir='ltr'><strong>quidam</strong></span> <span class='ocrx_word' id='word_1_739' title='bbox 3313 4792 3482 4858; x_wconf 85' lang='lat' dir='ltr'><strong>rivus,</strong></span> 
     </span>
    </p>
   </div>
   <div class='ocr_carea' id='block_1_94' title="bbox 293 4932 1795 5011">
    <p class='ocr_par' dir='ltr' id='par_1_94' title="bbox 293 4941 1795 5011">
     <span class='ocr_line' id='line_1_94' title="bbox 293 4941 1795 5011; baseline -0.006 -10"><span class='ocrx_word' id='word_1_740' title='bbox 293 4948 334 4980; x_wconf 77' lang='lat'><strong>&quot;</strong></span> <span class='ocrx_word' id='word_1_741' title='bbox 374 4947 539 5002; x_wconf 87' lang='lat' dir='ltr'><strong>Ilebr.</strong></span> <span class='ocrx_word' id='word_1_742' title='bbox 592 4962 644 5010; x_wconf 78' lang='grc' dir='ltr'><strong>ν,</strong></span> <span class='ocrx_word' id='word_1_743' title='bbox 703 4945 791 5002; x_wconf 76' lang='grc' dir='ltr'><strong>Η.</strong></span> <span class='ocrx_word' id='word_1_744' title='bbox 863 4944 908 4977; x_wconf 71' lang='grc'><strong>⁸⁸</strong></span> <span class='ocrx_word' id='word_1_745' title='bbox 964 4941 1136 4999; x_wconf 87' lang='lat' dir='ltr'><strong>lCor.</strong></span> <span class='ocrx_word' id='word_1_746' title='bbox 1175 4960 1232 5011; x_wconf 87' lang='grc' dir='ltr'><strong>ιι,</strong></span> <span class='ocrx_word' id='word_1_747' title='bbox 1282 4943 1335 4998; x_wconf 89' lang='grc'><strong>6.</strong></span> <span class='ocrx_word' id='word_1_748' title='bbox 1401 4943 1446 4974; x_wconf 67' lang='grc' dir='ltr'><strong>δ’</strong></span> <span class='ocrx_word' id='word_1_749' title='bbox 1494 4941 1514 4994; x_wconf 90' lang='grc' dir='ltr'><strong>ι</strong></span> <span class='ocrx_word' id='word_1_750' title='bbox 1567 4943 1692 4996; x_wconf 76' lang='lat' dir='ltr'><strong>Car.</strong></span> <span class='ocrx_word' id='word_1_751' title='bbox 1755 4955 1795 4994; x_wconf 82' lang='lat' dir='ltr'><strong>tt</strong></span> 
     </span>
    </p>
   </div>
   <div class='ocr_carea' id='block_1_95' title="bbox 1906 4932 3049 5011">
    <p class='ocr_par' dir='ltr' id='par_1_95' title="bbox 1906 4932 3049 5000">
     <span class='ocr_line' id='line_1_95' title="bbox 1906 4932 3049 5000; baseline -0.004 -8"><span class='ocrx_word' id='word_1_752' title='bbox 1906 4939 1935 4992; x_wconf 81' lang='lat'><strong>’.</strong></span> <span class='ocrx_word' id='word_1_753' title='bbox 1992 4937 2062 4969; x_wconf 80' lang='lat'><strong>&quot;°</strong></span> <span class='ocrx_word' id='word_1_754' title='bbox 2119 4937 2142 4988; x_wconf 91' lang='grc' dir='ltr'>Ι</span> <span class='ocrx_word' id='word_1_755' title='bbox 2178 4934 2304 4989; x_wconf 82' lang='lat' dir='ltr'><strong>Cor.</strong></span> <span class='ocrx_word' id='word_1_756' title='bbox 2358 4949 2457 4998; x_wconf 90' lang='grc' dir='ltr'>ιιι,</span> <span class='ocrx_word' id='word_1_757' title='bbox 2491 4932 2546 4988; x_wconf 77' lang='grc'><strong>2.</strong></span> <span class='ocrx_word' id='word_1_758' title='bbox 2623 4933 2669 4966; x_wconf 81' lang='grc'><strong>⁵¹</strong></span> <span class='ocrx_word' id='word_1_759' title='bbox 2707 4932 2868 4990; x_wconf 89' lang='lat' dir='ltr'><strong>Prov.</strong></span> <span class='ocrx_word' id='word_1_760' title='bbox 2900 4949 2954 5000; x_wconf 80' lang='grc' dir='ltr'><strong>ιι,</strong></span> <span class='ocrx_word' id='word_1_761' title='bbox 2983 4932 3049 4987; x_wconf 86' lang='grc'><strong>19</strong></span> 
     </span>
    </p>
   </div>
   <div class='ocr_carea' id='block_1_96' title="bbox 293 5082 1783 5157">
    <p class='ocr_par' dir='ltr' id='par_1_96' title="bbox 293 5082 1783 5157">
     <span class='ocr_line' id='line_1_96' title="bbox 293 5082 1783 5157; baseline -0.004 -16"><span class='ocrx_word' id='word_1_762' title='bbox 293 5088 404 5157; x_wconf 64' lang='grc'>(74)</span> <span class='ocrx_word' id='word_1_763' title='bbox 433 5087 503 5140; x_wconf 79' lang='lat' dir='ltr'><strong>El</strong></span> <span class='ocrx_word' id='word_1_764' title='bbox 527 5084 712 5157; x_wconf 71' lang='lat' dir='ltr'><strong>6é_§rt</strong></span> <span class='ocrx_word' id='word_1_765' title='bbox 736 5083 954 5157; x_wconf 54' lang='grc' dir='ltr'>νήπιος</span> <span class='ocrx_word' id='word_1_766' title='bbox 977 5082 1049 5140; x_wconf 75' lang='grc' dir='ltr'><strong>εἴ.</strong></span> <span class='ocrx_word' id='word_1_767' title='bbox 1084 5082 1178 5140; x_wconf 86' lang='lat' dir='ltr'><strong>Sic</strong></span> <span class='ocrx_word' id='word_1_768' title='bbox 1208 5084 1363 5140; x_wconf 87' lang='lat' dir='ltr'><strong>codd.</strong></span> <span class='ocrx_word' id='word_1_769' title='bbox 1399 5083 1569 5138; x_wconf 83' lang='lat' dir='ltr'><strong>Prave</strong></span> <span class='ocrx_word' id='word_1_770' title='bbox 1595 5083 1647 5136; x_wconf 89' lang='lat' dir='ltr'><strong>iu</strong></span> <span class='ocrx_word' id='word_1_771' title='bbox 1674 5082 1783 5147; x_wconf 91' lang='lat' dir='ltr'><strong>ed.,</strong></span> 
     </span>
    </p>
   </div>
   <div class='ocr_carea' id='block_1_97' title="bbox 228 5152 1028 5222">
    <p class='ocr_par' dir='ltr' id='par_1_97' title="bbox 228 5152 1028 5222">
     <span class='ocr_line' id='line_1_97' title="bbox 228 5152 1028 5222; baseline -0.004 -10"><span class='ocrx_word' id='word_1_772' title='bbox 228 5160 276 5212; x_wconf 78' lang='lat' dir='ltr'><strong>el</strong></span> <span class='ocrx_word' id='word_1_773' title='bbox 301 5156 366 5210; x_wconf 80' lang='grc' dir='ltr'>δὲ</span> <span class='ocrx_word' id='word_1_774' title='bbox 387 5152 525 5213; x_wconf 76' lang='grc' dir='ltr'>ἔστι</span> <span class='ocrx_word' id='word_1_775' title='bbox 548 5154 788 5222; x_wconf 78' lang='grc' dir='ltr'>νήπιος,</span> <span class='ocrx_word' id='word_1_776' title='bbox 819 5152 894 5218; x_wconf 84' lang='grc' dir='ltr'>εἷ,</span> <span class='ocrx_word' id='word_1_777' title='bbox 923 5166 1028 5211; x_wconf 88' lang='lat' dir='ltr'><strong>etc.</strong></span> 
     </span>
    </p>
   </div>
   <div class='ocr_carea' id='block_1_98' title="bbox 295 5224 1611 5296">
    <p class='ocr_par' dir='ltr' id='par_1_98' title="bbox 295 5224 1611 5296">
     <span class='ocr_line' id='line_1_98' title="bbox 295 5224 1611 5296; baseline -0.005 -15"><span class='ocrx_word' id='word_1_778' title='bbox 295 5228 404 5296; x_wconf 76' lang='lat'><strong>(75)</strong></span> <span class='ocrx_word' id='word_1_779' title='bbox 430 5227 698 5281; x_wconf 72' lang='grc' dir='ltr'>Γάλακτι</span> <span class='ocrx_word' id='word_1_780' title='bbox 720 5225 993 5296; x_wconf 51' lang='lat' dir='ltr'><strong>(pessum.</strong></span> <span class='ocrx_word' id='word_1_781' title='bbox 1026 5224 1164 5279; x_wconf 71' lang='lat' dir='ltr'><strong>«Lac</strong></span> <span class='ocrx_word' id='word_1_782' title='bbox 1189 5225 1367 5278; x_wconf 92' lang='lat' dir='ltr'><strong>cibum</strong></span> <span class='ocrx_word' id='word_1_783' title='bbox 1399 5225 1611 5296; x_wconf 82' lang='lat' dir='ltr'><strong>adhibe.</strong></span> 
     </span>
    </p>
   </div>
   <div class='ocr_carea' id='block_1_99' title="bbox 295 5295 1793 5368">
    <p class='ocr_par' dir='ltr' id='par_1_99' title="bbox 295 5295 1793 5368">
     <span class='ocr_line' id='line_1_99' title="bbox 295 5295 1793 5368; baseline -0.002 -19"><span class='ocrx_word' id='word_1_784' title='bbox 295 5295 402 5368; x_wconf 88' lang='lat'><strong>(76)</strong></span> <span class='ocrx_word' id='word_1_785' title='bbox 433 5297 640 5368; x_wconf 83' lang='grc' dir='ltr'>Ταχεῖς</span> <span class='ocrx_word' id='word_1_786' title='bbox 671 5295 739 5368; x_wconf 80' lang='grc' dir='ltr'>δὲ</span> <span class='ocrx_word' id='word_1_787' title='bbox 760 5295 904 5368; x_wconf 75' lang='grc' dir='ltr'>τῶν,</span> <span class='ocrx_word' id='word_1_788' title='bbox 922 5306 1026 5352; x_wconf 89' lang='lat' dir='ltr'><strong>etc.</strong></span> <span class='ocrx_word' id='word_1_789' title='bbox 1051 5295 1168 5350; x_wconf 85' lang='lat' dir='ltr'><strong>Bill.</strong></span> <span class='ocrx_word' id='word_1_790' title='bbox 1199 5297 1352 5368; x_wconf 54' lang='lat' dir='ltr'><strong>:rin</strong></span> <span class='ocrx_word' id='word_1_791' title='bbox 1386 5295 1576 5348; x_wconf 89' lang='lat' dir='ltr'><strong>alienis</strong></span> <span class='ocrx_word' id='word_1_792' title='bbox 1615 5303 1793 5347; x_wconf 88' lang='lat' dir='ltr'><strong>tamen</strong></span> 
     </span>
    </p>
   </div>
   <div class='ocr_carea' id='block_1_100' title="bbox 231 5365 1466 5436">
    <p class='ocr_par' dir='ltr' id='par_1_100' title="bbox 231 5365 1466 5436">
     <span class='ocr_line' id='line_1_100' title="bbox 231 5365 1466 5436; baseline -0.007 -13"><span class='ocrx_word' id='word_1_793' title='bbox 231 5365 800 5436; x_wconf 74' lang='lat' dir='ltr'><strong>censoriamvirgulam</strong></span> <span class='ocrx_word' id='word_1_794' title='bbox 828 5367 1110 5421; x_wconf 90' lang='lat' dir='ltr'><strong>celerrime</strong></span> <span class='ocrx_word' id='word_1_795' title='bbox 1131 5365 1416 5433; x_wconf 88' lang='lat' dir='ltr'><strong>arripiunt.</strong></span> <span class='ocrx_word' id='word_1_796' title='bbox 1449 5383 1466 5414; x_wconf 72' lang='grc' dir='ltr'><strong>ι</strong></span> 
     </span>
    </p>
   </div>
   <div class='ocr_carea' id='block_1_101' title="bbox 300 5433 1800 5510">
    <p class='ocr_par' dir='ltr' id='par_1_101' title="bbox 300 5433 1800 5510">
     <span class='ocr_line' id='line_1_101' title="bbox 300 5433 1800 5510; baseline -0.004 -18"><span class='ocrx_word' id='word_1_797' title='bbox 300 5441 405 5510; x_wconf 90' lang='lat'><strong>(77)</strong></span> <span class='ocrx_word' id='word_1_798' title='bbox 449 5433 941 5510; x_wconf 69' lang='grc' dir='ltr'>Συγχὼρήσαιεν.</span> <span class='ocrx_word' id='word_1_799' title='bbox 980 5437 1072 5492; x_wconf 89' lang='lat' dir='ltr'><strong>Sic</strong></span> <span class='ocrx_word' id='word_1_800' title='bbox 1133 5445 1242 5491; x_wconf 89' lang='lat' dir='ltr'><strong>tres</strong></span> <span class='ocrx_word' id='word_1_801' title='bbox 1297 5436 1488 5506; x_wconf 75' lang='lat' dir='ltr'><strong>Regg.,</strong></span> <span class='ocrx_word' id='word_1_802' title='bbox 1523 5433 1618 5489; x_wconf 92' lang='lat' dir='ltr'><strong>0r.</strong></span> <span class='ocrx_word' id='word_1_803' title='bbox 1663 5433 1691 5486; x_wconf 84' lang='grc'><strong>1</strong></span> <span class='ocrx_word' id='word_1_804' title='bbox 1745 5441 1800 5488; x_wconf 89' lang='lat' dir='ltr'><strong>et</strong></span> 
     </span>
    </p>
   </div>
   <div class='ocr_carea' id='block_1_102' title="bbox 234 5509 862 5577">
    <p class='ocr_par' dir='ltr' id='par_1_102' title="bbox 234 5509 862 5577">
     <span class='ocr_line' id='line_1_102' title="bbox 234 5509 862 5577; baseline -0.005 -13"><span class='ocrx_word' id='word_1_805' title='bbox 234 5509 409 5564; x_wconf 81' lang='lat' dir='ltr'><strong>Cmnb.</strong></span> <span class='ocrx_word' id='word_1_806' title='bbox 446 5509 499 5562; x_wconf 89' lang='lat' dir='ltr'><strong>In</strong></span> <span class='ocrx_word' id='word_1_807' title='bbox 532 5512 646 5570; x_wconf 84' lang='lat' dir='ltr'><strong>ed.,</strong></span> <span class='ocrx_word' id='word_1_808' title='bbox 680 5525 862 5577; x_wconf 89' lang='grc' dir='ltr'>συγχω</span> 
     </span>
    </p>
   </div>
   <div class='ocr_carea' id='block_1_103' title="bbox 299 5509 1806 5648">
    <p class='ocr_par' dir='ltr' id='par_1_103' title="bbox 299 5509 1806 5648">
     <span class='ocr_line' id='line_1_103' title="bbox 299 5509 1628 5594; baseline 0.001 -34"><span class='ocrx_word' id='word_1_809' title='bbox 299 5509 409 5564; x_wconf 67' lang='lat' dir='ltr'><strong>dub.</strong></span> <span class='ocrx_word' id='word_1_810' title='bbox 446 5509 499 5562; x_wconf 90' lang='lat' dir='ltr'><strong>In</strong></span> <span class='ocrx_word' id='word_1_811' title='bbox 532 5512 646 5570; x_wconf 87' lang='lat' dir='ltr'><strong>ed.,</strong></span> <span class='ocrx_word' id='word_1_812' title='bbox 680 5509 1105 5594; x_wconf 85' lang='grc' dir='ltr'>συγχωρήσειεν.</span> <span class='ocrx_word' id='word_1_813' title='bbox 1496 5573 1508 5584; x_wconf 43' lang='grc' dir='ltr'><strong><em>ο</em></strong></span> <span class='ocrx_word' id='word_1_814' title='bbox 1617 5573 1628 5585; x_wconf 43' lang='grc'><strong><em>⁸</em></strong></span> 
     </span>
     <span class='ocr_line' id='line_1_104' title="bbox 299 5574 1806 5648; baseline -0.001 -18"><span class='ocrx_word' id='word_1_815' title='bbox 299 5579 404 5648; x_wconf 80' lang='lat'><strong>(78)</strong></span> <span class='ocrx_word' id='word_1_816' title='bbox 442 5579 553 5635; x_wconf 77' lang='lat' dir='ltr'><strong>Kal</strong></span> <span class='ocrx_word' id='word_1_817' title='bbox 573 5577 744 5648; x_wconf 82' lang='grc' dir='ltr'>τὸμὴ</span> <span class='ocrx_word' id='word_1_818' title='bbox 773 5580 1068 5647; x_wconf 75' lang='grc' dir='ltr'>ἀναγκην,</span> <span class='ocrx_word' id='word_1_819' title='bbox 1096 5586 1200 5632; x_wconf 82' lang='lat' dir='ltr'><strong>etc.</strong></span> <span class='ocrx_word' id='word_1_820' title='bbox 1231 5595 1250 5629; x_wconf 79' lang='grc' dir='ltr'><strong>ι</strong></span> <span class='ocrx_word' id='word_1_821' title='bbox 1290 5574 1402 5648; x_wconf 84' lang='lat' dir='ltr'><strong>Nec</strong></span> <span class='ocrx_word' id='word_1_822' title='bbox 1428 5587 1660 5648; x_wconf 68' lang='lat' dir='ltr'><strong>cujusvis</strong></span> <span class='ocrx_word' id='word_1_823' title='bbox 1685 5588 1806 5648; x_wconf 79' lang='lat' dir='ltr'><strong>ser-</strong></span> 
     </span>
    </p>
   </div>
   <div class='ocr_carea' id='block_1_104' title="bbox 239 5644 1810 5716">
    <p class='ocr_par' dir='ltr' id='par_1_104' title="bbox 239 5644 1810 5716">
     <span class='ocr_line' id='line_1_105' title="bbox 239 5644 1810 5716; baseline -0.001 -15"><span class='ocrx_word' id='word_1_824' title='bbox 239 5644 401 5704; x_wconf 81' lang='lat' dir='ltr'><strong>monis</strong></span> <span class='ocrx_word' id='word_1_825' title='bbox 423 5644 748 5705; x_wconf 72' lang='lat' dir='ltr'><strong>necessitate</strong></span> <span class='ocrx_word' id='word_1_826' title='bbox 776 5644 1098 5716; x_wconf 73' lang='lat' dir='ltr'><strong>constringi,</strong></span> <span class='ocrx_word' id='word_1_827' title='bbox 1130 5648 1200 5701; x_wconf 91' lang='lat' dir='ltr'><strong>ita</strong></span> <span class='ocrx_word' id='word_1_828' title='bbox 1241 5656 1300 5700; x_wconf 92' lang='lat' dir='ltr'><strong>ut</strong></span> <span class='ocrx_word' id='word_1_829' title='bbox 1336 5647 1560 5701; x_wconf 88' lang='lat' dir='ltr'><strong>liberam</strong></span> <span class='ocrx_word' id='word_1_830' title='bbox 1611 5644 1810 5716; x_wconf 75' lang='lat' dir='ltr'><strong>habeat</strong></span> 
     </span>
    </p>
   </div>
   <div class='ocr_carea' id='block_1_105' title="bbox 239 5714 1808 5788">
    <p class='ocr_par' dir='ltr' id='par_1_105' title="bbox 239 5714 1808 5788">
     <span class='ocr_line' id='line_1_106' title="bbox 239 5714 1808 5788; baseline -0.004 -16"><span class='ocrx_word' id='word_1_831' title='bbox 239 5718 556 5785; x_wconf 82' lang='lat' dir='ltr'><strong>facultatem,</strong></span> <span class='ocrx_word' id='word_1_832' title='bbox 609 5733 768 5787; x_wconf 89' lang='lat' dir='ltr'><strong>quem</strong></span> <span class='ocrx_word' id='word_1_833' title='bbox 829 5714 1104 5785; x_wconf 82' lang='lat' dir='ltr'><strong>maluerit,</strong></span> <span class='ocrx_word' id='word_1_834' title='bbox 1149 5717 1523 5788; x_wconf 79' lang='lat' dir='ltr'><strong>eligeudiaut</strong></span> <span class='ocrx_word' id='word_1_835' title='bbox 1559 5714 1808 5779; x_wconf 85' lang='lat' dir='ltr'><strong>cavendi,</strong></span> 
     </span>
    </p>
   </div>
   <div class='ocr_carea' id='block_1_106' title="bbox 240 5787 1806 5861">
    <p class='ocr_par' dir='ltr' id='par_1_106' title="bbox 240 5787 1806 5861">
     <span class='ocr_line' id='line_1_107' title="bbox 240 5787 1806 5861; baseline -0.004 -18"><span class='ocrx_word' id='word_1_836' title='bbox 240 5789 436 5861; x_wconf 83' lang='lat' dir='ltr'><strong>sibique</strong></span> <span class='ocrx_word' id='word_1_837' title='bbox 469 5800 524 5847; x_wconf 89' lang='lat' dir='ltr'><strong>et</strong></span> <span class='ocrx_word' id='word_1_838' title='bbox 552 5789 843 5861; x_wconf 88' lang='lat' dir='ltr'><strong>sermonis,</strong></span> <span class='ocrx_word' id='word_1_839' title='bbox 875 5798 928 5842; x_wconf 88' lang='lat' dir='ltr'><strong>et</strong></span> <span class='ocrx_word' id='word_1_840' title='bbox 964 5787 1186 5851; x_wconf 89' lang='lat' dir='ltr'><strong>silentii,</strong></span> <span class='ocrx_word' id='word_1_841' title='bbox 1215 5787 1806 5861; x_wconf 67' lang='lat' dir='ltr'><strong>velutdispensatorem</strong></span> 
     </span>
    </p>
   </div>
   <div class='ocr_carea' id='block_1_107' title="bbox 243 5857 1807 5930">
    <p class='ocr_par' dir='ltr' id='par_1_107' title="bbox 243 5857 1807 5930">
     <span class='ocr_line' id='line_1_108' title="bbox 243 5857 1807 5930; baseline -0.004 -17"><span class='ocrx_word' id='word_1_842' title='bbox 243 5857 369 5916; x_wconf 63' lang='lat' dir='ltr'><strong>esse.</strong></span> <span class='ocrx_word' id='word_1_843' title='bbox 400 5879 419 5916; x_wconf 80' lang='grc' dir='ltr'><strong>ι</strong></span> <span class='ocrx_word' id='word_1_844' title='bbox 451 5861 528 5917; x_wconf 88' lang='lat' dir='ltr'><strong>De</strong></span> <span class='ocrx_word' id='word_1_845' title='bbox 561 5860 654 5917; x_wconf 89' lang='lat' dir='ltr'><strong>illo</strong></span> <span class='ocrx_word' id='word_1_846' title='bbox 693 5876 928 5930; x_wconf 83' lang='lat' dir='ltr'><strong>namque</strong></span> <span class='ocrx_word' id='word_1_847' title='bbox 963 5861 1202 5930; x_wconf 82' lang='lat' dir='ltr'><strong>loquitur</strong></span> <span class='ocrx_word' id='word_1_848' title='bbox 1229 5857 1542 5928; x_wconf 64' lang='lat' dir='ltr'><strong>Gregorius,</strong></span> <span class='ocrx_word' id='word_1_849' title='bbox 1579 5857 1667 5925; x_wconf 88' lang='lat' dir='ltr'><strong>qui</strong></span> <span class='ocrx_word' id='word_1_850' title='bbox 1703 5871 1807 5909; x_wconf 86' lang='lat' dir='ltr'><strong>non</strong></span> 
     </span>
    </p>
   </div>
   <div class='ocr_carea' id='block_1_108' title="bbox 1895 5073 3592 5147">
    <p class='ocr_par' dir='ltr' id='par_1_108' title="bbox 1895 5073 3592 5147">
     <span class='ocr_line' id='line_1_109' title="bbox 1895 5073 3592 5147; baseline -0.003 -11"><span class='ocrx_word' id='word_1_851' title='bbox 1895 5079 2048 5136; x_wconf 86' lang='lat' dir='ltr'><strong>sedet</strong></span> <span class='ocrx_word' id='word_1_852' title='bbox 2083 5080 2134 5132; x_wconf 93' lang='lat' dir='ltr'><strong>in</strong></span> <span class='ocrx_word' id='word_1_853' title='bbox 2165 5075 2409 5147; x_wconf 84' lang='lat' dir='ltr'><strong>magistri</strong></span> <span class='ocrx_word' id='word_1_854' title='bbox 2445 5075 2740 5141; x_wconf 88' lang='lat' dir='ltr'><strong>cathedra,</strong></span> <span class='ocrx_word' id='word_1_855' title='bbox 2784 5076 2867 5130; x_wconf 90' lang='lat' dir='ltr'><strong>cui</strong></span> <span class='ocrx_word' id='word_1_856' title='bbox 2923 5073 3185 5147; x_wconf 84' lang='lat' dir='ltr'><strong>incumbit</strong></span> <span class='ocrx_word' id='word_1_857' title='bbox 3229 5073 3294 5127; x_wconf 85' lang='lat' dir='ltr'><strong>de</strong></span> <span class='ocrx_word' id='word_1_858' title='bbox 3329 5075 3492 5132; x_wconf 87' lang='lat' dir='ltr'><strong>rebus</strong></span> <span class='ocrx_word' id='word_1_859' title='bbox 3589 5135 3592 5138; x_wconf 15' lang='grc' dir='ltr'><strong><em>Α</em></strong></span> 
     </span>
    </p>
   </div>
   <div class='ocr_carea' id='block_1_109' title="bbox 1899 5145 3275 5212">
    <p class='ocr_par' dir='ltr' id='par_1_109' title="bbox 1899 5145 3275 5212">
     <span class='ocr_line' id='line_1_110' title="bbox 1899 5145 3275 5212; baseline -0.006 -8"><span class='ocrx_word' id='word_1_860' title='bbox 1899 5151 2097 5204; x_wconf 86' lang='lat' dir='ltr'><strong>divinis</strong></span> <span class='ocrx_word' id='word_1_861' title='bbox 2124 5145 2429 5202; x_wconf 72' lang='lat' dir='ltr'><strong>sermonem</strong></span> <span class='ocrx_word' id='word_1_862' title='bbox 2476 5148 2696 5208; x_wconf 88' lang='lat' dir='ltr'><strong>habere,</strong></span> <span class='ocrx_word' id='word_1_863' title='bbox 2726 5158 2778 5199; x_wconf 89' lang='lat' dir='ltr'><strong>ct</strong></span> <span class='ocrx_word' id='word_1_864' title='bbox 2805 5148 2960 5199; x_wconf 90' lang='lat' dir='ltr'><strong>fidem</strong></span> <span class='ocrx_word' id='word_1_865' title='bbox 2984 5145 3275 5212; x_wconf 79' lang='lat' dir='ltr'><strong>explicare.</strong></span> 
     </span>
    </p>
   </div>
   <div class='ocr_carea' id='block_1_110' title="bbox 1971 5213 3492 5290">
    <p class='ocr_par' dir='ltr' id='par_1_110' title="bbox 1971 5213 3492 5290">
     <span class='ocr_line' id='line_1_111' title="bbox 1971 5213 3492 5290; baseline -0.001 -19"><span class='ocrx_word' id='word_1_866' title='bbox 1971 5221 2084 5290; x_wconf 84' lang='lat'><strong>(79)</strong></span> <span class='ocrx_word' id='word_1_867' title='bbox 2117 5219 2226 5290; x_wconf 63' lang='lat' dir='ltr'><strong>Ter</strong></span> <span class='ocrx_word' id='word_1_868' title='bbox 2246 5217 2430 5287; x_wconf 73' lang='grc' dir='ltr'><strong>μὲν...</strong></span> <span class='ocrx_word' id='word_1_869' title='bbox 2461 5216 2568 5290; x_wconf 65' lang='grc' dir='ltr'>τρν</span> <span class='ocrx_word' id='word_1_870' title='bbox 2589 5214 2803 5290; x_wconf 40' lang='grc' dir='ltr'>δέηὸιις</span> <span class='ocrx_word' id='word_1_871' title='bbox 2835 5231 2942 5270; x_wconf 82' lang='lat' dir='ltr'><strong>tres</strong></span> <span class='ocrx_word' id='word_1_872' title='bbox 2988 5215 3180 5284; x_wconf 59' lang='grc' dir='ltr'><strong>ηυδε..</strong></span> <span class='ocrx_word' id='word_1_873' title='bbox 3217 5213 3310 5269; x_wconf 92' lang='lat' dir='ltr'><strong>Or.</strong></span> <span class='ocrx_word' id='word_1_874' title='bbox 3371 5215 3395 5268; x_wconf 79' lang='grc'><strong>1</strong></span> <span class='ocrx_word' id='word_1_875' title='bbox 3436 5224 3492 5270; x_wconf 82' lang='lat' dir='ltr'><strong>et</strong></span> 
     </span>
    </p>
   </div>
   <div class='ocr_carea' id='block_1_111' title="bbox 1902 5285 2823 5358">
    <p class='ocr_par' dir='ltr' id='par_1_111' title="bbox 1902 5285 2823 5358">
     <span class='ocr_line' id='line_1_112' title="bbox 1902 5285 2823 5358; baseline -0.008 -12"><span class='ocrx_word' id='word_1_876' title='bbox 1902 5285 2090 5346; x_wconf 78' lang='lat' dir='ltr'><strong>Coinb.</strong></span> <span class='ocrx_word' id='word_1_877' title='bbox 2131 5288 2187 5341; x_wconf 91' lang='lat' dir='ltr'><strong>In</strong></span> <span class='ocrx_word' id='word_1_878' title='bbox 2223 5285 2332 5351; x_wconf 73' lang='grc' dir='ltr'>θίΙ.,</span> <span class='ocrx_word' id='word_1_879' title='bbox 2361 5290 2421 5340; x_wconf 81' lang='grc' dir='ltr'><strong>τὸ</strong></span> <span class='ocrx_word' id='word_1_880' title='bbox 2456 5287 2624 5358; x_wconf 45' lang='grc' dir='ltr'>μὲνε.</span> <span class='ocrx_word' id='word_1_881' title='bbox 2657 5287 2715 5338; x_wconf 79' lang='grc' dir='ltr'><strong>τὸ</strong></span> <span class='ocrx_word' id='word_1_882' title='bbox 2746 5285 2823 5339; x_wconf 84' lang='grc' dir='ltr'>δέ.</span> 
     </span>
    </p>
   </div>
   <div class='ocr_carea' id='block_1_112' title="bbox 1978 5355 3029 5429">
    <p class='ocr_par' dir='ltr' id='par_1_112' title="bbox 1978 5355 3029 5429">
     <span class='ocr_line' id='line_1_113' title="bbox 1978 5355 3029 5429; baseline -0.002 -17"><span class='ocrx_word' id='word_1_883' title='bbox 1978 5360 2088 5429; x_wconf 87' lang='grc'>(80)</span> <span class='ocrx_word' id='word_1_884' title='bbox 2123 5359 2269 5426; x_wconf 83' lang='grc' dir='ltr'><strong>Γάρ.</strong></span> <span class='ocrx_word' id='word_1_885' title='bbox 2298 5355 2534 5429; x_wconf 58' lang='grc' dir='ltr'>υειιει’]ιι</span> <span class='ocrx_word' id='word_1_886' title='bbox 2568 5357 2698 5424; x_wconf 76' lang='lat' dir='ltr'><strong>Reg.</strong></span> <span class='ocrx_word' id='word_1_887' title='bbox 2722 5358 2753 5410; x_wconf 93' lang='lat' dir='ltr'><strong>b</strong></span> <span class='ocrx_word' id='word_1_888' title='bbox 2782 5355 2943 5429; x_wconf 54' lang='grc' dir='ltr'>ξιον.</span> 
     </span>
    </p>
   </div>
   <div class='ocr_carea' id='block_1_113' title="bbox 1982 5421 3492 5500">
    <p class='ocr_par' dir='ltr' id='par_1_113' title="bbox 1982 5421 3492 5500">
     <span class='ocr_line' id='line_1_114' title="bbox 1982 5421 3492 5500; baseline -0.002 -18"><span class='ocrx_word' id='word_1_889' title='bbox 1982 5421 2092 5500; x_wconf 83' lang='grc'>(81)</span> <span class='ocrx_word' id='word_1_890' title='bbox 2113 5421 2223 5483; x_wconf 71' lang='lat' dir='ltr'><strong>Kal</strong></span> <span class='ocrx_word' id='word_1_891' title='bbox 2247 5427 2356 5496; x_wconf 73' lang='grc' dir='ltr'>γὰρ</span> <span class='ocrx_word' id='word_1_892' title='bbox 2383 5425 2626 5500; x_wconf 76' lang='grc' dir='ltr'>νοῆσαι,</span> <span class='ocrx_word' id='word_1_893' title='bbox 2652 5421 2758 5500; x_wconf 76' lang='lat' dir='ltr'><strong>etc.</strong></span> <span class='ocrx_word' id='word_1_894' title='bbox 2787 5425 2940 5480; x_wconf 87' lang='lat' dir='ltr'><strong>Plato</strong></span> <span class='ocrx_word' id='word_1_895' title='bbox 2978 5428 3026 5477; x_wconf 92' lang='lat' dir='ltr'><strong>iu</strong></span> <span class='ocrx_word' id='word_1_896' title='bbox 3052 5424 3278 5500; x_wconf 57' lang='lat' dir='ltr'><strong>fumeo,</strong></span> <span class='ocrx_word' id='word_1_897' title='bbox 3307 5432 3360 5476; x_wconf 89' lang='lat' dir='ltr'><strong>et</strong></span> <span class='ocrx_word' id='word_1_898' title='bbox 3398 5421 3492 5479; x_wconf 81' lang='lat' dir='ltr'><strong>Ci-</strong></span> 
     </span>
    </p>
   </div>
   <div class='ocr_carea' id='block_1_114' title="bbox 1911 5495 3416 5562">
    <p class='ocr_par' dir='ltr' id='par_1_114' title="bbox 1911 5495 3416 5562">
     <span class='ocr_line' id='line_1_115' title="bbox 1911 5495 3416 5562; baseline -0.006 -7"><span class='ocrx_word' id='word_1_899' title='bbox 1911 5495 2036 5556; x_wconf 77' lang='lat' dir='ltr'><strong>cero</strong></span> <span class='ocrx_word' id='word_1_900' title='bbox 2072 5499 2142 5552; x_wconf 87' lang='lat' dir='ltr'><strong>De</strong></span> <span class='ocrx_word' id='word_1_901' title='bbox 2176 5495 2534 5562; x_wconf 73' lang='lat' dir='ltr'><strong>universitate,</strong></span> <span class='ocrx_word' id='word_1_902' title='bbox 2563 5499 2807 5551; x_wconf 84' lang='lat' dir='ltr'><strong>eamdem</strong></span> <span class='ocrx_word' id='word_1_903' title='bbox 2833 5497 3156 5551; x_wconf 80' lang='lat' dir='ltr'><strong>sententiam</strong></span> <span class='ocrx_word' id='word_1_904' title='bbox 3195 5495 3416 5548; x_wconf 85' lang='lat' dir='ltr'><strong>habent.</strong></span> 
     </span>
    </p>
   </div>
   <div class='ocr_carea' id='block_1_115' title="bbox 1983 5564 3487 5640">
    <p class='ocr_par' dir='ltr' id='par_1_115' title="bbox 1983 5564 3487 5640">
     <span class='ocr_line' id='line_1_116' title="bbox 1983 5564 3487 5640; baseline -0.004 -18"><span class='ocrx_word' id='word_1_905' title='bbox 1983 5569 2095 5640; x_wconf 70' lang='lat'><strong>(82)</strong></span> <span class='ocrx_word' id='word_1_906' title='bbox 2165 5567 2526 5638; x_wconf 79' lang='grc' dir='ltr'>Ἐπιτυχεῖν.</span> <span class='ocrx_word' id='word_1_907' title='bbox 2589 5565 2777 5622; x_wconf 75' lang='lat' dir='ltr'><strong>Plures</strong></span> <span class='ocrx_word' id='word_1_908' title='bbox 2842 5567 3008 5636; x_wconf 70' lang='lat' dir='ltr'><strong>Ilegg.</strong></span> <span class='ocrx_word' id='word_1_909' title='bbox 3075 5574 3131 5620; x_wconf 91' lang='lat' dir='ltr'><strong>et</strong></span> <span class='ocrx_word' id='word_1_910' title='bbox 3181 5564 3273 5619; x_wconf 84' lang='lat' dir='ltr'><strong>Or.</strong></span> <span class='ocrx_word' id='word_1_911' title='bbox 3313 5569 3487 5631; x_wconf 85' lang='grc' dir='ltr'>1,τυ-</span> 
     </span>
    </p>
   </div>
   <div class='ocr_carea' id='block_1_116' title="bbox 1946 5659 2043 5693">
    <p class='ocr_par' dir='ltr' id='par_1_116' title="bbox 1946 5659 2043 5693">
     <span class='ocr_line' id='line_1_117' title="bbox 1946 5659 2043 5693; baseline -0.01 0"><span class='ocrx_word' id='word_1_912' title='bbox 1946 5659 2043 5693; x_wconf 90' lang='grc' dir='ltr'>ειν.</span> 
     </span>
    </p>
   </div>
   <div class='ocr_carea' id='block_1_117' title="bbox 1909 5659 3483 5782">
    <p class='ocr_par' dir='ltr' id='par_1_117' title="bbox 1909 5659 3483 5782">
     <span class='ocr_line' id='line_1_118' title="bbox 1909 5659 3483 5782; baseline 0.001 -17"><span class='ocrx_word' id='word_1_913' title='bbox 1909 5659 2097 5782; x_wconf 54' lang='grc' dir='ltr'><strong>χεῖἓῦ)</strong></span> <span class='ocrx_word' id='word_1_914' title='bbox 2143 5712 2531 5782; x_wconf 77' lang='grc' dir='ltr'>Ἁπαύγασμα</span> <span class='ocrx_word' id='word_1_915' title='bbox 2597 5711 2770 5764; x_wconf 80' lang='grc' dir='ltr'>κάτω.</span> <span class='ocrx_word' id='word_1_916' title='bbox 2807 5707 2896 5761; x_wconf 80' lang='lat' dir='ltr'><strong>Sic</strong></span> <span class='ocrx_word' id='word_1_917' title='bbox 2928 5707 3067 5782; x_wconf 69' lang='lat' dir='ltr'><strong>Ilcg.</strong></span> <span class='ocrx_word' id='word_1_918' title='bbox 3103 5707 3211 5777; x_wconf 85' lang='lat' dir='ltr'><strong>but,</strong></span> <span class='ocrx_word' id='word_1_919' title='bbox 3237 5707 3401 5765; x_wconf 82' lang='lat' dir='ltr'><strong>Cois].</strong></span> <span class='ocrx_word' id='word_1_920' title='bbox 3453 5708 3483 5766; x_wconf 77' lang='grc' dir='ltr'><strong>Ι</strong></span> 
     </span>
    </p>
   </div>
   <div class='ocr_carea' id='block_1_118' title="bbox 1911 5779 2961 5850">
    <p class='ocr_par' dir='ltr' id='par_1_118' title="bbox 1911 5779 2961 5850">
     <span class='ocr_line' id='line_1_119' title="bbox 1911 5779 2961 5850; baseline -0.004 -12"><span class='ocrx_word' id='word_1_921' title='bbox 1911 5793 1964 5838; x_wconf 91' lang='lat' dir='ltr'><strong>ct</strong></span> <span class='ocrx_word' id='word_1_922' title='bbox 1996 5779 2049 5850; x_wconf 57' lang='lat'><strong>‘2,</strong></span> <span class='ocrx_word' id='word_1_923' title='bbox 2079 5779 2179 5839; x_wconf 25' lang='lat' dir='ltr'><strong>’Or.</strong></span> <span class='ocrx_word' id='word_1_924' title='bbox 2219 5784 2266 5849; x_wconf 85' lang='lat' dir='ltr'><strong>I,</strong></span> <span class='ocrx_word' id='word_1_925' title='bbox 2295 5779 2398 5840; x_wconf 77' lang='lat' dir='ltr'><strong>etc.</strong></span> <span class='ocrx_word' id='word_1_926' title='bbox 2426 5779 2583 5839; x_wconf 80' lang='lat' dir='ltr'><strong>Deest</strong></span> <span class='ocrx_word' id='word_1_927' title='bbox 2607 5782 2756 5836; x_wconf 71' lang='grc' dir='ltr'>κάτω</span> <span class='ocrx_word' id='word_1_928' title='bbox 2797 5783 2844 5834; x_wconf 89' lang='lat' dir='ltr'><strong>iu</strong></span> <span class='ocrx_word' id='word_1_929' title='bbox 2876 5779 2961 5834; x_wconf 82' lang='lat' dir='ltr'><strong>ed.</strong></span> 
     </span>
    </p>
   </div>
  </div>
