4010 6316
521 310 616 367 191

1731 311 1790 371 S.
1837 313 2166 370 GREGORll
2208 313 2550 377 THEOLOGI

3693 319 3795 372 199.

515 441 582 481 ac
615 424 799 481 radius
861 424 930 480 ad
987 424 1240 480 inferiora
1305 427 1640 500 pertingens,
1693 440 1778 485 est
1835 431 2016 486 lumen
2053 433 2104 486 id

2212 431 2432 503 φθάνον,
2460 431 2767 501 φῶςάπαν,
2795 432 2899 488 κᾶν
2928 434 3320 508 ὑπέρλαμπρον
3353 437 3656 506 φαίνηται·
3684 427 3794 490 ἀλλ’

517 531 680 572 omne
713 517 855 586 quod
892 517 1190 583 cernimus,
1227 521 1577 588 quantumvis
1629 521 1968 591 splendidum
2019 526 2098 578 vi-

519 610 743 675 deatur;
801 608 914 674 sed,
977 616 1036 662 ut
1065 609 1237 676 vides,
1275 610 1560 680 caliginem
1616 623 1855 674 nostram
1908 615 2099 680 calcat,

519 715 583 755 ac
623 700 878 754 tenebras
918 699 1204 756 latibulum
1243 718 1403 758 suum
1437 704 1615 771 posuit
1642 705 1711 771 ",
1739 720 1938 776 easque
1963 707 2104 761 inter

517 806 576 845 se
639 805 702 846 ac
745 807 864 856 nos,
923 794 1378 860 quemadmodum
1432 795 1562 851 olim
1619 797 1831 870 Moyses
1860 799 2100 854 velamen

517 887 661 937 inter
701 898 760 938 se
806 893 862 939 et
892 884 1190 941 obduratos
1249 887 1546 954 lsraelitas,
1599 889 1872 959 interiecit
1914 891 1982 956 ⁵³,
2037 907 2103 946 ne

519 975 811 1044 sepositam
850 991 916 1031 ac
947 979 1284 1034 reconditam
1321 980 1806 1050 pulchritudinem,
1834 996 1939 1052 qua
1972 998 2104 1053 pau-

516 1065 562 1120 ci
597 1066 739 1137 digni
776 1074 928 1132 sunt,
956 1066 1249 1138 caliginosa
1286 1077 1500 1124 natura.
1538 1070 1696 1126 facile
1736 1073 1937 1140 videat,
1971 1073 2104 1127 facio

515 1159 673 1228 leque
725 1157 1036 1226 huiusmodi
1089 1171 1344 1230 aspectus
1398 1175 1621 1232 compos
1689 1162 1904 1229 effecta,
1945 1164 2104 1221 facile

515 1265 731 1320 quoque
779 1259 1006 1320 propter
1058 1250 1394 1322 adipiscendi
1454 1251 1772 1310 facilitatem
1830 1255 2041 1310 amittat
2085 1275 2100 1312 :

515 1355 702 1395 verum
736 1340 913 1396 lumen
943 1356 1064 1396 cum
1107 1341 1334 1408 lumine,
1369 1357 1585 1414 semper
1617 1344 1670 1399 in
1721 1345 1952 1400 sublime
2009 1362 2105 1416 per

515 1432 898 1510 appetitionem
929 1433 1197 1502 trahente,
1231 1443 1500 1499 versetur,
1541 1449 1606 1488 ac
1645 1448 1818 1502 mens,
1851 1437 2102 1491 vitiorum

516 1523 742 1578 maeulis
767 1533 1077 1595 repurgata,
1114 1526 1420 1595 purissima:
1459 1527 1626 1582 menti
1651 1527 1935 1598 jungatur,
1975 1544 2103 1599 par-

519 1614 726 1684 timque
761 1630 906 1670 nunc
942 1616 1100 1670 nobis
1132 1615 1336 1686 aliquid
1365 1626 1646 1686 appareat,
1694 1619 1890 1687 partim
1923 1630 2104 1674 autem

2203 526 2374 596 ὁρᾷς,
2412 525 2610 594 γνόφον
2661 527 2824 579 πατεῖ
2871 525 2984 597 (84)
3029 525 3121 579 τὸν
3162 527 3448 598 ἡμέτερον,
3495 528 3595 581 καὶ
3649 527 3796 584 ἔθετο

2207 615 2400 679 σκότος
2432 615 2760 687 ἀποκουφὴν
2792 615 2956 669 αὐτοῦ
2978 656 2994 680 ,
3031 616 3194 686 μέσον
3238 617 3404 671 αὐτοῦ
3445 617 3567 688 (85)
3611 635 3673 671 τε
3706 621 3796 672 καὶ

2205 706 2362 778 ἡμῶν
2397 707 2544 773 θεὶς,
2575 707 2765 780 ὥσπερ
2811 709 2907 761 καὶ
2952 708 3194 780 Μωῦσῆς
3233 709 3398 763 πάλαι
3429 709 3496 762 τὸ
3529 709 3794 781 κάλυμμα

2207 799 2400 854 ἑαυτοῦ
2430 818 2489 854 τε
2517 801 2611 854 καὶ
2635 800 2738 872 τῆς
2766 797 3079 871 πωρώσεως
3110 799 3343 872 Ἰσραὴλ,
3367 801 3452 854 ἵνα
3483 801 3563 872 μὴ
3601 802 3794 872 ῥαδίως

2209 892 2293 966 ἴδῃ
2325 893 2583 965 σκοτεινὴ.
2604 892 2766 963 φύσις
2803 891 3155 946 τὸάπόθετον
3197 891 3392 956 κάλλος
3416 934 3430 958 ,
3463 895 3565 948 καὶ
3605 893 3795 962 ὀλίγων

2205 986 2378 1052 ἄξιον,
2418 985 2553 1056 μηδὲ
2590 979 2788 1058 ῥᾳδίως
2827 985 3082 1056 ὲπιτυχὺν
3123 985 3257 1056 (86),
3289 985 3490 1057 ῥᾳδίως
3526 987 3626 1039 καὶ
3663 987 3794 1039 ἀπο⁶

2207 1075 2348 1150 ϐάλῃ
2389 1077 2478 1130 διὰ
2511 1077 2610 1148 τὴν
2651 1077 2902 1130 εὐκολίαν
2935 1078 3036 1148 τῆς
3073 1078 3354 1149 κτήσεως·
3406 1077 3529 1146 φῶς
3582 1076 3696 1148 (87)
3742 1077 3794 1131 δὲ

2206 1169 2442 1242 ὁμιλήσῃ
2467 1170 2626 1239 φωτὶ,
2661 1170 2749 1224 ἀεὶ
2773 1171 2909 1244 πρὸς
2941 1171 3004 1224 τὸ
3028 1169 3161 1241 ὕψος
3183 1171 3393 1224 ἕλκοντι
3422 1169 3515 1224 διὰ
3539 1171 3644 1240 τῆς
3679 1170 3796 1238 ὲφὲ-

2210 1279 2368 1326 σεως,
2408 1263 2502 1316 καὶ
2531 1261 2655 1326 νοῦς
2681 1262 2962 1336 πλησιάσῃ
2986 1263 3064 1333 τῷ
3101 1263 3484 1334 καθαρωτάτῳ
3515 1261 3792 1334 κεκαθαρ-

2210 1353 2390 1424 μένος,
2423 1352 2608 1406 καὶτὸ
2643 1347 2742 1422 μὲν
2776 1353 2901 1423 ἄρτι
2940 1355 3115 1423 φανῇ,
3158 1351 3219 1404 τὸ
3245 1351 3302 1404 δὲ
3339 1349 3596 1422 ὕστερον,
3638 1346 3794 1404 ἆθλον

2207 1444 2408 1516 ἀρετῆς
2443 1444 2538 1496 καὶ
2563 1444 2662 1514 τῆς
2689 1443 2937 1498 ἐντεῦθεν
2958 1443 3094 1512 πρὸς
3117 1443 3248 1496 αὐτὸ
3269 1441 3382 1512 (88)
3415 1443 3687 1508 νεύσεως,
3718 1443 3792 1495 ετ-

2207 1553 2332 1590 τουν
2381 1534 2775 1606 ὲξομοιώσεως.
2809 1534 3123 1605 Βλέπομεν
3160 1536 3272 1604 τὰρ
3309 1535 3460 1604 ἄρτι,
3513 1536 3673 1605 φησὶ,
3720 1535 3792 1588 δι’

2205 1629 2506 1697 ἐσόπτρου
2555 1628 2653 1682 καὶ
2697 1628 2768 1682 ἐν
2797 1628 3096 1698 αἰνίγματι
3115 1667 3130 1690 ,
3171 1628 3305 1680 τότε
3350 1627 3418 1680 δὲ
3467 1629 3794 1696 πρόσωπον

517 1717 728 1778 postea,
769 1709 901 1784 (hoc
948 1707 1166 1763 scilicet
1222 1708 1461 1772 virtutis.
1517 1710 1998 1780 propensiorisque
2051 1712 2104 1766 in

2211 1719 2374 1790 πρόςε
2390 1721 2715 1789 πρόσωπον
2737 1738 2751 1753 ·
2794 1719 2925 1789 ἄρτι
2959 1713 3230 1790 γινώσκω
3266 1720 3334 1773 ἐκ
3355 1757 3357 1759 -
3373 1719 3626 1790 μέρους,
3666 1721 3793 1773 τότε

518 1803 688 1858 Deum
713 1803 920 1872 animi,
949 1818 1043 1859 seu
1065 1818 1338 1872 expressae
1372 1803 1519 1860 illius
1547 1805 1918 1860 similitudinis
1966 1821 2099 1875 pra:-

2210 1783 2275 1866 δέ
2315 1783 2720 1883 ἐπιγνώσομαι
2761 1783 2978 1877 κιίθὼς⁷
3008 1811 3106 1866 καὶ
3151 1783 3706 1880 amabam-1m
3735 1811 3792 1864 τὸ

516 1895 684 1948 mium
713 1893 916 1950 ferens.
946 1893 1193 1949 Videmus
1223 1897 1360 1949 enim
1391 1912 1548 1960 nunc,
1574 1897 1772 1966 inquit,
1803 1914 1894 1965 per
1913 1915 2100 1968 specu-

2210 1905 2460 1959 ταπεινὸν
2486 1904 2641 1975 ἡμῶν
2669 1905 2826 1957 ὃσονί
2860 1905 2955 1957 καὶ
2987 1906 3020 1975 ἡ
3050 1903 3346 1972 ἐπαγγελία
3379 1902 3621 1973 πηλίκηί
3654 1902 3788 1972 γνῶ-

515 1983 624 2038 lum
663 1993 709 2038 et
740 1973 1140 2055 inﬁmigmate:
1173 1994 1485 2058 quenalem
1522 1985 1698 2057 59o.
1737 1987 1872 2056 facie
1928 1991 1996 2042 ad
2019 1988 2104 2058 {a-

2210 2011 2295 2048 ναι
2324 1994 2458 2048 Θεὸν
2485 1993 2762 2059 τοσοῦτον,
2793 1995 2915 2048 ὅσον
2949 1992 3288 2065 ὲγνώσμεθα.
3315 1992 3504 2048 Ταῦτα
3529 1993 3741 2056 Παῦλος
3765 1995 3790 2046 ὁ

515 2075 664 2130 ciem.
691 2074 846 2128 Num:
859 2091 1111 2144 cognosco
1130 2091 1193 2129 ex
1221 2084 1370 2143 parte
1393 2091 1412 2129 :
1440 2087 1564 2129 tunc
1593 2087 1766 2130 autem
1793 2094 2102 2148 cognuscam

2212 2087 2382 2158 μέγας
2411 2086 2585 2156 κῆρυξ
2625 2085 2724 2156 τῆς
2757 2086 3045 2156 ἀληθείας,
3084 2087 3113 2138 ὁ
3159 2085 3269 2139 τῶν
3302 2085 3473 2139 ὲθνῶν
3516 2087 3578 2138 ὲν
3618 2085 3790 2139 πίστει

515 2169 648 2222 sicut
698 2179 744 2222 et
778 2169 1018 2240 cognitus
1059 2184 1176 2222 sum
1205 2167 1274 2224 ⁵⁸.
1326 2167 1540 2234 Quanta
1569 2177 1652 2222 est
1697 2169 1876 2223 vilitas
1918 2178 2102 2232 nostra

2210 2177 2554 2241 διδάσκαλος.
2583 2180 2612 2231 ὁ
2639 2178 2730 2231 τὸν
2759 2178 2924 2232 πολὺν
2947 2177 3144 2231 κύκλον
3167 2176 3260 2230 τοῦ
3289 2177 3628 2247 Εὐαγγελίου
3658 2178 3791 2247 πλη-

517 2271 569 2315 et
597 2259 882 2329 abjeclio-l-
909 2259 1121 2326 Quanta
1180 2276 1369 2316 rursus
1389 2260 1746 2330 pollicitatio!
1779 2262 1942 2316 Deum
1978 2276 2103 2331 per-

2214 2267 2414 2340 ρὼσας,
2447 2270 2474 2321 ὁ
2512 2267 2588 2340 μὴ
2619 2268 2762 2339 ἄλλῳ
2799 2269 2906 2322 τινὶ
2946 2269 3076 2335 (iw,
3113 2269 3146 2340 ἢ
3178 2268 3419 2340 Χριστῷ,
3443 2271 3474 2322 ὁ
3511 2269 3675 2340 μέχρι
3703 2269 3790 2322 οὐ·

514 2351 638 2406 inde
651 2365 996 2422 cognoscere,
1016 2358 1070 2404 ut
1086 2351 1284 2422 cogniti
1303 2365 1509 2407 smnus.
1527 2351 1646 2407 llaec
1660 2351 1856 2408 Paulus
1877 2369 2104 2424 magnus

2215 2358 2374 2430 ρανοῦ
2424 2360 2606 2432 τρίτου
2641 2360 2884 2430 φθάσας,
2935 2363 2962 2415 ὁ
2999 2361 3092 2415 τοῦ
3139 2361 3467 2433 παραδείσου
3501 2360 3786 2433 θεατὴςσέ

515 2446 606 2500 ille
638 2446 886 2500 veritatis
936 2461 1136 2515 praeco,
1179 2446 1421 2512 gentium
1483 2448 1534 2501 in
1592 2446 1697 2502 fide
1750 2448 2008 2516 magister
2036 2449 2101 2512 ",

2211 2450 2392 2505 ποθῶν
2421 2452 2512 2505 διὰ
2538 2453 2634 2524 τὴν
2658 2453 2976 2524 τελειότητα
3012 2453 3110 2524 τὴν
3145 2453 3423 2508 ἀνάλυσιν.

516 2537 606 2608 qui
639 2537 1032 2608 amplissimum
1068 2541 1252 2594 orbem
1303 2541 1592 2612 Evangelio
1622 2541 1863 2610 implevit
1892 2543 1960 2607 '5;
2012 2544 2104 2612 qui
2145 2545 2272 2599 nulli
2315 2547 2429 2611 alii,
2456 2563 2616 2617 quam
2644 2548 2886 2614 Christo,
2923 2547 3056 2602 vixit
3085 2549 3178 2611 “‘,
3220 2549 3310 2618 qui
3350 2562 3526 2618 usque
3555 2539 3652 2601 'ad
3683 2555 3788 2602 ter-

517 2633 654 2686 tium
684 2630 877 2686 malum
927 2633 1232 2700 penetravit
1273 2633 1344 2700 δ’,
1397 2635 1490 2704 qui
1535 2635 1775 2705 paradisi
1828 2644 2103 2706 spectator
2143 2636 2244 2692 fuit
2272 2638 2340 2704 ⁸³,
2367 2641 2458 2708 qui
2519 2639 2754 2718 denique
2822 2640 3172 2710 perfectionis
3225 2655 3389 2696 causa
3423 2639 3721 2696 dissolutio:
3747 2639 3787 2691 is

517 2723 787 2778 desiderio
819 2721 1082 2793 ﬂagrabat
1113 2724 1181 2778 δ”.

591 2817 732 2873 XVI.
766 2820 846 2875 A'c
873 2818 1085 2890 Moyses
1122 2821 1339 2890 quidem
1375 2823 1468 2878 Dei
1519 2822 1819 2892 posteriora
1873 2839 1970 2895 per
2008 2839 2102 2894 pe-

523 2922 660 2967 tram
691 2913 778 2966 vix
817 2913 1102 2983 conspexit
1123 2915 1169 2948 ⁸ο
1209 2916 1232 2985 (
1265 2930 1606 2986 quacunque
1663 2917 1877 2972 tandem
1925 2925 2107 2988 poste-

2282 2827 2400 2892 Iq”.
2438 2825 2550 2879 Kal.
2600 2825 2844 2894 Μωῦσῆς
2893 2827 2990 2894 μὲν
3037 2823 3150 2895 (89)
3195 2824 3346 2894 μόλις
3384 2819 3490 2876 εἶδε
3544 2820 3680 2876 Θεοῦ
3725 2820 3787 2873 τὰ

2211 2916 2436 2972 ὀπίσθια
2464 2918 2552 2972 διά
2574 2920 2672 2988 τῆς
2703 2918 2905 2988 πέτρας
2933 2918 3121 2988 (ἆτινα
3153 2917 3326 2970 ταῦτά
3365 2917 3504 2980 ἐστι,
3541 2917 3638 2970 καὶ
3673 2915 3786 2985 ἥτις

521 3007 662 3059 riora
707 3004 796 3062 illa
843 3015 1022 3071 emat,
1054 3017 1110 3062 et
1149 3021 1487 3077 quaecunque
1515 3007 1720 3077 petra),
1765 3009 1946 3078 idque-
1979 3023 2102 3062 cum

2213 3009 2534 3081 ἡπέτρα),
2597 3009 2904 3063 καὶταῦτα
2958 3008 3126 3061 πολλὰ
3179 3008 3421 3079 δεηθεὶς,
3477 3008 3578 3061 καὶ
3617 3004 3786 3075 τυχὼν

523 3097 750 3152 multum
800 3108 1054 3169 precatus
1082 3108 1250 3165 esset,
1271 3113 1333 3153 ac
1360 3099 1612 3168 promissi
1639 3114 1860 3170 compos
1887 3101 2060 3156 factus
2085 3115 2101 3154 :

524 3188 630 3243 nisi
660 3191 802 3259 quod
837 3205 943 3244 non
996 3199 1228 3254 tantum,
1275 3200 1534 3260 quantum
1591 3191 1902 3260 exoptabat,
1948 3191 2102 3260 vidit,

523 3279 748 3350 plusque
771 3281 904 3338 illud,
927 3280 1047 3348 fuit,
1074 3283 1215 3352 quod
1245 3297 1366 3337 eum
1393 3282 1549 3354 fugit,
1575 3297 1736 3353 quam
1762 3283 1904 3353 quod
1937 3284 2104 3354 ipsius

523 3371 692 3426 oculis
721 3372 1096 3442 sése'ohjecit;
1125 3373 1354 3446 Moyses,
1391 3375 1632 3446 inquam,
1691 3376 1780 3445 qui
1808 3375 2106 3432 Pharaonis

526 3465 671 3522 Deus
695 3477 834 3533 erat,
869 3469 960 3538 qui
998 3469 1204 3523 tantam
1240 3468 1516 3524 hominum
1567 3467 1964 3524 multitudinem
2010 3470 2107 3524 du-

527 3559 733 3624 ctabat,
772 3560 862 3629 qui
899 3570 1103 3614 tantam
1128 3561 1511 3615 miraculOrum
1539 3559 1658 3614 vim
1687 3561 2104 3617 demonstrat-at.

527 3647 608 3702 Tu
636 3663 1075 3718 vero,-.quosuam
1103 3665 1330 3718 usquam
1385 3649 1599 3704 cmlitus
1653 3649 1874 3705 aluisti?
1935 3649 2106 3716 Quam

529 3753 724 3808 aquam
771 3754 802 3794 e
839 3749 988 3808 petra
1047 3740 1302 3794 extudisti
1335 3740 1416 3792 ⁸ιῖ
1453 3738 1603 3806 Quod
1633 3755 1780 3794 mare
1815 3742 1961 3808 virga
2023 3741 2106 3792 (li-

527 3829 838 3899 rupisti“?
900 3828 1068 3896 Quem
1122 3829 1386 3899 populum
1455 3845 1548 3900 per
1597 3845 1800 3900 aquas,
1854 3838 2106 3899 tauquam

531 3936 627 3991 per
672 3922 902 3985 aridam,
965 3922 1379 3977 transmisisti?-
1411 3923 1558 3990 Qitos
1607 3923 1789 3979 hostes
1845 3922 2108 3978 .ﬂuctihus

529 4013 792 4075 obruisti?
841 4014 987 4081 Quos
1049 4029 1146 4084 per
1185 4013 1324 4084 ignis
1349 4023 1411 4068 et
1453 4013 1608 4070 nubis
1665 4015 1967 4070 columnam
2019 4015 2111 4068 de—

531 4105 730 4161 duxisti
767 4106 850 4158 “.‘3
890 4104 1035 4171 Quos
1059 4105 1388 4162 Amalecitas
1416 4122 1509 4176 per
1545 4107 1869 4172 orationem,
1903 4115 1954 4160 et
1996 4121 2107 4159 ma-

531 4213 697 4252 nuum
737 4199 1116 4254 extensionem
1141 4200 1207 4263 “,
1231 4215 1294 4254 ac
1319 4215 1537 4255 crucem
1565 4209 1714 4254 tanto
1738 4210 1861 4254 ante
1884 4201 2109 4270 mystice

531 4291 930 4355 dumbratatn,
974 4291 1162 4347 fudisti
1201 4302 1256 4348 et
1303 4290 1616 4362 profligasti,
1668 4303 1727 4345 ut
1781 4291 1978 4345 misere
2029 4300 2108 4344 tc-

2211 3100 2594 3170 ὑποσχέσεως’
2648 3099 2784 3170 πλὴν
2825 3101 2906 3152 ὅτι
2955 3100 3066 3170 μὴ,
3111 3099 3243 3151 ὅσον
3297 3097 3590 3167 ἐπόθησεν,
3634 3093 3780 3154 εἶδενζ

2207 3191 2346 3247 ἀλλά
2387 3192 2549 3246 πλέον
2594 3190 2706 3262 (90)
2741 3189 2834 3244 τοῦ
2885 3190 3286 3260 φαντασθέντος
3319 3184 3385 3260 ἦν
3427 3189 3456 3242 ὃ
3502 3189 3779 3257 διέφυγεν·

2207 3283 2470 3354 Μωῦσῆς,
2505 3283 2533 3337 ὁ
2564 3281 2658 3337 τοῦ
2693 3282 2894 3354 Φαραὼ
2923 3281 3074 3348 Θεὸς,
3103 3283 3132 3334 ὁ
3168 3281 3420 3335 τοσοῦτον
3457 3281 3610 3350 ἄγων
3642 3279 3778 3341 λαὸν,

2209 3379 2237 3430 ό
2267 3375 2600 3448 τηλικαύτην
2627 3376 2870 3447 σημείων
2903 3374 3307 3444 ἐπιδειξάμενος
3330 3373 3578 3444 δύναμιν.
3611 3373 3680 3425 Σὺ
3708 3369 3780 3430 δὲ,

2209 3465 2363 3529 τίνας
2397 3465 2633 3536 ἔθρεψας
2676 3463 2736 3529 ἐξ
2785 3463 3050 3536 ούρανοῦ;
3090 3465 3245 3516 Ποῖον
3284 3462 3427 3534 ὕδωρ
3473 3464 3540 3517 ὲκ
3585 3461 3782 3532 πέτρας

2208 3557 2451 3633 δέδωκας
2477 3555 2824 3625 (91),;..Ποίᾳν
2855 3555 3088 3627 ἕρῤηξας
3110 3554 3381 3608 θάλασσαν
3406 3554 3589 3626 ῥάϐδῳ
3613 3572 3627 3619 ;
3658 3551 3784 3605 Τίνα

2202 3647 2337 3700 λαὸν
2369 3646 2640 3718 ’διήγαγες
2678 3647 2754 3709 ὡς
2793 3646 2880 3698 διὰ
2917 3646 3086 3718 ξηρᾶς
3120 3645 3220 3715 τῆς
3261 3647 3465 3716 (typis;
3496 3646 3661 3708 Τίνας
3701 3644 3783 3711 ἐχ-

2209 3737 2374 3809 θροὺς
2426 3736 2856 3801 κατεπόντισας;
2884 3737 3048 3799 Τίνας
3072 3736 3246 3807 στύλῳ
3277 3737 3447 3807 πυρὸς
3488 3739 3582 3791 καὶ
3629 3735 3779 3804 νεφέ-

2209 3829 2306 3899 λης
2329 3829 2616 3900 ὼδήγησας
2639 3847 2654 3894 ;
2681 3829 2814 3882 Τίνα
2854 3829 3308 3900 κατεπολέμησας
3346 3829 3595 3901 Ἀμαλὴκ
3629 3829 3778 3898 εὐχῇ,

2211 3919 2305 3974 καὶ
2335 3918 2536 3989 χειρῶν
2571 3919 2828 3982 ἐκτάσει,
2862 3920 2958 3971 καὶ
2996 3917 3074 3988 τῷ
3108 3918 3325 3990 σταυρῷ
3357 3918 3780 3990 προτυπουμένῳ

2211 4011 2495 4083 πόρρωθεν
2527 4012 2838 4082 μυστικῶς,
2887 4011 2952 4063 ἵν’
3085 4028 3164 4064 σοι
3197 4009 3552 4081 συμφορὰ·τὺ
3593 4010 3665 4080 μὴ
3699 4023 3780 4058 τε.

2211 4104 2371 4167 λείως
2404 4103 2730 4158 καταλαϐεῖν
2779 4101 2890 4170 (92)
2935 4101 3098 4167 Θεὸν,
3141 4104 3235 4156 καὶ
3281 4103 3370 4155 διὰ
3411 4101 3572 4155 τοῦτο
3611 4100 3778 4154 πάντα

2211 4195 2428 4263 δονῆται
2452 4237 2466 4257 ,
2520 4195 2614 4248 καὶ
2649 4194 2762 4248 ἀνω
2793 4193 2890 4247 κα)⁸
2922 4194 3072 4248 κάτω
3101 4195 3334 4266 φέρηται
3357 4192 3466 4266 (95)
3491 4211 3505 4260 ;
3549 4192 3698 4246 Ἐπεὶ
3724 4189 3776 4242 δὲ

2211 4284 2490 4347 Μωῦσέως
2527 4283 2805 4354 ἐμνήσθην
2827 4323 2842 4347 ,
2867 4284 3203 4355 ὀύκ,έμαοες
3231 4283 3477 4337 ἐντεῦθεν
3515 4284 3778 4356 χαρίσμα-

529 4397 650 4437 cum
679 4393 732 4438 et
765 4385 1191 4455 calamitose‘agi
1251 4393 1430 4454 putes,
1471 4383 1612 4452 quod
1649 4381 1806 4452 plene
1837 4396 1900 4434 ac
1933 4379 2104 4449 perfe-

2211 4394 2302 4440 τος
2326 4375 2650 4430 ἀκολουθίαν
2672 4377 2766 4430 καὶ
2793 4376 2954 4446 νόμον
2974 4377 3208 4443 τάξεως;
3234 4378 3296 4430 El
3325 4378 3421 4446 μὲν
3444 4373 3494 4430 εἴ
3521 4374 3774 4443 Μωῡσῆς,

527 4485 614 4529 cte
643 4475 810 4530 Deum
859 4491 963 4532 non
997 4475 1454 4546 emnpreltettdas,
1476 4485 1637 4545 atquc
1671 4474 1873 4530 idcirco
1920 4470 2100 4526 omnia

531 4567 622 4620 tibi
663 4569 885 4633 moveri,
920 4583 982 4622 ac
1009 4583 1220 4623 sursum
1253 4569 1616 4636 deorsumque
1648 4565 1838 4632 iactari
1874 4564 2100 4618 videan-

2209 4469 2302 4522 καὶ
2361 4468 2458 4538 τῆς
2495 4467 2723 4538 νεφέλης
2775 4469 2904 4522 εἵσω
2967 4468 3240 4540 χώρησον,
3293 4471 3390 4523 καὶ
3424 4469 3574 4523 λάλει
3636 4466 3772 4536 Θεῷ,

2211 4563 2304 4616 καὶ
2365 4561 2548 4632 φωνῆς
2607 4560 2792 4627 ἄκουε,
2851 4561 2945 4616 καὶ
2977 4561 3126 4626 δέξαι
3183 4563 3378 4632 νόμον,
3433 4564 3524 4616 καὶ
3553 4559 3776 4632 νομοθέρ

598 4683 644 4713 δ’
671 4682 814 4734 Psal.
849 4698 978 4739 xm.
1017 4683 1099 4736 l2.
1175 4685 1221 4715 ⁸³
1245 4683 1414 4737 Exod.
1455 4699 1641 4745 xxxrv,
1665 4681 1754 4736 '55.
1834 4681 1879 4712 “
1911 4679 1924 4733 I
1956 4679 2104 4733 Cum

2243 4676 2328 4729 l2.
2406 4672 2680 4745 "ll_Tim_.
2720 4689 2756 4737 ι,
2795 4673 2880 4726 Η.
2957 4671 3188 4745 Ιξθ-ἰῖοιιι.
3227 4661 3314 4745 xv.
3343 4659 3427 4745 19.
3481 4675 3576 4745 7⁸⁸⁸
3604 4673 3770 4745 Galat.

531 4767 593 4810 ιι.
631 4751 734 4804 2ορ
829 4753 880 4792 ⁸⁷ν
909 4753 952 4806 ll
982 4750 1111 4805 Cor.
1145 4769 1241 4815 xu,
1268 4754 1321 4804 2.
1431 4753 1476 4786 ⁸⁸
1502 4754 1629 4806 ibid.
1658 4752 1712 4805 4.

531 4822 574 4852 θ’
605 4821 777 4876 Exod.
813 4835 923 4884 xw,
956 4823 1022 4874 16
1057 4837 1178 4891 sqq.
1256 4823 1300 4852 “
1335 4821 1503 4876 Exod.
1535 4837 1654 4884 xm,
1686 4822 1779 4876 2t.

601 4909 951 4980 ('84)_'0pﬁ¢;,
992 4913 1218 4980 γνόφων
1254 4912 1446 4966 πατεῖ.
1475 4911 1564 4966 Sic
1588 4903 1730 4980 R'eg'.
1755 4913 1842 4964 hm
1867 4910 2099 4964 etCoisl.

529 4980 675 5051 2.ln_
713 4977 894 5051 Or._l,
939 4977 1060 5051 ὅρα,
1102 4977 1118 5032 ξ
1153 4983 1349 5051 aspice.
1389 5001 1406 5032 ι
1466 4980 1520 5032 lu
1566 4977 1707 5043 aliis,
1757 4983 1922 5051 ὁρᾷς;
1975 4980 2102 5051 ("vi-

531 5044 730 5104 tlesn'e?
765 5049 882 5124 riu
913 5044 1022 5124 (ξεῖ.)
1046 5044 1197 5124 ὁρᾷς.
1217 5044 1426 5124 ’γνόφον
1461 5053 1676 5124 πατεῖν.
1721 5044 1900 5124 Schol.
1933 5067 1951 5124 :_
1979 5046 2106 5099 Γνό-

532 5137 650 5194 φον,
677 5119 940 5194 τουτέστι,
962 5122 1059 5192 τὴν
1082 5119 1362 5194 η’μετέραν
1383 5121 1680 5190 ἀσθένειανο
1729 5139 1746 5169 ι
1788 5119 2102 5188 Galigiuem,

533 5193 585 5244 id
615 5201 715 5253 est,
748 5192 1118 5245 infirmitatem
1133 5192 1390 5245 nosti-am.
1423 5211 1440 5243 I

605 5262 716 5330 (8:3)
747 5260 964 5315 Αὐτοῦ.
996 5262 1107 5325 Duo
1139 5263 1329 5330 liegg.,
1364 5259 1577 5314 ἑαυτοῦ.

602 5327 716 5411 (80)
770 5331 1110 5402 Ἐπιτυχόν.
1171 5327 1302 5402 nz-g.
1329 5333 1420 5397 hu,
1445 5331 1610 5387 Coisl.
1654 5331 1676 5384 l
1722 5338 1776 5383 et
1815 5327 1918 5383 Bas
1948 5370 1962 5393 ,
1992 5329 2105 5380 ἐπι-

531 5417 786 5454 τυγουσα.

601 5419 895 5538 (ἕζῗῗιὶῶς.
944 5471 1128 5527 Schol.
1178 5471 1505 5535 ιΤουτέστι,
1553 5469 1676 5533 νοῦς
1714 5468 1953 5540 καθαρὸς
2007 5469 2110 5540 ,καὶ

531 5539 687 5614 ξάγιος
826 5542 1063 5614 ἀληθινῷ
1081 5543 1222 5614 φωτὶ
1239 5541 1535 5614 πλησιάσῃ.
1565 5537 1926 5614 Σκοξεινὴνδὲ
1951 5537 2111 5614 φύσιν

535 5609 684 5677 λέγει
720 5609 817 5682 τὴν
845 5609 1227 5736 ἁμαρτητικὲν
1259 5609 1609 5665 κατάστασιν.
1658 5609 1943 5679 Σκοτεινὴν
2001 5609 2110 5679 γὰρ

538 5678 829 5736 ἀνθρώπου
857 5683 1016 5736 φύσιν
1042 5684 1132 5736 τὸν
1205 5684 1292 5735 εὺν
1330 5683 1549 5736 ποιῆσαι
1577 5682 1874 5736 ἀμήγανονο
1910 5679 2110 5736 ἀγαθὸς

538 5678 829 5752 ἀνθρῴπου
857 5678 1016 5752 φύσὶν
1042 5678 1132 5736 τὸν
1159 5678 1292 5736 Θεὸν
1330 5683 1549 5749 ποιῆσαι
1577 5682 1874 5751 ἀμήχανονθ
1904 5678 2111 5747 ἀγαθὸς

543 5749 652 5821 γὰρ
685 5749 782 5820 ὢν,
813 5749 953 5808 καλὰ
983 5753 1099 5808 λίαν
1129 5753 1305 5810 πάντα
1343 5749 1628 5822 ἐποίησενῖ
1658 5749 1684 5800 ι
1721 5752 1775 5805 ld
1826 5761 1926 5815 est,
1961 5765 2110 5805 incus

1824 4752 1873 4784 ⁸⁹
1926 4751 2120 4815 Philip.
2164 4749 2339 4808 1,.‘25.

1885 4819 1928 4851 ⁸⁸
1968 4813 2136 4873 Exod.
2171 4833 2301 4881 xvu,
2333 4813 2396 4867 lO
2423 4829 2541 4880 seq.

2445 4744 2490 4774 ⁸ο
2522 4743 2690 4797 Exod.
2730 4758 2922 4806 χχχιιι,
2955 4743 3026 4797 22
3052 4759 3171 4811 sqq.
3274 4744 3316 4774 ⁶¹
3345 4743 3510 4798 Exod.
3551 4759 3689 4804 xm,
3724 4743 3771 4794 t5.

2212 4921 2345 4975 pura
2371 4915 2425 4958 et
2451 4912 2634 4958 sancta
2678 4917 2808 4977 vero
2841 4903 3029 4958 lumini
3074 4906 3483 4974 appropinquet.
3513 4906 3774 4977 Caligino—

2213 4974 2329 5030 Sam
2365 4974 2798 5045 autemappellat
2823 4984 3090 5045 naturam,
3123 4977 3532 5044 propensionem
3567 4974 3772 5045 ad'pec-

2213 5054 2415 5099 catum.
2469 5042 2828 5113 Caligiuosam
2877 5043 3021 5097 enim
3073 5042 3345 5099 condi—tam
3394 5046 3556 5100 fuisse
3601 5042 3774 5113 a—Dco

2216 5114 2448 5186 hominis
2471 5111 2740 5186 naturam,
2793 5113 3088 5186 dicerefas
3128 5129 3230 5168 non
3283 5119 3391 5181 :sl;
3441 5117 3633 5186 'quippe
3687 5111 3772 5184 qui

2213 5185 2384 5239 bonus
2403 5198 2524 5237 cum
2565 5184 2654 5247 sit,
2677 5185 2855 5236 omnia
2885 5183 3034 5237 valde
3065 5184 3200 5239 bona
3226 5183 3497 5240 ereavit.»

2308 5253 2397 5322 88)
2431 5252 2602 5306 Αὐτό.
2635 5254 2762 5322 Reg.
2786 5253 2871 5306 bm
2893 5263 2946 5306 et
2968 5252 3114 5320 Sav.,
3147 5254 3324 5308 αὐτόν.

2309 5324 2397 5394 89)
2443 5323 2603 5394 Μέττ-
2623 5324 2779 5394 Deest
2803 5326 2854 5376 in
2879 5324 3085 5394 duobus
3116 5324 3280 5394 Regg.
3310 5337 3364 5380 et
3399 5323 3492 5380 0r.
3520 5324 3569 5378 Ι.

2290 5387 2403 5464 (90)
2432 5392 2648 5464 Πλέον.
2681 5387 2775 5464 Or.
2799 5395 2820 5446 l
2840 5434 2852 5453 .
2880 5392 3080 5464 πλεῖον.

2290 5462 2400 5533 (91)
2426 5463 2712 5527 Δέδωκας.
2739 5463 2850 5533 Duo
2880 5462 3040 5533 νιοβε.
3064 5473 3115 5518 et
3141 5462 3232 5518 0r.
3271 5464 3321 5526 Ι.
3351 5465 3574 5530 ἔδωκας.

2290 5479 2400 5533 (ιιι)
2426 5479 2712 5527 Δεσωκας.
2741 5479 2850 5518 υιιο
2882 5479 3040 5586 περς.
3064 5479 3115 5518 et
3141 5479 3232 5518 ur.
3271 5479 3321 5526 ι,
3351 5479 3574 5530 suum;

2210 5533 2402 5657 sit?)
2440 5531 2825 5587 KatmIaGeIr.
2855 5535 2966 5587 Duo
3023 5535 3171 5605 {egg.
3195 5537 3373 5619 ero...
3413 5538 3464 5600 ι,
3505 5533 3769 5600 καταλαμ-

2251 5620 2417 5659 ανειν.

2297 5673 2411 5745 (95)
2434 5672 2750 5745 Δοκῆται...
2781 5673 3200 5744 φέρηταιίῐὶεε.
3232 5675 3340 5740 bm,
3373 5684 3426 5730 et
3454 5673 3664 5737 Comb.,
3695 5668 3759 5721 δα

2221 5743 2458 5801 valvata.
2491 5743 2732 5813 φέρεται.
