4010 6316
201 377 286 430 195

817 366 1092 421 ORATIO
1135 365 1348 420 XXXII.
1390 387 1458 408 ά·-
1497 365 1586 418 DE
1625 365 2117 420 MODERATIONE
2152 365 2216 420 IN
2267 367 2720 424 DISPLTANDO.

3315 368 3416 428 191

195 510 354 565 τητον.
400 491 460 543 Ei
510 475 572 542 δὲ⁵
627 473 834 559 Ἀαρὼν
861 527 874 550 ,
909 473 1260 556 ¹συνανιίιϐηθι
1298 486 1429 556 μὲν,
1465 483 1600 539 ἀλλὰ
1649 477 1742 556 τῆς

1854 476 2080 540 ιυΗἈι
2133 490 2386 558 quoniam
2437 489 2636 560 Moysls
2692 490 3020 546 mentionem
3064 491 3186 557 feci,
3237 507 3418 548 nonne

196 586 395 655 νεφέλης
438 580 542 646 ἔξω
598 581 752 648 στῆθι
798 579 1044 649 πλησίον.
1090 579 1152 630 EI
1182 579 1239 631 δὲ
1297 579 1523 650 Ἰθάμαρ
1563 595 1667 641 τις,
1707 579 1739 649 ἢ

208 677 458 744 Ἐλεάζαρ,
483 675 576 726 καὶ
606 673 786 743 τρίτος
812 672 918 724 ἀπὸ
952 671 1250 733 Μωῦσὲως,
1273 671 1306 740 ἢ
1332 670 1434 740 τῆς
1453 673 1743 742 γερουσίας

195 786 265 831 τις
298 769 383 820 καὶ
412 765 518 817 τῶν
555 764 980 834 Ἑϐδομήκοντα,
1003 761 1083 814 ἔτι
1115 761 1394 833 πόρρωθεν
1417 753 1591 831 στῆθι,
1641 761 1742 814 κᾶν

195 863 248 930 τῇ
285 862 452 912 στάσει
492 856 604 925 (94)
637 856 698 908 τὸ
743 856 924 926 τρίτον
962 855 1118 926 ἔχων.
1154 855 1216 907 Εἰ
1252 853 1308 905 δὲ
1343 854 1436 906 τοῦ
1468 854 1597 906 λαοῦ
1646 855 1740 907 καὶ

194 953 282 1004 τῶν
311 947 508 1002 πσλλῶν
540 941 655 1010 εἷς,
707 948 768 999 ού
804 947 1089 1018 προσίεταί
1125 963 1183 998 σε
1235 946 1296 999 τὸ
1335 947 1492 1016 ὅρος,
1545 942 1604 1000 οῦ
1637 945 1739 999 κᾶν

195 1043 354 1111 θηρίον
399 1040 551 1108 θίγῃ,
604 1037 1105 1108 λιθοϐοληθήσεται.
1149 1037 1333 1090 Κάτω
1383 1039 1593 1106 μεῖνον,
1647 1037 1740 1089 καὶ

197 1134 336 1203 μόνης
373 1131 532 1185 ἄκουε
571 1130 670 1198 τῆς
711 1130 914 1198 φωνῆς,
951 1129 1043 1181 καὶ
1068 1127 1292 1198 ταύτης,
1324 1129 1550 1198 ἁγνίσας
1577 1144 1737 1180 σεαυ-

193 1226 264 1277 τὸν
300 1224 385 1275 καὶ
418 1223 666 1291 καθάρας
707 1221 842 1293 (95),
878 1221 954 1284 ὡς
985 1221 1313 1286 διατέταξαι.

1854 577 1976 630 hinc
2006 578 2190 647 gratim
2218 579 2408 631 divinae
2447 573 2668 641 seriem,
2697 577 3024 646 "ordiuisque
3057 576 3228 647 legem
3273 579 3417 632 didi-

1849 669 2004 723 cisti?
2034 671 2089 724 Si
2115 667 2328 738 Moyses
2348 684 2427 734 es,
2461 673 2653 724 nubem
2675 679 2891 740 quoque
2912 671 3085 738 ipsam
3117 670 3415 739 ingredere,

1849 770 1904 813 et
1939 759 2102 813 Deum
2137 760 2431 829 alloquere,
2463 766 2518 813 et
2548 774 2733 814 vocem
2779 760 2925 825 audi,
2969 769 3030 814 et
3061 759 3231 830 legem
3281 763 3421 816 acci-

1848 867 1935 921 pe,
1969 867 2032 906 ac
2070 853 2213 922 leges
2257 861 2436 906 statue
2463 851 2531 906 “.
2564 851 2620 905 Si
2660 861 2838 906 autem
2874 853 3073 918 Aaron,
3117 852 3274 907 simul
3300 854 3422 921 qui-

1847 947 1966 999 tlem
2005 945 2236 998 ascende
2275 963 2286 997 :
2334 959 2520 998 verum
2579 949 2732 998 extra
2793 945 2988 997 nubem
3026 945 3078 999 in
3118 946 3420 1013 propinquo

1845 1037 2175 1091 'consiste“.
2221 1035 2278 1090 Si
2327 1050 2455 1090 vero
2513 1035 2744 1089 Ithamar
2795 1035 3083 1104 qui-spiam,
3120 1044 3213 1089 aut
3263 1035 3418 1089 Elea-

1846 1141 1940 1180 zar
1969 1126 2035 1187 δ”,
2085 1110 2245 1194 atque
2277 1140 2307 1179 a
2339 1125 2520 1195 Moyse
2554 1125 2778 1192 tertius,
2805 1125 3120 1194 ordinisque
3160 1125 3418 1180 senatorii

1845 1228 1900 1272 et
1927 1234 1992 1272 ex
2021 1215 2370 1286 Septuaginta
2401 1233 2563 1282 unus,
2585 1216 2796 1287 longius
2826 1217 2998 1270 adhuc
3026 1215 3252 1285 gradum
3293 1214 3416 1285 fige,

193 1315 410 1385 quamvis
465 1315 659 1370 ordine
711 1315 928 1368 tertius.
995 1314 1145 1380 Quod
1191 1316 1234 1368 si
1299 1314 1537 1384 plebeius
1590 1313 1879 1384 quispiam,
1949 1311 2224 1379 infimique
2281 1310 2504 1374 ordinis,
2568 1325 2726 1364 mons
2791 1310 3010 1363 minime
3046 1317 3098 1363 te
3149 1309 3415 1363 admittit;

194 1411 360 1480 quippe
395 1425 554 1479 quem
589 1410 751 1464 etiam
780 1411 824 1464 si
855 1411 1022 1466 bestia
1054 1411 1316 1482 tetigerit,
1349 1411 1618 1481 lapidibus
1670 1409 2023 1478 οι-ρι·ἰιιιοιυι·.
2079 1403 2222 1459 Infra
2291 1420 2531 1470 remane,
2598 1413 2889 1473 vocemque
2928 1403 3097 1459 Solam
3150 1404 3296 1469 audi,
3336 1404 3420 1459 id—

193 1521 278 1576 que
302 1505 455 1559 etiam
484 1515 774 1574 postquam
810 1505 1062 1573 teipsttm,
1097 1515 1155 1558 ut
1181 1505 1366 1575 jussus
1395 1520 1474 1569 es,
1498 1505 1802 1570 CXpiaVeris
1833 1517 1894 1554 ac
1937 1501 2368 1569 perpurgzwel‘is.

249 1603 333 1655 lZ'.
361 1602 466 1654 Καὶ
501 1601 590 1653 ἵνα
626 1617 684 1653 σε
733 1600 1008 1654 παιδεύσω
1049 1599 1136 1653 διὰ
1187 1600 1470 1663 πλειόνων,
1507 1600 1589 1663 τίς
1634 1599 1742 1651 τῶν

192 1695 353 1767 ἱερέων
381 1695 614 1747 ἐτελείου
649 1694 747 1757 τὰς
791 1697 1015 1765 χεῖρας;
1055 1696 1313 1766 Μωῦσῆς.
1337 1695 1455 1758 ’Τίς
1501 1694 1608 1747 τῶν
1658 1711 1744 1746 τε-

1927 1594 2087 1649 XVII.
2124 1595 2299 1662 Atque
2335 1603 2390 1648 ut
2432 1594 2649 1648 uberius
2683 1604 2735 1648 te
2768 1595 3049 1660 instruam,
3085 1595 3204 1663 quis
3237 1610 3421 1649 sacer-

1851 1687 2038 1743 dotum
2077 1701 2270 1741 manus
2312 1687 2693 1741 consecrabat?
2739 1686 2969 1758 Moyses.
3022 1688 3152 1753 Quis
3203 1705 3422 1754 eorum,

191 1782 486 1855 ἱειουμένων
511 1787 539 1837 6
571 1786 822 1856 πρῶτος;
862 1785 1092 1858 Ἀαρών.
1125 1787 1235 1840 Καὶ
1261 1786 1340 1839 ἔτι
1376 1787 1481 1858 πρὸ
1513 1786 1739 1851 τούτων,

1851 1781 1941 1849 qui
1971 1770 2456 1843 consecrabantur,
2501 1779 2708 1848 primus
2740 1783 2892 1834 erat?
2938 1783 3136 1834 Aaron.
3174 1781 3304 1850 Quis
3337 1797 3425 1834 au-

187 1877 255 1939 τές
282 1878 342 1929 τὰ
373 1877 504 1947 πρὸς
546 1876 682 1929 Θεὸν
715 1872 812 1946 ἧν;
840 1877 950 1929 Καὶ
977 1877 1062 1939 τίς
1095 1877 1213 1929 ἀντὶ
1250 1877 1433 1946 φωνῆς
1473 1877 1550 1947 τῷ
1591 1876 1740 1948 λαῷ;

190 1967 267 2028 Εἰς
300 1966 350 2017 δὲ
379 1965 444 2017 τὰ
480 1966 651 2034 "Ay-ta
692 1965 801 2018 τῶν
842 1965 1012 2032 ἁγίων
1055 1965 1228 2036 εἰσῄει
1275 1964 1377 2029 τίς,
1422 1965 1559 2036 πλὴν
1593 1966 1740 2033 ἑνόςς

199 2057 292 2110 Ἀεὶ
323 2057 376 2110 δὲ
420 2051 611 2121 οὗτοςς
651 2048 948 2126 Οὐδαμῶς·
998 2056 1112 2109 ἀλλ’
1148 2056 1292 2122 ἅπαξ
1331 2058 1425 2111 τοῦ
1474 2047 1741 2123 ἐνιαυτοῦ,

188 2149 267 2201 καὶ
291 2143 354 2217 ἦν
383 2149 490 2200 ὅτε.
527 2148 768 2217 Ἐιρερον
804 2146 860 2200 δὲ
893 2147 992 2217 τὴν
1030 2146 1232 2216 σκηνὴν
1269 2147 1432 2210 τίνες,
1466 2146 1604 2218 πλὴν
1638 2147 1746 2201 τῶν

188 2240 432 2305 Λευῖτῶν;
468 2241 580 2293 Καὶ
619 2235 798 2302 οὗτοι,
849 2238 1033 2302 καθὼς
1075 2238 1414 2303 διετέτακτο,
1446 2240 1493 2292 οἱ
1544 2239 1641 2309 μὲν
1680 2239 1747 2292 τὰ

187 2333 460 2402 τιμιώτεροι
489 2331 726 2403 ταύτης,
769 2333 820 2384 οἱ
858 2331 915 2384 δὲ
945 2330 1014 2384 τὰ
1060 2331 1290 2404 δεύτερα
1315 2372 1330 2395 ,
1358 2330 1540 2394 καθὼς
1567 2333 1606 2402 ἠ
1637 2331 1748 2384 τῶν

184 2425 430 2495 φερόντων
452 2425 584 2492 ἀξία
606 2441 620 2488 ;
659 2424 810 2477 Ἐπεὶ
827 2423 882 2476 δὲ
904 2424 997 2476 καὶ
1011 2423 1378 2493 φυλάσσεσθαι
1396 2423 1600 2494 ταύτην
1619 2418 1742 2489 ἔδει,

185 2511 462 2580 ἐφύλασσον
481 2512 654 2575 τίνες,
677 2512 771 2564 καὶ
794 2511 941 2576 πῶς;
967 2512 1028 2564 Oi
1054 2512 1152 2582 μὲν
1180 2511 1299 2565 τόδε
1328 2513 1387 2565 τὸ
1412 2511 1593 2576 κλίτος
1612 2512 1744 2584 (96),

188 2605 224 2654 τί
242 2603 292 2655 δὲ
310 2603 417 2658 τόδε
434 2620 448 2633 ⁸
482 2603 582 2657 καὶ
607 2603 726 2655 οὐδὲ
753 2602 866 2672 (97)
889 2602 1138 2674 ἀόριστον
1159 2643 1172 2666 ,
1203 2603 1323 2656 οὐδὲ
1350 2604 1603 2668 ἄτακτον,
1629 2605 1748 2658 οὐδὲ

185 2693 278 2747 τῶν
297 2695 620 2764 ὲλαχίστωνδ
666 2695 858 2765 Ἡμεῖς
879 2694 938 2747 δὲ
968 2693 1043 2746 ἂν·
1069 2693 1268 2764 μικροῦ
1294 2693 1543 2765 δοξαρίου
1575 2693 1750 2764 τύχωη

190 2805 291 2855 μεν,
333 2788 364 2858 ἦ
411 2787 532 2841 οὐδὲ
573 2787 764 2840 τούτου
806 2786 1098 2850 πολλάκις,
1155 2785 1270 2839 ἀλλ’
1311 2785 1386 2848 ὡς
1446 2774 1658 2856 ἔτυχεν,

186 2879 265 2931 δύο
305 2879 432 2949 (98),
465 2880 497 2950 ἦ
542 2879 672 2949 τρία
711 2881 932 2950 ῥήματα
975 2879 1074 2948 τῆς
1110 2878 1334 2950 Γραφῆς
1371 2878 1750 2950 ἐκμελετήσω-

190 2986 292 3038 μεν,
321 2972 411 3024 καὶ
438 2972 621 3026 ταῦτα
652 2971 1141 3042 περικεκομμένως
1173 2971 1268 3024 καὶ
1303 2971 1546 3042 ἀνοήτως
1575 2971 1752 3041 (τοῦτο

188 3062 361 3126 ἐκεῖνο,
388 3065 422 3135 ἡ
462 3062 812 3134 αύθημερινὴ
863 3063 1058 3132 σοφία,
1093 3063 1187 3116 καὶ
1223 3063 1252 3114 6
1296 3063 1354 3116 ὲν
1386 3063 1608 3135 Χαλάνῃ
1639 3063 1748 3142 (99)

1852 1883 1984 1936 tem,
2023 1872 2162 1940 quad
2195 1882 2320 1926 ante
2343 1880 2373 1926 a
2401 1861 2566 1926 nobis.
2585 1865 2785 1926 dictum
2811 1874 3070 1942 oportuit,
3101 1888 3185 1939 ea,
3211 1889 3328 1942 qua:
3357 1881 3426 1928 ad

1850 1964 2014 2019 Deum
2046 1961 2202 2033 591
2224 1950 2572 2033 spectabant,
2612 1963 2870 2017 curabat?
2910 1963 3041 2030 Quis
3091 1981 3278 2020 rursus
3332 1982 3425 2034 po-

1847 2055 1975 2124 pulo
2004 2056 2154 2108 vocis
2186 2055 2356 2108 instar
2386 2054 2540 2107 erat?
2589 2051 2726 2116 Jam,
2769 2055 2820 2107 in
2866 2051 3064 2108 Sancta
3115 2068 3422 2110 sanctormn

1849 2145 1958 2212 eui,
1997 2154 2360 2216 praeterquam
2395 2145 2506 2208 uni,
2536 2146 2714 2199 aditus
2758 2146 2976 2224 patebat
3001 2147 3086 2200 ⁵θῖ
3131 2147 3425 2218 Semperne

1849 2247 2028 2292 autem
2091 2237 2166 2292 illi
2227 2235 2480 2306 patebat?
2531 2235 2918 2310 Nequaquam;
2966 2237 3058 2294 sed
3103 2228 3282 2294 semel
3329 2256 3425 2310 per

1851 2345 2071 2396 annum,
2109 2339 2165 2384 et
2187 2325 2390 2385 statuto
2437 2321 2695 2398 tempore.
2739 2329 2975 2396 Quinam
3034 2347 3192 2400 porro
3242 2348 3422 2387 arcam

1797 2423 1801 2426 ’
1850 2423 2154 2491 gestabant,
2187 2422 2286 2476 nisi
2323 2421 2571 2477 Levita)?
2623 2421 2687 2476 Et
2725 2437 2790 2476 ex
2821 2423 2907 2488 iis,
2963 2430 3020 2476 ut
3077 2425 3424 2479 constitutum

1854 2524 1995 2582 erat,
2058 2515 2148 2570 alii
2203 2516 2420 2586 quidem
2464 2518 2874 2586 prazstantiores
2925 2517 3041 2588 ejus
3087 2531 3288 2587 partes,
3336 2517 3428 2574 alii

1853 2614 2028 2658 autem
2065 2605 2348 2660 inferiores
2389 2604 2722 2674 minorisque
2767 2604 3134 2689 pretiinprout
3169 2606 3428 2674 cujusque

1851 2698 2084 2767 dignitas
2115 2698 2361 2752 ferebat?
2393 2697 2461 2751 Et
2491 2697 2742 2767 quoniam
2766 2691 2888 2751 eain
2921 2685 3134 2766 queque
3153 2685 3423 2753 custodiri

1847 2783 2156 2859 oportebat,
2199 2790 2435 2859 quinam
2493 2804 2634 2854 eam,
2691 2798 2746 2844 et
2787 2804 2893 2859 quo
2954 2799 3108 2858 pacto
3161 2789 3428 2844 custodie-

1854 2884 2022 2938 baut‘l
2071 2884 2172 2937 Alii
2209 2883 2461 2938 videlicet
2515 2883 2659 2938 aliud
2717 2883 2877 2948 latus,
2938 2882 3026 2936 alii
3087 2883 3282 2937 aliud:
3330 2898 3429 2938 uec

1853 2976 2148 3044 quidquam
2188 2990 2293 3030 non
2340 2975 2652 3030 disﬁnctum
2709 2983 2766 3029 et
2809 2975 3116 3030 ordinatum
3167 2987 3306 3039 erat,
3361 2993 3428 3029 ne

1855 3065 2202 3137 minimarum
2249 3064 2463 3136 quidem
2518 3078 2722 3119 rerum.
2796 3057 2866 3118 At
2919 3067 3017 3120 nos
3072 3049 3118 3119 si
3177 3065 3426 3136 exiguam

185 3151 394 3222 πᾶργος,
431 3154 490 3218 ὃς
523 3153 707 3217 καλῶς
733 3153 835 3217 τὰς
863 3153 1114 3222 γλώσσας
1141 3152 1394 3224 ἐμέρισεν
1415 3153 1466 3225 )“
1504 3156 1596 3208 καὶ
1622 3156 1742 3208 ἀπο-

1857 3157 2140 3224 quamdam
2179 3157 2463 3227 gloriolam
2495 3157 2726 3212 assecuti
2760 3157 3044 3223 fuerimus,
3083 3173 3145 3213 ac
3183 3174 3248 3213 ne
3291 3161 3428 3214 hanc

187 3244 420 3314 νοηθῆναι
461 3246 548 3298 δεῖ
594 3245 735 3298 κατὰ
781 3245 1083 3309 Μωῦσέως,
1130 3244 1223 3296 καὶ
1275 3244 1527 3313 γενέσθαι
1569 3246 1748 3300 Δαθὰν

188 3335 268 3387 καὶ
305 3335 564 3407 Ἀϐειρὼν
597 3337 724 3399 τοὺς
767 3335 1030 3406 ὑϐριστὰς
1065 3335 1158 3388 καὶ
1193 3334 1406 3398 ἀθέους.
1444 3329 1544 3388 Ὧν
1573 3336 1751 3406 φύγω-

190 3442 276 3495 μεν
303 3427 397 3496 τὴν
419 3426 746 3493 αὐθάδειαν,
773 3426 866 3480 καὶ
902 3426 1038 3495 μηδὲ
1068 3426 1168 3498 τὴν
1205 3425 1466 3479 ἀπόνοιαν
1496 3427 1750 3499 μιμησώ-

191 3515 335 3583 μεθα,
366 3517 500 3588 μηδὲ
524 3517 588 3569 τὸ
611 3515 763 3579 τέλος
785 3514 1087 3586 δεξώμεθα.

1857 3248 2070 3315 quidem
2104 3263 2364 3318 persaepe,
2395 3264 2582 3304 verum
2621 3258 2826 3304 temere
2874 3249 2981 3304 duo
3009 3258 3101 3304 aut
3132 3251 3232 3304 tria
3285 3249 3424 3304 Scri-

1856 3345 2028 3406 pturze
2061 3340 2245 3407 verba,
2283 3355 2455 3408 eaque
2497 3341 2830 3410 imperite'et
2872 3343 3092 3406 concise
3122 3343 3420 3411 perdidice-

1843 3428 2028 3484 -rimus
2091 3429 2200 3500 (illa
2238 3429 2490 3486 videlicet
2530 3432 2786 3501 sapientia
2843 3441 3073 3487 est-uno
3103 3433 3190 3487 die
3250 3443 3424 3502 parta,

1856 3528 1911 3574 et
1961 3519 2214 3576 Chalanae
2269 3523 2454 3590 turris,
2503 3540 2607 3594 qua
2678 3521 2872 3594 lil‘igua:
2927 3525 3183 3594 przeclare
3245 3526 3424 3580 divisa'

193 3610 351 3682 sant),
396 3616 510 3681 jam
542 3621 597 3666 et
626 3612 1018 3666 contumaciter
1061 3621 1222 3682 atque
1271 3613 1459 3666 insane
1490 3611 1748 3668 adversus
1787 3615 2021 3686 Moysem
2087 3617 2466 3689 insurgendum
2501 3630 2606 3686 est,
2673 3632 2729 3676 et
2790 3620 3017 3676 Dathaui
3071 3631 3127 3675 et
3174 3620 3429 3675 Abironis

190 3708 489 3762 coutmnelia
522 3716 579 3760 et
607 3707 855 3776 impietas
887 3706 1168 3760 imitanda.
1205 3707 1444 3774 Quorum
1475 3709 1843 3778 arrogantiam
1876 3722 1930 3765 et
1961 3715 2274 3781 amentiam,
2339 3729 2544 3784 quaeso,
2577 3713 2893 3786 fugiamus,"
2925 3709 2992 3770 ne
3053 3714 3242 3771 iisdem
3312 3730 3430 3786 pue-

193 3799 264 3853 uis
291 3802 678 3871 opprimemur.

251 3893 348 3946 llI’.
390 3892 581 3946 Βούλει
629 3893 686 3946 δὲ
718 3893 812 3947 καὶ
846 3891 1012 3963 ἄλλην
1066 3911 1148 3946 σοι
1202 3895 1538 3965 παραστήσω
1569 3895 1743 3962 τάξιν,

193 3983 271 4035 καὶ
297 3984 498 4057 ταύτην
530 3987 854 4056 ἐπαινετὴν,
887 3985 982 4037 καὶ
1025 3985 1228 4056 ταύτην
1258 3986 1414 4050 ἀξίαν
1446 3990 1546 4058 τῆς
1580 3989 1660 4051 εἰς
1688 3986 1748 4042 τὸ

188 4076 341 4145 παρὸν
385 4079 642 4148 μνήμης,
674 4077 769 4130 καὶ
815 4076 1126 4142 νουθεσίας;
1171 4077 1332 4150 Ὁρᾷς
1369 4077 1478 4132 τῶν
1512 4077 1745 4150 Χριστοῦ

191 4166 425 4236 μαθητῶν
447 4210 461 4233 ,
495 4169 716 4222 πάντων
746 4167 915 4220 ὄντων
947 4168 1166 4239 ὑψηλῶν
1188 4210 1201 4234 ,
1248 4171 1342 4223 καὶ
1383 4171 1484 4241 τῆς
1515 4171 1746 4240 ἐκλογῆς

187 4253 356 4320 ἀξίων,
377 4261 405 4310 ὁ
426 4259 530 4328 μὲν
554 4258 740 4329 Πέτρα
771 4258 1036 4318 καλεῖται,
1069 4259 1162 4312 καὶ
1192 4261 1317 4323 τοὺς
1339 4259 1622 4330 θεμελίους
1644 4261 1744 4330 τῆς

199 4347 503 4420 Ἐκκλησία-ς
547 4350 902 4412 πιστεύεται,
932 4352 960 4404 6
1007 4349 1065 4402 δὲ
1097 4351 1376 4418 ἀγαπᾶται
1423 4351 1582 4405 πλέον
1605 4390 1620 4416 ,
1650 4352 1743 4405 καὶ

187 4439 268 4490 ἐπὶ
300 4441 357 4494 τὸ
391 4442 589 4512 στῆθος
617 4441 714 4495 τοῦ
757 4443 832 4513 (1)
876 4442 1052 4514 Ἰησοῦ
1086 4443 1458 4506 ἀναπαύεται,
1500 4444 1596 4497 καὶ
1644 4444 1740 4512 (ρὲ-

189 4545 352 4598 ρουσιν
372 4534 421 4585 οἱ
446 4534 625 4586 λοιποὶ
655 4533 752 4605 τὴν
776 4534 1125 4605 προτίμησιν.
1169 4535 1460 4606 Ἀναῦῆναι
1489 4536 1544 4589 δὲ
1569 4538 1650 4600 εἰς
1677 4536 1738 4589 τὸ

1924 3895 2106 3951 XVIII.
2151 3896 2244 3951 Vis
2301 3897 2445 3951 aliud
2506 3897 2720 3966 quoque
2783 3895 2990 3950 ordinis
3037 3905 3092 3951 et
3136 3894 3430 3965 disciplina:

1853 3977 2156 4060 exemplum
2195 3988 2248 4042 in
2281 3977 2514 4042 medium
2559 3987 2855 4058 proferam,
2913 3987 3074 4055 idque
3106 3985 3426 4056 praeclarum

1847 4087 1904 4136 'et
1961 4079 2257 4144 laudabile,
2293 4093 2357 4133 ac
2402 4078 2653 4146 praesenti
2693 4072 3208 4132 commemoratione
3263 4084 3426 4145 atque

1851 4173 2228 4227 admonitione
2283 4169 2550 4240 imprimis
2583 4169 2844 4238 dignum?
2877 4169 3034 4224 Vide‘s
3073 4169 3425 4238 quemadmo-

1849 4267 1976 4320 dum
2015 4280 2080 4319 ex
2122 4263 2328 4318 Christi
2357 4261 2660 4330 discipulis,
2697 4263 2907 4331 magnis
2958 4261 3146 4329 utique
3173 4260 3425 4314 omnibus

1847 4365 1903 4412 et
1929 4354 2182 4418 excelsis,
2213 4361 2378 4421 atque
2408 4351 2675 4406 electione
2716 4349 2916 4418 dignis,
2951 4349 3037 4402 hic
3072 4348 3231 4403 Petra
3265 4363 3423 4404 voce-

1849 4448 2016 4515 tur“,
2033 4457 2193 4515 atque
2212 4445 2466 4500 Ecclesiae
2486 4443 2832 4497 fundamenta
2848 4442 2916 4495 in”
2933 4441 3090 4496 fidem
3115 4457 3265 4496 suam
3278 4442 3422 4496 acci-

1846 4540 1979 4609 piat,
2022 4539 2114 4593 ille
2154 4538 2450 4606 impensius
2482 4544 2710 4600 ametur,
2768 4545 2824 4588 et
2856 4549 3016 4604 supra
3063 4544 3252 4602 pectus
3290 4533 3420 4588 .lesu

185 4618 295 4690 ὅρος
322 4623 541 4693 δεῆσαν,
577 4625 663 4678 ἴνα
689 4627 754 4697 τῇ
792 4629 971 4697 μορφῇ
1003 4625 1190 4698 λάμψῃ
1212 4668 1226 4690 ,
1255 4627 1349 4680 καὶ
1375 4628 1474 4698 τὴν
1511 4627 1742 4699 θεότητα

1853 4631 2159 4700 requiescat
2193 4629 2259 4693 7°,
2297 4645 2359 4682 ac
2407 4627 2596 4697 reliqui
2631 4625 2875 4696 discipuli
2903 4640 2996 4680 eos
3044 4624 3147 4680 sibi
3180 4623 3419 4694 praeferri

186 4714 486 4788 παραδείξῃ,
523 4717 618 4770 καὶ
658 4717 920 4789 γυμνὼσῃ
971 4719 1062 4771 τὸν
1095 4719 1152 4770 ὲν
1183 4721 1248 4790 τῇ
1294 4719 1456 4791 σαρκὶ
1505 4720 1741 4790 κρυπτό-

186 4818 349 4870 μενον,
373 4807 516 4871 τίνες
555 4808 1039 4864 συναναϐαίνουσιν
1073 4811 1172 4881 (οὐ
1201 4810 1311 4880 γὰρ
1347 4813 1546 4875 πάντες
1574 4813 1742 4866 ἐπόπ-

183 4909 261 4948 ται
309 4899 400 4953 τοῦ
448 4901 801 4972 θαύματος);
858 4902 1092 4974 Πέτρος,
1150 4903 1244 4956 καὶ
1298 4904 1585 4969 Ἰάκωϐος,
1650 4908 1742 4958 καὶ

192 4985 448 5063 Ἰωάννης,
480 4994 529 5046 οἱ
561 4993 666 5064 πρὸ
709 4993 818 5047 τῶν
843 4993 1018 5048 ἄλλων
1053 4993 1148 5046 καὶ
1173 4994 1324 5058 ὄντες
1350 4995 1446 5047 καὶ
1475 4994 1741 5066 ἀριθμοῦ⁸

183 5095 336 5146 μενοι.
365 5083 625 5156 Παρεῖναι
656 5083 714 5138 δὲ
746 5084 1072 5154 ἀγωνιῶν-τι,
1116 5085 1208 5139 καὶ
1247 5084 1615 5157 ἀναχωροῦντι
1647 5104 1738 5157 μι-

261 5239 303 5311 es
331 5239 499 5294 Εςοιι,
533 5257 644 5301 κη,
680 5242 714 5296 5
751 5257 871 5310 sqq.
975 5243 1020 5274 ⁶⁶
1047 5241 1216 5295 Exod.
1247 5257 1393 5302 xxw,
1428 5243 1449 5295 1
1493 5258 1612 5311 sqq.

1723 5243 1766 5274 ⁸⁷
1801 5243 1968 5300 Exod.
2002 5259 2198 5308 xxvm,
2235 5243 2258 5296 1
2307 5257 2427 5312 sqq.

1847 4737 2000 4792 aequo
2053 4705 2463 4776 animo-ferant.
2495 4718 2636 4784 Jam,
2677 4735 2799 4774 cum
2843 4717 2896 4772 in
2949 4727 3196 4794 montem
3232 4727 3422 4772 ascen;

1849 4815 2078 4870 deudum
2114 4813 2325 4878 fuisset,
2359 4823 2418 4869 ut
2455 4813 2704 4868 Christus
2735 4823 2992 4881 corporea
3032 4810 3205 4864 forma
3243 4810 3421 4879 Splen-

1849 4908 1999 4962 deret
2031 4908 2099 4971 '“,
2137 4918 2192 4960 et
2231 4907 2569 4961 divinitatem
2601 4920 2752 4960 suam
2789 4903 3136 4974 patefaceret.
3166 4919 3416 4972 eumque,

1847 4996 1938 5065 qui
1990 5010 2157 5051 carne
2185 4996 2488 5065 tegebatur,
2523 4994 2752 5050 nudaret
2799 5004 2960 5062 atque
2994 4993 3249 5063 aperiret,
3299 4995 3420 5062 qui-

1848 5103 1972 5141 nam
2011 5087 2170 5144 simul
2223 5088 2518 5142 ascendunt
2560 5097 2682 5157 (nec
2715 5085 2861 5141 enim
2899 5099 3086 5140 omnes
3137 5085 3203 5138 ad
3259 5083 3417 5152 hujus

2532 5241 2576 5273 ⁸⁸
2609 5239 2777 5296 Levit.
2811 5254 2923 5307 xw,
2956 5238 3021 5305 2;
3058 5238 3219 5294 llebr.
3251 5252 3327 5303 ιχ,
3360 5237 3412 5290 7.

179 5306 216 5338 ⁶⁹
251 5309 431 5364 Matth.
458 5327 566 5374 xm,
600 5313 688 5366 18.
761 5312 809 5344 ¹⁰
837 5306 988 5367 Joan.
1019 5328 1135 5376 xm,
1160 5312 1251 5367 25.
1331 5313 1374 5344 τί
1399 5306 1588 5366 Matth.
1613 5329 1741 5377 xvu,
1773 5315 1793 5366 I
1840 5331 1936 5386 sqq

239 5427 343 5501 (94)
369 5433 494 5486 Κᾶν
524 5431 598 5499 τῇ
623 5431 856 5494 στάσει,
883 5441 987 5486 etc.
1039 5431 1156 5486 Bill.

176 5503 461 5564 acquiesce.
501 5520 520 5553 ι

177 5569 342 5687 “(35)
399 5571 689 5639 Καθάρας.
755 5573 868 5626 Duo
935 5572 1102 5643 llegg.
1169 5582 1227 5627 et
1297 5572 1420 5628 0r.-
1466 5575 1520 5641 1,
1599 5574 1728 5628 καθ-

194 5651 339 5786 T313)
373 5711 442 5765 T6
467 5712 694 5776 κλίτος.
735 5711 958 5768 Schol.:
1007 5713 1080 5765 Τὸ
1120 5714 1301 5785 μέρος.
1343 5733 1361 5765 ι
1407 5714 1509 5769 Alii
1563 5717 1724 5779 hanc,

177 5771 254 5828 alii
274 5771 411 5834 illam
435 5771 666 5852 partem.
697 5800 716 5832 ι

1201 5450 1218 5486 :
1255 5451 1273 5484 ι
1312 5435 1542 5504 sedeque
1575 5435 1726 5488 tertia

1900 5437 2009 5507 {97)
2037 5437 2206 5507 Οὺδέ.
2224 5437 2355 5504 Reg.
2383 5435 2492 5500 bm,
2525 5447 2576 5489 et
2600 5435 2747 5499 Bas,
2777 5435 2950 5489 οὐδέν.

1900 5505 2014 5576 (98)
2047 5506 2121 5560 ’Ἡ
2154 5507 2284 5560 δύο.
2316 5508 2406 5561 Sic
2450 5507 2605 5560 codd.
2640 5507 2789 5560 deest
2826 5507 2860 5576 ἦ
2887 5510 2936 5558 iu
2969 5505 3057 5559 ed.

1903 5577 2014 5629 (99)
2077 5577 2346 5629 Χαλάιοη.
2409 5577 2520 5629 Duo
2584 5577 2748 5629 liena.
2821 5586 2875 5629 et
2929 5573 3021 5629 0r.
3086 5573 3137 5629 1.
3192 5570 3428 5627 Χαλάν·’

1903 5577 2014 5646 (99)
2077 5577 2346 5645 Χαλάιοῃ.
2409 5577 2520 5630 Duo
2584 5577 2748 5644 llegg.
2821 5586 2875 5629 et
2929 5577 3021 5629 0r.
3086 5577 3137 5638 1,
3194 5577 3262 5625 Xa

1832 5665 1981 5726 Vm“!
2017 5648 2269 5726 gratatur:
2298 5649 2534 5726 turris.)
2573 5647 2620 5700 id
2643 5658 2747 5726 est,
2778 5665 2795 5697 ι
2831 5647 2997 5726 turris
3022 5643 3205 5726 Lfabel.
3244 5663 3262 5696 ι

1905 5719 1979 5788 (Η
2014 5718 2144 5771 Τοῦ.
2183 5718 2332 5772 Deest
2363 5722 2414 5770 in
2442 5720 2610 5771 trilms
2642 5715 2806 5786 Ilegg.
2840 5727 2893 5769 et
2917 5715 3007 5770 Or.
3043 5717 3091 5768 1.
