4010 6316
585 376 696 438 ωδ

1793 372 1850 427 S.
1892 371 2227 429 GREGORII
2262 370 2614 428 TIlEOLOGI

3758 365 3860 423 196

588 491 838 550 miraculi
880 491 1241 562 spectaculum
1287 488 1709 558 admittuntur)?
1755 487 1967 552 Petrus,
2000 487 2164 542 Joan-

2274 488 2394 560 ιιρὸν
2422 489 2527 559 πρὸ
2557 485 2652 540 τοῦ
2679 486 2906 552 πάθους,
2935 486 3028 540 καὶ
3052 485 3330 556 εὐχομένω
3352 525 3366 549 ,
3393 483 3571 550 τίνες;
3605 482 3674 535 Οἱ
3706 481 3858 536 αὐτοὶ

593 600 690 639 nes
739 595 791 638 et
822 582 1073 645 Jacobus,
1127 581 1380 650 quiante
1427 580 1583 644 alios,
1622 588 1676 633 et
1730 588 1908 642 erant,
1961 587 2016 631 ct
2067 593 2172 631 nu-

593 678 957 731 Inerahantur.
979 674 1186 728 Rursus
1208 688 1328 728 cum
1363 673 1414 726 in
1437 684 1692 740 supremo
1715 684 1885 738 agone
1912 669 2170 733 versanti.

593 778 648 821 et
685 767 842 836 paulo
875 775 1000 820 ante
1058 765 1366 834 passionem
1403 761 1674 816 secedenti
1710 760 1779 826 ",
1830 775 1894 814 ac
1925 759 2172 829 precibus

593 871 812 925 operam
862 856 1012 910 danti
1052 853 1311 924 quosdam
1365 853 1556 906 adesse
1602 859 1897 919 oporteret,
1947 849 2171 918 quinam

595 950 806 1000 adeam
859 959 974 999 rem
1025 943 1178 997 asciti
1233 941 1395 996 sunt?
1451 939 1619 994 Iidem
1671 940 1768 994 illi.
1828 940 2002 1006 Atque
2060 937 2174 992 han:

595 1034 794 1090 Christi
854 1033 1094 1103 praelatio
1147 1041 1202 1086 et
1249 1032 1442 1086 electio
1503 1029 1602 1083 fuit
1683 1028 1985 1098 Cmteroqni
2039 1043 2168 1082 vero

594 1135 795 1195 quanta
825 1126 1192 1185 concinnitas,
1225 1135 1274 1176 et
1315 1121 1640 1200 disciplina?
1667 1121 1823 1176 Aliud
1851 1121 2045 1175 Petrus
2087 1121 2172 1174 in-

569 1211 834 1286 terrogat
873 1215 940 1280 ’³,
983 1216 1126 1268 aliud
1169 1214 1448 1282 Philippus
1478 1213 1546 1276 7“,
1568 1213 1710 1266 aliud
1735 1212 1901 1267 ludas
1923 1211 1992 1276 ⁷⁵,
2029 1211 2170 1264 aliud

597 1307 834 1362 Thomas
865 1307 932 1368 ⁷⁸,
974 1307 1115 1358 aliud
1152 1307 1290 1358 alius
1325 1305 1612 1372 quispiam,
1666 1318 1839 1372 neque
1890 1313 1982 1355 aut
2033 1301 2171 1356 idem

598 1413 812 1458 omnes,
845 1407 936 1450 aut
966 1397 1145 1450 omnia
1185 1410 1348 1458 unus,
1395 1395 1487 1447 sed
1521 1393 1761 1446 vicissim
1818 1393 2066 1462 quisque,
2109 1406 2176 1446 ac

594 1487 890 1557 sigillatim.
942 1486 1170 1540 Dicesne
1217 1487 1307 1540 hic
1344 1483 1595 1549 fortasse,
1627 1484 1730 1536 hoc
1761 1483 1998 1551 singulos
2024 1497 2171 1552 quae-

593 1578 806 1642 sivisse,
837 1579 974 1647 quod
1010 1577 1204 1646 cuique
1253 1591 1386 1645 opus
1413 1575 1570 1629 erat?
1599 1573 1759 1644 592
1789 1571 1934 1626 Istud
1961 1581 2166 1636 autem,

593 1671 751 1741 quale
778 1671 870 1725 tibi
904 1669 1154 1724 videtur?
1210 1669 1488 1737 Philippus
1538 1667 1794 1736 quiddam
1852 1666 2032 1722 dicere
2081 1681 2174 1735 ge-

593 1764 704 1826 stit,
752 1778 851 1816 nec
880 1762 1024 1816 solus
1054 1763 1236 1824 audet,
1267 1775 1454 1814 verum
1506 1758 1780 1813 Andream
1803 1772 2032 1826 ‘quoque
2081 1758 2174 1826 ad-

2274 579 2456 632 πάλιν.
2509 577 2656 649 Αὕτη
2710 577 2808 648 μὲν
2857 579 2891 648 ἡ
2933 575 3029 630 τοῦ
3085 575 3320 648 Χριστοῦ
3381 575 3744 645 προτίμησις.
3796 573 3858 626 Ἠ

2273 670 2432 741 λοιπὴ
2469 670 2526 722 δὲ
2569 668 2834 738 εὐκοσμία
2881 669 2975 722 καὶ
3008 666 3184 733 τάξις,
3223 667 3356 737 ὅσης
3391 667 3464 720 Τὸ
3507 666 3609 735 μὲν
3648 664 3857 735 Πέτρος

2275 763 2478 833 ἐρωτᾷ,
2515 761 2577 814 τὸ
2608 762 2665 815 δὲ
2691 762 2974 825 Φίλιππος,
3009 760 3070 813 τὸ
3098 759 3154 812 δὲ
3193 758 3416 820 Ἰούδας,
3447 757 3506 809 τὸ
3539 756 3598 808 δὲ
3631 755 3856 826 Θωμᾶς,

2272 852 2334 904 τὸ
2359 852 2416 904 δὲ
2464 853 2620 916 ἄλλος
2652 870 2756 916 τις,
2789 853 2882 906 καὶ
2914 851 3034 904 οὐδὲ
3066 851 3129 903 τὸ
3157 848 3290 902 αὐτὸ
3325 849 3560 912 πάντες,
3613 846 3744 900 οὐδὲ
3791 844 3860 898 τά

2276 941 2452 994 πάντα
2485 936 2590 1005 εἷς,
2627 941 2742 994 ἀλλ’
2773 941 3004 1004 ἕκαστος
3038 943 3094 994 έν
3125 939 3300 1012 μέρει,
3335 939 3429 992 καὶ
3465 937 3590 990 καθ’
3631 936 3716 989 ἓν.
3746 930 3859 989 Οὗ-

2276 1052 2380 1106 περ
2405 1035 2478 1104 (2)
2509 1035 2739 1097 ἕκαστος
2767 1033 3019 1105 ἔχρῃζεν,
3048 1032 3223 1095 εἴποις
3248 1031 3312 1086 ἄν
3339 1048 3354 1095 ;
3391 1030 3530 1083 Ἀλλ’
3560 1027 3745 1082 ἐκεῖνό
3775 1044 3855 1094 γε,

2274 1125 2326 1178 τί
2374 1143 2456 1179 σοι
2495 1126 2782 1194 acciverat;
2823 1123 3082 1178 Βούλεταί
3123 1141 3177 1176 τι
3216 1123 3478 1185 Φίλιππος
3519 1121 3725 1182 εἰπεῖν,
3768 1119 3858 1173 καὶ

2274 1218 2335 1270 ού
2369 1217 2560 1289 Οαῤῥεῖ
2595 1217 2787 1288 μόνος,
2821 1217 2955 1270 ἀλλὰ
2986 1217 3080 1270 καὶ
3129 1214 3382 1287 Ἀνδρέαν
3416 1211 3851 1283 προσλαμϐάνει.

2275 1307 2478 1377 Χρῄζει
2505 1304 2769 1360 πυθέσθαι
2790 1325 2842 1360 τι
2873 1308 3101 1378 Πέτρος,
3134 1305 3230 1358 καὶ
3276 1303 3527 1374 Ἰωάννην
3557 1300 3856 1374 προϐάλλε-

2273 1413 2364 1449 ται
2397 1396 2484 1450 διὰ
2515 1395 2796 1466 νεύματος.
2851 1395 2962 1450 Ποῦ
3003 1396 3063 1450 τὸ
3107 1395 3378 1466 αὐστηρὸν
3413 1393 3691 1456 ὲνταῦθα;
3749 1391 3851 1445 Ποῦ

2273 1485 2330 1538 δὲ
2354 1485 2416 1537 τὸ
2445 1485 2736 1556 φίλαρχον;
2768 1485 2894 1550 Πῶς
2925 1485 2990 1540 ἂν
3028 1485 3226 1556 μᾶλλον
3257 1485 3461 1550 ἔδειξαν
3492 1484 3649 1547 ὄντες
3682 1483 3855 1554 μαθη-

2273 1577 2364 1630 ταὶ
2396 1577 2631 1647 Χριστοῦ
2653 1618 2666 1643 ,
2707 1578 2802 1631 τοῦ
2832 1579 3008 1650 πράου
3050 1578 3145 1632 καὶ
3177 1576 3433 1630 ταπεινοῦ
3469 1577 3567 1646 τὴν
3603 1575 3848 1646 καρδίαν,

2274 1672 2368 1724 καὶ
2401 1671 2586 1724 δούλου
2627 1671 2694 1724 δι’
2719 1673 2866 1742 ἡμᾶς
2907 1671 3032 1734 τοὺς
3063 1670 3228 1724 αύτοῦ
3256 1670 3499 1733 δούλους,
3547 1670 3647 1722 καὶ
3676 1671 3853 1721 πᾶσαν

2274 1761 2351 1831 τῷ
2382 1762 2557 1831 Πατρὶ
2584 1763 2682 1834 τὴν
2706 1762 2862 1828 δόξαν
2889 1766 2944 1814 ὲν
2970 1763 3134 1815 πᾶσιν
3157 1761 3593 1832 ἀναπέμποντος,
3626 1761 3694 1813 ἶν’
3726 1761 3852 1830 ἡμῖν

593 1855 742 1910 hibet
771 1855 838 1908 ".
875 1854 1066 1908 Petrus
1099 1852 1300 1920 aliquid
1327 1851 1669 1920 percunctari
1699 1850 1866 1920 cupit,
1891 1858 1945 1904 et
1974 1848 2166 1904 Joanni

2274 1850 2349 1920 δῷ
2388 1851 2558 1904 τύπον
2587 1852 2839 1919 εὐταξίας
2885 1854 2980 1907 καὶ
3029 1853 3411 1924 μετριότητο;;
3463 1853 3564 1904 Ἦν
3599 1851 3853 1905 τοσοῦτον

595 1961 708 2000 rem
749 1945 941 2011 capitis
989 1956 1119 1998 ιιιιιιι
1148 1943 1400 2012 proponit
1430 1940 1498 1996 ".
1547 1941 1648 1997 Ubi
1703 1943 1793 1997 hic
1840 1942 2170 1998 morositas?

593 2035 695 2094 Ubi
728 2035 1037 2091 dominandi
1075 2033 1279 2089 libido?
1330 2032 1550 2102 Ecqnod
1591 2033 1854 2088 illustrius
1883 2048 2169 2102 argumen-

595 2138 706 2183 tum
747 2128 908 2182 edere
962 2125 1280 2196 potuissent,
1329 2139 1388 2180 se
1440 2124 1644 2179 Christi
1682 2123 1973 2194 discipulos
2025 2137 2166 2188 esse,

2275 1944 2438 2013 τιμᾷν
2467 1943 2764 2014 ἀπέχομεν,
2807 1944 2947 1997 ὥστε
2976 1944 3243 2014 ἀγαπῴην
3279 1943 3364 2010 ἂν,
3398 1945 3446 1996 εἰ
3488 1944 3562 2014 μὴ
3603 1943 3702 1996 καὶ
3722 1942 3848 2015 θραο

2279 2033 2493 2104 σύτεροι
2516 2035 2733 2088 πάντων
2758 2035 2972 2106 εἴημεν,
2999 2037 3051 2088 οἵ
3074 2053 3136 2104 γε
3165 2038 3292 2107 περὶ¹
3324 2035 3596 2106 μεγίστων
3621 2033 3724 2089 κᾶν
3745 2035 3851 2097 τοῖς

2279 2125 2556 2195 μεγίστοις
2585 2127 2788 2200 ταύτην
2819 2128 3258 2200 ἐπιδεικνύμεθα.
3347 2183 3370 2196 κ

590 2223 758 2288 utilis,
787 2223 1026 2292 inquam,
1065 2222 1209 2277 illius
1244 2231 1298 2275 et
1335 2220 1554 2276 lmmilis
1600 2219 1766 2275 corde
1796 2220 1862 2286 "’,
1913 2229 1968 2273 et
2020 2219 2161 2274 servi
2201 2232 2419 2290 propter
2450 2237 2567 2286 nos,
2602 2223 2769 2293 ipsius
2827 2238 3034 2289 servos,
3088 2237 3250 2294 atque
3312 2239 3529 2278 onmem
3574 2224 3634 2278 in
3684 2223 3852 2278 omni-

590 2319 691 2376 bus
729 2320 890 2374 rebus
941 2318 1166 2388 gloriam
1214 2317 1280 2371 ad
1336 2316 1554 2371 Patrem
1609 2315 2048 2380 transmittentis,
2111 2326 2170 2370 ut
2209 2317 2364 2372 nobis
2432 2318 2818 2374 moderationis
2882 2319 3190 2389 exemplum
3239 2320 3618 2390 etdisciplime
3653 2320 3851 2388 praebe-

590 2416 714 2471 ret?
741 2416 913 2482 Quam
959 2425 1136 2470 tamen
1165 2421 1370 2468 tantum
1437 2413 1614 2479 abest,
1650 2422 1708 2466 ut
1768 2414 2010 2468 colamus
2077 2423 2134 2468 et
2167 2415 2579 2485 amplectamur,
2641 2427 2702 2472 ut
2737 2417 2874 2472 bene
2929 2418 3204 2472 nobiscum
3240 2427 3418 2472 actum
3472 2417 3538 2471 iri
3583 2425 3848 2486 putemus,

591 2511 638 2566 si
677 2527 781 2566 non
822 2526 1011 2566 onmes
1057 2509 1301 2565 homines
1343 2508 1566 2564 audacia
1621 2519 1676 2564 et
1720 2509 2030 2580 arrogantia
2086 2523 2436 2580 superemus,
2487 2520 2671 2581 utpote
2692 2513 2783 2583 qui
2829 2515 2968 2568 hanc
3011 2513 3080 2569 de
3135 2514 3386 2569 maximis
3424 2522 3480 2570 et
3510 2513 3565 2568 in
3605 2512 3850 2569 maximis

591 2605 756 2658 rebus
795 2605 1150 2655 OStentemus.

663 2690 808 2748 XIX.
837 2693 918 2744 Au
953 2701 1002 2745 te
1039 2689 1194 2760 fugit,
1236 2687 1624 2754 humilitatem,
1658 2704 1762 2744 non
1797 2697 1904 2744 tam
1958 2690 2011 2744 in
2044 2703 2171 2758 par-

2341 2690 2445 2746 ῐΘ’.
2469 2691 2583 2744 Οὐκ
2611 2685 2788 2756 οἶσθα,
2825 2691 2906 2745 ὅτι
2952 2707 3013 2745 το
3047 2687 3336 2759 ταπεινὸν,
3381 2693 3483 2746 οὐκ
3517 2694 3575 2747 έν
3621 2695 3736 2756 τοῖς
3767 2708 3852 2763 μι-

591 2785 676 2839 vis
713 2783 875 2838 rebus
905 2783 1146 2851 levisque
1182 2783 1438 2836 momenti
1481 2782 1619 2851 (l'ieri
1677 2783 1818 2836 enim
1875 2784 2068 2851 possit,
2117 2791 2171 2836 ut

2274 2785 2424 2854 κροῖς
2454 2782 2698 2852 κρίνεται
2724 2783 2978 2836 τοσοῦτον
3012 2786 3030 2854 (
3057 2784 3267 2853 γένοιτο
3289 2784 3398 2854 γὰρ
3429 2784 3494 2839 ἂν
3538 2786 3636 2839 καὶ
3669 2786 3737 2838 δι’
3773 2784 3848 2838 ἔνο

595 2891 715 2930 eam
747 2875 1059 2937 ostentatio,
1093 2872 1324 2941 fictaque
1349 2881 1404 2927 et
1450 2873 1770 2926 adumbrata
1806 2873 2024 2926 virtutis
2054 2888 2171 2941 spe-

2274 2874 2436 2939 δειξιν
2479 2874 2574 2928 κα)⁸
2614 2873 2786 2944 ψευδῆ
2836 2876 3116 2947 μόρφωσιν
3154 2877 3358 2947 ἀρετῆς
3395 2882 3435 2948 ),
3471 2879 3596 2932 ὅσον
3642 2880 3699 2933 ὲν
3746 2881 3849 2940 τοῖς

596 2970 710 3024 cies
765 2967 1007 3036 pariat),
1067 2980 1228 3035 quam
1278 2965 1328 3018 in
1389 2963 1684 3032 majoribus
1727 2974 1784 3020 et
1835 2964 2176 3028 gravioribus

590 3058 902 3130 explorari?
951 3057 1059 3126 Ego
1091 3065 1238 3110 certe
1269 3054 1592 3109 humilitatis
1626 3069 1690 3108 ac
1748 3056 2024 3108 modestia:
2057 3054 2173 3107 lau-

592 3152 714 3206 dem
743 3151 865 3204 huic
893 3149 1107 3203 demum
1136 3147 1444 3211 tribuerim,
1474 3161 1579 3199 non
1607 3145 1698 3213 qui
1727 3146 1792 3200 de
1823 3144 2008 3212 seipso
2039 3159 2172 3216 pau-

591 3260 653 3300 ca
699 3244 881 3315 (idque
912 3241 1048 3310 apud
1101 3255 1320 3308 paucos,
1351 3247 1404 3292 et
1437 3253 1560 3291 raro
1609 3217 2176 3306 commemoratﬂnec

591 3337 682 3406 qui
736 3333 1046 3388 inferiorem
1089 3329 1368 3384 humiliter
1402 3327 1619 3394 aifatur,
1654 3330 1748 3382 sed
1793 3327 1884 3396 qui
1921 3341 2081 3396 parce
2114 3342 2177 3380 ac

595 3428 873 3482 moderate
913 3426 978 3480 de
1034 3422 1145 3476 Deo
1192 3421 1468 3489 loquitur;
1511 3435 1574 3474 ac
1617 3419 1861 3488 quaedam
1903 3419 2175 3488 proloqui,

590 3517 835 3588 quaedam
871 3527 1118 3584 premere
1147 3521 1201 3566 et
1226 3512 1483 3575 retinere,
1508 3511 1864 3578 quorumdam
1895 3509 2059 3562 etiam
2090 3510 2174 3564 in-

591 3610 807 3664 scitiam
858 3605 1020 3660 fateri
1059 3606 1228 3667 novit,
1265 3612 1426 3672 atque
1468 3603 1516 3656 ei
1569 3615 1818 3656 sermone
1877 3601 2041 3668 cedit,
2087 3601 2174 3656 cui

590 3698 846 3768 loquendi
886 3711 1084 3750 munus
1115 3695 1462 3748 commissum
1493 3703 1595 3756 est,
1641 3708 1705 3746 ac
1739 3693 2026 3747 nonnullos
2055 3695 2176 3748 ube-

590 3790 721 3843 riori
763 3789 996 3858 Spiritus
1051 3786 1224 3856 gratia
1282 3784 1552 3854 prarditos,
1605 3796 1661 3838 et
1719 3785 2174 3851 contemplatione

525 3907 538 3934 ι
590 3883 751 3936 altius
781 3889 1067 3949 provectos
1119 3894 1240 3934 esse
1299 3892 1454 3945 aequo
1491 3877 1674 3932 animo
1712 3878 1936 3946 patitur.
1997 3877 2175 3948 Turpe

590 3972 734 4028 enim
765 3979 848 4026 est
887 3969 1152 4040 profecto,
1189 3969 1242 4022 in
1277 3978 1426 4022 veste
1459 3983 1521 4021 ac
1566 3968 1740 4022 victus
1791 3969 2018 4032 ratione,
2067 3984 2171 4022 non

589 4062 987 4126 sublimiorem,
1019 4061 1114 4115 sed
1145 4059 1388 4114 viliorem
1415 4057 1635 4127 eligere,
1669 4073 1731 4112 ac
1758 4073 1990 4128 genuum
2015 4057 2171 4120 eallo,

592 4155 958 4225 lacrymarnm
998 4153 1259 4213 fontibus,
1288 4151 1530 4220 jejnuiis,
1563 4151 1784 4221 vigiliis,
1815 4152 2169 4214 chamenniis,

592 4244 798 4311 labore,
826 4255 990 4312 atque
1028 4244 1176 4299 omni
1205 4242 1449 4310 corporis
1486 4243 1850 4296 maceratione
1897 4242 2171 4294 humilita-

590 4343 696 4390 tem
726 4350 836 4404 pra:
862 4350 918 4390 se
949 4335 1113 4401 terre,
1141 4337 1210 4388 ac‘
1241 4332 1513 4403 propriam
1551 4331 1978 4386 imbecillitatem
2012 4348 2174 4399 agno-

2275 2963 2487 3037 μείζοσι
2535 2966 2930 3037 δοκιμάζεταις
2973 2969 3084 3022 Καὶ
3137 2970 3514 3042 ταπεινόφρων
3561 2971 3725 3042 ἐμοὶ,
3759 2971 3847 3040 οὑχ

2274 3058 2421 3120 ὅστις
2447 3059 2573 3130 περὶ
2602 3057 2796 3112 ἑαυτοῦ
2830 3059 3002 3130 μικρά
3029 3059 3360 3129 διαλέγεται,
3390 3062 3485 3115 καὶ
3511 3061 3677 3117 τοῦτο
3721 3063 3848 3134 πρὸς

2277 3147 2510 3217 ὀλίγους,
2540 3150 2633 3203 καὶ
2655 3149 2922 3218 ὀλιγάκις,
2955 3151 3062 3204 οὐδ’
3097 3153 3246 3216 ὅστις
3285 3154 3556 3219 ταπεινῶς
3587 3172 3848 3228 προσ-αγο⁹

2281 3240 2426 3312 ρεύει
2451 3241 2542 3294 τὸν
2576 3241 2920 3313 ἀτιμότερον,
2963 3242 3075 3295 ἀλλ’
3112 3244 3260 3307 ὅστις
3291 3244 3527 3316 μετρίως
3557 3248 3688 3318 περὶ
3722 3245 3846 3299 Θεοῦ

2279 3332 2600 3402 φθέγγεται·
2637 3334 2733 3386 καὶ
2769 3333 2840 3386 τὰ
2869 3335 2966 3405 μὲν
3000 3335 3174 3388 εἰπεῖν
3217 3331 3345 3402 οἶδε,
3381 3336 3449 3390 τὰ
3481 3337 3537 3390 δὲ
3583 3337 3843 3407 κατέχειν,

2277 3425 2385 3479 τῶν
2409 3425 2465 3478 δὲ
2491 3427 2774 3495 ὁμολογεῖν
2804 3427 2880 3498 (5)
2919 3427 3017 3498 τὴν
3042 3428 3286 3496 ἄγνοιαν,
3313 3430 3407 3483 καὶ
3437 3433 3758 3503 παραχωρεῖ
3775 3429 3844 3499 (4)

2275 3517 2370 3570 τοῦ
2399 3517 2559 3586 λόγου
2593 3516 2672 3588 τῷ
2703 3518 3070 3584 πιστευθέντι,
3101 3520 3196 3572 καὶ
3230 3516 3369 3574 εἶναί
3400 3539 3522 3575 τινα.
3557 3537 3846 3592 πνευματι-

2277 3611 2518 3681 κώτερον
2543 3611 2779 3681 δέχεται,
2810 3613 2903 3665 καὶ
2927 3613 3290 3685 διαϐεϐηκότα
3324 3615 3522 3685 μᾶλλον
3547 3618 3606 3670 ὲν
3636 3615 3842 3686 θεωρίᾳ.

2276 3701 2509 3772 Αίσχρδν
2556 3703 2663 3774 γάρ
2696 3702 2770 3774 (5)
2807 3703 3031 3776 ἐσθῆτος
3075 3706 3174 3776 μὲν
3225 3706 3320 3760 καὶ
3359 3706 3588 3779 διαίτης,
3641 3708 3715 3780 μὴ
3755 3707 3843 3776 τὴν

2279 3793 2617 3865 ὑψηλοτέραν
2654 3795 2926 3866 αἱρεῖσθαι
2947 3837 2962 3861 ,
3005 3796 3142 3850 ἀλλὰ
3180 3797 3278 3868 τὴν
3310 3798 3694 3872 εὐτελεστέραν
3715 3843 3726 3864 ,
3760 3799 3844 3853 καὶ

2274 3885 2454 3948 τύλοις
2497 3887 2773 3954 γονάτων,
2829 3889 2924 3941 καὶ
2962 3889 3213 3960 δακρύων
3259 3895 3501 3961 πηγαῖς,
3544 3893 3628 3947 ἔτι
3671 3894 3728 3947 δὲ
3765 3907 3843 3960 νη-

2277 3975 2502 4040 στείαῖς,
2533 3979 2628 4030 καὶ
2668 3979 3015 4050 ἀγρυπνίαις.
3051 3981 3145 4034 καὶ
3174 3984 3527 4052 χαμευνίαις,
3570 3987 3724 4057 κόπῳ
3757 3985 3842 4038 καὶ

2275 4068 2438 4118 πᾶσιν
2462 4067 2843 4140 ύπωπιασμοῖς
2867 4071 2941 4140 (6)
2964 4071 3023 4124 τὸ
3050 4073 3302 4128 ταπεινὸν
3327 4076 3728 4131 ἐπιδείκνυσθαι
3749 4077 3838 4148 (7),

2274 4159 2367 4211 καὶ
2411 4160 2509 4230 τὴν
2545 4162 2644 4231 τῆς
2679 4163 2815 4225 ἰδίας
2845 4164 3128 4228 ἀσθενείας
3175 4166 3556 4236 συναίσθησιν·
3593 4167 3841 4238 αὐτοκρά-

2272 4267 2407 4321 τορα
2435 4251 2491 4304 δὲ
2520 4247 2658 4305 εἶναι
2697 4255 2790 4307 καὶ
2817 4255 3076 4326 τύραννον
3107 4259 3165 4311 ὲν
3193 4261 3304 4322 τοῖς
3341 4261 3468 4330 περὶ
3495 4260 3630 4315 Θεοῦ
3656 4262 3836 4330 λόγοις,

2274 4345 2368 4396 καὶ
2397 4345 2586 4414 μηδενὶ
2619 4347 2680 4399 τὸ
2721 4348 2981 4419 παράπαν
3011 4349 3285 4418 ὑφίεσθαι,
3325 4352 3419 4405 καὶ
3449 4352 3546 4422 τὴν
3575 4355 3744 4426 ὀφρῦν
3771 4349 3841 4404 αἷ-

590 4442 776 4495 scere;
825 4428 878 4482 in
905 4427 1105 4482 divinis
1155 4434 1337 4481 autem
1392 4423 1847 4494 disputationibus
1903 4423 2171 4494 principa-

2277 4451 2390 4504 ρειν
2420 4435 2768 4509 ὑπὲρπάντα
2801 4441 3251 4511 νομοδιδάσκαλον
3276 4461 3290 4475 ·
3339 4444 3467 4498 ἔνθα
3496 4447 3557 4500 τὸ
3598 4445 3838 4501 ταπεινὸν

593 4532 702 4574 tum
731 4528 787 4575 et
809 4520 1150 4591 tyrannidem
1179 4519 1280 4572 sibi
1305 4518 1602 4579 vindicare,
1645 4530 1742 4570 nec
1779 4515 2026 4583 cuiquam
2058 4533 2170 4570 om-

2278 4527 2416 4594 μετὰ
2456 4530 2554 4599 τῆς
2585 4532 2825 4598 εὐδοξίας
2854 4531 2964 4602 ἕχει
2996 4535 3090 4587 καὶ
3118 4535 3214 4605 τὴν
3243 4536 3566 4605 ἀσφάλειαν.

588 4613 717 4665 nino
770 4614 988 4674 cedere,
1026 4627 1211 4663 verum
1268 4625 1429 4677 supra
1491 4623 1681 4661 omnes
1728 4605 1860 4676 legis
1924 4606 2173 4665 doctores
2214 4620 2560 4685 Stipercilium
2625 4625 2854 4691 enm-re;
2897 4641 3018 4680 cum
3069 4626 3136 4680 ibi
3200 4627 3496 4695 humilitas,
3537 4643 3644 4685 non
3676 4631 3834 4686 solum

593 4705 841 4769 gloriam,
871 4702 962 4755 sed
992 4703 1157 4754 etiam
1193 4705 1542 4758 securitatem
1578 4706 1792 4762 habeat.

657 4795 775 4850 XX.
811 4797 949 4861 Quid
999 4797 1162 4865 igitur
1220 4797 1611 4867 (interpellaltit
1659 4803 1924 4873 quispiam
1974 4822 2035 4860 ex
2084 4807 2168 4870 iis,

586 4891 680 4961 qui
709 4890 1055 4944 ferventioris
1087 4891 1257 4943 animi
1293 4893 1462 4959 sunt),
1498 4908 1564 4944 an
1595 4892 1658 4946 de
1707 4894 1816 4948 Deo
1847 4898 2167 4958 tacebitnus,

587 4982 939 5052 idquepohis
968 4981 1198 5034 indicis?
1253 4980 1317 5033 Et
1346 4983 1542 5050 dequa
1595 4984 1809 5037 tandem
1855 5002 1912 5039 re
1973 4987 2169 5056 potius,

586 5088 748 5143 quam
777 5072 844 5126 de
878 5071 995 5140 ipso
1022 5071 1342 5140 loquemur?
1384 5077 1488 5126 Aut
1532 5087 1638 5139 quo
1680 5072 1794 5126 loco
1833 5075 1959 5127 illud
2011 5092 2172 5142 pone-

584 5178 749 5218 mus:
795 5161 1012 5232 Semper
1041 5162 1157 5216 laus
1185 5162 1298 5232 ejus
1338 5163 1392 5215 in
1433 5179 1524 5216 ore
1565 5180 1674 5217 meo
1713 5164 1793 5230 '°;
1843 5175 1920 5230 et,
1950 5165 2173 5220 Benedi-

653 5300 698 5330 "'
726 5297 915 5352 Matth.
971 5313 1116 5362 xxvi,
1161 5300 1250 5353 57.

583 5369 627 5402 ’⁸
655 5369 809 5423 Joan.
849 5383 968 5432 xm,
1007 5369 1097 5422 24.
1177 5370 1220 5400 ⁷⁹
1253 5370 1441 5422 Matth.
1470 5387 1546 5434 ιιι,
1575 5369 1662 5423 "2.9.

1355 5301 1400 5339 τ³
1431 5298 1584 5354 .loan.
1653 5315 1750 5352 xm
1775 5338 1789 5357 ,
1836 5299 1886 5354 6.

1355 5371 1441 5422 .th.
1470 5387 1546 5423 ιιι.
1575 5369 1662 5423 "2.9.
1744 5370 1792 5400 ⁸ο
1819 5371 1886 5423 1's

653 5499 1005 5588 (9.)”01'5arep.
1071 5503 1222 5586 ΕιΙίιί⁵
1287 5506 1506 5588 habent,
1557 5508 1663 5587 ﬁli.
1727 5526 1924 5578 ουπερ,
1999 5513 2142 5578 quod

581 5574 676 5625 καί
709 5574 998 5628 delet-imus
1021 5577 1336 5630 auctoritate
1367 5578 1599 5630 melioris
1619 5574 2034 5633 not.mto.iicnnt.

581 5644 730 5765 σαςὸ)
771 5643 1132 5715 Ὀμολογεῖν.
1174 5647 1287 5702 Duu
1345 5647 1509 5718 [ξοδδ.
1556 5658 1610 5710 et
1656 5646 1750 5703 Or.
1799 5651 1847 5716 ί,
1887 5651 2143 5724 ὁμολόγη-

652 5750 729 5854 (ul)
761 5787 1118 5856 Παραχωρεῖ.
1156 5786 1321 5844 Coisl.
1351 5789 1400 5855 l,
1431 5793 1794 5862 παραχωρεῖν.

1987 5303 2031 5332 ⁷⁵
2062 5301 2216 5359 Joan.
2260 5323 2369 5372 ιιιν,
2408 5311 2462 5366 8,

1863 5372 1961 5426 sal.
1991 5390 2188 5440 χχχιιι,

2340 4810 2423 4865 Κ’.
2474 4810 2538 4861 Τί
2582 4806 2706 4874 03v;
2753 4811 3140 4884 σιωπησόμεθα
3185 4814 3314 4884 περὶ
3360 4815 3514 4880 Θεοῦ,
3559 4819 3652 4871 καὶ
3693 4812 3836 4868 τοῦτο

2269 4899 2510 4962 κελεύεις
2551 4901 2858 4975 (ύπέκρουέ
2906 4903 2983 4976 [8]
3017 4922 3101 4968 τις
3137 4905 3246 4958 τῶν
3281 4906 3626 4977 θερμοτέρων
3648 4910 3705 4977 ,);
3737 4903 3834 4958 Καὶ

2271 4991 2397 5060 περὶ
2431 4991 2575 5055 τίνος
2621 4994 2838 5064 μᾶλλον,
2876 4995 2909 5065 ἢ
2946 4993 3135 5048 τούτου
3183 4996 3560 5068 φθεγξόμεθας
3591 5000 3698 5053 Καὶ
3742 4992 3833 5046 ποῦ

2271 5077 2506 5152 θήσομεν
2541 5085 2632 5148 τὸ,
2667 5087 2770 5139 Διὰ
2812 5087 3036 5152 παντὸς
3079 5087 3115 5154 ἡ
3168 5090 3402 5154 αῖνεσις
3433 5091 3618 5146 αὑτοῦ
3659 5091 3726 5143 ἐν
3763 5083 3832 5149 τῷ

2271 5173 2522 5240 στίζιιατί
2540 5193 2659 5241 μου
2679 5192 2691 5204 ·
2723 5177 2837 5239 καὶ,
2858 5177 3187 5246 Εὑλογιὶσω
3214 5179 3321 5233 τὸν
3337 5182 3558 5250 Κύριον
3575 5181 3641 5236 ἐν
3668 5175 3831 5234 παντὶ

2567 5313 2610 5342 ⁷⁵
2643 5311 2770 5364 ibid.
2800 5312 2886 5365 2-2.
2967 5314 3013 5345 ⁷⁵
3056 5315 3178 5370 ibid.
3218 5317 3270 5370 5.
3365 5319 3410 5350 '"
3438 5316 3593 5375 Joan.
3624 5335 3718 5383 xu,
3748 5314 3826 5369 99--

2327 5513 2400 5590 (5)
2437 5513 2700 5590 ᾼῐσγρόν
2731 5515 2855 5590 MP;
2889 5513 2983 5590 Sig
3012 5513 3140 5590 Reg.
3169 5516 3278 5590 hm.
3341 5517 3497 5572 Deest
3526 5519 3632 5590 γάρ
3664 5518 3716 5572 in
3751 5512 3826 5567 ed-

2331 5587 2406 5658 (ti)
2445 5582 2913 5658 '_)';rcofn_acryoic.
2944 5582 3159 5658 CUAtllllH
3185 5582 3582 5658 ύπωπιεσμοῖς.

2335 5655 2410 5724 (7)
2464 5653 2965 5724 ’Emﬁelxrvadat.
2999 5654 3090 5709 0r.
3133 5659 3181 5719 Ι,
3217 5653 3648 5712 ὑποδείκνυσθαι.

2335 5727 2412 5793 t8)
2449 5723 2791 5798 '1':r_éxpcvsﬁ.
2828 5726 2939 5798 Duo
2971 5724 3161 5798 Regg.,
3199 5729 3362 5785 Coisl.
3399 5731 3423 5783 1
3464 5740 3517 5785 et
3545 5730 3638 5786 0r.
3670 5723 3825 5793 ἠΰπ-

2262 5795 2511 5865 έκρουσε.
2533 5794 2731 5853 Gloss..
2759 5795 3039 5849 ἁντέπεσε.
