4010 6316
235 346 330 400 197

911 349 1171 408 ORATIO
1211 351 1432 412 XXXII.
1469 385 1539 397 -—
1578 353 1668 410 DE
1707 356 2212 416 MODERATIONE
2252 360 2323 416 ΙΝ
2367 361 2832 422 DISPUTANDO.

3412 375 3518 433 198

227 460 408 530 καιρῷ
432 479 448 495 ’
523 465 651 532 καὶ,
733 467 1044 535 Ἀλήθειαν
1101 472 1429 541 μελετήσει
1494 475 1528 528 ό
1589 475 1802 545 λάρυγέ

1926 493 2065 535 cant
2111 475 2387 532 Dominum
2428 481 2484 532 in
2541 482 2684 535 omni
2719 491 2946 549 tempore
2978 482 3058 547 ⁸¹;
3108 492 3184 548 et,
3227 484 3512 543 Veritatem

219 572 338 623 μου
367 555 484 626 (9)·
512 557 633 620 καὶ,
674 558 846 623 Ἰδοὺ,
878 561 951 614 τὰ
981 562 1155 630 χείλη
1179 581 1300 631 μου
1331 566 1404 618 οὐ
1425 563 1512 634 μὴ
1544 568 1820 630 κωλύσω·

224 647 314 698 καὶ
337 646 570 702 τοιαῦτα
615 651 734 722 ἐρεῖ
778 651 1220 724 μεμελετημένα,
1263 655 1358 710 καὶ
1404 657 1686 727 ὡρισμένα
1727 661 1824 730 ῥή-

225 756 406 810 ματας
441 741 589 812 Πρὸς
615 742 674 795 ὃν
703 742 784 796 δεῖ
820 743 1012 814 πράως
1039 744 1134 797 καὶ
1168 744 1242 816 μὴ
1281 745 1536 816 χαλεπῶς
1574 748 1820 818 ἀπαντῆ·

223 849 310 884 σαι
339 836 454 896 τοῖς
495 835 697 903 λόγοις,
723 835 994 902 ἐντεῦθεν,
1019 837 1370 902 διδάσκοντας
1401 837 1512 908 (10)
1545 839 1819 906 εὐταξίαν.

222 924 295 975 Ού
335 927 554 995 σιωπᾷν
591 927 1000 999 διακελεύομαι,
1031 921 1076 981 ὧ
1110 929 1412 998 σοφώτατε,
1446 930 1584 985 ἀλλὰ
1619 933 1694 1004 μὴ
1728 950 1819 1000 φι-

219 1017 480 1081 λονείκως
505 1018 798 1074 ἵστασθαι*
837 1021 899 1073 οὐ
929 1020 1196 1090 κρύπτειν
1227 1020 1324 1092 τὴν
1353 1022 1645 1091 ἀλήθειαν,
1683 1023 1820 1078 ἀλλὰ

221 1111 296 1179 μὴ
325 1109 606 1164 διδάσκειν
637 1112 788 1182 παρὰ
816 1111 908 1164 τὸν
937 1113 1104 1184 νόμον
1129 1112 1266 1184 (11).
1303 1111 1444 1182 Ἐγὼ
1464 1113 1679 1185 πρῶτος
1707 1113 1817 1170 τῶν

217 1200 592 1255 ἐπαινούντων
621 1203 739 1272 είμὶ
767 1203 979 1272 σοφίαν,
1001 1205 1104 1258 κὰν
1125 1207 1238 1269 τοῖς
1261 1205 1427 1268 θείοις
1451 1205 1628 1275 λόγοις,
1655 1207 1820 1277 ἀσχο-

215 1292 538 1362 λουμένων,
574 1293 608 1364 ἢ
645 1294 992 1364 ἀσχολεῖσθαί
1043 1312 1108 1363 γε
1155 1294 1532 1366 βουλομένων·
1593 1295 1686 1348 καὶ
1743 1296 1815 1366 μή

217 1401 349 1437 ποτε
390 1385 500 1457 πρὸ
530 1385 735 1457 ταύτης
764 1403 817 1439 τι
844 1386 996 1458 θείην
1021 1387 1121 1457 τῆς
1152 1387 1428 1458 ἀσχολίας,
1462 1387 1598 1459 μηδὲ
1630 1386 1820 1441 ταλαί.

213 1493 403 1547 πωρος
435 1477 530 1529 ὑπ’
566 1477 742 1548 αὐτῆς
772 1477 1070 1548 ἀκούσαιμι
1108 1477 1209 1548 τῆς
1242 1478 1461 1547 Σοφίας,
1506 1477 1582 1541 ὡς
1627 1476 1817 1546 σοφίαν

213 1568 311 1620 καὶ
344 1570 600 1624 παιδείαν
628 1569 944 1635 ὲξουθενῶν.
978 1569 1171 1638 Φεύγω
1199 1571 1244 1624 δ’
1272 1572 1422 1643 ὅμως
1457 1570 1518 1624 τὸ
1555 1569 1812 1641 ἄμετρον,

211 1661 310 1713 καὶ
349 1660 570 1724 κολάζω
617 1661 730 1732 (19.)
773 1663 874 1733 τὴν
929 1663 1269 1734 ἀπληστίανο
1322 1664 1418 1717 καὶ
1461 1663 1631 1734 ἀργὸς
1676 1660 1814 1715 εἶναι

213 1755 422 1826 μᾶλλον
460 1754 560 1808 τοῦ
603 1755 850 1819 δέοντος,
905 1755 937 1826 ἢ
991 1754 1284 1826 περίεργος
1330 1754 1590 1825 δέχομαι,
1627 1752 1693 1806 ἂν
1739 1753 1811 1823 μὴ

1929 567 2274 620 meditabitur
2307 579 2492 638 guttur
2545 587 2716 624 nteant
2751 572 2829 639 tu;
2885 581 2958 638 et,
3015 572 3152 628 Ecce
3208 574 3349 630 labia
3397 594 3513 634 mea

1927 673 2030 710 non
2060 657 2343 725 prohibebo
2378 659 2460 726 3‘;
2507 670 2565 714 et
2609 662 2714 716 alia
2758 677 2878 732 quae
2921 663 2971 718 in
3018 667 3262 722 eamdem
3291 676 3510 724 senten-
3599 710 3602 713 ι

1927 745 2054 798 tiam
2085 748 2340 802 meditata
2370 763 2433 804 ac
2458 749 2677 805 definita
2703 751 2861 823 593
2887 755 3192 810 testimonia
3210 760 3512 826 producet?

1924 837 2019 893 Cui
2053 838 2245 894 leuiter
2273 846 2328 894 et
2353 842 2471 895 sine
2503 843 2826 910 acerbitate,
2853 854 2909 898 ut
2937 846 3062 901 hinc
3094 862 3308 918 quoque
3335 851 3504 906 animi

1931 929 2701 1000 moderationemdoceamus,
2731 937 3122 991 occurrendum
3150 948 3252 994 est.
3294 941 3410 995 Non
3449 954 3502 994 te

1928 1030 2110 1079 tacere
2153 1021 2344 1092 jnheo,
2389 1025 2476 1079 vir
2539 1026 2976 1095 sapientissime,
3028 1031 3121 1084 sed
3156 1045 3186 1084 a
3239 1034 3501 1100 pertinaci

1924 1115 2271 1169 contentione
2321 1116 2597 1171 abstinere
2654 1135 2667 1170 :
2726 1133 2833 1172 non
2885 1119 3166 1174 veritatem
3209 1105 3506 1187 occultare,

1923 1201 2018 1255 sed
2051 1213 2250 1270 praeter
2277 1202 2448 1274 legem
2490 1220 2596 1259 non
2627 1206 2842 1262 docere.
2879 1207 3009 1261 Nam
3038 1218 3093 1263 et
3119 1209 3232 1278 ipse
3267 1213 3347 1266 vel
3396 1215 3507 1283 pri-

1926 1307 2046 1346 mus
2088 1292 2231 1346 inter
2261 1309 2356 1348 eos
2391 1310 2584 1350 nomen
2635 1297 2917 1364 proﬁteor,
2971 1298 3062 1367 qui
3098 1301 3412 1369 sapientiam
3449 1313 3508 1360 et

1923 1386 2228 1441 doctrinam
2261 1386 2512 1444 laudibus
2552 1388 2801 1458 efferunt,
2841 1401 3002 1461 atque
3047 1393 3100 1447 in
3144 1393 3344 1450 divinis
3387 1411 3506 1452 ser-

1922 1481 2175 1536 monibus
2219 1481 2500 1551 sacrisque
2557 1483 2752 1539 studiis
2805 1493 3016 1554 tempus
3063 1496 3228 1556 atque
3280 1502 3504 1557 operam

1921 1579 2152 1640 ponunt,
2186 1583 2280 1627 aut
2309 1582 2456 1628 certe
2509 1589 2711 1642 ponere
2739 1577 2964 1645 cupiunt
2995 1594 3010 1630 :
3053 1592 3118 1632 ac
3147 1577 3288 1633 Deus
3343 1578 3500 1646 faxit,

1922 1677 1990 1717 ne
2027 1663 2155 1733 quid
2197 1679 2434 1733 unquam
2506 1666 2636 1720 huic
2679 1667 3020 1736 occupationi
3073 1671 3502 1738 praevertendum

1919 1755 2134 1820 ducam,
2164 1771 2231 1810 ne
2266 1757 2463 1826 alioqui
2501 1759 2570 1814 ab
2599 1759 2713 1823 ipsa
2769 1759 3047 1828 Sapientia
3098 1762 3266 1818 miser
3318 1763 3502 1832 appel—

209 1847 505 1918 ἀμφότερα
563 1846 881 1917 διαφεύγειν
933 1846 1068 1918 ἐξῇ,
1123 1846 1214 1899 καὶ
1264 1845 1358 1899 τοῦ
1417 1845 1637 1916 μετρίου
1694 1844 1802 1912 (15)

1914 1844 2013 1914 Ier,
2049 1855 2112 1902 ut
2166 1847 2487 1918 sapientiam
2533 1858 2588 1902 et
2619 1850 2976 1920 eruditionem
3036 1868 3299 1923 spernens
3327 1855 3394 1920 ⁸⁵,
3435 1869 3503 1911 ac

206 1940 536 2009 τυγχάνεινο
563 1963 568 1966 ·
591 1941 687 1993 καὶ
735 1939 1035 2011 δειλότερος
1085 1938 1286 2010 μᾶλλον
1334 1937 1428 1990 τοῦ
1485 1937 1718 1999 δέοντος,
1777 1935 1808 2006 ἢ

207 2031 571 2104 θρασύτερος.
609 2033 681 2087 Σὺ
716 2032 772 2086 δὲ
801 2035 976 2096 ποιεῖς
1003 2031 1386 2102 παραπλήσιον
1410 2067 1424 2092 ,
1455 2027 1644 2099 ὥσπερ
1667 2026 1733 2080 ἂν
1762 2028 1809 2080 εἰ

206 2123 495 2178 κωλύοντά
531 2142 598 2196 με
636 2126 845 2194 τροφῆς
885 2125 1173 2196 ἀμετρίαν,
1207 2125 1300 2178 καὶ
1329 2121 1558 2176 καθόλου
1601 2121 1809 2193 τροφὴν

204 2215 446 2272 κωλύειν
491 2215 769 2288 ητῃτιῶ·
895 2217 992 2270 καὶ
1034 2216 1347 2287 τυφλότητα
1391 2215 1656 2276 ἐπαινεῖν,
1703 2229 1810 2265 σω-

163 2302 174 2311 ’
203 2309 427 2381 φρόνως
450 2310 584 2380 όρᾷν
604 2308 829 2379 είσηγού
838 2325 1023 2379 μενον.

1915 1951 2014 2006 pro
2048 1938 2220 1993 nihilo
2271 1940 2492 1995 ducens.
2548 1941 2771 1996 interim
2827 1952 3006 1998 tamen
3053 1959 3336 2001 excessum
3365 1947 3496 2013 vito,

1915 2039 1969 2086 et
2021 2029 2401 2100 inexplebilem
2461 2032 2811 2100 cupiditatem
2864 2049 3124 2102 coerceo;
3181 2035 3492 2106 malimque,

1913 2122 1958 2176 si
1990 2121 2120 2176 mihi
2146 2130 2438 2192 utrumque
2469 2123 2676 2194 fugere,
2711 2139 2777 2180 ac
2820 2126 3248 2182 mediocritatem
3281 2130 3494 2198 assequi

1915 2228 2021 2267 non
2056 2212 2238 2279 liceat,
2266 2214 2430 2268 nimis
2478 2215 2706 2282 ignavus
2735 2230 2878 2282 esse,
2899 2233 3060 2288 quam
3105 2220 3264 2276 nimis
3317 2223 3500 2276 curio-

1913 2316 2038 2368 sus;
2086 2316 2150 2356 ac
2201 2302 2365 2356 nimis
2403 2302 2646 2368 timidus,
2691 2318 2852 2373 quam
2888 2305 3049 2362 nimis
3096 2309 3270 2363 audax
3322 2318 3377 2364 et
3415 2321 3498 2365 te-

203 2401 504 2456 merarius.
534 2401 601 2454 At
634 2409 689 2454 tu
725 2399 868 2454 idem
902 2399 1126 2454 omnino
1157 2399 1286 2453 mihi
1337 2398 1518 2454 facere
1565 2395 1790 2459 videris,
1869 2409 1934 2447 ac
2000 2391 2047 2447 si
2107 2409 2214 2459 me,
2273 2395 2564 2451 immodico
2619 2397 2742 2453 cibo
2805 2397 2900 2454 tibi
2958 2399 3394 2470 interdicentem,
3429 2420 3496 2459 eo

202 2493 431 2547 nomine
504 2504 812 2558 accusares,
889 2490 1044 2560 quasi
1120 2491 1188 2546 ab
1239 2491 1384 2545 omni
1436 2489 1744 2544 universum
1800 2486 2058 2541 alimento
2112 2485 2205 2540 tibi
2271 2487 2652 2542 abstinendum
2699 2503 2823 2545 esse
2905 2491 3353 2560 praescriberem;
3399 2502 3496 2550 aut

200 2581 274 2635 ad
304 2588 458 2635 caste
487 2579 790 2651 pudiceque
816 2581 1146 2636 cernendum
1205 2581 1538 2644 hortantem,
1573 2579 1797 2650 perinde
1835 2576 2222 2640 criminareris,
2261 2579 2416 2647 quasi
2449 2579 2750 2634 caecitatem
2786 2579 3037 2636 laudibus
3067 2580 3338 2639 eﬂ‘errem.

275 2677 414 2732 Μ’.
458 2679 526 2731 Ei
554 2676 666 2749 (141)
694 2677 822 2730 ἔστι
862 2692 964 2732 σοι
1000 2679 1184 2749 λόγος
1207 2677 1535 2744 συνέσεως,
1556 2674 1798 2744 ἀποκρί-

201 2773 363 2836 θᾋί,
389 2772 551 2839 φησὶ,
611 2771 710 2823 καὶ
741 2769 943 2836 οὐδεὶς
981 2773 1015 2825 d
1052 2772 1379 2824 traducimur
1405 2774 1457 2824 ei
1496 2769 1564 2823 δὲ
1576 2771 1684 2838 μὴ,
1706 2767 1799 2821 δε-

199 2861 366 2928 σμὸς
393 2860 615 2914 κείσθω
653 2860 788 2926 σοῖς
831 2862 1084 2930 χείλεσι.
1126 2861 1284 2932 Πόσῳ
1335 2859 1533 2932 μᾶλλον
1573 2856 1799 2931 ἁρμόζει

197 2951 364 3005 τοῦτο
395 2955 509 3015 τοῖς
539 2954 619 3015 είς
649 2952 710 3004 τὸ
735 2952 1008 3006 διδάσκειν
1034 2953 1306 3024 ὲτοίμοις;
1341 2953 1404 3005 Ei
1438 2951 1536 3024 μὲν
1563 2951 1678 3004 ἔστι
1718 2967 1800 3004 σοι

200 3042 423 3113 καιρὸς,
451 3040 703 3106 δίδαξον·
749 3044 798 3096 εί
827 3043 883 3096 δὲ
927 3043 1025 3115 μὴ,
1073 3043 1173 3114 τὴν
1237 3043 1487 3113 γλῶσσαν
1539 3041 1798 3113 πεδήσας.

1983 2668 2121 2725 XXI.
2151 2669 2210 2725 Si
2243 2681 2318 2725 est
2357 2673 2449 2725 tibi
2478 2687 2647 2726 sermo
2687 2673 3001 2742 prudentiae,
3035 2675 3210 2744 inquit
3257 2677 3363 2744 ille,
3406 2695 3492 2734 re-

1905 2761 2138 2831 sponde:
2165 2779 2256 2816 nec
2281 2763 2556 2833 quisquam
2585 2763 2876 2832 prohibebit
2901 2780 2918 2818 :
2943 2766 3024 2818 sin
3065 2766 3260 2835 minus,
3297 2768 3493 2824 horreat

1907 2853 2166 2907 uinculum
2181 2853 2336 2907 labiis
2358 2854 2460 2908 tuis
2476 2853 2542 2908 ⁸⁸.
2561 2853 2774 2922 Quanto
2791 2855 3126 2910 commodius
3156 2857 3257 2912 hoc
3281 2859 3332 2912 in
3355 2874 3488 2928 eos.

1907 2945 1999 3013 qui
2044 2945 2112 2999 ad
2151 2944 2455 3000 docendum
2487 2945 2719 3015 prompti
2748 2959 2811 3000 ac
2859 2947 3031 3014 parati
3063 2957 3210 3014 sunt,
3245 2950 3489 3006 adhiberi

1908 3037 2115 3106 queat?
2142 3036 2196 3090 Si
2227 3038 2320 3092 tibi
2346 3045 2556 3106 tempus
2577 3037 2871 3103 est,doce;
2903 3037 2985 3092 sin
3020 3039 3222 3105 minus,
3243 3040 3488 3109 revincta

197 3134 366 3188 λῦσον
427 3134 523 3206 τὴν
575 3135 767 3204 ἀκοήν.
803 3134 1020 3188 Μελέτα
1054 3135 1152 3206 μὲν
1185 3137 1242 3188 ὲν
1291 3138 1404 3199 τοῖς
1467 3135 1651 3200 θείοις,
1689 3135 1801 3188 ἀλλ’

1914 3128 2110 3198 lingua,
2155 3143 2316 3184 aures
2337 3128 2505 3183 solve.
2529 3127 2788 3184 Meditare
2814 3139 2868 3184 tu
2890 3129 3128 3198 quidem,
3160 3141 3320 3202 atque
3367 3133 3488 3188 ani-

199 3227 337 3280 εἴσω
360 3227 472 3280 τῶν
496 3228 638 3298 ὅρων
671 3227 869 3298 μένων.
898 3227 1144 3296 Φθέγγου
1183 3227 1280 3298 μὲν
1313 3227 1383 3281 τὰ
1412 3227 1506 3280 τοῦ
1545 3227 1801 3298 Πνεῦμα-

195 3336 318 3383 τος,
351 3320 468 3385 καὶ,
501 3320 551 3372 εί
588 3319 834 3385 δυνατὸν,
861 3320 983 3390 μηδ’
1025 3319 1136 3391 (15)
1161 3319 1288 3374 ἄλλο
1313 3337 1364 3372 τι
1391 3337 1406 3352 ο
1446 3319 1542 3374 καὶ
1563 3319 1800 3389 φθέγγου

199 3410 410 3482 μᾶλλον
438 3410 472 3480 ἢ
522 3411 753 3465 ἁνὰπνει
803 3410 988 3480 (καλὸν
1021 3412 1132 3483 γὰρ
1169 3409 1328 3465 τοῦτο
1370 3412 1466 3466 καὶ
1498 3411 1700 3475 ἔνθεον,
1734 3415 1798 3484 τῇ

199 3503 401 3576 μνήμῃ
425 3502 533 3556 τῶν
563 3502 745 3570 θείων,
786 3504 876 3557 ἀεὶ
907 3503 1019 3575 (16)
1057 3504 1431 3575 κεντρίζεσθαι
1461 3504 1598 3576 πρὸς
1623 3504 1797 3575 Θεόν),

195 3594 315 3648 ἄλλ’
361 3593 400 3648 ἃ
431 3594 810 3666 προσετάχθης
846 3594 1250 3666 διανοούμενος.
1314 3595 1406 3668 Μὴ
1433 3595 1796 3667 περιεργάζου

196 3687 416 3758 [ἰατρὸς
472 3686 634 3756 φύσιν
669 3685 804 3758 (17),
843 3687 975 3740 Υἱοῦ
1017 3687 1127 3758 (18)
1161 3685 1482 3757 μονογενοῦς
1523 3687 1796 3749 ούσίωσιν.

195 3778 522 3847 Πνεύματος
550 3777 706 3843 δόξαν
736 3777 830 3831 καὶ
852 3777 1103 3849 δύναμιν,
1135 3779 1232 3850 τὴν
1261 3779 1391 3850 μίαν
1417 3781 1476 3833 ὲν
1507 3782 1622 3843 τοῖς
1651 3781 1799 3851 τρισὶ

194 3867 437 3940 θεότητα
463 3868 560 3922 καὶ
594 3867 978 3940 λαμπρότητα,
1020 3869 1119 3939 τὴν
1149 3870 1448 3941 ἀμέριστον
1492 3871 1586 3923 καὶ
1612 3870 1794 3940 φύσιν,

192 3960 294 4015 καὶ
347 3959 664 4031 ὁμολογίαν,
705 3960 800 4013 καὶ
849 3960 1028 4027 δόξαν,
1064 3962 1159 4015 καὶ
1203 3961 1314 4016 τῶν
1353 3963 1796 4016 πεπιστευκότων

192 4049 411 4104 ἐλπίδα.
457 4049 622 4119 Ἔχου
675 4049 784 4102 τῶν
841 4051 1155 4122 συντρόφων
1215 4051 1507 4123 ῥημάτωνο
1566 4055 1595 4105 ό
1643 4051 1797 4120 λόγος

191 4141 340 4195 ἔστω
361 4142 472 4194 τῶν
499 4142 840 4212 σοφωτέρων.
885 4142 1072 4214 Ἀρκεῖ
1100 4159 1182 4196 σοι
1207 4143 1301 4196 τὸν
1333 4143 1580 4214 θεμέλιον
1613 4143 1757 4214 ἔχειν
1778 4159 1791 4172 ·

191 4233 625 4303 ἑποικοδομείτω
681 4233 738 4286 δὲ
769 4235 798 4286 ὁ
846 4235 1119 4305 τεχνίτης.
1165 4235 1353 4306 Ἀρκεῖ
1397 4235 1476 4306 τῷ
1510 4235 1659 4306 ἄρτῳ
1696 4233 1794 4306 τὴν

188 4325 427 4400 καρδίαν
461 4323 814 4396 στηρίζεσθαι
837 4343 850 4358 ·
891 4325 960 4379 τὰ
987 4325 1094 4396 ὄψα
1124 4326 1181 4380 δὲ
1211 4329 1326 4390 τοῖς
1350 4326 1628 4390 πλουσίοις
1661 4343 1794 4396 συγ-

188 4418 468 4490 χώρησον.
500 4417 688 4480 Ούδεὶς
725 4417 901 4488 κρίνει
937 4435 1016 4482 σε,
1057 4418 1131 4490 μὴ
1159 4418 1428 4491 τρέφοντα
1462 4418 1789 4486 πολυτελῶς,

1907 3237 1996 3275 mo
2033 3234 2256 3276 versare
2304 3221 2362 3276 in
2403 3221 2565 3276 rebus
2605 3220 2826 3288 divinis,
2881 3233 3135 3278 caeterum
3167 3224 3311 3280 intra
3352 3225 3488 3282 ﬁnes

1905 3321 1957 3367 te
2000 3314 2304 3369 continens.
2370 3313 2618 3383 Loquere
2673 3323 2730 3368 tu
2779 3315 2998 3386 quidem
3057 3329 3121 3371 ea
3185 3331 3304 3385 quae
3358 3326 3486 3372 sunt
3566 3365 3570 3370 ,

1905 3401 2161 3472 Spiritus,
2205 3419 2289 3470 ac,
2336 3404 2381 3459 si
2418 3404 2533 3458 fieri
2575 3413 2772 3475 potest,
2809 3420 2876 3460 ne
2903 3406 3048 3461 aliud
3083 3406 3299 3477 quidem
3323 3409 3484 3477 quid-

1903 3507 2067 3563 quam
2118 3493 2373 3563 loquere;
2417 3495 2526 3550 imo
2556 3495 2720 3548 etiam
2757 3496 3006 3553 crebrius
3042 3497 3287 3567 loquere,
3318 3513 3483 3568 quam

1905 3588 2144 3657 respires
2185 3587 2495 3658 (pulchrum
2531 3590 2676 3644 enim
2713 3605 2776 3645 ac
2814 3591 3053 3646 divinum
3089 3601 3173 3648 est
3216 3607 3312 3662 per
3349 3594 3487 3648 divi-

1902 3693 2097 3733 narum
2149 3695 2330 3735 rerum
2369 3682 2944 3738 commemorationem
2978 3684 3046 3738 ad
3241 3699 3482 3742 amorem

1901 3782 2161 3840 perpetuo
2187 3771 2586 3844 exstimulari);
2636 3775 2729 3830 sed
2761 3776 2854 3841 ita,
2885 3783 2940 3829 ut
2971 3790 3056 3841 ea,
3092 3791 3214 3846 quae
3247 3777 3340 3831 tibi
3377 3778 3480 3832 im-
3523 3783 3528 3786 ’

1899 3875 2086 3934 perata
2119 3873 2264 3932 sunt,
2291 3866 2515 3936 cogites.
2569 3867 2649 3922 Ne
2707 3867 2884 3923 Patris
2929 3877 3176 3924 naturam
3209 3869 3369 3925 anxie
3401 3870 3484 3925 in-

1899 3956 2103 4024 quiras,
2143 3954 2419 4026 Unigeniti
2441 3965 2640 4021 ortum,
2677 3955 2915 4027 Spiritus
2945 3961 3114 4014 sancti
3149 3959 3378 4030 gloriam
3423 3971 3479 4017 et

1897 4047 2235 4116 potentiam;
2291 4063 2476 4113 unam,
2536 4049 2778 4117 inquam,
2813 4059 2867 4104 et
2915 4051 3158 4105 eamdem
3198 4053 3248 4105 in
3305 4053 3477 4108 tribus

1897 4141 2150 4210 personis
2187 4141 2445 4197 deitatem
2477 4150 2532 4197 et
2578 4143 2906 4208 claritatem,
2945 4145 3275 4200 individuam
3326 4145 3472 4200 illam

1901 4242 2172 4298 naturam,
2210 4248 2275 4289 ac
2305 4233 2727 4301 confessionem,
2759 4245 2813 4290 et
2854 4235 3104 4307 gloriam,
3149 4245 3205 4292 et
3253 4240 3478 4294 creden-

1899 4324 2029 4378 tium
2069 4339 2243 4395 spem.
2288 4325 2464 4381 Verba
2496 4341 2582 4389 ea,
2611 4327 2807 4396 quibus
2843 4327 3004 4383 simul
3027 4343 3148 4384 cum
3188 4328 3331 4384 lacte
3368 4331 3474 4384 im-

1896 4412 2054 4466 butus
2081 4427 2162 4478 es,
2199 4417 2470 4470 mordicus
2502 4415 2706 4479 retine;
2756 4417 3022 4470 sermonis
3054 4424 3232 4471 autem
3260 4425 3315 4471 et
3359 4417 3476 4471 dis-

186 4509 303 4562 τῶν
330 4508 458 4563 νοῦν
479 4509 746 4578 ἐχόντων·
777 4508 892 4562 ἀλλ’
919 4509 1013 4563 ἐὰν
1057 4511 1132 4583 μὴ
1182 4511 1436 4585 παραθῇς
1467 4512 1650 4582 ἄρτον,
1686 4529 1789 4582 μη-

1914 4504 2205 4572 putationis
2256 4520 2440 4559 curam
2475 4505 2862 4560 cruditioribus
2915 4506 3136 4564 manda.
3193 4506 3334 4562 Satis
3381 4523 3474 4562 su-

184 4595 257 4654 ef
283 4601 516 4670 ποτίσῃς
549 4600 714 4673 ὕδωρ,
754 4602 930 4654 εῖτουν
957 4602 1207 4674 μαθητὴν
1233 4603 1470 4676 Χριστοῦ
1505 4605 1638 4676 (19),
1675 4605 1785 4657 εἴτε

185 4691 353 4746 ἄλλον
383 4691 506 4744 τινὰ
536 4691 697 4762 μέχρι
724 4690 931 4743 τούτων
963 4691 1279 4763 δυνάμενος.
1312 4693 1409 4762 Μὴ
1435 4694 1562 4747 ἴσθι
1598 4692 1786 4760 ταχὺς

183 4783 510 4850 ἐνλόγοις,
551 4783 584 4853 ἡ
635 4781 800 4851 σοφία
831 4780 1201 4837 διακελεύεταί
1242 4799 1362 4837 σοι·
1407 4783 1482 4856 μὴ
1529 4799 1786 4854 συμπαρ-

182 4875 458 4940 εκτείνου,
495 4875 663 4938 πένης
687 4872 784 4940 ὣν,
834 4872 1093 4946 πλουσίῳ,
1127 4875 1262 4948 μηδὲ
1293 4874 1444 4947 ζήτει
1469 4874 1577 4928 τῶν
1605 4873 1785 4943 σοφῶν

261 5019 303 5051 ⁶¹
342 5017 487 5075 Psal.
519 5033 714 5082 χχχιιι,
774 5017 830 5071 2.
903 5018 949 5049 δ’
979 5015 1257 5080 Prov.vtlt,
1287 5015 1338 5068 7.
1416 5014 1627 5068 “Psal.
1669 5030 1855 5077 xaxtx,

258 5180 339 5253 (9)
359 5177 1028 5253 7’A47idetar'7pelenio'et
1052 5178 1085 5230 ό
1108 5171 1339 5253 siti-pure?
1357 5189 1492 5244 μου.
1519 5169 1642 5226 Haec
1674 5171 1770 5224 de-

181 5247 410 5322 suiit'7in
449 5251 658 5322 dll01)|_|S7
689 5247 877 5322 Re7gg._
901 5260 955 5302 et
988 5248 1082 5302 0r.
1119 5247 1164 5302 1.
1222 5314 1254 5322 _
1295 5315 1306 5322 ⁸
1343 5313 1355 5322 _
1429 5314 1445 5322 _
1513 5312 1526 5322 _
1645 5310 1672 5322 -

258 5321 379 5391 (10)
409 5317 728 5391 'E-rzeivoetj
747 5311 1167 5391 διδάσκοντας.
1215 5313 1380 5370 Coisl.
1424 5314 1476 5380 1,
1511 5311 1768 5366 ἐνταῦθα.

177 5395 240 5448 In
270 5387 1019 5459 ὶιιιίὺυειιοιη,διδάσκοντες.

261 5454 378 5530 (11)
406 5457 698 5530 Παρὰζὸν
716 5461 921 5530 νόμρν.
951 5461 1044 5515 0r.
1077 5458 1130 5520 1,
1146 5529 1152 5530 7
1170 5456 1310 5528 ὑπὲρ
1328 5454 1626 5530 τὸννόμον.

253 5523 374 5600 (12)
408 5523 667 5600 Κολάζω.
707 5523 798 5583 Sic
828 5528 966 5600 Reg.
990 5523 1293 5600 hm,(.‘oisl.'
1320 5527 1371 5590 1,
1401 5523 1516 5581 0r.’
1540 5527 1588 5588 1,
1620 5523 1768 5589 Bas.,

172 5598 401 5665 Oaittb.,
432 5609 538 5671 elo.
565 5599 620 5652 In
645 5600 753 5660 et|.,
783 5598 1048 5671 σχολάζω,
1073 5617 1091 5649 ι
1117 5599 1273 5671 otior.
1301 5615 1319 5648 ι

252 5663 1097 5794 (1β)’1(;οῦμετρίου.”5ἱο[τρε
1131 5669 1296 5740 lii-g3.
1321 5678 1373 5723 et
1396 5668 1488 5723 Ur.
1535 5666 1586 5720 1.
1613 5663 1771 5719 Deest

252 5763 274 5794 ι.
306 5757 363 5794 111
394 5757 424 5793 θ
468 5777 483 5793 ο

172 5759 274 5797 τοι.
306 5757 363 5794 m
394 5757 483 5794 €0-

253 5813 374 5882 (H)
407 5808 610 5866 El.0t‘.
644 5811 667 5865 1
712 5810 878 5878 addit,
913 5810 1030 5881 μέν.

1895 4609 2096 4664 perque
2124 4595 2220 4649 tibi
2251 4605 2333 4651 est
2375 4595 2782 4650 fundamentum
2831 4597 3033 4652 habere
3072 4613 3087 4651 :
3128 4609 3470 4669 superstruat

1894 4674 2246 4743 architectus.
2297 4688 2462 4761 594
2506 4687 2713 4744 Sullicit
2765 4688 2858 4744 tibi
2889 4705 2985 4745 cor
3017 4705 3154 4760 pane
3208 4690 3400 4747 fulcire
3453 4713 3468 4747 :

1894 4781 2120 4836 obsonia
2183 4780 2418 4851 copiosis
2453 4790 2510 4836 et
2563 4781 2917 4850 locupletibus
2977 4782 3240 4852 relinque.
3299 4782 3467 4838 Nemo

1895 4888 2060 4929 sanus
2101 4888 2165 4929 ac
2217 4874 2456 4946 prudens
2508 4885 2561 4930 te
2605 4875 2917 4940 accusabit,
2971 4874 3016 4929 si
3072 4873 3350 4944 splendide
3404 4890 3472 4932 ac

1893 5013 1981 5071 10.
2055 5013 2101 5046 ⁸⁵
2133 5014 2368 5086 Sap.m,
2410 5014 2494 5069 11.
2576 5013 2815 5070 8’Eccli.
2863 5029 2912 5082 ν,
2954 5012 3022 5068 14

1953 5169 2263 5240 (135)111716‘.
2287 5170 2415 5240 119g.
2453 5171 2542 5242 hu,
2577 5169 2763 5242 μηδέν.
2969 5239 2992 5242 77
3097 5240 3108 5242 7
3298 5241 3308 5242 7
3410 5241 3420 5242 7
3494 5196 3499 5200 ι

1953 5239 2062 5308 (16)
2103 5243 2305 5307 aettur,
2333 5239 2445 5294 ἀεί.
2481 5239 2701 5296 Βιοαιιο
2735 5239 2778 5292 lt
2801 5254 2926 5310 -gg.,
2959 5239 3052 5296 0r.
3088 5240 3135 5308 1,
3177 5248 3231 5294 et
3273 5241 3462 5296 Comb.

1883 5311 2041 5364 Deest
2068 5312 2153 5364 ἀεί
2183 5313 2234 5364 in
2271 5314 2355 5365 ed.

1952 5381 2326 5451 (17)7[Iatpt')(‘
2368 5381 2576 5450 φύσιν.
2621 5380 2828 5436 Schol.:
2873 5380 3006 5434 ’1δοῦ
3042 5380 3201 5450 φύσιν
3234 5379 3462 5433 ἐκάλεσε

1879 5449 1977 5522 τὴν
2000 5450 2094 5503 τοῦ
2126 5452 2338 5522 Πατρὸς
2367 5452 2498 5574 μίαν
2527 5453 2840 5505 ὑπόστασιν·
2873 5471 2890 5502 ι
2931 5449 3068 5506 Ecce
3099 5463 3344 5504 naturam
3369 5465 3462 5520 ap-

1881 5523 2099 5574 ueilavit
2154 5537 2312 5574 unam
2391 5524 2544 5574 ’atris
2590 5524 2996 5574 subsistentiam
3023 5561 3038 5574 .
3095 5535 3213 5574 seu.
3269 5535 3458 5574 uerso-

1880 5523 2099 5590 peilavit
2154 5537 2312 5575 unam
2367 5523 2544 5577 Patris
2590 5524 3038 5586 subsistentiam,
3095 5535 3213 5584 Sci),
3267 5535 3458 5587 perso-

1877 5607 2021 5646 nam.
2049 5609 2067 5643 ι

1949 5662 2060 5732 (18)
2102 5661 2256 5716 Υἰοῦ.
2295 5661 2454 5717 Deest
2485 5664 2536 5717 in
2575 5664 2744 5718 tribus
2777 5662 2946 5733 “ogg.
2977 5673 3027 5718 et.
3056 5661 3149 5733 Or.
3187 5661 3238 5715 1.

1949 5728 2058 5805 (19)
2091 5733 2312 5805 Εἵτσυν
2346 5735 2622 5805 μαθητὴν
2659 5728 2937 5804 Χριστὸῧ.
2978 5735 3091 5790 Duo
3127 5732 3320 5804 chg.,
3358 5728 3460 5790 εἰτ’

1879 5801 1969 5858 οῦν
2003 5803 2238 5875 Χριστοῦ
2273 5801 2538 5876 μαθητήν.
