4010 6316
511 345 615 400 199

513 456 798 528 magniﬁce
844 470 1053 512 omnam
1091 469 1199 508 non
1249 453 1576 507 inStruxerts

511 549 716 604 Christi
747 547 1027 616 discipulo,
1056 547 1136 600 vel
1188 545 1422 612 cuipiam
1473 541 1562 595 alii
1601 554 1794 610 panem
1844 553 1949 592 non
1996 551 2090 605 ap-

513 641 778 712 posueris,
817 649 910 693 ant
941 653 1092 706 aqua:
1142 637 1392 707 poculum
1419 636 1548 688 'nou
1583 631 1916 703 porrexeris,
1965 645 2088 684 cum

515 733 567 788 id
604 733 694 786 tibi
730 746 822 799 per
857 729 1140 784 facultates
1178 738 1298 783 luas
1335 728 1516 790 liceat,
1568 734 1682 778 tum
1717 723 1933 778 demum
1965 721 2092 789 jure

514 839 576 876 ac
599 823 790 876 merito
815 821 1284 876 condemnaberis.
1332 820 1459 874 Noli
1495 817 1632 872 celer
1658 833 1771 874 esse
1806 815 1861 868 in
1902 813 2090 877 verbis,

511 913 768 964 admonet.
809 910 1034 979 Sapiens
1066 910 1148 977 ⁸⁶;
1195 924 1294 964 nec
1340 909 1518 976 inopia
1568 906 1842 967 laborans,
1879 911 1931 956 te
1957 916 2082 956 cum

513 1001 778 1070 locuplete
816 1017 1090 1070 compara,
1125 1016 1224 1057 nec
1273 1000 1608 1070 sapienatibus
1639 996 1940 1066 sapientior
1974 1008 2096 1049 esse

515 1091 724 1145 aﬂecta.
753 1091 1045 1161 Sapientiae
1071 1107 1286 1161 quoque
1309 1106 1476 1160 genus
1505 1098 1606 1152 est,
1640 1089 1880 1155 seipsum
1911 1097 2092 1146 nosse,

513 1199 579 1238 ac
630 1198 732 1238 non
789 1182 1076 1236 immodice
1143 1181 1344 1244 cll'erri,
1398 1181 1698 1249 eodemque
1749 1175 1929 1236 modo,
1987 1186 2094 1240 quo

1703 335 1778 393 'S.
1819 333 2150 390 GREGORII
2191 332 2544 390 THEOLOGI

1628 469 1643 505 :
1687 465 1873 504 verum
1917 450 1989 511 si,
2020 448 2098 502 vel

2209 441 2344 501 εἶναι
2383 449 2705 519 σοφώτερος.
2757 447 2944 516 Σοφία,
2978 450 3072 502 καὶ
3119 447 3179 500 τὸ
3234 447 3520 516 γινώσκειν
3574 450 3786 513 ἑαυτὸν,

3676 335 3778 390 ΞΜ

2198 537 2334 590 ἀλλὰ
2364 539 2436 610 μὴ
2467 539 2884 611 ὑπεραίρεσθαι,
2919 541 3054 611 μηδὲ
3080 541 3274 594 ταυτὸν
3303 544 3424 604 ταῖς
3453 544 3656 611 φωναῖς
3692 544 3794 596 πά-

2201 646 2371 699 σχειν,
2429 631 2484 685 αἶ
2516 631 2791 695 παντελῶς
2835 633 3196 698 ἐκλείπουσιν,
3228 635 3322 688 ἐὰν
3363 635 3792 705 ὑπερφωνῶνται

2198 721 2264 774 δι’
2301 723 2590 794 ἀμετρίαν.
2632 727 2892 796 Κρεῖττον
2918 725 3046 780 ὅντα
3074 727 3256 796 σοφὸν,
3287 726 3537 796 ὑφίεσθαι
3573 727 3638 780 δι’
3673 727 3795 780 ἐπι-

2202 811 2486 883 είκειαν,ἢ
2529 814 2757 884 ἀμαθῶς
2797 815 2989 886 ἔχοντα
3019 817 3118 894 ,διὰ
3165 817 3364 888 θράσος
3396 818 3798 888 ὑπερεκτείνε-

2204 901 2350 954 σθαι.
2402 901 2475 956 Τὸ
2531 905 2704 975 τάχος
2731 905 2871 964 ἔστω
2904 924 2984 960 σοι
3039 908 3200 978 μέχρι
3250 909 3349 979 τῆς
3398 908 3710 978 ὁμολογίας,
3744 908 3799 960 εἰ

2203 1007 2332 1042 ποτε
2369 992 2480 1060 (20)
2511 993 2715 1065 ταύτην
2768 995 3163 1068 ἁπαιτηθείης·
3201 997 3263 1049 τὸ
3310 997 3366 1050 δὲ
3421 997 3559 1068 ὑπὲρ
3586 997 3796 1068 ταύτην

2202 1077 2340 1135 εἶναι
2366 1082 2684 1165 δειλότερος.
2734 1087 2884 1140 Ἐκεῖ
2916 1089 3012 1158 μὲν
3031 1089 3139 1159 γὰρ
3169 1091 3201 1159 ἡ
3231 1087 3519 1160 βραδυτὴς,
3555 1089 3797 1144 ἐνταῦθα

2199 1171 2255 1224 δὲ
2282 1175 2314 1243 ἡ
2355 1177 2594 1246 ταχυτὴς
2624 1177 2735 1248 ἔχει
2763 1181 2855 1234 τὸν
2884 1182 3152 1236 κίνδυνον.

513 1295 696 1344 voces,
730 1277 889 1342 allici,
943 1293 1082 1344 qua),
1129 1278 1173 1331 si
1231 1275 1603 1330 vehementius
1653 1273 2089 1332 contendantur,
2134 1278 2357 1336 propter;
2413 1287 2696 1330 excessum
2751 1278 2976 1332 omnino
3043 1278 3317 1333 deficiunt.
3372 1278 3794 1344 Prarstat,-eum
3864 1291 3869 1302 '

517 1374 710 1426 doctus
741 1370 837 1433 sis,
870 1370 939 1424 ob
972 1369 1438 1430 mansuetudinem
1483 1375 1537 1418 et
1564 1365 1726 1418 animi
1778 1360 2086 1428 aequitatem
2128 1361 2372 1414 consulte
2399 1364 2612 1428 cedere,
2641 1379 2828 1433 quam,
2893 1381 3013 1422 cum
3055 1369 3358 1424 eruditione
3406 1385 3620 1435 careas,
3689 1387 3796 1440 per

517 1461 862 1516 insolentiam
897 1474 960 1514 ae
990 1458 1348 1513 temeritatem
1381 1457 1540 1510 altius
1576 1454 1776 1509 eII'erri.
1837 1452 2099 1508 Celeritas
2179 1461 2264 1504 tua
2334 1468 2507 1520 usque
2559 1455 2624 1508 ad
2673 1455 2794 1510 fidei
2837 1457 3232 1512 confessionem
3287 1463 3680 1529 progrediatur,
3747 1463 3794 1516 si

517 1552 732 1622 quando
767 1563 886 1604 ate
943 1552 1220 1619 poscitur,
1269 1548 1409 1602 ultra
1459 1561 1582 1602 eam
1619 1554 1798 1600 autem
1857 1544 2181 1599 timidiorem
2257 1554 2306 1599 te
2371 1561 2490 1601 esse
2558 1547 2739 1601 velim.
2797 1548 2929 1601 Nam
3000 1560 3058 1604 ιιι
3110 1551 3219 1603 illic
3275 1553 3522 1617 tarditas,
3583 1553 3656 1606 ita
3693 1554 3791 1608 hic

517 1647 792 1703 festinatio
817 1643 1115 1714 periculosa
1142 1650 1247 1696 est.

591 1741 750 1795 XXII.
780 1739 917 1806 Quid
947 1747 1125 1792 autem
1151 1744 1252 1799 est,
1283 1732 1636 1803 quamobrem
1664 1745 1830 1800 grave
1859 1739 1916 1784 et
1945 1744 2096 1783 acer-

2272 1727 2399 1779 KB’.
2425 1727 2490 1779 Τί
2525 1744 2606 1779 σοι
2631 1726 2820 1788 δεινὸν,
2844 1725 2940 1779 ἐὰν
2973 1727 3046 1798 μὴ
3073 1729 3207 1782 πᾶσι
3241 1728 3417 1797 λόγοις
3444 1730 3795 1785 ἐνδυναστεύ-

522 1835 648 1890 bum
687 1844 862 1904 putes,
893 1833 937 1886 si
989 1846 1092 1883 non
1130 1830 1181 1883 in
1241 1827 1385 1882 omni
1440 1823 1806 1893 disputatione
1854 1821 2101 1876 domine-

519 1927 614 1986 ris,
652 1935 813 1993 atque
843 1921 1070 1979 in.omui
1120 1918 1457 1988 problemata
1511 1926 1605 1974 aut
1642 1913 1942 1983 qumstione
1989 1912 2100 1980 pri-

521 2019 744 2073 mariam
778 2016 959 2072 sedem
993 2013 1262 2075 obtineas,
1291 2023 1477 2064 verum
1514 2007 1606 2061 alii
1655 2015 1726 2069 te,
1764 2004 1850 2060 vel
1880 2004 2093 2059 doctio-

519 2125 627 2174 res,
665 2108 747 2162 vel
787 2105 1105 2162 audaciores
1154 2099 1537 2158 inveniantur?
1598 2098 1708 2152 Deo
1756 2097 1944 2165 gratiae
2001 2095 2099 2149 ha-

522 2202 771 2263 beantur,
806 2197 969 2268 quod,
1004 2203 1063 2250 ut
1086 2194 1281 2250 eximia
1317 2192 1562 2260 largitur,
1610 2190 1680 2244 ita
1713 2204 1810 2259 per
1849 2202 2098 2243 commu-

518 2292 604 2346 uia
659 2290 821 2346 saluti
885 2288 1172 2343 hominum
1216 2283 1505 2338 consulere
1555 2280 1720 2336 norit.
1761 2281 1938 2350 Atque
1994 2279 2096 2333 hoc

519 2377 840 2432 miraculum
895 2389 1001 2429 non
1040 2376 1092 2428 in
1121 2373 1380 2427 doctrina
1434 2379 1640 2425 tantum
1685 2383 1750 2426 ac
1783 2369 2102 2438 disputatio-

519 2469 701 2532 nibus,
727 2467 821 2522 sed
852 2468 903 2522 in
955 2467 1069 2534 ipsa
1101 2478 1315 2533 quoque
1362 2461 1545 2517 mutuli
1589 2459 1872 2516 effectione
1921 2459 2100 2514 locum

519 2559 721 2614 habere
786 2557 1112 2627 comperies,
1165 2553 1211 2609 si
1268 2554 1507 2608 animum
1557 2552 1878 2606 adverteris.
1919 2551 2103 2620 Neque

519 2651 663 2704 enim
699 2651 751 2704 in
781 2649 941 2704 rebus
969 2647 1168 2702 creatis
1195 2645 1652 2702 excellentissima
1690 2657 1922 2714 quaeque
1961 2657 2102 2696 non-

521 2741 791 2796 nullorum
825 2741 1125 2805 duntaxat,
1177 2737 1271 2792 sed
1327 2735 1568 2793 omnium
1614 2743 1760 2798 sunt,
1817 2745 1980 2803 atque
2035 2733 2102 2786 ad

522 2849 690 2887 unum
726 2833 976 2901 idemque
1010 2841 1384 2886 creaturarum
1436 2842 1608 2898 genus
1651 2824 1954 2882 communis
2004 2823 2102 2878 Dei

523 2925 698 2995 gratia
735 2924 1024 2978 dimanat:
1067 2936 1243 2990 neque
1294 2920 1350 2975 in
1395 2919 1519 2974 fidei
1567 2918 1801 2984 ratione,
1848 2933 1934 2982 ea,
1984 2932 2104 2985 qua:

524 3018 753 3072 salutent
788 3015 1042 3082 alferunl,
1075 3015 1446 3085 potentiorum
1478 3020 1628 3076 sont,
1657 3012 1752 3067 sed
1777 3009 2099 3066 volentium.

523 3107 660 3174 Quid
710 3108 989 3178 pulchrius
1048 3122 1195 3170 aere,
1249 3106 1396 3174 igne,
1456 3119 1616 3174 aqua,
1672 3113 1840 3170 terra,
1884 3102 2096 3172 pluviis,

524 3197 812 3263 fructibus,
837 3199 1041 3253 sativis
1070 3197 1225 3264 juxta
1277 3205 1334 3250 et
1371 3194 1702 3266 agrestibus.
1733 3200 1896 3258 tecto,
1951 3190 2106 3246 indu-

527 3289 766 3344 mentis?
806 3289 966 3357 Atqui
1007 3290 1119 3342 btet:
1175 3294 1303 3342 sunt
1341 3285 1632 3362 ejusmodi,
1689 3292 1746 3336 ut
1801 3297 1991 3337 omnes
2041 3281 2107 3335 iis

522 3381 884 3436 communiter
917 3391 1174 3445 utantur;
1215 3378 1414 3450 partim
1453 3378 1672 3447 quidem
1704 3375 1926 3429 omnino
1958 3389 2109 3428 com-

525 3475 786 3540 muniter,
823 3475 1022 3544 partim
1055 3474 1120 3527 ad
1156 3473 1446 3543 quamdam
1481 3467 1914 3525 mediocritatem
1944 3483 1960 3521 :
2009 3480 2108 3521 nec

525 3568 812 3638 quisquam
846 3568 980 3624 adeo
1019 3573 1410 3637 tyrannusest,
1445 3571 1505 3617 ut
1536 3561 1811 3617 communi
1841 3559 2106 3615 beneficio

526 3657 674 3713 solus
713 3655 941 3710 fruatur.
995 3657 1138 3710 Dens
1167 3655 1312 3708 enim
1335 3653 1511 3714 solem
1551 3668 1708 3710 suum
1741 3666 1894 3721 reque
1921 3651 2106 3708 omni-

527 3752 631 3806 bus
656 3749 788 3804 oriri
837 3748 962 3803 facit
1001 3749 1081 3814 'I;
1135 3746 1395 3801 divitibus
1453 3760 1516 3800 ac
1559 3745 1892 3815 pauperibus
1945 3743 2108 3812 pluit;

530 3838 836 3896 communis
881 3838 984 3892 diei
1019 3837 1304 3906 noctisque
1347 3835 1636 3890 alternatio
1670 3845 1724 3890 et
1767 3835 2108 3897 vicissitudo,

531 3942 820 3988 commune
847 3930 1046 4002 donum
1072 3929 1301 3993 sanitas,
1333 3928 1640 3982 communis
1671 3928 1793 3982 vitte
1823 3929 2108 3992 terminus,
2168 3948 2177 3958 ι

531 4020 837 4077 communis
869 4033 1121 4078 mensura
1173 4028 1242 4084 et.
1273 4019 1449 4090 gratia
1489 4019 1752 4090 corporis,
1811 4017 2112 4072 communis

530 4126 786 4170 sensuum
823 4112 904 4166 vis
933 4120 986 4166 et
1039 4111 1296 4177 facultas;
1341 4124 1403 4166 ac
1433 4110 1668 4167 fortasse
1711 4112 1820 4168 hoc
1867 4116 2109 4180 nomine.

2205 1837 2322 1889 σῃς,
2357 1820 2452 1872 καὶ
2487 1818 2585 1890 τὴν
2627 1818 2916 1890 προεδρίαν
2953 1819 3083 1891 ἔχῃς
3115 1821 3206 1873 ἐπὶ
3239 1823 3440 1885 παντὸς
3467 1823 3798 1894 προϐλήμα-

2199 1931 2312 1976 τος,
2344 1915 2376 1984 ἢ
2405 1913 2738 1983 ζητήματος,
2782 1911 2896 1965 ἀλλ’
2916 1911 3094 1982 ἕτεροί
3131 1929 3224 1965 σου
3257 1912 3577 1985 φανῶσιν,ῆ
3612 1915 3800 1982 σοφώ-

2199 2023 2369 2076 τεροι,
2395 2007 2428 2077 ἢ
2461 2003 2810 2075 θρασύτεροι;
2844 2003 2933 2074 Τῷ
2957 2004 3075 2074 Θεῷ
3097 2005 3273 2075 χάρις,
3305 2005 3385 2057 ὅτι
3424 2007 3516 2058 καὶ
3548 2006 3617 2058 τὰ
3639 2007 3798 2072 ἐξαί-

2204 2114 2336 2168 ρετα
2361 2096 2562 2172 δίδωσι,
2597 2097 2692 2149 καὶ
2739 2096 2829 2148 διὰ
2865 2096 2976 2150 τῶν
3004 2097 3220 2158 κοινῶν,
3254 2095 3446 2161 σώζειν
3476 2097 3792 2152 ἐπίσταται.

2201 2189 2311 2241 Καὶ
2335 2187 2491 2240 τοῦτο
2511 2188 2570 2240 ού
2605 2188 2730 2258 περὶ
2753 2186 2943 2255 λόγους
2972 2187 3131 2257 μόνον
3167 2186 3278 2254 (21)
3309 2185 3371 2238 τὸ
3401 2185 3604 2258 θαῦμα,
3647 2187 3796 2243 ἀλλὰ

2201 2279 2296 2332 καὶ
2332 2279 2460 2350 περ)⁸
2479 2278 2576 2349 τὴν
2597 2279 2954 2348 δημιουργίαν
2976 2277 3165 2344 αὐτὴν,
3201 2277 3254 2330 εἴ
3282 2296 3411 2331 ποτε
3433 2279 3795 2348 κατενόησας.
3837 2289 3848 2299 “

2203 2370 2342 2430 Οὔτε
2363 2372 2420 2423 ὲν
2457 2374 2569 2434 τοῖς
2597 2371 2859 2440 κτίσμασι
2890 2369 2957 2424 τὰ
2993 2371 3238 2440 πρωτεῖά
3276 2369 3388 2441 (22)
3430 2371 3592 2425 τινών
3617 2374 3797 2439 ἐστιν,

2202 2463 2338 2516 ἀλλὰ
2366 2464 2604 2526 πάντων,
2659 2463 2751 2516 καὶ
2779 2462 2931 2534 κοινὴ
2970 2463 3128 2533 χάρις
3158 2461 3252 2515 τοῦ
3283 2463 3402 2527 ἐνὸς
3433 2463 3756 2534 πλάσματος
3781 2482 3796 2495 ·

2201 2555 2325 2608 οὔτε
2349 2557 2405 2608 ὲν
2431 2559 2498 2626 τῇ
2522 2555 2702 2608 πίστει
2725 2554 2792 2608 τὰ
2823 2553 3063 2618 σώζοντα
3086 2555 3194 2607 τῶν
3215 2555 3619 2627 δυνατωτέρων,
3654 2557 3800 2612 ἀλλὰ

2202 2647 2311 2700 τῶν
2365 2646 2722 2718 βουλομένων.
2767 2647 2833 2700 Τί
2877 2646 3093 2700 κάλλιον
3126 2647 3304 2718 ἀέρος,
3341 2647 3532 2719 πυρὸς,
3577 2648 3799 2714 ὓδατος,

2204 2740 2331 2810 γῆς,
2362 2739 2553 2805 ὑετῶν,
2583 2739 2812 2811 καρπῶν
2844 2739 3065 2812 ἡμέρων
3089 2756 3148 2792 τε
3175 2740 3269 2792 καὶ
3299 2741 3527 2812 ἀγρίων,
3568 2741 3801 2813 στέγης,

2205 2835 2534 2904 ὲνδύματος;
2571 2833 2788 2886 Τούτων
2821 2835 2856 2904 ἡ
2889 2833 3147 2904 μετουσία
3197 2832 3368 2904 κοινὴ,
3425 2833 3534 2886 τῶν
3573 2833 3668 2904 μὲν
3697 2834 3804 2887 καὶ

2205 2925 2547 2985 παντάπασι,
2577 2925 2684 2977 τῶν
2710 2925 2765 2977 δὲ
2801 2924 3036 2994 μετρίως
3057 2939 3070 2953 °
3102 2923 3196 2978 καὶ
3215 2923 3390 2989 οὐδεὶς
3421 2923 3564 2977 οὕτω
3594 2924 3654 2976 τύ
3673 2943 3804 2993 ταν-

2205 3035 2314 3081 νος,
2349 3017 2488 3070 ὥστε
2523 3017 2681 3088 μόνος
2697 3015 3006 3074 ἀπολαῦσαι
3029 3017 3128 3086 τῆς
3152 3015 3336 3086 κοινῆς
3360 3016 3599 3087 χάριτος.
3638 3017 3806 3070 Ἀνα-

2204 3110 2379 3163 τὲλλει
2407 3109 2498 3163 τὸν
2534 3110 2682 3180 ἣλιον
2703 3108 3003 3179 ὁμοτίμως,
3038 3107 3221 3178 βρέχει
3256 3107 3533 3170 πλουσίοις
3565 3108 3660 3160 καὶ
3695 3108 3803 3161 πέ-

2207 3220 2331 3274 νησι
2357 3219 2370 3232 ο
2399 3201 2554 3272 κοινὴ
2584 3199 2778 3264 νυκτὸς
2805 3200 2900 3252 καὶ
2936 3197 3149 3270 ἡμέρας
3172 3198 3460 3269 ὲναλλαγὴ,
3492 3197 3666 3252 κοινὸν
3698 3197 3806 3250 δῶ-

2211 3311 2302 3365 ρον
2334 3292 2533 3362 ὑγίεια,
2568 3292 2747 3356 κοινὸς.
2774 3291 2897 3362 ὅρος
2932 3291 3044 3360 (25)
3073 3289 3240 3360 ζωῆς,
3273 3291 3449 3343 κοινὸν
3478 3291 3672 3361 μέτρον
3698 3293 3804 3344 καὶ

2208 3387 2368 3457 χάρις
2399 3383 2670 3455 σώματος,
2698 3384 2877 3437 κοινὸν
2910 3383 3217 3453 αἰσθήσεων
3262 3382 3490 3452 δύναμις
3511 3398 3524 3412 ο
3567 3383 3706 3451 τάχα
3737 3382 3804 3436 δὲ

2211 3481 2306 3534 καὶ
2344 3479 2529 3532 πλεῖον
2564 3477 2676 3548 (24)
2723 3479 2752 3530 ὁ
2785 3476 2954 3548 πένης
2981 3475 3114 3546 ἔχει,
3139 3476 3200 3528 τὸ
3229 3475 3321 3528 ἐπὶ
3370 3474 3578 3537 τούτοις
3611 3473 3803 3529 πλεῖον

2209 3575 2574 3644 εὐχαριστεῖν,
2607 3572 2700 3625 καὶ
2729 3570 3023 3624 ἀπολαύειν
3062 3569 3211 3640 ἥδιον
3235 3569 3343 3622 τῶν
3370 3567 3582 3632 κοινῶν,
3617 3569 3652 3640 ἦ
3685 3568 3803 3623 τῶν

2211 3666 2275 3718 ὲκ
2314 3663 2631 3735 περιουσίας
2651 3664 2701 3715 οἱ
2726 3661 3104 3733 δυνατώτεροι.
3145 3660 3330 3713 Ταῦτα
3369 3659 3473 3730 μὲν
3501 3654 3593 3713 οὖν
3617 3657 3798 3720 κοινὰ,

2211 3757 2308 3814 καὶ
2343 3757 2604 3828 ὁμότιμα,
2661 3756 2756 3810 καὶ
2783 3754 2917 3809 Θεοῦ
2945 3753 3289 3824 δικαιοσύνης
3343 3752 3696 3826 γνωρίσματα
3720 3768 3736 3780 ·
3769 3754 3802 3804 ὁ

2211 3847 2412 3921 χρυσὸς
2465 3849 2544 3913 δὲ,
2580 3849 2673 3903 καὶ
2717 3849 2766 3901 οἱ
2794 3847 3070 3922 διαφανεῖς
3106 3844 3243 3899 λίθοι
3276 3844 3370 3898 καὶ
3416 3841 3797 3914 ἀγαπώμενοι,

2213 3943 2425 4012 καὶτῆς
2465 3941 2693 4012 ἐσθῆτος
2745 3943 2844 4010 ὅση
2887 3938 3104 4010 μαλακὴ
3139 3937 3232 3991 καὶ
3272 3935 3581 4007 περίεργος,
3631 3933 3726 3986 καὶ
3762 3935 3800 4004 ἡ

2213 4034 2619 4104 φλεγμαίνουσα
2659 4033 2772 4104 (25)
2806 4032 2900 4084 κα)⁹
2932 4031 3265 4100 ὲκμαίνουσα
3294 4025 3567 4098 τράπεζα,
3599 4027 3692 4079 καὶ
3722 4027 3801 4080 τὰ

2212 4124 2442 4196 περιττὰ
2469 4125 2570 4194 τῆς
2604 4126 2869 4196 κτήσεως,
2895 4125 2922 4177 ὁ
2961 4123 3118 4185 πόνος
3149 4120 3258 4192 (26)
3280 4119 3386 4173 τῶν
3416 4117 3797 4188 κεκτημένων,

529 4204 983 4275 melioriquoque
1025 4205 1336 4260 conditione
1396 4220 1602 4275 pauper
1657 4216 1763 4272 est,
1807 4210 1952 4276 quod
2009 4227 2102 4280 pro

2210 4215 2419 4286 ὀλίγων·
2431 4217 2579 4288 ἐστιν
2604 4215 3122 4297 ὲῶαλλωπίσματα.

530 4300 617 4357 his
648 4299 919 4356 benelieiis
949 4300 1110 4371 595
1136 4300 1426 4371 ampliores
1457 4301 1566 4356 Deo
1630 4303 1835 4372 gratias
1915 4319 2059 4375 agat,
2095 4311 2492 4382 jucundiusqtte
2559 4311 2956 4376 communibus,
3011 4319 3184 4380 quam
3233 4305 3584 4377 potentiores.
3611 4317 3804 4372 super-

529 4391 654 4449 ﬂuis
700 4390 1027 4460 minimeque
1059 4393 1123 4446 ad
1187 4391 1353 4453 vitam
1393 4391 1738 4456 necessariis,
1814 4391 2048 4452 h-ualur.
2085 4399 2262 4469 Atque
2326 4402 2441 4456 haze
2502 4402 2719 4472 quidem
2766 4400 3094 4461 communia,
3141 4395 3498 4462 omnibusque
3545 4396 3798 4462 exposita

530 4491 679 4546 sum.
738 4481 940 4553 Deique
991 4483 1260 4553 iustitiam
1315 4481 1600 4551 perspicuo
1648 4494 1968 4553 argumento
2020 4498 2304 4545 testantur.
2338 4492 2410 4547 At
2438 4510 2649 4557 aurutn,
2715 4503 2768 4550 et
2835 4493 3087 4562 pellucidi
3151 4505 3214 4546 ac
3290 4489 3525 4544 deatuati
3561 4487 3798 4557 lapides,

529 4588 588 4634 ει
629 4579 816 4633 moues
889 4591 954 4632 3°
1018 4576 1180 4631 ηίιιιίε
1251 4574 1536 4644 ειψιίεἱιω
1579 4588 1779 4639 Vestes,
1816 4586 1870 4630 et
1899 4593 2085 4636 mensa
2119 4582 2329 4640 deliciis
2397 4596 2616 4658 turgens
2665 4600 2730 4641 ac
2773 4585 3046 4640 libidinem
3099 4580 3435 4646 accendens,
3487 4589 3542 4636 et
3588 4581 3798 4635 redun-

533 4673 726 4727 dantes
752 4685 902 4740 opes,
931 4683 1050 4738 quae
1078 4669 1324 4722 dominos
1373 4667 1558 4722 labore
1607 4669 1920 4737 conﬁciunt.
1968 4689 2261 4744 paucorum
2310 4679 2585 4735 hominum
2611 4685 2931 4732 ornamenta
2973 4683 3118 4729 sunt.

602 4763 790 4819 XXIII.
831 4763 944 4819 Hoc
982 4771 1161 4816 autem
1190 4762 1354 4817 etiam
1397 4762 1542 4816 circa
1581 4761 1737 4817 fidem
1779 4765 1896 4835 ipso
1923 4769 2098 4823 anim.

2278 4774 2406 4827 Kl".
2433 4772 2604 4826 Τοῦτο
2635 4772 2728 4825 καὶ
2762 4771 2890 4841 περὶ
2932 4768 3028 4840 τὴν
3059 4767 3238 4821 πίστιν
3271 4766 3381 4836 ἐγὼ
3423 4765 3633 4838 θεωρῶ.
3661 4767 3798 4820 Κοι-

533 4855 773 4909 adverto.
827 4852 1146 4908 Communia
1199 4859 1346 4913 sunt,
1398 4849 1504 4914 lex,
1561 4855 1860 4923 prophetae,
1923 4857 2102 4915 Testa-

2214 4865 2300 4930 νὰ,
2330 4866 2512 4936 νόμος,
2537 4865 2831 4936 προφῆται,
2853 4861 3138 4932 Διαθῆκαι,
3170 4860 3322 4928 λόγια
3357 4857 3662 4929 Διαθηκῶν,
3693 4859 3798 4928 χά-

532 4953 736 5010 menta,
777 4944 1248 4998 Testamentorum
1301 4941 1540 5005 oracula,
1591 4944 1762 5011 gratia
1801 4985 1818 5010 ,
1884 4951 2102 5015 puerilis

2216 4971 2301 5025 ρις
2324 4954 2456 5024 (27),
2481 4954 2843 5023 παιδαγωγία,
2865 4952 3158 5016 τελείωσις,
3179 4949 3324 5021 πάθη
3345 4948 3604 5022 Χριστοῦ,
3629 4948 3794 5020 καινὴ

532 5037 819 5101 institutio,
857 5034 1140 5106 perfectio,
1172 5033 1376 5088 Christi
1434 5033 1744 5102 passiones,
1780 5051 1918 5092 nova
1949 5054 2102 5096 crea-

2209 5042 2405 5108 κτίσις,
2437 5044 2744 5110 ἀπόστολοι,
2805 5042 3131 5112 Εὐαγγέλια,
3179 5039 3409 5112 διανομὴ
3448 5038 3794 5109 Πνεύματος,

600 5150 648 5182 ⁸⁸
671 5149 836 5206 Eccli.
868 5165 922 5214 ν,
953 5149 1006 5203 1.
1083 5148 1128 5181 ⁸⁷
1157 5147 1422 5215 Matth.v,
1447 5147 1540 5202 45.

603 5263 718 5407 (20)
757 5242 1005 5319 Εἶποτε.
1035 5261 1173 5333 Reg.
1212 5264 1320 5328 btn,
1356 5263 1538 5316 ὄποτε.

605 5337 689 5406 (21
745 5335 974 5405 Λόγους
984 5335 1195 5403 μόνον.
1232 5335 1344 5388 Duo
1387 5332 1537 5404 Regg

578 5331 718 5453 ((021)
745 5335 974 5405 Λόγους
984 5331 1195 5403 μόνᾱν.
1232 5335 1344 5388 Duo
1387 5332 1579 5404 Regg.,
1626 5331 1782 5402 λόγον
1812 5331 1872 5387 τὸ
1914 5331 2100 5405 θαῦμα

536 5423 712 5480 μλνοΥ·
785 5476 816 5480 ν-
1045 5475 1064 5480 -
1153 5473 1180 5480 -
1279 5475 1291 5480 -
1395 5473 1405 5480 .
1539 5474 1565 5480 _

605 5478 716 5546 (22)
754 5476 830 5546 Τὰ
853 5475 1121 5546 πρωτεῖα.
1145 5473 1241 5546 Or;
1272 5475 1323 5530 I.
1349 5473 1420 5527 τὰ
1452 5474 1666 5546 πρῶτα.

605 5542 717 5617 (25)
747 5542 1146 5617 Κοινὸςνὸρος.
1207 5542 1339 5614 Reg.
1368 5546 1420 5607 ι»,
1454 5542 1630 5598 κοινὸν
1655 5545 1801 5617 ὅρος.
1835 5565 1852 5598 t
1885 5545 1993 5599 lIoc
2018 5545 2102 5597 di-

543 5617 632 5698 rit,
661 5635 678 5666 ι
715 5617 888 5687 inquit
928 5616 1090 5683 Elius,
1125 5633 1144 5668 ι
1187 5625 1434 5684 respectu
1474 5616 1815 5672 necessitatis
1859 5618 2102 5670 inurit-n-

534 5689 720 5828 ό..(24)
754 5755 992 5811 Πλεῖον.
1022 5755 1156 5828 Reg.
1181 5756 1235 5822 b,
1277 5755 1456 5808 πλέον.

2281 5263 2394 5336 (25)
2425 5265 2535 5318 Καὶ
2553 5265 2592 5331 ἡ
2611 5261 3086 5336 φλεγμαίνουσα.
3110 5258 3214 5336 _Sic
3243 5259 3348 5314 duo
3381 5257 3574 5328 Regg.,
3621 5256 3790 5314 Coisl.

2209 5337 2263 5401 1,
2291 5331 2346 5389 et
2371 5331 2559 5389 Comb.
2587 5331 2785 5388 Desunt
2818 5334 2870 5386 in
2901 5333 3011 5393 ed.,
3038 5331 3130 5383 mi
3162 5332 3216 5401 ἡ.

2279 5405 2390 5476 (26)
2423 5405 2641 5476 Πόνος.
2681 5402 2856 5476 Cpisl.
2883 5402 2939 5462 2,
2970 5399 3349 5476 Cotttb.,_e_t_c.,
3382 5399 3571 5461 κόπος.

2277 5465 2390 5545 (27)
2423 5465 2619 5542 Χάρις-ζ
2659 5491 2676 5524 t
2708 5471 2911 5545 Gratia,
2940 5490 2959 5545 ξ
2989 5472 3159 5545 inquit.
3190 5470 3360 5545 Elias,
3391 5486 3408 5519 ι
3445 5484 3564 5545 qute
3598 5482 3626 5545 _a
3677 5465 3790 5545 Dec)

2211 5538 2606 5615 proﬁciscitur,
2645 5559 2805 5615 quam
2857 5538 3141 5615 dividit'in
3192 5539 3450 5615 puerilem
3489 5538 3788 5615 institutio-

2212 5609 2332 5671 nem
2364 5633 2393 5669 a
2441 5616 2554 5684 lege
2601 5609 2921 5683 profectam,
2948 5622 3001 5666 et
3031 5611 3083 5666 in
3126 5609 3534 5680 perfectionem,
3561 5622 3684 5677 quae
3729 5612 3778 5660 ti‘

2213 5703 2306 5755 per
2347 5684 2713 5754 Evangelium.
2730 5703 2748 5734 ι
