  <div class='ocr_page' id='page_1' title='image "/cluster/home/n/w/nwhite01/storage/ocr_20150623/36/hvd.32044024464877/116.png"; bbox 0 0 4010 6316; ppageno 0'>
   <div class='ocr_carea' id='block_1_1' title="bbox 215 349 310 404">
    <p class='ocr_par' dir='ltr' id='par_1_1' title="bbox 215 349 310 404">
     <span class='ocr_line' id='line_1_1' title="bbox 215 349 310 404; baseline 0 0"><span class='ocrx_word' id='word_1_1' title='bbox 215 349 310 404; x_wconf 74' lang='grc' dir='ltr'>εθι</span> 
     </span>
    </p>
   </div>
   <div class='ocr_carea' id='block_1_2' title="bbox 903 347 2800 416">
    <p class='ocr_par' dir='ltr' id='par_1_2' title="bbox 903 347 2800 416">
     <span class='ocr_line' id='line_1_2' title="bbox 903 347 2800 416; baseline 0.007 -13"><span class='ocrx_word' id='word_1_2' title='bbox 903 347 1167 403; x_wconf 79' lang='lat' dir='ltr'><strong>ORATIO</strong></span> <span class='ocrx_word' id='word_1_3' title='bbox 1204 347 1422 407; x_wconf 89' lang='lat' dir='ltr'>XXXII.</span> <span class='ocrx_word' id='word_1_4' title='bbox 1465 379 1533 392; x_wconf 89' lang='lat'><strong>—</strong></span> <span class='ocrx_word' id='word_1_5' title='bbox 1572 348 1660 404; x_wconf 88' lang='lat' dir='ltr'><strong>DE</strong></span> <span class='ocrx_word' id='word_1_6' title='bbox 1698 351 2193 410; x_wconf 79' lang='lat' dir='ltr'><strong>MODERATIONE</strong></span> <span class='ocrx_word' id='word_1_7' title='bbox 2231 353 2300 410; x_wconf 86' lang='lat' dir='ltr'><strong>IN</strong></span> <span class='ocrx_word' id='word_1_8' title='bbox 2341 357 2800 416; x_wconf 81' lang='lat' dir='ltr'><strong>DlSPUTANDO.</strong></span> 
     </span>
    </p>
   </div>
   <div class='ocr_carea' id='block_1_3' title="bbox 3369 366 3480 428">
    <p class='ocr_par' dir='ltr' id='par_1_3' title="bbox 3369 366 3480 428">
     <span class='ocr_line' id='line_1_3' title="bbox 3369 366 3480 428; baseline 0 -3"><span class='ocrx_word' id='word_1_9' title='bbox 3369 366 3480 428; x_wconf 66' lang='lat'><strong>202</strong></span> 
     </span>
    </p>
   </div>
   <div class='ocr_carea' id='block_1_4' title="bbox 209 462 1763 552">
    <p class='ocr_par' dir='ltr' id='par_1_4' title="bbox 209 462 1763 534">
     <span class='ocr_line' id='line_1_4' title="bbox 209 462 1763 534; baseline 0.005 -19"><span class='ocrx_word' id='word_1_10' title='bbox 209 463 399 527; x_wconf 80' lang='grc' dir='ltr'>πίστις,</span> <span class='ocrx_word' id='word_1_11' title='bbox 433 462 618 527; x_wconf 69' lang='grc' dir='ltr'>ἐλπὶς,</span> <span class='ocrx_word' id='word_1_12' title='bbox 655 465 840 534; x_wconf 74' lang='grc' dir='ltr'>ἀγάπη</span> <span class='ocrx_word' id='word_1_13' title='bbox 871 466 951 528; x_wconf 86' lang='grc' dir='ltr'><strong>είς</strong></span> <span class='ocrx_word' id='word_1_14' title='bbox 1006 463 1225 518; x_wconf 71' lang='grc' dir='ltr'>Θεόν-ιτε</span> <span class='ocrx_word' id='word_1_15' title='bbox 1286 468 1380 520; x_wconf 73' lang='grc' dir='ltr'><strong>καὶ</strong></span> <span class='ocrx_word' id='word_1_16' title='bbox 1409 468 1472 520; x_wconf 83' lang='grc' dir='ltr'>ὲκ</span> <span class='ocrx_word' id='word_1_17' title='bbox 1501 466 1658 530; x_wconf 80' lang='grc' dir='ltr'>Θεοῦ,</span> <span class='ocrx_word' id='word_1_18' title='bbox 1702 487 1763 524; x_wconf 86' lang='grc' dir='ltr'><strong>κα</strong></span> 
     </span>
    </p>
   </div>
   <div class='ocr_carea' id='block_1_5' title="bbox 1873 462 3471 552">
    <p class='ocr_par' dir='ltr' id='par_1_5' title="bbox 1902 469 3471 552">
     <span class='ocr_line' id='line_1_5' title="bbox 1902 469 3471 552; baseline 0.015 -30"><span class='ocrx_word' id='word_1_19' title='bbox 1902 469 2283 541; x_wconf 88' lang='lat' dir='ltr'><strong>tio,-apostoli,</strong></span> <span class='ocrx_word' id='word_1_20' title='bbox 2315 474 2628 546; x_wconf 80' lang='lat' dir='ltr'><strong>Evangelia,</strong></span> <span class='ocrx_word' id='word_1_21' title='bbox 2661 477 2897 548; x_wconf 93' lang='lat' dir='ltr'><strong>Spiritus</strong></span> <span class='ocrx_word' id='word_1_22' title='bbox 2945 481 3271 550; x_wconf 89' lang='lat' dir='ltr'><strong>distributio,</strong></span> <span class='ocrx_word' id='word_1_23' title='bbox 3319 487 3471 552; x_wconf 82' lang='lat' dir='ltr'><strong>lidcs.</strong></span> 
     </span>
    </p>
   </div>
   <div class='ocr_carea' id='block_1_6' title="bbox 207 552 1794 631">
    <p class='ocr_par' dir='ltr' id='par_1_6' title="bbox 207 552 1794 631">
     <span class='ocr_line' id='line_1_6' title="bbox 207 552 1794 631; baseline 0.004 -24"><span class='ocrx_word' id='word_1_24' title='bbox 207 552 261 607; x_wconf 81' lang='grc' dir='ltr'>οὗ</span> <span class='ocrx_word' id='word_1_25' title='bbox 285 553 416 625; x_wconf 77' lang='grc' dir='ltr'>πρὸς</span> <span class='ocrx_word' id='word_1_26' title='bbox 451 553 683 626; x_wconf 79' lang='grc' dir='ltr'><strong>μέτρον,</strong></span> <span class='ocrx_word' id='word_1_27' title='bbox 705 556 778 618; x_wconf 82' lang='grc' dir='ltr'>ὡς</span> <span class='ocrx_word' id='word_1_28' title='bbox 816 558 849 626; x_wconf 81' lang='grc' dir='ltr'>ἡ</span> <span class='ocrx_word' id='word_1_29' title='bbox 877 555 971 609; x_wconf 75' lang='grc' dir='ltr'><strong>τοῦ</strong></span> <span class='ocrx_word' id='word_1_30' title='bbox 1002 555 1179 625; x_wconf 83' lang='grc' dir='ltr'>μάννα</span> <span class='ocrx_word' id='word_1_31' title='bbox 1201 556 1331 609; x_wconf 82' lang='grc' dir='ltr'>ποτὲ</span> <span class='ocrx_word' id='word_1_32' title='bbox 1363 558 1539 630; x_wconf 79' lang='grc' dir='ltr'>δωρεὰ</span> <span class='ocrx_word' id='word_1_33' title='bbox 1561 559 1638 631; x_wconf 82' lang='grc' dir='ltr'><strong>τῷ</strong></span> <span class='ocrx_word' id='word_1_34' title='bbox 1662 561 1794 629; x_wconf 83' lang='grc' dir='ltr'>ἀχα-</span> 
     </span>
    </p>
   </div>
   <div class='ocr_carea' id='block_1_7' title="bbox 209 645 1792 717">
    <p class='ocr_par' dir='ltr' id='par_1_7' title="bbox 209 645 1792 717">
     <span class='ocr_line' id='line_1_7' title="bbox 209 645 1792 717; baseline 0.005 -21"><span class='ocrx_word' id='word_1_35' title='bbox 209 645 364 716; x_wconf 84' lang='grc' dir='ltr'>ρίστῳ</span> <span class='ocrx_word' id='word_1_36' title='bbox 406 647 636 716; x_wconf 77' lang='grc' dir='ltr'>Ἰσραὴλ</span> <span class='ocrx_word' id='word_1_37' title='bbox 681 647 773 700; x_wconf 74' lang='grc' dir='ltr'><strong>καὶ</strong></span> <span class='ocrx_word' id='word_1_38' title='bbox 819 646 1133 717; x_wconf 80' lang='grc' dir='ltr'>ἀγνώμονι·</span> <span class='ocrx_word' id='word_1_39' title='bbox 1170 649 1304 702; x_wconf 88' lang='grc' dir='ltr'><strong>ἀλλά</strong></span> <span class='ocrx_word' id='word_1_40' title='bbox 1351 650 1470 702; x_wconf 86' lang='grc' dir='ltr'>καθ’</span> <span class='ocrx_word' id='word_1_41' title='bbox 1504 651 1628 704; x_wconf 84' lang='grc' dir='ltr'>ὅσον</span> <span class='ocrx_word' id='word_1_42' title='bbox 1668 652 1792 704; x_wconf 83' lang='grc' dir='ltr'>’ἐκα-</span> 
     </span>
    </p>
   </div>
   <div class='ocr_carea' id='block_1_8' title="bbox 207 734 1786 813">
    <p class='ocr_par' dir='ltr' id='par_1_8' title="bbox 207 734 1786 813">
     <span class='ocr_line' id='line_1_8' title="bbox 207 734 1786 813; baseline 0.004 -25"><span class='ocrx_word' id='word_1_43' title='bbox 207 753 320 800; x_wconf 85' lang='grc' dir='ltr'>στος</span> <span class='ocrx_word' id='word_1_44' title='bbox 349 734 626 806; x_wconf 82' lang='grc' dir='ltr'>βούλεται,</span> <span class='ocrx_word' id='word_1_45' title='bbox 664 737 946 802; x_wconf 73' lang='grc' dir='ltr'>ἀνάϐασις,</span> <span class='ocrx_word' id='word_1_46' title='bbox 976 739 1264 809; x_wconf 68' lang='grc' dir='ltr'>ἓλλαμψις,</span> <span class='ocrx_word' id='word_1_47' title='bbox 1321 741 1475 812; x_wconf 78' lang='grc' dir='ltr'>ὀλίγη</span> <span class='ocrx_word' id='word_1_48' title='bbox 1518 742 1670 813; x_wconf 76' lang='grc' dir='ltr'><strong>μὲνὴ</strong></span> <span class='ocrx_word' id='word_1_49' title='bbox 1698 745 1786 795; x_wconf 81' lang='grc' dir='ltr'>ὲν-</span> 
     </span>
    </p>
   </div>
   <div class='ocr_carea' id='block_1_9' title="bbox 203 827 1785 903">
    <p class='ocr_par' dir='ltr' id='par_1_9' title="bbox 203 827 1785 903">
     <span class='ocr_line' id='line_1_9' title="bbox 203 827 1785 903; baseline 0.004 -24"><span class='ocrx_word' id='word_1_50' title='bbox 203 827 398 890; x_wconf 81' lang='grc' dir='ltr'>τεῦθεν,</span> <span class='ocrx_word' id='word_1_51' title='bbox 427 829 737 903; x_wconf 79' lang='grc' dir='ltr'>τ’ρανοτέρα</span> <span class='ocrx_word' id='word_1_52' title='bbox 760 828 816 882; x_wconf 80' lang='grc' dir='ltr'>δὲ</span> <span class='ocrx_word' id='word_1_53' title='bbox 843 831 873 898; x_wconf 82' lang='grc' dir='ltr'><strong>ἡ</strong></span> <span class='ocrx_word' id='word_1_54' title='bbox 904 829 1228 901; x_wconf 70' lang='grc' dir='ltr'>ἐλπιζομένῃ</span> <span class='ocrx_word' id='word_1_55' title='bbox 1249 831 1360 901; x_wconf 69' lang='lat'><strong>(9.8)</strong></span> <span class='ocrx_word' id='word_1_56' title='bbox 1385 849 1398 862; x_wconf 86' lang='grc'><strong>·</strong></span> <span class='ocrx_word' id='word_1_57' title='bbox 1432 833 1491 885; x_wconf 80' lang='grc' dir='ltr'><strong>τὸ</strong></span> <span class='ocrx_word' id='word_1_58' title='bbox 1511 833 1785 903; x_wconf 83' lang='grc' dir='ltr'>μέγιστον,</span> 
     </span>
    </p>
   </div>
   <div class='ocr_carea' id='block_1_10' title="bbox 201 917 1784 994">
    <p class='ocr_par' dir='ltr' id='par_1_10' title="bbox 201 917 1784 994">
     <span class='ocr_line' id='line_1_10' title="bbox 201 917 1784 994; baseline 0.006 -25"><span class='ocrx_word' id='word_1_59' title='bbox 201 917 480 988; x_wconf 72' lang='grc' dir='ltr'>ἠΠατρὸς,</span> <span class='ocrx_word' id='word_1_60' title='bbox 525 920 626 971; x_wconf 77' lang='grc' dir='ltr'><strong>καὶ</strong></span> <span class='ocrx_word' id='word_1_61' title='bbox 661 919 814 983; x_wconf 79' lang='grc' dir='ltr'>Υἰοῦ,</span> <span class='ocrx_word' id='word_1_62' title='bbox 849 921 943 972; x_wconf 78' lang='grc' dir='ltr'><strong>καὶ</strong></span> <span class='ocrx_word' id='word_1_63' title='bbox 998 921 1151 989; x_wconf 82' lang='grc' dir='ltr'>ἁγίου</span> <span class='ocrx_word' id='word_1_64' title='bbox 1193 921 1508 993; x_wconf 82' lang='grc' dir='ltr'>Πνεύματος</span> <span class='ocrx_word' id='word_1_65' title='bbox 1548 924 1784 994; x_wconf 70' lang='grc' dir='ltr'>ἐπίγνωσ</span> 
     </span>
    </p>
   </div>
   <div class='ocr_carea' id='block_1_11' title="bbox 203 1009 1785 1083">
    <p class='ocr_par' dir='ltr' id='par_1_11' title="bbox 203 1009 1785 1083">
     <span class='ocr_line' id='line_1_11' title="bbox 203 1009 1785 1083; baseline 0.007 -24"><span class='ocrx_word' id='word_1_66' title='bbox 203 1024 298 1072; x_wconf 88' lang='grc' dir='ltr'>σις,</span> <span class='ocrx_word' id='word_1_67' title='bbox 330 1009 424 1060; x_wconf 81' lang='grc' dir='ltr'>καὶ</span> <span class='ocrx_word' id='word_1_68' title='bbox 450 1009 722 1078; x_wconf 75' lang='grc' dir='ltr'>ὁμολογία</span> <span class='ocrx_word' id='word_1_69' title='bbox 753 1011 851 1081; x_wconf 82' lang='grc' dir='ltr'>τῆς</span> <span class='ocrx_word' id='word_1_70' title='bbox 877 1009 1101 1083; x_wconf 73' lang='grc' dir='ltr'>πρώτης</span> <span class='ocrx_word' id='word_1_71' title='bbox 1129 1013 1287 1083; x_wconf 75' lang='grc' dir='ltr'>ἡμῶν</span> <span class='ocrx_word' id='word_1_72' title='bbox 1310 1014 1538 1078; x_wconf 78' lang='grc' dir='ltr'>ἐλπίδος.</span> <span class='ocrx_word' id='word_1_73' title='bbox 1570 1016 1785 1071; x_wconf 79' lang='grc' dir='ltr'>Τούτων</span> 
     </span>
    </p>
   </div>
   <div class='ocr_carea' id='block_1_12' title="bbox 198 1097 1785 1179">
    <p class='ocr_par' dir='ltr' id='par_1_12' title="bbox 198 1097 1785 1179">
     <span class='ocr_line' id='line_1_12' title="bbox 198 1097 1785 1179; baseline 0.008 -28"><span class='ocrx_word' id='word_1_74' title='bbox 198 1099 245 1151; x_wconf 85' lang='grc' dir='ltr'><strong>τί</strong></span> <span class='ocrx_word' id='word_1_75' title='bbox 271 1097 452 1170; x_wconf 79' lang='grc' dir='ltr'>μεῖζον</span> <span class='ocrx_word' id='word_1_76' title='bbox 478 1117 493 1164; x_wconf 92' lang='grc'><strong>;</strong></span> <span class='ocrx_word' id='word_1_77' title='bbox 520 1100 578 1152; x_wconf 87' lang='grc' dir='ltr'><strong>τί</strong></span> <span class='ocrx_word' id='word_1_78' title='bbox 615 1100 704 1154; x_wconf 75' lang='grc' dir='ltr'><strong>δαὶ</strong></span> <span class='ocrx_word' id='word_1_79' title='bbox 729 1101 1033 1174; x_wconf 79' lang='grc' dir='ltr'>κοινότερον</span> <span class='ocrx_word' id='word_1_80' title='bbox 1058 1121 1072 1168; x_wconf 91' lang='grc'><strong>;</strong></span> <span class='ocrx_word' id='word_1_81' title='bbox 1107 1105 1186 1157; x_wconf 85' lang='grc' dir='ltr'><strong>Τά</strong></span> <span class='ocrx_word' id='word_1_82' title='bbox 1213 1105 1268 1157; x_wconf 82' lang='grc' dir='ltr'>δὲ</span> <span class='ocrx_word' id='word_1_83' title='bbox 1296 1105 1436 1179; x_wconf 76' lang='grc' dir='ltr'>ὑπὲρ</span> <span class='ocrx_word' id='word_1_84' title='bbox 1457 1107 1654 1176; x_wconf 82' lang='grc' dir='ltr'>ταῦτα,</span> <span class='ocrx_word' id='word_1_85' title='bbox 1685 1110 1785 1165; x_wconf 79' lang='grc' dir='ltr'><strong>κᾶν</strong></span> 
     </span>
    </p>
   </div>
   <div class='ocr_carea' id='block_1_13' title="bbox 197 1193 1785 1275">
    <p class='ocr_par' dir='ltr' id='par_1_13' title="bbox 197 1193 1785 1275">
     <span class='ocr_line' id='line_1_13' title="bbox 197 1193 1785 1275; baseline 0.008 -31"><span class='ocrx_word' id='word_1_86' title='bbox 197 1193 267 1263; x_wconf 81' lang='grc' dir='ltr'>τῷ</span> <span class='ocrx_word' id='word_1_87' title='bbox 295 1194 510 1263; x_wconf 80' lang='grc' dir='ltr'>σπανίῳ</span> <span class='ocrx_word' id='word_1_88' title='bbox 537 1194 604 1246; x_wconf 79' lang='grc' dir='ltr'>τὸ</span> <span class='ocrx_word' id='word_1_89' title='bbox 629 1193 950 1266; x_wconf 83' lang='grc' dir='ltr'>τιμιώτερον</span> <span class='ocrx_word' id='word_1_90' title='bbox 985 1195 1104 1267; x_wconf 75' lang='grc' dir='ltr'>ἔχῃ,</span> <span class='ocrx_word' id='word_1_91' title='bbox 1128 1197 1265 1250; x_wconf 75' lang='grc' dir='ltr'>ἀλλὰ</span> <span class='ocrx_word' id='word_1_92' title='bbox 1295 1199 1373 1268; x_wconf 81' lang='grc' dir='ltr'>τῷ</span> <span class='ocrx_word' id='word_1_93' title='bbox 1405 1217 1468 1268; x_wconf 88' lang='grc' dir='ltr'><strong>γε</strong></span> <span class='ocrx_word' id='word_1_94' title='bbox 1505 1203 1785 1275; x_wconf 78' lang='grc' dir='ltr'>ἀναγκαίῳ</span> 
     </span>
    </p>
   </div>
   <div class='ocr_carea' id='block_1_14' title="bbox 193 1281 1780 1362">
    <p class='ocr_par' dir='ltr' id='par_1_14' title="bbox 193 1281 1780 1362">
     <span class='ocr_line' id='line_1_14' title="bbox 193 1281 1780 1362; baseline 0.005 -22"><span class='ocrx_word' id='word_1_95' title='bbox 193 1286 247 1340; x_wconf 73' lang='grc' dir='ltr'>τὺ</span> <span class='ocrx_word' id='word_1_96' title='bbox 273 1286 559 1356; x_wconf 55' lang='grc' dir='ltr'>δεύτερον</span> <span class='ocrx_word' id='word_1_97' title='bbox 593 1281 674 1340; x_wconf 83' lang='grc' dir='ltr'>ὧν</span> <span class='ocrx_word' id='word_1_98' title='bbox 707 1286 815 1358; x_wconf 78' lang='grc' dir='ltr'>γὰρ</span> <span class='ocrx_word' id='word_1_99' title='bbox 847 1289 976 1341; x_wconf 81' lang='grc' dir='ltr'>ἄνευ</span> <span class='ocrx_word' id='word_1_100' title='bbox 1017 1288 1076 1340; x_wconf 82' lang='grc' dir='ltr'><strong>τὸ</strong></span> <span class='ocrx_word' id='word_1_101' title='bbox 1129 1289 1238 1356; x_wconf 70' lang='lat'><strong>(‘29)</strong></span> <span class='ocrx_word' id='word_1_102' title='bbox 1275 1288 1412 1343; x_wconf 78' lang='grc' dir='ltr'>εἶναι</span> <span class='ocrx_word' id='word_1_103' title='bbox 1459 1284 1780 1362; x_wconf 77' lang='grc' dir='ltr'>Χριστιανὸν</span> 
     </span>
    </p>
   </div>
   <div class='ocr_carea' id='block_1_15' title="bbox 195 1374 1781 1454">
    <p class='ocr_par' dir='ltr' id='par_1_15' title="bbox 195 1374 1781 1454">
     <span class='ocr_line' id='line_1_15' title="bbox 195 1374 1781 1454; baseline 0.006 -27"><span class='ocrx_word' id='word_1_104' title='bbox 195 1378 282 1447; x_wconf 79' lang='grc' dir='ltr'><strong>οὐχ</strong></span> <span class='ocrx_word' id='word_1_105' title='bbox 335 1374 446 1432; x_wconf 76' lang='grc' dir='ltr'>οἷόν</span> <span class='ocrx_word' id='word_1_106' title='bbox 485 1393 575 1439; x_wconf 84' lang='grc' dir='ltr'><strong>τε,</strong></span> <span class='ocrx_word' id='word_1_107' title='bbox 611 1377 786 1430; x_wconf 83' lang='grc' dir='ltr'>ταῦτα</span> <span class='ocrx_word' id='word_1_108' title='bbox 830 1377 938 1430; x_wconf 88' lang='grc' dir='ltr'><strong>τῶν</strong></span> <span class='ocrx_word' id='word_1_109' title='bbox 969 1377 1170 1446; x_wconf 76' lang='grc' dir='ltr'>ὀλίγοις</span> <span class='ocrx_word' id='word_1_110' title='bbox 1218 1380 1455 1449; x_wconf 71' lang='grc' dir='ltr'>ἐφικτῶν</span> <span class='ocrx_word' id='word_1_111' title='bbox 1499 1384 1781 1454; x_wconf 86' lang='grc' dir='ltr'>χρησιμώ-</span> 
     </span>
    </p>
   </div>
   <div class='ocr_carea' id='block_1_16' title="bbox 194 1485 334 1541">
    <p class='ocr_par' dir='ltr' id='par_1_16' title="bbox 194 1485 334 1541">
     <span class='ocr_line' id='line_1_16' title="bbox 194 1485 334 1541; baseline 0.007 -20"><span class='ocrx_word' id='word_1_112' title='bbox 194 1485 334 1541; x_wconf 86' lang='grc' dir='ltr'>τερα.</span> 
     </span>
    </p>
   </div>
   <div class='ocr_carea' id='block_1_17' title="bbox 1902 567 3472 649">
    <p class='ocr_par' dir='ltr' id='par_1_17' title="bbox 1902 567 3472 649">
     <span class='ocr_line' id='line_1_17' title="bbox 1902 567 3472 649; baseline 0.013 -31"><span class='ocrx_word' id='word_1_113' title='bbox 1902 578 2048 634; x_wconf 90' lang='lat' dir='ltr'><strong>spes,</strong></span> <span class='ocrx_word' id='word_1_114' title='bbox 2083 567 2344 632; x_wconf 87' lang='lat' dir='ltr'><strong>charitas,</strong></span> <span class='ocrx_word' id='word_1_115' title='bbox 2372 584 2544 640; x_wconf 84' lang='lat' dir='ltr'><strong>eaque</strong></span> <span class='ocrx_word' id='word_1_116' title='bbox 2577 581 2689 626; x_wconf 91' lang='lat' dir='ltr'><strong>tum</strong></span> <span class='ocrx_word' id='word_1_117' title='bbox 2715 589 2840 644; x_wconf 82' lang='lat' dir='ltr'><strong>erga</strong></span> <span class='ocrx_word' id='word_1_118' title='bbox 2872 575 3060 642; x_wconf 88' lang='lat' dir='ltr'><strong>Deum,</strong></span> <span class='ocrx_word' id='word_1_119' title='bbox 3089 586 3198 632; x_wconf 91' lang='lat' dir='ltr'><strong>tum</strong></span> <span class='ocrx_word' id='word_1_120' title='bbox 3239 595 3306 634; x_wconf 82' lang='lat' dir='ltr'><strong>ex</strong></span> <span class='ocrx_word' id='word_1_121' title='bbox 3340 581 3472 649; x_wconf 78' lang='lat' dir='ltr'><strong>Deo,</strong></span> 
     </span>
    </p>
   </div>
   <div class='ocr_carea' id='block_1_18' title="bbox 1898 660 3474 737">
    <p class='ocr_par' dir='ltr' id='par_1_18' title="bbox 1898 660 3474 737">
     <span class='ocr_line' id='line_1_18' title="bbox 1898 660 3474 737; baseline 0.015 -28"><span class='ocrx_word' id='word_1_122' title='bbox 1898 671 1996 711; x_wconf 87' lang='lat' dir='ltr'><strong>nec</strong></span> <span class='ocrx_word' id='word_1_123' title='bbox 2037 671 2100 711; x_wconf 85' lang='lat' dir='ltr'><strong>ea</strong></span> <span class='ocrx_word' id='word_1_124' title='bbox 2149 660 2215 712; x_wconf 91' lang='lat' dir='ltr'><strong>ad</strong></span> <span class='ocrx_word' id='word_1_125' title='bbox 2265 676 2572 718; x_wconf 83' lang='lat' dir='ltr'><strong>mensuram</strong></span> <span class='ocrx_word' id='word_1_126' title='bbox 2627 667 2772 733; x_wconf 88' lang='lat' dir='ltr'><strong>data,</strong></span> <span class='ocrx_word' id='word_1_127' title='bbox 2832 669 3284 737; x_wconf 85' lang='lat' dir='ltr'><strong>quemadmodum</strong></span> <span class='ocrx_word' id='word_1_128' title='bbox 3341 675 3474 732; x_wconf 83' lang='lat' dir='ltr'><strong>olim</strong></span> 
     </span>
    </p>
   </div>
   <div class='ocr_carea' id='block_1_19' title="bbox 1895 749 3466 833">
    <p class='ocr_par' dir='ltr' id='par_1_19' title="bbox 1895 749 3466 833">
     <span class='ocr_line' id='line_1_19' title="bbox 1895 749 3466 833; baseline 0.015 -34"><span class='ocrx_word' id='word_1_129' title='bbox 1895 762 2093 800; x_wconf 92' lang='lat' dir='ltr'><strong>manna</strong></span> <span class='ocrx_word' id='word_1_130' title='bbox 2135 749 2262 803; x_wconf 92' lang='lat' dir='ltr'><strong>illud</strong></span> <span class='ocrx_word' id='word_1_131' title='bbox 2296 751 2508 820; x_wconf 88' lang='lat' dir='ltr'><strong>ingrato</strong></span> <span class='ocrx_word' id='word_1_132' title='bbox 2537 764 2592 809; x_wconf 91' lang='lat' dir='ltr'><strong>et</strong></span> <span class='ocrx_word' id='word_1_133' title='bbox 2633 757 2878 826; x_wconf 91' lang='lat' dir='ltr'><strong>improbo</strong></span> <span class='ocrx_word' id='word_1_134' title='bbox 2908 759 3090 816; x_wconf 87' lang='lat' dir='ltr'><strong>lsraeli</strong></span> <span class='ocrx_word' id='word_1_135' title='bbox 3123 762 3466 833; x_wconf 76' lang='lat' dir='ltr'><strong>donatum&quot;,</strong></span> 
     </span>
    </p>
   </div>
   <div class='ocr_carea' id='block_1_20' title="bbox 1893 840 3464 928">
    <p class='ocr_par' dir='ltr' id='par_1_20' title="bbox 1893 840 3464 928">
     <span class='ocr_line' id='line_1_20' title="bbox 1893 840 3464 928; baseline 0.015 -38"><span class='ocrx_word' id='word_1_136' title='bbox 1893 840 1986 891; x_wconf 89' lang='lat' dir='ltr'><strong>sed</strong></span> <span class='ocrx_word' id='word_1_137' title='bbox 2026 841 2092 893; x_wconf 87' lang='lat' dir='ltr'><strong>ad</strong></span> <span class='ocrx_word' id='word_1_138' title='bbox 2134 843 2562 915; x_wconf 82' lang='lat' dir='ltr'><strong>uniuscujusqu</strong></span> <span class='ocrx_word' id='word_1_139' title='bbox 2623 847 2976 916; x_wconf 84' lang='lat' dir='ltr'><strong>voluntatem,</strong></span> <span class='ocrx_word' id='word_1_140' title='bbox 3019 869 3281 913; x_wconf 89' lang='lat' dir='ltr'><strong>ascensus</strong></span> <span class='ocrx_word' id='word_1_141' title='bbox 3317 860 3464 928; x_wconf 82' lang='lat' dir='ltr'><strong>item,</strong></span> 
     </span>
    </p>
   </div>
   <div class='ocr_carea' id='block_1_21' title="bbox 1893 928 3469 1018">
    <p class='ocr_par' dir='ltr' id='par_1_21' title="bbox 1893 928 3469 1018">
     <span class='ocr_line' id='line_1_21' title="bbox 1893 928 3469 1018; baseline 0.016 -36"><span class='ocrx_word' id='word_1_142' title='bbox 1893 928 2237 997; x_wconf 86' lang='lat' dir='ltr'><strong>illuminatio,</strong></span> <span class='ocrx_word' id='word_1_143' title='bbox 2285 938 2618 993; x_wconf 87' lang='lat' dir='ltr'><strong>subobscura</strong></span> <span class='ocrx_word' id='word_1_144' title='bbox 2656 941 2872 1010; x_wconf 81' lang='lat' dir='ltr'><strong>quidem</strong></span> <span class='ocrx_word' id='word_1_145' title='bbox 2921 945 3058 1009; x_wconf 83' lang='lat' dir='ltr'><strong>lucc,</strong></span> <span class='ocrx_word' id='word_1_146' title='bbox 3099 963 3222 1018; x_wconf 78' lang='lat' dir='ltr'><strong>quae</strong></span> <span class='ocrx_word' id='word_1_147' title='bbox 3266 951 3317 1004; x_wconf 90' lang='lat' dir='ltr'><strong>in</strong></span> <span class='ocrx_word' id='word_1_148' title='bbox 3367 953 3469 1007; x_wconf 90' lang='lat' dir='ltr'><strong>hac</strong></span> 
     </span>
    </p>
   </div>
   <div class='ocr_carea' id='block_1_22' title="bbox 1893 1023 3469 1113">
    <p class='ocr_par' dir='ltr' id='par_1_22' title="bbox 1893 1023 3469 1113">
     <span class='ocr_line' id='line_1_22' title="bbox 1893 1023 3469 1113; baseline 0.016 -39"><span class='ocrx_word' id='word_1_149' title='bbox 1893 1023 2004 1076; x_wconf 88' lang='lat' dir='ltr'><strong>vita</strong></span> <span class='ocrx_word' id='word_1_150' title='bbox 2063 1029 2352 1097; x_wconf 85' lang='lat' dir='ltr'><strong>contingit,</strong></span> <span class='ocrx_word' id='word_1_151' title='bbox 2385 1029 2584 1087; x_wconf 85' lang='lat' dir='ltr'><strong>clarior</strong></span> <span class='ocrx_word' id='word_1_152' title='bbox 2633 1042 2812 1089; x_wconf 86' lang='lat' dir='ltr'><strong>autem</strong></span> <span class='ocrx_word' id='word_1_153' title='bbox 2851 1036 2958 1102; x_wconf 90' lang='lat' dir='ltr'><strong>illa,</strong></span> <span class='ocrx_word' id='word_1_154' title='bbox 2987 1055 3146 1108; x_wconf 89' lang='lat' dir='ltr'><strong>quam</strong></span> <span class='ocrx_word' id='word_1_155' title='bbox 3201 1056 3297 1113; x_wconf 87' lang='lat' dir='ltr'><strong>spe</strong></span> <span class='ocrx_word' id='word_1_156' title='bbox 3336 1059 3469 1099; x_wconf 59' lang='lat' dir='ltr'><strong>con-&#39;-</strong></span> 
     </span>
    </p>
   </div>
   <div class='ocr_carea' id='block_1_23' title="bbox 1895 1119 3464 1202">
    <p class='ocr_par' dir='ltr' id='par_1_23' title="bbox 1895 1119 3464 1202">
     <span class='ocr_line' id='line_1_23' title="bbox 1895 1119 3464 1202; baseline 0.015 -36"><span class='ocrx_word' id='word_1_157' title='bbox 1895 1124 2102 1183; x_wconf 87' lang='lat' dir='ltr'><strong>ceptam</strong></span> <span class='ocrx_word' id='word_1_158' title='bbox 2159 1119 2450 1188; x_wconf 84' lang='lat' dir='ltr'><strong>habemus;</strong></span> <span class='ocrx_word' id='word_1_159' title='bbox 2507 1125 2758 1195; x_wconf 87' lang='lat' dir='ltr'><strong>denique.</strong></span> <span class='ocrx_word' id='word_1_160' title='bbox 2821 1130 2962 1197; x_wconf 86' lang='lat' dir='ltr'><strong>quod</strong></span> <span class='ocrx_word' id='word_1_161' title='bbox 3010 1133 3300 1189; x_wconf 80' lang='lat' dir='ltr'><strong>maximum</strong></span> <span class='ocrx_word' id='word_1_162' title='bbox 3361 1147 3464 1202; x_wconf 90' lang='lat' dir='ltr'><strong>est,</strong></span> 
     </span>
    </p>
   </div>
   <div class='ocr_carea' id='block_1_24' title="bbox 1893 1203 3466 1294">
    <p class='ocr_par' dir='ltr' id='par_1_24' title="bbox 1893 1203 3466 1294">
     <span class='ocr_line' id='line_1_24' title="bbox 1893 1203 3466 1294; baseline 0.016 -37"><span class='ocrx_word' id='word_1_163' title='bbox 1893 1203 2094 1269; x_wconf 81' lang='lat' dir='ltr'><strong>Patris,</strong></span> <span class='ocrx_word' id='word_1_164' title='bbox 2128 1219 2182 1262; x_wconf 89' lang='lat' dir='ltr'><strong>et</strong></span> <span class='ocrx_word' id='word_1_165' title='bbox 2235 1209 2379 1273; x_wconf 83' lang='lat' dir='ltr'><strong>Filii.</strong></span> <span class='ocrx_word' id='word_1_166' title='bbox 2411 1223 2466 1266; x_wconf 84' lang='lat' dir='ltr'><strong>et</strong></span> <span class='ocrx_word' id='word_1_167' title='bbox 2505 1214 2740 1283; x_wconf 83' lang='lat' dir='ltr'><strong>Spiritus</strong></span> <span class='ocrx_word' id='word_1_168' title='bbox 2791 1221 2960 1272; x_wconf 78' lang='lat' dir='ltr'><strong>sancti</strong></span> <span class='ocrx_word' id='word_1_169' title='bbox 2994 1223 3217 1290; x_wconf 76' lang='lat' dir='ltr'><strong>agnitio,</strong></span> <span class='ocrx_word' id='word_1_170' title='bbox 3255 1241 3318 1281; x_wconf 87' lang='lat' dir='ltr'><strong>ac</strong></span> <span class='ocrx_word' id='word_1_171' title='bbox 3352 1229 3466 1294; x_wconf 91' lang='lat' dir='ltr'><strong>pri—</strong></span> 
     </span>
    </p>
   </div>
   <div class='ocr_carea' id='block_1_25' title="bbox 1890 1299 3464 1386">
    <p class='ocr_par' dir='ltr' id='par_1_25' title="bbox 1890 1299 3464 1386">
     <span class='ocr_line' id='line_1_25' title="bbox 1890 1299 3464 1386; baseline 0.018 -38"><span class='ocrx_word' id='word_1_172' title='bbox 1890 1299 2077 1352; x_wconf 69' lang='lat' dir='ltr'><strong>mariae</strong></span> <span class='ocrx_word' id='word_1_173' title='bbox 2113 1310 2318 1358; x_wconf 74' lang='lat' dir='ltr'><strong>nostrae</strong></span> <span class='ocrx_word' id='word_1_174' title='bbox 2367 1305 2480 1373; x_wconf 86' lang='lat' dir='ltr'><strong>spei</strong></span> <span class='ocrx_word' id='word_1_175' title='bbox 2521 1309 2809 1365; x_wconf 80' lang='lat' dir='ltr'><strong>confessio.</strong></span> <span class='ocrx_word' id='word_1_176' title='bbox 2844 1311 2983 1377; x_wconf 86' lang='lat' dir='ltr'><strong>Quid</strong></span> <span class='ocrx_word' id='word_1_177' title='bbox 3030 1315 3114 1369; x_wconf 89' lang='lat' dir='ltr'><strong>his</strong></span> <span class='ocrx_word' id='word_1_178' title='bbox 3163 1317 3339 1386; x_wconf 89' lang='lat' dir='ltr'><strong>majus</strong></span> <span class='ocrx_word' id='word_1_179' title='bbox 3398 1336 3464 1376; x_wconf 89' lang='lat' dir='ltr'><strong>ac</strong></span> 
     </span>
    </p>
   </div>
   <div class='ocr_carea' id='block_1_26' title="bbox 1889 1389 3463 1478">
    <p class='ocr_par' dir='ltr' id='par_1_26' title="bbox 1889 1389 3463 1478">
     <span class='ocr_line' id='line_1_26' title="bbox 1889 1389 3463 1478; baseline 0.016 -37"><span class='ocrx_word' id='word_1_180' title='bbox 1889 1389 2219 1448; x_wconf 84' lang='lat' dir='ltr'><strong>sublimius?</strong></span> <span class='ocrx_word' id='word_1_181' title='bbox 2254 1395 2394 1461; x_wconf 85' lang='lat' dir='ltr'><strong>Quid</strong></span> <span class='ocrx_word' id='word_1_182' title='bbox 2435 1414 2624 1456; x_wconf 88' lang='lat' dir='ltr'><strong>rursus</strong></span> <span class='ocrx_word' id='word_1_183' title='bbox 2673 1405 3056 1460; x_wconf 83' lang='lat' dir='ltr'><strong>communius?</strong></span> <span class='ocrx_word' id='word_1_184' title='bbox 3085 1407 3150 1461; x_wconf 81' lang='lat' dir='ltr'><strong>At</strong></span> <span class='ocrx_word' id='word_1_185' title='bbox 3173 1424 3293 1478; x_wconf 73' lang='lat' dir='ltr'><strong>qua:</strong></span> <span class='ocrx_word' id='word_1_186' title='bbox 3322 1411 3463 1466; x_wconf 85' lang='lat' dir='ltr'><strong>ultra</strong></span> 
     </span>
    </p>
   </div>
   <div class='ocr_carea' id='block_1_27' title="bbox 1885 1480 3461 1568">
    <p class='ocr_par' dir='ltr' id='par_1_27' title="bbox 1885 1480 3461 1568">
     <span class='ocr_line' id='line_1_27' title="bbox 1885 1480 3461 1568; baseline 0.015 -35"><span class='ocrx_word' id='word_1_187' title='bbox 1885 1480 2002 1534; x_wconf 82' lang='lat' dir='ltr'><strong>inec</strong></span> <span class='ocrx_word' id='word_1_188' title='bbox 2036 1493 2181 1551; x_wconf 89' lang='lat' dir='ltr'><strong>stmt,</strong></span> <span class='ocrx_word' id='word_1_189' title='bbox 2227 1489 2438 1542; x_wconf 90' lang='lat' dir='ltr'><strong>tametsi</strong></span> <span class='ocrx_word' id='word_1_190' title='bbox 2479 1493 2548 1546; x_wconf 91' lang='lat' dir='ltr'><strong>ob</strong></span> <span class='ocrx_word' id='word_1_191' title='bbox 2597 1495 2876 1548; x_wconf 85' lang='lat' dir='ltr'><strong>raritatem</strong></span> <span class='ocrx_word' id='word_1_192' title='bbox 2910 1501 3288 1566; x_wconf 65' lang='lat' dir='ltr'><strong>praestantiora</strong></span> <span class='ocrx_word' id='word_1_193' title='bbox 3332 1502 3461 1568; x_wconf 91' lang='lat' dir='ltr'><strong>sint,</strong></span> 
     </span>
    </p>
   </div>
   <div class='ocr_carea' id='block_1_28' title="bbox 193 1560 3463 1661">
    <p class='ocr_par' dir='ltr' id='par_1_28' title="bbox 193 1560 3463 1661">
     <span class='ocr_line' id='line_1_28' title="bbox 193 1560 3463 1661; baseline 0.011 -46"><span class='ocrx_word' id='word_1_194' title='bbox 193 1572 388 1626; x_wconf 80' lang='lat' dir='ltr'><strong>tamen,</strong></span> <span class='ocrx_word' id='word_1_195' title='bbox 423 1561 469 1616; x_wconf 88' lang='lat' dir='ltr'><strong>si</strong></span> <span class='ocrx_word' id='word_1_196' title='bbox 515 1560 901 1616; x_wconf 89' lang='lat' dir='ltr'><strong>necessitatem</strong></span> <span class='ocrx_word' id='word_1_197' title='bbox 935 1569 1267 1630; x_wconf 85' lang='lat' dir='ltr'><strong>spectemus,</strong></span> <span class='ocrx_word' id='word_1_198' title='bbox 1298 1564 1637 1630; x_wconf 84' lang='lat' dir='ltr'><strong>posteriores</strong></span> <span class='ocrx_word' id='word_1_199' title='bbox 1663 1575 1842 1633; x_wconf 85' lang='lat' dir='ltr'><strong>partes</strong></span> <span class='ocrx_word' id='word_1_200' title='bbox 1905 1579 2109 1628; x_wconf 87' lang='lat' dir='ltr'><strong>tenent.</strong></span> <span class='ocrx_word' id='word_1_201' title='bbox 2180 1574 2313 1630; x_wconf 86' lang='lat' dir='ltr'><strong>Nam</strong></span> <span class='ocrx_word' id='word_1_202' title='bbox 2346 1594 2430 1643; x_wconf 87' lang='lat' dir='ltr'><strong>ea,</strong></span> <span class='ocrx_word' id='word_1_203' title='bbox 2494 1582 2612 1638; x_wconf 89' lang='lat' dir='ltr'><strong>sine</strong></span> <span class='ocrx_word' id='word_1_204' title='bbox 2655 1586 2849 1650; x_wconf 82' lang='lat' dir='ltr'><strong>quibus</strong></span> <span class='ocrx_word' id='word_1_205' title='bbox 2899 1589 3076 1645; x_wconf 87' lang='lat' dir='ltr'><strong>nullus</strong></span> <span class='ocrx_word' id='word_1_206' title='bbox 3135 1602 3310 1661; x_wconf 88' lang='lat' dir='ltr'><strong>potest</strong></span> <span class='ocrx_word' id='word_1_207' title='bbox 3343 1609 3463 1650; x_wconf 89' lang='lat' dir='ltr'><strong>esse</strong></span> 
     </span>
    </p>
   </div>
   <div class='ocr_carea' id='block_1_29' title="bbox 190 1651 2757 1741">
    <p class='ocr_par' dir='ltr' id='par_1_29' title="bbox 190 1651 2757 1741">
     <span class='ocr_line' id='line_1_29' title="bbox 190 1651 2757 1741; baseline 0.009 -34"><span class='ocrx_word' id='word_1_208' title='bbox 190 1653 553 1716; x_wconf 85' lang='lat' dir='ltr'><strong>Christianus,</strong></span> <span class='ocrx_word' id='word_1_209' title='bbox 585 1654 656 1706; x_wconf 93' lang='lat' dir='ltr'><strong>iis</strong></span> <span class='ocrx_word' id='word_1_210' title='bbox 691 1651 904 1704; x_wconf 92' lang='lat' dir='ltr'><strong>utiliora</strong></span> <span class='ocrx_word' id='word_1_211' title='bbox 937 1660 1083 1714; x_wconf 92' lang='lat' dir='ltr'><strong>sunt,</strong></span> <span class='ocrx_word' id='word_1_212' title='bbox 1113 1667 1236 1718; x_wconf 66' lang='lat' dir='ltr'><strong>quire</strong></span> <span class='ocrx_word' id='word_1_213' title='bbox 1288 1668 1314 1706; x_wconf 86' lang='lat' dir='ltr'><strong>a</strong></span> <span class='ocrx_word' id='word_1_214' title='bbox 1360 1655 1547 1720; x_wconf 84' lang='lat' dir='ltr'><strong>paucis</strong></span> <span class='ocrx_word' id='word_1_215' title='bbox 1579 1655 1845 1712; x_wconf 74' lang='lat' dir='ltr'><strong>duntaxat</strong></span> <span class='ocrx_word' id='word_1_216' title='bbox 1874 1661 2064 1732; x_wconf 83' lang='lat' dir='ltr'><strong>attingi</strong></span> <span class='ocrx_word' id='word_1_217' title='bbox 2093 1677 2255 1735; x_wconf 87' lang='lat' dir='ltr'><strong>atque</strong></span> <span class='ocrx_word' id='word_1_218' title='bbox 2281 1672 2483 1740; x_wconf 89' lang='lat' dir='ltr'><strong>percipi</strong></span> <span class='ocrx_word' id='word_1_219' title='bbox 2514 1667 2757 1741; x_wconf 84' lang='lat' dir='ltr'><strong>possunt.</strong></span> 
     </span>
    </p>
   </div>
   <div class='ocr_carea' id='block_1_30' title="bbox 254 1743 1763 1849">
    <p class='ocr_par' dir='ltr' id='par_1_30' title="bbox 254 1743 1758 1818">
     <span class='ocr_line' id='line_1_30' title="bbox 254 1743 1758 1818; baseline 0.001 -20"><span class='ocrx_word' id='word_1_220' title='bbox 254 1747 378 1798; x_wconf 66' lang='lat' dir='ltr'><strong>KA&#39;.</strong></span> <span class='ocrx_word' id='word_1_221' title='bbox 434 1745 495 1797; x_wconf 80' lang='grc' dir='ltr'><strong>Ὀ</strong></span> <span class='ocrx_word' id='word_1_222' title='bbox 535 1744 642 1813; x_wconf 85' lang='grc' dir='ltr'><strong>μέν</strong></span> <span class='ocrx_word' id='word_1_223' title='bbox 684 1760 768 1806; x_wconf 89' lang='grc' dir='ltr'><strong>τις</strong></span> <span class='ocrx_word' id='word_1_224' title='bbox 817 1743 1039 1796; x_wconf 85' lang='grc' dir='ltr'>πλουτεῖ</span> <span class='ocrx_word' id='word_1_225' title='bbox 1089 1743 1312 1815; x_wconf 77' lang='grc' dir='ltr'>θεωρίᾳ,</span> <span class='ocrx_word' id='word_1_226' title='bbox 1369 1747 1463 1799; x_wconf 75' lang='grc' dir='ltr'><strong>καὶ</strong></span> <span class='ocrx_word' id='word_1_227' title='bbox 1494 1747 1633 1818; x_wconf 83' lang='grc' dir='ltr'>ὑπὲρ</span> <span class='ocrx_word' id='word_1_228' title='bbox 1661 1749 1758 1818; x_wconf 73' lang='grc' dir='ltr'><strong>τοὺ</strong></span> 
     </span>
    </p>
   </div>
   <div class='ocr_carea' id='block_1_31' title="bbox 1873 1743 3461 1849">
    <p class='ocr_par' dir='ltr' id='par_1_31' title="bbox 1929 1753 3461 1849">
     <span class='ocr_line' id='line_1_31' title="bbox 1929 1753 3461 1849; baseline 0.018 -43"><span class='ocrx_word' id='word_1_229' title='bbox 1929 1753 2155 1849; x_wconf 41' lang='grc' dir='ltr'><strong>*ΧΧΙἏ</strong></span> <span class='ocrx_word' id='word_1_230' title='bbox 2197 1757 2487 1817; x_wconf 83' lang='lat' dir='ltr'><strong>Enimvero</strong></span> <span class='ocrx_word' id='word_1_231' title='bbox 2536 1763 2674 1820; x_wconf 89' lang='lat' dir='ltr'><strong>alius</strong></span> <span class='ocrx_word' id='word_1_232' title='bbox 2733 1771 3205 1840; x_wconf 85' lang='lat' dir='ltr'><strong>contemplationis</strong></span> <span class='ocrx_word' id='word_1_233' title='bbox 3266 1779 3461 1849; x_wconf 86' lang='lat' dir='ltr'><strong>opibus</strong></span> 
     </span>
    </p>
   </div>
   <div class='ocr_carea' id='block_1_32' title="bbox 192 1836 1782 1910">
    <p class='ocr_par' dir='ltr' id='par_1_32' title="bbox 192 1836 1782 1910">
     <span class='ocr_line' id='line_1_32' title="bbox 192 1836 1782 1910; baseline 0.004 -22"><span class='ocrx_word' id='word_1_234' title='bbox 192 1837 406 1900; x_wconf 73' lang='grc' dir='ltr'>πολλοὺς</span> <span class='ocrx_word' id='word_1_235' title='bbox 435 1837 680 1907; x_wconf 73' lang='grc' dir='ltr'>αἴρεται,</span> <span class='ocrx_word' id='word_1_236' title='bbox 722 1836 817 1888; x_wconf 71' lang='grc' dir='ltr'>καὶ</span> <span class='ocrx_word' id='word_1_237' title='bbox 852 1837 1194 1906; x_wconf 80' lang='grc' dir='ltr'>πνευματικὰ</span> <span class='ocrx_word' id='word_1_238' title='bbox 1232 1839 1508 1908; x_wconf 78' lang='grc' dir='ltr'>συγκρίνει</span> <span class='ocrx_word' id='word_1_239' title='bbox 1547 1857 1782 1910; x_wconf 84' lang='grc' dir='ltr'>πνευμα-</span> 
     </span>
    </p>
   </div>
   <div class='ocr_carea' id='block_1_33' title="bbox 191 1928 1778 1999">
    <p class='ocr_par' dir='ltr' id='par_1_33' title="bbox 191 1928 1778 1999">
     <span class='ocr_line' id='line_1_33' title="bbox 191 1928 1778 1999; baseline 0.003 -17"><span class='ocrx_word' id='word_1_240' title='bbox 191 1932 369 1991; x_wconf 83' lang='grc' dir='ltr'>τικοῖς,</span> <span class='ocrx_word' id='word_1_241' title='bbox 415 1930 514 1982; x_wconf 76' lang='grc' dir='ltr'>καὶ</span> <span class='ocrx_word' id='word_1_242' title='bbox 567 1929 954 1998; x_wconf 66' lang='grc' dir='ltr'>ἀπογράφεται</span> <span class='ocrx_word' id='word_1_243' title='bbox 988 1928 1224 1997; x_wconf 83' lang='grc' dir='ltr'>τρισσῶς</span> <span class='ocrx_word' id='word_1_244' title='bbox 1256 1929 1390 1999; x_wconf 73' lang='grc'>(50),</span> <span class='ocrx_word' id='word_1_245' title='bbox 1431 1931 1523 1983; x_wconf 74' lang='grc' dir='ltr'>ἐπὶ</span> <span class='ocrx_word' id='word_1_246' title='bbox 1555 1932 1616 1984; x_wconf 84' lang='grc' dir='ltr'><strong>τὸ</strong></span> <span class='ocrx_word' id='word_1_247' title='bbox 1642 1933 1778 1986; x_wconf 71' lang='grc' dir='ltr'><strong>σπλά⁴</strong></span> 
     </span>
    </p>
   </div>
   <div class='ocr_carea' id='block_1_34' title="bbox 187 2019 1779 2093">
    <p class='ocr_par' dir='ltr' id='par_1_34' title="bbox 187 2019 1779 2093">
     <span class='ocr_line' id='line_1_34' title="bbox 187 2019 1779 2093; baseline 0.003 -21"><span class='ocrx_word' id='word_1_248' title='bbox 187 2038 270 2081; x_wconf 79' lang='grc' dir='ltr'><strong>τος</strong></span> <span class='ocrx_word' id='word_1_249' title='bbox 291 2021 391 2088; x_wconf 76' lang='grc' dir='ltr'><strong>τῆς</strong></span> <span class='ocrx_word' id='word_1_250' title='bbox 422 2021 666 2093; x_wconf 82' lang='grc' dir='ltr'>καρδίας</span> <span class='ocrx_word' id='word_1_251' title='bbox 716 2019 850 2086; x_wconf 79' lang='grc'><strong>(51),</strong></span> <span class='ocrx_word' id='word_1_252' title='bbox 887 2019 978 2072; x_wconf 82' lang='grc' dir='ltr'><strong>τὸν</strong></span> <span class='ocrx_word' id='word_1_253' title='bbox 1007 2019 1216 2082; x_wconf 81' lang='grc' dir='ltr'>πάντας</span> <span class='ocrx_word' id='word_1_254' title='bbox 1267 2021 1652 2091; x_wconf 79' lang='grc' dir='ltr'>οἰκοδομοῦντα</span> <span class='ocrx_word' id='word_1_255' title='bbox 1692 2024 1779 2076; x_wconf 80' lang='grc' dir='ltr'><strong>λό-</strong></span> 
     </span>
    </p>
   </div>
   <div class='ocr_carea' id='block_1_35' title="bbox 190 2090 1772 2186">
    <p class='ocr_par' dir='ltr' id='par_1_35' title="bbox 190 2090 1772 2186">
     <span class='ocr_line' id='line_1_35' title="bbox 190 2090 1772 2186; baseline 0.003 -22"><span class='ocrx_word' id='word_1_256' title='bbox 190 2129 298 2179; x_wconf 79' lang='grc' dir='ltr'>γον,</span> <span class='ocrx_word' id='word_1_257' title='bbox 323 2111 418 2163; x_wconf 80' lang='grc' dir='ltr'><strong>καὶ</strong></span> <span class='ocrx_word' id='word_1_258' title='bbox 451 2090 557 2164; x_wconf 63' lang='grc' dir='ltr'><strong>τὸν</strong></span> <span class='ocrx_word' id='word_1_259' title='bbox 579 2109 832 2174; x_wconf 79' lang='grc' dir='ltr'>πολλοὺς,</span> <span class='ocrx_word' id='word_1_260' title='bbox 874 2111 966 2162; x_wconf 77' lang='grc' dir='ltr'><strong>καὶ</strong></span> <span class='ocrx_word' id='word_1_261' title='bbox 995 2111 1084 2164; x_wconf 84' lang='grc' dir='ltr'><strong>τὸν</strong></span> <span class='ocrx_word' id='word_1_262' title='bbox 1118 2111 1270 2175; x_wconf 83' lang='grc' dir='ltr'>τινὰς</span> <span class='ocrx_word' id='word_1_263' title='bbox 1297 2113 1416 2165; x_wconf 75' lang='grc' dir='ltr'>ἀντὶ</span> <span class='ocrx_word' id='word_1_264' title='bbox 1448 2114 1708 2168; x_wconf 82' lang='grc' dir='ltr'>πλειόνων</span> <span class='ocrx_word' id='word_1_265' title='bbox 1741 2117 1772 2186; x_wconf 87' lang='grc' dir='ltr'>ἢ</span> 
     </span>
    </p>
   </div>
   <div class='ocr_carea' id='block_1_36' title="bbox 188 2202 1796 2277">
    <p class='ocr_par' dir='ltr' id='par_1_36' title="bbox 188 2202 1796 2277">
     <span class='ocr_line' id='line_1_36' title="bbox 188 2202 1796 2277; baseline 0.003 -21"><span class='ocrx_word' id='word_1_266' title='bbox 188 2205 417 2266; x_wconf 72' lang='grc' dir='ltr'>πάντων,</span> <span class='ocrx_word' id='word_1_267' title='bbox 459 2203 557 2256; x_wconf 73' lang='grc' dir='ltr'><strong>καὶ</strong></span> <span class='ocrx_word' id='word_1_268' title='bbox 586 2204 690 2256; x_wconf 79' lang='grc' dir='ltr'><strong>οὐκ</strong></span> <span class='ocrx_word' id='word_1_269' title='bbox 718 2202 970 2272; x_wconf 83' lang='grc' dir='ltr'>ἀνέχεται</span> <span class='ocrx_word' id='word_1_270' title='bbox 1001 2204 1169 2273; x_wconf 85' lang='grc' dir='ltr'>πένης</span> <span class='ocrx_word' id='word_1_271' title='bbox 1203 2202 1297 2269; x_wconf 82' lang='grc' dir='ltr'><strong>ὢν,</strong></span> <span class='ocrx_word' id='word_1_272' title='bbox 1337 2208 1431 2259; x_wconf 71' lang='grc' dir='ltr'><strong>καὶ</strong></span> <span class='ocrx_word' id='word_1_273' title='bbox 1464 2205 1574 2276; x_wconf 75' lang='grc'>(52)</span> <span class='ocrx_word' id='word_1_274' title='bbox 1603 2208 1796 2277; x_wconf 77' lang='grc' dir='ltr'><strong>ὲμϐα-·</strong></span> 
     </span>
    </p>
   </div>
   <div class='ocr_carea' id='block_1_37' title="bbox 187 2295 1774 2367">
    <p class='ocr_par' dir='ltr' id='par_1_37' title="bbox 187 2295 1774 2367">
     <span class='ocr_line' id='line_1_37' title="bbox 187 2295 1774 2367; baseline 0.003 -19"><span class='ocrx_word' id='word_1_275' title='bbox 187 2295 323 2348; x_wconf 75' lang='grc' dir='ltr'>τεὺει</span> <span class='ocrx_word' id='word_1_276' title='bbox 349 2299 465 2358; x_wconf 83' lang='grc' dir='ltr'>τοῖς</span> <span class='ocrx_word' id='word_1_277' title='bbox 491 2295 738 2365; x_wconf 78' lang='grc' dir='ltr'>βάθεσιν.</span> <span class='ocrx_word' id='word_1_278' title='bbox 771 2295 982 2358; x_wconf 77' lang='grc' dir='ltr'><strong>⁹Λνίτω,</strong></span> <span class='ocrx_word' id='word_1_279' title='bbox 1025 2297 1120 2348; x_wconf 73' lang='grc' dir='ltr'><strong>καὶ</strong></span> <span class='ocrx_word' id='word_1_280' title='bbox 1175 2297 1491 2367; x_wconf 81' lang='grc' dir='ltr'>ὀδηγείσθω,</span> <span class='ocrx_word' id='word_1_281' title='bbox 1521 2299 1613 2351; x_wconf 62' lang='grc' dir='ltr'><strong>καὶ¹</strong></span> <span class='ocrx_word' id='word_1_282' title='bbox 1671 2298 1774 2352; x_wconf 81' lang='grc' dir='ltr'><strong>ὑπὸ</strong></span> 
     </span>
    </p>
   </div>
   <div class='ocr_carea' id='block_1_38' title="bbox 184 2386 1771 2462">
    <p class='ocr_par' dir='ltr' id='par_1_38' title="bbox 184 2386 1771 2462">
     <span class='ocr_line' id='line_1_38' title="bbox 184 2386 1771 2462; baseline 0.003 -22"><span class='ocrx_word' id='word_1_283' title='bbox 184 2388 271 2440; x_wconf 75' lang='grc' dir='ltr'>τοῦ</span> <span class='ocrx_word' id='word_1_284' title='bbox 303 2389 394 2441; x_wconf 82' lang='grc' dir='ltr'>νοῦ</span> <span class='ocrx_word' id='word_1_285' title='bbox 451 2387 729 2459; x_wconf 66' lang='grc' dir='ltr'>φερέσθω,</span> <span class='ocrx_word' id='word_1_286' title='bbox 761 2388 876 2447; x_wconf 69' lang='grc' dir='ltr'>καὶ,</span> <span class='ocrx_word' id='word_1_287' title='bbox 923 2389 971 2439; x_wconf 86' lang='grc' dir='ltr'>εἰ</span> <span class='ocrx_word' id='word_1_288' title='bbox 1002 2386 1268 2456; x_wconf 78' lang='grc' dir='ltr'>βούλεται,</span> <span class='ocrx_word' id='word_1_289' title='bbox 1307 2390 1497 2459; x_wconf 82' lang='grc' dir='ltr'>μέχρις</span> <span class='ocrx_word' id='word_1_290' title='bbox 1543 2389 1771 2462; x_wconf 79' lang='grc' dir='ltr'>οὐρανοῦ</span> 
     </span>
    </p>
   </div>
   <div class='ocr_carea' id='block_1_39' title="bbox 186 2479 1772 2554">
    <p class='ocr_par' dir='ltr' id='par_1_39' title="bbox 186 2479 1772 2554">
     <span class='ocr_line' id='line_1_39' title="bbox 186 2479 1772 2554; baseline 0.003 -20"><span class='ocrx_word' id='word_1_291' title='bbox 186 2481 382 2552; x_wconf 77' lang='grc' dir='ltr'>τρίτου,</span> <span class='ocrx_word' id='word_1_292' title='bbox 413 2482 558 2535; x_wconf 82' lang='grc' dir='ltr'><strong>κατὰ</strong></span> <span class='ocrx_word' id='word_1_293' title='bbox 587 2481 682 2534; x_wconf 78' lang='grc' dir='ltr'>τὸν</span> <span class='ocrx_word' id='word_1_294' title='bbox 719 2479 932 2534; x_wconf 77' lang='grc' dir='ltr'>Παῦλον</span> <span class='ocrx_word' id='word_1_295' title='bbox 952 2496 966 2508; x_wconf 81' lang='grc'><strong><em>⁸</em></strong></span> <span class='ocrx_word' id='word_1_296' title='bbox 1018 2481 1176 2551; x_wconf 88' lang='grc' dir='ltr'>μόνον</span> <span class='ocrx_word' id='word_1_297' title='bbox 1213 2483 1308 2535; x_wconf 72' lang='grc' dir='ltr'><strong>σὺν</strong></span> <span class='ocrx_word' id='word_1_298' title='bbox 1356 2483 1498 2554; x_wconf 82' lang='grc' dir='ltr'>λόγῳ</span> <span class='ocrx_word' id='word_1_299' title='bbox 1529 2485 1622 2537; x_wconf 76' lang='grc' dir='ltr'>καὶ</span> <span class='ocrx_word' id='word_1_300' title='bbox 1653 2486 1772 2538; x_wconf 80' lang='grc' dir='ltr'>ἐπι-</span> 
     </span>
    </p>
   </div>
   <div class='ocr_carea' id='block_1_40' title="bbox 186 2570 1770 2646">
    <p class='ocr_par' dir='ltr' id='par_1_40' title="bbox 186 2570 1770 2646">
     <span class='ocr_line' id='line_1_40' title="bbox 186 2570 1770 2646; baseline 0.003 -22"><span class='ocrx_word' id='word_1_301' title='bbox 186 2573 382 2644; x_wconf 71' lang='grc' dir='ltr'>στήμῃ,</span> <span class='ocrx_word' id='word_1_302' title='bbox 422 2571 522 2626; x_wconf 72' lang='grc' dir='ltr'><strong>καὶ</strong></span> <span class='ocrx_word' id='word_1_303' title='bbox 585 2573 660 2644; x_wconf 83' lang='grc' dir='ltr'><strong>μὴ</strong></span> <span class='ocrx_word' id='word_1_304' title='bbox 699 2572 1088 2626; x_wconf 86' lang='grc' dir='ltr'>καταπιπτέτω</span> <span class='ocrx_word' id='word_1_305' title='bbox 1113 2573 1200 2626; x_wconf 82' lang='grc' dir='ltr'>διὰ</span> <span class='ocrx_word' id='word_1_306' title='bbox 1231 2570 1329 2644; x_wconf 82' lang='grc' dir='ltr'><strong>τὴν</strong></span> <span class='ocrx_word' id='word_1_307' title='bbox 1355 2573 1603 2645; x_wconf 75' lang='grc' dir='ltr'>ἔπαρσιν,</span> <span class='ocrx_word' id='word_1_308' title='bbox 1635 2575 1770 2646; x_wconf 77' lang='grc' dir='ltr'>μηδὲ</span> 
     </span>
    </p>
   </div>
   <div class='ocr_carea' id='block_1_41' title="bbox 186 2662 1768 2736">
    <p class='ocr_par' dir='ltr' id='par_1_41' title="bbox 186 2662 1768 2736">
     <span class='ocr_line' id='line_1_41' title="bbox 186 2662 1768 2736; baseline 0.002 -20"><span class='ocrx_word' id='word_1_309' title='bbox 186 2664 599 2736; x_wconf 77' lang='grc' dir='ltr'>πτερορρυείτω</span> <span class='ocrx_word' id='word_1_310' title='bbox 634 2662 725 2716; x_wconf 73' lang='grc' dir='ltr'>διὰ</span> <span class='ocrx_word' id='word_1_311' title='bbox 771 2663 830 2716; x_wconf 86' lang='grc' dir='ltr'><strong>τὸ</strong></span> <span class='ocrx_word' id='word_1_312' title='bbox 853 2663 984 2733; x_wconf 71' lang='grc' dir='ltr'>ὕψος</span> <span class='ocrx_word' id='word_1_313' title='bbox 1022 2665 1120 2734; x_wconf 76' lang='grc' dir='ltr'>τῆς</span> <span class='ocrx_word' id='word_1_314' title='bbox 1151 2666 1420 2735; x_wconf 78' lang='grc' dir='ltr'>πτήσεως.</span> <span class='ocrx_word' id='word_1_315' title='bbox 1457 2665 1552 2728; x_wconf 91' lang='grc' dir='ltr'><strong>Τίς</strong></span> <span class='ocrx_word' id='word_1_316' title='bbox 1578 2666 1768 2732; x_wconf 81' lang='grc' dir='ltr'>φθόνος</span> 
     </span>
    </p>
   </div>
   <div class='ocr_carea' id='block_1_42' title="bbox 183 2753 1764 2826">
    <p class='ocr_par' dir='ltr' id='par_1_42' title="bbox 183 2753 1764 2826">
     <span class='ocr_line' id='line_1_42' title="bbox 183 2753 1764 2826; baseline 0.002 -19"><span class='ocrx_word' id='word_1_317' title='bbox 183 2756 465 2826; x_wconf 79' lang='grc' dir='ltr'>ὲπαινετῆς</span> <span class='ocrx_word' id='word_1_318' title='bbox 517 2754 868 2819; x_wconf 73' lang='grc' dir='ltr'>ἀναδάσεωςς</span> <span class='ocrx_word' id='word_1_319' title='bbox 914 2756 1024 2807; x_wconf 81' lang='grc' dir='ltr'>Καὶ</span> <span class='ocrx_word' id='word_1_320' title='bbox 1069 2756 1120 2808; x_wconf 88' lang='grc' dir='ltr'><strong>τί</strong></span> <span class='ocrx_word' id='word_1_321' title='bbox 1148 2758 1347 2826; x_wconf 77' lang='grc' dir='ltr'>πτῶμα</span> <span class='ocrx_word' id='word_1_322' title='bbox 1396 2757 1626 2821; x_wconf 82' lang='grc' dir='ltr'>τοιοῦτο,</span> <span class='ocrx_word' id='word_1_323' title='bbox 1657 2753 1764 2812; x_wconf 78' lang='grc' dir='ltr'>οἷον</span> 
     </span>
    </p>
   </div>
   <div class='ocr_carea' id='block_1_43' title="bbox 184 2847 1763 2920">
    <p class='ocr_par' dir='ltr' id='par_1_43' title="bbox 184 2847 1763 2920">
     <span class='ocr_line' id='line_1_43' title="bbox 184 2847 1763 2920; baseline 0.003 -21"><span class='ocrx_word' id='word_1_324' title='bbox 184 2849 401 2920; x_wconf 80' lang='grc' dir='ltr'>ἐπάρσει</span> <span class='ocrx_word' id='word_1_325' title='bbox 424 2847 804 2919; x_wconf 83' lang='grc' dir='ltr'>περιπαρῆναι</span> <span class='ocrx_word' id='word_1_326' title='bbox 831 2848 962 2916; x_wconf 76' lang='grc'><strong>(55),</strong></span> <span class='ocrx_word' id='word_1_327' title='bbox 995 2849 1086 2900; x_wconf 70' lang='grc' dir='ltr'><strong>καὶ</strong></span> <span class='ocrx_word' id='word_1_328' title='bbox 1115 2848 1188 2918; x_wconf 81' lang='grc' dir='ltr'>μὴ</span> <span class='ocrx_word' id='word_1_329' title='bbox 1206 2849 1407 2916; x_wconf 85' lang='grc' dir='ltr'>γνῶναι</span> <span class='ocrx_word' id='word_1_330' title='bbox 1437 2849 1536 2919; x_wconf 85' lang='grc' dir='ltr'>τῆς</span> <span class='ocrx_word' id='word_1_331' title='bbox 1558 2850 1763 2920; x_wconf 83' lang='grc' dir='ltr'><strong>ἀνθρω⁶</strong></span> 
     </span>
    </p>
   </div>
   <div class='ocr_carea' id='block_1_44' title="bbox 184 2937 1762 3010">
    <p class='ocr_par' dir='ltr' id='par_1_44' title="bbox 184 2937 1762 3010">
     <span class='ocr_line' id='line_1_44' title="bbox 184 2937 1762 3010; baseline 0.001 -18"><span class='ocrx_word' id='word_1_332' title='bbox 184 2942 336 3010; x_wconf 80' lang='grc' dir='ltr'>πίνης</span> <span class='ocrx_word' id='word_1_333' title='bbox 365 2939 713 3002; x_wconf 77' lang='grc' dir='ltr'>ἀνανεύσεως</span> <span class='ocrx_word' id='word_1_334' title='bbox 743 2937 850 3008; x_wconf 60' lang='grc'><strong>(54)</strong></span> <span class='ocrx_word' id='word_1_335' title='bbox 876 2939 973 3008; x_wconf 83' lang='grc' dir='ltr'><strong>τὴν</strong></span> <span class='ocrx_word' id='word_1_336' title='bbox 1016 2940 1365 2998; x_wconf 82' lang='grc' dir='ltr'>ταπείνωσιν,</span> <span class='ocrx_word' id='word_1_337' title='bbox 1412 2942 1504 2993; x_wconf 71' lang='grc' dir='ltr'><strong>καὶ</strong></span> <span class='ocrx_word' id='word_1_338' title='bbox 1532 2942 1655 2993; x_wconf 80' lang='grc' dir='ltr'>ὅσον</span> <span class='ocrx_word' id='word_1_339' title='bbox 1683 2941 1762 2993; x_wconf 75' lang='grc' dir='ltr'>ἔτι</span> 
     </span>
    </p>
   </div>
   <div class='ocr_carea' id='block_1_45' title="bbox 181 3029 1761 3100">
    <p class='ocr_par' dir='ltr' id='par_1_45' title="bbox 181 3029 1761 3100">
     <span class='ocr_line' id='line_1_45' title="bbox 181 3029 1761 3100; baseline 0.002 -17"><span class='ocrx_word' id='word_1_340' title='bbox 181 3033 418 3086; x_wconf 83' lang='grc' dir='ltr'>λείπεται</span> <span class='ocrx_word' id='word_1_341' title='bbox 498 3031 595 3084; x_wconf 80' lang='grc' dir='ltr'>τοῦ</span> <span class='ocrx_word' id='word_1_342' title='bbox 657 3029 909 3100; x_wconf 74' lang='grc' dir='ltr'>ἀληθινοῦ</span> <span class='ocrx_word' id='word_1_343' title='bbox 972 3029 1139 3098; x_wconf 71' lang='grc' dir='ltr'>ὕψους</span> <span class='ocrx_word' id='word_1_344' title='bbox 1197 3033 1224 3082; x_wconf 80' lang='grc' dir='ltr'><em>ὁ</em></span> <span class='ocrx_word' id='word_1_345' title='bbox 1283 3031 1499 3084; x_wconf 77' lang='grc' dir='ltr'>πάντων</span> <span class='ocrx_word' id='word_1_346' title='bbox 1553 3031 1761 3087; x_wconf 83' lang='grc' dir='ltr'>ἀνώτα-</span> 
     </span>
    </p>
   </div>
   <div class='ocr_carea' id='block_1_46' title="bbox 182 3139 297 3188">
    <p class='ocr_par' dir='ltr' id='par_1_46' title="bbox 182 3139 297 3188">
     <span class='ocr_line' id='line_1_46' title="bbox 182 3139 297 3188; baseline 0.017 -2"><span class='ocrx_word' id='word_1_347' title='bbox 182 3139 297 3188; x_wconf 83' lang='grc' dir='ltr'><strong>τος;</strong></span> 
     </span>
    </p>
   </div>
   <div class='ocr_carea' id='block_1_47' title="bbox 1891 1839 3458 1932">
    <p class='ocr_par' dir='ltr' id='par_1_47' title="bbox 1891 1839 3458 1932">
     <span class='ocr_line' id='line_1_47' title="bbox 1891 1839 3458 1932; baseline 0.02 -40"><span class='ocrx_word' id='word_1_348' title='bbox 1891 1839 2082 1908; x_wconf 82' lang='lat' dir='ltr'><strong>aﬂlnit,</strong></span> <span class='ocrx_word' id='word_1_349' title='bbox 2123 1861 2186 1900; x_wconf 88' lang='lat' dir='ltr'><strong>ac</strong></span> <span class='ocrx_word' id='word_1_350' title='bbox 2232 1863 2397 1917; x_wconf 83' lang='lat' dir='ltr'><strong>supra</strong></span> <span class='ocrx_word' id='word_1_351' title='bbox 2441 1851 2630 1923; x_wconf 74' lang='lat' dir='ltr'><strong>Vulgus</strong></span> <span class='ocrx_word' id='word_1_352' title='bbox 2656 1860 2908 1928; x_wconf 80' lang='lat' dir='ltr'><strong>assurgit,</strong></span> <span class='ocrx_word' id='word_1_353' title='bbox 2935 1839 2988 1914; x_wconf 90' lang='lat' dir='ltr'><strong>et</strong></span> <span class='ocrx_word' id='word_1_354' title='bbox 3012 1839 3318 1932; x_wconf 71' lang='lat' dir='ltr'><strong>spiritualia</strong></span> <span class='ocrx_word' id='word_1_355' title='bbox 3338 1885 3458 1924; x_wconf 90' lang='lat' dir='ltr'><strong>cum</strong></span> 
     </span>
    </p>
   </div>
   <div class='ocr_carea' id='block_1_48' title="bbox 1889 1934 3459 2015">
    <p class='ocr_par' dir='ltr' id='par_1_48' title="bbox 1889 1934 3459 2015">
     <span class='ocr_line' id='line_1_48' title="bbox 1889 1934 3459 2015; baseline 0.017 -30"><span class='ocrx_word' id='word_1_356' title='bbox 1889 1934 2263 2001; x_wconf 77' lang='lat' dir='ltr'><strong>spiritualibns</strong></span> <span class='ocrx_word' id='word_1_357' title='bbox 2301 1953 2598 2009; x_wconf 89' lang='lat' dir='ltr'><strong>comparat,</strong></span> <span class='ocrx_word' id='word_1_358' title='bbox 2647 1935 2808 2015; x_wconf 79' lang='lat' dir='ltr'><strong>atque</strong></span> <span class='ocrx_word' id='word_1_359' title='bbox 2863 1951 2914 2002; x_wconf 93' lang='lat' dir='ltr'><strong>in</strong></span> <span class='ocrx_word' id='word_1_360' title='bbox 2968 1954 3149 2008; x_wconf 88' lang='lat' dir='ltr'><strong>cordis</strong></span> <span class='ocrx_word' id='word_1_361' title='bbox 3179 1954 3459 2013; x_wconf 87' lang='lat' dir='ltr'><strong>latitudine</strong></span> 
     </span>
    </p>
   </div>
   <div class='ocr_carea' id='block_1_49' title="bbox 1891 2025 3454 2116">
    <p class='ocr_par' dir='ltr' id='par_1_49' title="bbox 1891 2025 3454 2116">
     <span class='ocr_line' id='line_1_49' title="bbox 1891 2025 3454 2116; baseline 0.017 -39"><span class='ocrx_word' id='word_1_362' title='bbox 1891 2025 2171 2093; x_wconf 88' lang='lat' dir='ltr'><strong>triplieiter</strong></span> <span class='ocrx_word' id='word_1_363' title='bbox 2199 2029 2457 2087; x_wconf 86' lang='lat' dir='ltr'><strong>describit</strong></span> <span class='ocrx_word' id='word_1_364' title='bbox 2481 2033 2549 2099; x_wconf 70' lang='grc' dir='ltr'><strong>⁸ο,</strong></span> <span class='ocrx_word' id='word_1_365' title='bbox 2585 2036 2862 2104; x_wconf 88' lang='lat' dir='ltr'><strong>nimirum,</strong></span> <span class='ocrx_word' id='word_1_366' title='bbox 2895 2049 2949 2094; x_wconf 88' lang='lat' dir='ltr'><strong>et</strong></span> <span class='ocrx_word' id='word_1_367' title='bbox 2979 2058 3096 2097; x_wconf 89' lang='lat' dir='ltr'><strong>eam</strong></span> <span class='ocrx_word' id='word_1_368' title='bbox 3127 2046 3454 2116; x_wconf 70' lang='lat' dir='ltr'><strong>doctrinam,</strong></span> 
     </span>
    </p>
   </div>
   <div class='ocr_carea' id='block_1_50' title="bbox 1884 2127 3454 2203">
    <p class='ocr_par' dir='ltr' id='par_1_50' title="bbox 1884 2127 3454 2203">
     <span class='ocr_line' id='line_1_50' title="bbox 1884 2127 3454 2203; baseline 0.017 -34"><span class='ocrx_word' id='word_1_369' title='bbox 1884 2131 2004 2186; x_wconf 72' lang='lat' dir='ltr'><strong>quae</strong></span> <span class='ocrx_word' id='word_1_370' title='bbox 2053 2135 2242 2176; x_wconf 89' lang='lat' dir='ltr'><strong>onmes</strong></span> <span class='ocrx_word' id='word_1_371' title='bbox 2291 2127 2545 2192; x_wconf 88' lang='lat' dir='ltr'><strong>instruat,</strong></span> <span class='ocrx_word' id='word_1_372' title='bbox 2575 2136 2630 2180; x_wconf 90' lang='lat' dir='ltr'><strong>et</strong></span> <span class='ocrx_word' id='word_1_373' title='bbox 2687 2144 2804 2183; x_wconf 88' lang='lat' dir='ltr'><strong>eam</strong></span> <span class='ocrx_word' id='word_1_374' title='bbox 2841 2148 2960 2200; x_wconf 70' lang='lat' dir='ltr'><strong>qum</strong></span> <span class='ocrx_word' id='word_1_375' title='bbox 3003 2136 3222 2203; x_wconf 91' lang='lat' dir='ltr'><strong>multos,</strong></span> <span class='ocrx_word' id='word_1_376' title='bbox 3251 2150 3305 2194; x_wconf 89' lang='lat' dir='ltr'><strong>et</strong></span> <span class='ocrx_word' id='word_1_377' title='bbox 3334 2157 3454 2195; x_wconf 90' lang='lat' dir='ltr'><strong>eam</strong></span> 
     </span>
    </p>
   </div>
   <div class='ocr_carea' id='block_1_51' title="bbox 1883 2220 3452 2298">
    <p class='ocr_par' dir='ltr' id='par_1_51' title="bbox 1883 2220 3452 2298">
     <span class='ocr_line' id='line_1_51' title="bbox 1883 2220 3452 2298; baseline 0.018 -38"><span class='ocrx_word' id='word_1_378' title='bbox 1883 2223 2003 2277; x_wconf 73' lang='lat' dir='ltr'><strong>qum.</strong></span> <span class='ocrx_word' id='word_1_379' title='bbox 2038 2227 2142 2266; x_wconf 90' lang='lat' dir='ltr'><strong>non</strong></span> <span class='ocrx_word' id='word_1_380' title='bbox 2183 2229 2393 2283; x_wconf 87' lang='lat' dir='ltr'><strong>omnes,</strong></span> <span class='ocrx_word' id='word_1_381' title='bbox 2425 2233 2523 2272; x_wconf 90' lang='lat' dir='ltr'><strong>nec</strong></span> <span class='ocrx_word' id='word_1_382' title='bbox 2557 2220 2775 2286; x_wconf 79' lang='lat' dir='ltr'><strong>mullos,</strong></span> <span class='ocrx_word' id='word_1_383' title='bbox 2806 2226 2898 2278; x_wconf 87' lang='lat' dir='ltr'><strong>sed</strong></span> <span class='ocrx_word' id='word_1_384' title='bbox 2938 2241 3137 2295; x_wconf 87' lang='lat' dir='ltr'><strong>paucos</strong></span> <span class='ocrx_word' id='word_1_385' title='bbox 3162 2231 3452 2298; x_wconf 79' lang='lat' dir='ltr'><strong>duntaxat;</strong></span> 
     </span>
    </p>
   </div>
   <div class='ocr_carea' id='block_1_52' title="bbox 1883 2309 3454 2381">
    <p class='ocr_par' dir='ltr' id='par_1_52' title="bbox 1883 2309 3454 2381">
     <span class='ocr_line' id='line_1_52' title="bbox 1883 2309 3454 2381; baseline 0.018 -28"><span class='ocrx_word' id='word_1_386' title='bbox 1883 2315 1982 2355; x_wconf 89' lang='lat' dir='ltr'><strong>nec</strong></span> <span class='ocrx_word' id='word_1_387' title='bbox 2019 2318 2222 2372; x_wconf 91' lang='lat' dir='ltr'><strong>pauper</strong></span> <span class='ocrx_word' id='word_1_388' title='bbox 2243 2321 2364 2361; x_wconf 85' lang='lat' dir='ltr'><strong>esse</strong></span> <span class='ocrx_word' id='word_1_389' title='bbox 2385 2309 2634 2375; x_wconf 88' lang='lat' dir='ltr'><strong>sustinet,</strong></span> <span class='ocrx_word' id='word_1_390' title='bbox 2667 2328 2850 2368; x_wconf 81' lang='lat' dir='ltr'><strong>verum</strong></span> <span class='ocrx_word' id='word_1_391' title='bbox 2877 2315 2927 2369; x_wconf 92' lang='lat' dir='ltr'><strong>in</strong></span> <span class='ocrx_word' id='word_1_392' title='bbox 2954 2319 3218 2376; x_wconf 87' lang='lat' dir='ltr'><strong>altissima</strong></span> <span class='ocrx_word' id='word_1_393' title='bbox 3242 2333 3296 2378; x_wconf 89' lang='lat' dir='ltr'><strong>et</strong></span> <span class='ocrx_word' id='word_1_394' title='bbox 3323 2327 3454 2381; x_wconf 56' lang='lat' dir='ltr'><strong>abse</strong></span> 
     </span>
    </p>
   </div>
   <div class='ocr_carea' id='block_1_53' title="bbox 1882 2393 3453 2484">
    <p class='ocr_par' dir='ltr' id='par_1_53' title="bbox 1882 2393 3453 2484">
     <span class='ocr_line' id='line_1_53' title="bbox 1882 2393 3453 2484; baseline 0.019 -40"><span class='ocrx_word' id='word_1_395' title='bbox 1882 2393 2184 2450; x_wconf 85' lang='lat' dir='ltr'><strong>trusissima</strong></span> <span class='ocrx_word' id='word_1_396' title='bbox 2236 2414 2464 2470; x_wconf 59' lang='lat' dir='ltr'><strong>quaeque</strong></span> <span class='ocrx_word' id='word_1_397' title='bbox 2490 2414 2753 2471; x_wconf 85' lang='lat' dir='ltr'><strong>penetrat.</strong></span> <span class='ocrx_word' id='word_1_398' title='bbox 2791 2409 3058 2464; x_wconf 85' lang='lat' dir='ltr'><strong>Ascendat</strong></span> <span class='ocrx_word' id='word_1_399' title='bbox 3088 2427 3212 2470; x_wconf 89' lang='lat' dir='ltr'><strong>vero</strong></span> <span class='ocrx_word' id='word_1_400' title='bbox 3239 2417 3348 2484; x_wconf 87' lang='lat' dir='ltr'><strong>ille,</strong></span> <span class='ocrx_word' id='word_1_401' title='bbox 3390 2437 3453 2474; x_wconf 88' lang='lat' dir='ltr'><strong>ac</strong></span> 
     </span>
    </p>
   </div>
   <div class='ocr_carea' id='block_1_54' title="bbox 1883 2484 3451 2573">
    <p class='ocr_par' dir='ltr' id='par_1_54' title="bbox 1883 2484 3451 2573">
     <span class='ocr_line' id='line_1_54' title="bbox 1883 2484 3451 2573; baseline 0.02 -38"><span class='ocrx_word' id='word_1_402' title='bbox 1883 2484 1979 2538; x_wconf 75' lang='lat' dir='ltr'><strong>vite</strong></span> <span class='ocrx_word' id='word_1_403' title='bbox 2013 2487 2202 2542; x_wconf 89' lang='lat' dir='ltr'><strong>ducem</strong></span> <span class='ocrx_word' id='word_1_404' title='bbox 2250 2505 2310 2544; x_wconf 88' lang='lat' dir='ltr'><strong>se</strong></span> <span class='ocrx_word' id='word_1_405' title='bbox 2349 2492 2605 2562; x_wconf 73' lang='lat' dir='ltr'><strong>prmbeat,</strong></span> <span class='ocrx_word' id='word_1_406' title='bbox 2645 2507 2806 2565; x_wconf 85' lang='lat' dir='ltr'><strong>atque</strong></span> <span class='ocrx_word' id='word_1_407' title='bbox 2836 2515 2865 2553; x_wconf 91' lang='lat' dir='ltr'><strong>a</strong></span> <span class='ocrx_word' id='word_1_408' title='bbox 2907 2513 3088 2559; x_wconf 88' lang='lat' dir='ltr'><strong>mente</strong></span> <span class='ocrx_word' id='word_1_409' title='bbox 3115 2505 3337 2573; x_wconf 81' lang='lat' dir='ltr'><strong>feratur,</strong></span> <span class='ocrx_word' id='word_1_410' title='bbox 3369 2513 3451 2566; x_wconf 85' lang='lat' dir='ltr'><strong>vel</strong></span> 
     </span>
    </p>
   </div>
   <div class='ocr_carea' id='block_1_55' title="bbox 1879 2579 3452 2668">
    <p class='ocr_par' dir='ltr' id='par_1_55' title="bbox 1879 2579 3452 2668">
     <span class='ocr_line' id='line_1_55' title="bbox 1879 2579 3452 2668; baseline 0.018 -37"><span class='ocrx_word' id='word_1_411' title='bbox 1879 2579 1945 2632; x_wconf 85' lang='lat' dir='ltr'><strong>ad</strong></span> <span class='ocrx_word' id='word_1_412' title='bbox 1981 2581 2197 2635; x_wconf 85' lang='lat' dir='ltr'><strong>tertium</strong></span> <span class='ocrx_word' id='word_1_413' title='bbox 2245 2599 2416 2655; x_wconf 86' lang='lat' dir='ltr'><strong>usque</strong></span> <span class='ocrx_word' id='word_1_414' title='bbox 2451 2589 2671 2653; x_wconf 78' lang='lat' dir='ltr'><strong>cminm,</strong></span> <span class='ocrx_word' id='word_1_415' title='bbox 2702 2591 2746 2644; x_wconf 92' lang='lat' dir='ltr'><strong>si</strong></span> <span class='ocrx_word' id='word_1_416' title='bbox 2785 2593 2856 2647; x_wconf 88' lang='lat' dir='ltr'><strong>ita</strong></span> <span class='ocrx_word' id='word_1_417' title='bbox 2891 2594 3073 2660; x_wconf 88' lang='lat' dir='ltr'><strong>libeat,</strong></span> <span class='ocrx_word' id='word_1_418' title='bbox 3102 2604 3452 2668; x_wconf 85' lang='lat' dir='ltr'><strong>quemadmo-</strong></span> 
     </span>
    </p>
   </div>
   <div class='ocr_carea' id='block_1_56' title="bbox 1881 2671 3451 2751">
    <p class='ocr_par' dir='ltr' id='par_1_56' title="bbox 1881 2671 3451 2751">
     <span class='ocr_line' id='line_1_56' title="bbox 1881 2671 3451 2751; baseline 0.017 -28"><span class='ocrx_word' id='word_1_419' title='bbox 1881 2672 2005 2724; x_wconf 90' lang='lat' dir='ltr'><strong>dum</strong></span> <span class='ocrx_word' id='word_1_420' title='bbox 2057 2671 2222 2729; x_wconf 82' lang='lat' dir='ltr'><strong>Paulo</strong></span> <span class='ocrx_word' id='word_1_421' title='bbox 2277 2679 2894 2749; x_wconf 72' lang='lat' dir='ltr'><strong>contigit“:c:cterum</strong></span> <span class='ocrx_word' id='word_1_422' title='bbox 2953 2703 3076 2743; x_wconf 90' lang='lat' dir='ltr'><strong>cmn</strong></span> <span class='ocrx_word' id='word_1_423' title='bbox 3137 2695 3348 2750; x_wconf 81' lang='lat' dir='ltr'><strong>ratione</strong></span> <span class='ocrx_word' id='word_1_424' title='bbox 3395 2711 3451 2751; x_wconf 86' lang='lat' dir='ltr'><strong>et</strong></span> 
     </span>
    </p>
   </div>
   <div class='ocr_carea' id='block_1_57' title="bbox 1875 2763 3448 2858">
    <p class='ocr_par' dir='ltr' id='par_1_57' title="bbox 1875 2763 3448 2858">
     <span class='ocr_line' id='line_1_57' title="bbox 1875 2763 3448 2858; baseline 0.018 -42"><span class='ocrx_word' id='word_1_425' title='bbox 1875 2763 2120 2833; x_wconf 67' lang='lat' dir='ltr'><strong>scientia,</strong></span> <span class='ocrx_word' id='word_1_426' title='bbox 2168 2782 2236 2820; x_wconf 86' lang='lat' dir='ltr'><strong>ne</strong></span> <span class='ocrx_word' id='word_1_427' title='bbox 2283 2781 2502 2840; x_wconf 89' lang='lat' dir='ltr'><strong>proplcr</strong></span> <span class='ocrx_word' id='word_1_428' title='bbox 2551 2775 2715 2829; x_wconf 85' lang='lat' dir='ltr'><strong>animi</strong></span> <span class='ocrx_word' id='word_1_429' title='bbox 2758 2777 3048 2835; x_wconf 86' lang='lat' dir='ltr'><strong>elationem</strong></span> <span class='ocrx_word' id='word_1_430' title='bbox 3104 2786 3280 2852; x_wconf 86' lang='lat' dir='ltr'><strong>cadat,</strong></span> <span class='ocrx_word' id='word_1_431' title='bbox 3314 2804 3448 2858; x_wconf 54' lang='lat' dir='ltr'><strong>pene</strong></span> 
     </span>
    </p>
   </div>
   <div class='ocr_carea' id='block_1_58' title="bbox 1875 2856 3444 2944">
    <p class='ocr_par' dir='ltr' id='par_1_58' title="bbox 1875 2856 3444 2944">
     <span class='ocr_line' id='line_1_58' title="bbox 1875 2856 3444 2944; baseline 0.017 -36"><span class='ocrx_word' id='word_1_432' title='bbox 1875 2856 2066 2925; x_wconf 82' lang='lat' dir='ltr'><strong>nisque</strong></span> <span class='ocrx_word' id='word_1_433' title='bbox 2118 2869 2342 2926; x_wconf 90' lang='lat' dir='ltr'><strong>propter</strong></span> <span class='ocrx_word' id='word_1_434' title='bbox 2398 2864 2606 2918; x_wconf 86' lang='lat' dir='ltr'><strong>volatus</strong></span> <span class='ocrx_word' id='word_1_435' title='bbox 2682 2867 3066 2926; x_wconf 90' lang='lat' dir='ltr'><strong>sublimitatem</strong></span> <span class='ocrx_word' id='word_1_436' title='bbox 3118 2856 3444 2944; x_wconf 80' lang='lat' dir='ltr'><strong>liquefactis.</strong></span> 
     </span>
    </p>
   </div>
   <div class='ocr_carea' id='block_1_59' title="bbox 1874 2947 3442 3024">
    <p class='ocr_par' dir='ltr' id='par_1_59' title="bbox 1874 2947 3442 3024">
     <span class='ocr_line' id='line_1_59' title="bbox 1874 2947 3442 3024; baseline 0.017 -27"><span class='ocrx_word' id='word_1_437' title='bbox 1874 2947 2070 3001; x_wconf 88' lang='lat' dir='ltr'><strong>misere</strong></span> <span class='ocrx_word' id='word_1_438' title='bbox 2099 2961 2339 3003; x_wconf 88' lang='lat' dir='ltr'><strong>corruat.</strong></span> <span class='ocrx_word' id='word_1_439' title='bbox 2379 2952 2514 3017; x_wconf 88' lang='lat' dir='ltr'><strong>Quid</strong></span> <span class='ocrx_word' id='word_1_440' title='bbox 2543 2956 2685 3009; x_wconf 90' lang='lat' dir='ltr'><strong>enim</strong></span> <span class='ocrx_word' id='word_1_441' title='bbox 2717 2963 2785 3012; x_wconf 91' lang='lat' dir='ltr'><strong>ob</strong></span> <span class='ocrx_word' id='word_1_442' title='bbox 2811 2959 3133 3018; x_wconf 85' lang='lat' dir='ltr'><strong>laudabilem</strong></span> <span class='ocrx_word' id='word_1_443' title='bbox 3162 2982 3442 3024; x_wconf 79' lang='lat' dir='ltr'><strong>ascensum</strong></span> 
     </span>
    </p>
   </div>
   <div class='ocr_carea' id='block_1_60' title="bbox 1873 3035 3446 3127">
    <p class='ocr_par' dir='ltr' id='par_1_60' title="bbox 1873 3035 3446 3127">
     <span class='ocr_line' id='line_1_60' title="bbox 1873 3035 3446 3127; baseline 0.017 -39"><span class='ocrx_word' id='word_1_444' title='bbox 1873 3035 2122 3104; x_wconf 73' lang='lat' dir='ltr'><strong>cuiquam</strong></span> <span class='ocrx_word' id='word_1_445' title='bbox 2157 3039 2354 3094; x_wconf 85' lang='lat' dir='ltr'><strong>invidia</strong></span> <span class='ocrx_word' id='word_1_446' title='bbox 2388 3041 2687 3099; x_wconf 85' lang='lat' dir='ltr'><strong>conﬂetur?</strong></span> <span class='ocrx_word' id='word_1_447' title='bbox 2716 3047 2845 3114; x_wconf 58' lang='lat' dir='ltr'><strong>Quae</strong></span> <span class='ocrx_word' id='word_1_448' title='bbox 2874 3065 3058 3108; x_wconf 89' lang='lat' dir='ltr'><strong>rursus</strong></span> <span class='ocrx_word' id='word_1_449' title='bbox 3096 3053 3294 3110; x_wconf 66' lang='lat' dir='ltr'><strong>foedior</strong></span> <span class='ocrx_word' id='word_1_450' title='bbox 3322 3073 3446 3127; x_wconf 60' lang='lat' dir='ltr'><strong>proa</strong></span> 
     </span>
    </p>
   </div>
   <div class='ocr_carea' id='block_1_61' title="bbox 1793 3121 3442 3208">
    <p class='ocr_par' dir='ltr' id='par_1_61' title="bbox 1793 3121 3442 3208">
     <span class='ocr_line' id='line_1_61' title="bbox 1793 3121 3442 3208; baseline 0.018 -32"><span class='ocrx_word' id='word_1_451' title='bbox 1793 3121 1834 3177; x_wconf 89' lang='lat' dir='ltr'><strong><em>C</em></strong></span> <span class='ocrx_word' id='word_1_452' title='bbox 1870 3124 2060 3194; x_wconf 90' lang='lat' dir='ltr'><strong>lapsio,</strong></span> <span class='ocrx_word' id='word_1_453' title='bbox 2093 3142 2252 3196; x_wconf 91' lang='lat' dir='ltr'><strong>quam</strong></span> <span class='ocrx_word' id='word_1_454' title='bbox 2281 3129 2396 3197; x_wconf 84' lang='lat' dir='ltr'><strong>ejus</strong></span> <span class='ocrx_word' id='word_1_455' title='bbox 2423 3133 2677 3200; x_wconf 90' lang='lat' dir='ltr'><strong>hominis,</strong></span> <span class='ocrx_word' id='word_1_456' title='bbox 2704 3139 2794 3208; x_wconf 85' lang='lat' dir='ltr'><strong>qui</strong></span> <span class='ocrx_word' id='word_1_457' title='bbox 2818 3143 2981 3195; x_wconf 91' lang='lat' dir='ltr'><strong>animi</strong></span> <span class='ocrx_word' id='word_1_458' title='bbox 3003 3143 3235 3202; x_wconf 87' lang='lat' dir='ltr'><strong>elatione</strong></span> <span class='ocrx_word' id='word_1_459' title='bbox 3263 3158 3442 3205; x_wconf 51' lang='lat' dir='ltr'><strong>trans‘</strong></span> 
     </span>
    </p>
   </div>
   <div class='ocr_carea' id='block_1_62' title="bbox 185 3213 3441 3306">
    <p class='ocr_par' dir='ltr' id='par_1_62' title="bbox 185 3213 3441 3306">
     <span class='ocr_line' id='line_1_62' title="bbox 185 3213 3441 3306; baseline 0.01 -38"><span class='ocrx_word' id='word_1_460' title='bbox 185 3219 315 3270; x_wconf 67' lang='lat' dir='ltr'><strong>tiaris</strong></span> <span class='ocrx_word' id='word_1_461' title='bbox 361 3224 467 3279; x_wconf 88' lang='lat' dir='ltr'><strong>est,</strong></span> <span class='ocrx_word' id='word_1_462' title='bbox 515 3229 616 3269; x_wconf 91' lang='lat' dir='ltr'><strong>nec</strong></span> <span class='ocrx_word' id='word_1_463' title='bbox 668 3215 918 3268; x_wconf 80' lang='lat' dir='ltr'><strong>lmmanae</strong></span> <span class='ocrx_word' id='word_1_464' title='bbox 969 3213 1186 3276; x_wconf 86' lang='lat' dir='ltr'><strong>mentis,</strong></span> <span class='ocrx_word' id='word_1_465' title='bbox 1237 3227 1356 3282; x_wconf 72' lang='lat' dir='ltr'><strong>quae</strong></span> <span class='ocrx_word' id='word_1_466' title='bbox 1405 3213 1471 3267; x_wconf 87' lang='lat' dir='ltr'><strong>ad</strong></span> <span class='ocrx_word' id='word_1_467' title='bbox 1507 3213 1750 3268; x_wconf 72' lang='lat' dir='ltr'><strong>cmlestia</strong></span> <span class='ocrx_word' id='word_1_468' title='bbox 1791 3215 2042 3292; x_wconf 74' lang='lat' dir='ltr'><strong>erigitur,</strong></span> <span class='ocrx_word' id='word_1_469' title='bbox 2107 3218 2466 3277; x_wconf 87' lang='lat' dir='ltr'><strong>lmmilitatem</strong></span> <span class='ocrx_word' id='word_1_470' title='bbox 2509 3225 2784 3298; x_wconf 84' lang='lat' dir='ltr'><strong>intelligit,</strong></span> <span class='ocrx_word' id='word_1_471' title='bbox 2854 3245 3228 3306; x_wconf 81' lang='lat' dir='ltr'><strong>quantumque</strong></span> <span class='ocrx_word' id='word_1_472' title='bbox 3263 3244 3441 3300; x_wconf 89' lang='lat' dir='ltr'><strong>adhuc</strong></span> 
     </span>
    </p>
   </div>
   <div class='ocr_carea' id='block_1_63' title="bbox 185 3303 2185 3374">
    <p class='ocr_par' dir='ltr' id='par_1_63' title="bbox 185 3303 2185 3374">
     <span class='ocr_line' id='line_1_63' title="bbox 185 3303 2185 3374; baseline 0.002 -15"><span class='ocrx_word' id='word_1_473' title='bbox 185 3323 211 3359; x_wconf 82' lang='lat' dir='ltr'><strong>a</strong></span> <span class='ocrx_word' id='word_1_474' title='bbox 243 3321 367 3360; x_wconf 86' lang='lat' dir='ltr'><strong>vero</strong></span> <span class='ocrx_word' id='word_1_475' title='bbox 413 3305 637 3374; x_wconf 82' lang='lat' dir='ltr'><strong>fastigio</strong></span> <span class='ocrx_word' id='word_1_476' title='bbox 682 3305 842 3368; x_wconf 86' lang='lat' dir='ltr'><strong>absit,</strong></span> <span class='ocrx_word' id='word_1_477' title='bbox 876 3304 965 3373; x_wconf 86' lang='lat' dir='ltr'><strong>qui</strong></span> <span class='ocrx_word' id='word_1_478' title='bbox 1000 3303 1256 3358; x_wconf 87' lang='lat' dir='ltr'><strong>mortales</strong></span> <span class='ocrx_word' id='word_1_479' title='bbox 1289 3319 1475 3359; x_wconf 86' lang='lat' dir='ltr'><strong>omnes</strong></span> <span class='ocrx_word' id='word_1_480' title='bbox 1503 3304 1837 3360; x_wconf 89' lang='lat' dir='ltr'><strong>sublimitate</strong></span> <span class='ocrx_word' id='word_1_481' title='bbox 1867 3303 2185 3364; x_wconf 81' lang='lat' dir='ltr'><strong>aniecedit?</strong></span> 
     </span>
    </p>
   </div>
   <div class='ocr_carea' id='block_1_64' title="bbox 244 3393 1761 3468">
    <p class='ocr_par' dir='ltr' id='par_1_64' title="bbox 244 3393 1761 3468">
     <span class='ocr_line' id='line_1_64' title="bbox 244 3393 1761 3468; baseline 0.001 -20"><span class='ocrx_word' id='word_1_482' title='bbox 244 3398 370 3450; x_wconf 83' lang='lat' dir='ltr'><strong>KE’.</strong></span> <span class='ocrx_word' id='word_1_483' title='bbox 421 3397 480 3450; x_wconf 80' lang='grc' dir='ltr'><strong>Ὀ</strong></span> <span class='ocrx_word' id='word_1_484' title='bbox 523 3395 577 3448; x_wconf 80' lang='grc' dir='ltr'><strong>δὲ</strong></span> <span class='ocrx_word' id='word_1_485' title='bbox 614 3394 794 3462; x_wconf 80' lang='grc' dir='ltr'>ὀλίγος</span> <span class='ocrx_word' id='word_1_486' title='bbox 843 3393 960 3446; x_wconf 79' lang='grc' dir='ltr'>ἐστὶ</span> <span class='ocrx_word' id='word_1_487' title='bbox 989 3393 1083 3463; x_wconf 85' lang='grc' dir='ltr'><strong>τὴν</strong></span> <span class='ocrx_word' id='word_1_488' title='bbox 1123 3394 1378 3458; x_wconf 80' lang='grc' dir='ltr'>διάνοιαν,</span> <span class='ocrx_word' id='word_1_489' title='bbox 1434 3395 1526 3447; x_wconf 71' lang='grc' dir='ltr'><strong>καὶ</strong></span> <span class='ocrx_word' id='word_1_490' title='bbox 1593 3398 1761 3468; x_wconf 81' lang='grc' dir='ltr'>πένης</span> 
     </span>
    </p>
   </div>
   <div class='ocr_carea' id='block_1_65' title="bbox 181 3477 1761 3557">
    <p class='ocr_par' dir='ltr' id='par_1_65' title="bbox 181 3477 1761 3557">
     <span class='ocr_line' id='line_1_65' title="bbox 181 3477 1761 3557; baseline -0.001 -17"><span class='ocrx_word' id='word_1_491' title='bbox 181 3488 270 3557; x_wconf 79' lang='grc' dir='ltr'>τὴν</span> <span class='ocrx_word' id='word_1_492' title='bbox 300 3487 570 3556; x_wconf 87' lang='grc' dir='ltr'>γλῶτταν,</span> <span class='ocrx_word' id='word_1_493' title='bbox 629 3481 722 3536; x_wconf 62' lang='grc' dir='ltr'><strong>καὶ</strong></span> <span class='ocrx_word' id='word_1_494' title='bbox 752 3483 851 3537; x_wconf 75' lang='grc' dir='ltr'><strong>οὐκ</strong></span> <span class='ocrx_word' id='word_1_495' title='bbox 887 3477 994 3534; x_wconf 78' lang='grc' dir='ltr'>οἶδε</span> <span class='ocrx_word' id='word_1_496' title='bbox 1041 3481 1213 3551; x_wconf 83' lang='grc' dir='ltr'>λόγων</span> <span class='ocrx_word' id='word_1_497' title='bbox 1253 3483 1512 3554; x_wconf 74' lang='grc' dir='ltr'>στροφὰς,</span> <span class='ocrx_word' id='word_1_498' title='bbox 1573 3487 1761 3556; x_wconf 74' lang='grc' dir='ltr'>ῥήσεις</span> 
     </span>
    </p>
   </div>
   <div class='ocr_carea' id='block_1_66' title="bbox 181 3575 1761 3649">
    <p class='ocr_par' dir='ltr' id='par_1_66' title="bbox 181 3575 1761 3649">
     <span class='ocr_line' id='line_1_66' title="bbox 181 3575 1761 3649; baseline -0.001 -16"><span class='ocrx_word' id='word_1_499' title='bbox 181 3598 234 3632; x_wconf 84' lang='grc' dir='ltr'><strong>τε</strong></span> <span class='ocrx_word' id='word_1_500' title='bbox 264 3580 442 3649; x_wconf 62' lang='grc' dir='ltr'>σοφῶν</span> <span class='ocrx_word' id='word_1_501' title='bbox 478 3581 572 3632; x_wconf 77' lang='grc' dir='ltr'><strong>καὶ</strong></span> <span class='ocrx_word' id='word_1_502' title='bbox 615 3578 930 3646; x_wconf 79' lang='grc' dir='ltr'>αἰνίγματα,</span> <span class='ocrx_word' id='word_1_503' title='bbox 980 3576 1194 3638; x_wconf 78' lang='grc' dir='ltr'>καὶτὰς</span> <span class='ocrx_word' id='word_1_504' title='bbox 1238 3575 1527 3647; x_wconf 66' lang='grc' dir='ltr'>Πύρρωνος</span> <span class='ocrx_word' id='word_1_505' title='bbox 1573 3579 1761 3632; x_wconf 78' lang='grc' dir='ltr'>ἐνστά-</span> 
     </span>
    </p>
   </div>
   <div class='ocr_carea' id='block_1_67' title="bbox 184 3665 1756 3745">
    <p class='ocr_par' dir='ltr' id='par_1_67' title="bbox 184 3665 1756 3745">
     <span class='ocr_line' id='line_1_67' title="bbox 184 3665 1756 3745; baseline -0.001 -19"><span class='ocrx_word' id='word_1_506' title='bbox 184 3691 306 3738; x_wconf 86' lang='grc' dir='ltr'>σεις,</span> <span class='ocrx_word' id='word_1_507' title='bbox 334 3674 366 3745; x_wconf 80' lang='grc' dir='ltr'><strong>ἦ</strong></span> <span class='ocrx_word' id='word_1_508' title='bbox 412 3673 649 3742; x_wconf 78' lang='grc' dir='ltr'>ἐφέξεις,</span> <span class='ocrx_word' id='word_1_509' title='bbox 682 3671 712 3740; x_wconf 83' lang='grc' dir='ltr'>ἢ</span> <span class='ocrx_word' id='word_1_510' title='bbox 781 3668 1100 3731; x_wconf 87' lang='grc' dir='ltr'>ἀντιθέσεις,</span> <span class='ocrx_word' id='word_1_511' title='bbox 1169 3665 1268 3721; x_wconf 57' lang='grc' dir='ltr'>καῖ</span> <span class='ocrx_word' id='word_1_512' title='bbox 1301 3669 1406 3722; x_wconf 88' lang='grc' dir='ltr'><strong>τῶν</strong></span> <span class='ocrx_word' id='word_1_513' title='bbox 1436 3669 1756 3741; x_wconf 77' lang='grc' dir='ltr'>Χρυσίππου</span> 
     </span>
    </p>
   </div>
   <div class='ocr_carea' id='block_1_68' title="bbox 185 3757 1755 3836">
    <p class='ocr_par' dir='ltr' id='par_1_68' title="bbox 185 3757 1755 3836">
     <span class='ocr_line' id='line_1_68' title="bbox 185 3757 1755 3836; baseline 0.001 -21"><span class='ocrx_word' id='word_1_514' title='bbox 185 3765 547 3836; x_wconf 74' lang='grc' dir='ltr'>συλλογισμῶν</span> <span class='ocrx_word' id='word_1_515' title='bbox 573 3764 668 3826; x_wconf 67' lang='grc' dir='ltr'><strong>τὰς</strong></span> <span class='ocrx_word' id='word_1_516' title='bbox 705 3757 1047 3831; x_wconf 78' lang='grc' dir='ltr'>διαλύσεις,ἢ</span> <span class='ocrx_word' id='word_1_517' title='bbox 1088 3760 1196 3813; x_wconf 89' lang='grc' dir='ltr'><strong>τῶν</strong></span> <span class='ocrx_word' id='word_1_518' title='bbox 1235 3763 1632 3832; x_wconf 80' lang='grc' dir='ltr'>Ἀριστοτέλους</span> <span class='ocrx_word' id='word_1_519' title='bbox 1666 3781 1755 3816; x_wconf 88' lang='grc' dir='ltr'>τε-</span> 
     </span>
    </p>
   </div>
   <div class='ocr_carea' id='block_1_69' title="bbox 184 3853 1757 3928">
    <p class='ocr_par' dir='ltr' id='par_1_69' title="bbox 184 3853 1757 3928">
     <span class='ocr_line' id='line_1_69' title="bbox 184 3853 1757 3928; baseline 0.002 -23"><span class='ocrx_word' id='word_1_520' title='bbox 184 3857 312 3925; x_wconf 76' lang='grc' dir='ltr'>χνῶν</span> <span class='ocrx_word' id='word_1_521' title='bbox 385 3858 485 3928; x_wconf 71' lang='grc' dir='ltr'>τὴν</span> <span class='ocrx_word' id='word_1_522' title='bbox 539 3855 912 3924; x_wconf 80' lang='grc' dir='ltr'>κακοτεχνίαν,</span> <span class='ocrx_word' id='word_1_523' title='bbox 959 3853 989 3923; x_wconf 78' lang='grc' dir='ltr'>ἢ</span> <span class='ocrx_word' id='word_1_524' title='bbox 1034 3855 1133 3923; x_wconf 80' lang='grc' dir='ltr'><strong>τῆς</strong></span> <span class='ocrx_word' id='word_1_525' title='bbox 1199 3853 1484 3917; x_wconf 84' lang='grc' dir='ltr'>Πλάτωνος</span> <span class='ocrx_word' id='word_1_526' title='bbox 1522 3855 1757 3923; x_wconf 76' lang='grc' dir='ltr'>εὐγλωτ-</span> 
     </span>
    </p>
   </div>
   <div class='ocr_carea' id='block_1_70' title="bbox 180 3945 1755 4019">
    <p class='ocr_par' dir='ltr' id='par_1_70' title="bbox 180 3945 1755 4019">
     <span class='ocr_line' id='line_1_70' title="bbox 180 3945 1755 4019; baseline 0.001 -21"><span class='ocrx_word' id='word_1_527' title='bbox 180 3948 291 4011; x_wconf 81' lang='grc' dir='ltr'>τίας</span> <span class='ocrx_word' id='word_1_528' title='bbox 317 3948 514 4019; x_wconf 72' lang='grc' dir='ltr'><strong>(55)τ5ι</strong></span> <span class='ocrx_word' id='word_1_529' title='bbox 533 3948 729 4015; x_wconf 73' lang='grc' dir='ltr'>γοητεύ</span> <span class='ocrx_word' id='word_1_530' title='bbox 739 3963 904 4016; x_wconf 80' lang='grc' dir='ltr'>ματα,</span> <span class='ocrx_word' id='word_1_531' title='bbox 927 3946 975 3998; x_wconf 77' lang='grc' dir='ltr'>οἳ</span> <span class='ocrx_word' id='word_1_532' title='bbox 997 3945 1182 4008; x_wconf 88' lang='grc' dir='ltr'>κακῶς</span> <span class='ocrx_word' id='word_1_533' title='bbox 1209 3947 1284 4009; x_wconf 81' lang='grc' dir='ltr'><strong>είς</strong></span> <span class='ocrx_word' id='word_1_534' title='bbox 1308 3946 1403 4016; x_wconf 78' lang='grc' dir='ltr'><strong>τὴν</strong></span> <span class='ocrx_word' id='word_1_535' title='bbox 1435 3947 1755 4017; x_wconf 83' lang='grc' dir='ltr'>Ἐκκλησίαν</span> 
     </span>
    </p>
   </div>
   <div class='ocr_carea' id='block_1_71' title="bbox 181 4038 1756 4111">
    <p class='ocr_par' dir='ltr' id='par_1_71' title="bbox 181 4038 1756 4111">
     <span class='ocr_line' id='line_1_71' title="bbox 181 4038 1756 4111; baseline 0.002 -21"><span class='ocrx_word' id='word_1_536' title='bbox 181 4041 323 4111; x_wconf 74' lang='grc' dir='ltr'>ἡμῶν</span> <span class='ocrx_word' id='word_1_537' title='bbox 353 4041 652 4110; x_wconf 69' lang='grc' dir='ltr'>είσὲφησαν</span> <span class='ocrx_word' id='word_1_538' title='bbox 688 4038 819 4108; x_wconf 75' lang='lat'><strong>(36),</strong></span> <span class='ocrx_word' id='word_1_539' title='bbox 858 4038 1046 4110; x_wconf 80' lang='grc' dir='ltr'>ὥσπερ</span> <span class='ocrx_word' id='word_1_540' title='bbox 1075 4039 1439 4106; x_wconf 82' lang='grc' dir='ltr'>Αἱγυπτιακαί</span> <span class='ocrx_word' id='word_1_541' title='bbox 1472 4057 1613 4102; x_wconf 88' lang='grc' dir='ltr'>τινες</span> <span class='ocrx_word' id='word_1_542' title='bbox 1655 4041 1756 4110; x_wconf 78' lang='grc' dir='ltr'>μά-</span> 
     </span>
    </p>
   </div>
   <div class='ocr_carea' id='block_1_72' title="bbox 183 4121 1754 4199">
    <p class='ocr_par' dir='ltr' id='par_1_72' title="bbox 183 4121 1754 4199">
     <span class='ocr_line' id='line_1_72' title="bbox 183 4121 1754 4199; baseline -0.002 -17"><span class='ocrx_word' id='word_1_543' title='bbox 183 4145 369 4199; x_wconf 83' lang='grc' dir='ltr'>στιγες.</span> <span class='ocrx_word' id='word_1_544' title='bbox 412 4130 570 4198; x_wconf 86' lang='grc' dir='ltr'>Ἔχει</span> <span class='ocrx_word' id='word_1_545' title='bbox 602 4127 695 4180; x_wconf 70' lang='grc' dir='ltr'><strong>καὶ</strong></span> <span class='ocrx_word' id='word_1_546' title='bbox 741 4121 893 4190; x_wconf 74' lang='grc' dir='ltr'>οὗτος</span> <span class='ocrx_word' id='word_1_547' title='bbox 942 4127 1063 4180; x_wconf 83' lang='grc' dir='ltr'>ὅθεν</span> <span class='ocrx_word' id='word_1_548' title='bbox 1111 4126 1278 4196; x_wconf 83' lang='grc' dir='ltr'>σωθῇ.</span> <span class='ocrx_word' id='word_1_549' title='bbox 1325 4127 1434 4180; x_wconf 78' lang='grc' dir='ltr'>Καὶ</span> <span class='ocrx_word' id='word_1_550' title='bbox 1468 4126 1554 4181; x_wconf 83' lang='grc' dir='ltr'>διὰ</span> <span class='ocrx_word' id='word_1_551' title='bbox 1594 4127 1754 4181; x_wconf 88' lang='grc' dir='ltr'>τίνων</span> 
     </span>
    </p>
   </div>
   <div class='ocr_carea' id='block_1_73' title="bbox 181 4215 1752 4292">
    <p class='ocr_par' dir='ltr' id='par_1_73' title="bbox 181 4215 1752 4292">
     <span class='ocr_line' id='line_1_73' title="bbox 181 4215 1752 4292; baseline 0 -19"><span class='ocrx_word' id='word_1_552' title='bbox 181 4215 468 4290; x_wconf 65' lang='grc' dir='ltr'>ρημάτων;</span> <span class='ocrx_word' id='word_1_553' title='bbox 504 4220 666 4273; x_wconf 78' lang='grc' dir='ltr'>Οὐδὲν</span> <span class='ocrx_word' id='word_1_554' title='bbox 693 4220 792 4290; x_wconf 75' lang='grc' dir='ltr'>τῆς</span> <span class='ocrx_word' id='word_1_555' title='bbox 818 4219 1036 4292; x_wconf 80' lang='grc' dir='ltr'>χάριτος</span> <span class='ocrx_word' id='word_1_556' title='bbox 1069 4219 1178 4290; x_wconf 84' lang='grc'><strong>(57)</strong></span> <span class='ocrx_word' id='word_1_557' title='bbox 1203 4219 1616 4292; x_wconf 83' lang='grc' dir='ltr'>πλουσιώτερον.</span> <span class='ocrx_word' id='word_1_558' title='bbox 1648 4224 1752 4274; x_wconf 77' lang='grc' dir='ltr'><strong>Οὑ-</strong></span> 
     </span>
    </p>
   </div>
   <div class='ocr_carea' id='block_1_74' title="bbox 181 4311 1752 4382">
    <p class='ocr_par' dir='ltr' id='par_1_74' title="bbox 181 4311 1752 4382">
     <span class='ocr_line' id='line_1_74' title="bbox 181 4311 1752 4382; baseline 0.002 -18"><span class='ocrx_word' id='word_1_559' title='bbox 181 4313 257 4364; x_wconf 72' lang='grc' dir='ltr'><strong>δὲν</strong></span> <span class='ocrx_word' id='word_1_560' title='bbox 283 4313 360 4365; x_wconf 81' lang='grc' dir='ltr'><strong>δεῖ</strong></span> <span class='ocrx_word' id='word_1_561' title='bbox 405 4329 512 4378; x_wconf 80' lang='grc' dir='ltr'>σοι,</span> <span class='ocrx_word' id='word_1_562' title='bbox 561 4313 746 4382; x_wconf 71' lang='grc' dir='ltr'>φησὶν,</span> <span class='ocrx_word' id='word_1_563' title='bbox 773 4315 862 4378; x_wconf 84' lang='grc' dir='ltr'>εἰς</span> <span class='ocrx_word' id='word_1_564' title='bbox 905 4311 1012 4365; x_wconf 74' lang='grc' dir='ltr'><strong>τὸν</strong></span> <span class='ocrx_word' id='word_1_565' title='bbox 1039 4313 1298 4379; x_wconf 73' lang='grc' dir='ltr'>οὐρανὸν</span> <span class='ocrx_word' id='word_1_566' title='bbox 1329 4313 1624 4377; x_wconf 75' lang='grc' dir='ltr'>ἀνελθεῖν,</span> <span class='ocrx_word' id='word_1_567' title='bbox 1676 4316 1752 4367; x_wconf 77' lang='grc' dir='ltr'><strong>ἵν’</strong></span> 
     </span>
    </p>
   </div>
   <div class='ocr_carea' id='block_1_75' title="bbox 179 4400 1752 4469">
    <p class='ocr_par' dir='ltr' id='par_1_75' title="bbox 179 4400 1752 4469">
     <span class='ocr_line' id='line_1_75' title="bbox 179 4400 1752 4469; baseline 0.004 -18"><span class='ocrx_word' id='word_1_568' title='bbox 179 4402 388 4456; x_wconf 70' lang='grc' dir='ltr'>ἐκεῖθεν</span> <span class='ocrx_word' id='word_1_569' title='bbox 414 4402 690 4469; x_wconf 74' lang='grc' dir='ltr'>ἑλκύσῃς</span> <span class='ocrx_word' id='word_1_570' title='bbox 722 4403 978 4468; x_wconf 77' lang='grc' dir='ltr'>Χριστόν</span> <span class='ocrx_word' id='word_1_571' title='bbox 999 4417 1012 4430; x_wconf 73' lang='grc'><strong><em>⁸</em></strong></span> <span class='ocrx_word' id='word_1_572' title='bbox 1041 4400 1183 4452; x_wconf 76' lang='grc' dir='ltr'>οὐδὲ</span> <span class='ocrx_word' id='word_1_573' title='bbox 1209 4403 1295 4466; x_wconf 82' lang='grc' dir='ltr'>εὶς</span> <span class='ocrx_word' id='word_1_574' title='bbox 1326 4400 1442 4468; x_wconf 78' lang='grc' dir='ltr'><strong>τὴν</strong></span> <span class='ocrx_word' id='word_1_575' title='bbox 1477 4401 1752 4456; x_wconf 76' lang='grc' dir='ltr'>ἄϐυσσον</span> 
     </span>
    </p>
   </div>
   <div class='ocr_carea' id='block_1_76' title="bbox 180 4490 1750 4564">
    <p class='ocr_par' dir='ltr' id='par_1_76' title="bbox 180 4490 1750 4564">
     <span class='ocr_line' id='line_1_76' title="bbox 180 4490 1750 4564; baseline 0.003 -20"><span class='ocrx_word' id='word_1_576' title='bbox 180 4493 505 4560; x_wconf 72' lang='grc' dir='ltr'>κατελθεῖν,</span> <span class='ocrx_word' id='word_1_577' title='bbox 561 4492 627 4544; x_wconf 83' lang='grc' dir='ltr'><strong>ἵν’</strong></span> <span class='ocrx_word' id='word_1_578' title='bbox 681 4490 926 4544; x_wconf 76' lang='grc' dir='ltr'>ἐντεῦθεν</span> <span class='ocrx_word' id='word_1_579' title='bbox 957 4491 1117 4545; x_wconf 75' lang='grc' dir='ltr'>αὐτὸν</span> <span class='ocrx_word' id='word_1_580' title='bbox 1153 4493 1216 4545; x_wconf 83' lang='grc' dir='ltr'><strong>ἐκ</strong></span> <span class='ocrx_word' id='word_1_581' title='bbox 1265 4493 1472 4564; x_wconf 82' lang='grc' dir='ltr'>νεκρῶν</span> <span class='ocrx_word' id='word_1_582' title='bbox 1506 4496 1750 4548; x_wconf 74' lang='grc' dir='ltr'>ἀνασπάο</span> 
     </span>
    </p>
   </div>
   <div class='ocr_carea' id='block_1_77' title="bbox 181 4579 1747 4656">
    <p class='ocr_par' dir='ltr' id='par_1_77' title="bbox 181 4579 1747 4656">
     <span class='ocr_line' id='line_1_77' title="bbox 181 4579 1747 4656; baseline 0.001 -19"><span class='ocrx_word' id='word_1_583' title='bbox 181 4597 271 4652; x_wconf 81' lang='grc' dir='ltr'>σῃς</span> <span class='ocrx_word' id='word_1_584' title='bbox 303 4583 437 4652; x_wconf 78' lang='grc'>(58),</span> <span class='ocrx_word' id='word_1_585' title='bbox 498 4581 530 4652; x_wconf 84' lang='grc' dir='ltr'><strong>ῆ</strong></span> <span class='ocrx_word' id='word_1_586' title='bbox 569 4579 665 4652; x_wconf 74' lang='grc' dir='ltr'><strong>τὴν</strong></span> <span class='ocrx_word' id='word_1_587' title='bbox 705 4580 929 4652; x_wconf 82' lang='grc' dir='ltr'>πρώτην</span> <span class='ocrx_word' id='word_1_588' title='bbox 982 4581 1451 4654; x_wconf 81' lang='grc' dir='ltr'>πολυπραγμονῶν</span> <span class='ocrx_word' id='word_1_589' title='bbox 1486 4583 1664 4653; x_wconf 82' lang='grc' dir='ltr'>φύσιν,</span> <span class='ocrx_word' id='word_1_590' title='bbox 1719 4587 1747 4656; x_wconf 83' lang='grc' dir='ltr'>ἢ</span> 
     </span>
    </p>
   </div>
   <div class='ocr_carea' id='block_1_78' title="bbox 1942 3399 3439 3486">
    <p class='ocr_par' dir='ltr' id='par_1_78' title="bbox 1942 3399 3439 3486">
     <span class='ocr_line' id='line_1_78' title="bbox 1942 3399 3439 3486; baseline 0.018 -35"><span class='ocrx_word' id='word_1_591' title='bbox 1942 3399 2106 3472; x_wconf 78' lang='lat'><strong>596</strong></span> <span class='ocrx_word' id='word_1_592' title='bbox 2134 3402 2299 3457; x_wconf 81' lang='lat' dir='ltr'>XXV.</span> <span class='ocrx_word' id='word_1_593' title='bbox 2338 3407 2490 3463; x_wconf 82' lang='lat' dir='ltr'><strong>Alius</strong></span> <span class='ocrx_word' id='word_1_594' title='bbox 2538 3421 2726 3467; x_wconf 90' lang='lat' dir='ltr'><strong>contra</strong></span> <span class='ocrx_word' id='word_1_595' title='bbox 2780 3416 2976 3481; x_wconf 74' lang='lat' dir='ltr'><strong>exiguo</strong></span> <span class='ocrx_word' id='word_1_596' title='bbox 3006 3417 3220 3486; x_wconf 63' lang='lat' dir='ltr'><strong>ingenio</strong></span> <span class='ocrx_word' id='word_1_597' title='bbox 3250 3433 3351 3485; x_wconf 88' lang='lat' dir='ltr'><strong>est,</strong></span> <span class='ocrx_word' id='word_1_598' title='bbox 3384 3435 3439 3480; x_wconf 91' lang='lat' dir='ltr'><strong>et</strong></span> 
     </span>
    </p>
   </div>
   <div class='ocr_carea' id='block_1_79' title="bbox 1863 3490 3436 3581">
    <p class='ocr_par' dir='ltr' id='par_1_79' title="bbox 1863 3490 3436 3581">
     <span class='ocr_line' id='line_1_79' title="bbox 1863 3490 3436 3581; baseline 0.017 -37"><span class='ocrx_word' id='word_1_599' title='bbox 1863 3490 2042 3560; x_wconf 82' lang='lat' dir='ltr'><strong>lingua</strong></span> <span class='ocrx_word' id='word_1_600' title='bbox 2090 3509 2312 3562; x_wconf 89' lang='lat' dir='ltr'><strong>pauper,</strong></span> <span class='ocrx_word' id='word_1_601' title='bbox 2365 3515 2463 3554; x_wconf 83' lang='lat' dir='ltr'><strong>nec</strong></span> <span class='ocrx_word' id='word_1_602' title='bbox 2505 3506 2789 3558; x_wconf 88' lang='lat' dir='ltr'><strong>verborum</strong></span> <span class='ocrx_word' id='word_1_603' title='bbox 2842 3505 3010 3562; x_wconf 53' lang='lat' dir='ltr'><strong>ﬂexus</strong></span> <span class='ocrx_word' id='word_1_604' title='bbox 3054 3520 3108 3563; x_wconf 90' lang='lat' dir='ltr'><strong>et</strong></span> <span class='ocrx_word' id='word_1_605' title='bbox 3155 3514 3436 3581; x_wconf 81' lang='lat' dir='ltr'><strong>captiones</strong></span> 
     </span>
    </p>
   </div>
   <div class='ocr_carea' id='block_1_80' title="bbox 1866 3584 3437 3676">
    <p class='ocr_par' dir='ltr' id='par_1_80' title="bbox 1866 3584 3437 3676">
     <span class='ocr_line' id='line_1_80' title="bbox 1866 3584 3437 3676; baseline 0.017 -41"><span class='ocrx_word' id='word_1_606' title='bbox 1866 3584 2038 3646; x_wconf 80' lang='lat' dir='ltr'><strong>novit,</strong></span> <span class='ocrx_word' id='word_1_607' title='bbox 2075 3601 2173 3639; x_wconf 90' lang='lat' dir='ltr'><strong>nec</strong></span> <span class='ocrx_word' id='word_1_608' title='bbox 2205 3588 2507 3656; x_wconf 89' lang='lat' dir='ltr'><strong>sapientum</strong></span> <span class='ocrx_word' id='word_1_609' title='bbox 2545 3595 2687 3647; x_wconf 90' lang='lat' dir='ltr'><strong>dicta</strong></span> <span class='ocrx_word' id='word_1_610' title='bbox 2739 3607 2792 3650; x_wconf 91' lang='lat' dir='ltr'><strong>et</strong></span> <span class='ocrx_word' id='word_1_611' title='bbox 2837 3599 3148 3668; x_wconf 64' lang='lat' dir='ltr'><strong>aanigmata,</strong></span> <span class='ocrx_word' id='word_1_612' title='bbox 3180 3618 3274 3658; x_wconf 83' lang='lat' dir='ltr'><strong>nec</strong></span> <span class='ocrx_word' id='word_1_613' title='bbox 3305 3605 3437 3676; x_wconf 69' lang='lat' dir='ltr'><strong>Pyr-&#39;-</strong></span> 
     </span>
    </p>
   </div>
   <div class='ocr_carea' id='block_1_81' title="bbox 1864 3675 3436 3762">
    <p class='ocr_par' dir='ltr' id='par_1_81' title="bbox 1864 3675 3436 3762">
     <span class='ocr_line' id='line_1_81' title="bbox 1864 3675 3436 3762; baseline 0.015 -37"><span class='ocrx_word' id='word_1_614' title='bbox 1864 3675 2050 3728; x_wconf 87' lang='lat' dir='ltr'><strong>rhonis</strong></span> <span class='ocrx_word' id='word_1_615' title='bbox 2070 3675 2374 3742; x_wconf 71' lang='lat' dir='ltr'><strong>instantius,</strong></span> <span class='ocrx_word' id='word_1_616' title='bbox 2395 3690 2487 3734; x_wconf 88' lang='lat' dir='ltr'><strong>aut</strong></span> <span class='ocrx_word' id='word_1_617' title='bbox 2509 3698 2764 3737; x_wconf 88' lang='lat' dir='ltr'><strong>assensus</strong></span> <span class='ocrx_word' id='word_1_618' title='bbox 2788 3676 3135 3753; x_wconf 73' lang='lat' dir='ltr'><strong>retentiones,</strong></span> <span class='ocrx_word' id='word_1_619' title='bbox 3162 3701 3250 3743; x_wconf 91' lang='lat' dir='ltr'><strong>aut</strong></span> <span class='ocrx_word' id='word_1_620' title='bbox 3271 3675 3436 3762; x_wconf 56' lang='grc' dir='ltr'>ηυγ)οε</span> 
     </span>
    </p>
   </div>
   <div class='ocr_carea' id='block_1_82' title="bbox 1860 3765 3430 3846">
    <p class='ocr_par' dir='ltr' id='par_1_82' title="bbox 1860 3765 3430 3846">
     <span class='ocr_line' id='line_1_82' title="bbox 1860 3765 3430 3846; baseline 0.012 -28"><span class='ocrx_word' id='word_1_621' title='bbox 1860 3765 2105 3828; x_wconf 88' lang='lat' dir='ltr'><strong>sitiones,</strong></span> <span class='ocrx_word' id='word_1_622' title='bbox 2157 3782 2257 3822; x_wconf 92' lang='lat' dir='ltr'><strong>nec</strong></span> <span class='ocrx_word' id='word_1_623' title='bbox 2303 3770 2734 3840; x_wconf 82' lang='lat' dir='ltr'><strong>syllogismorum</strong></span> <span class='ocrx_word' id='word_1_624' title='bbox 2779 3775 3063 3846; x_wconf 86' lang='lat' dir='ltr'><strong>Chrysippi</strong></span> <span class='ocrx_word' id='word_1_625' title='bbox 3113 3781 3430 3846; x_wconf 81' lang='lat' dir='ltr'><strong>solutiones,</strong></span> 
     </span>
    </p>
   </div>
   <div class='ocr_carea' id='block_1_83' title="bbox 1860 3861 3434 3933">
    <p class='ocr_par' dir='ltr' id='par_1_83' title="bbox 1860 3861 3434 3933">
     <span class='ocr_line' id='line_1_83' title="bbox 1860 3861 3434 3933; baseline 0.012 -25"><span class='ocrx_word' id='word_1_626' title='bbox 1860 3865 1952 3908; x_wconf 85' lang='lat' dir='ltr'><strong>aut</strong></span> <span class='ocrx_word' id='word_1_627' title='bbox 1982 3873 2204 3925; x_wconf 83' lang='lat' dir='ltr'><strong>pravum</strong></span> <span class='ocrx_word' id='word_1_628' title='bbox 2259 3861 2454 3913; x_wconf 86' lang='lat' dir='ltr'><strong>artium</strong></span> <span class='ocrx_word' id='word_1_629' title='bbox 2500 3862 2812 3918; x_wconf 79' lang='lat' dir='ltr'><strong>Arismtelis</strong></span> <span class='ocrx_word' id='word_1_630' title='bbox 2848 3867 3159 3933; x_wconf 76' lang='lat' dir='ltr'><strong>artiﬁcium,</strong></span> <span class='ocrx_word' id='word_1_631' title='bbox 3196 3884 3286 3926; x_wconf 89' lang='lat' dir='ltr'><strong>aut</strong></span> <span class='ocrx_word' id='word_1_632' title='bbox 3315 3873 3434 3926; x_wconf 71' lang='lat' dir='ltr'><strong>i’laa</strong></span> 
     </span>
    </p>
   </div>
   <div class='ocr_carea' id='block_1_84' title="bbox 1861 3947 3430 4035">
    <p class='ocr_par' dir='ltr' id='par_1_84' title="bbox 1861 3947 3430 4035">
     <span class='ocr_line' id='line_1_84' title="bbox 1861 3947 3430 4035; baseline 0.015 -37"><span class='ocrx_word' id='word_1_633' title='bbox 1861 3947 2001 4002; x_wconf 90' lang='lat' dir='ltr'><strong>tonis</strong></span> <span class='ocrx_word' id='word_1_634' title='bbox 2049 3948 2313 4004; x_wconf 70' lang='lat' dir='ltr'><strong>facundia:</strong></span> <span class='ocrx_word' id='word_1_635' title='bbox 2371 3953 2706 4024; x_wconf 78' lang='lat' dir='ltr'><strong>praestigias;</strong></span> <span class='ocrx_word' id='word_1_636' title='bbox 2759 3957 2850 4026; x_wconf 88' lang='lat' dir='ltr'><strong>qui</strong></span> <span class='ocrx_word' id='word_1_637' title='bbox 2901 3958 3045 4015; x_wconf 84' lang='lat' dir='ltr'><strong>velut</strong></span> <span class='ocrx_word' id='word_1_638' title='bbox 3102 3962 3430 4035; x_wconf 67' lang='lat' dir='ltr'><strong>Aigyptiaea:</strong></span> 
     </span>
    </p>
   </div>
   <div class='ocr_carea' id='block_1_85' title="bbox 1858 4039 3426 4122">
    <p class='ocr_par' dir='ltr' id='par_1_85' title="bbox 1858 4039 3426 4122">
     <span class='ocr_line' id='line_1_85' title="bbox 1858 4039 3426 4122; baseline 0.016 -35"><span class='ocrx_word' id='word_1_639' title='bbox 1858 4039 2101 4106; x_wconf 79' lang='lat' dir='ltr'><strong>qmedam</strong></span> <span class='ocrx_word' id='word_1_640' title='bbox 2139 4039 2304 4109; x_wconf 61' lang='lat' dir='ltr'><strong>plagae</strong></span> <span class='ocrx_word' id='word_1_641' title='bbox 2343 4041 2395 4094; x_wconf 95' lang='lat' dir='ltr'><strong>in</strong></span> <span class='ocrx_word' id='word_1_642' title='bbox 2442 4041 2738 4098; x_wconf 83' lang='lat' dir='ltr'><strong>Ecclesiam</strong></span> <span class='ocrx_word' id='word_1_643' title='bbox 2778 4055 3018 4103; x_wconf 89' lang='lat' dir='ltr'><strong>nostram</strong></span> <span class='ocrx_word' id='word_1_644' title='bbox 3069 4055 3426 4122; x_wconf 71' lang='lat' dir='ltr'><strong>irrepserunt.</strong></span> 
     </span>
    </p>
   </div>
   <div class='ocr_carea' id='block_1_86' title="bbox 1856 4126 3418 4212">
    <p class='ocr_par' dir='ltr' id='par_1_86' title="bbox 1856 4126 3418 4212">
     <span class='ocr_line' id='line_1_86' title="bbox 1856 4126 3418 4212; baseline 0.013 -33"><span class='ocrx_word' id='word_1_645' title='bbox 1856 4126 1927 4180; x_wconf 84' lang='lat' dir='ltr'><strong>At</strong></span> <span class='ocrx_word' id='word_1_646' title='bbox 1960 4127 2047 4182; x_wconf 91' lang='lat' dir='ltr'><strong>hic</strong></span> <span class='ocrx_word' id='word_1_647' title='bbox 2087 4144 2299 4198; x_wconf 86' lang='lat' dir='ltr'><strong>quoque</strong></span> <span class='ocrx_word' id='word_1_648' title='bbox 2342 4131 2523 4198; x_wconf 85' lang='lat' dir='ltr'><strong>habet,</strong></span> <span class='ocrx_word' id='word_1_649' title='bbox 2571 4135 2712 4188; x_wconf 90' lang='lat' dir='ltr'><strong>unde</strong></span> <span class='ocrx_word' id='word_1_650' title='bbox 2747 4136 2974 4191; x_wconf 86' lang='lat' dir='ltr'><strong>salutem</strong></span> <span class='ocrx_word' id='word_1_651' title='bbox 3031 4155 3418 4212; x_wconf 82' lang='lat' dir='ltr'><strong>consequatur.</strong></span> 
     </span>
    </p>
   </div>
   <div class='ocr_carea' id='block_1_87' title="bbox 1857 4217 3428 4301">
    <p class='ocr_par' dir='ltr' id='par_1_87' title="bbox 1857 4217 3428 4301">
     <span class='ocr_line' id='line_1_87' title="bbox 1857 4217 3428 4301; baseline 0.011 -31"><span class='ocrx_word' id='word_1_652' title='bbox 1857 4217 2062 4284; x_wconf 88' lang='lat' dir='ltr'><strong>Quibus</strong></span> <span class='ocrx_word' id='word_1_653' title='bbox 2108 4223 2321 4276; x_wconf 89' lang='lat' dir='ltr'><strong>tandem</strong></span> <span class='ocrx_word' id='word_1_654' title='bbox 2370 4223 2585 4280; x_wconf 84' lang='lat' dir='ltr'><strong>verbis?</strong></span> <span class='ocrx_word' id='word_1_655' title='bbox 2622 4223 2666 4280; x_wconf 95' lang='lat' dir='ltr'><strong>O</strong></span> <span class='ocrx_word' id='word_1_656' title='bbox 2710 4227 2966 4282; x_wconf 84' lang='lat' dir='ltr'><strong>miriﬂcas</strong></span> <span class='ocrx_word' id='word_1_657' title='bbox 3012 4229 3207 4284; x_wconf 72' lang='lat' dir='ltr'><strong>dirium</strong></span> <span class='ocrx_word' id='word_1_658' title='bbox 3241 4236 3428 4301; x_wconf 72' lang='lat' dir='ltr'><strong>gratia:</strong></span> 
     </span>
    </p>
   </div>
   <div class='ocr_carea' id='block_1_88' title="bbox 1855 4312 3425 4382">
    <p class='ocr_par' dir='ltr' id='par_1_88' title="bbox 1855 4312 3425 4382">
     <span class='ocr_line' id='line_1_88' title="bbox 1855 4312 3425 4382; baseline 0.008 -19"><span class='ocrx_word' id='word_1_659' title='bbox 1855 4313 2021 4379; x_wconf 80' lang='lat' dir='ltr'><strong>opes!</strong></span> <span class='ocrx_word' id='word_1_660' title='bbox 2076 4312 2238 4377; x_wconf 76' lang='lat' dir='ltr'><strong>Nihil,</strong></span> <span class='ocrx_word' id='word_1_661' title='bbox 2303 4314 2496 4382; x_wconf 87' lang='lat' dir='ltr'><strong>inquit,</strong></span> <span class='ocrx_word' id='word_1_662' title='bbox 2563 4316 2655 4369; x_wconf 88' lang='lat' dir='ltr'><strong>tibi</strong></span> <span class='ocrx_word' id='word_1_663' title='bbox 2718 4333 2940 4372; x_wconf 89' lang='lat' dir='ltr'><strong>necesse</strong></span> <span class='ocrx_word' id='word_1_664' title='bbox 3011 4331 3092 4374; x_wconf 79' lang='lat' dir='ltr'><strong>est</strong></span> <span class='ocrx_word' id='word_1_665' title='bbox 3139 4323 3192 4375; x_wconf 82' lang='lat' dir='ltr'><strong>in</strong></span> <span class='ocrx_word' id='word_1_666' title='bbox 3241 4326 3425 4377; x_wconf 74' lang='lat' dir='ltr'><strong>cretum</strong></span> 
     </span>
    </p>
   </div>
   <div class='ocr_carea' id='block_1_89' title="bbox 1858 4403 3426 4484">
    <p class='ocr_par' dir='ltr' id='par_1_89' title="bbox 1858 4403 3426 4484">
     <span class='ocr_line' id='line_1_89' title="bbox 1858 4403 3426 4484; baseline 0.008 -30"><span class='ocrx_word' id='word_1_667' title='bbox 1858 4404 2158 4466; x_wconf 82' lang='lat' dir='ltr'><strong>ascendere,</strong></span> <span class='ocrx_word' id='word_1_668' title='bbox 2202 4416 2256 4458; x_wconf 84' lang='lat' dir='ltr'><strong>ut</strong></span> <span class='ocrx_word' id='word_1_669' title='bbox 2291 4403 2555 4464; x_wconf 74' lang='lat' dir='ltr'><strong>Christum</strong></span> <span class='ocrx_word' id='word_1_670' title='bbox 2598 4406 2744 4462; x_wconf 83' lang='lat' dir='ltr'><strong>illinc</strong></span> <span class='ocrx_word' id='word_1_671' title='bbox 2781 4409 2964 4462; x_wconf 79' lang='lat' dir='ltr'><strong>(ra/tus</strong></span> <span class='ocrx_word' id='word_1_672' title='bbox 2994 4426 3014 4463; x_wconf 86' lang='lat'><strong>.&#39;</strong></span> <span class='ocrx_word' id='word_1_673' title='bbox 3051 4427 3143 4464; x_wconf 85' lang='lat' dir='ltr'><strong>nec</strong></span> <span class='ocrx_word' id='word_1_674' title='bbox 3176 4414 3234 4465; x_wconf 79' lang='lat' dir='ltr'><strong>in</strong></span> <span class='ocrx_word' id='word_1_675' title='bbox 3277 4416 3426 4484; x_wconf 55' lang='lat' dir='ltr'><strong>abys‘</strong></span> 
     </span>
    </p>
   </div>
   <div class='ocr_carea' id='block_1_90' title="bbox 1854 4495 3419 4568">
    <p class='ocr_par' dir='ltr' id='par_1_90' title="bbox 1854 4495 3419 4568">
     <span class='ocr_line' id='line_1_90' title="bbox 1854 4495 3419 4568; baseline 0.01 -22"><span class='ocrx_word' id='word_1_676' title='bbox 1854 4509 1968 4546; x_wconf 80' lang='lat' dir='ltr'><strong>sum</strong></span> <span class='ocrx_word' id='word_1_677' title='bbox 2012 4495 2404 4559; x_wconf 78' lang='lat' dir='ltr'><strong>descendere&quot;,</strong></span> <span class='ocrx_word' id='word_1_678' title='bbox 2441 4507 2498 4550; x_wconf 90' lang='lat' dir='ltr'><strong>ut</strong></span> <span class='ocrx_word' id='word_1_679' title='bbox 2529 4496 2655 4551; x_wconf 89' lang='lat' dir='ltr'><strong>hinc</strong></span> <span class='ocrx_word' id='word_1_680' title='bbox 2679 4513 2798 4552; x_wconf 89' lang='lat' dir='ltr'><strong>eum</strong></span> <span class='ocrx_word' id='word_1_681' title='bbox 2825 4515 2854 4552; x_wconf 88' lang='lat' dir='ltr'><strong>a</strong></span> <span class='ocrx_word' id='word_1_682' title='bbox 2891 4503 3118 4557; x_wconf 87' lang='lat' dir='ltr'><strong>mortuis</strong></span> <span class='ocrx_word' id='word_1_683' title='bbox 3144 4506 3419 4568; x_wconf 81' lang='lat' dir='ltr'><strong>extrahas.</strong></span> 
     </span>
    </p>
   </div>
   <div class='ocr_carea' id='block_1_91' title="bbox 1855 4588 3518 4660">
    <p class='ocr_par' dir='ltr' id='par_1_91' title="bbox 1855 4588 3518 4660">
     <span class='ocr_line' id='line_1_91' title="bbox 1855 4588 3518 4660; baseline 0.01 -21"><span class='ocrx_word' id='word_1_684' title='bbox 1855 4588 2131 4652; x_wconf 89' lang='lat' dir='ltr'><strong>nimirum,</strong></span> <span class='ocrx_word' id='word_1_685' title='bbox 2171 4589 2249 4643; x_wconf 89' lang='lat' dir='ltr'><strong>vel</strong></span> <span class='ocrx_word' id='word_1_686' title='bbox 2281 4589 2507 4659; x_wconf 88' lang='lat' dir='ltr'><strong>primam</strong></span> <span class='ocrx_word' id='word_1_687' title='bbox 2555 4592 2720 4660; x_wconf 88' lang='lat' dir='ltr'><strong>ipsius</strong></span> <span class='ocrx_word' id='word_1_688' title='bbox 2753 4603 3000 4648; x_wconf 88' lang='lat' dir='ltr'><strong>naturam</strong></span> <span class='ocrx_word' id='word_1_689' title='bbox 3034 4598 3298 4654; x_wconf 90' lang='lat' dir='ltr'><strong>curiosius</strong></span> <span class='ocrx_word' id='word_1_690' title='bbox 3338 4602 3424 4655; x_wconf 52' lang='lat' dir='ltr'><strong>in:</strong></span> <span class='ocrx_word' id='word_1_691' title='bbox 3516 4635 3518 4638; x_wconf 96' lang='lat'><strong><em>-</em></strong></span> 
     </span>
    </p>
   </div>
   <div class='ocr_carea' id='block_1_92' title="bbox 178 4661 1763 4761">
    <p class='ocr_par' dir='ltr' id='par_1_92' title="bbox 178 4670 1744 4746">
     <span class='ocr_line' id='line_1_92' title="bbox 178 4670 1744 4746; baseline 0.005 -24"><span class='ocrx_word' id='word_1_692' title='bbox 178 4670 268 4740; x_wconf 78' lang='grc' dir='ltr'>τὴν</span> <span class='ocrx_word' id='word_1_693' title='bbox 304 4671 616 4724; x_wconf 76' lang='grc' dir='ltr'>τελευταίαν</span> <span class='ocrx_word' id='word_1_694' title='bbox 656 4670 982 4739; x_wconf 83' lang='grc' dir='ltr'>οἰκονομίαν.</span> <span class='ocrx_word' id='word_1_695' title='bbox 1049 4670 1263 4740; x_wconf 74' lang='grc' dir='ltr'>Ἐγγύς</span> <span class='ocrx_word' id='word_1_696' title='bbox 1298 4690 1435 4738; x_wconf 86' lang='grc' dir='ltr'>σου,</span> <span class='ocrx_word' id='word_1_697' title='bbox 1471 4677 1626 4746; x_wconf 74' lang='grc' dir='ltr'>φησὶ,</span> <span class='ocrx_word' id='word_1_698' title='bbox 1677 4679 1744 4730; x_wconf 85' lang='grc' dir='ltr'>τὸ</span> 
     </span>
    </p>
   </div>
   <div class='ocr_carea' id='block_1_93' title="bbox 1873 4661 3421 4761">
    <p class='ocr_par' dir='ltr' id='par_1_93' title="bbox 1873 4679 3421 4761">
     <span class='ocr_line' id='line_1_93' title="bbox 1873 4679 3421 4761; baseline 0.01 -30"><span class='ocrx_word' id='word_1_699' title='bbox 1873 4679 2144 4746; x_wconf 64' lang='grc' dir='ltr'>πρειὶειιιιε,</span> <span class='ocrx_word' id='word_1_700' title='bbox 2174 4679 2253 4733; x_wconf 88' lang='lat' dir='ltr'><strong>vel</strong></span> <span class='ocrx_word' id='word_1_701' title='bbox 2290 4688 2617 4749; x_wconf 86' lang='lat' dir='ltr'><strong>postremam</strong></span> <span class='ocrx_word' id='word_1_702' title='bbox 2667 4684 2845 4738; x_wconf 85' lang='lat' dir='ltr'><strong>carnis</strong></span> <span class='ocrx_word' id='word_1_703' title='bbox 2875 4697 3162 4755; x_wconf 73' lang='lat' dir='ltr'><strong>assumpta:</strong></span> <span class='ocrx_word' id='word_1_704' title='bbox 3197 4689 3421 4761; x_wconf 59' lang='lat' dir='ltr'><strong>dispeua</strong></span> 
     </span>
    </p>
   </div>
   <div class='ocr_carea' id='block_1_94' title="bbox 172 4759 1739 4838">
    <p class='ocr_par' dir='ltr' id='par_1_94' title="bbox 172 4759 1739 4838">
     <span class='ocr_line' id='line_1_94' title="bbox 172 4759 1739 4838; baseline 0.005 -26"><span class='ocrx_word' id='word_1_705' title='bbox 172 4759 327 4830; x_wconf 75' lang='grc' dir='ltr'><strong>ῥῆμά</strong></span> <span class='ocrx_word' id='word_1_706' title='bbox 383 4763 588 4816; x_wconf 78' lang='grc' dir='ltr'>ἐστιν’</span> <span class='ocrx_word' id='word_1_707' title='bbox 617 4762 650 4830; x_wconf 82' lang='grc' dir='ltr'><strong>ἡ</strong></span> <span class='ocrx_word' id='word_1_708' title='bbox 683 4760 888 4812; x_wconf 76' lang='grc' dir='ltr'>διάνοια</span> <span class='ocrx_word' id='word_1_709' title='bbox 932 4760 1118 4814; x_wconf 78' lang='grc' dir='ltr'>τοῦτον</span> <span class='ocrx_word' id='word_1_710' title='bbox 1157 4760 1270 4830; x_wconf 84' lang='grc' dir='ltr'>ἔχει</span> <span class='ocrx_word' id='word_1_711' title='bbox 1323 4763 1413 4818; x_wconf 84' lang='grc' dir='ltr'><strong>τὸν</strong></span> <span class='ocrx_word' id='word_1_712' title='bbox 1447 4765 1739 4838; x_wconf 79' lang='grc' dir='ltr'>θησαυρὸν,</span> 
     </span>
    </p>
   </div>
   <div class='ocr_carea' id='block_1_95' title="bbox 180 4851 1738 4927">
    <p class='ocr_par' dir='ltr' id='par_1_95' title="bbox 180 4851 1738 4927">
     <span class='ocr_line' id='line_1_95' title="bbox 180 4851 1738 4927; baseline 0.006 -23"><span class='ocrx_word' id='word_1_713' title='bbox 180 4854 265 4906; x_wconf 83' lang='grc' dir='ltr'>καὶ</span> <span class='ocrx_word' id='word_1_714' title='bbox 289 4855 321 4924; x_wconf 82' lang='grc' dir='ltr'><strong>ἡ</strong></span> <span class='ocrx_word' id='word_1_715' title='bbox 348 4854 602 4922; x_wconf 85' lang='grc' dir='ltr'>γλῶσσα·</span> <span class='ocrx_word' id='word_1_716' title='bbox 652 4855 685 4922; x_wconf 77' lang='grc' dir='ltr'><strong>ἡ</strong></span> <span class='ocrx_word' id='word_1_717' title='bbox 717 4851 814 4921; x_wconf 77' lang='grc' dir='ltr'>μὲν</span> <span class='ocrx_word' id='word_1_718' title='bbox 853 4853 1198 4919; x_wconf 77' lang='grc' dir='ltr'>πιστεύουσα,</span> <span class='ocrx_word' id='word_1_719' title='bbox 1233 4857 1264 4926; x_wconf 85' lang='grc' dir='ltr'><strong>ή</strong></span> <span class='ocrx_word' id='word_1_720' title='bbox 1300 4855 1355 4908; x_wconf 83' lang='grc' dir='ltr'><strong>δὲ</strong></span> <span class='ocrx_word' id='word_1_721' title='bbox 1386 4856 1738 4927; x_wconf 73' lang='grc' dir='ltr'>ὁμολογοῦσα.</span> 
     </span>
    </p>
   </div>
   <div class='ocr_carea' id='block_1_96' title="bbox 237 4944 1344 5012">
    <p class='ocr_par' dir='ltr' id='par_1_96' title="bbox 237 4944 1344 5012">
     <span class='ocr_line' id='line_1_96' title="bbox 237 4944 1344 5012; baseline 0.003 -14"><span class='ocrx_word' id='word_1_722' title='bbox 237 4949 286 4981; x_wconf 69' lang='grc'><strong>³³</strong></span> <span class='ocrx_word' id='word_1_723' title='bbox 311 4947 480 5004; x_wconf 72' lang='lat' dir='ltr'><strong>Exod.</strong></span> <span class='ocrx_word' id='word_1_724' title='bbox 515 4961 631 5012; x_wconf 67' lang='grc' dir='ltr'>ιιι,</span> <span class='ocrx_word' id='word_1_725' title='bbox 670 4944 754 4998; x_wconf 79' lang='grc'><strong>16.</strong></span> <span class='ocrx_word' id='word_1_726' title='bbox 832 4944 876 4976; x_wconf 76' lang='grc'><strong>⁸⁸</strong></span> <span class='ocrx_word' id='word_1_727' title='bbox 903 4944 1056 4998; x_wconf 78' lang='lat' dir='ltr'><strong>Prov.</strong></span> <span class='ocrx_word' id='word_1_728' title='bbox 1089 4963 1224 5009; x_wconf 69' lang='grc' dir='ltr'>χχιι,</span> <span class='ocrx_word' id='word_1_729' title='bbox 1257 4947 1344 5001; x_wconf 70' lang='grc' dir='ltr'><strong>ΞΟ.</strong></span> 
     </span>
    </p>
   </div>
   <div class='ocr_carea' id='block_1_97' title="bbox 243 5035 1738 5112">
    <p class='ocr_par' dir='ltr' id='par_1_97' title="bbox 243 5035 1738 5112">
     <span class='ocr_line' id='line_1_97' title="bbox 243 5035 1738 5112; baseline 0.002 -19"><span class='ocrx_word' id='word_1_730' title='bbox 243 5039 349 5108; x_wconf 71' lang='grc' dir='ltr'><strong>(Ξ8)</strong></span> <span class='ocrx_word' id='word_1_731' title='bbox 383 5039 451 5094; x_wconf 82' lang='grc' dir='ltr'>Ἡ</span> <span class='ocrx_word' id='word_1_732' title='bbox 467 5035 839 5106; x_wconf 73' lang='grc' dir='ltr'>ἐλπιζομένῃ.</span> <span class='ocrx_word' id='word_1_733' title='bbox 867 5035 1002 5104; x_wconf 72' lang='lat' dir='ltr'><strong>Reg.</strong></span> <span class='ocrx_word' id='word_1_734' title='bbox 1028 5039 1136 5104; x_wconf 90' lang='lat' dir='ltr'><strong>btn,</strong></span> <span class='ocrx_word' id='word_1_735' title='bbox 1175 5050 1228 5093; x_wconf 82' lang='lat' dir='ltr'><strong>et</strong></span> <span class='ocrx_word' id='word_1_736' title='bbox 1257 5038 1350 5094; x_wconf 87' lang='lat' dir='ltr'><strong>Or.</strong></span> <span class='ocrx_word' id='word_1_737' title='bbox 1391 5041 1441 5105; x_wconf 84' lang='grc'>1,</span> <span class='ocrx_word' id='word_1_738' title='bbox 1474 5041 1540 5112; x_wconf 84' lang='grc' dir='ltr'>ἢν</span> <span class='ocrx_word' id='word_1_739' title='bbox 1585 5043 1738 5096; x_wconf 68' lang='grc' dir='ltr'>ὲλπίο</span> 
     </span>
    </p>
   </div>
   <div class='ocr_carea' id='block_1_98' title="bbox 183 5106 1706 5264">
    <p class='ocr_par' dir='ltr' id='par_1_98' title="bbox 183 5106 1706 5264">
     <span class='ocr_line' id='line_1_98' title="bbox 183 5106 1506 5178; baseline 0.002 -18"><span class='ocrx_word' id='word_1_740' title='bbox 183 5106 352 5178; x_wconf 72' lang='grc' dir='ltr'>ξομεν.</span> <span class='ocrx_word' id='word_1_741' title='bbox 1496 5106 1506 5112; x_wconf 81' lang='grc'><em>’</em></span> 
     </span>
     <span class='ocr_line' id='line_1_99' title="bbox 247 5175 1706 5264; baseline 0 0"><span class='ocrx_word' id='word_1_742' title='bbox 247 5175 1067 5264; x_wconf 53' lang='lat' dir='ltr'><strong>92W-,Dessti&#39;lneg-Jez-</strong></span> <span class='ocrx_word' id='word_1_743' title='bbox 1201 5245 1395 5264; x_wconf 55' lang='grc' dir='ltr'>ω...</span> <span class='ocrx_word' id='word_1_744' title='bbox 1555 5252 1565 5264; x_wconf 94' lang='grc'><strong>.</strong></span> <span class='ocrx_word' id='word_1_745' title='bbox 1696 5253 1706 5264; x_wconf 93' lang='grc'><strong>.</strong></span> 
     </span>
    </p>
   </div>
   <div class='ocr_carea' id='block_1_99' title="bbox 247 5245 1737 5330">
    <p class='ocr_par' dir='ltr' id='par_1_99' title="bbox 247 5245 1737 5330">
     <span class='ocr_line' id='line_1_100' title="bbox 247 5245 1737 5330; baseline 0.003 -29"><span class='ocrx_word' id='word_1_746' title='bbox 247 5245 796 5330; x_wconf 40' lang='grc' dir='ltr'>(ὅθλᾈπογράξετᾳι</span> <span class='ocrx_word' id='word_1_747' title='bbox 829 5245 1108 5330; x_wconf 56' lang='grc' dir='ltr'>τριοςσῶς.</span> <span class='ocrx_word' id='word_1_748' title='bbox 1138 5265 1162 5329; x_wconf 40' lang='grc' dir='ltr'>,ι</span> <span class='ocrx_word' id='word_1_749' title='bbox 1197 5245 1488 5330; x_wconf 60' lang='lat' dir='ltr'><strong>Irilariam</strong></span> <span class='ocrx_word' id='word_1_750' title='bbox 1534 5252 1737 5306; x_wconf 87' lang='lat' dir='ltr'><strong>descri-</strong></span> 
     </span>
    </p>
   </div>
   <div class='ocr_carea' id='block_1_100' title="bbox 181 5317 1734 5386">
    <p class='ocr_par' dir='ltr' id='par_1_100' title="bbox 181 5317 1734 5386">
     <span class='ocr_line' id='line_1_101' title="bbox 181 5317 1734 5386; baseline 0.003 -15"><span class='ocrx_word' id='word_1_751' title='bbox 181 5317 485 5372; x_wconf 78' lang='lat' dir='ltr'><strong>bit.rElias</strong></span> <span class='ocrx_word' id='word_1_752' title='bbox 530 5317 782 5384; x_wconf 81' lang='lat' dir='ltr'><strong>intelligit</strong></span> <span class='ocrx_word' id='word_1_753' title='bbox 831 5321 897 5368; x_wconf 89' lang='lat' dir='ltr'><strong>de</strong></span> <span class='ocrx_word' id='word_1_754' title='bbox 957 5317 1151 5383; x_wconf 89' lang='lat' dir='ltr'><strong>triplici</strong></span> <span class='ocrx_word' id='word_1_755' title='bbox 1197 5317 1490 5386; x_wconf 70' lang='lat' dir='ltr'><strong>Scriptura:</strong></span> <span class='ocrx_word' id='word_1_756' title='bbox 1541 5337 1734 5384; x_wconf 85' lang='lat' dir='ltr'><strong>sensu,</strong></span> 
     </span>
    </p>
   </div>
   <div class='ocr_carea' id='block_1_101' title="bbox 185 5387 1735 5468">
    <p class='ocr_par' dir='ltr' id='par_1_101' title="bbox 185 5387 1735 5460">
     <span class='ocr_line' id='line_1_102' title="bbox 185 5387 1735 5460; baseline 0.006 -23"><span class='ocrx_word' id='word_1_757' title='bbox 185 5404 202 5437; x_wconf 80' lang='grc' dir='ltr'><strong>ι</strong></span> <span class='ocrx_word' id='word_1_758' title='bbox 227 5389 477 5448; x_wconf 62' lang='lat' dir='ltr'><strong>historico</strong></span> <span class='ocrx_word' id='word_1_759' title='bbox 512 5404 531 5438; x_wconf 74' lang='grc' dir='ltr'><strong>ι</strong></span> <span class='ocrx_word' id='word_1_760' title='bbox 563 5387 792 5449; x_wconf 87' lang='lat' dir='ltr'><strong>scilicet,</strong></span> <span class='ocrx_word' id='word_1_761' title='bbox 816 5403 834 5436; x_wconf 80' lang='grc' dir='ltr'><strong>ι</strong></span> <span class='ocrx_word' id='word_1_762' title='bbox 862 5387 1068 5450; x_wconf 82' lang='lat' dir='ltr'><strong>morali,</strong></span> <span class='ocrx_word' id='word_1_763' title='bbox 1105 5396 1160 5441; x_wconf 83' lang='lat' dir='ltr'><strong>et</strong></span> <span class='ocrx_word' id='word_1_764' title='bbox 1183 5391 1498 5460; x_wconf 78' lang='lat' dir='ltr'><strong>auagogico,</strong></span> <span class='ocrx_word' id='word_1_765' title='bbox 1524 5408 1543 5441; x_wconf 76' lang='grc' dir='ltr'><strong>ι</strong></span> <span class='ocrx_word' id='word_1_766' title='bbox 1569 5389 1735 5458; x_wconf 87' lang='lat' dir='ltr'><strong>idest,</strong></span> 
     </span>
    </p>
   </div>
   <div class='ocr_carea' id='block_1_102' title="bbox 186 5467 1725 5612">
    <p class='ocr_par' dir='ltr' id='par_1_102' title="bbox 186 5467 1725 5612">
     <span class='ocr_line' id='line_1_103' title="bbox 186 5467 1725 5612; baseline -0.006 -18"><span class='ocrx_word' id='word_1_767' title='bbox 186 5467 713 5612; x_wconf 41' lang='lat' dir='ltr'><strong>:llglslngrgﬂéfoc</strong></span> <span class='ocrx_word' id='word_1_768' title='bbox 747 5525 857 5593; x_wconf 85' lang='grc' dir='ltr'><strong>τῆς</strong></span> <span class='ocrx_word' id='word_1_769' title='bbox 877 5527 1142 5595; x_wconf 77' lang='grc' dir='ltr'>καρδίας.</span> <span class='ocrx_word' id='word_1_770' title='bbox 1167 5527 1280 5582; x_wconf 90' lang='lat' dir='ltr'><strong>Duo</strong></span> <span class='ocrx_word' id='word_1_771' title='bbox 1323 5525 1517 5600; x_wconf 80' lang='lat' dir='ltr'><strong>chg.,</strong></span> <span class='ocrx_word' id='word_1_772' title='bbox 1543 5538 1597 5585; x_wconf 89' lang='lat' dir='ltr'><strong>et</strong></span> <span class='ocrx_word' id='word_1_773' title='bbox 1635 5527 1725 5585; x_wconf 88' lang='lat' dir='ltr'><strong>Or.</strong></span> 
     </span>
    </p>
   </div>
   <div class='ocr_carea' id='block_1_103' title="bbox 179 5594 716 5661">
    <p class='ocr_par' dir='ltr' id='par_1_103' title="bbox 179 5594 716 5661">
     <span class='ocr_line' id='line_1_104' title="bbox 179 5594 716 5661; baseline -0.002 -13"><span class='ocrx_word' id='word_1_774' title='bbox 179 5595 229 5661; x_wconf 72' lang='grc'>1,</span> <span class='ocrx_word' id='word_1_775' title='bbox 249 5594 455 5656; x_wconf 78' lang='grc' dir='ltr'>πλάτος.</span> <span class='ocrx_word' id='word_1_776' title='bbox 470 5594 716 5661; x_wconf 84' lang='grc' dir='ltr'>καρδίας.</span> 
     </span>
    </p>
   </div>
   <div class='ocr_carea' id='block_1_104' title="bbox 241 5663 1231 5742">
    <p class='ocr_par' dir='ltr' id='par_1_104' title="bbox 241 5663 1231 5742">
     <span class='ocr_line' id='line_1_105' title="bbox 241 5663 1231 5742; baseline 0.011 -28"><span class='ocrx_word' id='word_1_777' title='bbox 241 5666 344 5742; x_wconf 53' lang='grc' dir='ltr'>(ἐξ.)</span> <span class='ocrx_word' id='word_1_778' title='bbox 531 5663 672 5742; x_wconf 74' lang='lat' dir='ltr'><strong>Reg.~</strong></span> <span class='ocrx_word' id='word_1_779' title='bbox 691 5663 783 5728; x_wconf 84' lang='lat' dir='ltr'><strong>hit,</strong></span> <span class='ocrx_word' id='word_1_780' title='bbox 806 5675 860 5742; x_wconf 88' lang='lat' dir='ltr'><strong>e_t</strong></span> <span class='ocrx_word' id='word_1_781' title='bbox 885 5667 978 5724; x_wconf 89' lang='lat' dir='ltr'><strong>Ot&#39;.</strong></span> <span class='ocrx_word' id='word_1_782' title='bbox 1003 5667 1053 5731; x_wconf 82' lang='grc' dir='ltr'>Ι,</span> <span class='ocrx_word' id='word_1_783' title='bbox 1076 5670 1231 5742; x_wconf 76' lang='grc' dir='ltr'>ἀλλά.</span> 
     </span>
    </p>
   </div>
   <div class='ocr_carea' id='block_1_105' title="bbox 239 5735 1630 5812">
    <p class='ocr_par' dir='ltr' id='par_1_105' title="bbox 239 5735 1630 5812">
     <span class='ocr_line' id='line_1_106' title="bbox 239 5735 1630 5812; baseline 0.006 -25"><span class='ocrx_word' id='word_1_784' title='bbox 239 5735 342 5809; x_wconf 75' lang='grc'><strong>(55)</strong></span> <span class='ocrx_word' id='word_1_785' title='bbox 372 5735 792 5801; x_wconf 82' lang='grc' dir='ltr'>Περιπαρῆναι.</span> <span class='ocrx_word' id='word_1_786' title='bbox 825 5735 879 5789; x_wconf 90' lang='lat' dir='ltr'><strong>ln</strong></span> <span class='ocrx_word' id='word_1_787' title='bbox 921 5741 1204 5809; x_wconf 86' lang='lat' dir='ltr'><strong>nonnullis,</strong></span> <span class='ocrx_word' id='word_1_788' title='bbox 1231 5741 1630 5812; x_wconf 71' lang='grc' dir='ltr'>περιπαρεῖναιι</span> 
     </span>
    </p>
   </div>
   <div class='ocr_carea' id='block_1_106' title="bbox 393 5824 1154 5890">
    <p class='ocr_par' dir='ltr' id='par_1_106' title="bbox 393 5824 1154 5890">
     <span class='ocr_line' id='line_1_107' title="bbox 393 5824 1154 5890; baseline 0.004 -3"><span class='ocrx_word' id='word_1_789' title='bbox 393 5827 669 5887; x_wconf 58' lang='lat' dir='ltr'><strong>Panem.</strong></span> <span class='ocrx_word' id='word_1_790' title='bbox 709 5824 826 5886; x_wconf 79' lang='lat' dir='ltr'><strong>Gn.</strong></span> <span class='ocrx_word' id='word_1_791' title='bbox 862 5828 1154 5890; x_wconf 79' lang='lat' dir='ltr'>XXXVI.</span> 
     </span>
    </p>
   </div>
   <div class='ocr_carea' id='block_1_107' title="bbox 1842 5346 1958 5382">
    <p class='ocr_par' dir='ltr' id='par_1_107' title="bbox 1842 5346 1958 5382">
     <span class='ocr_line' id='line_1_108' title="bbox 1842 5346 1958 5382; baseline 0.009 -1"><span class='ocrx_word' id='word_1_792' title='bbox 1842 5346 1958 5382; x_wconf 87' lang='grc' dir='ltr'>σαν.</span> 
     </span>
    </p>
   </div>
   <div class='ocr_carea' id='block_1_108' title="bbox 1839 5402 2354 5464">
    <p class='ocr_par' dir='ltr' id='par_1_108' title="bbox 1839 5402 2354 5464">
     <span class='ocr_line' id='line_1_109' title="bbox 1839 5402 2354 5464; baseline 0.002 -13"><span class='ocrx_word' id='word_1_793' title='bbox 1839 5402 1980 5453; x_wconf 87' lang='lat' dir='ltr'><strong>nicie</strong></span> <span class='ocrx_word' id='word_1_794' title='bbox 2021 5404 2303 5464; x_wconf 77' lang='lat' dir='ltr'><strong>irrepsere.</strong></span> <span class='ocrx_word' id='word_1_795' title='bbox 2336 5421 2354 5452; x_wconf 74' lang='grc' dir='ltr'><strong>ι</strong></span> 
     </span>
    </p>
   </div>
   <div class='ocr_carea' id='block_1_109' title="bbox 1848 4771 3419 4844">
    <p class='ocr_par' dir='ltr' id='par_1_109' title="bbox 1848 4771 3419 4844">
     <span class='ocr_line' id='line_1_110' title="bbox 1848 4771 3419 4844; baseline 0.011 -22"><span class='ocrx_word' id='word_1_796' title='bbox 1848 4771 2133 4826; x_wconf 82' lang='lat' dir='ltr'><strong>sationem.</strong></span> <span class='ocrx_word' id='word_1_797' title='bbox 2177 4771 2350 4844; x_wconf 85' lang='lat' dir='ltr'><strong>Prope</strong></span> <span class='ocrx_word' id='word_1_798' title='bbox 2381 4783 2450 4837; x_wconf 86' lang='lat' dir='ltr'><strong>te.</strong></span> <span class='ocrx_word' id='word_1_799' title='bbox 2491 4774 2744 4844; x_wconf 82' lang='lat' dir='ltr'><strong>inquit”,</strong></span> <span class='ocrx_word' id='word_1_800' title='bbox 2775 4776 2982 4830; x_wconf 83' lang='lat' dir='ltr'><strong>verbum</strong></span> <span class='ocrx_word' id='word_1_801' title='bbox 3035 4790 3108 4834; x_wconf 78' lang='lat' dir='ltr'><strong>est</strong></span> <span class='ocrx_word' id='word_1_802' title='bbox 3133 4797 3152 4834; x_wconf 91' lang='lat'><strong><em>:</em></strong></span> <span class='ocrx_word' id='word_1_803' title='bbox 3183 4798 3334 4838; x_wconf 86' lang='lat' dir='ltr'><strong>mens</strong></span> <span class='ocrx_word' id='word_1_804' title='bbox 3364 4799 3419 4840; x_wconf 89' lang='lat' dir='ltr'><strong>et.</strong></span> 
     </span>
    </p>
   </div>
   <div class='ocr_carea' id='block_1_110' title="bbox 1847 4862 3417 4935">
    <p class='ocr_par' dir='ltr' id='par_1_110' title="bbox 1847 4862 3417 4935">
     <span class='ocr_line' id='line_1_111' title="bbox 1847 4862 3417 4935; baseline 0.011 -20"><span class='ocrx_word' id='word_1_805' title='bbox 1847 4862 2025 4934; x_wconf 89' lang='lat' dir='ltr'><strong>lingua</strong></span> <span class='ocrx_word' id='word_1_806' title='bbox 2069 4867 2376 4921; x_wconf 86' lang='lat' dir='ltr'><strong>thesaurum</strong></span> <span class='ocrx_word' id='word_1_807' title='bbox 2411 4867 2550 4922; x_wconf 88' lang='lat' dir='ltr'><strong>hunc</strong></span> <span class='ocrx_word' id='word_1_808' title='bbox 2600 4868 2834 4935; x_wconf 88' lang='lat' dir='ltr'><strong>habent;</strong></span> <span class='ocrx_word' id='word_1_809' title='bbox 2887 4869 2973 4926; x_wconf 86' lang='lat' dir='ltr'><strong>illa</strong></span> <span class='ocrx_word' id='word_1_810' title='bbox 3016 4873 3266 4930; x_wconf 80' lang='lat' dir='ltr'><strong>videlicet</strong></span> <span class='ocrx_word' id='word_1_811' title='bbox 3295 4891 3417 4932; x_wconf 70' lang='lat' dir='ltr'><strong>creo&quot;</strong></span> 
     </span>
    </p>
   </div>
   <div class='ocr_carea' id='block_1_111' title="bbox 1424 4949 1887 5022">
    <p class='ocr_par' dir='ltr' id='par_1_111' title="bbox 1424 4949 1887 5022">
     <span class='ocr_line' id='line_1_112' title="bbox 1424 4949 1887 5022; baseline 0.017 -20"><span class='ocrx_word' id='word_1_812' title='bbox 1424 4950 1468 4980; x_wconf 67' lang='lat'><strong>9°</strong></span> <span class='ocrx_word' id='word_1_813' title='bbox 1497 4949 1538 5004; x_wconf 93' lang='lat' dir='ltr'><strong>ll</strong></span> <span class='ocrx_word' id='word_1_814' title='bbox 1559 4950 1684 5007; x_wconf 88' lang='lat' dir='ltr'><strong>Cor.</strong></span> <span class='ocrx_word' id='word_1_815' title='bbox 1713 4969 1807 5022; x_wconf 81' lang='lat' dir='ltr'><strong>xu,</strong></span> <span class='ocrx_word' id='word_1_816' title='bbox 1834 4956 1887 5010; x_wconf 75' lang='grc'><strong>2.</strong></span> 
     </span>
    </p>
   </div>
   <div class='ocr_carea' id='block_1_112' title="bbox 1965 4958 2806 5024">
    <p class='ocr_par' dir='ltr' id='par_1_112' title="bbox 1965 4958 2806 5024">
     <span class='ocr_line' id='line_1_113' title="bbox 1965 4958 2806 5024; baseline 0.01 -14"><span class='ocrx_word' id='word_1_817' title='bbox 1965 4959 2006 4990; x_wconf 82' lang='grc'><strong>⁹¹</strong></span> <span class='ocrx_word' id='word_1_818' title='bbox 2044 4958 2199 5012; x_wconf 70' lang='lat' dir='ltr'><strong>“om.</strong></span> <span class='ocrx_word' id='word_1_819' title='bbox 2233 4976 2284 5024; x_wconf 73' lang='grc' dir='ltr'><strong>κ,</strong></span> <span class='ocrx_word' id='word_1_820' title='bbox 2315 4960 2365 5024; x_wconf 82' lang='grc'>6,</span> <span class='ocrx_word' id='word_1_821' title='bbox 2392 4962 2444 5015; x_wconf 92' lang='grc'>7.</span> <span class='ocrx_word' id='word_1_822' title='bbox 2520 4963 2565 4993; x_wconf 74' lang='grc'>³³</span> <span class='ocrx_word' id='word_1_823' title='bbox 2595 4963 2724 5017; x_wconf 85' lang='lat' dir='ltr'><strong>ibid.</strong></span> <span class='ocrx_word' id='word_1_824' title='bbox 2752 4963 2806 5018; x_wconf 90' lang='lat'><strong>8.</strong></span> 
     </span>
    </p>
   </div>
   <div class='ocr_carea' id='block_1_113' title="bbox 1909 5049 3302 5126">
    <p class='ocr_par' dir='ltr' id='par_1_113' title="bbox 1909 5049 3302 5126">
     <span class='ocr_line' id='line_1_114' title="bbox 1909 5049 3302 5126; baseline 0.009 -22"><span class='ocrx_word' id='word_1_825' title='bbox 1909 5049 2020 5126; x_wconf 58' lang='grc' dir='ltr'><strong>(ξᾷ)</strong></span> <span class='ocrx_word' id='word_1_826' title='bbox 2046 5053 2562 5126; x_wconf 50' lang='grc' dir='ltr'>Ἀναι·εὐσεως.-1ιι</span> <span class='ocrx_word' id='word_1_827' title='bbox 2587 5055 2928 5123; x_wconf 85' lang='lat' dir='ltr'><strong>quibusdam,</strong></span> <span class='ocrx_word' id='word_1_828' title='bbox 2960 5059 3302 5126; x_wconf 69' lang='grc' dir='ltr'>ἀναϐάσεως.</span> 
     </span>
    </p>
   </div>
   <div class='ocr_carea' id='block_1_114' title="bbox 1909 5121 3408 5203">
    <p class='ocr_par' dir='ltr' id='par_1_114' title="bbox 1909 5121 3408 5203">
     <span class='ocr_line' id='line_1_115' title="bbox 1909 5121 3408 5203; baseline 0.011 -31"><span class='ocrx_word' id='word_1_829' title='bbox 1909 5121 2020 5203; x_wconf 66' lang='grc'><strong>(55)</strong></span> <span class='ocrx_word' id='word_1_830' title='bbox 2054 5124 2451 5203; x_wconf 58' lang='grc' dir='ltr'>Εὺγξλωττίας.</span> <span class='ocrx_word' id='word_1_831' title='bbox 2480 5121 2816 5197; x_wconf 68' lang='lat' dir='ltr'><strong>Reg.Cypr.-,</strong></span> <span class='ocrx_word' id='word_1_832' title='bbox 2834 5125 3132 5198; x_wconf 83' lang='grc' dir='ltr'>εὐτεχνίας,</span> <span class='ocrx_word' id='word_1_833' title='bbox 3154 5151 3171 5182; x_wconf 81' lang='grc' dir='ltr'><strong>ι</strong></span> <span class='ocrx_word' id='word_1_834' title='bbox 3195 5121 3408 5203; x_wconf 53' lang='lat' dir='ltr'><strong>sapiens</strong></span> 
     </span>
    </p>
   </div>
   <div class='ocr_carea' id='block_1_115' title="bbox 1840 5193 2419 5246">
    <p class='ocr_par' dir='ltr' id='par_1_115' title="bbox 1840 5193 2419 5246">
     <span class='ocr_line' id='line_1_116' title="bbox 1840 5193 2419 5246; baseline 0.01 -5"><span class='ocrx_word' id='word_1_835' title='bbox 1840 5193 1926 5243; x_wconf 68' lang='lat' dir='ltr'><strong>lite</strong></span> <span class='ocrx_word' id='word_1_836' title='bbox 1955 5201 2008 5243; x_wconf 83' lang='lat' dir='ltr'><strong>et</strong></span> <span class='ocrx_word' id='word_1_837' title='bbox 2031 5195 2370 5246; x_wconf 83' lang='lat' dir='ltr'><strong>eruditionis.</strong></span> <span class='ocrx_word' id='word_1_838' title='bbox 2401 5211 2419 5246; x_wconf 78' lang='grc' dir='ltr'><strong>ι</strong></span> 
     </span>
    </p>
   </div>
   <div class='ocr_carea' id='block_1_116' title="bbox 1910 5261 3406 5344">
    <p class='ocr_par' dir='ltr' id='par_1_116' title="bbox 1910 5261 3406 5344">
     <span class='ocr_line' id='line_1_117' title="bbox 1910 5261 3406 5344; baseline 0.008 -31"><span class='ocrx_word' id='word_1_839' title='bbox 1910 5261 2652 5344; x_wconf 36' lang='grc' dir='ltr'><strong>(ὃϋλΕὶᾳ-έέρησανηοηιιᾉ</strong></span> <span class='ocrx_word' id='word_1_840' title='bbox 2674 5265 2739 5344; x_wconf 45' lang='grc'><strong>1.,</strong></span> <span class='ocrx_word' id='word_1_841' title='bbox 2771 5265 3021 5344; x_wconf 56' lang='lat' dir='ltr'><strong>aliique,</strong></span> <span class='ocrx_word' id='word_1_842' title='bbox 3077 5271 3406 5344; x_wconf 71' lang='grc' dir='ltr'>είσεφθάρηι</span> 
     </span>
    </p>
   </div>
   <div class='ocr_carea' id='block_1_117' title="bbox 2001 5332 3404 5412">
    <p class='ocr_par' dir='ltr' id='par_1_117' title="bbox 2001 5332 3404 5412">
     <span class='ocr_line' id='line_1_118' title="bbox 2001 5332 3404 5412; baseline 0.012 -31"><span class='ocrx_word' id='word_1_843' title='bbox 2001 5332 2152 5412; x_wconf 76' lang='lat' dir='ltr'><strong>Quod</strong></span> <span class='ocrx_word' id='word_1_844' title='bbox 2200 5336 2585 5402; x_wconf 86' lang='lat' dir='ltr'><strong>interpretatur</strong></span> <span class='ocrx_word' id='word_1_845' title='bbox 2621 5332 2954 5392; x_wconf 80' lang='lat' dir='ltr'><strong>Scholiastés</strong></span> <span class='ocrx_word' id='word_1_846' title='bbox 2979 5332 3013 5392; x_wconf 67' lang='grc' dir='ltr'><strong>ι⁷</strong></span> <span class='ocrx_word' id='word_1_847' title='bbox 3043 5358 3060 5390; x_wconf 77' lang='grc' dir='ltr'><strong>ι</strong></span> <span class='ocrx_word' id='word_1_848' title='bbox 3095 5332 3242 5396; x_wconf 69' lang='lat' dir='ltr'><strong>certa</strong></span> <span class='ocrx_word' id='word_1_849' title='bbox 3281 5332 3404 5412; x_wconf 57' lang='lat' dir='ltr'><strong>p&#39;erc&#39;</strong></span> 
     </span>
    </p>
   </div>
   <div class='ocr_carea' id='block_1_118' title="bbox 1912 5470 3402 5550">
    <p class='ocr_par' dir='ltr' id='par_1_118' title="bbox 1912 5470 3402 5550">
     <span class='ocr_line' id='line_1_119' title="bbox 1912 5470 3402 5550; baseline 0.009 -27"><span class='ocrx_word' id='word_1_850' title='bbox 1912 5471 2024 5542; x_wconf 84' lang='lat'><strong>(57)</strong></span> <span class='ocrx_word' id='word_1_851' title='bbox 2053 5471 2242 5525; x_wconf 80' lang='grc' dir='ltr'><strong>Οὐδὲν</strong></span> <span class='ocrx_word' id='word_1_852' title='bbox 2274 5470 2385 5540; x_wconf 81' lang='grc' dir='ltr'>τῆς</span> <span class='ocrx_word' id='word_1_853' title='bbox 2417 5472 2692 5542; x_wconf 76' lang='grc' dir='ltr'>χάριτος,</span> <span class='ocrx_word' id='word_1_854' title='bbox 2735 5485 2839 5532; x_wconf 86' lang='lat' dir='ltr'><strong>clc.</strong></span> <span class='ocrx_word' id='word_1_855' title='bbox 2879 5493 2898 5528; x_wconf 74' lang='grc' dir='ltr'><strong>ι</strong></span> <span class='ocrx_word' id='word_1_856' title='bbox 2939 5477 3080 5533; x_wconf 84' lang='lat' dir='ltr'><strong>Nihil</strong></span> <span class='ocrx_word' id='word_1_857' title='bbox 3117 5480 3290 5550; x_wconf 85' lang='lat' dir='ltr'><strong>gratia</strong></span> <span class='ocrx_word' id='word_1_858' title='bbox 3325 5481 3402 5538; x_wconf 58' lang='lat' dir='ltr'><strong>di!</strong></span> 
     </span>
    </p>
   </div>
   <div class='ocr_carea' id='block_1_119' title="bbox 1838 5540 2009 5593">
    <p class='ocr_par' dir='ltr' id='par_1_119' title="bbox 1838 5540 2009 5593">
     <span class='ocr_line' id='line_1_120' title="bbox 1838 5540 2009 5593; baseline 0 -2"><span class='ocrx_word' id='word_1_859' title='bbox 1838 5540 1964 5593; x_wconf 82' lang='lat' dir='ltr'><strong>tius.</strong></span> <span class='ocrx_word' id='word_1_860' title='bbox 1991 5540 2009 5591; x_wconf 61' lang='grc' dir='ltr'><strong>ί</strong></span> 
     </span>
    </p>
   </div>
   <div class='ocr_carea' id='block_1_120' title="bbox 1907 5587 3375 5691">
    <p class='ocr_par' dir='ltr' id='par_1_120' title="bbox 1907 5587 3375 5691">
     <span class='ocr_line' id='line_1_121' title="bbox 1907 5587 3375 5691; baseline 0.003 -24"><span class='ocrx_word' id='word_1_861' title='bbox 2050 5587 2458 5680; x_wconf 69' lang='grc' dir='ltr'>Ἅγαρ-πάσης.</span> <span class='ocrx_word' id='word_1_862' title='bbox 2483 5611 2579 5670; x_wconf 89' lang='lat' dir='ltr'><strong>Or.</strong></span> <span class='ocrx_word' id='word_1_863' title='bbox 2617 5614 2668 5682; x_wconf 81' lang='grc'>1,</span> <span class='ocrx_word' id='word_1_864' title='bbox 2701 5625 2755 5671; x_wconf 88' lang='lat' dir='ltr'><strong>et</strong></span> <span class='ocrx_word' id='word_1_865' title='bbox 2802 5615 3088 5673; x_wconf 83' lang='lat' dir='ltr'><strong>Combelis.</strong></span> <span class='ocrx_word' id='word_1_866' title='bbox 3118 5648 3135 5683; x_wconf 66' lang='grc' dir='ltr'><strong><em>ο</em></strong></span> <span class='ocrx_word' id='word_1_867' title='bbox 3169 5619 3375 5691; x_wconf 78' lang='grc' dir='ltr'>ἁναστή</span> 
     </span>
    </p>
   </div>
   <div class='ocr_carea' id='block_1_121' title="bbox 1835 5695 1952 5753">
    <p class='ocr_par' dir='ltr' id='par_1_121' title="bbox 1835 5695 1952 5753">
     <span class='ocr_line' id='line_1_122' title="bbox 1835 5695 1952 5753; baseline 0.009 0"><span class='ocrx_word' id='word_1_868' title='bbox 1835 5695 1952 5753; x_wconf 54' lang='lat' dir='ltr'><strong>«ac.</strong></span> 
     </span>
    </p>
   </div>
   <div class='ocr_carea' id='block_1_122' title="bbox 3039 5838 3076 5904">
    <p class='ocr_par' dir='ltr' id='par_1_122' title="bbox 3039 5838 3076 5904">
     <span class='ocr_line' id='line_1_123' title="bbox 3039 5838 3076 5904; baseline 0 -3"><span class='ocrx_word' id='word_1_869' title='bbox 3039 5838 3076 5904; x_wconf 78' lang='lat'><strong>7</strong></span> 
     </span>
    </p>
   </div>
  </div>
