4010 6316
509 342 618 399 205

1713 335 1771 391 S.
1815 332 2145 390 GREGORII
2184 331 2530 389 THEULOGI

3669 335 3783 390 204

509 461 705 525 tlettdo,
757 460 869 513 huic
911 455 1232 512 confitendo.
1282 453 1416 521 Quid
1467 453 1550 507 his
1591 453 1794 508 divitiis
1829 467 2079 522 compen-

2191 451 2247 502 Τί
2284 451 2471 504 τούτου
2505 450 2906 524 συντομώτερον
2926 451 3017 505 τοῦ
3050 451 3312 518 πλούτου;
3347 452 3399 505 τί
3436 453 3635 524 ταύτης
3663 455 3782 526 (59)

510 549 752 603 diosius?
783 546 920 612 Quid
953 547 1052 600 hoc
1083 541 1343 599 beneficio
1366 541 1576 598 facilius
1601 552 1649 598 et
1684 541 2084 611 expromptius?

513 638 784 694 Confitere
819 636 998 692 Jesum
1030 635 1333 698 Christum,
1362 648 1594 703 eumque
1623 648 1650 686 a
1697 643 1870 687 morte
1903 634 1967 686 ad
2003 633 2081 685 vi-

512 715 632 781 tam-
657 727 876 781 rediisse
905 725 1086 787 crede,
1117 733 1170 778 et
1215 722 1441 776 salutem
1471 722 1841 792 consequeris.
1875 721 2082 774 Etenim

507 818 714 887 jnstitia
748 815 962 885 quidem
999 823 1108 879 est,
1138 811 1220 868 vel
1261 811 1432 868 solum
1461 813 1722 876 credere;
1751 821 1805 865 at
1849 811 2085 879 perfecta

509 909 655 962 salus
679 909 732 961 in
763 922 827 962 eo
857 907 959 961 sita
993 914 1094 970 est,
1126 914 1184 959 ιιι
1207 904 1369 958 etiam
1411 905 1782 968 confiteantur,
1812 917 1874 956 ac
1900 901 2085 970 cegni-

513 999 642 1054 tioni
671 997 878 1054 dicendi
911 998 1214 1052 libertatem
1253 995 1628 1064 atljnngamus.
1665 993 1744 1048 Tu
1794 994 1964 1061 majus
1994 993 2087 1047 ali-

511 1092 640 1160 quid
673 1090 848 1147 salute
901 1090 1119 1160 quaeris,
1159 1101 1347 1157 nempe
1379 1085 1597 1140 alterius
1629 1085 1749 1140 vita:
1775 1084 1997 1154 gloriam
2033 1092 2088 1137 et

509 1183 882 1251 splendorem;
919 1180 1048 1233 mihi
1080 1195 1208 1234 vero
1236 1178 1464 1234 salutent
1497 1177 1750 1244 consequi
1791 1177 2085 1229 maximum

507 1285 612 1338 est,
653 1283 707 1328 et
758 1275 964 1326 futuras
997 1287 1184 1340 pmnas
1212 1272 1402 1327 vitare.
1436 1269 1513 1322 'I‘u
1552 1269 1690 1322 viam
1740 1268 1961 1321 minime
1993 1267 2090 1319 tri-

513 1377 702 1421 tamet
755 1367 1088 1421 inaccessam
1148 1364 1488 1435 ingrederis;
1546 1378 1643 1434 ego
1694 1364 1876 1418 tritam
1924 1371 2087 1431 atque

508 1457 789 1518 calcatam,
821 1464 872 1508 et
903 1470 1004 1523 qua
1039 1453 1190 1508 multi
1217 1455 1282 1507 ad
1306 1453 1530 1507 salutem
1559 1463 1941 1522 pervenerunt.

585 1545 769 1601 XXVI.
813 1543 953 1598 Nihil
999 1544 1102 1599 fide
1151 1553 1358 1610 nostra,
1410 1543 1630 1608 fratres,
1682 1543 1919 1612 iniquius
1963 1541 2086 1611 fingi

510 1650 712 1709 posset,
754 1641 798 1694 si
838 1639 889 1694 in
931 1639 1172 1693 eruditos
1225 1645 1434 1692 tantum
1476 1636 1795 1705 dicendique
1837 1634 2090 1690 facultate

511 1749 575 1787 ac
606 1730 795 1801 logicis
828 1728 1380 1786 detnonstrationibus
1413 1727 1814 1796 praestantiores
1848 1727 2082 1788 caderet;

508 1823 782 1893 popularis
839 1831 1018 1876 autem
1069 1821 1376 1884 multitudo,
1443 1829 1504 1872 ut
1559 1834 1692 1873 auro
1737 1829 1792 1872 et
1835 1828 2079 1888 argento,
2117 1797 2158 1850 Β

509 1917 737 1986 aliisque
783 1913 1032 1970 omnibus
1091 1911 1271 1978 rebus,
1305 1927 1424 1980 qua“:
1459 1911 1546 1966 hic
1577 1911 1629 1965 in
1662 1911 1837 1980 pretio
1880 1908 2083 1962 haben-

510 2019 615 2069 tur,
651 2015 813 2076 atque
862 2019 891 2057 a
945 2002 1216 2072 plerisque
1268 2001 1578 2056 avidissime
1623 2007 1970 2070 expetuntur,
2006 1999 2085 2053 sic

509 2098 613 2151 hac
649 2111 861 2166 quoque
890 2093 1244 2148 frustraretur
1274 2110 1287 2158 ;
1318 2109 1380 2148 ac
1411 2092 1549 2146 Deus
1575 2091 1649 2156 itl,
1672 2091 1815 2160 quod
1840 2089 2004 2144 altum
2032 2099 2085 2144 et

507 2189 780 2244 excelsum
827 2197 929 2250 est,
973 2196 1134 2255 atque
1175 2185 1241 2238 ad
1289 2198 1486 2253 paucos
1555 2184 1830 2252 pertingit,
1874 2191 2083 2251 gratum

507 2288 900 2346 acceptumque
957 2275 1220 2340 haberet;
1279 2283 1488 2338 contra,
1543 2273 1684 2341 qttod
1737 2273 2087 2342 propinquius

507 2379 609 2434 est,
655 2383 753 2422 nec
785 2367 930 2438 vulgi
956 2375 1170 2434 captum
1220 2374 1457 2435 superat,
1495 2373 1875 2434 aSpernaretur
1907 2374 1960 2418 et
2006 2379 2089 2418 re-

503 2461 716 2530 jiceret.
749 2457 884 2512 Nam
923 2472 990 2512 ne
1036 2457 1090 2511 in
1133 2456 1520 2511 moderatiores
1569 2454 1787 2524 quidem
1841 2454 2087 2509 homines

509 2553 614 2606 hoc
640 2549 805 2614 cadit,
839 2559 897 2603 ut
933 2562 1035 2602 non
1066 2547 1255 2617 quales
1292 2547 1422 2616 ipsis
1457 2545 1648 2600 haberi
1703 2545 1937 2600 honores
1963 2559 2084 2614 pos-

509 2651 662 2707 sunt,
694 2641 934 2712 exigant,
969 2639 1062 2694 sed
1091 2637 1481 2694 excellentibus
1513 2645 1716 2691 tantum
1762 2637 2088 2708 eximiisque

512 2732 871 2797 delectentur,
914 2728 1106 2783 nedum
1144 2728 1194 2780 in
1243 2727 1440 2784 Deum;
1473 2725 1584 2794 qui,
1609 2740 1731 2780 eum
1782 2725 1966 2781 multis
1995 2740 2089 2780 no-

512 2819 752 2875 minibus
813 2816 1144 2873 admirabilis
1190 2815 1351 2888 597
1385 2817 1538 2872 nobis
1600 2826 1653 2871 et
1711 2809 2088 2886 suSpiciendus

510 2920 786 2976 occurrat,
837 2910 970 2965 nihil
1024 2919 1202 2964 tamen
1252 2920 1358 2962 tam
1387 2910 1664 2978 proprium
1703 2910 1887 2975 habet,
1921 2925 2083 2978 quam

514 3017 702 3060 omnes
744 3002 1021 3058 beneficiis
1047 2999 1280 3056 afﬁcere.
1313 3000 1520 3056 Usitata
1550 3015 1617 3054 ne
1649 3014 1897 3069 spernas,
1930 2999 2084 3054 nori-

514 3106 686 3152 tatem
713 3111 778 3150 ne
812 3103 1022 3164 captes,
1071 3104 1130 3148 ut
1181 3092 1412 3147 nominis
1450 3092 1789 3162 splendorem
1827 3091 1920 3146 tibi
1947 3091 2086 3161 apud

510 3189 703 3258 vulgus
733 3185 1008 3242 concilies.
1043 3184 1266 3239 Erudiat
1298 3193 1349 3238 te
1379 3182 1607 3237 consilio
1643 3182 1896 3236 Salomon
1928 3199 1944 3237 :
1972 3181 2084 3236 He.

511 3281 619 3334 lior
648 3289 746 3344 est,
782 3279 978 3348 inquit,
1027 3277 1220 3346 exigua
1275 3291 1398 3342 pars
1451 3291 1568 3328 cum
1608 3275 1906 3338 securitate,
1931 3291 2089 3344 quam

518 3387 716 3441 magna
743 3387 861 3424 cum
899 3369 1206 3438 inﬁrmitate
1251 3377 1301 3421 et
1350 3365 1722 3420 incertitudiue
1745 3363 1814 3420 ³³.
1847 3365 1934 3430 Ει,
1973 3365 2088 3420 Με-

509 3463 611 3517 lior
634 3471 711 3518 est
737 3477 936 3533 pauper
987 3459 1261 3514 ambulans
1309 3459 1362 3512 in
1397 3457 1728 3526 simplicitate
1759 3473 1854 3510 sua
1872 3458 1918 3490 ⁸⁸
1946 3457 2089 3528 (nam

509 3554 738 3623 insignis
766 3565 978 3622 quoque
1002 3561 1057 3604 et
1084 3551 1292 3605 erudita
1325 3559 1409 3602 est
1435 3548 1551 3602 hare
1580 3547 1886 3620 parcentia),
1911 3557 1967 3604 et
1993 3549 2083 3618 qui

511 3641 780 3698 sermonis
799 3654 863 3694 ac
889 3638 1128 3693 scientiae
1161 3635 1337 3703 inopia
1383 3635 1610 3701 laborat,
1647 3636 2086 3707 simplicibusque

509 3730 702 3784 verbis
757 3729 1024 3791 innititur,
1051 3735 1212 3795 atque
1262 3725 1313 3779 in
1351 3725 1476 3792 illis,
1511 3735 1762 3795 tanquam
1817 3728 1869 3781 in
1921 3743 2082 3796 parva

511 3829 566 3876 et
600 3821 745 3874 tenui
783 3827 917 3884 rate,
953 3817 1180 3873 salutem
1227 3819 1553 3886 assequitur,
1581 3832 1744 3886 quam
1790 3816 1967 3872 fatuus
2008 3818 2083 3872 la-

509 3911 725 3980 biisqne
758 3921 1066 3980 per-versus,
1095 3907 1184 3987 qui
1230 3906 1683 3976 disputationibus
1723 3915 1780 3960 et
1807 3922 2086 3977 argumen-

515 4007 583 4056 tis
613 4002 790 4070 inepte
841 4008 1002 4070 atque
1041 3997 1288 4068 imperite
1321 3996 1565 4060 confidit,
1599 4010 1663 4050 ac
1705 3995 1907 4051 Christi
1955 4013 2082 4053 crn-

2186 543 2285 613 τῆς
2312 544 2518 614 δωρεᾶς
2555 542 2951 614 εὐκολώτερον;
2996 544 3359 617 Ὀμολὸγησον
3408 547 3612 615 Ἰησοῦν
3640 549 3786 620 Χρι-

2189 636 2312 688 στὸν
2373 635 2504 704 (40),
2566 635 2660 688 καὶ
2699 636 3009 701 πίστευσον,
3050 637 3130 690 ὅτι
3188 639 3252 690 ὲκ
3287 638 3496 708 νεκρῶν
3553 641 3788 710 ἐγήγερ-

2187 741 2296 788 ται,
2337 726 2428 778 καὶ
2459 724 2700 796 σωθήσῃ.
2729 727 3053 797 Δικαιοσύνη
3088 728 3184 798 μὲν
3209 729 3338 798 γὰρ,
3365 731 3458 782 καὶ
3479 729 3544 782 τι,
3566 731 3788 784 πιστεῦ-

2190 833 2278 867 σαι
2316 815 2506 885 μόνον·
2541 816 2781 886 σωτηρία
2822 815 2879 868 δὲ
2922 817 3190 886 παντελὴς
3229 818 3362 886 (41),
3413 821 3475 872 τὸ
3499 821 3612 872 ικαὶ
3649 824 3786 890 ὀμο-

2187 905 2434 976 λογῆσαι,
2461 906 2552 958 καὶ
2585 904 2901 976 προσθεῖναι
2939 908 3004 976 τῇ
3056 906 3351 974 ἐπιγνώσει
3405 907 3503 979 τὴν
3558 911 3785 980 παρρη-

2191 999 2330 1052 σίαν.
2369 999 2440 1050 Σὺ
2485 997 2664 1068 μεῖζόν
2706 1015 2757 1049 τι
2807 998 3077 1069 σωτηρίας
3120 997 3302 1068 ζητεῖς
3352 999 3486 1069 (42),
3521 1000 3616 1070 τὴν
3644 1003 3786 1053 ἐκεῖ·

2189 1088 2279 1142 θεν
2319 1089 2475 1156 δόξαν
2505 1107 2562 1143 τε
2599 1091 2692 1143 καὶ
2729 1089 3118 1160 λαμπρότητα·
3149 1091 3273 1161 ἐμοὶ
3307 1091 3400 1146 καὶ
3428 1091 3490 1144 τὸ
3529 1091 3778 1162 σωθῆναι

2191 1180 2470 1250 μέγιστον,
2497 1180 2588 1234 καὶ
2628 1181 2727 1245 τάς
2779 1181 2986 1234 ἐκεῖθεν
3016 1184 3211 1250 φυγεῖν
3252 1182 3534 1251 βασάνους,
3579 1185 3651 1234 Σὺ
3681 1182 3783 1252 βα-

2187 1271 2352 1335 δίζεις
2381 1271 2478 1340 τὴν
2525 1271 2720 1340 ἀτριΕῆ
2756 1273 2849 1322 καὶ
2881 1271 3172 1340 ἀπρόσιτον
3197 1289 3208 1299 ·
3257 1271 3367 1340 ἐγὼ
3414 1271 3784 1343 τὴν”τετριμ-

2193 1362 2379 1431 μένην,
2412 1360 2504 1413 καὶ
2531 1360 2566 1429 ἢ
2597 1359 2819 1422 πολλοὺς
2849 1359 3069 1413 ἔσωσεν.

2259 1537 2401 1606 κστ·
2436 1539 2600 1592 Οὐδὲν
2637 1538 2701 1592 ἃν
2749 1533 2816 1608 ἦν
2847 1539 2946 1608 τῆς
3003 1540 3242 1604 πίστεως
3297 1543 3474 1613 ἡμῶν,
3533 1542 3780 1611 ἀδελφοὶ,

2188 1631 2536 1703 ἀδικώτερον,
2563 1631 2614 1683 εί
2640 1647 2701 1699 γε
2733 1633 2812 1693 εἰς
2849 1633 2974 1694 τοὺς
2998 1633 3192 1700 σοφοὺς
3229 1631 3423 1687 ἔπιπτε
3454 1635 3611 1704 μόνον
3639 1635 3782 1706 (45),

2191 1725 2284 1776 καὶ
2312 1724 2436 1785 τοὺς
2462 1722 2751 1793 περιττοὺς
2778 1722 2834 1772 ἐν
2870 1721 3034 1793 λόγῳ,
3073 1725 3166 1776 καὶ
3202 1727 3320 1787 ταῖς
3363 1724 3608 1793 λογικαῖς
3634 1729 3783 1779 ἀπο-

2187 1813 2418 1879 δείξεσι·
2481 1813 2606 1876 τοὺς
2653 1812 2880 1876 πολλοὺς
2926 1813 2981 1864 δὲ
3039 1813 3165 1874 ἔδει,
3249 1814 3500 1888 καθάπερ
3547 1818 3782 1888 χρυσοῦ,

2189 1909 2281 1960 καὶ
2306 1908 2568 1980 ἀργύρου,
2597 1910 2690 1962 καὶ
2717 1908 2824 1961 τῶν
2856 1909 3050 1976 ἄλλων,
3087 1913 3258 1964 ὁπόσα
3301 1914 3452 1982 τίμια
3473 1915 3643 1980 κάτω,
3678 1916 3782 1967 καὶ

2189 1999 2633 2070 περισπούδαστα
2657 2002 2769 2062 τοῖς
2819 1999 3053 2065 πολλοῖς,
3120 2001 3263 2054 οὕτω
3293 2002 3354 2073 δὴ
3390 2004 3500 2074 (Η)
3526 2005 3619 2058 καὶ
3645 2004 3780 2058 ταύ-

2187 2108 2286 2161 της
2334 2091 2766 2161 ἀποτυγχάνειν·
2823 2092 2918 2144 καὶ
2955 2093 3017 2144 τὸ
3069 2093 3164 2163 μὲν
3224 2093 3424 2163 ὑψηλόν
3453 2113 3511 2148 τε
3555 2098 3647 2150 καὶ
3692 2098 3782 2160 είς

2188 2182 2401 2250 ὀλίγους
2432 2181 2654 2252 φθάνον,
2687 2182 2838 2252 φίλον
2880 2177 2948 2252 ἦν
2981 2183 3098 2254 Θεῷ
3131 2184 3224 2236 καὶ
3249 2186 3443 2236 οἰκεῖον
3467 2202 3481 2216 ·
3525 2185 3584 2238 τὸ
3606 2186 3662 2238 δὲ
3684 2188 3782 2253 ὲγσ

2189 2277 2423 2344 γυτέρω,
2460 2274 2554 2327 καὶ
2588 2277 2698 2336 τοῖς
2760 2272 2973 2336 πολλοῖς
3013 2273 3254 2342 ἐφικτὸν,
3303 2273 3646 2327 ἀπόπτυστον
3674 2276 3778 2328 καὶ

2188 2367 2516 2438 ἀπόϐλητον.
2562 2366 2697 2418 Οὐδὲ
2735 2367 2842 2437 γὰρ
2870 2365 2977 2418 τῶν
3013 2365 3312 2435 ἀνθρώπων
3344 2369 3391 2418 oi
3423 2366 3780 2439 μετριώτεροι

2187 2461 2346 2512 τοῦτο
2373 2458 2595 2512 πάθοιεν
2643 2457 2733 2522 ἂν,
2764 2457 2906 2510 ὥστε
2949 2457 3022 2528 μὴ
3049 2457 3146 2520 τὰς
3189 2457 3330 2511 κατά
3355 2458 3584 2528 δύναμιν
3617 2460 3779 2512 ἀπαιι-

2188 2552 2299 2602 τεῖν
2338 2549 2521 2619 τιμὰς,
2568 2548 2703 2601 ἀλλά
2744 2547 2956 2618 χαίρειν
3007 2547 3165 2617 μόνον
3212 2551 3332 2612 ταῖς
3393 2552 3777 2621 προεχούσαις,

2192 2643 2382 2712 μήτιγε
2405 2641 2467 2710 δὴ
2490 2639 2622 2703 Θεός
2641 2656 2656 2670 ·
2682 2634 2741 2693 οὗ
2770 2639 2978 2693 πολλῶν
3003 2640 3169 2692 όντων
3191 2641 3273 2709 ἐφ’
3309 2635 3388 2703 οἷς
3411 2640 3776 2710 θαυμάζεται,

2187 2732 2338 2784 οὐδὲν
2361 2731 2552 2794 οὕτως,
2582 2730 2656 2794 ὡς
2683 2731 2742 2782 τὸ
2769 2731 2976 2792 πάντας
2999 2732 3326 2801 εὐεργετεῖν,
3354 2729 3647 2784 ἰδιώτατον.
3678 2731 3778 2783 Μῇ

2189 2819 2418 2890 ἀτίμαζε
2459 2819 2518 2872 τὸ
2550 2819 2759 2883 εἰωθὸς,
2788 2819 2862 2888 μὴ
2894 2819 3088 2890 θήρευε
3132 2820 3191 2879 τὸ
3217 2820 3398 2872 καινὸν
3425 2819 3557 2890 (45),
3581 2820 3647 2872 ἵν’
3686 2822 3754 2873 εὖ

2188 2911 2488 2980 δοκιμήσῃς
2523 2910 2633 2980 (46)
2672 2911 2728 2964 ἐν
2763 2913 2873 2973 τοῖς
2915 2911 3140 2964 πλείοσι.
3183 2913 3496 2979 Κρείσσων
3536 2911 3648 2982 (κίῗ)
3682 2931 3766 2980 μιν

2189 2998 2300 3068 κρὰ
2326 2999 2496 3068 μερὶς
2520 3000 2670 3067 μετὰ
2697 3000 3055 3068 ἀσφαλείας,
3078 3001 3114 3068 ἣ
3129 3000 3361 3069 μεγάλη
3382 3001 3531 3069 μετὰ
3555 3004 3764 3071 σαθρό-

2189 3109 2386 3160 τητος,
2429 3091 2728 3144 παιδευέτω
2786 3108 2842 3144 σε
2875 3095 2940 3163 τῇ
2992 3093 3266 3163 συμϐουλῇ
3326 3092 3604 3164 Σολομῶν·
3653 3095 3773 3156 καὶ,

2188 3184 2502 3251 Κρείσσων
2531 3183 2755 3251 ἄπορος
2797 3187 3197 3254 πορευόμενος
3244 3187 3313 3240 ἐν
3343 3187 3630 3252 ἁπλότητι
3657 3189 3777 3258 (48)

2152 3319 2161 3327 .
2187 3273 2372 3329 αὑτοῦ
2407 3275 2530 3346 (μία
2557 3277 2650 3327 καὶ
2672 3275 2808 3347 αὓτη
2839 3276 2946 3329 τῶν
2977 3277 3282 3348 παροιμιῶν
3319 3277 3496 3346 σοφῶς
3526 3280 3775 3349 ἔχουσα),

2186 3370 2215 3420 ό
2241 3368 2410 3436 πένης
2439 3368 2496 3419 ὲν
2545 3365 2688 3436 λόγῳ
2719 3367 2812 3419 καὶ
2855 3365 3076 3434 γνώσει,
3103 3368 3194 3421 καὶ
3232 3371 3341 3432 τοῖς
3377 3369 3563 3432 ἁπλοῖς
3597 3371 3755 3441 ρήμα

2191 3478 2274 3514 σιν
2325 3459 2755 3529 ἐπερειδόμενος,
2809 3461 2901 3512 καὶ
2936 3458 3029 3512 ἐπὶ
3069 3457 3270 3511 τούτων
3299 3461 3489 3532 ὥσπερ
3541 3461 3634 3515 ἐπὶ
3670 3462 3772 3514 λε-

2194 3552 2334 3622 πτῆς
2397 3549 2611 3619 σχεδίας
2672 3548 3088 3620 διασωζόμενος,
3166 3550 3304 3620 ὑπὲρ
3368 3551 3776 3622 στρεϐλόχειλον

2191 3645 2422 3714 ἄφρονα,
2452 3641 2542 3694 τὸν
2585 3641 2853 3704 ἀποδείξει
2888 3641 3046 3710 λόγου
3074 3642 3376 3712 θαρροῦντα
3410 3644 3506 3696 σὺν
3535 3643 3772 3715 ἀμαθίᾳ,

2190 3735 2284 3789 καὶ
2317 3730 2577 3785 κενοῦντα
2609 3729 2718 3800 (49)
2753 3730 2842 3784 τὸν
2867 3731 3097 3804 σταυρὸν
3125 3733 3219 3786 τοῦ
3245 3733 3499 3804 Χριστοῦ,
3537 3735 3776 3807 πρᾶγμά

2188 3841 2240 3876 τι
2273 3822 2433 3889 λόγου
2456 3823 2723 3891 κρεῖττον,
2767 3820 2855 3874 διὰ
2875 3823 2973 3892 τῆς
3001 3810 3059 3876 έν
3101 3824 3277 3893 λόγοις
3303 3825 3601 3896 δυνάμεως,
3642 3827 3775 3881 ἔνθα

2187 3912 2248 3965 τὸ
2280 3910 2504 3974 ἀσθενὲς
2531 3911 2631 3981 τῆς
2652 3909 2993 3977 ἀποδείξεως,
3021 3914 3118 3985 τῆς
3157 3915 3409 3986 ἀληθείας
3447 3918 3590 3971 ἐστὶν
3615 3917 3774 3972 ὲλάτ-

2189 4017 2380 4064 τωσις.

515 4109 650 4158 cem,
692 4109 803 4150 retn
844 4095 992 4149 onttti
1043 4106 1295 4148 sermone
1336 4089 1730 4154 sublimiorem,
1806 4105 1906 4162 per
1953 4093 2249 4153 disserendi
2289 4093 2596 4150 facultatem
2641 4106 2888 4161 evacuat,
2951 4097 3038 4151 ubi
3081 4100 3410 4168 probationis
3477 4111 3532 4156 et
3598 4118 3766 4174 argu-

513 4191 820 4237 mentorum
858 4181 1144 4236 infirmitas
1175 4181 1456 4235 veritatem
1490 4179 1760 4235 imminuit
1799 4191 1854 4236 et
1899 4182 2204 4241 labefactat.

587 4273 796 4330 XXVII.
829 4274 964 4341 Quid
994 4275 1047 4327 itt
1094 4271 1290 4328 coelum
1326 4271 1595 4341 provolas,
1621 4286 1743 4326 cum
1779 4271 1943 4341 pedes
1972 4276 2085 4330 sis?

2259 4275 2381 4329 KZ'.
2423 4275 2486 4326 Τί
2521 4274 2654 4344 πρὸς
2687 4275 2914 4346 οὐρανὸν
2965 4277 3274 4343 ἀνίπτασαι,
3329 4279 3490 4346 πεζὸς
3550 4281 3665 4350 ὧν;
3702 4287 3769 4339 Τί

514 4367 651 4436 Quid
679 4366 866 4421 turrim
895 4364 1152 4432 exstruis,
1187 4377 1310 4418 cum
1344 4363 1409 4416 iis
1442 4363 1600 4417 rebus
1627 4375 1834 4430 careas,
1866 4379 1986 4434 quae
2017 4369 2083 4423 ad

510 4474 629 4514 eam
677 4456 1058 4526 perficiendam
1104 4452 1557 4524 requiruntur"?
1591 4453 1728 4520 Quid
1789 4455 1904 4524 ipse
1954 4473 2085 4527 quo-

511 4565 614 4618 que
650 4551 809 4602 manu
843 4563 1037 4617 aquam
1083 4547 1310 4610 metiris,
1347 4554 1401 4599 et
1431 4543 1626 4600 cmlum
1677 4543 1855 4614 palmo
1873 4547 1939 4614 '°,
1979 4557 2086 4603 ter-

511 4655 734 4709 ramque
773 4653 987 4694 omnem
1037 4637 1254 4709 pugillo,
1290 4638 1553 4692 elementa
1600 4652 1812 4706 magna,
1859 4647 1914 4694 et
1943 4639 2085 4710 ejus-

511 4731 684 4793 modi,
720 4739 776 4782 ut
811 4744 870 4783 ea
894 4729 1120 4783 Creator
1149 4727 1296 4784 solus
1340 4727 1575 4782 dimetiri
1607 4729 1815 4794 possit?
1845 4729 2085 4786 Primum

512 4819 740 4888 teipsunt
769 4833 1035 4886 cognosce
1067 4837 1081 4872 :
1111 4833 1230 4884 quae
1260 4819 1311 4870 in
1362 4818 1608 4872 manibus
1638 4827 1784 4883 sunt,
1814 4819 2085 4876 intellectu

585 4912 630 4946 ”
651 4913 809 4966 Prov.
839 4928 950 4976 xu,
985 4911 1038 4965 8.
1113 4911 1160 4942 “
1185 4911 1343 4965 Prov.
1373 4927 1484 4972 xu,
1520 4912 1572 4966 1.

497 5027 508 5073 ξ
583 5004 696 5074 ('59)
734 5004 974 5074 Ταύτης.
999 5003 1159 5074 Deest
1192 5003 1244 5074 in
1285 5002 1490 5074 duobus
1523 5000 1713 5074 89%.,
1745 5013 1800 5074 et
1835 5003 1928 5058 Or.
1967 5007 2015 5057 Ι.

518 5059 697 5200 Πξίθ)
737 5059 980 5196 Ἰηὸοῆν
1021 5073 1299 5139 Χριστόν.
1351 5070 1473 5124 Hec
1523 5059 1716 5124 desunt
1772 5073 1826 5126 in
1876 5075 2086 5130 duobus

569 5159 709 5200 οιιιι..
739 5156 793 5197 et
872 5159 912 5194 t'.
975 5179 990 5195 .

569 5159 709 5206 egg.,
739 5156 793 5197 et
821 5156 912 5196 Ut'.
939 5156 990 5195 ‘I.

584 5159 709 5214 ιςιςη
739 5159 793 5197 et
821 5159 912 5196 Ur.
939 5159 990 5195 1.

584 5215 698 5281 (4|)
733 5209 1060 5281 Harzs._1'ti¢.
1091 5210 1185 5266 0r.
1223 5210 1276 5274 1,
1306 5208 1602 5281 παντελῶς.

586 5278 810 5355 (nisi;
827 5279 1027 5355 μεῖζόν
1057 5297 1111 5355 τι
1138 5281 1435 5355 (comptae
1467 5278 1675 5355 ζητεῖς.
1725 5279 1812 5355 S_ie
1846 5281 2085 5352 plerique

515 5350 758 5410 codd.'ln
783 5354 892 5414 ed.,
930 5351 1000 5422 συ
1022 5351 1072 5422 τί
1104 5350 1586 5422 μεῖζονῄσωτηρίας
1617 5351 1831 5420 ζητεῖς;

586 5423 696 5493 (43)
719 5423 942 5493 Μόνον.
963 5420 1184 5493 Coisl'._l
1198 5459 1212 5485 ,
1245 5420 1455 5493 μόνους.

584 5489 697 5562 (44)
721 5491 824 5562 Δίή.
854 5493 1010 5562 Deest
1043 5489 1233 5562 ιιι-Οτι,
1261 5490 1309 5562 ί·

587 5559 701 5632 (45)
730 5559 1058 5632 Τὸᾼκαινόν.
1091 5559 1255 5632 Cois].
1289 5561 1342 5624 1,
1380 5561 1441 5614 τδ
1472 5561 1647 5615 κενόν.

586 5627 1161 5710 (46)”Εὺδοκιμήσῃῠς.
1192 5627 1343 5706 Orat.
1390 5632 1441 5698 1,
1489 5642 1541 5687 et
1567 5631 1830 5700 Combcf.,
1870 5633 2079 5686 εὐδοκι-

519 5703 644 5776 sit:-

1647 4911 1692 4942 ”
1722 4913 1851 4967 Luc.
1876 4930 1985 4982 xtv,
2018 4915 2108 4970 28.

2191 4368 2398 4440 πύργον
2443 4366 2765 4437 οίκοδομεῖς,
2804 4369 2871 4422 τὰ
2905 4369 3040 4440 πρὸς
3075 4367 3420 4443 ἀπαρτισμὸν
3449 4376 3548 4428 οὐκ
3587 4377 3767 4447 ἓχων;

2192 4461 2256 4512 Τί
2284 4460 2375 4513 καὶ
2402 4459 2464 4512 σὺ
2495 4461 2708 4530 μετρεῖς
2740 4462 2806 4531 τῇ
2847 4462 2987 4533 χειρὶ
3015 4462 3076 4514 τὸ
3108 4462 3273 4535 ὕδωρ,
3302 4465 3393 4518 καὶ
3423 4467 3513 4519 τὸν
3535 4469 3768 4539 οὐρανὸν

2194 4548 2470 4619 σπιθαμῇ,
2517 4549 2608 4600 κα)⁸
2652 4551 2830 4602 πᾶσαν
2873 4551 2971 4622 τὴν
3015 4552 3117 4622 γῆν
3158 4553 3348 4625 δρακὶ,
3386 4561 3625 4626 στοιχεῖα
3664 4576 3767 4630 με-

2193 4646 2356 4714 γάλα,
2383 4645 2474 4698 καὶ
2505 4643 2648 4714 μόνῳ
2684 4645 2928 4716 μετρητά
2955 4644 3033 4715 τῷ
3066 4648 3388 4717 ποιήσαντι;
3421 4651 3592 4705 Γνῶθι
3637 4670 3770 4707 σαυ-

2193 4736 2284 4788 τὸν
2317 4734 2532 4806 πρῶτον
2555 4753 2566 4765 ·
2603 4733 2674 4786 τὰ
2726 4737 2781 4788 ὲν
2833 4735 2991 4806 χερσὶ
3033 4738 3402 4808 κατανόησον·
3437 4741 3517 4804 τίς
3565 4739 3636 4807 ei,
3671 4744 3768 4796 καὶ

2199 4827 2312 4890 πῶς
2347 4826 2641 4898 ὲπλάσθης,
2675 4829 2768 4880 καὶ
2802 4827 2916 4890 πῶς
2957 4829 3235 4899 συνέστης,
3276 4831 3340 4885 ἵν’
3376 4831 3539 4888 εἰκὼν
3560 4828 3626 4908 ᾗς
3653 4835 3766 4907 (50)

2184 4922 2230 4951 ’³³
2259 4921 2357 4973 lsa.
2391 4936 2477 4984 χι..
2511 4920 2596 4973 1‘2.

2267 5011 2375 5078 (Π)
2411 5013 2738 5078 Κρείσσων.
2794 5013 2882 5068 Sic
2930 5013 3036 5068 duo
3081 5013 3246 5083 Regg.
3296 5016 3351 5069 In
3404 5019 3487 5070 ed.
3516 5057 3530 5081 ,
3576 5021 3767 5088 κρεῖσ-

2194 5096 2303 5132 σον.

2251 5149 2744 5272 ἰπιῇθῖὶῖτλότητι.
2766 5151 2822 5205 In
2847 5153 3185 5221 quibusdam,
3219 5157 3586 5228 ταπεινότητι,
3617 5177 3635 5208 ι
3660 5159 3764 5212 Ιιυ-

2194 5231 2438 5274 ιιιιιιιιιιο.
2468 5240 2487 5272 1
3800 5237 3805 5242 ’

2264 5289 2374 5404 (49)
2408 5289 2732 5369 Κειίοῦντα.
2761 5289 2968 5345 Schol.:
2997 5293 3245 5358 Κένωσις
3271 5294 3364 5347 τοῦ
3399 5295 3632 5366 σταυροῦ
3652 5337 3668 5360 ,
3701 5300 3764 5351 τὸ

2264 5376 2413 5404 υατιν
2444 5376 2538 5404 του
2565 5360 2742 5404 λόγου·
2779 5379 2797 5404 ι
2841 5362 3027 5404 Crtmic
3057 5367 3334 5404 peni-nntin
3391 5369 3537 5404 var-lii
3573 5378 3764 5404 mium-

2190 5358 2538 5435 δυνατόν-του
2565 5360 2742 5435 λόγου·
2779 5379 2813 5435 ιΔ
2841 5362 3027 5435 Crueis
3057 5367 3356 5435 evacuatio,
3391 5358 3554 5419 verbi'
3573 5358 3766 5435 poten-

2194 5432 2286 5482 tia.
2307 5449 2334 5500 3
2363 5429 2563 5500 Allndit
2593 5429 2882 5497 Gregorius
2913 5432 2975 5483 ad
3018 5434 3128 5486 lucc
3173 5429 3355 5500 Apost.
3392 5437 3550 5487 verba
3573 5429 3602 5487 Ἰ
3627 5437 3762 5494 Cor.

2193 5513 2232 5559 t,
2273 5498 2354 5560 Π,
2392 5517 2410 5549 ι
2453 5499 2566 5552 Non
2603 5501 2651 5552 iu
2705 5501 2978 5569 Sapientia
3022 5503 3190 5566 verbi,
3220 5498 3287 5557 ιιι
3319 5519 3422 5558 non
3467 5517 3766 5561 evacuetut‘

2190 5583 2318 5620 crux
2355 5569 2578 5620 Christi.
2606 5589 2623 5620 ι

2261 5637 2376 5720 (gilii,
2407 5633 2541 5702 Ἶίς.
2572 5639 2660 5692 Sic
2683 5641 2801 5695 cod.
2836 5638 2890 5696 ltt
2918 5641 3028 5708 ed.,
3141 5643 3281 5710 Mox,
3314 5642 3559 5715 κινῆσάν,
3587 5646 3675 5699 0r.
3702 5645 3762 5714 ᾖ,

2189 5721 2433 5775 νικησαν.
