  <div class='ocr_page' id='page_1' title='image "/cluster/home/n/w/nwhite01/storage/ocr_20150623/36/hvd.32044024464877/118.png"; bbox 0 0 4010 6316; ppageno 0'>
   <div class='ocr_carea' id='block_1_1' title="bbox 279 366 390 424">
    <p class='ocr_par' dir='ltr' id='par_1_1' title="bbox 279 366 390 424">
     <span class='ocr_line' id='line_1_1' title="bbox 279 366 390 424; baseline 0 0"><span class='ocrx_word' id='word_1_1' title='bbox 279 366 390 424; x_wconf 69' lang='grc' dir='ltr'><strong>ῗιθτί</strong></span> 
     </span>
    </p>
   </div>
   <div class='ocr_carea' id='block_1_2' title="bbox 967 364 2864 424">
    <p class='ocr_par' dir='ltr' id='par_1_2' title="bbox 967 364 2864 424">
     <span class='ocr_line' id='line_1_2' title="bbox 967 364 2864 424; baseline -0.001 -1"><span class='ocrx_word' id='word_1_2' title='bbox 967 364 1226 423; x_wconf 71' lang='lat' dir='ltr'><strong>ORATiO</strong></span> <span class='ocrx_word' id='word_1_3' title='bbox 1266 365 1482 421; x_wconf 76' lang='lat' dir='ltr'><strong>XXXII.</strong></span> <span class='ocrx_word' id='word_1_4' title='bbox 1524 399 1592 408; x_wconf 94' lang='lat'><strong>—</strong></span> <span class='ocrx_word' id='word_1_5' title='bbox 1632 365 1718 420; x_wconf 89' lang='lat' dir='ltr'><strong>DE</strong></span> <span class='ocrx_word' id='word_1_6' title='bbox 1752 364 2253 424; x_wconf 83' lang='lat' dir='ltr'><strong>MODERATIONE</strong></span> <span class='ocrx_word' id='word_1_7' title='bbox 2293 367 2361 423; x_wconf 83' lang='lat' dir='ltr'><strong>IN</strong></span> <span class='ocrx_word' id='word_1_8' title='bbox 2401 366 2864 424; x_wconf 80' lang='lat' dir='ltr'><strong>DISPUTANDO.</strong></span> 
     </span>
    </p>
   </div>
   <div class='ocr_carea' id='block_1_3' title="bbox 3444 371 3552 428">
    <p class='ocr_par' dir='ltr' id='par_1_3' title="bbox 3444 371 3552 428">
     <span class='ocr_line' id='line_1_3' title="bbox 3444 371 3552 428; baseline 0.009 -2"><span class='ocrx_word' id='word_1_9' title='bbox 3444 371 3552 428; x_wconf 71' lang='lat'><strong>206</strong></span> 
     </span>
    </p>
   </div>
   <div class='ocr_carea' id='block_1_4' title="bbox 280 465 1882 557">
    <p class='ocr_par' dir='ltr' id='par_1_4' title="bbox 280 465 1876 556">
     <span class='ocr_line' id='line_1_4' title="bbox 280 465 1876 556; baseline 0.001 -19"><span class='ocrx_word' id='word_1_10' title='bbox 280 483 438 544; x_wconf 82' lang='grc' dir='ltr'>Θεοῦ.</span> <span class='ocrx_word' id='word_1_11' title='bbox 489 483 586 536; x_wconf 70' lang='grc' dir='ltr'>καὶ</span> <span class='ocrx_word' id='word_1_12' title='bbox 617 482 696 552; x_wconf 86' lang='grc' dir='ltr'>τῷ</span> <span class='ocrx_word' id='word_1_13' title='bbox 742 482 946 553; x_wconf 81' lang='grc' dir='ltr'>χείρονι</span> <span class='ocrx_word' id='word_1_14' title='bbox 995 482 1288 554; x_wconf 81' lang='grc' dir='ltr'>συνδεθῇς,</span> <span class='ocrx_word' id='word_1_15' title='bbox 1331 486 1426 538; x_wconf 79' lang='grc' dir='ltr'><strong>καὶ</strong></span> <span class='ocrx_word' id='word_1_16' title='bbox 1469 465 1612 538; x_wconf 73' lang='grc' dir='ltr'>τίτὸ</span> <span class='ocrx_word' id='word_1_17' title='bbox 1645 485 1876 556; x_wconf 83' lang='grc' dir='ltr'>κινῆσάν</span> 
     </span>
    </p>
   </div>
   <div class='ocr_carea' id='block_1_5' title="bbox 1989 465 3556 557">
    <p class='ocr_par' dir='ltr' id='par_1_5' title="bbox 1989 485 3556 557">
     <span class='ocr_line' id='line_1_5' title="bbox 1989 485 3556 557; baseline 0 -17"><span class='ocrx_word' id='word_1_18' title='bbox 1989 500 2267 557; x_wconf 80' lang='lat' dir='ltr'><strong>assequere</strong></span> <span class='ocrx_word' id='word_1_19' title='bbox 2299 505 2314 542; x_wconf 92' lang='lat'><strong>:</strong></span> <span class='ocrx_word' id='word_1_20' title='bbox 2347 487 2470 555; x_wconf 88' lang='lat' dir='ltr'><strong>quis</strong></span> <span class='ocrx_word' id='word_1_21' title='bbox 2527 487 2624 554; x_wconf 82' lang='lat' dir='ltr'><strong>sis,</strong></span> <span class='ocrx_word' id='word_1_22' title='bbox 2672 496 2728 542; x_wconf 93' lang='lat' dir='ltr'><strong>et</strong></span> <span class='ocrx_word' id='word_1_23' title='bbox 2779 485 3051 556; x_wconf 91' lang='lat' dir='ltr'><strong>quomodo</strong></span> <span class='ocrx_word' id='word_1_24' title='bbox 3109 485 3339 551; x_wconf 72' lang='lat' dir='ltr'><strong>efﬁctus,</strong></span> <span class='ocrx_word' id='word_1_25' title='bbox 3367 485 3438 540; x_wconf 84' lang='lat' dir='ltr'><strong>ita</strong></span> <span class='ocrx_word' id='word_1_26' title='bbox 3498 496 3556 541; x_wconf 91' lang='lat' dir='ltr'><strong>ut</strong></span> 
     </span>
    </p>
   </div>
   <div class='ocr_carea' id='block_1_6' title="bbox 282 575 1878 651">
    <p class='ocr_par' dir='ltr' id='par_1_6' title="bbox 282 575 1878 651">
     <span class='ocr_line' id='line_1_6' title="bbox 282 575 1878 651; baseline 0.002 -22"><span class='ocrx_word' id='word_1_27' title='bbox 282 592 364 639; x_wconf 88' lang='grc' dir='ltr'><strong>σε,</strong></span> <span class='ocrx_word' id='word_1_28' title='bbox 399 576 482 640; x_wconf 85' lang='grc' dir='ltr'><strong>τίς</strong></span> <span class='ocrx_word' id='word_1_29' title='bbox 518 577 552 646; x_wconf 74' lang='grc' dir='ltr'><strong>ἡ</strong></span> <span class='ocrx_word' id='word_1_30' title='bbox 577 577 706 647; x_wconf 68' lang='grc' dir='ltr'>περὶ</span> <span class='ocrx_word' id='word_1_31' title='bbox 740 575 800 628; x_wconf 80' lang='grc' dir='ltr'>σὲ</span> <span class='ocrx_word' id='word_1_32' title='bbox 837 575 998 644; x_wconf 79' lang='grc' dir='ltr'>σοφία</span> <span class='ocrx_word' id='word_1_33' title='bbox 1024 576 1118 628; x_wconf 72' lang='grc' dir='ltr'>καὶ</span> <span class='ocrx_word' id='word_1_34' title='bbox 1142 575 1194 628; x_wconf 90' lang='grc' dir='ltr'><strong>τί</strong></span> <span class='ocrx_word' id='word_1_35' title='bbox 1228 577 1327 646; x_wconf 79' lang='grc' dir='ltr'>τῆς</span> <span class='ocrx_word' id='word_1_36' title='bbox 1352 575 1566 645; x_wconf 80' lang='grc' dir='ltr'>φύσεως</span> <span class='ocrx_word' id='word_1_37' title='bbox 1588 579 1650 631; x_wconf 87' lang='grc' dir='ltr'><strong>τὸ</strong></span> <span class='ocrx_word' id='word_1_38' title='bbox 1681 581 1878 651; x_wconf 84' lang='grc' dir='ltr'>μυστή-</span> 
     </span>
    </p>
   </div>
   <div class='ocr_carea' id='block_1_7' title="bbox 287 666 1873 742">
    <p class='ocr_par' dir='ltr' id='par_1_7' title="bbox 287 666 1873 742">
     <span class='ocr_line' id='line_1_7' title="bbox 287 666 1873 742; baseline 0.002 -21"><span class='ocrx_word' id='word_1_39' title='bbox 287 686 432 742; x_wconf 85' lang='grc' dir='ltr'>ριον·</span> <span class='ocrx_word' id='word_1_40' title='bbox 467 668 588 732; x_wconf 84' lang='grc' dir='ltr'><strong>πῶς</strong></span> <span class='ocrx_word' id='word_1_41' title='bbox 627 671 802 740; x_wconf 84' lang='grc' dir='ltr'>μετρῇ</span> <span class='ocrx_word' id='word_1_42' title='bbox 842 668 1016 738; x_wconf 82' lang='grc' dir='ltr'>τόπῳ,</span> <span class='ocrx_word' id='word_1_43' title='bbox 1054 669 1148 720; x_wconf 72' lang='grc' dir='ltr'>καὶ</span> <span class='ocrx_word' id='word_1_44' title='bbox 1175 666 1301 732; x_wconf 91' lang='grc' dir='ltr'>νοῦς</span> <span class='ocrx_word' id='word_1_45' title='bbox 1329 669 1426 739; x_wconf 82' lang='grc' dir='ltr'><strong>οὐχ</strong></span> <span class='ocrx_word' id='word_1_46' title='bbox 1452 668 1693 740; x_wconf 74' lang='grc' dir='ltr'><strong>ὁρίζεται</strong></span> <span class='ocrx_word' id='word_1_47' title='bbox 1729 671 1873 740; x_wconf 72' lang='lat' dir='ltr'><strong>(Si),</strong></span> 
     </span>
    </p>
   </div>
   <div class='ocr_carea' id='block_1_8' title="bbox 285 759 1878 831">
    <p class='ocr_par' dir='ltr' id='par_1_8' title="bbox 285 759 1878 831">
     <span class='ocr_line' id='line_1_8' title="bbox 285 759 1878 831; baseline 0 -17"><span class='ocrx_word' id='word_1_48' title='bbox 285 761 398 814; x_wconf 76' lang='grc' dir='ltr'><strong>ἀλλ’</strong></span> <span class='ocrx_word' id='word_1_49' title='bbox 442 763 502 813; x_wconf 82' lang='grc' dir='ltr'><strong>ἐν</strong></span> <span class='ocrx_word' id='word_1_50' title='bbox 555 759 742 830; x_wconf 81' lang='grc' dir='ltr'>ταυτῷ</span> <span class='ocrx_word' id='word_1_51' title='bbox 795 760 972 830; x_wconf 85' lang='grc' dir='ltr'>μένων</span> <span class='ocrx_word' id='word_1_52' title='bbox 1025 759 1202 813; x_wconf 79' lang='grc' dir='ltr'>πάντα</span> <span class='ocrx_word' id='word_1_53' title='bbox 1247 760 1564 830; x_wconf 73' lang='grc' dir='ltr'>ἐπέρχεται·</span> <span class='ocrx_word' id='word_1_54' title='bbox 1599 761 1714 824; x_wconf 83' lang='grc' dir='ltr'>πῶς</span> <span class='ocrx_word' id='word_1_55' title='bbox 1759 761 1878 831; x_wconf 67' lang='grc' dir='ltr'>ὄψις</span> 
     </span>
    </p>
   </div>
   <div class='ocr_carea' id='block_1_9' title="bbox 285 850 1878 922">
    <p class='ocr_par' dir='ltr' id='par_1_9' title="bbox 285 850 1878 922">
     <span class='ocr_line' id='line_1_9' title="bbox 285 850 1878 922; baseline 0.001 -19"><span class='ocrx_word' id='word_1_56' title='bbox 285 851 466 920; x_wconf 79' lang='grc' dir='ltr'>ὀλίγη,</span> <span class='ocrx_word' id='word_1_57' title='bbox 498 851 596 904; x_wconf 69' lang='grc' dir='ltr'><strong>καὶ</strong></span> <span class='ocrx_word' id='word_1_58' title='bbox 640 850 992 903; x_wconf 81' lang='grc' dir='ltr'>ὲπιπλεῖστον</span> <span class='ocrx_word' id='word_1_59' title='bbox 1035 850 1332 918; x_wconf 79' lang='grc' dir='ltr'><strong>φθάνουσα,</strong></span> <span class='ocrx_word' id='word_1_60' title='bbox 1368 852 1461 904; x_wconf 77' lang='grc' dir='ltr'><strong>καὶ</strong></span> <span class='ocrx_word' id='word_1_61' title='bbox 1501 851 1725 922; x_wconf 85' lang='grc' dir='ltr'>πότερον</span> <span class='ocrx_word' id='word_1_62' title='bbox 1771 871 1878 905; x_wconf 87' lang='grc' dir='ltr'>πα-</span> 
     </span>
    </p>
   </div>
   <div class='ocr_carea' id='block_1_10' title="bbox 286 939 1878 1014">
    <p class='ocr_par' dir='ltr' id='par_1_10' title="bbox 286 939 1878 1014">
     <span class='ocr_line' id='line_1_10' title="bbox 286 939 1878 1014; baseline -0.001 -18"><span class='ocrx_word' id='word_1_63' title='bbox 286 943 489 1014; x_wconf 84' lang='grc' dir='ltr'>ραδοχή</span> <span class='ocrx_word' id='word_1_64' title='bbox 522 942 615 1004; x_wconf 86' lang='grc' dir='ltr'><strong>τίς</strong></span> <span class='ocrx_word' id='word_1_65' title='bbox 666 942 786 994; x_wconf 78' lang='grc' dir='ltr'>ἐστι</span> <span class='ocrx_word' id='word_1_66' title='bbox 823 940 917 994; x_wconf 90' lang='grc' dir='ltr'><strong>τοῦ</strong></span> <span class='ocrx_word' id='word_1_67' title='bbox 963 941 1253 1010; x_wconf 79' lang='grc' dir='ltr'><strong>ὀφθέντος,</strong></span> <span class='ocrx_word' id='word_1_68' title='bbox 1299 942 1332 1011; x_wconf 84' lang='grc' dir='ltr'>ἢ</span> <span class='ocrx_word' id='word_1_69' title='bbox 1379 942 1515 1013; x_wconf 83' lang='grc' dir='ltr'>πρὸς</span> <span class='ocrx_word' id='word_1_70' title='bbox 1547 939 1721 995; x_wconf 76' lang='grc' dir='ltr'>έκεῖνο</span> <span class='ocrx_word' id='word_1_71' title='bbox 1761 941 1878 996; x_wconf 76' lang='grc' dir='ltr'><strong>διὰ-</strong></span> 
     </span>
    </p>
   </div>
   <div class='ocr_carea' id='block_1_11' title="bbox 285 1033 1880 1102">
    <p class='ocr_par' dir='ltr' id='par_1_11' title="bbox 285 1033 1880 1102">
     <span class='ocr_line' id='line_1_11' title="bbox 285 1033 1880 1102; baseline 0.001 -16"><span class='ocrx_word' id='word_1_72' title='bbox 285 1034 474 1097; x_wconf 78' lang='grc' dir='ltr'><strong>ϐασις⁹</strong></span> <span class='ocrx_word' id='word_1_73' title='bbox 505 1035 628 1097; x_wconf 82' lang='grc' dir='ltr'><strong>πῶς</strong></span> <span class='ocrx_word' id='word_1_74' title='bbox 675 1033 737 1086; x_wconf 74' lang='grc' dir='ltr'>τὸ</span> <span class='ocrx_word' id='word_1_75' title='bbox 768 1034 899 1087; x_wconf 78' lang='grc' dir='ltr'>αὐτὸ</span> <span class='ocrx_word' id='word_1_76' title='bbox 933 1035 1028 1086; x_wconf 71' lang='grc' dir='ltr'>κα).</span> <span class='ocrx_word' id='word_1_77' title='bbox 1046 1036 1184 1086; x_wconf 86' lang='grc' dir='ltr'>κινεῖ</span> <span class='ocrx_word' id='word_1_78' title='bbox 1216 1033 1351 1102; x_wconf 67' lang='lat'><strong>(5‘2),</strong></span> <span class='ocrx_word' id='word_1_79' title='bbox 1391 1035 1485 1087; x_wconf 70' lang='grc' dir='ltr'>καὶ</span> <span class='ocrx_word' id='word_1_80' title='bbox 1511 1037 1760 1098; x_wconf 85' lang='grc' dir='ltr'>κινεῖται,</span> <span class='ocrx_word' id='word_1_81' title='bbox 1792 1033 1880 1087; x_wconf 73' lang='grc' dir='ltr'>διὰ</span> 
     </span>
    </p>
   </div>
   <div class='ocr_carea' id='block_1_12' title="bbox 285 1123 1874 1196">
    <p class='ocr_par' dir='ltr' id='par_1_12' title="bbox 285 1123 1874 1196">
     <span class='ocr_line' id='line_1_12' title="bbox 285 1123 1874 1196; baseline 0.001 -19"><span class='ocrx_word' id='word_1_82' title='bbox 285 1125 599 1196; x_wconf 74' lang='grc' dir='ltr'><strong>βουλήσεως</strong></span> <span class='ocrx_word' id='word_1_83' title='bbox 628 1123 1043 1194; x_wconf 77' lang='grc' dir='ltr'>κυϐερνώμενον</span> <span class='ocrx_word' id='word_1_84' title='bbox 1063 1140 1078 1153; x_wconf 89' lang='grc'><strong>·</strong></span> <span class='ocrx_word' id='word_1_85' title='bbox 1113 1124 1198 1187; x_wconf 88' lang='grc' dir='ltr'><strong>τίς</strong></span> <span class='ocrx_word' id='word_1_86' title='bbox 1227 1123 1317 1176; x_wconf 70' lang='grc' dir='ltr'>δαὶ</span> <span class='ocrx_word' id='word_1_87' title='bbox 1354 1123 1533 1177; x_wconf 83' lang='grc' dir='ltr'>παῦλα</span> <span class='ocrx_word' id='word_1_88' title='bbox 1575 1125 1874 1195; x_wconf 80' lang='grc' dir='ltr'>κινήσεως·</span> 
     </span>
    </p>
   </div>
   <div class='ocr_carea' id='block_1_13' title="bbox 283 1214 1880 1291">
    <p class='ocr_par' dir='ltr' id='par_1_13' title="bbox 283 1214 1880 1291">
     <span class='ocr_line' id='line_1_13' title="bbox 283 1214 1880 1291; baseline 0 -21"><span class='ocrx_word' id='word_1_89' title='bbox 283 1215 365 1279; x_wconf 81' lang='grc' dir='ltr'><strong>τίς</strong></span> <span class='ocrx_word' id='word_1_90' title='bbox 391 1215 420 1266; x_wconf 78' lang='grc' dir='ltr'><strong>ὁ</strong></span> <span class='ocrx_word' id='word_1_91' title='bbox 445 1215 560 1291; x_wconf 73' lang='grc' dir='ltr'><strong>τῶν</strong></span> <span class='ocrx_word' id='word_1_92' title='bbox 601 1214 912 1284; x_wconf 76' lang='grc' dir='ltr'>αἰσθήσεων</span> <span class='ocrx_word' id='word_1_93' title='bbox 949 1215 1238 1286; x_wconf 74' lang='grc' dir='ltr'>μερισμὸς,</span> <span class='ocrx_word' id='word_1_94' title='bbox 1273 1216 1365 1268; x_wconf 70' lang='grc' dir='ltr'><strong>καὶ</strong></span> <span class='ocrx_word' id='word_1_95' title='bbox 1399 1216 1516 1278; x_wconf 77' lang='grc' dir='ltr'>πῶς</span> <span class='ocrx_word' id='word_1_96' title='bbox 1554 1215 1646 1269; x_wconf 85' lang='grc' dir='ltr'><strong>διὰ</strong></span> <span class='ocrx_word' id='word_1_97' title='bbox 1677 1219 1880 1271; x_wconf 84' lang='grc' dir='ltr'>τούτων</span> 
     </span>
    </p>
   </div>
   <div class='ocr_carea' id='block_1_14' title="bbox 285 1305 1880 1379">
    <p class='ocr_par' dir='ltr' id='par_1_14' title="bbox 285 1305 1880 1379">
     <span class='ocr_line' id='line_1_14' title="bbox 285 1305 1880 1379; baseline 0.001 -19"><span class='ocrx_word' id='word_1_98' title='bbox 285 1310 313 1360; x_wconf 82' lang='grc' dir='ltr'>ὁ</span> <span class='ocrx_word' id='word_1_99' title='bbox 345 1306 472 1370; x_wconf 85' lang='grc' dir='ltr'>νοῦς</span> <span class='ocrx_word' id='word_1_100' title='bbox 508 1307 688 1376; x_wconf 84' lang='grc' dir='ltr'>ὁμιλεί</span> <span class='ocrx_word' id='word_1_101' title='bbox 720 1307 834 1374; x_wconf 78' lang='lat'><strong>(55)</strong></span> <span class='ocrx_word' id='word_1_102' title='bbox 873 1309 986 1369; x_wconf 86' lang='grc' dir='ltr'>τοῖς</span> <span class='ocrx_word' id='word_1_103' title='bbox 1019 1305 1144 1372; x_wconf 78' lang='grc' dir='ltr'>ἔξω,</span> <span class='ocrx_word' id='word_1_104' title='bbox 1185 1307 1278 1359; x_wconf 78' lang='grc' dir='ltr'><strong>καὶ</strong></span> <span class='ocrx_word' id='word_1_105' title='bbox 1319 1306 1385 1359; x_wconf 83' lang='grc' dir='ltr'>τὰ</span> <span class='ocrx_word' id='word_1_106' title='bbox 1411 1306 1608 1373; x_wconf 75' lang='grc' dir='ltr'>ἔξωθεν</span> <span class='ocrx_word' id='word_1_107' title='bbox 1641 1309 1880 1379; x_wconf 86' lang='grc' dir='ltr'>παραδέ-</span> 
     </span>
    </p>
   </div>
   <div class='ocr_carea' id='block_1_15' title="bbox 287 1398 1882 1472">
    <p class='ocr_par' dir='ltr' id='par_1_15' title="bbox 287 1398 1882 1472">
     <span class='ocr_line' id='line_1_15' title="bbox 287 1398 1882 1472; baseline 0 -20"><span class='ocrx_word' id='word_1_108' title='bbox 287 1416 479 1470; x_wconf 87' lang='grc' dir='ltr'>χεται·</span> <span class='ocrx_word' id='word_1_109' title='bbox 519 1399 638 1462; x_wconf 82' lang='grc' dir='ltr'>πῶς</span> <span class='ocrx_word' id='word_1_110' title='bbox 672 1398 1046 1469; x_wconf 76' lang='grc' dir='ltr'>ἀναλαμϐάνει</span> <span class='ocrx_word' id='word_1_111' title='bbox 1080 1399 1147 1451; x_wconf 78' lang='grc' dir='ltr'>τὰ</span> <span class='ocrx_word' id='word_1_112' title='bbox 1177 1401 1287 1470; x_wconf 73' lang='grc' dir='ltr'>εἴδη</span> <span class='ocrx_word' id='word_1_113' title='bbox 1313 1416 1326 1428; x_wconf 92' lang='grc'><strong>·</strong></span> <span class='ocrx_word' id='word_1_114' title='bbox 1359 1401 1450 1452; x_wconf 66' lang='grc' dir='ltr'><strong>καὶ</strong></span> <span class='ocrx_word' id='word_1_115' title='bbox 1483 1401 1565 1464; x_wconf 84' lang='grc' dir='ltr'><strong>τίς</strong></span> <span class='ocrx_word' id='word_1_116' title='bbox 1590 1402 1622 1471; x_wconf 80' lang='grc' dir='ltr'>ἡ</span> <span class='ocrx_word' id='word_1_117' title='bbox 1650 1402 1882 1472; x_wconf 75' lang='grc' dir='ltr'><strong>τήρησις</strong></span> 
     </span>
    </p>
   </div>
   <div class='ocr_carea' id='block_1_16' title="bbox 287 1491 1868 1564">
    <p class='ocr_par' dir='ltr' id='par_1_16' title="bbox 287 1491 1868 1564">
     <span class='ocr_line' id='line_1_16' title="bbox 287 1491 1868 1564; baseline 0.001 -19"><span class='ocrx_word' id='word_1_118' title='bbox 287 1492 380 1545; x_wconf 87' lang='grc' dir='ltr'><strong>τοῦ</strong></span> <span class='ocrx_word' id='word_1_119' title='bbox 414 1491 845 1563; x_wconf 71' lang='grc' dir='ltr'>ἀναληφθέντος,</span> <span class='ocrx_word' id='word_1_120' title='bbox 889 1491 922 1562; x_wconf 79' lang='grc' dir='ltr'>ἢ</span> <span class='ocrx_word' id='word_1_121' title='bbox 965 1493 1184 1562; x_wconf 71' lang='grc' dir='ltr'>μνήμη·</span> <span class='ocrx_word' id='word_1_122' title='bbox 1233 1493 1324 1545; x_wconf 69' lang='grc' dir='ltr'><strong>καὶ</strong></span> <span class='ocrx_word' id='word_1_123' title='bbox 1367 1493 1451 1556; x_wconf 86' lang='grc' dir='ltr'><strong>τίς</strong></span> <span class='ocrx_word' id='word_1_124' title='bbox 1495 1495 1527 1564; x_wconf 86' lang='grc' dir='ltr'>ή</span> <span class='ocrx_word' id='word_1_125' title='bbox 1571 1493 1664 1546; x_wconf 90' lang='grc' dir='ltr'><strong>τοῦ</strong></span> <span class='ocrx_word' id='word_1_126' title='bbox 1699 1495 1868 1547; x_wconf 84' lang='grc' dir='ltr'>ἀπελ-</span> 
     </span>
    </p>
   </div>
   <div class='ocr_carea' id='block_1_17' title="bbox 289 1581 1880 1652">
    <p class='ocr_par' dir='ltr' id='par_1_17' title="bbox 289 1581 1880 1652">
     <span class='ocr_line' id='line_1_17' title="bbox 289 1581 1880 1652; baseline -0.006 -17"><span class='ocrx_word' id='word_1_127' title='bbox 289 1582 475 1644; x_wconf 77' lang='grc' dir='ltr'>θόντος</span> <span class='ocrx_word' id='word_1_128' title='bbox 515 1581 806 1649; x_wconf 71' lang='grc' dir='ltr'>ἀνάληψις,</span> <span class='ocrx_word' id='word_1_129' title='bbox 841 1581 873 1650; x_wconf 82' lang='grc' dir='ltr'>ἢ</span> <span class='ocrx_word' id='word_1_130' title='bbox 906 1581 1241 1650; x_wconf 72' lang='grc' dir='ltr'>ἀνάμνησιςσ</span> <span class='ocrx_word' id='word_1_131' title='bbox 1279 1582 1393 1645; x_wconf 80' lang='grc' dir='ltr'><strong>πῶς</strong></span> <span class='ocrx_word' id='word_1_132' title='bbox 1435 1583 1595 1652; x_wconf 75' lang='grc' dir='ltr'>λόγος</span> <span class='ocrx_word' id='word_1_133' title='bbox 1627 1583 1717 1636; x_wconf 78' lang='grc' dir='ltr'><strong>νοῦ</strong></span> <span class='ocrx_word' id='word_1_134' title='bbox 1755 1585 1880 1652; x_wconf 78' lang='grc' dir='ltr'>γέν-</span> 
     </span>
    </p>
   </div>
   <div class='ocr_carea' id='block_1_18' title="bbox 286 1669 1882 1745">
    <p class='ocr_par' dir='ltr' id='par_1_18' title="bbox 286 1669 1882 1745">
     <span class='ocr_line' id='line_1_18' title="bbox 286 1669 1882 1745; baseline 0.003 -24"><span class='ocrx_word' id='word_1_135' title='bbox 286 1687 460 1739; x_wconf 71' lang='grc' dir='ltr'>νημα,</span> <span class='ocrx_word' id='word_1_136' title='bbox 500 1670 594 1721; x_wconf 70' lang='grc' dir='ltr'><strong>καὶ</strong></span> <span class='ocrx_word' id='word_1_137' title='bbox 623 1672 786 1738; x_wconf 75' lang='grc' dir='ltr'>γεννᾷ</span> <span class='ocrx_word' id='word_1_138' title='bbox 821 1669 974 1737; x_wconf 70' lang='grc' dir='ltr'>λόγον</span> <span class='ocrx_word' id='word_1_139' title='bbox 1003 1674 1059 1723; x_wconf 80' lang='grc' dir='ltr'>ὲν</span> <span class='ocrx_word' id='word_1_140' title='bbox 1105 1672 1248 1740; x_wconf 81' lang='grc' dir='ltr'><strong>ἄλλῳ</strong></span> <span class='ocrx_word' id='word_1_141' title='bbox 1295 1672 1397 1733; x_wconf 81' lang='grc' dir='ltr'>νοῒ,</span> <span class='ocrx_word' id='word_1_142' title='bbox 1437 1674 1529 1725; x_wconf 77' lang='grc' dir='ltr'><strong>καὶ</strong></span> <span class='ocrx_word' id='word_1_143' title='bbox 1566 1674 1682 1737; x_wconf 80' lang='grc' dir='ltr'>πῶς</span> <span class='ocrx_word' id='word_1_144' title='bbox 1740 1673 1882 1745; x_wconf 80' lang='grc' dir='ltr'>λόγῳ</span> 
     </span>
    </p>
   </div>
   <div class='ocr_carea' id='block_1_19' title="bbox 287 1758 1881 1835">
    <p class='ocr_par' dir='ltr' id='par_1_19' title="bbox 287 1758 1881 1835">
     <span class='ocr_line' id='line_1_19' title="bbox 287 1758 1881 1835; baseline 0.003 -24"><span class='ocrx_word' id='word_1_145' title='bbox 287 1761 468 1829; x_wconf 70' lang='grc' dir='ltr'>νόημα</span> <span class='ocrx_word' id='word_1_146' title='bbox 505 1758 800 1811; x_wconf 85' lang='grc' dir='ltr'>διαδίδοται</span> <span class='ocrx_word' id='word_1_147' title='bbox 835 1760 974 1828; x_wconf 62' lang='lat'><strong>(‘54)-</strong></span> <span class='ocrx_word' id='word_1_148' title='bbox 1010 1760 1123 1824; x_wconf 74' lang='grc' dir='ltr'>πῶς</span> <span class='ocrx_word' id='word_1_149' title='bbox 1156 1763 1415 1833; x_wconf 60' lang='grc' dir='ltr'>τρέφεται</span> <span class='ocrx_word' id='word_1_150' title='bbox 1457 1764 1568 1832; x_wconf 75' lang='grc'>(53)</span> <span class='ocrx_word' id='word_1_151' title='bbox 1593 1764 1680 1817; x_wconf 83' lang='grc' dir='ltr'>διὰ</span> <span class='ocrx_word' id='word_1_152' title='bbox 1704 1764 1881 1835; x_wconf 73' lang='grc' dir='ltr'>ψυχῆς</span> 
     </span>
    </p>
   </div>
   <div class='ocr_carea' id='block_1_20' title="bbox 294 1850 1880 1923">
    <p class='ocr_par' dir='ltr' id='par_1_20' title="bbox 294 1850 1880 1923">
     <span class='ocr_line' id='line_1_20' title="bbox 294 1850 1880 1923; baseline 0.003 -19"><span class='ocrx_word' id='word_1_153' title='bbox 294 1852 472 1922; x_wconf 82' lang='grc' dir='ltr'>σῶμα,</span> <span class='ocrx_word' id='word_1_154' title='bbox 500 1851 736 1914; x_wconf 78' lang='grc' dir='ltr'>καὶπῶς</span> <span class='ocrx_word' id='word_1_155' title='bbox 765 1850 910 1922; x_wconf 74' lang='grc' dir='ltr'>ψυχὴ</span> <span class='ocrx_word' id='word_1_156' title='bbox 955 1851 1042 1904; x_wconf 75' lang='grc' dir='ltr'><strong>διὰ</strong></span> <span class='ocrx_word' id='word_1_157' title='bbox 1073 1852 1324 1923; x_wconf 82' lang='grc' dir='ltr'>σώματος</span> <span class='ocrx_word' id='word_1_158' title='bbox 1364 1857 1611 1908; x_wconf 86' lang='grc' dir='ltr'>κοινωνεῖ</span> <span class='ocrx_word' id='word_1_159' title='bbox 1647 1856 1847 1918; x_wconf 77' lang='grc' dir='ltr'>πάθους</span> <span class='ocrx_word' id='word_1_160' title='bbox 1867 1873 1880 1885; x_wconf 87' lang='grc'><strong>·</strong></span> 
     </span>
    </p>
   </div>
   <div class='ocr_carea' id='block_1_21' title="bbox 291 1943 1887 2018">
    <p class='ocr_par' dir='ltr' id='par_1_21' title="bbox 291 1943 1887 2018">
     <span class='ocr_line' id='line_1_21' title="bbox 291 1943 1887 2018; baseline 0.005 -24"><span class='ocrx_word' id='word_1_161' title='bbox 291 1944 412 2006; x_wconf 78' lang='grc' dir='ltr'>πῶς</span> <span class='ocrx_word' id='word_1_162' title='bbox 451 1945 690 2012; x_wconf 82' lang='grc' dir='ltr'>πήγνυσι</span> <span class='ocrx_word' id='word_1_163' title='bbox 736 1943 922 2012; x_wconf 75' lang='grc' dir='ltr'>φόϐος,</span> <span class='ocrx_word' id='word_1_164' title='bbox 960 1945 1054 1996; x_wconf 69' lang='grc' dir='ltr'><strong>καὶ</strong></span> <span class='ocrx_word' id='word_1_165' title='bbox 1079 1945 1197 1996; x_wconf 84' lang='grc' dir='ltr'>λύει</span> <span class='ocrx_word' id='word_1_166' title='bbox 1241 1946 1440 2018; x_wconf 77' lang='grc' dir='ltr'>Θάρσος</span> <span class='ocrx_word' id='word_1_167' title='bbox 1479 1948 1614 2016; x_wconf 77' lang='grc'>(56),</span> <span class='ocrx_word' id='word_1_168' title='bbox 1649 1949 1744 2001; x_wconf 71' lang='grc' dir='ltr'>καὶ</span> <span class='ocrx_word' id='word_1_169' title='bbox 1794 1966 1887 2001; x_wconf 89' lang='grc' dir='ltr'><strong>συ-</strong></span> 
     </span>
    </p>
   </div>
   <div class='ocr_carea' id='block_1_22' title="bbox 294 2033 1884 2110">
    <p class='ocr_par' dir='ltr' id='par_1_22' title="bbox 294 2033 1884 2110">
     <span class='ocr_line' id='line_1_22' title="bbox 294 2033 1884 2110; baseline 0.004 -24"><span class='ocrx_word' id='word_1_170' title='bbox 294 2035 506 2086; x_wconf 81' lang='grc' dir='ltr'><strong>στέλλει</strong></span> <span class='ocrx_word' id='word_1_171' title='bbox 535 2033 706 2104; x_wconf 78' lang='grc' dir='ltr'>λῦπη,</span> <span class='ocrx_word' id='word_1_172' title='bbox 737 2035 834 2087; x_wconf 75' lang='grc' dir='ltr'><strong>καὶ</strong></span> <span class='ocrx_word' id='word_1_173' title='bbox 882 2035 1057 2105; x_wconf 86' lang='grc' dir='ltr'>διαχεῖ</span> <span class='ocrx_word' id='word_1_174' title='bbox 1102 2037 1285 2108; x_wconf 76' lang='grc' dir='ltr'>ἡδονὴ,</span> <span class='ocrx_word' id='word_1_175' title='bbox 1323 2038 1419 2092; x_wconf 82' lang='grc' dir='ltr'>καὶ</span> <span class='ocrx_word' id='word_1_176' title='bbox 1464 2041 1622 2110; x_wconf 79' lang='grc' dir='ltr'>τήκει</span> <span class='ocrx_word' id='word_1_177' title='bbox 1671 2041 1884 2108; x_wconf 84' lang='grc' dir='ltr'>φθόνος,</span> 
     </span>
    </p>
   </div>
   <div class='ocr_carea' id='block_1_23' title="bbox 294 2123 1888 2196">
    <p class='ocr_par' dir='ltr' id='par_1_23' title="bbox 294 2123 1888 2196">
     <span class='ocr_line' id='line_1_23' title="bbox 294 2123 1888 2196; baseline 0.003 -18"><span class='ocrx_word' id='word_1_178' title='bbox 294 2125 390 2178; x_wconf 73' lang='grc' dir='ltr'>καὶ</span> <span class='ocrx_word' id='word_1_179' title='bbox 428 2123 752 2196; x_wconf 80' lang='grc' dir='ltr'>μετεωρίζει</span> <span class='ocrx_word' id='word_1_180' title='bbox 778 2123 968 2194; x_wconf 77' lang='grc' dir='ltr'>τῦφος,</span> <span class='ocrx_word' id='word_1_181' title='bbox 995 2126 1090 2179; x_wconf 68' lang='grc' dir='ltr'><strong>καὶ</strong></span> <span class='ocrx_word' id='word_1_182' title='bbox 1134 2126 1384 2196; x_wconf 75' lang='grc' dir='ltr'><strong>κουφίζει</strong></span> <span class='ocrx_word' id='word_1_183' title='bbox 1414 2127 1599 2192; x_wconf 85' lang='grc' dir='ltr'>ὲλπίς·</span> <span class='ocrx_word' id='word_1_184' title='bbox 1639 2130 1754 2192; x_wconf 83' lang='grc' dir='ltr'>πῶς</span> <span class='ocrx_word' id='word_1_185' title='bbox 1797 2132 1888 2183; x_wconf 84' lang='grc' dir='ltr'><strong>ὲκ-</strong></span> 
     </span>
    </p>
   </div>
   <div class='ocr_carea' id='block_1_24' title="bbox 293 2215 1888 2300">
    <p class='ocr_par' dir='ltr' id='par_1_24' title="bbox 293 2215 1888 2300">
     <span class='ocr_line' id='line_1_24' title="bbox 293 2215 1888 2300; baseline 0.005 -32"><span class='ocrx_word' id='word_1_186' title='bbox 293 2217 479 2285; x_wconf 87' lang='grc' dir='ltr'>μαίνει</span> <span class='ocrx_word' id='word_1_187' title='bbox 527 2215 718 2286; x_wconf 74' lang='grc' dir='ltr'>θυμὸς,</span> <span class='ocrx_word' id='word_1_188' title='bbox 770 2217 864 2300; x_wconf 47' lang='grc' dir='ltr'>καὶ</span> <span class='ocrx_word' id='word_1_189' title='bbox 909 2217 1073 2282; x_wconf 78' lang='grc' dir='ltr'>αἰδὼς</span> <span class='ocrx_word' id='word_1_190' title='bbox 1112 2220 1421 2291; x_wconf 81' lang='grc' dir='ltr'>ὲρυθραίνει</span> <span class='ocrx_word' id='word_1_191' title='bbox 1467 2215 1532 2274; x_wconf 79' lang='grc' dir='ltr'>δι’</span> <span class='ocrx_word' id='word_1_192' title='bbox 1578 2222 1824 2293; x_wconf 79' lang='grc' dir='ltr'>αἵματος,</span> <span class='ocrx_word' id='word_1_193' title='bbox 1860 2225 1888 2276; x_wconf 86' lang='grc' dir='ltr'>ὁ</span> 
     </span>
    </p>
   </div>
   <div class='ocr_carea' id='block_1_25' title="bbox 295 2306 1889 2385">
    <p class='ocr_par' dir='ltr' id='par_1_25' title="bbox 295 2306 1889 2385">
     <span class='ocr_line' id='line_1_25' title="bbox 295 2306 1889 2385; baseline 0.005 -26"><span class='ocrx_word' id='word_1_194' title='bbox 295 2306 399 2376; x_wconf 79' lang='grc' dir='ltr'><strong>μὲν</strong></span> <span class='ocrx_word' id='word_1_195' title='bbox 435 2307 716 2372; x_wconf 81' lang='grc' dir='ltr'>ζέσαντος,</span> <span class='ocrx_word' id='word_1_196' title='bbox 745 2309 780 2378; x_wconf 78' lang='grc' dir='ltr'>ἡ</span> <span class='ocrx_word' id='word_1_197' title='bbox 817 2308 874 2360; x_wconf 82' lang='grc' dir='ltr'>δὲ</span> <span class='ocrx_word' id='word_1_198' title='bbox 903 2309 1357 2381; x_wconf 77' lang='grc' dir='ltr'>ἀναχωρήσαντος</span> <span class='ocrx_word' id='word_1_199' title='bbox 1377 2328 1391 2342; x_wconf 92' lang='grc'><strong>·</strong></span> <span class='ocrx_word' id='word_1_200' title='bbox 1425 2313 1520 2364; x_wconf 68' lang='grc' dir='ltr'><strong>κο.)¹</strong></span> <span class='ocrx_word' id='word_1_201' title='bbox 1567 2313 1683 2377; x_wconf 83' lang='grc' dir='ltr'><strong>πῶς</strong></span> <span class='ocrx_word' id='word_1_202' title='bbox 1711 2316 1759 2367; x_wconf 86' lang='grc' dir='ltr'>οἱ</span> <span class='ocrx_word' id='word_1_203' title='bbox 1793 2333 1889 2385; x_wconf 84' lang='grc' dir='ltr'>χα-</span> 
     </span>
    </p>
   </div>
   <div class='ocr_carea' id='block_1_26' title="bbox 294 2398 1886 2478">
    <p class='ocr_par' dir='ltr' id='par_1_26' title="bbox 294 2398 1886 2478">
     <span class='ocr_line' id='line_1_26' title="bbox 294 2398 1886 2478; baseline 0.006 -29"><span class='ocrx_word' id='word_1_204' title='bbox 294 2399 573 2470; x_wconf 77' lang='grc' dir='ltr'>ρακτῆρες</span> <span class='ocrx_word' id='word_1_205' title='bbox 621 2398 730 2453; x_wconf 81' lang='grc' dir='ltr'><strong>τῶν</strong></span> <span class='ocrx_word' id='word_1_206' title='bbox 788 2400 978 2455; x_wconf 80' lang='grc' dir='ltr'>παθῶν</span> <span class='ocrx_word' id='word_1_207' title='bbox 1021 2402 1082 2454; x_wconf 82' lang='grc' dir='ltr'>ὲν</span> <span class='ocrx_word' id='word_1_208' title='bbox 1129 2403 1240 2465; x_wconf 81' lang='grc' dir='ltr'>τοῖς</span> <span class='ocrx_word' id='word_1_209' title='bbox 1289 2400 1539 2474; x_wconf 80' lang='grc' dir='ltr'>σώμασι·</span> <span class='ocrx_word' id='word_1_210' title='bbox 1581 2404 1664 2468; x_wconf 86' lang='grc' dir='ltr'><strong>τίς</strong></span> <span class='ocrx_word' id='word_1_211' title='bbox 1711 2407 1744 2478; x_wconf 76' lang='grc' dir='ltr'>ἡ</span> <span class='ocrx_word' id='word_1_212' title='bbox 1793 2406 1886 2458; x_wconf 89' lang='grc' dir='ltr'><strong>τοῦ</strong></span> 
     </span>
    </p>
   </div>
   <div class='ocr_carea' id='block_1_27' title="bbox 292 2490 1890 2566">
    <p class='ocr_par' dir='ltr' id='par_1_27' title="bbox 292 2490 1890 2566">
     <span class='ocr_line' id='line_1_27' title="bbox 292 2490 1890 2566; baseline 0.005 -24"><span class='ocrx_word' id='word_1_213' title='bbox 292 2490 562 2560; x_wconf 76' lang='grc' dir='ltr'>λογισμοῦ</span> <span class='ocrx_word' id='word_1_214' title='bbox 591 2492 878 2566; x_wconf 83' lang='grc' dir='ltr'>προεδρία,</span> <span class='ocrx_word' id='word_1_215' title='bbox 913 2494 1008 2545; x_wconf 71' lang='grc' dir='ltr'><strong>καὶ</strong></span> <span class='ocrx_word' id='word_1_216' title='bbox 1046 2492 1164 2556; x_wconf 79' lang='grc' dir='ltr'>πῶς</span> <span class='ocrx_word' id='word_1_217' title='bbox 1192 2496 1324 2547; x_wconf 82' lang='grc' dir='ltr'>πᾶσι</span> <span class='ocrx_word' id='word_1_218' title='bbox 1371 2494 1579 2559; x_wconf 83' lang='grc' dir='ltr'>τούτοις</span> <span class='ocrx_word' id='word_1_219' title='bbox 1609 2498 1890 2550; x_wconf 76' lang='grc' dir='ltr'>ἐπιστατεί</span> 
     </span>
    </p>
   </div>
   <div class='ocr_carea' id='block_1_28' title="bbox 292 2583 1888 2659">
    <p class='ocr_par' dir='ltr' id='par_1_28' title="bbox 292 2583 1888 2659">
     <span class='ocr_line' id='line_1_28' title="bbox 292 2583 1888 2659; baseline 0.004 -24"><span class='ocrx_word' id='word_1_220' title='bbox 292 2584 394 2636; x_wconf 74' lang='grc' dir='ltr'><strong>καὶ</strong></span> <span class='ocrx_word' id='word_1_221' title='bbox 423 2586 622 2654; x_wconf 75' lang='grc' dir='ltr'>ήμεροῖ</span> <span class='ocrx_word' id='word_1_222' title='bbox 650 2583 722 2637; x_wconf 79' lang='grc' dir='ltr'>τὰ</span> <span class='ocrx_word' id='word_1_223' title='bbox 763 2584 874 2637; x_wconf 86' lang='grc' dir='ltr'><strong>τῶν</strong></span> <span class='ocrx_word' id='word_1_224' title='bbox 923 2583 1114 2638; x_wconf 82' lang='grc' dir='ltr'>παθῶν</span> <span class='ocrx_word' id='word_1_225' title='bbox 1173 2585 1482 2657; x_wconf 76' lang='grc' dir='ltr'>κινήματαο</span> <span class='ocrx_word' id='word_1_226' title='bbox 1537 2585 1655 2651; x_wconf 87' lang='grc' dir='ltr'><strong>πῶς</strong></span> <span class='ocrx_word' id='word_1_227' title='bbox 1697 2589 1888 2659; x_wconf 81' lang='grc' dir='ltr'>αἵματι</span> 
     </span>
    </p>
   </div>
   <div class='ocr_carea' id='block_1_29' title="bbox 294 2666 1889 2747">
    <p class='ocr_par' dir='ltr' id='par_1_29' title="bbox 294 2666 1889 2747">
     <span class='ocr_line' id='line_1_29' title="bbox 294 2666 1889 2747; baseline 0.001 -17"><span class='ocrx_word' id='word_1_228' title='bbox 294 2678 587 2747; x_wconf 82' lang='grc' dir='ltr'>κρατεῖται</span> <span class='ocrx_word' id='word_1_229' title='bbox 627 2677 723 2729; x_wconf 73' lang='grc' dir='ltr'><strong>καὶ</strong></span> <span class='ocrx_word' id='word_1_230' title='bbox 771 2679 905 2746; x_wconf 86' lang='grc' dir='ltr'>πνοῇ</span> <span class='ocrx_word' id='word_1_231' title='bbox 939 2676 1001 2728; x_wconf 83' lang='grc' dir='ltr'><strong>τὸ</strong></span> <span class='ocrx_word' id='word_1_232' title='bbox 1047 2674 1369 2746; x_wconf 84' lang='grc' dir='ltr'>ἀσώματον·</span> <span class='ocrx_word' id='word_1_233' title='bbox 1401 2678 1494 2731; x_wconf 81' lang='grc' dir='ltr'><strong>καὶ</strong></span> <span class='ocrx_word' id='word_1_234' title='bbox 1530 2666 1650 2741; x_wconf 85' lang='grc' dir='ltr'>πῶς</span> <span class='ocrx_word' id='word_1_235' title='bbox 1689 2681 1722 2747; x_wconf 80' lang='grc' dir='ltr'><strong>ἡ</strong></span> <span class='ocrx_word' id='word_1_236' title='bbox 1765 2679 1889 2732; x_wconf 86' lang='grc' dir='ltr'>τού-</span> 
     </span>
    </p>
   </div>
   <div class='ocr_carea' id='block_1_30' title="bbox 292 2765 1885 2841">
    <p class='ocr_par' dir='ltr' id='par_1_30' title="bbox 292 2765 1885 2841">
     <span class='ocr_line' id='line_1_30' title="bbox 292 2765 1885 2841; baseline 0.003 -23"><span class='ocrx_word' id='word_1_237' title='bbox 292 2783 408 2818; x_wconf 81' lang='grc' dir='ltr'><strong>των</strong></span> <span class='ocrx_word' id='word_1_238' title='bbox 451 2765 727 2836; x_wconf 66' lang='grc' dir='ltr'>ἔκλειψις,</span> <span class='ocrx_word' id='word_1_239' title='bbox 775 2767 954 2837; x_wconf 78' lang='grc' dir='ltr'>ψυχῆς</span> <span class='ocrx_word' id='word_1_240' title='bbox 998 2769 1144 2819; x_wconf 75' lang='grc' dir='ltr'>ἐστιν</span> <span class='ocrx_word' id='word_1_241' title='bbox 1192 2766 1559 2840; x_wconf 85' lang='grc' dir='ltr'>ἀναχώρησις.</span> <span class='ocrx_word' id='word_1_242' title='bbox 1593 2768 1809 2836; x_wconf 87' lang='grc' dir='ltr'>Ταῦτα,</span> <span class='ocrx_word' id='word_1_243' title='bbox 1852 2769 1885 2841; x_wconf 77' lang='grc' dir='ltr'>ἢ</span> 
     </span>
    </p>
   </div>
   <div class='ocr_carea' id='block_1_31' title="bbox 294 2851 1886 2933">
    <p class='ocr_par' dir='ltr' id='par_1_31' title="bbox 294 2851 1886 2933">
     <span class='ocr_line' id='line_1_31' title="bbox 294 2851 1886 2933; baseline 0.002 -22"><span class='ocrx_word' id='word_1_244' title='bbox 294 2859 504 2912; x_wconf 84' lang='grc' dir='ltr'>τούτων</span> <span class='ocrx_word' id='word_1_245' title='bbox 540 2876 594 2911; x_wconf 88' lang='grc' dir='ltr'><strong>τι</strong></span> <span class='ocrx_word' id='word_1_246' title='bbox 629 2857 988 2930; x_wconf 75' lang='grc' dir='ltr'>κατανόησον,</span> <span class='ocrx_word' id='word_1_247' title='bbox 1019 2851 1064 2910; x_wconf 80' lang='grc' dir='ltr'><strong>ὦ</strong></span> <span class='ocrx_word' id='word_1_248' title='bbox 1107 2859 1357 2928; x_wconf 79' lang='grc' dir='ltr'>ἄνθρωπε</span> <span class='ocrx_word' id='word_1_249' title='bbox 1378 2877 1392 2892; x_wconf 88' lang='grc'><strong>·</strong></span> <span class='ocrx_word' id='word_1_250' title='bbox 1422 2860 1572 2914; x_wconf 77' lang='grc' dir='ltr'>οὔπω</span> <span class='ocrx_word' id='word_1_251' title='bbox 1597 2860 1706 2933; x_wconf 85' lang='grc' dir='ltr'>γὰρ</span> <span class='ocrx_word' id='word_1_252' title='bbox 1744 2862 1886 2930; x_wconf 80' lang='grc' dir='ltr'>λέγω</span> 
     </span>
    </p>
   </div>
   <div class='ocr_carea' id='block_1_32' title="bbox 295 2950 1887 3024">
    <p class='ocr_par' dir='ltr' id='par_1_32' title="bbox 295 2950 1887 3024">
     <span class='ocr_line' id='line_1_32' title="bbox 295 2950 1887 3024; baseline 0.001 -21"><span class='ocrx_word' id='word_1_253' title='bbox 295 2952 482 3021; x_wconf 76' lang='grc' dir='ltr'>φύσιν,</span> <span class='ocrx_word' id='word_1_254' title='bbox 525 2952 559 3023; x_wconf 83' lang='grc' dir='ltr'>ἢ</span> <span class='ocrx_word' id='word_1_255' title='bbox 597 2952 807 3022; x_wconf 85' lang='grc' dir='ltr'>κίνησιν</span> <span class='ocrx_word' id='word_1_256' title='bbox 846 2950 1099 3022; x_wconf 78' lang='grc' dir='ltr'>οὐρανοῦ,</span> <span class='ocrx_word' id='word_1_257' title='bbox 1147 2953 1240 3005; x_wconf 77' lang='grc' dir='ltr'><strong>καὶ</strong></span> <span class='ocrx_word' id='word_1_258' title='bbox 1281 2952 1431 3017; x_wconf 78' lang='grc' dir='ltr'>τάξιν</span> <span class='ocrx_word' id='word_1_259' title='bbox 1484 2953 1750 3024; x_wconf 80' lang='grc' dir='ltr'>ἀστέρων,</span> <span class='ocrx_word' id='word_1_260' title='bbox 1794 2955 1887 3007; x_wconf 72' lang='grc' dir='ltr'><strong>καὶ</strong></span> 
     </span>
    </p>
   </div>
   <div class='ocr_carea' id='block_1_33' title="bbox 301 3042 1884 3116">
    <p class='ocr_par' dir='ltr' id='par_1_33' title="bbox 301 3042 1884 3116">
     <span class='ocr_line' id='line_1_33' title="bbox 301 3042 1884 3116; baseline -0.001 -19"><span class='ocrx_word' id='word_1_261' title='bbox 301 3043 451 3116; x_wconf 79' lang='grc' dir='ltr'>μίξιν</span> <span class='ocrx_word' id='word_1_262' title='bbox 492 3043 793 3114; x_wconf 81' lang='grc' dir='ltr'>στοιχείων,</span> <span class='ocrx_word' id='word_1_263' title='bbox 835 3044 928 3095; x_wconf 71' lang='grc' dir='ltr'><strong>καὶ</strong></span> <span class='ocrx_word' id='word_1_264' title='bbox 963 3042 1120 3106; x_wconf 78' lang='grc' dir='ltr'>ζώων</span> <span class='ocrx_word' id='word_1_265' title='bbox 1152 3042 1437 3113; x_wconf 77' lang='grc' dir='ltr'>διαφορὰς,</span> <span class='ocrx_word' id='word_1_266' title='bbox 1469 3045 1562 3097; x_wconf 68' lang='lat' dir='ltr'><strong>acati.</strong></span> <span class='ocrx_word' id='word_1_267' title='bbox 1602 3044 1884 3114; x_wconf 82' lang='grc' dir='ltr'>δυνάμεων</span> 
     </span>
    </p>
   </div>
   <div class='ocr_carea' id='block_1_34' title="bbox 294 3131 1886 3206">
    <p class='ocr_par' dir='ltr' id='par_1_34' title="bbox 294 3131 1886 3206">
     <span class='ocr_line' id='line_1_34' title="bbox 294 3131 1886 3206; baseline -0.001 -18"><span class='ocrx_word' id='word_1_268' title='bbox 294 3134 572 3206; x_wconf 77' lang='grc' dir='ltr'>οὐρανίων</span> <span class='ocrx_word' id='word_1_269' title='bbox 605 3131 899 3197; x_wconf 70' lang='grc' dir='ltr'>ὑποϐοτσεις</span> <span class='ocrx_word' id='word_1_270' title='bbox 925 3132 1037 3204; x_wconf 84' lang='grc'>(57)</span> <span class='ocrx_word' id='word_1_271' title='bbox 1073 3134 1166 3186; x_wconf 76' lang='grc' dir='ltr'><strong>καὶ</strong></span> <span class='ocrx_word' id='word_1_272' title='bbox 1206 3132 1548 3204; x_wconf 82' lang='grc' dir='ltr'>ὑπερθέσεις,</span> <span class='ocrx_word' id='word_1_273' title='bbox 1580 3131 1673 3186; x_wconf 74' lang='grc' dir='ltr'>καὶ</span> <span class='ocrx_word' id='word_1_274' title='bbox 1709 3134 1886 3186; x_wconf 85' lang='grc' dir='ltr'>πάντα</span> 
     </span>
    </p>
   </div>
   <div class='ocr_carea' id='block_1_35' title="bbox 296 3224 1880 3297">
    <p class='ocr_par' dir='ltr' id='par_1_35' title="bbox 296 3224 1880 3297">
     <span class='ocr_line' id='line_1_35' title="bbox 296 3224 1880 3297; baseline -0.001 -18"><span class='ocrx_word' id='word_1_275' title='bbox 296 3229 384 3289; x_wconf 81' lang='grc' dir='ltr'><strong>είς</strong></span> <span class='ocrx_word' id='word_1_276' title='bbox 422 3227 524 3280; x_wconf 82' lang='grc' dir='ltr'>ὅσα</span> <span class='ocrx_word' id='word_1_277' title='bbox 563 3229 593 3280; x_wconf 85' lang='grc' dir='ltr'><strong>ὀ</strong></span> <span class='ocrx_word' id='word_1_278' title='bbox 631 3224 1024 3297; x_wconf 65' lang='grc' dir='ltr'>δημιουργικὰς</span> <span class='ocrx_word' id='word_1_279' title='bbox 1069 3224 1178 3295; x_wconf 77' lang='grc'>(58)</span> <span class='ocrx_word' id='word_1_280' title='bbox 1223 3225 1378 3293; x_wconf 85' lang='grc' dir='ltr'>λόγος</span> <span class='ocrx_word' id='word_1_281' title='bbox 1419 3224 1880 3296; x_wconf 80' lang='grc' dir='ltr'>καταμερίζεται,</span> 
     </span>
    </p>
   </div>
   <div class='ocr_carea' id='block_1_36' title="bbox 296 3317 1882 3390">
    <p class='ocr_par' dir='ltr' id='par_1_36' title="bbox 296 3317 1882 3390">
     <span class='ocr_line' id='line_1_36' title="bbox 296 3317 1882 3390; baseline -0.001 -18"><span class='ocrx_word' id='word_1_282' title='bbox 296 3320 397 3372; x_wconf 70' lang='grc' dir='ltr'><strong>καὶ</strong></span> <span class='ocrx_word' id='word_1_283' title='bbox 455 3318 650 3387; x_wconf 78' lang='grc' dir='ltr'>λόγους</span> <span class='ocrx_word' id='word_1_284' title='bbox 722 3319 978 3390; x_wconf 85' lang='grc' dir='ltr'>προνοίας</span> <span class='ocrx_word' id='word_1_285' title='bbox 1031 3317 1126 3371; x_wconf 73' lang='grc' dir='ltr'><strong>καὶ</strong></span> <span class='ocrx_word' id='word_1_286' title='bbox 1193 3317 1548 3388; x_wconf 75' lang='grc' dir='ltr'>διοικήσεωςο</span> <span class='ocrx_word' id='word_1_287' title='bbox 1596 3320 1690 3371; x_wconf 77' lang='grc' dir='ltr'><strong>καὶ</strong></span> <span class='ocrx_word' id='word_1_288' title='bbox 1760 3320 1882 3371; x_wconf 80' lang='grc' dir='ltr'>τότε</span> 
     </span>
    </p>
   </div>
   <div class='ocr_carea' id='block_1_37' title="bbox 297 3408 1883 3482">
    <p class='ocr_par' dir='ltr' id='par_1_37' title="bbox 297 3408 1883 3482">
     <span class='ocr_line' id='line_1_37' title="bbox 297 3408 1883 3482; baseline -0.003 -18"><span class='ocrx_word' id='word_1_289' title='bbox 297 3409 456 3464; x_wconf 74' lang='grc' dir='ltr'>οὔπω</span> <span class='ocrx_word' id='word_1_290' title='bbox 474 3409 954 3482; x_wconf 76' lang='grc' dir='ltr'>λέγω,Θάῥρησον·</span> <span class='ocrx_word' id='word_1_291' title='bbox 978 3410 1112 3474; x_wconf 87' lang='grc' dir='ltr'>ἀλλ’,</span> <span class='ocrx_word' id='word_1_292' title='bbox 1141 3409 1262 3461; x_wconf 85' lang='grc' dir='ltr'>Ἐτι</span> <span class='ocrx_word' id='word_1_293' title='bbox 1296 3408 1557 3479; x_wconf 77' lang='grc' dir='ltr'>φοϐήθητι</span> <span class='ocrx_word' id='word_1_294' title='bbox 1586 3409 1883 3480; x_wconf 75' lang='grc' dir='ltr'>προσϐῆναι</span> 
     </span>
    </p>
   </div>
   <div class='ocr_carea' id='block_1_38' title="bbox 297 3499 1883 3576">
    <p class='ocr_par' dir='ltr' id='par_1_38' title="bbox 297 3499 1883 3576">
     <span class='ocr_line' id='line_1_38' title="bbox 297 3499 1883 3576; baseline -0.003 -20"><span class='ocrx_word' id='word_1_295' title='bbox 297 3507 416 3567; x_wconf 83' lang='grc' dir='ltr'>τοῖς</span> <span class='ocrx_word' id='word_1_296' title='bbox 457 3502 830 3576; x_wconf 69' lang='grc' dir='ltr'>ὑψηλοτέροις,</span> <span class='ocrx_word' id='word_1_297' title='bbox 857 3504 952 3557; x_wconf 78' lang='grc' dir='ltr'>κα).</span> <span class='ocrx_word' id='word_1_298' title='bbox 981 3505 1090 3566; x_wconf 87' lang='grc' dir='ltr'>τοῖς</span> <span class='ocrx_word' id='word_1_299' title='bbox 1127 3500 1330 3572; x_wconf 79' lang='grc' dir='ltr'>μᾶλλον</span> <span class='ocrx_word' id='word_1_300' title='bbox 1374 3500 1513 3570; x_wconf 80' lang='grc' dir='ltr'>ὑπὲρ</span> <span class='ocrx_word' id='word_1_301' title='bbox 1545 3500 1642 3560; x_wconf 80' lang='grc' dir='ltr'>τὴν</span> <span class='ocrx_word' id='word_1_302' title='bbox 1669 3499 1765 3559; x_wconf 81' lang='grc' dir='ltr'><strong>σὴν</strong></span> <span class='ocrx_word' id='word_1_303' title='bbox 1792 3500 1883 3552; x_wconf 83' lang='grc' dir='ltr'><strong>δύ-</strong></span> 
     </span>
    </p>
   </div>
   <div class='ocr_carea' id='block_1_39' title="bbox 300 3612 490 3666">
    <p class='ocr_par' dir='ltr' id='par_1_39' title="bbox 300 3612 490 3666">
     <span class='ocr_line' id='line_1_39' title="bbox 300 3612 490 3666; baseline 0.016 -19"><span class='ocrx_word' id='word_1_304' title='bbox 300 3612 490 3666; x_wconf 84' lang='grc' dir='ltr'>ναμιν.</span> 
     </span>
    </p>
   </div>
   <div class='ocr_carea' id='block_1_40' title="bbox 1981 577 3551 648">
    <p class='ocr_par' dir='ltr' id='par_1_40' title="bbox 1981 577 3551 648">
     <span class='ocr_line' id='line_1_40' title="bbox 1981 577 3551 648; baseline 0 -15"><span class='ocrx_word' id='word_1_305' title='bbox 1981 578 2144 633; x_wconf 89' lang='lat' dir='ltr'><strong>simul</strong></span> <span class='ocrx_word' id='word_1_306' title='bbox 2192 586 2246 632; x_wconf 94' lang='lat' dir='ltr'><strong>et</strong></span> <span class='ocrx_word' id='word_1_307' title='bbox 2299 577 2475 648; x_wconf 98' lang='lat' dir='ltr'><strong>imago</strong></span> <span class='ocrx_word' id='word_1_308' title='bbox 2515 577 2608 631; x_wconf 89' lang='lat' dir='ltr'><strong>Dei</strong></span> <span class='ocrx_word' id='word_1_309' title='bbox 2661 578 2757 643; x_wconf 86' lang='lat' dir='ltr'><strong>sis,</strong></span> <span class='ocrx_word' id='word_1_310' title='bbox 2796 585 2854 632; x_wconf 92' lang='lat' dir='ltr'><strong>et</strong></span> <span class='ocrx_word' id='word_1_311' title='bbox 2898 577 3154 633; x_wconf 85' lang='lat' dir='ltr'><strong>deteriori</strong></span> <span class='ocrx_word' id='word_1_312' title='bbox 3201 577 3551 648; x_wconf 87' lang='lat' dir='ltr'><strong>astringaris;</strong></span> 
     </span>
    </p>
   </div>
   <div class='ocr_carea' id='block_1_41' title="bbox 1981 668 3559 740">
    <p class='ocr_par' dir='ltr' id='par_1_41' title="bbox 1981 668 3559 740">
     <span class='ocr_line' id='line_1_41' title="bbox 1981 668 3559 740; baseline 0 -20"><span class='ocrx_word' id='word_1_313' title='bbox 1981 669 2110 739; x_wconf 87' lang='lat' dir='ltr'><strong>quid</strong></span> <span class='ocrx_word' id='word_1_314' title='bbox 2175 668 2305 723; x_wconf 89' lang='lat' dir='ltr'><strong>illud</strong></span> <span class='ocrx_word' id='word_1_315' title='bbox 2357 668 2447 732; x_wconf 90' lang='lat' dir='ltr'><strong>sit,</strong></span> <span class='ocrx_word' id='word_1_316' title='bbox 2479 671 2618 738; x_wconf 90' lang='lat' dir='ltr'><strong>quod</strong></span> <span class='ocrx_word' id='word_1_317' title='bbox 2664 669 2755 723; x_wconf 91' lang='lat' dir='ltr'><strong>tibi</strong></span> <span class='ocrx_word' id='word_1_318' title='bbox 2802 678 3002 722; x_wconf 89' lang='lat' dir='ltr'><strong>motum</strong></span> <span class='ocrx_word' id='word_1_319' title='bbox 3037 669 3233 734; x_wconf 86' lang='lat' dir='ltr'><strong>attulit,</strong></span> <span class='ocrx_word' id='word_1_320' title='bbox 3269 684 3388 740; x_wconf 66' lang='lat' dir='ltr'><strong>quae</strong></span> <span class='ocrx_word' id='word_1_321' title='bbox 3422 669 3559 723; x_wconf 83' lang='lat' dir='ltr'><strong>inte.</strong></span> 
     </span>
    </p>
   </div>
   <div class='ocr_carea' id='block_1_42' title="bbox 1981 758 3558 828">
    <p class='ocr_par' dir='ltr' id='par_1_42' title="bbox 1981 758 3558 828">
     <span class='ocr_line' id='line_1_42' title="bbox 1981 758 3558 828; baseline -0.001 -16"><span class='ocrx_word' id='word_1_322' title='bbox 1981 761 2244 828; x_wconf 89' lang='lat' dir='ltr'><strong>sapientia</strong></span> <span class='ocrx_word' id='word_1_323' title='bbox 2273 759 2505 824; x_wconf 78' lang='lat' dir='ltr'><strong>eluceat,</strong></span> <span class='ocrx_word' id='word_1_324' title='bbox 2542 758 2683 828; x_wconf 87' lang='lat' dir='ltr'><strong>quod</strong></span> <span class='ocrx_word' id='word_1_325' title='bbox 2709 767 2913 813; x_wconf 73' lang='lat' dir='ltr'><strong>naturae</strong></span> <span class='ocrx_word' id='word_1_326' title='bbox 2956 773 3210 812; x_wconf 91' lang='lat' dir='ltr'><strong>arcanum</strong></span> <span class='ocrx_word' id='word_1_327' title='bbox 3242 771 3255 808; x_wconf 88' lang='lat'><strong>:</strong></span> <span class='ocrx_word' id='word_1_328' title='bbox 3289 758 3558 828; x_wconf 88' lang='lat' dir='ltr'><strong>quomodo</strong></span> 
     </span>
    </p>
   </div>
   <div class='ocr_carea' id='block_1_43' title="bbox 1983 849 3558 913">
    <p class='ocr_par' dir='ltr' id='par_1_43' title="bbox 1983 849 3558 913">
     <span class='ocr_line' id='line_1_43' title="bbox 1983 849 3558 913; baseline -0.001 -9"><span class='ocrx_word' id='word_1_329' title='bbox 1983 851 2100 905; x_wconf 91' lang='lat' dir='ltr'><strong>loco</strong></span> <span class='ocrx_word' id='word_1_330' title='bbox 2139 851 2631 913; x_wconf 89' lang='lat' dir='ltr'><strong>circumscriberis,</strong></span> <span class='ocrx_word' id='word_1_331' title='bbox 2658 866 2720 904; x_wconf 92' lang='lat' dir='ltr'><strong>ac</strong></span> <span class='ocrx_word' id='word_1_332' title='bbox 2751 864 2902 905; x_wconf 89' lang='lat' dir='ltr'><strong>mens</strong></span> <span class='ocrx_word' id='word_1_333' title='bbox 2926 851 3070 906; x_wconf 90' lang='lat' dir='ltr'><strong>nullo</strong></span> <span class='ocrx_word' id='word_1_334' title='bbox 3106 850 3280 904; x_wconf 78' lang='lat' dir='ltr'><strong>limite</strong></span> <span class='ocrx_word' id='word_1_335' title='bbox 3329 849 3558 904; x_wconf 88' lang='lat' dir='ltr'><strong>includi-</strong></span> 
     </span>
    </p>
   </div>
   <div class='ocr_carea' id='block_1_44' title="bbox 1985 941 3558 1009">
    <p class='ocr_par' dir='ltr' id='par_1_44' title="bbox 1985 941 3558 1009">
     <span class='ocr_line' id='line_1_44' title="bbox 1985 941 3558 1009; baseline -0.001 -13"><span class='ocrx_word' id='word_1_336' title='bbox 1985 952 2091 1009; x_wconf 90' lang='lat' dir='ltr'><strong>tur,</strong></span> <span class='ocrx_word' id='word_1_337' title='bbox 2126 943 2220 998; x_wconf 88' lang='lat' dir='ltr'><strong>sed</strong></span> <span class='ocrx_word' id='word_1_338' title='bbox 2270 943 2323 996; x_wconf 93' lang='lat' dir='ltr'><strong>in</strong></span> <span class='ocrx_word' id='word_1_339' title='bbox 2371 943 2561 997; x_wconf 88' lang='lat' dir='ltr'><strong>eodem</strong></span> <span class='ocrx_word' id='word_1_340' title='bbox 2602 941 2720 996; x_wconf 93' lang='lat' dir='ltr'><strong>loco</strong></span> <span class='ocrx_word' id='word_1_341' title='bbox 2771 957 3012 1007; x_wconf 88' lang='lat' dir='ltr'><strong>manens,</strong></span> <span class='ocrx_word' id='word_1_342' title='bbox 3047 941 3228 996; x_wconf 88' lang='lat' dir='ltr'><strong>omnia</strong></span> <span class='ocrx_word' id='word_1_343' title='bbox 3263 941 3458 996; x_wconf 91' lang='lat' dir='ltr'><strong>lustrat</strong></span> <span class='ocrx_word' id='word_1_344' title='bbox 3493 954 3558 994; x_wconf 87' lang='lat' dir='ltr'><strong>ac</strong></span> 
     </span>
    </p>
   </div>
   <div class='ocr_carea' id='block_1_45' title="bbox 1982 1031 3556 1106">
    <p class='ocr_par' dir='ltr' id='par_1_45' title="bbox 1982 1031 3556 1106">
     <span class='ocr_line' id='line_1_45' title="bbox 1982 1031 3556 1106; baseline -0.002 -17"><span class='ocrx_word' id='word_1_345' title='bbox 1982 1045 2326 1106; x_wconf 81' lang='lat' dir='ltr'><strong>pervagatur.</strong></span> <span class='ocrx_word' id='word_1_346' title='bbox 2392 1034 2697 1104; x_wconf 86' lang='lat' dir='ltr'><strong>Quomodo,</strong></span> <span class='ocrx_word' id='word_1_347' title='bbox 2727 1031 2734 1036; x_wconf 77' lang='grc'><strong>’</strong></span> <span class='ocrx_word' id='word_1_348' title='bbox 2763 1050 2886 1089; x_wconf 87' lang='lat' dir='ltr'><strong>cum</strong></span> <span class='ocrx_word' id='word_1_349' title='bbox 2940 1034 3180 1088; x_wconf 89' lang='lat' dir='ltr'><strong>tantillus</strong></span> <span class='ocrx_word' id='word_1_350' title='bbox 3223 1033 3297 1088; x_wconf 97' lang='lat' dir='ltr'><strong>sit</strong></span> <span class='ocrx_word' id='word_1_351' title='bbox 3343 1032 3556 1097; x_wconf 89' lang='lat' dir='ltr'><strong>oculus,</strong></span> 
     </span>
    </p>
   </div>
   <div class='ocr_carea' id='block_1_46' title="bbox 1983 1126 3560 1198">
    <p class='ocr_par' dir='ltr' id='par_1_46' title="bbox 1983 1126 3560 1198">
     <span class='ocr_line' id='line_1_46' title="bbox 1983 1126 3560 1198; baseline 0 -18"><span class='ocrx_word' id='word_1_352' title='bbox 1983 1135 2093 1180; x_wconf 90' lang='lat' dir='ltr'><strong>tam</strong></span> <span class='ocrx_word' id='word_1_353' title='bbox 2121 1126 2278 1196; x_wconf 89' lang='lat' dir='ltr'><strong>longe</strong></span> <span class='ocrx_word' id='word_1_354' title='bbox 2306 1127 2600 1198; x_wconf 75' lang='lat' dir='ltr'><strong>pertingit;</strong></span> <span class='ocrx_word' id='word_1_355' title='bbox 2638 1135 2816 1182; x_wconf 90' lang='lat' dir='ltr'><strong>utrum</strong></span> <span class='ocrx_word' id='word_1_356' title='bbox 2852 1129 2995 1195; x_wconf 84' lang='lat' dir='ltr'><strong>quod</strong></span> <span class='ocrx_word' id='word_1_357' title='bbox 3036 1142 3147 1181; x_wconf 90' lang='lat' dir='ltr'><strong>rem</strong></span> <span class='ocrx_word' id='word_1_358' title='bbox 3180 1127 3347 1181; x_wconf 89' lang='lat' dir='ltr'><strong>visam</strong></span> <span class='ocrx_word' id='word_1_359' title='bbox 3372 1126 3560 1181; x_wconf 89' lang='lat' dir='ltr'><strong>admit-</strong></span> 
     </span>
    </p>
   </div>
   <div class='ocr_carea' id='block_1_47' title="bbox 1983 1217 3560 1287">
    <p class='ocr_par' dir='ltr' id='par_1_47' title="bbox 1983 1217 3560 1287">
     <span class='ocr_line' id='line_1_47' title="bbox 1983 1217 3560 1287; baseline -0.002 -16"><span class='ocrx_word' id='word_1_360' title='bbox 1983 1226 2082 1278; x_wconf 88' lang='lat' dir='ltr'><strong>tat.</strong></span> <span class='ocrx_word' id='word_1_361' title='bbox 2138 1233 2206 1270; x_wconf 88' lang='lat' dir='ltr'><strong>an</strong></span> <span class='ocrx_word' id='word_1_362' title='bbox 2260 1217 2438 1283; x_wconf 81' lang='lat' dir='ltr'><strong>potius</strong></span> <span class='ocrx_word' id='word_1_363' title='bbox 2489 1217 2631 1287; x_wconf 88' lang='lat' dir='ltr'><strong>quod</strong></span> <span class='ocrx_word' id='word_1_364' title='bbox 2687 1217 2750 1270; x_wconf 88' lang='lat' dir='ltr'><strong>ad</strong></span> <span class='ocrx_word' id='word_1_365' title='bbox 2809 1231 2927 1271; x_wconf 90' lang='lat' dir='ltr'><strong>eam</strong></span> <span class='ocrx_word' id='word_1_366' title='bbox 2983 1219 3560 1285; x_wconf 74' lang='lat' dir='ltr'><strong>transeat:quomodo</strong></span> 
     </span>
    </p>
   </div>
   <div class='ocr_carea' id='block_1_48' title="bbox 1985 1306 3560 1375">
    <p class='ocr_par' dir='ltr' id='par_1_48' title="bbox 1985 1306 3560 1375">
     <span class='ocr_line' id='line_1_48' title="bbox 1985 1306 3560 1375; baseline -0.003 -13"><span class='ocrx_word' id='word_1_367' title='bbox 1985 1309 2126 1363; x_wconf 89' lang='lat' dir='ltr'><strong>idem</strong></span> <span class='ocrx_word' id='word_1_368' title='bbox 2155 1319 2209 1363; x_wconf 86' lang='lat' dir='ltr'><strong>et</strong></span> <span class='ocrx_word' id='word_1_369' title='bbox 2239 1318 2417 1363; x_wconf 84' lang='lat' dir='ltr'><strong>movet</strong></span> <span class='ocrx_word' id='word_1_370' title='bbox 2448 1317 2504 1362; x_wconf 89' lang='lat' dir='ltr'><strong>et</strong></span> <span class='ocrx_word' id='word_1_371' title='bbox 2548 1317 2812 1372; x_wconf 78' lang='lat' dir='ltr'><strong>inovetitr,</strong></span> <span class='ocrx_word' id='word_1_372' title='bbox 2861 1322 2924 1361; x_wconf 86' lang='lat' dir='ltr'><strong>ac</strong></span> <span class='ocrx_word' id='word_1_373' title='bbox 2967 1321 3061 1375; x_wconf 87' lang='lat' dir='ltr'><strong>per</strong></span> <span class='ocrx_word' id='word_1_374' title='bbox 3103 1306 3431 1360; x_wconf 83' lang='lat' dir='ltr'><strong>voluntatem</strong></span> <span class='ocrx_word' id='word_1_375' title='bbox 3462 1321 3560 1375; x_wconf 77' lang='lat' dir='ltr'><strong>gu-</strong></span> 
     </span>
    </p>
   </div>
   <div class='ocr_carea' id='block_1_49' title="bbox 1985 1397 3558 1468">
    <p class='ocr_par' dir='ltr' id='par_1_49' title="bbox 1985 1397 3558 1468">
     <span class='ocr_line' id='line_1_49' title="bbox 1985 1397 3558 1468; baseline -0.003 -17"><span class='ocrx_word' id='word_1_376' title='bbox 1985 1399 2244 1452; x_wconf 83' lang='lat' dir='ltr'><strong>bernatur</strong></span> <span class='ocrx_word' id='word_1_377' title='bbox 2270 1415 2284 1452; x_wconf 90' lang='lat'><strong>:</strong></span> <span class='ocrx_word' id='word_1_378' title='bbox 2315 1413 2436 1468; x_wconf 68' lang='lat' dir='ltr'><strong>quae</strong></span> <span class='ocrx_word' id='word_1_379' title='bbox 2474 1409 2655 1453; x_wconf 90' lang='lat' dir='ltr'><strong>motus</strong></span> <span class='ocrx_word' id='word_1_380' title='bbox 2683 1397 2858 1466; x_wconf 84' lang='lat' dir='ltr'><strong>quies,</strong></span> <span class='ocrx_word' id='word_1_381' title='bbox 2893 1412 3012 1466; x_wconf 71' lang='lat' dir='ltr'><strong>qua:</strong></span> <span class='ocrx_word' id='word_1_382' title='bbox 3034 1412 3288 1452; x_wconf 89' lang='lat' dir='ltr'><strong>sensuum</strong></span> <span class='ocrx_word' id='word_1_383' title='bbox 3321 1397 3558 1466; x_wconf 85' lang='lat' dir='ltr'><strong>partitio,</strong></span> 
     </span>
    </p>
   </div>
   <div class='ocr_carea' id='block_1_50' title="bbox 1985 1489 3558 1560">
    <p class='ocr_par' dir='ltr' id='par_1_50' title="bbox 1985 1489 3558 1560">
     <span class='ocr_line' id='line_1_50' title="bbox 1985 1489 3558 1560; baseline -0.001 -16"><span class='ocrx_word' id='word_1_384' title='bbox 1985 1492 2252 1560; x_wconf 90' lang='lat' dir='ltr'><strong>quomodo</strong></span> <span class='ocrx_word' id='word_1_385' title='bbox 2283 1506 2436 1547; x_wconf 90' lang='lat' dir='ltr'><strong>mens</strong></span> <span class='ocrx_word' id='word_1_386' title='bbox 2465 1505 2841 1558; x_wconf 56' lang='lat' dir='ltr'><strong>eorumzopera</strong></span> <span class='ocrx_word' id='word_1_387' title='bbox 2873 1504 2996 1542; x_wconf 90' lang='lat' dir='ltr'><strong>cum</strong></span> <span class='ocrx_word' id='word_1_388' title='bbox 3028 1489 3268 1543; x_wconf 83' lang='lat' dir='ltr'><strong>externis</strong></span> <span class='ocrx_word' id='word_1_389' title='bbox 3289 1496 3558 1552; x_wconf 83' lang='lat' dir='ltr'><strong>versatur,</strong></span> 
     </span>
    </p>
   </div>
   <div class='ocr_carea' id='block_1_51' title="bbox 1985 1580 3651 1663">
    <p class='ocr_par' dir='ltr' id='par_1_51' title="bbox 1985 1580 3651 1663">
     <span class='ocr_line' id='line_1_51' title="bbox 1985 1580 3651 1663; baseline -0.001 -27"><span class='ocrx_word' id='word_1_390' title='bbox 1985 1596 2145 1652; x_wconf 90' lang='lat' dir='ltr'><strong>atque</strong></span> <span class='ocrx_word' id='word_1_391' title='bbox 2193 1591 2419 1637; x_wconf 82' lang='lat' dir='ltr'><strong>externa</strong></span> <span class='ocrx_word' id='word_1_392' title='bbox 2469 1583 2671 1652; x_wconf 83' lang='lat' dir='ltr'><strong>excipit</strong></span> <span class='ocrx_word' id='word_1_393' title='bbox 2709 1599 2720 1634; x_wconf 92' lang='lat'>:</span> <span class='ocrx_word' id='word_1_394' title='bbox 2753 1581 3024 1651; x_wconf 89' lang='lat' dir='ltr'><strong>quomodo</strong></span> <span class='ocrx_word' id='word_1_395' title='bbox 3077 1580 3280 1636; x_wconf 80' lang='lat' dir='ltr'><strong>formas</strong></span> <span class='ocrx_word' id='word_1_396' title='bbox 3325 1582 3651 1663; x_wconf 35' lang='lat' dir='ltr'><strong>recipitk</strong></span> 
     </span>
    </p>
   </div>
   <div class='ocr_carea' id='block_1_52' title="bbox 1985 1673 3562 1746">
    <p class='ocr_par' dir='ltr' id='par_1_52' title="bbox 1985 1673 3562 1746">
     <span class='ocr_line' id='line_1_52' title="bbox 1985 1673 3562 1746; baseline 0.001 -19"><span class='ocrx_word' id='word_1_397' title='bbox 1985 1693 2104 1746; x_wconf 78' lang='lat' dir='ltr'><strong>qua:</strong></span> <span class='ocrx_word' id='word_1_398' title='bbox 2140 1687 2430 1745; x_wconf 75' lang='lat' dir='ltr'><strong>assumptze</strong></span> <span class='ocrx_word' id='word_1_399' title='bbox 2465 1677 2540 1730; x_wconf 89' lang='lat' dir='ltr'><strong>rei</strong></span> <span class='ocrx_word' id='word_1_400' title='bbox 2575 1675 2938 1738; x_wconf 87' lang='lat' dir='ltr'><strong>conservatio,</strong></span> <span class='ocrx_word' id='word_1_401' title='bbox 2977 1673 3061 1728; x_wconf 92' lang='lat' dir='ltr'><strong>vel</strong></span> <span class='ocrx_word' id='word_1_402' title='bbox 3111 1674 3368 1728; x_wconf 90' lang='lat' dir='ltr'><strong>memoria</strong></span> <span class='ocrx_word' id='word_1_403' title='bbox 3401 1692 3415 1728; x_wconf 90' lang='lat'><strong>:</strong></span> <span class='ocrx_word' id='word_1_404' title='bbox 3443 1689 3562 1743; x_wconf 73' lang='lat' dir='ltr'><strong>utne</strong></span> 
     </span>
    </p>
   </div>
   <div class='ocr_carea' id='block_1_53' title="bbox 1987 1765 3616 1836">
    <p class='ocr_par' dir='ltr' id='par_1_53' title="bbox 1987 1765 3616 1836">
     <span class='ocr_line' id='line_1_53' title="bbox 1987 1765 3616 1836; baseline -0.001 -15"><span class='ocrx_word' id='word_1_405' title='bbox 1987 1768 2183 1836; x_wconf 62' lang='lat' dir='ltr'><strong>elapsae</strong></span> <span class='ocrx_word' id='word_1_406' title='bbox 2246 1767 2605 1836; x_wconf 82' lang='lat' dir='ltr'><strong>recuperatio,</strong></span> <span class='ocrx_word' id='word_1_407' title='bbox 2656 1765 2739 1820; x_wconf 86' lang='lat' dir='ltr'><strong>vel</strong></span> <span class='ocrx_word' id='word_1_408' title='bbox 2809 1765 3212 1819; x_wconf 90' lang='lat' dir='ltr'><strong>reminiscentia</strong></span> <span class='ocrx_word' id='word_1_409' title='bbox 3248 1781 3262 1816; x_wconf 91' lang='lat'><strong>:</strong></span> <span class='ocrx_word' id='word_1_410' title='bbox 3294 1767 3561 1834; x_wconf 86' lang='lat' dir='ltr'><strong>quomodo</strong></span> <span class='ocrx_word' id='word_1_411' title='bbox 3606 1811 3616 1820; x_wconf 94' lang='lat'><strong>.</strong></span> 
     </span>
    </p>
   </div>
   <div class='ocr_carea' id='block_1_54' title="bbox 1989 1854 3660 1923">
    <p class='ocr_par' dir='ltr' id='par_1_54' title="bbox 1989 1854 3660 1923">
     <span class='ocr_line' id='line_1_54' title="bbox 1989 1854 3660 1923; baseline -0.002 -12"><span class='ocrx_word' id='word_1_412' title='bbox 1989 1872 2170 1912; x_wconf 88' lang='lat' dir='ltr'><strong>sermo</strong></span> <span class='ocrx_word' id='word_1_413' title='bbox 2199 1858 2396 1911; x_wconf 90' lang='lat' dir='ltr'><strong>mentis</strong></span> <span class='ocrx_word' id='word_1_414' title='bbox 2428 1855 2569 1910; x_wconf 79' lang='lat' dir='ltr'><strong>fetus</strong></span> <span class='ocrx_word' id='word_1_415' title='bbox 2604 1864 2706 1919; x_wconf 85' lang='lat' dir='ltr'><strong>est,</strong></span> <span class='ocrx_word' id='word_1_416' title='bbox 2745 1863 2904 1923; x_wconf 84' lang='lat' dir='ltr'><strong>atque</strong></span> <span class='ocrx_word' id='word_1_417' title='bbox 2939 1854 2990 1906; x_wconf 87' lang='lat' dir='ltr'><strong>in</strong></span> <span class='ocrx_word' id='word_1_418' title='bbox 3020 1854 3122 1907; x_wconf 90' lang='lat' dir='ltr'><strong>alia</strong></span> <span class='ocrx_word' id='word_1_419' title='bbox 3146 1864 3326 1909; x_wconf 88' lang='lat' dir='ltr'><strong>mente</strong></span> <span class='ocrx_word' id='word_1_420' title='bbox 3355 1869 3563 1910; x_wconf 79' lang='lat' dir='ltr'><strong>sermo—</strong></span> <span class='ocrx_word' id='word_1_421' title='bbox 3658 1888 3660 1890; x_wconf 97' lang='lat'><strong><em>-</em></strong></span> 
     </span>
    </p>
   </div>
   <div class='ocr_carea' id='block_1_55' title="bbox 1992 1949 3564 2019">
    <p class='ocr_par' dir='ltr' id='par_1_55' title="bbox 1992 1949 3564 2019">
     <span class='ocr_line' id='line_1_55' title="bbox 1992 1949 3564 2019; baseline -0.001 -14"><span class='ocrx_word' id='word_1_422' title='bbox 1992 1966 2115 2005; x_wconf 90' lang='lat' dir='ltr'><strong>nem</strong></span> <span class='ocrx_word' id='word_1_423' title='bbox 2149 1959 2418 2018; x_wconf 83' lang='lat' dir='ltr'><strong>procreat,</strong></span> <span class='ocrx_word' id='word_1_424' title='bbox 2445 1958 2500 2004; x_wconf 92' lang='lat' dir='ltr'><strong>et</strong></span> <span class='ocrx_word' id='word_1_425' title='bbox 2533 1949 2804 2019; x_wconf 91' lang='lat' dir='ltr'><strong>quomodo</strong></span> <span class='ocrx_word' id='word_1_426' title='bbox 2825 1949 3079 2018; x_wconf 85' lang='lat' dir='ltr'><strong>cogitatio</strong></span> <span class='ocrx_word' id='word_1_427' title='bbox 3109 1964 3361 2004; x_wconf 86' lang='lat' dir='ltr'><strong>sermone</strong></span> <span class='ocrx_word' id='word_1_428' title='bbox 3384 1950 3564 2004; x_wconf 89' lang='lat' dir='ltr'><strong>distri-</strong></span> 
     </span>
    </p>
   </div>
   <div class='ocr_carea' id='block_1_56' title="bbox 1988 2041 3564 2110">
    <p class='ocr_par' dir='ltr' id='par_1_56' title="bbox 1988 2041 3564 2110">
     <span class='ocr_line' id='line_1_56' title="bbox 1988 2041 3564 2110; baseline -0.001 -12"><span class='ocrx_word' id='word_1_429' title='bbox 1988 2041 2508 2110; x_wconf 83' lang='lat' dir='ltr'><strong>buiturzquomodo</strong></span> <span class='ocrx_word' id='word_1_430' title='bbox 2566 2055 2762 2110; x_wconf 90' lang='lat' dir='ltr'><strong>corpus</strong></span> <span class='ocrx_word' id='word_1_431' title='bbox 2817 2054 2914 2109; x_wconf 90' lang='lat' dir='ltr'><strong>per</strong></span> <span class='ocrx_word' id='word_1_432' title='bbox 2971 2041 3208 2095; x_wconf 91' lang='lat' dir='ltr'><strong>animam</strong></span> <span class='ocrx_word' id='word_1_433' title='bbox 3265 2041 3452 2108; x_wconf 86' lang='lat' dir='ltr'><strong>alitur,</strong></span> <span class='ocrx_word' id='word_1_434' title='bbox 3506 2053 3564 2096; x_wconf 92' lang='lat' dir='ltr'><strong>et</strong></span> 
     </span>
    </p>
   </div>
   <div class='ocr_carea' id='block_1_57' title="bbox 1989 2129 3556 2202">
    <p class='ocr_par' dir='ltr' id='par_1_57' title="bbox 1989 2129 3556 2202">
     <span class='ocr_line' id='line_1_57' title="bbox 1989 2129 3556 2202; baseline -0.001 -18"><span class='ocrx_word' id='word_1_435' title='bbox 1989 2132 2259 2202; x_wconf 90' lang='lat' dir='ltr'><strong>quomodo</strong></span> <span class='ocrx_word' id='word_1_436' title='bbox 2286 2131 2464 2185; x_wconf 89' lang='lat' dir='ltr'><strong>anima</strong></span> <span class='ocrx_word' id='word_1_437' title='bbox 2491 2144 2585 2198; x_wconf 91' lang='lat' dir='ltr'><strong>per</strong></span> <span class='ocrx_word' id='word_1_438' title='bbox 2619 2143 2818 2200; x_wconf 88' lang='lat' dir='ltr'><strong>corpus</strong></span> <span class='ocrx_word' id='word_1_439' title='bbox 2845 2129 3128 2185; x_wconf 79' lang='lat' dir='ltr'><strong>allectuum</strong></span> <span class='ocrx_word' id='word_1_440' title='bbox 3162 2132 3433 2200; x_wconf 85' lang='lat' dir='ltr'><strong>particeps</strong></span> <span class='ocrx_word' id='word_1_441' title='bbox 3464 2131 3556 2184; x_wconf 80' lang='lat' dir='ltr'><strong>iit:</strong></span> 
     </span>
    </p>
   </div>
   <div class='ocr_carea' id='block_1_58' title="bbox 1991 2221 3557 2294">
    <p class='ocr_par' dir='ltr' id='par_1_58' title="bbox 1991 2221 3557 2294">
     <span class='ocr_line' id='line_1_58' title="bbox 1991 2221 3557 2294; baseline -0.002 -17"><span class='ocrx_word' id='word_1_442' title='bbox 1991 2224 2260 2294; x_wconf 88' lang='lat' dir='ltr'><strong>quomodo</strong></span> <span class='ocrx_word' id='word_1_443' title='bbox 2287 2236 2404 2276; x_wconf 89' lang='lat' dir='ltr'><strong>eam</strong></span> <span class='ocrx_word' id='word_1_444' title='bbox 2448 2221 2609 2276; x_wconf 89' lang='lat' dir='ltr'><strong>timor</strong></span> <span class='ocrx_word' id='word_1_445' title='bbox 2637 2221 2980 2291; x_wconf 82' lang='lat' dir='ltr'><strong>constringit,</strong></span> <span class='ocrx_word' id='word_1_446' title='bbox 3012 2221 3342 2291; x_wconf 70' lang='lat' dir='ltr'><strong>praetidentia</strong></span> <span class='ocrx_word' id='word_1_447' title='bbox 3377 2221 3557 2283; x_wconf 83' lang='lat' dir='ltr'><strong>solvit,</strong></span> 
     </span>
    </p>
   </div>
   <div class='ocr_carea' id='block_1_59' title="bbox 1992 2311 3556 2377">
    <p class='ocr_par' dir='ltr' id='par_1_59' title="bbox 1992 2311 3556 2377">
     <span class='ocr_line' id='line_1_59' title="bbox 1992 2311 3556 2377; baseline 0.001 -10"><span class='ocrx_word' id='word_1_448' title='bbox 1992 2328 2193 2368; x_wconf 74' lang='lat' dir='ltr'><strong>mceror</strong></span> <span class='ocrx_word' id='word_1_449' title='bbox 2219 2313 2510 2377; x_wconf 86' lang='lat' dir='ltr'><strong>contrahit,</strong></span> <span class='ocrx_word' id='word_1_450' title='bbox 2541 2313 2724 2367; x_wconf 80' lang='lat' dir='ltr'><strong>lzetitia</strong></span> <span class='ocrx_word' id='word_1_451' title='bbox 2756 2311 3024 2376; x_wconf 80' lang='lat' dir='ltr'><strong>ditl‘undit,</strong></span> <span class='ocrx_word' id='word_1_452' title='bbox 3059 2313 3196 2370; x_wconf 86' lang='lat' dir='ltr'><strong>livor</strong></span> <span class='ocrx_word' id='word_1_453' title='bbox 3223 2313 3346 2368; x_wconf 87' lang='lat' dir='ltr'><strong>labe</strong></span> <span class='ocrx_word' id='word_1_454' title='bbox 3374 2313 3556 2376; x_wconf 77' lang='lat' dir='ltr'><strong>allicit,</strong></span> 
     </span>
    </p>
   </div>
   <div class='ocr_carea' id='block_1_60' title="bbox 1990 2402 3562 2476">
    <p class='ocr_par' dir='ltr' id='par_1_60' title="bbox 1990 2402 3562 2476">
     <span class='ocr_line' id='line_1_60' title="bbox 1990 2402 3562 2476; baseline -0.002 -15"><span class='ocrx_word' id='word_1_455' title='bbox 1990 2405 2156 2476; x_wconf 77' lang='lat'><strong>598</strong></span> <span class='ocrx_word' id='word_1_456' title='bbox 2184 2405 2434 2474; x_wconf 86' lang='lat' dir='ltr'><strong>superbia</strong></span> <span class='ocrx_word' id='word_1_457' title='bbox 2465 2402 2638 2467; x_wconf 76' lang='lat' dir='ltr'><strong>elfert,</strong></span> <span class='ocrx_word' id='word_1_458' title='bbox 2673 2417 2796 2472; x_wconf 89' lang='lat' dir='ltr'><strong>spes</strong></span> <span class='ocrx_word' id='word_1_459' title='bbox 2828 2404 2986 2472; x_wconf 85' lang='lat' dir='ltr'><strong>erigit</strong></span> <span class='ocrx_word' id='word_1_460' title='bbox 3014 2419 3029 2458; x_wconf 90' lang='lat'><strong>:</strong></span> <span class='ocrx_word' id='word_1_461' title='bbox 3053 2405 3320 2473; x_wconf 90' lang='lat' dir='ltr'><strong>quomodo</strong></span> <span class='ocrx_word' id='word_1_462' title='bbox 3345 2403 3562 2460; x_wconf 86' lang='lat' dir='ltr'><strong>iracun-</strong></span> 
     </span>
    </p>
   </div>
   <div class='ocr_carea' id='block_1_61' title="bbox 1988 2494 3556 2568">
    <p class='ocr_par' dir='ltr' id='par_1_61' title="bbox 1988 2494 3556 2568">
     <span class='ocr_line' id='line_1_61' title="bbox 1988 2494 3556 2568; baseline 0 -18"><span class='ocrx_word' id='word_1_463' title='bbox 1988 2498 2075 2550; x_wconf 87' lang='lat' dir='ltr'><strong>dia</strong></span> <span class='ocrx_word' id='word_1_464' title='bbox 2107 2512 2222 2551; x_wconf 88' lang='lat' dir='ltr'><strong>eam</strong></span> <span class='ocrx_word' id='word_1_465' title='bbox 2259 2497 2311 2550; x_wconf 93' lang='lat' dir='ltr'><strong>in</strong></span> <span class='ocrx_word' id='word_1_466' title='bbox 2337 2495 2571 2550; x_wconf 74' lang='lat' dir='ltr'><strong>furorem</strong></span> <span class='ocrx_word' id='word_1_467' title='bbox 2604 2497 2736 2568; x_wconf 86' lang='lat' dir='ltr'><strong>agit,</strong></span> <span class='ocrx_word' id='word_1_468' title='bbox 2767 2504 2820 2551; x_wconf 90' lang='lat' dir='ltr'><strong>et</strong></span> <span class='ocrx_word' id='word_1_469' title='bbox 2849 2495 3020 2565; x_wconf 91' lang='lat' dir='ltr'><strong>pudor</strong></span> <span class='ocrx_word' id='word_1_470' title='bbox 3046 2495 3243 2550; x_wconf 90' lang='lat' dir='ltr'><strong>rubore</strong></span> <span class='ocrx_word' id='word_1_471' title='bbox 3275 2494 3556 2562; x_wconf 70' lang='lat' dir='ltr'><strong>suﬂ‘undit;</strong></span> 
     </span>
    </p>
   </div>
   <div class='ocr_carea' id='block_1_62' title="bbox 1994 2587 3564 2659">
    <p class='ocr_par' dir='ltr' id='par_1_62' title="bbox 1994 2587 3564 2659">
     <span class='ocr_line' id='line_1_62' title="bbox 1994 2587 3564 2659; baseline 0.001 -17"><span class='ocrx_word' id='word_1_472' title='bbox 1994 2589 2107 2642; x_wconf 82' lang='lat' dir='ltr'><strong>haec</strong></span> <span class='ocrx_word' id='word_1_473' title='bbox 2140 2588 2382 2657; x_wconf 85' lang='lat' dir='ltr'><strong>quidem,</strong></span> <span class='ocrx_word' id='word_1_474' title='bbox 2423 2588 2712 2642; x_wconf 89' lang='lat' dir='ltr'><strong>ebulliente</strong></span> <span class='ocrx_word' id='word_1_475' title='bbox 2751 2588 3033 2659; x_wconf 89' lang='lat' dir='ltr'><strong>sanguine,</strong></span> <span class='ocrx_word' id='word_1_476' title='bbox 3083 2587 3170 2642; x_wconf 87' lang='lat' dir='ltr'><strong>hic</strong></span> <span class='ocrx_word' id='word_1_477' title='bbox 3214 2602 3364 2654; x_wconf 87' lang='lat' dir='ltr'><strong>vero,</strong></span> <span class='ocrx_word' id='word_1_478' title='bbox 3409 2601 3564 2643; x_wconf 80' lang='lat' dir='ltr'><strong>rece-</strong></span> 
     </span>
    </p>
   </div>
   <div class='ocr_carea' id='block_1_63' title="bbox 1991 2679 3564 2750">
    <p class='ocr_par' dir='ltr' id='par_1_63' title="bbox 1991 2679 3564 2750">
     <span class='ocr_line' id='line_1_63' title="bbox 1991 2679 3564 2750; baseline 0 -16"><span class='ocrx_word' id='word_1_479' title='bbox 1991 2680 2184 2734; x_wconf 84' lang='lat' dir='ltr'><strong>dente:</strong></span> <span class='ocrx_word' id='word_1_480' title='bbox 2212 2680 2480 2748; x_wconf 90' lang='lat' dir='ltr'><strong>quomodo</strong></span> <span class='ocrx_word' id='word_1_481' title='bbox 2533 2679 2998 2747; x_wconf 87' lang='lat' dir='ltr'><strong>perturbationum</strong></span> <span class='ocrx_word' id='word_1_482' title='bbox 3049 2679 3200 2749; x_wconf 88' lang='lat' dir='ltr'><strong>signa</strong></span> <span class='ocrx_word' id='word_1_483' title='bbox 3247 2680 3564 2750; x_wconf 78' lang='lat' dir='ltr'><strong>cerporibus</strong></span> 
     </span>
    </p>
   </div>
   <div class='ocr_carea' id='block_1_64' title="bbox 1992 2769 3564 2840">
    <p class='ocr_par' dir='ltr' id='par_1_64' title="bbox 1992 2769 3564 2840">
     <span class='ocr_line' id='line_1_64' title="bbox 1992 2769 3564 2840; baseline 0.001 -15"><span class='ocrx_word' id='word_1_484' title='bbox 1992 2772 2401 2840; x_wconf 87' lang='lat' dir='ltr'><strong>imprimuntur;</strong></span> <span class='ocrx_word' id='word_1_485' title='bbox 2465 2771 2736 2839; x_wconf 91' lang='lat' dir='ltr'><strong>quomodo</strong></span> <span class='ocrx_word' id='word_1_486' title='bbox 2785 2770 2924 2824; x_wconf 91' lang='lat' dir='ltr'><strong>ratio</strong></span> <span class='ocrx_word' id='word_1_487' title='bbox 2978 2769 3254 2839; x_wconf 60' lang='lat' dir='ltr'><strong>praesidet,</strong></span> <span class='ocrx_word' id='word_1_488' title='bbox 3291 2773 3564 2840; x_wconf 91' lang='lat' dir='ltr'><strong>quomodo</strong></span> 
     </span>
    </p>
   </div>
   <div class='ocr_carea' id='block_1_65' title="bbox 1992 2860 3562 2933">
    <p class='ocr_par' dir='ltr' id='par_1_65' title="bbox 1992 2860 3562 2933">
     <span class='ocr_line' id='line_1_65' title="bbox 1992 2860 3562 2933; baseline 0.001 -16"><span class='ocrx_word' id='word_1_489' title='bbox 1992 2864 2106 2917; x_wconf 78' lang='lat' dir='ltr'><strong>bzec</strong></span> <span class='ocrx_word' id='word_1_490' title='bbox 2143 2862 2320 2917; x_wconf 89' lang='lat' dir='ltr'><strong>omnia</strong></span> <span class='ocrx_word' id='word_1_491' title='bbox 2373 2863 2510 2930; x_wconf 91' lang='lat' dir='ltr'><strong>regit</strong></span> <span class='ocrx_word' id='word_1_492' title='bbox 2545 2872 2601 2916; x_wconf 89' lang='lat' dir='ltr'><strong>et</strong></span> <span class='ocrx_word' id='word_1_493' title='bbox 2645 2862 2972 2929; x_wconf 84' lang='lat' dir='ltr'><strong>moderatur,</strong></span> <span class='ocrx_word' id='word_1_494' title='bbox 3007 2860 3398 2933; x_wconf 74' lang='lat' dir='ltr'><strong>aﬂectuumque</strong></span> <span class='ocrx_word' id='word_1_495' title='bbox 3447 2878 3562 2918; x_wconf 90' lang='lat' dir='ltr'><strong>mo-</strong></span> 
     </span>
    </p>
   </div>
   <div class='ocr_carea' id='block_1_66' title="bbox 2001 2954 3561 3025">
    <p class='ocr_par' dir='ltr' id='par_1_66' title="bbox 2001 2954 3561 3025">
     <span class='ocr_line' id='line_1_66' title="bbox 2001 2954 3561 3025; baseline -0.003 -14"><span class='ocrx_word' id='word_1_496' title='bbox 2001 2967 2086 3012; x_wconf 89' lang='lat' dir='ltr'><strong>tus</strong></span> <span class='ocrx_word' id='word_1_497' title='bbox 2134 2956 2265 3011; x_wconf 87' lang='lat' dir='ltr'><strong>lenit</strong></span> <span class='ocrx_word' id='word_1_498' title='bbox 2310 2969 2373 3009; x_wconf 87' lang='lat' dir='ltr'><strong>ac</strong></span> <span class='ocrx_word' id='word_1_499' title='bbox 2420 2956 2606 3020; x_wconf 81' lang='lat' dir='ltr'><strong>sedat;</strong></span> <span class='ocrx_word' id='word_1_500' title='bbox 2644 2954 2911 3023; x_wconf 92' lang='lat' dir='ltr'><strong>quomodo</strong></span> <span class='ocrx_word' id='word_1_501' title='bbox 2937 2969 2964 3007; x_wconf 89' lang='lat' dir='ltr'><strong>a</strong></span> <span class='ocrx_word' id='word_1_502' title='bbox 3005 2954 3264 3024; x_wconf 87' lang='lat' dir='ltr'><strong>sanguine</strong></span> <span class='ocrx_word' id='word_1_503' title='bbox 3295 2963 3350 3008; x_wconf 91' lang='lat' dir='ltr'><strong>et</strong></span> <span class='ocrx_word' id='word_1_504' title='bbox 3387 2957 3561 3025; x_wconf 87' lang='lat' dir='ltr'><strong>spira-</strong></span> 
     </span>
    </p>
   </div>
   <div class='ocr_carea' id='block_1_67' title="bbox 1993 3044 3564 3115">
    <p class='ocr_par' dir='ltr' id='par_1_67' title="bbox 1993 3044 3564 3115">
     <span class='ocr_line' id='line_1_67' title="bbox 1993 3044 3564 3115; baseline 0 -14"><span class='ocrx_word' id='word_1_505' title='bbox 1993 3047 2157 3110; x_wconf 89' lang='lat' dir='ltr'><strong>tione,</strong></span> <span class='ocrx_word' id='word_1_506' title='bbox 2201 3045 2274 3109; x_wconf 93' lang='lat' dir='ltr'><strong>id,</strong></span> <span class='ocrx_word' id='word_1_507' title='bbox 2325 3044 2467 3112; x_wconf 90' lang='lat' dir='ltr'><strong>quod</strong></span> <span class='ocrx_word' id='word_1_508' title='bbox 2517 3057 2742 3112; x_wconf 89' lang='lat' dir='ltr'><strong>corpore</strong></span> <span class='ocrx_word' id='word_1_509' title='bbox 2791 3053 2968 3110; x_wconf 83' lang='lat' dir='ltr'><strong>vacat,</strong></span> <span class='ocrx_word' id='word_1_510' title='bbox 3015 3051 3256 3108; x_wconf 87' lang='lat' dir='ltr'><strong>tenetur;</strong></span> <span class='ocrx_word' id='word_1_511' title='bbox 3295 3047 3564 3115; x_wconf 91' lang='lat' dir='ltr'><strong>quomodo</strong></span> 
     </span>
    </p>
   </div>
   <div class='ocr_carea' id='block_1_68' title="bbox 1991 3133 3565 3200">
    <p class='ocr_par' dir='ltr' id='par_1_68' title="bbox 1991 3133 3565 3200">
     <span class='ocr_line' id='line_1_68' title="bbox 1991 3133 3565 3200; baseline 0 -8"><span class='ocrx_word' id='word_1_512' title='bbox 1991 3139 2184 3194; x_wconf 87' lang='lat' dir='ltr'><strong>borum</strong></span> <span class='ocrx_word' id='word_1_513' title='bbox 2217 3135 2470 3198; x_wconf 78' lang='lat' dir='ltr'><strong>defectio,</strong></span> <span class='ocrx_word' id='word_1_514' title='bbox 2509 3135 2701 3188; x_wconf 82' lang='lat' dir='ltr'><strong>animae</strong></span> <span class='ocrx_word' id='word_1_515' title='bbox 2743 3133 3000 3190; x_wconf 89' lang='lat' dir='ltr'><strong>discessio</strong></span> <span class='ocrx_word' id='word_1_516' title='bbox 3035 3143 3138 3190; x_wconf 91' lang='lat' dir='ltr'><strong>est.</strong></span> <span class='ocrx_word' id='word_1_517' title='bbox 3175 3133 3435 3200; x_wconf 69' lang='lat' dir='ltr'><strong>l-lrec,aut</strong></span> <span class='ocrx_word' id='word_1_518' title='bbox 3473 3138 3565 3193; x_wconf 93' lang='lat' dir='ltr'><strong>bo-</strong></span> 
     </span>
    </p>
   </div>
   <div class='ocr_carea' id='block_1_69' title="bbox 1993 3225 3563 3296">
    <p class='ocr_par' dir='ltr' id='par_1_69' title="bbox 1993 3225 3563 3296">
     <span class='ocr_line' id='line_1_69' title="bbox 1993 3225 3563 3296; baseline 0 -14"><span class='ocrx_word' id='word_1_519' title='bbox 1993 3244 2111 3282; x_wconf 90' lang='lat' dir='ltr'><strong>rum</strong></span> <span class='ocrx_word' id='word_1_520' title='bbox 2164 3227 2388 3296; x_wconf 90' lang='lat' dir='ltr'><strong>aliquid,</strong></span> <span class='ocrx_word' id='word_1_521' title='bbox 2454 3241 2488 3280; x_wconf 93' lang='grc' dir='ltr'><strong>ο</strong></span> <span class='ocrx_word' id='word_1_522' title='bbox 2552 3226 2748 3288; x_wconf 88' lang='lat' dir='ltr'><strong>homo,</strong></span> <span class='ocrx_word' id='word_1_523' title='bbox 2799 3225 3105 3296; x_wconf 82' lang='lat' dir='ltr'><strong>cegnitione</strong></span> <span class='ocrx_word' id='word_1_524' title='bbox 3162 3226 3563 3295; x_wconf 84' lang='lat' dir='ltr'><strong>comprehende</strong></span> 
     </span>
    </p>
   </div>
   <div class='ocr_carea' id='block_1_70' title="bbox 1991 3318 3562 3390">
    <p class='ocr_par' dir='ltr' id='par_1_70' title="bbox 1991 3318 3562 3390">
     <span class='ocr_line' id='line_1_70' title="bbox 1991 3318 3562 3390; baseline -0.001 -17"><span class='ocrx_word' id='word_1_525' title='bbox 1991 3319 2248 3390; x_wconf 88' lang='lat' dir='ltr'><strong>(nondum</strong></span> <span class='ocrx_word' id='word_1_526' title='bbox 2285 3320 2428 3374; x_wconf 91' lang='lat' dir='ltr'><strong>enim</strong></span> <span class='ocrx_word' id='word_1_527' title='bbox 2471 3319 2600 3372; x_wconf 65' lang='lat' dir='ltr'><strong>caeli.</strong></span> <span class='ocrx_word' id='word_1_528' title='bbox 2639 3327 2884 3372; x_wconf 89' lang='lat' dir='ltr'><strong>naturam</strong></span> <span class='ocrx_word' id='word_1_529' title='bbox 2917 3327 3011 3371; x_wconf 89' lang='lat' dir='ltr'><strong>aut</strong></span> <span class='ocrx_word' id='word_1_530' title='bbox 3041 3325 3266 3380; x_wconf 86' lang='lat' dir='ltr'><strong>motum.</strong></span> <span class='ocrx_word' id='word_1_531' title='bbox 3296 3333 3394 3373; x_wconf 92' lang='lat' dir='ltr'><strong>nec</strong></span> <span class='ocrx_word' id='word_1_532' title='bbox 3419 3318 3562 3372; x_wconf 91' lang='lat' dir='ltr'><strong>side-</strong></span> 
     </span>
    </p>
   </div>
   <div class='ocr_carea' id='block_1_71' title="bbox 1991 3406 3563 3474">
    <p class='ocr_par' dir='ltr' id='par_1_71' title="bbox 1991 3406 3563 3474">
     <span class='ocr_line' id='line_1_71' title="bbox 1991 3406 3563 3474; baseline -0.001 -11"><span class='ocrx_word' id='word_1_533' title='bbox 1991 3425 2109 3463; x_wconf 91' lang='lat' dir='ltr'><strong>rum</strong></span> <span class='ocrx_word' id='word_1_534' title='bbox 2141 3410 2406 3474; x_wconf 88' lang='lat' dir='ltr'><strong>ordinem,</strong></span> <span class='ocrx_word' id='word_1_535' title='bbox 2448 3424 2548 3462; x_wconf 91' lang='lat' dir='ltr'><strong>nec</strong></span> <span class='ocrx_word' id='word_1_536' title='bbox 2581 3407 2968 3462; x_wconf 88' lang='lat' dir='ltr'><strong>elementorum</strong></span> <span class='ocrx_word' id='word_1_537' title='bbox 3001 3406 3432 3474; x_wconf 89' lang='lat' dir='ltr'><strong>permistionem,</strong></span> <span class='ocrx_word' id='word_1_538' title='bbox 3463 3421 3563 3462; x_wconf 90' lang='lat' dir='ltr'><strong>nec</strong></span> 
     </span>
    </p>
   </div>
   <div class='ocr_carea' id='block_1_72' title="bbox 1990 3487 3560 3563">
    <p class='ocr_par' dir='ltr' id='par_1_72' title="bbox 1990 3487 3560 3563">
     <span class='ocr_line' id='line_1_72' title="bbox 1990 3487 3560 3563; baseline -0.001 -7"><span class='ocrx_word' id='word_1_539' title='bbox 1990 3502 2344 3556; x_wconf 84' lang='lat' dir='ltr'><strong>animantium</strong></span> <span class='ocrx_word' id='word_1_540' title='bbox 2405 3501 2738 3563; x_wconf 88' lang='lat' dir='ltr'><strong>discrimina,</strong></span> <span class='ocrx_word' id='word_1_541' title='bbox 2784 3514 2882 3554; x_wconf 91' lang='lat' dir='ltr'><strong>nec</strong></span> <span class='ocrx_word' id='word_1_542' title='bbox 2940 3487 3238 3553; x_wconf 69' lang='lat' dir='ltr'><strong>cdtlestium</strong></span> <span class='ocrx_word' id='word_1_543' title='bbox 3299 3499 3560 3554; x_wconf 84' lang='lat' dir='ltr'><strong>virtutum</strong></span> 
     </span>
    </p>
   </div>
   <div class='ocr_carea' id='block_1_73' title="bbox 1991 3576 3560 3661">
    <p class='ocr_par' dir='ltr' id='par_1_73' title="bbox 1991 3576 3560 3661">
     <span class='ocr_line' id='line_1_73' title="bbox 1991 3576 3560 3661; baseline -0.003 -15"><span class='ocrx_word' id='word_1_544' title='bbox 1991 3593 2274 3647; x_wconf 82' lang='lat' dir='ltr'><strong>inferiores</strong></span> <span class='ocrx_word' id='word_1_545' title='bbox 2314 3591 2510 3661; x_wconf 86' lang='lat' dir='ltr'><strong>gradus</strong></span> <span class='ocrx_word' id='word_1_546' title='bbox 2549 3601 2603 3644; x_wconf 88' lang='lat' dir='ltr'><strong>et</strong></span> <span class='ocrx_word' id='word_1_547' title='bbox 2644 3576 3006 3654; x_wconf 82' lang='lat' dir='ltr'><strong>sublimiores,</strong></span> <span class='ocrx_word' id='word_1_548' title='bbox 3046 3598 3206 3658; x_wconf 89' lang='lat' dir='ltr'><strong>atque</strong></span> <span class='ocrx_word' id='word_1_549' title='bbox 3253 3589 3458 3654; x_wconf 89' lang='lat' dir='ltr'><strong>omnia,</strong></span> <span class='ocrx_word' id='word_1_550' title='bbox 3506 3588 3560 3643; x_wconf 94' lang='lat' dir='ltr'><strong>in</strong></span> 
     </span>
    </p>
   </div>
   <div class='ocr_carea' id='block_1_74' title="bbox 307 3679 3566 3757">
    <p class='ocr_par' dir='ltr' id='par_1_74' title="bbox 307 3679 3566 3757">
     <span class='ocr_line' id='line_1_74' title="bbox 307 3679 3566 3757; baseline -0.002 -19"><span class='ocrx_word' id='word_1_551' title='bbox 307 3702 428 3755; x_wconf 70' lang='lat' dir='ltr'><strong>quae</strong></span> <span class='ocrx_word' id='word_1_552' title='bbox 468 3685 665 3741; x_wconf 78' lang='lat' dir='ltr'><strong>artifex</strong></span> <span class='ocrx_word' id='word_1_553' title='bbox 705 3687 843 3740; x_wconf 88' lang='lat' dir='ltr'><strong>ratio</strong></span> <span class='ocrx_word' id='word_1_554' title='bbox 882 3684 1242 3750; x_wconf 79' lang='lat' dir='ltr'><strong>distribuitur,</strong></span> <span class='ocrx_word' id='word_1_555' title='bbox 1290 3696 1389 3738; x_wconf 87' lang='lat' dir='ltr'><strong>nec</strong></span> <span class='ocrx_word' id='word_1_556' title='bbox 1460 3683 1693 3755; x_wconf 88' lang='lat' dir='ltr'><strong>denique</strong></span> <span class='ocrx_word' id='word_1_557' title='bbox 1778 3690 2127 3756; x_wconf 64' lang='lat' dir='ltr'><strong>providentia!</strong></span> <span class='ocrx_word' id='word_1_558' title='bbox 2192 3681 2700 3757; x_wconf 86' lang='lat' dir='ltr'><strong>gubernationisquc</strong></span> <span class='ocrx_word' id='word_1_559' title='bbox 2754 3680 2989 3734; x_wconf 90' lang='lat' dir='ltr'><strong>rationes</strong></span> <span class='ocrx_word' id='word_1_560' title='bbox 3048 3679 3566 3750; x_wconf 89' lang='lat' dir='ltr'><strong>commemoro):ac</strong></span> 
     </span>
    </p>
   </div>
   <div class='ocr_carea' id='block_1_75' title="bbox 305 3774 3560 3856">
    <p class='ocr_par' dir='ltr' id='par_1_75' title="bbox 305 3774 3560 3856">
     <span class='ocr_line' id='line_1_75' title="bbox 305 3774 3560 3856; baseline -0.001 -23"><span class='ocrx_word' id='word_1_561' title='bbox 305 3793 415 3834; x_wconf 85' lang='lat' dir='ltr'><strong>tum</strong></span> <span class='ocrx_word' id='word_1_562' title='bbox 451 3781 690 3837; x_wconf 90' lang='lat' dir='ltr'><strong>nondum</strong></span> <span class='ocrx_word' id='word_1_563' title='bbox 722 3782 917 3846; x_wconf 88' lang='lat' dir='ltr'><strong>dicam,</strong></span> <span class='ocrx_word' id='word_1_564' title='bbox 964 3781 1146 3846; x_wconf 83' lang='lat' dir='ltr'><strong>Aude;</strong></span> <span class='ocrx_word' id='word_1_565' title='bbox 1189 3796 1395 3843; x_wconf 81' lang='lat' dir='ltr'><strong>verum,</strong></span> <span class='ocrx_word' id='word_1_566' title='bbox 1450 3782 1639 3837; x_wconf 87' lang='lat' dir='ltr'><strong>Adhuc</strong></span> <span class='ocrx_word' id='word_1_567' title='bbox 1686 3786 1811 3839; x_wconf 86' lang='lat' dir='ltr'><strong>lintc</strong></span> <span class='ocrx_word' id='word_1_568' title='bbox 1845 3787 1910 3839; x_wconf 84' lang='lat' dir='ltr'><strong>ad</strong></span> <span class='ocrx_word' id='word_1_569' title='bbox 1951 3802 2031 3850; x_wconf 87' lang='lat' dir='ltr'><strong>ea,</strong></span> <span class='ocrx_word' id='word_1_570' title='bbox 2065 3801 2184 3856; x_wconf 75' lang='lat' dir='ltr'><strong>quze</strong></span> <span class='ocrx_word' id='word_1_571' title='bbox 2211 3780 2527 3840; x_wconf 88' lang='lat' dir='ltr'><strong>sublimiora</strong></span> <span class='ocrx_word' id='word_1_572' title='bbox 2569 3788 2711 3844; x_wconf 91' lang='lat' dir='ltr'><strong>sunt,</strong></span> <span class='ocrx_word' id='word_1_573' title='bbox 2747 3775 2994 3846; x_wconf 82' lang='lat' dir='ltr'><strong>viresque</strong></span> <span class='ocrx_word' id='word_1_574' title='bbox 3053 3783 3172 3829; x_wconf 90' lang='lat' dir='ltr'><strong>tuas</strong></span> <span class='ocrx_word' id='word_1_575' title='bbox 3210 3774 3380 3844; x_wconf 87' lang='lat' dir='ltr'><strong>magis</strong></span> <span class='ocrx_word' id='word_1_576' title='bbox 3408 3790 3560 3844; x_wconf 85' lang='lat' dir='ltr'><strong>supe-</strong></span> 
     </span>
    </p>
   </div>
   <div class='ocr_carea' id='block_1_76' title="bbox 307 3871 760 3936">
    <p class='ocr_par' dir='ltr' id='par_1_76' title="bbox 307 3871 760 3936">
     <span class='ocr_line' id='line_1_76' title="bbox 307 3871 760 3936; baseline 0.002 -11"><span class='ocrx_word' id='word_1_577' title='bbox 307 3881 444 3936; x_wconf 81' lang='lat' dir='ltr'><strong>rant,</strong></span> <span class='ocrx_word' id='word_1_578' title='bbox 478 3871 760 3927; x_wconf 88' lang='lat' dir='ltr'><strong>accedere.</strong></span> 
     </span>
    </p>
   </div>
   <div class='ocr_carea' id='block_1_77' title="bbox 377 3962 1888 4041">
    <p class='ocr_par' dir='ltr' id='par_1_77' title="bbox 377 3962 1888 4041">
     <span class='ocr_line' id='line_1_77' title="bbox 377 3962 1888 4041; baseline 0.003 -22"><span class='ocrx_word' id='word_1_579' title='bbox 377 3967 512 4020; x_wconf 76' lang='lat' dir='ltr'><strong>KH’.</strong></span> <span class='ocrx_word' id='word_1_580' title='bbox 555 3965 806 4019; x_wconf 79' lang='grc' dir='ltr'>Μάλιστα</span> <span class='ocrx_word' id='word_1_581' title='bbox 851 3965 948 4036; x_wconf 80' lang='grc' dir='ltr'>μὲν</span> <span class='ocrx_word' id='word_1_582' title='bbox 991 3964 1100 4036; x_wconf 76' lang='grc' dir='ltr'>γὰρ</span> <span class='ocrx_word' id='word_1_583' title='bbox 1133 3962 1268 4035; x_wconf 81' lang='lat'><strong>(59).</strong></span> <span class='ocrx_word' id='word_1_584' title='bbox 1309 3964 1586 4034; x_wconf 87' lang='grc' dir='ltr'>γυμνασία</span> <span class='ocrx_word' id='word_1_585' title='bbox 1632 3968 1728 4039; x_wconf 79' lang='grc' dir='ltr'>τῆς</span> <span class='ocrx_word' id='word_1_586' title='bbox 1762 3972 1888 4041; x_wconf 77' lang='grc' dir='ltr'>περὶ</span> 
     </span>
    </p>
   </div>
   <div class='ocr_carea' id='block_1_78' title="bbox 309 4057 1887 4129">
    <p class='ocr_par' dir='ltr' id='par_1_78' title="bbox 309 4057 1887 4129">
     <span class='ocr_line' id='line_1_78' title="bbox 309 4057 1887 4129; baseline -0.005 -18"><span class='ocrx_word' id='word_1_587' title='bbox 309 4058 376 4111; x_wconf 72' lang='grc' dir='ltr'><strong>τὰ</strong></span> <span class='ocrx_word' id='word_1_588' title='bbox 407 4059 578 4129; x_wconf 78' lang='grc' dir='ltr'>μείζω</span> <span class='ocrx_word' id='word_1_589' title='bbox 607 4057 955 4126; x_wconf 77' lang='grc' dir='ltr'>φιλονεικίας,</span> <span class='ocrx_word' id='word_1_590' title='bbox 991 4057 1135 4120; x_wconf 76' lang='grc' dir='ltr'>ἄπας</span> <span class='ocrx_word' id='word_1_591' title='bbox 1178 4057 1332 4125; x_wconf 78' lang='grc' dir='ltr'>λόγος</span> <span class='ocrx_word' id='word_1_592' title='bbox 1364 4058 1580 4129; x_wconf 79' lang='grc' dir='ltr'>δύσερις</span> <span class='ocrx_word' id='word_1_593' title='bbox 1608 4060 1702 4114; x_wconf 76' lang='grc' dir='ltr'>καὶ</span> <span class='ocrx_word' id='word_1_594' title='bbox 1741 4063 1887 4129; x_wconf 77' lang='grc' dir='ltr'>φιλά.</span> 
     </span>
    </p>
   </div>
   <div class='ocr_carea' id='block_1_79' title="bbox 311 4146 1888 4219">
    <p class='ocr_par' dir='ltr' id='par_1_79' title="bbox 311 4146 1888 4219">
     <span class='ocr_line' id='line_1_79' title="bbox 311 4146 1888 4219; baseline 0.003 -19"><span class='ocrx_word' id='word_1_595' title='bbox 311 4165 465 4219; x_wconf 82' lang='grc' dir='ltr'>τιμος</span> <span class='ocrx_word' id='word_1_596' title='bbox 500 4148 650 4217; x_wconf 84' lang='grc'>(60)·</span> <span class='ocrx_word' id='word_1_597' title='bbox 688 4148 783 4200; x_wconf 73' lang='grc' dir='ltr'><strong>καὶ</strong></span> <span class='ocrx_word' id='word_1_598' title='bbox 822 4146 920 4208; x_wconf 84' lang='grc' dir='ltr'>δεῖ,</span> <span class='ocrx_word' id='word_1_599' title='bbox 961 4147 1214 4218; x_wconf 80' lang='grc' dir='ltr'>καθάπερ</span> <span class='ocrx_word' id='word_1_600' title='bbox 1257 4147 1384 4210; x_wconf 76' lang='grc' dir='ltr'>τοὺς</span> <span class='ocrx_word' id='word_1_601' title='bbox 1417 4148 1614 4211; x_wconf 83' lang='grc' dir='ltr'>παῖδας</span> <span class='ocrx_word' id='word_1_602' title='bbox 1657 4149 1888 4204; x_wconf 83' lang='grc' dir='ltr'>πλάττο-</span> 
     </span>
    </p>
   </div>
   <div class='ocr_carea' id='block_1_80' title="bbox 316 4238 1856 4314">
    <p class='ocr_par' dir='ltr' id='par_1_80' title="bbox 316 4238 1856 4314">
     <span class='ocr_line' id='line_1_80' title="bbox 316 4238 1856 4314; baseline 0.002 -23"><span class='ocrx_word' id='word_1_603' title='bbox 316 4258 410 4310; x_wconf 87' lang='grc' dir='ltr'><strong>μεν</strong></span> <span class='ocrx_word' id='word_1_604' title='bbox 448 4241 505 4291; x_wconf 84' lang='grc' dir='ltr'>ὲν</span> <span class='ocrx_word' id='word_1_605' title='bbox 531 4241 644 4302; x_wconf 86' lang='grc' dir='ltr'>τοῖς</span> <span class='ocrx_word' id='word_1_606' title='bbox 675 4238 907 4310; x_wconf 80' lang='grc' dir='ltr'>πρώτοις</span> <span class='ocrx_word' id='word_1_607' title='bbox 937 4238 1144 4308; x_wconf 69' lang='grc' dir='ltr'>ἤθεσιν,</span> <span class='ocrx_word' id='word_1_608' title='bbox 1189 4239 1273 4290; x_wconf 82' lang='grc' dir='ltr'><strong>ἵνα</strong></span> <span class='ocrx_word' id='word_1_609' title='bbox 1305 4238 1402 4309; x_wconf 76' lang='grc' dir='ltr'><strong>τὴν</strong></span> <span class='ocrx_word' id='word_1_610' title='bbox 1434 4239 1656 4311; x_wconf 74' lang='grc' dir='ltr'>ὕστερον</span> <span class='ocrx_word' id='word_1_611' title='bbox 1687 4243 1856 4314; x_wconf 70' lang='grc' dir='ltr'>μοχῦη</span> 
     </span>
    </p>
   </div>
   <div class='ocr_carea' id='block_1_81' title="bbox 319 4329 1885 4406">
    <p class='ocr_par' dir='ltr' id='par_1_81' title="bbox 319 4329 1885 4406">
     <span class='ocr_line' id='line_1_81' title="bbox 319 4329 1885 4406; baseline 0.002 -22"><span class='ocrx_word' id='word_1_612' title='bbox 319 4334 436 4402; x_wconf 82' lang='grc' dir='ltr'>ρίαν</span> <span class='ocrx_word' id='word_1_613' title='bbox 465 4331 714 4401; x_wconf 77' lang='grc' dir='ltr'>φύγωσιν</span> <span class='ocrx_word' id='word_1_614' title='bbox 732 4348 744 4360; x_wconf 88' lang='grc'><strong>·</strong></span> <span class='ocrx_word' id='word_1_615' title='bbox 774 4331 916 4382; x_wconf 67' lang='grc' dir='ltr'>οὕτω</span> <span class='ocrx_word' id='word_1_616' title='bbox 937 4332 1001 4400; x_wconf 79' lang='grc' dir='ltr'>δὴ</span> <span class='ocrx_word' id='word_1_617' title='bbox 1037 4331 1130 4382; x_wconf 74' lang='grc' dir='ltr'>καὶ</span> <span class='ocrx_word' id='word_1_618' title='bbox 1159 4329 1267 4399; x_wconf 64' lang='lat' dir='ltr'><strong>(fil)</strong></span> <span class='ocrx_word' id='word_1_619' title='bbox 1299 4331 1374 4400; x_wconf 82' lang='grc' dir='ltr'>τῷ</span> <span class='ocrx_word' id='word_1_620' title='bbox 1404 4331 1564 4401; x_wconf 81' lang='grc' dir='ltr'>λόγῳ,</span> <span class='ocrx_word' id='word_1_621' title='bbox 1596 4333 1730 4402; x_wconf 81' lang='grc' dir='ltr'>μηδὲ</span> <span class='ocrx_word' id='word_1_622' title='bbox 1758 4337 1885 4406; x_wconf 74' lang='grc' dir='ltr'>περὶ</span> 
     </span>
    </p>
   </div>
   <div class='ocr_carea' id='block_1_82' title="bbox 311 4422 1886 4495">
    <p class='ocr_par' dir='ltr' id='par_1_82' title="bbox 311 4422 1886 4495">
     <span class='ocr_line' id='line_1_82' title="bbox 311 4422 1886 4495; baseline 0.001 -19"><span class='ocrx_word' id='word_1_623' title='bbox 311 4423 380 4476; x_wconf 73' lang='grc' dir='ltr'><strong>τὰ</strong></span> <span class='ocrx_word' id='word_1_624' title='bbox 417 4423 589 4494; x_wconf 72' lang='grc' dir='ltr'>μικρὰ</span> <span class='ocrx_word' id='word_1_625' title='bbox 628 4422 915 4492; x_wconf 72' lang='grc' dir='ltr'>φαίνεσθαι</span> <span class='ocrx_word' id='word_1_626' title='bbox 941 4423 1146 4491; x_wconf 82' lang='grc' dir='ltr'>Θρασὺν</span> <span class='ocrx_word' id='word_1_627' title='bbox 1181 4424 1274 4475; x_wconf 72' lang='grc' dir='ltr'><strong>καὶ</strong></span> <span class='ocrx_word' id='word_1_628' title='bbox 1317 4424 1658 4489; x_wconf 83' lang='grc' dir='ltr'>ἀπαίδευτον,</span> <span class='ocrx_word' id='word_1_629' title='bbox 1689 4425 1773 4477; x_wconf 78' lang='grc' dir='ltr'><strong>ἵνα</strong></span> <span class='ocrx_word' id='word_1_630' title='bbox 1811 4428 1886 4495; x_wconf 80' lang='grc' dir='ltr'>μὴ</span> 
     </span>
    </p>
   </div>
   <div class='ocr_carea' id='block_1_83' title="bbox 317 4512 1886 4587">
    <p class='ocr_par' dir='ltr' id='par_1_83' title="bbox 317 4512 1886 4587">
     <span class='ocr_line' id='line_1_83' title="bbox 317 4512 1886 4587; baseline 0 -18"><span class='ocrx_word' id='word_1_631' title='bbox 317 4519 442 4587; x_wconf 81' lang='grc' dir='ltr'>περὶ</span> <span class='ocrx_word' id='word_1_632' title='bbox 489 4515 558 4568; x_wconf 74' lang='grc' dir='ltr'>τὰ</span> <span class='ocrx_word' id='word_1_633' title='bbox 611 4512 782 4585; x_wconf 81' lang='grc' dir='ltr'>μείζω</span> <span class='ocrx_word' id='word_1_634' title='bbox 825 4517 891 4583; x_wconf 86' lang='grc' dir='ltr'>τῇ</span> <span class='ocrx_word' id='word_1_635' title='bbox 941 4513 1139 4586; x_wconf 82' lang='grc' dir='ltr'>μελέτῃ</span> <span class='ocrx_word' id='word_1_636' title='bbox 1192 4514 1690 4585; x_wconf 81' lang='grc' dir='ltr'>καταχρησὼμεθα.</span> <span class='ocrx_word' id='word_1_637' title='bbox 1733 4516 1886 4586; x_wconf 78' lang='grc' dir='ltr'>Ῥᾷον</span> 
     </span>
    </p>
   </div>
   <div class='ocr_carea' id='block_1_84' title="bbox 316 4603 1890 4677">
    <p class='ocr_par' dir='ltr' id='par_1_84' title="bbox 316 4603 1890 4677">
     <span class='ocr_line' id='line_1_84' title="bbox 316 4603 1890 4677; baseline -0.001 -17"><span class='ocrx_word' id='word_1_638' title='bbox 316 4609 422 4677; x_wconf 73' lang='grc' dir='ltr'><strong>γὰρ</strong></span> <span class='ocrx_word' id='word_1_639' title='bbox 453 4608 549 4660; x_wconf 74' lang='grc' dir='ltr'><strong>ἀπ’</strong></span> <span class='ocrx_word' id='word_1_640' title='bbox 591 4605 766 4676; x_wconf 80' lang='grc' dir='ltr'>ἀρχῆς</span> <span class='ocrx_word' id='word_1_641' title='bbox 811 4603 886 4674; x_wconf 82' lang='grc' dir='ltr'>μὴ</span> <span class='ocrx_word' id='word_1_642' title='bbox 924 4603 1162 4657; x_wconf 78' lang='grc' dir='ltr'>ἐνδοῦναι</span> <span class='ocrx_word' id='word_1_643' title='bbox 1209 4605 1393 4676; x_wconf 81' lang='grc' dir='ltr'>κακίᾳ,</span> <span class='ocrx_word' id='word_1_644' title='bbox 1425 4605 1518 4658; x_wconf 78' lang='grc' dir='ltr'>καὶ</span> <span class='ocrx_word' id='word_1_645' title='bbox 1562 4603 1890 4676; x_wconf 79' lang='grc' dir='ltr'>προσιοῦσαν</span> 
     </span>
    </p>
   </div>
   <div class='ocr_carea' id='block_1_85' title="bbox 2064 3956 3557 4026">
    <p class='ocr_par' dir='ltr' id='par_1_85' title="bbox 2064 3956 3557 4026">
     <span class='ocr_line' id='line_1_85' title="bbox 2064 3956 3557 4026; baseline -0.009 -4"><span class='ocrx_word' id='word_1_646' title='bbox 2064 3962 2300 4023; x_wconf 72' lang='lat' dir='ltr'><strong>XXVI&quot;.</strong></span> <span class='ocrx_word' id='word_1_647' title='bbox 2337 3963 2414 4016; x_wconf 85' lang='lat' dir='ltr'><strong>Ac</strong></span> <span class='ocrx_word' id='word_1_648' title='bbox 2441 3959 2670 4014; x_wconf 79' lang='lat' dir='ltr'><strong>maxime</strong></span> <span class='ocrx_word' id='word_1_649' title='bbox 2692 3956 2928 4026; x_wconf 67' lang='lat' dir='ltr'><strong>quidem,</strong></span> <span class='ocrx_word' id='word_1_650' title='bbox 2963 3957 3034 4010; x_wconf 91' lang='lat' dir='ltr'><strong>ita</strong></span> <span class='ocrx_word' id='word_1_651' title='bbox 3059 3965 3425 4026; x_wconf 89' lang='lat' dir='ltr'><strong>comparatum</strong></span> <span class='ocrx_word' id='word_1_652' title='bbox 3450 3965 3557 4021; x_wconf 91' lang='lat' dir='ltr'><strong>est,</strong></span> 
     </span>
    </p>
   </div>
   <div class='ocr_carea' id='block_1_86' title="bbox 1975 4048 3560 4115">
    <p class='ocr_par' dir='ltr' id='par_1_86' title="bbox 1975 4048 3560 4115">
     <span class='ocr_line' id='line_1_86' title="bbox 1975 4048 3560 4115; baseline -0.008 0"><span class='ocrx_word' id='word_1_653' title='bbox 1975 4069 2050 4115; x_wconf 67' lang='lat' dir='ltr'><strong>aut</strong></span> <span class='ocrx_word' id='word_1_654' title='bbox 2071 4057 2246 4115; x_wconf 87' lang='lat' dir='ltr'><strong>omnis</strong></span> <span class='ocrx_word' id='word_1_655' title='bbox 2269 4068 2446 4111; x_wconf 89' lang='lat' dir='ltr'><strong>sermo</strong></span> <span class='ocrx_word' id='word_1_656' title='bbox 2475 4050 2846 4107; x_wconf 87' lang='lat' dir='ltr'><strong>contentiosus</strong></span> <span class='ocrx_word' id='word_1_657' title='bbox 2881 4057 2934 4105; x_wconf 88' lang='lat' dir='ltr'><strong>et</strong></span> <span class='ocrx_word' id='word_1_658' title='bbox 2959 4063 3083 4104; x_wconf 89' lang='lat' dir='ltr'><strong>cum</strong></span> <span class='ocrx_word' id='word_1_659' title='bbox 3114 4048 3407 4104; x_wconf 89' lang='lat' dir='ltr'><strong>ambitione</strong></span> <span class='ocrx_word' id='word_1_660' title='bbox 3436 4064 3560 4104; x_wconf 89' lang='lat' dir='ltr'><strong>con-</strong></span> 
     </span>
    </p>
   </div>
   <div class='ocr_carea' id='block_1_87' title="bbox 1983 4145 3558 4226">
    <p class='ocr_par' dir='ltr' id='par_1_87' title="bbox 1983 4145 3558 4226">
     <span class='ocr_line' id='line_1_87' title="bbox 1983 4145 3558 4226; baseline -0.006 -17"><span class='ocrx_word' id='word_1_661' title='bbox 1983 4157 2224 4226; x_wconf 88' lang='lat' dir='ltr'><strong>junctus,</strong></span> <span class='ocrx_word' id='word_1_662' title='bbox 2253 4147 2568 4207; x_wconf 81' lang='lat' dir='ltr'><strong>exercitatio</strong></span> <span class='ocrx_word' id='word_1_663' title='bbox 2600 4148 2843 4216; x_wconf 82' lang='lat' dir='ltr'><strong>quaedam</strong></span> <span class='ocrx_word' id='word_1_664' title='bbox 2868 4148 2960 4208; x_wconf 88' lang='lat' dir='ltr'><strong>sit,</strong></span> <span class='ocrx_word' id='word_1_665' title='bbox 2991 4159 3092 4215; x_wconf 88' lang='lat' dir='ltr'><strong>qua</strong></span> <span class='ocrx_word' id='word_1_666' title='bbox 3129 4146 3195 4198; x_wconf 90' lang='lat' dir='ltr'><strong>ad</strong></span> <span class='ocrx_word' id='word_1_667' title='bbox 3230 4145 3558 4200; x_wconf 77' lang='lat' dir='ltr'><strong>contenden-</strong></span> 
     </span>
    </p>
   </div>
   <div class='ocr_carea' id='block_1_88' title="bbox 1989 4235 3561 4310">
    <p class='ocr_par' dir='ltr' id='par_1_88' title="bbox 1989 4235 3561 4310">
     <span class='ocr_line' id='line_1_88' title="bbox 1989 4235 3561 4310; baseline -0.008 -8"><span class='ocrx_word' id='word_1_668' title='bbox 1989 4251 2115 4302; x_wconf 89' lang='lat' dir='ltr'><strong>dum</strong></span> <span class='ocrx_word' id='word_1_669' title='bbox 2148 4245 2214 4300; x_wconf 91' lang='lat' dir='ltr'><strong>de</strong></span> <span class='ocrx_word' id='word_1_670' title='bbox 2241 4245 2400 4297; x_wconf 89' lang='lat' dir='ltr'><strong>rebus</strong></span> <span class='ocrx_word' id='word_1_671' title='bbox 2429 4238 2692 4310; x_wconf 86' lang='lat' dir='ltr'><strong>gravioris</strong></span> <span class='ocrx_word' id='word_1_672' title='bbox 2728 4237 2981 4292; x_wconf 90' lang='lat' dir='ltr'><strong>momenti</strong></span> <span class='ocrx_word' id='word_1_673' title='bbox 3016 4237 3394 4305; x_wconf 85' lang='lat' dir='ltr'><strong>provehamur.</strong></span> <span class='ocrx_word' id='word_1_674' title='bbox 3431 4235 3561 4290; x_wconf 89' lang='lat' dir='ltr'><strong>Pro-</strong></span> 
     </span>
    </p>
   </div>
   <div class='ocr_carea' id='block_1_89' title="bbox 1993 4327 3557 4398">
    <p class='ocr_par' dir='ltr' id='par_1_89' title="bbox 1993 4327 3557 4398">
     <span class='ocr_line' id='line_1_89' title="bbox 1993 4327 3557 4398; baseline -0.006 -6"><span class='ocrx_word' id='word_1_675' title='bbox 1993 4338 2117 4392; x_wconf 91' lang='lat' dir='ltr'><strong>inde</strong></span> <span class='ocrx_word' id='word_1_676' title='bbox 2140 4334 2295 4390; x_wconf 84' lang='lat' dir='ltr'><strong>nobis</strong></span> <span class='ocrx_word' id='word_1_677' title='bbox 2331 4347 2475 4387; x_wconf 70' lang='lat' dir='ltr'><strong>curre</strong></span> <span class='ocrx_word' id='word_1_678' title='bbox 2508 4345 2628 4386; x_wconf 89' lang='lat' dir='ltr'><strong>esse</strong></span> <span class='ocrx_word' id='word_1_679' title='bbox 2645 4329 2820 4394; x_wconf 89' lang='lat' dir='ltr'><strong>debet,</strong></span> <span class='ocrx_word' id='word_1_680' title='bbox 2849 4339 2909 4383; x_wconf 92' lang='lat' dir='ltr'><strong>ut</strong></span> <span class='ocrx_word' id='word_1_681' title='bbox 2941 4327 3393 4396; x_wconf 86' lang='lat' dir='ltr'><strong>quemadmodum</strong></span> <span class='ocrx_word' id='word_1_682' title='bbox 3427 4343 3557 4398; x_wconf 76' lang='lat' dir='ltr'><strong>pue-</strong></span> 
     </span>
    </p>
   </div>
   <div class='ocr_carea' id='block_1_90' title="bbox 1998 4420 3562 4495">
    <p class='ocr_par' dir='ltr' id='par_1_90' title="bbox 1998 4420 3562 4495">
     <span class='ocr_line' id='line_1_90' title="bbox 1998 4420 3562 4495; baseline -0.004 -13"><span class='ocrx_word' id='word_1_683' title='bbox 1998 4443 2084 4482; x_wconf 90' lang='lat' dir='ltr'><strong>ros</strong></span> <span class='ocrx_word' id='word_1_684' title='bbox 2115 4427 2167 4481; x_wconf 92' lang='lat' dir='ltr'><strong>in</strong></span> <span class='ocrx_word' id='word_1_685' title='bbox 2202 4425 2392 4495; x_wconf 87' lang='lat' dir='ltr'><strong>primis</strong></span> <span class='ocrx_word' id='word_1_686' title='bbox 2432 4423 2670 4478; x_wconf 89' lang='lat' dir='ltr'><strong>moribus</strong></span> <span class='ocrx_word' id='word_1_687' title='bbox 2701 4430 2755 4476; x_wconf 90' lang='lat' dir='ltr'><strong>et</strong></span> <span class='ocrx_word' id='word_1_688' title='bbox 2799 4421 2970 4489; x_wconf 89' lang='lat' dir='ltr'><strong>prima</strong></span> <span class='ocrx_word' id='word_1_689' title='bbox 3024 4421 3358 4475; x_wconf 85' lang='lat' dir='ltr'><strong>institutione</strong></span> <span class='ocrx_word' id='word_1_690' title='bbox 3404 4420 3562 4490; x_wconf 80' lang='lat' dir='ltr'><strong>[ingl-</strong></span> 
     </span>
    </p>
   </div>
   <div class='ocr_carea' id='block_1_91' title="bbox 1997 4508 3556 4584">
    <p class='ocr_par' dir='ltr' id='par_1_91' title="bbox 1997 4508 3556 4584">
     <span class='ocr_line' id='line_1_91' title="bbox 1997 4508 3556 4584; baseline -0.004 -13"><span class='ocrx_word' id='word_1_691' title='bbox 1997 4533 2136 4584; x_wconf 89' lang='lat' dir='ltr'><strong>mus,</strong></span> <span class='ocrx_word' id='word_1_692' title='bbox 2169 4527 2226 4570; x_wconf 92' lang='lat' dir='ltr'><strong>ut</strong></span> <span class='ocrx_word' id='word_1_693' title='bbox 2264 4514 2594 4583; x_wconf 90' lang='lat' dir='ltr'><strong>insequentis</strong></span> <span class='ocrx_word' id='word_1_694' title='bbox 2632 4511 2806 4565; x_wconf 77' lang='lat' dir='ltr'><strong>anatis</strong></span> <span class='ocrx_word' id='word_1_695' title='bbox 2864 4508 3260 4578; x_wconf 89' lang='lat' dir='ltr'><strong>improbitatem</strong></span> <span class='ocrx_word' id='word_1_696' title='bbox 3308 4511 3556 4580; x_wconf 78' lang='lat' dir='ltr'><strong>fugiant;</strong></span> 
     </span>
    </p>
   </div>
   <div class='ocr_carea' id='block_1_92' title="bbox 1999 4601 3560 4674">
    <p class='ocr_par' dir='ltr' id='par_1_92' title="bbox 1999 4601 3560 4674">
     <span class='ocr_line' id='line_1_92' title="bbox 1999 4601 3560 4674; baseline -0.002 -13"><span class='ocrx_word' id='word_1_697' title='bbox 1999 4607 2072 4661; x_wconf 87' lang='lat' dir='ltr'><strong>ita</strong></span> <span class='ocrx_word' id='word_1_698' title='bbox 2112 4621 2210 4661; x_wconf 93' lang='lat' dir='ltr'><strong>nos</strong></span> <span class='ocrx_word' id='word_1_699' title='bbox 2237 4619 2451 4674; x_wconf 87' lang='lat' dir='ltr'><strong>quoque</strong></span> <span class='ocrx_word' id='word_1_700' title='bbox 2481 4618 2546 4656; x_wconf 90' lang='lat' dir='ltr'><strong>ne</strong></span> <span class='ocrx_word' id='word_1_701' title='bbox 2579 4602 2632 4655; x_wconf 89' lang='lat' dir='ltr'><strong>in</strong></span> <span class='ocrx_word' id='word_1_702' title='bbox 2673 4601 2877 4656; x_wconf 88' lang='lat' dir='ltr'><strong>levibus</strong></span> <span class='ocrx_word' id='word_1_703' title='bbox 2913 4601 3130 4671; x_wconf 87' lang='lat' dir='ltr'><strong>quidem</strong></span> <span class='ocrx_word' id='word_1_704' title='bbox 3161 4603 3416 4671; x_wconf 88' lang='lat' dir='ltr'><strong>parvique</strong></span> <span class='ocrx_word' id='word_1_705' title='bbox 3449 4617 3560 4658; x_wconf 89' lang='lat' dir='ltr'><strong>mo-</strong></span> 
     </span>
    </p>
   </div>
   <div class='ocr_carea' id='block_1_93' title="bbox 313 4693 1882 4778">
    <p class='ocr_par' dir='ltr' id='par_1_93' title="bbox 313 4695 1882 4767">
     <span class='ocr_line' id='line_1_93' title="bbox 313 4695 1882 4767; baseline -0.001 -17"><span class='ocrx_word' id='word_1_706' title='bbox 313 4698 613 4767; x_wconf 64' lang='grc' dir='ltr'>διαφυγεῖν,</span> <span class='ocrx_word' id='word_1_707' title='bbox 659 4697 692 4767; x_wconf 83' lang='grc' dir='ltr'>ἢ</span> <span class='ocrx_word' id='word_1_708' title='bbox 748 4695 1144 4765; x_wconf 80' lang='grc' dir='ltr'>προϐαίνουσαν</span> <span class='ocrx_word' id='word_1_709' title='bbox 1198 4696 1464 4764; x_wconf 60' lang='grc' dir='ltr'>ἀνακόψαι</span> <span class='ocrx_word' id='word_1_710' title='bbox 1515 4697 1609 4750; x_wconf 76' lang='grc' dir='ltr'><strong>καὶ</strong></span> <span class='ocrx_word' id='word_1_711' title='bbox 1661 4697 1882 4767; x_wconf 81' lang='grc' dir='ltr'>φανῆναι</span> 
     </span>
    </p>
   </div>
   <div class='ocr_carea' id='block_1_94' title="bbox 1989 4693 3560 4778">
    <p class='ocr_par' dir='ltr' id='par_1_94' title="bbox 2001 4693 3560 4766">
     <span class='ocr_line' id='line_1_94' title="bbox 2001 4693 3560 4766; baseline -0.003 -15"><span class='ocrx_word' id='word_1_712' title='bbox 2001 4697 2164 4753; x_wconf 89' lang='lat' dir='ltr'><strong>menti</strong></span> <span class='ocrx_word' id='word_1_713' title='bbox 2199 4693 2675 4766; x_wconf 80' lang='lat' dir='ltr'><strong>diSputationibus,</strong></span> <span class='ocrx_word' id='word_1_714' title='bbox 2703 4694 2940 4748; x_wconf 85' lang='lat' dir='ltr'><strong>audaciae</strong></span> <span class='ocrx_word' id='word_1_715' title='bbox 2967 4702 3130 4762; x_wconf 89' lang='lat' dir='ltr'><strong>atque</strong></span> <span class='ocrx_word' id='word_1_716' title='bbox 3159 4693 3370 4762; x_wconf 66' lang='lat' dir='ltr'><strong>ineptiae</strong></span> <span class='ocrx_word' id='word_1_717' title='bbox 3389 4695 3560 4764; x_wconf 87' lang='lat' dir='ltr'><strong>signi-</strong></span> 
     </span>
    </p>
   </div>
   <div class='ocr_carea' id='block_1_95' title="bbox 315 4787 1884 4862">
    <p class='ocr_par' dir='ltr' id='par_1_95' title="bbox 315 4787 1884 4862">
     <span class='ocr_line' id='line_1_95' title="bbox 315 4787 1884 4862; baseline -0.003 -18"><span class='ocrx_word' id='word_1_718' title='bbox 315 4792 515 4862; x_wconf 80' lang='grc' dir='ltr'>ταύτης</span> <span class='ocrx_word' id='word_1_719' title='bbox 565 4788 868 4860; x_wconf 79' lang='grc' dir='ltr'>ἀνώτερον·</span> <span class='ocrx_word' id='word_1_720' title='bbox 903 4787 1089 4859; x_wconf 82' lang='grc' dir='ltr'>ὥσπερ</span> <span class='ocrx_word' id='word_1_721' title='bbox 1127 4787 1220 4839; x_wconf 73' lang='grc' dir='ltr'><strong>καὶ</strong></span> <span class='ocrx_word' id='word_1_722' title='bbox 1256 4787 1460 4857; x_wconf 83' lang='grc' dir='ltr'>πέτραν</span> <span class='ocrx_word' id='word_1_723' title='bbox 1502 4787 1612 4857; x_wconf 70' lang='lat'><strong>(62)</strong></span> <span class='ocrx_word' id='word_1_724' title='bbox 1654 4787 1747 4840; x_wconf 84' lang='grc' dir='ltr'>ἀπ’</span> <span class='ocrx_word' id='word_1_725' title='bbox 1789 4789 1884 4858; x_wconf 83' lang='grc' dir='ltr'>ἁρ-</span> 
     </span>
    </p>
   </div>
   <div class='ocr_carea' id='block_1_96' title="bbox 316 4877 1890 4954">
    <p class='ocr_par' dir='ltr' id='par_1_96' title="bbox 316 4877 1890 4954">
     <span class='ocr_line' id='line_1_96' title="bbox 316 4877 1890 4954; baseline -0.012 -17"><span class='ocrx_word' id='word_1_726' title='bbox 316 4884 413 4954; x_wconf 81' lang='grc' dir='ltr'>χῆς</span> <span class='ocrx_word' id='word_1_727' title='bbox 459 4884 667 4954; x_wconf 82' lang='grc' dir='ltr'>ἐρεῖσαι</span> <span class='ocrx_word' id='word_1_728' title='bbox 724 4880 817 4932; x_wconf 81' lang='grc' dir='ltr'><strong>καὶ</strong></span> <span class='ocrx_word' id='word_1_729' title='bbox 875 4880 1190 4948; x_wconf 84' lang='grc' dir='ltr'>κατασχεῖν,</span> <span class='ocrx_word' id='word_1_730' title='bbox 1239 4879 1271 4949; x_wconf 85' lang='grc' dir='ltr'>ἢ</span> <span class='ocrx_word' id='word_1_731' title='bbox 1318 4879 1625 4950; x_wconf 79' lang='grc' dir='ltr'>φερομένην</span> <span class='ocrx_word' id='word_1_732' title='bbox 1678 4877 1890 4932; x_wconf 75' lang='grc' dir='ltr'><strong>ἀνώσα-</strong></span> 
     </span>
    </p>
   </div>
   <div class='ocr_carea' id='block_1_97' title="bbox 317 4967 1886 5046">
    <p class='ocr_par' dir='ltr' id='par_1_97' title="bbox 317 4967 1886 5046">
     <span class='ocr_line' id='line_1_97' title="bbox 317 4967 1886 5046; baseline -0.004 -17"><span class='ocrx_word' id='word_1_733' title='bbox 317 4976 436 5028; x_wconf 80' lang='grc' dir='ltr'>σθαι</span> <span class='ocrx_word' id='word_1_734' title='bbox 471 4975 604 5046; x_wconf 78' lang='grc'>(65).</span> <span class='ocrx_word' id='word_1_735' title='bbox 643 4973 706 5025; x_wconf 82' lang='grc' dir='ltr'><strong>Εἰ</strong></span> <span class='ocrx_word' id='word_1_736' title='bbox 733 4972 790 5024; x_wconf 74' lang='grc' dir='ltr'>δὲ</span> <span class='ocrx_word' id='word_1_737' title='bbox 830 4971 1230 5041; x_wconf 79' lang='grc' dir='ltr'>ἁπληστὸτερος</span> <span class='ocrx_word' id='word_1_738' title='bbox 1271 4967 1339 5036; x_wconf 78' lang='grc' dir='ltr'><strong>εί,</strong></span> <span class='ocrx_word' id='word_1_739' title='bbox 1381 4972 1472 5024; x_wconf 74' lang='grc' dir='ltr'>καὶ</span> <span class='ocrx_word' id='word_1_740' title='bbox 1504 4971 1756 5041; x_wconf 79' lang='grc' dir='ltr'>κατέχειν</span> <span class='ocrx_word' id='word_1_741' title='bbox 1789 4969 1886 5041; x_wconf 77' lang='grc' dir='ltr'>τὴν</span> 
     </span>
    </p>
   </div>
   <div class='ocr_carea' id='block_1_98' title="bbox 384 5150 1882 5276">
    <p class='ocr_par' dir='ltr' id='par_1_98' title="bbox 384 5150 1882 5276">
     <span class='ocr_line' id='line_1_98' title="bbox 384 5150 1882 5276; baseline -0.004 -67"><span class='ocrx_word' id='word_1_742' title='bbox 384 5155 652 5276; x_wconf 45' lang='lat'><strong>(3‘23);</strong></span> <span class='ocrx_word' id='word_1_743' title='bbox 678 5153 944 5222; x_wconf 78' lang='grc' dir='ltr'>ὁρίζεται.</span> <span class='ocrx_word' id='word_1_744' title='bbox 983 5150 1074 5208; x_wconf 91' lang='lat' dir='ltr'><strong>Sic</strong></span> <span class='ocrx_word' id='word_1_745' title='bbox 1105 5152 1348 5224; x_wconf 86' lang='lat' dir='ltr'><strong>plerique</strong></span> <span class='ocrx_word' id='word_1_746' title='bbox 1390 5152 1544 5208; x_wconf 89' lang='lat' dir='ltr'><strong>codd.</strong></span> <span class='ocrx_word' id='word_1_747' title='bbox 1584 5152 1640 5206; x_wconf 87' lang='lat' dir='ltr'><strong>In</strong></span> <span class='ocrx_word' id='word_1_748' title='bbox 1672 5155 1780 5217; x_wconf 91' lang='lat' dir='ltr'><strong>cd.,</strong></span> <span class='ocrx_word' id='word_1_749' title='bbox 1821 5152 1882 5204; x_wconf 80' lang='grc' dir='ltr'>οὐ</span> 
     </span>
    </p>
   </div>
   <div class='ocr_carea' id='block_1_99' title="bbox 351 5242 627 5288">
    <p class='ocr_par' dir='ltr' id='par_1_99' title="bbox 351 5242 627 5288">
     <span class='ocr_line' id='line_1_99' title="bbox 351 5242 627 5288; baseline -0.007 -10"><span class='ocrx_word' id='word_1_750' title='bbox 351 5242 627 5288; x_wconf 70' lang='grc' dir='ltr'>ωριςεται.</span> 
     </span>
    </p>
   </div>
   <div class='ocr_carea' id='block_1_100' title="bbox 317 5243 1544 5364">
    <p class='ocr_par' dir='ltr' id='par_1_100' title="bbox 317 5243 1544 5364">
     <span class='ocr_line' id='line_1_100' title="bbox 317 5243 627 5296; baseline -0.006 -18"><span class='ocrx_word' id='word_1_751' title='bbox 317 5243 627 5296; x_wconf 67' lang='grc' dir='ltr'>χωριςεται.</span> 
     </span>
     <span class='ocr_line' id='line_1_101' title="bbox 386 5291 1544 5364; baseline -0.003 -16"><span class='ocrx_word' id='word_1_752' title='bbox 386 5295 498 5364; x_wconf 74' lang='grc'>(52)</span> <span class='ocrx_word' id='word_1_753' title='bbox 532 5295 642 5348; x_wconf 78' lang='grc' dir='ltr'><strong>Καὶ</strong></span> <span class='ocrx_word' id='word_1_754' title='bbox 675 5293 843 5347; x_wconf 74' lang='grc' dir='ltr'>κινεῖ.</span> <span class='ocrx_word' id='word_1_755' title='bbox 877 5291 1157 5364; x_wconf 32' lang='grc' dir='ltr'>ῡθοεῑλκαί</span> <span class='ocrx_word' id='word_1_756' title='bbox 1181 5294 1232 5347; x_wconf 93' lang='lat' dir='ltr'><strong>in</strong></span> <span class='ocrx_word' id='word_1_757' title='bbox 1272 5292 1406 5362; x_wconf 82' lang='lat' dir='ltr'><strong>Reg.</strong></span> <span class='ocrx_word' id='word_1_758' title='bbox 1434 5294 1544 5346; x_wconf 85' lang='lat' dir='ltr'><strong>bm.</strong></span> 
     </span>
    </p>
   </div>
   <div class='ocr_carea' id='block_1_101' title="bbox 386 5361 1882 5434">
    <p class='ocr_par' dir='ltr' id='par_1_101' title="bbox 386 5361 1882 5434">
     <span class='ocr_line' id='line_1_102' title="bbox 386 5361 1882 5434; baseline -0.001 -16"><span class='ocrx_word' id='word_1_759' title='bbox 531 5365 594 5417; x_wconf 89' lang='lat'><strong>&#39;0</strong></span> <span class='ocrx_word' id='word_1_760' title='bbox 617 5365 768 5434; x_wconf 73' lang='grc' dir='ltr'>νοῦς</span> <span class='ocrx_word' id='word_1_761' title='bbox 790 5363 1001 5434; x_wconf 67' lang='grc' dir='ltr'>ὁμιλεῖ.</span> <span class='ocrx_word' id='word_1_762' title='bbox 1033 5361 1125 5434; x_wconf 84' lang='lat' dir='ltr'><strong>Sic</strong></span> <span class='ocrx_word' id='word_1_763' title='bbox 1159 5366 1265 5418; x_wconf 88' lang='lat' dir='ltr'><strong>duo</strong></span> <span class='ocrx_word' id='word_1_764' title='bbox 1303 5361 1489 5434; x_wconf 74' lang='lat' dir='ltr'><strong>Hegg.,</strong></span> <span class='ocrx_word' id='word_1_765' title='bbox 1519 5361 1682 5419; x_wconf 80' lang='lat' dir='ltr'><strong>Coisl.</strong></span> <span class='ocrx_word' id='word_1_766' title='bbox 1709 5362 1733 5415; x_wconf 80' lang='grc'><strong>1</strong></span> <span class='ocrx_word' id='word_1_767' title='bbox 1758 5364 1882 5428; x_wconf 75' lang='lat' dir='ltr'><strong>et2,</strong></span> 
     </span>
    </p>
   </div>
   <div class='ocr_carea' id='block_1_102' title="bbox 318 5433 1420 5499">
    <p class='ocr_par' dir='ltr' id='par_1_102' title="bbox 318 5433 1420 5499">
     <span class='ocr_line' id='line_1_103' title="bbox 318 5433 1420 5499; baseline -0.001 -11"><span class='ocrx_word' id='word_1_768' title='bbox 318 5433 411 5488; x_wconf 77' lang='lat' dir='ltr'><strong>0r.</strong></span> <span class='ocrx_word' id='word_1_769' title='bbox 437 5435 487 5494; x_wconf 77' lang='grc'>1,</span> <span class='ocrx_word' id='word_1_770' title='bbox 517 5445 570 5489; x_wconf 90' lang='lat' dir='ltr'><strong>et</strong></span> <span class='ocrx_word' id='word_1_771' title='bbox 600 5433 790 5488; x_wconf 88' lang='lat' dir='ltr'><strong>Comb.</strong></span> <span class='ocrx_word' id='word_1_772' title='bbox 827 5433 884 5486; x_wconf 81' lang='lat' dir='ltr'><strong>in</strong></span> <span class='ocrx_word' id='word_1_773' title='bbox 911 5435 998 5487; x_wconf 89' lang='lat' dir='ltr'><strong>ed.</strong></span> <span class='ocrx_word' id='word_1_774' title='bbox 1033 5433 1198 5499; x_wconf 82' lang='lat' dir='ltr'><strong>deest,</strong></span> <span class='ocrx_word' id='word_1_775' title='bbox 1221 5436 1250 5487; x_wconf 80' lang='grc' dir='ltr'>ὁ</span> <span class='ocrx_word' id='word_1_776' title='bbox 1276 5433 1420 5496; x_wconf 86' lang='grc' dir='ltr'>νοῦς.</span> 
     </span>
    </p>
   </div>
   <div class='ocr_carea' id='block_1_103' title="bbox 387 5502 1506 5574">
    <p class='ocr_par' dir='ltr' id='par_1_103' title="bbox 387 5502 1506 5574">
     <span class='ocr_line' id='line_1_104' title="bbox 387 5502 1506 5574; baseline 0.001 -18"><span class='ocrx_word' id='word_1_777' title='bbox 387 5503 498 5574; x_wconf 57' lang='grc'>(54)</span> <span class='ocrx_word' id='word_1_778' title='bbox 535 5503 883 5574; x_wconf 78' lang='grc' dir='ltr'>Διαὸίδοται.</span> <span class='ocrx_word' id='word_1_779' title='bbox 922 5504 1034 5557; x_wconf 89' lang='lat' dir='ltr'><strong>Duo</strong></span> <span class='ocrx_word' id='word_1_780' title='bbox 1068 5502 1259 5574; x_wconf 67' lang='lat' dir='ltr'><strong>liegg.,</strong></span> <span class='ocrx_word' id='word_1_781' title='bbox 1287 5503 1506 5557; x_wconf 85' lang='grc' dir='ltr'>δίδοται.</span> 
     </span>
    </p>
   </div>
   <div class='ocr_carea' id='block_1_104' title="bbox 387 5573 1882 5642">
    <p class='ocr_par' dir='ltr' id='par_1_104' title="bbox 387 5573 1882 5642">
     <span class='ocr_line' id='line_1_105' title="bbox 387 5573 1882 5642; baseline -0.001 -15"><span class='ocrx_word' id='word_1_782' title='bbox 387 5573 499 5640; x_wconf 74' lang='grc'>(55)</span> <span class='ocrx_word' id='word_1_783' title='bbox 538 5575 833 5642; x_wconf 65' lang='grc' dir='ltr'>Τρέφεται.</span> <span class='ocrx_word' id='word_1_784' title='bbox 868 5573 924 5626; x_wconf 89' lang='lat' dir='ltr'><strong>In</strong></span> <span class='ocrx_word' id='word_1_785' title='bbox 947 5573 1251 5638; x_wconf 89' lang='lat' dir='ltr'><strong>nonnullis,</strong></span> <span class='ocrx_word' id='word_1_786' title='bbox 1286 5573 1614 5642; x_wconf 83' lang='grc' dir='ltr'>στρέφεται,</span> <span class='ocrx_word' id='word_1_787' title='bbox 1659 5591 1677 5624; x_wconf 76' lang='grc' dir='ltr'><strong>ι</strong></span> <span class='ocrx_word' id='word_1_788' title='bbox 1715 5573 1882 5628; x_wconf 83' lang='lat' dir='ltr'><strong>verti-</strong></span> 
     </span>
    </p>
   </div>
   <div class='ocr_carea' id='block_1_105' title="bbox 320 5651 762 5704">
    <p class='ocr_par' dir='ltr' id='par_1_105' title="bbox 320 5651 762 5704">
     <span class='ocr_line' id='line_1_106' title="bbox 320 5651 762 5704; baseline -0.005 -8"><span class='ocrx_word' id='word_1_789' title='bbox 320 5651 427 5704; x_wconf 81' lang='lat' dir='ltr'><strong>tur,</strong></span> <span class='ocrx_word' id='word_1_790' title='bbox 453 5653 716 5697; x_wconf 86' lang='lat' dir='ltr'><strong>movetur.</strong></span> <span class='ocrx_word' id='word_1_791' title='bbox 744 5663 762 5694; x_wconf 74' lang='grc' dir='ltr'><strong>ι</strong></span> 
     </span>
    </p>
   </div>
   <div class='ocr_carea' id='block_1_106' title="bbox 381 5711 1736 5784">
    <p class='ocr_par' dir='ltr' id='par_1_106' title="bbox 381 5711 1736 5784">
     <span class='ocr_line' id='line_1_107' title="bbox 381 5711 1736 5784; baseline -0.002 -17"><span class='ocrx_word' id='word_1_792' title='bbox 381 5713 500 5784; x_wconf 56' lang='lat' dir='ltr'><strong>ﬁli)</strong></span> <span class='ocrx_word' id='word_1_793' title='bbox 538 5711 790 5784; x_wconf 76' lang='grc' dir='ltr'>Θάρσος.</span> <span class='ocrx_word' id='word_1_794' title='bbox 825 5713 1103 5784; x_wconf 33' lang='lat' dir='ltr'><strong>Regtbm,</strong></span> <span class='ocrx_word' id='word_1_795' title='bbox 1140 5723 1193 5769; x_wconf 89' lang='lat' dir='ltr'><strong>et</strong></span> <span class='ocrx_word' id='word_1_796' title='bbox 1217 5712 1484 5775; x_wconf 72' lang='lat' dir='ltr'><strong>CombeL,</strong></span> <span class='ocrx_word' id='word_1_797' title='bbox 1518 5713 1736 5783; x_wconf 75' lang='grc' dir='ltr'>θρᾶσος.</span> 
     </span>
    </p>
   </div>
   <div class='ocr_carea' id='block_1_107' title="bbox 394 5782 1883 5854">
    <p class='ocr_par' dir='ltr' id='par_1_107' title="bbox 394 5782 1883 5854">
     <span class='ocr_line' id='line_1_108' title="bbox 394 5782 1883 5854; baseline -0.001 -18"><span class='ocrx_word' id='word_1_798' title='bbox 394 5782 503 5853; x_wconf 85' lang='grc'>(57)</span> <span class='ocrx_word' id='word_1_799' title='bbox 543 5782 926 5849; x_wconf 68' lang='grc' dir='ltr'>Ὑποϐάσειςξ</span> <span class='ocrx_word' id='word_1_800' title='bbox 947 5783 1036 5840; x_wconf 88' lang='lat' dir='ltr'><strong>Sic</strong></span> <span class='ocrx_word' id='word_1_801' title='bbox 1063 5785 1303 5854; x_wconf 87' lang='lat' dir='ltr'><strong>plerique</strong></span> <span class='ocrx_word' id='word_1_802' title='bbox 1331 5784 1488 5840; x_wconf 86' lang='lat' dir='ltr'><strong>codd.</strong></span> <span class='ocrx_word' id='word_1_803' title='bbox 1531 5782 1586 5837; x_wconf 88' lang='lat' dir='ltr'><strong>lu</strong></span> <span class='ocrx_word' id='word_1_804' title='bbox 1632 5788 1718 5838; x_wconf 75' lang='lat' dir='ltr'><strong>ed.</strong></span> <span class='ocrx_word' id='word_1_805' title='bbox 1740 5823 1753 5848; x_wconf 94' lang='lat'><strong>,</strong></span> <span class='ocrx_word' id='word_1_806' title='bbox 1788 5783 1883 5835; x_wconf 72' lang='grc' dir='ltr'>καὶ</span> 
     </span>
    </p>
   </div>
   <div class='ocr_carea' id='block_1_108' title="bbox 2001 4783 3560 4856">
    <p class='ocr_par' dir='ltr' id='par_1_108' title="bbox 2001 4783 3560 4856">
     <span class='ocr_line' id='line_1_109' title="bbox 2001 4783 3560 4856; baseline -0.003 -14"><span class='ocrx_word' id='word_1_807' title='bbox 2001 4788 2305 4842; x_wconf 82' lang='lat' dir='ltr'><strong>ﬁcationem</strong></span> <span class='ocrx_word' id='word_1_808' title='bbox 2330 4786 2681 4856; x_wconf 72' lang='lat' dir='ltr'><strong>praebeamus,</strong></span> <span class='ocrx_word' id='word_1_809' title='bbox 2714 4799 2780 4839; x_wconf 90' lang='lat' dir='ltr'><strong>ne</strong></span> <span class='ocrx_word' id='word_1_810' title='bbox 2809 4799 2868 4838; x_wconf 88' lang='lat' dir='ltr'><strong>ea</strong></span> <span class='ocrx_word' id='word_1_811' title='bbox 2903 4785 3113 4838; x_wconf 87' lang='lat' dir='ltr'><strong>tandem</strong></span> <span class='ocrx_word' id='word_1_812' title='bbox 3155 4783 3407 4838; x_wconf 86' lang='lat' dir='ltr'><strong>diuturna</strong></span> <span class='ocrx_word' id='word_1_813' title='bbox 3440 4800 3560 4839; x_wconf 87' lang='lat' dir='ltr'><strong>con-</strong></span> 
     </span>
    </p>
   </div>
   <div class='ocr_carea' id='block_1_109' title="bbox 1997 4872 3560 4945">
    <p class='ocr_par' dir='ltr' id='par_1_109' title="bbox 1997 4872 3560 4945">
     <span class='ocr_line' id='line_1_110' title="bbox 1997 4872 3560 4945; baseline -0.004 -14"><span class='ocrx_word' id='word_1_814' title='bbox 1997 4877 2283 4932; x_wconf 89' lang='lat' dir='ltr'><strong>suetudine</strong></span> <span class='ocrx_word' id='word_1_815' title='bbox 2325 4876 2376 4930; x_wconf 94' lang='lat' dir='ltr'><strong>in</strong></span> <span class='ocrx_word' id='word_1_816' title='bbox 2410 4874 2704 4945; x_wconf 86' lang='lat' dir='ltr'><strong>majoribus</strong></span> <span class='ocrx_word' id='word_1_817' title='bbox 2733 4874 3038 4929; x_wconf 84' lang='lat' dir='ltr'><strong>abutamur.</strong></span> <span class='ocrx_word' id='word_1_818' title='bbox 3070 4872 3289 4928; x_wconf 81' lang='lat' dir='ltr'><strong>Minoris</strong></span> <span class='ocrx_word' id='word_1_819' title='bbox 3309 4873 3451 4928; x_wconf 85' lang='lat' dir='ltr'><strong>enim</strong></span> <span class='ocrx_word' id='word_1_820' title='bbox 3482 4872 3560 4926; x_wconf 82' lang='lat' dir='ltr'><strong>la-</strong></span> 
     </span>
    </p>
   </div>
   <div class='ocr_carea' id='block_1_110' title="bbox 1996 4964 3556 5036">
    <p class='ocr_par' dir='ltr' id='par_1_110' title="bbox 1996 4964 3556 5036">
     <span class='ocr_line' id='line_1_111' title="bbox 1996 4964 3556 5036; baseline -0.004 -13"><span class='ocrx_word' id='word_1_821' title='bbox 1996 4968 2144 5024; x_wconf 90' lang='lat' dir='ltr'><strong>boris</strong></span> <span class='ocrx_word' id='word_1_822' title='bbox 2190 4974 2274 5022; x_wconf 89' lang='lat' dir='ltr'><strong>est</strong></span> <span class='ocrx_word' id='word_1_823' title='bbox 2321 4967 2554 5036; x_wconf 88' lang='lat' dir='ltr'><strong>primum</strong></span> <span class='ocrx_word' id='word_1_824' title='bbox 2597 4964 2922 5033; x_wconf 87' lang='lat' dir='ltr'><strong>improbitati</strong></span> <span class='ocrx_word' id='word_1_825' title='bbox 2951 4978 3057 5018; x_wconf 92' lang='lat' dir='ltr'><strong>non</strong></span> <span class='ocrx_word' id='word_1_826' title='bbox 3093 4964 3310 5030; x_wconf 88' lang='lat' dir='ltr'><strong>cedere,</strong></span> <span class='ocrx_word' id='word_1_827' title='bbox 3343 4977 3407 5018; x_wconf 91' lang='lat' dir='ltr'><strong>ac</strong></span> <span class='ocrx_word' id='word_1_828' title='bbox 3438 4977 3556 5019; x_wconf 84' lang='lat' dir='ltr'><strong>eam</strong></span> 
     </span>
    </p>
   </div>
   <div class='ocr_carea' id='block_1_111' title="bbox 1989 5150 3277 5292">
    <p class='ocr_par' dir='ltr' id='par_1_111' title="bbox 1989 5150 3277 5292">
     <span class='ocr_line' id='line_1_112' title="bbox 1989 5150 2300 5214; baseline 0.003 -9"><span class='ocrx_word' id='word_1_829' title='bbox 1989 5150 2300 5214; x_wconf 75' lang='grc' dir='ltr'>ὑποόάσεις.</span> 
     </span>
     <span class='ocr_line' id='line_1_113' title="bbox 2059 5215 3277 5292; baseline -0.005 -17"><span class='ocrx_word' id='word_1_830' title='bbox 2059 5222 2170 5292; x_wconf 88' lang='grc'>(58)</span> <span class='ocrx_word' id='word_1_831' title='bbox 2210 5220 2649 5292; x_wconf 61' lang='grc' dir='ltr'>Δημιοῃργικρς.</span> <span class='ocrx_word' id='word_1_832' title='bbox 2685 5218 2816 5292; x_wconf 77' lang='lat' dir='ltr'><strong>Reg.</strong></span> <span class='ocrx_word' id='word_1_833' title='bbox 2846 5215 3277 5292; x_wconf 47' lang='lat' dir='ltr'><strong>b16qptoupyo&#39;4.</strong></span> 
     </span>
    </p>
   </div>
   <div class='ocr_carea' id='block_1_112' title="bbox 2060 5285 3344 5360">
    <p class='ocr_par' dir='ltr' id='par_1_112' title="bbox 2060 5285 3344 5360">
     <span class='ocr_line' id='line_1_114' title="bbox 2060 5285 3344 5360; baseline -0.006 -14"><span class='ocrx_word' id='word_1_834' title='bbox 2060 5285 2172 5360; x_wconf 82' lang='grc'>(59)</span> <span class='ocrx_word' id='word_1_835' title='bbox 2197 5285 2342 5359; x_wconf 66' lang='grc' dir='ltr'>Γάξο.</span> <span class='ocrx_word' id='word_1_836' title='bbox 2390 5285 2551 5346; x_wconf 76' lang='lat' dir='ltr'><strong>Deest</strong></span> <span class='ocrx_word' id='word_1_837' title='bbox 2585 5285 2639 5343; x_wconf 91' lang='lat' dir='ltr'><strong>in</strong></span> <span class='ocrx_word' id='word_1_838' title='bbox 2673 5285 2843 5342; x_wconf 81' lang='lat' dir='ltr'><strong>tribus</strong></span> <span class='ocrx_word' id='word_1_839' title='bbox 2879 5285 3068 5356; x_wconf 72' lang='lat' dir='ltr'><strong>uegg.,</strong></span> <span class='ocrx_word' id='word_1_840' title='bbox 3098 5285 3270 5360; x_wconf 77' lang='lat' dir='ltr'><strong>et_Ur.</strong></span> <span class='ocrx_word' id='word_1_841' title='bbox 3297 5285 3344 5338; x_wconf 79' lang='grc' dir='ltr'>Ι.</span> 
     </span>
    </p>
   </div>
   <div class='ocr_carea' id='block_1_113' title="bbox 2059 5354 3556 5444">
    <p class='ocr_par' dir='ltr' id='par_1_113' title="bbox 2059 5354 3556 5444">
     <span class='ocr_line' id='line_1_115' title="bbox 2059 5354 3556 5444; baseline -0.007 -27"><span class='ocrx_word' id='word_1_842' title='bbox 2199 5354 2535 5430; x_wconf 64' lang='grc' dir='ltr'>Φιλότιμος.</span> <span class='ocrx_word' id='word_1_843' title='bbox 2569 5360 2664 5416; x_wconf 83' lang='lat' dir='ltr'><strong>0r.</strong></span> <span class='ocrx_word' id='word_1_844' title='bbox 2686 5360 2711 5413; x_wconf 79' lang='grc'><strong>1</strong></span> <span class='ocrx_word' id='word_1_845' title='bbox 2735 5360 2801 5412; x_wconf 84' lang='lat' dir='ltr'><strong>ad</strong></span> <span class='ocrx_word' id='word_1_846' title='bbox 2836 5354 3029 5427; x_wconf 40' lang='lat' dir='ltr'><strong>marg.)</strong></span> <span class='ocrx_word' id='word_1_847' title='bbox 3055 5354 3372 5424; x_wconf 81' lang='grc' dir='ltr'>φιλόνεικος,</span> <span class='ocrx_word' id='word_1_848' title='bbox 3392 5368 3410 5403; x_wconf 80' lang='grc' dir='ltr'><strong>ι</strong></span> <span class='ocrx_word' id='word_1_849' title='bbox 3430 5366 3556 5407; x_wconf 84' lang='lat' dir='ltr'><strong>con-</strong></span> 
     </span>
    </p>
   </div>
   <div class='ocr_carea' id='block_1_114' title="bbox 1993 5443 3557 5580">
    <p class='ocr_par' dir='ltr' id='par_1_114' title="bbox 1993 5443 3557 5580">
     <span class='ocr_line' id='line_1_116' title="bbox 1993 5443 2324 5486; baseline -0.018 0"><span class='ocrx_word' id='word_1_850' title='bbox 1993 5443 2274 5486; x_wconf 81' lang='lat' dir='ltr'><strong>tentiosus.</strong></span> <span class='ocrx_word' id='word_1_851' title='bbox 2306 5448 2324 5480; x_wconf 77' lang='grc' dir='ltr'><strong>ι</strong></span> 
     </span>
     <span class='ocr_line' id='line_1_117' title="bbox 2028 5492 3557 5580; baseline -0.007 -25"><span class='ocrx_word' id='word_1_852' title='bbox 2028 5500 2173 5580; x_wconf 83' lang='lat'><strong>_(61)</strong></span> <span class='ocrx_word' id='word_1_853' title='bbox 2199 5500 2331 5554; x_wconf 80' lang='grc' dir='ltr'>Καί.</span> <span class='ocrx_word' id='word_1_854' title='bbox 2365 5498 2499 5571; x_wconf 77' lang='lat' dir='ltr'><strong>Reg.</strong></span> <span class='ocrx_word' id='word_1_855' title='bbox 2527 5499 2581 5565; x_wconf 88' lang='lat' dir='ltr'><strong>b,</strong></span> <span class='ocrx_word' id='word_1_856' title='bbox 2614 5498 2807 5562; x_wconf 88' lang='lat' dir='ltr'><strong>Gabr.,</strong></span> <span class='ocrx_word' id='word_1_857' title='bbox 2836 5505 2888 5550; x_wconf 91' lang='lat' dir='ltr'><strong>et</strong></span> <span class='ocrx_word' id='word_1_858' title='bbox 2912 5494 3126 5560; x_wconf 83' lang='lat' dir='ltr'><strong>Comb.,</strong></span> <span class='ocrx_word' id='word_1_859' title='bbox 3158 5492 3278 5558; x_wconf 69' lang='grc' dir='ltr'>κᾶν,</span> <span class='ocrx_word' id='word_1_860' title='bbox 3306 5511 3325 5542; x_wconf 81' lang='grc' dir='ltr'><strong>ι</strong></span> <span class='ocrx_word' id='word_1_861' title='bbox 3363 5506 3557 5562; x_wconf 89' lang='lat' dir='ltr'><strong>quam-</strong></span> 
     </span>
    </p>
   </div>
   <div class='ocr_carea' id='block_1_115' title="bbox 1989 5587 3556 5710">
    <p class='ocr_par' dir='ltr' id='par_1_115' title="bbox 1989 5587 3556 5710">
     <span class='ocr_line' id='line_1_118' title="bbox 1989 5587 3556 5710; baseline -0.006 -17"><span class='ocrx_word' id='word_1_862' title='bbox 1989 5587 2174 5710; x_wconf 58' lang='lat' dir='ltr'><strong>Hb(6’2)</strong></span> <span class='ocrx_word' id='word_1_863' title='bbox 2201 5641 2448 5710; x_wconf 78' lang='grc' dir='ltr'>Πέτραν.</span> <span class='ocrx_word' id='word_1_864' title='bbox 2482 5639 2573 5695; x_wconf 92' lang='lat' dir='ltr'><strong>Sic</strong></span> <span class='ocrx_word' id='word_1_865' title='bbox 2608 5639 2790 5709; x_wconf 88' lang='lat' dir='ltr'><strong>plures</strong></span> <span class='ocrx_word' id='word_1_866' title='bbox 2828 5634 2994 5706; x_wconf 81' lang='lat' dir='ltr'><strong>Regg.</strong></span> <span class='ocrx_word' id='word_1_867' title='bbox 3026 5633 3190 5690; x_wconf 79' lang='lat' dir='ltr'><strong>Coisl.</strong></span> <span class='ocrx_word' id='word_1_868' title='bbox 3226 5633 3276 5700; x_wconf 79' lang='grc' dir='ltr'>Ι,</span> <span class='ocrx_word' id='word_1_869' title='bbox 3301 5642 3352 5690; x_wconf 91' lang='lat' dir='ltr'><strong>et</strong></span> <span class='ocrx_word' id='word_1_870' title='bbox 3389 5631 3484 5688; x_wconf 81' lang='lat' dir='ltr'><strong>Or.</strong></span> <span class='ocrx_word' id='word_1_871' title='bbox 3506 5629 3556 5685; x_wconf 78' lang='lat' dir='ltr'><strong>l.</strong></span> 
     </span>
    </p>
   </div>
   <div class='ocr_carea' id='block_1_116' title="bbox 1991 5709 3242 5851">
    <p class='ocr_par' dir='ltr' id='par_1_116' title="bbox 1991 5709 3242 5851">
     <span class='ocr_line' id='line_1_119' title="bbox 1991 5709 3009 5794; baseline -0.006 -28"><span class='ocrx_word' id='word_1_872' title='bbox 1991 5711 2046 5766; x_wconf 81' lang='lat' dir='ltr'><strong>In</strong></span> <span class='ocrx_word' id='word_1_873' title='bbox 2074 5709 2189 5772; x_wconf 28' lang='lat' dir='ltr'><strong>&#39;ed.,</strong></span> <span class='ocrx_word' id='word_1_874' title='bbox 2215 5709 2462 5794; x_wconf 87' lang='grc' dir='ltr'>πέτραις.</span> <span class='ocrx_word' id='word_1_875' title='bbox 2707 5777 2718 5790; x_wconf 39' lang='grc' dir='ltr'>ι</span> <span class='ocrx_word' id='word_1_876' title='bbox 2997 5775 3009 5791; x_wconf 43' lang='grc' dir='ltr'><strong><em>Ι</em></strong></span> 
     </span>
     <span class='ocr_line' id='line_1_120' title="bbox 2064 5774 3242 5851; baseline -0.003 -17"><span class='ocrx_word' id='word_1_877' title='bbox 2064 5778 2180 5851; x_wconf 80' lang='grc'>(65)</span> <span class='ocrx_word' id='word_1_878' title='bbox 2212 5780 2592 5835; x_wconf 69' lang='grc' dir='ltr'>’Δι’ωσασθαι.</span> <span class='ocrx_word' id='word_1_879' title='bbox 2629 5777 2790 5836; x_wconf 82' lang='lat' dir='ltr'><strong>Cotsl.</strong></span> <span class='ocrx_word' id='word_1_880' title='bbox 2822 5779 2868 5846; x_wconf 87' lang='grc' dir='ltr'>Ι,</span> <span class='ocrx_word' id='word_1_881' title='bbox 2901 5774 3242 5832; x_wconf 81' lang='grc' dir='ltr'>ὰπωσασθαι.</span> 
     </span>
    </p>
   </div>
  </div>
