4010 6316
502 337 605 391 207
1697 335 1753 392 S.
1795 335 2055 393 GREGOF

2160 337 2506 394 TIIEOLOGI
3629 347 3728 404 208

505 449 849 506 accedentem
895 451 1100 518 fugere,
1137 462 1298 518 quam
1343 463 1679 518 progressam
1718 453 2055 516 exscindere.

2167 453 2318 506 νόσον
2362 453 2680 516 ἀδυνατεῖς,
2721 451 2894 506 ταῦτα
2943 453 3178 522 μελέτα,
3227 448 3285 506 ἐν
3337 454 3544 521 τούτοις
3586 457 3727 512 ίσθι·

505 559 670 614 seque
695 559 758 598 ea
791 543 1118 612 superiorem
1158 541 1565 611 prmbereznou
1614 556 1771 596 secus
1819 544 2055 597 videlicet

2173 542 2447 597 κενούσθω
2494 555 2578 596 σοι
2627 543 2749 615 (64)
2799 543 2861 596 τὸ
2917 544 3198 616 φιλότιμον
3247 547 3303 598 ὲν
3351 549 3464 610 τοῖς
3517 548 3728 604 ἀκινδύ-

504 650 568 690 ac
602 635 809 689 facilius
855 643 938 685 est
994 643 1199 699 petram
1254 632 1405 685 initio
1445 631 1664 687 ﬁrmare
1707 641 1763 687 et
1808 634 2063 697 retinere,
2177 648 2303 699 νοις.

503 740 662 796 quam
705 732 944 778 ruentem
990 737 1203 776 sursum
1245 721 1542 776 retrahere.
1591 722 1685 776 Sin
1752 732 1930 776 autem
1986 735 2092 777 tam
2139 724 2427 782 immodico
2471 737 2526 781 et
2589 726 2896 797 inexplebili
2947 726 3248 796 disputandi
3300 727 3477 781 studio
3515 727 3726 797 ﬂagres,

503 831 600 869 nec
632 815 872 867 morbum
905 814 1096 866 sistere
1125 826 1188 866 ac
1220 813 1516 881 reprimere
1579 823 1750 881 potes,
1819 814 1933 866 [nec
2001 815 2282 883 meditare,
2327 816 2380 870 in
2423 817 2505 872 his
2541 827 2707 872 esto:
2741 817 3084 872 ambitionem
3131 819 3287 872 iSIam
3337 819 3388 872 iu
3433 817 3497 872 iis
3542 819 3717 883 rebus,

501 902 555 956 in
581 902 772 965 quibus
804 899 1025 969 periculi
1057 899 1190 954 nihil
1223 899 1428 965 subest,
1466 899 1697 955 eﬂ’unde.

568 992 760 1048 XXIX.
801 993 954 1058 Quod
985 993 1028 1047 si
1065 992 1164 1046 boc
1191 993 1466 1060 repudias,
1499 1007 1596 1047 nec
1639 993 1874 1062 linguam
1907 997 2063 1053 freno

498 1100 766 1150 coercere,
816 1084 1088 1152 animique
1135 1084 1394 1154 impetum
1444 1084 1692 1156 frangere
1734 1103 1798 1143 ac
1835 1092 2066 1161 compri-

499 1192 644 1233 mere
676 1187 848 1246 potes,
885 1178 977 1230 sed
1004 1175 1095 1229 tibi
1134 1173 1312 1229 furere
1363 1184 1526 1246 atque
1566 1177 1804 1232 insanire
1848 1188 2061 1236 certum

498 1278 603 1332 cst,
628 1283 688 1321 ac
727 1267 914 1337 primis
946 1266 1297 1336 potestatibus
1325 1267 1544 1322 minime
1589 1271 1780 1325 cedere
1834 1269 1956 1341 (nisi
1989 1282 2062 1326 ta-

503 1375 621 1412 men
665 1359 732 1412 iis
775 1373 987 1428 quoque
1025 1357 1350 1425 cognitionis
1389 1359 1576 1413 modus
1617 1363 1744 1428 cst),
1795 1363 2064 1432 altiusque

502 1450 666 1522 599
692 1450 910 1503 omnino
935 1464 1234 1519 assurgere,
1263 1464 1423 1518 quam
1454 1465 1518 1503 ex
1549 1451 1781 1506 utilitate
1822 1463 1912 1507 tua
1947 1457 2016 1508 sit
2043 1473 2058 1510 :

473 1555 556 1629 ,ιιι
593 1542 718 1596 illud
765 1541 952 1596 saltem
989 1541 1083 1595 tibi
1136 1541 1360 1610 impera,
1395 1550 1450 1595 ut
1510 1542 1729 1598 fratrem
1782 1561 1884 1599 non
1941 1563 2066 1600 con-

499 1637 746 1696 demnes,
777 1645 878 1685 nec
921 1631 1190 1685 timiditati
1225 1631 1516 1701 impietatis
1548 1648 1742 1689 nomen
1785 1636 2054 1706 imponas,

499 1740 596 1779 nec
644 1733 846 1778 temere
898 1737 960 1776 ac
998 1723 1256 1793 νιξορὶρὶιὶ
1305 1723 1509 1792 judicio
1543 1741 1662 1780 eum
1706 1729 2054 1793 condemnes,

2231 996 2360 1052 KG'.
2401 995 2474 1048 Οὐ
2512 994 2646 1066 δέχῃ
2684 993 2861 1059 τοῦτο,
2903 993 3022 1047 οὐδὲ
3050 993 3085 1064 ἡ
3118 992 3340 1061 γλῶσσά
3390 1010 3480 1046 σου
3519 992 3729 1064 χαλινὸν

2162 1087 2302 1157 ἔχει,
2352 1086 2472 1138 οὐδὲ
2507 1085 2772 1156 κρείττων
2805 1079 2856 1138 εί
2901 1085 3001 1156 τῆς
3033 1087 3223 1155 φορᾶς,
3269 1085 3350 1137 δεῖ
3379 1085 3437 1138 δὲ
3487 1087 3728 1138 ἀπονοεῖ-

2163 1176 2288 1229 σθαι
2347 1176 2584 1236 πάντως,
2630 1173 2726 1226 καὶ
2783 1174 2905 1236 ταῖς
2949 1172 3192 1244 πρώταις
3221 1172 3480 1243 δυνάμεσι
3523 1174 3596 1244 μὴ
3637 1173 3730 1242 ὑφ-

2169 1267 2372 1330 ίεσθαι,
2415 1266 2576 1336 εἴπερ
2609 1264 2684 1335 μὴ
2732 1265 3014 1327 κάκείναις
3063 1264 3174 1333 (65)
3223 1263 3419 1334 μέτρον
3465 1265 3582 1317 ἐστὶ
3637 1262 3730 1335 τῆς

2162 1341 2438 1427 γνώσεως,
2471 1356 2565 1408 καὶ
2605 1356 2768 1409 πλέον
2803 1355 2916 1427 (66)
2959 1352 3098 1410 εἶναι
3143 1356 3335 1426 μέγαν,
3373 1354 3405 1424 ἢ
3439 1355 3562 1408 ὅσον
3597 1372 3727 1426 συμ-

2165 1451 2325 1522 φέρον
2357 1448 2495 1520 (67)·
2529 1449 2592 1500 σὺ
2623 1448 2679 1500 δὲ
2711 1449 2784 1519 μὴ
2822 1448 3153 1520 κατακρίνῃς
3180 1448 3271 1501 τὸν
3311 1447 3559 1515 ἀδελφὸν,
3602 1447 3730 1518 μηδὲ

2160 1542 2258 1613 τὴν
2295 1535 2496 1595 δειλίαν
2535 1540 2790 1594 ἀσέϐειαν
2815 1539 3124 1610 μόνομάσῃς,
3166 1538 3297 1610 μηδὲ
3330 1538 3571 1610 ἀπέλθῃς
3606 1555 3731 1610 προ-

2163 1630 2338 1694 πετῶς
2371 1631 2676 1698 καταγνοὺς
2704 1669 2719 1694 ,
2763 1629 2796 1700 ἢ
2849 1630 3116 1698 ἀπογνοὺς
3168 1629 3306 1699 (68),
3349 1629 3378 1680 ὁ
3417 1629 3514 1701 τὴν
3563 1628 3728 1683 ὲπιείὲ

2159 1738 2313 1776 κειαν
2374 1720 2824 1792 ὑπισχνούμενος.
2887 1720 3026 1772 Ἀλλ’
3087 1720 3319 1774 ἐνταῦθά
3389 1738 3478 1792 μοι
3535 1719 3728 1792 φάνηθι

496 1825 586 1866 aut
606 1814 830 1869 salutem
861 1814 978 1880 ejus
1007 1829 1101 1882 pro
1129 1815 1408 1882 desperata
1439 1816 1642 1881 habens
1668 1817 1933 1881 discedas,
1963 1820 2050 1887 qui

2160 1813 2429 1878 ταπεινὸς,
2462 1813 2564 1875 ’ἐως
2597 1811 2807 1877 ἔξεστιν
2827 1827 2842 1842 ο
2875 1809 3108 1863 ἐνταῦθα
3150 1811 3240 1864 τὸν
3286 1812 3510 1880 ἀδελφὸν
3545 1812 3728 1882 προτί-

495 1905 657 1958 animi
701 1903 1008 1958 facilitatem
1052 1918 1114 1957 ac
1162 1920 1366 1956 morum
1405 1907 1728 1959 suavitatem
1765 1907 2054 1974 profiteris.

493 1998 632 2062 Quin
659 1996 853 2066 potius,
891 1994 976 2050 hic
1006 1995 1258 2048 humilem
1300 2006 1350 2048 te
1375 1997 1574 2064 praebe,
1609 1997 1734 2049 dum
1761 1997 1889 2051 licet
1924 2015 1937 2051 :
1968 2001 2054 2054 hic

494 2087 637 2140 nullo
660 2101 780 2140 cum
814 2096 901 2141 tuo
924 2086 1244 2140 detrimento
1270 2086 1487 2140 fratrem
1519 2087 1612 2140 tibi
1640 2099 1933 2156 antepone,
1964 2091 2054 2144 ubi

494 2180 851 2232 condemnare
887 2187 939 2232 et
973 2189 1338 2239 contemnere,
1380 2177 1509 2230 nihil
1536 2177 1678 2231 aliud
1710 2188 1812 2241 est,
1836 2196 1996 2249 quam
2026 2196 2056 2234 a

491 2267 730 2330 Christo,
774 2282 839 2321 ac
881 2266 992 2322 sola
1033 2281 1128 2336 spe
1158 2267 1374 2335 ejicere,
1417 2277 1577 2335 atque
1626 2271 1938 2335 exturbare,
1963 2285 2058 2325 oc-

490 2361 800 2429 cultumque
827 2359 1088 2423 triticum,
1127 2368 1180 2410 et
1219 2357 1431 2426 quidem
1465 2358 1708 2412 triticum
1733 2359 1966 2415 fortasse
2001 2372 2052 2416 te

494 2451 856 2519 praestantius,
891 2465 991 2502 una
1043 2463 1163 2502 cum
1216 2449 1442 2503 zizaniis
1475 2451 1874 2506 exscindere”.
1908 2450 2056 2507 Hanc

492 2543 755 2597 rationem
790 2552 930 2604 tene.
961 2551 1019 2594 ut
1053 2539 1196 2594 illum
1229 2541 1442 2610 quidem
1479 2543 1738 2612 corrigas,
1773 2545 1932 2613 idque
1981 2545 2056 2600 te-

491 2634 636 2688 niter
673 2641 726 2688 et
753 2632 1003 2694 immane,
1035 2647 1137 2686 non
1181 2642 1238 2685 ut
1274 2633 1461 2694 hostis,
1500 2648 1600 2686 nec
1625 2643 1682 2686 ut
1707 2635 1872 2688 durus
1900 2645 1955 2689 et
1985 2636 2056 2688 ri-

491 2725 647 2794 gidus
681 2723 938 2787 medicus,
975 2737 1072 2777 nec
1098 2732 1153 2774 ut
1183 2722 1516 2776 sectionibus
1570 2732 1772 2777 tantum
1796 2736 1847 2779 et
1873 2737 2057 2779 caute-

491 2813 588 2867 riis
610 2813 866 2867 adversus
897 2812 1139 2866 morbum
1168 2812 1404 2880 grassari
1453 2811 1665 2878 sciens;
1696 2813 1919 2882 teipsum
1956 2830 2054 2867 au-

490 2915 620 2970 tem,
652 2919 715 2960 ac
750 2915 892 2957 tuam
937 2903 1301 2958 infirmitatem
1345 2918 1626 2970 agnoscas.
1661 2904 1797 2969 Quid
1837 2905 1978 2958 enim
2010 2907 2054 2960 si

490 2994 832 3066 lippientibus
883 2993 1069 3055 oculis,
1123 3002 1215 3046 aut
1267 2993 1370 3048 alio
1393 2995 1642 3064 quopiam
1691 2997 1878 3050 morbo
1909 2995 2056 3051 labo-

489 3087 759 3149 rantibus,
797 3087 1082 3139 obscurum
1118 3085 1283 3140 solem
1316 3085 1588 3154 aSpicias?
1627 3085 1764 3151 Quid
1795 3085 1838 3138 si
1867 3087 2046 3139 omnia

2162 1921 2354 1974 μησον,
2388 1903 2462 1974 μὴ
2496 1903 2636 1972 μετά
2673 1903 2770 1970 τῆς
2800 1900 3021 1954 σεαυτοῦ
3051 1901 3273 1970 βλάϐης,
3318 1900 3446 1954 ἔνθα
3472 1901 3533 1953 τὸ
3567 1918 3728 1954 κατα-

2159 1998 2339 2066 κρῖναι
2390 1996 2484 2046 καὶ
2538 1993 2838 2059 ἀτιμάσαι,
2884 1992 3132 2046 ἐκϐαλεῖν
3184 1993 3298 2045 ἐστι
3353 1993 3590 2064 Χριστοῦ
3639 1995 3730 2045 καὶ

2157 2087 2257 2155 τῆς
2307 2086 2472 2156 μόνης
2509 2085 2749 2150 ἐλπίδος,
2794 2085 2888 2136 καὶ⁹
2933 2086 3023 2138 τὸν
3070 2084 3396 2137 λανθάνοντα
3439 2086 3605 2149 σῖτον,
3640 2084 3730 2137 καὶ

2158 2179 2304 2230 σῖτον
2358 2175 2484 2239 ἴσως
2521 2193 2630 2228 σου
2673 2175 3016 2250 τιμιώτερογ,
3059 2176 3386 2244 συνεκκόψαι
3429 2181 3538 2240 τοῖς
3585 2175 3728 2242 ζιζα-

2157 2269 2310 2330 νίοις.
2353 2267 2512 2320 Ἀλλὰ
2558 2267 2618 2319 τὸ
2667 2267 2785 2336 μὲν,
2825 2267 3031 2320 ἐκεῖνον
3088 2265 3410 2336 διόρθωσαι,
3453 2267 3544 2318 καὶ
3580 2266 3732 2318 τοῦτο

2158 2359 2347 2430 πράως
2391 2359 2483 2412 καὶ
2536 2353 2949 2430 φιλανθρώπως,
2991 2355 3066 2427 μὴ
3113 2357 3188 2419 ὡς
3231 2356 3442 2428 ἐχθρὸς,
3492 2357 3628 2427 μηδὲ
3659 2357 3730 2420 ὡς

2155 2450 2428 2520 ἀπότομος
2482 2435 2876 2520 ίατρἷ-ἰῖῆδὲ
2905 2448 2979 2511 ὡς
3013 2449 3125 2517 (υ9)
3163 2447 3220 2502 ἒν
3247 2449 3404 2502 τοῦτο
3453 2450 3613 2520 μόνον
3660 2453 3734 2504 εί-

2155 2539 2262 2604 δὼς
2293 2540 2391 2611 τὴν
2430 2539 2624 2593 καῦσιν
2660 2540 2754 2593 καὶ
2785 2539 2883 2610 τὴν
2916 2541 3117 2610 τομήν·
3161 2541 3222 2592 τὸ
3253 2540 3332 2605 δὲ,
3369 2542 3598 2596 σεαυτοῦ
3638 2561 3732 2596 κα·-

2154 2630 2414 2699 τάγνωθι,
2453 2630 2550 2683 καὶ
2580 2631 2680 2700 τῆς
2709 2629 2990 2692 ἀσθενείας
3017 2629 3115 2700 τῆς
3154 2629 3272 2699 σῆς.
3303 2631 3367 2682 Τί
3399 2631 3506 2702 γὰρ
3549 2635 3600 2686 εἰ
3642 2633 3732 2702 λη-

2159 2721 2379 2794 μῶν,
2430 2721 2559 2774 ἄλλο
2595 2721 2707 2792 (70)
2755 2737 2809 2772 τι
2864 2719 3089 2789 πάσχων
3137 2721 3236 2782 τὰς
3285 2720 3458 2789 ὄψεις,
3492 2723 3736 2794 ἀμυδρὸν

2156 2813 2370 2884 βλέπεις
2427 2814 2516 2866 τδν
2578 2813 2762 2884 ἦλιονς
2808 2812 2872 2865 Τί
2927 2811 3016 2864 δαὶ
3055 2813 3103 2863 εἰ
3163 2811 3491 2882 στρέφεσθαί
3542 2831 3627 2867 σοι
3672 2814 3731 2866 τὸ

2156 2905 2264 2957 πᾶν
2295 2905 2472 2968 δοκεῖ,
2499 2903 2784 2957 ναυτιῶντι
2806 2902 2985 2972 τυχὸν,
3021 2903 3052 2973 ἢ
3078 2902 3350 2972 μεθύοντι,
3383 2902 3475 2956 καὶ
3498 2903 3599 2975 τὴν
3637 2904 3730 2977 σὴν

2156 2994 2374 3063 ἄγνοιαν
2432 2994 2632 3062 ἑτέρων
2691 2991 3132 3063 ὑπολαμϐάνεις
3187 2992 3364 3046 Πολλά
3415 2994 3496 3047 δεῖ
3561 3011 3728 3064 στρα-

2161 3085 2326 3154 φῆναι
2377 3083 2472 3136 καὶ
2514 3083 2726 3146 παθεῖν,
2764 3082 2893 3154 πρὶν
2944 3081 3103 3134 ἄλλον
3142 3081 3481 3150 καταγνῶναι
3539 3081 3728 3134 δυσσέ-

488 3178 624 3231 verti
671 3192 734 3231 ac
775 3192 986 3230 sursum
1033 3175 1394 3244 deorsumque
1423 3176 1548 3230 ferri
1583 3185 1759 3244 putes,
1789 3176 1902 3246 ipse
1932 3193 2054 3230 nau-
2084 3156 2124 3212 Ο
2160 3178 2328 3231 ϐειαν.

490 3285 583 3322 sea
647 3278 947 3335 correptus,
1015 3275 1108 3318 aut
1149 3266 1272 3318 vino
1323 3269 1568 3330 obrutus,
1625 3267 2093 3337 ignorantiamque
2131 3278 2277 3322 tuam
2308 3270 2427 3324 aliis
2503 3267 2809 3324 attribuas?
2841 3266 3062 3321 Multum
3096 3267 3294 3336 diuque
3338 3276 3465 3323 ante
3515 3282 3735 3322 versae-

489 3362 588 3414 dus
631 3371 790 3428 atque
835 3361 1270 3426 conterquendus
1299 3367 1380 3414 est
1408 3359 1640 3422 animus,
1676 3359 1843 3412 multa
1880 3360 2122 3428 ferenda,
2153 3378 2313 3432 quam
2343 3373 2398 3417 ut
2433 3363 2594 3416 alium
2623 3359 2916 3429 impietatis
2947 3360 3285 3411 damnemus.

563 3449 732 3504 XXX.
775 3448 890 3502 Non
930 3447 1068 3502 idem
1105 3459 1190 3503 est
1221 3451 1466 3518 stirpem,
1501 3459 1594 3502 aut
1626 3450 1841 3502 brevem
1866 3465 2059 3519 quent-

491 3543 615 3598 dam
663 3552 718 3597 et
755 3543 1017 3596 caducum
1059 3540 1240 3594 florem
1283 3541 1535 3608 evellere,
1587 3552 1750 3611 atque
1782 3543 2055 3599 hominem

491 3633 831 3685 exscindere.
866 3629 1046 3699 luniago
1075 3629 1166 3684 Dei
1197 3646 1274 3693 cs,
1307 3640 1360 3684 et
1390 3631 1682 3702 imaginem
1713 3648 1927 3700 quoque
1968 3634 2057 3688 Dei

491 3721 817 3790 alloqucris,
882 3733 1045 3789 tuque
1079 3721 1169 3790 qui
1199 3721 1433 3790 judicas,
1480 3722 1591 3790 ipse
1625 3723 1949 3792 judicaberis
1975 3726 2056 3790 ’3;

491 3822 546 3867 et
593 3811 812 3880 quidem
875 3810 1107 3862 alienum
1165 3824 1381 3864 servum
1431 3809 1738 3879 judicas”,
1789 3822 1844 3867 et
1898 3829 2058 3883 quem

493 3900 632 3954 alius
661 3899 998 3952 moderatur.
1033 3898 1122 3951 Sic
1163 3896 1386 3953 fratrem
1419 3910 1570 3955 tuum
1628 3902 1865 3971 explora,
1906 3904 2057 3972 quasi

492 3989 606 4055 ipse
631 3985 697 4039 ad
734 3985 978 4039 eamdem
1020 4000 1323 4040 mensuram
1352 3991 1744 4058 expendendos.
1771 3993 2055 4060 Quocirca,

493 4091 564 4130 ne
596 4076 704 4130 cito
730 4091 793 4129 ac
823 4085 1023 4132 temere
1051 4077 1347 4132 membrum
1379 4095 1531 4136 seces
1552 4098 1613 4136 ac
1637 4085 1906 4152 projicias,
1934 4101 2054 4139 cum

494 4168 759 4222 incertum
801 4169 895 4233 sit,
937 4184 1004 4220 an
1046 4169 1146 4223 hac
1197 4170 1405 4227 ratione
1448 4184 1630 4242 partes
1667 4191 1880 4243 quoque
1913 4190 2057 4230 sanae

490 4259 786 4330 perniciem
820 4261 1052 4332 aliquam
1089 4273 1448 4320 contractura:
1477 4267 1605 4321 sint.
1639 4267 1836 4322 Verum
1867 4284 2053 4338 argue,

489 4351 731 4420 increpa,
758 4353 982 4408 obsecra
1016 4354 1055 4407 ¹.
1091 4353 1264 4410 llabes
1295 4359 1572 4412 medicina:
1606 4359 1868 4427 regulam.
1899 4361 2057 4414 Chri-

490 4445 556 4497 sti
591 4443 884 4514 discipulus
919 4461 999 4509 es,
1053 4448 1196 4501 mitis
1225 4464 1287 4502 ac
1320 4450 1534 4518 benigni
1565 4452 1606 4515 ',
1639 4460 1692 4504 et
1719 4451 1809 4521 qui
1842 4461 2055 4508 nostras

490 4536 830 4591 inﬁrmitates
871 4541 1168 4601 portavit’.
1221 4541 1276 4592 Si
1314 4543 1545 4609 primum
1576 4542 1900 4607 obluctetur,
1929 4543 2057 4598 leni-

491 4638 572 4680 ter
605 4638 853 4697 cxspecta
882 4632 969 4683 :vsi
1014 4631 1271 4698 secundo,
1316 4648 1381 4686 ue
1432 4649 1582 4701 spem
1629 4635 1883 4703 abjicias;
1922 4653 2056 4690 nou-

490 4718 613 4770 dtnn
647 4719 787 4771 enim
819 4720 1116 4774 curationis
1153 4732 1360 4791 tempus
1384 4724 1622 4791 clllnxit;
1663 4730 1707 4780 si
1745 4730 1922 4794 tertio,
1958 4731 2054 4784 be-

566 4835 610 4866 "
641 4834 825 4904 Mattb.
871 4851 988 4899 χιιι,
1033 4836 1123 4890 27.
1220 4836 1266 4870 ⁸⁸
1308 4838 1495 4895 Matth.
1539 4856 1634 4904 vn,
1662 4842 1711 4896 l.
1819 4845 1862 4876 ⁹⁹
1892 4844 2045 4900 Rom.

490 4920 603 4960 un.
630 4905 696 4968 4;
729 4903 746 4956 l
779 4904 920 4958 l’etr.
953 4920 1012 4969 ιι,
1043 4906 1135 4959 24.

705 5039 823 5088 Σοι.
868 5035 1002 5106 Reg.
1025 5036 1080 5098 b,
1109 5044 1154 5088 et
1190 5036 1282 5089 Or.
1318 5035 1370 5097 1,
1397 5051 1510 5085 σου.

561 5102 672 5174 (65)
701 5107 884 5173 Εἴπερ
904 5105 990 5174 μὴ
1025 5106 1346 5174 κάκείναις,
1380 5115 1504 5174 etcL
1523 5102 1675 5174 Deest
1710 5103 1782 5173 μή
1815 5105 1863 5154 in
1889 5103 2048 5158 Coisl.

494 5178 547 5238 1,
575 5172 809 5242 aliisque
839 5172 1134 5228 nonnullis.
1179 5176 1230 5228 Id
1259 5173 1453 5227 fatetur
1478 5172 1696 5236 Billius;
1730 5172 1822 5224 sed
1867 5175 2050 5242 vulga-

496 5258 601 5298 tam
636 5241 919 5298 lcctionem
972 5243 1209 5310 praefert.
1267 5245 1408 5296 Elias
1437 5259 1562 5296 vero
1617 5253 1798 5295 ecnset
1851 5241 2052 5310 Grego-

492 5317 630 5368 rium
681 5314 768 5367 bic
813 5311 1143 5384 allirm‘antcr
1174 5314 1567 5384 pronunciare,
1600 5324 1654 5384 et
1705 5310 1872 5384 sinsp
1911 5314 2049 5384 idem

492 5399 716 5445 sonare,
748 5399 811 5437 ac
855 5381 1187 5454 ἐπειδήπερ,
1217 5403 1235 5434 ι
1269 5383 1706 5454 quamloquidem.
1760 5401 1775 5432 ι
1812 5381 1966 5445 llinc,
2005 5382 2048 5454 si

491 5464 826 5523 expungatur
869 5453 1127 5522 partietrla
1172 5455 1438 5522 negativa,
1484 5453 1594 5523 μή,
1649 5453 1795 5504 locus
1841 5455 1938 5505 iste
1974 5453 2050 5505 sic

493 5523 626 5575 verti
661 5536 832 5588 potest
877 5540 890 5575 :
944 5542 962 5574 ι
1024 5524 1284 5592 siquidem
1327 5523 1424 5576 illac
1465 5526 1798 5592 (potestates)
1848 5533 2049 5574 certant

493 5594 814 5661 cognitionis
850 5609 1152 5646 mensuram
1187 5596 1406 5647 habent.
1437 5611 1454 5643 ι

559 5661 902 5732 (66)Πλέον.
937 5663 1048 5716 Duo
1083 5663 1273 5732 licgg.,
1308 5663 1507 5715 πλεῖον.

563 5731 673 5799 (67)
705 5732 1034 5801 Συμςεέρον.
1078 5731 1406 5804 ouem-33.,
1438 5733 1598 5790 Coisl.
1622 5737 1641 5790 l
1662 5746 1714 5791 et
1748 5735 1802 5802 Ξ,
1832 5736 2049 5814 aliique,

2086 4861 2198 4912 xrv,
2233 4846 2284 4899 4.

2237 3453 2316 3508 Λ’.
2357 3455 2470 3507 Οὐκ
2520 3452 2665 3504 ἔστιν
2718 3451 2829 3503 ἴσον
2874 3449 3039 3520 φυτὸν
3073 3452 3344 3519 ἐκτεμεῖν,
3395 3448 3428 3519 ἢ
3477 3449 3640 3515 meo;
3679 3467 3732 3504 τι

2165 3545 2274 3600 τῶν
2311 3543 2682 3616 προσκαίρων,
2712 3542 2804 3597 καὶ
2832 3541 3133 3612 ἄνθρωπον.
3166 3540 3342 3605 Είκὼν
3365 3536 3416 3594 εἴ
3444 3540 3603 3608 Θεοῦ,
3638 3544 3731 3596 καὶ

2165 3639 2334 3690 εἰκόνι
2369 3636 2502 3690 Θεοῦ
2556 3635 2798 3706 διαλέγῃ,
2841 3634 2936 3686 καὶ
2983 3633 3142 3704 κρίνῃ
3191 3633 3350 3696 αὐτὸς
3389 3632 3499 3704 (71)
3543 3637 3571 3686 ὁ
3613 3635 3732 3706 κρί-

2165 3745 2300 3782 νων·
2339 3728 2431 3782 ml.
2463 3727 2669 3800 κρίνεις
2713 3725 2988 3795 ἀλλότριον
3021 3725 3258 3796 οίκέτην,
3295 3725 3387 3778 καὶ
3414 3724 3471 3777 ὃν
3505 3726 3533 3777 ὁ
3575 3725 3734 3788 ἄλλος

2165 3825 2453 3891 οἰκονομεῖ.
2499 3819 2654 3872 Οῦτω
2693 3819 2952 3888 δοκίμαζε
2991 3818 3080 3870 τὸν
3116 3817 3339 3884 ἀδελφόν
3371 3835 3484 3882 σου,
3517 3819 3594 3880 ὡς
3641 3817 3732 3871 καὶ

2165 3913 2327 3974 αὐτὸς
2357 3915 2413 3964 ὲν
2448 3914 2559 3975 τοῖς
2602 3912 2784 3973 αὐτοῖς
2817 3911 3032 3980 μέτροις
3072 3907 3407 3979 κρινόμενος.
3437 3907 3534 3960 Διὰ
3576 3907 3734 3962 τοῦτο

2167 4002 2242 4073 μὴ
2273 4001 2480 4070 ταχέως
2505 4000 2696 4071 τέμῃς,
2733 3999 2866 4070 μηδὲ
2907 3997 3269 4070 ἀλλοτριώσῃς
3304 3998 3364 4050 τὸ
3399 3998 3579 4068 μέλος,
3606 3999 3732 4070 ἅδη-

2163 4093 2274 4157 λον,
2298 4096 2345 4146 εί
2377 4094 2450 4164 μὴ
2485 4094 2572 4146 διὰ
2607 4095 2794 4145 τούτου
2830 4091 3184 4162 προσλυμανῇ
3213 4109 3263 4144 τι
3307 4092 3419 4162 (7‘2)
3450 4091 3527 4162 τῷ
3555 4093 3733 4162 ὑγιαί-

2163 4202 2336 4240 νοντι⁸
2381 4185 2514 4238 ἀλλὰ
2559 4184 2900 4254 νουθέτησον,
2939 4182 3280 4253 ἐπιτίμησον,
3326 4184 3726 4252 παρακάλεσον.

2167 4278 2351 4345 Ἔχεις
2396 4277 2634 4347 ἰατρείας
2669 4275 2866 4326 κανόνα
2905 4274 3040 4344 (7.3).
3070 4272 3303 4344 Χριστοῦ
3352 4273 3598 4346 μαθητὴς
3647 4271 3729 4339 εἷ’,

2160 4366 2255 4418 τοῦ
2307 4367 2480 4437 πράου
2538 4365 2629 4418 καὶ
2681 4363 3098 4434 φιλανθρώπου,
3152 4365 3246 4418 καὶ
3297 4363 3395 4428 τὰς
3451 4365 3742 4429 ἀσθενείας·

2165 4459 2318 4530 ἡμῶν
2357 4460 2739 4530 βαστάσαντος.
2779 4458 2896 4511 Κᾶν
2928 4457 2990 4509 τὸ
3023 4457 3235 4528 πρῶτον
3267 4460 3476 4530 ἀντιθῇ,
3523 4479 3732 4533 μακρο-

2165 4549 2402 4620 θύμησον
2424 4569 2436 4581 ·
2474 4551 2576 4605 κᾶν
2611 4550 2671 4604 τὸ
2701 4549 2968 4618 δεύτερον,
3017 4551 3090 4620 μὴ
3124 4550 3460 4623 ἀπελπίσῃς,
3500 4553 3580 4604 ἔτι
3612 4571 3734 4607 και-

2165 4641 2256 4712 ρὸς
2299 4641 2620 4714 θεραπείας·
2658 4641 2758 4694 κᾶν
2799 4641 2861 4693 τὸ
2905 4641 3107 4711 τρίτον,
3149 4641 3305 4708 γενοῦ
3354 4643 3734 4714 φιλάνθρωπος

2096 4747 2141 4802 ι)
2168 4733 2435 4804 γεωργόςο
2471 4733 2549 4786 ἔτι
2596 4733 2688 4785 τοῦ
2753 4731 3026 4784 Δεσπότου
3069 4731 3319 4802 δεήθητι,
3367 4734 3440 4804 μὴ
3471 4733 3738 4804 ἐκκόψαι,

2399 4848 2416 4877 ί
2450 4847 2490 4900 ll
2537 4848 2677 4900 Tim.
2703 4863 2778 4912 tv,
2819 4845 2874 4898 2.
2980 4845 3216 4900 ’Matth.
3257 4861 3335 4912 ιι,
3373 4847 3459 4903 9.9.

3575 4848 3595 4880 ³
3620 4850 3726 4905 lsa.

2155 5039 2442 5094 συμφέρει.

2467 5111 2790 5181 ἀπογνούς.
2839 5115 2970 5171 Tres
3021 5117 3214 5190 chg.,
3261 5131 3312 5174 et
3347 5122 3497 5179 Orat.
3530 5125 3581 5191 1,
3628 5123 3728 5176 καὶ

2154 5178 2436 5246 ἀπογνους.
3685 5205 3693 5214 ’

2788 5251 3127 5332 chiushbm.
3162 5258 3216 5312 lu
3247 5261 3356 5332 ed.,
3390 5262 3462 5332 μὴ
3485 5263 3579 5326 ὡς.

2190 5317 2429 5441 ig)?ng
2451 5319 2627 5374 ἄλλο.
2681 5323 2772 5375 Sic
2824 5317 2934 5377 tres
2987 5327 3174 5398 liegg.,
3213 5317 3402 5385 et
3528 5317 3582 5387 Ιίι
3609 5333 3722 5401 ed.,

2155 5405 2478 5539 ειᾶλῦοίζαί
2507 5460 2680 5539 ῖτρίνη
2735 5461 2934 5528 αὑτός·
2991 5467 3081 5520 Sic
3125 5467 3300 5537 plures
3327 5473 3484 5528 codd.
3527 5471 3582 5527 In
3609 5471 3730 5539 ed...

2157 5529 2312 5598 κρίνῃ
2335 5529 2427 5581 καὶ
2462 5529 2641 5592 αὐτὸς.

2230 5599 2341 5680 σε)
2372 5601 2779 5682 ΙΙροςλισμαν-ξῖ
2811 5621 2883 5659 τι.
2916 5604 3030 5658 Duo
3063 5609 3252 5680 Regg.,
3289 5610 3440 5668 Orat.
3481 5613 3549 5678 1,
3588 5619 3729 5678 etc..,

2160 5684 2636 5738 προσλυμανειται.

2229 5737 2339 5809 (75)
2370 5738 2624 5794 Κανόνα.
2668 5742 2801 5814 Reg.
2844 5747 2952 5816 bm,
2978 5747 3225 5812 κανόνας.
