4010 6316
299 367 416 426 209

993 372 1254 430 ORATIO
1295 373 1512 432 XXXII.
1554 407 1623 417 --
1661 373 1750 430 DE
1787 366 2293 432 MODERATIONE
2333 376 2399 432 IN
2439 375 2892 433 DISPUTANDO.

3483 371 3591 427 210

309 495 452 568 μηδὲ
501 496 735 566 μισῆσαι
782 495 882 568 τὴν
941 497 1190 572 ἄκαρπον
1242 501 1416 572 συκῆν
1477 501 1570 555 καὶ
1627 503 1906 570 ἀνόνητον,

2018 502 2246 571 nignum
2307 502 2456 555 illum
2501 513 2556 556 et
2611 503 2952 556 humanitate
2991 497 3269 566 praeditum
3299 493 3589 562 agricolam

303 589 803 660 ἀλλ’ὲπιστρέψαι,
848 591 944 643 καὶ
995 591 1354 663 θεραπεῦσαι,
1390 595 1484 648 καὶ
1530 596 1644 665 (74)
1687 595 1908 666 περιϐα-

305 679 420 732 λεῖν
455 680 682 750 κόπρια,
731 681 832 752 τὴν
862 681 930 733 δι’
975 680 1404 754 ἐξαγορεύσεως,
1448 683 1544 737 καὶ
1586 683 1686 756 τῆς
1727 686 1805 748 είς
1846 685 1908 738 τὸ

307 774 546 842 φανερὸν
579 773 867 842 αἰσχύνης,
898 774 993 827 καὶ
1022 766 1354 846 ἀτιμοτέρας
1401 777 1646 846 ἀγωγῆς,
1676 777 1907 847 ἐπανόρ-

307 863 475 916 θωσιν
509 863 648 934 (75).
692 866 788 927 Τίς
823 861 988 928 οἶδεν,
1021 868 1070 918 εί
1118 868 1443 937 μεταϐαλεῖ,
1483 869 1579 920 καὶ
1628 885 1908 940 καρποφο-

309 957 490 1026 ρήσει,
517 956 613 1010 καὶ
648 956 841 1029 θρέψει
866 959 957 1011 τὸν
997 960 1204 1031 Ἰησοῦν
1237 962 1346 1014 ἀπὸ
1383 961 1656 1032 Βηθανίας
1685 965 1933 1036 ἐπανερο.

305 1048 542 1118 κάμενον
561 1066 576 1113 ;

377 1316 505 1370 AA'.
554 1316 786 1385 Ἐνεγκέ
823 1333 875 1369 τι
908 1317 1006 1387 τῆς
1038 1316 1129 1370 τοῦ
1160 1318 1394 1388 ἀδελφοῦ
1422 1318 1706 1384 δυσωδίας,
1749 1320 1781 1392 ἦ
1815 1317 1905 1372 ού-

310 1427 436 1480 σης,
479 1410 512 1479 ἦ
553 1408 855 1480 δοκούσης,
904 1411 932 1462 ὁ
978 1408 1058 1479 τῷ
1111 1410 1465 1481 πνευματικῴ
1507 1411 1662 1482 μύρῳ
1707 1429 1903 1480 συγκε-

305 1503 639 1574 χρισμένος,
691 1503 768 1572 τῷ
830 1503 1227 1575 συντεθειμένῳ
1268 1504 1432 1576 τέχνῃ
1464 1506 1768 1577 μυρεψικῇ,
1819 1507 1905 1559 ἵνα

307 1594 562 1665 μεταδῴς
595 1594 774 1665 τούτῳ
814 1595 912 1664 τῆς
950 1595 1050 1665 σῆς
1078 1596 1328 1660 εὐωδίας,
1360 1598 1471 1649 Οὐκ
1511 1597 1656 1650 ἔστιν
1690 1597 1906 1668 ἐχίδνης

308 1688 388 1750 ἰὸς
420 1687 535 1756 (76)
574 1688 608 1758 ἡ
644 1687 830 1750 κακία,
862 1687 928 1739 ἵν’
971 1687 1105 1757 ὁμοῦ
1149 1687 1228 1758 τῷ
1261 1689 1536 1759 πληγῆναι
1569 1688 1903 1760 περιδληθῇς

305 1778 602 1849 ὀδύναις,ἢ
641 1780 736 1832 καὶ
764 1779 1090 1850 διαφθαρῇς,
1125 1781 1217 1834 κα)¹
1254 1780 1341 1835 διὰ
1384 1781 1540 1835 τοῦτο
1641 1800 1722 1835 σοι
1773 1799 1904 1850 συγ-

2013 591 2248 654 imitare,
2299 606 2421 644 cum
2477 592 2706 646 Domino
2754 591 2928 644 adhuc
2971 603 3092 654 age,
3136 603 3204 639 ne
3250 583 3488 638 inutilem
3535 593 3590 636 et

2010 679 2403 736 infructuosam
2437 681 2597 734 ﬁcum
2626 680 2949 734 exsciudat‘
2989 689 3151 748 atque
3201 679 3324 731 odio
3371 677 3588 738 habeat,

2010 787 2196 824 verum
2248 771 2499 826 emendet
2537 780 2590 824 et
2631 779 2807 834 curet,
2858 785 2920 824 ac
2966 780 3175 822 Stercus
3219 765 3442 832 injiciat,
3490 766 3592 818 hoc

2008 872 2110 927 est,
2157 879 2276 917 eam
2325 861 2742 926 correctionem,
2789 875 2906 929 qum
2950 874 3046 929 per
3083 857 3476 912 confessionem
3526 869 3590 906 ac

2009 955 2279 1026 publicam
2352 954 2744 1024 ignominiam,
2810 953 3364 1020 contemptioremque
3413 949 3590 1001 victus

2009 1047 2280 1102 rationem
2311 1046 2562 1102 cﬁicitur.
2595 1049 2728 1114 Quis
2764 1045 2890 1106 scit,
2929 1059 2994 1095 an
3038 1042 3350 1104 mulabitttr,
3386 1055 3448 1093 ac
3478 1039 3590 1092 fru-

2007 1149 2156 1192 ctum
2185 1137 2342 1202 feret,
2389 1138 2556 1209 600
2590 1139 2885 1206 Jesutnque
2918 1153 2944 1188 a
2974 1133 3234 1188 Bethania
3274 1134 3585 1185 redeuntem

2009 1231 2230 1301 pascet?

2082 1322 2272 1376 XXXI.
2317 1323 2419 1384 Tu,
2449 1324 2539 1392 qui
2586 1323 2853 1392 spirituali
2895 1323 2986 1375 illo
3026 1330 3301 1390 unguento
3336 1328 3452 1370 arte
3486 1335 3590 1370 uu-

2007 1417 2288 1485 gucntaria
2336 1417 2588 1470 confecto
2641 1417 2912 1471 delibutus
2965 1429 3068 1475 es,
3124 1411 3346 1465 fraterni
3400 1410 3590 1464 l‘etoris

2008 1509 2252 1562 nonnihil
2303 1510 2500 1578 perfer,
2558 1510 2672 1563 sive
2721 1522 2879 1562 verus
2923 1507 2993 1560 sit
3039 1505 3179 1559 fetor
3223 1503 3330 1565 ille,
3375 1503 3487 1555 sive
3517 1503 3588 1553 ita

2011 1602 2102 1668 tibi
2137 1601 2422 1655 videatur:
2455 1610 2513 1652 ut
2557 1588 2670 1670 ipse
2726 1599 2963 1653 \icissim
3008 1598 3131 1652 boni
3175 1598 3248 1649 tui
3293 1596 3474 1653 odoris
3515 1594 3598 1647 illi.

2011 1693 2219 1761 aliquid
2253 1693 2614 1762 itupertiaris.
2660 1691 2870 1761 Vipcrze
2901 1693 3049 1745 virus
3081 1706 3186 1744 non
3221 1699 3303 1743 est
3333 1689 3587 1756 impr-ont-

2012 1794 2114 1848 tas,
2151 1793 2208 1838 ut
2249 1783 2412 1838 simul
2457 1794 2620 1854 atque
2662 1785 2802 1838 ictus
2848 1782 3037 1848 fueris,
3071 1781 3346 1834 doloribus
3379 1780 3591 1833 crucie-

304 1869 504 1940 γνώμη
568 1870 824 1940 φεύγοντι
875 1871 986 1944 (77)
1034 1873 1095 1925 τὸ
1149 1872 1360 1943 θηρίον,
1409 1875 1440 1946 ἢ
1501 1875 1902 1928 ἀποκτείναντι.

2017 1875 2118 1938 ris,
2173 1884 2266 1928 aut
2315 1875 2477 1930 etiam
2528 1877 2782 1940 intereas,
2831 1876 2899 1930 ob
2942 1888 3168 1942 eamque
3210 1887 3426 1926 Causam
3472 1870 3589 1936 ιιΙιὶ,

319 1961 464 2012 Ἀλλ’
489 1962 540 2013 εἰ
573 1962 676 2032 μὲν
712 1957 760 2014 εἷ
799 1963 1042 2027 δυνατὸς,
1075 1964 1330 2019 κάκεῖνον
1373 1965 1740 2036 θεράπευσον·
1773 1969 1820 2019 εί
1849 1968 1904 2020 δὲ

309 2051 412 2123 μὴ,
443 2053 503 2106 τό
535 2069 601 2120 γε
650 2053 895 2122 ἀσφαλὲς
945 2053 1110 2125 ἔχεις,
1157 2057 1214 2108 ὲν
1246 2055 1324 2125 τῷ
1371 2056 1535 2126 μηδὲν
1588 2057 1751 2120 αὐτὸς
1794 2057 1903 2128 (78)

305 2146 412 2214 τῆς
450 2145 760 2216 μοχθηρίας
809 2147 1156 2216 μεταλαϐεῖν.
1199 2148 1370 2218 Ὀσμή
1422 2149 1507 2212 τίς
1547 2150 1695 2201 ἐστιν
1737 2149 1908 2220 ἀηδὴς

295 2237 368 2296 ,τὸ
399 2237 613 2292 ἐκείνου
647 2238 840 2306 πάθος,
864 2239 932 2310 ἣν
969 2240 1231 2293 ἁπελάσει
1275 2241 1436 2310 τυχὸν
1477 2241 1537 2294 τὸ
1578 2241 1670 2296 σὺν
1708 2225 1906 2304 εὐῶδες

307 2329 714 2401 ὑπερνικῆσαν.
760 2331 911 2402 Ταχὺ
953 2330 1020 2384 ἂν
1059 2331 1225 2398 ἐδέξω
1257 2350 1308 2385 τι
1343 2332 1582 2386 τοιοῦτον
1627 2333 1770 2404 ὑπὲρ
1811 2331 1905 2384 τοῦ

303 2420 608 2492 ὁμοδούλου
639 2424 734 2475 καὶ
781 2423 1100 2492 συγγενοῦς,
1145 2419 1256 2477 οἷον
1296 2424 1509 2486 Παῦλος
1552 2426 1580 2476 ὁ
1622 2425 1903 2496 ζηλωτὴς,

305 2513 408 2570 καὶ
445 2513 828 2586 διανοηθῆναι,
873 2517 966 2569 καὶ
1012 2518 1186 2570 εἰπεῖν
1231 2517 1550 2587 ἐτόλμησεν,
1599 2517 1814 2582 ἑαυτοῦ,
1858 2519 1906 2569 εί

302 2600 423 2656 οἶόν
449 2621 532 2666 τε,
559 2604 652 2656 τὸν
711 2603 927 2676 Ἰσραὴλ
960 2606 1384 2676 ἁντεισαχθῆναι
1437 2607 1680 2677 Χριστῷ,
1716 2606 1803 2658 διά
1846 2606 1908 2658 τὸ

308 2692 600 2762 συμπαθές
623 2709 635 2722 ·
669 2693 728 2757 ὃς
767 2710 831 2762 γε
871 2694 966 2746 καὶ
997 2694 1056 2760 ἐξ
1102 2695 1358 2757 ὑπονοίας
1407 2695 1669 2758 πολλάκις
1717 2697 1902 2768 μόνης,

306 2785 641 2856 ἀποτέμνεις
685 2785 774 2838 τὸν
804 2785 1055 2855 ἀδελφόν.
1087 2789 1184 2841 Ὃν
1217 2786 1346 2850 ἴσως
1387 2787 1681 2859 ὲκέρδανας
1728 2789 1793 2841 ἂν
1839 2791 1906 2862 τῇ

291 2879 672 2960 Mirm,
699 2879 888 2934 τοῦτον
919 2879 1210 2944 ἀπολλύεις
1247 2881 1358 2951 (79)
1387 2884 1452 2953 τῇ
1490 2881 1816 2953 θρασύτητι,
1847 2883 1908 2936 τὸ

308 2973 408 3024 σὸν
444 2971 633 3042 μέλος,
660 2973 801 3044 ὑπὲρ
832 2964 894 3026 οὗ
927 2973 1163 3042 Χριστὸς
1192 2972 1484 3028 ἀπέθανεν.
1511 2973 1574 3025 Et
1603 2973 1782 3026 τοίνυν
1816 2973 1909 3026 κα)⁹

309 3063 540 3133 ἰσχυρὸς
573 3057 643 3127 εἷ,
684 3063 852 3134 φησιν
884 3065 912 3114 ὁ
944 3061 1157 3126 Παῦλος
1207 3064 1335 3132 περὶ
1385 3061 1687 3135 βρωμάτων
1731 3063 1908 3116 διαλε-

306 3157 570 3226 γόμενος,
607 3156 702 3209 καὶ
733 3155 958 3227 θαρρεῖς
995 3155 1073 3226 τῷ
1105 3155 1250 3226 λόγῳ
1293 3158 1386 3209 καὶ
1427 3155 1504 3226 τῷ
1537 3155 1769 3228 γενναίῳ
1809 3157 1908 3228 τῆς

311 3249 576 3312 πίστεως,
620 3247 757 3301 ἀλλὰ
793 3247 1005 3300 καὶτὸν
1035 3247 1260 3316 ἀδελφὸν
1297 3245 1671 3318 οἰκοδόμησον.
1708 3249 1799 3319 Μὴ
1829 3247 1908 3318 τῷ

317 3340 576 3412 βρώματί
617 3358 712 3394 σου
765 3341 998 3394 κατάλυε
1048 3341 1140 3393 τὸν
1187 3340 1291 3392 ὑπὸ
1340 3339 1578 3410 Χριστοῦ
1609 3340 1687 3410 τῷ
1744 3341 1908 3412 κοινῷ

316 3433 488 3487 πάθει
526 3433 913 3504 τετιμημένον.
941 3433 1054 3487 Καὶ
1093 3434 1199 3504 γάρ
1234 3435 1282 3486 εί
1314 3433 1374 3484 τὸ
1416 3435 1649 3503 πρᾶγμα
1700 3433 1905 3504 ἕτερον,

313 3525 434 3579 ἀλλ’
474 3526 502 3577 ὅ
556 3542 621 3593 γε
676 3526 775 3595 τῆς
842 3525 1218 3596 παραινέσεως
1262 3524 1420 3592 λόγος
1457 3523 1658 3600 ὁμοίως
1711 3527 1907 3598 χρήσιε-

317 3635 442 3689 μοςο

2011 1966 2236 2018 bestiam
2293 1965 2543 2034 fugienti,
2582 1965 2662 2019 vel
2701 1964 3058 2028 iuterimenti,
3089 1963 3241 2018 venia
3284 1971 3468 2032 parata
3497 1963 3586 2016 sit.

2013 2057 2233 2118 Verum,
2283 2059 2326 2113 si
2381 2059 2597 2128 quidem
2643 2075 2671 2113 a
2717 2069 2768 2113 te
2815 2059 2933 2112 ﬁeri
2979 2068 3174 2129 potest,
3221 2074 3341 2112 eum
3379 2072 3592 2127 quoque

2015 2148 2200 2202 morbo
2235 2149 2430 2213 libera;
2481 2151 2563 2204 sin
2622 2153 2823 2212 minus,
2864 2152 2978 2220 ipse
3019 2161 3166 2204 certe
3193 2151 3261 2204 ita
3289 2151 3503 2204 dcumm
3538 2149 3591 2202 in

2013 2246 2128 2292 tuto
2160 2239 2486 2304 versaberis,
2533 2241 2577 2294 si
2624 2241 2992 2307 improbitatis
3026 2239 3170 2294 illius
3198 2241 3470 2309 particeps
3499 2258 3592 2294 ne-

2011 2345 2280 2400 quaquam
2326 2330 2500 2386 factus
2562 2332 2746 2386 l'ueris.
2792 2331 3035 2386 Iusuavis
3082 2332 3299 2400 quidam
3337 2333 3470 2385 odor
3510 2341 3594 2386 est.

2013 2423 2158 2477 illius
2209 2426 2453 2487 merbus,
2502 2439 2662 2492 quem
2709 2427 2938 2479 fortasse
2969 2425 3260 2494 fragrantia
3294 2435 3380 2478 tua
3413 2426 3593 2478 vincet

2013 2525 2176 2584 atque
2211 2515 2465 2584 depellet.
2503 2515 2761 2570 Libenter
2799 2517 3006 2571 scilicet
3043 2530 3104 2569 ac
3136 2523 3378 2585 prompte
3409 2515 3594 2584 hujus-

2013 2608 2158 2661 tnodi
2206 2609 2462 2677 quiddam
2513 2609 2760 2662 conservi
2797 2616 2851 2662 et
2878 2609 3094 2677 cognati
3129 2609 3203 2662 tui
3229 2623 3390 2662 causa
3418 2607 3592 2661 susci-

2012 2715 2187 2769 peres,
2219 2701 2374 2768 quale
2401 2699 2601 2754 Paulus
2627 2700 2712 2754 ille
2740 2701 2856 2754 zelo
2884 2711 2934 2754 et
2963 2699 3307 2753 aemulatione
3336 2697 3588 2766 ﬂagrans,

2012 2811 2122 2866 pra:
2157 2797 2656 2859 commiseratione,
2693 2812 2798 2849 nou
2825 2797 2983 2848 tuudo
3013 2796 3274 2863 cogitare,
3309 2793 3401 2846 sed
3432 2791 3591 2846 etiam
3651 2845 3664 2850 ,

2011 2888 2193 2942 dicere
2218 2902 2383 2940 ausus
2409 2899 2528 2952 est;
2562 2887 2819 2940 nimirum
2847 2898 2925 2950 ut,
2957 2888 2998 2939 si
3025 2886 3139 2939 ﬁeri
3168 2891 3373 2954 posset,
3405 2883 3590 2948 Israel,

2012 2981 2064 3034 in
2099 2980 2266 3049 ipsius
2289 2980 2466 3034 locum
2497 2979 2848 3048 subregulus,
2881 2979 2946 3032 ad
2971 2977 3248 3032 Christum
3281 2977 3592 3032 introduce-

2013 3081 2162 3126 retur
2209 3072 2252 3138 ⁵;
2317 3087 2437 3126 cum
2493 3072 2606 3126 sola
2662 3071 2974 3139 plerumque
3029 3069 3332 3137 suspicione
3379 3069 3594 3135 ductus,

1935 3195 1977 3254 ο
2014 3161 2238 3218 fratrem
2267 3162 2620 3232 pra'scindas.
2648 3161 2819 3228 Quem
2853 3161 3086 3215 fortasse
3119 3159 3318 3212 lucrari
3351 3160 3596 3230 benigni—

2019 3264 2129 3308 tate
2188 3256 2479 3324 potuisses,
2535 3270 2660 3307 eunt
2725 3254 2952 3306 audacia
3001 3262 3088 3304 tua
3136 3252 3379 3320 periuris,
3427 3268 3596 3305 tuem-

2016 3348 2174 3400 brum
2244 3356 2413 3409 tuum,
2467 3361 2562 3414 pro
2616 3361 2723 3414 quo
2767 3345 3012 3398 Christus
3049 3352 3274 3395 mortem
3308 3342 3588 3412 oppetiit“.

2014 3437 2269 3501 Proinde,
2294 3439 2336 3491 si
2365 3439 2548 3490 ﬁrmus
2577 3453 2641 3491 ac
2672 3437 2924 3491 robustus
2953 3427 3124 3500 cs,ait
3150 3433 3349 3486 Paulus
3374 3435 3436 3487 de
3460 3435 3595 3487 cibis

2019 3529 2359 3592 disserens",
2407 3541 2567 3598 atque
2611 3532 2680 3582 ob
2717 3528 3044 3582 doctrinam.
3075 3526 3306 3594 ﬁdeique
3360 3524 3597 3578 ﬁrmita-

2014 3629 2116 3674 tem
2165 3620 2389 3674 conﬁdis
2430 3640 2442 3674 :
2477 3622 2695 3673 l'ratrem
2749 3633 2962 3686 quoque
3017 3631 3071 3670 ιιι
3128 3614 3382 3680 aediﬁces,
3443 3629 3590 3667 cura.

315 3713 439 3767 Noli
468 3713 593 3768 cibo
622 3723 714 3770 tuo
757 3731 905 3780 eum,
961 3729 1120 3783 quem
1176 3712 1428 3768 Christus
1509 3715 1784 3769 communi
1848 3717 2102 3784 passione
2156 3717 2483 3784 honestavit,
2535 3725 2800 3771 evertere.
2862 3715 2973 3771 Etsi
3023 3700 3164 3771 enim
3237 3729 3321 3767 res
3382 3711 3592 3766 diversa

313 3818 426 3870 est,
471 3807 685 3860 consilii
721 3817 898 3861 tamen
937 3806 1426 3876 adtnouitionisque
1469 3811 1604 3861 ratio
1635 3824 1887 3878 peraeque
1929 3810 2075 3864 utilis
2101 3819 2201 3865 est.

389 3898 510 3951 AB’.
554 3897 709 3968 Χρῆν
750 3896 859 3968 (80)
897 3895 955 3948 δὲ
987 3897 1079 3950 καὶ
1122 3897 1286 3967 νόμον
1334 3897 1546 3950 κεῖσθαι
1597 3899 1726 3970 παρ’
1755 3901 1910 3972 ἡμῖν,
1959 3917 1964 3922 ·

312 3989 575 4059 καθάπερ
606 3989 722 4050 τοῖς
753 3987 921 4041 πάλαι
953 3990 1138 4056 σοφοῖς
1174 3987 1462 4060 Ἑϐραίων,
1510 3988 1656 4042 ἔστιν
1703 3990 1767 4054 ἃς
1804 3991 1912 4045 τῶν

318 4083 364 4135 ιε
376 4081 484 4151 ρῶν
533 4079 734 4150 βίϐλων
765 4079 838 4151 μὴ
873 4079 1118 4133 ἀνεῖσθαι
1148 4082 1262 4144 τοῖς
1289 4081 1450 4147 νέοις,
1489 4081 1566 4145 ὡς
1598 4081 1659 4134 οὐ
1693 4081 1911 4136 λυσιτε-

312 4172 520 4234 led-sa;
571 4174 694 4234 ταῖς
739 4170 1091 4243 ἀστηρίκτοις
1131 4170 1208 4225 ἔτι
1257 4173 1353 4226 καὶ
1388 4173 1773 4244 ἀπαλωτέραις
1807 4175 1910 4244 ψυ-

317 4269 474 4340 χαῖς·
506 4265 654 4318 οὕτω
687 4265 784 4318 καὶ
816 4265 949 4337 μηδὲ
977 4266 1142 4319 παντὶ
1170 4264 1306 4335 (81),
1345 4265 1479 4336 μηδὲ
1511 4267 1762 4330 πάντοτε,
1795 4267 1909 4320 ἀλλ’

317 4359 472 4413 ἐστιν
501 4360 614 4419 ὅτε,
665 4358 760 4410 καὶ
800 4352 900 4420 οἷς,
940 4357 1029 4411 τὸν
1065 4359 1194 4428 περ).
1239 4357 1474 4420 πίστεως
1514 4358 1907 4429 συγχωρεῖσθαι

319 4449 505 4516 λόγον,
546 4451 661 4512 τοῖς
697 4449 772 4519 μὴ
825 4447 1103 4511 παντελῶς
1152 4446 1436 4518 ὀλιγώροις
1469 4447 1581 4518 (8‘2)
1614 4448 1776 4517 λέγω,
1823 4462 1916 4502 κα;

2092 3899 2310 3956 XXXII.
2378 3901 2458 3955 Ac
2512 3899 2756 3969 profecto
2812 3899 2983 3968 legem
3040 3913 3251 3968 quoque
3301 3897 3443 3964 apud
3500 3899 3597 3950 nos

2019 3995 2370 4050 conStitotam
2397 4008 2519 4047 esse
2546 3991 2855 4062 Oportebat,
2893 4007 3012 4060 qua:
3035 3990 3272 4056 juberet,
3307 3999 3384 4052 ut,
3419 4003 3598 4057 quem-

2021 4084 2310 4138 admodum
2355 4082 2484 4136 olitu
2518 4083 2660 4151 apud
2708 4082 2984 4151 sapientes
3016 4079 3286 4142 Ilebra‘os,
3318 4093 3349 4133 a
3381 4079 3600 4150 quibus-

2023 4175 2145 4229 dam
2175 4173 2474 4243 Seriptura:
2505 4190 2678 4230 sacra:
2718 4173 2871 4228 libris
2895 4172 3119 4240 juvenes
3143 4172 3490 4234 arcebantur,
3523 4179 3602 4223 ut-

2022 4274 2146 4335 pote
2195 4267 2556 4323 tenerioribus
2603 4267 2780 4322 adhuc
2825 4266 3152 4332 minimeque
3197 4263 3365 4316 ﬁrmis
3404 4261 3601 4316 animis

2024 4355 2443 4426 haudquaquam
2503 4357 2836 4427 profuturis;
2893 4355 3082 4410 eodem
3140 4368 3352 4423 quoque
3415 4356 3594 4416 modo,

2028 4463 2134 4500 non
2159 4449 2510 4516 quibuslibet,
2538 4464 2636 4502 nec
2669 4463 2906 4516 semper,
2935 4449 3029 4502 sed
3057 4459 3206 4501 certo
3241 4456 3508 4515 tempore,
3535 4463 3601 4501 ac

320 4541 555 4612 νωθροῖς
589 4542 688 4612 τὴν
713 4540 971 4605 διάνοιαν,
1003 4541 1037 4613 ἢ
1068 4543 1181 4605 τοῖς
1213 4539 1288 4610 μὴ
1318 4539 1436 4594 λίαν
1465 4539 1782 4610 ἀπλήστοις,
1825 4541 1911 4596 καὶ

2022 4542 2188 4594 certis
2223 4541 2554 4606 hominibus,
2583 4542 2648 4595 de
2677 4541 2781 4595 ﬁde
2809 4539 3116 4609 disputandi
3152 4550 3391 4608 potestas
3423 4540 3597 4604 ﬁeret,

323 4633 637 4704 φιλοτίμοις
673 4633 818 4702 (85),
871 4633 965 4686 καὶ
1018 4631 1369 4704 θερμοτέροις
1417 4631 1509 4686 τοῦ
1575 4631 1788 4696 δέοντος
1835 4635 1914 4696 εἰς

322 4721 642 4783 εὐσέϐειαν·
693 4723 788 4774 καὶ
838 4722 966 4785 τοὺς
1007 4722 1105 4792 μὲν
1144 4723 1358 4775 τάττειν
1393 4720 1647 4786 ἐνταῦθα,
1680 4717 1741 4776 οὗ
1778 4723 1914 4794 μήτε

869 4855 890 4886 ³
915 4853 1072 4910 Rern.
1101 4871 1178 4921 rx,
1199 4855 1254 4912 5.
1330 4856 1350 4887 ⁸
1375 4855 1394 4910 I
1419 4855 1542 4911 Cor.
1570 4873 1689 4923 vm,
1720 4857 1808 4912 42.

393 4861 416 4887 δ
435 4857 570 4912 Luc.
591 4871 714 4921 xm,
738 4854 790 4909 8.

405 5015 518 5086 (74)
549 5016 956 5086 Ἑπιστρέψαι,
981 5017 1078 5072 καὶ
1109 5017 1495 5087 θεραπεῦσαι,
1528 5018 1648 5079 καί,
1687 5025 1791 5070 etc.
1827 5016 1917 5069 Sic

329 5085 469 5160 neg.
500 5085 620 5160 but,
661 5097 716 5141 et
737 5085 845 5160 _Ur.
874 5089 926 5141 I.
951 5087 1022 5160 In
1063 5085 1183 5147 ed.,
1199 5087 1548 5160 ἐπιστρέψαι,
1574 5089 1667 5141 καὶ
1688 5089 1916 5158 περιϐα-

326 5157 696 5230 λεῖνκόπρια,
732 5157 1068 5230 θεραπεῦσαι
1096 5160 1216 5230 τήν,
1248 5170 1353 5213 etc.

405 5228 518 5298 (75)
549 5227 1120 5300 Ἐπαιοόρθωσινῶἰε
1147 5227 1279 5300 Ileg.
1304 5230 1414 5293 htn,
1441 5229 1604 5284 Coisl.
1629 5227 1647 5281 I
1670 5229 1910 5294 e12,etc.

331 5297 389 5352 In
414 5301 497 5350 ed.
511 5338 525 5362 ,
557 5298 960 5367 ὲπανὸρθωσον.

406 5368 520 5438 (76)
559 5368 838 5436 Ἐχίδνης
875 5373 994 5436 Ιός,
1021 5379 1126 5425 etc.
1176 5389 1193 5422 ι
1227 5367 1438 5438 Vipcrte
1497 5370 1644 5422 virus
1681 5385 1784 5423 non
1839 5379 1921 5423 est

334 5439 680 5506 improbitas.
710 5459 728 5488 t
759 5441 894 5495 Ilinc
916 5442 1093 5495 Elius:
1135 5460 1152 5492 ι
1196 5440 1386 5495 Frater
1412 5452 1533 5495 tuus
1560 5455 1664 5494 non
1698 5451 1779 5494 est
1806 5440 1923 5494 bel-

336 5511 753 5581 luarvjeucnosa,
782 5522 839 5564 ut
868 5527 978 5581 pne
1015 5520 1185 5575 metu,
1215 5527 1283 5565 ne
1315 5513 1440 5580 quid
1477 5511 1600 5562 IltaII
1638 5511 1728 5564 tibi
1758 5513 1824 5564 ab
1857 5527 1922 5565 eo

337 5579 588 5651 accidat,
631 5580 717 5634 vel
753 5579 1039 5651 fugiendus
1079 5587 1183 5647 sit,
1237 5579 1342 5634 vel
1369 5581 1727 5646 occidendus,
1780 5583 1921 5651 quod

337 5659 484 5704 certe
517 5649 704 5722 ﬁeret,
735 5652 781 5707 si
813 5649 934 5706 eum
962 5669 992 5708 a
1019 5654 1240 5722 pietate,
1269 5662 1361 5706 aut
1392 5655 1458 5706 ab
1487 5651 1750 5716 Ecclesia,
1799 5649 1922 5705 tan-

338 5734 501 5788 quam
529 5719 765 5774 alienum
798 5719 1140 5783 exclude—res.
1161 5743 1176 5772 ι

405 5790 516 5874 (77)
544 5791 851 5861 φεύγοντι.
897 5793 1086 5851 I’lures
1120 5794 1302 5857 codd,
1351 5792 1605 5863 φεύγοντι
1646 5792 1738 5846 καὶ
1784 5792 1920 5850 ἁπο-

337 5875 626 5916 κτειναντι.

2025 4631 2091 4686 iis
2123 4631 2404 4697 nimirum,
2439 4635 2528 4703 qui
2570 4649 2667 4688 nec
2702 4632 2922 4700 ingenio
2957 4641 3085 4685 sunt
3118 4631 3340 4686 omnino
3370 4632 3520 4701 segni
3545 4641 3601 4686 et

2027 4723 2252 4792 ignavo;
2305 4718 2419 4780 'nec
2466 4739 2682 4779 rursum
2733 4725 2822 4790 iis,
2870 4728 2962 4795 qui
3014 4723 3322 4795 inexplebili
3360 4725 3595 4795 quadam

1883 4857 1902 4888 ⁷
1931 4856 2087 4912 Rom.
2119 4871 2228 4921 xiv,
2266 4857 2350 4914 I5.

2027 5095 2040 5122 Ι
2099 5023 2211 5122 (78)
2239 5021 2452 5122 Αιϋῖλός.
2482 5017 2570 5071 Sic
2610 5027 2718 5070 tres
2742 5016 2931 5086 Itegg.,
2973 5015 3137 5074 Coisl.
3172 5016 3222 5081 I,
3245 5015 3459 5077 Comb.,
3491 5022 3597 5070 etc.

2027 5095 2040 5122 ι
2108 5091 2116 5096 -
2291 5095 2303 5110 .

2026 5091 2618 5248 ἷιῗ(.7θ)’;ἳξιὲἷίλύεις.
2659 5156 2804 5211 Unus
2826 5156 2983 5228 Ileg.,
3026 5168 3079 5214 cl
3102 5160 3206 5214 duo
3239 5155 3600 5221 Collinam}-

2022 5235 2213 5378 λυῖἒςο)
2247 5303 2435 5378 Χρῆιῖτ
2481 5302 2570 5356 δίει
2607 5301 2788 5369 Mures
2810 5298 3014 5378 .“vssu
3051 5312 3107 5378 sl
3137 5299 3312 5378 Colan
3350 5297 3516 5378 C‘-"?'-
3539 5297 3601 5378 θ’

2030 5388 2085 5431 et
2113 5371 2208 5432 Or.
2236 5371 2505 5429 Liliillius
2537 5383 2714 5424 autem
2755 5371 2821 5422 ad
2842 5387 3012 5438 marg.
3047 5373 3167 5424 Bas.
3198 5371 3327 5424 edit.
3360 5371 3600 5436 scripsit,

2032 5450 2251 5520 χρῆναι,
2293 5445 2435 5520 quod
2460 5452 2686 5520 secutus
2705 5451 2788 5493 est
2816 5439 3085 5520 Metellus.
3121 5441 3244 5520 Par:
3267 5441 3352 5494 ed.
3439 5509 3472 5520 η
3515 5508 3527 5520 ⁸

2099 5506 2209 5589 (81)
2240 5506 2407 5569 Οὕτω
2429 5509 2694 5589 κμὶμηδέ
2719 5510 3050 5589 παντίῷἰιὶ
3065 5523 3171 5589 tres
3201 5509 3388 5589 Iieggz,
3435 5506 3600 5564 Coisl.

2029 5591 2084 5652 I,
2105 5579 2208 5644 ‘Or'.
2241 5591 2292 5643 1.
2323 5595 2428 5639 etc.
2461 5579 2630 5637 Prave
2655 5583 2716 5652 in
2743 5584 2854 5647 ed.,
2896 5581 3062 5652 01'),th)
3097 5580 3182 5652 μὴ
3210 5579 3386 5634 παντί.

2061 5649 2600 5742 .’¹(82)·Ὀλινώροις.
2637 5651 2848 5717 Gloss.,
2896 5649 3335 5722 ἀσθενεστέροις,
3375 5668 3394 5702 ι
3428 5649 3603 5708 ituhe.

2027 5727 2341 5787 cilliot'ibtts.
2374 5744 2392 5776 ι

2099 5800 2210 5871 (85)
2249 5797 2603 5868 Φιλοτίμοις.
2642 5794 2843 5863 Gloss,
2868 5795 2984 5864 ἦτοι
3015 5792 3325 5863 φιλοδόξοις.
