4010 6316
504 349 610 411 9Ιὸ

1703 347 1763 404 S.
1805 344 2131 402 GREGORII
2172 345 2516 402 THEULOGI

505 463 801 518 Ecclesiam
857 460 1199 514 multitudine
1249 458 1535 522 definiunt,
1587 475 1646 513 ac
1679 475 1903 528 parvum
1937 477 2060 530 gre-

2184 462 2498 532 Ἐκκλησίαν
2535 462 2609 533 (5)
2647 463 2934 532 ὁρίζοντες,
2979 460 3156 514 καὶτὸ
3191 459 3362 528 βραχὺ
3389 458 3751 523 διαπτύοντες

505 569 624 620 gem
663 550 1055 620 aspernantur?
1084 548 1183 615 Qui
1211 556 1266 602 et
1300 547 1632 602 divinitatem
1669 549 1981 613 metiuntur,
2011 558 2067 604 et

507 643 758 712 pupulum
795 640 1026 696 velutad
1061 640 1271 694 lancem
1320 638 1674 708 appendunt?
1709 639 1809 706 Qui
1842 654 2064 694 arenam

513 739 563 789 in
596 737 766 806 pretio
801 733 1020 795 habent,
1054 740 1107 786 et
1138 731 1322 785 mundi
1356 731 1554 784 lumina
1586 730 1930 785 contumeliis
1962 731 2069 784 alli-

501 826 699 881 ciunt?
730 826 829 891 Qui
880 823 1114 890 denique
1163 823 1366 892 lapides
1412 830 1694 892 aggerum,
1740 834 1794 876 et
1825 838 2068 893 gemmas

503 913 896 971 contemnunt?
925 912 1039 966 Non
1073 912 1214 966 enim
1248 920 1470 972 norunt,
1502 911 1642 980 quod
1674 921 1878 980 quanto
1905 927 2067 967 arena

503 1008 674 1063 stellis
707 1005 982 1075 copiosior
1003 1013 1106 1068 est,
1143 1012 1194 1057 et
1234 1003 1441 1072 lapides
1474 1002 1755 1072 pellucidis
1778 1001 2067 1072 lapidibus,

505 1107 654 1152 tanto
700 1096 939 1152 vicissim
993 1096 1106 1150 hare
1160 1093 1264 1148 illis
1323 1093 1540 1162 puriora
1589 1102 1644 1147 et
1690 1094 2070 1162 praestantiora

507 1195 653 1243 sunt.
716 1187 924 1240 Rursus
981 1186 1314 1255 indignaris?
1382 1183 1592 1240 Rursus
1647 1200 1796 1239 arma
1853 1185 2070 1240 induis?

505 1280 712 1334 Rursus
755 1278 1137 1333 contumeliam
1175 1277 1380 1330 infers?
1421 1276 1556 1331 Num
1590 1293 1726 1333 nova
1758 1277 1929 1333 fides?
1971 1279 2073 1333 Pa-

506 1385 743 1440 rumper,
797 1383 998 1438 quaeso,
1053 1370 1224 1422 minas
1259 1368 1389 1421 istas
1420 1369 1734 1436 comprime,
1767 1379 1824 1422 ut
1857 1369 2066 1438 loquar.

505 1462 622 1514 Non
671 1459 922 1528 injuriam
966 1459 1304 1524 inferemus,
1363 1458 1456 1511 sed
1500 1473 1856 1527 coarguemus
1894 1477 1908 1514 :
1965 1477 2068 1514 non

506 1553 681 1607 minas
723 1552 1086 1616 intendamus,
1119 1551 1212 1604 sed
1247 1550 1736 1618 exprobrabit-Ius:
1769 1567 1872 1605 non
1909 1551 2072 1605 ferie-

506 1656 650 1706 mus,
684 1642 781 1697 sed
810 1641 1136 1704 medicinam
1173 1641 1475 1694 alferemns.
1509 1641 1674 1713 604
1697 1643 1914 1698 lstudne
1938 1659 2074 1712 quo-

508 1748 611 1800 que
638 1734 730 1808 tibi
749 1732 1069 1788 contumelia
1089 1733 1332 1786 videtur?
1360 1732 1402 1784 Ο
1433 1733 1697 1800 insignem
1724 1734 2064 1802 superbiam!

509 1825 754 1880 Etiamne
784 1825 872 1879 hic
898 1840 1041 1887 eum,
1067 1825 1156 1892 qui
1197 1825 1288 1877 tibi
1321 1825 1582 1893 dignitate
1627 1842 1723 1894 par
1753 1834 1853 1888 est,
1883 1827 1936 1879 in
1965 1843 2072 1880 ser-

2169 553 2444 621 ποίμνιον;
2480 556 2528 606 οἱ
2576 555 2669 606 κα)¹
2709 554 2936 623 θεότητα
2985 550 3304 623 μετροῦντες
3340 549 3440 619 (4),
3479 551 3574 603 καὶ
3609 549 3749 603 λαὸν

2170 642 2584 712 σταθμίζοντες;
2635 645 2684 696 oi
2734 643 2832 713 τὴν
2871 643 3095 712 ψάμμον
3139 639 3434 709 τιμῶντες,
3483 639 3576 691 καὶ
3613 640 3751 703 τοὺς

2168 733 2459 803 φωστῆρας
2497 734 2836 803 ὑϐρίζοντες
2885 736 2932 786 οἱ
2981 733 3106 795 τοὺς
3149 731 3430 800 κάχληκας
3480 729 3754 800 θησαυρί-

2170 822 2371 886 ζοντες,
2415 827 2504 878 καὶ
2554 828 2677 888 τοὺς
2725 826 3066 896 μαργαρίτας
3124 823 3497 894 ὑπερορῶντες
3529 823 3636 892 (5);
3668 823 3750 875 Οὐ

2168 914 2277 986 γὰρ
2306 915 2502 978 ἴσασιν,
2532 915 2610 968 ὅτι
2645 917 2704 968 οὺ
2737 915 2984 968 τοσοῦτον
3029 914 3251 983 ψάμμος
3293 913 3538 984 ἀστέρων
3569 913 3751 981 ἀφθο-

2169 1005 2398 1076 νωτέρα,
2442 1007 2534 1059 καὶ
2582 1006 2742 1059 λίθων
2787 1005 3021 1074 διαυγῶν
3073 1005 3365 1075 κάχληκες,
3405 1005 3528 1057 ὅσον
3569 1004 3756 1057 ταῦτα.

2170 1097 2391 1148 ἐκείνων
2421 1096 2778 1168 καθαρώτερὰ
2813 1115 2873 1150 τε
2905 1098 2998 1150 καὶ
3036 1095 3354 1167 τιμιώτερα.
3396 1094 3565 1148 Πάλιν
3605 1096 3754 1162 ἀγα-

2169 1190 2423 1251 νακτεῖ;;
2485 1188 2644 1240 πάλιν
2707 1187 2943 1260 ὁπλίζῃ;
3004 1187 3166 1240 πάλιν
3235 1185 3478 1256 ὑϐρίζεις
3527 1185 3662 1254 (6);
3710 1188 3750 1254 ὴ

2171 1280 2330 1350 καινὴ
2364 1279 2439 1352 (7)
2471 1283 2683 1344 πίστις;
2718 1283 2926 1352 Μικρὸν
2971 1281 3193 1351 ἐπίσχες
3233 1281 3329 1352 τὴν
3368 1281 3619 1350 ἀπειλὴν,
3657 1282 3750 1332 ἵνα

2172 1371 2515 1442 φθέγξωμαι.
2543 1375 2654 1442 υύχ
2686 1373 2998 1443 ὑϐρίσομεν,
3025 1373 3136 1425 ἀλλ’
3164 1373 3455 1443 ὲλέγξομεν
3495 1372 3571 1441 (8)
3593 1389 3606 1401 ·
3645 1373 3754 1424 οὐκ

2172 1463 2560 1532 ἁπειλήσομεν,
2605 1463 2718 1517 ἀλλ’
2776 1464 3106 1534 ὀνειδίσομεν
3162 1463 3272 1534 (9)·
3328 1464 3387 1515 ού
3443 1463 3748 1533 πλήξομεν,

2171 1553 2283 1606 ἀλλ’
2315 1554 2689 1624 ίατρεύσομεν.
2721 1555 2918 1624 ’Ὕϐρις
2958 1572 3038 1608 σοι
3087 1555 3181 1607 καὶ
3214 1553 3370 1607 τοῦτο
3418 1554 3597 1618 δοκεῖ;
3631 1554 3752 1620 Τῆς

2173 1647 2578 1716 ὑπερηφανίαςί
2613 1646 2903 1700 Κάνταῦθα
2935 1647 3118 1700 δοῦλον
3155 1650 3327 1708 ποιεῖς
3354 1647 3444 1698 τὸν
3474 1645 3585 1714 (10)
3614 1644 3753 1713 ὁμό-

2174 1753 2363 1806 τιμον;
2400 1738 2462 1789 Εἰ
2512 1737 2567 1788 δὲ
2625 1739 2728 1808 μὴ,
2769 1737 2916 1803 δέξαι
2967 1754 3069 1807 μου
3106 1738 3208 1808 τὴν
3259 1736 3589 1806 παρρησίαν.
3635 1732 3753 1787 Καὶ

2173 1827 2397 1896 ἀδελφὸς
2424 1828 2648 1897 ἀδελφὺν
2677 1830 2883 1899 ἐλέγχει
2913 1829 3415 1898 πλεονεκτούμενος.

509 1919 665 1975 vilem
719 1920 960 1973 ordinem
1025 1919 1209 1989 cogis?
1257 1919 1480 1983 Verum,
1528 1918 1571 1971 si
1619 1934 1722 1973 non
1774 1920 1847 1973 ita
1894 1935 1950 1973 se
1999 1936 2084 1975 res
2126 1921 2308 1986 habet,
2351 1921 2435 1978 fac
2460 1933 2698 1976 nostram
2731 1924 2943 1976 dicendi
2983 1923 3281 1978 libertatem
3347 1936 3502 1991 aequo
3564 1921 3754 1975 animo

508 2012 674 2067 feras.
731 2009 863 2065 Nam
907 2021 964 2064 et
1004 2009 1172 2064 frater
1213 2025 1334 2068 cum
1369 2009 1538 2064 fratre
1581 2009 1910 2077 expostulat,
1941 2011 2151 2080 quoties
2182 2013 2247 2068 ab
2281 2029 2345 2067 eo
2374 2027 2525 2081 aequa
2559 2013 2807 2082 portione
2836 2015 3136 2067 fraudetur.

579 2163 641 2217 11.
690 2163 852 2218 Visne
895 2173 946 2216 te
987 2163 1165 2217 verbis
1212 2161 1316 2215 illis
1365 2161 1641 2230 alloquar,
1693 2161 1890 2229 quibus
1934 2160 2074 2218 Deus

508 2255 760 2309 rebellem
819 2262 875 2308 et
918 2255 1180 2308 obdurum
1219 2252 1469 2306 lsraelem
1533 2250 1826 2304 alfatur”?
1877 2251 2073 2319 l‘opule

507 2367 672 2416 meus,
700 2350 825 2419 quid
867 2349 967 2418 feci
1007 2349 1136 2412 tibi,
1170 2358 1260 2399 aut
1291 2348 1416 2415 quid
1465 2356 1516 2400 te
1556 2347 1799 2410 Iarsi,aut
1834 2349 1956 2416 quid
1983 2349 2076 2402 tibi

509 2442 755 2494 molestus
791 2440 910 2507 fui?
954 2439 1066 2493 lmo
1105 2453 1235 2491 vero
1275 2438 1338 2491 ad
1368 2447 1418 2492 te
1445 2477 1461 2502 ν
1507 2438 1597 2506 Qui
1640 2439 1978 2493 contumeliis
2021 2439 2072 2493 in

513 2549 598 2585 me
648 2533 838 2594 uteris,
881 2531 1181 2584 orationem
1225 2530 1341 2596 ipse
1396 2529 1622 2583 habebo.
1672 2528 1808 2583 Male
1853 2533 2072 2583 omnino

511 2623 600 2678 alii
639 2624 866 2677 aliorum
917 2634 1154 2689 tempora
1203 2621 1592 2686 observamus,
1651 2637 1714 2674 ac
1762 2621 1934 2674 soluta
1979 2636 2075 2690 per

511 2713 793 2768 sententia:
827 2711 1198 2766 diversitatem
1243 2712 1547 2764 animorum
1594 2712 1909 2776 concordia,
1961 2728 2076 2764 ma-

513 2805 612 2869 jori
647 2818 782 2872 pene
813 2801 1043 2856 audacia
1085 2813 1139 2856 et
1187 2801 1506 2856 crudelitate
1551 2817 1648 2856 nos
1694 2801 1839 2868 ipsos
1885 2811 2074 2855 mutuo

513 2903 859 2958 tnsectamnr,
891 2909 1075 2962 quam,
1116 2893 1204 2962 qui
1252 2907 1397 2946 mine
1443 2891 1583 2946 bello
1632 2907 1730 2946 nos
1779 2893 2075 2954 lacessunt,

515 2986 752 3050 barbari,
795 2999 930 3054 quos
975 2983 1210 3037 Trinitas
1260 2984 1436 3039 soluta
1467 2983 1768 3053 conjunxit.
1811 2983 1948 3049 Quin
1977 2983 2078 3036 hoc

517 3093 734 3149 quoque
778 3075 992 3131 nomine
1015 3076 1393 3132 sceleratiores
1422 3090 1635 3137 sumus,
1675 3075 1815 3142 quod
1849 3091 1950 3127 non
1984 3089 2080 3126 ex-

519 3183 666 3240 teros
707 3170 902 3234 exteri,
958 3184 1055 3224 nec
1091 3170 1302 3236 ignotos
1341 3167 1508 3236 ignoti
1554 3168 1696 3234 (qua:
1727 3181 1810 3218 res
1840 3164 2080 3220 nonnihil

515 3267 676 3326 etiam
708 3265 1067 3320 calamitatem
1116 3262 1302 3332 levat),
1345 3277 1531 3315 verum
1584 3260 1831 3328 nos-ipsos
1875 3271 2080 3322 mutuo,

513 3368 569 3416 et
617 3357 772 3428 quasi
820 3354 1102 3411 domestici
1149 3353 1497 3415 domesticos,
1554 3351 1894 3420 populantur,
1923 3349 2079 3404 etin—

514 3450 809 3512 cessimus;
861 3454 975 3510 aut,
1021 3445 1066 3498 si
1110 3446 1296 3505 mavis,
1340 3443 1579 3510 ejusdem
1633 3442 1874 3511 corporis
1910 3457 2082 3496 mem-

513 3538 1024 3610 bra,consumimns
1068 3536 1297 3590 invicem
1343 3545 1507 3602 atque
1547 3537 1934 3589 consumimur.
1978 3532 2081 3588 Ne-

514 3647 619 3702 que
660 3632 711 3685 id
760 3644 920 3702 grave
961 3628 1015 3682 ét
1063 3628 1337 3696 indignum
1388 3635 1491 3690 est,
1534 3641 1840 3696 quanquam
1883 3625 2080 3693 alioqui

515 3737 806 3799 pergrave;
850 3720 942 3776 sed
991 3718 1134 3789 quod
1182 3717 1495 3776 animis.ila
1545 3715 1840 3784 comparati
1870 3730 2079 3778 sumus,

517 3822 576 3868 ut.
612 3811 1046 3867 imminutionem
1082 3818 1343 3872 nostram,
1392 3806 1783 3867 accessionem,
1810 3815 1969 3872 atque
2005 3803 2083 3856 in-

516 3913 846 3960 crementum
876 3916 998 3956 esse
1033 3901 1423 3954 existimemus.
1483 3897 1746 3964 Quoniam
1793 3905 1974 3950 autem
2015 3894 2082 3949 ad

515 3995 660 4058 hunc
689 3995 904 4050 modum
960 3991 1138 4046 affecti
1189 4005 1396 4064 sumus,
1453 3998 1611 4058 atque
1660 3989 1726 4042 ad
1781 3997 2080 4057 temporum

520 4087 786 4143 rationem
815 4085 970 4140 lldem
1001 4091 1240 4137 nostram
1275 4081 1764 4146 accommodamus,
1791 4094 1910 4150 age,
1953 4089 2084 4134 tem-

587 4247 631 4280 "
651 4244 813 4301 Mich.
844 4259 915 4307 vt,
949 4243 1002 4297 6.

585 4402 664 4474 (5)
697 4401 1200 4474 Ἐκκλησίανωιε.
1213 4400 1469 4474 Ecclesia
1483 4399 1847 4474 definitionem
1861 4415 1924 4455 ex
1942 4399 2080 4474 mul:
2117 4404 2158 4460 D

516 4470 742 4541 titudine
798 4472 1077 4526 deductam
1130 4473 1337 4526 irridet-
1377 4471 1702 4541 Gregorius;
1778 4485 1882 4525 non
1933 4470 2077 4538 quod

517 4556 644 4596 vera
673 4540 872 4595 Christi
897 4542 1156 4606 Ecclesia,
1188 4541 1422 4596 locorum
1442 4540 1500 4596 et
1533 4551 1830 4609 temporum
1861 4541 2078 4593 univer-

516 4613 694 4674 sitate,
730 4624 795 4664 ac
833 4614 1194 4664 membrorum
1227 4611 1585 4673 multitudine,
1612 4626 1720 4678 prze
1751 4611 1870 4663 aliis
1903 4610 2080 4663 socie-

516 4680 736 4744 tatibus,
787 4694 906 4747 qnm
947 4681 1198 4736 Ecclesia:
1246 4681 1399 4734 titulo
1446 4681 1764 4748 gloriantur,
1802 4679 2077 4733 Catholica

515 4764 632 4818 non
656 4751 756 4815 sit;
794 4751 886 4805 sed
915 4751 1040 4818 quia
1067 4750 1250 4804 Ariani
1287 4765 1468 4804 veram
1500 4765 1557 4804 se
1585 4748 2079 4815 Constantinopolis

516 4817 812 4873 Ecclesiam
860 4817 980 4874 esse
1017 4818 1314 4886 iactabant.
1359 4821 1486 4873 Risu
1546 4818 1598 4872 id
1657 4821 1859 4886 magis,
1915 4833 2077 4886 quam

514 4887 883 4958 confutatione
917 4891 1136 4958 dignum
1165 4899 1301 4948 erat.
1344 4904 1465 4944 cum
1495 4888 1670 4956 Regia:
1697 4889 1936 4958 civitatis
1981 4887 2080 4941 Or-

515 4957 758 5023 tltodoxi,
801 4959 946 5012 omni
980 4957 1115 5027 pene
1168 4967 1432 5010 terrarum
1473 4959 1613 5019 orbi,
1657 4957 1896 5025 ejusdem
1927 4970 2079 5013 com-

515 5027 785 5085 munionis
821 5037 874 5081 et
903 5028 1024 5082 ﬁdei
1065 5027 1730 5097 societate,jungerentur.

585 5097 662 5166 (4)
692 5100 950 5165 Θεότητα
993 5095 1380 5168 μετροῦντες.»
1418 5098 1599 5168 Ariani
1641 5096 1922 5168 'l'rinilatis
1951 5113 2077 5168 per-

513 5165 675 5222 sonas
716 5169 768 5221 in
813 5165 1056 5236 dispares
1103 5168 1300 5232 gradus
1352 5165 1678 5236 dividebant.
1723 5165 1883 5221 Juxta
1940 5165 2077 5232 illos,

515 5236 747 5308 βμετ-ἓως
769 5234 988 5308 sanctus
1009 5247 1128 5290 erat
1153 5254 1172 5287 ι
1207 5250 1450 5306 magnus,
1474 5255 1492 5288 ι
1521 5234 1689 5292 Filius
1712 5256 1729 5288 ι
1756 5238 1980 5308 major,»
2026 5250 2081 5294 et

514 5303 672 5358 Pater
705 5326 722 5358 ‹
752 5306 1037 5361 maximus.
1063 5323 1081 5356 ι

585 5375 663 5444 (5)
707 5373 1296 5450 ’ἔπερορῷντεςτῄοη
1323 5377 1343 5430 1
1372 5417 1388 5442 ,
1417 5376 1798 5450 περιορῶντες.
1829 5379 1957 5450 Reg.
1985 5379 2076 5444 hu,

514 5446 938 5519 περιορίζοντες.
975 5447 1412 5519 ilnﬂquibnrsdam.
1433 5446 1866 5519 υττερορίζοντες.

584 5512 876 5582 (6)11dJcr
911 5515 1178 5585 ὑϐρίζέις.
1226 5517 1356 5590 Reg.
1395 5521 1487 5584 bu,
1536 5512 1627 5574 Ur.
1665 5512 1721 5585 1,
1751 5530 1882 5584 cte.,
1919 5518 2079 5573 πάλιν

513 5580 899 5800 ωἵέιῗ.Καινή.
933 5656 1062 5728 Reg.
1104 5672 1154 5720 ο,
1194 5667 1248 5712 et
1287 5659 1524 5722 Coisl.2,
1553 5661 1705 5730 κενή,
1738 5679 1755 5712 ι
1793 5674 1949 5716 vana.
1985 5677 2003 5709 ι

607 5723 660 5794 8)
692 5727 1065 5800 Ἐλέγξομεν.
1100 5728 1708 5800 Βιιε.1›ειι,ὲλέγξιι›μεν.

607 5723 660 5794 8)
692 5723 1065 5812 Ἐλέγξομεὲ.
1100 5723 1708 5802 Βιιε.1›ειι,ὲλέγξιι›μεν.

2249 2164 2320 2218 Β¹.
2364 2166 2549 2220 Βούλει
2609 2184 2688 2219 σοι
2741 2166 2808 2219 τὰ
2859 2167 2953 2220 τοῦ
3011 2167 3146 2220 Θεοῦ
3205 2168 3338 2240 πρὸς
3385 2168 3474 2221 τὸν
3532 2169 3756 2241 Ἰσραὴλ

2181 2256 2480 2328 φθέγξομαι
2520 2261 2662 2326 (ll),
2717 2259 3092 2329 τραχηλιῶντα
3139 2260 3233 2314 καὶ
3279 2261 3754 2331 σκληρυνόμενον;

2179 2353 2336 2412 Andr;
2362 2367 2501 2417 μου,
2542 2352 2597 2402 τί
2631 2351 2887 2416 ἐποίησά
2921 2366 3038 2412 σοι,
3071 2352 3103 2421 ἢ
3142 2352 3194 2404 τί
3227 2353 3460 2425 ἠδίκησά
3498 2371 3579 2420 σε,
3619 2358 3658 2424 ἢ
3696 2356 3759 2409 ιι

2179 2436 2627 2505 παρηνώχλησά
2665 2439 2774 2506 (1‘2)
2820 2457 2954 2503 σου
2997 2439 3210 2493 Μᾶλλον
3246 2441 3322 2504 δὲ,
3373 2443 3509 2513 πρὸς
3554 2444 3611 2496 σέ
3661 2462 3756 2515 μοι

2179 2527 2266 2578 τὸν
2298 2527 2554 2598 ὑϐριστὴν
2587 2531 2614 2580 ὁ
2648 2529 2822 2597 λόγος.
2850 2529 3051 2593 Κακῶς
3086 2530 3183 2600 μὲν
3212 2531 3336 2595 τοὺς
3366 2532 3608 2604 ἀλλήλων
3641 2536 3758 2588 ἐπι-

2179 2617 2451 2688 τηροῦμεν
2480 2619 2724 2689 καιροὺς,
2771 2619 2863 2671 καὶ
2896 2618 2956 2672 τὸ
2996 2619 3276 2690 σύμψυχον
3313 2621 3420 2692 (15)
3462 2621 3538 2691 τῷ
3577 2625 3758 2694 ἑτερο-

2181 2710 2314 2780 δὸξῳ
2353 2711 2636 2775 λύσαντες,
2689 2712 2886 2782 μικροῦ
2929 2714 3022 2765 καὶ
3071 2713 3178 2766 τῶν
3230 2711 3326 2764 νῦν
3371 2713 3758 2784 πολεμούντων

2181 2801 2310 2872 ἡμῖν
2346 2801 2632 2872 βαρϐάρων
2667 2804 2797 2871 (14),
2821 2803 2913 2866 οὓς
2953 2806 2985 2874 ἡ
3021 2805 3188 2875 Τριὰς
3226 2804 3461 2876 λυομένη
3498 2807 3758 2878 συνέστη-

2188 2907 2300 2944 σεν.
2343 2893 2651 2962 Γεγόναμεν
2690 2893 2939 2965 ἀλλήλοις
2969 2897 3451 2967 ἀπανθρωπότεροι
3486 2899 3580 2951 καὶ
3623 2899 3754 2969 θρα-

2188 2983 2420 3054 σύτεροι,
2462 2985 2599 3056 πλὴν
2631 2987 2753 3040 ὅσον
2802 2987 2863 3041 οὐ
2914 2987 3051 3052 ξένοι
3105 2988 3370 3060 βάλλομεν
3401 2990 3604 3056 ξένους,
3633 2990 3758 3042 οὐδὲ

2184 3075 2588 3145 ἀλλογλώσσους
2638 3078 2996 3147 ἀλλόγλωσσοι
3050 3079 3096 3150 (ὃ
3145 3081 3238 3134 καὶ
3290 3081 3516 3152 βραχεῖα
3573 3099 3758 3152 παρα-

2187 3170 2352 3238 μυθία
2382 3171 2483 3240 τῆς
2517 3170 2840 3243 συμφορᾶς),
2884 3170 3144 3242 ἀλλήλους
3172 3172 3249 3236 δὲ,
3283 3172 3376 3225 κα)⁵
3423 3167 3532 3225 οἷον
3579 3174 3626 3224 οἱ
3657 3173 3759 3242 τῆς

2184 3262 2352 3332 αὐτῆς
2379 3263 2572 3326 οἰκίας,
2617 3263 2854 3334 φέρομεν
2883 3281 2943 3316 τε
2983 3265 3074 3318 καὶ
3101 3265 3335 3334 ἄγομεν·
3374 3267 3421 3317 εἱ
3463 3264 3640 3336 βούλει
3675 3265 3756 3324 δὲ,

2184 3353 2250 3406 τὰ
2275 3353 2368 3406 τοῦ
2413 3353 2576 3406 αὐτοῦ
2621 3354 2872 3425 σώματος
2920 3355 3056 3424 μέλη
3097 3355 3422 3424 δαπανῶμεν
3462 3355 3554 3407 καὶ
3583 3354 3758 3407 δαπα-

2186 3441 2430 3512 νώμεθα·
2459 3444 2552 3495 καὶ
2581 3443 2702 3513 οὐχὶ
2745 3441 2904 3496 τοῦτό
2945 3461 3043 3497 που
3083 3443 3254 3497 δεινὸν
3285 3444 3420 3513 (15),
3465 3443 3665 3514 καίπερ
3697 3442 3759 3496 ὃν

2187 3533 2521 3604 τηλικοῦτον,
2567 3534 2680 3587 ἀλλ’
2720 3535 2802 3587 ὅτι
2837 3534 2930 3587 καὶ
2959 3533 3275 3606 προσθήκην
3319 3534 3608 3603 νομίζομεν
3657 3533 3761 3604 τὴν

2189 3625 2490 3696 ὑφαίρεσιν.
2545 3625 2698 3678 Ἐπεὶ
2741 3625 2796 3678 δὲ
2842 3625 3016 3689 οὕτως
3065 3625 3280 3696 ἔχομεν,
3325 3625 3417 3679 καὶ
3459 3625 3597 3697 μετὰ
3650 3624 3760 3677 τῶν

2188 3714 2394 3785 καιρῶν
2431 3714 2778 3786 πιστεύομεν,
2819 3714 3123 3786 ἀντιθῶμεν
3155 3717 3280 3779 τοὺς
3326 3717 3550 3786 καιροὺς
3590 3717 3759 3787 ἀλλή-

2187 3807 2298 3871 λοις
2318 3824 2332 3838 ·
2365 3809 2428 3861 σὺ
2470 3808 2560 3861 τὸν
2604 3809 2693 3861 σὺν
2725 3808 2968 3879 βασιλέα,
2995 3809 3150 3878 κάγὼ
3178 3811 3302 3874 τοὺς
3337 3811 3535 3881 ὲμούςο
3570 3813 3632 3865 σὺ
3668 3813 3761 3864 τὸν

2201 3899 2404 3970 Ἀχαάϐ
2449 3900 2582 3972 (16),
2623 3901 2736 3970 ἐγὼ
2785 3902 2877 3957 τὸν
2921 3903 3129 3955 Ἰωσίαν
3173 3902 3306 3971 (17).
3354 3902 3620 3974 Διήγησαι
3669 3921 3760 3973 μοι

2189 3993 2288 4063 τὴν
2342 3992 2438 4064 σὴν
2491 3994 2815 4059 ἐπιείκειαν,
2869 3993 3025 4062 κάγὼ
3078 3994 3176 4065 τὴν
3239 3995 3379 4066 ἐμὴν
3419 3993 3757 4064 θρασύτητα.

2189 4084 2404 4138 Μᾶλλον
2451 4085 2527 4151 δὲ,
2573 4087 2670 4158 τὴν
2723 4087 2820 4157 μὲν
2875 4086 2991 4157 σὴν,
3054 4085 3244 4138 πολλαὶ
3295 4086 3388 4139 καὶ
3430 4084 3599 4156 βίϐλοι
3663 4087 3758 4138 καὶ

2261 4397 2340 4470 (9)
2358 4398 2792 4470 γὈιθειὸζᾳομεν.
2829 4395 2961 4465 Reg.
3001 4395 3112 4470 bm,
3139 4395 3509 4470 ὀνειδίσωμεν.

2264 4465 2374 4535 (10)
2406 4469 2540 4522 Τόν.
2562 4465 2836 4535 δίοίκοιςς.
2857 4483 2909 4531 a,
2928 4470 3038 4520 bm.
3054 4468 3108 4518 In
3140 4468 3251 4521 ed..
3274 4465 3353 4518 τό.

2258 4539 2369 4624 (Et?
2399 4536 2758 4624 Ξθέτεομαξε
2780 4536 2995 4624 femi».
3027 4535 3368 4624 situst”!-

2258 4606 2870 4680 (12)Παρηνώχλησα.
2919 4606 2976 4660 lu
3018 4606 3360 4675 quibusdam,
3411 4606 3761 4678 παρηνὸχλη-

2187 4695 2372 4818 σα(15)
2409 4747 2478 4801 Τὸ
2514 4748 2865 4818 σύμψυχον.
2907 4743 3001 4800 Sic
3046 4755 3154 4801 tres
3194 4743 3395 4816 Regg.,
3445 4756 3497 4802 et
3529 4753 3764 4816 quatuor

2186 4820 2339 4874 Coll).
2355 4816 2428 4871 'lu
2462 4821 2573 4879 ed.,
2591 4816 2698 4888 [τὸν
2728 4816 3030 4888 σύμψυχον.

2258 4889 2372 4958 (id)
2404 4887 2741 4958 Βαρϐάρων.
2771 4886 2998 4958 Gothos,
3023 4895 3080 4940 ut
3115 4886 3459 4958 arbitramur,
3486 4886 3760 4958 intelligit,

2187 4957 2277 5028 qni
2314 4957 2454 5012 anno
2488 4959 2586 5028 377
2636 4957 2920 5010 Thraciam
2973 4957 3209 5027 populati
3289 4969 3448 5028 sunt;
3505 4959 3667 5028 idque
3707 4957 3760 5028 in

2187 5027 2400 5099 puellam
2445 5027 2630 5080 solutae
2669 5028 2836 5096 pacis,
2878 5041 2942 5080 ac
2987 5042 3231 5080 errorum
3274 5027 3418 5081 circa
3475 5027 3762 5083 sanctissi-

2187 5115 2327 5151 mam
2362 5096 2702 5151 Trinitatem.

2187 5115 2327 5152 mam
2362 5113 2393 5151 Ἰ
2411 5113 2507 5150 rtnt
2520 5113 2564 5149 l3
2577 5113 2702 5150 [6111.

2261 5166 2510 5240 (15)](ᾳὶ
2543 5166 2678 5234 οὐχὶ
2697 5165 3376 5240 τοῦτό-πουΑδε-ινρνηςὶς
3405 5167 3581 5240 plures
3596 5168 3758 5240 codd.

2188 5239 2242 5292 In
2263 5236 2363 5294 0r.
2378 5239 2400 5290 1
2416 5278 2430 5300 ,
2449 5237 2594 5297 Par.,
2612 5247 2667 5288 et
2691 5236 2855 5291 Coisl.
2878 5237 2930 5299 1,
2951 5237 3045 5289 καὶ
3063 5236 3184 5303 οὐχὶ
3205 5237 3362 5290 τοῦτό
3391 5255 3526 5301 πως.
3540 5239 3759 5302 Comi»,

2187 5310 2247 5362 ού
2279 5307 2437 5362 τοῦτό
2467 5322 2583 5367 πως
2604 5305 2795 5368 δεινὸν,
2828 5308 2876 5358 εἰ
2901 5305 2994 5358 καὶ
3016 5306 3209 5360 δεινόν.
3241 5308 3409 5362 l’tave
3433 5311 3484 5361 in
3519 5309 3631 5372 ed.,
3663 5311 3762 5362 xui.

2187 5381 2307 5450 οὐχ)
2332 5379 2426 5450 τοῦ
2459 5377 2622 5450 τόπου
2645 5377 2831 5450 δεινὸνξ

2188 5443 2370 5571 ἀλςιιο)
2405 5443 2633 5515 Ἀχαὰ6.
2671 5446 2884 5501 SchoL:
2915 5447 3187 5502 Οῦαλέντα
3219 5447 3396 5516 λέγει·
3423 5466 3440 5499 t
3481 5445 3774 5504 Valentem-

2228 5537 2290 5571 ιρι
2325 5561 2337 5571 .
2366 5538 2383 5569 ι

2228 5520 2337 5572 icit.
2366 5538 2383 5569 ι

2261 5589 2372 5658 (17)
2409 5589 2663 5644 Ἰωσίαν.
2693 5587 2909 5644 Sebol.:
2942 5588 3218 5642 ὃεοδόσιον
3257 5588 3348 5642 τὸν
3374 5588 3563 5656 Μέγαν
3605 5583 3762 5658 οἶμαι

2189 5659 2386 5726 λέγειν·
2429 5679 2447 5712 ι
2484 5659 2842 5716 Theodosium
2877 5661 3148 5731 Magnum,
3187 5668 3244 5714 ut
3279 5659 3532 5726 arbitror,
3562 5658 3751 5721 intelli-

2189 5731 2284 5810 git.
2319 5748 2336 5780 ι

3636 343 3751 400 216
3825 343 3828 346 ’
