4010 6316
241 298 334 354 ΞΠ

950 296 1209 354 ORATIO
1247 291 1485 350 XXXIII.
1525 323 1594 334 --
1624 293 1902 350 CONTRA
1939 292 2239 350 ARIANOS
2275 292 2362 348 ET
2406 292 2496 346 DE
2537 291 2788 349 SElPSO.

3361 297 3467 360 21,8

237 413 468 485 γλῶσσαι
526 411 806 480 φέρουσιν,
863 407 930 472 ἃς
971 409 1081 461 ’καὶ
1131 411 1160 460 ὁ
1213 407 1422 477 μέλλων
1474 405 1783 476 ὑπολήψετα

1908 421 2036 475 pora
2081 422 2202 461 cum
2235 407 2568 476 temporibus
2612 407 3040 462 committamus.
3086 408 3282 479 [legem
3318 419 3466 468 tuum

234 505 437 578 χρόνος,
460 503 587 570 ἐμοὶ
614 501 809 562 δοκεῖν,
835 501 867 568 ὴ
898 498 1164 560 ἀθάνατος
1192 498 1358 568 στήλη
1386 497 1495 551 τῶν
1521 496 1800 568 πράξεων⁸

234 595 336 665 ἐγὼ
360 595 416 647 δὲ
443 593 542 664 τὴν
577 591 816 663 ἐμαυτοῦ
844 591 1195 661 διηγήσομαι.

1909 495 2093 564 profer
2123 515 2137 549 :
2170 511 2270 564 ego
2309 496 2579 564 proferam
2611 512 2780 553 meos.
2847 497 2923 551 Tu
2974 499 3198 554 Achab:
3229 515 3328 570 ego
3377 501 3470 556 «1ο-

1909 587 2065 639 siam.
2101 586 2267 638 Tuam
2318 586 2451 638 mihi
2495 586 2879 640 humanitatem
2915 597 2968 641 et
2998 591 3466 645 mansuetudinem

237 705 641 745 commemora:
700 701 801 756 ego
877 688 1002 740 item
1051 701 1224 738 meam
1268 684 1544 738 audaciam
1604 691 1658 735 et
1724 679 2180 748 importunitatem
2244 692 2531 746 exponam.
2588 678 2725 742 Quin
2789 679 2996 747 potius,
3054 687 3200 732 tuatn
3249 681 3466 750 quidem

231 783 700 845 iuhumauitatem,
740 788 794 834 et
831 779 981 832 multi
1017 778 1161 842 libri,
1193 788 1247 831 et
1273 777 1466 843 linguae
1530 773 1935 832 circumferunt,
2004 785 2141 839 quas
2186 769 2346 822 etiam
2423 769 2712 836 posteritas
2785 769 2959 822 omnis
3027 781 3312 838 exceptura
3363 783 3465 838 est,

229 889 496 938 teteruam,
542 875 650 928 nisi
701 888 786 927 me
825 873 1006 942 Opinio
1059 872 1212 936 l'allit,
1263 871 1423 924 rebus
1489 885 1519 922 a
1587 879 1637 923 te
1683 868 1850 938 gestis
1887 865 2192 935 ignominiae
2233 873 2418 916 notam
2461 863 2703 916 inustura
2735 881 2748 916 :
2779 879 2952 918 meam
3016 880 3143 928 vero
3180 866 3294 936 ipse
3338 883 3465 922 ora.

229 973 363 1024 liene
392 971 697 1037 complecta
707 984 754 1025 r.
981 1006 988 1013 .

287 1059 358 1111 l".
394 1059 534 1110 Τίνα
583 1058 756 1128 δῆμον
786 1057 1063 1126 ὲπήγαγόν
1109 1075 1190 1110 σοι
1225 1056 1414 1128 θράσει
1463 1055 1793 1126 φερόμενον;

223 1150 374 1210 Τίνας
424 1147 658 1209 ὁπλίτας
714 1145 1031 1216 παρέταξα;
1087 1146 1222 1198 Τίνα
1281 1145 1583 1216 στρατηγὸν
1640 1141 1795 1212 θυμῷ

224 1241 402 1306 ζέοντα
427 1239 569 1310 (18),
600 1240 696 1292 καὶ
731 1239 839 1291 τῶν
881 1238 1278 1290 ἐπιτασσόντων
1305 1237 1412 1307 (19)
1440 1235 1792 1309 θρασύτερον,

222 1336 304 1387 καὶ
343 1333 532 1386 τοῦτον
565 1331 694 1385 οὐδὲ
730 1329 1074 1402 Χριστιανὸν,
1105 1329 1216 1383 ἀλλ’
1247 1330 1452 1382 οἰκείαν
1496 1328 1793 1398 θρησκείαν

221 1425 558 1496 προσάγοντα
611 1425 725 1486 τοῖς
787 1419 980 1473 ἑαυτοῦ
1032 1419 1278 1490 δαίμοσι,
1325 1421 1422 1490 τὴν
1470 1419 1587 1472 καθ’
1637 1415 1792 1488 ἡμῶν

219 1516 491 1580 ἀσέϐειανς
548 1515 719 1577 Τίνας
766 1513 1088 1584 εὐχομένους
1133 1512 1519 1582 ὲπολιόρκησα,
1560 1510 1654 1562 καὶ
1695 1509 1795 1572 τὰς

219 1609 393 1677 χεῖρας
436 1606 577 1676 πρὸς
621 1604 714 1656 τὸν
757 1603 889 1656 Θεὸν
935 1603 1223 1671 αἴρονταςς
1270 1600 1432 1661 Τίνας
1472 1596 1791 1667 ψαλμῳδίας

221 1694 495 1762 σάλπιγξιν
540 1684 780 1763 ἔστησα;
821 1692 995 1744 Τίνων
1045 1689 1307 1759 μυστικὸν
1355 1681 1495 1757 αἷμα
1548 1689 1791 1754 φονικοῖς

217 1788 428 1856 αἷμασιν
481 1783 692 1855 ἐμιξα;
744 1783 915 1837 Τίνων
973 1781 1218 1852 οἰμωγὰς
1267 1779 1485 1850 θρήνοις
1543 1777 1788 1844 ἔπαυσα,

217 1876 589 1946 πνευματικὰς
615 1873 884 1944 ὀλεθρίοις
906 1872 1060 1942 (19⁸),
1089 1871 1182 1924 καὶ
1208 1870 1435 1940 δάκρυσι
1463 1868 1787 1940 τραγῳδίας,

213 1969 411 2038 δάκρυα
470 1967 852 2032 κατανύξεως;
915 1966 1072 2018 Ποῖον
1125 1962 1236 2033 (20)
1292 1963 1598 2034 προσευχῆς
1643 1957 1790 2015 οἷκον

215 2059 482 2128 πεποίηκα
511 2056 868 2127 πολυάνδρων
891 2071 905 2120 ;
931 2055 1066 2107 Ποῖα
1095 2053 1436 2124 λειτουργικὰ
1470 2051 1659 2122 σκεύη,
1697 2051 1791 2104 καὶ

211 2148 316 2206 τοῖς
353 2144 571 2206 πολλοῖς
628 2142 901 2212 ἄψαυστα,
953 2142 1138 2210 χερσὶν
1183 2141 1398 2210 ἀνόμων
1444 2141 1700 2208 ἐξέδωκα,
1753 2140 1786 2210 ἢ

215 2235 605 2306 Ναϐουζαρδάν
637 2233 716 2303 τῷ
753 2232 1153 2304 ἀρχιμαγείρῳ,
1183 2232 1214 2302 ἢ
1248 2233 1534 2303 Βαλτάσαρ
1575 2231 1653 2302 τῷ
1693 2248 1788 2286 κα-

213 2327 315 2389 κῶς
349 2330 405 2378 ὲν
442 2329 558 2389 τοῖς
587 2326 764 2394 ἁγίοις
788 2326 1144 2395 τρυφήσαντι,
1173 2325 1264 2378 καὶ
1297 2324 1476 2396 μέντοι
1503 2325 1596 2376 κα).
1637 2323 1789 2386 δίκας

214 2414 592 2484 εἰσπραχθέντι
651 2414 751 2485 τῆς
834 2415 1092 2478 ἀπονοίας
1163 2414 1348 2480 ἀξίαςς
1418 2415 1787 2484 Θυσιαστήρια

211 2505 574 2574 ἠγαπημένα,
623 2505 699 2568 ὥς
740 2522 904 2576 φησιν
935 2507 966 2577 ἡ
995 2505 1112 2558 Θεία
1159 2506 1269 2575 (Ἥ)
1313 2505 1521 2577 Γραψὴ,
1575 2506 1690 2559 νυνὶ
1731 2505 1788 2558 δὲ

211 2593 617 2664 καθυϐρισμένα
637 2612 650 2624 ’
687 2595 840 2665 ὑμῶν
869 2597 926 2649 δὲ
960 2599 1110 2648 ποῖον
1152 2596 1260 2664 (22)
1292 2595 1359 2648 δι’
1389 2597 1534 2665 ἡμᾶς
1575 2613 1788 2667 κατωρ-

212 2687 402 2757 χήσατο
433 2688 727 2758 μειράκιον
755 2688 1006 2755 ἀσελγὲς,
1035 2685 1236 2756 αἰσχρά
1266 2685 1614 2756 λυγιζόμενον
1648 2687 1782 2757 (‘25),

212 2781 298 2833 καὶ
328 2780 746 2850 καμπτόμενονς
787 2780 986 2850 μᾶλλον
1009 2780 1106 2844 δὲ,
1135 2780 1222 2833 διὰ
1275 2780 1416 2843 τίνος
1454 2781 1564 2849 ἐγὼ
1613 2782 1786 2835 τοιού-

211 2887 297 2922 του
343 2871 452 2942 (24)
498 2872 562 2925 τὸ
599 2872 743 2942 μέγα
796 2873 1092 2942 μυστήριον
1137 2871 1230 2924 καὶ
1274 2871 1414 2924 θεῖον
1466 2872 1782 2943 ὲξωρχησά-

215 2978 312 3032 μην
360 2962 505 3032 (9.5);
559 2962 816 3034 Καθέδρα
889 2963 1078 3032 τιμία,
1152 2962 1246 3015 καὶ
1316 2962 1513 3033 τιμίων
1576 2963 1784 3035 ἀνδρῶν

1974 1047 2059 1102 lll.
2101 1046 2269 1113 Quem
2302 1047 2556 1116 populum
2585 1047 2807 1102 audacia
2835 1048 3036 1102 elatum
3065 1049 3118 1104 in
3154 1061 3204 1105 te
3229 1052 3468 1108 immisi?

1902 1141 2046 1207 Quos
2090 1141 2284 1194 milites
2327 1140 2594 1193 instruxi?
2635 1139 2803 1206 Quem
2853 1143 2977 1195 belli
3029 1144 3216 1198 ducem
3261 1146 3335 1198 ira
3379 1148 3465 1199 in-

1903 1230 2258 1294 ﬂammatum,
2310 1229 2502 1298 iisque,
2557 1231 2649 1299 qui
2701 1231 3062 1300 imperabant,
3121 1236 3462 1304 atrociorem,

1899 1338 1962 1376 ac
1993 1335 2058 1376 ue
2098 1321 2472 1376 Christianum
2497 1323 2712 1391 quidem
2744 1323 2939 1392 ipsum,
2982 1338 3170 1380 verum
3196 1341 3345 1382 suam
3373 1328 3468 1382 ad-

1897 1427 2112 1467 versum
2172 1428 2272 1469 nos
2341 1414 2715 1482 impietatem,
2778 1422 3032 1486 tanquam
3079 1429 3466 1488 congruentem

1895 1505 2174 1572 quemdam
2196 1504 2396 1560 cultum
2423 1507 2751 1562 daemonibus
2782 1507 2896 1562 suis
2935 1507 3274 1566 oﬂ‘erentem?
3293 1513 3467 1577 Quos-

1893 1609 2018 1648 nam
2047 1595 2298 1663 precibus
2337 1609 2556 1664 operam
2605 1597 2818 1661 dantes,
2871 1613 3170 1669 manusque
3204 1603 3268 1656 ad
3296 1601 3463 1656 Deum

1893 1685 2219 1750 attollentes,
2254 1687 2536 1740 obsidione
2567 1687 2761 1741 cinxi?
2797 1687 2944 1754 Quas
2976 1691 3302 1759 psalmorum
3337 1707 3467 1746 cau-

1897 1775 2092 1841 tiones,
2133 1778 2382 1830 tubarum
2408 1776 2572 1847 605
2620 1777 2876 1848 clangore
2925 1783 3262 1851 compressi?
3321 1784 3466 1849 Quo-

1895 1883 2013 1922 rum
2065 1869 2350 1940 mysticum
2401 1873 2719 1939 sanguinem
2765 1888 2888 1928 cum
2928 1875 3155 1929 caedium
3203 1877 3466 1946 sanguine

1894 1961 2227 2027 permiscui?
2279 1959 2424 2027 Quos
2468 1963 2786 2031 spirituales
2843 1964 3021 2032 ﬂetus,
3083 1969 3464 2024 emorientium

1892 2050 2125 2116 ﬂetibus,
2157 2061 2210 2106 et
2237 2067 2372 2121 quas
2397 2054 2728 2122 poenitentiae
2760 2055 3046 2128 lacrymas,
3077 2060 3353 2129 lragmdizc
3387 2061 3466 2115 la-

1893 2143 2092 2214 crymis
2122 2143 2378 2198 cohibui?
2412 2145 2583 2211 Quam
2629 2148 2894 2202 orationis
2935 2149 3148 2203 dommn
3183 2152 3238 2204 in
3283 2151 3465 2220 sepul-

1899 2250 2051 2289 crum
2076 2237 2364 2290 converti?
2404 2236 2533 2301 ρειαί
2575 2252 2704 2292 vasa
2746 2239 3049 2295 ministerio
3094 2256 3248 2298 sacro
3292 2245 3460 2298 desti-

1891 2336 2048 2392 nata,
2119 2342 2220 2382 nec
2277 2328 2422 2396 vulgi
2487 2329 2732 2384 manibus
2798 2333 3171 2398 attrectanda,
3225 2334 3458 2404 iniquo-

1894 2432 2012 2470 rum
2044 2419 2293 2472 manibus
2323 2420 2522 2484 dedidi,
2549 2437 2761 2491 nempe,
2791 2422 2872 2476 vel
2899 2421 3229 2478 Nabuzardm
3261 2439 3464 2494 coquo-

1892 2524 2010 2562 rum
2042 2509 2294 2576 prmfecto
2325 2511 2388 2574 “,
2425 2509 2509 2565 vel
2537 2509 2814 2566 Baltazaro
2847 2512 2912 2578 ¹²,
2960 2512 3050 2582 qui
3093 2513 3230 2567 male
3259 2513 3311 2568 in
3341 2528 3463 2568 san-

1889 2602 1990 2654 ctis
2042 2600 2249 2666 poculis
2306 2601 2697 2671 perbacchatus
2743 2611 2845 2668 est,
2910 2613 3072 2673 atque
3111 2605 3246 2658 adeo
3274 2605 3462 2674 dignas

1889 2691 2124 2746 amentia
2148 2707 2243 2746 sua
2277 2706 2466 2761 prcnas
2502 2693 2769 2748 exsolvit?
2811 2693 3016 2748 Altaria
3061 2695 3249 2760 chara,
3292 2704 3352 2750 ut
3387 2697 3464 2750 ait

1889 2782 2167 2852 Scriptura
2188 2785 2252 2848 ¹⁸,
2287 2801 2425 2840 nunc
2455 2794 2632 2839 autem
2666 2785 3012 2841 contumelia:
3043 2787 3260 2852 habita;
3313 2789 3464 2857 quis-

1888 2890 2013 2928 nam
2069 2875 2370 2945 impudicus
2415 2876 2752 2942 adolescens,
2801 2877 3030 2947 turpiter
3075 2879 3313 2932 membra
3351 2887 3463 2934 tor-

1887 2983 2060 3036 qttcus
2099 2982 2162 3022 ac
2193 2968 2491 3033 inﬂectens,
2540 2978 2722 3022 nostra
2760 2983 2920 3022 causa
2959 2967 3113 3022 vobis
3147 2969 3460 3024 lnsultavit?

212 3053 401 3123 ἵδρυμα
443 3055 538 3108 καὶ
573 3054 897 3124 ἀνάπαυμα,
930 3053 1024 3107 καὶ
1057 3052 1282 3117 πολλοὺς
1336 3053 1581 3118 εύσεὸεῖς
1621 3057 1783 3127 ἀμεί-

1891 3057 1966 3111 vel
2007 3059 2207 3126 potius,
2255 3075 2351 3128 per
2398 3074 2557 3128 quem
2609 3074 2847 3128 unquam
2887 3059 3199 3127 hujusmodi
3235 3060 3459 3116 nebulo-

209 3143 346 3212 ψασα
397 3146 614 3216 ἱερέας,
660 3145 865 3200 ἄνωθεν
913 3145 981 3199 τὰ
1033 3145 1152 3199 θεῖα
1199 3149 1774 3219 μυσταγωγήσαντας·

211 3238 294 3290 ἐπὶ
317 3239 370 3290 δὲ
405 3239 464 3291 σὲ
491 3240 577 3302 τίς
623 3238 786 3309 ἀνέϐη
821 3238 1132 3310 δημηγόρος
1157 3238 1379 3309 Ἕλλην,
1426 3240 1519 3293 καὶ
1561 3240 1781 3307 γλῶσσα

212 3329 443 3400 πονηρὰ,
480 3329 558 3383 τὰ
616 3329 958 3402 Χριστιανῶν
1013 3329 1434 3399 στηλιτεύουσα;
1489 3332 1780 3402 Παρθένων

211 3419 356 3484 αἰδὼς
385 3423 477 3474 καὶ
533 3421 817 3491 σεμνότης,
857 3420 1007 3488 ὄψεις
1048 3419 1257 3490 ἀνδρῶν
1305 3419 1437 3490 μηδὲ
1491 3422 1780 3491 σωφρόνων

214 3512 458 3583 φέρουσα,
489 3513 556 3566 σὲ
585 3511 640 3565 δὲ
679 3512 762 3576 τίς
791 3511 946 3582 ἡμῶν
973 3512 1171 3582 ᾔσχυνε
1217 3512 1310 3564 καὶ
1353 3510 1648 3582 καθύϐρισε
1683 3513 1777 3583 μέ-

213 3621 292 3676 χρι
317 3606 418 3659 τῶν
456 3605 729 3668 ἀθεάτων,
756 3605 850 3657 καὶ
893 3604 1102 3658 ἀσεϐῶν
1137 3604 1290 3673 ὕψεσι
1325 3603 1602 3675 προύθηκε
1649 3605 1775 3659 θέαν

213 3697 456 3771 ἐλεεινὴν,
513 3699 608 3752 καὶ
663 3696 756 3750 τοῦ
813 3696 1159 3765 Σοδομιτικοῦ
1214 3697 1326 3766 (26)
1377 3697 1546 3770 πυρὸς
1584 3699 1773 3765 dilata;

224 3790 316 3843 Ἐῶ
361 3791 468 3863 γὰρ
527 3789 786 3854 θανάτους
833 3789 1011 3858 λέγειν
1050 3789 1148 3860 τῆς
1185 3788 1446 3860 αἰσχύνης
1493 3789 1778 3843 ἀνεκτοτέ-

216 3899 348 3951 ρους.

1886 3165 2006 3204 nem
2039 3166 2138 3219 ego
2181 3166 2434 3220 magnum
2477 3159 2531 3206 et
2582 3152 2821 3206 divinum
2875 3151 3192 3222 mysterium
3225 3152 3457 3208 ludibrio

1886 3240 2090 3293 habui?
2115 3238 2159 3293 Ο
2194 3243 2448 3296 cathedra
2477 3243 2756 3310 praeclara,
2787 3252 2842 3296 et
2873 3243 3256 3311 praeclarorum
3301 3228 3447 3298 viro-

1889 3347 2007 3384 rum
2051 3333 2209 3386 sedes
2253 3348 2317 3388 ac
2355 3335 2594 3402 requies,
2627 3349 2853 3404 quaeque
2884 3334 3078 3388 multos
3113 3334 3230 3402 pios
3263 3350 3446 3390 sacer-

1889 3424 2062 3491 dotes,
2111 3425 2199 3493 qui
2227 3424 2338 3495 jam
2381 3426 2506 3480 olim
2550 3441 2639 3480 res
2687 3428 2898 3480 divinas
2939 3427 3258 3492 docuerunt,
3299 3440 3453 3480 com-

1887 3519 2130 3584 tnutasti;
2166 3519 2413 3586 quisnam
2443 3519 2689 3573 ethnicus
2725 3518 3072 3572 coucionator
3112 3528 3163 3572 te
3196 3533 3456 3573 conscen-

1886 3607 1990 3673 dit,
2029 3620 2082 3664 et
2120 3610 2363 3681 improha
2419 3611 2619 3679 lingua,
2663 3610 3094 3666 Christianorum
3139 3610 3454 3682 religionem
3544 3595 3550 3600 ’

1885 3687 2149 3757 invectiva
2187 3705 2435 3759 oratione
2464 3703 2852 3774 proscindens?
2885 3701 2930 3759 0
2971 3702 3237 3772 virginum
3281 3703 3454 3772 pudor

1885 3803 1939 3848 et
1965 3797 2209 3860 castitas,
2242 3811 2310 3851 ne
2342 3796 2658 3866 pudicorum
2695 3794 2908 3864 quidem
2945 3796 3178 3849 virorum
3216 3811 3451 3864 conspe-

1900 3895 2043 3940 ctum
2093 3887 2294 3954 ferens,
2343 3888 2590 3956 quisnam
2627 3901 2690 3940 cs
2736 3885 2959 3952 nostris,
2987 3902 3156 3955 usque
3185 3888 3346 3941 etiam
3385 3888 3448 3941 ad

214 3991 294 4031 eas
320 3977 568 4048 corporis
593 3984 792 4046 partes,
820 3989 954 4044 quas
979 3975 1246 4043 inspicere
1285 3973 1436 4028 nefas
1464 3983 1601 4039 erat,
1635 3977 1834 4044 probro
1864 3988 1918 4033 et
1944 3983 2270 4036 contumelia
2331 3999 2428 4038 vos
2496 3982 2692 4046 allecit,
2768 3990 2926 4051 atque
2965 3981 3247 4051 impiorum
3326 3998 3450 4037 ocu-

213 4068 273 4124 lis
295 4072 661 4127 miserandum
706 4069 1074 4150 spectaculum
1138 4070 1434 4140 proposuit,
1469 4069 1791 4140 ﬂammaque

211 4163 424 4234 jusmodi
452 4168 658 4236 probro
688 4139 1097 4221 tolerabiliores.

1867 4073 2196 4132 Sodomitica
2271 4077 2691 4133 vindicandum?
2741 4075 2892 4132 Mitto
2942 4077 3083 4131 enim
3140 4077 3312 4132 caedes
3345 4076 3446 4130 hu-

274 4263 341 4316 Δ’.
378 4263 548 4324 Τίνας
572 4261 936 4332 ὲπαφήκαμεν
980 4260 1155 4331 θῆρας
1190 4261 1361 4329 ἁγίων
1406 4260 1670 4331 σώμασιν,
1703 4261 1776 4326 ὥς

1953 4259 2045 4318 1V.
2087 4263 2241 4329 Quas
2269 4264 2412 4318 feras
2443 4264 2496 4318 in
2524 4273 2830 4319 sanctorum
2855 4277 3078 4332 corpora
3105 4262 3444 4328 imtnisimus,

213 4369 338 4418 τινες
364 4355 461 4424 τὴν
491 4354 834 4426 ἀνθρωπείαν
870 4353 1030 4422 φύσιν
1067 4351 1178 4422 (27)
1207 4351 1680 4422 δημοσιεύσαντες,
1719 4353 1777 4408 ἓν

214 4445 594 4514 ἐγκαλέσαντες
637 4446 818 4517 μόνον,
860 4445 922 4498 τὸ
963 4446 1038 4517 μὴ
1082 4446 1148 4516 τῇ
1197 4443 1421 4514 ἀσεϐείᾳ
1469 4444 1774 4512 συνθέσθαι,

285 4558 409 4614 “IV
444 4553 579 4627 neg.
609 4571 736 4621 xxv,
769 4557 854 4612 tt.

275 4649 376 4720 (l8)
407 4649 654 4704 Ζέοντα.
686 4647 820 4720 Reg.
841 4648 948 4713 bm,
969 4643 1242 4720 ﬁssorum:

275 4714 380 4792 (19)
411 4714 926 4792 ’ῌπιιίιο-ονόιλτωιςἒ
965 4715 1146 4792 Schol.
1173 4733 1185 4767 :
1214 4714 1487 4792 Βασιλέων
1534 4715 1773 4792 ἑτεροδό-

215 4785 326 4854 ξων·
363 4785 386 4842 ὶ
433 4789 855 4859 Imperatoribus
887 4785 1165 4859 limreticis
1205 4787 1582 4859 crudeliorem.
1611 4785 1636 4859 ξ
1676 4785 1773 4838 llic.

217 4855 530 4930 designatur
569 4855 1099 4930 Palladius__ngypti
1154 4865 1368 4930 rector,
1421 4857 1578 4930 qui,
1617 4856 1770 4930 juxta

216 4924 618 4992 Theodoretum,
661 4927 803 4980 Hist.
846 4924 964 4980 lib.
993 4924 1064 4990 tv,
1108 4941 1157 4979 c.
1196 4924 1304 4987 2‘2,
1345 4935 1464 4993 post
1493 4925 1770 4978 Athanasii

218 4998 424 5063 obitum,
460 4997 821 5064 Alexandriae,
846 5012 909 5052 ac
935 4997 988 5051 in
1037 5004 1144 5052 tota
1177 4993 1434 5066 ASgypto,
1465 4993 1772 5050 Catholicos

217 5072 514 5138 gravissime
543 5066 748 5120 aﬂlixit.

279 5140 400 5208 (ΗΥ)
437 5137 895 5208 Τίνωνοὶμωγὰς
940 5135 1181 5206 θρήνοις
1219 5135 1479 5195 ἔπαυσα,
1509 5149 1772 5208 πνενμα-

217 5205 366 5277 τικὰς
411 5205 722 5276 ὀλεθρίοις.
765 5205 854 5261 Sic
884 5205 1046 5277 Regg.
1098 5209 1209 5268 btu,
1247 5208 1342 5270 ltu,
1378 5217 1427 5258 et
1477 5214 1584 5277 tres
1615 5205 1764 5277 Qolb.

218 5272 382 5399 aiam:
437 5272 598 5331 τίνων
624 5278 868 5347 οἰμωγὰς
921 5272 1132 5330 ἔπαυσα
1162 5272 1536 5346 πνευματικὰς
1553 5272 1770 5344 θρήνοις

272 5364 289 5385 ε
330 5365 475 5399 οιοιε.

272 5364 475 5402 ευοιοις.

278 5365 644 5488 ίὲῗὸοιῗΙοῖον.
717 5417 853 5474 Tres
920 5417 1071 5474 Colb.
1133 5424 1188 5472 et
1234 5413 1447 5478 Comb.,
1507 5411 1660 5483 ὑμῶν
1715 5412 1771 5466 δὲ

220 5491 368 5544 ποῖον.
913 5495 919 5501 ’

281 5559 379 5622 (2t)
419 5559 576 5612 Θεία.
612 5558 772 5612 Deest
798 5559 848 5611 in
873 5557 966 5612 0r.
989 5557 1043 5621 1,
1296 5566 1298 5568 ·

280 5619 381 5705 (ξὶ)
411 5629 612 5684 Ποῖον.
653 5629 744 5684 Sic
779 5627 942 5697 chg.
982 5619 1034 5692 ιι,
1071 5627 1125 5694 d,
1159 5624 1323 5681 Coisl.
1355 5624 1408 5688 l,
1435 5632 1540 5680 etc.
1567 5619 1624 5677 In
1654 5621 1767 5688 ed.,

222 5708 385 5759 ‘li'Jtmv.

1879 4365 1938 4410 ut
1969 4358 2238 4422 nonnulli,
2275 4358 2366 4427 qui
2404 4358 2691 4412 humanam
2729 4365 2977 4409 naturam
3019 4355 3353 4422 publicarunt
3391 4364 3448 4410 et

1878 4449 2304 4518 prostituerunt,
2348 4449 2452 4504 hoc
2499 4463 2665 4504 unum
2715 4445 2929 4508 crimini
2975 4454 3264 4509 vertentes,
3302 4444 3447 4518 quod

939 4558 982 4588 "
1029 4555 1163 4608 Dan.
1194 4569 1245 4617 ν,
1289 4555 1341 4609 3.
1421 4553 1603 4611 “Ose.
1636 4571 1753 4624 vut,
1783 4554 1869 4610 ll.

2992 4637 3042 4690 lu
3052 4652 3135 4691 res
3180 4640 3336 4696 codd.
3386 4642 3442 4697 lu

1947 4642 2060 4712 (25)
2095 4639 2326 4709 Αἰσχρὰ
2353 4640 2787 4712 πλυγιζόμενον.
2827 4639 2917 4695 Sic

3021 4708 3204 4761 Billius
3233 4713 3386 4766 vertit
3424 4730 3439 4765 :

1877 4710 2000 4768 Par.
2027 4710 2137 4775 ed.,
2175 4710 2376 4782 αἰσχρά
2428 4710 2790 4782 λογιζόμενον,
2827 4725 2928 4777 quo

1884 4803 1901 4835 ι
1942 4782 2167 4850 turpiter
2193 4778 2508 4836 cantillans.
2549 4801 2568 4832 ι
2598 4778 2740 4835 Nihil
2791 4792 2966 4834 tamen
3005 4778 3069 4832 de
3100 4780 3238 4850 turpi
3279 4793 3442 4837 cantu

1877 4847 2056 4907 exstat
2097 4852 2146 4904 iu
2181 4851 2690 4905 PetriAlexandrini
2729 4850 2976 4920 epistola,
3023 4849 3162 4916 apud
3192 4847 3443 4907 Theodo-

1879 4934 2050 4976 retum
2093 4921 2188 4975 lib.
2215 4936 2289 4984 IV,
2335 4937 2384 4974 c.
2414 4920 2504 4985 22,
2541 4921 2785 4988 quamvis
2839 4930 3046 4987 turpem
3073 4929 3128 4972 et
3149 4920 3447 4980 obscenam

1861 4991 2078 5060 juvenis
2108 4992 2250 5044 illius
2280 4990 2712 5058 praedicationem
2744 4995 3024 5060 memoret:

1937 5061 2048 5131 ('24)
2105 5062 2208 5115 Διὰ
2255 5056 2418 5126 τινος
2477 5060 2590 5129 ἐγὼ
2647 5061 2940 5115 τοιούτου.
2989 5056 3124 5125 Jes.,
3176 5059 3263 5114 διὰ
3301 5059 3446 5131 τίνος

1865 5149 2006 5184 τοιου
2016 5149 2140 5184 των.

1936 5203 2048 5272 (25)
2081 5199 2588 5272 ῨἙξωρχηοζάμην.
2614 5199 2712 5272 _Sic
2739 5199 2917 5272 plures
2959 5199 3130 5271 Regg.
3169 5209 3224 5256 et
3258 5199 3442 5269 Colb.l

1865 5268 1958 5328 0r.
1993 5268 2042 5336 1,
2079 5271 2228 5331 Par..
2259 5268 2580 5334 Comb.,etc.
2613 5269 2809 5340 luem,
2833 5268 3284 5340 ἐξορχησάμενος.

1959 5341 2048 5411 ‘26)
2101 5340 2499 5411 Σοδομιτικοῦ.
2556 5341 2666 5411 Duo
2685 5339 2874 5411 Rc_gg.,
2903 5339 3226 5411 Σοδομιτῶν.

1962 5407 2051 5480 27)
2090 5407 2487 5480 ΪΑνθρωπείαν
2509 5407 2838 5480 φύσινηὸἱο
2857 5419 2965 5462 tres
2989 5407 3176 5479 ltegg.,
3211 5407 3372 5480 Coisl.
3401 5407 3440 5462 2

1871 5478 2059 5535 et.Par.
2081 5479 2170 5534 Sic
2182 5480 2343 5534 etiam
2364 5479 2490 5548 legit
2505 5479 2708 5532 Billius.
2731 5478 2785 5532 lu
2805 5481 2888 5533 ed.
2907 5488 2958 5532 et
2977 5478 3088 5533 uno
3101 5480 3243 5544 cod.,
3261 5479 3440 5532 dﬂdV-i

1869 5549 2118 5621 θρωπον,
2159 5568 2178 5601 ι
2225 5549 2495 5604 crudelem
2529 5559 2798 5621 naturam.
2843 5569 2860 5600 ›
2900 5548 2992 5621 Or.
3052 5550 3106 5612 1,
3142 5548 3436 5620 ἀπανθρωη

1871 5619 2048 5673 mm.
2078 5619 2198 5674 llzec
2228 5634 2388 5690 seusu
2414 5620 2748 5688 simpliciori,
2791 5628 2838 5673 ct
2871 5619 3072 5688 absque
3097 5619 3436 5690 metaphdra,

1872 5692 1935 5751 de
1957 5690 2218 5746 damnatis
2243 5689 2307 5744 ad
2343 5691 2543 5745 bestias
2579 5690 2800 5758 intelligi
2834 5697 3082 5760 possunt.
