4010 6316
191 269 274 327 εει
855 266 1116 325 ORATIO
1157 267 1394 324 xx.an
1433 300 1504 310 —
1540 269 1821 327 CONTRA
1858 271 2164 329 ARIANOS
2199 272 2288 328 ET
2329 274 2417 330 DE
2456 275 2716 336 smpso.

3302 290 3412 345 292

187 397 287 450 μων
327 377 478 449 χερσὶ
535 378 846 449 παρέδωκα,
899 379 968 433 ἵν’
1001 381 1076 444 ὠς
1127 380 1293 454 θῆρες
1338 383 1644 454 εἰρχθέντες
1683 387 1730 438 ἐι

1848 386 1999 449 viris,
2040 389 2130 456 qui
2162 403 2328 445 carne
2355 405 2492 460 pene
2527 407 2590 448 ac
2611 393 2871 464 sanguine
2903 398 3197 456 carebant?
3233 399 3410 470 Quos-

183 470 452 540 ἀφεγγέσιν
497 471 692 532 οἴκοις,
731 471 823 523 καὶ
851 470 1098 542 ἀλλήλων
1129 473 1534 544 διαζευχθέντες
1559 475 1738 546 (τοῦτο

182 563 272 632 γὰρ
293 561 352 630 δὴ
380 560 440 612 τὸ
467 559 572 629 τῆς
597 560 907 629 τραγῳδίας
933 560 1277 634 βαρύτατον),
1298 564 1441 636 λιμῷ
1468 568 1561 618 καὶ
1593 566 1734 636 δίψει

181 650 606 720 κακοπαθήσωσι,
641 652 848 721 τροφὴν
887 653 1264 722 μετρούμενοι,
1301 657 1396 708 καὶ
1425 656 1630 726 ταύτην
1650 657 1737 710 διὰ

183 741 358 794 στενῶν
384 739 490 792 τῶν
525 739 736 811 πόρων,
767 741 860 792 καὶ
889 740 1008 794 οὐδὲ
1031 742 1157 806 τοὺς
1186 744 1581 812 συναλγοῦντας
1605 748 1737 816 ὁρᾷν

178 833 378 903 ἐώμενοι
421 831 566 901 (Μ);
627 833 738 885 Καὶ
781 834 974 897 ταῦτα,
1009 835 1148 898 τίνε,
1201 835 1348 907 {12);
1389 832 1490 890 Ὦν
1527 839 1626 890 οὐκ
1669 833 1736 908 ἦν

178 923 304 986 ἄξιος
329 924 355 974 ὁ
387 923 612 992 κόσμος.
641 923 799 977 Οὕτω
832 925 1022 994 τιμᾶτε
1058 925 1240 978 πίστιν
1266 927 1452 996 ὑμεῖς;
1473 927 1614 980 οὕτω
1649 928 1735 992 ξε-

178 1013 352 1076 νίζετῆ
393 1013 669 1078 Ἀγνοείτε
721 1012 792 1065 τὰ
847 1013 1016 1067 πλείω
1044 1017 1280 1068 τούτων·
1310 1017 1403 1068 καὶ
1445 1016 1562 1071 λίαν
1594 1017 1738 1070 εικό-

174 1122 282 1168 τως,
322 1102 408 1156 διὰ
452 1103 516 1156 τὸ
552 1103 761 1174 πλῆθος
798 1104 906 1156 τῶν
940 1105 1256 1175 δραμάτων,
1285 1108 1380 1161 καὶ
1423 1107 1525 1177 τῆς
1573 1111 1633 1163 ὲν
1659 1109 1737 1180 τῷ

176 1197 322 1248 ποιεῖν
352 1194 598 1264 τρυφῆς·
633 1194 768 1248 ἀλλὰ
799 1195 858 1248 τὸ
889 1196 1097 1266 πάσχον
1131 1197 1632 1270 μνημονικώτερον.
1670 1199 1736 1252 Τί

177 1304 250 1357 μοι
272 1286 336 1340 τὰ
365 1286 556 1358 πόρρω
581 1287 800 1355 λέγειν;
840 1287 1000 1341 Ἀλλά
1018 1306 1160 1352 τινες
1183 1290 1279 1342 καὶ
1301 1289 1396 1342 τοῦ
1424 1291 1614 1362 καιροῦ
1644 1307 1737 1360 γε-

173 1378 334 1444 γόνασι
377 1377 677 1449 βιαιότεροι
729 1381 864 1449 (45),
901 1381 1150 1452 καθάπερ
1184 1382 1234 1434 οἱ
1275 1381 1416 1436 κατὰ
1463 1383 1735 1453 φραγμῶν

171 1470 439 1540 ὠθούμενοι
484 1470 640 1534 σύες.
673 1471 828 1541 Ζητῶ
863 1490 963 1542 μου
1015 1471 1072 1525 τὸ
1112 1471 1240 1543 χθὲς
1285 1470 1438 1542 ὑμῶν
1484 1473 1733 1541 σφάγιον,

170 1562 246 1613 τὸν
269 1561 489 1632 γέροντα
519 1563 662 1632 (-1.1),
687 1563 781 1617 καὶ
819 1565 1173 1636 Ἀϐραμιαῖον
1199 1564 1434 1635 πατέρα,
1460 1564 1518 1616 ὃν
1547 1565 1612 1618 ἐκ
1639 1565 1736 1637 τῆς

171 1656 437 1727 ὑπερορίας
499 1657 761 1727 ἀχθέντα,
810 1657 976 1722 λίθοις
1021 1657 1404 1724 ἐδεξιώσασθε,
1465 1657 1735 1730 μεσούσης

1843 492 1965 530 nam
1995 478 2113 546 pios
2158 481 2328 546 viros,
2373 485 2563 550 patriae
2612 485 2808 540 ﬁnibus
2859 488 3063 558 pulsos,
3106 493 3410 550 hominibus

1841 567 2040 636 iniquis
2078 569 2280 635 dedidi,
2321 579 2380 626 ut
2419 575 2772 631 tenebricosis
2807 579 3053 635 domibus
3084 581 3320 638 ferarum
3356 587 3409 641 in

1843 660 2059 713 modum
2105 661 2318 728 inclusi,
2366 673 2531 733 atque
2583 666 2673 720 alii
2711 669 2778 722 ab
2809 671 2929 724 auis
2962 671 3214 740 disjuncti
3246 675 3408 746 (quod

1841 749 1894 802 in
1947 759 2054 803 tota
2104 753 2362 820 traguedia
2403 755 2780 822 gravissimum
2815 759 2977 828 erat),
3028 760 3168 817 t‘ame
3206 779 3268 818 ac
3318 765 3407 819 siti

1841 839 2168 905 laborarent,
2226 852 2428 896 certam
2481 845 2586 899 cibi
2647 862 2987 918 mensuram,
3040 865 3268 922 eamque
3313 869 3409 922 per

1839 942 2093 998 angusms
2142 933 2310 987 rimas
2350 933 2698 1004 accipientes,
2749 953 2816 991 ne
2862 938 3001 993 facta
3031 943 3244 1010 quidem
3277 943 3408 1015 ipsis

1837 1030 2107 1089 potestate
2135 1037 2230 1076 eos
2263 1023 2502 1089 videndi,
2533 1027 2624 1096 qui
2658 1027 2710 1080 in
2752 1029 2939 1083 iisdem
2975 1033 3248 1090 doloribus
3289 1051 3408 1090 ver-

1837 1113 2136 1167 sabantur?
2178 1115 2353 1182 Atque
2396 1116 2534 1178 hac,
2569 1118 2788 1186 quinam
2820 1121 2963 1174 viri?
2998 1122 3195 1187 Quibus
3219 1127 3407 1196 dignus

1838 1218 1940 1255 non
1967 1212 2080 1256 erat
2116 1208 2338 1258 mundus
2369 1205 2435 1258 “.
2480 1205 2571 1261 Sic
2610 1208 2768 1262 iidem
2804 1208 2992 1266 honori
3030 1214 3286 1270 habetis?
3317 1217 3409 1273 Sic

1840 1291 2076 1362 hospitio
2119 1293 2408 1363 excipitis?
2457 1293 2712 1362 Maiorem
2749 1297 2912 1368 607
2947 1300 3138 1355 horum
3192 1313 3402 1371 partem

1840 1383 2125 1450 ignoratis;
2156 1393 2211 1438 et
2237 1385 2430 1440 merito
2471 1401 2603 1442 sane
2643 1399 2864 1456 propter
2891 1405 3067 1446 rerum
3125 1403 3398 1462 gestarum

1839 1474 2274 1540 multitudinem,
2323 1477 2626 1546 miramque
2663 1477 3002 1543 iniaciendo
3047 1484 3398 1552 voluptatem.

1838 1564 1908 1618 At
1950 1565 2016 1628 is,
2066 1566 2156 1634 qui
2209 1569 2435 1635 patitur,
2490 1571 2748 1624 tenaciori
2796 1571 3054 1627 memoria
3095 1587 3214 1628 esse
3249 1575 3407 1630 solet.

1840 1657 1977 1722 Quid
2008 1667 2188 1713 autem
2223 1659 2512 1730 longinqua
2543 1661 2773 1732 colligo?
2811 1664 2880 1717 At
2918 1665 3155 1718 nonnulli
3201 1666 3408 1720 violen-

169 1742 373 1812 ἡμέρας,
401 1745 458 1796 ὲν
495 1745 643 1818 μέσῃ
685 1746 856 1798 πόλει.
905 1747 1095 1816 Ἦμεῖς
1131 1747 1189 1799 δὲ
1234 1747 1328 1799 καὶ
1360 1746 1485 1810 τοὺς
1529 1750 1727 1816 φονεῖς,

1837 1746 2001 1802 tiores
2035 1749 2200 1804 etiam
2251 1766 2371 1806 sese
2406 1753 2754 1820 prarbueruut
2783 1794 2798 1818 ,
2836 1769 2994 1824 (piam
3025 1757 3279 1825 temporis
3318 1773 3407 1812 ra-

168 1834 208 1885 εί
233 1831 300 1902 μὴ
335 1836 588 1904 φορτικὸν
617 1838 815 1898 εἰπεῖν,
851 1836 1236 1908 ἐζητησάμεθα
1258 1837 1370 1908 (45)
1395 1839 1729 1894 κινδυνεύονο

1838 1840 1911 1893 ιίο
1957 1841 2096 1894 ferre
2131 1842 2427 1908 videretur,
2482 1861 2586 1900 non
2632 1861 2786 1900 secus
2832 1854 2995 1915 atque
3027 1847 3164 1915 apri,
3196 1849 3285 1916 qui
3312 1863 3408 1917 per

165 1941 264 1986 τας.
290 1924 430 1978 Ποῖα
455 1928 692 1980 τούτων
716 1929 891 1994 ἵλεως
921 1929 1136 1998 ἔσομαί
1167 1945 1300 1993 σοι;
1329 1929 1462 1999 φησί
1498 1946 1600 1982 που
1627 1931 1726 2001 τῆς

1833 1941 1982 1998 septa
2016 1937 2256 2000 quaedam
2301 1951 2492 2004 magno
2532 1937 2730 2006 impetu
2767 1935 3034 1990 feruntur.
3088 1936 3408 1992 Ilesternam

165 2013 360 2086 Γραφῆς
380 2016 408 2068 ὁ
428 2015 585 2080 Θεός.
641 2019 705 2070 Τί
738 2017 941 2072 τούτων
974 2019 1278 2084 ἐπαινέσω;
1323 2018 1520 2090 μᾶλλον
1549 2019 1626 2084 δὲ,
1662 2021 1727 2074 ἐκ

1835 2037 2008 2076 meam
2035 2024 2308 2078 victimam
2338 2042 2524 2096 posco,
2551 2043 2733 2084 senem
2770 2029 2939 2093 illum,
2987 2038 3042 2084 et
3081 2030 3408 2085 Abrahami-

166 2108 312 2162 ποίων
340 2109 486 2177 ὑμᾶς
506 2109 853 2181 ἀναδήσομαι
875 2128 890 2176 ;

1835 2129 1956 2168 cum
1984 2125 2212 2184 patrem,
2240 2133 2402 2188 quem
2425 2134 2490 2174 ex
2521 2121 2713 2176 exsilio
2745 2122 3057 2176 redeuntem
3086 2124 3262 2179 medio
3293 2125 3402 2190 die,

166 2199 317 2255 media
365 2217 419 2255 tn
463 2199 603 2257 urbe
653 2203 799 2257 saxis
838 2203 1150 2272 excepistis.
1215 2204 1286 2258 At
1324 2218 1422 2258 nos
1498 2203 1622 2271 (nisi
1668 2205 1768 2259 hoc
1844 2206 1988 2260 dictu
2038 2223 2201 2276 grave
2249 2219 2412 2278 atque
2465 2211 2785 2265 invidiosum
2837 2213 2948 2278 sit),
2992 2211 3409 2282 interemptores

163 2290 306 2344 etiam
397 2291 545 2362 ipsos
594 2293 977 2360 deprecatione
1033 2303 1217 2349 nostra
1267 2295 1510 2364 periculo
1592 2295 1782 2348 mortis
1855 2295 2222 2354 liberavimus.
2296 2299 2466 2368 Super
2532 2315 2634 2369 quo
2712 2301 2898 2352 horum
2978 2299 3074 2352 tibi
3141 2302 3398 2371 prapitiu,

163 2383 272 2436 ero?
313 2381 544 2448 quodam
591 2381 890 2453 Scriptum
945 2383 1062 2439 loco
1113 2386 1184 2440 ait
1245 2381 1384 2443 Deus
1435 2388 1512 2441 ⁸⁵.
1565 2390 1700 2457 Quid
1743 2391 1933 2448 horum
1995 2391 2260 2446 laudabo?
2326 2390 2409 2444 vel
2461 2391 2638 2460 potius
2675 2430 2691 2458 ,
2754 2390 2824 2445 ob
2863 2403 2982 2459 quae
3035 2403 3237 2444 corona
3296 2406 3393 2448 vos
3455 2427 3458 2430 ~

164 2474 348 2542 cingant
367 2473 391 2527 ’ί

221 2568 303 2632 ς’.
354 2565 507 2620 Ἐπεὶ
550 2567 613 2620 δὲ
657 2566 882 2620 τοιαῦτα
918 2563 986 2618 τὰ
1025 2565 1112 2628 σὰ,
1163 2565 1260 2618 καὶ
1294 2566 1466 2631 οὕτως
1509 2568 1722 2639 ἔχοντα,

1897 2567 1986 2624 Vl.
2020 2565 2280 2632 Quoniam
2301 2572 2479 2619 autem
2518 2564 2631 2619 haec
2672 2574 2835 2635 atque
2897 2567 3206 2639 hujusmodi
3254 2569 3394 2624 faci-

163 2655 268 2723 λέγε
290 2673 376 2725 μοι
401 2655 493 2709 καὶ
521 2655 628 2717 τὰς
657 2656 796 2726 ἐμὰς
827 2654 1059 2719 ἀδικίας,
1085 2654 1150 2707 ἵν’
1178 2655 1210 2726 ἢ
1240 2656 1534 2726 παύσωμαι
1559 2660 1724 2723 κακὸς

161 2745 242 2808 ὢν,
279 2747 310 2817 ἢ
343 2747 715 2818 αἰσχύνωμαι.
767 2748 853 2810 Ὠς
889 2747 1062 2814 ἔγωγε
1096 2747 1329 2817 μάλιστα
1363 2748 1462 2819 μὲν
1496 2749 1726 2822 εὔχομαι

165 2838 307 2907 μηδὲν
331 2840 604 2912 ἁμαρτεῖν
626 2855 638 2870 ·
668 2841 718 2893 εί
749 2839 792 2892 δ’
827 2835 939 2902 οὖν,
966 2841 1059 2893 καὶ
1087 2840 1288 2893 ἀδικῶν
1317 2841 1686 2911 ἐπανάγεσθαι
1707 2861 1720 2874 ο

160 2929 364 3002 δευτέρα
405 2933 567 3004 μερὶς
603 2931 741 3003 αῦτη
770 2932 880 2985 τῶν
917 2928 974 2986 εὖ
1006 2933 1367 3003 φρονούντων.
1400 2935 1510 2988 Καὶ
1535 2936 1642 3006 γὰρ
1675 2937 1724 2989 εί

165 3019 226 3088 μὴ
246 3020 540 3093 κατήγορος
572 3021 814 3091 ἐμαυτοῦ
843 3021 983 3076 κατὰ
1009 3023 1099 3074 τὸν
1128 3021 1332 3076 δίκαιον
1363 3024 1423 3076 ὲν
1453 3025 1724 3096 πρωτολο-

162 3113 240 3183 vi;
261 3115 498 3186 γίνομαι,
528 3115 711 3185 χαίρω
745 3131 808 3184 γε
838 3114 930 3168 ὑπ’
955 3111 1118 3168 ἄλλου
1141 3113 1592 3185 θεραπευόμενος.
1619 3119 1725 3169 Μι-

163 3205 257 3273 apd
289 3222 406 3268 σοι,
439 3208 632 3276 φησὶν,
682 3207 721 3274 ἠ
771 3206 968 3271 πόλις.
1011 3197 1110 3258 κὰ),
1147 3205 1291 3260 οὐδὲ
1320 3208 1519 3274 πόλις.
1564 3210 1725 3262 ἀλλὰ

163 3298 357 3365 χωρίον
399 3297 614 3366 ξηρὸν,
664 3296 765 3350 καὶ
809 3295 1005 3366 ἄχαρι,
1055 3297 1155 3350 καὶ
1183 3297 1410 3366 ὀλίγοις
1455 3300 1723 3367 οἰκούμε-

162 3404 271 3444 ror.
310 3388 477 3443 Τοῦτο
513 3386 1010 3458 πέπονθα-μᾶλλον,
1043 3380 1087 3443 ὦ
1125 3387 1386 3458 βέλτιστε,
1419 3387 1452 3458 ἦ
1495 3389 1726 3458 πεποίη-

164 3495 240 3544 κα,
273 3479 420 3552 εῐπερ
448 3480 568 3534 ἔστι
614 3479 816 3532 δεινόν’
860 3479 954 3532 καὶ
992 3481 1040 3532 εί
1079 3479 1176 3550 μὲν
1203 3479 1314 3549 (46)
1339 3479 1507 3540 ἄκων,
1541 3479 1727 3549 ἀνέχο-

167 3589 246 3640 pa:
266 3573 538 3644 δυστυχῶν
577 3571 690 3644 (47)
722 3570 985 3642 (λεγέσθω
1012 3571 1121 3643 γὰρ
1145 3571 1339 3640 οὕτως)
1361 3589 1374 3602 ο
1406 3574 1454 3625 εί
1475 3571 1533 3624 δὲ
1559 3571 1722 3637 ἑκὼν,

165 3662 427 3735 φιλοσοφῶ.
462 3665 706 3737 Πότερον
737 3663 942 3716 τούτων
977 3662 1089 3732 (48)
1119 3661 1368 3734 ἔγκλημα
1397 3681 1410 3729 ;
1440 3663 1503 3716 Εἰ
1526 3664 1600 3735 μὴ
1632 3665 1726 3718 καὶ

162 3755 236 3808 τὸν
263 3757 476 3828 δελφῖνα
511 3757 794 3824 κακίζοιτό
819 3774 902 3822 τις
931 3757 1065 3827 (49),
1093 3757 1174 3810 ὄτι
1211 3757 1286 3830 μὴ
1312 3760 1565 3829 χερσαῖος
1583 3775 1596 3788 ³
1631 3759 1726 3812 καὶ

163 3849 239 3902 τὸν
270 3850 410 3917 βοῦν,
451 3853 537 3905 ὅτι
584 3851 659 3922 μὴ
694 3850 984 3919 πελάγιος·
1031 3851 1122 3904 καὶ
1173 3850 1271 3922 τὴν
1321 3849 1607 3922 μύραιναν,
1644 3852 1724 3904 ὅτι

163 3942 393 4010 ἀμφίϐιος
423 3943 558 4012 (50).
598 3942 761 4012 Ἡμῖν
802 3942 894 4006 δὲ,
927 3943 1081 4013 φησί,
1131 3943 1298 4012 τείχη
1343 3943 1442 3996 καὶ
1491 3943 1723 4010 θέατρα,

164 4031 248 4082 καί
287 4034 492 4088 ἱππικὰ
528 4033 670 4104 (51),
700 4033 800 4087 καὶ
829 4033 1141 4096 βασίλεια,
1176 4032 1274 4086 καὶ
1307 4031 1501 4100 κάλλη
1530 4032 1727 4086 στοῶν

162 4122 242 4173 καί
264 4125 498 4193 μεγέθη,
534 4125 635 4178 καὶ
681 4126 745 4178 τὸ
779 4125 1039 4178 ἄπιστον
1072 4123 1246 4178 τοῦτο
1274 4122 1471 4192 ἔργον,
1508 4127 1541 4176 ὁ
1574 4126 1725 4177 ὑπο-

164 4215 376 4282 χθόνιος
413 4217 527 4288 (52)
577 4217 676 4272 καὶ
705 4215 902 4287 ἀέριος
937 4217 1224 4286 ποταμὸς,
1249 4216 1347 4269 καὶ
1383 4219 1415 4270 ὁ
1452 4217 1725 4285 λαμπρὸς

162 4306 362 4374 στύλος
403 4309 514 4381 (55)
560 4310 769 4365 οὐτοσὶ
822 4309 921 4363 καὶ
962 4311 1362 4376 ἀπόϐλεπτος,
1404 4308 1502 4363 καὶ
1539 4307 1726 4378 ἀγορὰ

231 4459 269 4490 ⁸⁸
295 4459 451 4518 Hebr.
485 4479 568 4528 ιι,
594 4461 684 4518 58.
763 4462 806 4494 ¹⁸
841 4460 1180 4527 Jerem.v,7.
1261 4462 1304 4492 ¹⁸
1343 4459 1503 4516 Prov.
1538 4477 1693 4527 xvut,
1737 4463 1818 4519 i7.

1831 2675 1960 2714 nora
1998 2669 2086 2712 tua
2125 2666 2279 2721 sunt,
2325 2671 2423 2723 age
2447 2697 2462 2722 ,
2499 2657 2612 2725 jam
2651 2657 2963 2726 iniquitates
2997 2674 3211 2729 quoque
3247 2675 3400 2715 meas

1829 2751 1960 2804 mihi
2013 2764 2210 2811 narra,
2247 2757 2305 2802 ut
2340 2748 2424 2802 vel
2461 2747 2634 2802 malus
2666 2763 2786 2803 esse
2826 2750 3102 2816 desinam,
3163 2751 3242 2806 vel
3273 2765 3402 2805 eru-

1828 2842 2066 2896 bescam.
2102 2840 2315 2894 Etenim
2350 2839 2584 2895 maxime
2617 2840 2667 2893 id
2697 2841 2910 2910 quidem
2947 2845 3210 2911 optarim.
3246 2846 3396 2899 omni

1828 2934 1986 3002 culpa
2013 2946 2205 2986 vacare
2233 2951 2246 2985 :
2279 2931 2360 2986 sin
2391 2940 2568 3001 autem
2600 2933 2702 2986 hoc
2730 2933 2949 2987 minime
2979 2937 3312 3000 conceditur,
3341 2947 3398 2990 at

1829 3028 1957 3082 illud
1999 3026 2223 3091 saltem,
2269 3035 2328 3079 ut
2357 3025 2400 3080 si
2447 3025 2576 3094 quid
2617 3025 2786 3093 iniqui
2829 3027 3106 3081 admittam
3135 3067 3150 3092 ,
3191 3029 3258 3082 ad
3289 3043 3400 3084 me-

1831 3119 2020 3174 liorem
2051 3119 2190 3172 viam
2229 3132 2456 3172 revocer
2485 3134 2500 3184 ;
2532 3132 2650 3186 qua:
2684 3119 2916 3174 secunda
2950 3120 3270 3188 prudentum
3301 3122 3400 3176 ho-

1824 3212 2026 3264 minum
2085 3209 2276 3264 classis
2303 3217 2404 3263 est.
2454 3207 2590 3261 Nam
2638 3208 2738 3262 etsi
2786 3206 2918 3276 justi
2975 3209 3116 3263 illius
3147 3223 3316 3273 more,
3344 3211 3401 3266 in

1826 3303 1931 3357 mei
1973 3302 2316 3357 accusatione
2359 3301 2561 3369 primas
2610 3310 2794 3369 partes
2853 3316 2957 3354 non
3002 3316 3207 3370 occupo
3237 3301 3311 3369 “,
3347 3311 3403 3356 at

1827 3402 1975 3449 certe
1999 3394 2236 3463 peccatis
2265 3393 2400 3447 meis
2426 3392 2493 3446 ab
2519 3393 2626 3446 alio
2650 3392 2969 3446 medicinam
2997 3392 3236 3446 adhiberi
3266 3408 3399 3462 gau-

1827 3484 1945 3538 deo.
2003 3481 2176 3538 Parva
2213 3483 2309 3536 tibi
2361 3483 2547 3537 ciuitas
2589 3493 2700 3550 est,
2748 3483 2968 3551 inquis,
3014 3499 3074 3536 ac
3124 3500 3186 3538 ne
3221 3485 3400 3539 civitas

1826 3575 2066 3644 quidem,
2100 3575 2190 3627 sed
2219 3574 2404 3628 aridus
2440 3572 2585 3629 locus
2606 3613 2622 3640 ,
2651 3583 2697 3626 et
2728 3574 3020 3626 iuamamus
3049 3585 3204 3643 atque
3235 3574 3399 3643 infre-

1825 3682 2008 3736 quens.
2058 3667 2236 3735 Atque
2277 3667 2414 3732 hoc,
2443 3666 2488 3721 si
2531 3667 2585 3720 in
2632 3665 2790 3719 malis
2826 3664 3133 3719 habendum
3161 3677 3281 3732 est,
3317 3667 3402 3719 vir

1825 3757 2104 3828 praeclare,
2163 3757 2338 3825 patior
2391 3758 2570 3827 potius
2615 3772 2776 3826 quam
2824 3755 2962 3812 facio
3009 3775 3024 3812 :
3076 3765 3132 3812 et
3190 3758 3235 3812 si
3278 3757 3400 3827 qui-

1827 3851 1947 3902 dem
1999 3848 2165 3902 invito
2225 3850 2436 3914 animo,
2496 3849 2661 3904 miser
2711 3863 2862 3914 sum,
2931 3849 3092 3905 liceat
3141 3850 3285 3904 enim
3325 3851 3399 3904 ita

1827 3939 1970 4008 loqui
1997 3957 2012 4006 ;
2046 3940 2088 3994 si
2121 3955 2250 3994 vero
2281 3956 2432 4008 ωψιο
2465 3954 2529 3994 ac
2565 3939 2789 4005 libenti,
2825 3941 3128 4010 philosophi
3178 3940 3394 3995 laudem

1827 4033 2065 4090 obtineo.
2109 4034 2295 4089 Utrum
2339 4035 2533 4089 horum
2570 4035 2812 4089 criminis
2866 4035 3128 4088 rationem
3185 4035 3397 4088 habet?

1828 4124 1941 4179 Nisi
1989 4140 2116 4179 vero
2149 4127 2272 4194 quis
2308 4126 2410 4181 hoc
2441 4127 2660 4181 nomine
2694 4125 3004 4194 delphinum
3036 4127 3398 4180 accusandum

1827 4205 2016 4287 putet,
2051 4218 2192 4284 quod
2230 4226 2490 4274 terrestre
2525 4219 2727 4274 animal
2764 4234 2867 4274 non
2916 4219 3027 4272 sit:
3079 4228 3131 4270 et
3173 4219 3396 4279 bovem,

1827 4309 1971 4379 quod
2012 4323 2118 4363 non
2157 4309 2210 4364 in
2257 4310 2412 4379 aquis
2457 4311 2657 4380 degat:
2701 4321 2757 4365 et
2799 4325 3094 4364 muracnam
3119 4349 3134 4372 ,
3168 4309 3309 4376 quod
3345 4309 3397 4360 iu

224 4570 326 4646 (il)
346 4575 542 4646 _'0p¢ir
570 4568 836 4646 ἐώμενίοι.
870 4576 960 4630 Sic
978 4575 1159 4643 plures
1193 4574 1384 4645 chg.,
1411 4575 1515 4629 duo
1531 4573 1716 4638 Coisl.,

1832 4568 2130 4646 ed..§stvbv
2156 4571 2184 4623 ὁ
2212 4568 2368 4646 καὶεί
2401 4567 2519 4646 μέν,
2549 4577 2656 4646 etc.

162 4638 319 4718 0r.
339 4638 600 4718 Jes'q'etc.
627 4638 786 4718 Deest
817 4647 948 4718 ὁρᾷν
977 4638 1027 4718 in
1063 4647 1150 4718 ed.

224 4711 325 4783 (ᾖ)
367 4717 566 4782 Τίνες-ς
603 4735 622 4768 ι
674 4711 904 4782 Quinam
949 4715 1089 4769 viri?
1134 4735 1152 4766 ι
1189 4715 1242 4769 Id
1271 4713 1416 4769 Elius
1447 4713 1716 4783 prmcipue

165 4779 405 4855 defaulo
436 4779 1304 4855 episcopo'Constantinopolitano
1340 4779 1605 4853 intelligit.

222 4849 326 4924 (45)
380 4849 728 4924 Βιάιότεροι.
792 4856 984 4924 Arguit
1037 4849 1328 4924 Gregorius
1391 4849 1712 4924 Arianorum

1897 4641 2006 4712 (t7)
2032 4639 2376 4712 Δυστ-υχῶτζ.
2402 4635 2638 4712 ’(ὶοιιιιι..
2661 4635 2924 4712 δυστυχῶ.

1893 4703 2289 4790 (48)]ὀὐτωιί
2324 4708 2415 4764 Sic
2452 4712 2556 4765 duo
2605 4707 2794 4779 liegg.,
2821 4703 2992 4773 0r.1,
3026 4703 3159 4772 Jes.,
3194 4714 3301 4760 etc.
3336 4703 3393 4760 in

1821 4783 1906 4836 ed.
1920 4822 1933 4838 .
1960 4783 2166 4833 τοῦτον.

1892 4851 2003 4922 (49)
2031 4847 2337 4922 Κακίζὶιιτό
2364 4866 2474 4916 τις.
2507 4849 2596 4904 Sic
2623 4849 2758 4918 Reg.
2807 4847 2922 4912 btn,
2948 4855 3004 4901 et
3039 4845 3202 4901 Coisl.
3246 4845 3298 4900 1.
3335 4847 3391 4902 in

165 4919 422 4996 saevitiam,
463 4928 579 4996 qui,
610 4919 701 4982 'ne
749 4919 966 4994 quidem
1016 4927 1116 4980 sub
1147 4919 1408 4996 "principe
1441 4923 1714 4996 catholico
1819 4919 2178 4996 ed.:,__3tat_d§0l
2210 4937 2314 4996 ’ἳιςο

167 4988 506 5067 (Theodosio),
537 4988 572 5050 τι
597 4988 941 5062 crudelitate,
972 5005 1025 5050 et
1069 4998 1136 5050 ab
1167 4988 1487 5050 etiund'endo
1513 4993 1714 5050 Catho-

166 5061 364 5137 licorum
385 5061 658 5137 sait'guine
685 5061 989 5137 temperare
1021 5075 1292 5137 poterant.

225 5131 334 5207 (44)
378 5131 986 5207 ΤὸῇτέρονταίΡιιιειι
1023 5135 1166 5190 Elias
1195 5137 1336 5207 hunc
1376 5148 1560 5207 senem
1586 5148 1707 5190 esse

166 5195 427 5276 Eusebium
462 5195 924 5269 Sa'm'usatensem,
986 5209 1076 5276 qui
1105 5209 1171 5260 ab
1200 5206 1400 5276 Ariana
1454 5205 1703 5276 muliere,

1916 4991 2006 5059 50)
2049 4991 2170 5043 ’Ότι
2211 4991 2506 5059 ἀμφίϐιος.
2531 4988 2626 5043 0r.
2670 4988 2828 5059 1,ὄτι
2857 4985 2932 5058 μὴ
2971 4985 3251 5057 ἀμφίϐιος.

1915 5058 2000 5123 Si)
2049 5058 2307 5116 Ἱππικίί
2335 5059 2430 5114 Or.
2469 5061 2521 5123 1,
2554 5058 2796 5112 ίππικαί.

1916 4994 2006 5059 50)
2049 4994 2170 5043 Ὅτι
2211 4994 2506 5059 ἀμφίϐιος.
2531 4994 2626 5043 0r.
2670 4994 2722 5054 1,
2746 4994 2828 5041 ὅτι
2857 4994 2932 5058 μὴ
2971 4994 3251 5057 ἁμφίδιος.

1915 5063 1969 5114 51
2049 5060 2307 5116 Ἱππικίῇ
2335 5059 2430 5114 Or.
2469 5061 2521 5123 1,
2554 5058 2796 5112 ίππικαί.

1885 4994 2000 5202 gitti
2044 5131 2455 5202 Ὑποχθόνιος,
2495 5138 2599 5202 etc.
2642 5148 2658 5180 ι
2692 5127 2970 5202 Loquitur,
2997 5125 3196 5202 inquit
3221 5123 3386 5202 Elius,

1811 5195 1904 5279 de'
1935 5195 2128 5279 fluvio,
2194 5195 2363 5279 'qilem
2410 5195 2610 5279 Valens
2673 5213 2770 5279 per
2822 5197 3043 5279 aedilicia
3093 5195 3388 5279 cyli‘ndrica

165 5272 316 5358 tegula
348 5275 398 5330 in
445 5276 562 5358 ejus
595 5291 766 5356 caput
804 5292 836 5332 e
895 5264 1038 5332 tecto
1081 5276 1346 5358 conjecta,
1389 5264 1704 5354 interiectus
1812 5271 2043 5358 mirabili
2083 5264 2344 5358 inodorin
2414 5271 2601 5358 urbem
2644 5264 3001 5358 ointroduxlit‘;
3052 5264 3145 5358 qui
3172 5264 3388 5358 “ﬂuvius

165 5332 328 5415 esi._|s
356 5332 587 5403 moriens
627 5332 981 5415 jurejurando
1027 5332 1230 5400 amicus
1285 5332 1597 5405 obstrinxit,
1647 5354 1706 5399 ut
1814 5339 2338 5415 Constantinopolim
2381 5340 2611 5395 mediam
2644 5337 3022 5404 iutersecubat,
3054 5332 3109 5390 et
3138 5332 3382 5389 canalem

168 5404 416 5487 ίςιιιίιιαιιι,
441 5433 560 5487 qua:
593 5404 802 5472 tantum
845 5416 1054 5472 facinus
1087 5423 1445 5484 perpetrarat,
1481 5428 1510 5464 a
1543 5404 1702 5487 pinna
1811 5419 1984 5487 totum
2013 5404 2274 5487 tgplebat.
2303 5429 2336 5487 _t_

168 5476 619 5552 liberaren't.'Vide
649 5487 809 5552 huius
838 5476 1104 5541 orationis
1140 5476 1512 5545 m'onitum,’n.
1539 5476 1594 5536 2.

228 5546 327 5622 (4⁵)
393 5546 842 5626 Ἑζητησάμὲθα.
921 5559 1036 5613 Duo
1097 5555 1289 5626 Regg.,
1355 5552 1697 5626 ὲξῃτησάμε-

168 5609 796 5698 θαξ-ιιίεινροῇὁὲεὶιιιιῖεξνι

224 5686 324 5762 (46)
361 5686 580 5754 dati-0‘1"
624 5699 718 5754 καί
747 5701 798 5753 εί
825 5697 958 5769 μέν,
982 5708 1088 5754 etc.
1127 5696 1216 5754 Sic
1252 5695 1435 5767 plures
1462 5694 1619 5753 codd.
1637 5692 1698 5750 1n

1877 5481 1994 5563 (55)
2021 5471 2268 5547 Σέὐλος.
2301 5479 2424 5534 Haec
2448 5487 2528 5560 est
2552 5477 2822 5563 columna,
2843 5475 2894 5529 in
2925 5488 3024 5544 qua
3043 5471 3384 5563 Constantini

1805 5541 1988 5622 Magni
2017 5561 2194 5622 statua
2224 5541 2496 5622 equestris
2547 5541 2815 5622 collocata
2859 5541 3012 5622 erat,
3063 5557 3224 5611 quam
3251 5541 3384 5596 ἀνο-

1805 5615 1977 5692 suav,
2017 5621 2071 5680 id
2103 5631 2208 5690 est,
2242 5615 2393 5678 t'soii
2417 5620 2741 5692 oppositam,
2789 5636 2808 5670 ι
2847 5615 3129 5687 appellant.
