4010 6316
575 335 685 392 225

577 463 812 522 utroque
841 446 1109 503 elemento
1138 442 1302 496 vitam
1336 439 1522 494 ducat.
1557 436 1624 491 At
1659 435 1844 497 nobis,
1870 431 2084 502 inquis,
2109 436 2158 483 et
2189 438 2235 494 Α

579 545 772 600 ηιωηία
825 547 983 602 sunt,
1036 544 1086 590 et
1131 535 1374 598 theatra,
1425 540 1474 584 et
1515 530 1674 590 circi,
1721 535 1770 581 et
1817 524 2060 592 palatia,
2105 528 2154 572 ct

579 635 811 707 pulo/mc
847 640 1001 700 alque
1035 629 1262 697 ingentes
1292 623 1524 693 porticus
1546 661 1560 684 ,
1596 628 1752 690 atque
1783 621 1877 670 hoc
1905 609 2210 669 incredibile
2241 623 2372 676 opus
2395 646 2409 668 ,

1820 315 1879 371 S.
1918 306 2252 370 GBEGORII
2291 295 2646 359 THEOLOGI

2263 419 2609 486 πλήθουσα,
2653 411 2749 465 καί
2779 409 2970 478 δῆμος
2996 403 3321 475 κυμαίνων,
3347 396 3446 452 καὶ
3482 392 3718 462 ἀνδρῶν
3758 393 3868 448 ei)»

2263 512 2457 584 γενῶν
2486 505 2810 573 συνέδριον
2836 498 3294 566 ἐπαινούμενον.

3748 273 3864 330 294

2485 602 2860 659 subterraneus
2933 595 3212 651 nimirum,
3275 595 3325 639 et
3391 597 3577 636 aereus
3640 581 3862 649 [lui-ius,

619 679 805 692 μνη...
849 679 992 700 ηπ-
1039 679 1043 680 κ
1090 679 1136 697 σί
1292 679 1302 693 ,
1548 679 1558 684 _
1665 679 1676 690 ,

579 679 624 780 ἕρ
655 721 872 778 illustris
921 721 1029 773 Ιηιό
1072 733 1134 770 ac
1179 715 1394 770 visenda
1428 712 1706 774 columna,
1736 719 1784 762 ct
1821 707 1992 777 forum
2035 702 2308 771 frequens,
2345 707 2390 752 et
2427 693 2612 763 vulgus
2656 687 2958 750 exundans,
3009 694 3055 737 et
3115 681 3368 736 nobilium
3434 679 3669 732 virorum
3726 691 3868 744 pm:-

581 817 785 870 clarum
817 812 1118 865 concilium.

653 907 822 979 608
864 903 968 959 Vll.
1013 903 1124 958 Cur
1155 909 1333 955 autem
1366 913 1472 952 non
1501 905 2166 952 commemoras-eorumne

585 997 869 1050 diss‘imum
916 992 1066 1046 urbis
1113 992 1309 1054 situm,
1358 999 1412 1044 et
1464 997 1666 1042 terrain
1717 1001 1778 1039 ac
1827 997 1977 1037 mare
2020 981 2167 1035 velut

582 1090 835 1145 certatim
870 1087 972 1141 sibi
1007 1086 1194 1139 urbem
1225 1083 1554 1137 viudieautia
1581 1120 1597 1145 ,
1625 1080 1844 1146 suisque
1881 1076 2035 1129 bonis
2065 1076 2166 1128 iiii-

585 1181 909 1253 peratricent
949 1180 1141 1241 urbem
1180 1175 1478 1230 ornantia?
1514 1175 1652 1242 Ergo
1691 1173 1802 1224 lucc
1838 1168 2035 1238 injuria
2073 1180 2167 1220 no—

584 1283 697 1328 stra
749 1279 866 1337 est,
923 1270 1066 1340 quod
1123 1284 1219 1323 vos
1277 1267 1490 1336 quidem
1545 1263 1726 1333 magni
1781 1273 1835 1315 et
1881 1257 2168 1314 admodum

589 1363 855 1432 splendidi
884 1361 1047 1426 estis,
1085 1374 1182 1414 nos
1211 1367 1389 1413 autem
1423 1356 1571 1424 parvi
1609 1369 1771 1422 atque
1805 1369 1835 1406 a
1870 1350 2050 1421 parvis
2083 1363 2173 1402 ve-

589 1453 849 1508 nientes?
901 1450 1202 1512 Nimirum,
1250 1449 1297 1503 si
1351 1449 1424 1500 ita
1455 1455 1578 1511 est,
1627 1444 1778 1498 multi
1829 1456 2045 1511 quoque
2079 1439 2172 1494 alii

593 1545 841 1598 eamdem
877 1541 1031 1597 vobis
1065 1539 1320 1608 iniuriam
1355 1537 1629 1600 inierunt,
1671 1545 1834 1604 atque
1864 1534 1998 1587 adeo
2051 1545 2173 1584 om-

595 1651 692 1692 nes
751 1636 824 1700 ii,
872 1635 1070 1703 quibus
1124 1630 1434 1700 superiores
1483 1627 1635 1682 estis.
1691 1625 1830 1679 Num
1888 1633 2170 1695 propterea

2344 882 2418 933 Z'.
2459 874 2587 937 Πῶς
2607 873 2664 928 δὲ
2686 871 2747 925 οὐ
2773 870 2952 938 λέγεις
2975 867 3070 921 καὶ
3091 865 3294 926 θέσεως
3312 861 3616 934 εὐκαιρίαν,
3642 862 3738 913 καὶ
3760 859 3870 929 γῆν

2273 972 2368 1026 καὶ
2403 967 2703 1027 θάλασσαν,
2742 961 2932 1031 ὥσπερ
2958 955 3366 1028 ἁμιλλωμένας,
3400 953 3636 1023 ποτέρας
3678 951 3746 1004 ἂν
3780 948 3871 1018 εἴη

2279 1061 2478 1133 μᾶλλον
2520 1060 2554 1129 ἡ
2597 1055 2772 1117 πόλις,
2814 1051 2910 1104 καὶ
2947 1052 3059 1113 τοῖς
3099 1048 3226 1116 παρ’
3268 1044 3474 1099 ἑαυτῶν
3517 1041 3740 1110 ἀγαθοῖς
3772 1039 3872 1110 τὴν

2279 1152 2529 1226 βασιλίδα
2559 1146 2946 1216 δεξιουμένας;
2982 1141 3151 1194 Τοῦτο
3179 1136 3273 1192 οὖν
3313 1137 3621 1206 ἀδικοῦμεν,
3651 1135 3735 1186 ὅτι
3771 1150 3872 1203 με·-

2277 1246 2434 1316 γάλοι
2472 1243 2572 1313 μὲν
2604 1241 2762 1310 ὑμεῖς
2801 1237 2894 1290 καὶ
2937 1233 3344 1304 ὑπέρλαμπροι,
3397 1228 3582 1299 μικροὶ
3623 1226 3679 1279 δὲ
3709 1227 3878 1295 ἡμεῖς

2279 1339 2375 1393 καὶ
2402 1339 2466 1390 ὲκ
2502 1332 2713 1406 μικρῶν
2737 1332 2999 1401 ἥκοντες;
3038 1325 3232 1403 Πολλοὶ
3265 1323 3355 1376 καὶ
3383 1320 3530 1374 ἄλλοι
3563 1317 3724 1371 τοῦτο
3757 1316 3876 1369 ἀδι-

2282 1430 2470 1484 κοῦσιν
2505 1427 2670 1496 ὑμᾶς,
2719 1421 2920 1494 μᾶλλον
2949 1419 3002 1472 δε
3041 1417 3238 1480 πάντες
3265 1408 3341 1468 ὧν
3379 1411 3708 1482 ὑπεραίρετε
3730 1425 3746 1439 ο
3781 1409 3879 1460 καὶ

2279 1523 2360 1576 δεῖ
2405 1519 2659 1574 τεθνάναι
2708 1516 2876 1587 ἡμᾶς,
2926 1513 3009 1565 ὅτι
3059 1510 3131 1580 μὴ
3171 1507 3323 1562 πόλιν
3365 1505 3693 1575 ἡγείραμεν,
3741 1499 3880 1570 μηδὲ

2279 1613 2435 1683 τείχη
2467 1604 2936 1680 περιεϐαλλὸμεθα
2967 1601 3104 1671 (δι),
3139 1598 3272 1669 μηδὲ
3310 1599 3555 1658 ἱππικοῖς
3597 1591 3880 1665 μεγαλαυο

751 1684 785 1688 --
809 1684 824 1700 ι
878 1684 1066 1703 τ-ν--τ
1136 1684 1168 1686 η
1192 1684 1206 1700 .
1889 1684 1903 1695 .
1989 1684 2002 1694 .

593 1734 768 1779 morte
793 1723 1083 1779 mulctaudi
1115 1736 1334 1784 sumus,
1363 1719 1506 1789 quod
1535 1732 1635 1771 nec
1657 1716 1936 1771 civitatem
1967 1719 2179 1769 exstru—

2300 1704 2510 1776 ίοῦμεν,
2545 1700 2680 1774 μηδὲ
2725 1697 2961 1759 σταδίοις
3009 1711 3068 1748 τε
3109 1693 3204 1746 καὶ
3237 1690 3603 1760 κυνηγεσίοις,
3633 1688 3728 1739 καὶ
3762 1687 3884 1748 ταῖς

593 1816 801 1883 ximus,
859 1830 959 1869 nec
1005 1813 1174 1868 muris
1221 1811 1385 1866 cincti
1418 1825 1646 1875 sumus,
1695 1822 1796 1862 nec
1837 1807 2035 1871 circis,
2078 1817 2181 1859 nec

595 1907 784 1963 stadiis
831 1914 886 1962 et
939 1904 1352 1970 venationibus,
1408 1911 1571 1969 atque
1624 1897 1846 1954 insanis
1889 1897 2033 1950 circa
2091 1908 2182 1949 res

595 1997 901 2068 huiusmodi
950 1998 1187 2063 studiis,
1246 2011 1346 2052 nec
1397 1995 1720 2050 balneorum
1777 1999 2065 2045 venustate
2128 1998 2182 2044 et

596 2089 918 2161 splendore,
953 2103 1054 2142 nec
1081 2101 1412 2141 marmorum
1445 2084 1763 2150 excellentia
1788 2123 1804 2148 ,
1833 2095 1931 2136 nec
1958 2080 2183 2150 picturis

595 2191 652 2236 et
683 2181 895 2251 punctis
934 2178 1431 2248 aurofulgentibus
1454 2216 1470 2244 ,
1508 2177 1766 2243 varioque
1802 2189 1962 2242 opere
1997 2171 2174 2227 confe-

594 2273 733 2337 ctis,
781 2282 990 2327 natura:
1039 2269 1318 2324 solertiam
1370 2269 1755 2338 propemodum
1814 2265 2181 2330 imitantibus,

598 2363 944 2436 gloriamur?
973 2363 1084 2418 Nec
1113 2377 1243 2416 vero
1277 2361 1436 2416 nobis
1471 2361 1650 2415 adhuc
1695 2374 1849 2412 mare
1893 2358 1944 2412 in
1996 2358 2180 2413 orbem

596 2453 941 2520 eiiregimus,
989 2467 1091 2506 nec
1126 2451 1252 2504 anni
1305 2459 1486 2519 partes
1541 2443 1957 2518 temperavimus
2009 2445 2184 2516 (quod

607 2554 664 2600 tu
711 2543 963 2598 videlicet
1003 2557 1176 2596 novus
1220 2556 1399 2595 rerum
1463 2541 1756 2594 fabricator
1790 2537 2088 2608 eﬂ'ecisti),
2130 2544 2187 2590 ut.

607 2636 770 2688 vitam
804 2635 1199 2704 jucundissiine
1237 2631 1396 2687 simul
1427 2642 1481 2686 et
1510 2632 1778 2686 tutissime
1812 2631 2182 2683 traducamus.

602 2728 760 2787 Adde
786 2766 800 2791 ,
834 2727 877 2780 si
922 2726 1132 2795 placet,
1168 2737 1221 2779 et
1249 2725 1352 2778 alia
1379 2725 1637 2784 crimina,
1669 2723 1758 2792 qui
1792 2723 1925 2776 dicis
1955 2741 1968 2778 :
2010 2721 2186 2774 Meum

603 2830 681 2874 est
735 2830 1052 2889 argentum,
1101 2831 1146 2872 ct
1199 2834 1370 2870 meum
1421 2827 1495 2870 est
1525 2834 1715 2869 aurum
1764 2817 1830 2881 '7,
1870 2815 1963 2869 Dei
2025 2832 2189 2871 voces

605 2925 892 2979 usurpans.
949 2909 1055 2964 Nos
1089 2924 1186 2963 nec
1235 2908 1792 2976 divitiasjaetamus,
1851 2908 2048 2976 quibus
2107 2906 2187 2960 al-

607 3002 898 3057 lluentibus
945 3017 1038 3055 cur
1075 3019 1141 3055 ne
1177 3014 1545 3069 appenninus,
1587 2999 1672 3054 lex
1710 3005 1894 3052 nostra
1933 3007 2079 3051 vetat
2116 2999 2182 3063 ³⁸,
2212 3027 2258 3088 c

605 3106 706 3149 nec
734 3106 941 3146 annuos
971 3091 1296 3158 diurnosque
1326 3098 1618 3158 proventus
1664 3102 2014 3142 numeramus
2037 3126 2052 3150 ,
2084 3101 2185 3140 nec

608 3184 819 3254 turgida
859 3201 1041 3239 mensa
1082 3184 1390 3254 stupidique
1427 3183 1633 3236 ventris
1668 3180 1950 3235 lenociniis
1983 3172 2185 3249 gloria'-

607 3291 746 3329 mur.
804 3274 913 3331 Nec
947 3277 1089 3331 enim
1128 3275 1422 3344 quidquam
1470 3289 1658 3329 eorum
1708 3272 2017 3335 laudamus,
2066 3287 2186 3339 qute

609 3369 776 3422 semel
804 3370 856 3423 in
890 3370 1070 3423 fauces
1101 3368 1418 3423 transmissa
1453 3365 1567 3434 pari
1597 3374 1779 3432 postea
1806 3363 2010 3416 honore
2038 3373 2184 3429 sunt,

608 3461 726 3526 vel,
765 3468 822 3512 ut
849 3459 1050 3513 rectius
1082 3458 1294 3524 lotiuar,
1339 3454 1455 3526 pari
1493 3454 1786 3521 ignominia
1821 3463 1875 3505 et
1908 3452 2021 3520 ipsa
2054 3450 2198 3519 reji-.

2285 1797 2415 1865 περὶ
2458 1793 2630 1846 ταῦτα
2669 1791 2909 1861 μανίαις,
2951 1785 3083 1858 μηδὲ
3121 1783 3364 1852 λουτρῶν
3396 1780 3580 1852 χάρισι
3615 1778 3711 1831 καὶ
3742 1776 3886 1846 λαμ-

2288 1889 2544 1959 πρότησι,
2581 1884 2676 1938 καὶ
2717 1882 3024 1953 μαρμάρων
3073 1874 3462 1936 πολυτελείαις,
3503 1871 3598 1924 καὶ
3638 1871 3886 1941 γραφαῖς

2285 1981 2380 2035 καὶ
2412 1979 2699 2048 κεντήσεσι
2731 1975 2845 2043 (55)
2882 1969 3216 2043 χρυσαυγέσι
3244 1985 3302 2020 τε
3341 1967 3436 2018 καὶ
3462 1962 3768 2016 πολυειδέσι
3801 1978 3888 2030 μι-

2287 2073 2422 2145 κροῦ
2451 2071 2820 2143 μιμουμέναις
2846 2066 2942 2136 τὴν
2975 2064 3166 2133 catis-tv;
3199 2061 3484 2114 Θάλασσαν
3511 2055 3623 2126 (Fili)
3647 2055 3704 2108 δὲ
3729 2053 3889 2105 οὔπω

2287 2162 2730 2236 περιερῤήξαμεν
2765 2161 2894 2229 ἡμῖν
2927 2157 3130 2217 αὐτοῖς,
3164 2151 3285 2206 οὐδὲ
3311 2149 3410 2212 τὰς
3432 2147 3579 2220 ὥρας
3612 2142 3889 2212 ἐκερασὰ-

2290 2257 2428 2328 μεθα
2460 2254 2508 2322 (ὃ
2541 2253 2604 2306 σὺ
2629 2249 2829 2321 δηλαδὴ
2863 2247 3188 2316 πεποίηκας,
3213 2245 3242 2296 ὁ
3270 2243 3388 2306 νέος
3410 2237 3792 2311 δημιουργὸς),
3823 2237 3888 2287 ἵν’

2287 2351 2362 2413 ὡς
2405 2344 2600 2418 ἣδιστά
2649 2361 2708 2396 τε
2755 2340 2890 2412 ὁμοῦ
2945 2339 3038 2391 καὶ
3078 2335 3462 2405 ἀσφαλέστατα
3518 2329 3885 2401 βιοτεύοιμεν.

2289 2438 2552 2510 Πρόσθες,
2591 2437 2639 2488 εί
2672 2433 2872 2504 βούλει,
2915 2430 3009 2484 καὶ
3033 2428 3198 2490 ἄλλας
3233 2424 3588 2496 κατηγορίας,
3617 2424 3646 2474 ὁ
3671 2420 3884 2488 λέγων’

2299 2533 2474 2600 Ἐμόν
2498 2530 2630 2582 ἐστι
2652 2526 2716 2579 τὸ
2745 2524 3053 2592 ἀργύριον,
3076 2531 3174 2572 καὶ
3196 2519 3342 2587 ἐμόν
3369 2518 3495 2568 ἐστι
3518 2513 3628 2580 (57)
3659 2512 3726 2565 τὸ
3751 2529 3891 2580 γρυο

2289 2627 2454 2689 (flor,
2479 2621 2577 2685 τὰς
2601 2620 2695 2672 τοῦ
2723 2615 2859 2670 Θεοῦ
2896 2615 3011 2686 (5’8)
3043 2612 3245 2682 ςωνὰς.
3298 2609 3486 2676 Ἡμεῖς
3513 2605 3638 2658 οὔτε
3670 2603 3892 2673 πλούτῳ

2294 2716 2436 2786 μέγα
2458 2708 2786 2784 φρονοῦμεν,
2892 2705 3067 2776 ῥέοντι
3095 2701 3169 2773 μὴ
3201 2695 3607 2770 προστίθεσθαι,
3632 2694 3732 2766 τῆς
3757 2695 3892 2764 ἡμε-

2289 2809 2454 2878 τέρας
2497 2803 2618 2858 ἐστὶ
2661 2797 3004 2871 νομοθεσίας,
3053 2794 3175 2847 οεδὲ
3206 2790 3500 2864 προσόδους
3541 2787 3893 2858 ἄριθμοῦμεν

2291 2898 2514 2970 ἐτησίας
2548 2914 2607 2949 τε
2643 2894 2737 2948 καὶ
2773 2889 3109 2964 ἡμερησίας,
3146 2886 3269 2939 οὔτε
3309 2881 3588 2954 τραπέζης
3617 2880 3772 2949 ὖγκῳ
3804 2896 3894 2946 cpt-

2289 2989 2683 3062 λοτιμούμεθα,
2740 2986 2834 3038 καὶ
2867 2981 3242 3056 φαρμακείαις
3288 2979 3385 3048 τῆς
3423 2975 3753 3044 ἀναισθήτου
3797 2989 3894 3040 γα-

2298 3084 2476 3153 στρός.
2514 3080 2649 3134 Οὐδὲ
2697 3077 2806 3149 γὰρ
2858 3075 2967 3146 (59)
3015 3071 3344 3141 ἐπαινοῦμέν
3381 3088 3431 3123 τι
3477 3069 3586 3121 τῶν
3626 3065 3770 3138 μετὰ
3807 3064 3895 3117 τὸν

2296 3173 2492 3236 λαιμὸν
2523 3170 2828 3242 ὁμοτίμων,
2866 3167 3064 3237 μᾶλλον
3091 3165 3167 3226 δὲ,
3194 3164 3402 3234 ἀτίμων
3426 3161 3626 3232 ὁμοίως
3649 3159 3746 3211 καὶ
3765 3160 3898 3211 ἀπο·

2297 3267 2508 3336 ϐλήτων
2536 3279 2548 3292 ·
2587 3260 2724 3315 ἀλλὰ
2749 3258 2931 3328 ζῶμεν
2960 3256 3132 3318 οὕτως
3166 3255 3351 3317 ἁπλῶς
3388 3253 3482 3305 καὶ
3515 3250 3764 3321 σχεδίως,
3807 3249 3899 3302 καὶ

2304 3358 2497 3430 μικρόν
2531 3353 2644 3424 (60)
2668 3370 2720 3405 τι
2743 3351 2850 3404 τῶν
2875 3348 3100 3420 θηρίων,
3127 3343 3207 3410 οἷς
3239 3348 3266 3399 ὀ
3289 3346 3398 3417 βίος
3429 3345 3659 3407 ἄσκευος
3691 3343 3791 3397 καὶ
3816 3341 3899 3394 ἀν-

2298 3449 2671 3520 επιτήδευτος,
2700 3443 3069 3514 διαφέροντες.

604 3550 821 3609 cieuda.
861 3545 1054 3602 Verum
1093 3544 1321 3614 simplici
1355 3555 1516 3612 atque
1559 3542 1851 3596 illaborata
1891 3543 2072 3595 victus
2099 3555 2297 3610 genere
2332 3543 2556 3597 utimur.
2596 3552 2695 3589 nec
2727 3551 2755 3588 a
2827 3531 3046 3596 bestiis,
3104 3545 3331 3584 nuarum
3400 3527 3506 3582 vita
3577 3525 3893 3597 supelleCti-

606 3647 675 3701 lis
713 3653 876 3714 atque
907 3641 1085 3696 omnis
1121 3647 1414 3708 apparatus
1445 3652 1636 3704 expers
1663 3637 2006 3701 est,multum
2041 3638 2389 3694 dissidemus.

679 3737 814 3793 Vlll.
852 3736 935 3788 An
993 3733 1121 3787 mihi
1156 3746 1370 3801 quoque
1417 3730 1670 3785 detritam
1719 3743 1920 3786 vestem
1964 3733 2188 3802 objicis,

608 3829 896 3898 vultusque
939 3825 1102 3879 situm
1157 3822 1302 3876 haud
1355 3821 1490 3876 satis
1529 3820 1876 3891 elegantem?
1938 3820 2070 3875 Nam
2109 3823 2193 3877 bis

613 3935 830 3994 quoque
861 3919 1023 3974 rebus
1055 3915 1343 3970 nonnullos
1375 3926 1561 3968 eorum
1585 3953 1599 3978 ,
1655 3914 1745 3982 qui
1801 3912 1954 3968 valde
1997 3914 2192 3984 abjecti

550 4073 552 4076 ,
610 4011 782 4070 animi
805 4017 968 4074 sunt,
998 4007 1178 4062 elferri
1205 4005 1492 4076 perspicio.
1522 4005 1706 4072 Quid?
1739 4006 1982 4075 Caputne
2021 4008 2194 4077 ipsum

611 4108 878 4162 intactum
938 4101 1243 4170 relinques,
1300 4113 1400 4155 nec
1449 4097 1641 4154 iisdem
1695 4098 1941 4165 cavillis,
1998 4101 2194 4170 quibus

2372 3733 2453 3787 H’.
2495 3727 2572 3784 Ἥ
2602 3730 2696 3783 καὶ
2726 3727 2827 3798 τῆς
2861 3723 3089 3796 ἐσθῆτός
3127 3740 3228 3794 μου
3273 3720 3334 3774 τὸ
3370 3719 3620 3791 τρύχινον
3651 3715 3895 3788 uiritim,

2302 3825 2396 3880 καὶ
2429 3822 2521 3878 τοῦ
2555 3821 2849 3894 προσώπου
2893 3818 2992 3890 τὴν
3035 3815 3187 3869 θέσιν
3227 3813 3340 3884 (iii)
3373 3813 3472 3864 οὐκ
3494 3810 3712 3880 εὐφυῶς
3747 3811 3899 3878 ἔχου-

2307 3933 2439 3982 σαν;
2479 3915 2601 3968 ἐπεὶ
2639 3914 2732 3967 καὶ
2763 3912 2974 3972 τούτοις
3005 3907 3116 3978 ὁρῶ
3153 3923 3306 3967 τινας
3339 3903 3448 3956 τῶν
3472 3903 3591 3955 λίαν
3622 3901 3898 3955 ταπεινῶν

2305 4007 2630 4079 αἰρομένους
2678 4003 2812 4076 (62).
2847 4002 2957 4072 Τὴν
2994 3997 3236 4069 κεφαλὴν
3281 3995 3339 4048 δὲ
3378 3994 3607 4066 ἀφήσεις
3634 3992 3776 4063 (65),
3811 3993 3899 4044 καὶ

2302 4101 2404 4153 οὐκ
2445 4097 2781 4167 ἐπισκώψεις
2826 4094 2862 4148 ὃ.
2911 4094 3003 4146 καὶ
3033 4091 3124 4144 τὸν
3163 4091 3462 4142 Ἐλισσαῖον
3495 4087 3544 4140 oi
3579 4086 3813 4149 παῖδες;
3844 4087 3899 4138 τὸ

611 4195 862 4252 Ειίεειιιηι
885 4192 1011 4248 olim
1039 4191 1189 4262 pueri
1226 4190 1333 4254 illi,
1364 4189 1604 4244 iucesses
1625 4189 1648 4242 ?
1671 4188 1806 4243 Nam
1853 4204 1976 4258 quae
2001 4190 2188 4245 deinde

2302 4191 2408 4263 γὰρ
2440 4191 2567 4262 ἑξῆς
2607 4189 2976 4259 σιωπήσομαι.
3026 4181 3404 4237 ’Λπαιδευσίαν
3436 4179 3490 4232 δὲ
3533 4179 3632 4231 οὐκ
3669 4176 3896 4245 ἐγκαλέ-

613 4292 930 4358 sequuntur,
973 4284 1186 4338 tacebo.
1221 4280 1404 4358 Quid?
1445 4279 1905 4335 Rusticitatemne
1933 4297 2106 4335 meam
2140 4291 2196 4336 et

613 4379 970 4439 insulsitatem
996 4391 1102 4430 non
1134 4356 1418 4429 accusa-bis
1439 4413 1454 4438 ,
1482 4374 1732 4442 quodque
1758 4387 2009 4441 asperum
2034 4374 2191 4442 quid-

613 4471 733 4534 dam
763 4477 819 4525 et
857 4477 1070 4540 agreste
1101 4465 1244 4536 loqui
1281 4461 1509 4518 videor?
1547 4461 1669 4517 Jam
1706 4477 1836 4518 vero
1864 4479 2096 4533 quonam
2138 4465 2189 4518 id

681 4590 724 4622 "
765 4589 930 4659 Agge.
965 4603 1038 4653 ιι,
1070 4583 1124 4640 9.
1202 4583 1248 4616 ⁸⁸
1285 4581 1429 4640 Psal.
1470 4598 1588 4648 ut,
1625 4583 1713 4636 ll.

685 4703 798 4774 (54)
837 4701 1371 4772 Περιεϐαλλόμεοα.
1415 4697 1608 4755 Plures
1650 4700 1848 4770 Regg.,
1875 4700 2200 4772 περιεϐαλὸ-

619 4775 776 4855 μεθετ

690 4847 802 4917 (55)
841 4841 1196 4917 Κενζήσεσι.
1231 4840 1322 4917 Sic
1345 4852 1529 4917 vocat,
1570 4841 1728 4917 juxta
1758 4840 1950 4906 Eliam,
2000 4853 2197 4917 puncta

619 4912 708 4972 de‘
735 4912 931 4984 lapillis
965 4914 1132 4975 facta,
1159 4923 1212 4967 cl.
1243 4915 1293 4965 in
1335 4914 1764 4984 lextttrisaurcis
1797 4927 2074 4984 expressa.
2105 4912 2200 4964 Vel

619 4983 800 5042 etiam
828 5000 1022 5039 aureos
1060 4994 1414 5052 argenteosm
1461 4983 1688 5050 lapillos,
1745 4983 1835 5050 qui
1890 4984 1956 5034 ad
2016 4997 2197 5035 rerum

619 5056 948 5116 naturalium
976 5054 1355 5117 imitationem,
1383 5055 1434 5106 in
1466 5054 1764 5120 parietibus
1797 5053 1991 5120 depicti
2019 5061 2197 5106 erant.

694 5125 806 5196 (56)
841 5125 1191 5177 Θάλασσαν.
1235 5142 1252 5175 ι
1296 5124 1369 5177 De
1429 5138 1494 5178 eo
1543 5123 1678 5196 mari
1717 5123 1969 5196 loquitur,
2024 5123 2198 5196 inquit

620 5193 797 5279 Elius,
845 5197 988 5262 quod
1030 5211 1059 5246 a
1103 5209 1271 5248 cornu
1320 5208 1529 5262 magnae
1562 5194 1710 5247 urbis
1748 5193 2002 5262 utrinque
2034 5193 2198 5246 veluti

619 5279 877 5331 ungitur.
911 5283 930 5315 ι

692 5336 806 5404 (57)
853 5335 1032 5387 Ἐστι.
1066 5333 1228 5404 Deest
1269 5334 1320 5387 in
1357 5333 1600 5404 pluribus
1635 5333 1800 5402 Regg.
1827 5345 1880 5386 et
1917 5333 2010 5389 Or.
2043 5334 2093 5387 Ι.

867 5406 979 5528 ἕεις
1034 5403 1139 5458 τοῦ
1193 5403 1368 5458 Θεοῦζ
1426 5407 1517 5459 Sic
1576 5406 1754 5473 plures
1817 5405 1984 5475 llegg.
2045 5405 2205 5460 Deest

682 5495 712 5528 υ
747 5492 800 5528 I-n
834 5491 863 5528 e
906 5516 919 5528 .

617 5493 712 5534 του
747 5492 800 5528 I'ﬂ
834 5491 919 5530 ea.

693 5543 807 5616 (59)
842 5545 995 5600 Οὐδὲ
1026 5545 1156 5614 γάρ.
1192 5545 1283 5602 Sic
1306 5546 1412 5600 duo
1444 5546 1614 5615 [ἶνες.
1655 5557 1708 5599 et
1762 5545 1884 5616 Oi.
1907 5545 1953 5598 l.
1981 5544 2037 5597 In
2095 5544 2205 5606 ed.,

623 5617 778 5690 οὐδὲν
799 5617 936 5690 γάρ.
967 5617 1224 5690 Ειιιιιιίοιιι
1257 5617 1576 5690 sententiam
1599 5617 1803 5690 extulit
1850 5615 2210 5690 ΙΙίοτοιιγιιιυε

623 5686 680 5812 lcu
713 5679 895 5812 Epist:
933 5689 998 5743 ad
1039 5687 1339 5752 Paulinum,
1389 5698 1443 5743 et
1493 5687 1545 5742 in
1584 5687 1874 5764 Comment.
1917 5687 1966 5739 in
2005 5679 2206 5740 Ecclcs.

627 5773 676 5822 c.
713 5760 766 5822 ti,
1596 5759 1599 5760 '
1833 5759 1840 5764 ‘

2309 4303 2443 4350 σεις,
2475 4285 2508 4355 ἢ
2533 4286 2615 4338 ὅτι
2645 4281 2817 4355 τραχύ
2855 4298 2936 4334 σοι
2962 4277 3073 4350 (64)
3103 4275 3244 4330 δοκῶ
3270 4275 3362 4328 καὶ
3390 4274 3646 4343 ἄγροικον
3675 4272 3898 4341 φθέγγε-

2303 4377 2426 4430 σθαι
2449 4394 2462 4443 ;
2493 4376 2567 4430 Τὸ
2589 4375 2644 4428 δὲ
2670 4374 2744 4446 μὴ
2774 4370 3053 4442 στωμύλον
3081 4367 3190 4440 (65)
3215 4362 3376 4431 εἶναι,
3403 4364 3504 4418 ποῦ
3529 4365 3746 4434 στήσεις
3765 4364 3895 4434 (οδ),

2302 4467 2437 4540 μηδὲ
2463 4467 2784 4537 γελοιαστήν
2813 4479 2956 4526 τινα,
3001 4460 3096 4515 καὶ
3129 4460 3244 4520 τοῖς
3280 4455 3497 4509 συνοῦσι
3537 4454 3648 4525 (67)
3681 4471 3901 4526 κεχαρι-

2380 4700 2493 4765 (60)
2523 4699 2634 4754 Καὶ
2683 4699 2921 4768 μικρόν.
2955 4697 3118 4768 Deest
3142 4694 3234 4768 καί
3274 4691 3506 4768 ῑιῖΟιξΙ.

2377 4759 2488 4841 (ΕΙ)
2539 4759 2917 4841 Τὴν’θέοιν.
2955 4767 3135 4841 _Coisl_:
3200 4765 3254 4841 i_
3292 4775 3345 4816 et
3415 4764 3560 4841 far.)
3614 4760 3712 4831 τὴν
3765 4759 3900 4841 ἕξιν,

2313 4831 2643 4930 Matinum.
2681 4858 2698 4890 i
2756 4840 2847 4893 Sic
2897 4837 3060 4891 etiam
3099 4835 3192 4890 Or.
3240 4836 3287 4901 l,
3335 4835 3430 4888 sed
3472 4835 3538 4886 ad
3570 4847 3772 4901 uiaig.,
3803 4831 3900 4902 τὴν

2307 4913 2491 5050 οεῗίῖἒ)
2521 4977 2914 5050 Αιρομένουςι
2937 4975 3090 5050 Colb.
3127 4973 3574 5050 ,αἱρουμένους,
3616 4990 3633 5017 ε
3676 4969 3841 5050 allici.
3879 4990 3896 5021 ι

2317 5125 2328 5142 Ι
2379 5041 2490 5123 (65)
2533 5041 2975 5120 Ἀἐρήονειςξὸἰο
3024 5041 3273 5117 plerique
3303 5041 3460 5098 codd.
3529 5043 3581 5096 In
3631 5041 3746 5104 ed.,
3801 5043 3900 5111 ἀφ-

2545 5191 2736 5263 Τραχύ
2767 5205 2887 5245 σοι.
2943 5189 3035 5244 Sic
3088 5186 3181 5241 Or.
3213 5187 3266 5246 l,
3298 5195 3402 5240 etc.
3446 5183 3502 5237 In
3534 5183 3646 5249 ed.,
3695 5181 3898 5253 τραχύς

2313 5284 2495 5402 militi)
2529 5333 2871 5402 Στωμύλον.
2909 5331 3000 5385 Sic
3033 5326 3169 5395 Reg.
3207 5327 3317 5390 bm,
3356 5323 3522 5379 Coisl.
3554 5323 3590 5376 2
3621 5334 3674 5376 et
3697 5321 3808 5376 Jes.
3845 5321 3894 5373 lu

2311 5408 2422 5468 ed.,
2446 5403 2764 5473 στωμύλων.

2385 5461 2497 5547 (liti)
2548 5461 2822 5540 Στήσεις.
2879 5469 3015 5527 Tres
3052 5467 3242 5538 llegg.,
3295 5463 3462 5520 Coisl.
3527 5463 3547 5515 i
3605 5477 3661 5517 et
3702 5461 3797 5518 Or.
3845 5461 3897 5524 l,

2313 5549 2520 5687 Θήῗδί)
2564 5613 2848 5668 Σιννοῦσι.
2907 5612 3014 5668 Jes.
3063 5621 3114 5667 ct
3168 5609 3382 5678 Comb.,
3437 5603 3697 5676 παροῦσι.
3771 5598 3889 5655 Bill.

2320 5707 2338 5743 ι
2377 5688 2752 5763 praesentibus.
2789 5704 2807 5737 ι
