4010 6316
157 317 250 374 9ἰὸ

851 308 1108 366 ORATIO
1146 307 1386 363 XXXIII.
1427 303 1784 392 —CONTRA
1825 304 2128 362 ARIANOS
2174 307 2263 363 ΕΤ
2306 307 2393 362 DE
2433 304 2698 365 SEIPSO.

3283 309 3387 372 226

151 433 346 502 σμένον,
375 431 509 500 μηδ-ὲ
537 426 827 500 ἀγοράζειν
851 428 921 503 τά
940 426 1129 489 πολλὰ,
1155 427 1287 498 μηδὲ
1317 427 1495 481 λαλεῖν
1522 445 1581 479 τε
1621 438 1708 480 και

1826 426 1940 480 loco
1966 441 2130 496 pones
2149 467 2161 491 ,
2197 428 2336 497 quod
2368 443 2468 482 nec
2495 428 2702 495 lepidus
2731 441 2848 482 sum
2873 468 2886 493 ,
2916 425 3086 501 609
3118 445 3218 487 nec
3246 435 3390 490 face-

149 522 432 594 περιλαλεῖν
479 513 564 581 οἷς
614 520 790 588 ἔτυχε,
827 519 922 570 καὶ
959 518 1033 580 ὡς
1061 518 1269 588 ἔτυχεν,
1303 518 1444 571 ὥστε
1487 518 1714 587 ποιῆσαι

149 613 418 684 φορτικοὺς
447 613 547 664 καὶ
579 611 706 672 τοὺς
743 608 953 676 λόγους,
986 609 1122 678 μηδὲ
1143 610 1241 678 τὴν
1275 609 1400 662 νέαν
1443 609 1712 679 Ἰερουσα-

145 705 260 775 λὴμ,
289 702 376 754 τὸν
397 700 705 764 Ζεῦξιππον
729 699 864 769 (68),
893 698 1340 764 ἐπισκέπτεσθαι,
1373 700 1507 770 μηδὲ
1540 699 1716 752 οἰκίαν

143 793 196 857 ἐξ
221 791 387 852 οἳκίας
413 789 668 858 ἀμείϐειν
702 786 1016 840 θωπεύοντά
1044 803 1103 840 τε
1131 788 1223 839 καὶ
1255 788 1681 858 γαστριζόμενον
1699 803 1712 818 ο

262 879 396 933 οἶκοι
416 878 488 930 τὰ
513 876 688 930 πολλὰ
715 877 896 946 μένειν
927 876 1148 946 κατηφῆ
1177 894 1236 929 τε
1261 879 1355 929 καὶ
1384 877 1715 945 σκυθρωπά-

145 974 304 1036 ζοντα,
341 969 436 1022 καὶ
474 967 604 1020 καθ’
637 965 869 1037 ἡσυχίαν
899 965 1120 1035 ἐμαυτῷ
1155 967 1546 1035 συγγενόμενον
1577 967 1710 1036 (69),

145 1064 210 1133 τῷ
231 1062 428 1130 γνησίῳ
457 1059 570 1112 τῶν
604 1058 988 1130 πραττομένων
1013 1057 1290 1126 ὲξεταστῇς
1325 1058 1417 1110 καὶ
1449 1058 1542 1110 τοῦ
1564 1059 1715 1129 δεθῆ·

146 1173 220 1208 ναι
256 1151 411 1222 τυχὸν
445 1151 590 1218 ἀξίῳ
619 1149 706 1202 διὰ
731 1148 791 1201 τὸ
818 1147 1182 1218 δύσχρηστον;
1216 1147 1338 1208 Πῶς
1373 1147 1544 1200 ταῦτα
1577 1165 1710 1216 συγ-

147 1246 318 1314 χωρεῖς
347 1243 503 1310 ήμῖν,
531 1239 630 1293 καὶ⁸
657 1240 756 1292 οὐκ
789 1236 1073 1306 ὲγκαλεῖς;
1121 1237 1207 1300 Ὠς
1232 1238 1361 1308 ἡδὺς
1393 1239 1504 1307 (70)
1529 1233 1594 1290 ἐἴ
1617 1240 1710 1292 καὶ

147 1333 503 1404 φιλάνθρωπος
525 1336 539 1386 1

1824 527 1910 570 tus
1941 517 2240 586 quispiam,
2287 533 2350 571 ac
2388 518 2743 572 familiaribus
2774 528 2962 586 gratus
2992 531 3046 574 et
3069 523 3341 591 jncundus
3369 566 3385 590 ,

1816 623 1912 662 nec
1946 609 2168 661 multum
2203 610 2254 662 in
2285 608 2404 663 foro
2429 624 2637 673 versor,
2671 625 2767 665 nec
2799 620 3001 666 temere
3029 623 3083 667 et
3110 629 3230 668 cum
3258 619 3380 686 qui—

1815 698 2052 752 buslibet
2101 700 2313 767 garrio,
2356 701 2490 755 adeo
2542 711 2601 755 ut
2654 699 2947 758 sermones'
2976 721 3189 775 quoque
3239 708 3388 776 ipsos

1816 804 2006 858 graves
2035 800 2088 844 et
2122 793 2377 846 molestos
2412 792 2628 846 reddam
2651 827 2668 857 ,
2701 809 2800 849 nec
2829 810 3023 850 novam
3056 796 3200 851 illam
3229 797 3389 852 Jeru-

1814 880 2013 944 salem,
2055 881 2156 934 boc
2186 889 2305 947 est,
2344 881 2712 950 Zeuxippum,
2748 885 2961 950 inviso,
3007 901 3108 942 nec
3148 902 3180 943 θ
3225 889 3388 946 domo

1813 971 1867 1026 iu
1905 973 2122 1026 domum
2153 972 2381 1028 subinde
2409 986 2655 1027 commeo
2677 1012 2693 1038 ,
2728 973 3032 1030 hominibus
3060 977 3344 1034 blandiens
3369 1017 3384 1045 ,

1815 1062 2100 1129 ventrique
2125 1063 2375 1126 deditus;
2405 1075 2590 1117 verum
2620 1063 2796 1130 domi,
2825 1075 2884 1119 ut
2911 1067 3198 1135 plurimum
3224 1107 3240 1133 ,
3270 1085 3386 1124 ma-

1811 1167 1949 1220 neo,
1983 1153 2158 1207 tristis
2185 1169 2250 1208 ac
2299 1154 2567 1220 tetricus,
2618 1169 2934 1226 mecumque
2986 1159 3100 1227 ipse
3153 1163 3383 1225 tacitus,

1810 1259 1934 1297 cum
1970 1259 2098 1297 vero
2125 1243 2334 1299 scilicet
2363 1253 2526 1315 atque
2551 1261 2810 1316 germano
2839 1251 3109 1302 actionum
3147 1264 3384 1304 mearum

1804 1349 2060 1398 censore,
2103 1336 2542 1388 consuetudinem
2622 1336 2831 1403 habeo,
2891 1339 3227 1410 vinculisque
3273 1340 3384 1394 for-

149 1437 274 1478 tasse
297 1428 490 1492 dignus
560 1436 719 1485 sum,
767 1428 825 1472 ut
866 1419 1073 1473 inutilis
1121 1427 1278 1487 atque
1327 1418 1740 1475 incommodus?
1786 1422 1886 1488 Qui
1955 1423 2014 1477 fit
2065 1433 2125 1477 ut
2167 1424 2320 1478 nobis
2360 1423 2460 1478 ista
2493 1423 2796 1491 condones,
2861 1441 2961 1482 nec
3005 1427 3057 1480 in
3101 1427 3383 1483 crimiuttm

145 1524 366 1578 ordinem
418 1519 679 1573 referas?
723 1517 893 1583 Quam
938 1515 1108 1569 facilis
1151 1531 1244 1578 es,
1287 1526 1339 1569 ct
1371 1515 1507 1570 lenis
1536 1525 1698 1584 atque
1735 1517 2037 1573 humanus!

201 1614 268 1666 Θ.
319 1609 462 1678 Ἐγὼ
509 1610 570 1661 δὲ
628 1608 800 1671 οὕτως
837 1609 1078 1680 ἀρχαίως
1114 1609 1222 1680 ἔχω
1262 1612 1356 1662 καὶ
1382 1610 1707 1680 φιλοσόφως,

1883 1611 1973 1665 lx.
2030 1614 2100 1667 At
2151 1627 2250 1682 ego
2293 1613 2365 1666 ita
2419 1612 2721 1681 priscorum
2779 1610 3055 1666 hominum
3105 1625 3274 1678 more,
3329 1619 3386 1668 et

144 1704 264 1756 ὣστε
298 1702 391 1754 ἕνα
425 1703 528 1772 μὲν
562 1701 816 1771 οὐρανὸν,
852 1702 945 1754 καὶ
982 1701 1158 1754 κοινὸν
1202 1702 1370 1755 ἅπασι
1401 1703 1493 1754 τὸν
1526 1702 1708 1768 αὑτὸν,

145 1793 506 1863 ὑπολαμϐάνω,
541 1792 731 1863 κοινὴν
763 1792 819 1844 δὲ
853 1793 1004 1862 ἡλίου
1047 1794 1142 1846 καὶ
1181 1793 1409 1865 σελήνης
1443 1794 1708 1867 περίοδον,

143 1885 304 1956 κοινὴν
330 1887 386 1938 δὲ
421 1884 676 1952 ἀστέρων
693 1883 851 1951 τάξιν
877 1886 970 1938 καὶ
1000 1884 1167 1950 θέσιν,
1201 1885 1386 1957 κοινὴν
1415 1886 1472 1938 δὲ
1496 1885 1712 1956 ἡμέρας

144 1979 223 2030 ναὶ
259 1977 446 2038 νυκτὸς
490 1977 802 2046 ἰσομοιρίαν
837 1976 930 2028 καὶ
958 1976 1284 2046 εὐχρηστίαν
1306 1993 1320 2006 '
1359 1976 1438 2028 ἔτι
1473 1976 1529 2029 δὲ
1554 1975 1712 2046 ὡρῶν

143 2070 378 2138 ἀλλαγὰς,
417 2070 515 2121 καὶ
562 2069 776 2132 ὑετοὺς,
804 2069 899 2121 καὶ
933 2070 1201 2139 καρποὺς,
1239 2069 1332 2122 καὶ
1360 2069 1521 2140 ἀέρος
1550 2067 1710 2131 ζωτι-

144 2163 229 2232 κὴν
283 2162 386 2231 (71)
435 2160 706 2230 δύναμιν
765 2159 1019 2213 ἕλκεσθαι
1069 2160 1127 2214 δὲ
1189 2161 1486 2231 ποταμοὺς,
1547 2163 1711 2214 πᾶσιν

141 2256 317 2324 ὁμοίως
347 2255 436 2307 τὸν
468 2253 655 2306 κοινὸν
679 2252 907 2306 πλοῦτον
941 2253 1034 2306 καὶ
1060 2253 1289 2323 ἄφθονον
1309 2271 1322 2284 ⁸
1368 2254 1498 2324 μίαν
1529 2254 1584 2307 δὲ
1618 2256 1712 2308 καὶ

141 2348 225 2416 τὴν
258 2346 422 2416 αὐτὴν
461 2341 610 2396 εἶναι
636 2343 761 2413 γῆν,
807 2345 1014 2414 μητέρα
1049 2345 1140 2397 καὶ
1173 2345 1361 2413 τάφον,
1399 2344 1457 2410 ἐξ
1491 2343 1558 2416 ἦς
1591 2346 1713 2417 ἐλή-

144 2437 354 2505 φθημεν,
389 2437 485 2488 καὶ
523 2437 610 2497 εἰς
649 2435 715 2505 ῆν
755 2434 1314 2505 ἀποστραφησόμεθα,
1352 2436 1519 2506 μηδὲν
1553 2437 1711 2490 πλέον

144 2528 362 2598 ἀλλήλων
405 2528 658 2596 ἔχοντες·
717 2527 809 2578 καὶ
857 2525 937 2578 ἔτι
988 2526 1094 2597 πρὸ
1128 2525 1352 2590 τούτων,
1405 2528 1583 2581 κοινὸν
1627 2529 1708 2582 λό-

144 2635 224 2684 γον
251 2619 379 2686 (72),
415 2617 610 2686 νόμον,
652 2617 954 2687 προφήτας,
991 2617 1129 2670 αὐτὰ
1171 2616 1241 2668 τά
1271 2618 1509 2687 Χριστοῦ
1539 2619 1708 2690 πάθη,

144 2710 198 2762 δι’
219 2704 286 2762 ὧν
306 2709 751 2778 ἀνεπλάσθημεν,
787 2709 885 2778 οὐχ
911 2709 940 2759 ὁ
965 2708 1085 2777 μὲν,
1117 2710 1145 2761 ὁ
1174 2708 1218 2760 δ’
1249 2707 1309 2760 οὓ
1342 2709 1476 2778 (75),
1515 2710 1712 2773 πάντες

143 2800 189 2852 δὲ
234 2801 278 2852 οἱ
319 2799 411 2852 τοῦ
445 2798 620 2853 αὐτοῦ
678 2798 849 2866 Ἀδάμ
893 2798 1275 2868 μετασχόντες,
1327 2799 1420 2851 καὶ
1468 2799 1574 2852 ὑπὸ
1615 2799 1708 2852 τοῦ

144 2891 296 2957 ὅψεως
327 2887 844 2961 παραλογισθέντες,
881 2890 976 2941 καὶ
1011 2893 1076 2959 τῇ
1122 2889 1366 2960 ἁμαρτίᾳ
1399 2889 1510 2958 (Ἠ)
1546 2890 1709 2944 θανα-

1816 1704 2186 1772 philosopbice
2226 1703 2452 1758 affectus
2488 1719 2643 1768 sum,-
2693 1713 2746 1756 ut
2787 1719 2955 1756 unum
2996 1703 3245 1774 idemque
3273 1718 3385 1760 caa-

1811 1794 1920 1848 lum
1949 1795 2200 1849 omnibus
2227 1810 2517 1850 commune
2545 1810 2663 1850 esse
2689 1795 3015 1860 existimem,
3041 1810 3380 1850 communem

1813 1886 1940 1941 item
1966 1887 2093 1940 solis
2126 1895 2180 1941 et
2206 1886 2342 1939 luna:
2379 1887 2830 1953 conversionem,
2869 1902 3208 1941 communem
3242 1889 3384 1943 side-

1813 1992 1929 2030 rum
1985 1977 2144 2031 situm
2189 1987 2242 2029 et
2271 1978 2539 2042 ordinem,
2573 1992 2914 2031 communem
2959 1979 3062 2032 diei
3110 1989 3164 2033 et
3207 1979 3382 2034 noctis

1811 2069 2232 2136 aequabilitatem
2268 2077 2320 2120 ct
2355 2069 2680 2134 utilitatem;
2721 2084 2785 2122 ae
2821 2071 3040 2137 insuper
3068 2084 3382 2126 communes

1813 2157 1938 2210 anni
1971 2157 2202 2225 partium
2236 2157 2658 2224 vicissitudines,
2709 2167 2765 2211 et
2807 2157 3038 2226 pluvias,
3069 2168 3121 2213 et
3153 2158 3378 2225 fructus,

1813 2249 2032 2317 vimque
2095 2250 2238 2302 acris
2293 2249 2546 2310 vitalem;
2599 2250 2758 2303 fluvia
2809 2250 3011 2314 etiam,
3069 2266 3382 2306 communes

1814 2341 2019 2394 scilicet
2046 2350 2100 2397 et
2149 2355 2414 2409 perennes
2443 2339 2682 2404 divitias,
2716 2355 2869 2408 aeque
2896 2341 3144 2396 omnibus
3173 2341 3337 2398 fluere
3361 2359 3376 2404 ;

1812 2446 1974 2484 unam
2005 2442 2263 2501 praeterea
2297 2433 2654 2502 eamdemque
2685 2441 2884 2486 terram
2905 2473 2918 2496 ,
2949 2442 3004 2487 et
3032 2437 3292 2503 parentis,
3327 2445 3383 2490 et

1813 2522 2044 2590 sepulcri
2098 2522 2360 2578 rationem
2407 2523 2639 2586 habere,
2694 2540 2759 2578 ex
2792 2539 2896 2593 qua
2941 2526 3137 2594 sumpti
3175 2540 3378 2591 sumus,

1813 2624 1862 2667 et
1890 2615 1954 2667 ad
1979 2630 2138 2684 quam
2166 2627 2520 2680 revertemur,
2557 2615 2699 2670 nulla
2720 2615 2829 2684 jam
2858 2631 2917 2671 re
2940 2617 3028 2670 alii
3061 2616 3196 2671 alios
3225 2633 3382 2686 supe-

1815 2689 1996 2758 rantes
2027 2720 2041 2758 :
2072 2716 2146 2770 ct,
2177 2715 2236 2760 ut
2262 2709 2439 2760 adhuc
2474 2706 2678 2773 majora
2717 2708 3010 2777 proferam,
3044 2724 3382 2763 communem

1815 2799 2098 2861 rationem,
2127 2798 2319 2867 legem,
2349 2800 2658 2868 prophetas,
2681 2802 2824 2868 ipsos
2857 2799 3055 2854 Christi
3088 2801 3378 2866 cruciatus,

1814 2909 1910 2961 per
1939 2909 2096 2962 quos,
2130 2908 2319 2946 omnes
2349 2895 2484 2947 citra
2514 2893 2674 2946 ullam
2701 2895 3068 2962 exceptionem
3093 2895 3381 2949 instaurati

144 2981 404 3048 τωθέντες,
434 2983 532 3034 καὶ
564 2981 655 3034 διὰ
682 2980 775 3053 τοῦ
807 2981 1128 3050 ἐπουρανίου
1153 2980 1265 3050 (75)
1304 2979 1473 3050 Ἀδάμ
1498 2981 1708 3033 ἀνασω-

1819 2999 2022 3050 ιιυῐηυε,
2055 2987 2144 3054 qui
2178 2986 2352 3038 eidem
2401 2986 2608 3038 Adamo
2653 2985 3116 3052 participavimus,
3161 2995 3322 3052 atque
3352 3004 3379 3038 a

147 3070 326 3134 θέντες,
367 3073 460 3125 καὶ
502 3072 644 3142 πρὸς
680 3073 740 3123 τὸ
779 3070 934 3134 ξύλον
969 3071 1066 3141 τῆς
1099 3069 1244 3140 ζωῆς
1287 3070 1706 3141 ἐπαναχθέντες,

145 3164 218 3214 διὰ
259 3164 348 3216 τοῦ
380 3163 540 3230 ξύλου
588 3162 699 3234 (76)
735 3163 833 3232 τῆς
863 3162 1104 3232 ἀτιμίας,
1145 3161 1268 3215 ὅθεν
1307 3162 1709 3216 ἀποπεπτώκα-

150 3273 252 3325 μεν.

207 3436 256 3489 l'.
306 3435 520 3489 Ἢπάτα
573 3435 632 3488 δέ
688 3451 756 3504 με
811 3434 903 3487 καὶ
951 3435 986 3504 ἡ
1042 3432 1134 3486 τοῦ
1193 3431 1445 3503 Σαμουὴλ
1508 3433 1711 3503 Ἀρμα-

151 3523 264 3594 οαῖμ
287 3525 415 3592 (77),
453 3527 486 3594 ἡ
521 3523 698 3595 μικρὰ
732 3523 825 3576 τοῦ
864 3522 1099 3592 μεγάλου
1135 3521 1354 3592 πατρὶς,
1387 3521 1488 3574 οὐκ
1515 3522 1711 3590 ἀτιμά-

153 3633 269 3671 σασα
311 3621 400 3673 τὸν
445 3620 761 3690 προφήτην,
813 3617 933 3670 οὐδὲ
981 3617 1110 3686 παρ’
1156 3615 1352 3685 ἑαυτῆς
1407 3613 1627 3684 μᾶλλον,
1674 3611 1707 3681 ἢ

152 3711 260 3781 παρ’
286 3712 495 3764 ἐκείνου
531 3709 800 3778 γενομένη
830 3705 1131 3777 τιμιωτέρα
1155 3722 1167 3735 ·
1205 3704 1262 3771 ἐξ
1295 3700 1363 3776 ἦς
1393 3705 1597 3767 ἐκεῖνος
1619 3703 1709 3756 οὑ-

149 3801 222 3854 ὃὲν
253 3803 518 3874 ἐκωλύθη,
563 3801 658 3855 καὶ
703 3799 823 3869 Θεῷ
859 3798 1079 3868 δοθῆναι
1122 3795 1228 3867 πρὸ
1275 3796 1558 3865 γενέσεως,
1614 3795 1708 3850 καὶ

151 3898 458 3966 χρηματίσαι
494 3895 711 3966 βλέπων
741 3893 809 3945 τὰ
834 3889 1140 3962 ἔμπροσθεν
1164 3907 1176 3918 ·
1207 3890 1270 3941 οὺ
1305 3889 1462 3958 μόνον
1501 3888 1577 3952 δὲ,
1614 3888 1709 3940 ἁλ-

150 3987 205 4041 λὰ
236 3990 325 4041 καὶ
353 3989 526 4058 χρίειν
558 3985 812 4057 βασιλέας
842 3984 933 4036 καὶ
965 3981 1166 4052 ἱερέας,
1204 3979 1297 4032 καὶ
1335 3979 1541 4050 κρίνειν
1583 3980 1708 4042 τοὺς

151 4081 204 4133 ὲκ
230 4080 328 4134 15w
351 4079 626 4152 λαμπρῶν
653 4077 880 4131 πόλεων.
913 4074 1050 4145 Περὶ
1083 4073 1138 4125 δὲ
1167 4071 1261 4125 τοῦ
1285 4071 1456 4139 Σαοὺλ
1487 4072 1704 4141 ἢκουον,

149 4173 216 4225 ὅτι
266 4175 357 4236 τάς
394 4174 552 4236 ὅνους
611 4169 703 4224 τοῦ
742 4167 947 4236 πατρὸς
986 4164 1184 4236 ζητῶν,
1235 4161 1709 4234 βασιλείανγεῦραο

150 4279 202 4315 το
218 4265 340 4330 (78).
379 4266 490 4317 Καὶ
522 4261 689 4314 Δαϐὶδ
715 4259 879 4322 αὐτὸς
913 4260 987 4310 ὲκ·
1009 4255 1117 4308 τῶν
1150 4255 1412 4324 ποιμνίων
1437 4253 1545 4305 τῶν
1575 4269 1708 4323 προ⁹

151 4354 306 4409 ϐάτων
330 4354 791 4424 ἀναλαμϐάνεται,
824 4351 918 4403 καὶ
950 4348 1225 4418 ποιμαίνει
1254 4347 1343 4400 τὸν
1385 4346 1620 4416 Ἰσραήλ.
1645 4345 1686 4396 Τ
1694 4345 1708 4396 ί

150 4446 221 4499 δαὶ
253 4447 453 4518 Ἀμώς
484 4445 589 4499 οὐκ
610 4444 829 4506 αἰπόλος
852 4442 962 4512 (79)
993 4441 1088 4503 ὢν,
1126 4439 1218 4491 καὶ
1242 4439 1439 4502 κνίξων
1475 4437 1710 4506 συκάμιο

150 4555 220 4601 να,
270 4540 603 4610 προψήτειαν
659 4533 1005 4596 πιστεύεται;
1053 4531 1164 4584 Καὶ
1208 4530 1325 4593 πῶς
1375 4529 1465 4583 τὸν
1510 4529 1709 4600 Ἰωσὴφ

213 4700 250 4730 ⁸⁸
278 4699 296 4752 l
327 4695 454 4768 Reg.
501 4713 543 4761 ι,
590 4696 614 4750 1
659 4709 778 4765 sqq.
856 4693 902 4724 ὀ
945 4691 966 4746 I
1001 4691 1134 4762 Reg.
1178 4705 1253 4754 ιι,
1286 4689 1319 4744 5
1349 4701 1501 4760 seqq.

211 4855 312 4922 (68)
348 4855 459 4910 Τὸν
487 4853 851 4916 Ζεύξιππον.
907 4848 1032 4914 Alii,
1083 4847 1233 4916 juxta
1270 4847 1470 4913 Eliam,
1503 4847 1700 4902 intelli-

153 4935 264 4994 gunt
291 4925 500 4978 domum
562 4938 773 4977 summo
806 4929 1020 4994 ευιιιριιι
1067 4928 1400 4994 exstructam
1429 4930 1590 4994 atque
1612 4927 1702 4970 ("'-

155 4987 334 5058 natatii,
384 4996 437 5048 itt
488 5009 591 5061 qua
627 5007 793 5058 equos
841 4987 1037 5061 aurigrc
1061 4987 1377 5061 iungebant,
1426 4989 1490 5061 aAd
1537 4999 1698 5061 quam

155 5056 479 5118 certaminum
508 5056 838 5132 equestrium
861 5056 1084 5114 studiosi
1114 5059 1304 5132 crebro
1334 5056 1698 5132 conﬂuebant.

154 5132 238 5185 Alii
266 5135 454 5199 locum,
485 5151 504 5183 ‹
526 5128 578 5185 in
628 5147 732 5198 quo
759 5132 1008 5200 dogmata
1043 5142 1139 5200 sua
1175 5128 1418 5200 haeretici
1450 5129 1701 5200 dissemb-

156 5204 388 5267 nabant,:
442 5196 516 5256 ἰιι
548 5196 708 5255 εει-ἰπὶ
766 5196 948 5254 Schol.
988 5217 1001 5252 :
1047 5199 1132 5250 Ἐν
1175 5196 1322 5267 αὐτῷ
1355 5196 1467 5268 γάρ
1515 5196 1700 5250 πολλοὶ

158 5273 398 5336 συνιόντες
423 5269 798 5343 ὲδογμάτιζον.
834 5269 983 5325 Unde
1008 5283 1104 5343 per
1146 5269 1373 5343 ironiam
1407 5268 1698 5343 Gregorius

157 5353 289 5395 vocat
315 5345 450 5397 hunc
475 5337 672 5404 locum,
721 5359 738 5391 ι
768 5356 960 5393 novam
1000 5338 1316 5393 Jerusalem.
1349 5356 1368 5390 ι
1413 5338 1518 5393 A—lii
1547 5337 1697 5392 deni-

162 5424 247 5478 que
273 5415 671 5467 celeberrimum
714 5411 968 5477 Zenxippi
1007 5409 1278 5464 balneum.

217 5484 315 5552 (tiQ)
363 5485 807 5553 Συγγενόμενον
883 5483 1064 5538 l’lttres
1119 5479 1313 5551 Regg.,
1374 5478 1702 5550 συγγινόμεο

157 5566 248 5603 νον.

219 5618 318 5693 (70)
350 5623 439 5689 Ὠς
499 5623 670 5691 ἡδύς.
715 5621 805 5678 Sic
840 5632 948 5677 tres
981 5620 1172 5693 Regg.,
1223 5621 1384 5676 Coisl.
1430 5621 1484 5685 2,
1525 5619 1617 5676 Or.
1651 5620 1700 5685 1,

159 5702 247 5744 ειν.
271 5692 412 5746 Deest
449 5694 523 5758 ὡς
552 5697 602 5747 iu
628 5695 714 5748 ed.

219 5761 317 5834 (Ἠ)
340 5765 619 5835 Ζωτικήν.
651 5765 707 5821 In
743 5761 1034 5831 nonnullis,
1059 5760 1311 5826 ζωτικοῦ.

1582 4689 1626 4719 ’ί
1654 4685 1676 4741 1
1705 4686 1838 4756 Reg.
1875 4700 1995 4752 xw,
2029 4685 2090 4739 11
2114 4702 2268 4758 seqq.

1809 3083 2062 3143 serpente
2110 3075 2162 3128 in
2231 3075 2479 3128 fraudem
2538 3075 2777 3141 inducti,
2835 3085 2890 3128 et
2953 3090 3048 3142 per
3102 3088 3379 3144 peccatum

1811 3175 1984 3220 morte
2033 3166 2234 3233 affecti,
2297 3181 2362 3221 ac
2421 3182 2518 3236 per
2578 3167 2854 3222 caelestem
2906 3168 3168 3224 Adamqu
3223 3172 3383 3227 saluti

1811 3255 2070 3319 restituti,
2097 3264 2258 3325 atque
2283 3258 2349 3309 ad
2378 3257 2499 3311 vita:
2547 3256 2772 3327 lignum,
2808 3259 2950 3312 unde
2984 3261 3380 3327 exeideramus,

1811 3361 1907 3416 per
1935 3348 2244 3415 ignominia:
2277 3347 2479 3415 lignum
2521 3342 2968 3404 revocati'sumus

1885 3435 1957 3488 Χ.
1997 3435 2075 3489 Me
2108 3450 2234 3486 vero
2267 3436 2531 3490 Samuelis
2565 3452 2779 3506 quoque
2825 3437 3089 3493 Ramatlm
3127 3439 3379 3507 fallebat,

1813 3538 2002 3592 parva,
2035 3524 2276 3592 inquam,
2309 3525 2486 3595 tnagui
2519 3527 2663 3580 illius
2693 3527 2789 3579 viri
2818 3529 2989 3596 patria
3009 3530 3071 3595 ",
3107 3547 3226 3599 qua:
3261 3546 3385 3600 pro-

1813 3617 1985 3680 phetae
2016 3614 2264 3669 dedecori
2315 3617 2536 3671 minime
2565 3617 2684 3680 fuit,
2743 3633 2844 3672 nec
2891 3634 2922 3672 a
2966 3621 3139 3690 seipsa
3183 3625 3382 3690 potius,

1811 3720 1970 3770 quam
2008 3706 2074 3756 ab
2107 3720 2171 3758 co
2207 3705 2466 3759 honorem
2508 3716 2798 3761 consecuta
2842 3717 2955 3777 est;
3004 3725 3104 3766 nec
3131 3712 3179 3766 ei
3214 3713 3387 3782 impe-

1810 3797 2051 3850 dimento
2078 3795 2200 3859 fuit.
2235 3798 2525 3866 quominus
2577 3798 2721 3863 Deo,
2762 3799 2912 3868 prius
2943 3803 3106 3857 etiam
3141 3819 3301 3873 quam
3332 3807 3384 3860 in

1811 3873 1980 3940 lueeni
2028 3888 2290 3956 prodiret,
2349 3890 2665 3955 donaretur,
2717 3903 2772 3947 et
2815 3893 3031 3948 oracula
3066 3896 3270 3963 ederet,
3331 3907 3390 3952 et

1812 3978 1996 4032 futura
2027 3980 2396 4047 prospiceret;
2432 3996 2496 4036 ae
2525 3993 2784 4050 praeterea
2817 4001 2970 4056 reges
2999 3996 3053 4041 et
3076 3990 3387 4044 sacerdotes

1811 4079 2054 4141 angeret,
2093 4082 2257 4141 atque
2309 4088 2370 4126 ex
2422 4073 2585 4129 claris
2638 4077 2948 4131 civitatibus
2986 4087 3134 4132 ortos
3177 4088 3388 4148 regeret

1809 4175 1872 4212 ac
1895 4161 2240 4229 gubernaret.
2264 4163 2427 4232 610
2441 4163 2574 4218 Tum
2601 4175 2777 4220 autem
2805 4167 2934 4221 illud
2955 4167 3020 4222 de
3038 4169 3197 4224 Saule
3213 4172 3389 4226 audie-

1812 4254 1953 4318 bam,
1981 4256 2123 4322 quod
2166 4258 2335 4325 patris
2366 4257 2545 4312 asiuas
2573 4274 2823 4327 quaerens
2844 4299 2858 4323 ,
2894 4276 3114 4329 regnum
3146 4263 3387 4318 invenis-

1816 4356 1897 4400 set
1927 4347 1994 4400 “.
2027 4348 2203 4416 Atque
2250 4351 2363 4417 ipso
2392 4365 2604 4418 quoque
2640 4351 2805 4405 David
2830 4368 2892 4406 ex
2922 4354 3099 4407 ovium
3138 4357 3388 4424 gregibus

1819 4438 1882 4488 ad
1909 4438 2234 4505 pascendum
2267 4437 2518 4492 lsraelem
2560 4442 2854 4495 assumitur
2884 4442 2950 4498 ²¹.
3001 4443 3138 4507 Quid
3177 4443 3388 4498 Amos?

1820 4525 2010 4582 Nonne
2042 4529 2323 4598 caprarius
2368 4538 2487 4582 erat
2527 4531 2596 4593 “,
2628 4544 2692 4583 ac
2721 4544 2900 4584 moros
2931 4532 3220 4600 carpebat,
3265 4547 3388 4586 cum

2346 4687 2391 4717 ²²
2421 4686 2588 4742 Amos
2629 4702 2666 4751 ι,
2700 4688 2752 4742 1.

1883 4845 1995 4913 (72)
2024 4844 2239 4898 Ko’trdr
2269 4845 2474 4914 λόγον.
2511 4864 2530 4897 ‹
2555 4844 2905 4900 Communem
2932 4861 3252 4899 sermonem.
3279 4865 3298 4898 ›

1874 4917 1984 4986 (75)
2036 4916 2097 4968 '0
2128 4914 2178 4966 δ’
2213 4915 2303 4968 οὗ.
2338 4919 2578 4982 Quatuor
2612 4922 2802 4985 ltegg.,
2831 4916 2889 4979 ὃς
2914 4916 2968 4968 δὲ
3003 4915 3084 4968 οὔθ
3115 4935 3133 4967 ι
3160 4916 3273 4970 Non
3301 4916 3388 4970 hic

1805 4988 2048 5055 quidem.
2088 4987 2172 5038 ille
2209 5002 2334 5055 vero
2366 4989 2582 5039 minime
2609 5003 2623 5048 ;
2653 4992 2742 5039 sed
2780 5003 2986 5050 omnes,
3014 5007 3033 5036 ι
3065 4995 3170 5040 etc.

1872 5056 1985 5128 (71)
2029 5055 2106 5128 Τῇ
2137 5048 2410 5123 ἁμαρτίᾳ.
2439 5055 2600 5128 Coisl.
2634 5056 2684 5118 1,
2719 5059 2782 5128 τῇ
2811 5055 2946 5128 αυτῇ
2976 5048 3244 5128 ἁμαρτίᾳ.

1877 5126 1989 5198 (75)
2035 5127 2446 5198 Excepto-[ou
2478 5126 2567 5180 Sic
2592 5124 2822 5195 quatuor
2853 5124 3294 5195 liegg.ret_(joisl.
3330 5125 3381 5180 1.

1799 5197 1854 5251 lu
1878 5198 1988 5261 ed.,
2023 5197 2372 5266 ὑπουρανίου,
2416 5215 2432 5246 ι
2455 5199 2544 5267 qui
2579 5201 2679 5252 sub
2709 5198 2848 5251 caelo
2884 5205 2986 5259 est,
3010 5215 3028 5247 ι
3076 5210 3190 5259 seu,
3229 5215 3246 5246 ι
3281 5208 3387 5250 ter-

1802 5275 2060 5321 restrem.
2088 5287 2106 5316 ι

1875 5338 1988 5408 (76)
2017 5335 2122 5388 Διὰ
2148 5335 2253 5389 τοῦ
2281 5335 2492 5400 ξύλου.
2528 5334 2708 5392 Schol.
2746 5353 2760 5390 :
2795 5332 2887 5390 τοῦ
2931 5335 3164 5407 σταυροῦ
3186 5351 3199 5365 ·
3243 5353 3262 5387 ι
3288 5349 3386 5405 per

1804 5406 2005 5476 lignum
2035 5409 2232 5460 crucis.
2264 5425 2282 5458 ι

1879 5477 2405 5550 (77ηᾋρμᾳθαΐμ.
2484 5477 2576 5550 _Sic
2623 5481 2859 5548 quinque
2909 5477 3098 5550 Regg.,
3155 5485 3386 5545 quatuor

1803 5545 1979 5619 Colb"
2003 5546 2167 5619 Coisl.
2199 5545 2232 5597 Ξ).
2263 5559 2318 5619 et
2343 5550 2436 5602 Ur.
2475 5548 2524 5600 1.
2553 5548 2605 5602 ln
2641 5545 3103 5619 ed.,".‘iipuabéit.

1875 5617 1989 5686 (78)
2017 5615 2266 5682 Εὕρατο.
2296 5618 2384 5671 Sic
2413 5627 2520 5673 tres
2558 5621 2722 5690 liegg.
2744 5612 2803 5674 'et
2829 5612 2998 5674 Cuisl.
3023 5612 3077 5672 Ξ.
3107 5616 3161 5672 In
3190 5615 3276 5675 ed.
3298 5612 3394 5671 ιῢέ

1841 5703 1928 5740 Ξ.το
1937 5727 1948 5738 .

1805 5705 1988 5826 ρεῖξθ)
2018 5755 2298 5823 Α-ὶπόλος.
2333 5755 2464 5829 Reg.
2497 5759 2630 5826 bm.,
2662 5757 2921 5821 αίπωλος.
