4010 6316
646 301 753 357 2‘27

1892 299 1948 355 S.
1990 299 2321 357 GREGOR“
2362 299 2710 356 THEOLOGI

3785 315 3872 372 29.8

648 415 921 488 prophetae
944 430 1138 469 munus
1172 414 1269 484 ipsi
1298 413 1651 470 commissum
1685 423 1741 468 et
1769 413 2072 484 delegatum
2107 417 2224 471 est?

2337 415 2697 488 παρέδραμον,
2748 414 2808 477 ὃς
2858 416 2951 468 καὶ
2997 415 3182 480 δοῦλος
3227 416 3464 486 ἐγένετο,
3511 420 3602 475 καὶ
3637 426 3871 500 σιτοδότης

649 509 930 576 Quomodo
959 505 1252 576 Josephum
1288 507 1547 575 praeterii,
1576 506 1668 575 qui
1706 514 1759 560 et
1793 522 1982 561 servus
2018 507 2118 562 fuit
2156 509 2224 574 ’³,

648 611 703 656 et
731 599 983 654 frumenti
1017 597 1070 650 in
1108 596 1342 667 Egypto
1377 598 1700 652 distributor
1739 601 1804 662 ",
1838 607 1892 652 et
1918 599 2230 681 innumera-

648 693 835 747 bilium
875 691 1086 744 illarum
1122 690 1421 759 copiarum,
1483 706 1603 759 quae
1659 691 1895 746 Abrahae
1949 692 2230 759 promissa:

649 783 884 846 fuerant,
923 781 1112 850 pater?
1154 779 1272 834 Jam
1305 783 1602 847 Abraham,
1639 791 1694 835 ut
1724 782 1928 852 majora
1959 784 2227 852 colligam,

649 889 715 928 an
754 889 859 929 non
895 873 1213 944 peregrinus
1263 875 1348 927 '5?
1387 873 1599 944 Moyses
1627 885 1829 939 autem,
1878 891 2054 929 nonne
2084 877 2231 944 prius

649 966 929 1036 expositus
964 967 1031 1030 ",
1061 967 1255 1021 deinde
1293 966 1571 1035 legislator
1602 968 1672 1032 ⁸⁷,
1705 976 1869 1036 atque
1899 982 2108 1033 eorum,
2141 968 2230 1038 qui

649 1059 716 1111 ad
750 1058 1066 1127 promissam
1101 1067 1300 1112 terram
1341 1058 1760 1123 contendebant,
1819 1060 2134 1129 imperator,
2167 1063 2264 1115 de"

650 1166 758 1219 quo
787 1159 864 1204 tot
897 1161 1114 1218 tamque
1148 1150 1464 1203 admiranda
1499 1151 1898 1218 praedicantur?
1941 1151 2231 1206 Enimvero

654 1255 742 1294 me
770 1254 985 1308 quoque
1031 1239 1176 1300 Elim,
1220 1239 1308 1307 qui
1349 1239 1504 1308 igneo
1544 1255 1705 1293 curru
1759 1239 2017 1309 abreptus
2049 1253 2130 1295 est
2163 1243 2228 1307 ’⁸,

651 1331 931 1384 Carmelus
968 1329 1182 1383 fallebat
1219 1348 1231 1383 :
1263 1339 1316 1384 et
1359 1330 1533 1384 Eliszei
1591 1329 1785 1385 melote
1827 1333 1892 1395 ²⁹,
1949 1347 2067 1400 quae
2115 1333 2233 1400 plus

651 1423 846 1475 virium
879 1423 1084 1487 habuit,
1121 1438 1280 1490 quam
1315 1423 1401 1474 lila
1431 1423 1627 1485 serica,
1678 1431 1732 1477 et
1766 1438 1957 1476 aurum
1995 1426 2232 1478 vestibus

651 1529 749 1584 per
766 1515 869 1567 vim
900 1524 1167 1568 assutum.
1201 1512 1340 1580 Quin
1372 1513 1502 1566 mihi
1535 1528 1750 1582 quoque
1779 1515 2050 1570 desertum
2082 1517 2232 1579 illud,

653 1608 706 1660 in
741 1622 849 1674 quo
881 1605 1150 1668 Joannes,
1201 1607 1283 1658 vir
1332 1606 1473 1660 inter
1518 1616 1673 1660 natos
1722 1607 2008 1660 mulierum
2064 1611 2234 1661 maxi-

653 1714 773 1752 mus
797 1699 865 1760 ³⁸,
897 1713 1019 1752 cum
1076 1698 1196 1751 cibo
1227 1699 1338 1761 illo,
1381 1708 1432 1751 et
1474 1707 1641 1764 veste,
1693 1707 1747 1752 et
1791 1714 1929 1753 zona
1981 1701 2232 1770 degebat,

2333 507 2637 574 Αἰγύπτου,
2698 507 2792 559 καὶ
2849 507 3032 578 πατὴρ
3089 508 3300 562 πολλῶν
3362 511 3650 580 μυριάδων,
3707 518 3758 570 αἱ
3809 519 3874 591 τῷ

2345 598 2596 668 Ἀϐραὰμ
2641 598 3098 670 προηγγέλθησαν
3127 599 3268 671 (80);
3308 601 3558 674 Ἀϐραὰμ
3604 605 3678 668 δὲ,
3714 608 3774 660 ἵν’
3810 613 3874 664 ετ»-

2333 707 2418 741 πω
2458 689 2518 740 τὸ
2573 685 2777 758 μεῖζον,
2831 690 2893 741 οὺ
2945 689 3322 761 μετανάστης;
3387 694 3624 764 Μωῦσῆς
3668 695 3737 761 δὲ,
3793 702 3873 754 οὐκ

2333 778 2551 841 ἕκθετος
2603 778 2886 848 πρότερον,
2946 775 3065 833 εἶτα
3114 780 3430 851 νομοθέτης,
3473 783 3566 836 καὶ
3609 791 3873 859 στρατηγὸς

2331 871 2439 923 τῶν
2472 871 2606 942 πρὸς
2647 871 2744 941 τὴν
2777 871 2881 940 γῆν
2924 872 3024 942 τῆς
3061 872 3389 941 ἐπαγγελίας
3433 876 3798 946 ἐπειγομένων,
3822 877 3871 934 οὗ

2335 963 2402 1016 τὰ
2426 962 2635 1032 μεγάλα
2660 964 2752 1015 καὶ
2781 962 3068 1034 θαυμαστὰ
3097 964 3440 1035 διηγήματα;
3478 966 3684 1021 Ἢπάτα
3713 988 3772 1040 με
3796 974 3873 1026 καὶ

2333 1056 2360 1105 ὁ
2392 1054 2689 1125 Κάρμηλος
2732 1054 2934 1118 Ἡλίου,
2980 1056 3041 1108 τὸ
3075 1055 3169 1109 τοῦ
3201 1057 3372 1128 πυρὸς
3404 1057 3554 1129 ἆρμα
3591 1061 3868 1132 δεξάμενος·

2334 1148 2428 1201 καὶ
2481 1150 2514 1218 ἡ
2573 1148 2796 1219 μηλωτὴ
2855 1147 3388 1216 Ἑ).ισσαίου,-πλείω
3426 1152 3724 1223 δυνηθεῖσα,
3759 1158 3787 1227 ἢ
3819 1159 3872 1213 τὰ

2337 1239 2520 1310 σηρῶν
2568 1243 2804 1310 νήματα,
2856 1242 2949 1294 καὶ
2989 1243 3018 1292 ὁ
3054 1241 3295 1311 βιασθεὶς
3330 1247 3410 1307 είς
3441 1245 3638 1316 ἐσθῆτα
3686 1251 3870 1319 χρυσός,

2348 1331 2560 1384 ’Ππὰτα
2599 1349 2665 1402 με
2703 1333 2797 1386 καὶ
2839 1333 3104 1404 ήέρημος
3143 1335 3415 1400 Ἰωάννου,
3458 1338 3548 1390 τὸν
3581 1339 3872 1409 μέγιστονέν

2335 1426 2611 1493 γεννητοῖς
2659 1425 2930 1492 γυναικῶν
2960 1425 3176 1496 ἔχουσα,
3223 1429 3360 1496 μετὰ
3390 1428 3493 1498 τῆς
3537 1434 3728 1503 τροφῆς
3760 1435 3873 1488 ὲκεί-

2336 1531 2453 1584 νης,
2482 1515 2574 1567 καὶ
2619 1516 2715 1585 τῆς
2757 1515 2952 1587 ζώνης,
2984 1518 3077 1570 καὶ
3119 1519 3213 1570 τοῦ
3243 1519 3572 1591 ἐσθήματος.
3613 1523 3875 1597 Ἑτόλμησά

2335 1623 2388 1658 τι
2441 1607 2533 1660 καὶ
2566 1607 2705 1678 ὑπὲρ
2739 1607 2933 1670 ταῦτα,
2971 1608 3104 1662 Θεὸν
3140 1603 3295 1680 εὗρον
3332 1612 3428 1682 τῆς
3457 1613 3595 1683 ἐμῆς
3633 1615 3873 1686 ἀγροικίας

2343 1699 2658 1769 συνήγορον.
2715 1698 2865 1752 Μετὰ
2920 1700 3168 1772 Βηθλεὲμ
3220 1703 3586 1774 ταχθήσομαι,
3625 1707 3749 1776 μετὰ
3795 1709 3873 1779 τῆς

655 1791 1017 1858 imposturam
1067 1790 1321 1844 faciebat.
1375 1789 1486 1846 Nec
1536 1806 1663 1846 Vero
1717 1791 1942 1846 ulterius
1987 1793 2234 1862 progredi

2343 1791 2550 1862 φάτνης
2579 1791 3041 1865 ἀτιμασθήσομαι,
3078 1793 3144 1845 δι’
3178 1795 3243 1864 ἣν
3277 1795 3340 1847 σὺ
3367 1794 3500 1848 Θεὸν
3539 1797 3810 1868 ἀτιμάζων,
3830 1801 3871 1851 τί

657 1882 937 1944 dubitabo,
969 1880 1131 1934 Deum
1167 1883 1487 1938 rusticitatis
1534 1898 1664 1937 mea:
1701 1892 1988 1953 patronum
2021 1892 2235 1940 nactus.

654 1970 786 2027 Cum
842 1971 1111 2026 Bethleem
1179 1974 1509 2037 collocabor,
1552 1988 1674 2028 cum
1725 1975 1951 2042 prmsepi
2005 1975 2234 2043 vilipen-

653 2063 776 2128 dar,
831 2074 1051 2131 propter
1094 2065 1259 2133 quod,
1316 2079 1438 2119 cum
1502 2065 1671 2118 Deum
1726 2073 2064 2129 contemnas,
2110 2065 2238 2134 quid

655 2156 872 2220 mirum,
917 2156 961 2209 si
1005 2156 1075 2210 ob
1104 2159 1349 2212 eamdem
1393 2172 1612 2212 causam
1667 2171 1972 2226 praeconem
2024 2172 2240 2227 quoque

654 2246 962 2314 despicias?
1007 2246 1309 2302 Producam
1353 2249 1514 2302 etiam
1549 2248 1643 2301 tibi
1677 2248 1996 2317 piscatores,
2021 2259 2074 2302 et
2105 2263 2236 2316 pau-

654 2348 848 2403 peres,
880 2335 1079 2404 quibus
1119 2335 1470 2404 Evangelium
1517 2335 1893 2399 annuntiatur,
1940 2351 2004 2389 ac
2055 2336 2234 2390 multis

656 2427 916 2482 divitibus
947 2428 1218 2496 prielatos.
1264 2426 1622 2496 Nunquamne
1667 2427 1734 2482 de
1765 2426 2078 2482 civitatibus
2122 2427 2236 2496 glo-

660 2521 788 2576 riari
824 2521 1078 2575 desines?
1109 2519 1465 2588 Nunquamne
1485 2519 1579 2573 tibi
1613 2519 1996 2588 despicabilem
2025 2527 2079 2574 et
2107 2519 2237 2571 infa-

659 2625 801 2664 mem
859 2609 1202 2664 solitudinem
1266 2607 1601 2664 venerationi
1653 2609 1918 2662 habebis?
1987 2607 2233 2662 Nondum

660 2703 786 2757 dico
812 2718 1002 2758 aurum
1045 2704 1096 2756 in
1127 2704 1308 2756 arenis
1335 2702 1507 2766 nasci,
1552 2711 1606 2756 et
1645 2700 1941 2770 pellucidos
1973 2700 2180 2768 lapiles
2205 2715 2233 2751 a

2338 1883 2666 1954 θαυμαστὸν,
2727 1886 2777 1936 εἰ
2827 1887 2892 1938 ὲκ
2949 1885 3050 1955 τῆς
3102 1885 3272 1956 αὐτῆς
3332 1885 3510 1950 αἰτίας
3573 1891 3872 1960 περιφρονεῖς

2337 1976 2430 2028 καὶ
2466 1975 2556 2028 τὸν
2595 1977 2811 2047 κήρυκα
2836 1994 2850 2043 ;
2886 1977 3169 2048 Προσοίσω
3199 1993 3280 2030 σοι
3311 1977 3422 2048 (81)
3451 1979 3542 2032 καὶ
3569 1982 3684 2043 τοὺς
3713 1980 3868 2043 ἁλιεῖς,

2300 2068 2429 2143 (καὶ
2481 2069 2608 2130 τοὺς
2655 2066 3172 2140 εύαγγελιζομένους
3216 2071 3466 2140 πτωχοὺς
3515 2071 3644 2142 (8‘2),
3689 2072 3868 2126 πολλῶν

2336 2158 2608 2212 πλουσίων
2637 2159 3093 2230 προτιμηθέντας.
3132 2160 3323 2232 Παύσῃ
3361 2161 3472 2233 (85)
3501 2163 3627 2216 ποτὲ
3657 2166 3762 2227 ταῖς
3795 2165 3874 2217 7:6-

2335 2248 2482 2302 λεσιν
2519 2251 2914 2322 ὲπαιρόμενοςς
2960 2250 3251 2323 αἰδεσθήση
3283 2253 3414 2305 ποτὲ
3449 2253 3548 2324 τὴν
3576 2253 3873 2307 ἀπόπτυστὸν

2335 2356 2416 2392 σοι
2450 2341 2542 2393 καὶ
2574 2340 2766 2408 ἄτιμον
2795 2340 3062 2411 ὲρημίανς
3104 2340 3269 2394 Οὔπω
3306 2341 3418 2412 (84)
3451 2343 3592 2412 λέγω
3624 2344 3800 2415 χρυσὸν
3827 2345 3872 2395 ὲν

2331 2429 2579 2498 ψάμμοις
2618 2429 2955 2498 τικτόμενον,
3003 2430 3097 2483 καὶ
3141 2428 3321 2494 λίθους
3353 2431 3648 2500 διαφανεῖς,
3695 2431 3872 2503 πετρῶν

2335 2520 2541 2592 προϐλή
2551 2538 2696 2590 ματα
2721 2521 2813 2574 καὶ
2835 2521 3163 2593 δωρήματα·
3193 2517 3275 2586 οἷς
3297 2525 3344 2576 εί
3374 2526 3646 2598 ἀντιθείην
3678 2527 3774 2595 (85)
3800 2526 3872 2580 καὶ

2333 2611 2432 2664 ὅσα
2474 2613 2530 2663 ὲν
2578 2611 2794 2664 πόλεσιν
2839 2612 3030 2682 ἄτιμα,
3077 2615 3218 2685 τάχα
3254 2614 3320 2668 ἂν
3360 2618 3460 2670 οὐκ
3501 2619 3579 2681 εἰς
3621 2617 3764 2670 καλὸν
3794 2620 3871 2688 τῆς

2337 2703 2650 2774 παρρησίας
2681 2703 3053 2774 ἀπολαύσαιμι

657 2799 828 2868 petris
872 2795 1096 2866 produci
1141 2811 1204 2849 ac
1257 2794 1479 2859 donari;
1534 2795 1730 2864 quibus
1776 2793 1821 2848 si
1871 2793 2130 2862 quidquid
2170 2791 2224 2846 in
2267 2795 2489 2848 urbibus
2521 2796 2628 2851 vile
2655 2806 2758 2860 Col,
2827 2811 3100 2866 opponere
3167 2799 3348 2866 velim,
3380 2816 3576 2856 vereor
3605 2818 3666 2857 ne
3696 2803 3869 2856 dicendi

667 2891 919 2945 libertate
958 2889 1096 2941 haud
1126 2885 1260 2941 satis
1285 2886 1566 2940 commode
1591 2892 1734 2939 utar.

733 2981 825 3036 XI.
876 2981 946 3034 At
976 2979 1139 3034 etiam
1179 2978 1522 3049 peregrinum
1554 2987 1610 3031 et
1635 2985 1881 3030 exterum
1931 2989 2233 3044 praeconem

2411 2977 2512 3030 IA'.
2551 2973 2712 3027 Ἀλλὰ
2750 2975 2844 3028 καὶ
2879 2974 3028 3040 ξένος
3052 2979 3181 3047 ἡμῖν
3218 2977 3328 3049 (86)
3363 2979 3392 3032 ὁ
3418 2977 3594 3048 κῆρυξ
3631 2978 3713 3030 καὶ
3736 2978 3872 3046 ὕπερ-

661 3075 941 3137 habetnus,
981 3071 1124 3127 dicet
1154 3069 1386 3126 fortasse
1413 3068 1685 3138 quispiam
1718 3083 1781 3122 ex
1813 3068 1915 3131 his,
1953 3067 2042 3135 qui
2074 3067 2234 3120 nimis

658 3163 1080 3232 circumscripti,
1130 3173 1184 3217 et
1224 3161 1372 3214 carni
1417 3162 1584 3216 dediti
1623 3170 1768 3214 sunt.
1819 3159 1992 3224 Quid?
2048 3156 2236 3211 Nonne

661 3255 895 3327 apostoli
929 3255 1196 3324 peregrini
1232 3253 1454 3306 fuerunt
1478 3252 1618 3321 apud
1658 3249 1904 3303 nationes
1953 3247 2151 3302 multas
2182 3255 2237 3301 et

658 3352 822 3404 urbes
853 3348 905 3402 in
935 3362 1070 3417 quas
1102 3343 1265 3401 divisi
1302 3355 1450 3408 sunt,
1501 3353 1558 3397 ut
1607 3341 1957 3412 Evangelium
1991 3355 2239 3410 quaqua-

658 3458 874 3499 versum
899 3449 1165 3499 curreret.
1200 3453 1298 3493 nec
1323 3440 1618 3508 quidquam
1645 3437 1771 3490 trini
1799 3433 2018 3488 luminis
2045 3449 2238 3502 expers

658 3544 826 3596 esset.
876 3548 940 3590 ac
991 3532 1234 3588 veritatis
1267 3531 1386 3584 luce
1419 3530 1639 3584 minime
1667 3528 1965 3598 perfusum,
2005 3527 2141 3582 adeo
2180 3537 2240 3580 ut

663 3630 730 3683 iis
759 3628 948 3691 etiam,
1004 3626 1096 3695 qui
1134 3623 1452 3678 intenebris
1503 3638 1566 3675 ac
1613 3621 1801 3674 mortis
1845 3618 2035 3673 umbra
2080 3620 2236 3673 sedc-

660 3720 814 3780 bant,
845 3719 1005 3789 611
1043 3713 1362 3787 ignorantiae
1385 3713 1558 3780 caligo
1592 3708 1988 3764 discuteretur?
2029 3708 2236 3761 Audisti

659 3814 790 3884 quid
817 3812 1014 3866 Paulus
1041 3811 1185 3864 dicat
1219 3827 1230 3862 :
1269 3805 1336 3860 Ut
1382 3822 1472 3860 nos
1497 3804 1724 3873 quidem,
1763 3801 1968 3870 inquit,
2002 3801 2069 3852 ad
2092 3797 2235 3869 'gen-

662 3916 760 3973 tes,
788 3905 866 3959 illi
888 3915 1062 3958 autem
1095 3903 1162 3955 ad
1192 3898 1638 3955 circumcisioncm
1681 3896 1748 3949 ³¹.
1796 3895 1880 3948 Sit
1917 3907 2046 3947 sane
2095 3890 2237 3946 Petri

659 3999 863 4053 Judzea.
913 3996 1050 4062 Quid
1084 3993 1248 4048 Paulo
1288 4006 1408 4046 cum
1455 3989 1705 4058 gentibus
1733 4001 2040 4048 commune.
2078 3983 2238 4038 Luca:

661 4105 786 4144 cum
827 4087 1067 4150 Achaia,
1125 4085 1355 4138 Andreae
1411 4097 1532 4136 cum
1591 4079 1797 4148 Epiro,
1867 4077 2062 4132 Joanni
2113 4091 2234 4130 cum

663 4181 899 4250 Epheso,
923 4176 1142 4230 Thomae
1173 4190 1294 4229 cum
1328 4173 1497 4236 India,
1524 4171 1704 4224 Marco
1729 4186 1850 4225 cum
1883 4169 2075 4223 italia?
2098 4167 2236 4236 Quid

2337 3069 2500 3140 ὁριος,
2528 3067 2668 3136 τάχα
2701 3066 2765 3120 ἂν
2796 3069 2936 3120 εἴποι
2964 3085 3047 3130 τις
3074 3068 3182 3121 τῶν
3210 3069 3410 3140 σφόδρα
3445 3068 3808 3142 περιγραπτῶν
3825 3084 3872 3119 τε

2338 3161 2430 3214 καὶ
2452 3159 2812 3229 φιλοσάρκων.
2827 3159 2892 3213 Οἱ
2914 3159 3199 3214 ἀπόστολοι
3221 3162 3296 3223 δὲ,
3315 3165 3374 3214 οὐ
3415 3163 3553 3226 ξένοι
3578 3164 3678 3216 τῶν
3701 3163 3874 3216 πολλῶν

2338 3249 2506 3302 ἐθνῶν
2555 3265 2612 3302 τε
2663 3249 2757 3300 καὶ
2803 3249 3032 3313 πόλεων,
3067 3252 3145 3313 είς
3186 3249 3382 3321 ἆ;(87)
3417 3253 3878 3324 ἐμερίσθησαν,ἴή

2339 3340 2610 3411 πανταχοῦ
2649 3340 2832 3412 δράμῃ
2867 3342 2928 3394 τὸ
2958 3337 3307 3409 Εὑαγγέλιον,
3345 3343 3430 3396 ἵνα
3463 3345 3630 3414 μηδὲν
3665 3345 3875 3414 ἀλαμπὲς

2337 3430 2370 3509 ᾗ
2409 3433 2498 3486 τοῦ
2538 3433 2760 3504 τρισσοῦ
2808 3434 3002 3502 φωτὸς,
3043 3435 3136 3488 καὶ
3170 3434 3268 3505 τῆς
3299 3435 3560 3505 ἀληθείας
3594 3436 3873 3505 ἀφώτιστον,

2338 3523 2479 3575 ὥστε
2512 3521 2608 3575 καὶ
2645 3523 2754 3584 τοῖς
2783 3522 2839 3572 ὲν
2871 3521 3048 3591 σκότῳ
3076 3521 3188 3592 (88)
3220 3523 3314 3575 καὶ
3343 3526 3472 3594 σκιᾷ
3518 3525 3734 3580 θανάτου
3767 3523 3876 3576 καθ-

2337 3615 2561 3685 ημένοις
2589 3611 2815 3682 λυθῆναι
2838 3612 2934 3681 τὴν
2960 3613 3129 3665 νύκτα
3155 3615 3252 3684 τῆς
3279 3614 3586 3682 ἀγνωσίας;
3619 3618 3714 3671 Ἰν”
3739 3614 3878 3684 ἡμεῖς

2338 3706 2471 3776 μὲν,
2497 3705 2679 3776 φησὶν,
2716 3707 2802 3770 εὶς
2834 3705 2905 3758 τὰ
2931 3705 3097 3772 ἔθνη,
3134 3707 3302 3758 αὐτοὶ
3333 3705 3403 3759 δὲ
3429 3710 3520 3774 εις
3553 3707 3663 3777 τὴν
3686 3724 3878 3775 περιτο·
3923 3709 3930 3722 '

2333 3797 2484 3865 μὴν,
2535 3799 2774 3868 ἤκουσας
2823 3796 3033 3849 Παύλου
3083 3796 3351 3864 λέγοντος.
3389 3801 3571 3853 Ἔστω
3629 3800 3811 3871 Πέτρου
3851 3797 3877 3866 ἠ

2353 3891 2611 3944 Ἰουδαίαο
2647 3891 2700 3942 τί
2751 3889 2948 3960 Παύλῳ
3012 3889 3182 3945 κοινὸν
3239 3891 3373 3962 πρὸς
3423 3892 3493 3944 τὰ
3547 3892 3690 3962 ἔθνη,
3730 3889 3879 3958 Λουκᾷ

2342 3983 2479 4054 πρὸς
2519 3982 2765 4052 Ἀχαίαν,
2805 3981 3029 4053 Ἀνδρέᾳ
3072 3981 3206 4051 πρὸς
3238 3981 3335 4052 τὴν
3371 3982 3652 4054 Ἤπειρον,
3697 3980 3879 4050 Ἰωάννῃ

2342 4076 2478 4145 πρὸς
2499 4074 2750 4140 Ἔφεσον,
2769 4071 2940 4142 Θωμᾷ
2967 4072 3102 4142 πρὸς
3137 4072 3384 4143 Ἰνδικὴν,
3401 4074 3612 4145 Μάρκῳ
3632 4072 3756 4145 πρὸς
3770 4073 3878 4124 Ἰτα-

2339 4165 2492 4229 λίανς
2517 4166 2569 4220 τί
2589 4163 2678 4218 δαὶ
2695 4163 2803 4234 (89)
2826 4165 2937 4226 τοῖς
2957 4162 3135 4228 ἄλλοις
3160 4165 3345 4227 πᾶσιν,
3373 4165 3457 4216 ἵνα
3487 4164 3561 4236 μὴ
3575 4165 3641 4218 τὰ
3660 4165 3769 4218 καθ’
3787 4163 3878 4228 {90)

663 4267 876 4324 caeteris
909 4267 1180 4330 omnibus,
1215 4280 1282 4318 ne
1309 4263 1583 4333 sigillatim
1617 4262 1829 4330 loquar,
1870 4274 1991 4314 cum
2037 4259 2126 4325 iis,
2171 4258 2234 4312 ad

2339 4257 2567 4312 ἕκαστον
2597 4258 2759 4326 λέγω,
2791 4261 2926 4332 πρὸς
2975 4262 3100 4324 τοὺς
3137 4257 3218 4324 οἷς
3249 4263 3640 4334 ἐπεδήμησαν;
3672 4259 3877 4327 "noted;

637 4373 804 4430 'qnos
839 4356 1065 4428 profecti
1097 4357 1264 4412 sunt?
1295 4357 1495 4423 Quare,
1527 4364 1619 4410 aut
1648 4355 1766 4410 illos
1790 4355 1956 4408 etiam
1982 4351 2228 4422 objurga,

2337 4349 2606 4414 κάκείνοις
2632 4352 2976 4423 ἐπιτίμησον,
3003 4353 3035 4424 ἢ
3060 4354 3228 4424 κάμοὶ
3259 4353 3634 4425 συγχώρησον.
3661 4355 3692 4425 ἦ
3717 4352 3878 4416 δεῖξον,

666 4461 759 4505 aut
787 4450 915 4504 mihi
947 4463 1159 4518 quoque
1189 4449 1427 4519 ignosce,
1459 4458 1551 4503 aut
1591 4447 1845 4508 ostende.
1885 4461 2008 4500 cum
2050 4459 2231 4500 veram

2342 4440 2421 4492 ὅτι
2455 4440 2543 4492 τὸν
2567 4440 2740 4510 ἁληθῆ
2777 4442 2886 4511 (91)
2923 4441 3078 4510 λόγον
3123 4443 3457 4514 πρεσϐεύων,
3493 4444 3761 4516 ἐπηρεαζῃ
3789 4440 3880 4510 ’τὴν

667 4545 966 4599 doctrinam
1009 4542 1344 4611 potissimum
1393 4551 1608 4598 astruas
1635 4581 1648 4605 ,
1693 4556 1760 4596 ex
1811 4539 2030 4595 insulsis
2078 4536 2234 4607 nugis

2343 4533 2629 4604 φλυαρίαν.
2673 4535 2825 4586 Ἐπεὶ
2857 4534 2913 4587 δὲ
2955 4536 3342 4606 μικροπρεπῶς
3377 4536 3653 4608 διελέχθην
3679 4552 3753 4588 σοι
3779 4530 3881 4601 περὶ

668 4636 760 4691 tibi
801 4635 1126 4690 calumniam
1159 4635 1315 4692 strui.
1343 4633 1611 4701 Quoniam
1646 4642 1824 4688 autem
1856 4632 1922 4686 de
1957 4630 2043 4684 his
2077 4627 2234 4682 rebus

2341 4624 2564 4685 τούτων,
2614 4624 2764 4695 φέρε,
2808 4625 3155 4696 φιλοσοφήσω
3199 4627 3290 4680 καὶ
3319 4628 3878 4699 μεγαλοπρεπέστερον-

671 4731 949 4786 humiliter
974 4740 1149 4786 tecum
1183 4732 1443 4786 hactenus
1483 4739 1536 4784 et
1572 4727 1781 4796 abiecte
1827 4724 2079 4792 disserui,
2116 4736 2243 4794 age,
2295 4720 2584 4784 sublimius
2615 4720 2727 4788 jam
2761 4735 2823 4774 ac
2857 4721 3289 4792 magniﬁcentius
3321 4722 3630 4792 disputabo.

744 4867 789 4898 ’³
817 4865 955 4921 Gen.
985 4881 1192 4931 xxxvii,
1217 4865 1306 4920 '56.
1409 4865 1456 4896 “
1483 4863 1615 4918 Gen.
1648 4870 1756 4919 itu.
1795 4862 1883 4915 56.
1982 4861 2027 4892 "
2056 4860 2189 4914 Gen.
2230 4874 2326 4931 xu,
2370 4857 2394 4931 1
2440 4869 2592 4931 seqq.
2695 4854 2741 4885 '°
2771 4853 2936 4908 Exod.
2968 4869 3027 4919 ιι,
3057 4855 3109 4909 5.

669 4938 714 4970 ³⁸
744 4935 808 4991 iV
844 4937 974 5005 Reg.
1007 4952 1061 5002 ιι,
1093 4927 1190 4992 11.
1256 4939 1299 4968 ⁸³
1329 4935 1458 4989 ibid.
1495 4935 1577 4988 t4.
1655 4932 1700 4962 ³⁵
1730 4931 1918 4985 Matth.
1954 4946 2032 4996 xi,
2060 4931 2143 4984 11.
2222 4931 2234 4960 ¹

2337 4929 2458 4981 alat.
2487 4927 2603 4993 “,0.

3218 4857 3261 4886 ’⁷
3303 4857 3468 4912 Exod.
3524 4873 3600 4922 ιιι,
3660 4857 3721 4911 10
3752 4866 3877 4922 seqq-

739 5077 852 5146 (80)
879 5076 1401 5147 Πρσηγηοέλθησαν.
1438 5073 1533 5147 _$ic
1581 5082 1691 5127 tres
1733 5072 1923 5143 Ἆρες..
1952 5072 2057 5127 duo
2082 5070 2232 5126 Colb.

667 5159 723 5204 et
755 5143 846 5203 Or.
875 5143 1160 5209 ﬁlii-ed"
1198 5143 1678 5216 παρηγγέλθησαν.

737 5219 850 5286 (8|)
890 5217 1200 5284 Προσοίσω
1223 5210 1346 5286 qm;
1494 5210 1598 5268 duo
1626 5213 1814 5282 [Liggq
1834 5218 2064 5281 quatuor
2080 5210 2230 5267 Colb.

668 5299 722 5342 ct
747 5283 842 5342 Or.
868 5283 1110 5339 iflieest
1138 5300 1216 5335 σοι
1251 5285 1304 5336 in
1337 5283 1421 5336 ed.

738 5351 1783 5427 (82)ᾼΕὺαγη·ελιζομένους-πτωχούς.
1845 5349 1963 5427 ΒίΙΙ.
2003 5369 2016 5404 :
2074 5367 2235 5427 ipau-

670 5421 828 5495 pert-9
868 5421 1372 5495 Evangelizantes.»
1424 5421 1540 5476 Non
1574 5432 1754 5495 recte;
1815 5424 2025 5495 passiva
2059 5424 2223 5495 enim

669 5492 1082 5566 significatione,
1111 5507 1214 5546 non
1245 5494 1438 5558 activa,
1475 5507 1576 5547 vox
1603 5492 1690 5546 illa
1725 5493 1776 5546 in
1807 5492 2102 5561 Scripturis
2134 5507 2228 5545 ar.-

672 5575 888 5619 cuntur.

728 5584 1110 5700 ligg)r.l1adan.
1143 5630 1276 5686 Tres
1309 5632 1472 5703 Regg.
1511 5641 1565 5686 et
1597 5629 1707 5686 Jes.
1751 5629 2124 5703 adduntuan

739 5702 849 5769 (84)
881 5699 1084 5757 οὔπω.
1133 5703 1220 5758 Sic
1255 5714 1364 5760 tres
1392 5699 1594 5773 Tlrgg”
1628 5703 1731 5757 duo
1756 5700 1940 5766 Coisl.,
1978 5699 2071 5756 Or.
2121 5701 2144 5752 1
2185 5709 2236 5756 et

2337 5560 2367 5614 δ

2343 5068 2454 5126 Jes.
2481 5071 2537 5124 In
2573 5069 2659 5125 ed.
2687 5069 2848 5125 οὕτω.

2414 5141 2527 5211 (85)
2569 5143 2906 5208 ’Δγ-τιθείην.
2928 5139 3062 5211 Reg.
3089 5139 3200 5206 bm,
3228 5139 3569 5211 ἀντιτιθείην.

2414 5210 2528 5280 (86⁷)
2565 5211 2746 5280 Ἡμῖν.
2771 5211 2826 5265 in
2865 5210 3204 5280 quihusdam.
3243 5211 3391 5280 ὑμῖν.

2412 5272 2525 5352 (87)
2548 5272 2654 5352 ξιξ
2682 5281 2774 5347 ἅς.
2811 5272 2900 5335 Sic
2938 5281 3118 5349 plures
3166 5272 3336 5352 Regg.
3369 5289 3422 5335 et
3449 5279 3626 5345 Colb.,
3666 5272 3877 5337 ϐοίδια,

2342 5350 2434 5408 Or.
2467 5352 2520 5414 1,
2547 5350 2654 5406 Jes.
2681 5352 2834 5406 Deest
2860 5353 2937 5414 είς
2971 5353 3021 5403 in
3055 5353 3140 5404 ed.

2412 5421 2524 5491 (88)
2569 5422 2674 5491 Ἐιῖ
2699 5421 2919 5488 σκότῳ.
2949 5420 3162 5491 Comb.,
3195 5421 3252 5473 ὲν
3291 5419 3494 5491 σκότει,

2370 5485 2521 5614 é(89)
2564 5493 2622 5544 Τί
2650 5490 2768 5546 δαί.
2815 5485 2880 5545 In
2906 5490 3176 5545 nonnullis
3202 5491 3374 5557 deest,
3409 5487 3515 5546 δαί.
3553 5488 3655 5543 Alii
3710 5485 3876 5540 habent

2401 5599 2524 5703 .(99)
2554 5630 2628 5703 Τὰ
2652 5632 2800 5703 “‘10:-
2827 5631 3017 5703 _DeeSl
3049 5631 3199 5703 τά.Ῑιι
3229 5630 3398 5703 tribus
3443 5630 3602 5703 Regg.
3636 5637 3688 5685 et
3715 5623 3797 5683 0r.
3829 5621 3865 5674 2.

2417 5699 2527 5771 (91)
2568 5699 2796 5769 Ἀληθῆ.
2827 5700 2957 5770 Πρε.
2996 5703 3104 5770 bm,
3136 5701 3402 5774 ἀληθινόν.
