4010 6316
187 307 286 363 229

890 299 1148 359 ORATIO
1188 301 1428 358 XXXIII.
1474 327 1537 342 έ-
1580 299 1861 357 CONTIIA
1902 296 2206 354 ARIANOS
2245 294 2333 353 ET
2375 297 2462 353 DE
2505 296 2764 356 SEIPSO.

3335 307 3446 367 250

251 421 346 475 IB‘.
388 421 533 474 Πᾶσι
576 422 676 490 μία
734 425 841 484 τοῖς
892 422 1116 492 ὑψηλοῖς
1169 423 1388 493 πατρὶς,
1423 416 1466 473 ὦ
1515 416 1689 483 οὗτος,
1734 421 1765 490 ή

1939 415 2054 472 XII.
2103 415 2310 488 Magnis
2348 419 2600 474 omnibus
2631 430 2686 472 et
2715 418 2948 474 excelsis
2980 419 3144 486 viris,
3189 436 3222 476 ο
3262 424 3448 492 Ιιοιιιο,

190 515 290 568 ἄνω
330 511 711 583 Ἰερουσαλὴμ,
752 513 830 572 είς
862 511 927 580 ἣν
953 510 1324 580 ἀποτιθέμεοα
1350 511 1410 562 τὸ
1446 510 1766 579 πολίτευμα.

191 605 318 656 ili-3v.
369 602 525 669 γένος
572 601 653 663 ἓν,
690 601 736 652 εἰ
788 601 884 670 μὲν
934 601 1001 653 τὰ
1043 601 1192 653 κάτω
1237 600 1416 668 βούλει
1464 603 1703 662 σκοπεῖν,
1743 591 1772 651 ὃ

189 694 307 764 χοῦς
330 710 342 720 ⁸
372 693 418 745 εξ
446 692 504 744 δὲ
533 691 606 744 τὰ
637 691 964 763 ὑψηλότερα,
1002 691 1061 744 τὸ
1084 692 1409 762 ἐμφύσημα,
1434 684 1495 744 οὗ
1522 690 1771 762 μετειλή-

190 803 377 855 φαμεν,
419 784 514 836 καὶ
554 783 584 835 ὃ
613 786 798 854 τηρεῖν
823 783 1245 854 ἐκελεύσοημεν,
1279 786 1372 838 καὶ
1420 785 1539 854 μεθ’
1571 777 1631 836 οὗ
1664 802 1768 836 πα-

191 877 442 950 ραστῆναί
492 894 564 946 με
618 876 698 928 δεῖ
740 876 894 944 λόγον
929 875 1196 944 ὑφέξοντα
1235 877 1334 944 τῆς
1371 878 1578 930 ἄνωῡεν
1612 877 1770 944 εὐγε-

189 970 322 1030 νείας
354 969 448 1022 καὶ
476 970 583 1038 τῆς
613 968 839 1031 εἰκόνος.
872 970 986 1030 Πᾶς
1019 969 1117 1038 μέν
1149 964 1242 1021 οὖν
1272 968 1516 1038 εὐγενὴς,
1552 970 1580 1020 ὁ
1615 969 1772 1021 τοῦτο

190 1060 417 1128 φυλάξας
446 1059 508 1125 ἐξ
545 1060 772 1130 ἀρετῆς,
801 1061 894 1111 καὶ
922 1059 1020 1128 τῆς
1054 1060 1189 1130 πρὸς
1218 1061 1275 1111 τὸ
1306 1061 1613 1130 ἀρχέτυπον
1647 1060 1769 1112 νεύ-

193 1168 345 1213 σεως·
388 1149 660 1219 δυσγενὴς
705 1150 761 1201 δὲ
798 1149 964 1210 ἄπας,
1001 1149 1026 1199 ὁ
1064 1151 1129 1218 τῇ
1176 1149 1339 1219 κακίᾳ
1381 1150 1641 1217 συγχέας,
1679 1151 1771 1202 καὶ

193 1243 390 1314 μορψὴν
411 1241 613 1310 ἑτέραν
647 1238 923 1294 ἐπιϐαλὼν
957 1240 1132 1309 ἑαυτῴ
1161 1240 1292 1310 (92),
1329 1243 1428 1311 τὴν
1449 1242 1540 1293 τοῦ
1573 1243 1766 1310 ὅψεως.

190 1336 248 1389 Ai
279 1333 335 1384 δὲ
369 1333 524 1385 κάτω
560 1331 822 1402 πατρίδες
849 1325 1030 1393 αὗται,
1063 1331 1155 1383 καὶ
1189 1332 1256 1383 τὰ
1285 1331 1417 1402 γένη
1445 1331 1637 1394 ταῦτα,
1672 1333 1771 1401 τῆς

192 1424 522 1492 προσκαίρου
562 1422 712 1492 ζωῆς
743 1423 838 1475 καὶ
866 1424 1070 1493 σκηνῆς
1105 1421 1260 1493 ἡμῶν
1297 1423 1405 1492 (95)
1427 1426 1615 1491 γέγονε
1645 1425 1772 1476 παί-

192 1527 322 1580 γνια.
367 1513 578 1583 Πατρίς
615 1529 672 1564 τε
717 1512 847 1582 γὰρ,
891 1513 956 1582 ἣν
1004 1511 1408 1582 προκατέλαΰεν
1447 1512 1696 1590 ἕκαστος,
1737 1510 1770 1579 ἢ

190 1606 520 1674 τδραννήσας
558 1603 695 1674 (94),
741 1603 772 1672 ἢ
816 1603 1177 1674 δυστυχήσας,
1209 1598 1276 1673 ἧς
1327 1603 1526 1665 πάντες
1573 1601 1772 1671 ὁμοίως

192 1687 320 1760 give:
353 1694 447 1746 καὶ
470 1696 755 1764 πάροικοι,
795 1693 895 1746 κᾶν
925 1695 1018 1746 ἐπὶ
1051 1695 1184 1748 πολὺ
1214 1694 1281 1746 τὰ
1310 1694 1547 1764 ὀνόματα
1570 1695 1773 1760 παίξω-

1872 511 2042 578 patria
2073 525 2179 564 una
2207 520 2309 574 est,
2341 526 2574 580 superna
2603 510 2927 576 Jerusalem,
2957 511 3010 566 in
3035 527 3196 581 quam
3222 529 3450 571 conver-

1872 601 2132 656 sationem
2174 610 2413 655 nostram
2456 603 2799 656 recondimus
2835 601 2903 658 ³¹.
2946 603 3212 659 Omnibus
3281 620 3452 676 genus

1873 709 2059 758 unum,
2102 693 2146 747 si
2188 691 2444 747 inferiora
2487 694 2602 748 haec
2641 706 2890 762 spectare
2929 695 3098 761 velis,
3146 697 3324 766 pulvis
3362 699 3449 764 ³³;

1872 787 1914 840 si
1940 787 2245 856 superiora,
2295 785 2623 854 spiraculum
2675 787 2801 839 illud
2843 787 2906 853 ³⁸,
2965 787 3117 856 cujus
3161 790 3451 859 participes

1872 877 2001 932 facti
2041 891 2249 942 sumus,
2286 877 2539 946 quodque
2563 891 2891 932 conservare
2935 879 3206 948 jubemur,
3238 889 3438 936 etcum

1871 983 1980 1037 quo
2024 967 2154 1020 mihi
2204 965 2270 1020 ad
2306 964 2538 1020 tribunal
2573 965 2689 1020 sisti
2733 981 2955 1021 necesse
2993 979 3075 1022 est
3101 1008 3116 1033 ,
3161 979 3219 1022 ut
3257 969 3453 1024 divini-

1874 1067 1960 1111 tus
1997 1056 2181 1111 indita:
2220 1054 2517 1109 nobilitatis
2576 1055 2934 1123 imaginisque
3001 1057 3263 1110 rationem
3315 1058 3451 1112 red-

1873 1150 2016 1204 dam.
2051 1149 2310 1216 Quisquis
2350 1148 2516 1214 igitur
2548 1163 2644 1215 per
2695 1159 2895 1201 rectam
2935 1149 3148 1202 vivendi
3183 1150 3447 1206 rationem

1871 1240 2144 1309 animique
2169 1241 2233 1293 ad
2253 1240 2532 1303 exetnplar
2555 1255 2709 1294 suum
2739 1241 3171 1306 inclinationem,
3204 1244 3449 1312 spiracu-

1873 1333 1980 1386 lum
2049 1333 2175 1385 illud
2235 1333 2665 1396 conservaverit,
2733 1332 2858 1386 huic
2925 1332 3141 1386 demum
3201 1334 3452 1391 nobilitas

1873 1425 2158 1478 constabit.
2197 1423 2422 1488 Contra,
2461 1425 2548 1493 qui
2586 1425 2718 1478 illud
2774 1441 2869 1495 per
2914 1425 3102 1480 vitium
3145 1426 3449 1494 fmdaverit,

1874 1515 2210 1584 formamque
2251 1516 2504 1580 alteram,
2541 1516 2643 1571 hoc
2691 1526 2808 1582 est,
2870 1517 3136 1585 serpentis
3179 1519 3408 1573 formam
3435 1560 3450 1584 ,

1873 1607 1974 1661 sibi
2017 1607 2113 1675 ipsi
2149 1607 2455 1668 induxerit,
2508 1607 2596 1660 ille
2642 1623 2767 1662 vere
2805 1610 3056 1675 ignobilis
3089 1618 3143 1664 et
3181 1610 3452 1667 obscurus

1874 1696 2152 1750 habendus
2194 1696 2318 1750 erit.
2371 1695 2625 1750 Terrena:
2674 1706 2852 1750 autem
2891 1699 2971 1752 hae
3019 1699 3228 1768 patrim,
3288 1712 3452 1771 atque

193 1802 282 1853 μεν
318 1785 450 1854 (95).
490 1785 607 1837 Καὶ
648 1784 804 1852 γένος
837 1785 1055 1852 εὐγενὲς
1097 1787 1216 1856 μὲν,
1245 1787 1278 1857 ἢ
1317 1788 1378 1840 τὸ
1413 1786 1580 1840 πάλαι
1609 1785 1771 1837 πλού-

1875 1786 1987 1840 Inec
2034 1801 2292 1855 generum
2345 1785 2696 1852 discrimina,
2746 1789 2926 1843 brevis
2959 1790 3114 1858 hujus
3156 1801 3208 1845 et
3237 1795 3454 1850 caduca:

191 1893 316 1939 σιον,
342 1875 374 1946 ἢ
413 1877 473 1928 τὸ
507 1875 610 1927 νῦν
640 1875 960 1945 φυσώμενον
986 1893 999 1906 ·
1029 1877 1285 1944 δυσγενὲς
1324 1877 1400 1940 δὲ,
1437 1877 1497 1929 τὸ
1526 1877 1768 1946 πενήτων

191 1970 456 2039 πατέρων,
503 1970 536 2039 ἢ
578 1969 667 2021 διὰ
712 1969 1018 2039 συμιροραν,
1059 1970 1090 2039 ἢ
1129 1970 1195 2022 δι’
1243 1971 1562 2023 ἐπιείκειαν.
1619 1968 1771 2020 Ἐπεὶ

190 2059 296 2122 πῶς
323 2059 532 2112 ἄνωθεν
569 2059 811 2127 εὐγενὲς,
864 2055 924 2112 οὗ
953 2059 1010 2112 τὸ
1048 2061 1143 2129 μὲν
1183 2061 1409 2133 ἄρχεται
1455 2061 1570 2124 νῦν,
1617 2061 1676 2113 τὸ
1715 2061 1771 2114 δὲ

191 2151 509 2204 καταλύεται
536 2167 550 2179 ο
591 2149 686 2202 καὶ
727 2152 836 2212 τοῖς
870 2150 971 2219 μὲν
1003 2151 1062 2202 οὐ
1087 2150 1305 2214 δίδοται,
1333 2154 1444 2214 τοῖς
1473 2151 1529 2205 δὲ
1565 2153 1770 2222 γράφε-

189 2259 300 2306 ται;
329 2242 519 2304 Οὕτως
549 2239 665 2308 ἐγὼ
698 2241 824 2311 περὶ
851 2240 1056 2295 τούτων
1082 2241 1207 2311 ἔχω.
1239 2243 1347 2295 Καὶ
1383 2242 1471 2295 διὰ
1496 2241 1673 2306 τοῦτο,
1711 2243 1769 2296 σὲ

195 2335 284 2402 μὲν
324 2332 530 2403 ἀφίημι
574 2335 689 2396 τοῖς
717 2332 907 2400 τάφοις
943 2333 1366 2404 μεγαλοφρονεῖν
1411 2335 1544 2404 (96),
1592 2335 1623 2404 ἢ
1660 2339 1771 2398 τοῖς

195 2424 394 2492 μὺῧοις.
452 2422 599 2490 Ἐγὼ
632 2422 689 2474 δὲ
718 2423 1012 2494 πειρῶμαι,
1043 2424 1119 2486 ὡς
1149 2419 1258 2476 οἷόν
1280 2441 1360 2487 τε,
1385 2424 1772 2495 ἀνακαθαίρειν

193 2516 417 2585 ἐμαυτὸν
472 2516 576 2586 τῆς
615 2515 726 2586 (97)
755 2515 991 2586 ἀπάτης,
1036 2517 1170 2587 ἵν’ἢ
1221 2517 1438 2585 φυλάξω
1486 2517 1582 2589 τὴν
1627 2517 1778 2585 εὐγέ-

192 2625 350 2670 νειαν,
378 2608 411 2678 ἦ
438 2607 893 2677 ἀνακαλέσωμαι.

1877 1879 1998 1932 vitae
2034 1889 2230 1933 nostra:
2260 1893 2322 1931 ac
2347 1893 2520 1932 scente
2545 1877 2653 1931 Iudi
2687 1889 2832 1934 sunt.
2865 1881 3033 1947 Quam
3064 1884 3203 1937 enim
3224 1886 3453 1954 quisque

1879 1979 2099 2032 terram,
2151 1970 2262 2023 sive
2291 1984 2387 2037 per
2423 1969 2788 2039 tyrannidem,
2819 1970 2932 2026 sive
2965 1989 3060 2041 per
3089 1974 3450 2030 calamitatem

1878 2070 2002 2115 ante
2041 2061 2414 2131 occupaverit.
2459 2076 2522 2115 ea
2575 2065 2748 2132 patria
2793 2063 3013 2131 dicitur,
3064 2068 3217 2136 cujus
3263 2084 3453 2124 omnes

1876 2169 2030 2222 mque
2076 2154 2314 2222 hospites
2376 2161 2429 2207 et
2485 2155 2709 2210 advena:
2774 2171 2996 2220 sumus,
3061 2161 3453 2227 quantumlibet

1877 2260 2068 2298 vocum
2123 2245 2485 2314 appellatione
2543 2247 2810 2300 Indamus.
2879 2246 3031 2314 Jam,
3103 2267 3273 2320 genus
3325 2252 3452 2305 illud

1879 2333 2060 2388 nobile
2112 2344 2392 2400 censetur,
2437 2337 2579 2404 quod
2649 2337 2731 2391 Vel
2777 2337 2903 2391 olim
2957 2340 3149 2408 opibus
3191 2354 3244 2394 et
3283 2341 3454 2410 copiis

1879 2424 2169 2489 excelluit,
2244 2425 2328 2480 vel
2382 2428 2523 2496 quod
2583 2443 2726 2483 nunc
2795 2431 3027 2498 superbe
3093 2431 3449 2488 intumescit:

1876 2514 2166 2568 obscurum
2211 2525 2401 2569 contra
2440 2525 2494 2570 et
2541 2518 2798 2588 ignobile,
2842 2520 2985 2587 quod
3036 2535 3065 2573 a
3119 2522 3453 2589 parentibus,

1878 2605 1961 2658 vel
1995 2615 2212 2675 propter
2240 2595 2635 2676 calamitatem,
2678 2610 2756 2663 vel
2790 2623 3014 2678 propter
3039 2612 3205 2668 animi
3238 2615 3454 2681 :equita-

199 2713 292 2752 lt'm
341 2702 634 2770 egentibus
668 2700 901 2755 ducitur.
971 2695 1212 2762 Quonam
1279 2697 1422 2750 enim
1490 2706 1646 2764 pacto
1688 2693 1942 2748 divinitus
2013 2692 2180 2746 indita
2223 2707 2345 2747 esse
2389 2704 2568 2762 potest
2623 2697 2734 2750 haec
2783 2698 3049 2763 nobilitas,
3098 2714 3216 2768 quae
3260 2700 3455 2769 partim

197 2811 325 2848 nunc
364 2795 578 2863 incipit,
617 2795 810 2864 partim
864 2791 1258 2860 exstinguitur;
1313 2799 1474 2859 atque
1500 2791 1618 2844 aliis
1673 2791 1887 2858 quidem
1925 2798 2170 2857 negatur,
2208 2788 2329 2842 aliis
2392 2799 2574 2844 autem
2642 2792 2945 2862 principum
2988 2795 3264 2864 rescriptis
3325 2811 3454 2849 con-

194 2888 437 2941 ceditur?
495 2887 623 2941 Ilaec
686 2888 752 2942 de
810 2886 894 2940 his
942 2887 1104 2941 rebus
1165 2902 1281 2939 mea
1348 2886 1613 2940 sententia
1655 2894 1760 2940 est.
1804 2885 1880 2940 Ac
1942 2893 2265 2954 propterea,
2335 2887 2644 2954 tequidem
2693 2890 2763 2943 ob
2823 2891 3071 2960 sepulcra
3113 2893 3192 2946 vel
3246 2892 3455 2948 fabulas

202 2981 477 3050 magniﬁce
510 2983 581 3036 de
633 2992 684 3035 te
736 2981 1050 3036 existimare
1115 2981 1253 3035 sino.
1327 2981 1436 3050 Ego
1468 2990 1650 3034 autem
1691 2981 1976 3047 meipsum,
2005 2987 2269 3048 quantum
2333 2993 2578 3048 possum,
2616 2995 2645 3033 a
2695 2981 2882 3037 fraude
2932 2991 3093 3052 atque
3158 2984 3453 3054 impostura

198 3087 477 3141 repurgare
511 3073 708 3126 studeo
730 3111 744 3135 ,
790 3082 846 3125 ut
879 3075 1213 3127 nobilitatem
1251 3072 1332 3127 vel
1365 3088 1702 3139 conservom,
1737 3073 1818 3128 vel
1853 3087 2189 3142 recuperem.

263 3170 354 3224 II‘.
395 3168 559 3222 Οὕτω
601 3169 700 3238 μὲν
731 3163 824 3221 οὖν
852 3168 946 3220 καὶ
979 3168 1064 3221 διὰ
1103 3168 1294 3235 ταῦτα,
1327 3169 1560 3239 ἐπέστην
1592 3171 1716 3240 ὑμῖν
1748 3172 1771 3222 ι

1950 3170 2114 3240 612
2137 3167 2271 3222 XIII.
2294 3167 2386 3223 Sic
2423 3168 2601 3238 igitur,
2623 3175 2790 3236 atque
2813 3165 2882 3221 ob
2913 3165 3008 3220 has
3039 3179 3228 3220 causas
3257 3181 3454 3234 parvus

200 3261 380 3332 μικρὸς
422 3261 538 3328 ἐγὼ
579 3262 673 3314 καὶ¹
716 3260 1072 3332 κακόπατρις,
1120 3261 1214 3315 καὶ
1255 3261 1430 3325 τοῦτο,
1479 3263 1577 3332 οὐχ
1610 3262 1771 3325 ἑκὼν,

197 3350 295 3402 οὐδ’
331 3351 801 3418 αὐτεπάγγελτος,
841 3351 980 3403 κατὰ
1018 3352 1144 3414 τοὺς
1173 3351 1398 3414 πολλοὺς
1417 3353 1525 3406 τῶν
1549 3351 1642 3406 νῦν
1666 3354 1776 3406 ἐπι-

199 3442 479 3512 πηδώντων
522 3446 639 3504 ταῖς
669 3443 1046 3510 προστασίαις,
1088 3441 1224 3494 ἀλλὰ
1257 3441 1494 3512 κληθεὶς,
1531 3442 1626 3511 καὶ
1661 3443 1776 3511 βια-

202 3534 356 3596 σθεὶς,
390 3537 489 3586 καὶ
528 3533 1006 3602 κατακολουθήσας
1047 3533 1196 3603 φόϐῳ
1239 3534 1330 3586 καὶ
1373 3532 1670 3603 Πνεύματι.
1709 3533 1775 3584 Ἦ

204 3625 513 3696 μακρότερα
557 3623 924 3694 πολεμηθείην
958 3624 1188 3676 ἐνταῦθα
1240 3623 1512 3692 διακενῆς,
1554 3625 1647 3676 καὶ
1680 3639 1778 3692 μη·

199 3716 312 3771 δίνα
337 3717 438 3787 τῆς
456 3717 670 3784 πλάνης
703 3714 1153 3786 ἐλευῢερώσαιμι,
1179 3716 1294 3768 ἀλλ’
1322 3717 1369 3767 oi
1388 3715 1638 3784 ἀτεχνίαν
1676 3713 1776 3782 τῆς

202 3803 330 3873 ἐμῆς
361 3803 758 3873 κατευχόμενοι
791 3803 970 3872 ψυχῆς
999 3802 1324 3889 ἐπιτύχοιενδ
1353 3806 1400 3856 εἰ
1421 3803 1618 3873 ψευδὴς
1643 3803 1671 3854 ὁ
1691 3804 1778 3856 λό-

203 3909 300 3960 γος.
342 3894 503 3947 Ἐπεὶ
532 3894 589 3946 δὲ
615 3891 796 3964 ἦλθον,
823 3895 915 3948 καὶ
942 3895 1070 3957 ἴσως
1090 3896 1150 3947 οὐ
1178 3895 1314 3965 μετὰ
1339 3895 1548 3966 φαύλης
1577 3896 1674 3966 τῆς
1693 3895 1778 3961 ἐξ·

205 3985 376 4048 ουσίας
404 3987 520 4055 (ἵνα
555 3986 748 4055 μικρόν
773 4003 828 4038 τι
862 3986 1225 4056 καυχήσωμαι
1265 3985 1375 4039 τῶν
1403 3987 1500 4056 τῆς
1533 3985 1776 4056 ἀφροσύ-

207 4078 334 4148 νης),
354 4079 479 4131 τίνα
512 4077 622 4130 τῶν
651 4077 940 4146 ἁπλήστων
959 4078 1320 4149 ἐμιμησάμην
1345 4095 1359 4142 ;
1383 4077 1435 4129 τί
1460 4076 1552 4129 τοῦ
1585 4077 1774 4148 καιροῦ

206 4170 583 4242 παρεζήλωσα,
615 4170 855 4237 καίτοιγε
881 4169 1104 4224 τοιαῦτα
1129 4169 1266 4240 ἔχων
1295 4169 1361 4222 τὰ
1382 4168 1774 4239 ὑποδείγματα,

205 4254 272 4313 ὧν
305 4265 396 4316 καὶ
427 4263 574 4330 δίχα,
608 4263 682 4332 μὴ
723 4263 890 4315 κακὸν
938 4263 1046 4334 (98)
1085 4257 1221 4316 εἶναι
1255 4261 1362 4314 τῶν
1394 4252 1648 4332 χαλεπῶν
1682 4261 1777 4316 καὶ

209 4353 432 4404 σπανίων
461 4369 477 4416 ;
516 4352 688 4404 Τίνων
726 4351 1063 4422 Ἐκκλησιῶν
1089 4353 1216 4422 ὑμῖν
1247 4351 1772 4422 ὴμφισϐητήσαμενς

210 4443 370 4496 Ποίων
390 4444 715 4515 χρημάτων.
742 4445 984 4512 καίτοιγε
1009 4448 1118 4508 τοῖς
1148 4443 1431 4514 ἀμφότερα
1456 4442 1775 4495 πλουτοῦσιν

1876 3274 1976 3329 ego
2014 3259 2123 3322 ille,
2159 3269 2212 3314 et
2239 3258 2379 3312 mala
2405 3259 2580 3328 patria
2610 3269 2782 3322 ortus,
2808 3257 2872 3310 ad
2907 3272 3002 3310 vos
3033 3257 3259 3321 accessi,
3293 3258 3454 3326 idque

1877 3364 1979 3402 non
1999 3358 2207 3418 sponte,
2227 3362 2324 3402 nec
2339 3346 2802 3412 memetoll’erens,
2817 3357 2872 3400 ut
2899 3347 3046 3399 multi
3065 3361 3248 3401 eorum
3261 3348 3453 3414 solent,

1878 3439 1970 3509 qui
2001 3455 2141 3494 nunc
2176 3441 2243 3493 ad
2278 3439 2540 3494 Ecclesia:
2583 3440 2806 3508 imperia
2840 3438 3142 3506 prosiliunt,
3186 3439 3280 3493 sed
3309 3442 3453 3495 acci-

1877 3538 1960 3583 tus
1989 3538 2044 3583 et
2071 3537 2311 3593 coactus,
2358 3543 2421 3583 ac
2461 3528 2639 3581 timori
2688 3537 2744 3581 et
2791 3527 3015 3594 Spiritui
3054 3528 3450 3584 obsecundans.

1875 3621 2026 3687 Quod
2065 3620 2108 3675 si
2150 3620 2282 3673 falsa
2335 3621 2554 3689 loquor,
2608 3634 2711 3673 non
2755 3635 2967 3681 recuso,
3023 3622 3314 3689 quominus
3367 3622 3456 3678 hic

1874 3709 2077 3764 diutius
2120 3710 2395 3764 incassum
2445 3723 2743 3778 oppugnet,
2781 3724 2882 3763 nec
2911 3724 3237 3778 quemquam
3268 3724 3457 3768 errore

1876 3801 2121 3867 liberem,
2169 3803 2262 3856 sed
2291 3802 2400 3856 voti
2436 3801 2524 3855 sui
2583 3811 2857 3870 compotes
2908 3801 3057 3864 ﬁant,
3121 3801 3213 3870 qui
3262 3802 3458 3857 anima:

1877 3907 2010 3946 mea:
2036 3892 2372 3947 sterilitatem
2406 3893 2783 3959 imprecantur
2821 3893 2886 3946 ⁸⁸.
2936 3891 3226 3961 Postquam
3275 3901 3454 3949 autem

1876 3982 1980 4036 huc
2004 3983 2148 4048 veni,
2199 3999 2263 4037 ac
2311 3983 2552 4039 fortasse
2590 3999 2714 4038 cum
2771 3992 3036 4053 potestate
3080 3983 3297 4038 minime
3329 4000 3457 4038 con-

1877 4072 2163 4127 temnenda
2225 4071 2412 4143 (libet
2461 4073 2611 4128 enim
2665 4074 2735 4126 ob
2795 4087 2900 4136 ea,
2955 4088 3075 4142 quae
3136 4074 3456 4143 insipientia:

1875 4165 2092 4227 sunt",
2140 4165 2387 4219 nonnihil
2425 4162 2717 4234 gloriari),
2766 4177 3056 4232 quemnam
3105 4178 3316 4231 eorum,
3361 4167 3454 4235 qui

1876 4253 2182 4322 inexplebili
2259 4253 2555 4323 cupiditate
2614 4251 2878 4322 ﬂagrant,
2950 4253 3270 4309 imitandum
3321 4255 3454 4310 mihi

1878 4346 2038 4400 duxi?
2073 4345 2340 4412 Quidnam
2371 4360 2436 4400 ex
2470 4346 2570 4400 hac
2597 4344 2862 4413 temporis
2904 4343 3120 4398 licentia
3169 4359 3452 4414 perperam

1878 4438 2158 4493 aemulatus
2198 4452 2339 4500 sum,
2376 4436 2540 4505 idque
2567 4449 2696 4491 cum
2733 4433 2861 4488 talia
2904 4433 3147 4503 exempla
3175 4435 3244 4490 ob
3269 4435 3454 4490 oculos

211 4535 339 4605 ὑπὲρ
361 4535 458 4606 τὴν
495 4535 702 4606 χρείαν,
737 4537 783 4587 οἱ
815 4535 871 4586 δέ
904 4536 1102 4599 ἐνδεεῖς
1130 4536 1451 4607 ἀμφότερα;
1484 4535 1642 4587 Ποῖον
1678 4534 1771 4603 βα-

1875 4530 2048 4600 posita
2105 4529 2399 4592 haberem,
2447 4527 2644 4596 quibus
2691 4525 2859 4582 etiam
2917 4526 3181 4588 remotis,
3250 4526 3450 4580 malum

209 4624 398 4678 σιλικδν
427 4627 605 4696 δόγμα
634 4627 743 4698 (99)
765 4626 1087 4679 διαπτυοθέν
1119 4628 1637 4699 ἐζηλοτυπὴσαμεν;
1673 4625 1769 4678 Τί-

209 4732 296 4778 νας
325 4719 598 4788 ἀρχόντων
623 4716 1064 4788 ἐθεραπεύσαμεν
1087 4718 1208 4771 καθ’
1239 4717 1392 4788 ὑμῶν
1412 4735 1426 4783 ;
1447 4717 1618 4770 Τίνων
1650 4715 1775 4787 Θρα-

209 4805 402 4877 σὺτητα
452 4807 941 4878 κατεμηνύσαμεν;
1001 4807 1080 4861 Τὰ
1127 4807 1183 4860 δὲ
1229 4809 1309 4871 είς
1349 4807 1426 4878 (Ι)
1466 4807 1586 4877 ἐμὲ,
1619 4807 1771 4871 τίνα;

276 5004 328 5071 ,³²
358 5005 586 5074 Philipp.
619 5019 700 5069 ιιι,
731 5003 821 5057 20.
896 5003 940 5034 ³³
972 5001 1104 5057 Gen.
1141 5015 1220 5062 ιιι,
1255 4997 1339 5052 I9.

417 5176 854 5248 Ἑαυτῷηυθθδῑ
885 5177 936 5248 In
967 5176 1106 5248 IIch
1128 5177 1236 5248 bm.

277 5244 381 5315 (93)
405 5249 571 5316 Ζωῆς
595 5247 690 5301 καὶ
715 5244 955 5319 σκηνῆς
987 5244 1180 5319 ήμῶν.Δ
1211 5246 1298 5299 Sic
1329 5253 1559 5319 quatuor
1590 5245 1760 5319 Regg.

215 5327 259 5370 et
292 5321 472 5373 Comb.
511 5315 564 5372 In
591 5321 698 5379 eth,
730 5316 874 5386 ζωῆς
911 5316 1066 5386 ἡμῶν
1101 5315 1193 5367 καὶ
1224 5316 1446 5386 σκηνῆς.

278 5387 382 5459 (93)
434 5390 506 5443 Ἠ
553 5383 964 5455 τυραννήὰαςέζ
1013 5395 1118 5439 etc.
1187 5402 1236 5459 tu
1268 5383 1516 5459 Qnidarn,
1591 5385 1764 5459 inquit

215 5453 375 5516 Elius;
420 5453 749 5526 spontesua
794 5464 1120 5526 prtevertunt
1173 5454 1304 5526 alios
1335 5453 1678 5526 adhibitavi,
1705 5463 1759 5508 et

217 5539 300 5596 per
328 5523 656 5596 tyrannidem
699 5523 992 5594 oppressis,
1028 5524 1118 5592 qui
1156 5525 1306 5596 prius
1340 5523 1513 5596 locum
1544 5525 1761 5596 obtine-

217 5593 360 5647 bant.‘
381 5596 603 5661 Quidam
657 5593 862 5657 rursus,
900 5594 1346 5664 persequentibus
1368 5594 1512 5664 aliis,
1546 5593 1700 5660 ejecu
1730 5609 1760 5648 e

219 5665 368 5727 patria
401 5680 558 5732 quam
579 5663 916 5730 obtinebant,
939 5664 1099 5718 etiam
1135 5664 1306 5728 inviti,
1333 5663 1490 5718 aliam
1519 5679 1761 5732 quazrcre

173 5761 176 5766 ι
219 5735 368 5788 coacti
389 5743 528 5788 sunt.
555 5753 574 5786 ι
1525 5734 1542 5743 “

1417 4997 1461 5029 ³⁸
1496 4997 1628 5051 Gen.
1664 5013 1726 5062 ιι,
1747 4996 1812 5051 .7.

1875 4632 2053 4678 tamen
2085 4636 2189 4676 non
2220 4633 2360 4680 esse,
2393 4617 2609 4674 ditiicile
2639 4632 2704 4674 ac
2739 4630 2925 4672 mrum
2963 4614 3088 4669 est?
3135 4613 3208 4668 De
3259 4615 3454 4683 quibus

1874 4713 2134 4769 Ecclesiis
2178 4711 2453 4767 vobiscum
2481 4705 2904 4766 contendimus?
2951 4705 3027 4762 De
3063 4705 3259 4776 quibus
3293 4720 3452 4776 pecu-

1876 4807 2000 4874 niis,
2039 4806 2222 4876 idque,
2264 4820 2388 4861 cum
2437 4819 2534 4860 vos
2568 4803 2620 4858 in
2671 4813 2902 4874 utraque
2946 4810 3035 4864 re,
3095 4797 3236 4854 ultra
3289 4812 3450 4868 quam

1888 4995 1933 5027 ³⁸
1976 4994 2116 5050 Psal.
2154 5009 2338 5061 xxxiv,
2379 4995 2463 5050 I2.
2542 4996 2587 5028 "
2627 4993 2668 5050 Il
2690 4995 2812 5052 Cor.
2849 5010 2925 5060 ιι,
2966 4995 3052 5052 I7.

2074 5176 2397 5257 ηειίξωμεν.
2427 5175 2558 5257 εἶρε.
2588 5177 2698 5257 but,
2731 5177 3034 5257 παίζωμεν.

1939 5244 2056 5368 (96)I
2087 5244 2585 5316 Μεγαλοφρονεῖν.
2618 5246 2806 5303 Plures
2835 5244 2996 5321 lieég.
3019 5258 3074 5305 et
3093 5248 3184 5305 0r.
3207 5249 3256 5315 Ι,
3277 5266 3438 5319 μεγα-

1939 5332 2031 5368 ιονε
2058 5333 2104 5368 ν.

1945 5332 2104 5368 ονειν.

1870 5332 2208 5455 φρῶῗῗῶἦψ
2245 5385 2335 5439 Sic
2361 5387 2596 5455 plerique
2622 5388 2776 5439 codd.
2815 5385 2868 5441 In
2892 5390 3001 5450 eth,
3031 5392 3161 5450 τοῖς.

1939 5453 2048 5525 (98)
2079 5453 2192 5527 Μὴ
2214 5457 2423 5509 κακόν.
2458 5453 2546 5510 Sic
2577 5456 2751 5527 plures
2780 5457 2818 5510 II
2858 5459 3148 5527 gg.,CoisI.
3179 5458 3228 5522 Ι,
3265 5454 3355 5510 Or.
3376 5453 3431 5519 2,

1868 5524 2136 5597 Jeﬁtetc.
2179 5525 2232 5597 In
2267 5527 2476 5597 etl.,p.ﬁ
2504 5526 2706 5578 κακῶν.

1941 5593 2053 5660 (99)
2115 5595 2328 5662 Δόγμα.
2379 5593 2431 5649 In
2465 5593 2782 5658 dtOttlluIIiS,
2833 5595 3092 5666 γράμμα,
3151 5597 3431 5664 «scriptu-

1869 5680 1947 5716 ra.
1985 5682 2000 5712 β

1943 5734 2018 5802 (1)
2049 5733 2120 5787 Τὰ
2149 5733 2215 5787 δὲ
2243 5737 2348 5804 εἰς,
2377 5745 2478 5791 ctc.
2534 5734 2714 5813 BLIqus
2749 5753 2826 5811 :“t
2854 5735 3223 5814 Quidﬂautem
3252 5733 3434 5805 ego?»
