4010 6316
624 372 735 429 Ἡὸ

1872 373 1928 428 S.
1968 370 2296 427 GRECORII
2339 368 2683 425 TllEUl.OGl

3788 369 3898 426 256

628 507 695 545 ac
738 504 844 544 non
886 503 1043 542 uuam
1082 489 1134 542 in
1178 486 1351 542 tribus
1397 486 1642 555 personis
1679 489 1974 541 essentiam
2010 488 2181 540 consti

2316 484 2559 553 τρίωσιν,
2589 485 2683 535 καὶ
2717 482 2807 535 τὸν
2841 483 3024 536 καινὸν
3067 483 3419 553 Ἰουδαϊσμὸν,
3454 484 3599 553 μόνῳ
3628 483 3707 554 τῷ
3738 486 3899 552 ἀγεν-

628 581 865 645 tuentis;
898 581 1034 644 Arii,
1077 589 1129 633 ct
1172 595 1382 642 eorum,
1414 579 1503 647 qui
1532 579 1663 632 Ario
1702 579 1956 642 subsunt,
1988 590 2210 631 natura-

629 686 745 726 rum
782 671 1169 731 diversitatem,
1204 686 1268 724 ac
1306 685 1499 723 novum
1523 667 1885 731 Judaismum,
1914 670 2031 723 solo
2062 669 2204 721 vide-
2238 682 2241 683 '

627 765 751 817 licet
778 762 1019 830 lngenito
1051 762 1385 815 divinitatem
1418 760 1949 826 circnmseribentis;
1993 759 2205 813 Pbotini

626 865 900 906 terrenum
934 853 1234 915 Christum,
1288 863 1449 919 atque
1505 868 1533 904 a
1584 850 1749 904 Maria
1783 863 1934 905 ortus
1989 850 2200 904 initium

624 942 946 997 trahentem.
996 942 1097 1013 Ipsi
1128 958 1255 997 vero
1282 942 1521 1006 Patrem,
1573 953 1628 996 et
1678 942 1896 1006 Filium,
1929 951 1983 995 et
2029 942 2203 1009 Spiri-

624 1044 734 1087 tum
768 1048 1015 1088 sanetum
1048 1034 1369 1099 adorabunt,
1402 1036 1658 1088 deitatem
1684 1048 1882 1097 unam;
1914 1034 2079 1087 Deum
2105 1033 2197 1085 i’a.

624 1134 783 1187 trem,
820 1126 988 1180 Deum
1026 1124 1240 1189 Filium,
1293 1127 1458 1180 Deum
1513 1126 1653 1195 (nisi
1700 1125 1802 1179 hoc
1844 1124 1939 1179 tibi
1996 1133 2200 1178 stoma-

623 1212 784 1265 cbum
820 1218 1061 1282 movet),
1114 1215 1372 1284 Spiritum
1410 1226 1680 1280 sanetum,
1743 1229 1902 1267 uuam
1953 1223 2200 1267 naturam

2316 578 2461 644 νήτῳ
2503 575 2600 645 τὴν
2642 562 2873 646 θεότητα
2928 576 3396 646 περιγράφοντος⁸
3456 573 3728 629 Φωτεινοῦ
3781 576 3898 648 (27)

2312 665 2402 716 τὸν
2430 664 2582 717 κάτω
2609 665 2864 737 Χριστὸν,
2900 667 2993 719 καὶ
3036 669 3144 719 ἀπὸ
3185 667 3402 737 Μαρίας
3439 667 3763 737 ἀρχόμενον.
3793 668 3873 721 Δύ

2310 754 2390 804 τοὶ
2419 753 2476 806 δὲ
2523 756 2889 824 προσκυνοῦσι
2934 756 3025 810 τὸν
3064 758 3304 827 Πατέρα,
3340 757 3435 810 καὶ
3475 757 3567 808 τὸν
3615 757 3768 819 Υῑδν,
3805 759 3901 813 καὶ

2309 844 2370 897 τὸ
2396 845 2549 913 ἇγιον
2572 846 2819 917 Πνεῦμα,
2876 848 3004 919 μίαν
3033 848 3292 919 θεότηταο
3330 848 3464 901 Θεὸν
3511 849 3603 901 τὸν
3648 847 3896 919 Πατέρα,

2307 935 2441 990 Θεὸν
2474 939 2565 992 τὸν
2595 940 2743 1003 Υἱδν,
2770 941 2922 1005 Θεὸν,
2953 944 3001 995 εἰ
3049 943 3123 1013 μὴ
3167 942 3431 1012 τραχύνῃ,
3481 941 3544 994 τὸ
3583 941 3811 1010 Πνεῦμα
3838 938 3898 991 τὸ

2308 1029 2482 1097 ἅγιον,
2515 1032 2643 1102 μίαν
2686 1033 2847 1101 φύσιν
2900 1036 2957 1085 ἐν
2998 1035 3176 1103 τρισὶν
3232 1034 3477 1103 ἰδιότησι,
3524 1036 3762 1104 νοεραῖς.
3806 1049 3896 1085 τε-

2307 1121 2500 1186 λείαις,
2529 1124 2650 1177 καθ’
2679 1125 2878 1188 ἑαυτὰς
2906 1124 3269 1194 ὑφεστώσαις,
3315 1123 3535 1195 ἀριθμῷ
3565 1124 3893 1193 διαιρεταῖς,

2304 1216 2399 1267 καὶ
2423 1217 2483 1269 ού
2523 1218 2821 1289 διαιρεταῖς
2860 1216 3074 1287 θεότητι
3105 1218 3239 1286 (28).

623 1311 678 1363 in
728 1308 900 1362 tribus
942 1309 1379 1377 proprietatibus,
1429 1309 1871 1379 intelligentibus,
1918 1307 2194 1379 perfectis,
2238 1323 2330 1374 per
2358 1326 2418 1363 se
2494 1326 2557 1365 ac
2620 1312 2907 1379 separatim
2942 1308 3383 1370 subsistentibus,
3420 1322 3646 1361 numero
3670 1306 3891 1377 quidem

621 1404 913 1467 distinctis,
951 1404 1231 1458 divinitate
1256 1413 1436 1458 autem
1466 1418 1570 1457 non
1602 1405 1753 1458 item.

690 1496 853 1551 XVII.
911 1496 1018 1553 llas
1065 1513 1222 1553 voces
1267 1500 1397 1554 mihi
1445 1502 1704 1555 concedat
1760 1500 2004 1570 quisquis
2066 1497 2193 1550 mibi

620 1589 781 1645 hodie
807 1590 1085 1644 minitatur
1120 1605 1134 1642 :
1162 1590 1293 1645 alias
1318 1602 1521 1655 autem,
1559 1592 1652 1662 qui
1686 1592 1882 1656 volent,
1934 1592 2035 1645 sibi
2072 1592 2161 1644 vin

616 1679 817 1735 dicent.
866 1680 1028 1735 Pater
1067 1681 1202 1737 Filio
1240 1683 1438 1753 privari
1470 1698 1575 1737 non
1604 1684 1857 1747 sustinet,
1889 1699 1989 1738 nec
2028 1683 2194 1738 Filius

2369 1496 2466 1548 lZ'.
2505 1493 2722 1546 Τούτων
2772 1494 3174 1564 παραχωρεὶτω
3226 1508 3315 1561 μοι
3353 1489 3459 1543 τῶν
3494 1488 3688 1559 φωνῶν
3720 1490 3833 1551 πᾶς
3864 1490 3893 1541 ὁ

2298 1587 2538 1641 ἀπειλῶν
2586 1588 2857 1657 σήμερον·
2913 1585 3022 1638 τῶν
3056 1585 3113 1638 δὲ
3155 1582 3331 1636 ἄλλων
3380 1580 3892 1652 μεταποιείσθωσαν

2294 1681 2344 1732 οἱ
2407 1679 2739 1749 βουλόμενοι.
2776 1675 2894 1731 Ούκ
2943 1676 3193 1746 ἀνέχεται
3225 1675 3337 1743 (29)
3381 1674 3572 1744 Πατὴρ
3624 1672 3757 1725 Υἰδν
3792 1672 3891 1741 ζη-

616 1768 821 1839 Spiritu
858 1770 1021 1841 615
1062 1779 1267 1825 sancto.
1313 1770 1370 1825 Id
1413 1781 1593 1825 autem
1649 1774 1924 1843 contingat
1976 1788 2189 1828 necesse

2307 1771 2618 1842 μιούμενος,
2659 1769 2779 1822 οὐδὲ
2814 1767 2941 1831 Υἱὸς
2980 1766 3094 1838 (50)
3131 1767 3192 1820 τὸ
3220 1764 3446 1835 Πνεῦμα
3472 1764 3535 1818 τὸ
3564 1764 3724 1833 ἅγιον
3745 1780 3761 1792 ο
3796 1762 3891 1832 ζη-

614 1870 720 1926 est,
755 1862 799 1916 si
829 1863 1053 1931 tempori
1097 1862 1475 1930 subiiciantur,
1522 1873 1577 1919 et
1620 1864 1664 1920 si
1698 1866 1866 1919 creati
1899 1874 2044 1920 sunt.
2094 1864 2198 1918 Ne-

611 1968 720 2023 que
748 1954 891 2008 enim
924 1953 1063 2007 Deus
1091 1962 1190 2013 est,
1226 1954 1368 2023 quod
1409 1966 1646 2009 creatur.
1697 1956 1775 2012 Ne
1822 1957 1936 2021 ipse
1984 1958 2198 2027 quidem

613 2045 970 2113 perfectionis
999 2045 1324 2099 detrimento
1349 2045 1486 2101 allici
1515 2050 1754 2103 sustineo
1786 2066 1801 2102 :
1838 2048 1985 2103 Unus
2023 2052 2201 2103 Domi-

614 2152 730 2197 nus,
747 2152 852 2189 una
872 2136 1026 2205 ﬁdes,
1061 2154 1222 2191 unum
1244 2138 1503 2205 baptisma
1525 2139 1595 2190 ‘°.
1618 2138 1796 2194 llocsi
1824 2141 1952 2194 mihi
1987 2141 2194 2194 irritnnt

611 2228 890 2290 reddatur,
940 2243 971 2282 a
1014 2243 1124 2297 quo
1173 2228 1385 2281 tandem
1419 2228 1649 2283 alterum
1695 2229 1979 2286 habiturus
2035 2233 2196 2286 sunt?

610 2318 749 2384 Quid
780 2318 846 2372 ad
875 2320 990 2374 bam
1019 2319 1219 2383 dicitis,
1266 2319 1357 2387 qui
1402 2321 1776 2389 submergitis,
1822 2323 1903 2378 vel
1933 2325 2192 2394 remergi-

606 2409 720 2464 tis?
785 2410 867 2463 An
926 2411 1213 2479 quisquam
1270 2410 1390 2465 sine
1450 2411 1653 2481 Spiritu
1721 2413 2018 2480 spiritualis
2074 2428 2197 2469 esse

611 2502 820 2572 potest?
840 2503 920 2555 An
942 2500 1177 2572 Spiritus
1203 2502 1471 2571 particeps
1500 2514 1604 2567 est,
1648 2504 1738 2573 qui
1784 2503 2045 2572 Spiritum
2087 2522 2193 2560 non

600 2592 883 2647 honorat?
908 2593 988 2644 An
1021 2592 1272 2657 honorat,
1315 2592 1405 2663 qui
1433 2592 1485 2646 in
1519 2602 1760 2647 creatum
1787 2601 1843 2647 et
1868 2608 2192 2649 conservum

612 2683 952 2753 baptizatur?
996 2683 1212 2738 Minime
1249 2684 1523 2752 profecto;
1581 2698 1678 2738 nec
1717 2684 1790 2749 id,
1823 2684 1989 2739 multa
2029 2687 2192 2740 verba

610 2775 964 2845 profundens,
1004 2776 1329 2845 persuadere
1374 2775 1594 2842 p0teris.
1634 2774 1820 2829 Fidem
1870 2777 1966 2829 tibi
2011 2778 2191 2831 datam

614 2882 715 2917 non
744 2863 941 2930 fallant,
959 2863 1137 2924 Pater,
1156 2864 1403 2933 principii
1429 2880 1652 2932 expers:
1674 2865 1832 2919 fidem
1861 2881 1965 2921 non
1984 2866 2189 2931 fallam,

615 2955 844 3010 Verbum
873 2956 1241 3025 unigenitum;
1275 2956 1432 3009 [idem
1460 2970 1563 3009 non
1586 2955 1789 3019 fallam,
1812 2956 2044 3027 Spiritus
2064 2975 2190 3014 san-

609 3057 716 3102 cte.
757 3046 881 3104 Scio
904 3047 1031 3118 quid
1063 3048 1337 3117 professus
1362 3047 1573 3112 fuerim,
1611 3049 1696 3103 cui
1730 3050 2107 3118 renuntiarim,
2139 3061 2193 3107 et

2308 1861 2524 1933 μιοῦται
2552 1861 2696 1925 δὲ,εἰ
2723 1862 2873 1924 ποτὲ,
2897 1861 2992 1913 καὶ
3012 1862 3061 1912 εἰ
3082 1859 3357 1929 κτίσματα
3380 1857 3603 1928 (51).οὐ
3628 1855 3743 1927 γὰρ
3757 1854 3890 1917 Θεδς

2302 1953 2361 2005 τὸ
2390 1951 2724 2022 κτιζόμενον.
2748 1952 2823 2005 Ού
2843 1951 2994 2020 φέρω
3017 1948 3404 2021 ζημιούμενος,
3422 1948 3543 2001 οὐδὲ
3566 1946 3679 2013 ἐγὼ
3694 1945 3800 2017 τὴν
3816 1962 3892 1998 τε·

2301 2044 2535 2097 λείωσιν.
2556 2038 2660 2109 Εἷς
2685 2044 2923 2112 Κύριος,
2941 2043 3051 2111 μία
3075 2043 3301 2107 πίστις,
3339 2040 3410 2093 ἓν
3441 2039 3791 2107 βάπτισμα.
3830 2036 3890 2090 El

2299 2136 2454 2190 τούτο
2482 2135 2797 2208 ἀκυρωθείη
2827 2152 2940 2206 μοι,
2976 2133 3130 2205 παρὰ
3152 2133 3296 2197 τινος
3320 2132 3427 2197 ἔξω
3447 2132 3508 2185 τὸ
3522 2131 3805 2201 δεύτερον;
3823 2128 3888 2182 Τί

2300 2229 2460 2296 φατὲ,
2503 2232 2551 2283 οἱ
2594 2226 3094 2292 καταϐαπτίζοντες
3126 2225 3265 2297 (52),
3297 2225 3331 2294 ἢ
3377 2222 3886 2287 ἁναδαπτίζοντεςς

2303 2324 2489 2375 Ἔστιν
2512 2318 2651 2376 εἶναι
2671 2320 3039 2391 πνευματικὸν
3080 2320 3205 2390 δίχα
3252 2315 3602 2388 Πνεύματοξς
3648 2313 3888 2384 Μετὲχει

2296 2411 2353 2464 δὲ
2379 2410 2691 2481 Πνεύματος
2742 2412 2771 2464 ό
2804 2410 2879 2481 μὴ
2911 2410 3087 2480 τιμῶν
3114 2409 3174 2463 τὺ
3204 2406 3466 2478 lli/stipa;
3491 2407 3640 2476 Τιμᾷ
3668 2404 3724 2457 δὲ
3759 2407 3789 2458 ὁ
3811 2405 3889 2466 εἰς

2298 2506 2503 2576 κτίσμα
2530 2505 2625 2558 καὶ
2655 2503 2944 2576 ὁμόδουλον
2980 2501 3407 2573 βαπτιζόμενοςς
3431 2500 3545 2553 Οὐκ
3577 2496 3753 2558 ἐστιν.
3784 2497 3880 2564 οὑχ

2296 2597 2458 2661 οὕτω,
2478 2595 2647 2649 πολλὰ
2661 2597 2806 2666 ὲρεῖς
2823 2594 2955 2666 (55).
2975 2584 3050 2646 Oi»
3063 2592 3337 2663 ψεύσομαι
3352 2608 3431 2653 σε,
3449 2589 3632 2661 Πάτερ
3650 2587 3880 2657 ἄναρχε·

2295 2693 2356 2745 οὺ
2387 2688 2661 2760 ψεύσομαι
2689 2705 2773 2755 σε,
2805 2686 3092 2759 μονογενὲς
3116 2686 3257 2753 Λόγε
3278 2700 3292 2714 ⁸
3320 2684 3381 2737 οὐ
3404 2681 3680 2753 ψεύσομαι
3709 2697 3799 2744 σε,
3826 2681 3883 2731 τὸ

2297 2782 2520 2852 Πνεῦμα
2548 2780 2609 2833 τὸ
2634 2780 2807 2850 ἅγιον.
2832 2773 2963 2831 Οἶδα
2983 2778 3091 2831 τίνι
3123 2774 3451 2846 ὡμολόγησα
3477 2773 3612 2843 (54),
3647 2773 3751 2826 καὶ⁵
3778 2771 3880 2825 τίνι

2295 2871 2676 2942 ἀπταξάμην,
2718 2870 2813 2925 καὶ
2835 2869 2941 2922 τίνι
2972 2866 3375 2937 συνεταξάμην.
3410 2865 3484 2917 οὐ
3519 2864 3753 2935 δέχομαι
3787 2863 3882 2925 τὰς

2296 2962 2487 3016 πιστοῦ
2519 2962 2703 3031 φωνὰς
2732 2960 3072 3032 διδαχθῆναι,
3109 2960 3204 3013 καὶ
3233 2958 3427 3029 μαθεῖν
3447 2958 3712 3020 ἀπίστους
3747 2954 3875 3025 (55)⁶

2294 3055 2625 3127 ὁμολογῆσαι
2668 3053 2946 3126 ἀλήθειαν,
2982 3051 3078 3107 καὶ
3117 3051 3372 3121 γενέσθαι
3418 3050 3557 3120 μετὰ
3604 3047 3699 3101 τοῦ
3751 3047 3878 3116 ψεύ-

610 3141 694 3195 cui
718 3155 802 3196 me
819 3140 1180 3209 adjunxerim.
1207 3138 1323 3196 Non
1355 3142 1555 3211 patior,
1585 3157 1706 3196 cum
1746 3142 1916 3198 lidelis
1957 3143 2189 3199 hominis

2300 3147 2414 3209 509;
2437 3144 2570 3217 ('56)
2605 3145 2681 3209 ὡς
2703 3145 3076 3214 τελειούμενος
3101 3142 3214 3212 (57)
3256 3140 3555 3204 κατελθεῖν,
3587 3139 3685 3192 καὶ
3714 3138 3874 3192 ἀνελ-

608 3232 831 3287 vocibus
852 3230 1090 3287 imbutus
1119 3232 1242 3295 sim,
1278 3240 1336 3287 ut
1379 3232 1609 3288 infidelis
1638 3233 1762 3298 sim,
1790 3234 2027 3302 discere;
2067 3251 2187 3291 cum

2300 3237 2410 3295 θεῖν
2451 3236 2832 3307 ἀτελέστερος·
2875 3235 2951 3298 ὡς
3001 3233 3301 3304 ζησόμενος
3344 3228 3735 3302 βαπτισθῆναι,
3784 3230 3875 3283 καὶ

610 3324 890 3379 veritatem
914 3323 1199 3379 confessus
1215 3324 1338 3389 sint,
1355 3325 1799 3396 mendaciojungi
1824 3344 1839 3393 ;
1863 3342 1984 3381 cum
2014 3329 2188 3397 perfe-

2300 3325 2693 3397 ὲννεκρωθῆναι
2717 3324 2793 3395 τῷ
2813 3323 2966 3377 ὕδατι
2991 3322 3125 3395 (58),
3162 3323 3415 3394 καθάπερ
3446 3321 3513 3374 τὰ
3540 3324 3659 3383 ταῖς
3688 3320 3874 3373 ὠδῖσιν

604 3414 801 3469 ctiouis
822 3413 1180 3483 adipiscendae
1206 3428 1369 3470 causa
1396 3416 1788 3480 descenderim,
1814 3417 2182 3487 imperfectior

2300 3419 2691 3472 ὲναποθανόντα
2739 3414 3020 3489 κυήματα,
3066 3418 3161 3471 καὶ
3208 3415 3509 3487 σύνδρομον
3537 3415 3779 3467 λαϐόντα
3809 3416 3870 3484 τῇ

607 3506 930 3573 ascendere;
949 3521 1092 3572 cum,
1111 3515 1170 3560 ut
1191 3507 1449 3572 victurus,
1474 3506 1777 3576 baptizatus
1800 3509 1924 3577 sim,
1953 3511 2004 3564 in
2032 3514 2189 3582 aquis

2300 3514 2538 3582 γεννήσει
2554 3511 2644 3563 τὸν
2667 3510 2916 3565 θάνατον.
2942 3509 3007 3562 Τί
3035 3528 3099 3581 με
3116 3511 3289 3572 ποιεῖς
3313 3511 3580 3579 μακάριον
3608 3509 3664 3560 ἐν
3689 3506 3872 3575 ταυτῷ

605 3598 800 3663 emori,
838 3597 1291 3666 quemadmodum
1324 3597 1465 3652 fetus
1495 3598 1586 3666 qui
1636 3598 1777 3653 inter
1822 3600 1965 3668 ipsos
1998 3615 2189 3671 partus

2300 3604 2385 3656 καὶ
2416 3602 2617 3667 ἄθλιον,
2665 3602 3022 3671 νεοφώτιστον
3062 3602 3155 3655 καὶ
3200 3599 3532 3671 ἀφώτιστον,
3580 3598 3728 3650 θεῖον
3782 3599 3870 3650 καὶ

607 3689 821 3745 dolores
875 3691 1309 3760 exstinguuntur,
1371 3691 1670 3761 eodemque
1728 3703 2035 3760 momento,
2081 3711 2188 3765 quo

606 3780 716 3833 nati
773 3790 919 3847 sunt,
980 3790 1152 3837 morte
1212 3782 1609 3851 opprimuntur.
1696 3784 1833 3851 Quid
1894 3802 1978 3841 me
2026 3789 2183 3842 simul

606 3869 824 3927 beatum
857 3882 912 3928 et
942 3874 1222 3941 miserum,
1255 3876 1457 3930 recenti
1504 3875 1619 3931 luce
1657 3878 1934 3947 perfusum
1963 3890 2018 3933 et
2050 3881 2183 3937 lucis

605 3970 905 4031 expertem,
950 3963 1189 4019 divinum
1220 3975 1274 4021 et
1303 3965 1413 4022 Deo
1460 3967 1706 4022 orbatum
1739 3968 1897 4034 facis,
1943 3981 2001 4025 ut
2030 3986 2185 4042 rege-

604 4053 904 4109 nerationis
946 4070 1159 4125 quoque
1202 4073 1350 4128 spem
1396 4060 1550 4128 quasi
1581 4059 1862 4130 naufragio
1896 4064 2184 4117 amittam?

608 4141 852 4199 Breviter
872 4144 1047 4200 dtcam
1084 4164 1097 4201 :
1126 4146 1532 4204 Confessiouem
1567 4159 1713 4203 tuam
1740 4152 1999 4205 memoria
2039 4161 2177 4206 tene.

600 4233 661 4288 In
710 4235 862 4305 cujus
916 4238 1135 4294 nomine
1185 4241 1491 4308 baptizatus
1541 4243 1641 4298 es?
1689 4242 1905 4297 Patris?
1970 4243 2177 4298 Recte:

604 4338 791 4381 verum
843 4326 896 4382 id
938 4327 1110 4384 adhuc
1149 4328 1451 4386 Iudaicum.
1513 4333 1673 4388 Filii?
1723 4332 2025 4399 Praeclare;
2080 4333 2181 4389 hoc

676 4479 724 4512 ’⁸
753 4481 953 4552 Epltes.
995 4499 1067 4549 tv,
1104 4485 1155 4539 5.

2288 3695 2466 3760 ἄθεον,
2511 3696 2597 3748 ἵνα
2641 3696 2937 3763 ναυαγὴσω
2990 3695 3083 3747 καὶ
3113 3692 3212 3765 τὴν
3260 3691 3451 3745 ἐλπίδα
3493 3691 3587 3759 τῆς
3621 3690 3867 3743 ὰναπλάο

2286 3804 2450 3853 σεωςς
2508 3788 2723 3859 Βραχὺς
2765 3789 2794 3840 ό
2845 3786 3037 3855 λόγος·
3099 3785 3370 3857 μνήσθητι
3421 3785 3519 3855 τῆς
3551 3783 3863 3853 ὁμολογίας.

2283 3883 2377 3944 Εἰς
2416 3882 2466 3934 τί
2490 3880 2863 3950 ὲὸαπτίσθης,
2886 3881 2965 3942 εἰς
2993 3880 3246 3949 Πατέρα;
3274 3877 3471 3940 Καλῶς
3494 3892 3508 3906 ⁸
3544 3876 3704 3947 πλὴν,
3732 3877 3863 3929 Ἰουο

2281 3973 2464 4027 δαῖκὸν
2494 3971 2571 4024 ἔτι
2594 3972 2727 4042 (59).
2762 3970 2855 4033 Εἰς
2888 3970 3015 4023 Υἱόν
3039 3987 3052 4034 ;
3080 3969 3307 4033 Καλῶς·
3341 3969 3442 4021 οὐκ
3483 3968 3561 4020 ἔτι
3596 3968 3694 4037 μὲν
3734 3967 3862 4020 ’1ου-

2280 4063 2487 4126 δαῖκὸν,
2540 4062 2692 4116 οὔπω
2748 4062 2805 4115 δὲ
2854 4061 3086 4114 τέλειον.
3140 4059 3234 4123 Εἰς
3288 4060 3348 4112 τὸ
3394 4060 3549 4127 ἅγιον
3600 4057 3859 4127 Πνεῦμσς

2293 4154 2629 4225 ’Υπέρευγε·
2672 4153 2828 4207 τοῦτο
2862 4153 2972 4223 (40)
3006 4152 3229 4205 τέλειον.
3263 4146 3390 4220 Ἆρ’
3434 4146 3525 4202 οὖν
3561 4150 3753 4212 ἁπλῶς
3786 4150 3861 4212 εἰς

2279 4244 2471 4308 ταῦτα,
2512 4244 2544 4315 ἢ
2587 4244 2680 4297 καί
2712 4262 2763 4297 τι
2803 4244 2981 4297 κοινὸν
3022 4243 3226 4296 τούτων
3268 4243 3477 4312 ὅνομα;
3514 4242 3620 4293 Ναὶ
3654 4241 3854 4293 κοινόν.
3966 4258 3967 4313 ι

2279 4335 2343 4387 Τί
2375 4336 2567 4403 τοῦτο;
2603 4337 2814 4408 Δηλαδὴ
2852 4337 2915 4389 τὸ
2940 4337 3031 4390 τού
3059 4335 3215 4389 Θεοῦ.
3255 4334 3349 4398 El;
3381 4334 3539 4388 τοῦτο
3583 4334 3646 4387 τὸ
3678 4333 3857 4387 κοινὸν

674 4592 785 4675 (27)
815 4597 1284 4677 d’wrett'ojizlleg.
1308 4615 1361 4677 tt,
1400 4600 1657 4677 Φςυτινορ.
1680 4599 1951 4677 _Plt_ot_intts
1987 4602 2169 4677 Sirmii

2300 4620 2444 4667 στιν,
2481 4604 2580 4674 οὐχ
2606 4603 3098 4677 οὕτωηκᾶννπολλὰ
3128 4606 3343 4677 διαιρῆς
3368 4622 3381 4636 ·
3415 4623 3432 4655 ι
3459 4603 3570 4658 Non
3620 4614 3723 4667 est,
3751 4619 3851 4657 non

601 4664 1025 4742 episcoptts,_ab
1046 4664 1261 4722 Arianis
1297 4670 1457 4723 simul
1497 4681 1551 4725 et
1578 4671 1870 4726 Catltolicis
1896 4673 1965 4727 ob
1998 4674 2173 4729 haere-

600 4737 701 4785 sim
736 4749 885 4787 suam
913 4737 1217 4793 damnatus.

673 4802 781 4886 (28)
811 4806 892 4886 Ορ
932 4806 1262 4886 διαιρεταῖἒ
1288 4809 1537 4886 θεότῃτι.
1590 4809 1679 4886 Sic
1722 4819 1830 4886 tres
1860 4812 2051 4886 Begg.,
2078 4814 2171 4870 Or.

602 4871 821 4950 1.195;”
848 4871 1063 4950 Cotum,
1088 4887 1190 4950 etc.
1223 4871 1390 4950 Deest
1414 4871 1709 4950 ᾷιαιρεταῖς
1742 4882 1793 4934 in
1822 4884 1908 4938 ed.

669 4943 781 5025 (2?)
811 4948 952 5025 pqae
999 4946 1295 5025 ᾀνέχεται.
1333 4946 1440 5025 Sic:
1471 4943 1651 5025 plures
1688 4950 1865 5025 Begg.
1912 4961 1965 5007 et
1996 4953 2170 5019 Colb.,

594 5014 768 5091 Coifi.
803 5017 855 5091 1,
1082 5014 1245 5091 ΔΡιις..
1276 5027 1381 5091 etc.
1420 5014 1483 5071 In,
1508 5022 1616 5091 ed.,
1647 5014 1981 5091 adﬂictat.

665 5083 776 5155 (50)
815 5085 967 5138 Οὐδὲ
994 5087 1142 5154 Υἱός.
1177 5086 1310 5154 Reg.
1355 5089 1464 5152 btn,
1497 5089 1602 5142 οὐδ’
1635 5092 1664 5143 ό
1694 5083 1835 5154 Υἱός.

665 5155 777 5297 (51)
810 5158 878 5241 ιιςι
903 5157 1215 5225 κτίσματα.
1247 5160 1336 5211 Sic
1367 5157 1497 5245 Reg.
1524 5160 1632 5211 bm.
1658 5158 1713 5241 In
1737 5164 1845 5224 ed.,
1866 5162 1914 5214 εἰ
1943 5164 2165 5236 κτίσμα.

688 5226 779 5294 52)
806 5226 1365 5297 ιιαταόξαπτιζοντες.
1426 5229 1800 5294 Lombelis'tus,
1843 5242 1899 5284 ut
1934 5237 2038 5287 vim
2078 5252 2165 5290 vo-

688 5226 779 5294 52)
806 5226 1365 5294 Κατασαπτιζοντες.
1426 5226 1800 5294 Combelisius,
1843 5242 1899 5284 ut
1934 5237 2038 5287 vim
2072 5226 2167 5290 vo-

592 5294 681 5351 eis
706 5297 915 5373 reddat,
956 5294 1035 5373 sic
1094 5299 1252 5373 vertit
1289 5317 1302 5352 :
1352 5317 1371 5349 ι
1399 5297 1451 5351 In
1510 5299 1703 5373 malam
1756 5317 1874 5373 rem
1914 5305 2160 5373 tingitis:

591 5378 745 5421 certo
779 5366 945 5421 exitio
979 5365 1287 5433 baptizatis,
1314 5386 1333 5418 ι
1372 5376 1480 5422 etc.
1534 5368 1627 5425 liis
1654 5372 1833 5425 verbis
1868 5365 2164 5430 insectatur

2268 5163 2334 5218 ed

2282 4674 2375 4735 ita,
2401 4675 2647 4742 quamvis
2680 4674 2844 4726 multa
2876 4676 3103 4729 dividas.
3133 4695 3153 4729 ι

2353 4740 2463 4815 (54)
2494 4740 2637 4798 Οἶδα
2669 4744 2785 4796 τίνι
2813 4745 3195 4815 ὡμολόγησα,
3226 4756 3331 4799 etc.
3391 4764 3410 4795 ‹
3436 4744 3560 4799 Seio
3618 4758 3702 4797 cut
3732 4762 3851 4814 pm-

2280 4813 2457 4885 fessus
2493 4831 2634 4880 sum,
2658 4816 2758 4885 _cui
2795 4813 3073 4882 spopondi,
3105 4818 3191 4872 cui
3229 4826 3417 4885 pactus
3454 4829 3593 4869 sum.
3626 4834 3646 4865 ι
3685 4813 3847 4871 Cbisl.

2277 4883 2314 4936 2
2345 4894 2399 4938 et
2422 4884 2513 4940 Or.
2542 4885 2593 4947 1,
2628 4882 2743 4938 οἶδα
2767 4885 2842 4948 τί,
2874 4895 2979 4939 etc.

2350 4954 2465 5027 (35)
2498 4955 2837 5021 Ἀπίστους.
2869 4954 3002 5011 Tres
3023 4957 3215 5027 Regg.,
3250 4954 3413 5011 Coisl.
3444 4953 3499 5016 2,
3537 4952 3685 5021 Pan,
3713 4953 3845 5017 Jes.,

2274 5026 2683 5097 cte.,ﬁrttcroq.
2785 5094 2796 5097 Α
2978 5096 3019 5097 κν
3114 5026 3155 5027 ﬂ
3246 5094 3276 5097 _
3460 5074 3542 5097 Α

2346 5094 2456 5167 (36)
2493 5096 2604 5151 Τοῦ
2649 5094 2934 5163 ψεύδους.
2967 5096 3060 5152 Sic
3104 5104 3214 5151 tres
3245 5094 3413 5165 Regg.
3459 5092 3620 5150 Deest
3660 5092 3752 5147 τοῦ
3796 5094 3843 5147 in

2339 5202 2457 5309 (57)
2498 5239 2931 5306 Τελειούμενος.
2964 5237 3053 5292 Sic
3076 5236 3366 5308 Regg.bm,
3393 5233 3488 5291 0r.
3512 5234 3548 5288 2
3572 5243 3628 5289 et
3655 5233 3837 5288 Contb.

2265 5302 2319 5358 In
2345 5302 2457 5373 ἀεὶ,
2488 5302 2842 5378 τελειόμενος.

2336 5377 2447 5448 (58)
2480 5380 2589 5449 Καὶ
2637 5373 3075 5449 ἐὶονεκρωθῆναι
3111 5395 3191 5444 τῳ
3220 5375 3409 5449 ﬁdam.
3470 5373 3562 5449 Sic
3588 5383 3840 5449 ‘quatuor

590 5436 939 5520 iiun‘omium,
964 5437 1080 5518 qui,
1113 5445 1246 5518 teste
1280 5437 1597 5520 Epiphanio,
1629 5441 1928 5520 baptizatos
1970 5445 2160 5499 iterum
2264 5436 2455 5520 lleggf,
2482 5448 2645 5520 Coisl.
2687 5450 2711 5502 1
2744 5436 2887 5516 ειἙι,
2924 5436 3072 5515 Ρίιι·.,
3108 5436 3212 5504 etc.
3248 5446 3407 5502 Deest
3444 5445 3537 5497 καὶ
3582 5436 3838 5511 ἐννεκρω-

591 5506 919 5569 baptizabat,
963 5506 1015 5560 in
1053 5508 1268 5560 nomine

592 5522 919 5627 tiarttzanat,
963 5522 1015 5560 in
1053 5522 1268 5560 nomine
1310 5522 1402 5563 υει
1439 5522 1682 5576 tnereatt,
1736 5522 1789 5565 61.
1847 5528 1899 5565 ιη
1949 5522 2162 5570 nomine

588 5575 649 5631 Fi
676 5577 729 5659 ii‘
740 5577 939 5659 creati,
1003 5583 1058 5630 et
1093 5576 1145 5630 in
1204 5578 1423 5634 nomine
1475 5578 1710 5651 Spiritus
1740 5597 1770 5635 a
1807 5593 1991 5638 creato
2026 5584 2162 5641 Filio

583 5655 775 5839 alii?)
798 5717 919 5770 Οὐκ
946 5716 1135 5781 ἐστιν,
1166 5719 1279 5788 οὐχ
1304 5719 1477 5784 οὕτω,
1509 5722 1709 5775 πολλὰ
1732 5721 1903 5791 ἐρεῖς.
1932 5724 2119 5779 Comb.
2145 5745 2157 5757 ο

590 5801 613 5838 1
687 5803 755 5839 011
787 5795 889 5839 Chl.
927 5802 1030 5839 1101]
1060 5789 1151 5839 ita.
1183 5791 1472 5839 identidem
1505 5793 1669 5839 tlit'trs-
1705 5813 1722 5839 ι
1756 5795 1968 5839 Νιιψιλς
2001 5814 2012 5839 ξ
2043 5798 2155 5839 mm

687 5803 755 5840 on
787 5795 889 5853 est,
927 5802 1030 5841 non
1060 5789 1151 5853 ita,
1183 5791 1472 5846 identidem
1505 5793 1669 5847 dices.
1705 5813 1722 5844 ι
1754 5789 1968 5851 Nic-etas
2000 5814 2012 5848 :
2043 5798 2158 5850 Οὐκ

2306 5789 2499 5853 uatnor
2533 5797 2697 5871 ιιρμε.
2728 5789 2969 5855 codicum
3007 5789 3299 5855 delevituus

1356 5509 1402 5563 ei
1439 5509 1682 5586 irrereati,
1736 5522 1789 5565 et
1847 5511 1899 5565 in
1949 5520 2163 5586 nomine
2268 5509 2448 5586 οῆνᾶι,
2481 5519 2533 5571 in
2557 5522 2643 5572 ed.

2340 5588 2453 5656 (59)
2485 5588 2807 5643 Ἰουδαϊκὸν·
2825 5589 2931 5646 ἔτι.
2962 5588 3053 5644 Sic
3075 5597 3305 5645 uuat'tor
3327 5584 3624 5657 Regg.,0r.
3639 5583 3682 5647 1,
3708 5579 3831 5635 Par.

2270 5666 2318 5711 et
2346 5659 2532 5710 (Iuntl).
2568 5658 2721 5711 Deest
2751 5659 2829 5711 ἐτι
2856 5662 2904 5712 in
2940 5662 3026 5714 ed.

2340 5728 2452 5796 (40)
2495 5727 2689 5780 Τοῦτο.
2720 5730 2974 5796 Sequitur
3012 5731 3063 5782 in
3107 5729 3192 5782 ed.
3222 5728 3302 5791 τό,
3346 5729 3485 5797 quod
3518 5722 3828 5781 auctoritate

3925 5525 3927 5587 ι

3906 6110 3909 6225 Γ
