4010 6316
46 2848 49 2941 γ

247 420 333 476 SH
982 415 1242 474 ORATIO
1280 417 1524 473 XXXIV.
1564 448 1632 456 —-
1670 415 1737 472 ΙΝ
1779 410 2255 471 AiGYPTIORUM
2294 408 2677 468 ADVENTUM
3338 408 3447 464 252‘

245 532 470 611 candus
503 533 595 591 est
628 528 762 607 ipse
794 530 1167 611 Gregorius,
1202 532 1311 611 qui
1346 532 1588 609 primus
1622 530 1737 591 hac
1767 529 2053 611 oratione
2084 530 2159 611 ad
2196 546 2407 611 pacem
2463 536 2522 611 et
2549 526 3177 611 amicitiamaditum
3200 527 3438 611 aperit.

244 608 535 689 «Popule
562 604 764 678 meus,
806 632 832 664 ιο
864 604 1075 687 inquit
1120 604 1364 689 (n.'6)';
1391 633 1420 665 α
1449 626 1633 689 meus
1684 608 1980 689 enim‘es.
2026 604 2280 689 etiamsi
2320 607 2690 689 hominibus
2724 606 2968 689 invidia
3004 604 3443 689 laborantibus

244 681 409 751 aliter
443 687 757 759 videatur;
797 681 987 764 atque
1017 694 1089 747 ‘ut
1127 681 1323 764 magis
1353 681 1687 763 feriantur,
1718 685 1825 762 qui
1866 686 1945 747 ita
1974 686 2186 747 aﬂ‘ecti
2217 696 2392 757 sunt,
2418 702 2498 751 en
2530 685 2790 764 dextras
2827 684 3162 764 societatis
3180 681 3434 764 praebeo

240 783 423 828 coram
458 772 539 825 tot
568 767 856 838 testibus,
884 760 1447 844 visibilibusjuna
1472 772 1531 827 et
1555 760 2013 844 invisibilibus,
2043 771 2452 844 veteremque
2469 763 2851 844 calumniam
2886 761 3237 844 nova7619
3259 760 3442 824 beni-

240 848 453 923 gnitate
488 848 794 919 propella.
827 868 854 899 ι)
892 843 1051 916 Quis
1090 862 1215 905 non
1250 840 1480 917 videat,
1518 842 2147 923 prmsertimultimis
2184 840 2418 923 verbis,
2456 841 2791 923 perfectam
2827 840 3441 923 reconciliationem,

242 919 361 984 iob
395 931 662 984 veterem
698 922 994 1000 injuriatn
1029 939 1191 983 nova
1236 919 1631 1000 benignitate
1664 920 2118 1000 prOpulsatam,
2146 945 2175 977 ››
2235 919 2336 1000 hic
2382 919 2684 1000 exprimi.
2716 920 2937 1000 Neque
2970 921 3138 978 enim
3179 933 3440 1000 necesse

239 1010 372 1074 erat,
412 1009 475 1060 ut
511 995 793 1061 mentem
834 1017 1013 1062 suam
1074 1002 1353 1076 apertius
1400 995 1748 1060 declararet
1779 995 2185 1075 'Theologus.
2231 995 2584 1059 Obstabant
2626 996 2968 1076 siquidem.
3001 1004 3181 1076 tum,
3210 995 3441 1076 ingens

235 1073 499 1154 Gregorii
538 1077 837 1154 Charitas,
876 1087 1004 1139 tum
1043 1073 1251 1139 debila
1286 1080 1470 1138 Petro
1502 1076 1938 1138 Alexandrino
1979 1073 2363 1147 reverentia,
2415 1082 2549 1138 tum
2599 1073 2879 1153 denique
2921 1073 3334 1135 solemnitalis
3371 1090 3441 1133 ac

238 1157 448 1218 lietitite
477 1155 641 1226 dies,
680 1174 875 1235 quem
910 1157 1200 1217 luctuosa

1248 1155 1908 1234 prmteritiimemoria
1964 1156 2218 1216 turbare
2266 1155 2448 1216 nullo
2500 1154 2687 1234 modo
2736 1161 3236 1234 consentaneum
3284 1157 3439 1213 erat.

236 1236 396 1295 Plura
434 1236 649 1303 etiam,
690 1229 763 1294 ad
802 1236 860 1295 id
896 1229 1427 1303 conﬁrmandum,
1482 1232 1837 1309 colligenda
1870 1240 2304 1310 superessent,
2343 1240 2468 1294 tam
2512 1232 2758 1295 ratione
2790 1229 3440 1297 circumstantiarum.

234 1329 398 1388 quam
453 1329 529 1373 ex
586 1312 877 1389 Gregorii
915 1313 1330 1391 carminibus,
1395 1330 1465 1391 ac
1524 1312 1921 1391 eruditorum
1980 1311 2273 1391 scriptis;
2314 1312 2424 1391 sed
2472 1328 2556 1391 ne
2585 1310 2863 1391 longius,
2922 1324 3109 1391 quam
3162 1315 3442 1391 par_est,

234 1384 607 1464 protrahatur
656 1384 788 1451 htéc
848 1391 1225 1451 admonitio.
1282 1384 1386 1452 hic
1439 1390 1626 1451 ﬁnem
1675 1384 2264 1467 imponimus—Qui
2301 1388 2482 1467 plura
2526 1384 3027 1460 desideraverit,
3080 1387 3211 1447 loca
3261 1384 3443 1446 citata

233 1467 412 1530 adeat.

692 1737 1054 1823 ΛΟΓΟΣ
1093 1729 1280 1821 AA’.

354 1917 452 1982 Εἰς
474 1917 621 1983 τοὺς
637 1919 934 1986 Αἰγύπτου
968 1916 1607 1991 (51)ἐπιδημήσαντας.

282 2031 352 2083 A'.
387 2031 521 2094 Τοὺς
587 2032 683 2084 ἀπ’
724 2032 998 2100 Αἰγύπτου
1049 2031 1526 2103 προσφθέγξομαι,
1573 2031 1775 2084 δίκαιον

225 2116 351 2186 γάρ·
394 2120 577 2190 ἐπειδὴ
643 2122 735 2174 καὶ
764 2121 1059 2192 προθύμως
1102 2121 1511 2191 συνεληλύθασιν
1554 2120 1631 2191 τῷ
1665 2120 1773 2191 (⁵2)

223 2206 352 2278 ζήλῳ
389 2210 475 2262 τὸν
509 2210 709 2281 φθόνον
757 2214 1079 2283 νικήσαντες
1103 2253 1117 2277 ,
1148 2212 1426 2281 Αἰγύπτου
1456 2211 1680 2283 ταύτης,
1708 2211 1777 2283 ἢν

223 2300 473 2365 πλουτίζει
512 2304 615 2372 μὲν
648 2303 890 2373 ποταμὸς
927 2305 991 2356 ἐκ
1022 2303 1126 2373 γῆς
1158 2303 1287 2368 ὕων,
1333 2305 1425 2358 καὶ
1472 2302 1776 2372 πελαγίζων

220 2390 343 2462 ὥρια
365 2394 471 2462 (55)
498 2412 510 2423 ’
541 2395 632 2447 ἵνα
657 2395 751 2449 καὶ
784 2395 945 2458 αὐτὸς
991 2395 1186 2467 μικρόν
1208 2415 1260 2448 τι
1293 2397 1619 2467 μιμήσωμαι
1650 2395 1777 2457 τοὺς

221 2486 333 2555 περὶ
356 2486 522 2539 ταῦτα
554 2488 803 2558 κομψούς
827 2506 840 2520 ·
873 2490 1146 2557 πλουτίζει
1192 2491 1248 2544 δὲ
1292 2489 1529 2560 Χριστὸς
1557 2491 1585 2541 6
1610 2488 1773 2558 ἐμὸς,

220 2574 461 2647 πρότερον
518 2578 623 2648 μὲν
665 2579 745 2641 είς
788 2578 1061 2648 Αἴγυπτον
1100 2578 1553 2648 φυγώευόμενος,
1582 2577 1696 2630 vuvl.
1720 2576 1777 2629 δὲ

219 2666 301 2718 ἀπ’
326 2668 601 2736 Αἰγύπτου
645 2671 1047 2742 χορηγούμενος
1075 2672 1186 2743 (54)
1208 2690 1220 2702 ·
1269 2671 1390 2723 τότε
1422 2670 1541 2741 μὲν,
1588 2669 1653 2723 ὲκ
1676 2668 1776 2737 τῆς

228 2757 448 2828 Ἡρώδου
492 2762 864 2831 παιδοφονίας,
895 2763 989 2818 νῦν
1034 2764 1110 2829 δὲ,
1145 2765 1210 2816 ὲκ
1250 2764 1349 2834 τῆς
1390 2762 1500 2816 τῶν
1526 2761 1775 2833 πατέρων

219 2848 538 2917 φιλοτεχνίας
556 2870 568 2880 ·
602 2854 860 2926 Χριστὸς,
885 2858 918 2926 ἡ
945 2856 1103 2927 καινὴ
1126 2855 1299 2928 τροφὴ
1324 2855 1431 2910 τῶν
1452 2854 1631 2917 καλῶς
1659 2870 1779 2906 πει-

216 2941 432 3009 νώντων,
458 2945 491 3013 ή
521 2943 728 3014 μείζων
761 2946 873 3016 (55)
902 2947 1167 3001 σιτοδοσία
1194 2947 1374 3018 πάσης
1400 2946 1499 3017 τῆς
1536 2947 1777 3016 ἱστορου-

220 3034 374 3103 μένης
403 3050 459 3087 τε
485 3036 585 3088 καὶ
617 3037 1015 3107 πιστευομένης
1034 3052 1046 3065 '
1081 3038 1109 3089 6
1138 3038 1319 3107 ἄρτος,
1349 3039 1377 3090 6
1409 3039 1471 3090 ὲκ
1499 3035 1592 3089 τοῦ
1614 3036 1778 3107 ούρα-

213 3118 295 3171 νοῦ
350 3122 718 3187 καταϐαίνων,
772 3125 865 3177 καὶ
914 3124 1057 3195 ζωὴν
1104 3124 1277 3188 διδοὺς
1311 3125 1387 3195 τῷ
1434 3127 1643 3195 κόσμῳ,
1676 3124 1775 3195 τὴν

1801 1887 1848 1943 Α

2247 1737 2627 1812 ORATIO
2704 1734 3081 1814 XXXIV“.

2262 1914 2327 1967 In
2356 1913 2720 1984 Egyptiorum
2750 1916 3046 1968 adventum.

1948 2025 1986 2079 1.
2034 2026 2137 2080 Eos
2176 2026 2271 2095 qui
2300 2040 2363 2081 ex
2403 2025 2637 2097 Aﬂgypto
2666 2034 2951 2092 venerunt,
2978 2034 3038 2080 ut
3062 2041 3158 2096 par
3190 2034 3274 2081 est
3302 2026 3451 2082 salu-

1876 2116 2022 2183 tabo,
2058 2124 2221 2185 atque
2259 2116 2539 2186 alloquar;
2570 2117 3027 2189 quandoquidem,
3060 2127 3313 2188 superata
3353 2133 3449 2188 per

1879 2206 2051 2260 zelum
2079 2204 2299 2273 invidia,
2331 2217 2582 2277 prompte
2609 2214 2663 2262 et
2694 2208 2944 2263 alacriter
2960 2216 3347 2272 convenerunt,
3380 2221 3449 2262 ex

1878 2298 2001 2363 hac,
2030 2296 2277 2368 inquam,
2304 2297 2559 2369 Egypto,
2587 2312 2747 2367 quam
2777 2306 2830 2354 et
2860 2299 3053 2355 ﬂuvius
3080 2300 3233 2363 ditat,
3252 2309 3449 2354 eterra

1876 2390 2088 2460 pluens,
2115 2403 2180 2445 ac
2213 2391 2529 2461 tempestive
2549 2391 2716 2446 maris
2744 2391 2916 2446 instar
2941 2390 3221 2445 exundans
3252 2390 3334 2460 (ut
3353 2405 3449 2446 eos

1878 2496 2097 2552 quoque
2142 2483 2385 2538 nonnihil
2428 2483 2627 2550 imiter,
2676 2484 2769 2554 qui
2819 2484 2870 2538 in
2914 2484 3226 2554 hujusmodi
3289 2483 3450 2538 rebus

1876 2573 1999 2629 sciti
2030 2582 2084 2629 et
2122 2572 2282 2643 lepidi
2317 2576 2503 2644 sunt);
2539 2591 2813 2646 quamque
2848 2576 2976 2632 item
3016 2577 3153 2631 ditat
3201 2574 3451 2630 Christus

1878 2678 2052 2729 meus,
2087 2664 2181 2735 qui
2216 2674 2373 2721 antea
2395 2666 2613 2737 quidem
2659 2668 2713 2722 in
2753 2668 3041 2740 [Egyptum
3071 2668 3358 2740 fugabatur
3382 2667 3451 2731 ⁸³,

1877 2765 2021 2805 nunc
2053 2758 2233 2807 autem
2276 2753 2343 2808 ab
2379 2752 2613 2824 Egypto
2645 2755 2836 2824 alitur;
2871 2766 2979 2812 tum
3020 2772 3212 2828 nempe
3240 2758 3309 2812 ob
3348 2756 3452 2810 He-

1876 2839 2064 2895 rodem
2096 2843 2284 2911 pueris
2318 2857 2502 2898 necem
2534 2844 2869 2914 aﬁerentem,
2900 2862 3045 2903 nunc
3086 2862 3215 2903 vero
3259 2846 3330 2902 ob
3356 2861 3454 2916 pa-

1876 2940 2088 2987 rentum
2134 2948 2261 3005 erga
2303 2934 2444 2990 ﬁlios
2477 2936 2796 2991 charitatem
2835 2957 2848 2993 :
2883 2938 3150 3004 Christus,
3205 2937 3450 3008 inquam,

1878 3039 2049 3079 novus
2072 3038 2284 3092 eorum,
2312 3025 2404 3095 qui
2431 3036 2576 3082 recte
2598 3028 2866 3096 esuriunt,
2890 3029 3065 3093 cibus,
3093 3042 3310 3083 annona
3338 3027 3451 3093 illa,

1877 3116 1968 3170 illa
2002 3117 2179 3187 major
2209 3118 2361 3172 omni
2386 3133 2471 3184 ea,
2500 3135 2620 3190 quae
2652 3120 2894 3176 historiae
2942 3121 3293 3176 monimentis
3320 3135 3450 3191 pro-

217 3211 483 3284 ἀνόλεθρόν
496 3231 558 3266 τε
582 3215 678 3267 καὶ
694 3215 1050 3279 ἀκατάλυτον,
1077 3217 1203 3287 περὶ
1226 3211 1285 3269 οὗ
1317 3218 1411 3270 καί
1433 3216 1527 3269 νῦν
1555 3216 1774 3269 ἀκούειν

1888 3209 1985 3263 :Eita
2033 3219 2136 3276 est,
2183 3225 2248 3265 ac
2287 3212 2522 3267 creditur
2551 3232 2562 3266 :
2590 3214 2769 3282 panis,
2815 3214 3058 3284 inquam,
3093 3214 3183 3269 ille
3209 3214 3277 3269 de
3313 3211 3452 3268 coelo

212 3300 339 3355 δοκῶ
363 3323 451 3374 μοι
482 3307 737 3373 λέγοντος
759 3305 852 3359 τοῦ
888 3306 1099 3377 Πατρός
1119 3324 1131 3335 ο
1176 3307 1271 3371 Ἐξ
1304 3308 1601 3376 Αἰγύπτου
1636 3308 1773 3361 ἐκά-

210 3399 352 3447 λεσα
376 3399 477 3451 τὸν
524 3400 662 3451 Υὶόν
690 3416 827 3467 μου.

270 3572 340 3628 B’.
367 3574 487 3644 'Acp’
526 3575 679 3646 ὑμῶν
693 3576 801 3647 γὰρ
827 3576 1084 3647 ἐξήχηται
1118 3579 1146 3630 ὁ
1172 3578 1328 3645 λόγος
1356 3578 1433 3641 εἰς
1461 3577 1669 3642 πάντας
1693 3579 1791 3631 ἀνο-

210 3661 463 3735 θρώπους,
494 3667 671 3735 ὑγιῶς
698 3667 1080 3737 πιπευόμενὸς
1113 3685 1171 3721 τε
1203 3669 1296 3721 καὶ
1333 3669 1738 3740 κηρυσσόμενος
1759 3687 1772 3701 ο

210 3754 293 3805 καὶ
311 3754 466 3825 ὑμεῖς
489 3754 707 3824 ἄριστοι
751 3755 1081 3824 καρποδὸται
1117 3753 1228 3821 (56)
1259 3754 1498 3819 πάντων,
1544 3753 1776 3825 μάλιστα

210 3842 304 3895 τῶν
342 3846 431 3897 νῦν
460 3845 645 3916 ὀρθῶς
670 3847 1051 3911 πιστευόντων,
1085 3847 1183 3899 ὅσα
1216 3846 1313 3917 ἐμὲ
1348 3847 1655 3914 γινώσκειν,
1688 3846 1777 3901 τὸν

208 3934 295 4004 τῆς
331 3938 593 4007 τοιαύτης
645 3941 871 4009 τροφῆς,
904 3938 1002 3991 οὐκ
1030 3938 1262 4009 ἐραστὴν
1310 3938 1488 4009 μόνον,
1524 3938 1659 3991 ἀλλὰ
1686 3939 1777 3991 καὶ⁸

207 4026 450 4096 χορηγὸν,
496 4029 593 4080 καὶ
614 4028 714 4080 οὐκ
746 4028 971 4099 ἔνδημον
1008 4028 1187 4099 μόνον,
1212 4028 1325 4081 ἀλλ’
1348 4028 1447 4100 ήδη
1483 4030 1575 4084 καὶ
1606 4030 1775 4100 ὑπερ-

206 4117 361 4187 όριον.
403 4120 602 4189 Ὑμεῖς
648 4119 758 4192 γὰρ
790 4120 1017 4190 τρέφετε
1065 4120 1160 4189 μὲν
1210 4119 1539 4190 σωματικῶς
1575 4121 1778 4191 δήμους

208 4211 291 4261 καὶ
325 4210 515 4275 πόλεις
538 4253 553 4276 ,
602 4214 687 4282 ἐφ’
730 4214 852 4267 ὅσον
882 4212 1171 4277 ἐξικνεῖται
1197 4212 1349 4283 ὑμῶν
1386 4212 1447 4265 τὸ
1471 4212 1795 4287 φιλάνθρῳλ

209 4318 301 4354 πον
328 4321 340 4334 ’
365 4305 603 4375 τρέψετε
656 4304 713 4357 δὲ
758 4305 1163 4375 πνευματικῶς,
1192 4305 1251 4357 οὐ
1286 4304 1375 4358 τὸν
1407 4286 1775 4376 δεῖνῖδῆμξν,

206 4390 316 4443 οὐδὲ
348 4394 533 4464 τήνδε,
581 4392 614 4463 ἢ
650 4394 804 4464 τήνδε
844 4391 941 4465 τὴν
984 4393 1136 4445 πόλιν
1174 4396 1386 4463 μικροῖς
1414 4394 1583 4464 ὁρίοις
1626 4411 1780 4464 περι-

204 4486 557 4556 γραφομένην
583 4485 717 4556 (57),
748 4484 850 4539 κᾶν
882 4486 1149 4556 φρονῶσιν
1192 4485 1606 4556 ὑπέρλαμπρον,
1646 4485 1779 4538 ἀλλὰ

208 4577 398 4646 μικροῦ
452 4578 632 4629 πᾶσαν
684 4576 781 4647 τὴν
812 4578 1155 4648 οἰκουμένην.
1196 4578 1303 4630 Καὶ
1336 4576 1687 4647 θεραπεύετε,
1714 4579 1772 4631 οὐ

1888 4596 1985 4637 tam
2041 4584 2315 4639 civitatem
2346 4624 2359 4648 ,

204 4664 357 4737 λιμὸν
396 4668 590 4737 ἄρτου,
620 4667 741 4719 οὐδὲ
774 4667 933 4737 δίψαν
958 4668 1169 4732 ὕδατος,
1198 4668 1232 4721 ἃ.
1264 4668 1356 4722 καὶ
1388 4666 1678 4737 λιμώττειν
1717 4668 1778 4719 οὐ

206 4759 365 4829 μέγα,
425 4759 525 4812 καὶ
562 4759 636 4829 μὴ
683 4758 969 4830 λιμώττειν
1031 4760 1243 4832 ρᾀιονή
1297 4758 1433 4811 ἀλλὰ
1477 4756 1635 4827 λιμὸν
1688 4758 1780 4811 τοῦ

270 4871 313 4902 ’³
339 4870 533 4925 Matth.
575 4888 634 4930 II.
671 4871 755 4925 15.
832 4872 877 4902 ⁸⁸⁵
908 4871 1063 4926 Joan.
1094 4889 1167 4933 vn.
1197 4872 1284 4926 '55.
1382 4870 1427 4902 ⁸⁸
1457 4868 1580 4925 Ose.
1613 4886 1687 4935 ιι,
1725 4871 1772 4929 ί,

269 5001 293 5029 ι
322 4989 474 5042 Alias
497 4986 695 5048 XXIV;
734 5001 855 5052 quae
880 4994 1059 5039 autem
1086 4986 1155 5039 54
1178 4997 1313 5045 erat,
1341 5001 1481 5038 nunc
1502 4984 1779 5039 28.—lla-

201 5058 300 5111 bita
319 5058 782 5123 Constantinopoli
809 5056 948 5108 circa
981 5071 1217 5109 mensem
1249 5055 1471 5121 Augusti
1497 5070 1587 5107 an.
1619 5056 1745 5109 580.

268 5129 380 5197 (51)
410 5124 518 5191 Εὶέ·
544 5127 685 5192 τοὺς
711 5126 1039 5197 Αζγύπτου,
1074 5134 1179 5181 etc.
1205 5125 1366 5197 (3011).Δ
1400 5125 1423 5176 1
1466 5125 1611 5197 ελΕξς
1640 5142 1782 5195 παρ-

202 5193 383 5277 ουσίαν
422 5197 535 5250 τῶν
570 5193 880 5277 Αίγύπτίων
936 5195 1120 5277 στόλου
1170 5193 1660 5277 καταπλευσάντων
1696 5193 1779 5247 σι-

201 5267 453 5336 ταγὼγου
475 5284 490 5297 ’
563 5285 581 5316 ι
615 5267 668 5319 In
719 5270 948 5319 adventu
1002 5264 1402 5334 Aﬂgyl‘itiornnt,
1457 5264 1545 5331 qui
1608 5264 1781 5317 classe

206 5336 476 5392 frumenta
498 5337 727 5391 vellente
751 5335 1156 5400 navigaverant.
1180 5355 1196 5386 ι
1228 5337 1280 5389 in
1306 5335 1624 5400 quibusdam
1650 5351 1663 5386 :
1688 5334 1783 5397 Είς

205 5405 291 5458 τὸν
327 5407 640 5461 κατάπλουν
677 5404 787 5458 τῶν
846 5404 1159 5471 Αἰγυπτίων
1193 5422 1206 5435 ’
1254 5424 1272 5456 ‹
1304 5404 1357 5456 In
1406 5402 1781 5472 Egyptiorum

206 5478 454 5545 appulsu.
482 5496 500 5527 ι
537 5477 641 5530 Alii
666 5476 890 5545 addunt,
919 5475 1254 5539 ἐπισκόπων,
1288 5492 1306 5525 ι
1329 5474 1732 5545 episcOporum;
1758 5491 1776 5523 ι

207 5544 295 5597 sed
329 5562 631 5615 perperam.
664 5544 806 5598 Nihil
845 5545 989 5615 eiiitn
1021 5545 1072 5597 in
1100 5554 1205 5597 tota
1239 5544 1481 5615 oratione
1498 5544 1783 5615 _r_eper_ias,

206 5611 349 5733 ualde
380 5611 474 5671 eos
504 5615 790 5740 cepiscopos
844 5614 1013 5670 fuisse
1057 5615 1231 5685 colligi
1270 5614 1460 5685 possit.
1498 5611 1631 5668 Vide
1663 5611 1783 5665 Mo-

207 5698 257 5734 ιι
288 5702 398 5740 um.
434 5703 485 5739 II.
557 5726 571 5740 .

207 5696 398 5745 mlum,
434 5703 485 5739 ιι.
515 5696 571 5740 2.

277 5755 394 5826 (ξε)
421 5755 520 5819 Τῷ.
552 5756 719 5811 Coisl.
753 5756 803 5826 li,
829 5759 893 5819 ,ὲν
918 5753 1014 5826 τῷ.

279 5823 394 5896 (55)
428 5825 608 5894 Ὥρια.
663 5826 755 5882 Sic
778 5825 909 5899 Reg.
936 5822 1042 5891 bin,
1090 5825 1181 5889 Ιιυ,
1219 5833 1321 5882 etc.
1370 5822 1551 5880 Schol.
1585 5840 1601 5879 :
1632 5823 1789 5878 Κατὰ

1876 3300 2227 3366 descendens,
2258 3303 2598 3372 vitamque“
2630 3304 2754 3358 ﬁnis
2802 3305 2978 3359 omnis
3012 3313 3173 3374 atque
3202 3305 3461 3359 interitus~

1876 3400 2148 3460 expertem
2202 3394 2401 3449 mundo
2454 3393 2680 3450 aﬁ‘erens
2713 3413 2728 3461 ;
2755 3394 2821 3450 de
2849 3410 2957 3465 quo
2984 3412 3128 3451 nunc
3153 3396 3288 3450 mihi
3316 3409 3454 3463 quo-

1879 3499 1983 3553 que
2024 3485 2237 3539 Patrem
2278 3486 2465 3541 audire
2502 3488 2687 3542 videor
2732 3487 3039 3543 dicentem:
3085 3487 3169 3540 Ea:
3217 3486 3449 3557 digpr

1877 3577 2051 3630 vocavi
2078 3575 2283 3630 Filium
2311 3594 2482 3632 meum
2502 3578 2568 3630 ⁸⁸.

1954 3669 2020 3719 ll.
2053 3667 2095 3720 A
2124 3668 2277 3722 vobis
2311 3669 2456 3722 enim
2488 3684 2668 3723 sermo
2694 3669 2759 3722 ad
2789 3684 2978 3723 omnes
3005 3668 3256 3723 homines
3284 3668 3453 3723 dima-

1878 3761 2044 3824 navit,
2078 3771 2189 3813 tum
2214 3762 2423 3816 sincere
2444 3760 2701 3823 creditus,
2729 3771 2840 3815 tum
2865 3759 3188 3828 praedicatus
3215 3779 3228 3814 :
3263 3775 3325 3813 ac
3352 3774 3457 3815 vos

1878 3853 2144 3917 omnium,
2179 3861 2233 3907 et
2264 3854 2564 3922 praesertim
2611 3868 2820 3918 eorum,
2851 3853 2943 3923 qui
2977 3867 3120 3907 nunc
3160 3860 3302 3907 recta
3346 3852 3454 3906 ﬁde

1879 3946 2088 4014 prrediti
2127 3955 2273 4012 sunt,
2311 3946 2505 4016 optimi
2540 3946 2827 4017 largitores
2863 3948 3014 4011 est's,
3041 3954 3301 4014 quantum
3334 3944 3456 4013 qui-

1879 4036 2001 4092 dem
2037 4037 2153 4108 ipse
2176 4052 2471 4108 cognosco,
2508 4038 2598 4106 qui
2632 4036 2944 4107 hujusmodi
2972 4036 3100 4102 cibi,
3134 4050 3244 4090 non
3291 4033 3455 4088 modo

1880 4143 1999 4181 sum
2036 4138 2272 4195 amator,
2299 4131 2392 4184 sed
2431 4128 2592 4183 etiam
2628 4128 3109 4195 subtninistrator;
3140 4143 3237 4182 nec
3268 4127 3321 4180 in
3350 4141 3453 4195 pa-

1880 4220 1990 4274 trio
2016 4220 2284 4274 duntaxat
2317 4219 2454 4285 solo,
2488 4219 2580 4273 sed
2614 4220 2779 4274 etiam
2810 4220 2865 4273 in
2898 4228 3143 4273 externo.
3170 4216 3279 4272 Vos
3308 4217 3453 4272 enim

1881 4310 2155 4380 corporeis
2174 4310 2339 4380 620
2361 4308 2581 4379 quidem
2610 4308 2745 4362 cibis
2772 4306 2999 4377 populos
3018 4316 3073 4360 et
3100 4307 3260 4360 urbes
3288 4305 3467 4371 alitis,

1880 4416 2207 4470 quacunque
2252 4414 2310 4455 se
2343 4398 2650 4468 benignitas
2690 4407 2866 4454 vestra
2893 4397 3161 4468 porrigit;
3198 4397 3456 4465 spiritua-

1884 4494 2023 4547 libus
2055 4504 2259 4557 autem,
2289 4508 2396 4547 non
2422 4500 2625 4545 certam
2650 4490 2943 4560 quamdam
2967 4489 3198 4557 plebem,
3225 4495 3319 4541 aut
3341 4502 3457 4541 cer-

2440 4582 2684 4652 angustis
2735 4581 2936 4637 ﬁnibus
2984 4579 3456 4647 circumscriptas,

1885 4674 2181 4739 quamlibet
2228 4675 2337 4729 alte
2381 4682 2434 4728 et
2477 4671 2754 4742 splendide
2797 4671 2863 4727 de
2889 4687 2949 4727 se
2983 4671 3240 4735 sentiant,
3271 4682 3459 4723 verum

1891 4762 2200 4817 universum
2230 4777 2395 4832 prope
2427 4771 2692 4816 terrarum
2719 4761 2903 4816 orbem
2932 4759 3092 4815 alitis.
3120 4760 3294 4816 Ataue
3326 4758 3466 4816 adeo

1892 4988 2104 5058 καιρὸν,
2166 4992 2259 5044 καὶ
2294 4989 2430 5059 πρὸς
2456 4988 2636 5059 ὤραν·
2702 5006 2719 5039 ι
2748 4988 3088 5059 Tempestive
3137 4997 3193 5042 et
3249 4986 3463 5042 statutis

1893 5059 2245 5121 temporibus.
2280 5080 2298 5111 ι
2336 5058 2391 5111 In
2427 5058 2539 5123 ed.,
2576 5059 2721 5128 ὅρια,
2762 5079 2779 5110 ι
2813 5058 2943 5112 ﬁnes
2979 5058 3223 5126 itnplens.
3257 5075 3276 5108 ι

1963 5128 2073 5199 (54)
2103 5125 2718 5199 Χορηγούμενος.ῌ’11ἰο
2755 5128 2991 5199 indicare
3025 5125 3235 5199 videtur
3263 5125 3467 5196 Grego-

1894 5197 2026 5259 rius,
2055 5197 2319 5253 frumenta
2354 5198 2439 5251 illa
2463 5199 2528 5252 ab
2551 5197 2782 5268 [Egypto
2807 5198 2988 5263 allata,
3014 5198 3207 5251 cedere
3232 5198 3469 5265 'prmser-

1895 5269 1988 5320 lim
2025 5269 2073 5320 in
2104 5284 2229 5323 usus
2261 5268 2629 5323 Ecclesiarum
2656 5278 2710 5321 et
2741 5282 3053 5335 pauperum.

1961 5336 2071 5403 (55)
2116 5337 2187 5391 'Il
2204 5336 2438 5407 μείζων.
2471 5335 2561 5391 Sic
2588 5337 2746 5407 codd.
2778 5335 2832 5389 ln
2864 5337 2972 5407 ed.,
3005 5336 3037 5406 ἢ
3066 5336 3287 5407 μείζων.

1954 5407 2065 5477 (56)
2105 5404 2372 5475 Ἀριστοι
2420 5405 2801 5477 καρποδόται.
2869 5425 2899 5477 σν
2928 5404 3125 5475 Optimi
3165 5404 3466 5477 AfrucLuum

1884 5472 2188 5547 largitores.
2217 5497 2235 5528 ι
2272 5477 2363 5531 Sic
2418 5472 2649 5547 appellat
2689 5472 2991 5547 Egyptios,
3037 5475 3177 5547 quod
3215 5473 3265 5526 in
3291 5472 3467 5547 Δ[Εεν-

1882 5542 1994 5617 ιιιο’
2012 5550 2243 5601 maxime
2279 5542 2588 5617 ὁμοουσίου,
2628 5546 2680 5617 id
2726 5542 2847 5610 esi,'
2883 5564 2901 5597 ι
2931 5542 3468 5600 conSubstantialita-

1886 5616 1954 5671 tis
1984 5635 2002 5668 ι
2036 5617 2165 5672 ﬁdes
2201 5615 2404 5685 vigeret
2427 5631 2488 5671 ac
2520 5615 2892 5672 fructiﬁcaret.

1956 5686 2068 5757 (57)
2107 5683 2651 5757 Περιᾷεραφομένην.
2682 5686 2796 5742 Duo
2829 5685 2995 5756 Rogg.
3017 5694 3071 5742 et
3101 5683 3266 5740 Coisl.
3293 5684 3343 5749 l,
3366 5699 3471 5736 πε⁸

1887 5757 2307 5829 ριγραφομένας.
