4010 6316
557 486 663 544 2ιῖ

1756 494 1811 549 S.
1858 492 2184 552 GREGORII
2225 492 2570 554 THEOLOGI

3679 508 3777 567 ω

556 620 664 660 non
695 606 850 675 panis
895 607 1116 676 famem,
1158 617 1252 664 aut
1286 625 1438 682 aqua:
1477 612 1624 667 sitim
1674 615 1897 680 curatis,
1930 616 2121 685 quibus

2226 618 2454 672 ἀκοῦσαι
2479 619 2638 687 λόγου
2679 618 2791 692 (58)
2820 621 3047 691 Κυρίου,
3067 619 3125 674 ὃν
3156 620 3249 675 καὶ
3297 621 3525 691 πάσχειν
3564 621 3772 680 ἐλεεινό-

553 710 654 752 nec
695 700 865 767 premi
919 701 1207 757 admodum
1253 719 1417 773 grave
1457 714 1559 771 est,
1595 714 1650 761 et
1679 706 1867 762 iisdem
1917 708 2123 762 mederi

548 782 744 853 facile;
769 790 862 845 sed
879 790 1075 847 famem
1104 793 1361 851 audiendi
1391 797 1612 852 verbum
1631 797 1841 853 Domini
1867 799 1934 863 ⁸⁸,
1958 813 2120 869 quam

549 884 604 930 et
633 878 741 945 pati
770 881 1136 939 miserrimum
1158 928 1172 952 ,
1210 895 1263 941 et
1296 903 1489 944 curare
1530 891 1633 946 hoc
1668 900 1906 960 tempore
1932 906 2119 959 perar-

2229 724 2410 772 τατον,
2467 708 2561 762 καὶ
2594 708 2914 780 θεραπεύειν
2972 709 3067 765 νῦν
3114 710 3546 782 ἑργωδέστατονυ
3604 714 3777 786 ἐπειδὴ

2228 799 2599 872 ὲπληθύνθηή
2631 803 2851 873 ἀνομία,
2884 803 2976 856 καὶ
3009 802 3220 871 ὀλίγους
3253 804 3490 875 εὑρίσκω
3516 804 3639 868 τοὺς
3659 824 3780 878 γνη-

2229 893 2376 956 σίους
2402 892 2604 965 ταύτης
2634 893 2986 965 θεραπευτάς.
3604 940 3616 966 ι

549 967 715 1022 duum
745 979 798 1026 et
828 974 1136 1042 perdiﬂicile
1163 996 1173 1037 ;
1202 979 1451 1045 quoniam
1482 981 1774 1036 abundavit
1808 982 2078 1052 iniquitas
2096 980 2169 1048 ",
2213 998 2277 1037 ac
2311 1000 2509 1052 paucos
2556 987 2786 1054 reperio,
2826 986 2916 1053 qui
2947 1001 3070 1039 vere
3109 1001 3172 1040 ac
3204 985 3341 1040 bona
3375 984 3477 1040 [ille
3502 985 3628 1040 huic
3657 984 3775 1040 fami

549 1060 888 1117 medeantur.

621 1150 715 1207 ΙΙΙ.
752 1153 898 1210 Talis
928 1159 1207 1214 enimvero
1249 1170 1363 1215 erat
1396 1160 1617 1231 Joseplt,
1654 1164 1999 1235 dispensator
2030 1184 2122 1223 ve-

550 1249 683 1308 ster,
720 1257 785 1300 ac
815 1247 1038 1314 proinde
1076 1260 1129 1305 et
1177 1261 1379 1314 noster,
1425 1254 1516 1322 qui
1563 1265 1615 1308 et
1648 1270 1747 1324 pro
1791 1258 1986 1311 eximia
2026 1274 2120 1312 sua

549 1335 808 1402 sapientia
854 1338 1051 1394 laniem
1116 1344 1421 1412 prnspicere
1483 1357 1659 1412 norat,
1687 1357 1741 1402 et
1782 1350 2010 1403 consilio
2061 1366 2121 1406 ac

550 1428 839 1494 prudentia
883 1446 1106 1496 curare,
1156 1434 1494 1503 perpulcbris
1551 1437 1803 1492 nimirum
1846 1450 1898 1493 et
1940 1442 2121 1495 obesis

549 1517 745 1586 bobus,
771 1519 1043 1577 deformes
1070 1538 1133 1577 ac
1164 1525 1334 1578 macie
1363 1524 1637 1580 confectas
1667 1542 1886 1583 Sanans.
1915 1531 2120 1597 thui-

550 1610 669 1663 dem
700 1614 968 1669 utrumvis
997 1612 1191 1685 Joseph
1224 1616 1521 1687 intelligere
1545 1618 1799 1685 volucris,
1835 1620 1945 1674 sive
1969 1621 2117 1675 illum

550 1700 976 1760 immortalitatis
1016 1717 1313 1761 amatorem
1367 1719 1420 1762 et
1465 1708 1796 1775 effectorem,
1822 1720 1875 1765 et
1922 1727 2116 1765 nomen

551 1790 842 1858 ferentem;
874 1795 988 1849 sive
1042 1795 1207 1861 illius,
1243 1806 1296 1851 et
1340 1797 1391 1849 in
1442 1797 1639 1852 throno
1671 1807 1726 1852 et
1760 1799 1814 1852 in
1846 1798 2114 1865 doctrina,

2296 1168 2366 1219 1".
2399 1166 2651 1229 Τοιοῦτος
2705 1163 2896 1234 Ἰωσὴφ
2942 1166 2970 1217 ὁ
3016 1162 3275 1234 ὑμέτερος
3301 1163 3620 1234 σιτομέτρης
3649 1163 3772 1233 (59),

2223 1255 2419 1308 ταυτὸν
2447 1255 2503 1307 δὲ
2533 1257 2709 1307 εἰπεῖν
2761 1254 2854 1305 καὶ
2901 1252 3189 1324 ἡμέτερος,
3236 1252 3296 1315 ὃς
3334 1253 3426 1306 καὶ
3467 1252 3779 1324 προϐλέπειν

2225 1345 2338 1414 ᾔδει
2365 1344 2521 1414 λιμὸν
2546 1343 2650 1396 ὑπὸ
2691 1344 2882 1411 σοφίας
2931 1342 3372 1414 ὑπερϐαλλούσης
3410 1344 3541 1415 (60),
3576 1344 3667 1396 καὶ
3696 1343 3777 1396 Θε-

2227 1436 2483 1507 ραπεύειν
2532 1436 2711 1504 λόγοις
2745 1435 3080 1505 οἰκονομίας,
3132 1439 3250 1499 ταῖς
3282 1435 3472 1498 καλαῖς
3498 1434 3604 1487 τῶν
3652 1435 3776 1505 βοῶν

2225 1528 2319 1581 καὶ
2351 1527 2517 1590 πίοσι,
2557 1528 2654 1590 τὰς
2687 1528 2920 1599 αίσχράς-
2959 1529 3050 1580 καὶ
3105 1528 3372 1598 ἀτρόφους
3407 1525 3650 1598 ἰώμενος.
3678 1528 3779 1580 Καὶ

2239 1618 2432 1690 Ἰωσὴφ
2458 1619 2717 1690 ὁπότερον
2736 1618 2913 1688 βούλει
2942 1618 3258 1688 λαμϐάνειν,
3284 1617 3392 1671 εἴτε
3416 1619 3503 1672 τὸν
3523 1618 3624 1688 τῆς
3652 1616 3776 1671 ἀθα-

2224 1709 2410 1772 νασίας
2459 1710 2693 1780 ἐραστὴν
2738 1708 2869 1778 (6i),
2918 1709 3011 1762 καὶ
3038 1710 3386 1780 δημιουργὸν,
3441 1709 3533 1762 καὶ
3577 1707 3779 1761 ὲπώνυ·

2226 1818 2324 1869 μον
2353 1800 2464 1871 (62)
2488 1818 2500 1830 ·
2533 1800 2641 1852 είτε
2674 1800 2766 1853 τὸν
2801 1800 3007 1853 ἐκείνου
3045 1802 3136 1852 καὶ
3165 1801 3357 1870 θρόνῳ,
3387 1801 3480 1853 καὶ
3508 1799 3668 1870 λόγῳ,
3691 1800 3778 1853 καὶ

549 1889 602 1933 et
623 1879 675 1933 in
702 1884 901 1938 canitie
923 1900 1321 1953 successorem,
1347 1904 1570 1952 norum,
1603 1889 1844 1959 inquam,
1875 1902 2118 1945 nostrum

2226 1891 2383 1961 πολιᾷ
2414 1890 2677 1960 διάδοχον,
2707 1888 2799 1943 τόν
2829 1890 2948 1945 νέον
2974 1890 3179 1961 Πέτρον
3213 1892 3362 1961 ἡμῖν,
3386 1890 3484 1959 οὐχ
3511 1886 3671 1961 ἦττον
3689 1888 3777 1958 τὴν

551 1967 791 2038 Petrum,
822 1989 927 2028 non
959 1966 1138 2030 minus
1167 1976 1363 2030 virtute
1379 1994 1552 2051 ﬂuam
1582 1980 1796 2034 nomine
1822 1999 1834 2033 :
1870 1997 1897 2033 a
1923 1984 2118 2051 quibus

550 2060 605 2115 id
629 2063 776 2132 quod
809 2065 1041 2119 medium
1071 2066 1189 2134 fuit,
1220 2069 1477 2123 excistnn-
1504 2080 1551 2122 et
1583 2071 1874 2124 contritum
1903 2084 2005 2137 est,
2042 2083 2118 2125 ta—

550 2156 708 2210 metsi
749 2156 1021 2225 paululum
1067 2159 1244 2213 adhuc
1278 2171 1330 2215 et
1363 2161 1633 2227 languide.
1672 2163 1817 2216 velut
1858 2165 2119 2232 serpentis

520 2244 788 2302 intercisi
827 2248 1021 2313 cauda,
1052 2252 1275 2321 palpitet
1305 2271 1316 2305 :
1344 2268 1571 2321 quorum
1611 2255 1746 2309 alter
1786 2257 1835 2309 in
1863 2256 1999 2311 bona
2032 2272 2117 2311 se-

549 2348 763 2395 nectute
807 2349 927 2410 post
954 2342 1154 2398 multas
1193 2344 1570 2402 dimicationes
1613 2357 1665 2401 et
1705 2347 1978 2416 palatstras
2009 2348 2117 2402 vita

549 2430 851 2497 defunctus,
886 2449 1029 2489 nunc
1077 2450 1163 2490 res
1212 2447 1449 2501 nostras,
1487 2449 1545 2493 ttt
1574 2453 1889 2509 persuasum
1925 2441 2115 2506 habeo,

550 2520 763 2574 caelitus
789 2521 1024 2591 inspicit,
1058 2541 1123 2580 ac
1158 2526 1371 2581 virtutis
1413 2543 1574 2582 causa
1604 2528 1975 2585 laborantibus
2002 2545 2119 2582 ma-

551 2625 678 2662 num
721 2612 968 2683 porrigit,
1000 2628 1172 2685 eoque
1211 2618 1399 2688 magis,
1427 2619 1566 2688 quod
1608 2621 1848 2689 corporis
1893 2621 2121 2676 vinculis

551 2700 811 2759 liberatus
848 2714 965 2771 est;
992 2708 1129 2765 alter
1162 2724 1285 2764 vero
1319 2710 1384 2765 ad
1416 2710 1664 2765 eumdem
1696 2712 1821 2767 vita:
1852 2713 2009 2767 tinem
2030 2722 2121 2767 atzt

550 2794 959 2861 resolutionem,
1012 2808 1131 2868 post
1178 2802 1365 2855 eadem
1416 2803 1710 2857 certamina
1767 2813 2040 2873 properat,
2070 2814 2123 2859 et

551 2885 821 2941 caelitibus
870 2890 1084 2956 quidem
1134 2891 1243 2960 jam
1303 2894 1639 2964 propinquus
1692 2906 1804 2959 est;
1868 2907 2119 2952 cal-terum

551 2979 811 3034 hactenus
843 2982 1014 3035 adhuc
1051 2983 1101 3037 in
1141 2999 1303 3041 carne
1330 2996 1590 3050 versatur,
1623 2997 1680 3043 nt
1719 2988 1839 3043 ﬁdei
1870 2991 2123 3045 doctrinae

551 3076 874 3136 postremam
923 3087 1076 3142 opem
1122 3073 1277 3141 ferat,
1309 3092 1371 3133 ac
1405 3093 1523 3131 cum
1571 3079 1813 3149 ampliori
1853 3090 1905 3135 et
1939 3080 2121 3149 c0pio-

553 3160 685 3215 siori
717 3162 911 3219 viatico
945 3165 1045 3219 iter
1074 3177 1340 3236 capessat.

2219 1982 2441 2054 ἀρετὴν,
2472 1982 2504 2053 ἦ
2529 1983 2626 2053 τὴν
2660 1982 2853 2053 κλῆσιν
2880 2001 2891 2012 ·
2935 1984 3023 2050 ὑφ’
3063 1976 3135 2035 ὧν
3158 1982 3216 2035 τὸ
3244 1983 3405 2053 μέσον
3435 1981 3665 2052 ἐξεκόπη
3695 1981 3779 2033 καὶ

2222 2074 2533 2145 συνετρίϐη,
2572 2074 2674 2127 κᾶν
2704 2073 2785 2125 ἐτι
2818 2072 3027 2145 σπαίρῃ
3046 2073 3155 2142 (65)
3186 2072 3356 2143 μικρά
3374 2089 3433 2123 τε
3456 2072 3548 2124 καὶ
3568 2071 3778 2137 ἀσθενῆ,

2220 2165 2471 2235 καθάπερ
2503 2164 2564 2217 τὸ
2615 2166 2834 2235 οὐραῖον
2872 2163 3221 2227 διακοπέντος
3258 2162 3350 2216 τοῦ
3392 2162 3567 2231 ὄφεως
3591 2178 3605 2191 ο
3655 2154 3725 2214 ὧν
3752 2162 3781 2212 ὁ

2223 2258 2318 2326 μὲν
2351 2257 2410 2309 ὲν
2444 2257 2592 2328 γήρᾳ
2623 2255 2773 2328 καλῷ
2822 2255 3130 2319 καταλύσας
3162 2255 3251 2308 τὸν
3295 2255 3407 2327 βίον
3454 2255 3547 2307 ἐπὶ
3577 2254 3779 2315 πολλοῖς

2220 2351 2331 2410 τοῖς
2363 2338 2710 2417 ἀγωνίσμασι
2738 2347 2831 2399 καὶ
2853 2346 3185 2418 ἀθλήμασιν,
3216 2346 3418 2401 ἄνωθεν
3476 2344 3779 2409 ἐποπτεύει,

2219 2430 2277 2488 εὖ
2301 2430 2439 2497 οἶδα,
2474 2434 2568 2490 νῦν
2595 2435 2662 2488 τὰ
2685 2433 2947 2504 ἡμέτερα,
2977 2435 3070 2487 καὶ
3103 2436 3259 2504 χεῖρα
3306 2433 3484 2503 ὀρέγει
3506 2436 3620 2495 τοῖς
3651 2432 3778 2501 ὑπὲρ

2217 2526 2311 2579 τοῦ
2364 2524 2530 2579 καλοῦ
2592 2527 2882 2596 κάμνουσι,
2939 2525 3033 2578 καὶ
3079 2525 3220 2594 τόσῳ
3253 2523 3449 2594 μᾶλλον
3474 2565 3489 2589 ,
3527 2524 3639 2593 ὅσῳ
3678 2521 3777 2575 τῶν

2200 2617 2434 2689 δεσμῶν
2461 2618 2607 2670 ἐστιν
2637 2616 2948 2686 ὲλεύθερος’
2977 2618 3005 2669 ὁ
3032 2616 3088 2669 δὲ
3125 2615 3216 2668 ἐπὶ
3240 2614 3336 2686 τὴν
3360 2615 3527 2685 αὐτὴν
3556 2613 3779 2667 κατάλυ-

2222 2728 2304 2763 σιν
2363 2710 2497 2779 (64),
2532 2709 2565 2780 ἢ
2613 2708 2890 2772 ἀνάλυσιν,
2951 2708 3042 2760 ἐπὶ
3094 2708 3206 2769 τοῖς
3235 2706 3413 2769 αὐτοῖς
3449 2705 3631 2768 ἄθλοις
3675 2702 3779 2772 (65)

2218 2800 2517 2868 ἐπείγεται,
2553 2802 2647 2854 καὶ
2680 2800 2969 2871 πλησιάζει
3027 2800 3123 2869 μὲν
3157 2799 3256 2869 ἤδη
3309 2800 3421 2861 τοῖς
3446 2799 3577 2863 ἄνω,
3610 2795 3782 2850 τοσοῦο

2219 2910 2309 2944 τον
2332 2891 2388 2944 δὲ
2426 2890 2562 2961 μετά
2588 2892 2687 2963 τῆς
2718 2890 2919 2963 σαρκός
2950 2891 3094 2942 ἐστιν
3118 2889 3219 2951 ἔτι,
3246 2889 3367 2941 ὅσον
3414 2886 3676 2958 βοηθῆσαι
3709 2883 3780 2953 τῷ

2220 2983 2362 3052 λόγῳ
2392 2983 2459 3036 τὰ
2486 2982 2795 3045 τελευταῖα,
2825 2982 2919 3034 καὶ
2963 2981 3062 3051 τῆς
3111 2979 3231 3033 ὀδοῦ
3258 2978 3508 3047 γενέσθαι
3539 2978 3676 3048 μετᾶ
3702 2975 3782 3030 δα·

2220 3075 2552 3145 ψιλεστέρων
2590 3072 2698 3125 τῶν
2738 3072 2978 3142 ἐφοδίων.

864 3217 901 3219 η
947 3217 955 3219 _
995 3217 1032 3219 η
1085 3217 1099 3219 _
1144 3217 1340 3236 rm“,

623 3250 710 3305 lV.
742 3249 852 3307 Vos
880 3255 1010 3309 estis
1038 3256 1237 3310 alumni
1284 3267 1337 3313 et
1368 3261 1579 3315 soooles
1620 3261 1827 3315 illorum
1863 3272 2117 3331 praestan-

2290 3250 2362 3305 A'.
2390 3250 2606 3305 Τούτων
2637 3250 2795 3321 ὑμεῖς
2830 3249 3121 3320 θρέμματα
3178 3248 3270 3302 καὶ
3304 3246 3661 3318 προϐλήματα
3682 3244 3783 3298 τῶν

552 3337 689 3393 tium
726 3342 966 3398 veritatis
1010 3345 1311 3412 doctorum,
1346 3357 1400 3403 et
1445 3360 1916 3420 propugnatorum,
1944 3362 1996 3405 et
2040 3352 2119 3405 vi-

552 3442 760 3488 ctorum
789 3452 804 3500 ;
843 3449 978 3504 quos
1009 3452 1114 3492 non
1149 3446 1375 3508 tempus,
1409 3455 1512 3495 non
1560 3442 1826 3510 princeps,
1856 3456 1958 3495 non
2001 3456 2116 3495 ser-

553 3536 665 3588 mo,
690 3539 795 3578 non
827 3525 1044 3592 invidia,
1073 3543 1175 3582 non
1205 3539 1395 3594 metus,
1421 3547 1523 3586 non
1550 3543 1848 3596 accusator,
1888 3547 1992 3585 non
2027 3547 2112 3584 ea-

555 3612 867 3680 lumniator,
895 3632 998 3672 non
1037 3618 1230 3673 bellum
1261 3629 1443 3689 aperte
1476 3620 1734 3683 inferens,
1772 3638 1875 3676 non
1904 3622 2121 3676 clande—

555 3704 725 3759 stinas
762 3706 981 3762 insidias
1016 3716 1250 3774 struens,
1286 3724 1389 3762 non
1421 3709 1473 3762 in
1521 3710 1752 3778 speciem
1786 3720 1983 3775 noster,
2014 3726 2118 3763 non

556 3796 785 3861 alienus,
806 3814 908 3853 non
933 3815 1142 3863 aurum,
1167 3801 1408 3855 occultus
1430 3801 1515 3854 ille
1538 3812 1815 3871 tyrannus,
1845 3817 1939 3871 per
1962 3818 2144 3873 quem.

540 3903 701 3944 nunc
726 3890 887 3961 621
920 3891 1081 3945 multa
1123 3908 1334 3947 snrsmn
1378 3893 1755 3962 deorsumque,
1786 3893 1928 3947 velut
1956 3895 2011 3947 in
2041 3902 2123 3946 ta-

556 3977 730 4033 lorum
784 3979 928 4047 ludo,
971 3980 1262 4047 iactantur,
1304 3994 1407 4035 non
1441 3980 1733 4047 hlanditim,
1784 3997 1886 4036 non
1942 3983 2121 4048 minae,

558 4086 663 4125 non
686 4071 873 4128 exsilia
891 4112 907 4137 ,
930 4081 986 4127 et
1008 4072 1172 4127 multa
1196 4082 1247 4126 et
1272 4073 1519 4128 diuturna
1550 4074 1668 4142 (soli
1692 4074 1834 4128 enim
1861 4074 2122 4128 bonorum

560 4162 937 4232 proscriptioni
990 4162 1043 4215 in
1080 4177 1173 4217 eos
1205 4172 1422 4232 propter
1478 4178 1701 4234 magras
1747 4165 1862 4219 illas
1892 4166 2123 4231 divitias,

559 4254 665 4310 hoc
705 4264 809 4319 est,
840 4254 1098 4323 inopiam,
1132 4255 1263 4309 nihil
1308 4256 1501 4328 l‘cuit),
1538 4272 1642 4311 non
1678 4257 1823 4311 aliud
1852 4258 2124 4329 quidpiam

560 4346 860 4401 absentium
890 4352 982 4398 aut
1013 4346 1379 4415 praesentium,
1406 4357 1494 4400 aut
1523 4347 1574 4401 in
1605 4350 2004 4417 exspectatione
2030 4365 2125 4419 po-

560 4441 811 4502 sitorum,
840 4436 1051 4498 extulit.
1078 4446 1171 4491 aut
1220 4439 1485 4494 adducere
1529 4442 1719 4510 potuit,
1754 4441 2128 4498 utdeterinres

2224 3345 2495 3417 μεγάλων,
2526 3343 2621 3398 καὶ
2651 3341 3050 3413 δογματιστῶν,
3073 3342 3166 3395 καὶ
3192 3339 3504 3408 ἀγωνιστῶν
3532 3338 3634 3409 τῆς
3659 3338 3775 3409 ἀλη-

2223 3437 2392 3501 θείας,
2429 3436 2524 3489 καὶ
2555 3434 2791 3505 νικητῶν
2813 3451 2827 3465 ·
2857 3431 2951 3495 οὓς
2976 3432 3036 3485 οὐ
3061 3431 3271 3502 καιρὸς,
3301 3431 3362 3484 οὑ
3393 3431 3683 3502 δυνάστης.
3725 3428 3782 3481 ού

2222 3528 2399 3597 λόγος,
2439 3526 2500 3579 οὐ
2545 3526 2756 3595 φθόνος,
2803 3524 2863 3577 οὐ
2910 3522 3093 3592 φόϐος,
3114 3524 3173 3576 ού
3200 3522 3521 3593 κατήγορος,
3545 3522 3609 3574 οὐ
3636 3536 3787 3573 συκο-

2224 3610 2450 3691 φάντης,
2478 3619 2537 3671 οὐ
2575 3617 2824 3689 φανερῶς
2870 3614 3143 3685 πολεμῶν,
3178 3614 3238 3667 οὐ
3272 3612 3541 3681 λαθραίως
3571 3611 3785 3665 ἐπιδου-

2224 3712 2417 3775 λεύων,
2467 3710 2566 3779 οὐχ
2590 3710 2856 3779 ἡμέτερος
2884 3708 2963 3778 τῷ
3009 3707 3205 3767 δοκεῖν,
3263 3706 3361 3758 οὐκ
3399 3696 3696 3775 ἀλλότριος,
3728 3700 3785 3756 οὗ

2225 3801 2443 3874 χρυσὸς,
2476 3803 2504 3854 ὁ
2527 3801 2739 3870 ἀφανὴς
2768 3800 3053 3871 τύραννος,
3082 3792 3126 3865 ᾧ
3154 3797 3249 3850 νῦν
3295 3796 3363 3849 τὰ
3391 3795 3560 3850 πολλά
3593 3795 3786 3867 μεταῤ-

2228 3894 2475 3964 ρίπτεται
2498 3892 2594 3946 καὶ
2628 3890 2971 3957 πεττεύεται,
3004 3891 3063 3943 οὑ
3097 3889 3517 3960 θεραπεῖαι,οὐκ
3551 3886 3788 3945 ἀπειλαὶ,

2225 3983 2323 4037 οὐκ
2371 3982 2573 4054 ὲξορίαι
2626 3981 2915 4052 μακραίτε
2944 3981 3038 4033 καὶ¹
3072 3978 3467 4050 ἀριθμούμεναι
3513 3974 3790 4047 (δημεύσει

2226 4073 2333 4144 γὰρ
2365 4072 2465 4126 οὐκ
2488 4070 2735 4140 ἐγένοντο
2769 4072 2926 4141 μόνον
2959 4068 3175 4133 ἀλωτοὶ,
3199 4067 3286 4121 διὰ
3313 4068 3403 4119 τὸν
3434 4066 3609 4137 μέγαν
3634 4063 3790 4118 πλοῦ-

2226 4182 2337 4227 τον,
2362 4164 2460 4235 τὴν
2484 4160 2910 4235 ἀκτημοσύνην),
2942 4160 3041 4213 οὑκ
3067 4158 3193 4213 ἀλλο
3214 4158 3363 4212 οὐδὲν
3387 4157 3496 4210 τῶν
3525 4157 3789 4219 ἀπόντων,

2226 4256 2259 4326 ἢ
2293 4254 2736 4326 τῶνοπαρόντων,
2764 4251 2797 4322 ἢ
2819 4251 2929 4304 τῶν
2950 4249 3411 4322 προσδοκωμένων
3431 4248 3657 4319 ἐπῆρεν,
3678 4248 3791 4301 οὐδὲ

2228 4345 2481 4399 ἀνέπεισε
2532 4345 2744 4415 χείρους
2799 4339 3071 4411 γενέσθαι,
3125 4341 3217 4392 καὶ
3259 4337 3549 4409 προδοῦναί
3598 4355 3652 4390 τι
3698 4336 3794 4406 τῆς

2230 4438 2477 4509 Τριάδος,
2513 4437 2605 4489 καὶ
2640 4433 2984 4506 ζημιωθῆναι
3016 4430 3247 4500 θεότητα
3295 4428 3428 4500 (66).
3476 4427 3793 4509 Τούναντίον

561 4525 777 4592 fierent,
801 4541 864 4580 ac
891 4525 959 4581 de
986 4524 1249 4582 Trinitate
1278 4527 1478 4597 aliquid
1516 4507 1825 4599 proderent,
1849 4538 1903 4584 et
1935 4530 2121 4584 divini-

2233 4507 2331 4601 μέν
2355 4525 2447 4582 οὖν
2485 4525 2837 4599 ὲῤῥώσθησαν
2869 4528 2981 4589 τοῖς
3007 4522 3289 4585 κινδύνοις,
3341 4521 3434 4574 καὶ
3459 4507 3795 4589 φιλοτιμότε-

560 4619 691 4672 tatis
710 4616 973 4686 iacturam
1003 4617 1256 4674 facerent.
1290 4620 1397 4673 lmo
1420 4630 1630 4684 contra,
1660 4634 1726 4674 ex
1756 4620 1888 4690 ipsis
1912 4621 2125 4689 pericu-

565 4708 628 4764 lis
653 4711 814 4764 robur
838 4709 1187 4777 collegerunt,
1218 4720 1377 4779 atque
1405 4710 1469 4764 ad
1495 4710 1746 4779 pietatem
1774 4709 2128 4766 ferventiores

563 4799 901 4855 exstiterunt.
943 4797 1089 4855 Talia
1125 4801 1267 4855 enim
1300 4815 1397 4870 pro
1428 4799 1643 4854 Christo
1674 4801 1802 4869 pati,
1836 4804 2006 4856 animi
2034 4818 2130 4857 cu-

635 4995 682 5028 “
711 4997 872 5051 Amos
912 5012 1027 5062 VIII,
1058 4995 1143 5050 ll.
1223 4996 1268 5027 ⁸⁷
1307 4994 1491 5049 Matth.
1548 5011 1696 5060 XXIV,
1747 4996 1829 5049 ﬁ.

633 5196 751 5269 (58)
774 5198 991 5269 Λόγουξ
1026 5195 1156 5265 Reg.
1180 5211 1234 5269 a_,
1268 5194 1447 5269 λόγον.

635 5263 747 5333 (59)
780 5263 1155 5335 Σιέομέτρηῤ.
1188 5266 1351 5316 Coisl.
1381 5265 1432 5325 l,
1466 5263 1757 5335 σιτοδᾴτης,
1856 5292 1859 5295 .

635 5338 746 5407 (ϋθ)
779 5333 1003 5407 Σοφίᾳς
1042 5334 1563 5407 ὺίτξρᾷαλλούσης.
1609 5333 1700 5387 Sic
1745 5335 1877 5407 Reg.
1930 5338 2020 5390 bu.
2076 5338 2134 5392 ln

563 5402 675 5469 cd.‘,
707 5402 897 5470 σοφίας
922 5402 1350 5475 ὑπερϐαλούσης.
1549 5473 1558 5475 _
1613 5473 1620 5475 _
1829 5402 1850 5407 ⁷
1882 5470 1885 5471 ν

636 5434 1449 5547 (ίὶὕυῗέἲῖιὲ-ἓῖὶῗαῦῐῒίίῖεε.,
1479 5473 1571 5525 καὶ
1607 5473 1859 5547 ἐραστήν.

638 5541 749 5612 (61)
772 5546 879 5598 Καὶ
903 5542 1237 5612 ἐπώνυμον.
1272 5559 1289 5593 ι
1314 5541 1379 5595 Et
1402 5557 1593 5612 nOmen
1621 5541 1683 5596 ex
1712 5558 1770 5597 ea
1794 5541 2081 5600 ferentem.
2108 5566 2127 5599 ›

568 5610 661 5667 Sic
694 5610 803 5666 duo
837 5613 1005 5684 Regg.
1038 5610 1107 5664 ln'
1143 5612 1430 5684 ed._deest,
1465 5611 1579 5665 καί.
1599 5612 1870 5684 _lnte|ligit
1898 5615 2135 5669 Athana-

567 5684 731 5748 sium,
772 5680 1175 5750 cujus—nomen
1226 5681 1438 5736 ducitur
1484 5696 1550 5735 ex
1589 5680 1823 5747 Graeco]
1844 5684 2131 5750 ἀθανασία,

574 5769 594 5801 ι
629 5752 1018 5804 immortalitas.
1043 5770 1060 5803 ι

571 5822 753 5947 n“(63)
788 5825 1038 5891 Σπασζιτῃ.
1091 5821 1217 5891 Reg.
1252 5819 1362 5887 but,
1413 5820 1630 5891 σκαίρῃ,
1693 5842 1710 5874 t
1740 5823 2013 5893 tripudiet,
2047 5839 2134 5879 sa-

612 5909 621 5920 .
670 5930 682 5945 .
707 5911 723 5943 ,

612 5900 682 5946 al.
707 5911 723 5943 ι

2234 4639 2315 4692 ροι
2342 4619 2626 4689 γεγόνασιν
2651 4620 2729 4682 εἰς
2757 4616 3057 4670 εὐσέϐειαν.
3085 4612 3307 4666 Τοιοῦτο
3343 4611 3451 4682 γὰρ
3495 4610 3555 4662 τὸ
3609 4608 3796 4663 παθεῖν

2234 4712 2374 4783 ὑπὲρ
2412 4710 2668 4782 Χριστοῦ,
2697 4708 2774 4778 τῷ
2797 4708 3002 4778 φίλτρῳ
3022 4704 3369 4777 προστίθησι,
3414 4703 3507 4756 καὶ
3539 4696 3655 4755 οἷον
3702 4703 3797 4773 ἀρ-

2239 4802 2422 4872 ραϐὼν
2451 4801 2658 4871 γίνεται
2709 4799 2815 4853 τῶν
2865 4800 2991 4869 ἑξῆς
3036 4798 3211 4851 ἀθλων
3252 4799 3362 4859 τοῖς
3415 4794 3795 4865 μεγαλόφροσι.

2317 5198 2427 5268 (65)
2466 5198 2521 5251 Ὀ
2546 5196 2615 5273 δὲ
2642 5197 2887 5273 ἐπὶ-τὴν
2915 5196 3122 5273 urbem:
3134 5197 3500 5273 _xani.l_pp’rr,
3532 5204 3650 5273 etc.
3675 5213 3693 5243 l
3716 5193 3793 5273 Al-

2245 5263 2334 5322 tet"
2351 5263 2478 5323 vero
2508 5270 2574 5321 ad
2604 5263 2874 5332 eumdem,
2897 5286 2915 5319 ι
2951 5263 3063 5321 etc.
3091 5267 3180 5321 Sic
3206 5268 3511 5320 reddiderat
3534 5263 3721 5318 Biltius
3751 5263 3799 5314 in

2244 5339 2417 5405 prima
2444 5338 2713 5396 editione;
2770 5338 2970 5391 rectius
3002 5337 3238 5405 quidem,
3267 5334 3425 5405 quam
3450 5335 3508 5405 in
3545 5334 3798 5405 secunda,

2241 5400 2332 5461 ubi
2363 5409 2441 5462 sie
2486 5407 2646 5461 vertit
2679 5427 2693 5463 :
2728 5426 2746 5457 ι
2777 5406 2925 5460 Alter
2961 5400 3034 5460 ad
3078 5400 3230 5459 idem
3264 5400 3572 5471 hospitium,
3621 5400 3705 5455 vel
3739 5402 3798 5451 ad

2241 5490 2433 5543 supera
2477 5476 2848 5545 migrationem
2895 5484 3013 5543 post
3045 5477 3229 5530 eadem
3276 5475 3564 5527 certamina
3616 5484 3796 5540 propc-

2240 5559 2340 5599 rat.
2365 5566 2383 5597 ι

2311 5617 2425 5687 (155)
2481 5620 2602 5671 Ἐπι
2633 5619 2757 5681 τοῖς
2789 5614 2992 5687 αὐτοῖς
3022 5612 3559 5687 ᾄθλοιςλὸἰςᾷξὶθεε.
3594 5608 3706 5669 bm,
3736 5606 3799 5659 hu

2241 5695 2295 5741 et
2319 5680 2428 5741 duo
2449 5688 2610 5742 Coisl.
2644 5688 2699 5740 In
2726 5687 2842 5757 9η..
2878 5680 2977 5736 ὲπὶί
3001 5684 3108 5757 τῶν
3137 5680 3579 5757 αὑτῶν-ἄθλοις...
3623 5746 3636 5757 α
3682 5746 3693 5756 ,

2315 5757 2425 5826 (66)
2478 5753 2852 5825 Ζημιωθῆναι
2924 5756 3190 5823 θεότητα.
3244 5752 3360 5805 Bill.
3449 5770 3469 5802 σ
3532 5748 3801 5804 divinitate

2245 5827 2617 5884 multarentur.
2648 5843 2665 5875 ι
