4010 6316
522 5855 534 5882 Ι

542 349 648 410 247

1776 354 1834 413 S.
1874 351 2203 410 GREGORII
2243 351 2588 409 TllEOLOGl

3673 349 3783 414 ειε

543 471 766 541 lcri'pte,
799 472 906 537 cui,
930 469 1009 525 Tu
1039 470 1180 526 enim
1206 485 1264 527 es
1290 471 1535 526 voluntas
1588 486 1704 525 mea
1746 472 1814 536 ⁶²,
1841 472 1972 526 dicit
2007 473 2114 526 Do-

2235 475 2477 536 τολλάκις
2499 474 2640 542 ὑμᾶς
2675 472 3018 542 ἀναστρέφων
3055 471 3385 542 κατατρυφῶ
3407 454 3697 542 γὰρ’ὑμῶν

543 565 765 630 minus;
805 572 878 627 et,
919 562 1091 617 Porta;
1140 572 1242 617 tuze
1280 565 1554 630 sculptura
1581 564 1649 630 ⁶³,
1700 573 1753 619 et
1784 577 2114 632 quaecunque

544 662 728 724 postea
777 653 843 710 ad
887 669 1001 720 eos,
1037 655 1126 723 qui
1160 654 1386 710 salutem
1421 655 1760 710 consecuturi
1790 665 1936 718 sunt,
1974 653 2112 708 refe-

2223 565 2470 634 συνεχείᾳ
2499 563 2598 632 τῆς
2627 562 2892 633 κλήσεως,
2924 562 3112 632 ὥσπερ
3143 564 3192 614 οἱ
3241 561 3526 632 θεαμάτων
3545 562 3781 634 τινῶν,ἢ

2220 654 2581 724 ἀκουσμάτων
2611 652 2902 723 ἀπλήστως
2927 651 3344 723 ἐμφορούμενοι.

547 755 757 799 runtur.
792 745 1014 816 P0pttle,
1042 760 1106 799 ac
1143 760 1208 798 ne
1251 759 1360 808 me,
1405 761 1606 815 quaeso,
1635 754 1888 816 tanquam
1927 742 2298 809 immodicum,
2355 743 2715 808 admiremini,
2785 743 2832 798 si
2888 757 2983 797 vos
3034 743 3328 797 identidem
3368 742 3664 812 compello;
3705 744 3784 798 in-

543 835 854 890 credibilem
883 835 1025 891 enim
1055 851 1120 890 ex
1151 835 1304 890 vobis
1349 835 1560 888 assidua
1595 836 1895 906 bujusmodi
1945 833 2304 903 appellatione
2354 833 2591 887 laetitiam
2670 835 2846 904 capio,
2929 849 3034 888 non
3113 847 3271 889 secus
3315 833 3590 901 videlicet,
3631 843 3786 904 atque

541 924 634 993 qui
676 925 1006 994 spectaculis
1033 925 1352 993 quibusdam
1379 925 1460 978 vel
1497 927 1860 982 auditionibus
1885 927 2174 983 insatiabili
2206 929 2437 998 quadam
2471 924 2727 978 aviditate
2758 926 3028 978 fruuntur.

615 1011 730 1067 VII.
768 1013 860 1077 At,
890 1029 922 1066 ο
947 1012 1038 1068 Dei
1071 1015 1286 1085 popule,
1317 1025 1369 1067 et
1402 1027 1604 1081 noster,
1643 1017 1864 1084 pulcbra
1901 1019 2116 1088 quideu

2288 1021 2363 1073 z'.
2411 1019 2570 1083 Ἀλλ’,
2607 1013 2652 1072 ὦ
2677 1017 2815 1070 Θεοῦ
2847 1017 2994 1080 λαὸς,
3043 1017 3137 1069 καὶ
3169 991 3452 1086 ἡμέτερος,
3500 1015 3642 1087 καλὴ
3693 1016 3792 1087 μὲν

545 1115 662 1156 crat
703 1119 894 1160 recens
940 1121 1158 1176 quoque
1206 1107 1293 1158 illa
1343 1119 1518 1161 vestra
1547 1108 1848 1172 celebritas,
1875 1125 2030 1178 quam
2068 1111 2118 1164 iu

2235 1109 2372 1180 ἱμῶν
2400 1109 2495 1162 καὶ
2533 1111 2567 1180 ἡ
2598 1107 2788 1180 πρώην
2818 1108 2948 1178 ,(75)
2992 1109 3317 1177 πανήγυρις,
3342 1107 3409 1176 ἣν
3440 1105 3533 1158 ἐπὶ
3561 1105 3662 1175 τῆς
3695 1105 3787 1160 θα-

549 1194 684 1247 mari
740 1195 1029 1258 statuistis,
1060 1205 1133 1260 et,
1177 1195 1221 1248 si
1255 1210 1360 1263 qua
1411 1195 1538 1258 alia,
1577 1197 1746 1251 oculis
1777 1209 1927 1267 grata
1955 1207 2009 1253 et
2032 1198 2122 1268 ju-

547 1284 743 1346 cunda,
770 1298 893 1338 cum
931 1300 1080 1338 mare
1111 1285 1396 1340 arboribus
1443 1296 1692 1352 stratum,
1729 1296 1784 1341 et
1817 1287 2119 1343 ntanul‘acta

549 1373 689 1428 nube
728 1376 998 1430 obtectum
1043 1377 1174 1443 vidi,
1211 1386 1263 1430 et
1311 1377 1549 1443 navium,
1587 1379 1731 1432 velut
1772 1377 1840 1432 ad
1870 1394 2113 1450 pompam

548 1465 955 1532 instrnctarum,
991 1467 1310 1539 elegantiam
1348 1483 1410 1524 ac
1435 1468 1786 1536 celeritatem,
1819 1471 2116 1526 modicum-

549 1572 653 1626 que
677 1559 744 1613 ad
775 1561 992 1630 puppim
1031 1569 1267 1626 ventum,
1298 1569 1512 1616 nantem
1561 1563 1612 1616 in
1658 1563 1791 1616 mari
1821 1563 2112 1628 civitatem,

2217 1200 2423 1271 λάσσης
2447 1199 2768 1271 ἐστήσασθε,
2795 1202 2910 1256 καὶ.
2929 1200 3084 1268 εἴπερ
3111 1198 3242 1268 ᾄλλη
3273 1215 3355 1261 τις
3372 1197 3668 1268 ὀφθαλμῶν
3695 1199 3788 1268 χά-

2223 1310 2328 1363 ρις,
2363 1293 2529 1364 ἡνίκα
2576 1287 2716 1344 εἶδον
2775 1290 3168 1361 δενδρουμένην
3217 1289 3314 1360 τὴν
3367 1290 3663 1352 Θάλασσαν,
3701 1289 3787 1342 καὶ

2222 1383 2589 1455 χειροποιήτῳ
2631 1383 2780 1450 νέφει
2808 1380 3251 1450 κεκαλυμμένην,
3283 1380 3376 1432 καὶ
3404 1378 3600 1442 κάλλος
3626 1379 3783 1449 νηῶν,

2222 1474 2317 1526 καὶ
2344 1474 2527 1544 τάχος,
2559 1472 2748 1544 ὥσπερ
2776 1474 2855 1536 είς
2875 1471 3096 1542 πομπὴν
3125 1471 3490 1540 ἐσταλμένων,
3515 1470 3611 1523 καὶ
3640 1468 3789 1523 πνεῦ-

2229 1579 2305 1633 μα
2339 1561 2557 1632 μέτριον
2586 1560 2726 1614 κατὰ
2756 1559 3009 1632 πρύμναν
3063 1560 3367 1627 ἱστάμενον,
3397 1558 3588 1627 ὥσπερ
3639 1557 3791 1628 δορυ-

551 1659 806 1720 tanquam
853 1651 1031 1705 dedita
1079 1665 1239 1720 opera
1287 1651 1599 1721 stipantem,
1627 1660 1791 1722 atque
1825 1654 1892 1708 ad
1933 1655 2118 1708 urbem

2235 1650 2430 1722 φοροῦν
2459 1649 2798 1721 ἐξεπίτηδες,
2843 1651 2937 1702 καὶ¹
2968 1648 3338 1718 παραπέμπον
3364 1648 3430 1716 τῇ
3468 1645 3624 1699 πόλει
3650 1647 3793 1700 πάλιν

557 1742 1052 1809 transmittentem;
1086 1742 1360 1813 pulchrior
1391 1753 1566 1798 tamen
1612 1752 1666 1798 et
1696 1743 2124 1812 magnificentior

551 1831 688 1894 haec,
709 1846 867 1900 quam
901 1847 1042 1886 nunc
1063 1831 1356 1887 cernimus.
1385 1831 1493 1889 Nec
1519 1835 1662 1888 enim
1697 1847 1791 1888 vos
1813 1833 1954 1903 ipsos
1990 1832 2124 1887 mul-

551 1921 765 1976 titudini
802 1923 1186 1991 admiscuistis,
1235 1939 1335 1978 nec
1373 1922 1651 1979 hominum
1693 1939 1922 1979 numero
1952 1924 2122 1993 pieta-

553 2023 659 2067 tem
695 2013 1046 2080 dellnivistis,
1079 2029 1175 2068 nec
1211 2014 1542 2070 inconditum
1580 2014 1758 2082 p0tius
1789 2013 1976 2083 vulgus
2007 2029 2125 2066 esse

549 2105 901 2172 sustinuiStis,
927 2121 1086 2176 quam
1126 2105 1374 2176 populus,
1401 2105 1496 2160 Dei
1540 2105 1701 2160 verbo
1738 2113 2122 2176 perpurgatus;

547 2211 760 2262 verum,
797 2207 1148 2268 posteaquam
1197 2197 1397 2252 Caesari
1449 2213 1567 2267 quae
1617 2206 1745 2252 sunt
1797 2196 2026 2252 Czcsaris
2057 2196 2123 2258 “,

552 2297 814 2359 quantum
864 2289 1024 2343 oliicii
1071 2291 1209 2344 ratio
1263 2290 1586 2360 postulabat,
1644 2289 1968 2356 contulistis,
2021 2292 2125 2344 Deo

549 2379 737 2444 etiam,
767 2396 886 2450 qua:
924 2380 1015 2435 Dei
1050 2390 1176 2434 sunt
1219 2381 1523 2447 tribuistis;
1559 2382 1631 2435 illi
1665 2397 1853 2449 nempe
1879 2381 2125 2451 vectigal,

550 2471 678 2525 huic
715 2473 963 2526 timorem
982 2471 1062 2539 ";
1089 2481 1143 2526 et
1173 2481 1454 2541 postquam
1485 2473 1618 2527 cibis
1650 2472 1839 2526 vestris
1874 2474 2122 2541 populum

551 2557 784 2623 aluistis,
819 2560 920 2630 ipsi
953 2575 1184 2630 quoque,
1214 2569 1270 2614 ut
1316 2576 1345 2615 a
1380 2562 1535 2617 nobis
1562 2562 1802 2629 alamiui,
1833 2565 1937 2617 huc
1963 2577 2119 2618 acce—

553 2649 702 2705 ditis.
745 2648 881 2704 Nam
926 2661 982 2708 et
1031 2667 1130 2706 nos
1172 2653 1333 2707 etiam
1380 2652 1707 2708 frumentum
1743 2654 2038 2725 largimur,
2067 2671 2130 2710 ac

551 2741 884 2796 frumentum
921 2744 1135 2812 quidem
1170 2753 1354 2798 vestro
1402 2761 1736 2815 nequaquam
1771 2746 2000 2800 fortasse
2033 2747 2128 2802 de-

554 2833 747 2888 terius.
791 2833 990 2900 Venite,
1025 2836 1276 2888 comedit:
1315 2852 1503 2901 panem
1543 2852 1737 2902 meum,
1769 2849 1814 2892 et
1850 2838 2008 2894 bibite
2051 2841 2129 2894 vi-

555 2939 704 2990 mtm,
733 2925 873 2993 quod
913 2926 1101 2979 miscui
1136 2927 1274 2980 vobis
1313 2919 1392 2982 "z
1439 2928 1506 2982 ad
1541 2943 1781 2983 mensam
1819 2919 1991 2985 meam
2037 2945 2130 2985 vos

2229 1744 2486 1812 πελάγιον
2511 1741 2624 1810 (74)
2645 1759 2659 1772 ·
2689 1741 2922 1795 καλλίων
2949 1741 3004 1794 δὲ
3037 1742 3070 1810 ἡ
3097 1739 3190 1792 νῦν
3221 1739 3472 1812 ὁρωμένη
3507 1739 3600 1791 καὶ
3637 1755 3794 1808 μεγα-

2225 1834 2659 1906 λοπρεπεστέρα.
2687 1835 2762 1887 Οὐ
2799 1833 2908 1904 γὰρ
2959 1835 3070 1896 τοῖς
3122 1831 3334 1894 πολλοῖς
3367 1830 3628 1902 φέροντες
3660 1830 3794 1900 ὑμᾶς

2228 1928 2425 1988 αὐτοὺς
2467 1923 2782 1994 ἀνεμίξατε,
2828 1924 2947 1976 οὐδὲ
3011 1922 3200 1994 πλήθει
3229 1921 3328 1992 τὴν
3362 1921 3644 1974 εὐσέϐειαν
3677 1923 3794 1991 έμε-

2235 2023 2496 2091 τρήσατε,
2524 2017 2644 2070 οὐδὲ
2665 2016 2831 2087 δῆμος
2859 2014 3111 2084 γενέσθαι
3162 2015 3361 2085 μᾶλλον
3409 2012 3649 2084 ὀχλὼδης
3708 2015 3795 2084 ὴν-

2229 2111 2474 2183 έσχεσθε,
2499 2109 2532 2180 ἢ
2568 2109 2695 2172 λαὸς
2723 2108 2858 2161 Θεοῦ
2891 2109 3034 2177 λόγῳ
3057 2107 3465 2178 κεκαθαρμένος
3486 2120 3505 2138 ο
3541 2105 3654 2158 ἀλλ’
3683 2105 3796 2157 ὅσον

2229 2203 2395 2267 εἰκὸς,
2444 2200 2685 2270 Καίσαρι
2711 2197 2782 2251 τὰ
2814 2197 2909 2251 τοῦ
2962 2196 3239 2267 Καίσαρος
3274 2192 3697 2262 είσενεγκόντες,
3727 2191 3797 2262 τῷ

2228 2292 2347 2363 Θεῷ
2379 2291 2450 2344 τὰ
2483 2290 2578 2344 τοῦ
2611 2289 2748 2343 Θεοῦ
2798 2287 3194 2361 προσενείματε
3215 2303 3227 2316 ·
3263 2285 3342 2355 τῷ
3393 2286 3491 2356 μὲν
3523 2285 3587 2337 τὸ
3623 2283 3796 2348 τέλος,

2229 2381 2308 2451 τῷ
2337 2381 2396 2434 δὲ
2430 2381 2524 2434 τὸν
2555 2380 2746 2449 φὸδονε
2790 2380 2884 2433 καὶ
2915 2378 3003 2430 τὸν
3031 2377 3200 2448 δῆμον
3229 2379 3338 2440 τοίς
3370 2377 3657 2449 ὑμετέροις
3683 2375 3798 2445 θρέο

2195 2513 2200 2522 .
2229 2477 2450 2544 ψαντες,
2484 2474 2648 2544 ἥκετε
2705 2472 2798 2524 καὶ
2845 2471 2998 2524 αὐτοὶ
3039 2470 3168 2540 παρ’
3194 2468 3353 2540 ἡμῶν
3380 2469 3794 2540 τραφησόμενοι.

2231 2563 2616 2634 Σιτοδοτοῦμεν
2641 2563 2750 2634 γὰρ
2777 2563 2868 2615 καὶ
2899 2564 3078 2632 ἡμεῖς,
3108 2562 3202 2613 xal.
3230 2559 3533 2614 σιτοδοσίαν
3555 2561 3683 2623 ἴσως
3706 2558 3798 2628 τῆς

2233 2656 2505 2726 ὑμετέρας
2552 2656 2612 2708 ού
2644 2654 3002 2723 φαυλοτέραν.
3047 2653 3247 2716 Δεῦτε,
3284 2652 3500 2722 φάγετε
3535 2652 3642 2706 τὸν
3665 2652 3799 2718 ἐμὸν

2233 2747 2434 2815 ἄρτον,
2463 2747 2556 2800 καί
2592 2748 2758 2800 πίετε
2773 2746 2960 2808 οἶνον,
3003 2745 3075 2798 ὅν
3115 2744 3408 2812 κεκέρακα
3451 2743 3628 2812 ὑμῖν*
3661 2742 3798 2796 καλῶ

2241 2840 2378 2910 μετὰ
2403 2841 2502 2910 τῆς
2524 2839 2710 2907 σοφίας
2726 2838 2872 2908 ὑμᾶς
2892 2839 2970 2900 εἰς
2991 2837 3086 2908 τὴν
3100 2835 3236 2907 ἐμὴν
3258 2834 3562 2906 τράπεζαν.
3578 2834 3799 2888 Ἐπαινῶ

2236 2929 2346 2998 γὰρ
2368 2929 2466 3000 τῆς
2493 2927 2935 2998 εὐγνωμοσύνης,
2965 2928 3059 2980 καὶ
3082 2925 3404 2998 προστρέχω
3423 2928 3491 2994 τῇ
3511 2924 3798 2995 προθυμίᾳ,

553 3031 676 3071 cum
695 3017 967 3086 Sapientia
1004 3019 1191 3074 invito.
1213 3009 1512 3075 Cando'rem
1535 3021 1698 3093 623
1721 3022 1862 3076 enim
1898 3033 2130 3078 vestrum

2236 3020 2318 3072 ὅτι
2350 3019 2424 3082 ὡς
2459 3018 2548 3071 ἐπὶ
2573 3017 2766 3088 λιμένα
2790 3017 2919 3070 ἴδιον
2946 3017 3090 3086 ἡμᾶς
3111 3015 3511 3084 κατηντήσατε,
3544 3013 3621 3084 τῷ
3646 3013 3802 3082 ὁμοίῳ

555 3105 756 3175 laudo,
794 3118 956 3177 atque
1001 3110 1163 3163 animi
1207 3111 1629 3179 promptitudine
1675 3113 1826 3166 vobis
1883 3126 2130 3177 occurro,

555 3199 813 3265 quoniam
841 3199 906 3252 ad
937 3215 1051 3265 nos,
1080 3209 1334 3270 tauquam
1363 3202 1430 3257 ad
1463 3211 1699 3258 vestrum
1731 3212 1942 3273 portum
1971 3218 2136 3272 appu-

555 3287 718 3354 listis,
751 3290 818 3344 ad
841 3289 1069 3344 similem
1099 3291 1345 3348 videlicet
1375 3302 1745 3360 accurrentes,
1779 3293 2007 3362 ﬁdeique
2035 3307 2131 3346 co-

554 3382 862 3452 gnationem
915 3383 1119 3438 honore
1184 3385 1450 3454 prosecuti
1506 3384 1673 3448 estis,
1731 3383 2138 3454 absurdumque

555 3487 677 3528 esse
725 3474 1033 3540 censuistis,
1064 3489 1186 3529 cum
1232 3475 1266 3529 ii
1299 3475 1390 3545 qni
1423 3490 1512 3531 res
1549 3490 1771 3544 superas
1797 3475 2137 3531 contumeliis

556 3564 916 3629 insectantur,
955 3565 1093 3621 inter
1123 3580 1184 3622 se
1215 3567 1556 3622 consentiant
1585 3576 1747 3636 atque
1780 3567 2133 3632 concordent,

561 3670 626 3711 ac
649 3656 915 3727 privatam
957 3650 1218 3728 cujusque
1243 3659 1667 3715 imbecillitatem
1711 3659 1978 3713 communi
2009 3673 2138 3712 con-

559 3762 722 3803 sensu
768 3758 824 3802 et
866 3750 1300 3820 conspiratione,
1349 3765 1454 3804 non
1487 3764 1644 3804 secus
1674 3765 1738 3803 ac
1769 3749 1989 3804 funiculi
2038 3749 2135 3814 illi,

559 3839 654 3910 qtti
702 3849 887 3896 mutuo
927 3857 1067 3896 nexu
1113 3843 1458 3905 roborantur,
1500 3839 1756 3895 stillttlciri
1805 3849 2010 3910 putent,
2045 3855 2138 3896 vos

561 3938 742 3987 autem
773 3948 879 3986 non
906 3948 1010 3986 una
1039 3932 1354 3998 convenire,
1384 3946 1482 3986 nec
1507 3947 1628 3986 cum
1664 3930 1731 3986 iis
1757 3931 2023 4001 colligari,
2048 3932 2138 4000 qui

561 4021 799 4092 ejusdem
822 4023 1105 4078 sententiae
1132 4031 1280 4087 sunt,
1308 4024 1502 4091 quibus
1532 4033 1708 4078 tamen
1739 4023 1908 4078 multo
1932 4024 2138 4092 aequius

560 4119 665 4178 est,
694 4128 814 4168 cum
865 4113 966 4182 ipsi
1001 4113 1252 4166 deitatem
1283 4127 1498 4182 quoque
1525 4112 1934 4184 ennjungamus.
1961 4113 2140 4183 Atque

563 4214 622 4258 ut
650 4218 746 4258 vos
793 4200 932 4256 baud
965 4199 1161 4255 frustra
1194 4203 1260 4256 ad
1309 4218 1405 4276 nos
1434 4207 1756 4269 accurrisse,
1787 4219 1958 4273 neque
1986 4213 2043 4258 ut
2072 4204 2139 4258 ad

559 4302 816 4347 externos
839 4301 894 4345 et
919 4290 1140 4356 alienos,
1169 4292 1263 4346 sed
1293 4294 1360 4348 ad
1385 4305 1594 4349 vestros
1627 4304 1815 4364 portus
1849 4294 2135 4364 appulisse,

2238 3111 2698 3182 προσδραμόντες,
2745 3110 2836 3162 καὶ
2865 3109 2925 3160 τὸ
2954 3107 3216 3176 συγγενὲς
3236 3107 3335 3178 τῆς
3362 3107 3596 3168 πίστεως
3628 3106 3801 3175 ἐτιμή-

2240 3220 2392 3268 σατε,
2427 3202 2522 3256 καὶ
2554 3201 2666 3254 τῶν
2698 3201 2914 3254 ἀτόπων
2943 3200 3396 3274 ὲνομίσατεφξοὺς
3420 3199 3518 3269 μὲν
3555 3195 3801 3267 ὑϐριστὰς

2236 3296 2346 3349 τῶν
2397 3295 2508 3349 ἄνω
2536 3293 2647 3364 (75)
2679 3295 3008 3363 συμφρονεῖν
3049 3291 3302 3360 ἀλλήλοις
3352 3291 3448 3345 καὶ
3481 3287 3801 3359 συναρμόζε-

2240 3386 2385 3448 σθαι,
2417 3386 2510 3438 καὶ
2533 3385 2594 3436 τὸ
2626 3383 2747 3436 καθ’
2787 3383 3017 3436 ἕκαστον
3055 3382 3252 3452 σαθρὸν
3294 3381 3501 3435 οἴεσθαι
3533 3381 3644 3450 (76)
3673 3381 3795 3449 Gtop-

2239 3475 2462 3529 θοῦσθαι
2487 3472 2566 3544 τῷ
2591 3472 2755 3543 κοινῷ
2782 3473 2879 3542 τῆς
2908 3472 3238 3534 συστάσεως,
3271 3471 3520 3540 καθάπερ
3541 3472 3648 3524 τῶν
3671 3488 3802 3540 σχοι-

2239 3569 2366 3620 νίων
2399 3565 2470 3619 τὰ
2527 3568 2593 3637 τῇ
2641 3565 2815 3636 πλοκῇ
2868 3564 3272 3634 δυναμούμενα,
3307 3565 3461 3617 αὐτοὶ
3489 3564 3546 3616 δὲ
3582 3564 3656 3635 μὴ
3691 3581 3802 3615 συν-

2243 3655 2381 3708 ιέναι
2415 3654 2552 3724 (77),
2589 3654 2723 3725 μηδὲ
2773 3653 3214 3716 συνδεῖσθαιτοῖς
3265 3651 3644 3724 ὸμογνώμοσιν
3675 3693 3688 3717 ,
3732 3646 3804 3712 οἷς

2238 3763 2303 3814 γε
2331 3745 2441 3816 (78)
2465 3747 2609 3809 εἰκὸς
2649 3745 2850 3816 μᾶλλον
2877 3764 2887 3774 ·
2930 3746 3081 3798 αὐτοὶ
3103 3745 3211 3816 γὰρ
3249 3743 3552 3812 συνάγομεν
3591 3743 3683 3798 καὶ
3702 3741 3794 3794 θεά

2239 3855 2398 3909 τητα.
2434 3839 2546 3892 Καὶ
2580 3840 2666 3891 ἵνα
2699 3856 2760 3907 γε
2803 3837 3004 3908 εἰδῆτε,
3045 3838 3119 3909 μὴ
3173 3837 3350 3907 μάτην
3383 3835 3806 3906 προσδραμόντες

2239 3931 2391 4001 ἡμῖν,
2431 3930 2564 4002 μηδὲ
2598 3930 2674 3994 ὡς
2705 3930 2874 3994 ξένοις
2899 3931 2994 3983 κα)⁹
3023 3930 3347 4001 ἀλλοτρίοις,
3395 3928 3510 3981 ἀλλ’
3537 3931 3594 3980 ὲν
3624 3927 3806 3997 ὑμετέ-

2243 4039 2356 4093 ροις
2384 4021 2767 4091 καταχθέντες,
2821 4022 2914 4075 καὶ
2959 4021 3138 4081 καλῶς
3186 4019 3542 4090 ὁδηγηθέντες
3586 4019 3689 4072 ὑπὸ
3719 4015 3804 4071 τοῦ

2239 4113 2574 4185 Πνεύματος,
2633 4113 2841 4186 βραχέα
2865 4115 2995 4182 περὶ
3037 4113 3173 4166 Θεοῦ
3203 4112 3637 4184 φιλοσοφήσομεν
3659 4112 3798 4182 ὑμῖν.

2241 4206 2351 4260 Καὶ
2381 4207 2684 4278 γνωρίσατε
2715 4207 2783 4260 τὰ
2812 4205 3075 4277 ὑμέτερα,
3108 4205 3297 4276 ὥσπερ
3313 4206 3358 4257 oi
3383 4207 3496 4269 τοῖς
3529 4205 3806 4275 ἐπισήμοις

2240 4295 2349 4351 τῶν
2381 4297 2560 4351 ὅπλων
2589 4298 2651 4351 τὸ
2685 4300 2884 4351 οἰκεῖον
2913 4295 3380 4366 διαγινώσκοντες.

562 4382 1001 4454 przeclaru'mque
1048 4383 1254 4440 itineris
1289 4386 1452 4440 vestri
1499 4389 1685 4441 ducem
1759 4386 2014 4455 Spiritum
2049 4402 2295 4446 sanctum
2360 4388 2636 4446 exstitisse
2677 4388 3036 4460 cognoscatis,
3107 4369 3276 4457 pau‘ca
3320 4387 3386 4442 de
3445 4385 3556 4441 Deo
3605 4386 3672 4440 ad
3723 4399 3806 4439 vos

562 4481 909 4547 disseremus.
955 4481 1034 4534 Ac
1071 4479 1252 4543 lacite,
1284 4487 1340 4531 ut
1377 4485 1556 4532 vestra
1591 4479 1919 4548 agnoscatis,
1944 4481 2398 4549 quemadmodum
2445 4481 2540 4551 qui
2581 4496 2710 4537 suos
2740 4495 2805 4534 ex
2865 4497 3142 4536 armorum
3187 4481 3358 4551 signis
3393 4489 3709 4548 agnoscunt.

639 4570 754 4624 Vlll
805 4571 949 4626 Duas
992 4585 1229 4627 summas
1271 4569 1324 4623 in
1356 4568 1440 4632 iis,
1469 4584 1589 4638 qum
1631 4579 1777 4632 sunt,
1806 4570 2130 4627 dill‘erentias

2317 4577 2398 4628 H'.
2433 4571 2536 4625 Δύο
2574 4572 2836 4644 διαφορὰς
2878 4573 2940 4625 ὲν
2967 4573 3081 4634 τοῖς
3117 4567 3236 4624 οὖσι
3269 4569 3522 4639 γινώσκω
3557 4569 3658 4632 τὰς
3683 4569 3808 4622 ἀνω-

567 4662 802 4733 reperio,
848 4662 1271 4718 dominationem
1318 4678 1509 4731 nempe
1539 4671 1594 4714 et
1629 4663 1939 4716 servitutem
1973 4683 1985 4716 :
2029 4679 2134 4718 non

567 4769 701 4822 quas
743 4757 886 4826 apud
933 4770 1050 4821 nos,
1102 4755 1183 4810 vel
1233 4755 1476 4824 tyrannis
1505 4753 1690 4818 scidit,
1734 4753 1814 4807 vel
1851 4764 2143 4822 paupertas

560 4847 861 4917 tlisjunxit;
893 4850 987 4903 sed
1031 4863 1168 4916 quas
1204 4857 1393 4900 natura
1437 4845 1703 4910 distinxit,
1725 4829 1787 4897 ἐἰ
1839 4845 1923 4898 cui
1963 4857 2141 4900 tamen

561 4942 666 4994 hac
707 4951 840 4996 voce
876 4939 953 4992 uti
1002 4937 1184 4993 libeat.
1214 4935 1350 4991 Nam
1389 4935 1528 5005 quod
1573 4937 1805 5004 primum
1850 4945 1953 5001 est,
1982 4951 2143 5004 supra

561 5041 813 5085 naturam
853 5044 1069 5100 quoque
1103 5039 1204 5083 est.
1241 5027 1443 5081 llarum
1472 5036 1651 5081 autem
1689 5026 1860 5082 altera
1901 5025 2144 5080 effectrix

561 5131 668 5186 est,
702 5130 758 5176 et
787 5121 1058 5192 princeps,
1092 5135 1156 5174 ac
1185 5129 1364 5175 motus
1383 5132 1612 5189 expers:
1645 5119 1814 5172 altera
1851 5117 2062 5182 ell‘ecta,
2093 5125 2149 5173 et

2191 4678 2204 4690 ·
2236 4664 2406 4735 τάτω,
2434 4663 2748 4717 δεσποτείαν
2771 4679 2832 4716 τε
2862 4662 2956 4717 καὶ
2985 4661 3260 4716 δουλείαν·
3295 4661 3393 4731 οὐχ
3418 4660 3483 4724 ἃς
3509 4661 3637 4731 παρ’
3661 4659 3802 4727 ἡμῖν,

2239 4757 2273 4822 ἢ
2305 4755 2559 4827 τύραννις
2587 4755 2802 4827 ἔτεμεν,
2830 4756 2862 4826 ἢ
2895 4756 3053 4809 πενία
3089 4755 3390 4826 διέστησεν,
3423 4752 3535 4806 ἀλλ’
3565 4751 3631 4815 ἃς
3655 4750 3806 4821 φύσις

2239 4844 2508 4918 διώρισεν,
2549 4846 2602 4900 εί
2621 4861 2702 4916 τῳ
2731 4845 2882 4915 φίλον
2917 4844 3061 4898 οὕτω
3087 4844 3292 4898 καλεῖν.
3323 4843 3396 4896 Τὸ
3438 4843 3548 4914 γὰρ
3580 4839 3802 4912 πρῶτον,

2240 4937 2334 4990 καὶ
2372 4937 2514 5009 ὑπὲρ
2545 4937 2643 5009 τὴν
2687 4937 2870 5006 φύσιν.
2915 4935 3131 4990 Τούτων
3159 4936 3237 5000 δὲ,
3281 4937 3314 5006 ἡ
3353 4935 3452 5004 μὲν
3482 4931 3730 5004 ποιητική
3752 4925 3804 4980 τέ

2241 5029 2376 5087 ἐστι.
2410 5028 2502 5080 καὶ
2541 5027 2766 5099 ἀρχικὴ,
2816 5029 2909 5082 καὶ
2939 5027 3227 5098 ἀκίνητος·
3279 5027 3314 5096 ἡ
3357 5025 3414 5077 δὲ
3456 5020 3800 5095 πεποιημένη.

2241 5119 2336 5170 καί
2365 5118 2469 5170 ὑπὸ
2497 5120 2678 5189 χεῖρα,
2702 5119 2796 5171 καὶ
2831 5117 3266 5188 μεταπίπτουσα.
3295 5113 3407 5166 Καὶ
3431 5111 3512 5164 ἔτι
3547 5105 3804 5177 συντομώ-

638 5236 685 5268 ⁶¹
713 5231 818 5288 lsa.
852 5249 982 5298 an,
1015 5231 1068 5286 4.
1147 5233 1191 5265 ⁸³
1223 5234 1325 5287 lsa.
1367 5248 1476 5298 uv,
1509 5231 1607 5297 19.;
1645 5249 1734 5297 ιτ,
1775 5233 1863 5288 l8.
1939 5231 1986 5263 “
2012 5231 2130 5287 Matt

2235 5247 2367 5296 χχιι,
2397 5231 2488 5285 21.
2566 5231 2789 5286 "Rom.
2821 5246 2944 5295 xm,
2982 5231 3032 5286 7.
3110 5229 3154 5260 ⁸⁸
3180 5228 3340 5283 Prov.
3380 5243 3455 5291 ιχ.
3490 5226 3524 5281 5

635 5349 750 5420 (73)
785 5347 988 5420 Καὶπή
1031 5346 1255 5418 πρώην.
1309 5347 1500 5404 Comb.
1539 5349 1784 5405 detracto
1820 5351 1876 5417 ἡ,
1934 5346 2138 5402 vertit:

567 5437 590 5473 ι
608 5418 787 5475 vestra
819 5418 1016 5473 nudius
1045 5421 1236 5474 tertius
1269 5420 1574 5485 celebritas,
1616 5435 1682 5474 ac
1703 5427 2017 5474 conventus.
2045 5435 2065 5468 ι

633 5487 748 5560 (24)
791 5488 980 5560 1]de
1003 5488 1310 5560 πελάγιον.
1339 5488 1457 5560 Dill.
1517 5509 1536 5541 ι
1589 5490 1853 5560 marinam
1883 5485 2092 5560 urbem:
2118 5506 2137 5538 ι

633 5555 747 5628 (75)
781 5556 1110 5628 -ξΥόριστὰς
1159 5555 1276 5613 τῶν
1341 5558 1482 5613 ἄνω.
1525 5559 1712 5614 Schol.
1782 5555 2148 5621 Κακοδοξοῦν-

561 5625 661 5692 τας
679 5643 695 5659 ο
729 5625 753 5678 ⁷.
781 5625 1094 5686 Haereticos.
1120 5647 1138 5680 ι
2031 5631 2038 5636 ·

635 5696 749 5764 (76)
784 5696 1046 5753 Οῑεσθαι.
1072 5698 1162 5753 Sic
1195 5699 1286 5754 0r.
1313 5699 1368 5752 2.
1395 5698 1451 5752 In
1479 5700 1564 5754 ed.
1592 5697 1789 5752 οἴεσθε.

640 5767 753 5839 (77)
781 5767 962 5823 Αὐτοὶ
983 5767 1052 5822 δὲ
1080 5769 1164 5841 μὴ
1187 5768 1481 5825 συνιέναι.
1518 5787 1535 5820 t
1558 5768 1666 5826 Vos
1691 5777 1867 5824 autem
1907 5784 2010 5828 non
2036 5782 2143 5826 una

2249 5347 2558 5419 convenire.
2584 5365 2603 5398 ι
2641 5346 2773 5401 Tota
2806 5355 2982 5400 textus
3011 5343 3180 5419 series
3220 5342 3479 5419 postulat,
3505 5348 3562 5392 ut
3588 5338 3673 5419 _sic
3707 5335 3806 5419 lucc

2249 5415 2409 5470 verba
2462 5418 2776 5478 reddantur,
2815 5414 3105 5481 repetendo
3145 5410 3455 5468 cuvtévatt.a
3492 5410 3653 5462 verbo
3690 5410 3805 5481 σύν-

2250 5503 2397 5550 ειμι,
2447 5505 2465 5537 t
2507 5474 2788 5540 convenio.
2818 5503 2836 5536 ι
2877 5474 3076 5538 ’ΒίΙΙίυε
3127 5499 3155 5537 a
3180 5482 3423 5550 Gregorii
3453 5491 3626 5534 mente
3666 5474 3803 5550 aber-

2249 5545 2352 5620 rat,
2371 5545 2535 5636 _'dum
2591 5570 2620 5609 a
2654 5556 2822 5610 verbo
2851 5555 3098 5636 συνιήμι,
3125 5545 3438 5636 ἰμίιιιιξῘΙὶεο,
3462 5569 3481 5602 ι
3521 5545 3726 5618 repetit,
3750 5553 3804 5594 ac

2245 5627 2412 5680 vertit
2436 5643 2450 5679 :
2485 5640 2622 5693 «vos
2644 5633 2838 5681 contra
2864 5640 2969 5679 non
2994 5622 3335 5693 intelligere.
3363 5641 3382 5672 ι

2275 5676 2962 5819 μένοτξττιῑ-ςσῑηιξ,
3008 5676 3062 5746 δε
3095 5676 3218 5759 γε.·’
3243 5691 3298 5747 ln
3339 5686 3674 5761 quibusdam,
3722 5676 3803 5733 ut

2275 5805 2276 5808 η
2300 5783 2328 5819 ε
2360 5783 2441 5819 γε.

2246 5783 2328 5831 at;
2360 5783 2441 5835 γε.
