4010 6316
185 358 277 417 239

905 364 1162 419 ORATIO
1200 363 1440 416 XXXIV.
1481 392 1551 403 -—
1591 363 1653 415 IN
1696 363 2173 421 :EGYPTlOllUM
2218 365 2619 422 ADVENTUM.

3294 366 3395 423 250

180 505 323 563 τερον
351 489 539 553 εἰπεῖν,
586 489 619 558 ἠ
656 486 750 557 μὲν
798 485 938 556 ὑπὲρ
980 484 1190 554 χρόνον,
1225 483 1345 553 ἠδὲ
1385 483 1488 535 ὑπὸ
1516 483 1725 553 χρόνον.

1834 486 2057 554 imperio
2105 485 2337 555 subjecta
2383 495 2438 541 et
2480 486 2699 539 caduca.
2726 491 2924 554 Atque,
2955 494 3013 539 nt
3049 486 3395 556 compendio-

185 582 418 638 Καλεῖται
440 579 495 632 δὲ
530 581 564 650 ἡ
602 580 717 649 μὲν,
757 576 909 643 Θεὸς,
941 576 1035 629 καὶ
1057 578 1114 628 ὲν
1139 575 1285 646 τρισὶ
1311 577 1422 638 τοῖς
1456 575 1731 645 μεγίστοις

186 676 398 735 ἵσταται,
436 670 635 740 αἰτίῳ(
650 669 743 721 καὶ
779 666 1114 738 δημιουργῷ,
1149 667 1240 719 καὶ
1275 665 1617 736 τελειοποιῷ·
1653 666 1730 736 τῷ

185 764 340 834 [lupi
364 762 523 829 λέγω,
553 762 644 815 καὶ
667 760 742 831 τῷ
768 759 905 829 Υίῷ,
937 759 1030 812 καὶ
1061 758 1138 827 τῷ
1163 758 1300 825 ἀγίω
1330 756 1627 826 [Ινεύματι.
1663 759 1728 808 "A

188 856 307 924 μήτε
334 853 500 917 οὕτως
534 853 780 921 ἀλλήλων
820 851 1131 923 ἀπήρτηται
1151 850 1288 916 (79),
1334 848 1409 911 ὡς
1446 847 1605 916 φύσει
1638 848 1720 901 τέ-

188 943 415 1014 μνεσθαι”
452 944 589 1012 μήτε
617 941 787 1003 οὕτως
811 940 1101 992 ὲστένωται
1124 939 1256 1006 (80),
1276 938 1350 1001 ὼς
1382 938 1459 1000 είς
1484 936 1541 987 ἒν
1564 936 1731 1007 πρόσ-

183 1052 311 1088 ωπον
369 1032 842 1103 περιγράφεσθαι·
889 1031 951 1083 τὸ
996 1031 1095 1100 μὲν
1141 1028 1250 1099 γὰρ
1292 1031 1391 1097 τῆς
1446 1026 1729 1098 Ἀρειανῆς

187 1126 379 1195 μανίας,
421 1125 482 1178 τὸ
520 1125 578 1177 δὲ
611 1126 710 1194 τῆς
741 1122 1156 1192 Σαδελλιανικῆς
1177 1122 1285 1190 (81)
1320 1119 1509 1183 ἀθεῖας
1547 1119 1724 1172 ἐστίν’

183 1217 427 1277 mem,
454 1216 564 1268 τῶν
598 1217 697 1286 μὲν
725 1215 897 1285 πάντη
936 1214 1219 1285 διαιρετῶν
1263 1212 1580 1281 ένικιυτέρα,
1616 1210 1728 1264 τῶν

181 1310 227 1362 δὲ
256 1307 460 1369 τελείως
478 1307 590 1377 (82)
632 1305 933 1377 μοναδικῶν
984 1304 1357 1373 ἀφθονωτέρα.
1397 1304 1460 1353 Ἡ
1502 1302 1557 1353 δὲ
1608 1300 1725 1371 μεϋ⁹

181 1399 315 1467 ἡμῶν
336 1398 395 1451 τέ
430 1400 572 1465 ἐστι,
614 1398 710 1451 καὶ
748 1396 992 1449 καλεῖται
1020 1395 1215 1459 κτίσις,
1253 1393 1356 1446 κᾶν
1393 1391 1524 1445 ἄλλα
1554 1389 1726 1444 ἄλλων

182 1490 449 1562 ὑπεραίρῃ,
486 1490 633 1542 κατὰ
663 1489 759 1559 τὴν
786 1488 1074 1555 ἀναλογίαν
1109 1486 1208 1555 τῆς
1257 1483 1391 1553 πρὸς
1437 1481 1567 1534 Θεὸν
1615 1480 1725 1552 (85)

181 1581 469 1649 ἑγγύτητος.

1829 578 1941 630 sius
1989 577 2163 630 adhuc
2204 577 2417 644 loquar,
2444 575 2613 630 altera
2652 589 2813 643 supra
2852 585 3058 645 tempus
3098 586 3198 642 εειι,
3225 576 3391 632 altera

1835 666 2058 734 tempori
2104 664 2308 719 subest.
2344 663 2581 719 Vocatur
2612 676 2789 718 autem
2833 664 2918 718 illa
2960 666 3198 734 quidem,
3225 664 3390 730 Deus,

1830 767 1881 809 et
1913 757 1962 809 in
2002 756 2172 809 tribus
2218 754 2465 808 maximis
2490 756 2763 818 consistit,
2793 757 2843 809 in
2872 770 3056 821 causa,
3088 757 3140 810 in
3176 756 3390 825 opiﬁce,

1831 842 1880 894 in
1926 841 2249 910 perfectore;
2305 842 2405 895 boc
2447 850 2546 903 est,
2589 841 2642 894 in
2686 840 2865 909 Patre,
2911 843 3043 897 Filio
3086 853 3139 899 et
3186 844 3390 915 Spiritu

1831 934 2037 978 sam-to.
2068 927 2167 990 Qui
2201 928 2417 995 quidem
2467 942 2563 982 nec
2597 928 2670 981 ita
2707 928 2849 983 inter
2877 944 2935 983 se
2970 932 3212 987 distracti
3244 945 3391 997 sunt,

1831 1027 1887 1069 ut
1915 1024 2105 1071 natura
2140 1020 2452 1073 scindantur
2480 1037 2493 1073 :
2529 1034 2626 1075 nec
2667 1035 2852 1075 rursus
2886 1021 2959 1076 ita
2993 1023 3043 1075 in
3073 1033 3278 1078 arctnm
3312 1042 3396 1079 re-

1830 1110 1983 1163 dacta
2015 1120 2227 1170 natura,
2266 1119 2320 1163 ut
2343 1111 2393 1163 in
2423 1125 2582 1163 uuam
2606 1110 3084 1165 circumscribatur
3110 1127 3393 1181 personam

1830 1200 1981 1269 (illud
2029 1200 2173 1254 enim
2208 1211 2291 1255 est
2332 1200 2529 1255 furoris
2562 1200 2767 1267 Ariani,
2812 1202 2912 1256 hoc
2946 1200 3263 1257 Sabellianaa
3296 1204 3397 1257 im-

1831 1290 2093 1361 pietatis);
2120 1292 2211 1345 sed
2247 1302 2302 1344 ut
2333 1292 2503 1360 magis
2536 1292 2828 1363 singularis
2850 1304 2953 1357 est,
2985 1309 3144 1361 quam
3171 1308 3253 1359 ea,
3279 1309 3397 1363 quae

1832 1384 1882 1434 in
1932 1382 2249 1435 divisionem
2302 1385 2524 1437 omnino
2562 1385 2783 1449 cadunt,
2816 1385 2886 1437 ita
2918 1386 3202 1454 copiosior,
3233 1400 3394 1455 quam

1829 1486 1890 1524 ea
1932 1486 2049 1539 quae
2098 1486 2316 1541 prorsus
2357 1472 2652 1542 singularia
2700 1484 2845 1528 sunt.
2890 1473 3013 1529 Haec
3056 1488 3186 1529 vero
3228 1474 3396 1530 altera

1830 1561 2106 1615 uobiscum
2131 1571 2233 1625 est,
2269 1575 2332 1615 ac
2357 1572 2606 1617 creatura
2638 1564 2976 1631 nominatur;
3012 1565 3222 1620 tametsi
3258 1565 3399 1620 inter
3489 1622 3493 1626 .

1830 1666 1915 1706 res
1951 1661 2162 1706 creatas
2202 1652 2317 1705 alia?
2350 1652 2469 1708 aliis
2499 1653 2761 1723 dignitate
2805 1665 3082 1723 praestent,
3122 1664 3279 1711 orout
3320 1657 3397 1712 vi-

1831 1742 2025 1796 delicet
2054 1758 2281 1813 quaeque
2314 1742 2482 1797 Deum
2519 1746 2870 1815 propinquius
2896 1749 3126 1819 attingit.

233 1856 305 1911 8‘.
327 1854 541 1909 Τούτων
589 1856 647 1908 δὲ
692 1853 863 1916 οὕτως
893 1852 1141 1922 ἑχόντων,
1186 1853 1291 1921 ὅτῳ
1322 1868 1419 1921 μεν
1458 1866 1490 1921 η
1531 1851 1725 1921 καρδία

1900 1832 2066 1903 624
2091 1833 2183 1886 IX.
2210 1833 2339 1900 Quae
2367 1850 2486 1888 cum
2513 1837 2584 1889 ita
2613 1851 2671 1890 se
2698 1837 2953 1900 habeant,
2990 1840 3033 1893 si
3061 1840 3181 1908 quis
3210 1855 3302 1897 cor
3331 1845 3397 1897 ad

176 1947 293 2016 πρὸς
312 1945 534 2015 Κύριον,
579 1946 677 1998 ῐτω
719 1942 835 2014 μεθ’
860 1941 1036 2013 ἡμῶν,
1075 1941 1171 1994 καὶ
1211 1939 1602 2010 προσκυνῶμεν
1626 1939 1723 2010 τὴν

177 2038 287 2112 μίαν
307 2040 363 2091 ὲν
392 2041 502 2101 τοῖς
527 2038 679 2109 τρισὶ
704 2036 954 2106 θεότητα,
986 2033 1150 2104 μηδὲν
1188 2032 1573 2107 ταπεινότητος
1605 2032 1723 2085 δνο-

177 2147 240 2200 μα
261 2132 321 2199 τῇ
351 2128 637 2199 ἀπροσίτῳ
654 2124 780 2198 δόξῃ
801 2124 1186 2195 προσάγοντες,
1214 2121 1349 2176 ἀλλὰ
1370 2121 1466 2184 τὰς
1491 2121 1726 2191 ύψώσεις

172 2219 252 2272 τοῦ
279 2218 389 2282 ἑνὸς
418 2217 553 2270 Θεοῦ
588 2220 645 2269 ὲν
673 2218 785 2278 τοῖς
806 2215 953 2285 τρισὶ
983 2212 1274 2275 διαπαντὸς
1306 2214 1362 2265 ὲν
1391 2211 1469 2283 τῷ
1494 2211 1724 2281 λάρυγγι

172 2309 423 2379 φέροντες.
440 2300 551 2369 Ἧς
579 2305 688 2375 γὰρ
715 2304 835 2357 οὐδὲ
862 2302 1089 2373 μέγεθος
1112 2301 1326 2370 φύσεως
1353 2300 1557 2371 κυρίως
1581 2300 1726 2354 ἔστιν

172 2400 343 2459 είπεῖν,
370 2397 456 2451 διὰ
489 2398 553 2449 τὸ
598 2397 822 2465 ἄπειρον
858 2394 951 2447 καὶ
976 2393 1248 2464 ἀόριστον,
1291 2391 1410 2455 πῶς
1441 2390 1610 2462 ταύτῃ
1633 2408 1728 2444 ταο

172 2488 438 2558 στεινότητα
485 2486 879 2555 ἐπεισάξομενς
928 2486 1119 2547 Ὅστις
1166 2483 1225 2537 δὲ
1276 2482 1568 2554 ἀλλοτρίως
1614 2484 1723 2553 ἔχει

172 2577 307 2646 Θεοῦ,
331 2579 420 2631 καὶ
449 2578 541 2631 διά
564 2578 724 2631 τοῦτο
748 2577 933 2647 τέμνει
958 2576 1056 2647 τὴν
1084 2575 1211 2646 μίαν
1256 2576 1349 2628 καὶ
1382 2575 1520 2646 ὑπὲρ
1550 2574 1726 2628 πάντα

172 2669 230 2721 τὰ
252 2669 493 2739 όντα(84)
519 2667 710 2721 οὐσίαν
732 2669 812 2730 είς
830 2666 1122 2737 ἀνισότητα
1143 2665 1377 2735 φύσεων,
1393 2664 1721 2735 θαυμαστὸν,

172 2759 305 2830 εἰμὴ
335 2763 398 2830 τῇ
431 2758 678 2831 ῥομφαίᾳ
718 2758 1076 2828 τμηθήσεται,
1124 2756 1216 2809 καὶ¹
1262 2756 1323 2808 τὸ
1362 2756 1524 2828 μέρος
1561 2756 1724 2809 αὑτοῦ

175 2851 294 2921 μετὰ
321 2851 423 2905 τῶν
470 2852 721 2904 ἀπίστων
760 2850 1073 2919 τεθήσεται,
1113 2847 1349 2918 πονηρὸν
1392 2846 1724 2918 δρεπομένου

175 2944 393 3012 πονηρᾶς
417 2941 582 3012 δόξης
607 2941 836 3011 καρπὸν,
864 2940 958 2993 καὶ
981 2938 1075 2992 νῦν
1098 2939 1190 2992 καὶ
1211 2938 1455 3010 ὕστερον.

1831 1926 2113 1979 υοιιιίιιυω
2138 1926 2318 1991 babet,
2348 1927 2624 1981 nobiscum
2652 1926 2913 1996 jungatur
2933 1930 3000 1995 ",
3032 1941 3194 2000 atque
3235 1946 3397 1987 unam

1829 2018 1881 2069 in
1916 2017 2085 2072 tribus
2139 2018 2384 2086 personis
2423 2017 2686 2073 Deitatem
2727 2020 3032 2086 adoremus,
3065 2022 3269 2077 nullum
3299 2024 3400 2078 liu-

1829 2109 2078 2163 militatis
2109 2124 2306 2163 nomen
2342 2111 2697 2165 inaccessibili
2736 2112 2916 2180 gloria:
2959 2112 3277 2180 tribuentes,
3305 2114 3399 2168 sed

1829 2202 1987 2256 unius
2023 2200 2111 2254 Dei
2157 2201 2209 2254 in
2245 2201 2417 2255 tribus
2446 2201 2689 2271 personis
2720 2203 3073 2259 exaltationes
3097 2218 3311 2274 semper
3346 2207 3399 2259 in

1829 2302 2045 2360 gutture
2082 2290 2320 2347 ferentes
2348 2291 2413 2345 ⁸⁸.
2447 2291 2610 2361 Cujus
2660 2293 2805 2347 enim
2858 2307 2926 2347 ne
2970 2295 3397 2363 magnitudinem

1828 2384 2043 2452 quidem
2074 2393 2300 2448 naturaa,
2325 2392 2543 2452 propter
2571 2383 2833 2438 inﬁnitam
2871 2395 2928 2439 et
2970 2384 3129 2440 nullis
3157 2385 3402 2441 terminis

1826 2475 2090 2529 inclusam
2132 2476 2300 2544 ipsius
2328 2476 2457 2539 vim,
2494 2476 2709 2545 proprie
2740 2476 2920 2531 dicere
2952 2490 3259 2545 possumus,
3294 2490 3404 2544 quo

1829 2567 2043 2621 tandem
2094 2568 2251 2622 modo
2297 2568 2395 2635 ipsi
2442 2567 2797 2622 humilitatem
2844 2566 3205 2624 inducemus?
3244 2569 3403 2635 Quis-

1828 2660 1949 2728 quis
1978 2667 2154 2713 autem
2190 2674 2219 2712 a
2245 2660 2350 2713 Deo
2379 2659 2592 2713 alienus
2622 2669 2675 2713 et
2700 2672 2921 2714 aversus
2952 2671 3055 2723 est,
3083 2660 3153 2714 ob
3176 2673 3403 2730 eamque

1827 2765 2069 2815 causam,
2103 2766 2262 2803 unam
2296 2751 2439 2804 illam
2482 2750 2745 2820 rebusque
2776 2751 3027 2805 erunibus
3061 2751 3401 2821 superiorem

1827 2844 2117 2897 essentiam
2170 2843 2221 2895 in
2269 2842 2511 2911 dispares
2539 2849 2763 2897 naturas
2810 2842 3020 2908 dividit,
3053 2843 3248 2896 mirum
3272 2856 3406 2898 sane

1829 2935 2011 2997 fuerit,
2042 2935 2086 2989 si
2138 2949 2243 2988 non
2281 2934 2394 3003 ipse
2424 2933 2602 3003 gladio
2637 2933 2924 2999 dividatur,
2959 2948 3195 3003 parsque
3235 2934 3403 3004 ipsius

1827 3041 1946 3079 eum
1980 3025 2282 3079 inﬁdelibus
2304 3034 2533 3093 ponatur
2556 3025 2620 3091 θ’,
2652 3039 2874 3093 pravum
2908 3038 3086 3092 prava
3121 3027 3404 3080 sententia:

1831 3117 2089 3180 fructum,
2119 3125 2173 3171 et
2203 3131 2365 3181 nunc,
2393 3125 2442 3169 et
2472 3111 2652 3185 postea
2684 3117 3049 3185 percipientis.

230 3207 283 3258 l’.
308 3208 438 3279 Περὶ
464 3207 567 3277 μὲν
593 3206 700 3277 γὰρ
736 3205 828 3257 τοῦ
867 3205 1101 3275 Πατρὸς,
1131 3204 1185 3256 τί
1208 3204 1312 3275 χρὴ
1335 3204 1428 3257 καὶ
1446 3203 1643 3272 λέγειν,
1666 3198 1726 3257 οὗ

1901 3207 1974 3262 Χ.
2009 3208 2087 3261 Ac
2117 3207 2182 3261 de
2207 3206 2369 3261 Patre
2394 3207 2630 3275 quidem,
2664 3206 2793 3273 quid
2832 3207 3011 3262 dicere
3045 3221 3265 3263 necesse
3298 3217 3400 3274 est,

174 3301 254 3352 καὶ
290 3300 347 3352 τὸ
391 3299 546 3369 παρά
588 3297 807 3349 πάντων
844 3296 1265 3367 συγκεχωρηκὸς
1306 3294 1580 3363 φείδεσθαι
1617 3294 1728 3365 (85)

174 3395 276 3455 ταῖς
308 3394 561 3461 φυσικαῖς
613 3390 843 3452 ἐννοίαις
883 3388 1442 3460 προκατειλημμένων
1485 3388 1627 3457 (86);
1669 3388 1731 3439 Εἰ

1829 3299 1912 3353 cui
1939 3313 2044 3352 uno
2071 3313 2335 3353 consensu
2365 3313 2575 3362 omnes,
2607 3298 2943 3353 naturalibus
2975 3298 3139 3351 animi
3174 3299 3404 3353 notioni-

1829 3391 1930 3445 bus
1958 3391 2133 3445 edocti
2160 3400 2321 3459 atque
2345 3390 2557 3456 imbuti,
2593 3389 2858 3459 parcunt?
2891 3388 3207 3457 Quanquam
3240 3391 3403 3444 etiam

176 3483 255 3534 καὶ
283 3483 375 3551 τῆς
397 3482 627 3551 ἀτιμίας
652 3480 720 3533 τὰ
740 3478 933 3550 πρῶτα
952 3478 1240 3548 ἠνέγκατο,
1270 3478 1482 3549 πρῶτος
1505 3477 1730 3548 τμηθεὶς

1830 3484 2031 3555 primas
2061 3483 2367 3550 ignominiae
2388 3482 2529 3547 tulit,
2564 3490 2746 3550 utpote
2769 3482 2859 3550 qui
2885 3482 3090 3549 primus
3117 3481 3170 3535 in
3196 3479 3402 3534 Bonmu

178 3578 243 3639 είς
255 3576 469 3644 Ἀγαθὸν
494 3576 593 3629 καὶ
605 3579 679 3644 Δη
688 3591 809 3643 μιου
817 3574 946 3644 ργὸν
958 3572 1068 3643 (87)
1083 3591 1157 3626 πα
1166 3573 1234 3643 ρὰ
1250 3573 1348 3643 τῆς
1362 3573 1591 3643 ἀρχαίας
1605 3589 1726 3626 και-

176 3667 422 3737 νοτομίας.
448 3667 590 3737 Περὶ
610 3665 666 3717 δὲ
690 3662 782 3717 τοῦ
807 3662 957 3728 Υίοῦ,
982 3664 1076 3716 καὶ
1098 3662 1191 3715 τοῦ
1216 3664 1372 3730 ἁγίου
1387 3663 1724 3733 Πνεύματος,

179 3760 403 3812 σκοπεῖτε
433 3758 511 3821 ὡς
553 3755 742 3818 ἁπλῶς
774 3755 868 3811 καὶ
902 3754 1182 3824 συντόμως
1213 3752 1581 3823 διαλεξώμεθα
1606 3793 1620 3808 .
1664 3754 1725 3806 El

179 3848 263 3918 μέν
290 3865 369 3911 τις
393 3847 505 3918 ἔχοι
532 3846 741 3899 τούτων
764 3862 817 3897 τι
840 3843 1026 3917 λέγειν,
1043 3843 1155 3914 (88)
1192 3844 1424 3916 τρεπτὸν
1448 3844 1479 3914 ἦ
1504 3843 1726 3896 ἀλλοιω-

175 3939 273 4005 τὸν,
302 3939 335 4009 ἢ
363 3939 563 4011 χρόνῳ,
604 3938 638 4007 ἦ
685 3936 855 4006 τόπῳ,
890 3936 924 4006 ἦ
966 3936 1216 4005 δυνάμει,
1256 3934 1288 4005 ἢ
1329 3936 1580 4008 ἐνεργείᾳ
1624 3953 1725 4006 με-

178 4029 465 4100 τρούμενον,
496 4028 532 4100 ἢ
559 4029 619 4081 ού
647 4028 891 4096 φυσικῶς
919 4029 1143 4096 ἀγαθὸν,
1167 4029 1200 4098 ἦ
1226 4028 1324 4080 οὐκ
1354 4028 1723 4098 αὐτοκίνητον,

178 4119 312 4189 ἢούκ
333 4120 697 4186 αὐτεξούσιον,
720 4120 753 4189 ἢ
774 4119 1103 4189 λειτουργὸν,
1127 4119 1159 4189 ἢ
1186 4117 1448 4189 ὑμνῳδὸν,
1476 4117 1508 4188 ἦ
1536 4118 1729 4187 φοϐού-

182 4215 406 4285 μενον,ἢ
450 4212 943 4285 ἐλευθερούμενον,
1004 4210 1038 4281 ἢ
1084 4211 1144 4263 οὐ
1196 4209 1721 4281 συναριθμούμενονσ

178 4302 414 4358 δεικνύτω
466 4304 661 4368 τοῦτο,
715 4304 809 4356 καὶ
850 4304 1009 4373 ἡμεῖς
1052 4301 1380 4373 στέρξομεν,
1429 4302 1726 4356 συνδούλων

1832 3585 1887 3631 ει
1916 3573 2176 3642 Opificem
2212 3590 2242 3628 a
2278 3574 2467 3643 priscis
2510 3575 2858 3629 novatoribus
2901 3574 3167 3628 dissectus
3192 3583 3293 3628 est.
3332 3572 3403 3629 De

1833 3660 1969 3715 Filio
1993 3673 2171 3715 autem
2204 3670 2258 3714 et
2291 3660 2495 3729 Spiritu
2538 3662 2958 3731 sanctotvidete
3005 3678 3166 3732 quam
3198 3662 3395 3731 simpli

1832 3752 1968 3808 citer
1993 3762 2047 3807 et
2080 3753 2317 3807 breviter
2355 3753 2707 3807 disseramus.
2754 3752 2810 3808 Si
2857 3755 2978 3823 quis
3018 3754 3211 3809 borum
3247 3754 3402 3808 alter-

1832 3854 2035 3913 utrum,
2068 3844 2146 3899 vel
2177 3845 2511 3899 conversioni
2538 3855 2631 3899 aut
2661 3845 2943 3901 mutationi
2968 3847 3210 3911 subesse,
3237 3845 3319 3900 vel
3352 3846 3403 3899 iu

1834 3937 2112 4007 temporis,
2159 3945 2252 3991 aut
2300 3936 2424 4000 loci,
2471 3948 2564 3989 aut
2613 3937 2884 4005 potentia,
2938 3944 3030 3991 aut
3077 3936 3403 4006 operationis

1835 4042 2140 4082 mensuram
2177 4027 2391 4092 cadere,
2420 4028 2504 4081 vel
2546 4043 2651 4081 non
2706 4037 2901 4081 natura
2927 4026 3145 4091 bonum,
3175 4027 3258 4082 vel
3300 4042 3403 4081 non

1834 4132 1930 4187 per
1957 4132 2016 4174 se
2043 4120 2271 4184 moveri,
2298 4119 2383 4174 vel
2421 4119 2634 4173 arbitrii
2667 4118 2916 4174 libertate
2953 4134 3160 4185 carere,
3198 4118 3280 4173 vel
3309 4119 3401 4172 mi-

1836 4210 2087 4278 nistrum,
2109 4212 2193 4267 vel
2220 4212 2412 4267 divinae
2433 4211 2606 4266 laudis
2632 4221 2930 4275 cautorem,
2962 4211 3045 4267 vel
3082 4221 3404 4267 metuentem

1835 4304 1916 4357 vel
1950 4303 2204 4360 libertate
2230 4302 2506 4371 donatum,
2538 4305 2620 4359 vel
2649 4320 2758 4359 non
2786 4303 2944 4359 simul
2972 4318 3092 4357 cum
3115 4302 3275 4357 Patre
3302 4310 3399 4356 nu-

180 4396 441 4465 σεμνάττιτι
471 4394 842 4465 δοξαζόμενοι,
878 4396 925 4446 εί
960 4394 1052 4447 καὶ
1091 4393 1222 4446 Θεὸν
1261 4393 1624 4465 ζημιούμεθα.
1663 4395 1726 4447 Ei

1833 4404 2118 4462 meratum,
2155 4396 2334 4452 dicere
2364 4407 2574 4466 potest;
2605 4396 2706 4452 boc
2726 4395 2998 4461 ostendat,
3026 4403 3081 4451 et
3100 4394 3389 4463 acquiesce-

270 4532 309 4563 ⁸⁷
335 4533 499 4589 Exod.
534 4547 707 4598 xxxii,
738 4531 827 4584 26.
903 4531 947 4562 ⁸⁸
976 4528 1119 4585 Psal.
1148 4544 1326 4597 CXLIX,
1354 4529 1405 4583 6.
1482 4529 1526 4561 “9
1554 4528 1683 4584 Luc.
1717 4545 1811 4595 xu,
1840 4530 1924 4585 66.

241 4692 345 4763 (79)
383 4694 755 4763 Ἄπηρζηται.
818 4690 985 4763 Coisl.
1018 4690 1072 4763 fl,
1114 4689 1367 4763 διῄρηται
1392 4689 1475 4763 ,ὡς
1501 4689 1578 4763 εἰς
1607 4688 1731 4761 τρία

178 4759 363 4829 ἔκφυλα
388 4764 480 4816 καὶ
512 4761 769 4831 ἀλλότρια
811 4759 1132 4831 τέμνεσθαιο
1178 4759 1352 4816 ἶΝυη
1390 4762 1460 4812 ita
1504 4759 1731 4815 ittter'se

181 4832 582 4895 diriumntur,ut
610 4833 660 4883 in
694 4842 802 4884 tres
849 4834 1093 4885 diversas
1140 4841 1299 4896 atque
1349 4831 1553 4885 alienas
1598 4832 1731 4885 divi-

182 4903 354 4972 dantur
383 4914 666 4972 naturas,»
703 4897 761 4953 lu
794 4901 1084 4972 nonnullis,
1112 4900 1410 4972 ἀπῄρηται.

242 4971 345 5041 (80)
375 4973 536 5040 Μήτε
570 4970 759 5035 οὕτως
784 4970 1123 5035 ἐστένωται,
1158 4968 1263 5025 etc.
1288 4968 1512 5038 Nempe,
1542 4968 1732 5023 δεσπο-

182 5038 304 5105 τεία,
329 5038 364 5092 ”‹
385 5038 698 5101 dominatio,
720 5059 739 5090 ι
799 5041 849 5094 id
872 5049 973 5105 est,
1032 5059 1051 5091 ι
1077 5050 1266 5094 natura
1300 5042 1496 5103 divina,
1526 5060 1543 5090 ι
1608 5057 1722 5103 seu,

187 5123 206 5158 ι
230 5112 468 5165 essentia.
492 5130 511 5163 ι
564 5111 655 5164 Sic
684 5110 848 5164 etiam
889 5110 954 5163 ad
990 5119 1236 5164 naturam
1286 5110 1542 5175 divinam,
1583 5111 1727 5165 refe-

186 5181 330 5251 renda
356 5192 479 5251 sunt
506 5180 998 5251 sequentiaverba,
1039 5178 1353 5251 ένικωτέρα,
1382 5189 1451 5251 Aet
1489 5180 1729 5250 ἀφθονωο

187 5246 321 5318 τέρα.
358 5249 469 5305 Non
532 5246 669 5304 bene
710 5248 897 5304 Billius
930 5250 997 5305 ad
1023 5246 1278 5318 personas
1312 5248 1496 5315 refert,
1526 5246 1643 5318 qua:
1664 5251 1729 5305 de

190 5327 384 5384 natura,
408 5335 502 5389 seu
525 5318 759 5375 essentia
788 5319 964 5374 divina
1006 5319 1347 5389 intelligenda
1390 5318 1726 5373 manifestum

187 5396 310 5459 est;
334 5401 488 5458 atque
514 5390 702 5459 etiam,
760 5397 817 5442 ut
848 5389 919 5443 ita
953 5390 1337 5458 intelligantur,
1379 5403 1505 5459 sana
1544 5399 1730 5459 postn-

189 5452 255 5509 lat
280 5452 555 5530 theologia.
592 5452 696 5513 Sic’
725 5459 871 5530 enim
920 5459 1095 5515 locum
1125 5452 1295 5513 'vertit
1322 5452 1341 5513 ἐ
1371 5476 1402 5530 -ι
1423 5452 1637 5530 Νεείίιο
1676 5458 1729 5513 in

189 5536 374 5580 arctum
411 5528 631 5592 redacti,
669 5539 725 5581 ut
774 5528 825 5582 in
852 5544 1012 5582 unam
1050 5542 1333 5595 personam
1370 5528 1729 5592 includantur,

190 5604 237 5645 et
278 5597 778 5654 circumscribautur
823 5636 877 5652 ..
906 5637 920 5651 .
968 5599 1061 5653 sed
1107 5608 1165 5650 ut
1214 5600 1382 5665 magis
1430 5597 1731 5667 singulares

193 5675 323 5739 sunt,
347 5682 498 5735 quam
523 5683 610 5734 ea,
651 5684 772 5736 quae
801 5669 855 5723 in
916 5667 1237 5723 divisionem
1260 5668 1480 5721 omnino
1510 5670 1730 5733 cadunt,

195 5738 259 5809 ita
294 5748 472 5809 rursus
507 5738 841 5806 copiosiores
871 5746 1018 5808 sunt,
1052 5752 1212 5807 quam
1243 5752 1328 5801 ea,
1371 5754 1488 5807 quae
1514 5753 1731 5806 prOrsus

195 5805 453 5874 singularia
478 5805 625 5866 sunt.
652 5827 671 5859 ι

1828 4758 1844 4771 ἧ
1905 4690 2017 4770 (8.1)
2040 4690 2532 4761 Σαϐελλιανικῆς.
2558 4692 2671 4748 Duo
2690 4692 2858 4766 Regg.
2890 4703 2939 4748 et
2967 4694 3179 4757 Comb.,
3203 4690 3393 4746 Σαϐελ-

1830 4774 2307 4899 ΜῖξὲῖΤελειως.
2338 4830 2504 4886 Coisl.
2536 4833 2559 4886 l
2590 4842 2643 4885 et
2670 4832 2880 4898 Comb.,
2913 4832 3208 4896 παντελῶς.

1902 4902 2012 4975 (85)
2043 4901 2201 4975 Πρὸς
2233 4903 2398 4975 θεόζ.
2439 4904 2493 4956 ltt
2517 4903 2807 4975 nonnullis,
2841 4904 2977 4975 πρὸς
3014 4904 3104 4957 τὸν
3130 4903 3284 4957 Θεόν.

1925 4972 2015 5043 84)
2044 4973 2120 5025 Τὰ
2145 4971 2306 5043 orta.
2345 4970 2470 5043 “age
2504 4973 2699 5026 desunt
2728 4974 2780 5027 iu
2806 4970 2937 5043 Reg.
2961 4990 3011 5026 a.

1924 5042 2015 5113 85)
2045 5041 2373 5097 Φείδεσθαι.
2408 5041 2540 5111 Ιὶεε.
2576 5058 2628 5106 a,
2679 5044 2842 5098 Coisl.
2878 5041 2907 5096 ἱ
2939 5054 2995 5098 ει
3040 5041 3252 5107 Comb.,
3286 5041 3399 5111 φει.

1824 5111 2007 5251 δεῑςὲίί)
2038 5180 2661 5263 Πρρκατειλημμένων.
2714 5180 2770 5235 In
2824 5180 3117 5249 nonnullis,
3168 5179 3381 5252 ἡττημέ

1827 5262 2436 5403 νωζέήηκὲἳὲκλγὶαθὸν
2482 5321 2999 5403 καὶιάημιουργόν,
3058 5338 3076 5371 t
3104 5318 3163 5403 lu
3196 5318 3400 5403 Bonum

1827 5403 1879 5445 et
1904 5392 2182 5460 Opiﬁcem.
2209 5411 2228 5443 ι
2269 5393 2379 5445 Duo
2435 5394 2693 5460 principia
2742 5403 2950 5446 veteres
2982 5392 3240 5451 ltmretici,
3285 5401 3398 5439 ma-

1831 5463 1973 5515 xime
1994 5462 2343 5523 Marcionita,
2373 5463 2790 5528 constituebant,
2822 5461 3047 5515 alterum
3086 5476 3105 5509 ι
3129 5460 3351 5528 bonum,
3375 5472 3398 5509 ι

1829 5535 2054 5587 alterum
2086 5550 2104 5583 ε
2136 5531 2354 5584 malum.
2381 5549 2399 5581 ι
2460 5530 2559 5585 Per
2600 5552 2618 5582 ι
2646 5524 2864 5599 malum,
2891 5550 2911 5583 ι
2949 5544 3130 5585 rerum
3184 5524 3391 5586 enecto-

1828 5601 2345 5675 ι-υηιζδημιουργόν,
2379 5601 2775 5675 ίηιειιίεειιειηι.Δ
2990 5668 3001 5675 _
3025 5667 3039 5675 _
3243 5663 3278 5675 ..
3352 5663 3365 5675 .

1901 5663 2273 5742 (88),}iérsié.
2305 5671 2404 5742 Sic
2434 5663 2612 5740 plurés
2642 5672 2799 5729 codd.
2829 5679 2884 5729 et
2911 5667 3129 5741 quidem
3155 5663 3397 5725 meliori!

1832 5754 1988 5796 noue.
2020 5741 2076 5795 In
2101 5742 2279 5809 editis,
2303 5741 2467 5809 λέγοι.
