4010 6316
603 311 706 371 25!

1810 309 1893 366 S.’
1911 310 2243 368 GllEGORIl
2284 308 2628 366 TIIEOLOGI

3746 311 3845 373 95³2

610 445 755 493 mus,
789 440 994 499 nosque
1028 443 1415 484 conservorum
1444 428 1614 500 gloria
1649 437 1700 484 et
1722 428 2178 498 diguitatehono—

2282 428 2340 481 δὲ
2366 427 2543 480 πάντα
2569 428 2668 480 ὅσα
2701 425 2813 495 ἔχει
2849 426 2876 478 ὁ
2910 425 3121 497 Πατὴρ,
3156 423 3249 477 τοῦ
3275 424 3403 477 Υἱοῦ
3435 425 3570 490 ἔστι,
3604 423 3737 496 πλὴν
3754 428 3846 500 τῆς

608 522 716 576 rari
744 518 995 583 feremus,
1044 518 1138 573 Dei
1190 520 1315 575 licet
1356 519 1626 588 iacturam
1688 521 1967 575 faciamus.
2008 520 2077 572 At
2112 520 2177 584 si,

604 608 862 678 quidquid
919 606 1077 662 Pater
1126 608 1307 674 habet,
1336 608 1500 674 idem,
1543 617 1741 678 praeter
1780 623 2020 673 causam,
2063 607 2180 661 Filii

609 709 727 765 est;
760 697 1023 769 quidquid
1054 698 1180 754 item
1222 698 1394 754 Filius
1423 698 1604 767 habet,
1640 699 1779 754 idem
1813 714 2027 769 quoque
2061 697 2183 768 Spi-

604 789 744 843 ritus
786 788 963 843 sancti
1010 797 1115 853 est,
1148 800 1344 856 praeter
1390 789 1723 855 filiatiouem,
1769 803 1938 857 eaque
1976 789 2179 852 omnia,

603 896 721 949 quia
742 895 1003 950 corporea
1029 881 1234 934 ratione
1257 882 1321 935 de
1351 896 1416 936 eo
1440 881 1820 950 praedicantur,
1854 890 2071 950 propter
2096 895 2180 934 me

604 973 899 1036 hominem,
942 986 1222 1040 meamque
1255 972 1502 1036 salutem,
1538 982 1614 1037 ut,
1647 970 1786 1038 quod
1829 987 2004 1025 meum
2037 980 2175 1035 erat,

603 1059 877 1127 accipiens
899 1058 1041 1127 quod
1068 1074 1221 1111 suum
1245 1068 1347 1122 eSI,
1373 1058 1500 1112 tttihi
1532 1074 1628 1127 per
1650 1074 1840 1113 novam
1876 1059 2011 1110 hanc
2033 1073 2180 1111 com-

611 1150 918 1202 tuistionem
965 1149 1261 1219 largiatur;
1297 1150 1509 1203 tandem
1546 1150 1835 1218 aliquando
1867 1149 2052 1217 nugari
2084 1150 2175 1204 de-

2288 521 2466 584 αἰτίας
2483 520 2623 590 (89)·
2662 520 2839 573 πάντα
2878 520 2934 572 δὲ
2972 520 3071 572 ὅσα
3103 517 3197 571 τοῦ
3239 517 3391 577 Υἱοῦ,
3435 517 3527 570 καὶ
3561 517 3652 570 τοῦ
3690 520 3843 573 Πνεῦ-

2291 628 2481 682 ματος,
2517 611 2657 681 πλὴν
2695 612 2793 681 τῆς
2827 611 3094 681 υἱὸτητος,
3134 610 3229 663 καί
3259 610 3366 663 τῶν
3398 610 3497 662 ὃσα
3534 613 3843 680 σωματικῶς

2289 702 2416 773 περὶ
2452 699 2617 753 αὑτοῦ
2661 700 2876 768 λέγεται
2898 700 2987 753 διὰ
3012 700 3105 753 τὸν
3145 699 3277 771 ὲμδν
3300 700 3585 770 ἄνθρωπον
3603 701 3735 771 (90),
3761 703 3846 757 καὶ

2286 793 2385 863 τὴν
2426 791 2564 861 ἐμὴν
2590 791 2883 862 σωτηρίαν,
2935 793 3024 845 ἳνα
3052 791 3114 844 τὸ
3147 792 3279 862 ἐμὸν
3321 791 3523 856 λαϐὼν,
3567 794 3627 845 τὸ
3667 794 3844 848 ἑαυτοῦ

2284 882 2576 952 χαρίσηται
2621 881 2709 936 διά
2753 882 2851 953 τῆς
2905 883 3098 953 καινῆς
3147 883 3533 953 ἀνακράσεως·
3580 884 3844 941 παύσασθε

2287 973 2726 1045 παραληροῦντες
2751 974 2847 1043 ὀψὲ
2881 974 3036 1042 γοῦν,
3060 967 3104 1027 ὧ
3136 975 3390 1043 σοφισταὶ
3421 974 3591 1027 κενῶν
3627 976 3734 1046 (9i)
3762 980 3845 1047 ρη-

2290 1065 2496 1135 μάτων,
2529 1066 2693 1119 αὐτοῦ
2733 1066 3040 1119 πιπτόντων
3060 1106 3073 1119 .
3098 1066 3207 1119 Καὶ
3251 1067 3338 1119 ἵνα
3376 1066 3429 1118 τί
3456 1066 3842 1138 ἀποθνήσκετε,

2282 1150 2429 1217 οἶκος
2469 1153 2711 1225 Ἰσραὴλ,
2767 1156 2833 1207 ἵν’
2872 1157 2935 1207 ὲκ
2973 1156 3071 1225 τῆς
3104 1156 3328 1227 Γραφῆς
3360 1156 3507 1227 ὑμᾶς
3545 1156 3841 1229 ὁδύρωμαι;

604 1238 800 1303 sinite,
852 1254 884 1292 ο
915 1238 1154 1292 inanium
1203 1241 1488 1292 verborum
1539 1255 1603 1295 ac
1654 1240 1834 1293 statim
1877 1240 2181 1295 cadentium
2221 1244 2478 1299 artitices.
2523 1248 2590 1301 Et
2638 1264 2827 1319 quare,
2862 1257 2919 1301 ut
2946 1263 3012 1301 ex
3061 1248 3341 1316 Scriptura
3406 1263 3499 1303 vos
3559 1247 3842 1316 deplorem,

606 1330 933 1394 tnoriemini,
965 1331 1153 1385 domus
1185 1330 1347 1384 Israel
1386 1331 1477 1383 7°?

678 1423 771 1478 XI.
800 1427 915 1493 Ipse
943 1422 1211 1492 equidem,
1239 1432 1292 1474 et
1325 1418 1486 1474 Verbi
1518 1420 1901 1490 appellationes
1927 1433 2004 1478 tot
2029 1423 2175 1477 scili—

605 1527 693 1571 cet
734 1526 951 1586 tamque
988 1529 1207 1581 magnas
1238 1522 1291 1567 et
1336 1512 1612 1578 sublimes,
1644 1513 1805 1583 625
1835 1523 1888 1568 et
1915 1531 2035 1584 qua;
2069 1517 2178 1566 «ιω-

2357 1422 2460 1475 ιΑυ.
2500 1422 2587 1484 Ὠς
2607 1421 2781 1491 ἔγωγε
2799 1421 3051 1493 αἰδοῦμαι
3098 1423 3195 1493 μὲν
3230 1424 3329 1487 τάς
3355 1423 3446 1477 τοῦ
3483 1424 3655 1494 Λόγου
3688 1442 3844 1496 προσ-

2283 1514 2511 1583 ηγορίας
2537 1553 2552 1575 ,
2593 1513 2861 1577 τοσαύτας
2909 1532 2969 1567 τε
3020 1513 3218 1578 οῦσας,
3275 1515 3369 1568 καὶ
3425 1515 3599 1579 οὓτως
3653 1516 3844 1585 ὑψηλὰς

607 1608 859 1662 monibus
890 1608 1051 1661 etiam
1084 1605 1340 1675 pudorem
1370 1605 1735 1670 incusserunt,
1768 1621 2039 1663 revereor.
2071 1607 2174 1659 Rc-

2282 1608 2375 1660 xal.
2410 1608 2671 1678 μεγάλας,
2709 1607 2777 1671 ἃς
2815 1607 2911 1660 καὶ
2951 1606 3204 1677 δαίμονες
3238 1606 3645 1678 ἑνετράπησαν·
3680 1606 3845 1660 αἰδοῦ-

603 1701 803 1749 vereor
826 1696 986 1748 etiam
1026 1692 1258 1761 Spiritus
1306 1694 1476 1747 sancti
1529 1693 1922 1761 aequalitatem;
1956 1710 2019 1749 ac
2047 1710 2176 1748 con-

605 1786 848 1841 stitutam
896 1784 949 1839 iu
985 1800 1100 1850 eos,
1129 1784 1220 1852 qui
1270 1782 1599 1851 blaSphemis
1629 1783 1806 1838 verbis
1836 1800 1957 1838 euut
2012 1786 2180 1855 impe-

604 1885 723 1933 tunt
770 1878 838 1941 τί,
902 1875 1376 1931 comminationem
1436 1874 1780 1942 pertimesco.
1838 1874 2177 1946 Blasphentia

604 1982 765 2037 porro
795 1977 895 2033 est,
924 1982 1027 2021 non
1078 1965 1364 2035 theologia,
1398 1965 1447 2019 ei
1486 1965 1819 2019 divinitatem
1844 1966 2078 2021 auferre.
2119 1967 2179 2021 In

601 2075 711 2130 quo
741 2059 865 2113 illud
888 2057 1303 2120 observandum,
1330 2056 1476 2126 quod
1510 2056 1578 2118 is,
1610 2057 1700 2125 qui
1730 2057 2062 2127 blasphemis
2084 2074 2179 2112 vo-

602 2152 754 2206 cihus
802 2151 1194 2211 incessebatur,
1233 2148 1491 2203 Dominus
1536 2157 1682 2214 erat;
1734 2148 1779 2202 is
1846 2159 2047 2214 autem,
2089 2150 2177 2219 qui

599 2240 995 2306 vindicabatur,
1032 2239 1267 2308 Spiritus
1302 2248 1543 2304 sanctus,
1576 2238 1762 2307 procul
1796 2239 1958 2293 dubio
1990 2251 2046 2294 ut
2073 2241 2178 2297 Do—

599 2333 799 2388 minus.
835 2331 951 2385 Non
985 2331 1247 2393 sustineo,
1283 2339 1403 2399 post
1436 2330 1878 2384 illuminationem
1911 2330 2046 2386 locis
2084 2348 2179 2385 ex-

599 2441 727 2496 pers
772 2439 914 2488 esse,
944 2418 1214 2492 quidpiam
1249 2423 1408 2475 trium
1456 2422 1506 2475 in
1534 2436 1653 2491 quae
1693 2421 1998 2493 baptizatus
2034 2439 2176 2491 sum,

604 2516 937 2582 adulterans,
970 2529 1034 2569 ac
1067 2528 1188 2568 vere
1223 2514 1276 2567 in
1305 2513 1459 2582 aquis
1502 2513 1738 2581 sepeliri,
1772 2528 1877 2569 non
1912 2514 1980 2569 ad
2024 2529 2177 2586 rege-

607 2607 972 2670 nerationem,
1000 2607 1091 2661 sed
1122 2605 1187 2659 ad
1214 2614 1439 2665 mortem
1474 2604 1741 2661 initiatus.

671 2699 791 2754 XII.
835 2698 1103 2753 Audacius
1155 2697 1355 2766 aliquid
1393 2696 1701 2767 proloquar,
1738 2711 1771 2752 ο
1802 2695 2077 2762 Trinitas;
2114 2712 2179 2754 ac

599 2791 896 2848 temeritati
935 2790 1084 2844 venia
1114 2789 1269 2845 detur
1299 2806 1315 2855 ;
1358 2805 1481 2842 nam
1504 2787 1572 2843 de
1602 2788 1795 2843 animae
1825 2788 2002 2843 salute
2030 2789 2176 2860 peri-

597 2880 777 2938 culum
806 2893 907 2936 est.
939 2879 1030 2934 Dei
1059 2893 1270 2950 quoque
1299 2879 1410 2947 ipse
1432 2894 1549 2933 sum
1579 2880 1778 2947 imago,
1800 2894 2048 2949 supernae
2071 2880 2178 2936 sci-

598 2972 725 3028 licet
766 2972 984 3043 gloriae,
1024 2972 1148 3026 licet
1187 2971 1336 3026 humi
1389 2970 1618 3039 positus.
1670 2969 1786 3026 Non
1847 2973 2084 3028 adducor
2122 2981 2180 3026 ut

596 3063 839 3127 credam,
874 3062 1004 3118 mihi
1038 3068 1103 3117 ab
1138 3062 1329 3132 aequali
1361 3062 1588 3117 salutem
1621 3061 1826 3117 all‘erri.
1860 3063 1915 3117 Si
1949 3064 2183 3133 Spiritus

603 3160 828 3208 sanctus
855 3151 994 3207 Deus
1042 3168 1146 3206 non
1191 3162 1297 3218 est,
1344 3151 1487 3208 Deus
1517 3154 1668 3222 prius
1699 3153 1984 3219 efﬁciatur,
2021 3164 2183 3225 atque

598 3244 675 3299 ita
726 3245 937 3300 demum
988 3262 1093 3310 tne,
1144 3243 1404 3314 aequalem
1458 3260 1636 3311 suum,
1676 3247 1840 3302 Deum
1871 3245 2086 3302 efﬁciat.
2117 3249 2183 3303 At

600 3350 763 3400 nunc,
787 3350 906 3405 qua:
920 3335 1032 3390 ha'c
1052 3335 1236 3405 gratia:
1252 3336 1541 3405 iutpostura
1566 3349 1666 3401 est,
1685 3337 1764 3391 vel
1778 3354 1961 3393 eorum
1984 3341 2179 3409 potius,

597 3428 687 3498 qui
712 3427 941 3497 gratiam
971 3428 1231 3492 tribuunt,
1266 3427 1410 3482 velut
1439 3427 1491 3481 in
1522 3429 1687 3481 Deuut
1716 3430 1960 3495 credere,
1987 3439 2040 3484 et
2071 3432 2178 3486 Deo

598 3520 851 3575 orbatum
902 3520 1193 3574 recedere?
1230 3520 1385 3574 Aliud
1432 3520 1731 3591 professum
1778 3536 1919 3588 esse,
1949 3523 2181 3577 et-aliud

598 3612 818 3667 doceri?
847 3611 1041 3678 Quales
1076 3611 1284 3665 furtiva:
1307 3611 1592 3664 verborum
1640 3611 1873 3677 fraudes,
1901 3628 1995 3681 per
2023 3614 2180 3668 aliam

598 3702 1079 3772 interrogationem
1115 3710 1171 3755 et
1202 3701 1621 3766 confessionem,
1649 3704 1754 3756 alio
1784 3702 2063 3757 ferentes?
2101 3704 2182 3758 Me

597 3797 855 3850 miserum
882 3792 1191 3864 splendoris
1220 3792 1382 3862 hujus
1412 3792 1652 3859 nomine,
1686 3794 1731 3848 si
1761 3802 1883 3862 post
1913 3794 2180 3848 lavacrum

596 3888 751 3958 niger
780 3886 1003 3941 effectus
1026 3900 1167 3952 sum,
1200 3883 1246 3938 si
1281 3898 1379 3939 eos
1406 3883 1498 3953 qui
1526 3883 1763 3938 nondum
1793 3884 2002 3953 purgati
2034 3894 2176 3951 sunt,

600 3975 997 4045 splendidiores
1031 3987 1218 4038 cerno,
1251 3975 1297 4027 si
1344 3984 1440 4042 per
1483 3986 1703 4043 pravam
1744 3972 2031 4029 iuitiatoris
2076 3974 2179 4030 mei

595 4065 934 4132 doctrinam,
986 4074 1242 4133 tanquam
1289 4064 1413 4118 talis
1459 4063 1781 4133 quibusdam
1833 4063 2072 4131 deludor,
2132 4068 2177 4123 si

592 4159 1021 4231 prastatrtiorem
1042 4156 1303 4224 Spiritum
1325 4170 1533 4226 quati-0,
1557 4171 1657 4211 nec
1684 4156 1922 4213 invenio.
1947 4157 2023 4213 Da
2050 4160 2179 4215 ntihi

592 4250 822 4307 alterum
870 4248 1166 4311 lavacrum,
1212 4260 1275 4301 ac
1327 4256 1438 4300 tum
1488 4247 1555 4302 de
1595 4247 1773 4316 priore
1812 4247 1952 4302 male
1981 4250 2176 4319 cogita.

2285 1717 2381 1769 μαι
2409 1700 2465 1752 δὲ
2499 1698 2596 1770 τὴν
2638 1698 2929 1769 ὁμοτιμίαν
2972 1698 3067 1752 τοῦ
3114 1698 3463 1769 Πνεῦματοςο
3506 1698 3844 1769 φοϐοῦμαιδὲ

2278 1790 2377 1861 τὴν
2404 1791 2718 1861 ὡρισμένην
2752 1791 2981 1861 ἀπειλὴν
3010 1792 3124 1854 τοῖς
3172 1792 3253 1854 είς
3286 1790 3420 1844 αὐτὸ
3452 1790 3842 1861 βλασφημοῦσι.

2280 1883 2606 1952 Βλασφημία
2634 1883 2711 1945 δὲ,
2744 1885 2840 1954 οὐχ
2879 1886 2911 1953 ἡ
2944 1882 3213 1951 θεολογία,
3246 1883 3306 1936 τὸ
3335 1883 3393 1937 δὲ
3424 1883 3737 1956 ἀλλοτριοῦν
3759 1885 3846 1954 τῆς

2280 1972 2549 2043 θεότητος.
2574 1973 2682 2026 Καὶ
2707 1974 2972 2044 τηρητέον
2998 1972 3252 2037 ἐνταῦθα,
3278 1974 3359 2026 ὅτι
3386 1974 3446 2027 τὸ
3482 1974 3581 2044 μὲν
3619 1973 3845 2044 βλασφη-

2282 2062 2572 2134 μούμενον,
2602 2065 2630 2116 ὁ
2661 2063 2862 2134 Κύριος
2878 2059 2973 2134 ἦν·
2998 2064 3059 2117 τὸ
3090 2064 3147 2118 δὲ
3176 2063 3580 2133 ἐκδικούμενον,
3608 2065 3670 2117 τὸ
3694 2062 3847 2117 Πνεῦο

2282 2173 2361 2225 μα
2392 2155 2453 2208 τὸ
2482 2156 2659 2224 ἆγιον,
2705 2154 2862 2225 δῆλον
2900 2154 2976 2218 ὡς
3016 2154 3243 2227 Κύριος.
3291 2155 3366 2208 Οὐ
3406 2154 3557 2226 φέρω
3576 2155 3689 2226 (92)
3712 2154 3845 2224 ἀφώ-

2278 2262 2457 2307 τιστος
2505 2238 2642 2298 εἶναι
2697 2244 2946 2314 μετὰλτὺ
2998 2242 3276 2315 φώτισμα,
3329 2243 3772 2316 παραχαράσσων
3799 2261 3846 2298 τι

2277 2339 2386 2393 τῶν
2419 2339 2608 2410 τριῶν,
2641 2340 2719 2403 εἰς
2750 2338 2785 2393 ἃ
2819 2338 3212 2410 βεὸάπτισμαι,
3239 2339 3334 2392 καὶ
3372 2339 3541 2401 ὅντως
3564 2337 3679 2408 (95)
3708 2340 3846 2391 ἐντα-

2279 2426 2442 2497 φῆναι
2467 2424 2546 2495 τῷ
2571 2424 2745 2489 ῦδατι,
2775 2426 2876 2479 οὐκ
2901 2427 2982 2489 είς
3007 2426 3389 2498 ἀναγέννησιν,
3419 2426 3533 2480 ἀλλ’
3558 2427 3641 2491 εἰς
3661 2426 3847 2498 νέκρω-

2282 2535 2365 2572 σιν
2398 2517 2605 2571 τελειού
2614 2535 2775 2589 μενος

2351 2691 2452 2745 ΙΒ’.
2475 2690 2671 2762 Τολμῶ
2702 2710 2753 2745 τι
2788 2691 3143 2762 φθέγξασθαι,
3170 2688 3215 2747 ὧ
3240 2693 3411 2763 Τριάς
3434 2709 3448 2723 ⁸
3487 2694 3584 2748 καὶ
3620 2696 3846 2765 συγγνὼ-

2282 2800 2359 2854 μη
2389 2786 2455 2853 τῇ
2490 2782 2751 2854 ἀπονοίᾳ·
2805 2783 2936 2855 περὶ
2968 2782 3145 2855 ψυχῆς
3190 2784 3301 2854 γὰρ
3329 2785 3357 2837 ὁ
3391 2784 3657 2850 κίνδυνος.
3688 2785 3845 2840 Εξκών

2279 2874 2397 2943 είμι
2428 2873 2523 2926 καὶ
2562 2872 2726 2936 αὐτὸς
2766 2871 2926 2937 Θεοῦ,
2960 2873 3060 2943 τῆς
3103 2873 3215 2927 ἀνω
3252 2873 3433 2944 δόξης,
3483 2877 3532 2929 εί
3579 2878 3677 2931 καὶ
3714 2876 3845 2930 κάτω

2207 2979 2249 3038 C
2282 2964 2550 3035 τέθειμαι.
2601 2965 2675 3017 Οὐ
2712 2964 2971 3035 πείθομαι
2999 2963 3076 3034 τῷ
3103 2965 3349 3035 ὁμοτίμῳ
3381 2965 3673 3030 σώζεσθαι.
3703 2968 3761 3019 El
3783 2966 3845 3037 μὴ

2285 3055 2417 3121 Θεὸς
2441 3056 2502 3108 τὸ
2528 3054 2752 3127 Πνεῦμα
2780 3057 2841 3110 τὸ
2865 3055 3042 3125 ἅγιον,
3073 3055 3330 3127 θεωτήτω
3360 3057 3576 3129 πρῶτον
3604 3058 3734 3128 (94),
3764 3056 3842 3111 καὶ

2284 3146 2427 3202 οῦτω
2460 3146 2664 3201 θεούτω
2699 3165 2767 3219 με
2810 3147 2900 3201 τὸν
2931 3148 3216 3220 ὁμότιμον.
3261 3147 3375 3201 Νῦν
3405 3148 3462 3201 δὲ
3504 3149 3589 3213 τίς
3621 3150 3654 3220 ἡ
3682 3148 3845 3201 ἀπάτη

2282 3240 2384 3311 τῆς
2416 3240 2656 3311 χάριτος,
2688 3241 2889 3311 μᾶλλον
2918 3240 2998 3305 δὲ,
3028 3241 3137 3294 τῶν
3168 3234 3415 3294 διδόντων
3449 3240 3547 3313 τὴν
3577 3243 3753 3313 χάριν,
3780 3240 3845 3303 ὡς

2284 3333 2364 3395 είς
2393 3333 2525 3385 Θεὸν
2558 3331 2865 3397 πιστεῦσαι,
2915 3333 3009 3387 καὶ
3045 3332 3287 3387 ἀνελθεῖν
3322 3333 3514 3397 ἄθεονς
3562 3334 3693 3387 ἄλλο
3728 3331 3845 3386 καθ-

2284 3422 2639 3495 ομολογῆσαι,
2664 3425 2755 3478 καὶ
2770 3424 2895 3478 ἄλλο
2928 3424 3272 3479 διδάσκεσθαι
3294 3443 3308 3488 ;
3344 3426 3451 3479 οἷαι
3479 3425 3591 3478 τῶν
3617 3426 3781 3495 λόγων
3798 3423 3845 3479 αἳ

2284 3512 2481 3567 κλοπαὶ
2513 3514 2627 3584 (95)
2679 3515 2774 3568 καὶ
2822 3513 3051 3578 ἀπάται,
3099 3514 3164 3567 δι’
3210 3514 3376 3585 ἄλλης
3419 3516 3740 3585 ἐρωτήσεως
3769 3512 3843 3566 καὶ

2283 3604 2598 3675 ὁμολογίας,
2640 3607 2718 3670 εἰς
2767 3605 2893 3659 ἄλλο
2928 3606 3187 3677 φέρουσαι
3213 3605 3358 3677 (96);
3395 3606 3552 3677 Οῖμοι
3596 3609 3695 3678 τῆς
3729 3606 3833 3677 λαμ-

2285 3696 2579 3767 πρότητος,
2641 3699 2688 3750 εί
2737 3698 2877 3767 μετά
2926 3696 3017 3750 τὸν
3071 3697 3293 3769 λουτρὸν
3353 3698 3762 3769 μεμελάνωμαι,
3807 3698 3848 3750 εἰ

2282 3788 2702 3861 λαμπροτέρους
2726 3789 2838 3860 ὁρῶ
2868 3789 2995 3853 τοὺς
3022 3787 3176 3842 οὔπω
3220 3787 3687 3859 κεκαθαρμένους,
3714 3790 3760 3841 εἰ
3791 3788 3847 3856 τῇ

2281 3877 2377 3933 τοῦ
2419 3878 2719 3949 βαπτιστοῦ
2768 3878 3060 3949 κακοδοξίᾳ
3106 3879 3412 3950 κυϐεύομαι
3441 3879 3574 3949 (97),
3623 3881 3673 3932 εί
3719 3877 3847 3947 ζητῶ

2283 3970 2511 4040 Πνεῦμα
2548 3972 2816 4041 κρεῖττον,
2854 3970 2950 4023 κα)⁵
2996 3972 3093 4041 οὐχ
3139 3972 3405 4043 εὑρίσκωῑ
3460 3971 3558 4034 Δός
3608 3987 3698 4042 μοι
3747 3970 3849 4023 λον-

2281 4063 2407 4133 τρὸν
2436 4062 2710 4132 δεύτερον,
2734 4063 2826 4114 καί
2851 4061 2976 4133 περὶ
3002 4061 3095 4114 τοῦ
3127 4062 3344 4135 πρῶτον
3380 4062 3563 4125 κακῶς
3592 4062 3846 4132 ἐννόησον.

2280 4155 2347 4207 Τί
2378 4172 2469 4225 μοι
2517 4152 2733 4222 φθονεῖς
2781 4157 2887 4223 τῆς
2937 4153 3152 4215 τελείας
3196 4155 3650 4225 ἀναγεννήσεως;
3692 4153 3744 4207 τί
3790 4168 3846 4222 με

2284 4249 2479 4309 ποιεῖς,
2511 4246 2635 4299 ναὸν
2684 4246 2814 4299 ὄντα
2844 4244 2937 4298 τοῦ
2979 4245 3293 4315 Πνεῦματος
3318 4246 3394 4309 ὡς
3423 4245 3579 4311 Θεοῦ,
3612 4260 3847 4312 κατοικη-

593 4342 732 4411 Quid
765 4340 897 4395 mihi
939 4336 1231 4407 perfectam
1280 4340 1745 4409 regenerationem
1779 4340 2017 4395 invides?
2045 4340 2178 4407 Quid

2287 4339 2477 4409 τήριον
2517 4336 2843 4407 κτίσματος;
2878 4336 2929 4390 τί
2961 4337 3022 4389 τὸ
3058 4337 3157 4407 μὲν
3190 4340 3354 4409 τιμᾷς
3387 4336 3496 4392 τῶν
3544 4339 3699 4410 ἐμῶν
3730 4336 3847 4408 (98).

594 4450 702 4499 tue,
724 4446 843 4488 cum
874 4429 1127 4499 Spiritus,
1162 4438 1413 4499 tanquam
1440 4429 1556 4496 Dei,
1596 4430 1849 4500 templum
1874 4431 1973 4484 sim
2003 4431 2069 4495 η,
2107 4433 2180 4485 rei

594 4533 792 4580 creatis
836 4521 1159 4576 domicilium
1215 4521 1386 4577 facis?
1417 4522 1554 4589 Quid
1582 4536 1666 4588 ea,
1694 4535 1814 4589 quae
1867 4536 1984 4575 mea
2032 4531 2176 4584 sunt,

592 4616 789 4687 partim
836 4614 1061 4680 honore,
1096 4616 1293 4683 partim
1334 4614 1629 4684 ignominia
1669 4613 1858 4679 aﬂicis,
1895 4616 2092 4667 malum
2127 4623 2177 4669 te

2288 4430 2349 4482 τὸ
2387 4430 2441 4482 δὲ
2474 4428 2761 4498 ἀτιμάζεις
2790 4428 2972 4492 κακῶς
3008 4428 3217 4499 θεότητι
3252 4429 3491 4494 διαιτῶν,
3526 4430 3596 4483 ἵν’
3631 4431 3750 4501 ἐμοὶ
3773 4428 3846 4480 τέο

2292 4537 2399 4593 μῃς
2426 4520 2620 4591 (99)τὸ
2642 4520 2912 4592 χάρισμα,
2954 4520 3151 4591 μᾶλλον
3180 4520 3256 4585 δὲ,
3299 4521 3461 4573 αὐτὸν
3503 4522 3610 4591 ἐμὲ
3650 4520 3726 4591 τῷ
3760 4536 3846 4590 χα-

2292 4612 2521 4683 ρίσματι
2543 4610 2649 4682 (l);
2682 4612 2754 4665 Ἦ
2780 4612 2841 4664 τὸ
2872 4615 2979 4665 πᾶν
3007 4612 3257 4682 τίμησον,
3292 4609 3337 4663 ὦ
3365 4612 3610 4683 καινὲβ)
3629 4610 3846 4677 θεολὸγε,

664 4728 713 4759 ’⁸
743 4725 937 4780 Ezech.
969 4740 1123 4787 xvut,
1148 4726 1235 4778 51.
1312 4726 1354 4756 ⁷¹
1386 4724 1574 4779 Matth.
1608 4741 1707 4789 xu,
1743 4725 1832 4779 51.
1909 4728 1953 4757 ’⁷³
1984 4726 2003 4781 1
2030 4726 2154 4782 Cor.
2189 4742 2263 4794 vr,
2295 4702 2381 4782 l9.

667 4822 778 4892 (89)
812 4820 983 4892 Πλὴν
1008 4820 1118 4888 τῆς
1144 4821 1358 4892 αἰτίας.
1397 4820 1558 4874 (loisl.
1586 4821 1867 4892 Laliiqttc
1913 4840 2014 4877 non
2047 4839 2175 4892 pau-

596 4890 838 4961 οἱ,’πλὴν
861 4891 960 4959 τῆς
988 4890 1336 4960 ἀγεννησίας,
1374 4909 1391 4941 ι
1422 4902 1616 4958 praeter
1647 4890 2106 4961 ingetteratiouetu
2153 4913 2171 4945 ι

600 4963 1022 5033 quod__sci|it_ret,
1045 4979 1062 5010 ι
1087 4962 1233 5033 solus
1263 4975 1379 5033 a_se
1412 4963 1501 5013 sit.
1532 4979 1552 5013 ι

670 5030 783 5100 (90)
831 5029 933 5083 Διὰ
965 5029 1071 5083 τὸν
1099 5030 1245 5099 ἐμὸν
1280 5028 1611 5097 ἄνθρωπον.
1668 5049 1686 5082 ι
1713 5031 1939 5101 Propter
1999 5047 2176 5085 mourn

599 5101 896 5157 hominem.
935 5119 953 5151 ι
1036 5101 1088 5153 ld
1146 5112 1249 5165 cst,
1306 5110 1523 5167 propter
1586 5112 1829 5154 naturam
1892 5103 2177 5154 humanam

2358 4822 2469 4893 (97)
2508 4823 2579 4876 Εἰ
2627 4820 2701 4889 τῇ
2738 4821 2842 4875 τοῦ
2882 4820 3233 4893 ,βαπτιστοῦ
3263 4818 3587 4893 κακοδοξίᾳ
3631 4819 3848 4893 etsiEi-nio.

2279 4890 2407 4963 μαι.
2435 4890 2558 4947 [hnc
2593 4892 2645 4945 itt
2681 4893 2915 4963 melioris
2945 4903 3080 4945 uota:
3120 4891 3391 4946 codicibus
3419 4893 3665 4957 prositue
3688 4890 3847 4958 legun-

2288 4961 2361 5018 tu:
2399 4972 2518 5028 [rost
2549 4961 2954 5031 μεμελάνωμαι.

2358 5034 2468 5101 (9ἓε)
2500 5029 2559 5085 Τί
2588 5032 2651 5083 τὸ
2671 5031 2787 5099 μὲν
2809 5029 2979 5100 τιμᾷς
3006 5030 3124 5084 τῶν
3138 5029 3314 5099 ἐμῶν.
3346 5031 3437 5087 Sic
3467 5031 3632 5098 Regg.
3660 5044 3711 5103 a,
3742 5029 3820 5103 hut
3836 5041 3847 5075 :

2299 5121 2317 5153 ι
2341 5096 2475 5167 Quid
2505 5117 2590 5163 ea,
2633 5096 2752 5167 qua:
2787 5096 2900 5153 mea
2932 5096 3073 5160 sunt,
3098 5119 3115 5151 ι
3154 5096 3201 5152 id
3235 5111 3338 5159 est.
3380 5121 3398 5152 ι
3428 5096 3571 5169 quas
3596 5096 3715 5151 colo
3742 5096 3845 5148 Tri-

601 5185 761 5238 quam
792 5170 1099 5239 assumpsit,
1132 5179 1188 5224 et
1216 5186 1375 5240 quant
1412 5170 1540 5224 t‘nihi
1575 5171 1937 5225 communicat
1960 5209 1975 5231 ,
2012 5170 2184 5225 facuts
2295 5172 2477 5226 uitatis
2516 5185 2800 5239 personas,
2828 5189 2846 5221 ι
2910 5181 2961 5222 ιιι
3004 5182 3147 5223 recte
3188 5172 3351 5234 illius,
3416 5190 3479 5224 ut:
3547 5173 3659 5239 ipse
3691 5176 3846 5240 texi"!

600 5241 807 5294 homo;

673 5310 782 5378 (9|)
816 5308 1038 5363 Κενῶν.
1066 5310 1177 5363 Duo
1208 5307 1400 5378 Regg.,
1432 5308 1655 5375 καινῶν,
1698 5326 1716 5359 ι
1749 5322 2028 5363 novorum.
2053 5328 2069 5359 ι

672 5379 784 5449 (92)
820 5379 1002 5447 Φέρω.
1037 5380 1226 5449 Contb_.
1255 5379 1423 5442 addit,
1463 5378 1543 5431 δέ.

692 5444 781 5518 93)
814 5444 919 5504 Kal
953 5449 1155 5514 ὄντως.
1188 5447 1346 5516 Reg.,
1370 5450 1557 5516 bypr.,
1586 5446 1681 5499 καὶ
1709 5444 1903 5510 οὕτως.

694 5517 784 5581 94)
813 5518 1069 5586 Πρῶτον.
1096 5518 1314 5579 Comi»,
1344 5517 1631 5586 πρότερον.

697 5588 785 5656 95)
839 5584 1091 5643 Κλοπαί.
1136 5587 1325 5640 Dillius
1383 5584 1529 5651 legit,
1594 5584 1811 5648 πλοκαί,
1870 5594 1923 5641 et
1974 5587 2179 5641 vertit:

607 5654 853 5725 ([Quales
890 5663 1174 5712 verborum
1210 5672 1380 5708 nexus
1416 5665 1465 5705 et
1484 5656 1789 5725 captiones.
1820 5676 1835 5706 ι

638 5723 651 5751 ⁵
682 5726 795 5798 (96)
826 5730 1140 5797 Φέρουσαι.
1170 5726 1299 5793 Ιιιέο
1333 5725 1385 5788 (Ι.
1431 5723 1705 5792 φέρεσθαι·

2295 5241 2549 5307 poslulat,
2588 5258 2604 5289 t
2634 5239 2827 5307 partim
2863 5241 3083 5303 honore,
3111 5258 3127 5290 t
3182 5251 3285 5296 etc.
3339 5241 3456 5295 liill.
3516 5258 3533 5290 ι
3585 5239 3720 5305 Quid
3755 5250 3845 5294 tuc,

2289 5312 2506 5381 partim,
2538 5329 2572 5381 t_
2600 5320 2702 5362 etc.
2740 5308 2929 5381 liuet!”
2968 5310 3018 5361 τί
3057 5310 3116 5362 τὸ
3147 5311 3245 5379 μὲν
3278 5311 3429 5381 τιμᾷ,
3460 5320 3549 5362 etc

2363 5380 2473 5500 (9'9)
2506 5378 2712 5448 Ίέμῃς.
2747 5379 2837 5433 Sic
2883 5379 3074 5449 chg.,
3106 5372 3215 5445 bitt,
3271 5372 3466 5433 1ιιί.Ἰιι
3521 5378 3636 5441 ed.,
3685 5372 3843 5442 θέλῃς.

2363 5466 2404 5500 ie
2432 5467 2491 5500 IS.
2519 5468 2537 5499 δ

2298 5470 2315 5501 1
2346 5466 2491 5502 ι’ριιδ.
2519 5468 2537 5499 ι

2363 5521 2437 5589 (l)
2474 5519 2557 5583 Τῷ
2624 5520 2961 5587 χαρίσματι.
3033 5518 3123 5572 Sic
3176 5517 3352 5587 plures
3380 5517 3536 5572 codd.
3574 5516 3631 5569 ltt
3671 5512 3771 5571 ed..
3795 5509 3841 5559 τὶ

2289 5591 2606 5660 χαρίσματι.

2362 5655 2438 5725 (:2)
2461 5655 2543 5710 ".0
2565 5666 2765 5728 gnam-3.
2808 5658 2990 5711 Plurcs
3024 5656 3216 5726 lic-3g,
3245 5673 3271 5712 a
3299 5672 3441 5728 ttqtte
3460 5655 3675 5727 optimm
3703 5658 3839 5709 ιιυιιε,

2291 5742 2342 5784 et
2371 5722 2534 5792 Elius,
2559 5722 2603 5782 ὦ
2637 5729 2783 5796 κενέ,
2830 5746 2848 5780 ι
2880 5746 2911 5784 o
2941 5745 3091 5784 tunc.
3112 5722 3140 5779 ι
