4010 6316
164 380 254 436 253

907 376 1164 435 ORATIO
1205 380 1442 437 XXXIV.
1484 412 1553 422 —
1592 381 1659 437 IN
1701 380 2180 438 A‘JGYPTIORUM
2217 379 2595 437 ADVENTUM

3266 384 3376 441 ΞΜ

165 498 191 567 ἦ
221 496 275 549 τὸ
308 495 411 548 πᾶν
442 493 727 565 ἁτίμασον,
775 495 880 558 ἵνα,
920 496 1019 549 κᾶν
1062 498 1286 570 ἀσεὸῇς,
1327 499 1462 553 ἀλλὰ
1497 499 1705 571 σεαυτῷ

1825 499 2071 555 livinitati
2119 500 2382 554 arbitrum
2437 480 2983 569 praebensIutmiihi
3032 499 3377 569 baptismum,

162 604 217 655 γε
248 586 527 745 Mileum»;
569 581 655 659 ᾖς,
693 586 766 655 μὴ
810 587 1008 656 κρίνων
1057 590 1255 653 ἀνίσως
1318 590 1479 660 φύσιν
1534 591 1716 662 ὁμότι-

165 693 252 745 μον
275 676 326 745 (3
353 715 367 728 .

165 693 252 748 μον
275 676 367 745 (3)-

1812 590 1894 646 vel
1927 606 2012 646 me
2057 591 2230 660 ipsum
2283 590 2459 660 potius
2505 604 2601 660 per
2654 590 2999 657 baptismum,
3065 590 3249 644 seces?
3275 591 3381 645 Aut

1815 690 1984 737 totum
2019 683 2221 737 honore
2253 696 2596 752 prosequere,
2631 696 2663 735 ο
2697 696 2830 736 nove
2874 680 3136 746 theologe,
3167 690 3259 734 aut
3299 691 3381 735 to-

140 772 260 820 ‘tum
290 782 497 835 sperne,
526 775 606 829 ιιι,
632 766 840 821 etiamsi
890 768 1082 837 impius
1112 767 1206 834 sis,
1245 771 1337 826 tibi
1376 779 1553 828 tamen
1599 769 1714 841 ipse
1750 779 1985 837 constes,
2062 782 2308 825 naturam
2380 771 2583 824 honore
2621 786 2801 840 parem
2838 773 3244 846 haudquaquam
3269 777 3383 833 dis-

165 858 264 928 pari
291 857 442 910 modo
469 860 800 926 expendens.

225 948 314 1001 II‘.
345 948 654 1017 Κεφάλαιον
698 949 753 1001 δὲ
797 949 890 1002 τοῦ
926 950 1119 1018 λόγου·
1171 952 1325 1005 Μετὰ
1370 952 1478 1006 τῶν
1524 970 1714 1025 χερου-

167 1036 338 1106 σιμμ)
369 1036 616 1099 δόξασόν,
650 1039 986 1107 συναγόντων
1019 1039 1117 1102 τὰς
1141 1043 1289 1111 τρεῖς
1322 1042 1613 1113 ἁγιότητας
1635 1046 1715 1108 είς

169 1128 279 1196 μίαν
307 1127 624 1196 κυριότητα,
668 1129 763 1180 καὶ
802 1130 1051 1183 τοσοῦτον
1099 1131 1570 1200 παραδεικνύντων
1616 1135 1715 1205 τῆς

167 1216 364 1286 πρώτης
394 1217 607 1282 οὐσίας,
641 1219 764 1272 ὅσον
795 1219 1145 1288 ὑπανοίγουσι
1175 1224 1286 1285 τοῖς
1319 1223 1624 1291 φιλοπόνως
1657 1226 1714 1277 αἱ

168 1309 430 1379 πτέρυγες.
464 1309 625 1362 Μετὰ
664 1309 826 1363 Δαὸὶδ
865 1311 1182 1383 φωτίσθητι,
1217 1314 1353 1384 πρὸς
1380 1314 1441 1368 τὸ
1476 1316 1590 1385 φῶς
1635 1316 1716 1369 λέ-

166 1415 355 1470 γοντος’
386 1400 490 1453 Ἕν
512 1402 595 1466 τῷ
615 1404 763 1470 φωτί
789 1416 906 1455 σου
933 1403 964 1455 ό
973 1404 1198 1471 ψόμεθα
1222 1404 1368 1473 φῶς,
1393 1402 1502 1461 οἷον
1526 1408 1715 1481 ὥσπερ

167 1492 214 1543 ὲν
248 1489 319 1560 τῷ
366 1490 650 1562 Πνεῦματι
684 1493 773 1545 τὸν
804 1494 960 1546 Υίόν·
992 1488 1052 1547 οὗ
1085 1495 1137 1548 τί
1162 1496 1228 1549 ἂν
1269 1498 1477 1566 γένοιτο
1514 1501 1715 1570 τηλαυ-

165 1582 429 1654 γέστερονς
470 1585 634 1638 Μετὰ
687 1585 930 1639 Ἰωάννου
973 1585 1286 1658 βρόντησον,
1338 1590 1430 1643 τοῦ
1476 1591 1592 1643 υίοῦ
1620 1593 1718 1663 τῆς

167 1676 392 1747 βροντῆς,
427 1677 601 1748 μηδὲν
632 1680 757 1749 περὶ
799 1678 933 1731 Θεοῦ
964 1681 1216 1734 ταπεινὸν
1246 1682 1415 1752 ἠχῶν,
1462 1682 1582 1754 μηδ’
1610 1685 1718 1737 ἀπὸ

166 1767 272 1837 γῆς,
321 1768 433 1820 ἀλλ’
467 1769 676 1839 ὑψηλὸν
726 1770 819 1823 καὶ
872 1773 1145 1843 μετέωρον
1197 1772 1306 1840 (τὸν
1359 1774 1417 1827 ὲν
1474 1774 1612 1845 ἀρχῇ
1656 1792 1715 1827 τε

165 1860 293 1920 ὄντα,
322 1860 415 1913 καὶ
446 1860 589 1928 πρὸς
619 1860 709 1913 τὸν
737 1861 867 1913 Θεὸν
906 1862 1054 1924 ὄντα,
1100 1863 1190 1916 καὶ
1216 1863 1345 1917 Θεὸν
1371 1863 1559 1932 Λόγον,
1585 1865 1715 1918 Θεὸν

165 1950 445 2017 γινώσκων,
480 1950 582 2003 καὶ
616 1951 748 2003 Θεὸν
792 1952 1040 2022 ἀληθινὸν
1080 1954 1137 2017 ἐξ
1183 1954 1436 2025 ἀληθινοῦ
1484 1957 1713 2028 Πατρός,

164 2039 263 2091 ἀλλ’
285 2040 343 2091 οὐ
379 2040 668 2095 σύνδουλόν
702 2042 925 2110 ἀγαθὸν,
964 2043 1081 2097 υίοῦ
1116 2047 1455 2118 προσηγορίᾳ
1483 2048 1618 2120 μόνῃ
1640 2049 1718 2118 (5)

163 2132 538 2201 τετιμημένον
596 2132 691 2185 καὶ
735 2133 827 2186 τὸν
876 2134 1034 2187 ἄλλον
1089 2135 1468 2205 Παράκλητον,
1518 2138 1717 2210 δηλαδῆ

163 2219 302 2273 ἄλλον
331 2219 423 2271 τοῦ
449 2219 706 2288 λέγοντος
724 2237 738 2251 ’
776 2219 909 2273 Θεοῦ
938 2221 994 2274 δὲ
1025 2222 1103 2291 (6)
1133 2224 1161 2274 ό
1201 2222 1393 2292 Λόγος)
1416 2240 1429 2252 ·
1466 2224 1559 2276 καὶ
1590 2225 1717 2277 ὅταν

168 2310 271 2378 μὲν,
306 2309 451 2378 Ἐγὼ
477 2310 577 2363 καὶ
602 2313 635 2363 ὁ
659 2310 863 2380 Πατὴρ
887 2311 957 2365 ἓν
981 2312 1189 2381 ἐσμεν,
1218 2314 1596 2387 ἀναγινώσκῃς
1618 2317 1715 2386 (7),

164 2400 216 2451 τὸ
252 2401 480 2469 συναφὲς
523 2402 628 2471 τῆς
676 2402 865 2465 οὐσίας
915 2404 1399 2475 ἐνοπτριζόμενος·
1451 2406 1578 2459 ὅταν
1628 2407 1715 2469 δὲ,

164 2492 299 2558 Πρός
326 2491 513 2545 αὑτὸν
548 2492 944 2561 ἐλευσόμεθα,
995 2494 1092 2546 καὶ
1134 2494 1335 2563 μονὴν
1379 2496 1514 2563 παρ’
1560 2496 1720 2561 αὐτῷ

165 2587 538 2652 ποιησόμεθα,
590 2584 652 2637 τὸ
684 2584 1011 2657 διῃρημένον
1047 2585 1155 2638 τῶν
1190 2586 1540 2639 ὑποστάσεων
1568 2586 1719 2654 λογι-

167 2673 394 2742 ζόμενος·
425 2676 560 2728 ὅταν
590 2674 670 2737 δὲ,
709 2674 772 2727 τὸ
814 2674 1047 2745 Πατρὸς,
1092 2675 1187 2729 καὶ
1233 2675 1397 2741 Υἰοῦ,
1441 2677 1537 2730 καὶ
1565 2677 1719 2746 ἁγίου

168 2767 461 2838 Πνεῦματος
485 2767 685 2837 όνομα,
711 2769 806 2832 τὰς
834 2771 984 2840 τρεῖς
1020 2767 1308 2840 ἰδιότητας.

226 2948 313 2999 1Δ’.
353 2946 508 3005 Μετὰ
558 2947 745 2999 Λουκᾶ
774 2946 1162 3017 ὲμπνεύσθητι,
1196 2949 1315 3011 ταῖς
1345 2947 1581 3019 Πράξεσι
1613 2946 1720 3001 τῶν

167 3038 454 3091 ἀποστόλων
485 3037 860 3109 προσομιλῶν.
894 3039 958 3090 Τί
993 3038 1129 3107 μετὰ
1168 3038 1411 3091 Ἀνανίου
1435 3039 1601 3111 τάττῃ
1626 3039 1720 3091 καὶ

1880 952 2025 1008 XIII.
2045 951 2125 1007 Sit
2147 958 2325 1005 autem
2349 949 2448 1003 hoc
2473 948 2733 1004 orationis
2755 961 2912 1018 caput
2932 970 2943 1006 ;
2961 952 3125 1023 626
3148 954 3380 1007 divinam

1811 1044 2035 1115 gloriam
2069 1058 2187 1096 cum
2217 1040 2521 1107 seraphinis
2554 1039 2807 1106 praedica,
2832 1040 2918 1108 qui
2947 1052 3052 1095 tres
3074 1042 3383 1096 sanctitates

1813 1136 1865 1191 in
1901 1149 2061 1189 unam
2115 1133 2533 1187 dominationem
2562 1129 2609 1161 "
2639 1131 2986 1194 contralmnt,
3051 1133 3385 1200 primamque

1812 1228 2095 1283 essentiam
2126 1227 2385 1279 haetenus
2440 1223 2701 1286 indicant,
2731 1234 2999 1292 quatenus
3029 1238 3145 1277 cam
3183 1224 3385 1277 studio-

1811 1321 1886 1374 sis
1910 1318 2213 1372 hominihus
2241 1330 2426 1369 eorum
2459 1315 2554 1368 alae
2578 1313 2847 1384 paululum
2879 1314 3144 1379 aperiunt.
3184 1313 3383 1366 lllumi-

1813 1424 1943 1463 nare
1979 1423 2098 1463 cum
2146 1406 2361 1470 Davide,
2398 1404 2488 1474 qui
2524 1404 2603 1459 sic
2637 1404 2815 1458 lumen
2847 1404 3170 1471 alloquitur:
3203 1402 3267 1456 In
3294 1403 3378 1457 lué

1811 1499 1949 1551 mine
1974 1507 2062 1551 tuo
2085 1496 2365 1550 videbimus
2403 1494 2577 1548 lumen
2618 1493 2683 1559 ⁷⁸,
2719 1493 2818 1547 hoc
2853 1503 2933 1548 est
2974 1494 3025 1546 in
3061 1492 3260 1562 Spiritu
3291 1492 3383 1547 Fi-

1815 1586 1940 1639 lium
1969 1604 1983 1640 :
2014 1603 2119 1654 quo
2146 1585 2270 1654 quid
2307 1583 2558 1652 fulgidius
2604 1596 2722 1637 esse
2768 1582 2972 1651 possit?
3013 1582 3143 1637 Cum
3176 1581 3384 1636 Joanne

1815 1679 1929 1744 illo,
1963 1677 2181 1733 tonitrui
2233 1676 2341 1729 lilio
2369 1676 2438 1740 ⁷⁸,
2478 1675 2681 1739 intona,
2718 1674 2851 1728 nihil
2880 1676 2943 1728 de
2979 1674 3087 1729 Deo
3120 1673 3382 1743 abjectum

1821 1783 1883 1822 ac
1937 1778 2208 1822 terrenum
2266 1767 2543 1831 insonans,
2596 1763 2689 1819 sed
2745 1764 3018 1818 excelsum
3070 1771 3123 1817 et
3162 1762 3388 1817 sublime

1820 1857 2034 1930 (nempe
2084 1854 2318 1911 Verbum
2370 1855 2518 1918 illud,
2565 1853 2706 1923 quod
2768 1854 2819 1907 in
2853 1853 3113 1923 principio
3157 1862 3303 1916 erat,
3335 1861 3389 1905 ct

1817 1950 1954 2018 apud
1988 1950 2151 2003 Deum
2184 1956 2324 2013 erat,
2358 1957 2413 2001 et
2449 1949 2587 2001 Deus
2615 1955 2732 2001 erat
2759 1945 2825 2008 ⁷⁸,
2863 1945 3028 1999 Deum
3074 1959 3388 2014 agnoscens,

1817 2048 1865 2093 et
1891 2038 2054 2092 Deum
2083 2051 2267 2091 verum
2295 2051 2360 2091 ex
2387 2035 2544 2089 Patre
2571 2050 2716 2100 vero,
2743 2048 2846 2087 non
2872 2042 3044 2086 autem
3074 2047 3389 2087 conservum

1817 2132 2038 2195 bonum,
2073 2129 2187 2185 solo
2210 2127 2329 2183 Filii
2355 2129 2569 2183 nomine
2601 2136 2849 2182 ornatum
2875 2138 2892 2178 :
2914 2137 3073 2193 atque
3102 2124 3265 2177 alium
3293 2123 3393 2177 Pa-

1817 2227 2096 2291 racletum,
2122 2225 2307 2291 alium,
2337 2224 2575 2293 inquam,
2626 2223 2692 2277 ah
2715 2236 2779 2276 eo
2802 2222 2891 2291 qui
2921 2221 3273 2290 loquebatur;
3298 2221 3389 2274 Dei

1817 2330 1976 2385 porro
2003 2313 2232 2368 Verbum
2253 2311 2622 2381 loquebatur);
2651 2324 2877 2378 eamque
2906 2310 3166 2362 rationem
3196 2307 3368 2361 iniens

1818 2416 1871 2460 ul
1902 2421 2021 2459 cum
2058 2405 2143 2460 illa
2173 2403 2303 2474 legis
2331 2422 2346 2455 :
2395 2401 2505 2472 Ego
2539 2414 2585 2456 et
2625 2401 2785 2455 Pater
2821 2416 2980 2453 unum
3009 2416 3185 2453 sumus
3216 2398 3285 2465 ",
3307 2414 3393 2452 es-

1818 2497 2003 2553 sentia:
2028 2494 2460 2565 conjunctiouem
2491 2494 2583 2547 tibi
2623 2494 2691 2547 ob
2721 2491 2908 2546 oculos
2934 2506 3200 2561 prOpnnas
3227 2506 3242 2544 :
3268 2504 3389 2543 cum

1819 2597 1997 2643 autem
2051 2586 2136 2639 illa
2168 2606 2181 2639 :
2217 2586 2297 2638 Ad
2338 2602 2453 2639 eum
2494 2585 2775 2644 veniemus,
2801 2590 2849 2635 et
2898 2581 3216 2634 mansionem
3248 2579 3389 2648 apud

1818 2692 1934 2731 eum
1960 2676 2209 2745 faciemus
2232 2675 2300 2739 ",
2327 2688 2673 2743 personarum
2714 2672 3107 2726 distinctionem
3153 2671 3389 2739 cogites:

1819 2782 1938 2821 cum
1986 2783 2114 2823 vero
2160 2766 2355 2831 Patris,
2408 2775 2455 2821 et
2506 2765 2652 2828 Filii,
2698 2774 2753 2818 et
2793 2764 3028 2833 Spiritus
3084 2763 3256 2818 sancti
3296 2776 3393 2817 no-

1818 2874 1940 2913 men
1957 2861 2028 2923 ⁷⁸,
2064 2867 2173 2913 tres
2198 2859 2549 2929 praprietates
2574 2869 2805 2926 spectes.

1886 2949 2025 3005 XIV.
2080 2949 2214 3004 Cum
2262 2948 2403 3003 Luca
2460 2949 2714 3003 divinitus
2763 2946 2986 3011 amare,
3032 2945 3394 3015 apostolorum

1816 3041 1949 3097 Acta
1984 3042 2185 3111 legens.
2214 3041 2349 3108 Quid
2381 3050 2431 3094 te
2451 3040 2671 3094 Anauia:
2687 3039 3037 3108 Suphirmque
3052 3037 3097 3069 '°
3128 3036 3397 3106 adjungis,

168 3130 461 3202 Σαπφείρας
482 3130 601 3183 τῶν
624 3129 824 3182 καινῶν
843 3129 917 3199 (8)
939 3129 1240 3198 νοσφιστῶν
1262 3130 1337 3198 (εί
1351 3147 1413 3197 γε
1438 3130 1621 3182 καινὸν
1639 3130 1713 3199 (9)

1825 3133 1976 3187 novis
2008 3133 2113 3186 illis
2143 3133 2382 3201 pecunia:
2426 3129 2664 3185 furibus?
2700 3128 2857 3201 (nova
2887 3129 3087 3183 etenim
3124 3128 3263 3181 haud
3292 3128 3397 3180 du-

167 3220 314 3284 ίητως
339 3224 373 3293 ἡ
403 3222 512 3276 τῶν
548 3220 698 3274 ίδίων
734 3219 954 3291 κλοπὴ),
988 3220 1082 3273 καὶ
1116 3218 1287 3273 ταῦτα
1312 3218 1715 3290 νοσφιζόμενος,

168 3315 253 3366 οὐκ
278 3313 560 3385 ἀργύριον,
590 3312 698 3365 οὐδ’
731 3311 859 3366 ἄλλο
880 3328 933 3365 τι
960 3311 1069 3364 τῶν
1098 3311 1326 3364 εὐτελῶν
1356 3312 1449 3365 καὶ
1483 3312 1715 3384 μικρῶν,

169 3397 263 3454 οἷον
287 3403 537 3472 γλῶσσαν
579 3405 808 3474 χρυσῆν,
848 3401 883 3472 ἢ
913 3401 1219 3473 ψιλὴν(10),
1248 3402 1282 3473 ἢ
1306 3402 1621 3473 δίδραχμον,
1644 3403 1720 3469 ῶς

172 3509 283 3545 ποτε
308 3491 653 3564 στρατιώτης
678 3492 968 3563 ἄπληστος,
1002 3492 1113 3545 ἀλλ’
1136 3492 1303 3560 αὐτὴν
1334 3490 1580 3545 κλέπτων
1603 3491 1721 3546 θεό-

170 3601 306 3655 τητα,
355 3585 449 3638 καὶ
481 3583 839 3653 ψευδόμενος,
887 3582 988 3634 οὒκ
1029 3580 1334 3652 ἄνθρωπον,
1388 3579 1525 3634 ἀλλὰ
1567 3580 1721 3646 Θεὸν,

171 3678 289 3748 ὅπερ
322 3678 600 3747 ἥκουσαςς
652 3673 750 3735 Τίς
805 3672 956 3743 Μηδὲ
1006 3673 1104 3743 τὴν
1162 3672 1411 3737 ἐξουσίαν
1459 3673 1581 3745 αίδῇ
1632 3674 1723 3727 τοῦ

172 3768 486 3837 Πνευματος,
524 3767 611 3835 ἐφ’
635 3764 729 3829 οὓς
754 3764 917 3828 ϐέλει,
942 3764 1036 3817 καὶ
1056 3764 1237 3835 ἡνίκα,
1253 3766 1347 3817 καὶ
1374 3766 1499 3819 ὅσον
1529 3766 1723 3819 πνέον-

171 3874 276 3921 τος;
316 3858 609 3925 Ἐπιδημεῖ
638 3856 741 3917 τοῖς
769 3854 897 3927 περὶ
914 3852 1210 3924 Κορνήλιον
1251 3852 1356 3924 πρὸ
1400 3852 1491 3905 τοῦ
1530 3853 1725 3924 βαπτί-

175 3964 376 4017 σματος,
396 3948 580 4011 ἄλλοις
607 3946 744 4017 μετὰ
766 3946 826 3998 τὸ
857 3944 1135 4015 βάπτισμα
1148 3943 1235 3996 διὰ
1262 3943 1369 3996 τῶν
1395 3944 1723 4001 ἀποστόλων.

174 4038 318 4092 Ὥστε
350 4037 765 4109 ἀμφοτέρωθεν,
797 4037 860 4091 ἐκ
878 4055 937 4091 τε
959 4029 1033 4090 ῶν
1066 4035 1447 4106 ἐπιφοιτᾷῌί)
1481 4035 1728 4091 δεσποτι-

174 4128 289 4192 κῶς,
322 4130 432 4183 ἀλλ’
458 4130 523 4183 οὐ
572 4128 852 4192 δουλικῶς,
885 4129 980 4181 καὶ⁵
1011 4128 1069 4194 ἐξ
1116 4119 1190 4180 ὧν
1222 4127 1562 4197 ὲπιζητεῖται
1593 4129 1730 4199 πρὸς

173 4219 261 4289 τὴν
288 4220 585 4285 τελείωσιν,
609 4220 706 4290 τὴν
732 4218 961 4290 θεότητα
991 4217 1382 4289 μαρτυρεῖσθαι
1411 4217 1504 4270 τοῦ
1558 4218 1730 4271 Πνεῦ-

179 4327 327 4378 ματος

238 4402 328 4455 lE'.
362 4401 519 4456 Μετὰ
543 4400 757 4455 Παύλου
784 4400 1121 4469 θεολόγησον,
1154 4398 1246 4451 τοῦ
1274 4398 1408 4470 πρὸς
1433 4397 1612 4469 τρίτον
1642 4400 1733 4451 οὑ-

1823 3224 1909 3278 bie
1934 3232 2017 3278 est
2041 3224 2377 3293 propriarum
2418 3238 2592 3276 rerum
2620 3220 2937 3289 subreptio),
2972 3219 3135 3288 idque
3166 3233 3269 3272 non
3301 3232 3396 3284 pe-

1823 3315 2057 3381 cuniam,
2087 3322 2180 3367 aut
2205 3313 2350 3367 aliud
2385 3314 2662 3383 quidpiam
2695 3312 2809 3367 leve
2840 3322 2891 3367 et
2925 3310 3101 3380 exigui
3133 3311 3285 3379 pretii
3316 3325 3399 3364 su-

1823 3420 2068 3467 surans,
2100 3414 2157 3459 ut
2205 3405 2438 3476 linguam
2494 3420 2737 3471 auream,
2787 3403 3242 3473 paludamentum,
3303 3407 3397 3454 aut

1824 3496 2156 3560 didrachma,
2193 3505 2251 3547 ut
2279 3495 2549 3564 quondam
2580 3508 2773 3548 avarus
2805 3493 2957 3547 miles
2982 3492 3049 3555 '“,
3077 3491 3168 3545 sed
3230 3492 3397 3559 ipsam

1824 3584 2155 3640 divinitatem
2178 3585 2504 3653 subripiens,
2532 3599 2594 3638 ac
2618 3585 2725 3638 Deo
2748 3599 2853 3637 non
2886 3584 3083 3636 homini
3111 3583 3394 3645 mentiens,

1828 3685 1886 3730 ut
1914 3674 2202 3743 Scriptum
2227 3676 2402 3729 verbis
2427 3684 2546 3728 utar
2573 3676 2641 3731 ".
2671 3674 2850 3741 Quid?
2881 3672 2955 3728 Ne
2985 3674 3151 3741 ipsam
3182 3671 3395 3740 quidem

1831 3768 2098 3822 revereris
2110 3767 2342 3837 Spiritus
2354 3775 2692 3835 potestatem,
2708 3765 2819 3835 qui,
2844 3765 2895 3818 in
2913 3779 3069 3835 quos.
3096 3770 3148 3816 et
3164 3761 3396 3830 quando,

1836 3868 1888 3911 et
1913 3869 2169 3928 quantum
2201 3859 2313 3911 vult
2358 3858 2529 3928 spirat
2549 3857 2633 3910 ”?
2662 3856 2741 3911 Ad
2785 3855 3089 3910 Cornelium
3141 3862 3266 3906 aute
3310 3851 3395 3903 ba-

1829 3950 2080 4019 ptismum
2129 3950 2382 4012 accedit;
2441 3949 2507 4003 ad
2582 3950 2737 4012 alios,
2806 3947 3164 4015 apostolorqu
3214 3959 3395 4012 Opera,

1811 4049 1951 4108 .post
1974 4040 2295 4109 baptismum
2319 4044 2382 4100 ⁸⁸,
2400 4038 2475 4093 Ita
2509 4040 2779 4107 utrinque,
2811 4052 3000 4107 nempe
3019 4045 3073 4091 et
3096 4048 3237 4089 exeo
3262 4032 3397 4101 quod

1833 4130 2009 4195 herili,
2038 4146 2145 4185 non
2176 4140 2352 4186 autem
2373 4129 2556 4184 servili
2582 4130 2738 4183 modo
2757 4128 2980 4189 accedit,
3007 4135 3057 4180 et
3077 4140 3142 4181 ex
3166 4139 3230 4179 eo
3257 4121 3397 4192 quod

1838 4223 1905 4274 ad
1928 4222 2247 4291 baptismum
2272 4221 2523 4275 omnibus
2550 4221 2783 4276 numeris
2808 4219 3194 4274 absolvendum
3224 4218 3396 4286 requi‘

1835 4314 1997 4377 ritur,
2032 4312 2265 4382 Spiritus
2289 4314 2460 4366 sancti
2489 4312 2738 4366 divinitas
2766 4320 2957 4365 testata
2989 4309 3325 4377 relinquitur.

1904 4403 2023 4460 XV.
2051 4404 2184 4459 Cum
2205 4404 2370 4458 Paulo
2407 4404 2473 4457 de
2500 4404 2658 4456 rebus
2678 4403 2869 4456 divinis
2896 4402 3119 4461 dissere,
3142 4414 3261 4453 cum
3290 4400 3397 4465 illo,

181 4492 322 4561 ρανὸν
374 4492 729 4564 ἀναχθέντος·
782 4492 914 4544 ποτὲ
972 4491 1071 4562 μὲν
1124 4487 1581 4560 συναριθμοῦντος
1630 4489 1729 4553 τὰς
1764 4491 1804 4544 D
1832 4492 2915 4564 inquam,quiadtertiumcwlumevectus
2934 4500 3017 4545 est
3049 4490 3132 4557 ⁸⁸;
3162 4490 3397 4558 quiuon-

177 4588 309 4654 τρεῖς
340 4584 686 4647 ὑποστάσεις,
710 4582 806 4635 καὶ
836 4580 995 4634 τοῦτο
1023 4579 1453 4651 ἐνηλλαγμένως,
1482 4580 1542 4632 οὐ
1567 4597 1724 4651 τετη-

181 4673 413 4742 ρημένως
447 4678 572 4738 ταῖς
598 4672 810 4737 τάξεσι,
850 4669 1338 4743 προαριθμοῦντος,
1372 4671 1728 4742 ὲναριθμοῦν-

243 4812 285 4842 ’³
310 4814 413 4867 lsa.
447 4830 520 4876 ιι,
556 4815 609 4867 ὅ.
686 4812 732 4843 ⁷⁸
754 4810 896 4865 Psal.
931 4825 1093 4876 xxxv,
1117 4810 1202 4864 10.
1279 4809 1325 4840 ⁷⁵
1354 4807 1516 4865 Marc.
1552 4825 1632 4868 ιιι.
1667 4808 1720 4863 17

244 4881 419 4934 Matth.
450 4898 646 4934 xxvm.
681 4881 769 4934 19.
856 4881 903 4911 ⁸⁰
926 4881 1049 4934 Act.
1077 4895 1129 4934 ν.
1158 4882 1179 4933 1
1211 4888 1263 4932 et
1291 4892 1442 4934 seno.
1526 4878 1568 4910 ⁸¹
1599 4877 1709 4934 Jos.

1847 4810 1893 4840 ⁷⁸
1926 4807 2080 4863 Joan.
2122 4824 2159 4873 ι,
2197 4809 2249 4861 1.
2352 4810 2396 4842 ⁷⁷
2430 4807 2584 4863 Joan.
2628 4824 2681 4872 ιι,
2722 4807 2808 4860 50.

1825 4920 1838 4934 .
1870 4879 1959 4934 21.
2035 4880 2079 4911 θ’
2104 4882 2222 4933 Act.
2258 4894 2308 4934 v.
2338 4879 2391 4933 4.
2468 4880 2513 4911 ⁸³
2541 4877 2694 4932 Joan.
2727 4892 2808 4934 ιιι.
2842 4874 2875 4929 8

1632 4895 1709 4935 os.
1743 4895 1838 4946 vn,
1870 4892 1959 4934 ιιι.
2035 4892 2079 4911 "
2104 4892 2222 4933 Act.
2258 4894 2308 4945 v,
2338 4892 2391 4933 4.
2468 4892 2513 4911 υ·
2541 4892 2694 4932 Joan.
2727 4892 2808 4942 Ill,
2842 4892 2894 4929 δ.

180 4880 220 4912 ”
244 4881 419 4938 Matth.
450 4898 646 4949 xxviii,
681 4881 769 4936 19.
856 4881 903 4911 ⁸ο
926 4881 1049 4940 Aet.
1077 4895 1129 4944 v,
1158 4882 1179 4933 1
1211 4888 1263 4932 et
1291 4892 1442 4949 seqq.

181 4964 283 5014 xu,
304 4950 359 5005 2.
429 4953 477 4986 ⁸⁸
505 4951 548 5007 ll
572 4954 697 5007 Cor.
723 4967 819 5015 xu,
843 4950 901 5005 2.

242 5064 314 5130 (3)
361 5066 553 5120 Φύσιν
584 5067 887 5135 ὁμότιμον.
946 5063 1036 5119 Sic
1089 5060 1223 5132 Reg.
1263 5076 1316 5127 a,
1366 5061 1457 5124 hu,
1498 5061 1659 5118 Coisl.
1688 5065 1737 5128 l,

185 5134 382 5189 (Inmb..
413 5146 520 5189 etc.
568 5135 623 5189 lu
674 5134 1018 5189 quihusdam.
1046 5131 1315 5187 lacinuov.
1370 5131 1426 5186 In
1450 5132 1561 5189 οὐ..
1592 5132 1737 5187 ἀσώ-

189 5146 382 5201 l.omn.,
413 5146 520 5190 etc.
568 5146 623 5189 ιιι
674 5146 1018 5204 quibusnam,
1051 5146 1315 5187 ισοτιιιον.
1370 5146 1426 5186 ιιι
1450 5146 1561 5197 eo.,
1592 5146 1737 5187 ασω-

189 5219 427 5284 (mf-ovi}
451 5205 693 5284 corporis
722 5214 1072 5284 expertem.)
1223 5279 1233 5284 Α
1273 5270 1287 5283 .
1383 5269 1401 5284 ‘
1474 5270 1486 5283 _
1683 5273 1714 5284 Α

250 5273 320 5341 (4)
349 5269 653 5357 ξίερουϐίμ.
722 5269 1153 5342 Ιιιηιιίιιιιειιιιιιι,
1187 5270 1327 5325 etin
1383 5269 1523 5325 Isaia
1580 5286 1650 5336 vi,
1681 5273 1737 5339 2,

189 5356 541 5481 “(9%)?
559 5414 773 5468 Addunt
794 5412 943 5478 editi,
971 5429 1046 5477 τι,
1076 5409 1216 5481 quod
1237 5411 1287 5464 in
1311 5407 1550 5479 pluribus
1572 5408 1736 5480 Re“.

191 5491 293 5551 non,
317 5480 538 5549 tegitur?
567 5484 797 5551 ideoque
828 5481 954 5535 illud
981 5480 1289 5551 delevimus.

256 5549 326 5617 (6)
361 5547 506 5606 Θεοῦ
534 5551 620 5605 δέ.
648 5547 738 5607 Sic
773 5562 881 5604 tres
919 5552 1081 5620 Regg.
1116 5550 1271 5603 Deest
1293 5547 1377 5620 δέ,
1397 5548 1447 5601 in
1479 5550 1560 5604 ed.

255 5616 327 5691 (ἶ)
367 5621 812 5691 Ἀνατινώσκῃς.
848 5621 979 5691 Reg.
999 5616 1127 5685 vlim,
1153 5616 1559 5687 ἀναγινώσκεις.

256 5688 328 5828 (8)
354 5688 597 5745 Καινῶν.
628 5691 686 5745 In
713 5688 1054 5759 Quibusdam,
1091 5691 1280 5744 κενῶν.

279 5757 310 5813 9
348 5762 578 5816 Καινόν.
611 5762 667 5816 ln
696 5759 984 5827 nonnullis,
1007 5758 1178 5813 κενόν.

279 5757 328 5826 9)
348 5762 578 5816 Καινόν.
611 5762 667 5816 ln
696 5757 984 5827 nonnullis,
1007 5758 1178 5813 κενόν.

1839 4598 2106 4654 numquam
2119 4596 2222 4640 tres
2238 4584 2400 4657 627
2421 4597 2677 4653 personas
2688 4588 3055 4647 connumerat,
3070 4581 3224 4649 idque
3236 4580 3399 4643 varie,

1841 4691 1940 4729 nec
1966 4676 2456 4732 nominum‘ordine
2483 4683 2715 4738 servato,
2743 4673 2839 4729 sed
2860 4673 3101 4727 eamdem
3124 4686 3400 4740 personam

2914 4806 2959 4839 "
2992 4803 3146 4859 Joan.
3179 4819 3289 4869 xiv,
3313 4803 3402 4857 25.

2996 4874 3044 4907 ”
3068 4876 3189 4928 Act.
3228 4889 3285 4939 χ,
3310 4875 3403 4937 44ε
3458 4942 3463 4943 ί

1847 4810 1893 4840 ⁷⁸
1926 4807 2080 4863 Joan.
2122 4824 2159 4873 ι,
2197 4809 2249 4861 1.
2352 4810 2396 4842 ⁷⁷
2430 4807 2584 4863 Joan.
2628 4824 2681 4872 ιι,
2722 4806 2808 4860 50.

1910 5060 2019 5128 (10)
2052 5058 2266 5125 Ψιλήν.
2322 5054 2377 5110 In
2411 5051 2752 5128 quibusdam,
2788 5047 3023 5128 ψέλλιον,
3061 5046 3159 5128 _vel
3203 5046 3406 5128 ψέλιον,

1844 5151 1861 5184 ι
1891 5116 2232 5192 σίιιι’ἰΙΙ³ιιι,’›
2286 5141 2391 5195 qua
2417 5116 2549 5195 voce
2597 5123 2678 5175 usi
2715 5116 2841 5173 sunt
3060 5116 3406 5195 Interpretes,

1835 5185 1936 5257 Job
1966 5216 2056 5262 XL,
2092 5185 2183 5251 2i;
2214 5185 2412 5252 Verum
2448 5194 2569 5247 ideo
2619 5198 2866 5262 con_slare
2888 5189 3065 5262 debet,
3106 5185 3287 5262 ψιλην,
3321 5202 3400 5239 ve-

1840 5287 1951 5325 ram
1988 5257 2106 5323 esse
2166 5266 2470 5329 lectionem,
2526 5261 2666 5330 quod
2694 5257 2985 5330 Gregorius
3018 5266 3166 5312 notat
3205 5258 3405 5308 furtum

1836 5341 2046 5402 Achan,
2072 5338 2160 5405 qui
2191 5337 2400 5388 furatus
2432 5325 2514 5387 est
2540 5325 2699 5405 ψιλὴν
2738 5325 3059 5405 ποικίληνηι
3083 5332 3282 5379 vestem
3311 5338 3407 5405 va-

1839 5392 1997 5472 riam,
2032 5392 2051 5459 ἱ
2090 5392 2149 5460 nt
2195 5405 2388 5470 legitur
2424 5392 2566 5470 apud
2596 5392 3163 5472 Septuaginta,‘Josue
3191 5392 3403 5472 vt_t,_‘il.

1838 5467 1994 5546 Quod
2022 5487 2202 5546 autem
2230 5467 2597 5546 Theodoretus
2637 5467 2850 5546 στολήν,
2887 5482 2905 5515 ι
2927 5476 3149 5546 vestem,
3177 5480 3196 5511 ι
3242 5467 3405 5546 iu‘ter-

1839 5528 2363 5618 pretati—trICvrillus
2419 5555 2539 5618 esse
2594 5539 2727 5606 vult,
2762 5528 3161 5618 ιὶτεζιξςειιινιτικὴγε
3190 5528 3404 5618 τφὶξήν)

1843 5606 1861 5668 ἱ
1889 5606 2392 5686 paludamentum.»
2417 5609 2674 5686 ‘Yulgata,
2734 5626 2752 5658 ι
2778 5606 2991 5674 pallium
3018 5606 3349 5686 coccineum.
3377 5616 3401 5652 ι

1910 5685 2021 5756 (Η)
2061 5680 2377 5752 Ἐπιφοιτᾷ.
2411 5672 2621 5746 (Sonitu,
2654 5672 3066 5749 προσεπιφοιτᾷ,
3111 5688 3128 5721 ι
3151 5682 3401 5739 superve-

1840 5766 1937 5811 ntl.
1959 5774 1976 5807 ι
