4010 6316
646 298 755 357 359

1884 289 1940 345 S.
1983 288 2316 346 GREGORII
2356 291 2702 348 THEOLOGI
3774 305 3860 361 260

646 410 840 466 rietum
866 406 1165 469 cﬂ'ossorcs,
1196 402 1495 473 przetloncs,
1531 408 1582 454 et
1614 414 1657 455 ε.
1714 400 1832 470 quid
1862 401 2005 455 aliud
2035 403 2211 455 noctis

2315 403 2614 465 ταδύονται,
2643 403 2732 456 ἐπὶ
2759 403 2999 474 κεφαλὴν
3029 406 3270 477 ἀλλήλων
3308 408 3580 480 ἐχόμεναι.
3608 411 3860 469 Πέπαυτιι

642 516 781 571 Opus
830 510 952 561 est,
1006 506 1196 549 exorto
1249 494 1399 565 pacis
1445 492 1693 555 lumine,
1741 492 1980 547 latebras
2038 493 2211 561 petiit.

643 592 888 661 Quamliu
921 604 1079 660 porro
1104 604 1205 641 nox
1246 586 1333 639 illa
1366 595 1503 650 erat,
1530 584 1734 653 erroris
1765 583 1995 650 caligine
2022 592 2214 636 cuncta

642 684 988 759 obscuratis,
1021 680 1197 751 qualia
1231 677 1445 732 tandem
1500 677 1649 731 fuere
1680 690 1801 745 qua:
1848 673 2214 745 gerebantur?

645 776 768 832 Haec
794 774 1055 844 siquidem
1087 770 1355 826 oblivione
1389 768 1606 837 altoque
1654 767 1815 836 digna
1865 766 2079 820 silentio
2107 805 2122 833 ,
2160 774 2218 819 ut

643 881 712 922 ne
737 865 967 921 tristium
1001 877 1179 917 rerum
1214 860 1473 916 memoria
1523 872 1759 928 praesens
1789 858 2039 924 gaudium
2080 871 2214 910 con-

641 958 953 1011 taminetur.
1000 955 1242 1021 Quonam
1288 952 1432 1007 enim
1475 951 1634 1004 modo
1660 990 1675 1015 ,
1703 964 1824 1019 qua:
1863 960 1973 1001 tum
2005 956 2213 1015 patrata

642 1056 768 1104 sunt
804 1046 979 1111 mala,
1019 1045 1286 1114 quispiam
1342 1040 1585 1096 dixerit?
1641 1054 1706 1093 ac
1744 1053 1978 1107 quonam
2032 1053 2215 1090 rursus

642 1139 801 1193 modo
829 1153 891 1192 ea
916 1135 1177 1190 tacuerit?
1207 1135 1327 1202 quis
1350 1131 1415 1186 ad
1442 1131 1586 1186 hunc
1612 1130 1825 1183 modum
1861 1145 1922 1181 ex
1952 1129 2208 1195 tragmtlia

639 1236 939 1283 commotus
965 1228 1087 1281 est?
1118 1240 1237 1295 qum
1278 1224 1454 1278 fabula
1486 1232 1662 1275 tantas
1687 1221 2018 1273 calamitates
2061 1219 2211 1272 ellin-

641 1320 758 1374 xit?
790 1318 909 1387 quis
953 1316 1225 1385 tragoedus
1256 1329 1369 1369 rem
1420 1322 1525 1365 tam
1566 1313 1867 1366 luctuosam
1918 1326 2016 1379 pro
2051 1326 2210 1363 scena

640 1408 1032 1466 conclamarit?
1063 1406 1343 1461 Sermonis
1388 1404 1695 1457 facultatem
1730 1402 2013 1455 calamitas
2058 1417 2215 1469 supe-

642 1510 766 1558 rat:
804 1500 1000 1569 majora
1058 1505 1182 1552 sunt
1228 1495 1390 1562 mala,
1438 1510 1599 1565 quam
1648 1504 1705 1548 ut
1758 1493 1881 1563 quis
1922 1492 2099 1548 verbis
2150 1510 2211 1547 ea

640 1605 830 1645 enarra
841 1604 897 1642 rc
929 1587 1125 1657 possit.

2317 494 2404 546 διὰ
2424 495 2520 564 τῆς
2553 494 2767 564 ἡμέρας
2813 495 3013 566 ταύτης
3061 498 3127 551 τά
3181 499 3292 552 τῶν
3320 502 3629 571 κωμαστῶν
3652 505 3743 556 καὶ
3773 507 3860 559 τῶν

2321 584 2625 656 μεθυόντων
2657 587 3025 657 συντάγματα.
3044 589 3381 653 Λωποδύται,
3416 592 3509 644 καὶ
3544 594 3860 666 τοιχωρύχοι,

2319 669 2410 721 καὶ
2438 668 2685 732 κλέπται,
2711 670 2806 723 καὶ
2830 669 2885 721 εἴ
2902 687 2954 723 τι
2972 671 3098 725 ἄλλο
3127 672 3227 743 τῆς
3242 674 3434 737 νυκτὸς
3454 674 3613 745 ἔργον
3639 679 3768 740 ἐστὶ,
3784 680 3861 733 τοῦ

2318 759 2493 827 φωτὸς
2524 761 2621 830 τῆς
2642 761 2862 833 εἰρήνης
2884 764 3350 831 ὲπανατείλαντος,
3378 766 3701 837 κέκρυπται.
3741 769 3862 833 Ἕως

2316 850 2370 903 δὲ
2391 846 2456 920 ἦν
2482 853 2513 920 ἡ
2548 851 2643 915 νὺξ
2672 852 2851 923 ἐκείνη
2896 853 2974 924 τῷ
3024 856 3121 925 τῆς
3153 856 3368 927 ἀπάτης
3396 858 3579 928 γνόφῳ
3612 858 3681 911 τά
3711 860 3862 913 πάντα

2318 942 2803 1007 κατασκοτίζουσα,
2831 940 2918 998 οἶα
2940 942 3007 1016 ἦν
3036 948 3101 1001 τὰ
3124 948 3471 1019 πραττόμενα
3495 966 3509 1014 ;
3546 950 3730 1020 Λήθης
3758 952 3863 1018 ἀξια

2318 1033 2410 1084 καὶ
2440 1032 2659 1102 βαθείας
2692 1036 2869 1107 σιγῆς,
2922 1037 2996 1100 ὼς
3027 1040 3091 1092 ἂν
3141 1039 3213 1109 μὴ
3244 1041 3433 1112 μνήμῃ
3482 1040 3590 1094 τῶν
3636 1042 3865 1112 ἀηδεστέ-

2319 1139 2446 1192 ρων,
2472 1126 2503 1194 ἡ
2533 1126 2778 1196 παροῦσα
2805 1127 2963 1205 χάρις
3008 1129 3451 1199 καταμολύνοιτο.
3502 1130 3626 1193 Πῶς
3669 1132 3774 1201 γὰρ
3809 1133 3862 1185 ἄν

2278 1280 2283 1281 ν
2318 1229 2399 1275 τις
2441 1214 2581 1266 εἴποι
2614 1214 2680 1267 τὰ
2709 1218 2827 1268 κατ’
2877 1216 3045 1288 αὐτῆς
3082 1218 3257 1284 κακά;
3314 1220 3429 1281 πῶς
3475 1219 3531 1272 δὲ
3558 1220 3622 1272 ἄν
3674 1237 3758 1283 τις
3785 1223 3863 1274 καὶ

2321 1306 2649 1373 σιωπήσειε;
2701 1307 2753 1357 τί
2806 1307 2977 1371 πάθος
3041 1310 3104 1361 ἐκ
3135 1309 3441 1378 τραγῳδίας
3492 1309 3763 1371 τοιοῦτονς
3793 1311 3861 1374 τίς

2319 1389 2485 1458 μῦθος
2519 1393 2801 1464 συμφοράς
2856 1395 3245 1459 ἀναπλάσσωνς
3285 1398 3369 1459 τίς
3406 1399 3633 1469 ποιητὴς
3671 1400 3862 1470 δραμάο

2315 1500 2421 1537 των
2453 1483 2689 1536 τοιοῦτον
2746 1486 2839 1537 ἐπὶ
2868 1486 3072 1556 σκηνῆς
3100 1487 3266 1551 πάθος
3296 1488 3552 1559 ἐϐόησενς
3600 1491 3767 1559 ’Υπὲρ
3793 1491 3863 1545 λό-

2315 1589 2409 1637 γον
2450 1574 2483 1642 ἡ
2524 1575 2794 1645 συμφοράο
2828 1576 2968 1645 ὑπὲρ
3008 1577 3103 1647 τὴν
3130 1578 3357 1632 δύναμιν
3386 1580 3493 1632 τῶν
3513 1581 3864 1654 διηγουμένων

2315 1666 2383 1716 τά
2414 1665 2581 1734 πάθη.

711 1764 803 1815 Ill.
846 1763 1054 1815 Chorus
1089 1761 1197 1822 illc,
1233 1758 1433 1813 diaboli
1467 1757 1624 1812 sedes
1653 1768 1706 1811 et
1753 1758 2206 1826 propugnaculum

2383 1752 2422 1805 Γ
2424 1760 2456 1804 ’.
2504 1753 2868 1827 Ὀρμητήριον
2912 1751 2980 1827 ἦν
3027 1756 3120 1810 τοῦ
3159 1759 3404 1814 διαϐόλου
3465 1765 3495 1815 ό
3548 1762 3864 1834 χορός

637 1863 774 1908 erat.
806 1852 903 1907 Hic
935 1853 1034 1906 sibi
1064 1851 1360 1905 exercitum
1393 1850 1771 1910 constituerat,
1802 1864 1865 1902 ac
1893 1848 2208 1903 defensores

639 1952 695 1999 ct
718 1942 973 1999 satellites
1006 1942 1058 1995 in
1093 1956 1158 1994 eo
1198 1940 1509 1995 collocarat.
1564 1939 1659 1993 Hic
1711 1938 1973 1992 mendacii
2005 1948 2206 2002 castra,

637 2033 838 2087 erroris
881 2040 1337 2100 propugnatores,
1384 2030 1689 2082 daemonum
1743 2028 2054 2095 expeditio,
2107 2027 2209 2081 im-

638 2123 955 2178 mundorum
1001 2122 1280 2191 spirituum
1325 2119 1596 2189 legiones;
1650 2134 1734 2182 ac,
1787 2120 1831 2174 si
1881 2119 2008 2186 quid
2041 2118 2206 2173 etiam

639 2224 986 2268 externorum
1033 2212 1308 2265 nominum
1358 2223 1620 2277 usurpare
1653 2209 1801 2270 licet.
1847 2209 1970 2264 hinc
2013 2224 2209 2278 pravus

640 2303 920 2358 Furiarum
946 2304 1214 2357 exercitus
1239 2302 1497 2356 adversus
1517 2300 1809 2355 Ecclesiam
1852 2300 2209 2355 debacchatus

637 2404 739 2449 est.
770 2394 863 2450 Sic
901 2394 1045 2449 enim
1093 2394 1352 2457 adducor,
1399 2401 1459 2447 ut
1518 2407 1611 2448 eas
1657 2392 1883 2447 feminas
1919 2392 2209 2461 appellem,

635 2502 757 2554 qua:
786 2500 946 2554 supra
979 2493 1224 2539 naturam
1254 2485 1319 2539 ad
1356 2485 1555 2538 malum
1593 2484 1781 2540 viriles
1817 2500 1936 2539 sese
1964 2485 2208 2555 praebue-

640 2586 785 2629 runt.
809 2574 924 2629 Una
953 2587 1070 2631 erat
1095 2577 1146 2630 in
1172 2575 1358 2631 diebus
1384 2575 1511 2630 Elim
1549 2574 1767 2631 Jezabel
1796 2576 2057 2631 adversus
2087 2593 2211 2646 pro-

638 2669 829 2738 phetas
877 2667 1082 2722 Domini
1127 2670 1325 2723 czedem
1353 2668 1611 2723 anhelans
1637 2670 1715 2732 “;
1751 2683 1985 2737 eamque
2036 2669 2207 2737 inspi-

639 2767 756 2812 rata
785 2759 1034 2814 divinitus
1069 2759 1345 2829 Scriptura
1370 2762 1686 2829 proscindit,
1718 2770 1797 2823 ut,
1834 2776 1949 2814 mea
1982 2762 2203 2830 quidem

639 2850 938 2915 sententia,
980 2866 1138 2905 omne
1178 2850 1431 2921 deinceps
1473 2851 1725 2906 saxulum
1753 2891 1767 2913 ,
1810 2852 2101 2920 pctulantis
2147 2867 2210 2906 ac

637 2940 917 3010 impudica:
940 2941 1177 2997 ntnlieris
1209 2943 1607 3006 recordatione,
1640 2943 1945 2995 erudiatur.
1977 2940 2203 3006 Verum,

637 3043 770 3103 quot
812 3031 1046 3089 Jezabeli
1094 3036 1216 3089 huic
1254 3034 1494 3097 similes,
1530 3036 1675 3088 velut
1718 3035 1931 3099 cicuta,
1967 3049 2037 3088 ex
2065 3036 2196 3101 agro
2237 3072 2281 3134 Ο

639 3135 862 3194 repente
905 3126 1263 3196 pullularunt,
1304 3126 1495 3194 majori
1537 3125 1697 3196 631
1742 3139 1953 3195 quoque
2000 3126 2205 3180 smvitia

638 3229 780 3279 eam,
835 3232 992 3285 quam
1044 3217 1501 3280 commemoravi,
1556 3226 1897 3285 superantes.
1952 3215 2104 3281 Quod
2162 3216 2208 3271 si

640 3305 797 3360 tidem
824 3309 1053 3361 sermoni
1072 3324 1205 3363 meo
1235 3323 1339 3362 non
1368 3308 1570 3361 habeas
1592 3346 1607 3369 ,
1646 3306 1927 3361 historiam
1974 3306 2204 3377 inspice.

637 3397 730 3451 Illa
777 3398 991 3466 quidem
1040 3398 1247 3453 Naboth
1289 3400 1498 3452 vineam
1556 3397 1806 3452 interemi
1863 3396 2051 3450 Achab
2101 3406 2207 3450 tra-

636 3485 804 3551 didit,
832 3496 890 3541 ut
914 3503 979 3541 ex
1012 3487 1160 3543 vinea
1200 3488 1414 3541 hortum
1450 3485 1651 3539 faceret
1681 3524 1696 3548 ,
1740 3484 1897 3537 luxus
1926 3497 2211 3537 ornamen-

640 3591 749 3633 tum
772 3622 789 3645 ,
824 3580 1114 3635 muliebres
1166 3579 1429 3645 delicias;
1465 3581 1576 3632 ista:
1611 3585 1787 3630 autem
1813 3614 1828 3639 ,
1860 3590 1955 3643 per
2006 3575 2210 3644 seipsas

638 3671 741 3725 hoc
788 3671 982 3725 malum
1033 3679 1449 3741 perpetrantcs,
1481 3668 1657 3721 vivam
1703 3666 1794 3719 Dei
1844 3666 2055 3718 vineam
2086 3702 2102 3726 ,
2158 3664 2209 3717 id

635 3771 740 3825 est,
778 3761 1108 3825 Ecclesiam,
1156 3758 1369 3828 penitus
1401 3756 1454 3810 vi
1496 3756 1675 3810 delere
1716 3769 1779 3808 ac
1808 3763 2054 3808 evertere
2091 3763 2210 3807 ten-

638 3862 841 3908 tarunt.
868 3851 1148 3919 Quodnam
1180 3850 1301 3920 ejus
1331 3849 1475 3919 quod
1514 3845 1691 3901 refero
1717 3844 2024 3914 exemplum
2058 3858 2213 3913 repe-

636 3943 813 3999 riam?
859 3957 1083 4012 ecquam
1132 3939 1292 4009 hujus
1324 3937 1609 4010 pravitatis
1665 3952 1729 3990 ac
1784 3936 2039 4006 nequitia:
2075 3936 2210 3989 ima-

634 4037 813 4105 ginem
844 4033 1203 4103 excogitabo?
1256 4030 1379 4087 Vidi
1416 4032 1470 4085 in
1523 4028 1770 4085 dealbato
1800 4028 2008 4098 pariete
2036 4027 2211 4096 pictu-

636 4142 752 4181 ram
780 4126 1081 4198 (ignoscite
1114 4124 1293 4177 animo
1340 4121 1606 4176 malorum
1643 4120 2015 4175 recordatione
2055 4117 2210 4173 exul-

633 4227 856 4279 cerato;
904 4217 1012 4269 imo
1042 4215 1217 4284 potius
1268 4227 1364 4269 vos
1409 4212 1510 4283 ipsi
1552 4213 1789 4266 dolorem
1841 4219 2082 4265 nostrum
2112 4211 2209 4264 do-

637 4307 780 4369 lete;
832 4311 1015 4359 nostra
1047 4302 1281 4370 quippe,
1318 4316 1423 4355 non
1464 4300 1637 4355 aliena
1675 4299 1812 4353 mala
1860 4297 2206 4370 narramus).

2325 1842 2589 1897 Ἐνταῦθα
2616 1845 2676 1898 τὸ
2725 1847 3083 1917 στρατόπεδον
3117 1850 3293 1920 ἐαυτῷ
3346 1855 3749 1923 κατεστήσατο,
3787 1856 3867 1907 καὶ

2312 1934 2437 1998 τοὺς
2470 1935 2630 2000 ἰδίους
2681 1938 3024 2002 ὑπασπιστὰς
3070 1942 3125 1991 ἐν
3172 1941 3321 2011 αὐτῷ
3351 1941 3729 2015 καθιδρύσατο.
3765 1945 3868 1999 Ἐν·

2312 2028 2486 2082 ταύθα
2513 2030 2541 2081 ὁ
2573 2031 2798 2101 στρατὸς
2828 2032 2922 2085 τοῦ
2972 2031 3232 2101 ψεύδους,
3268 2038 3317 2088 οἱ
3365 2038 3462 2107 τῆς
3492 2038 3713 2109 ἀπάτης
3751 2039 3870 2109 πρό-

2319 2135 2501 2189 μαχοι,
2539 2120 2571 2190 ἡ
2601 2120 2707 2173 τῶν
2753 2120 3019 2190 δαιμόνων
3042 2125 3385 2196 ὲκστρατεία,
3411 2128 3466 2179 αἱ
3490 2128 3754 2197 λεγεῶνες
3777 2130 3870 2181 τῶν

2313 2208 2636 2281 ἀκαθάρτων
2687 2212 3032 2283 πνευμάτωνο
3075 2215 3122 2267 εί
3167 2215 3221 2268 δὲ
3247 2217 3354 2288 χρὴ
3406 2219 3641 2271 καὶτῶν
3689 2219 3872 2285 ἔξωθεν

2314 2300 2591 2371 ὀνομάτων
2619 2303 2815 2365 εἰπεῖν,
2840 2303 3111 2359 ’ἐντεῦθεν
3146 2308 3176 2359 ὁ
3214 2308 3451 2379 πονηρὸς
3472 2308 3583 2362 τῶν
3612 2310 3872 2382 δαιμόνων
3978 2308 3979 2311 “

2315 2389 2571 2459 ὲριννύων
2597 2390 2824 2458 στρατὸς
2868 2393 3009 2445 κατὰ
3048 2395 3148 2463 τῆς
3188 2395 3510 2467 Ἐκκλησίας
3571 2398 3871 2470 ἐκώμασεν.

2313 2480 2467 2534 Οὕτω
2500 2481 2611 2551 (27)
2652 2481 2761 2552 γὰρ
2801 2482 3084 2552 ὀνομάζειν
3138 2483 3237 2548 τὰς
3266 2490 3524 2554 γυναῖκας
3546 2489 3870 2560 προάγομαι,

2322 2572 2377 2624 αἳ
2408 2573 2545 2643 ὑπὲρ
2593 2572 2689 2642 τὴν
2718 2572 2877 2642 φύσιν
2905 2575 2986 2637 είς
3012 2576 3071 2628 τὸ
3097 2577 3265 2631 κακὸν
3296 2577 3623 2649 ὴνδρίζοντο.
3669 2583 3784 2635 Μία
3815 2577 3875 2651 ἦν

2314 2664 2371 2715 ἐν
2412 2667 2531 2727 ταῖς
2556 2664 2789 2736 ἡμέραις
2826 2664 3005 2718 Ἦλιοῦ
3051 2668 3083 2737 ἡ
3125 2668 3376 2735 Ἰεζάϐελ,
3430 2671 3568 2724 κατὰ
3601 2673 3715 2726 τῶν
3755 2689 3875 2743 προ·

2316 2753 2497 2822 φητῶν
2521 2755 2613 2807 τοῦ
2632 2756 2834 2826 Κυρίου
2866 2756 3081 2825 φονῶσα
3108 2750 3241 2829 (.8),
3274 2762 3365 2813 καὶ
3387 2763 3693 2832 στηλιτεύει
3718 2765 3878 2835 αὐτὴν

2313 2845 2346 2913 ή
2373 2842 2723 2909 θεόπνευστος
2752 2847 2981 2918 ἱστορία,
3013 2848 3087 2911 ὡς
3133 2850 3197 2902 ἂν
3225 2846 3399 2921 οἶμαι,
3434 2857 3501 2925 τῇ
3554 2857 3748 2926 μνήμη
3793 2856 3877 2909 τοῦ

2313 2933 2608 2988 ἀκολάστου
2636 2952 2703 3004 γυ
2715 2937 2992 3001 ναίου,πᾶς
3012 2941 3039 2992 ὁ
3060 2940 3199 3009 μετά
3218 2942 3385 2997 ταῦτα
3413 2943 3526 3014 βίος
3553 2948 3875 3001 παιδεύοιτο.

2314 3026 2579 3078 Τοσαῦται
2606 3029 2780 3080 τοίνυν
2834 3028 2974 3082 κατά
3013 3030 3110 3101 τὴν
3167 3032 3399 3096 Ἰεζάϐελ
3427 3035 3665 3105 ἐκείνην,
3702 3038 3879 3108 ῶσπερ

2310 3137 2361 3173 τι
2394 3119 2635 3184 κώνειον,
2670 3122 2735 3173 ὲκ
2756 3120 2855 3190 τῆς
2889 3120 3071 3192 χώρας
3101 3121 3309 3193 ἀθρόως
3336 3124 3703 3197 ἐϐλάστησαν,
3729 3128 3882 3181 νικῶ-

2311 3228 2400 3263 σαι
2432 3211 2531 3282 τὴν
2566 3212 3030 3283 μνημονευθεῖσαν
3047 3216 3111 3284 τῇ
3131 3215 3228 3285 τῆς
3247 3216 3471 3285 πικρίας
3502 3218 3801 3292 ὑπερϐολῇ.
3825 3221 3883 3272 ει

2307 3301 2364 3353 δὲ
2388 3302 2633 3364 ἀπιστεῖς
2660 3301 2735 3371 τῷ
2765 3302 2926 3373 λόγῳ,
2957 3304 3055 3375 τὴν
3080 3306 3315 3376 ἱστορίαν
3344 3309 3661 3379 ἐπίσκεψαι.
3692 3313 3882 3381 Εκεξνη

2308 3393 2406 3463 τὴν
2432 3393 2671 3463 ἄμπελον
2686 3394 2777 3446 τού
2795 3395 3069 3447 Ναϐουθαὶ
3084 3396 3161 3465 τῷ
3188 3397 3395 3469 ὲκλύτῳ
3420 3401 3623 3471 Ἀχαάὅ
3643 3404 3883 3474 ἐχαρίζε-

2309 3498 2391 3545 το,
2433 3483 2520 3535 ἴνα
2558 3475 2757 3552 ποιήσῃ
2791 3482 2966 3551 κῆπον
2997 3487 3095 3555 τὴν
3125 3486 3385 3556 ἄμπελον,
3430 3491 3644 3560 τρυφῆς
3686 3493 3881 3560 ἐγκαλ-

2309 3570 2587 3641 λώπισμα,
2627 3574 2941 3640 γυναικείαν
2984 3576 3183 3648 χλιδήν·
3236 3572 3393 3632 αὗται
3444 3580 3541 3652 τὴν
3569 3583 3760 3647 ζῶσαν
3798 3586 3882 3637 τοῦ

2309 3662 2443 3714 Θεοῦ
2485 3663 2594 3732 (29)
2628 3664 2892 3733 ἄμπελον,
2928 3666 3023 3737 τὴν
3066 3668 3388 3740 Ἐκκλησίαν
3434 3670 3596 3740 λέγω,
3639 3677 3727 3737 εἰς
3758 3693 3885 3727 παν-

2309 3751 2435 3821 τελῆ
2488 3753 2789 3824 ἀφανισμὸν
2831 3761 3176 3825 μετενεγκεῖν
3228 3760 3550 3825 ἐϐιάσαντο,
3618 3760 3791 3818 αὗται
3823 3767 3887 3818 δι’

2311 3842 2518 3895 ἑαυτῶν
2551 3843 2611 3895 τὸ
2638 3846 2819 3899 ,κακὸν
2858 3849 3200 3919 ἐνεργοῦσαι.
3238 3851 3395 3905 Ποῖον
3428 3853 3575 3924 εὕρω
3604 3857 3705 3909 τοῦ
3733 3856 3885 3924 λόγον

2310 3933 2692 4006 παράδειγμα;
2756 3937 2874 3990 τίνα
2915 3941 3014 4010 τῆς
3040 3941 3237 4007 κακίας
3278 3944 3477 4016 ταύτης
3506 3948 3793 4019 ὲπινοὴσω
3821 3952 3888 4002 εξ-

2311 4024 2476 4090 κόνα;
2510 4021 2663 4079 Εἶδον
2718 4029 2810 4081 ἐπὶ
2855 4032 3178 4103 κονιάματος
3232 4034 3342 4104 (50)
3393 4038 3574 4108 τοίχου
3625 4043 3887 4112 τοιαύτην

2310 4119 2527 4187 γραφήν
2579 4119 2710 4190 (3l)‘
2752 4122 2845 4174 καί
2896 4141 3000 4193 μου
3044 4124 3346 4194 βαστάσατε
3406 4131 3504 4200 τὴν
3545 4135 3789 4204 καρδίαν
3830 4139 3888 4205 τῇ

2309 4209 2419 4263 τῶν
2470 4213 2654 4266 κακῶν
2691 4218 2878 4290 μνήμῃ
2919 4220 3401 4289 περιοιδαίνουσαν-
3454 4225 3659 4294 μᾶλλον
3688 4228 3775 4290 δὲ,
3820 4229 3890 4297 τῷ

2312 4300 2458 4372 πόνῳ
2490 4304 2584 4356 καὶ
2618 4304 2773 4374 ὑμεῖς
2812 4307 3199 4379 συναλγήσατε·
3231 4310 3472 4382 ἡμέτερα
3510 4314 3642 4384 γὰρ,
3679 4318 3781 4370 καὶ
3802 4318 3893 4368 οὐκ

636 4394 895 4462 Quanam
925 4392 1087 4461 igitur
1110 4391 1195 4445 illa
1220 4399 1338 4445 erat
1372 4391 1604 4459 pictura,
1630 4405 1787 4460 quam
1824 4391 1983 4444 rebus
2007 4390 2210 4467 nostris

2315 4392 2566 4465 ἀλλότρια
2616 4394 2950 4468 διηγούμεθα
2974 4400 3141 4469 πάθηο
3196 4405 3280 4465 τίς
3305 4404 3535 4476 τοίνυνή
3572 4408 3795 4479 γραφὴ,
3832 4410 3892 4476 ἦν

638 4485 933 4553 comparo?
965 4498 1163 4551 procax
1198 4496 1262 4537 ac
1290 4481 1623 4551 praepudiosa
1679 4480 1923 4547 quaedam
1953 4489 2066 4533 erat
2096 4495 2211 4533 nm-

636 4575 832 4631 lierum
872 4576 1068 4631 chorea
1095 4613 1111 4638 ,
1141 4573 1246 4628 alia
1294 4572 1346 4627 in
1378 4572 1537 4626 aliam
1595 4571 1812 4640 tripudii
1867 4571 2100 4640 speciem
2144 4586 2209 4626 ac

641 4665 1104 4734 gesticulationem
1147 4678 1270 4719 sese
1317 4664 1718 4733 distorquentcs
1762 4661 1933 4729 (tales
1978 4661 2208 4716 feminas

638 4756 905 4812 Manadas
932 4755 1123 4811 fabulae
1150 4754 1400 4825 vocant).
1436 4754 1516 4808 Ad
1546 4769 1691 4809 aurae
1716 4754 1905 4808 ﬂatum
1931 4768 2099 4809 coma:
2128 4754 2215 4823 in-_

638 4846 933 4903 volitabant
964 4863 978 4900 :
1032 4853 1280 4915 aspectus
1326 4844 1524 4899 furoris
1553 4843 1727 4898 aditus
1769 4852 1888 4898 erat
1922 4857 2207 4897 :accensa:

639 4936 788 4993 faces
818 4936 1063 4992 manibus
1092 4936 1459 5006 gestabantur,
1490 4949 1559 4989 ex
1590 4934 1788 5003 quibus
1807 4932 2059 4999 ﬂammae,
2083 4947 2207 4988 cor-

638 5042 832 5097 porum
858 5027 1201 5092 volutatione,
1234 5026 1554 5082 rotabantur
1584 5041 1598 5077 :
1634 5038 1765 5077 aura
1799 5023 1852 5075 in
1886 5022 2007 5076 sinu
2035 5022 2209 5091 peplo-

638 5137 759 5177 rum
790 5122 1105 5177 concinnam
1134 5121 1455 5192 gravitatem
1487 5133 1553 5173 ac
1601 5115 1923 5172 modestiam
1954 5115 2208 5174 deturpa-

707 5213 755 5245 “
777 5212 841 5266 Ill
865 5213 994 5283 Reg.
1018 5230 1133 5281 xu,
1172 5214 1226 5270 1.

729 5310 821 5381 se)
850 5309 1122 5381 ὀίχορός.
1137 5305 1426 5381 hovenkl:
1446 5303 1594 5373 legit,
1609 5302 1643 5371 ὴ
1662 5297 1834 5370 χώρα,
1858 5316 1877 5349 ι
1902 5297 2167 5354 locusille.
2188 5318 2207 5352 ι

730 5373 824 5451 37)
856 5373 1037 5432 Οὖτις).
1071 5377 1205 5441 Reg.
1235 5377 1345 5439 bm,
1369 5373 1563 5436 οὕτως.

730 5446 1120 5522 Barba/(Iaca.
1153 5443 1512 5522 qutacutius
1564 5436 2076 5522 putatnlelgendum,
2122 5440 2215 5522 τρό-

633 5507 730 5578 νοηὶ
756 5507 1041 5591 ὠδίνουσα,
1064 5535 1090 5591 ⁵ι
1123 5514 1296 5569 caedes
1311 5507 1692 5591 parturiens.»-
1716 5507 1944 5562 Budieus
1974 5507 2209 5580 scripsit,

638 5590 808 5712 φονξν
834 5589 973 5643 idem
995 5585 1195 5663 valere,
1232 5596 1296 5661 ac
1329 5599 1347 5630 ι
1380 5580 1541 5635 caedis
1572 5580 1786 5634 avidum
1818 5591 1960 5633 esse.
1987 5597 2006 5629 ι
2062 5646 2089 5659 _

711 5660 728 5712 ί
768 5658 826 5712 9)
860 5654 972 5711 Τοῦ
988 5656 1155 5709 Θεου.
1186 5649 1277 5705 Sic
1305 5650 1435 5709 Rev.
1464 5651 1575 5705 bm.
1613 5648 1671 5704 In
1712 5648 1798 5706 ed.
1826 5648 1975 5706 deest
1997 5664 2089 5703 του

711 5648 826 5728 (ἱθ)
860 5654 972 5711 Τοῦ
988 5652 1155 5709 Θεοῦ.
1186 5649 1277 5705 Sic
1305 5650 1435 5709 Rev.
1464 5651 1575 5705 bm.
1613 5648 1671 5704 In
1712 5648 1798 5706 ed.
1826 5648 1975 5706 deest
1997 5648 2112 5704 τοῦ.

2314 4487 2656 4556 προσεικάζω
2685 4491 2797 4552 τοῖς
2832 4491 3144 4561 πράγμασι;
3188 4497 3375 4565 χορεία
3404 4514 3486 4561 τις
3515 4494 3584 4569 ἦν
3612 4501 3896 4569 γυναικῶν

2314 4574 2715 4645 ἀσχημονοῦσα,
2752 4576 2916 4650 ἄλλης
2949 4584 3067 4635 κατ’
3102 4583 3228 4637 ἄλλο
3259 4603 3310 4638 τι
3348 4587 3531 4658 σχῆμα
3560 4590 3896 4661 ὀρχηστικὸν

2312 4662 2510 4736 ἑαυτὴν
2570 4667 3044 4742 διαστρεϐλούσης.
3103 4674 3382 4739 Μαινάδας
3448 4679 3498 4730 οἱ
3566 4680 3745 4749 μῦθοι
3803 4681 3899 4743 τὰς

2310 4756 2562 4820 τοιαύτας
2627 4763 2887 4827 γυναῖκας
2948 4762 3224 4818 καλοῦσιν.
3278 4767 3462 4837 Κόμαι.
3511 4772 3634 4833 ταῖς
3702 4771 3899 4843 αὔραις

2312 4846 2762 4920 ἀνασοϐούμεναι,
2795 4851 3016 4922 βλέμμα
3046 4855 3242 4923 μανίας
3287 4859 3538 4929 πάροδον,
3581 4867 3796 4936 πυρσοὶ
3818 4864 3903 4919 διὰ

2314 4940 2510 5010 χειρῶν
2541 4942 2849 5013 φερόμενοι,
2888 4947 2981 4998 καὶ
3035 4946 3231 5015 φλόγες
3287 4951 3351 5003 ὲκ
3386 4952 3592 5008 τούτων
3628 4959 3705 5027 τῇ
3747 4976 3902 5029 περι·

2314 5033 2517 5101 στροφῇ
2557 5032 2664 5085 τῶν
2695 5034 2961 5104 σωμάτων
2998 5037 3441 5110 ὲνειλισσόμεναι·
3482 5040 3625 5116 αὖρα
3670 5050 3736 5100 ὲν
3776 5048 3893 5101 κόλσ

2316 5135 2437 5182 ποις
2459 5119 2555 5191 τὴν
2579 5123 2989 5196 εὐσχημοσύνην
3005 5126 3116 5198 (52)
3130 5129 3238 5181 τῶν
3253 5130 3476 5186 πέπλων
3492 5133 3897 5209 λυμαινομένη’

2521 5300 2900 5379 Εθνίάσιέατοὲ·
2925 5302 3136 5379 Οθὲηυοτ
3165 5309 3548 5379 κονιάσματος.

2382 5321 2474 5365 (ου
2521 5321 2900 5370 ηονιαματος.
2925 5321 3136 5370 homo”
3165 5321 3548 5379 κονιασματος.

2822 5372 3113 5493 ἐξῇξὰεὺηι,
3145 5380 3493 5450 ἐπιγραφήν,
3526 5402 3542 5432 ι
3577 5384 3900 5455 inscriptio-

2311 5453 2457 5494 nem.
2496 5457 2514 5491 ι
2552 5442 2643 5495 Sic
2666 5442 2793 5508 leglt
2822 5442 3025 5499 Billius.

2381 5510 2493 5591 (5'2)
2520 5510 3141 5591 Τὴνεῠςζχημοσρνην.
3177 5518 3266 5591 Sic
3301 5519 3428 5591 legit
3469 5519 3900 5582 Leuvenklains.

2309 5578 2440 5666 Qua:
2467 5580 2623 5666 lectio
2649 5596 2678 5634 a
2711 5578 3040 5642 Illon'iacutio
3067 5578 3382 5657 probatur."
3406 5590 3462 5645 ln
3497 5593 3658 5659 edit.,
3704 5578 3877 5666 ﬁt.

2313 5665 2645 5724 σχημοσυνῃ.
