4010 6316
184 371 263 430 iiii

183 487 319 548 ﬁ;
341 480 754 554 ἀκροΰατοῦντες
785 482 881 535 καὶ
926 476 1307 547 ὐφαλλόμενοιο
1341 475 1506 540 αἰδὼς
1530 475 1729 547 εὐσχή-
1758 481 1803 537 Α

186 596 283 650 μων
300 577 403 645 (53)
431 575 639 637 οὐδενὸς
668 574 773 628 τῶν
801 574 1101 645 γινομένων
1136 568 1514 640 ἐφαπτομένη.

242 754 305 804 Δ’.
333 749 425 803 Διά
462 748 624 819 μέσου
659 748 715 801 δὲ
776 749 876 818 τῆς
930 745 1185 816 τοιαύτης
1234 743 1476 815 χορείας,
1537 742 1729 814 ἀνδρὸς

183 841 370 895 είδωλον
396 840 650 894 τοιοῦτον
676 837 935 910 μιξόθηλύ
971 855 1055 901 τις
1076 877 1091 901 ,
1130 842 1225 891 καὶ
1246 837 1347 908 τὴν
1381 836 1541 906 φύσιν
1567 836 1734 906 ἀμφί-

184 934 331 996 ϐολος.
357 931 447 985 καὶ
489 931 779 1002 θηλυδρίας
807 932 869 984 τὸ
909 926 1070 995 εἶδος,
1114 932 1172 984 ἑν
1214 929 1453 1001 μεθορίῳ
1504 929 1602 1000 τῆς
1633 927 1733 997 φύ-

185 1042 298 1087 σεως
321 1023 584 1093 κείμενος,
608 1023 899 1094 λελυμένος
923 1021 1000 1093 τῷ
1045 1022 1305 1093 σχήματι,
1349 1016 1460 1073 οἶόν
1478 1037 1598 1080 ,τινι
1621 1018 1731 1073 κώ-

186 1133 294 1186 ματι
328 1117 416 1168 καὶ
466 1115 608 1187 μέθῃ
642 1115 980 1186 παράφορος.
1011 1108 1182 1176 Οὗτος
1223 1112 1315 1164 ὲπί
1346 1129 1489 1174 τινος
1518 1112 1732 1183 ἀπήνης

183 1208 506 1272 ἐξυπτιάζων,
539 1206 627 1261 διὰ
657 1207 751 1260 τοῦ
790 1206 953 1277 χοροῦ
1001 1205 1108 1260 τῶν
1157 1204 1452 1258 Μαινάδων
1481 1202 1587 1257 ὑπὸ
1638 1202 1731 1273 θη-

185 1300 274 1372 ρῶν
301 1299 403 1369 (34)
439 1296 747 1369 ἐκομίζετο.
782 1298 955 1360 Πολὺς
980 1297 1038 1350 δὲ
1073 1296 1203 1367 περὶ
1236 1295 1398 1349 αὐτὸν
1428 1296 1493 1347 ἑκ
1531 1293 1734 1365 κρατῆ-

185 1409 259 1461 po;
286 1394 311 1444 ὁ
343 1393 598 1461 ἄκρατος,
629 1390 724 1443 καί
746 1407 888 1453 τινες
913 1389 1083 1452 λάλοι,
1116 1389 1215 1457 τὴν
1248 1386 1408 1457 φύσιν
1434 1386 1730 1448 ἀλλόκοτοι,

183 1484 288 1555 περὶ
309 1482 365 1535 τὸ
404 1484 621 1536 είδωλον
644 1477 807 1553 ἦσαν,
845 1480 916 1534 τὰ
960 1480 1228 1553 πρόσωπα
1260 1477 1456 1540 λάσιοι,
1488 1476 1581 1529 ἐπὶ
1610 1492 1735 1527 σκε-

183 1579 268 1631 λῶν
295 1576 554 1647 τραγείων
585 1573 1051 1646 περισκιρτῶντες
1094 1571 1155 1623 τὸ
1207 1569 1443 1623 εἴδωλον.
1498 1567 1735 1620 Τοιαῦτα

180 1670 262 1738 τῆς
287 1668 468 1731 νυκτὸς
498 1668 718 1738 ἐκείνης
752 1655 819 1719 τά
838 1664 1175 1735 διηγήματα.
1208 1662 1471 1723 Γυναῖκες
1510 1659 1594 1712 ἐπ’
1619 1658 1735 1710 ἀτι-

182 1762 263 1831 μίᾳ
294 1758 674 1831 γνωρισθεῖσαν.
707 1756 802 1810 τοῦ
831 1756 1042 1825 γένους,
1076 1756 1231 1823 κοινῇ
1272 1748 1576 1821 κατηγορίᾳ
1630 1748 1733 1817 τῆς

178 1828 361 1919 φύσεως
568 1847 964 1919 νενομισμένην
1008 1847 1065 1898 ἑν
1127 1842 1373 1912 γυναιξὶν
1437 1838 1731 1910 εὐκοσμίαν
1768 1828 1807 1881 Β

178 1944 605 2017 ὲξορχησάμεναι,
637 1943 863 2014 πομπὴν
892 1937 1027 2012 ἦγον
1064 1939 1153 1993 διὰ
1182 1938 1354 2009 μέσης
1376 1937 1475 2007 τῆς
1500 1934 1727 2001 πόλεως,

178 2035 523 2106 Θεατρίζουσαι
565 2034 637 2086 δι’
674 2031 880 2085 ἑαυτῶν
929 2028 1345 2101 ἀσχημονοῦσαν
1402 2026 1501 2098 τὴν
1546 2026 1727 2096 φύσιν,

175 2123 320 2187 λίθοις
342 2123 435 2186 τὰς
468 2126 661 2194 χεῖρας
685 2122 805 2175 ἀντὶ
836 2119 1043 2191 θυρεῶν
1060 2118 1373 2181 ὁπλίσασαι,
1411 2116 1590 2185 φόνιον
1619 2116 1729 2185 (55)

177 2216 458 2283 βλέπουσαι,
486 2214 704 2268 ἀναιδεῖ
722 2216 787 2285 τῇ
824 2213 932 2266 τῶν
969 2212 1233 2284 ὀμμάτων
1264 2209 1429 2280 βολῇ,
1456 2207 1730 2278 ἑντδςβϐ)

174 2307 265 2360 τῶν
285 2307 435 2361 θείων
456 2307 763 2379 περιϐόλων
793 2306 1104 2376 γενόμεναι,
1134 2306 1227 2357 ἑπὶ
1250 2303 1349 2374 τῆς
1386 2303 1539 2374 ἱερᾶς
1562 2301 1732 2356 καθέ-

172 2400 285 2467 δρας
313 2401 586 2470 ἀνέθηκαν
620 2397 828 2452 ἑαυτῶν
879 2399 971 2451 τὸν
1010 2396 1350 2466 Κορύϐαντα.
1392 2392 1523 2447 Εἶτα
1570 2393 1731 2465 μέθη,

173 2492 253 2544 καὶ
278 2491 533 2562 ἄκρατος,
576 2493 673 2545 καὶ
710 2492 757 2543 οἱ
788 2492 851 2543 ἑκ
885 2489 993 2542 τῶν
1024 2487 1376 2558 ἀσκητηρίων
1408 2488 1603 2549 Πᾶνες,
1640 2486 1734 2539 καὶ

174 2586 271 2650 νὶιξ,
304 2585 389 2638 καὶ
412 2583 662 2654 διαγωγὴ
696 2582 999 2653 συμμιγὴς,
1050 2581 1145 2633 καὶ
1185 2581 1364 2633 πάντα
1404 2581 1503 2633 ὅσα
1533 2577 1734 2631 κωλύει

173 2673 197 2724 ὁ
232 2672 532 2736 Ἀπόστολος
554 2672 758 2740 λέγειν,
790 2669 985 2733 εἰπὼν,
1016 2670 1097 2722 ὅτι
1137 2671 1214 2723 Τὰ
1262 2667 1465 2738 κρυφῇ
1495 2669 1593 2723 ὑπ’
1627 2670 1735 2722 αὺ-

174 2760 274 2815 τών
312 2765 621 2832 γενόμενα,
654 2761 914 2831 αἰσχρόν
955 2762 1087 2815 ἐστι
1115 2760 1215 2814 καὶ
1251 2759 1468 2829 λέγειν.
1506 2759 1601 2823 Τίς
1626 2759 1735 2831 γὰρ

176 2856 230 2908 ἂν
257 2856 385 2927 μετὰ
404 2856 695 2928 ἀκριϐείας
729 2852 988 2920 διεξέλθοι
1045 2851 1125 2923 τῷ
1175 2851 1319 2923 λόγῳ
1343 2851 1403 2905 τὸ
1430 2850 1563 2922 πῦρ,
1610 2850 1736 2913 τοὺς

174 2948 350 3013 λίθους,
376 2949 471 3013 τὰς
492 2948 736 3018 σφαγὰς,
766 2946 835 3000 τὰ
858 2944 1180 3016 τραύματα;
1207 2942 1401 3006 Ὅπως
1428 2944 1492 2996 ἑκ
1520 2940 1734 3013 βάθρων

175 3041 440 3111 ἀνατρέψαι
466 3042 597 3104 τοὺς
620 3039 729 3093 τῶν
778 3038 939 3109 ἱερῶν
976 3036 1141 3090 οἴκων
1185 3034 1529 3106 θεραπευτὰς
1558 3032 1735 3102 ἐφιλο-

176 3131 432 3202 νείκησανς
476 3131 571 3193 Ὡς
598 3129 687 3183 διὰ
733 3129 904 3200 μέσης
935 3128 1033 3199 τῆς
1070 3127 1277 3189 πόλεως
1320 3123 1566 3196 ζηλωτήν
1615 3140 1735 3176 τινα

173 3221 256 3291 τῆς
278 3221 521 3293 ἀληθείας
576 3220 831 3292 ῥοπάλοις
880 3218 1270 3291 διεχειρίσαντο
1296 3258 1311 3281 ,
1345 3215 1442 3271 καὶ
1500 3216 1591 3268 τὸν
1619 3214 1731 3285 (57)

173 3313 325 3386 ἀληθῆ
349 3315 500 3383 φόνον
521 3317 554 3367 ὁ
576 3311 898 3384 ὑπονοηθεὶς
920 3312 1078 3382 φόνος
1099 3310 1372 3364 ἐκώλυσεν
1392 3326 1407 3373 ;
1450 3308 1609 3361 Ἀλλά
1625 3307 1734 3379 γάρ

173 3406 258 3457 οὐκ
282 3402 409 3471 οἶδα,
441 3404 564 3466 πῶς
598 3405 709 3473 (58)
743 3406 841 3475 τῆς
902 3402 1219 3475 πρεπούσης
1260 3402 1453 3473 ἡδονῆς
1486 3399 1735 3471 ἀπερρύη

174 3494 376 3563 όλόγος,
436 3494 898 3565 ἑμςριλοχωρήσας
954 3495 1067 3556 τοῖς
1130 3494 1339 3563 γηῖνοις
1379 3492 1733 3562 διηγήμασιν.

175 3585 356 3637 Οὐκοῦν
388 3584 676 3638 ἐπανιτέον
733 3582 855 3635 ὅθεν
891 3581 1180 3653 ἐξέϐημεν,
1217 3581 1357 3635 ὥστε
1410 3582 1599 3649 γλυκεῖ
1642 3583 1737 3634 καὶ

175 3676 364 3746 ποτίμῳ
392 3676 469 3747 τῷ
527 3675 676 3744 λόγῳ
706 3674 807 3745 τὴν
846 3673 1095 3745 ἁλμυρὰν
1148 3673 1363 3743 ἐκείνην
1418 3670 1531 3744 (59)
1569 3673 1738 3744 ἀκοὴν

175 3768 585 3822 ἀποκλύσασθαι.
632 3767 734 3821 Ἐν
770 3767 881 3836 γὰρ
914 3766 1104 3836 ἡμέρᾳ
1136 3766 1270 3837 (40),
1307 3768 1491 3836 φησὶν,
1520 3770 1740 3835 eung-

175 3861 345 3927 σύνης
383 3859 696 3930 ἀμνηστία
725 3858 836 3922 (41)
868 3857 1090 3911 κακῶν
1124 3857 1289 3911 πάλιν
1317 3858 1496 3911 τοίνυν
1520 3858 1612 3911 ἑπὶ
1646 3858 1740 3911 τὸν

175 3951 313 4003 αὑτὸν
344 3951 728 4023 ἐπανέρχομαι
769 3949 882 4020 (42)
908 3949 1087 4019 λόγον,
1117 3949 1199 4002 ὅτι
1246 3951 1280 4021 ἡ
1312 3949 1407 4015 νὺξ
1435 3951 1617 4021 ἐκείνη
1644 3951 1740 4004 καὶ

175 4044 396 4112 ὸγνόφος
436 4043 760 4115 ἠφάνισται,
797 4043 855 4096 αι
895 4042 952 4096 δὲ
997 4045 1097 4114 τῆς
1138 4044 1358 4114 εἰρήνης
1387 4044 1603 4107 ἀκτῖνες
1652 4043 1740 4096 διά

176 4135 396 4206 καθαρᾶς
422 4136 529 4207 τῆς
561 4134 780 4207 αἰθρίας
814 4133 892 4205 τῷ
948 4136 1048 4206 τῆς
1099 4135 1354 4207 ἀληθείας
1403 4136 1544 4205 φωτὶ
1579 4152 1740 4207 περι-

176 4227 475 4299 λάμπουσιν.
527 4228 630 4280 Διά
666 4227 826 4280 τοῦτο
879 4225 1204 4297 ἑκϐέὸληται
1256 4226 1353 4298 μὲν
1412 4225 1521 4278 τῶν
1584 4224 1741 4279 θείων

178 4319 452 4390 περιϐόλων
486 4320 600 4372 πᾶν
632 4318 661 4370 ὅ
702 4334 754 4370 τι
829 4317 1067 4381 δυσῶδες
1120 4318 1213 4370 καὶ
1253 4316 1497 4388 βέϐηλον·
1526 4317 1740 4369 ἀντειιτ⁴

176 4406 318 4478 ἦκται
335 4411 390 4463 δὲ
414 4413 599 4481 πάσης
623 4408 964 4481 εὐφροσύνης
990 4407 1099 4460 τῶν
1127 4406 1492 4461 εὐσεϐούντων
1513 4409 1561 4461 οἱ
1577 4402 1740 4472 οἴκοι,

1763 3170 1805 3225 C

1137 355 1396 413 ORATIO
1436 354 1660 415 XXXV.
1698 385 1769 397 --
1806 355 1896 411 DE
1936 354 2413 414 MARTYRIBUS.

3297 355 3408 412 262

1833 474 1965 530 bat:
2018 476 2243 530 summis
2290 476 2513 543 pedibus
2554 471 2862 526 insiliebant
2915 484 2979 525 ac
3031 469 3396 526 saltitabant:

1832 566 2089 621 honestus
2121 565 2294 635 pudor
2338 563 2472 617 nihil
2500 578 2685 618 eorum
2709 602 2725 628 ,
2761 577 2881 634 quae
2925 562 3157 630 ﬁebant,
3190 564 3407 618 contin-

1833 657 2010 726 gebat.

1905 741 1990 796 IV.
2028 740 2131 796 Per
2163 741 2396 796 medium
2442 752 2622 797 autem
2667 741 2974 812 hujusmodi
3020 744 3233 797 choreae
3257 783 3271 807 ,
3307 742 3413 797 tale

1832 834 1931 887 viri
1960 834 2311 887 simulacrum
2342 832 2550 887 adverti
2578 851 2590 887 :
2623 832 2844 888 semivir
2868 834 3083 901 quidam
3110 843 3252 901 erat,
3277 848 3409 888 sexu

1834 923 2024 978 dubius
2076 935 2130 977 et
2174 924 2322 977 vultu
2371 922 2758 991 eileminatus,
2814 924 2864 979 in
2916 938 3123 981 natura:
3175 926 3411 980 continin

1835 1016 2059 1085 positus,
2118 1024 2269 1084 gestu
2306 1014 2513 1070 fractus
2564 1030 2626 1069 ac
2660 1015 2973 1082 dissolutus,
3017 1018 3162 1071 velut
3209 1032 3414 1072 comes‘

1835 1110 2044 1163 satione
2078 1110 2307 1177 quadam
2358 1118 2411 1164 et
2461 1109 2804 1174 temulentia,
2854 1117 3031 1163 mente
3076 1118 3283 1178 captus.
3313 1109 3412 1164 Hic

1836 1201 1888 1255 in
1926 1216 2084 1253 curru
2117 1201 2349 1271 quodam
2382 1201 2667 1270 resupinus
2709 1216 2806 1271 per
2858 1200 3155 1255 Maerradum
3183 1202 3406 1256 chorum

1834 1310 1862 1347 a
1898 1293 2024 1348 feris
2048 1295 2377 1363 gestabatur.
2416 1296 2606 1364 Ingens
2649 1304 2826 1349 autent
2858 1296 3003 1349 circa
3054 1296 3225 1364 ipsum
3277 1298 3413 1349 meri

1836 1385 1987 1452 copia
2024 1392 2178 1449 eral,
2222 1400 2286 1439 ac
2337 1384 2591 1454 loquaces
2637 1386 2853 1454 quidam
2894 1395 3084 1439 natura
3125 1386 3413 1440 monstrosi

1835 1477 2187 1532 simulacrum
2216 1479 2680 1540 circumstabant,
2712 1479 2851 1533 facie
2889 1478 3066 1548 pilosi,
3096 1479 3148 1532 in
3192 1480 3417 1533 hircinis

1837 1569 2086 1623 cruribus
2120 1570 2263 1623 circa
2296 1570 2645 1625 simulacrum
2682 1572 3062 1638 tripudiantes.
3102 1570 3252 1625 Talia
3287 1580 3415 1626 sunt

1836 1663 2079 1732 exposita
2115 1663 2273 1733 hujus
2318 1666 2491 1718 noctis
2522 1665 2852 1734 spectacula.
2904 1664 3141 1719 Femina:
3172 1665 3223 1718 in
3253 1679 3416 1719 sexus

1837 1754 1918 1808 sui
1949 1753 2183 1809 dedecus
2212 1764 2266 1809 et
2291 1755 2546 1824 probrum
2584 1766 2861 1826 spectatae,
2897 1758 3169 1812 communi
3207 1768 3411 1811 natura:

1835 1847 2197 1910 accusatione,
2227 1855 2539 1901 consuetam
2574 1848 2892 1903 mulieribus
2925 1850 3240 1905 modestiam
3272 1849 3411 1917 abji-

1834 1936 2072 2003 cientes,
2132 1951 2229 2006 per
2279 1938 2508 1991 mediani
2580 1941 2769 1992 urbem
2824 1955 3073 2007 pompam
3138 1941 3410 2010 agebant,
3482 1958 3490 1965 ·

1834 2037 2169 2084 ostentantes
2210 2038 2457 2082 naturam
2490 2031 2716 2097 turpiter
2746 2045 2838 2100 per
2873 2031 3015 2099 ipsas
3056 2046 3122 2085 ac
3163 2032 3414 2086 indecore

1837 2119 2109 2185 habitam;
2161 2134 2388 2184 manus,
2434 2129 2707 2175 scutorum
2761 2121 2910 2184 loco,
2960 2123 3106 2178 saxis
3149 2134 3410 2189 armatae,

1835 2210 2034 2265 cmdem
2069 2211 2366 2277 occultam,
2400 2212 2695 2281 impudenti
2743 2215 2906 2286 632
2956 2215 3232 2271 oculorum
3278 2232 3413 2273 cono

1828 2302 1998 2371 jectu,
2033 2304 2364 2369 minitantes,
2395 2304 2533 2359 intra
2558 2306 2736 2359 divina
2767 2319 2916 2377 septa
2950 2312 3225 2376 ingressae,
3253 2324 3412 2363 suum

1837 2394 1891 2447 in
1917 2410 2069 2449 sacra
2101 2396 2229 2451 sede
2254 2396 2617 2466 Corybantem
2654 2398 3010 2454 collocarunt.
3048 2400 3251 2455 Deinde
3285 2416 3415 2454 cra-

1836 2484 1981 2553 pttla,
2008 2494 2062 2539 et
2092 2500 2324 2551 merum,
2357 2498 2409 2540 et
2438 2502 2502 2542 ex
2530 2488 2787 2544 solitariis
2814 2489 2949 2545 locis
2979 2489 3175 2557 Panes,
3201 2500 3255 2545 et
3281 2505 3412 2555 nox,

1836 2585 1890 2630 et
1920 2576 2222 2646 promiscua
2249 2566 2611 2646 c0nsuetudo,
2636 2591 2689 2634 et
2716 2596 2779 2635 ea
2803 2583 3008 2648 omnia,
3036 2597 3156 2652 qua:
3182 2583 3419 2650 Aposto-

1837 2666 1919 2721 lus
1947 2668 2027 2722 vel
2053 2667 2228 2736 eloqui
2271 2669 2561 2738 prohibet,
2596 2670 2787 2726 dicens
2817 2690 2830 2724 :
2863 2671 2995 2736 Quae
3045 2680 3221 2726 autem
3250 2672 3303 2724 in
3338 2656 3425 2725 oc?

1836 2756 1975 2810 tullo
2000 2756 2063 2809 ab
2091 2758 2163 2811 eis
2190 2757 2347 2825 ﬁunt,
2384 2767 2536 2827 turpe
2560 2771 2631 2813 est
2658 2761 2829 2814 dicere
2851 2760 2916 2816 ”.
2949 2760 3083 2827 Quis
3097 2762 3239 2816 enim
3262 2776 3420 2816 accu-

1839 2860 1953 2904 rate
1978 2850 2159 2905 verbis
2184 2865 2502 2919 percurrere
2527 2863 2694 2921 queat
2720 2853 2918 2923 ignem,
2949 2853 3176 2922 lapides,
3215 2855 3415 2916 caedes,

1837 2941 2099 2996 vulnera?
2128 2942 2244 3009 Quo
2275 2953 2432 3012 pacto
2474 2945 2727 2997 certatim
2767 2960 3046 2999 sacrarum
3076 2946 3271 2999 mdium
3311 2946 3418 2999 cul-

1839 3044 1984 3089 tores
2037 3032 2280 3090 l‘unditus
2331 3045 2575 3091 evertere
2649 3037 2961 3090 tentarunt?
3019 3036 3300 3103 Quomodo
3360 3038 3413 3091 in

1840 3126 2013 3181 media
2041 3126 2171 3180 urbe
2198 3127 2370 3181 virum
2396 3128 2707 3196 quemdam,
2744 3129 2988 3184 veritatis
3018 3130 3133 3181 zelo
3166 3127 3415 3199 ﬂagran-

1842 3230 1985 3281 tem,
2042 3202 2272 3272 fustibus
2344 3219 2690 3285 ceciderunt,
2742 3234 2903 3289 quem
2949 3219 3158 3275 scilicet
3210 3221 3418 3275 credere

1838 3312 2184 3375 destiterunt,
2216 3312 2357 3379 quod
2392 3322 2659 3366 mortuum
2688 3314 3013 3367 crederent?
3041 3314 3243 3368 Verum
3274 3313 3416 3367 haud

1841 3404 1996 3470 scio,
2044 3404 2312 3473 quomodo
2364 3405 2432 3457 ah
2487 3418 2589 3471 ea,
2658 3420 2779 3474 qua;
2831 3405 3089 3469 decebat,
3132 3405 3410 3474 voluptate

1839 3493 2060 3549 deﬂuxit
2082 3497 2283 3558 oratio,
2319 3496 2371 3549 in
2415 3498 2644 3551 terrenis
2676 3484 2962 3551 immorata
2994 3498 3416 3551 narrationibus.

1841 3585 2024 3656 itaque
2061 3600 2160 3651 eo,
2194 3589 2334 3641 unde
2365 3587 2591 3657 digressi
2642 3603 2830 3642 sumus
2853 3627 2869 3652 ,
2914 3588 3247 3642 redeundum
3290 3596 3373 3641 est
3399 3628 3414 3655 ε

1842 3686 1900 3731 ιιι
1927 3678 2075 3733 suavi
2104 3687 2363 3749 grataque
2392 3678 2653 3734 orationis
2673 3679 2912 3748 potione,
2953 3678 3150 3732 salsam
3184 3686 3239 3733 et
3270 3694 3422 3732 ama-

1844 3784 1955 3823 ram
1987 3784 2205 3834 eorum,
2237 3785 2355 3839 qua:
2395 3780 2611 3823 narrata
2648 3778 2794 3833 sunt,
2831 3770 3107 3839 potionem
3141 3768 3415 3824 eluamus.

1841 3860 1909 3915 In
1938 3862 2022 3915 die
2046 3862 2181 3916 enim
2214 3862 2435 3927 Ιωιὶιὲαι,
2482 3864 2676 3934 inquit,
2717 3862 2981 3916 malorum
3013 3863 3206 3915 oblivio
3246 3870 3322 3917 est
3349 3861 3420 3917 “.

1842 3952 2107 4019 Quocirca
2134 3955 2201 4008 ad
2231 3955 2480 4009 eumdem
2506 3970 2810 4010 sermonem
2843 3966 3107 4020 revertor,
3140 3955 3281 4033 quod
3312 3954 3422 4009 sci-

1844 4046 1968 4102 licet
2000 4062 2107 4101 nox
2140 4047 2227 4103 illa
2264 4057 2317 4103 et
2350 4046 2526 4119 caligo
2553 4048 2772 4117 depulsa
2801 4057 2920 4112 est,
2951 4050 3209 4118 pacisque
3248 4048 3418 4111 radii,

1845 4153 1944 4209 per.
1967 4154 2158 4207 puram
2192 4139 2565 4205 serenitatem,
2601 4141 2846 4194 veritatis
2877 4140 2996 4197 luce
3029 4141 3265 4209 undique
3300 4140 3420 4196 col-

1844 4231 2043 4285 lucent.
2096 4232 2434 4302 Quapropter
2484 4248 2515 4286 e
2568 4233 2764 4288 divinis
2817 4235 2986 4303 septis
3043 4232 3276 4303 ejectum
3338 4240 3424 4287 es!

1844 4323 2102 4393 quidquid
2134 4325 2270 4378 male
2300 4324 2449 4377 olens
2474 4333 2529 4377 et
2556 4324 2840 4392 profanum
2883 4332 3000 4378 erat
3026 4342 3041 4389 ;
3075 4335 3264 4378 contra
3295 4340 3425 4380 vero

1845 4414 1992 4469 omni
2028 4414 2237 4484 piorum
2287 4415 2524 4469 virorum
2572 4415 2761 4469 laetitia
2801 4416 2946 4469 mdes
2993 4424 3283 4479 resonant,
3327 4431 3428 4470 nec

177 4500 258 4551 καὶ
291 4501 458 4555 λείπει
489 4503 632 4572 πρὸς
652 4499 987 4572 εὐφροσύνην
1024 4498 1198 4552 οὐδέν’
1245 4499 1295 4551 οἱ
1322 4497 1665 4568 δαιτυμόνες,
1692 4501 1738 4551 οἱ

1848 4503 2137 4573 quidquam
2169 4505 2234 4559 ad
2258 4504 2651 4574 iucunditatem
2678 4505 3037 4559 desideratur.
3070 4504 3278 4560 Prmsto
3297 4515 3426 4560 sunt

178 4593 487 4665 ἑστιάτορες,
519 4596 554 4665 ή
593 4596 705 4656 τοῖς
736 4593 962 4661 ἀγαθοῖς
1000 4591 1279 4663 ἑδωδίμοις
1306 4591 1582 4662 πλήθουσα
1604 4590 1742 4662 τρά-

178 4683 320 4749 πεξα.

235 4820 278 4852 ’³
313 4822 505 4893 Ephes.
542 4839 595 4889 ν,
628 4823 715 4877 12.
792 4823 839 4854 ³⁸
877 4822 1040 4879 Eccii.
1072 4839 1147 4886 si,
1189 4823 1276 4875 27.

239 4985 339 5054 (33)
368 4984 557 5050 Αἰδὼς
579 4981 923 5051 εὐσχήμων,
961 4996 1063 5036 etc.
1099 4981 1369 5038 Leuvenk.
1408 5002 1428 5034 r
1471 4982 1740 5052 Nusquam

182 5055 386 5109 hunesta
421 5057 769 5109 verecundia.
797 5074 814 5103 ι

241 5125 343 5197 (54)
381 5126 517 5180 Ὑπὸ
542 5125 758 5193 θηρῶν.
785 5128 874 5179 Sic
901 5122 1030 5193 Reg.
1072 5123 1182 5177 bm.
1219 5123 1274 5178 In
1310 5125 1440 5179 editi
1462 5166 1476 5190 ,
1517 5124 1620 5177 ὑπὸ
1648 5122 1742 5176 θυη-

252 5214 277 5245 ν

241 5265 345 5336 (53)
375 5270 608 5323 Φάνιον.
639 5264 872 5319 Montac.
908 5264 1199 5336 adimarg”
1219 5281 1318 5336 γρ.
1350 5267 1528 5334 φόνον.

243 5334 345 5406 (36)
386 5338 609 5404 Ἔγτός.
644 5355 662 5387 ι
700 5338 864 5391 Intra.
905 5354 923 5385 ι
965 5335 1057 5387 Sic
1090 5334 1359 5389 Lettvenk.
1411 5348 1466 5390 et
1507 5335 1737 5389 illultlat‘.

184 5406 356 5479 Billjus
390 5411 514 5479 legit
543 5408 723 5471 ἐκτός,
751 5425 768 5457 ι
808 5416 1029 5479 exirm!

246 5477 350 5548 (57)
377 5469 487 5535 Keil
510 5483 640 5537 τόν.
681 5469 810 5549 Reg.
844 5479 955 5541 but,
977 5469 1038 5528 οὗ
1066 5474 1159 5528 καὶ
1190 5476 1299 5543 τηὸν,
1328 5493 1346 5526 ι
1387 5475 1560 5546 cujus,
1594 5497 1611 5529 ›
1634 5486 1740 5531 etc.

1752 5659 1823 5676 σ-

1854 4596 2250 4659 convivatores,
2281 4597 2544 4663 convivae,
2572 4606 2628 4651 et
2654 4596 2938 4665 exquisitis
2972 4597 3167 4653 referta
3192 4596 3421 4669 dapibus

1854 4704 2062 4742 mensa.

1924 4981 2033 5053 (58)
2068 4976 2211 5035 Οἶδα
2234 4980 2378 5049 πῶς.
2422 4983 2552 5053 Reg.
2586 4984 2698 5051 bm,
2738 4983 2833 5038 οἶδ’
2858 4986 3026 5049 ὅπως.
3366 5030 3367 5033 η

1925 5056 2038 5127 (ζίθ)
2075 5053 2377 5127 ’ᾼλμυρὰν
2425 5055 2691 5122 ἐκείνην.
2753 5058 2845 5110 δίε
2902 5058 3031 5127 Reg.
3096 5057 3207 5112 bm.
3275 5057 3440 5113 Deest

1851 5124 2069 5196 ἑκείνην
2101 5126 2151 5178 in
2181 5132 2267 5179 ed.

1924 5193 2035 5266 (40)
2069 5196 2173 5248 Ἐν
2208 5195 2317 5267 γὰρ
2360 5193 2570 5264 ἡμέρᾳ.
2616 5195 2708 5251 Sic
2738 5194 2905 5265 LXX,
2961 5208 3013 5255 et
3045 5197 3177 5267 Reg.
3225 5197 3337 5253 bm.
3390 5200 3443 5253 lu

1850 5267 1969 5338 εει,
1992 5268 2049 5338 ἑν
2070 5267 2178 5338 γάρ
2206 5266 2461 5338 ἡμέραις.

1923 5336 2035 5407 (41)
2071 5334 2421 5405 Ἀμνὴστία.
2460 5334 2552 5390 Sic
2581 5334 2745 5402 LXX,
2785 5337 2917 5407 Reg.
2954 5338 3061 5405 bm,
3100 5348 3154 5393 et
3196 5336 3441 5392 Montnr.

1850 5409 1916 5460 ad
1949 5423 2117 5475 marg.
2155 5408 2207 5460 In
2234 5409 2344 5477 eil_..
2381 5407 2708 5477 ἀμνηστίαν.

1925 5476 2036 5547 (42)
2074 5474 2541 5548 Ἕπανέρχομαί.
2572 5477 2703 5549 Reg.
2728 5481 2841 5548 bm,
2869 5477 3300 5551 ἑπανερχόμεθα.
