4010 6316
557 298 663 354 265
1815 299 1873 356 S.
1916 298 2243 356 GREGUntt
2292 313 2629 355 nummum
3692 308 3807 352 zu

576 447 3795 479 ΞΜ

1043 601 1204 674 6³³
1249 617 1824 708 MONITUM
1905 616 2025 704 IN
2101 615 2810 708 ORATIONEM
2886 618 3324 708 XXXVI.

639 946 689 1006 l.
738 943 879 1016 Quo
933 940 1033 1002 die
1078 938 1479 1021 Theodosius
1536 940 1807 1021 Magnus
1852 938 2198 1021 Catholicis
2246 940 2595 1021 ecclesias,
2652 958 2793 1019 quas
2847 949 2966 1021 tam
3019 942 3329 1021 diuturno
3380 949 3663 1021 tempore
3710 946 3794 1007 ab

566 1024 826 1083 Arianis
865 1027 1185 1096 occupatae
1230 1016 1500 1087 fuerant,
1554 1017 1855 1096 restituit,
1910 1034 1984 1076 eo
2038 1018 2175 1095 ipso
2223 1018 2349 1089 die,
2392 1025 2457 1079 ut
2494 1037 2570 1080 ex
2604 1016 2895 1096 Gregorii
2938 1020 3333 1081 carminibus
3377 1016 3791 1096 perspicuum

562 1107 680 1187 est
708 1098 859 1176 (1:3),
896 1095 1182 1187 unanimi
1219 1110 1539 1187 consensu
1569 1095 1645 1155 ab
1685 1095 2065 1187 imperatore
2106 1107 2531 1172 poposcerunt
2561 1095 3278 1187 Gonstaminopniilapi,
3315 1106 3384 1159 ut
3420 1095 3797 1187 episcopale

562 1173 1295 1255 solium'conscenderet
1342 1173 1736 1255 '_I‘_heologus.
1804 1174 1982 1233 Tunc
2031 1189 2180 1255 vero
2237 1179 2586 1255 expugnari
2626 1192 2765 1255 non
2824 1173 3032 1255 potuit
3084 1176 3286 1253 ipsius
3331 1173 3670 1248 modestia,
3724 1186 3795 1237 ut

563 1272 899 1317 assensum
963 1254 1307 1332 prmberet.”
1346 1252 1526 1332 Victa
1588 1258 1800 1332 tamen
1840 1252 2283 1332 postmodum,
2340 1254 2466 1313 imo
2508 1253 2722 1329 porius
2761 1252 2972 1315 coacta
3015 1263 3077 1316 et
3107 1252 3411 1332 Oppressa
3478 1263 3594 1317 est.
3659 1256 3792 1329 Qui

563 1340 775 1395 autem
811 1336 873 1393 in
908 1327 1244 1411 eumiodio
1273 1327 1750 1411 ﬂagrabant,-ad
1789 1327 1863 1389 id
1892 1329 2315 1411 improbitatis
2348 1340 2407 1411 et
2436 1327 2731 1411 amentiae
2767 1343 3117 1411 venerunt,
3153 1327 3241 1392 'ut
3268 1379 3283 1408 ,
3338 1336 3509 1411 vagis
3547 1327 3799 1397 sermo-

568 1412 781 1479 nibus,
835 1419 1028 1488 atque
1065 1410 1295 1488 injuste
1332 1406 1699 1468 ambitionis
1732 1407 2178 1488 accusatione,
2233 1406 2661 1488 undequaque
2713 1410 2915 1487 ipsius
2960 1410 3139 1472 famas
3187 1406 3519 1472 dedecoris
3573 1420 3789 1473 notam

564 1491 829 1552 inurere
864 1485 1204 1569 tentarent.
1244 1487 1401 1547 Eum
1436 1502 1738 1569 namque,
1794 1485 2209 1569 velutinanis
2256 1485 2473 1569 gloriae
2517 1485 2847 1569 cupidum,
2896 1506 2966 1550 ac
3011 1488 3301 1569 simulata
3341 1490 3597 1561 virtute,
3652 1492 3794 1569 epi-

566 1569 842 1647 sc0pa|is
875 1566 1045 1647 sedis
1082 1566 1355 1624 honores
1388 1563 1799 1633 ambientem,
1827 1563 2234 1647 exhibebant.
2267 1563 2616 1647 Gregorius
2647 1583 2823 1639 vero,
2854 1568 3100 1647 tametsi
3129 1568 3392 1627 minime
3416 1577 3524 1629 aut
3562 1563 3788 1645 parum

568 1641 694 1707 his'
725 1645 1133 1707 sermonibus
1196 1647 1586 1723 moveretur,
1642 1656 1770 1701 non
1832 1641 2168 1723 dubitavit
2211 1650 2420 1723 tamen
2468 1644 2582 1706 hac
2639 1647 2931 1706 oratione
2980 1646 3235 1723 injustis
3272 1641 3789 1707 adversariorum

566 1724 905 1785 calumniis
937 1720 1347 1803 respondere.
1397 1719 2475 1803 Primumcausasinquiritillius
2508 1724 2744 1790 studii.
2797 1719 3139 1803 quodis'ibi
3185 1740 3216 1803 a
3271 1724 3609 1784 Catholicis
3660 1735 3786 1785 tam

566 1803 861 1863 ardenter
925 1801 1370 1880 praestabatur;
1430 1807 1491 1858 et
1546 1796 1922 1880 posthabitis
1973 1797 2072 1856 his
2121 1800 2444 1880 omnibus,
2485 1820 2558 1861 ex
2599 1796 2837 1877 quibus
2888 1802 3090 1876 ipsius
3141 1802 3335 1878 gloria
3389 1804 3792 1880 praestantior

569 1880 772 1942 videri
808 1876 1043 1957 posset,
1075 1876 1297 1957 easad
1338 1876 1469 1936 haec
1501 1878 1617 1937 tria
1648 1876 1852 1953 capita
1878 1885 2129 1957 revocat
2160 1896 2174 1935 :
2204 1878 2298 1937 vel
2333 1882 2503 1957 quod
2532 1898 2563 1941 a
2591 1876 3316 1956 ConstantinOpolitanis
3347 1876 3609 1955 accitus,
3646 1882 3793 1955 ipse

568 1960 741 2020 velut
781 1953 1397 2036 prapriumiillorum
1433 1969 1596 2030 Opus
1628 1971 1699 2015 ac
1734 1954 2055 2036 peculiare
2088 1954 2330 2036 bonum
2355 1953 2718 2017 haberetur
2753 1979 2768 2017 :
2810 1958 2904 2019 vel
2951 1953 3122 2036 quod
3176 1958 3447 2035 simplici
3485 1969 3545 2019 et
3579 1953 3798 2035 philo-

566 2032 823 2111 50phic'a
875 2032 1131 2093 vivendi
1177 2034 1422 2093 ratione
1454 2040 1666 2111 utens,
1717 2032 1840 2092 sibi
1879 2032 2024 2092 inde
2057 2050 2275 2092 eorum
2320 2033 2829 2097 benevolentiam
2881 2032 3254 2096 conciliaret
3295 2032 3315 2095 τ’
3347 2037 3439 2097 vel
3494 2032 3793 2111 demum,

564 2109 733 2192 quod
774 2113 1012 2173 invidia
1048 2128 1118 2192 ac
1152 2109 1709 2192 persecutionibus
1746 2126 2120 2187 Oppressus,
2160 2112 2297 2192 ipse
2346 2112 2595 2174 cllarior
2658 2115 2985 2191 magisque
3021 2113 3253 2174 civium
3298 2130 3511 2176 amore
3545 2109 3791 2192 dignus

563 2188 940 2252 efﬁceretur.
988 2190 1229 2272 Deinde
1262 2188 1632 2272 ambitionis
1686 2195 1896 2272 nolam
1932 2207 1962 2247 a
1999 2206 2066 2249 se
2100 2189 2383 2272 modeste
2418 2188 2991 2272 repellit._qulum
3033 2200 3390 2272 terramque
3422 2188 3791 2272 attestatur,

561 2287 631 2349 se
667 2286 992 2348 nunquam
1032 2266 1651 2349 constantinopolim
1688 2266 1968 2349 venisse,
1998 2266 2577 2349 u_t«‘episc0palem
2611 2268 2968 2330 cathedram
3002 2266 3321 2332 affectarat
3351 2272 3437 2347 (n.
3471 2271 3566 2349 6);
3605 2293 3634 2326 »
3665 2275 3791 2333 sed

564 2346 729 2427 hanc
759 2344 949 2408 unam
979 2344 1279 2407 veniendi
1315 2361 1565 2427 causam
1612 2344 1853 2427 (uisse,
1895 2355 1961 2405 ut
2010 2344 2152 2427 fidei
2202 2347 2728 2421 patrocinaretur,
2770 2349 3105 2425 viduasque
3136 2344 3438 2409 Ecclesia
3469 2344 3791 2427 sponsum

564 2444 638 2487 ea
671 2426 939 2502 dignum
987 2430 1374 2503 procuraret.
1410 2423 1573 2484 Hinc
1608 2421 1971 2503 catholicus
2010 2421 2329 2503 hortatur,
2383 2433 2450 2485 ut
2485 2428 2638 2486 tales
2678 2434 2933 2503 tamque
2970 2421 3229 2503 iniquos
3260 2421 3786 2489 adversariorum

564 2501 897 2564 sermunes
930 2501 1414 2580 parvipendant,
1450 2518 1518 2562 ac
1551 2501 1669 2562 soli
1706 2501 1862 2571 Deo,
1912 2501 2020 2638 qui
2073 2503 2359 2562 omnium
2391 2504 2577 2565 corda
2612 2501 2920 2577 intuetur,
2969 2501 3102 2565 haec
3129 2504 3539 2581 disceptanda
3574 2503 3786 2566 relin-

564 2589 789 2638 quant.
855 2583 1050 2638 Docet
1086 2581 1351 2638 insuner
1383 2580 1819 2638 improborum
1854 2596 1917 2638 ca
1956 2579 2205 2638 umnias
2240 2596 2564 2638 nunquam
2605 2584 2742 2638 viro
2790 2586 2986 2638 nrobo
3035 2598 3264 2638 nocere
3308 2598 3524 2638 nosse:
3581 2591 3642 2638 et
3699 2586 3784 2638 ad

563 2589 789 2660 quant.
855 2579 1351 2660 Docetinsuper
1383 2580 1819 2656 improborum
1844 2579 2205 2660 calumnias
2228 2596 2564 2660 nunquam
2605 2584 2742 2643 viro
2790 2586 2986 2659 probo
3034 2598 3264 2644 nocere
3306 2579 3524 2660 posse;
3581 2591 3642 2642 et
3699 2586 3788 2645 ad

564 2657 897 2740 auditores
922 2658 1274 2740 orationem
1316 2668 1694 2740 convertens
1729 2678 1814 2740 ε(
1844 2657 1999 2725 Vos,
2062 2657 2268 2733 inquit
2322 2657 2413 2735 (n.
2461 2661 2584 2738 10),
2631 2657 2826 2740 gloria
2883 2678 3018 2721 mea
3065 2657 3324 2733 estote,'
3355 2660 3788 2740 defensioque

568 2755 704 2799 mea
738 2739 904 2813 apud
938 2753 1073 2817 eos,
1106 2737 1217 2817 qui
1248 2753 1347 2797 me
1372 2737 1679 2817 judicent.
1718 2735 2228 2817 Obtrectatorum
2264 2735 2549 2817 meorum
2586 2735 2915 2799 maledicta
2947 2741 3286 2817 superabo,
3317 2741 3510 2800 modo
3546 2735 3783 2810 Patris,

567 2825 629 2878 et
663 2817 832 2885 Filii,
864 2823 924 2876 et
954 2813 1458 2894 Spiritussancti
1494 2814 1966 2894 confessionem
2003 2814 2240 2894 tirmam
2273 2816 2685 2894 acintegram
2722 2813 3067 2878 retineatis.
3120 2840 3149 2874 ι

642 2896 724 2955 ll.
762 2918 790 2949 α
823 2890 1132 2976 Baronius
1161 2892 1527 2976 egistimare
1554 2891 1835 2976 μαθων,
1865 2913 1901 2976 ιιι¹
1932 2890 2234 2976 inquiunt
2266 2890 2669 2976 Bollandistze
2692 2894 2844 2976 (Mi),
2882 2918 2910 2976 ei
2941 2895 3115 2976 quod
3155 2896 3285 2956 htec
3317 2896 3519 2976 oratio
3549 2895 3777 2976 habita

564 2972 671 3045 sit,
710 2982 1041 3051 postquam
1078 2971 1145 3031 in
1181 2970 1480 3051 thronum
1513 2969 1590 3030 ab
1622 2969 1940 3051 episcopis
1968 2969 2091 3051 fuit
2117 2978 2377 3051 evectus
2407 2969 2831 3049 GregoriusJ
2886 2969 3018 3051 Ipsi
3057 2990 3205 3034 vero
3247 2983 3427 3034 antea
3463 2974 3774 3046 habitam,

567 3059 635 3111 ut
697 3047 1110 3111 verisimilius
1172 3048 1595 3120 arbitrantur;
1628 3065 1746 3109 nec
1778 3047 2098 3126 immerito
2136 3049 2422 3126 quidem.
2479 3047 2602 3112 Sed
2655 3067 2783 3110 non
2831 3047 2935 3111 ita'
2954 3058 3119 3113 recte
3152 3051 3498 3126 conjiciunt
3532 3053 3773 3113 eruditi

567 3069 635 3111 nt
697 3069 1110 3111 verlsmuuus
1172 3069 1595 3120 arbitrantur;
1628 3069 1746 3109 nec
1778 3069 2098 3108 immerito
2136 3069 2422 3126 quidem.
2479 3069 2602 3112 aeu
2655 3069 2783 3110 non
2831 3069 2913 3111 ita
2954 3069 3119 3113 reCte
3152 3069 3267 3113 con
3302 3069 3498 3112 tciunt
3532 3069 3773 3113 eruditi

563 3129 709 3198 viri,
772 3146 914 3189 cum
973 3132 1131 3189 hanc
1179 3127 1529 3189 orationem
1582 3128 1658 3187 ad
1708 3141 1989 3186 mensem
2040 3125 2324 3202 Aprilem
2381 3129 2849 3204 pronuntiatam
2889 3128 3191 3191 referunt.
3247 3069 3347 3189 ἐκ)
3404 3130 3576 3191 enim
3640 3146 3777 3191 rem

566 3216 897 3287 exponunt
944 3207 1063 3285 (1:5)
1100 3229 1113 3267 :
1151 3229 1179 3263 α
1210 3207 1280 3265 In
1317 3204 1606 3266 Carmine
1654 3204 1725 3264 de
1772 3204 1903 3263 vita
1954 3222 2087 3287 suo,
2130 3206 2593 3287 nonmcminit
2620 3215 2877 3287 sanctus
2930 3207 3122 3286 hujus
3165 3206 3505 3287 violentire,
3566 3224 3783 3287 eoque

564 3282 886 3347 dillicilius
917 3282 1011 3347 est
1046 3295 1346 3354 statuere,
1377 3300 1507 3362 quo
1539 3293 1833 3362 tempore
1861 3284 2121 3362 prtecise
2150 3283 2211 3342 ei
2243 3284 2413 3344 illata
2435 3282 2701 3346 fuerit...
2727 3286 2818 3347 Sit
2852 3282 3042 3359 igitur
3073 3286 3205 3347 haec
3237 3302 3335 3346 res
3366 3286 3524 3346 facta
3557 3282 3785 3348 mense

564 3365 913 3426 Februario
938 3373 1046 3425 aut
1088 3363 1346 3436 Martio;
1398 3360 1605 3425 oratio
1644 3360 1791 3441 vero
1823 3360 2290 3441 habitaumense
2321 3363 2589 3437 Aprili,»
2638 3370 2759 3425 etc.
2815 3365 3089 3434 Verum,
3136 3380 3260 3425 non
3308 3363 3390 3422 ita
3431 3366 3788 3441 conjicien-

561 3443 714 3504 dum
750 3443 1152 3504 arbitramur.
1186 3443 1337 3502 Nam
1372 3457 1501 3520 quo
1535 3442 1734 3517 magis
1768 3439 1924 3520 ipsis
1956 3437 2280 3520 diiﬁciiius
2305 3440 2634 3501 videbatur
2674 3458 2802 3502 rem
2836 3449 3140 3514 statuere,
3174 3459 3250 3502 eo
3285 3441 3485 3519 magis
3516 3437 3782 3517 singula

560 3538 834 3600 qumque
870 3521 1313 3600 perpendenda
1348 3513 1563 3591 erant;
1605 3513 1955 3600 praesertim
2012 3513 2179 3587 635.
2224 3535 2369 3600 cum
2416 3520 2744 3600 adnatant,
2789 3520 2998 3597 ipsum
3033 3513 3342 3600 Hermant
3380 3513 3674 3591 censere,
3722 3523 3788 3581 id

559 3595 795 3660 factum
826 3595 1031 3661 fuisse
1071 3599 1288 3671 paucis
1337 3605 1478 3674 post
1533 3595 1946 3676 ecclesiarum
2006 3598 2479 3676 restitutionem
2529 3598 2782 3660 diebus.
2818 3595 3125 3670 Quamvis
3159 3598 3327 3659 enim
3368 3615 3484 3658 nos
3516 3615 3789 3676 quoque

563 3679 899 3749 fateamur,
934 3677 1311 3751 Gregorium
1339 3672 1407 3735 in
1431 3672 2135 3753 sopradictoicarmine,
2169 3691 2295 3735 non
2331 3676 2703 3736 meminisse
2731 3677 3048 3738 violentiae
3080 3676 3202 3737 sibi
3233 3693 3267 3735 a
3300 3672 3790 3753 poliuln'illa'tte,

562 3755 681 3819 etsi
717 3750 1087 3817 meminerit
1116 3753 1290 3813 illius
1319 3750 1829 3831 quam—episc0pi
1872 3750 1933 3833 i_n
1964 3754 2239 3833 concilio
2271 3755 2609 3833 coadunali
2642 3754 2764 3833 ipsi
2802 3758 3205 3832 postmodum
3241 3750 3623 3833 intulerunt,
3659 3770 3790 3814 non

559 3835 712 3897 inde
768 3843 976 3894 tamen
1032 3833 1191 3893 hanc
1247 3828 1374 3891 rem
1421 3833 1497 3891 ad
1539 3828 1826 3890 mensem
1873 3828 2290 3892 Februarium
2322 3839 2427 3892 aut
2463 3828 2758 3892 Martium
2802 3828 3256 3893 remittendam
3309 3832 3790 3892 concludimus.

561 3913 825 3973 Constat
864 3911 1212 3988 siquidem,
1250 3910 1387 3987 ipso
1417 3910 1523 3969 die
1551 3926 1681 3988 quo
1713 3906 2058 3988 Catholicis
2088 3910 2399 3970 restituite
2429 3919 2577 3970 sunt
2612 3911 2926 3987 ecclesiae,
2968 3910 3219 3987 plebem
3265 3911 3512 3986 magnis
3553 3913 3798 3971 clamo-

564 3991 744 4050 ribus
789 3989 867 4050 ab
923 3985 1303 4065 imperatore
1358 3986 1827 4064 expostulasse,
1881 3991 1949 4065 ut
1994 3985 2345 4065 Gregorius
2394 3988 2762 4065 epismpala
2792 3985 3025 4049 saltum
3068 3985 3551 4049 conscenderet.
3605 3988 3797 4049 Hunc

563 4062 1361 4141 multitudinis—impetum
1411 4062 1577 4143 aegre
1618 4062 2271 4144 ferensﬁ'l‘heologus,
2308 4062 2570 4144 vix'pro
2619 4062 2966 4139 momento,
3015 4065 3273 4143 collega:
3310 4066 3678 4127 ministerio
3729 4085 3797 4128 ac

564 4160 721 4206 voce
762 4152 972 4216 utens,
1010 4144 1183 4205 brevi
1218 4145 1508 4205 oratione
1534 4144 1799 4206 sedavit.
1833 4143 2009 4203 Unde
2043 4143 2575 4222 verisimillimum
2614 4155 2733 4217 est,
2785 4145 3165 4222 Gregorium
3204 4160 3331 4205 non
3376 4144 3578 4205 multo
3628 4153 3796 4222 post,

556 4223 1134 4283 clfervescentibus
1166 4224 1370 4284 adhuc
1406 4222 1660 4293 animis,
1709 4229 1896 4301 atque
1950 4221 2278 4301 ardentius
2310 4222 2553 4282 iteratis
2608 4224 2775 4299 apud
2820 4221 3273 4301 imperatorem
3340 4221 3795 4301 petitionibus.

565 4302 869 4362 thronum
930 4301 1360 4362 conscendere
1400 4309 1655 4361 coactus
1708 4300 1929 4359 fuisse.
1988 4300 2055 4359 Id
2112 4300 2434 4376 colligitur
2478 4317 2633 4360 sane
2684 4319 2761 4361 ex
2815 4300 2913 4361 his
2962 4302 3153 4362 istius
3215 4300 3527 4360 oratiOnis
3583 4302 3797 4362 verbis

562 4376 672 4455 (η.
707 4380 781 4457 2)
821 4399 836 4437 :
873 4401 899 4433 «
925 4380 1061 4440 Hoc
1084 4381 1490 4457 perSpicuum
1522 4377 1750 4439 factum
1786 4387 1902 4446 est,
1937 4395 2015 4457 ex
2050 4394 2215 4457 novo
2246 4395 2320 4439 eo
2352 4378 2655 4449 facinore,
2690 4381 2859 4457 quod
2892 4379 3053 4439 circa
3091 4396 3191 4439 me
3225 4379 3390 4439 haud
3424 4377 3508 4437 ita
3553 4380 3794 4454 pridem

571 4457 885 4530 edidistis,
917 4474 1062 4537 cum
1085 4456 1243 4533 vos,
1278 4458 1390 4537 qui
1433 4456 1613 4537 plebs
1646 4458 1827 4537 estis,
1891 4456 2027 4537 zelo
2062 4464 2122 4517 et
2156 4456 2481 4537 iracundia
2516 4456 2858 4531 ferventes,
2902 4457 3280 4517 clamantem
3313 4474 3410 4517 me
3445 4459 3794 4537 etilamen-

565 4544 805 4597 tantem
842 4538 906 4596 in
940 4536 1053 4597 hac
1083 4539 1234 4599 sede
1265 4534 1698 4599 collocastis.»
1752 4535 1889 4594 Non
1925 4534 2097 4594 enim
2135 4535 2369 4596 rationi
2401 4543 2901 4597 consentaneum
2937 4542 3065 4605 est,
3102 4543 3315 4609 pacata
3350 4535 3792 4601 multitudine,

572 4614 822 4689 plebem
859 4621 999 4691 post
1032 4623 1159 4675 tres
1191 4614 1466 4675 subinde
1509 4623 1617 4674 aut
1649 4622 1927 4691 quatuor
1963 4628 2219 4691 menses
2266 4611 2343 4674 ad
2384 4614 2448 4674 id
2502 4613 2820 4673 violentias
2862 4615 3256 4691 prorupisse.
3307 4613 3467 4672 Nam
3516 4612 3573 4672 si
3628 4614 3794 4674 illata

568 4690 882 4767 Gregorio
911 4692 1006 4751 vis
1039 4694 1115 4753 ad
1150 4710 1432 4753 mensem
1467 4690 1887 4753 Februarium
1928 4699 2039 4749 aut
2070 4690 2356 4767 Aprilem
2404 4691 2783 4762 remittatur,
2823 4690 3126 4767 culpandi
3155 4700 3306 4751 sunt
3340 4690 3794 4751 Constantino-

573 4768 840 4845 politani
900 4769 1097 4838 cives,
1159 4770 1511 4846 culpandus
1561 4779 1621 4829 et
1680 4770 1815 4844 ipse
1872 4767 2244 4847 Gregorius,
2302 4773 2472 4847 quod
2536 4768 3014 4845 episcoporum,
3081 4769 3191 4845 qui
3252 4770 3790 4847 convocabantur,

573 4847 912 4925 adventum
948 4863 1072 4907 non
1105 4845 1555 4925 exspectarint.
1602 4848 1719 4906 His
1750 4845 2239 4925 itaperpensis,
2274 4845 2459 4908 nubis
2490 4863 2634 4908 cum
2668 4848 2977 4907 Hermant
3009 4856 3075 4908 et
3101 4846 3519 4908 Tillemontio
3560 4847 3787 4908 verisi-

570 4924 791 4985 milius
828 4926 1099 4996 videtur,
1162 4922 1531 4987 violentiam
1588 4924 1901 5003 Gregorio
1935 4938 1970 4981 a
2005 4922 2186 5003 plebe
2228 4924 2467 5003 illatam
2519 4926 2868 5000 contigisse
2910 4926 3130 5002 paucis
3194 4933 3334 5003 post
3383 4925 3791 4987 ecclesiarum

573 5004 1045 5085 restitutionem
1083 5005 1347 5085 diebus,
1403 5003 1695 5085 hancque
1728 4998 2099 5085 orationem
2142 4998 2801 5085 fuiss.e__non_multo
2854 4998 2994 5082 post
3052 4998 3553 5082 pronuntiatam.
3613 5005 3796 5065 Recte

574 5080 768 5157 igitur
800 5083 1010 5143 medio
1041 5082 1292 5145 circiter
1327 5098 1546 5143 mense
1577 5077 1915 5141 Decembri
1951 5077 2102 5137 anni
2138 5077 2255 5139 380
2286 5077 2582 5144 c'ollocari
2622 5088 2850 5158 potest.

639 5265 754 5335 (15)
790 5266 969 5324 Carm.
997 5270 1062 5323 de
1092 5268 1197 5321 vita
1224 5285 1344 5332 sua,
1364 5281 1513 5337 vers.
1543 5264 1671 5319 1581
1706 5263 1774 5332 et]
1801 5278 1952 5332 seqq.

1468 5281 1513 5321 s.
1543 5264 1671 5319 1581
1706 5263 1774 5332 et]
1801 5278 1952 5332 seqq.
2311 5269 2419 5337 (45)
2458 5269 2587 5323 Ibid.
2618 5279 2728 5325 not.
2757 5285 2803 5334 ε,
2836 5284 2889 5337 p.
2925 5267 3049 5323 412.

635 5339 749 5410 (AM)
788 5340 820 5393 9
846 5337 969 5393 Maii
1022 5348 1132 5395 not.
1172 5338 1227 5403 d,
1264 5353 1318 5406 p.
1348 5336 1472 5390 411.
