4010 6316
605 377 712 432 967

1798 372 1851 427 S.
1893 371 2217 429 GREGORll
2257 372 2600 430 TllEOLOGl

3740 379 3855 437 268

600 499 964 563 comparatus,
1002 496 1061 545 ut
1092 488 1369 543 hominum
1410 489 1840 544 benevolentiam
1895 491 2159 547 blanditiis

2272 492 2401 561 ἐγὼ,
2443 493 2535 547 καὶ
2567 488 2678 557 οἷος
2719 490 2975 564 κολακείᾳ
3009 490 3261 545 κλέπτειν
3289 493 3387 565 τὴν
3425 494 3635 548 εὖνοιαν
3658 511 3672 525 σ
3703 495 3857 557 οἴους

600 600 656 644 et
679 586 1040 642 assentatione
1072 582 1352 653 subripere
1373 597 1566 653 queam
1595 600 1609 637 :
1641 581 1827 651 quales
1854 582 2049 640 multos
2082 598 2171 639 eo—

606 693 719 735 rum
755 678 929 737 video,
960 674 1050 745 qui
1081 674 1184 731 hoc
1226 681 1466 744 tempore
1494 675 1782 729 sacerdotii
1827 690 2020 730 munus
2052 690 2175 745 pro-

598 764 1296 834 ﬁtentur,quilideinostrae
1320 766 1592 834 pietatem,
1628 780 1745 835 quae
1778 767 1926 834 prius
1946 766 2171 836 simplex

599 867 758 925 atque
770 854 903 911 artis
915 868 1106 924 expers
1120 862 1255 919 erat,
1270 855 1608 917 artificiosam
1624 856 1990 923 reddiderunt,
2005 872 2068 913 ac
2082 872 2174 913 uo-

596 961 722 998 vutn
738 946 1006 1014 quoddam
1022 944 1266 1015 politices
1282 961 1470 1015 genus,
1489 962 1515 1000 a
1533 946 1649 1003 foro
1662 948 1726 1002 ad
1750 959 1934 1003 sancta
1952 949 2173 1005 transla-

601 1048 686 1101 tae,
710 1047 801 1091 eta
820 1037 1043 1091 theatris
1066 1038 1130 1091 ad
1153 1039 1471 1103 sacrarium,
1493 1038 1632 1109 vulgi
1656 1037 1826 1093 oculis
1854 1039 2070 1094 minime
2092 1040 2173 1095 in-

597 1129 942 1197 spectandum
971 1143 984 1180 :
1011 1129 1083 1183 ita
1107 1137 1183 1194 ut,
1214 1131 1259 1184 si
1288 1130 1541 1185 audacter
1568 1130 1671 1184 hoc
1699 1131 1877 1185 dicere
1906 1140 2169 1199 oporteat,

596 1220 715 1273 duae
735 1220 845 1288 jam
868 1234 1039 1274 scena:
1070 1221 1197 1283 sint,
1223 1221 1503 1290 interquas
1528 1221 1630 1276 hoc
1654 1222 1914 1276 duntaxat
1938 1222 2168 1289 intersit,

597 1311 736 1379 quod
772 1309 855 1363 illa
869 1310 1326 1378 omnibuspateat,
1351 1311 1467 1366 hate
1490 1311 1809 1380 quibusdam
1835 1327 1848 1376 ;
1881 1311 1969 1364 ilia
1999 1311 2168 1365 ridea-

598 1409 708 1463 tur,
738 1402 859 1455 hrec'
880 1400 932 1455 in
956 1401 1160 1456 honore
1186 1400 1287 1467 sit;
1317 1402 1402 1455 illa
1429 1402 1708 1469 theatrica,
1738 1403 1848 1455 hmc
1880 1402 2173 1472 spiritualis

594 1491 923 1545 nominetur.
962 1491 1064 1546 Vos
1105 1502 1284 1558 testes,
1328 1492 1576 1561 et,Deus,
1627 1501 1685 1546 ut
1728 1492 1963 1562 Apostoli
1997 1495 2173 1548 verbis

594 1595 718 1635 utar
742 1583 807 1645 ",
840 1596 937 1636 nos
962 1582 1027 1636 ab
1069 1584 1166 1636 hac
1189 1591 1340 1650 parte
1371 1582 1592 1636 minime
1634 1591 1798 1646 stare,
1820 1599 2004 1638 verum
2038 1585 2171 1639 tales

596 1687 741 1739 esse,
763 1682 820 1728 ut
838 1674 1168 1728 morositatis
1189 1675 1365 1743 potius
1385 1683 1440 1729 et
1460 1673 1793 1739 rusticitatis,
1813 1690 1971 1743 quam
1992 1675 2173 1729 adula-

595 1765 759 1820 tionis
790 1779 853 1821 ac
882 1764 1090 1820 servilis
1117 1765 1279 1818 animi
1305 1774 1428 1819 nota
1452 1767 1503 1818 in
1528 1778 1626 1819 nos
1647 1764 1829 1829 cadat;
1859 1766 2053 1835 quippe
2077 1765 2169 1834 qui

2275 582 2390 654 ὁρῶ
2424 583 2651 645 πολλοὺς
2678 583 2787 635 τῶν
2820 582 2915 636 νῦν
2960 583 3256 655 ἱερατεύειν
3296 584 3766 654 ὑπισχνουμένων,
3799 586 3854 638 οἶ

2274 674 2372 744 τὴν
2400 674 2511 745 (58)
2539 674 2713 745 ἁπλῆν
2734 674 2829 727 καὶ
2857 673 3079 744 ἄτεχνον
3104 673 3256 745 ἡμῶν
3283 674 3580 739 εὐσέὸειαν,
3599 675 3855 746 ἔντεχνον

2275 764 2643 834 πεποιήκασι,
2677 763 2773 817 καὶ
2787 763 3088 835 ’πολιτικῆς
3118 780 3170 816 τι
3206 763 3390 817 καινὸν
3434 761 3572 827 εἶδος
3604 764 3712 818 ἀπὸ
3748 765 3859 833 τῆς

2272 856 2478 927 ἀγορᾶς
2507 857 2586 919 είς
2624 856 2694 909 τὰ
2737 854 2868 924 ἅγια
2917 855 3389 926 μετενηνεγμένης
3428 856 3563 925 (5'9).
3606 857 3703 909 καὶ
3741 856 3861 909 ἀπὸ

2273 948 2380 1001 τῶν
2415 949 2655 1020 θεάτρων
2676 949 2769 1001 ἐπὶ
2796 947 2892 1020 τὴν
2913 950 3024 1011 τοῖς
3057 947 3268 1010 πολλοῖς
3297 947 3522 1001 ἀθέατον
3555 964 3857 1017 μυσταγωο

2273 1039 2397 1108 γίαν
2417 1056 2429 1069 ο
2459 1039 2533 1103 ὡς
2562 1036 2698 1093 εἶναι
2743 1038 2835 1092 δύο
2874 1038 3098 1110 σκηνὰς,
3125 1039 3173 1090 εί
3230 1038 3311 1091 δεῖ
3362 1037 3709 1107 τολμήσαντα
3738 1036 3856 1106 (60)

2273 1129 2432 1184 τοῦτο
2472 1131 2668 1191 είπεῖν,
2708 1127 2964 1183 τοσοῦτον
3010 1128 3255 1200 ἀλλήλων
3300 1128 3679 1200 διαφερούσας.
3726 1130 3857 1182 ὅσον

2274 1219 2373 1290 τὴν
2408 1220 2506 1290 μὲν
2550 1222 2715 1274 πᾶσιν
2747 1219 3028 1282 ἀνεῖσθαι,
3079 1219 3173 1290 τὴν
3220 1204 3445 1272 δὲ’τισίο
3491 1219 3584 1273 καὶ
3617 1224 3716 1290 τὴν
3749 1219 3856 1288 μὲν

2273 1308 2551 1375 γελᾶσθαι,
2581 1310 2682 1381 τὴν
2713 1309 2769 1363 δὲ
2796 1308 3062 1379 τιμᾶσθαι
3082 1326 3097 1340 ο
3147 1309 3241 1362 καὶ
3265 1308 3364 1379 τὴν
3400 1308 3497 1377 μὲν
3531 1308 3857 1379 θεατρικὴν,

2272 1399 2370 1472 τὴν
2409 1400 2465 1453 δὲ
2497 1402 2871 1473 πνευματικὴν
2903 1399 3286 1472 ὀνομάζεσθαι.
3328 1399 3514 1470 Ὑμεῖς
3548 1399 3856 1470 μάρτυρες,

2274 1492 2368 1545 καὶ
2399 1494 2427 1545 ό
2463 1491 2612 1555 Θεὸς,
2643 1492 2805 1561 φησὶν
2835 1494 2864 1546 ό
2896 1492 3038 1555 θεῖος
3082 1490 3419 1554 Ἀπόστολος,
3452 1490 3526 1553 ὡς
3548 1489 3610 1542 οὐ
3643 1489 3856 1560 ταύτης

2273 1584 2434 1654 ἡμεῖς
2452 1584 2548 1654 τῆς
2573 1584 2806 1656 μερίδος,
2830 1584 2942 1637 ἀλλ’
2965 1578 3067 1637 οἷοι
3090 1583 3409 1653 σκαιότητος
3431 1582 3497 1636 ἂν
3519 1582 3713 1635 θᾶττον
3733 1582 3855 1653 (61)

2274 1676 2369 1729 καὶ
2390 1677 2693 1747 ἀγροικίας,
2724 1676 2757 1747 ἢ
2786 1677 3023 1740 θωπείας
3052 1675 3148 1729 καὶ
3179 1674 3557 1739 ἀνελευθερίας
3594 1673 3854 1744 ἔγκλημα

2273 1764 2556 1831 δέξασθαιο
2600 1768 2655 1820 οἵ
2697 1785 2760 1837 γε
2808 1768 2902 1821 καὶ
2934 1768 3070 1837 πρὸς
3113 1767 3239 1830 τοὺς
3291 1764 3410 1819 λίαν
3457 1765 3855 1835 ἀντεχομένους

593 1869 689 1910 eos
715 1854 898 1921 etiam,
934 1855 1024 1924 qui
1054 1854 1224 1909 nostri
1273 1854 1439 1926 636
1469 1857 1711 1926 apprime
1754 1855 1982 1910 studiosi
2019 1866 2159 1922 sunt,

2277 1860 2431 1931 ἡμῶν
2468 1858 2610 1912 ἔστιν
2642 1858 2731 1911 ὅτε
2777 1858 2869 1911 κα)⁵
2905 1858 3036 1911 ὅπου
3076 1856 3379 1926 φαινόμεθα
3426 1854 3853 1925 τραχυνόμενοι,

593 1946 834 2014 asperius
862 1945 1129 2000 interdum
1162 1946 1512 2015 accipiamus,
1538 1946 1583 2000 si
1633 1946 1758 2014 quid
1790 1945 1944 2001 nobis
1975 1961 2079 2001 non
2107 1957 2164 2000 ut

592 2036 790 2092 rationi
811 2049 1237 2093 consentaneum
1277 2047 1380 2103 est,
1410 2036 1588 2092 facere
1634 2038 1937 2091 videantur.
1987 2040 2163 2107 Atque

591 2128 695 2183 hoc
729 2143 794 2181 ex
827 2143 966 2184 novo
1009 2143 1072 2183 eo
1125 2128 1365 2184 facinore
1414 2130 1759 2200 perspicuum
1811 2130 2009 2184 factum
2057 2141 2158 2192 est.

588 2218 729 2284 quod
757 2218 897 2273 circa
942 2234 1028 2273 me
1056 2220 1198 2273 haud
1233 2219 1305 2273 ita
1343 2220 1548 2288 pridem
1577 2219 1840 2285 edidistis,
1876 2234 1998 2274 cum
2026 2235 2144 2285 vos,

587 2312 677 2378 qui
708 2310 855 2380 plebs
883 2311 1035 2378 estis,
1064 2311 1178 2364 zelo
1207 2320 1262 2365 et
1284 2311 1556 2379 iracundia
1584 2309 1871 2376 ferventes,
1906 2312 2150 2367 claman-

588 2409 697 2455 tem
728 2415 811 2454 me
828 2410 881 2455 et
897 2403 1276 2456 lamentantem
1306 2401 1358 2455 in
1376 2401 1479 2455 hac
1496 2402 1623 2455 sede
1642 2400 1967 2467 collocastis,
1996 2418 2158 2473 quam

592 2490 952 2561 tyrannicam,
987 2506 1055 2545 an
1084 2491 1440 2562 episcOpalem
1492 2492 1671 2546 dicere
1701 2492 1947 2559 debeam,
1982 2494 2156 2548 incer-

590 2590 704 2635 tum
731 2581 936 2648 habeo;
961 2583 1052 2636 sed
1087 2584 1387 2637 collocastis
1411 2591 1614 2647 tamen,
1634 2593 1853 2653 propter
1878 2585 1985 2638 vim
2016 2600 2161 2639 amo-

599 2675 674 2728 ris
700 2689 825 2743 erga
861 2689 948 2729 me
978 2676 1164 2739 vestri,
1216 2674 1385 2745 legem
1446 2675 1731 2729 violantes.
1782 2675 1899 2741 Quo
1943 2677 2157 2744 quidem

593 2773 838 2835 tempore
873 2766 1144 2820 nonnullis
1175 2780 1382 2832 eorum,
1409 2768 1497 2837 qui
1527 2756 1843 2821 fervidiores
1870 2779 2047 2830 erant,
2076 2784 2159 2823 us-

583 2868 692 2924 que
713 2857 847 2910 adeo
870 2857 1300 2922 suceeusuimus,
1329 2867 1387 2911 ut
1412 2873 1599 2912 amore
1625 2858 1676 2910 in
1711 2858 1893 2911 odium
1930 2866 2156 2919 mutato,

2265 1952 2330 2006 ἀν
2363 1968 2417 2004 τι
2464 1949 2537 2021 μὴ
2572 1948 2712 2004 κατὰ
2755 1948 2912 2017 λόγον
2950 1948 3083 2018 ἡμῖν
3113 1949 3285 1999 ποιεῖν
3334 1944 3683 2016 νομίζωνται.
3732 1943 3856 1996 Καὶ

2261 2043 2419 2098 τοῦτο
2448 2042 2644 2107 ἔδειξεν
2672 2043 2704 2112 ἡ
2737 2040 2926 2113 πρώην
2954 2037 3220 2111 γενομένη
3252 2039 3382 2108 περὶ
3409 2040 3441 2108 ὴ
3452 2038 3559 2107 μᾶς
3587 2053 3849 2090 καινοτο-

2265 2137 2376 2208 μία.
2420 2137 2579 2205 ἡνίκα
2616 2134 2763 2205 ζήλῳ
2796 2133 2886 2186 καὶ
2931 2130 3085 2203 θυμῷ
3132 2130 3384 2195 ζέσαντες
3419 2130 3578 2200 ὑμεῖς
3618 2130 3647 2180 ὁ
3689 2127 3848 2195 λαὸς,

2264 2227 2500 2300 βοῶντας
2537 2243 2597 2279 τε
2628 2225 2727 2278 καὶ
2767 2222 3123 2295 ὀδυρομένους
3165 2224 3257 2276 ὲπὶ
3294 2222 3386 2275 τὸν
3422 2222 3609 2292 θρόνον
3648 2220 3850 2273 τοῦτον

2262 2318 2519 2389 ὲθήκατε,
2556 2316 2646 2369 τὸν
2684 2316 2785 2368 οὐκ
2835 2308 2931 2367 οἷδ’
2965 2312 3071 2365 εἴτε
3123 2311 3444 2383 τυραννικὸν
3486 2310 3592 2381 χρὴ
3628 2310 3845 2378 λέγειν,

2261 2409 2372 2462 εἴτε
2407 2406 2792 2479 ἀρχιερατικόν
2827 2405 2973 2476 (6Ξ)’
3011 2404 3242 2476 ἐθήκατε
3274 2405 3319 2457 δ’
3349 2399 3463 2465 οὖν,
3493 2403 3579 2455 διὰ
3613 2403 3703 2455 τὸν
3743 2403 3850 2454 πό-

2261 2498 2352 2552 θον
2384 2498 2883 2568 παρανομὴσαντες.
2939 2492 3109 2547 Ἔνθα
3150 2492 3404 2546 τοσοῦτόν
3437 2509 3544 2545 τισι
3580 2492 3688 2544 τῶν
3715 2492 3848 2563 θερ-

2264 2590 2505 2662 μοτέρων
2587 2586 3056 2657 ἐδυσχεράναμεν,
3111 2585 3250 2637 ὥστε
3317 2584 3673 2655 ἀπεπήδησαν
3724 2584 3844 2653 (63)

2258 2678 2438 2749 ἡμῶν,
2470 2678 2531 2730 τὸ
2560 2677 2780 2747 φίλτρον
2810 2677 2888 2739 είς
2917 2674 3114 2745 ἔχθραν
3142 2674 3439 2746 τρέψαντες
3467 2675 3598 2744 (64).
3625 2675 3699 2727 Οὐ
3727 2676 3844 2745 γὰρ

2259 2765 2319 2830 ἐξ
2344 2758 2417 2818 ὧν
2447 2764 2788 2837 χαριούμεθα
2824 2761 3134 2833 σκοποῦμεν
3172 2762 3402 2834 μᾶλλον,
3433 2763 3467 2834 ἡ
3510 2761 3569 2828 ἐξ
3596 2758 3671 2818 ῶν
3699 2763 3843 2831 ὠφε-

2260 2856 2498 2927 λήσομεν
2533 2855 2663 2927 (65).

586 2962 615 3001 a
643 2947 797 3001 nobis
820 2947 1099 3002 confestim
1138 2948 1480 3003 recesserint.
1521 2947 1635 3003 Non
1663 2949 1807 3003 enim
1831 2958 1938 3002 tam
1961 2946 2238 3002 hominum
2268 2948 2494 3017 gratiam
2545 2961 2704 3015 quam
2744 2946 3024 3002 utilitatem
3061 2952 3383 3015 spectamus.

657 3036 740 3090 Ill.
772 3036 899 3104 Quzc
923 3038 1085 3107 igitur
1116 3038 1244 3092 tanti
1310 3052 1438 3109 erga
1489 3053 1590 3094 nos
1644 3052 2026 3106 sermonesque
2064 3052 2159 3091 no-

586 3139 728 3185 stros
768 3130 1014 3185 desiderii
1038 3139 1090 3183 et
1130 3129 1290 3184 studii
1322 3144 1483 3184 causa
1528 3130 1618 3196 sit,
1652 3130 1887 3186 vultisne
1922 3130 2019 3199 ipsi
2063 3142 2159 3182 ex-

2332 3038 2409 3090 l".
2452 3038 2546 3101 Τίς
2583 3032 2675 3091 οὖν
2709 3038 2741 3107 ἡ
2779 3038 2927 3090 αἰτία
2959 3035 3054 3090 τοῦ
3100 3035 3353 3089 τοσούτου
3389 3035 3518 3104 περὶ
3552 3032 3697 3103 ἡμᾶς
3740 3034 3840 3085 πό-

2266 3130 2381 3195 θου,
2411 3130 2504 3182 καὶ
2533 3130 2659 3193 τοὺς
2689 3129 2878 3199 λόγους
2899 3130 3025 3192 τοὺς
3049 3126 3371 3200 ἡμετέρους,
3402 3127 3553 3179 αὐτοὶ
3583 3125 3837 3195 βούλεσθε

586 3233 851 3290 promere,
880 3230 1040 3289 atque
1088 3220 1139 3272 in
1180 3221 1411 3275 medium
1440 3219 1683 3289 proferre
1710 3260 1725 3284 ,
1755 3221 2028 3288 animique
2060 3233 2151 3271 ve-

2264 3220 2500 3290 δτηλῶσαι
2538 3219 2742 3291 ταύτην
2788 3222 2882 3273 καὶ
2928 3220 3308 3290 παραστῆσαι,
3343 3219 3435 3270 καὶ
3469 3218 3529 3269 τὸ
3572 3218 3837 3287 ὑμέτερον

584 3312 680 3367 stri
706 3310 956 3366 affectum
985 3311 1245 3375 indicare,
1274 3326 1337 3365 an
1367 3311 1543 3382 potius
1576 3326 1672 3380 per
1694 3326 1790 3365 nos
1842 3310 1943 3365 hoc
1971 3308 2150 3363 decla-

583 3413 728 3465 rare,
757 3401 1204 3471 quemadmodum
1235 3410 1289 3455 et
1319 3401 1385 3455 ad
1423 3414 1508 3454 res
1531 3401 1665 3455 alias
1689 3400 2034 3469 exponendas
2059 3412 2152 3453 no-

584 3493 667 3547 bis
701 3508 804 3547 tton
835 3493 1106 3549 illibenter
1135 3493 1208 3547 uti
1234 3492 1453 3547 soletis?
1494 3492 1619 3547 Mihi
1650 3507 1778 3547 vero
1812 3507 1913 3547 non
1948 3500 2031 3546 est
2052 3490 2151 3544 du-

582 3585 766 3649 bium,
799 3584 925 3654 quin
948 3585 1086 3638 hanc
1117 3583 1245 3638 tnihi
1285 3584 1497 3639 dicendi
1544 3583 1872 3653 provinciam
1905 3582 2150 3651 impona-

583 3676 672 3739 tis,
702 3686 960 3745 quantum
1001 3675 1215 3744 quidem
1246 3689 1312 3730 ex
1345 3684 1523 3729 vestro
1554 3674 1768 3729 silentio
1810 3672 2056 3744 judicare
2089 3670 2152 3724 li-

580 3775 685 3822 cet.
711 3768 905 3830 Audite
932 3767 1111 3837 igitur,
1143 3776 1305 3836 atque
1338 3765 1640 3833 expendite,
1672 3778 1799 3818 num
1849 3762 2022 3817 malus
2056 3761 2153 3816 htt-

579 3854 809 3923 iusmodi
850 3870 1027 3909 rerum
1080 3856 1182 3911 sim
1232 3854 1527 3923 conjector.
1575 3853 1837 3916 Primum,
1881 3852 2007 3922 quia
2052 3864 2150 3905 nos

581 3945 707 4015 ipsi.
733 3942 1005 3998 accivistis
1034 3983 1049 4009 ,
1086 3942 1286 3998 idcirco
1324 3942 1528 4012 judicio
1560 3950 1739 3997 vestro
1778 3956 1933 4010 opem
1970 3940 2151 3995 subsi-

582 4038 837 4104 diumque
869 4034 1033 4095 ferre,
1070 4048 1131 4088 ac
1159 4034 1304 4088 velut
1331 4033 1565 4104 praedam
1592 4042 1824 4088 vestram
1860 4034 2037 4091 fovere
2065 4035 2147 4089 vi-

582 4127 804 4180 demini.
842 4124 937 4179 Est
981 4125 1123 4179 enim
1172 4125 1242 4179 ita
1292 4135 1479 4180 natura
1516 4134 1905 4195 comparatum,
1932 4135 1989 4180 ut
2034 4127 2148 4184 suis

583 4218 833 4286 quisque,
868 4227 974 4270 tam
1010 4217 1243 4286 praediis,
1295 4232 1455 4287 quam
1502 4215 1688 4271 liberis
1712 4231 1776 4271 ac
1809 4218 2149 4274 sermonibus

581 4309 803 4375 faveat,
849 4318 1249 4377 spontaneaque
1298 4307 1667 4363 benevolentia
1726 4308 1778 4361 in
1828 4323 1955 4364 suos
2010 4308 2149 4366 fetus

580 4400 929 4469 propendeat.
961 4399 1178 4463 Deinde,
1211 4396 1353 4451 nulla
1388 4410 1446 4451 re
1477 4397 1698 4467 perinde
1728 4400 1951 4461 moveri,
1986 4414 2145 4466 quam

581 4488 722 4556 quod
747 4502 864 4552 nos,
893 4501 992 4542 nec
1026 4488 1330 4557 praecipites
1357 4496 1411 4543 et
1438 4487 1795 4555 importunos,
1823 4500 1923 4543 nec
1952 4488 2148 4543 violen-

583 4553 690 4641 tos,
722 4592 820 4630 nec
871 4576 936 4630 ad
964 4553 1297 4632 theatrorum
1344 4586 1399 4631 et
1446 4553 1799 4632 festivitatum
1832 4579 2146 4632 ostentatio-
2176 4553 2225 4613 Ῐ)

580 4682 705 4721 nem
738 4666 1083 4735 compositos,
1119 4667 1211 4722 sed
1238 4666 1506 4722 modestos
1548 4676 1604 4722 et
1639 4669 1959 4735 submissos,
1992 4677 2153 4737 atque

584 4759 637 4811 itt
674 4756 948 4810 hominum
975 4756 1277 4826 frequentia
1309 4767 1361 4812 et
1388 4759 1660 4824 societate,
1707 4759 1857 4813 velut
1884 4759 1951 4813 ab
1974 4759 2151 4813 homi-

583 4862 712 4902 num
741 4848 1065 4902 connuercio
1100 4858 1333 4903 remotos
1380 4864 1445 4904 ac
1470 4851 1789 4919 singulares,
1821 4860 1897 4915 et,
1952 4860 2009 4904 ιιι
2040 4850 2154 4904 bre-

578 4939 699 4993 vius
757 4939 929 4994 adhuc
981 4939 1194 5010 loquar,
1255 4941 1599 5012 philosophos
1655 4957 1772 4998 esse
1823 4939 2148 5012 perspicitis.

652 5058 697 5089 ν’
734 5057 753 5110 l
798 5057 987 5113 Thess.
1022 5072 1081 5122 ll,
1116 5058 1203 5112 10.

652 5148 764 5217 (58)
808 5148 874 5201 Οἳ
890 5150 1019 5217 τήν.
1052 5148 1173 5204 llaec
1190 5152 1381 5204 desunt
1410 5152 1459 5204 in
1496 5153 1589 5207 0r.
1629 5153 1679 5205 1.

653 5218 765 5290 (59)
804 5220 1337 5290 Μετενηνεγμένης.
1376 5220 1464 5273 Sic
1488 5237 1577 5274 scx
1605 5220 1794 5289 Regg.,
1829 5229 1938 5275 tres
1964 5220 2140 5287 Colb.,

579 5289 672 5343 Or.
701 5289 753 5347 1,
785 5301 890 5343 etc.
918 5289 968 5341 In
992 5289 1115 5353 ed.,
1134 5291 1617 5360 μετενηνεγμένην.

652 5360 763 5445 (61))
806 5360 1213 5428 Τολμήσαντα.
1269 5364 1359 5416 Su:
1420 5361 1658 5429 plerique
1719 5359 1876 5414 codd.
1926 5359 1979 5413 ltt
2030 5359 2141 5425 ed.,

580 5430 670 5483 τολ
718 5430 965 5499 ήσαντος.

651 5448 760 5567 (ξι)
803 5497 1043 5553 Θᾶττον.
1068 5498 1279 5562 Comb.,
1292 5566 1297 5567 ί
1309 5497 1528 5567 μᾶλλον.

712 5497 760 5562 1⁷)
803 5497 1043 5553 Θᾶττον.
1068 5498 1279 5562 Comb.,

651 5502 733 5567 (61
803 5502 1043 5553 Θᾶττον.
1068 5502 1528 5619 ϐοιηὺηιμᾶλλον.

650 5502 760 5640 (62;
812 5567 1253 5640 npxyspattxdr.
1334 5568 1490 5640 illius,
1515 5585 1533 5617 ι
1564 5566 2088 5640 arcltie‘piseopalem.
2116 5586 2135 5618 ι

577 5636 694 5692 Non
720 5636 894 5691 erecte.
932 5638 1040 5708 Vox
1089 5638 1232 5689 enim
1277 5656 1295 5687 ι
1333 5637 1805 5708 archiepiscopalis
1843 5657 1864 5688 ι
1907 5640 2139 5692 nondum

575 5721 646 5766 ea
666 5717 821 5759 relate
852 5715 967 5758 erat
999 5707 1050 5760 in
1080 5721 1199 5759 usu.

649 5774 763 5848 (63)
806 5775 980 5829 Ὥστε
1030 5774 1447 5844 ἀπεπήδησαν.
1506 5775 1891 5833 Lettveuklaius
1938 5777 2136 5832 vertit:

2260 3312 2430 3374 πάθος
2457 3311 2611 3363 αὐτοὶ
2636 3312 2923 3383 γνωρίσαι,
2950 3311 2981 3381 ἢ
3008 3311 3073 3363 δι’
3100 3309 3253 3381 ἡμῶν
3276 3309 3432 3375 πῦτο
3457 3308 3834 3380 δημοσιεῦσαι,

2257 3403 2332 3466 ὡς
2362 3404 2470 3472 (66)
2505 3402 2730 3456 καὶτῶν
2764 3401 2935 3457 ἄλλων
2995 3403 3127 3472 ἡμῖν
3169 3400 3372 3471 χρῆσθε
3416 3399 3709 3470 προθύμως
3752 3400 3835 3466 ἐξ-

2258 3497 2521 3565 ηγηταῖς;
2567 3492 2859 3564 Ἦμέτερον
2887 3488 2979 3546 οἷδ’
3012 3492 3121 3561 (67)
3150 3492 3229 3544 ὅτι
3255 3491 3490 3545 ποιεῖσθε
3520 3491 3610 3544 τὸν
3652 3492 3826 3560 λόγον,

2258 3583 2379 3636 ὅσον
2417 3587 2481 3636 ἐκ
2501 3585 2600 3654 τῆς
2626 3583 2849 3654 ἡσυχίας
2877 3582 3269 3654 τεκμαίρομαι.
3300 3581 3509 3635 Οὐκοῦν
3536 3582 3830 3648 ἀκούσατε,
3962 3592 3967 3654 j

2259 3675 2351 3727 καὶ
2382 3677 2657 3735 σκοπεῖτε,
2686 3675 2758 3745 μὴ
2781 3675 2981 3743 φαῦλος
3012 3673 3121 3743 ἐγὼ
3147 3674 3253 3727 τῶν
3280 3673 3534 3727 τοιούτων
3556 3676 3829 3745 εἰκαστής.

2271 3766 2423 3837 Ἐμοὶ
2473 3767 2677 3820 δοκεῖτε
2733 3766 2968 3837 μάλιστα
3021 3766 3141 3836 μὲν,
3193 3764 3267 3827 ὡς
3318 3765 3471 3818 αὐτοὶ
3508 3765 3833 3829 καλέσαντες

2258 3856 2425 3926 ἡμᾶς,
2455 3856 2632 3927 οἰκείᾳ
2658 3855 2872 3927 βοηθεῖν
2902 3855 3101 3928 κρίσει,
3133 3855 3226 3908 καὶ
3250 3854 3337 3909 διὰ
3367 3855 3524 3908 τοῦτο
3550 3857 3829 3927 περιέπιν

2256 3945 2318 3997 τὸ
2358 3944 2621 4016 ὑμέτερον
2652 3945 2896 4015 θήραμα.
2931 3943 3096 4007 Φύσις
3123 3944 3179 3997 δὲ
3212 3943 3349 4013 αὕτη
3386 3944 3521 4013 πρὸς
3548 3945 3610 3997 τὸ
3634 3947 3830 3998 οίκεῖον

2257 4034 2402 4089 ἅπαν
2422 4033 2663 4105 εὐμενῶς
2696 4034 2861 4104 ἔχειν,
2887 4032 2998 4086 εἴτε
3032 4034 3242 4106 κτῆμα,
3282 4035 3389 4087 εἴτε
3426 4036 3693 4105 γέννημα,
3722 4035 3826 4087 εἴτε

2256 4124 2433 4192 λόγον,
2469 4126 2563 4177 καὶ
2598 4125 2647 4177 δι
2695 4125 2907 4188 εὐνοίας
2937 4126 3184 4178 ἑκουσίου
3218 4125 3530 4198 χειροῦσθαι
3562 4130 3674 4190 τοῖς
3707 4128 3827 4180 ἑαυι

2255 4216 2362 4269 τῶν
2418 4217 2809 4287 προϐλήμασιν.
2874 4216 3130 4287 Δεύτερον
3187 4217 3263 4281 δὲ,
3319 4218 3472 4272 οὐδὲν
3523 4218 3698 4282 οὕτως
3741 4220 3817 4271 αίι

2254 4306 2459 4360 δεῖσθαι
2484 4306 2617 4377 (68),
2666 4307 2741 4371 ὡς
2781 4308 2845 4362 τὸ
2880 4308 2953 4381 μὴ
3006 4310 3197 4379 ἰταμὸν
3242 4309 3419 4380 ἡμῶν.
3456 4312 3595 4381 μήτε
3638 4312 3819 4381 βίαιον,

2258 4399 2396 4469 μήτε
2425 4398 2710 4469 θεατρικόν
2742 4417 2800 4453 τε
2836 4401 2930 4453 καὶ
2958 4402 3353 4472 πανηγυρικὸν,
3393 4401 3508 4454 ἀλλ’
3540 4403 3819 4473 ὑποχωρη-

2253 4490 2403 4544 τικόν
2429 4506 2488 4542 τε
2525 4492 2619 4544 καὶ
2648 4490 2866 4562 μέτριον
2885 4531 2901 4556 ,
2932 4493 3026 4546 καὶ
3053 4485 3164 4544 οἷον
3192 4491 3406 4545 ἀκοινον
3445 4493 3501 4544 ὲν
3534 4494 3614 4563 τῷ
3643 4493 3818 4562 κοινῷ,

2251 4578 2345 4631 καὶ
2378 4580 2735 4651 μονότροπον,
2776 4582 2899 4647 καὶ,
2932 4581 3337 4653 συντομώτερον
3364 4584 3539 4635 εἰπεῖν
3568 4585 3649 4636 ἔτι
3690 4584 3815 4652 (69),

2251 4672 2569 4741 φιλόσοφον·
2594 4672 2716 4726 οὐδὲ
2750 4676 2819 4727 αὐ
2834 4674 2884 4726 τὸ
2910 4675 3195 4745 τεχνικῶς,
3234 4676 3329 4729 καὶ
3362 4674 3658 4739 πολιτικῶς
3691 4677 3819 4745 ἡμῖν

2249 4763 2638 4836 ἀνευρημένον,
2667 4766 2781 4818 ἀλλ’
2819 4767 3009 4829 ἁπλῶς
3041 4767 3136 4820 καὶ
3177 4768 3562 4837 πνευματικῶς
3603 4783 3818 4837 τετιμηο

2253 4855 2433 4926 μένον.
2461 4858 2536 4911 Οὐ
2566 4858 2695 4930 γὰρ,
2726 4859 2811 4913 ῖνα
2838 4858 3179 4930 ζητηθῶμεν,
3205 4860 3687 4931 ἀποκρυπτόμεθα,
3712 4857 3816 4911 οὐδ’

2250 4946 2338 5001 ἵνα
2382 4948 2626 5013 πλείονος
2681 4951 2823 5017 ἄξιοι
2867 4950 3108 5022 δόξωμεν
3155 4951 3355 5023 τιμῆς,
3408 4950 3600 5022 ὥσπερ
3639 4951 3685 5005 oi
3720 4948 3815 5010 τὰς

2246 5170 2266 5202 ι
2309 5167 2338 5205 a
2378 5149 2532 5203 vobis
2562 5149 2948 5215 discessimus;
2987 5169 3005 5202 ι
3053 5149 3196 5220 quod
3242 5149 3457 5219 quidem
3507 5166 3535 5204 a
3577 5148 3809 5219 Gregorii

2243 5229 2423 5275 mente
2448 5229 2503 5272 et
2536 5221 2714 5288 verbis
2738 5235 2956 5288 prorsus
2981 5220 3209 5275 alienum
3238 5230 3341 5273 est.

2314 5288 2423 5376 (Eii?
2470 5287 2823 5376 Τξέψειιτές-
2858 5290 2979 5376 υιιιι
3001 5291 3188 5376 Pisas.
3216 5287 3569 5376 στρέψειγτες·

2336 5358 2423 5431 65)
2474 5358 2905 5431 Ὠφενζήσομεν.
2940 5359 3072 5431 Ιὶῖεζ
3106 5358 3214 5421 lim,
3269 5358 3656 5430 ὼφελήσωμεν.

2339 5429 2426 5500 (iii)
2478 5428 2593 5500 Ὡς.
2612 5428 2683 5500 ίΙιι
2714 5428 2911 5500 ηόιιιιιιι
2928 5428 3241 5500 ιίεεῶσπερ.

2345 5429 2425 5549 lib")
2478 5429 2593 5493 Ὡς.
2626 5429 2683 5483 1η
2714 5429 3004 5484 nonnullis.
3035 5429 3241 5500 ὥσπερ.
3445 5429 3448 5430 ⁷

2345 5498 2436 5570 (ᾖ)
2482 5499 2792 5570 Ἠμέτερον
2823 5497 2951 5553 οἶδ’.
2984 5498 3197 5562 (lontl).,
3227 5498 3494 5570 ἡμέτερον
3523 5493 3582 5570 εὖ
3603 5492 3735 5570 οἶδα.

2248 5636 2277 5689 δ
2307 5564 2432 5687 (ϐξ)
2470 5564 2792 5626 Αὶόεῒσθαι.
2828 5570 2961 5625 Tres
2984 5571 3153 5639 Regg.
3184 5564 3500 5638 et'quatuor
3522 5567 3686 5625 Colb.,
3722 5564 3794 5615 αίο

2279 5654 2363 5688 εισ
2399 5653 2443 5688 ε.
3144 5658 3150 5665 ·

2279 5653 2443 5688 εισυε.
3144 5658 3150 5665 '

2320 5705 2430 5775 (69)
2467 5708 2670 5764 Εὶπεῖν
2702 5710 2805 5764 ἐτι.
2844 5709 2979 5765 Tres
3000 5708 3191 5779 Regg.,
3225 5706 3320 5763 Or.
3357 5705 3382 5762 1
3418 5715 3472 5760 et
3501 5702 3698 5765 Comb.,
3728 5696 3799 5750 el-

2249 5780 2371 5829 πεῖν
2398 5793 2468 5828 τι.
