4010 6316
236 371 325 428 169

1176 377 1434 436 ORATIO
1472 382 1709 439 XXXVI.
1750 413 1820 426 —-
1856 386 1944 441 DE
1980 386 2241 450 SEIPSO,
2299 381 2452 438 ETC.

3338 378 3444 434 270

235 489 363 557 ὥρας
421 488 608 560 μικρὸν
662 490 1085 561 προφαίνοντες,
1149 493 1250 551 εἶθ’
1310 501 1761 568 ὑποστέλλοντες’

1887 506 2272 577 Philosophiam
2327 512 2506 559 autem
2540 501 2678 567 dico,
2712 514 2821 555 non
2856 498 3064 565 callide,
3119 505 3173 554 et
3227 498 3443 568 politico

234 578 335 633 ἀλλ’
378 579 457 632 ἴνα
499 580 608 649 (70)
647 581 706 634 τὸ
773 584 996 653 φεύγειν
1043 588 1144 651 τὰς
1190 592 1501 663 προεδρίας,
1554 597 1648 647 καὶ
1695 596 1769 667 μὴ

233 670 609 739 μεταποιεῖσθαι
631 672 736 724 τῶν
761 674 1018 729 τοιούτων
1039 680 1233 749 τιμῶν,
1261 683 1338 753 τῷ
1363 686 1571 756 ἠσυχίῳ
1593 686 1751 752 δείξω

233 777 335 830 μεν.
362 760 564 831 Τρίτον,
589 763 822 833 ὁρῶντες
845 768 993 837 ἡμᾶς
1014 765 1100 823 οἷα
1131 773 1412 845 πάσχομεν
1442 778 1547 830 ὑπό
1575 796 1633 831 τε
1663 779 1769 832 τῶν

228 850 403 914 ἔξωθεν
430 853 832 924 πολεμούντων,
878 863 973 914 καὶ
1016 863 1125 917 τῶν
1157 864 1366 920 ἔνδοθεν
1397 869 1772 923 ἐπιϐουλευόν-

226 960 345 995 των·
370 944 572 1017 ἐπειδὴ,
600 948 741 1002 κατὰ
777 950 868 1003 τὸν
899 953 1117 1026 Δανιὴλ,
1166 957 1428 1026 ἐξῆλθεν
1452 961 1673 1030 ἀνομία
1699 964 1767 1017 ἐκ

227 1036 615 1105 πρεσϐυτέρων
666 1040 733 1093 ἐκ
790 1044 1183 1112 Βαϐυλῶνος,
1231 1049 1289 1101 οἳ
1352 1051 1609 1106 ἐδόκουν
1653 1055 1776 1122 κρί-

224 1144 334 1180 νειν
351 1127 449 1181 τὸν
483 1130 749 1197 Ἰσραήλσ
774 1136 1110 1203 σχετλιάζειν
1139 1138 1236 1210 μὲν
1262 1141 1355 1194 καὶ
1379 1143 1773 1215 δυσχεραίνειν,

224 1218 302 1270 καὶ
316 1219 406 1271 οὐκ
421 1218 561 1289 ἔχειν
584 1223 731 1286 ὅπως
753 1226 1067 1298 ὲπαμύνητε
1092 1230 1203 1299 (71)
1222 1236 1658 1306 τυραννουμένῳ,
1686 1237 1781 1307 μό-

223 1326 298 1361 νον
317 1310 368 1362 δὲ
389 1311 505 1363 ἀντὶ
534 1314 753 1368 πάντων
774 1318 1045 1388 εἰσφέρειν
1068 1322 1158 1375 τὸν
1186 1323 1351 1379 ἔλεον.
1388 1327 1446 1379 '0
1476 1324 1570 1381 οὖν
1603 1325 1780 1391 οἶκτος

222 1402 276 1468 τῇ
312 1400 439 1453 αἰδοῖ
468 1405 799 1475 συγκραθεὶς
829 1410 1050 1482 φίλτρον
1079 1414 1314 1483 ἐγένετο.
1350 1418 1459 1472 Καὶ
1490 1418 1648 1471 τοῦτο
1676 1419 1774 1489 τῆς

222 1493 331 1562 περὶ
358 1494 454 1563 ἐμὲ
491 1496 658 1565 τιμῆς
695 1497 757 1551 τὸ
792 1503 1108 1572 μυστήριον.

1873 598 2100 652 artiﬁcio
2122 596 2480 662 excogitatam
2511 603 2675 661 atque
2700 591 3044 654 accersitam,
3075 589 3169 644 sed
3193 588 3447 657 simplici-

1874 697 1957 743 ter
1988 703 2052 742 ac
2108 685 2461 756 spiritualiter
2521 683 2723 738 cultam
2786 690 2841 736 et
2901 683 3263 736 observatam.
3327 677 3443 731 Non

1872 780 2040 844 enim,
2077 790 2133 832 ut
2160 791 2486 846 quzeramnr,
2532 773 2766 828 latebras
2798 772 3051 842 petimus,
3102 786 3200 826 nec
3224 780 3278 825 ut
3306 785 3445 839 pra:-

1874 872 2118 926 stantiori
2148 871 2352 924 honore
2396 866 2541 938 digni
2572 881 2949 937 appareamus,
2996 864 3444 933 quemadmodum

1877 963 1968 1033 qui
1996 962 2222 1018 eximias
2245 960 2503 1030 quasdam
2537 956 2739 1014 formas
2772 956 3045 1026 paululum
3081 965 3326 1012 ostensas
3347 968 3447 1009 sta-

1878 1054 1974 1109 tim
2015 1066 2082 1109 ex
2113 1052 2287 1109 oculis
2316 1051 2659 1115 subducunt;
2692 1050 2787 1104 sed
2830 1058 2890 1103 ut
2933 1062 3029 1118 per
3062 1048 3296 1117 quietam
3333 1056 3387 1102 et
3416 1063 3447 1100 e

1879 1144 2058 1199 medio
2088 1145 2368 1199 reductam
2392 1144 2517 1197 vitae
2560 1142 2848 1205 rationem,
2877 1141 3001 1195 illud
3036 1142 3251 1209 planum
3283 1141 3447 1195 facia—

1881 1250 2019 1300 mus,
2051 1236 2210 1305 637
2236 1249 2331 1289 nos
2360 1250 2389 1288 a
2416 1233 2755 1305 prmfecturis
2780 1232 2950 1288 sacris
3002 1232 3318 1293 abhorrere,
3350 1247 3449 1287 nec

1882 1327 2186 1394 hujusmodi
2220 1328 2454 1382 honores
2484 1324 2690 1379 ambire
2728 1333 2889 1393 atque
2931 1324 3208 1393 aucupari.
3242 1323 3448 1384 Tertio.

1881 1432 2026 1483 cum,
2057 1416 2251 1485 quibus
2278 1417 2457 1481 malis,
2489 1425 2599 1469 tum
2623 1414 2690 1468 ab
2714 1413 2951 1468 externis
2972 1421 3158 1483 aperto
3187 1426 3283 1466 nos
3311 1411 3450 1465 bello

1885 1507 2289 1571 lacessentibus,
2318 1515 2433 1560 tum
2463 1506 2530 1560 ab
2558 1505 2784 1559 internis
2816 1512 2869 1557 et
2896 1504 3204 1560 domesticis
3229 1503 3449 1559 insidias

221 1580 560 1643 molientibus.
618 1586 937 1653 aﬂiciamur,
983 1593 1320 1663 exploratum
1391 1597 1636 1654 habeatis
1704 1598 2180 1669 (quandoquidem,
2231 1598 2383 1667 juxta
2428 1596 2962 1664 Danielem,egressa
3018 1604 3092 1649 est
3138 1594 3387 1664 iniquitas
3418 1610 3452 1647 α

219 1673 485 1738 senioribus
518 1673 880 1746 Babylonicis,
910 1683 999 1750 qui
1025 1682 1275 1739 Israelem
1300 1703 1475 1758 regere
1503 1686 2015 1754 existimabantur‘);
2055 1685 2257 1740 idcirco
2281 1684 2541 1754 conqueri
2590 1684 2805 1752 quidem
2864 1695 3026 1756 atque
3068 1685 3265 1740 animis
3329 1687 3451 1754 angi

219 1766 470 1836 videmini,
508 1786 629 1835 nec,
660 1787 892 1842 quonam
944 1774 1101 1830 modo
1126 1788 1279 1844 opem
1328 1776 1511 1848 iniqua
1563 1778 1613 1832 vi
1660 1791 1920 1847 oppresso
1943 1776 2149 1840 feratis,
2182 1776 2412 1839 habere;
2476 1788 2539 1829 ac
2595 1774 2843 1845 proinde,
2907 1778 3047 1848 quod
3109 1793 3273 1832 unum
3300 1777 3451 1842 licet,

217 1858 370 1912 vicem
429 1870 675 1916 nostram
730 1863 1109 1934 fortunamque
1163 1866 1435 1921 miserari.
1498 1866 1773 1922 Miseratio
1811 1882 1970 1936 porro
2033 1865 2222 1937 pudori
2288 1864 2574 1938 conjuncta
2606 1881 2845 1924 amorem
2897 1866 3219 1936 procreavit.
3274 1865 3454 1935 Atque

217 1946 303 2003 has
326 1949 533 2005 demum
557 1952 781 2008 honoris
803 1955 931 2010 mihi
966 1956 1129 2012 habiti
1178 1972 1407 2015 arcanas
1433 1974 1624 2014 causas
1648 1975 1769 2016 esse
1806 1973 2021 2015 censeo.
3382 1974 3383 1977 ‘

278 2047 344 2097 A'.
389 2046 541 2098 Ἐπεὶ
586 2047 643 2099 δὲ
687 2050 734 2101 oi
774 2048 926 2117 λόγοι
956 2049 1015 2102 τὸ
1048 2049 1474 2122 πολεμούμενον,
1500 2053 1591 2106 καὶ
1620 2055 1653 2123 ἡ
1687 2070 1775 2105 πε-

1953 2051 2045 2107 ιν.
2082 2052 2345 2121 Quoniam
2388 2062 2567 2108 autem
2609 2066 2716 2107 non
2763 2051 2921 2107 aliam
2952 2053 3021 2107 ob
3053 2065 3164 2106 rem
3194 2050 3334 2105 bello
3360 2066 3453 2120 pe-

218 2138 353 2208 ριττή
387 2140 478 2192 καὶ
500 2140 794 2209 ἐπίφθονος
826 2141 963 2213 αὕτη
997 2142 1232 2208 γλῶττα,
1269 2144 1334 2213 ἦν
1367 2146 1422 2197 ὲν
1446 2146 1555 2209 τοῖς
1582 2145 1777 2211 ἔξωθεν

215 2231 577 2285 παιδευθεῖσαν
609 2232 808 2301 λόγοις.
847 2236 962 2297 τοῖς
1011 2233 1176 2297 θείοις
1211 2235 1775 2307 ὲξευγενίσαμενγη),

215 2322 299 2377 καὶ
312 2324 405 2395 τὴν
431 2324 637 2395 πικρὰν
659 2326 751 2378 καὶ
776 2325 974 2379 ἄποτον
1003 2326 1228 2397 Μερρὰν
1253 2325 1327 2397 τῷ
1350 2328 1446 2399 τῆς
1475 2328 1620 2397 ζωῆς
1641 2328 1780 2399 ξύλῳ

214 2415 706 2486 κατεγλυκάναμεν,
741 2417 1048 2471 πεπόνθατέ
1088 2435 1140 2471 τι
1190 2418 1359 2473 πάθος
1406 2419 1604 2483 ἱκανῶς
1629 2420 1781 2473 ἐλευ-

215 2501 374 2574 θέριον
400 2521 412 2533 ·
444 2504 609 2557 τοῦτο
631 2505 910 2575 στέργετε,
943 2505 1009 2558 δι’
1052 2506 1080 2559 ὃ
1127 2506 1529 2579 πολεμούμεθα.
1570 2510 1635 2561 Τί
1669 2510 1778 2582 γὰρ

213 2595 268 2645 οὐ
293 2593 383 2665 τὴν
407 2596 603 2666 κωφὴν
645 2595 757 2664 (75)
791 2596 1164 2667 ἡσπασάμεθα
1195 2598 1514 2664 παίδευσιν;
1549 2600 1601 2652 τί
1635 2599 1687 2652 δὲ
1718 2600 1776 2653 οὐ

214 2686 300 2757 τὴν
336 2688 501 2759 ξηράν
531 2705 599 2741 τε
641 2689 734 2741 καὶ
783 2689 933 2742 κάτω
985 2689 1315 2759 βαίνουσαν;
1370 2692 1422 2743 τί
1468 2692 1555 2745 δαὶ
1605 2692 1779 2764 ταύτῃ

213 2777 480 2848 χαίροντας
542 2780 677 2844 τοὺς
722 2779 952 2843 πολλοὺς
1014 2780 1251 2852 ὁρῶντες
1280 2823 1294 2847 ,
1350 2782 1778 2852 ὲφιλοσοφοῦμεν

213 2870 328 2934 ξένα
358 2872 445 2923 καὶ
465 2871 702 2940 ἔκφυλα,
738 2871 831 2926 καὶ
880 2871 1017 2943 πρὸς
1050 2871 1148 2935 τὰς
1189 2871 1498 2937 ἀντιθέτους
1527 2874 1780 2942 γλώσσας

214 2961 490 3032 ίστάμεθα;
513 2964 637 3017 δέον
652 2963 949 3035 θρασύτητι
971 2981 1033 3044 φξ
1043 2962 1192 3031 ύγειν
1215 2966 1338 3027 τοὺς
1358 2965 1669 3037 λογισμοὺς,
1687 2968 1783 3021 καλ⁵

214 3053 378 3107 πίστιν
404 3056 697 3127 ὀνομάζειν
712 3057 810 3126 τὴν
827 3056 1069 3125 ἀλογίαν,
1088 3057 1154 3127 ἢν
1172 3056 1435 3125 ἠγάπησα
1479 3057 1545 3111 ἂν
1575 3059 1666 3111 καὶ
1683 3058 1781 3111 αὑ-

207 3144 309 3206 τὸς,
337 3140 394 3198 εὖ
420 3145 561 3211 ἴστε,
601 3145 782 3209 ἁλιεὺς
804 3145 879 3199 ὢν
908 3164 920 3176 ·
950 3147 1137 3217 ἐπειδὴ
1166 3147 1323 3199 τοῦτο
1355 3148 1641 3219 πρόχειρον
1668 3151 1780 3212 τοῖς

210 3234 407 3299 πολλοῖς
452 3239 534 3301 είς
574 3238 869 3306 ἀπολογίαν
899 3238 1000 3307 τῆς
1033 3238 1304 3308 ἀμαθίαςο
1340 3239 1388 3291 εἰ
1430 3238 1588 3307 λόγον
1635 3235 1778 3310 εἶχον

207 3327 306 3380 τῶν
338 3329 585 3399 σημείων
632 3330 730 3415 τβῄν
781 3329 1028 3399 δύναμιν.
1072 3330 1159 3393 Ὠς
1194 3329 1449 3383 ἀπόλοιτο
1485 3330 1544 3395 ἐξ
1571 3330 1779 3401 ἀνθρὼ-

1884 2144 2068 2207 timur,
2128 2158 2290 2212 quam
2334 2151 2554 2213 propter
2591 2142 2980 2212 eloquentiam,
3024 2152 3078 2196 et
3130 2158 3453 2211 supervaca-

1878 2250 2037 2290 neam
2082 2235 2224 2290 hanc
2248 2244 2303 2289 et
2329 2234 2651 2291 invidiosam
2680 2235 2940 2306 linguam,
2977 2249 3160 2304 quam,
3192 2235 3242 2288 in
3272 2233 3455 2302 profa-

1883 2327 1972 2381 nis
2033 2326 2297 2381 doctrinis
2339 2325 2629 2393 eruditam,
2680 2325 2878 2381 divinis
2916 2332 3101 2394 postea
3147 2323 3455 2379 nobilitavi-

1881 2433 2020 2485 mus,
2070 2417 2378 2487 salsamque
2448 2416 2591 2472 illam
2644 2425 2698 2472 et
2747 2416 3139 2471 amarulentam
3186 2416 3384 2471 Maram
3407 2418 3449 2480 ',

1883 2524 1983 2579 per
2012 2508 2134 2563 vitae
2156 2509 2361 2579 lignum
2390 2507 2601 2564 dulcem
2636 2508 2993 2571 reddidimus,
3028 2506 3278 2564 affectum
3323 2525 3455 2564 sane

1882 2600 2081 2654 animis
2137 2599 2389 2668 ingenuis
2430 2608 2486 2655 et
2528 2599 2845 2655 liberalibus
2893 2601 3114 2671 dignum
3162 2600 3450 2657 induistis:

1881 2689 1987 2745 hoc
2010 2690 2230 2753 amatis,
2259 2690 2343 2758 Iob
2384 2690 2527 2759 quod
2575 2704 2971 2761 oppugnamur.
3014 2690 3124 2746 Cur
3161 2691 3302 2745 enim
3336 2706 3456 2745 mu-

1880 2789 1988 2836 tam
2036 2782 2394 2838 eruditionem
2446 2782 2681 2853 amplexi
2733 2798 2840 2839 non
2896 2783 3125 2839 sumus?
3202 2799 3299 2839 cur
3340 2801 3448 2839 non

1881 2874 2089 2928 aridam
2123 2886 2177 2929 et
2206 2873 2354 2929 humi
2399 2874 2741 2943 reptantem?
2785 2889 2905 2941 cur,
2937 2890 3056 2930 cum
3081 2890 3143 2932 ea
3173 2876 3457 2948 plerosque

1885 2966 2145 3021 delectari
2193 2967 2655 3037 conspiceremus,
2711 2967 2766 3021 in
2804 2967 3092 3038 peregrina
3118 2970 3362 3038 quaedam
3401 2980 3456 3023 et

1880 3060 2057 3116 aliena
2087 3061 2264 3116 studia
2289 3060 2657 3126 incubuimus,
2707 3069 2874 3130 atque
2906 3060 3231 3115 adversariis
3260 3061 3457 3130 linguis

1879 3153 2228 3209 obstitimus?
2267 3169 2389 3209 cum
2434 3162 2626 3210 contra
2676 3155 2979 3223 oportuerit
3014 3154 3454 3209 ratiocinationes

1882 3246 2139 3301 audacter
2169 3245 2445 3315 defugere,
2497 3260 2561 3302 ac
2608 3255 2773 3300 mutae
2826 3245 3054 3301 inscitia:
3100 3245 3221 3301 ﬁdei
3259 3260 3454 3301 nomen

1884 3336 2183 3406 imponere,
2234 3351 2397 3407 quam
2428 3338 2541 3406 ipse
2584 3351 2820 3407 quoque,
2860 3337 2992 3392 mihi
3032 3337 3257 3402 credite,
3307 3351 3455 3392 com-

210 3437 315 3475 πων
345 3423 371 3475 ὁ
418 3423 638 3493 φθόνος,
678 3425 710 3493 ἡ
746 3423 957 3492 δαπάνη
990 3422 1097 3475 τῶν
1141 3422 1395 3492 ἐχόντων,
1440 3424 1469 3476 ὁ
1501 3424 1610 3476 τῶν
1669 3440 1775 3477 πα-

1887 3429 2076 3499 plcxus
2102 3444 2304 3496 essem,
2333 3439 2392 3485 ut
2424 3432 2662 3500 piscator
2697 3429 3150 3501 (quandoquidem
3185 3431 3286 3484 hoc
3317 3428 3456 3482 mul-

209 3515 427 3585 σχόντων
454 3517 559 3580 ίὸς,
589 3516 650 3569 τὸ
680 3517 839 3586 μόνον
870 3516 978 3569 τῶν
1004 3516 1191 3570 παθῶν
1220 3514 1550 3569 ἀδικώτανόν
1574 3533 1633 3568 τε
1659 3515 1775 3585 ἅμα

207 3611 289 3663 καὶ
313 3611 655 3665 δικαιότατον
673 3627 689 3643 θ
715 3608 777 3662 τὸ
804 3608 921 3680 μὲν,
945 3608 1027 3662 ὅτι
1059 3610 1191 3663 πᾶσι
1209 3608 1407 3679 διοχλεί
1431 3610 1541 3672 τοῖς
1570 3609 1773 3672 καλοῖςο

207 3704 262 3758 τὺ
295 3704 513 3775 δὲ(74),
577 3703 659 3756 ὃτι
715 3703 871 3763 τήκει
917 3702 1044 3764 τοὺς
1103 3700 1344 3771 ἔχοντας.
1398 3701 1472 3755 Οὐ
1508 3700 1617 3771 γὰρ
1657 3703 1774 3765 τοῖς

208 3793 429 3865 πρώτως
479 3793 601 3865 (75)
652 3792 1001 3845 ὲπαινέσασιν
1054 3791 1201 3861 ήμᾶς
1253 3790 1663 3860 καταράσομαι’
1718 3790 1780 3843 οὐ

1885 3520 1954 3574 tis
1995 3520 2064 3574 ad
2110 3519 2342 3576 inscitite
2379 3522 2786 3576 excusationem
2840 3520 2894 3575 in
2948 3527 3197 3590 promptu
3235 3519 3378 3587 est);
3409 3519 3454 3572 si

1881 3610 2151 3665 sermonis
2184 3624 2247 3665 ac
2281 3611 2542 3666 doctrinae
2576 3610 2719 3676 loco,
2774 3610 3048 3679 signorum
3081 3617 3136 3662 ct
3163 3607 3455 3663 miraculo-

1888 3716 2009 3755 rum
2065 3703 2172 3755 vim
2226 3701 2555 3758 habuissem.
2625 3698 2839 3756 Utinam
2892 3714 2956 3755 ex
3006 3699 3285 3755 hominum
3348 3700 3458 3753 vita

1886 3787 2136 3845 interiret
2160 3789 2322 3854 livor,
2359 3791 2474 3846 haec
2504 3789 2807 3845 invidorum
2840 3790 3009 3854 tabes,
3042 3791 3145 3845 hoc
3189 3803 3457 3844 venenum

204 3886 303 3958 γὰρ
330 3887 557 3958 ᾔδεισαν
586 3884 694 3938 τῶν
744 3884 983 3937 ἐπαίνων
1036 3882 1096 3934 τὸ
1140 3881 1293 3944 τέλος
1313 3897 1327 3911 ·
1359 3881 1435 3950 ᾡς
1462 3881 1605 3951 τάχα
1631 3880 1697 3935 ἄν
1727 3898 1775 3935 τι

1887 3892 2093 3947 eorum,
2146 3879 2236 3949 qui
2272 3894 2338 3935 eo
2363 3878 2637 3945 laborant,
2671 3878 2819 3934 solus
2857 3893 2922 3934 ex
2962 3878 3214 3934 omnibus
3256 3878 3459 3933 aﬂecti-

206 3976 293 4028 καὶ
318 3975 594 4047 λοιδορίας
653 3973 1021 4045 προσέθηκαν,
1055 3971 1143 4024 ἴνα
1164 3971 1257 4024 τὸν
1290 3970 1485 4039 φθόνον
1542 3970 1775 4042 ἐπίσχω-

1887 3969 1982 4024 bns
2029 3969 2402 4037 iniquissimus
2443 3969 2604 4026 simul
2633 3979 2686 4024 ct
2719 3969 3067 4039 mquissimus
3096 3989 3109 4026 :
3149 3971 3300 4037 illud,
3332 3970 3459 4039 quia

207 4082 301 4119 σιν.
1878 4059 2039 4115 bonis
2064 4060 2321 4117 omnibus
2350 4060 2580 4118 infestus
2611 4071 2727 4127 est;
2766 4064 2887 4128 hoc,
2917 4064 3044 4131 quia
3078 4076 3192 4129 eos,
3237 4062 3327 4132 qui
3356 4062 3459 4115 hoc

205 4162 327 4218 vitio
373 4161 649 4225 laborant,
679 4158 915 4215 conﬁcit.
946 4155 1062 4212 Non
1091 4156 1237 4212 enim
1272 4157 1359 4222 iis,
1398 4154 1490 4227 qui
1518 4168 1615 4210 nos
1640 4153 1889 4211 laudibus
1913 4157 2071 4227 primi
2136 4158 2465 4226 extulerunt,
2533 4157 2660 4214 mali
2725 4157 3019 4227 quidquam
3083 4154 3449 4224 imprecabor.

203 4240 378 4329 lieque
413 4259 590 4320 enim,
617 4254 740 4326 quis
802 4253 1019 4310 laudum
1062 4249 1439 4306 [inis‘l'uturus
1502 4259 1666 4314 esset,
1703 4261 2041 4320 perspectum
2092 4252 2387 4310 habebant.
2465 4251 2599 4307 Nam
2674 4250 2874 4321 alioqui
2929 4247 3179 4305 nonnihil
3240 4261 3459 4319 quoque

207 4351 596 4408 maledicentia:
638 4347 1049 4416 adjunxissenl,
1103 4352 1163 4402 ut
1215 4344 1472 4399 invidiam
1512 4345 1896 4413 reprimerent.

268 4443 337 4497 ΕΩ
378 4440 573 4506 Οὗτος,
607 4442 701 4495 καὶ
745 4441 835 4495 τὸν
873 4442 1181 4515 Ἑωσφόρον
1207 4441 1476 4505 ὲσκότισε,
1531 4456 1775 4494 καταπε-

205 4534 356 4589 σόντα
386 4536 454 4590 δι’
486 4536 725 4605 ἔπαρσιν
749 4550 762 4565 ³
795 4535 855 4587 οὐ
892 4534 1001 4604 γὰρ
1028 4536 1248 4606 ἤνεγκε,
1270 4533 1411 4596 θεῖος
1448 4531 1544 4596 ὣν,
1576 4531 1651 4602 μὴ
1681 4532 1777 4585 καὶ

203 4625 314 4690 θεὸς
349 4627 710 4698 νομισθῆναι·
756 4625 978 4686 καὶτῶν
1013 4624 1183 4694 Ἀδὰμ
1222 4622 1444 4688 ἐξέϐαλε
1472 4621 1568 4675 τοῦ
1598 4638 1779 4692 παρα-

200 4717 391 4782 δείσου,
430 4719 499 4772 δι’
546 4717 741 4788 ἡδονῆς
783 4716 987 4787 κλέψας
1038 4715 1133 4769 καὶ
1180 4714 1460 4784 γυναικός.
1514 4713 1773 4787 Ἔπείσθη

201 4811 321 4883 γὰρ.
360 4813 438 4878 ὡς
488 4812 613 4876 θεὸς
650 4808 788 4867 εἶναι
834 4811 1207 4883 βασκαίνεται,
1239 4810 1333 4865 τοῦ
1375 4812 1475 4883 τῆς
1524 4810 1779 4880 γνώσεως

204 4902 351 4967 ξύλου
401 4906 543 4970 τέως
591 4906 927 4977 εἰργόμενος.
973 4896 1140 4969 Οὗτος
1181 4905 1276 4959 καὶ
1312 4904 1403 4959 τὸν
1445 4904 1587 4958 Κάῖν
1620 4904 1775 4959 ἀδελ-

268 4996 287 5029 ¹
316 5000 448 5055 Dan.
484 5015 601 5057 xm.
633 4999 687 5053 5.
764 5001 785 5032 '
810 4998 977 5054 Exod.
1004 4998 1201 5065 xv,25.

281 5093 391 5161 (70)
441 5094 596 5147 Ἀλλ’
618 5093 740 5149 ἵνα.
778 5092 867 5147 Sic
888 5094 1043 5149 codd.
1067 5094 1228 5148 Deest
1258 5091 1395 5146 ἀλλά
1428 5090 1479 5146 in
1509 5093 1596 5147 ed.

268 5163 378 5227 (7!)
431 5164 830 5231 Ἐπαμύνητε.
852 5163 1016 5218 Coisl.
1052 5164 1101 5228 1,
1126 5161 1493 5232 ὲπαμύνηται.

269 5233 378 5318 (ῖὲ)
434 5229 954 5304 Ἐ’ξεὺτενίσαμεγ.
982 5232 1115 5287 Tres
1144 5229 1296 5287 Coib.
1327 5229 1381 5287 ei.
1400 5229 1589 5286 Comb.
1621 5230 1777 5303 ἐξηυ-

239 5320 513 5356 ενισαμεν.

537 5373 757 5444 γᾲρᾼοὺ
804 5372 920 5442 τὴν
959 5372 1195 5444 κωφὴν,
1242 5379 1346 5444 etc.
1386 5389 1404 5423 ι
1450 5370 1779 5444 Qbscurissi-

206 5440 308 5504 ma.
363 5440 783 5511 iuquitBillius.
833 5440 916 5498 eat
954 5440 1068 5499 haec
1134 5442 1405 5506 periodus.
1454 5440 1623 5510 Hujus
1688 5450 1771 5511 tas

206 5526 321 5566 men
349 5510 589 5575 sensum.
615 5512 715 5567 nisi
742 5528 839 5567 nos
864 5513 1048 5579 opinio
1078 5513 1234 5575 fallit,
1258 5511 1640 5576 expressimus.
1675 5510 1777 5565 Ob-

207 5580 303 5635 iter
336 5582 428 5652 hic
465 5597 557 5637 eos
596 5591 744 5636 notat
777 5582 1086 5652 Gregorius,
1121 5583 1235 5652 qui,
1271 5582 1356 5635 vel
1390 5580 1616 5652 inscitia:
1661 5594 1771 5652 suae

205 5651 551 5718 conscientia,
585 5652 670 5707 vel
702 5649 915 5707 invidia}
953 5664 1117 5717 metu,
1141 5649 1233 5706 'ab
1271 5650 1416 5705 omni
1454 5649 1771 5719 disputatio-

208 5733 354 5793 num
383 5724 727 5793 contentione
784 5722 1139 5793 refugiebant,
1188 5735 1253 5776 ac
1278 5720 1434 5793 lupos
1462 5720 1679 5786 impune
1717 5719 1770 5771 in

209 5784 416 5845 Domini
449 5807 661 5861 gregem
704 5784 957 5863 impctuin
1003 5784 1181 5848 facere
1211 5784 1571 5862 patiebantur,
1612 5797 1772 5858 atque

1957 4442 2022 4499 V.
2077 4443 2243 4512 Haec,
2298 4453 2353 4501 et
2386 4442 2694 4500 Luciferum
2752 4442 3092 4506 obscuravit,
3143 4437 3213 4494 ob
3265 4438 3460 4492 mentis

1886 4536 2177 4595 elationem
2206 4538 2555 4611 prolapsum;
2611 4536 2887 4605 indignum
2931 4533 3075 4589 enim
3119 4543 3281 4601 atque
3321 4531 3459 4585 into-

1886 4629 2167 4685 lerandum
2219 4631 2469 4693 ducebat,
2525 4643 2609 4694 se,
2669 4642 2791 4684 cum
2857 4624 3072 4680 divinus
3127 4630 3291 4690 esset,
3348 4637 3456 4676 non

1888 4720 2048 4775 deum
2101 4734 2316 4790 quoque
2370 4718 2703 4783 existimari;
2760 4718 3020 4772 Adamum
3081 4729 3317 4784 quoque,
3364 4727 3459 4782 per

1887 4810 2214 4880 voluptatem
2246 4819 2302 4866 et
2324 4810 2611 4866 mulierem
2647 4810 3098 4870 circumventum,
3144 4823 3175 4863 e
3202 4806 3455 4876 paradiso

1885 4904 2109 4975 expulit.
2144 4903 2312 4975 638
2352 4904 2630 4959 Adductus
2668 4911 2753 4959 est
2794 4902 2961 4968 enim,
2991 4911 3049 4955 ut
3069 4900 3323 4955 deitatem
3352 4899 3457 4955 sibi

1882 5090 2043 5145 etiam
2086 5085 2450 5157 turpissimam
2478 5099 2628 5140 suam
2658 5082 2932 5157 ignaviam
2981 5081 3363 5157 honestissimo
3392 5081 3457 5157 li:

1884 5159 1967 5213 dei
2025 5151 2344 5229 pietatisque
2394 5158 2610 5229 nomine
2652 5151 3040 5229 olivelabant...
3077 5151 3226 5217 Quod
3261 5152 3328 5229 _si
3372 5152 3456 5203 cui

1882 5221 2079 5283 mirum
2118 5221 2378 5290 videatur,
2437 5226 2600 5293 quod,
2663 5223 3042 5293 ἀλογίαναιοη
3089 5221 3455 5293 temeritatem,

1886 5299 1981 5354 sed
2049 5297 2312 5351 inscitiam
2391 5291 2683 5357 verterint,
2750 5292 2930 5346 mirari
3005 5291 3248 5359 profecto
3317 5292 3459 5342 desi-

1886 5377 2001 5427 net.
2035 5368 2081 5423 si
2104 5364 2588 5440 sciat_Gregorium
2624 5364 2743 5417 aliis
2767 5376 2986 5440 quoque
3021 5359 3290 5440 nonnullis
3326 5361 3459 5412 locis

1877 5440 2064 5492 eadem
2101 5431 2658 5505 significationehauc
2691 5431 3177 5505 v'ocem_tixtulisse.
3216 5448 3234 5505 ι

1950 5507 2061 5577 (74)
2102 5498 2176 5559 Τό
2224 5504 2311 5569 δέ,
2349 5513 2455 5577 εις.
2483 5502 2687 5577 ΑΒίΙΙίυε
2734 5520 2750 5559 :
2794 5520 2813 5553 ι
2864 5501 3000 5567 Hoc,
3044 5499 3170 5569 quia
3212 5498 3460 5552 dominos

1880 5574 2006 5634 suus
2038 5574 2192 5632 exest
2214 5585 2267 5629 et
2302 5574 2540 5629 coniicit.
2575 5593 2592 5625 ι

1949 5646 2063 5713 ('75)
2099 5643 2364 5718 Hptbrwc.
2397 5642 2546 5718 Unus
2581 5640 3018 5718 Πειρη-πρώτοις.
3054 5637 3180 5692 Haec
3200 5637 3264 5689 de
3289 5652 3395 5718 uno
3416 5653 3455 5718 _c.

1918 5710 2233 5786 resbytcris,
2271 5716 2358 5784 qui
2410 5714 2475 5768 ab
2518 5715 2630 5784 ipso
2662 5710 2989 5777 deiecerant,
3033 5718 3257 5779 possunt
3299 5710 3456 5760 intel-

1899 5787 1988 5856 igi.
