4010 6316
552 365 647 421 271

1740 356 1798 414 S.
1839 358 2163 416 GREGORII
2204 359 2550 418 THEOLOGI

3680 367 3795 423 279.

564 476 792 534 invideri
845 475 1109 537 crederet,
1163 472 1289 527 dum
1328 486 1356 526 a
1393 471 1629 527 scientia:
1669 470 1812 542 ligno
1854 472 2113 527 hactenus

2221 475 2472 542 φοκτόνον
2500 474 2755 544 ἐποίησεν
2794 472 2927 544 (76),
2961 473 3060 528 οὐκ
3097 476 3389 545 ἐνεγκόν.α
3420 477 3608 531 θυσίαν
3633 480 3795 534 ὁσιω-

555 578 850 625 arceretttr.
901 565 1045 630 Hzec,
1084 574 1139 621 et
1173 565 1305 619 Cain
1342 565 1409 618 ad
1462 565 1796 619 inferendam
1842 566 1993 619 fratri
2031 579 2119 620 ne-

555 677 670 717 cem
720 659 954 728 impulit,
983 656 1122 726 quod
1150 657 1343 727 purius
1375 657 1728 725 sanctiusque
1752 657 1870 726 ejus
1903 654 2110 710 sacrifi-

556 755 696 809 cium
768 764 921 817 aequo
979 749 1158 804 animo
1210 748 1351 804 ferre
1398 763 1501 802 non
1551 749 1829 817 potuisset.
1872 748 2019 811 Haac,
2063 758 2120 803 et

558 843 809 897 mundum
851 840 1124 897 immunde
1154 849 1315 909 atque
1350 840 1705 909 incomposite
1755 854 1814 894 se
1842 848 2117 908 gerentem

555 936 707 1004 aquis
760 934 911 997 texit,
962 941 1016 986 et
1056 932 1360 986 Sodomitas
1432 932 1551 1000 igne
1584 931 1804 985 obruit.
1866 929 2010 992 Haec.
2062 920 2121 985 et

558 1030 782 1087 Dathan.
816 1034 869 1081 et
895 1024 1117 1083 Abiron.
1157 1024 1416 1077 adversus
1451 1023 1669 1094 Moysen
1709 1023 1893 1076 furore
1922 1023 2115 1085 elatos,

556 1119 607 1171 itt
647 1128 842 1171 terram
894 1112 1122 1179 defodit,
1173 1124 1227 1167 et
1274 1113 1519 1177 Mariam,
1549 1128 1668 1181 qua:
1715 1115 1969 1166 adversus
2007 1112 2117 1165 fra-

559 1216 694 1260 trem
750 1204 1119 1259 tantummodo
1168 1211 1655 1265 mttrmuraverat,
1709 1201 1856 1269 lepra
1913 1199 2117 1254 infecit.

559 1297 707 1362 llzec,
742 1308 795 1351 et
829 1296 1208 1365 propbetarum
1250 1310 1442 1349 cruore
1486 1304 1681 1349 terram
1713 1295 2117 1361 contaminavit,

556 1397 611 1443 et
664 1383 1118 1457 sapientissimum
1165 1388 1311 1439 illum
1364 1385 1709 1440 Salomonem
1741 1400 1836 1453 per
1869 1385 2120 1440 mulieres

557 1478 803 1547 perculit.
838 1477 979 1540 llaec,
1038 1486 1092 1531 et
1119 1477 1263 1530 illum
1294 1476 1481 1549 laqueo
1510 1475 1722 1544 dignum
1757 1472 1970 1538 Judam,
2004 1475 2120 1527 exi-

558 1584 662 1639 gua
701 1568 925 1636 pecunia
976 1567 1231 1631 illectum,
1268 1566 1592 1633 proditorem
1625 1564 1889 1629 exhibuit,
1924 1573 1978 1618 et
2004 1563 2123 1617 Ην-

558 1657 743 1712 rodem
788 1670 1071 1724 puerorum
1105 1653 1527 1717 interfectorem,
1553 1661 1607 1705 et
1638 1652 1863 1704 Pilatum
1892 1652 2121 1706 Christi-

557 1748 950 1805 cidam'efi‘ecit.
1007 1747 1153 1812 iiazc,
1195 1755 1250 1800 et
1296 1746 1547 1800 lsraelem
1595 1744 1893 1806 ventitavit,
1944 1756 2006 1797 ac
2042 1743 2123 1796 di-

2217 565 2402 637 τέραν.
2435 558 2601 628 Οὗτος
2637 566 2729 619 καὶ
2764 566 2915 619 ὕδατι
2945 568 3148 637 κόσμον
3178 569 3445 636 ἐκάλυψεν
3480 564 3764 639 ἀκοσμοῦν

2217 672 2305 717 τα,
2341 656 2433 709 καὶ
2467 655 2756 724 Σοδομίτας
2786 657 2919 727 πυρὶ
2958 657 3292 710 κατέκλυσεν
3328 658 3462 727 (77).
3494 652 3661 721 Οὗτος
3691 659 3793 713 καὶ

2218 747 2394 801 Δαθὰν
2425 748 2518 800 καὶ
2563 747 2823 819 Ἀϐειρὼν
2846 749 3122 819 κατέχωσε
3153 749 3293 803 κατὰ
3318 751 3556 811 Μωσέως
3591 752 3793 821 μανέν-

2218 855 2337 902 τας,
2378 838 2472 892 καὶ
2501 838 2724 909 Μαριὰμ
2758 841 3032 911 ἐλέπρωσε
3064 840 3204 894 κατὰ
3235 839 3328 894 τοῦ
3362 840 3591 909 ἀδελφοῦ
3629 842 3791 910 μόνον

2219 929 2585 998 γογγύσασαν.
2641 928 2808 994 υῦτος
2850 932 2943 984 καὶ
2974 932 3270 1003 προφητῶν
3309 933 3503 1002 αἵμασι
3544 934 3639 1003 τὴν
3684 934 3793 1003 γῆν

2218 1020 2430 1088 ἐμίανε,
2466 1020 2559 1072 καὶ
2583 1019 2906 1090 Σολομῶντα
2931 1021 3143 1088 γυναιξὶ
3179 1021 3461 1073 κατέσεισε
3490 1022 3579 1074 τὸν
3612 1021 3793 1090 σοφώ-

2218 1126 2395 1163 τατον.
2424 1104 2592 1173 Οὗτος
2619 1110 2715 1163 καὶ
2759 1110 2957 1163 Ἰούδαν
2986 1111 3249 1182 προδότην
3283 1110 3571 1175 ἀνέδειξεν,
3618 1114 3795 1185 ἀργυ-

2224 1201 2322 1271 ρίῳ
2354 1200 2532 1271 μικρῷ
2561 1199 2855 1265 κλαπέντα,
2886 1201 2973 1253 τὸν
3007 1201 3236 1273 ἀγχόνης
3280 1200 3427 1265 ἄξιον
3448 1218 3461 1231 ·
3490 1203 3581 1255 καὶ
3616 1201 3795 1273 Ἠρώ-

2219 1285 2314 1354 δην
2345 1285 2681 1353 παιδοφόνον,
2704 1287 2798 1338 καὶ
2820 1288 3209 1341 Χοιστοκτόνον
3240 1290 3466 1343 Πιλᾶτον
3497 1291 3791 1361 ἐδημιούρο

2220 1392 2405 1445 γησεν.
2438 1372 2603 1439 Οὗτος
2628 1380 2722 1430 καὶ
2753 1381 2845 1430 τὸν
2883 1379 3099 1451 Ἰσραὴλ
3130 1381 3393 1450 ἐλίκμησε
3425 1383 3517 1435 καῖ⁹
3546 1383 3792 1436 διέσπει-

2224 1486 2337 1540 ρεν,
2379 1469 2435 1535 ἐξ
2478 1466 2544 1539 ἦς
2592 1469 2744 1523 οὔπω
2790 1470 2886 1523 καὶ
2943 1470 3037 1523 νῦν
3090 1472 3439 1526 ἀνανεύουσιν
3492 1475 3790 1545 ἁμαρτίας.

2223 1556 2391 1623 Οὗτος
2443 1562 2535 1613 καὶ
2577 1563 2667 1615 τὸν
2710 1564 3020 1633 ἀποστάτην
3050 1567 3178 1635 ἡμῖν
3213 1567 3545 1637 ἐπανέστησε
3588 1566 3792 1639 τύραν-

2223 1667 2332 1710 νον,
2361 1645 2421 1705 οὗ
2470 1652 2566 1704 καὶ
2617 1651 2712 1705 νῦν
2743 1653 2823 1707 ἔτι
2872 1654 3284 1724 παραλυποῦσιν
3316 1659 3365 1708 οἱ
3417 1657 3705 1727 ἄνθρακες,
3744 1658 3793 1708 εί

2223 1741 2317 1793 καὶ
2344 1740 2439 1812 τὴν
2497 1742 2669 1811 φλόγα
2715 1744 3174 1817 διαπεφεύγαμεν.
3215 1741 3380 1810 Οὗτος
3419 1748 3512 1801 καὶ
3543 1748 3603 1800 τὸ
3628 1748 3796 1801 καλὸν

557 1840 773 1909 spersil,
805 1854 872 1893 ne
897 1853 1037 1893 nunc
1065 1838 1279 1907 quidem
1320 1838 1496 1890 adhuc
1522 1851 1552 1888 e
1577 1842 1798 1902 peccato
1824 1847 1922 1887 suo
1948 1847 2118 1887 emer-

2224 1828 2382 1899 σῶμα
2408 1831 2505 1901 τῆς
2541 1832 2864 1902 Ἐκκλησίας
2891 1835 3208 1907 κατέτεμεν,
3253 1838 3329 1900 εἰς
3371 1837 3662 1907 διαφόρους
3695 1840 3795 1891 καὶ

556 1939 791 2000 gentem.
817 1927 963 1993 Haec,
995 1939 1047 1981 et
1080 1936 1377 1995 apostatam
1429 1934 1717 1995 tyrannum
1746 1924 1796 1976 in
1833 1937 1931 1977 nos
1979 1922 2125 1977 exciv

559 2020 711 2084 tavit,
764 2018 917 2084 cujus
961 2017 1221 2071 carbones
1283 2014 1459 2069 adhuc
1510 2013 1809 2068 molestiam
1861 2011 2122 2075 inferunt,

558 2113 682 2167 licet
730 2110 1001 2164 flammam
1043 2110 1211 2179 ipsam
1249 2106 1616 2175 eli‘ugerimus.
1653 2105 1796 2169 Htec,
1825 2113 1879 2159 et
1909 2103 2127 2174 praecla-

557 2218 673 2258 rum
717 2203 971 2257 Ecclesiae
1021 2215 1218 2270 corpus
1272 2199 1514 2263 discidit,
1559 2201 1610 2251 in
1646 2199 1857 2253 diversa
1903 2206 1959 2251 et
1999 2212 2127 2251 con-

556 2294 717 2347 traria
765 2295 936 2347 studia
981 2293 1291 2347 dissectum.
1338 2290 1483 2357 Hzec,
1522 2299 1576 2344 et
1622 2288 1908 2344 Jeroboam
1973 2289 2121 2341 illum

556 2386 757 2453 peccati
789 2398 1001 2438 servum
1047 2382 1098 2436 in
1144 2396 1243 2435 nos
1290 2380 1602 2446 concitavit,
1631 2388 1685 2434 et
1719 2380 1910 2450 linguae
1941 2380 2122 2432 vincu-

555 2472 664 2525 lum
731 2472 979 2541 imponit.
1034 2470 1401 2536 Disrumpitur
1461 2469 1604 2523 enim
1662 2468 2122 2537 splendesceutem

556 2563 871 2617 Trinitatem
895 2577 1139 2625 cernens,
1170 2577 1233 2616 ac
1275 2572 1381 2616 to'a
1434 2563 1711 2615 divinitate
1748 2560 2119 2619 collucentem,

555 2667 774 2720 eosque,
826 2669 856 2707 a
898 2655 1091 2721 quibus
1123 2653 1335 2705 sincere
1368 2652 1691 2720 praedicatur
1740 2650 1892 2704 vobis
1927 2651 2120 2704 charos

2220 1921 2543 1987 ἀντιπάλους
2605 1926 2841 1989 σπουδὰς
2889 1927 3136 1998 μερίσας.
3178 1924 3344 1992 Οὗτος
3393 1932 3486 1983 καὶ
3518 1932 3647 2001 ἡμῖν
3701 1930 3794 1983 τὸν

2232 2012 2509 2084 Ἱεροϐοὰμ
2539 2016 2647 2085 (78)
2680 2016 3013 2087 ἐπανέστησε
3033 2019 3125 2072 τὸν
3150 2020 3333 2074 δοῦλον
3359 2021 3457 2091 τῆς
3487 2022 3793 2092 ἁμαρτίας,

2224 2105 2317 2157 καὶ
2348 2107 2413 2175 τῇ
2444 2104 2664 2177 γλώσσῃ
2690 2107 2887 2178 δεσμὸν
2918 2110 3225 2181 ἐπιτίθησιν
3251 2128 3265 2142 ⁸
3299 2112 3360 2164 ού
3390 2112 3497 2183 γὰρ
3521 2112 3673 2183 φέρει
3690 2113 3797 2182 τὴν

2224 2196 2428 2265 Τριάδα
2485 2197 2966 2270 λαμπρυνομένην.
3006 2201 3100 2255 καὶ
3155 2202 3249 2273 ὅλῃ
3297 2202 3509 2274 θεότητι
3542 2202 3796 2273 λάμπουσ-

2226 2302 2342 2350 σαν,
2384 2289 2476 2341 καὶ
2529 2290 2742 2359 τιμίους
2788 2290 3045 2345 ποιοῦσαν
3079 2293 3206 2363 ὑμῖν
3233 2294 3345 2364 (79)
3378 2295 3504 2358 τοὺς
3538 2295 3798 2366 γνησίους

2218 2379 2415 2448 ἑαυτῆς
2441 2380 2704 2450 κήρυκας.
2744 2376 2890 2452 7Apa
2932 2381 3191 2455 φλυαρεῖν
3224 2386 3350 2455 ὑμῖν
3395 2385 3676 2457 δοκοῦμεν,
3702 2386 3799 2440 οὖ-

2218 2487 2326 2532 τως
2356 2470 2702 2537 εἰκάζοντες;
2730 2473 2763 2545 ἢ
2798 2474 2892 2526 κα)⁹
2916 2474 3033 2526 λίαν
3068 2475 3242 2545 ὀρθῶς
3269 2476 3362 2530 τοῦ
3396 2478 3561 2531 πόθου
3584 2478 3681 2541 τὰς
3705 2480 3795 2531 αξ-

2216 2560 2334 2625 τίας
2361 2564 2388 2615 ό
2428 2565 2673 2634 γραφεὺς
2703 2564 2860 2634 λόγος
2897 2566 3391 2639 ἁνεζωγράφησεν;
3430 2571 3565 2641 Περὶ
3597 2570 3697 2641 μὲν
3728 2570 3794 2640 δὴ

2216 2653 2419 2706 τούτων
2454 2653 2597 2709 οὕτω
2620 2655 2893 2724 γινώσκω.

556 2745 886 2801 reddentem.
959 2742 1147 2796 Utrum
1212 2741 1424 2795 tandem
1491 2740 1644 2794 vobis
1695 2741 1882 2807 nugari
1942 2747 2105 2807 atque
2145 2738 2373 2808 ineptire
2440 2743 2705 2811 videmur,
2750 2745 2822 2798 ita
2864 2745 3279 2813 conjectantes?
3326 2750 3408 2803 An
3477 2766 3607 2804 vero
3668 2765 3793 2817 ptr-

556 2855 715 2911 quam
747 2838 957 2907 egregie
982 2834 1144 2890 vestri
1185 2848 1310 2904 erga
1346 2848 1431 2887 me
1469 2834 1668 2887 amoris
1736 2847 1927 2887 causas
1983 2831 2244 2888 orationis
2302 2836 2549 2903 penicillo
2609 2838 3007 2909 expressimus?
3046 2840 3122 2893 Ae
3163 2841 3230 2894 de
3267 2841 3350 2895 his
3384 2841 3597 2910 quidem
3634 2845 3798 2897 rebus

557 2938 627 2990 ita
649 2935 853 3003 judico.

627 3024 712 3079 Vl.
757 3023 1017 3090 Quoniam
1057 3029 1235 3075 autem
1276 3018 1563 3073 nonnullos
1611 3019 1963 3074 contumelias
1991 3033 2118 3088 quo-

2296 3010 2389 3078 ς’.
2439 3010 2589 3064 Ἐπεὶ
2616 3012 2673 3065 δὲ
2706 3015 2799 3067 καὶ
2827 3018 2944 3079 ταῖς
2968 3015 3186 3087 ὕϐρεσιν
3211 3016 3321 3088 ὁρῶ
3338 3036 3487 3081 τινας
3508 3019 3797 3094 δυσχεραί-

555 3132 658 3186 que
688 3115 843 3169 nobis
876 3113 1083 3167 inustas
1114 3109 1341 3164 molesto
1374 3108 1551 3162 animo
1580 3108 1741 3173 ferre,
1781 3119 1941 3179 atque
1971 3110 2119 3178 igno-

557 3204 779 3259 miniam
807 3212 1071 3267 nostram,
1103 3198 1467 3254 calamitatem
1500 3213 1650 3252 suam
1679 3200 1874 3254 ducere
1909 3199 2121 3269 conspi-

553 3297 661 3361 cio,
694 3308 813 3364 age,
846 3294 911 3348 de
940 3308 1004 3346 eo
1035 3306 1250 3361 quoque
1298 3290 1486 3357 paucis
1524 3289 1869 3345 disseramus.
1910 3290 2118 3344 Etenim

554 3387 601 3441 si
637 3388 928 3440 humanum
982 3383 1183 3450 aliquid
1237 3381 1612 3450 ahjeettnnque
1651 3382 1920 3451 cogitans,
1961 3389 2122 3450 atque

555 3478 698 3532 hanc
752 3477 1064 3530 cathedram
1118 3471 1402 3537 affectans,
1436 3484 1528 3526 aut
1578 3474 1681 3527 huc
1732 3471 2117 3541 primumcum

554 3577 833 3623 senectute
875 3568 974 3621 bac
1018 3580 1171 3628 cana,
1202 3573 1257 3617 et
1291 3564 1372 3618 his
1402 3566 1677 3631 membris,
1725 3573 1835 3618 tum
1863 3565 1984 3619 vitze
2012 3565 2124 3617 ditt-

557 3658 831 3723 turnitate,
865 3666 973 3708 tum
1024 3654 1211 3708 morbo
1264 3656 1463 3723 rugatis
1502 3664 1659 3723 atque
1704 3655 1994 3708 contractis
2032 3669 2123 3706 ve-

555 3750 780 3809 nissem,
828 3756 922 3800 aut
966 3760 1106 3798 nunc
1159 3746 1254 3797 has
1285 3746 1608 3814 ignominias
1637 3746 1855 3808 ferrem,
1883 3744 2121 3814 profecto

554 3836 750 3889 coelum
798 3843 851 3886 et
898 3842 1094 3885 terram
1130 3832 1270 3901 (quae
1315 3834 1584 3887 veteribus
1631 3835 1870 3889 attestari
1898 3834 1917 3864 ³
1950 3834 2114 3887 moris

554 3928 691 3994 erat)
751 3925 1121 3977 erubescerent
1153 3938 1169 3976 :
1201 3926 1574 3978 erubescerem
1618 3925 1778 3978 etiam
1826 3925 1965 3978 hanc
2028 3940 2121 3977 ea-

558 4017 818 4076 thedram,
852 4023 905 4066 et
929 4027 1139 4066 sacrum
1170 4012 1272 4066 hoc
1298 4013 1606 4081 concilium,
1631 4024 1684 4068 et
1709 4025 1955 4068 sanctam
1982 4015 2123 4069 hanc

557 4100 853 4174 recensque
892 4111 1319 4171 coagmentatam
1379 4104 1621 4173 plebem,
1669 4106 1924 4160 adversus
1960 4120 2119 4173 quam

557 4207 631 4252 tot
671 4197 1053 4252 sceleratorum
1104 4196 1379 4250 hominum
1442 4198 1608 4261 copia:
1644 4199 1811 4251 aciem
1850 4199 2121 4251 instruxe-

555 4299 699 4355 runt,
728 4287 893 4359 639
919 4295 994 4350 ut,
1043 4288 1353 4355 priusquam
1402 4286 1685 4355 conjuncta
1726 4289 1815 4350 sit,
1853 4289 2114 4342 dissolva-

2222 3119 2429 3166 νοντας,
2445 3103 2538 3155 καὶ
2551 3102 2832 3175 συμφορὰν
2850 3104 3056 3157 ἑαυτῶν
3077 3105 3444 3176 ποιουμένους,
3461 3106 3556 3177 τὴν
3571 3110 3800 3179 ἀτιμίαν

2220 3194 2316 3265 τὴν
2335 3194 2607 3265 ἡμετέριιν
2631 3194 2765 3266 (80),
2796 3195 2947 3267 φέρε,
2976 3196 3070 3250 καὶ
3100 3198 3226 3267 περὶ
3243 3199 3443 3269 ταύτης
3469 3198 3671 3269 βραχέα
3703 3219 3797 3269 φι-

2221 3285 2629 3357 λυσοφήσωμεν.
2670 3285 2809 3355 Ἐγὼ
2838 3286 2967 3358 γὰρ,
3003 3289 3051 3339 εἰ
3104 3287 3202 3357 μὲν
3249 3288 3588 3360 ἀνθρώπινόν
3620 3308 3672 3343 τι
3700 3293 3799 3346 καὶ

2226 3378 2418 3449 μικρὸν
2467 3377 2680 3443 ἐννοῶν,
2717 3378 2750 3449 ἢ
2799 3377 2897 3448 τῆς
2929 3377 3194 3448 καθέδρας
3224 3380 3425 3450 ταύτης
3469 3382 3798 3451 μεταποιού-

2225 3487 2403 3541 μενος,
2459 3469 2491 3540 ἢ
2538 3468 2778 3538 (81)τὴν
2818 3469 2991 3539 ἀρχὴν
3051 3471 3284 3539 ἐπέστην
3322 3472 3471 3542 ὑμῖν,
3512 3474 3647 3543 μετὰ
3693 3474 3800 3544 τῆς

2223 3561 2415 3624 πολιᾶς
2446 3561 2668 3631 ταύτης,
2720 3562 2815 3614 καὶ
2867 3560 2974 3613 τῶν
3016 3563 3432 3634 ἐρῤικνωμένων
3465 3564 3666 3617 τούτων
3700 3565 3801 3619 καὶ

2223 3654 2397 3723 χρόνῳ
2420 3652 2513 3705 καὶ
2542 3654 2680 3720 νόσῳ
2707 3652 2903 3722 μελῶν,
2929 3652 2961 3722 ἢ
2988 3653 3082 3706 νῦν
3116 3654 3315 3717 ταύτας
3351 3655 3499 3727 φέρω
3529 3656 3626 3719 τὰς
3672 3657 3799 3709 ἀτι-

2225 3742 2375 3811 μίας,
2406 3742 2763 3812 αἰσχυνοίμην
2812 3743 2909 3811 μέν
2944 3743 3009 3796 ἂν
3039 3744 3130 3797 τὸν
3169 3746 3395 3816 οὐρανὸν
3422 3748 3513 3799 καὶ
3540 3746 3637 3817 τὴν
3666 3747 3795 3817 γῆν,

2221 3831 2256 3885 ἃ
2291 3833 2383 3885 καὶ
2415 3836 2527 3895 τοῖς
2553 3833 2800 3897 παλαιοῖς
2822 3832 2942 3897 ἔθος
2978 3835 3379 3909 μαρτύρεσθαι·
3434 3840 3796 3912 αἰσχυνοίμην

2222 3923 2266 3975 δ’
2308 3923 2374 3976 ἂν
2399 3923 2493 3994 τὴν
2518 3924 2783 3997 καθέδραν
2808 3926 3034 3997 ταύτην,
3097 3930 3189 3981 καὶ
3217 3929 3277 3981 τὸ
3316 3930 3456 3999 ἱερὸν
3481 3931 3634 3983 τοῦτο
3669 3948 3798 3985 συνο

2224 4016 2421 4086 έδριον,
2454 4017 2545 4070 καὶ
2578 4019 2667 4070 τὸν
2703 4019 2856 4087 ἆγιον
2893 4020 3082 4073 τοῦτον
3131 4023 3222 4073 καὶ
3249 4024 3487 4093 νεοπαγῆ
3529 4024 3674 4087 λαὸν,
3706 4025 3778 4093 ἐφ

2221 4108 2279 4160 ὃν
2304 4112 2535 4179 τοσαύτη
2563 4109 2670 4161 τῶν
2698 4110 2952 4181 πονηρῶν
2977 4111 3256 4181 δυνάμεων
3292 4114 3324 4182 ἡ
3356 4114 3677 4184 παράταξις,
3704 4114 3794 4168 ἵνα

2224 4199 2351 4269 πρὶν
2384 4201 2643 4271 συστῆναι
2690 4200 2845 4273 λυθῇ,
2877 4202 2969 4255 καὶ
3011 4204 3140 4274 πρὶν
3167 4205 3487 4275 γεννηθῆναι
3518 4206 3793 4277 νεκρωθῇ,

2223 4290 2364 4343 κατὰ
2388 4290 2623 4362 Χριστὸν
2658 4292 2756 4363 ἤδη
2808 4294 3199 4365 μορφούμενος.
3238 4296 3604 4366 Αἰσχυνοίμην
3652 4297 3695 4349 δ’
3728 4299 3795 4350 ἂν

555 4388 662 4444 tur,
696 4388 750 4433 et
783 4380 1094 4448 priusquam
1128 4376 1178 4429 itt
1215 4375 1386 4429 lucem
1432 4382 1676 4444 prodeat,
1718 4378 2114 4445 exstinguatur,

2223 4382 2349 4444 τοὺς
2381 4360 2544 4451 ἐμοὺς
2585 4360 2891 4453 καμάτους-
2919 4360 3037 4439 καὶ-
3070 4387 3285 4449 πόνους,
3336 4360 3429 4440 καὶ
3470 4360 3528 4439 τὸ
3561 4360 3797 4459 ’ἕσθημα

548 4471 657 4541 jam
690 4471 978 4525 secundum
1025 4468 1297 4522 Christum
1333 4467 1549 4520 formari
1583 4467 1866 4535 incipiens.
1898 4468 1976 4520 Ad
2004 4468 2120 4523 hmo

552 4562 793 4617 laborum
848 4575 1082 4613 meorum
1114 4567 1169 4612 et
1212 4574 1577 4612 aerumnarum
1626 4573 1712 4611 me
1756 4558 2021 4627 puderet,
2066 4567 2121 4612 et

553 4665 758 4719 aspera:
804 4651 963 4717 hujus
1012 4648 1198 4712 vestis,
1254 4658 1308 4702 et
1355 4662 1601 4703 secessus
1652 4663 1715 4702 ac
1774 4649 2113 4711 solitudinis,

551 4756 713 4810 quam
741 4739 1060 4792 familiarem
1098 4753 1309 4806 semper
1342 4738 1647 4801 habuimus,
1690 4749 1743 4793 et
1784 4739 1906 4793 vita:
1938 4738 2116 4793 facilis

621 4900 645 4935 ³
673 4902 823 4957 Deut.
858 4912 1023 4957 χχιιι,
1043 4898 1091 4950 i.

620 5057 730 5127 (76)
778 5061 1106 5129 Ἐποίησεν.
1144 5057 1311 5127 Regg.
1345 5057 1453 5119 bm,
1492 5056 1594 5107 duo
1644 5054 1793 5107 Colh.
1821 5063 1873 5106 et
1895 5051 2114 5117 Comb.,

550 5130 868 5201 πεποίηκεν.

619 5194 747 5266 (77)’
769 5200 1173 5253 Κατέκλυσεν.
1204 5194 1465 5253 Comhef..
1495 5194 1850 5266 κατέκαυσεν.

619 5264 730 5339 (78)
776 5270 884 5322 Τὸν
922 5266 1377 5339 Ἰεροϐοιὶμκλιμιιξιξε
1406 5264 1730 5339 ιιίεᾏίιιχίιιιο
1763 5266 1903 5318 (licia
1933 5273 2118 5339 censet

550 5334 721 5401 Elias,’
752 5352 907 5405 quem
955 5334 1197 5405 sequitur
1228 5335 1429 5387 Billins.
1459 5334 1628 5386 Aliter
1657 5344 1832 5387 tamen
1858 5334 2010 5385 nobis
2044 5334 2118 5384 vi-

547 5407 1033 5462 detur.Nul|atenus
1051 5407 1192 5459 enim
1206 5405 1430 5457 ilaxinio
1452 5405 1766 5458 conveniunt
1780 5418 1917 5472 ,qtt:e
1932 5419 1994 5454 tta
2006 5411 2115 5455 rrat

545 5475 858 5541 Gregorius,
894 5480 959 5532 de
987 5478 1090 5531 isto
1117 5475 1420 5537 Jerobuaut,
1454 5474 1541 5542 qui
1575 5474 1713 5525 ferre
1744 5490 1846 5525 non
1880 5482 2107 5541 poterat,

548 5555 607 5597 ttt
640 5547 875 5616 Trinitas
899 5548 1308 5616 splendescerct.
1346 5542 1608 5598 Maximus
1656 5544 1884 5616 quidem
1914 5543 2106 5616 advero

546 5630 638 5669 sus
663 5613 974 5686 Gregorium
1009 5616 1328 5680 insttrrexit;
1356 5616 1454 5686 sed
1479 5628 1746 5686 nunquam
1768 5615 1815 5665 ei
1833 5613 2104 5686 obiectum

545 5694 672 5738 esta
693 5682 951 5757 Gt-Egorio
979 5686 1268 5757 cumcirca
1298 5684 1453 5757 [idem
1478 5683 1985 5757 er_rare._(3redimus
2015 5682 2105 5747 igi-

546 5760 632 5808 tur
661 5770 753 5825 per
784 5752 942 5811 istum
976 5754 1255 5810 Jeroboam
1294 5754 1493 5808 rectius
1537 5752 1939 5822 intelligendum
1983 5766 2103 5805 esse

2222 4472 2382 4525 τοῦτο
2411 4472 2471 4524 τὸ
2497 4474 2769 4544 τρύχινον,
2807 4476 2899 4528 καὶ
2926 4478 3022 4546 τὴν
3052 4468 3287 4548 ἐρημίαν
3330 4480 3421 4532 καὶ
3454 4481 3551 4551 τὴν
3581 4482 3796 4549 ἀναχώ-

2228 4580 2385 4635 ρησιν
2474 4565 2869 4638 συνεζήσαμεν,
2907 4569 3000 4620 καὶ
3032 4569 3120 4621 τὸν
3153 4570 3380 4622 ἄσκευον
3412 4570 3544 4639 βίον,
3575 4572 3666 4624 καὶ
3692 4574 3797 4644 τὴν

2225 4656 2415 4726 εὐτελῆ
2447 4658 2742 4725 τράπεζαν,
2777 4660 2969 4729 μικρὸν
2998 4659 3105 4730 (82)
3139 4660 3246 4713 τῶν
3281 4662 3495 4732 πτηνῶν
3532 4662 3795 4715 ἀποδέου-

2226 4760 2343 4797 σαν.
2391 4745 2824 4815 Ἀληθευέτωσαν
2850 4748 2906 4800 δὲ
2941 4749 3033 4801 καί
3068 4767 3210 4813 τινες
3236 4752 3362 4820 περὶ
3387 4751 3562 4822 ἡμῶν,
3592 4752 3674 4803 ὅτι
3697 4769 3795 4820 γυ-

2219 5054 2301 5106 vel
2331 5054 2720 5126 Demophilum,
2758 5052 2837 5107 vel
2868 5054 3188 5119 Ettdoxium,
3211 5056 3301 5126 qui
3338 5066 3445 5126 turn
3480 5054 3795 5126 Constanti-

2219 5125 2397 5190 nopoli
2429 5125 2747 5177 Arianorum
2781 5134 2897 5176 erat
2926 5127 3171 5189 antistes,
3209 5123 3241 5177 εἰ
3265 5142 3372 5194 quo
3396 5123 3592 5179 Valens
3617 5128 3794 5193 impe-

2221 5204 2367 5246 ratur
2399 5196 2697 5248 baptizatus
2723 5202 2777 5245 et
2815 5194 3001 5247 haeresi
3046 5195 3278 5247 imbutus
3305 5196 3420 5247 fuit.

2228 5332 2241 5347 ο
2290 5262 2399 5346 (29)
2451 5262 2626 5332 Ὑμῖν.
2654 5262 2782 5331 Reg.
2820 5262 2904 5313 but
2936 5264 2985 5315 in
3017 5272 3186 5330 textu,
3209 5275 3262 5319 et
3293 5264 3386 5319 Or.
3418 5265 3469 5329 l,
3498 5264 3564 5317 ad
3593 5278 3796 5335 marg.,

2220 5348 2380 5393 υμας.

2258 5350 2400 5470 μῶἷί)
2446 5400 2562 5468 Τὴν
2598 5400 2906 5470 ἡμετέραν.
2936 5400 3058 5455 Haec
3082 5400 3276 5455 desunt
3305 5403 3355 5455 in
3385 5402 3478 5457 0r.
3509 5403 3559 5456 1.

2291 5472 2403 5540 (81)
2449 5473 2533 5525 Ἠ.
2565 5472 2916 5525 Combetisius
2942 5472 3221 5525 detendum
3247 5482 3416 5539 putat.

2291 5542 2402 5609 (8‘2)
2440 5542 2681 5609 Mmpdr,
2715 5551 2819 5593 etc.
2866 5540 2958 5593 Sic
2999 5541 3231 5609 loquitur
3267 5540 3580 5606 Gregorius,
3621 5542 3788 5609 quod,

2217 5621 2274 5664 ttt
2330 5626 2455 5665 aves
2505 5610 2708 5663 sentina
2755 5610 3032 5679 colligunt,
3084 5611 3279 5678 quibus
3319 5622 3625 5679 pascantur,
3676 5614 3791 5679 ipse

2215 5694 2429 5748 quoque
2475 5680 2803 5743 seminibus,
2845 5680 3201 5749 leguminibus
3247 5691 3301 5735 et
3336 5680 3616 5750 quibusvis
3652 5682 3790 5737 cibis

2212 5760 2493 5805 vescerctu
2502 5764 2545 5801 l'.
