4010 6316
235 320 332 375 2ἳό

1233 328 1492 386 ORATIO
1532 330 1771 389 XXXVI.
1812 365 1882 374 —-—
1920 336 2008 391 DE
2043 335 2301 403 SEIPSO,
2342 337 2493 393 ETC.

3382 349 3488 406 274

226 435 399 497 ναικὸς
432 435 738 507 ἀλλοτρίας
772 441 884 508 (85)
920 439 1368 513 ἐπεθυμήσαμεν,
1397 445 1444 496 οί
1492 445 1624 515 μηδὲ
1673 446 1785 501 ἰδία·

1911 458 1966 503 et
2006 449 2291 518 expeditae,
2319 462 2373 503 et
2404 448 2666 518 simplicis
2694 465 2758 506 ac
2791 449 3014 521 frugalis
3053 467 3276 522 mensae,
3306 461 3484 514 avium

224 528 355 596 ᾕειν
382 528 744 599 θελήσαντες.
801 534 1106 603 Ἐχέτωσαν
1141 536 1250 606 (84)
1295 537 1352 589 δὲ
1381 539 1536 608 ἡμῶν
1571 541 1662 593 xstl.
1707 543 1810 595 Γα-

220 621 470 674 ϐαωνῖται
518 623 718 690 πλέον,
761 625 856 690 οὓς
907 627 1031 680 οὐδὲ
1075 631 1156 692 εἰς
1200 629 1531 696 ξυλοκόπους
1573 630 1684 700 (85)
1715 635 1807 686 καὶ

219 713 546 784 ὑδροφόρους
573 711 682 770 οἷδ’
711 718 796 770 ὅτι
826 718 887 771 τὸ
919 719 1148 790 Πνεῦμα
1186 721 1247 773 τὸ
1294 721 1449 791 ἆγιον
1499 725 1806 795 παραδέχε-

215 820 313 864 ται,
357 805 558 876 μέχρις
609 807 684 861 ἂν
714 810 983 881 προσίωσι
1015 815 1129 877 τοῖς
1163 814 1327 886 ἱεροῖς
1369 817 1507 886 μετὰ
1547 818 1805 872 τοιούτων

211 895 296 948 τοῦ
325 895 442 965 βίου
488 899 589 952 καὶ
645 900 741 954 τοῦ
777 901 935 972 λόγου
962 905 1293 976 στιγμάτων.
1335 911 1397 963 Εἰ
1436 909 1494 962 δὲ
1533 909 1611 980 τῷ
1663 910 1806 981 λόγῳ

213 991 686 1058 συνηγορήσοντες
711 993 940 1064 ἥκομεν,
985 997 1080 1049 καὶ
1125 1000 1192 1068 τῇ
1239 999 1386 1070 χήρᾳ.
1426 999 1520 1054 καὶ
1551 1003 1618 1070 τῇ
1651 999 1805 1054 ἀνάν-

207 1077 306 1147 δρῳ
333 1079 472 1144 τέως
517 1080 830 1154 Ἐκκλησία
866 1086 934 1138 τά
964 1089 1168 1142 δυνατὰ
1198 1089 1307 1161 (86)
1355 1091 1799 1159 συνεισοίσοντες,

207 1165 306 1221 οἷόν
337 1189 489 1236 τινες
523 1176 824 1247 ἐπίτροποι
853 1180 946 1232 καὶ
980 1181 1297 1251 κηδεμόνες,
1327 1184 1472 1255 ἄλλῳ
1504 1203 1798 1256 νυμφαγω-

207 1262 478 1330 γήσοντες,
523 1265 589 1329 ὃς
626 1268 724 1320 ἐὰν
748 1268 896 1333 ἄξιος
918 1271 1012 1324 τοῦ
1035 1273 1269 1338 κάλλους
1297 1280 1460 1347 φανῇ,
1500 1279 1594 1330 καὶ
1617 1278 1799 1332 πλείο-

206 1368 262 1401 να
286 1353 398 1420 (δῖ)
430 1354 501 1407 τὰ
532 1356 600 1420 ἐξ
649 1358 854 1430 ἀρετῆς
887 1361 1010 1415 ἕδνα
1043 1366 1383 1438 προσενέγκῃ
1425 1371 1490 1440 τῇ
1545 1369 1796 1440 βασιλίδι,

208 1441 449 1510 πάτερον,
508 1447 803 1501 ὲπαινετοὶ
855 1451 957 1520 τῆς
991 1454 1321 1526 προθυμίας,
1383 1457 1416 1528 ἢ
1470 1459 1660 1529 ψεκτοὶ
1701 1463 1798 1534 τῆς

206 1531 494 1599 ὑπονοίας;
532 1535 626 1590 ὅτι
681 1542 795 1602 τοῖς
854 1541 1156 1616 ἀλλοτρίοις
1207 1547 1504 1618 κρινόμεθα
1543 1551 1794 1611 πάθεσιν.

1914 542 2019 595 vita
2049 541 2190 595 haud
2229 539 2396 594 multo
2449 539 2744 596 inferioris.
2797 542 2850 596 In
2894 544 3126 614 gratiam
3169 562 3330 615 porro
3364 566 3485 606 cum

1916 631 2144 686 veritate
2190 632 2437 696 redeant,
2485 632 2579 702 qui
2627 647 2727 687 nos
2767 632 3001 688 alienam
3034 650 3256 692 uxorem
3279 644 3488 710 expeti-

1911 723 2054 776 visse
2093 722 2266 785 aiunt,
2302 736 2423 775 cum
2465 737 2533 776 ne
2574 723 2850 792 propriam
2893 727 3110 794 quidem
3151 730 3351 786 habere
3393 749 3488 789 vo-

1915 813 2197 868 luerimus.
2241 814 2364 868 Sint
2403 814 2570 868 etiam
2617 813 2892 880 meliores,
2936 832 3097 886 quam
3153 835 3250 876 nos
3299 823 3486 877 condi-

1913 905 2058 960 tione
2113 906 2454 972 Gabaonilze,
2507 921 2643 977 quos
2695 917 2875 963 tamen
2925 925 2994 964 ne
3043 911 3108 964 ad
3163 913 3213 968 id
3266 916 3484 984 quidem

1907 1014 2103 1054 munus
2150 999 2389 1068 Spiritus
2419 1008 2640 1054 sanctus
2668 1001 3005 1058 admissurus
3033 1014 3135 1070 est,
3170 1015 3226 1059 ut
3259 1006 3400 1077 ligna
3432 1017 3486 1063 et

1904 1105 2098 1157 aquam
2152 1098 2389 1160 portent,
2447 1092 2683 1160 quandiu
2730 1107 2851 1148 cum
2901 1094 3207 1163 bujusmodi
3258 1111 3311 1154 et
3368 1116 3486 1156 ser-

1905 1175 2084 1229 monis
2138 1186 2194 1230 et
2232 1176 2356 1230 vitae
2403 1180 2628 1233 maculis
2668 1181 2735 1234 ad
2770 1195 2925 1236 sacra
2968 1188 3320 1244 accesserint.
3385 1189 3480 1244 Sin

1903 1277 2082 1319 autem
2127 1281 2188 1322 ea
2233 1268 2389 1323 nobis
2439 1268 2546 1325 huc
2589 1273 2839 1328 veniendi
2893 1289 3057 1331 causa
3107 1277 3229 1344 fuit,
3268 1288 3325 1333 ut
3357 1283 3481 1337 lidei

1903 1360 2266 1425 patrocinium
2303 1363 2731 1432 suseiperemus,
2777 1365 3142 1438 Ecclesizeque
3181 1371 3296 1426 viro
3341 1373 3483 1428 inte-

1903 1451 2004 1504 rim
2035 1453 2262 1517 orbatae,
2293 1453 2437 1509 haud
2475 1469 2636 1511 secus
2665 1473 2729 1511 ac
2757 1468 2962 1516 tutores
2998 1462 3216 1532 quidam
3243 1472 3298 1519 et
3325 1479 3484 1518 cura-

1901 1551 2065 1610 tores,
2107 1559 2328 1615 operam
2377 1563 2476 1616 pro
2515 1551 2654 1604 virili
2700 1561 2884 1607 nostra
2921 1569 3261 1622 navaremus,
3300 1556 3479 1623 alteri,

215 1619 292 1682 Ὡς
323 1620 389 1692 δὴ
419 1625 489 1676 σύ
547 1643 642 1694 γε,
673 1621 717 1681 ὦ
755 1628 1018 1698 βέλτιστε,
1050 1635 1146 1688 καὶ
1190 1638 1237 1689 εί
1284 1638 1373 1709 νηῒ
1426 1644 1785 1717 χειμαζομέντ

1899 1634 1988 1702 qui
2056 1638 2337 1704 praestanti
2391 1640 2560 1710 ipsius
2610 1642 2781 1696 forma
2828 1646 3023 1714 dignus
3069 1619 3365 1711 videretur,
3417 1619 3482 1703 ac

205 1713 348 1806 χεῖρα
382 1713 672 1806 όρέγομεν
708 1719 820 1790 (88)
857 1721 888 1791 ἢ
918 1722 1353 1800 πολιορκουμένῃ
1384 1729 1556 1792 πόλει,
1609 1732 1641 1803 ἢ
1691 1713 1785 1786 ὐπέ

1898 1727 2048 1795 plura
2080 1729 2336 1785 virtutum
2369 1740 2623 1802 tanquam
2649 1736 2920 1804 sponsalia
2946 1738 3145 1806 regina:
3171 1739 3478 1804 obtulisset,

381 1805 556 1896 nixi;
604 1807 994 1884 δαπανωμένῃ,
1037 1813 1068 1883 ἦ
1102 1816 1332 1884 σκάφεσι
1377 1800 1719 1890 βοηθοῦντες,
1755 1824 1785 1894 ἢ

1904 1833 2023 1873 eam
2059 1820 2398 1886 collocatnri,
2451 1835 2630 1878 utrum
2685 1828 2899 1880 tandem
2962 1827 3114 1883 nobis
3174 1828 3476 1896 hujusmodi

203 1886 485 1955 ιὰλαγξιν,
531 1891 568 1960 ἦ
606 1893 951 1967 σῦεστηρίοις
973 1900 1248 1970 ὀργάνοις,
1283 1886 1501 1970 πάντως
1531 1907 1652 1982 δινῆ
1689 1886 1785 1964 καλ

1901 1910 2064 1964 animi
2093 1911 2350 1970 alacritas
2379 1914 2612 1982 laudem,
2670 1933 2736 1970 an
2785 1919 3060 1975 hominum
3105 1923 3346 1992 suspicio
3395 1939 3479 1976 re-

198 1981 564 2082 ταττοντιστᾶις
597 1985 747 2054 ἡμᾶς
794 1987 1166 2063 ὡνόμασας,ἢ
1206 1995 1574 2064 τῆςπόλεως,
1697 2003 1785 2070 τῆς

1901 2003 2314 2069 prehensionem
2397 2005 2591 2062 all‘erre
2661 2009 2820 2063 debet
2897 2013 3360 2082 (quandoquidem
3412 2030 3476 2068 ex

201 2067 369 2131 εικίας
401 2071 657 2141 ἐραστὰς
707 2076 842 2147 (89),
886 2080 1000 2132 ἀλλ’
1050 2083 1111 2135 οὐ
1149 2086 1462 2154 προστάτας
1501 2089 1596 2144 καὶ
1639 2067 1795 2163 κηδε-

199 2158 378 2226 μόνας.

1903 2094 2092 2148 alienis
2119 2094 2400 2152 allectibus
2437 2099 2795 2170 judicatnur)?
2839 2101 3038 2158 Eodem
3087 2106 3253 2174 igitur
3297 2093 3476 2172 modo,

1901 2186 1985 2240 vir
2007 2189 2230 2256 optime,
2278 2188 2324 2242 si
2356 2193 2478 2245 navi
2521 2200 2843 2261 tempestate
2882 2197 3101 2263 iactatae
3148 2211 3212 2250 ac
3263 2197 3478 2265 pericli-

201 2259 348 2322 tanti,
365 2271 458 2313 aut
481 2265 608 2319 urbi
627 2265 906 2322 obsidione
923 2269 1135 2335 cinctze,
1157 2285 1249 2328 aut
1263 2275 1466 2331 aedibus
1488 2276 1713 2334 ﬂamma:
1729 2281 2390 2352 ardoreeonllagrantibus
2404 2301 2620 2340 manum
2635 2259 3092 2356 iporrexissemus,
3116 2291 3311 2359 partim
3330 2290 3478 2345 vide-

197 2349 316 2405 licet
333 2359 581 2424 scaphis,
605 2363 798 2428 partim
822 2367 1084 2431 exercitn,
1099 2371 1290 2436 partim
1307 2373 1680 2430 instrumentis
1697 2377 1761 2430 ad
1787 2376 2229 2446 exstinguendam
2250 2380 2516 2436 ﬂammam
2538 2383 3067 2450 accommodisopem
3087 2382 3340 2449 ferentes,
3355 2397 3478 2450 pro-

203 2444 281 2498 cul
313 2447 480 2502 dubio
507 2467 635 2516 nos,
663 2464 754 2506 aut
793 2458 1094 2524 praedones,
1123 2469 1215 2515 aut
1257 2464 1406 2518 urbis
1442 2467 1520 2518 vel
1552 2467 1742 2519 domus
1771 2477 2042 2524 anmtores
2071 2485 2344 2537 vocasses,
2371 2487 2474 2527 non
2515 2483 2693 2528 autem
2726 2483 2980 2544 patronos
3001 2483 3056 2528 et
3076 2483 3472 2543 procuratores.

262 2534 334 2589 Z'.
366 2537 517 2592 Ἀλλ’
546 2543 650 2614 οὐχ
687 2544 852 2610 οὕτω,
885 2550 1040 2619 φησὶ,
1074 2551 1220 2606 δοκεῖ
1255 2554 1367 2626 (90)
1403 2558 1516 2620 τοῖς
1553 2557 1785 2622 πολλοῖς.

200 2626 260 2679 Τί
290 2629 346 2682 δέ
373 2649 465 2700 μοι
496 2635 774 2708 διαφέρει,
800 2632 844 2707 ᾧ
871 2640 966 2694 τοῦ
999 2639 1140 2698 εἶναι
1173 2646 1355 2700 πλεῖον
1386 2648 1496 2719 (91)
1525 2652 1554 2703 ὁ
1583 2649 1741 2719 λόγος
1772 2693 1786 2717 ,

209 2719 404 2814 μαλλον
435 2724 495 2778 δὲ
541 2729 693 2794 πᾶς;
747 2731 918 2786 Τοῦτο
971 2735 1102 2806 γάρ,
1155 2737 1188 2809 ἢ
1229 2741 1636 2814 κατέκρινεν,ἦ
1688 2743 1792 2796 ἐδι-

200 2812 428 2866 καίωσεν
446 2832 461 2844 ο
505 2817 538 2886 ἢ
569 2818 758 2873 ἄθλιον
784 2823 1154 2898 πεποίηκεν,ἢ
1185 2829 1474 2900 μακάριον.
1522 2833 1595 2886 Τὸ
1622 2812 1678 2886 δὲ
1705 2835 1790 2888 δο-

201 2905 329 2997 κεῖν,
361 2907 520 2997 οὐδὲν
551 2911 694 2981 πρὸς
737 2913 906 2983 ἡμᾶς,
950 2915 1139 2990 ὥσπερ
1171 2920 1290 2973 οὐδὲ
1320 2922 1453 2994 ὄναρ
1483 2925 1780 2997 ἀλλότριον.

199 2994 305 3064 Οὐχ
327 2996 500 3062 οὕτω,
537 3003 701 3070 φησὶ,
750 3004 929 3068 δοκεῖς
971 3011 1087 3072 τοῖς
1123 3009 1358 3076 πολλοῖς,
1401 3012 1676 3086 ἄνθρωπε.
1722 3017 1784 3069 Ἡ

200 3085 264 3154 γῆ
291 3087 345 3138 δὲ
368 3089 522 3144 δοκεῖ
550 3096 666 3155 τοῖς
695 3095 996 3165 ίλιγγιῶσιν
1025 3101 1280 3168 ἑστάναι;
1305 3106 1415 3167 τοῖς
1438 3104 1493 3158 δὲ
1527 3105 1786 3176 μεθύουσι

198 3175 384 3245 νήφειν
405 3181 456 3232 οἱ
489 3184 780 3254 νήφοντες,
816 3187 930 3241 ἀλλ’
969 3191 1070 3243 οὐκ
1108 3192 1199 3244 ἐπὶ
1232 3193 1475 3265 κεφαλὴν
1528 3175 1784 3265 βαδίζειν,

199 3265 734 3346 ἤπεριτρέπεσθαι;
770 3282 832 3334 τὸ
867 3283 988 3351 μέλι
1031 3285 1108 3350 δὲ,
1151 3287 1212 3340 οὐ
1266 3287 1462 3358 πικρόν
1490 3290 1661 3354 ἐστιν,
1698 3291 1786 3344 ὅτε

197 3360 286 3412 καὶ
308 3358 391 3427 οἷς
417 3369 732 3440 νομίζεται,
761 3374 979 3430 νοσοῦσί
1009 3394 1070 3430 τε
1104 3381 1198 3432 καὶ
1222 3380 1407 3444 κακῶς
1439 3381 1551 3452 (92)
1583 3382 1788 3436 διακει-

203 3451 412 3543 μένοις
479 3461 628 3516 Ἀλλ’
659 3465 722 3518 οὐ
757 3467 907 3538 παρὰ
944 3467 1106 3524 τοῦτο
1151 3471 1220 3524 τά
1268 3451 1570 3543 πράγματα
1611 3473 1784 3538 οὕτως

200 3538 322 3611 ἔχει,
345 3546 421 3610 ὡς
449 3548 606 3604 δοκεί
649 3556 765 3618 τοῖς
805 3557 1130 3627 πάσχουσιν.
1163 3560 1348 3626 Δεῖξον
1391 3557 1484 3615 οὖν
1519 3562 1784 3630 ὑγιαίνον-

201 3646 290 3694 τας
320 3639 446 3701 τοὺς
479 3641 656 3706 οὕτως
689 3645 1078 3718 ὑπειληφότας,
1123 3653 1218 3704 καὶ
1261 3653 1384 3706 τότε
1417 3655 1550 3724 ἡμῖν
1585 3655 1784 3726 παραί-

199 3739 342 3822 νεσσν
374 3732 496 3804 (95)
530 3735 953 3803 μετατίθεσθαι·
985 3741 1019 3811 ἢ
1053 3742 1455 3812 καταγίνωσκε,
1494 3746 1568 3818 μὴ
1604 3747 1782 3822 πειθο-

204 3821 389 3890 μένων,
419 3826 546 3879 άλλ’
577 3827 671 3880 ἐπὶ
706 3829 805 3899 τῆς
848 3831 1019 3901 αὐτῆς
1051 3833 1354 3904 ἱσταμένων
1382 3835 1634 3908 κρίσεως.
1670 3821 1782 3911 Οὐχ

201 3916 339 3971 οὕτω
360 3921 515 3974 δοκῶ
537 3925 652 3988 τοῖς
685 3923 922 3988 πολλοῖς,
957 3924 1077 3996 Θεῷ
1102 3927 1160 3980 δὲ
1193 3927 1338 3982 οὕτω
1362 3946 1377 3962 ’
1406 3931 1500 3984 καὶ
1528 3932 1588 3984 οὐ
1615 3931 1778 3997 δοκῶ,

207 4013 591 4086 πεφανέρωμαι
616 4015 674 4068 δὲ
709 4015 789 4086 τῷ
817 4017 979 4070 εἰδότι
1011 4018 1079 4072 τὰ
1119 4020 1297 4074 πάντα
1326 4020 1436 4092 (94)
1471 4025 1600 4094 πρὶν
1625 4025 1781 4094 γενέ-

205 4115 328 4166 σεως
353 4105 564 4171 αὐτῶν,
589 4106 668 4178 τῷ
699 4106 995 4162 πλάσσοντι
1021 4110 1135 4181 (95)
1163 4112 1480 4183 καταμόνας
1509 4114 1610 4178 τὰς
1643 4133 1778 4187 καρ-

203 4187 307 4253 δίας
328 4194 509 4263 ἡμῶν,
537 4196 615 4266 τῷ
641 4197 872 4251 συνιέντι
902 4199 981 4263 εἰς
1011 4200 1191 4254 πάντα
1219 4201 1288 4255 τὰ
1317 4201 1453 4274 ἔργα
1491 4205 1673 4275 ἡμῶν,
1711 4207 1779 4260 τά

203 4281 493 4352 κινήματα,
526 4287 618 4344 καὶ
673 4287 739 4342 τά
790 4287 1154 4360 διανοήματα,
1182 4293 1301 4364 μεθ’
1333 4288 1408 4348 ὧν
1437 4296 1505 4350 τά
1540 4299 1775 4367 πραττό-

1973 2557 2082 2613 VII.
2123 2560 2194 2615 At
2231 2561 2503 2631 plerisque
2556 2578 2720 2618 secus
2773 2562 3008 2626 videtur,
3053 2561 3286 2631 inquies.
3335 2562 3478 2627 Quid

1893 2665 2022 2706 vero
2049 2653 2167 2707 mea
2201 2651 2448 2715 interest,
2501 2653 2594 2723 qui
2625 2655 2703 2708 rei
2767 2654 3048 2707 veritatem
3110 2653 3281 2722 magis
3319 2667 3472 2718 curo,

1894 2741 2004 2796 imo
2043 2742 2219 2798 solum
2260 2743 2428 2798 curo?
2470 2744 2585 2799 Hoc
2625 2745 2769 2800 enim
2817 2745 2900 2799 vel
2944 2758 3028 2798 me
3075 2745 3472 2799 condemnave-

1895 2834 1989 2900 rit,
2038 2835 2125 2890 vel
2166 2835 2501 2891 absolverit:
2534 2838 2637 2893 hoc
2685 2835 2771 2892 vel
2824 2838 3083 2892 miserum
3122 2837 3204 2892 vel
3255 2837 3476 2892 beatum

1893 2926 2212 2983 reddiderit.
2261 2930 2350 2996 At,
2411 2929 2539 2998 quid
2587 2929 2710 2984 aliis
2763 2929 3032 2996 videatur,
3083 2929 3220 2984 nihil
3259 2929 3324 2983 ad
3350 2945 3470 2995 nos,

1815 3057 1857 3114 Ο
1891 3019 2346 3088 quemadmodum
2413 3035 2513 3075 nec
2566 3021 2802 3075 alienum
2868 3021 3160 3076 somnium.
3218 3018 3334 3074 Non
3395 3021 3468 3074 ita

1891 3110 2013 3166 aliis
2049 3111 2283 3176 videtur,
2315 3111 2418 3170 ais.
2447 3111 2586 3179 Quid
2618 3112 2784 3168 vero?
2832 3114 2912 3167 An
2941 3112 3031 3177 iis,
3061 3114 3156 3182 qui
3197 3112 3468 3184 vertigine

1891 3201 2126 3272 correpti
2151 3210 2300 3268 sunt,
2336 3212 2479 3258 terra
2513 3203 2618 3258 lixa
2646 3215 2701 3260 et
2733 3203 2946 3260 stabilis
2974 3219 3097 3260 esse
3123 3203 3367 3258 videtur?
3401 3219 3470 3257 an

1889 3293 2055 3348 ebriis
2089 3294 2256 3350 sobrii
2289 3295 2499 3366 integra
2529 3305 2711 3350 mente
2751 3310 2896 3363 esse,
2943 3310 3009 3351 ac
3052 3310 3158 3350 non
3194 3295 3370 3366 potius
3414 3297 3468 3348 in

1888 3395 2053 3454 caput
2119 3387 2417 3453 incedere,
2493 3401 2560 3442 ac
2617 3402 2832 3442 sursum
2919 3388 3282 3457 deorsumque
3350 3402 3468 3440 mo-

1888 3477 2001 3532 veri
2023 3478 2047 3532 ι
2069 3475 2235 3550 640
2270 3492 2449 3532 annon
2509 3479 2833 3549 quibusdam
2865 3479 3136 3534 interdum
3162 3479 3468 3534 hominibus

1887 3568 1994 3624 mel
2033 3584 2278 3624 amarum
2311 3580 2420 3636 est,
2453 3585 2646 3642 nempe
2688 3572 2880 3626 morbo
2917 3570 3313 3635 laborantibus,
3347 3586 3466 3626 ma-

1885 3659 2042 3730 leque
2073 3659 2322 3716 allectis?
2355 3663 2425 3716 At
2457 3677 2567 3718 non
2601 3669 2889 3732 propterea
2920 3678 3008 3719 res
3038 3663 3117 3719 sic
3147 3678 3204 3718 se
3240 3664 3466 3726 habent,

1884 3761 1966 3818 It,
1987 3753 2077 3824 qui
2099 3753 2170 3807 ita
2191 3752 2365 3810 all'ecti
2390 3765 2538 3820 sunt,
2565 3754 2924 3810 arbitrantur.
2956 3755 3219 3823 Quocirca
3245 3757 3468 3812 ostende

1885 3845 2036 3916 prius
2060 3859 2178 3910 eos,
2210 3846 2304 3915 qui
2334 3847 2401 3902 de
2433 3847 2591 3902 nobis
2622 3847 2694 3901 ita
2728 3847 2992 3911 sentiunt,
3018 3862 3184 3902 sanos
3213 3862 3366 3914 esse;
3399 3861 3466 3902 ae

1885 3945 1997 3992 tum
2028 3952 2128 3992 nos
2154 3937 2406 4003 admone,
2451 3947 2506 3992 ut
2556 3939 2833 3994 meliorem
2865 3949 3101 3993 mentem
3131 3940 3416 3994 induamus
3441 3958 3456 3995 :

1883 4037 1979 4083 aut
2016 4030 2343 4098 condemna,
2399 4029 2443 4084 si
2486 4030 2718 4085 consilio
2773 4038 2864 4084 tuo
2895 4045 3000 4084 non
3034 4044 3340 4098 pareamus,
3370 4029 3468 4084 sed

1883 4121 1938 4176 in
1974 4123 2160 4176 eadem
2208 4125 2475 4178 sententia
2519 4134 2842 4192 perstemus.
2888 4121 3003 4178 Non
3053 4124 3124 4177 ita
3174 4123 3356 4178 multis
3387 4122 3468 4197 vi-

1887 4209 2040 4277 deor,
2074 4222 2129 4266 at
2168 4213 2274 4266 Deo
2321 4214 2395 4267 ita
2426 4233 2440 4272 ;
2473 4214 2580 4270 imo
2628 4230 2734 4270 non
2777 4215 2984 4281 videor,
3013 4214 3107 4268 sed
3148 4213 3464 4284 perspicuus

1881 4314 2044 4375 atque
2088 4308 2410 4364 manifestus
2444 4325 2562 4364 sum
2614 4310 2687 4374 ei,
2735 4310 2827 4378 qui
2879 4308 3085 4371 omnia,
3147 4309 3461 4376 priusquam

207 4385 348 4439 μένα,
374 4375 433 4428 δν
467 4375 721 4432 λανθάνει
752 4379 861 4434 τῶν
891 4381 1060 4435 ὄντων
1105 4383 1281 4450 οὐδὲν,
1314 4385 1436 4439 οὐδὲ
1471 4385 1654 4440 λαϐεῖν
1685 4388 1774 4441 δύ-

1898 4398 2146 4461 )riantur,
2173 4400 2388 4463 novit‘;
2415 4400 2506 4469 qui
2525 4399 2689 4455 corda
2721 4375 2905 4454 nostra
2934 4399 3208 4468 sigillatim
3244 4399 3456 4466 liugit';

202 4477 369 4534 ναται,
400 4469 464 4532 ὃς
485 4470 688 4542 ἑτέρως
716 4473 818 4543 ὁρᾷ
852 4472 922 4527 τά
964 4475 1231 4546 ἡμέτερα,
1272 4477 1304 4548 ἢ
1335 4477 1410 4540 ὡς
1439 4478 1638 4548 ὁρῶσιν
1677 4481 1773 4535 άν-

202 4551 414 4628 θρωποι.
453 4564 790 4630 Ἀνθρωπος
846 4565 944 4635 μὲν
986 4565 1095 4638 γάρ
1140 4570 1228 4634 εἰς
1260 4569 1604 4636 πρόσωπον,
1645 4576 1678 4626 ό
1710 4572 1777 4626 δὲ

266 4709 288 4742 ⁵
323 4713 456 4770 Dan.
487 4731 608 4782 xm,
655 4716 744 4770 42.
824 4718 845 4749 ⁵
874 4717 1016 4774 Psal.
1065 4736 1233 4789 χχχιι,
1278 4721 1365 4778 15.

266 4870 1100 4946 (83)I‘uramdc_d.l.10tpla¢.
1162 4875 1455 4945 Gregorius
1499 4894 1594 4946 per
1655 4897 1772 4934 mu-

205 4936 392 5018 {iam
431 4936 696 4997 αίίεηαηί
729 4936 979 5012 intelligit
1037 4936 1073 4997 ι’
1099 4936 1768 5018 _Const3ntinopolitanam

205 5005 484 5083 Ecclesiam
507 5031 521 5080 ;
547 5022 604 5083 et
643 5029 738 5082 per
770 5005 1064 5083 propriam.
1091 5016 1322 5071 Sasima.
1363 5035 1382 5069 ι

267 5081 370 5152 (84)
421 5081 778 5152 Ἐχέτωσαν,
819 5095 924 5140 etc.
968 5103 985 5136 ι
1032 5084 1218 5140 Potior
1249 5089 1319 5140 sit
1349 5086 1770 5145 Gabaonitarum

207 5153 468 5230 ξιοιιιιὶιὶο,⁸
501 5169 664 5222 quam
719 5164 926 5230 nostra.
970 5175 996 5230 ι
1031 5155 1324 5213 Haereticos
1360 5160 1650 5228 signiﬁcat,
1680 5163 1772 5230 qui

207 5215 316 5299 licet
363 5215 581 5299 apibus
615 5233 698 5299 et_
736 5224 908 5299 gratia
965 5227 1240 5299 ﬂorerent,
1268 5243 1364 5299 ne
1410 5215 1649 5299 ἷιιιίιιιιιιι⁷
1693 5215 1773 5286 di-

205 5291 478 5362 gni‘eraiit,
493 5295 582 5362 qui
620 5293 700 5346 vel
721 5291 996 5348 minimum
1015 5291 1298 5350 sacerdotii
1332 5291 1528 5353 munus
1539 5303 1771 5355 obirent.

268 5360 371 5442 (βρ)
409 5360 826 5442 Ξῃλοκόπους.
877 5363 966 5418 Sic
1010 5364 1153 5442 LX_X
1207 5379 1259 5421 et
1305 5370 1564 5442 permulti
1602 5369 1769 5442 Regg.

207 5433 418 5508 codd.,__r
458 5434 1009 5508 lignorunrcaasores.
1040 5433 1478 5508 pLeuyenklaius
1519 5455 1616 5508 pro
1652 5433 1772 5495 «Ἱῖ-

206 5503 498 5582 ειιίιέιρτίιὲιιε
524 5522 558 5582 ί
568 5513 622 5557 et
650 5519 669 5553 ι
715 5503 838 5582 lixis
879 5523 898 5557 ι
931 5504 1244 5582 ρεοὶρίικιιι
1273 5509 1387 5573 ed.,
1422 5503 1768 5582 ξυλοφόρους.

394 5573 490 5648 -Τᾲ
521 5571 770 5648 δυνατά.
927 5575 977 5639 Ι,
1005 5569 1147 5648 κατά
1167 5569 1416 5648 δύναμιν.

287 5639 368 5718 §7__)
385 5642 664 5718 [μείονα.
681 5643 793 5699 Duo
811 5643 976 5718 δοκε.
995 5658 1042 5718 et
1059 5647 1295 5718 quinque
1305 5639 1458 5704 Colb.
1474 5652 1770 5708 adduntra’t.

207 5712 754 5849 ὼέέτὶᾍὲῗρέτομεν.
812 5712 952 5772 ουδ’
993 5712 1180 5790 Regg.,
1210 5712 1538 5792 "dipéEaptev.
1584 5723 1679 5784 Or.
1724 5725 1772 5791 l,

301 5795 483 5855 γομεν.

1886 4489 1978 4554 qui
2014 4487 2067 4541 in
2097 4489 2278 4542 omnia
2314 4505 2478 4559 opera
2511 4499 2724 4554 nostra,
2755 4504 2945 4546 omnes
2969 4499 3148 4545 motus
3179 4499 3234 4545 et
3258 4491 3464 4561 cogita-

1888 4578 2084 4644 tiones,
2131 4580 2454 4649 quibuscum
2494 4596 2582 4637 res
2607 4597 2637 4636 a
2676 4581 2832 4638 nobis
2863 4593 3144 4651 geruntur,
3175 4581 3458 4654 intelligit;

1951 4876 2065 4960 (89)
2101 4879 2432 4960 -Ἐραστὰς.
2471 4902 2492 4938 ι
2535 4886 2838 4959 Amatores,
2870 4892 3110 4960 cupidos.
3153 4913 3172 4947 ι
3213 4893 3458 4951 Leuven-

1878 4947 2055 5036 kla'ius’
2110 4947 2301 5036 vertit,
2339 4947 2732 5036 _r'-eversores.
2775 4981 2795 5014 ι
2823 4947 3002 5036 ’Ἐοι-ἰο
3032 4947 3250 5036 legit:
3265 4947 3456 5036 έδαξᾶι-

1874 5020 2036 5105 στάς,
2071 5028 2128 5073 ιιι
2163 5024 2379 5105 scripsit
2407 5025 2595 5084 Billius
2612 5031 2684 5105 _ad
2714 5047 2882 5103 marg.
2917 5035 3003 5087 ed.
3027 5020 3175 5102 Bai,
3204 5020 3458 5104 quamvis

1873 5099 1926 5143 tn
1962 5099 2411 5160 interpretatione
2444 5112 2550 5152 non
2583 5099 2654 5153 sit
2683 5099 2922 5156 secutus.

1944 5160 2056 5241 (90)
2091 5161 2454 5241 ροκεῐι-Βοε.
2488 5168 2575 5241 bin
2617 5169 2838 5241 Aaliiq’ue
2875 5172 3077 5241 plures,
3107 5173 3301 5240 δοκεῖς.
3334 5194 3355 5228 ι
3389 5178 3458 5232 At

1871 5231 2049 5310 enim,
2071 5231 2472 5310 di_cat_aliquis,
2497 5231 2766 5310 plerisqui
2796 5231 2900 5296 non
2930 5231 3150 5298 videris.
3178 5265 3198 5297 ι

1944 5299 2054 5370 (91)
2095 5299 2928 5377 [MaioraLegendum'videtur,
2953 5313 3172 5370 πλείων.
3205 5313 3296 5371 Sic
3327 5317 3461 5372 scri-

1873 5374 2583 5450 pturnreperimusmin—uno
2609 5395 2640 5435 e
2671 5378 2858 5450 Regiis
2884 5374 3184 5439 codicibus.

2098 5443 2324 5523 Ι-ςακῶς.
2355 5445 2597 5523 Savil._et
2621 5440 2837 5518 Comi»,
2865 5452 3099 5523 πικρῶς.

2091 5515 2652 5595 ῌ-ᾳραίνεσονέμττοε
2670 5511 2849 5595 ροιιιιξ,
2871 5511 3146 5595 παραίνει.

1946 5581 2058 5650 (94)
2104 5581 2190 5637 Td
2208 5583 2424 5640 πάντα.
2455 5589 2546 5643 Sic
2586 5600 2694 5647 tres
2722 5581 2880 5647 codd.
2917 5581 3074 5648 D'eest
3095 5595 3165 5646 τά
3194 5595 3246 5649 in
3281 5595 3368 5651 ed.

1945 5652 2058 5722 (95)
2089 5652 2468 5737 [ἔλὰρξᾳοτῃ.
2519 5659 2660 5723 Bas.,
2719 5661 3006 5737 πλάσαντι.
3065 5664 3157 5719 Sic
3205 5666 3262 5737 in
3315 5668 3452 5737 psal.

1873 5737 2048 5802 xxx",
2181 5723 2304 5807 9⁸1⁸0
2327 5726 2538 5807 πλάσας
2581 5733 2894 5807 καταμόνας
2943 5735 3042 5798 τὰς
3089 5723 3330 5807 καρδίαις⁸
3355 5737 3456 5794 ab-

1874 5792 2002 5846 τῶν.
2043 5809 2061 5844 ι
2093 5792 2667 5869 Quitlnxitsigitlatim
2692 5792 3095 5863 corda'eoruin.
3139 5826 3158 5858 ι
