4010 6316
528 360 655 439 ατε

1729 365 1788 423 S.
1829 359 2156 421 GREGORII
2196 354 2542 414 THEOLOGI

3668 335 3787 393 2⁸76

529 517 689 573 quem
732 498 865 555 nihil
897 508 1108 558 eorum,
1159 506 1277 562 qua:
1319 495 1464 555 sunt,
1496 487 1647 554 latet,
1675 494 1767 540 aut
1798 484 1967 538 latere
2000 496 2095 550 po—
2128 532 2129 537 η

2239 475 2346 540 θεὸς
2370 472 2479 544 (96)
2494 473 2581 536 εις
2606 467 2875 537 καρδίαν.
2913 464 3186 524 Ἤκουσας
3215 460 3313 531 τῆς
3339 455 3561 529 Γραφῆς
3590 452 3755 524 λεγού

530 548 689 573 Ὶ“·“”’“
732 548 864 555 --η--τ
902 548 1057 553 θ-νηη
1097 548 1108 558 ι
1177 548 1190 562 1
1451 548 1462 555 .
1633 548 1643 554 ,
2003 548 2015 550 _

529 604 666 659 test;
701 591 791 660 qui
826 590 981 644 aliter
1005 602 1092 641 res
1116 594 1327 639 nostras
1363 583 1621 647 intuetur,
1653 588 1815 648 atque
1847 573 2100 629 mortales

2239 584 2324 639 ης,
2348 566 2441 621 καὶ
2461 564 2705 618 πίστευε.
2744 554 2818 614 Ob
2846 555 3190 629 φροντιστέον
3240 552 3457 624 μᾶλλον,
3494 549 3528 619 ἢ
3562 548 3789 601 πάντων

529 684 724 739 solent.
776 678 949 733 Homo
979 676 1121 731 enim
1144 673 1361 729 videtin
1386 671 1571 740 faciem
1598 684 1616 723 :
1653 667 1789 722 Deus
1817 675 1991 718 autem
2017 662 2101 715 in-

2203 637 2339 730 ὁμοῦ
2372 656 2481 710 τῶν
2527 654 2723 719 ἄλλων,
2770 653 2885 714 τοῖς
2914 666 2980 719 γε
3024 646 3147 701 νοῦν
3185 645 3416 715 ἔχουσιν.
3459 642 3529 695 Ἢ
3553 638 3647 692 δύο
3682 637 3794 707 μὲν

530 782 706 827 tuetur
744 786 834 823 cor
860 770 899 821 ⁸.
929 766 1140 821 Audisti
1184 764 1522 831 Scripturam
1568 761 1681 814 haec
1715 755 2016 813 dicentem:
2040 766 2105 807 ac

2239 728 2515 822 ίνθρώποις
2547 746 2677 817 περὶ
2716 741 2811 797 τοῦ
2862 739 3027 795 αὑτοῦ
3084 738 3406 810 πράγματος
3460 728 3795 801 συμϐούλοις

531 864 688 917 (idem
735 818 1172 925 adhibet—cujus
1224 818 1488 924 judicium
1526 849 1761 907 conlatis
1797 845 2107 902 hominibus

2239 818 2508 913 ρώμενος,
2559 833 2906 905 συνετωτέρῳ
2947 848 3006 886 τε
3048 830 3144 885 καὶ
3187 825 3565 900 ὰμαθεστέρῳ,
3590 822 3690 875 οὑκ
3714 818 3795 873 ἂν

532 955 701 1021 pluris
743 952 1080 1015 faciendum,
1133 949 1413 1017 magisque
1459 944 1755 1000 curandum
1788 947 1908 1001 est,
1942 950 2104 1005 quam

532 1046 773 1099 omnium
809 1044 1037 1099 aliorum
1083 1043 1137 1096 in
1186 1054 1352 1095 unum
1401 1045 1732 1091 coactorum.
1767 1032 1848 1085 An
1873 1039 1950 1096 tu,
1975 1029 2109 1082 duos

534 1138 751 1205 quidem
786 1135 1055 1199 hou'iines,
1090 1148 1320 1203 quorum
1355 1130 1492 1184 alter
1519 1128 1729 1182 acutior
1755 1132 1809 1179 et
1833 1120 2099 1192 sagacior,

533 1231 669 1283 alter
703 1228 1001 1296 imperitior
1023 1238 1075 1281 et
1105 1225 1345 1280 hebetior
1368 1231 1540 1285 esset,
1578 1219 1644 1273 de
1668 1217 1852 1273 eodem
1884 1212 2099 1281 negotio

538 1319 591 1373 in
637 1318 920 1374 consilium
968 1317 1249 1378 adhibens,
1292 1314 1433 1368 haud
1456 1317 1605 1364 recta
1637 1315 1816 1361 mente
1851 1300 2107 1371 praeditus

544 1424 666 1465 esse
702 1409 989 1472 videreris,
1031 1407 1099 1471 si,
1152 1405 1345 1459 relicto
1386 1398 1665 1470 prudentis
1693 1393 1941 1459 consilio,
1967 1389 2110 1460 judi-

2307 906 2523 1003 ιρρονεῖν
2575 925 2781 989 ἔδοξας,
2826 925 2874 975 εί
2914 922 3008 975 τὸν
3058 917 3419 989 συνετώτερον
3450 911 3666 984 παρεὶς,
3705 906 3799 978 τῷ

2212 1000 2573 1094 ἀμαθεστέρῳ
2604 1011 3119 1086 κατηκολούθησας;
3173 1007 3292 1061 οὑδὲ
3324 1006 3433 1076 γὰρ
3477 1006 3506 1056 ὁ
3553 1000 3801 1069 Ῥοϐοὰμ

2214 1090 2473 1185 ἐπῃνέθη,
2516 1110 2597 1161 ὅτι
2637 1106 2734 1177 τήν
2778 1101 2971 1174 βουλὴν
3000 1100 3109 1154 τῶν
3156 1095 3540 1169 πρεσϐυτέρων
3591 1090 3804 1160 ἀτιμά-

2216 1179 2335 1267 σας..
2365 1179 2465 1272 τὴν
2493 1199 2603 1252 τῶν
2629 1195 2907 1265 νεωτέρων
2939 1193 3155 1263 ἔστησε.
3190 1188 3324 1242 Θεοῦ
3355 1187 3413 1241 δὲ
3444 1186 3539 1239 καὶ
3577 1179 3801 1253 ὀινθριὶι⁴

2216 1311 2332 1348 πων
2355 1288 2776 1360 ἐξεταζομένων,
2816 1283 3176 1356 προτιμήσεις
3203 1278 3273 1333 τὰ
3305 1276 3413 1331 τῶν
3445 1272 3755 1346 ἀνθρώπων
3780 1285 3804 1334 ;

2220 1386 2296 1439 Οὑ
2330 1383 2392 1435 σύ
2422 1398 2509 1449 γε,
2543 1380 2609 1434 ἂν
2632 1377 2756 1448 ἐμοὶ
2784 1374 2968 1444 πείθῃ,
3002 1374 3098 1425 καὶ
3130 1372 3333 1443 φρονῇς
3364 1369 3605 1438 ἄμεινον.

545 1451 666 1465 ...ων
714 1451 989 1472 ....ν.ν..-,
1031 1451 1099 1471 ...,
1152 1451 1340 1459 ---.---
1387 1451 1570 1470 r--,-,
1605 1451 1609 1452 ν
1646 1451 1657 1453 ,
1929 1451 1983 1460 ,_

538 1504 681 1559 cium
728 1500 985 1572 imperiti
1010 1495 1352 1567 sequereris?
1393 1492 1578 1562 Neque
1600 1489 1741 1545 enim
1775 1486 2015 1540 Roboam
2072 1495 2137 1534 ex
2177 1491 2241 1532 eo
2278 1474 2489 1530 laudem
2534 1478 2616 1527 est
2662 1473 3004 1529 consecutus,
3034 1463 3194 1533 quod,
3223 1476 3320 1532 pro
3382 1457 3550 1513 nihilo
3607 1451 3804 1509 habita

539 1548 681 1559 νη...
1010 1548 1311 1567 --Ἵππη
1490 1548 1507 1562 ,

539 1614 728 1655 senum
770 1596 1056 1671 sententia,
1100 1593 1355 1660 juvenum
1399 1584 1640 1643 consiliis
1695 1580 1871 1652 paruit
1894 1579 1936 1631 ⁷.
1981 1575 2116 1631 Cum
2160 1580 2340 1626 autem
2387 1568 2530 1622 Deus
2572 1573 2627 1620 et
2669 1562 2913 1618 homines
2964 1559 3107 1615 inter
3171 1568 3233 1610 se
3290 1548 3807 1622 evpendantur,ju-

540 1693 676 1747 dicia
752 1662 1027 1746 hominum
1083 1686 1289 1755 potiora
1336 1685 1520 1749 duces,
1578 1695 1738 1751 quam
1778 1676 1913 1731 Dei?
1946 1673 2290 1742 Nequaquam
2330 1675 2475 1721 certe
2515 1662 2566 1717 id
2601 1660 2784 1722 facies,
2828 1658 2874 1713 si
2918 1670 3005 1711 me
3044 1653 3250 1716 audias,
3292 1660 3545 1717 recteque
3569 1645 3801 1700 sentias.

618 1788 743 1844 Vlll.
788 1788 878 1852 At,
902 1787 1097 1854 inquis,
1135 1793 1349 1838 tuarum
1402 1778 1848 1837 contumeliarum
1892 1787 1989 1828 nos
2029 1786 2120 1840 pu-

2296 1766 2379 1818 Ην,
2412 1761 2553 1815 Ἀλλ’
2586 1755 2953 1828 αἰσχυνόμεθά
2995 1770 3124 1815 σου,
3175 1747 3331 1818 φησὶ,
3376 1745 3495 1805 ταῖς
3546 1738 3801 1809 ὕϐρεσιν.

2673 1853 2679 1854 ⁷
2841 1849 2852 1854 ‘
2945 1846 2956 1854 ‘
3065 1843 3086 1854 ἰ
3194 1842 3255 1854 τ’·
3356 1838 3369 1854 \
3466 1834 3567 1854 ηε.-
3623 1826 3801 1854 1-11:1-

546 1886 656 1939 det.
709 1883 794 1937 Me
830 1895 957 1936 vero
998 1878 1189 1945 vestri,
1236 1891 1371 1945 quos
1415 1874 1483 1929 ob
1511 1885 1630 1927 eam
1676 1884 1788 1923 rem
1838 1866 2113 1935 pudescat.

542 1975 679 2029 Nam
740 1974 785 2028 si
856 1972 969 2027 haec
1022 1969 1165 2037 jusle
1213 1967 1473 2037 patimur,
1538 1962 1694 2017 nobis
1734 1958 1913 2029 potius
1965 1954 2118 2025 ipsis,

2222 1856 2368 1927 Ἐγὼ
2396 1856 2453 1909 δὲ
2487 1855 2637 1923 ὑμῖν,
2668 1826 2749 1905 εει
2799 1826 3142 1917 αἰσχύνεσθε.
3194 1842 3258 1894 Et
3314 1838 3411 1908 μὲν
3463 1834 3571 1904 γὰρ
3621 1826 3807 1927 ὀρθῶς

2221 1919 2394 2002 ταῦτα
2422 1919 2724 2015 πάσχομεν,
2762 1937 3075 2008 αἰσχυντέον
3108 1935 3241 2004 ἡμῖν
3274 1928 3491 2001 μᾶλλον,
3514 1924 3688 1994 ἢὺμῖν
3711 1919 3811 1987 ἐφ’

740 2017 785 2028 η.
856 2017 969 2027 ην.-
1022 2017 1163 2037 ,-_--
1397 2017 1417 2018 η
1460 2017 1471 2027 ,
1736 2017 1751 2029 _
1988 2017 2001 2025 _

549 2083 709 2137 quam
739 2063 890 2118 vobis
925 2071 1105 2117 nostra
1140 2074 1323 2126 causa,
1370 2053 1801 2112 erubescendum
1848 2057 1965 2113 est;
2014 2061 2119 2100 non

2239 2046 2351 2114 ᾖμῖν
2376 2060 2386 2071 °
2414 2042 2511 2109 οὑχ
2548 2040 2630 2092 ότι
2665 2036 2779 2108 (97)
2813 2030 3194 2104 ἁτιμαζόμεθα
3226 2024 3493 2099 μᾶλλον,ἢ
3517 2024 3598 2075 ὅτι
3630 2017 3809 2089 ἐσμὲν

2239 2134 2244 2137 μ
2368 2132 2378 2137 .
2472 2130 2529 2137 --
2694 2130 2705 2137 .
2736 2127 2776 2137 -.
2818 2125 2890 2137 ....
3090 2122 3115 2134 ..
3181 2120 3239 2137 ,ρ
3307 2117 3360 2137 ,,
3530 2113 3583 2137 _,
3607 2110 3775 2137 ,ωλ-

550 2136 675 2227 quia
701 2159 1111 2217 contemnimur,
1139 2152 1231 2206 sed
1248 2148 1375 2219 quia
1399 2152 1707 2213 contemptu
1747 2149 1799 2195 et
1828 2136 2120 2202 ignominia

551 2249 745 2317 dignos
805 2260 905 2301 nos
958 2243 1259 2313 pracbemus
1291 2254 1305 2293 :
1337 2239 1382 2294 si
1425 2245 1606 2292 autem
1660 2234 1868 2301 inique,
1918 2229 2124 2283 crimen

548 2353 744 2395 eorum
783 2346 887 2402 est,
927 2335 1019 2405 qui
1062 2329 1443 2388 contumeliam
1487 2325 1765 2388 inferunt;
1802 2337 1864 2378 ac
1898 2320 2127 2391 proinde

545 2426 763 2483 illorum
812 2424 1030 2493 potius,
1089 2436 1251 2491 quam
1302 2417 1478 2475 nostri
1528 2430 1692 2471 causa
1747 2411 2015 2482 indignari
2070 2418 2126 2465 et

550 2515 885 2574 stomachari
929 2512 1159 2577 debetis,
1205 2509 1460 2582 quoniam
1515 2506 1550 2561 ii
1602 2514 1748 2570 sunt,
1806 2504 2126 2572 quibuscum

554 2608 697 2663 male
730 2606 930 2675 agitur.
966 2602 1119 2670 Quod
1145 2601 1190 2656 si
1238 2614 1347 2665 me,
1388 2613 1508 2653 cum
1551 2595 1726 2651 malus
1766 2606 1963 2656 essem,
1998 2589 2132 2660 opti-

551 2714 700 2756 mum
763 2699 938 2752 virum
994 2694 1378 2758 existimares,
1444 2688 1573 2759 quid
1634 2686 1765 2741 mihi
1824 2683 2129 2739 faciendum

555 2788 741 2845 esset?
802 2784 1171 2856 lmprobiorne
1234 2791 1293 2837 ut
1348 2794 1525 2837 essem
1558 2818 1575 2843 ,
1627 2792 1736 2847 quo
1791 2774 1965 2843 magis
2035 2772 2131 2826 tibi

560 2881 877 2950 placerem?
915 2876 1342 2943 Haudquaquam
1374 2886 1504 2926 sane
1536 2870 1589 2924 id
1621 2867 1752 2923 mihi
1787 2863 2002 2921 consilii
2038 2862 2133 2917 de-

554 2967 780 3021 dissem.
816 2964 1013 3019 Eodem
1051 2961 1209 3016 modo
1249 2975 1346 3016 nec
1372 2959 1417 3015 si
1456 2973 1566 3022 me,
1606 2965 1753 3011 recte
1788 2963 1843 3010 et
1876 2969 1995 3009 cum
2025 2952 2134 3005 vir-

554 3065 675 3111 tute
718 3053 1080 3115 incedentem,
1118 3048 1393 3104 oll‘endere
1438 3061 1502 3101 ac
1548 3044 1660 3100 labi
1707 3053 1887 3116 putes,
1920 3039 2130 3112 ³641

2224 2110 2449 2204 ἀτιμίας
2466 2130 2603 2194 ἄξιοι
2624 2145 2638 2160 ·
2660 2130 2707 2180 εί
2731 2127 2787 2179 δὲ
2806 2125 3025 2187 ἀδίκως,
3048 2122 3155 2176 τῶν
3175 2117 3502 2190 ὑϐριζόντων
3528 2113 3588 2166 τὸ
3605 2110 3811 2180 ἐγκλη-

2228 2242 2325 2296 μα,
2356 2225 2451 2277 καὶ⁹
2497 2222 2639 2292 ὑπὲρ
2688 2219 2911 2271 ἐκείνων
2944 2214 3228 2287 μᾶλλον,ἢ
3278 2210 3417 2282 ὑπὲρ
3462 2205 3621 2277 ἡμῶν
3665 2204 3812 2271 ἀγα-

2224 2293 2519 2386 νακτητέον
2536 2330 2549 2342 ·
2581 2313 2781 2364 ἐκεῖνοι
2803 2308 2910 2379 γὰρ
2935 2309 2982 2360 oi
3009 2305 3194 2367 κακῶς
3219 2302 3533 2370 πάσχοντες.
3565 2295 3628 2348 Ei
3648 2293 3704 2345 δέ
3730 2309 3811 2363 με

2226 2406 2353 2460 ὄντα
2399 2404 2588 2471 κακὸν,
2646 2402 2865 2472 ἄριστον
2921 2396 3301 2467 ὑπελάμϐανες
3330 2433 3346 2458 ,
3397 2392 3450 2445 τί
3509 2405 3575 2460 με
3627 2388 3814 2440 ποιεῖν

2228 2498 2432 2569 ἐχρῆν;
2465 2492 2621 2550 Εἶναι
2657 2494 2857 2566 μᾶλλον
2902 2490 3092 2554 κακὸν,
3124 2489 3211 2542 ἵνα
3238 2485 3401 2540 πλέον
3431 2482 3649 2555 ἀρέσκω
3684 2478 3809 2543 soi;

2232 2591 2347 2644 Οὐκ
2366 2589 2431 2643 ἂν
2454 2587 2613 2641 τοῦτο
2651 2583 2874 2657 ἐμαυτῷ
2922 2577 3337 2637 συνεϐούλευσα.
3366 2574 3552 2637 Οῦτως
3578 2570 3721 2632 οὐδὲ,
3755 2570 3813 2621 εἰ

2229 2678 2599 2751 κατορθοῦντα
2632 2695 2697 2749 με
2731 2675 2947 2729 πταίειν
2974 2669 3376 2740 ὑπολαμϐάνεις
3391 2664 3525 2735 (98),
3554 2660 3650 2716 τοῦ
3677 2678 3815 2714 κατ--

2239 2771 2431 2843 ορθοῦν
2494 2770 2582 2823 διὰ
2625 2770 2684 2821 σὲ
2736 2765 3113 2838 μεταϐήσομαι
3151 2760 3289 2834 (99).
3332 2758 3418 2810 Ζῶ
3458 2755 3588 2825 γὰρ,
3633 2753 3695 2807 οὑ
3725 2751 3816 2804 σοὶ

2237 2860 2434 2933 μᾶλλον
2476 2860 2511 2930 ἢ
2559 2856 2780 2928 ἐμαυτῷ
2804 2873 2818 2887 ³
2854 2856 2949 2909 καὶ
2996 2851 3298 2924 σύμϐουλον
3348 2848 3456 2918 έχω
3502 2845 3631 2915 περ)⁸
3673 2844 3818 2897 πάν-

2232 2970 2340 3007 των
2389 2952 2481 3004 τὸν
2532 2950 2710 3018 λόγον,
2753 2946 2948 3001 καὶτὰ
2978 2944 3073 2998 τοῦ
3117 2940 3255 2996 Θεοῦ
3302 2936 3683 3008 δικαιώματα,
3718 2934 3816 3002 ὑφ’

2233 3038 2307 3102 ὧν
2343 3043 2635 3112 ἁλίσκομαι
2679 3042 2775 3112 μὲν
2809 3039 3088 3102 πολλάκις,
3113 3034 3327 3097 οὐδενὸς
3358 3028 3814 3103 κατηγοροῦντος

562 3156 714 3203 recta
764 3143 984 3201 vivendi
1042 3141 1254 3196 ratione
1304 3147 1529 3210 propter
1587 3147 1640 3192 te
1695 3137 1973 3191 desistam.
2021 3133 2129 3187 Nec

2239 3140 2467 3209 ἀφίεμαι
2497 3137 2574 3202 δὲ,
2617 3135 2825 3190 πολλῶν
2871 3133 3328 3204 κατακρινόντων.
3377 3130 3487 3183 Καὶ
3531 3125 3686 3180 τοῦτο
3718 3122 3821 3194 μό·-

560 3237 705 3293 enim
744 3233 839 3289 tibi
885 3232 1077 3301 magis,
1126 3244 1286 3300 quam
1337 3226 1470 3283 mihi
1524 3225 1624 3295 ipsi
1662 3225 1796 3308 'vivo
1828 3243 1842 3278 :
1881 3231 2043 3291 atque
2075 3221 2129 3275 in

2239 3246 2328 3282 vov
2359 3220 2459 3280 οὑκ
2494 3227 2609 3279 ἐστι
2641 3225 2943 3293 διαφυγεῖν,
2968 3224 3029 3276 τὸ
3060 3222 3211 3276 ἔνδον
3241 3221 3337 3274 καὶ
3366 3222 3422 3272 ἐν
3463 3220 3593 3289 ἡμῖν
3631 3216 3821 3279 αὑτοῖς

558 3325 809 3383 omnibus
850 3322 1012 3377 rebus
1058 3317 1355 3375 consiliarii
1407 3316 1548 3380 loco,
1603 3314 1865 3369 rationem
1902 3312 2129 3382 iDeique

2239 3321 2611 3391 δικαστήριον,
2634 3319 2770 3390 πρὸς
2786 3319 2813 3371 ὃ
2831 3317 3129 3387 βλέποντας
3153 3316 3333 3386 μόνον,
3351 3313 3450 3383 τὴν
3473 3311 3683 3363 εὐθεῖαν
3698 3308 3822 3362 ὁδὸν

562 3416 981 3489 iustiﬁcationes
1023 3412 1215 3479 habeo,
1262 3425 1292 3463 a
1326 3408 1525 3479 quibus
1574 3405 1914 3478 plerumque,
1967 3404 2129 3461 etiam

2243 3412 2402 3466 ίτέον.
2433 3412 2505 3465 Τὸ
2527 3412 2702 3465 δοκεῖν
2728 3410 2805 3473 δὲ,
2836 3409 2901 3462 ἂν
2933 3409 3030 3479 μὲν
3062 3407 3282 3478 ὑπάρχῃ
3300 3399 3717 3485 (υνδεξόμεθα,
3744 3398 3820 3453 ἶν’

560 3508 707 3565 nullo
752 3517 1066 3570 accusante,
1120 3502 1444 3565 convincor;
1493 3507 1547 3553 et
1592 3512 1827 3564 rursum,
1877 3498 2129 3552 condem-

2241 3502 2382 3557 εἴπω
2412 3521 2465 3556 τι
2510 3503 2605 3555 καὶ
2638 3499 2979 3571 ἀνθρώπινον
3004 3515 3018 3529 °
3049 3497 3115 3553 ἂν
3152 3498 3208 3550 δὲ
3242 3495 3560 3564 ἀντιπίπτῃ,
3606 3480 3825 3563 χαίρειν

560 3601 818 3658 nantibus
858 3598 1060 3660 multis,
1108 3594 1385 3650 absolvor.
1414 3595 1592 3660 Atque
1623 3591 1730 3645 hoc
1758 3604 1920 3644 unum
1960 3589 2129 3643 trihu~

2243 3594 2478 3664 ἐάσομεν
2504 3593 2606 3664 t2),
2642 3592 2738 3647 καὶ
2767 3590 2917 3644 οὐδὲν
2942 3589 3037 3642 τοῦ
3069 3583 3209 3642 εἶναι
3243 3587 3332 3641 διὰ
3356 3586 3418 3640 τὸ
3456 3586 3634 3639 δοκεῖν
3654 3583 3827 3637 ἀφαι-

563 3694 654 3750 nal
692 3706 849 3747 nemo
885 3688 1123 3759 eﬂugere
1155 3694 1348 3756 potest,
1402 3683 1679 3738 internum
1728 3695 1922 3752 nempe
1976 3689 2140 3751 atque
2251 3687 2508 3758 ρήσομεν,

560 3789 618 3843 ἱη
664 3788 818 3843 nobis
857 3786 1041 3850 situm,
1082 3783 1241 3851 idque
1280 3780 1454 3835 solum
1523 3780 1594 3834 ob
1655 3776 1842 3833 oculos
1883 3778 2214 3848 propositum
2243 3780 2554 3847 ,habentes,
2584 3790 2797 3836 rectum
2845 3781 2969 3837 vitae
3000 3779 3103 3835 iter
3132 3785 3317 3832 tenere
3350 3773 3625 3831 debemus.
3667 3768 3825 3836 Quod

567 3887 748 3933 autem
817 3877 884 3932 ad
942 3875 1223 3931 hominum
1264 3877 1330 3932 de
1376 3875 1533 3931 nobis
1585 3873 2041 3930 existimationem
2093 3878 2310 3941 attinet,
2357 3877 2432 3931 ita
2480 3877 2660 3931 animo
2699 3875 2998 3943 comparati
3043 3887 3253 3937 sumus,
3288 3881 3367 3937 ut,
3432 3868 3695 3937 siquidem
3756 3879 3828 3919 ea

565 3974 861 4043 contingat,
909 3986 1016 4026 non
1076 3970 1342 4025 illibenter
1405 3970 1680 4039 accepturi
1741 3967 1934 4035 simus,
1988 3975 2047 4022 ut
2087 3968 2519 4025 buinanietiam
2580 3969 2781 4039 aliquid
2835 3969 3042 4031 dicam;
3111 3964 3195 4020 sin
3260 3970 3441 4016 autem
3482 3960 3536 4012 in
3598 3963 3726 4011 cont
3758 3970 3825 4008 a-

567 4067 710 4123 rium
739 4067 919 4132 cadat,
950 4064 1131 4120 valere
1173 4063 1497 4134 iubehimus,
1532 4079 1631 4120 nec
1653 4064 1947 4134 quidquam
1989 4065 2054 4119 de
2094 4065 2172 4121 rei
2206 4065 2433 4120 veritate
2456 4073 2673 4135 propter
2699 4063 2971 4118 hominum
3007 4060 3311 4130 opinionem
3345 4053 3707 4109 detrahemus.

642 4162 716 4218 1X
773 4162 866 4218 Sic
897 4163 1038 4219 enim
1069 4172 1436 4232 comparatum
1466 4170 1550 4217 est
1574 4179 1588 4218 :
1612 4161 1705 4231 qui
1740 4159 2023 4215 honestum
2049 4159 2129 4214 ali-

2321 4160 2398 4213 Θ’.
2444 4161 2554 4215 Καὶ
2606 4160 2707 4231 γὰρ
2744 4158 2916 4221 οὕτως
2951 4156 3101 4227 ἔχει·
3141 4154 3169 4205 ὁ
3209 4151 3308 4222 μέν
3363 4164 3507 4210 τινος
3549 4146 3736 4198 ἕνεκεν
3766 4141 3832 4195 τὸ

567 4255 723 4327 cuius
762 4270 925 4310 causa
974 4254 1214 4309 studiose
1269 4263 1526 4319 sectatur,
1579 4253 1626 4309 is
1674 4250 1919 4322 profecto
1965 4252 2147 4308 neuti-

568 4363 730 4420 quam
783 4346 966 4402 ﬁrmas
1002 4348 1055 4401 in
1095 4346 1299 4400 virtute
1344 4344 1557 4400 radices
1596 4342 1723 4414 egit.
1783 4340 1956 4396 Simul
2002 4342 2145 4397 enim

568 4446 730 4509 atque
763 4451 851 4493 res
879 4452 942 4492 ea
1001 4435 1291 4502 efﬂuxerit,
1331 4434 1467 4490 recti
1517 4449 1731 4505 quoque
1772 4435 2006 4490 studium
2053 4435 2149 4491 de-

566 4540 761 4601 ponet;
814 4528 1268 4600 quemadmodum
1297 4527 1387 4599 qui
1423 4536 1663 4597 quaestus
1698 4541 1864 4582 causa
1909 4527 2147 4597 navigat,

568 4622 673 4677 nisi
714 4621 922 4677 lucrum
973 4630 1173 4689 praesto
1222 4619 1312 4683 sit,
1357 4619 1614 4688 navigare
1662 4619 1910 4674 desistet.
1953 4618 2025 4673 At
2058 4617 2151 4688 qui

569 4711 771 4767 bonum
805 4711 978 4781 ipsum
1014 4722 1234 4779 propter
1274 4724 1332 4764 se
1359 4709 1486 4763 colit
1512 4717 1568 4762 et
1606 4708 1964 4777 amplectitur,
2014 4722 2151 4776 quo-

572 4802 715 4855 niam
761 4814 872 4853 rem
905 4800 1064 4852 lixam
1092 4808 1145 4853 et
1172 4796 1417 4852 stabilem
1471 4804 1638 4860 amat,
1684 4805 1885 4850 certam
1937 4810 2152 4866 quoque

571 4900 627 4946 et
665 4896 1002 4944 constantem
1028 4900 1147 4955 erga
1201 4885 1328 4938 illud
1365 4882 1529 4938 animi
1574 4882 1911 4939 alacritatem
1956 4884 2148 4950 habet;

572 4986 709 5039 adeo
736 4993 793 5036 ut
836 4981 1074 5036 divinum
1119 4980 1319 5047 aliquid
1374 4981 1628 5046 sentiens,
1666 4980 1750 5035 his
1802 4995 2014 5050 quoque
2060 4982 2152 5035 Dei

571 5074 754 5130 verbis
790 5072 864 5127 uti
916 5072 1083 5140 possit
1119 5087 1133 5124 :
1184 5073 1297 5137 Ego
1350 5070 1485 5123 idem
1512 5086 1649 5135 sum,
1677 5078 1724 5124 et
1762 5087 1864 5124 non
1911 5082 2085 5124 mutor
2108 5072 2150 5126 ⁸.

573 5163 931 5231 Quamobrem
963 5175 1061 5216 nec
1098 5160 1165 5214 ab
1192 5160 1374 5214 animo
1398 5174 1497 5214 suo
1523 5158 1795 5228 migrabit,
1822 5172 1920 5213 nec
1949 5158 2145 5212 immu-

575 5257 779 5313 tabitur
818 5263 981 5323 atque
1018 5266 1049 5307 a
1082 5267 1140 5309 se
1169 5250 1453 5318 desciscet,
1494 5264 1594 5307 nec
1633 5265 1754 5306 cum
1814 5250 2145 5320 temporibus

646 5394 667 5425 ⁶
700 5391 877 5464 lReg.
922 5389 1108 5457 “1,7.
1184 5388 1205 5421 ν
1235 5385 1301 5443 Ill
1328 5388 1460 5458 Reg.
1486 5402 1586 5454 xu,
1614 5386 1647 5443 8
1680 5401 1831 5458 seqq.

643 5512 757 5584 (96)
808 5511 862 5564 '0
913 5509 983 5564 δὲ
1041 5509 1207 5574 Θεός.
1260 5504 1378 5561 Duo
1438 5502 1606 5574 Regg.
1660 5512 1715 5560 et
1769 5501 1863 5559 0r.
1909 5502 1967 5571 1,
2021 5501 2155 5568 Θεὸς

635 5621 758 5734 ’(97)
802 5652 924 5734 οὐχ
965 5644 1589 5734 51L.C0mb.,‘¢l{)8’31t.
1638 5662 1659 5697 ι
1707 5640 1824 5699 Νοη
1869 5649 1978 5699 tam
2024 5643 2150 5715 quia

576 5725 1416 5789 contemnimur,quam,iet_c.
1514 5786 1523 5789 Α
1663 5784 1676 5789 _
1760 5784 1773 5789 Α
1883 5783 1936 5789 Δ,
2075 5770 2083 5776 .

653 5783 765 5855 (98-)
813 5783 1300 5857 'Txolaito’drstc.
1342 5787 1476 5858 Reg.
1510 5786 1621 5856 bm,
1656 5783 2065 5857 ὑπολαμϐάνῃς.

571 5582 630 5638 δέ

2255 4254 2420 4308 καλὸν
2446 4251 2803 4323 ἐπιτηδεύων,
2836 4251 2897 4303 οὑ
2934 4248 3150 4319 βέϐαιος
3179 4247 3258 4307 είς
3291 4242 3511 4313 ἀρετήν.
3558 4234 3726 4306 Ὁμοῦ
3768 4252 3829 4288 τε

2255 4346 2366 4417 γὰρ
2415 4343 2696 4418 παρῆλθεν
2753 4344 2948 4406 ἐκεῖνο,
3012 4340 3108 4394 καὶ
3162 4335 3257 4390 τοῦ
3304 4331 3469 4387 καλοῦ
3529 4330 3829 4401 στήσεται·

2256 4437 2445 4508 ὥσπερ
2477 4437 2506 4489 ὁ
2549 4435 2773 4506 κέρδους
2811 4433 2997 4487 ἕνεκεν
3029 4429 3241 4490 πλέων,
3282 4423 3375 4478 τοῦ
3419 4422 3594 4485 πλεῖν,
3641 4420 3710 4473 ἂν
3756 4417 3834 4488 μὴ

2257 4530 2406 4599 παρῇ
2449 4527 2507 4581 τὺ
2536 4526 2857 4598 κερδαίνειν.
2903 4523 2963 4577 Ὀ
2994 4523 3049 4575 δὲ
3082 4519 3211 4573 αὑτὸ
3255 4517 3321 4570 δι’
3367 4513 3527 4568 ἐαυτδ
3566 4510 3742 4582 τιμῶν
3773 4526 3832 4563 τε

2257 4616 2353 4671 καὶ
2382 4615 2679 4691 περιέπων,
2710 4612 2897 4684 ἐπειδὴ
2922 4610 3017 4664 τοῦ
3048 4608 3278 4670 ἑστῶτος
3308 4607 3430 4677 ἐρᾷ,
3453 4604 3695 4657 ἑστῶσαν
3717 4601 3834 4669 ἔχει

2259 4708 2353 4761 καὶ
2374 4705 2471 4777 τὴν
2501 4706 2630 4777 περὶ
2661 4704 2792 4758 αὑτὸ
2819 4701 3123 4774 προθυμίαν
3143 4715 3155 4728 ⁸
3181 4697 3320 4751 ὥστε
3350 4694 3491 4747 θεῖόν
3512 4710 3565 4747 τι
3586 4691 3831 4760 πάσχων,

2258 4799 2353 4852 καὶ
2387 4798 2449 4850 τὸ
2472 4796 2567 4850 τοῦ
2599 4796 2733 4849 Θεοῦ
2761 4793 3018 4849 δύνασθαι
3046 4792 3225 4860 λέγειν
3245 4803 3259 4820 ο
3315 4784 3461 4856 Ἐγὼ
3503 4783 3603 4847 δὲ,
3654 4784 3688 4835 ό
3726 4781 3805 4835 αὐ

2259 4891 2362 4952 τός
2383 4891 2523 4957 εἰμι.
2559 4889 2656 4942 καὶ
2692 4888 2801 4941 οὐκ
2845 4886 3195 4953 ἠλλοίωμαι.
3232 4877 3439 4932 Οῦκουν
3472 4872 3837 4946 μεταποιηθή-

2261 4999 2432 5049 σεται,
2450 4982 2571 5035 οὑδέ
2603 4981 3047 5053 μετατεθήσεται,
3078 4975 3198 5029 οὑδὲ
3228 4970 3729 5043 συμμεταπεσεῖται
3756 4966 3836 5036 (ᾖ)

2260 5075 2371 5137 τοῖς
2402 5076 2613 5145 καιροῖς
2644 5073 2739 5127 καὶ
2780 5074 2891 5135 τοῖς
2922 5071 3261 5142 πράγμασιν,
3288 5063 3475 5118 ἄλλοτε
3501 5059 3657 5122 ἄλλος
3687 5058 3809 5126 γινό

2254 5178 2430 5231 μενος,
2462 5161 2558 5214 καὶ
2595 5160 2793 5223 πολλὰς
2825 5159 3254 5230 μεταλαμϐάνων
3288 5155 3488 5229 χρόας,
3525 5152 3712 5221 ὥσπερ
3739 5149 3838 5212 τὰς

2253 5253 2361 5307 τῶν
2397 5252 2613 5325 πετρῶν
2642 5254 2692 5305 oi
2729 5250 3049 5318 πολύποδες,
3083 5245 3169 5313 αἷς
3203 5250 3268 5304 ἂν
3300 5247 3637 5318 ὁμιλήσωσιο
3684 5243 3838 5312 μενεί

1911 5387 1933 5419 ⁸
1959 5385 2188 5444 Malach.
2221 5404 2302 5456 Ill,
2327 5388 2379 5444 0.

2332 5503 2446 5577 (99)
2482 5499 2946 5577 ζῑιεταθὴσομιιι.Δ
2985 5500 3075 5555 Sic
3129 5507 3239 5555 tres
3286 5496 3478 5569 Regg.,
3544 5492 3640 5551 Or.
3696 5492 3725 5548 ι
3785 5499 3840 5549 et

2259 5570 2450 5632 Coinb'.
2480 5574 2535 5628 In
2572 5574 2684 5643 ed.,
2711 5570 3147 5643 μετασθήσομαι.

2355 5645 2406 5712 1)
2451 5638 2730 5712 Ὑπάρχῃζ
2771 5638 2986 5712 Qomb.,
3015 5638 3250 5712 ὑπᾴρξῃ.

2355 5652 2377 5698 1
2451 5652 2730 5712 Ὑπαρχῃ.
2771 5652 2986 5704 homo"
3015 5652 3127 5693 ῠπα
3167 5652 3250 5710 ξη.

2328 5652 2409 5854 ίίὶξ
2446 5712 2759 5783 Ἐάσομεν.
2784 5710 2921 5791 ἣδε.
2955 5712 3067 5769 bu),
3098 5657 3365 5780 egompsv.

2331 5785 2387 5854 (ὅ
2433 5781 2994 5854 Συμμεταπεσεῖται.
3023 5778 3159 5853 Reg.
3182 5780 3292 5848 bm,
3329 5796 3365 5832 σ

2331 5773 2409 5858 (ὅ)
2433 5773 2994 5856 Συμμέταπεσῖεῗται.
3023 5778 3159 5853 Reg.
3182 5773 3292 5848 bni,
3329 5773 3707 5850 συμπεσεῖται.
