4010 6316
228 210 325 266 277

1231 211 1490 269 ORATIO
1532 211 1770 267 XXXVI.
1809 246 1871 255 ι-
1921 213 2007 269 DE
2047 213 2305 284 SEIPSO,
2350 215 2500 273 ETC.

3384 219 3494 280 278

224 328 275 382 δὲ
301 328 327 377 ό
361 325 526 389 αὐτὸς
562 327 683 392 ἀεὶ,
721 326 909 396 πάγιος
945 327 1002 380 ὲν
1040 326 1099 381 ού
1129 328 1425 400 πεπηγόσι,
1457 330 1550 383 καὶ
1575 332 1631 383 ἐν
1657 346 1814 399 etpa-

1926 348 1983 388 ae
2010 335 2168 390 rebus
2195 334 2510 399 collabetur,
2546 334 2677 390 alias
2707 334 2841 392 alios
2891 348 3070 392 mores
3133 336 3375 404 induens,
3424 356 3490 399 ac

224 417 473 489 ᾳομένοις
508 418 826 489 ἄστροφος·
859 419 1034 489 πέτρα
1065 436 1169 483 τις,
1200 415 1375 490 οἶμαι,
1407 421 1542 491 πρὸς
1580 421 1815 490 ἐμϐολὰς

222 514 432 581 ανέμων
466 528 528 563 τε
568 512 673 564 καὶ
714 512 993 581 κυμάτων,
1028 509 1153 565 οὔτε
1184 511 1571 582 τινασσομένη,
1606 512 1697 565 καὶ
1721 512 1814 564 δα-

219 604 440 657 πανῶσα
470 604 613 675 περὶ
659 605 861 674 ἑαυτὴν
893 602 964 657 τὰ
1010 604 1448 674 προσπίπτοντα.
1499 604 1685 658 Ταῦτα
1716 604 1815 674 μὲν

218 700 293 761 είς
314 694 579 751 τοσοῦτον
602 713 618 729 ο
653 696 777 751 οὐδὲ
801 696 910 767 γάρ
943 712 1033 767 μοι
1058 695 1222 767 σχολὴ
1251 698 1369 760 ταῖς
1394 696 1668 765 γλώσσαις
1706 698 1810 768 μά-

218 788 421 857 χεσθαι,
465 788 566 840 καὶ
600 787 781 842 ταῦτα
820 788 897 857 (4)
940 789 1070 852 ἴσως
1106 788 1275 841 πλείω
1306 786 1401 841 τοῦ
1434 787 1669 851 δέοντος.

1920 441 2087 482 novos
2119 427 2347 483 subinde
2369 428 2579 483 colores
2624 442 2929 494 assumens,
2968 442 3071 484 non
3097 444 3252 485 secus
3283 446 3346 487 ac
3390 448 3489 502 po-

1918 516 2051 587 lypi,
2082 526 2380 587 petrarum,
2406 520 2471 572 ad
2512 533 2648 588 quas
2698 518 3050 586 accesserint,
3094 521 3304 577 colores
3350 523 3482 578 refe.

1922 618 2085 663 runt:
2120 623 2305 664 verum
2336 608 2477 664 idem
2527 614 2738 678 semper
2770 609 2962 679 suique
2986 611 3176 668 similis
3203 627 3494 682 permane-

1916 698 2015 764 bit,
2060 700 2195 755 fixus
2252 700 2308 756 in
2344 702 2504 756 rebus
2551 701 2772 755 minime
2812 701 2955 767 fixis,
3002 703 3257 761 immotus
3315 706 3368 761 in
3405 708 3491 760 in-

1919 788 2085 843 certis
2114 797 2167 844 et
2218 787 2620 855 ﬂuctuantibus,
2659 803 2764 843 non
2806 787 2983 854 aliter,
3020 792 3233 861 opinor,
3287 807 3350 849 ac
3399 810 3491 848 ru-

220 901 327 953 pes,
360 900 485 953 qua:
526 895 820 939 ventorum
849 885 1215 952 lluctuurnque
1253 883 1456 952 impetu
1490 898 1594 936 non
1650 882 1811 937 modo
1848 894 1954 936 non
1984 882 2310 948 concutitur,
2340 883 2433 938 sed
2475 884 2639 937 etiam
2719 884 3057 944 incursante$
3124 893 3295 948 undas
3344 893 3489 949 circa

215 995 270 1033 se
308 979 516 1048 frangit
547 988 724 1047 atque
752 980 1007 1035 absumit.
1046 979 1241 1034 Verum
1284 978 1352 1033 de
1386 978 1471 1032 bis
1507 978 1810 1032 hactenus:
1851 991 1950 1033 nec
2012 977 2155 1033 enim
2200 977 2331 1033 mihi
2381 987 2540 1033 vacat
2586 996 2706 1036 cum
2777 981 2973 1052 linguis
3009 1000 3277 1057 pugnare;
3330 997 3491 1061 atque

215 1072 371 1126 etiam
451 1068 703 1124 fortasse
774 1068 926 1137 plura
1009 1069 1264 1134 diximus,
1320 1083 1481 1136 quam
1560 1067 1892 1123 conveniret.

279 1163 336 1213 ιν.
376 1161 525 1231 Ἤδη
574 1161 641 1214 δέ
684 1179 775 1232 μοι
813 1160 950 1231 πρὸς
983 1161 1125 1231 ὑμᾶς
1151 1161 1180 1213 ό
1205 1160 1385 1227 λόγος,
1428 1159 1488 1212 τὺ
1529 1158 1661 1230 ἐμὸν
1694 1157 1813 1210 ποί-

1992 1157 2056 1211 Χ.
2089 1157 2207 1215 Jam
2247 1160 2313 1215 ad
2342 1176 2461 1227 vos,
2496 1178 2529 1218 o
2564 1164 2634 1219 mi
2685 1182 2834 1237 grex,
2887 1184 2944 1223 se
2994 1174 3256 1228 convertit
3294 1180 3488 1234 oratio.

219 1268 385 1323 μνιον.
455 1250 674 1319 ’Υμεῖς
705 1250 955 1321 γένεσθέ
984 1250 1060 1321 (5)
1088 1267 1212 1320 μοι,
1268 1250 1433 1320 φησὶν
1506 1251 1535 1303 ό
1578 1248 1811 1313 Παῦλος,

1931 1247 2032 1305 Vos
2066 1259 2249 1315 estote,
2290 1254 2740 1320 quemadmodum
2777 1261 2852 1313 ait
2880 1258 3095 1328 Paulus,
3139 1264 3306 1333 gloria
3356 1284 3490 1335 mea,

215 1341 393 1408 δόξα,
464 1342 574 1395 καὶ
634 1343 821 1411 χαρὰ,
890 1342 988 1395 καὶ
1060 1338 1413 1409 καυχήσεως
1475 1339 1806 1409 στέφανοςο

1926 1350 1966 1395 et
2004 1343 2277 1412 gaudium,
2311 1354 2357 1397 et
2393 1344 2578 1413 gloriae
2630 1365 2822 1403 corona
2855 1351 2874 1382 '
2906 1371 2919 1405 :
2957 1367 3050 1409 vos
3101 1364 3273 1410 estote
3308 1356 3491 1414 defen-

218 1434 368 1504 ῦμεῖς
414 1433 706 1502 ἀπολογία
754 1437 864 1497 τοῖς
907 1434 1007 1505 ἐμὲ
1050 1433 1462 1507 ἀνακρίνουσιν·
1500 1432 1588 1498 ἵν’,
1626 1430 1815 1503 ὥσπερ

1926 1432 1996 1486 sio
2022 1447 2139 1486 mea
2180 1434 2317 1502 apud
2364 1449 2457 1489 eos
2509 1438 2601 1505 qui
2642 1454 2727 1494 me
2769 1440 3012 1509 judicant
3054 1463 3067 1498 :
3109 1454 3186 1511 ut,
3226 1450 3497 1515 quemad_

216 1528 323 1588 τοῖς
360 1528 721 1589 τεκτονικοῖς
761 1526 836 1595 (6)
871 1525 903 1595 ἢ
935 1527 1227 1597 γραφικοῖς
1269 1524 1692 1594 ἀπαιτουμένοις
1723 1523 1811 1577 λό-

217 1632 329 1683 γον,
356 1614 599 1685 ἐξαρκεῖ
624 1614 834 1679 δείξασι
872 1602 933 1669 τὸ
966 1615 1293 1686 τεκτονηθὲν
1326 1616 1359 1687 ἢ
1386 1615 1596 1686 γραφὲν
1634 1614 1814 1686 ἀπηλ-

218 1706 407 1776 λάχθαι
438 1706 802 1778 πραγμάτων
830 1706 1022 1778 (ἔργον
1054 1706 1163 1778 γὰρ
1195 1706 1375 1775 λόγου,
1426 1707 1590 1777 φησὶν
1610 1747 1623 1771 ,
1664 1705 1813 1775 ἰσχυ-

221 1798 486 1869 ρότερον),
511 1798 698 1863 οὕτως
731 1800 806 1869 (7)
838 1799 933 1853 καὶ
960 1798 1120 1861 αὐτὸς
1143 1799 1288 1868 ὑμᾶς
1316 1796 1609 1863 ἐπιδείξας,
1639 1797 1814 1866 ὑπερ-

217 1890 320 1953 έξω
355 1891 435 1960 (8)
465 1891 576 1955 τὰς
619 1891 909 1962 λοιδορίας.
958 1889 1237 1961 ’Υπερέξω
1286 1889 1343 1943 δὲ
1392 1887 1544 1952 πῶς;
1594 1884 1814 1960 Πρῶτον

221 1980 338 2050 μὲν,
372 1983 474 2034 ἐὰν
496 1984 607 2052 τὴν
631 1985 711 2045 εἰς
734 1984 974 2052 Πατέρα,
1008 1983 1103 2035 καὶ
1127 1981 1274 2043 Υἰὸν,
1299 1980 1393 2034 καὶ
1417 1979 1570 2047 ἆγιον
1594 1977 1818 2047 Πνεῦμα

220 2072 518 2142 ὁμολογίαν
549 2074 752 2144 ἀκλινῆ
784 2075 879 2128 καὶ
915 2073 988 2145 (9)
1026 2072 1249 2145 βεϐαίαν
1283 2070 1610 2141 φυλάττητε,
1650 2068 1816 2140 μηδὲν

221 2164 644 2233 προστιθέντες,
678 2166 813 2236 μηδὲ
852 2165 1232 2236 ἀφαιροῦντες,
1263 2162 1399 2234 μηδὲ
1430 2160 1817 2232 σμικρύνοντες

221 2253 317 2323 τῆς
362 2257 497 2324 μιᾶς
540 2256 812 2325 Θεότητος
847 2256 942 2327 (τὸ
973 2271 1082 2327 γαρ
1120 2253 1443 2314 ἐλαττωθὲν,
1483 2250 1578 2306 τοῦ
1618 2250 1818 2314 παντός

222 2346 368 2399 ἐστιν
405 2348 718 2411 ἐλάττωσις
761 2348 778 2419 )
807 2365 821 2379 ·
856 2349 983 2409 τοὺς
1034 2347 1091 2399 δὲ
1123 2345 1250 2400 ἄλλο
1297 2362 1351 2399 τι
1382 2343 1746 2415 φρονοῦντας,
1782 2342 1816 2411 ἢ

226 2436 502 2506 λέγοντας,
604 2440 821 2508 φύσεων
854 2439 1072 2510 μέτροις
1106 2439 1166 2491 τὸ
1192 2436 1249 2489 ἓν
1281 2435 1618 2499 διαλύοντας,
1647 2435 1680 2505 ἢ
1706 2435 1820 2487 διας

225 2531 588 2600 τειχίζοντας,
623 2532 698 2596 ὡς
722 2532 901 2603 λύμην
930 2532 1029 2601 τῆς
1072 2528 1419 2600 Ἐκκλησίας,
1443 2528 1538 2581 καὶ
1565 2528 1663 2597 τῆς
1689 2525 1819 2596 ἀληο

231 2619 376 2684 θείας
406 2620 511 2685 ἰὸν,
550 2620 993 2691 ἁποπέμποισθε,
1024 2619 1099 2691 μὴ
1128 2619 1434 2690 μισοῦντες,
1463 2616 1575 2671 ἀλλ’
1607 2614 1819 2669 ἐλεοῦν-

1914 1523 2132 1578 modum
2178 1525 2263 1589 iis,
2300 1525 2389 1596 qui
2426 1526 2725 1585 fabricandi
2752 1542 2844 1585 aut
2872 1532 3124 1602 pingendi
3152 1546 3323 1591 artem
3362 1552 3490 1606 pro-

1914 1614 2155 1682 fitentur,
2211 1631 2334 1671 eum
2376 1618 2511 1674 artis
2548 1624 2810 1679 rationem
2865 1636 3251 1694 exposcuntur,
3306 1629 3496 1685 fabrile

1915 1714 2006 1759 aut
2048 1705 2335 1776 pictorium
2384 1723 2519 1778 opus
2578 1716 2864 1768 ostendere
2920 1716 3129 1783 suflicit,
3175 1726 3231 1771 ut
3285 1719 3495 1788 negotio

1916 1798 2061 1853 omni
2084 1811 2149 1851 ac
2176 1796 2419 1855 molestia
2451 1799 2750 1857 liberentur
2771 1803 2926 1875 (opus
2941 1807 3106 1875 enim,
3128 1809 3302 1879 inquit
3327 1810 3495 1865 ille”.

1915 1904 2167 1945 sermone
2193 1890 2386 1946 fortius
2424 1894 2558 1963 est),
2604 1895 2683 1949 sic
2718 1895 2829 1965 ipse
2866 1912 3099 1967 quoque,
3140 1902 3289 1956 vobis
3332 1902 3496 1975 αδ

1917 1981 1969 2033 in
2003 1981 2233 2035 medium
2286 1983 2581 2051 productis,
2629 1984 3050 2044 obtrectatorum
3103 2006 3345 2046 meorum
3382 2009 3498 2047 ma-

1916 2071 2110 2127 ledicta
2168 2089 2438 2142 superem.
2499 2079 2780 2143 Quomodo
2833 2089 3013 2135 autem
3057 2096 3119 2137 ea
3190 2085 3499 2153 superabo?

1917 2163 2179 2231 Primum,
2211 2166 2255 2219 si
2285 2165 2481 2235 Patris,
2515 2179 2566 2225 et
2600 2169 2742 2234 Filii,
2770 2179 2824 2224 et
2867 2170 3099 2241 Spiritus
3142 2176 3314 2230 sancti
3370 2192 3500 2232 con-

1919 2252 2206 2310 fessionem
2238 2257 2449 2312 firmam
2505 2272 2560 2317 et
2606 2272 2939 2317 constantem
3000 2265 3299 2334 retineatis,
3358 2247 3495 2324 nillil

1919 2346 2010 2400 uni
2048 2345 2242 2401 Deitati
2299 2349 2578 2417 addentes,
2616 2366 2716 2408 nec
2754 2353 3121 2422 detrahentes,
3174 2373 3271 2412 uec
3317 2360 3498 2415 immi-

1920 2445 2145 2492 nuentes
2204 2437 2351 2509 (nam
2398 2440 2443 2494 si
2505 2443 2634 2509 quid
2699 2433 3040 2498 imminutum
3094 2445 3278 2513 fuerit,
3331 2457 3498 2503 totum

1919 2542 2131 2597 quoque
2160 2529 2319 2584 simul
2378 2532 2791 2605 imminuetur);
2850 2549 2943 2591 eos
2975 2545 3173 2603 autem,
3215 2539 3303 2607 qui
3356 2540 3499 2594 aliud

1917 2618 2170 2688 quiddam
2204 2622 2463 2686 sentiunt,
2498 2633 2589 2677 aut
2624 2625 2963 2695 profitentur,
2999 2637 3090 2683 aut
3132 2643 3226 2699 per
3254 2630 3499 2686 diversos

228 2726 314 2774 τες
349 2711 446 2764 τοῦ
487 2712 809 2782 πτώματος.
865 2712 1129 2781 Δεύτερον
1166 2711 1252 2774 δὲ,
1290 2710 1338 2763 εἰ
1391 2709 1491 2780 τὴν
1544 2708 1817 2762 πολιτείαν

1926 2719 2232 2765 naturarum
2286 2714 2483 2783 gradus
2522 2716 2873 2787 diversasque
2903 2734 3185 2776 mensuras
3236 2719 3497 2778 unitatem

230 2801 523 2858 ἀκόλουθον
575 2805 657 2875 τῷ
692 2804 838 2877 ὀρθῷ
874 2804 1018 2874 λόγῳ
1058 2803 1371 2874 παρέχοιτε,
1410 2802 1477 2855 ἵν’
1515 2797 1613 2873 ἦτε
1661 2818 1816 2873 περι-

229 2894 388 2959 δέξιοι
420 2898 526 2968 τὴν
562 2896 788 2968 ἀρετὴν,
818 2894 955 2949 ἀλλὰ
989 2895 1063 2966 μὴ
1090 2894 1169 2964 τῷ
1209 2893 1382 2966 ἑτέρῳ
1410 2892 1710 2957 λείποντες.

1921 2810 2171 2858 evertunt
2202 2813 2294 2858 aut
2339 2807 2619 2872 dirimunt,
2680 2818 2934 2879 tauquam
2967 2811 3221 2868 Ecclesiae
3250 2814 3422 2869 labem
3453 2824 3506 2871 et

1925 2894 2241 2959 perniciem,
2270 2912 2334 2951 ae
2366 2899 2603 2955 veritatis
2635 2902 2780 2955 virus
2813 2901 3094 2970 ablegetis,
3149 2920 3256 2959 non
3287 2920 3380 2961 eos
3423 2908 3505 2960 in-

235 2988 378 3041 visos
409 2989 701 3049 habentes,
723 2988 815 3042 sed
842 3001 1030 3040 eurum
1060 2990 1239 3054 potius
1261 2998 1444 3038 casum
1482 2985 1818 3036 miserantes.
1862 2980 2082 3046 Deinde,
2119 2984 2163 3037 si
2203 2986 2363 3039 vitam
2396 3000 2539 3042 recte
2603 2990 2860 3051 doctrinae
2890 3009 3306 3056 couseutaneam
3368 3019 3506 3072 prae-

233 3083 406 3145 stetis,
442 3092 504 3135 ut
557 3096 710 3150 teque
768 3080 1046 3146 utriusque
1085 3078 1300 3131 virtutis
1348 3076 1505 3131 laude
1538 3074 1801 3139 florentis,
1844 3091 1907 3131 ae
1958 3090 2066 3130 non
2110 3076 2277 3133 altera
2312 3092 2462 3149 parte
2503 3081 2790 3142 deficiatis.

304 3178 404 3230 lA’.
443 3180 507 3232 Οἱ
545 3177 807 3247 βασιλεῖς,
838 3173 1071 3228 αἰδεῖσθε
1096 3172 1195 3243 τὴν
1219 3171 1515 3243 ἁλουργίδα
1538 3188 1551 3200 ·
1589 3170 1818 3241 νομοθε-

237 3274 386 3343 τήσει
426 3276 542 3344 γὰρ
579 3275 673 3324 καὶ
716 3268 1035 3340 νομοθέταις
1080 3269 1108 3320 ό
1152 3267 1329 3335 λόγος.
1366 3261 1666 3318 Γινώσκετε
1700 3265 1821 3317 ὅσον

234 3363 294 3416 τὸ
332 3364 628 3417 πιστευθὲν
659 3364 805 3433 ὑμῖν,
836 3362 929 3414 καὶ
955 3360 1005 3413 τί
1035 3361 1095 3413 τὸ
1125 3359 1270 3429 μέγα
1294 3358 1421 3429 περὶ
1450 3358 1593 3427 ὑμᾶς
1621 3357 1824 3427 μυστή-

243 3470 371 3524 ριον.
406 3455 633 3523 Κόσμος
661 3453 781 3514 ὅλος
822 3451 926 3503 ὑπὸ
973 3451 1129 3520 χεῖρα
1166 3447 1263 3518 τὴν
1304 3448 1598 3518 ὑμετέραν,
1645 3445 1826 3515 διαδή-

245 3561 369 3612 ματι
405 3543 594 3615 μικρῴ
627 3543 720 3595 καὶ
752 3542 945 3613 βραχεῖ
979 3540 1155 3611 ρακίῳ
1184 3538 1575 3609 κρατούμενος.
1613 3537 1693 3590 Τὰ
1725 3536 1824 3607 μὲν

244 3637 372 3701 ἄνω,
416 3637 586 3708 μόνου
625 3633 795 3687 Θεοῦ·
831 3631 899 3685 τὰ
937 3632 1086 3686 κάτω
1117 3631 1193 3688 δὲ,
1239 3630 1332 3681 καὶ
1368 3628 1540 3699 ὑμῶν.
1583 3627 1708 3681 Θεοί.
1735 3626 1825 3695 γέ-

243 3730 394 3781 νεσθε
428 3729 544 3797 (I0)
574 3728 685 3790 τοῖς
721 3724 806 3793 ὑφ’
841 3724 1007 3793 ὑμᾶς,
1038 3722 1106 3774 ἵν’
1133 3720 1272 3773 εἴπω
1294 3737 1346 3772 τι
1372 3719 1465 3772 καὶ
1494 3717 1824 3789 τολμηρότε-

248 3839 354 3892 ρον.
387 3820 614 3887 Καρδία
645 3815 952 3883 ,ϐασιλέως
979 3814 1048 3867 ἐν
1075 3811 1225 3881 χειρὶ
1257 3811 1427 3874 Θεοῦ,
1462 3811 1556 3863 καὶ
1586 3809 1822 3882 εἴρηται,

248 3913 336 3965 καὶ
360 3910 700 3965 πιστεύεται.
747 3905 1012 3958 Ἐνταῦθα
1040 3903 1180 3955 ἔστω
1204 3902 1264 3955 τὸ
1292 3901 1488 3971 κράτος
1515 3902 1661 3971 ὑμῖν,
1692 3900 1827 3952 ἀλλὰ

254 4004 325 4076 μὴ
367 4006 447 4077 τῷ
493 4000 680 4073 χρυσῷ
720 3999 815 4053 καὶ
852 4000 969 4059 ταῖς
1009 3994 1294 4065 φάλαγξιν.
1332 3988 1396 4045 Οἱ
1424 3993 1553 4064 περὶ
1580 3993 1649 4045 τὰ
1676 3990 1828 4061 βασί-

248 4099 360 4151 λεια
392 4099 489 4152 καὶ
531 4096 657 4158 τοὺς
710 4093 953 4164 θρόνους,
1015 4088 1091 4159 μὴ
1147 4087 1350 4155 σφόδρα
1398 4086 1517 4147 ταῖς
1554 4083 1820 4147 ἐξουσίαις

256 4187 542 4259 ἐπαίρεσθε
564 4226 580 4252 ,
617 4184 751 4255 μηδὲ
791 4181 1035 4237 ἀθάνατα
1066 4178 1361 4232 διανοεῖσθε
1406 4175 1533 4243 περὶ
1578 4175 1684 4227 τῶν
1721 4174 1821 4227 οὐκ

255 4277 551 4333 ἀθανάτων.
583 4274 774 4329 Πιστοὶ
802 4273 994 4344 μένετε
1017 4271 1128 4333 τοῖς
1157 4266 1453 4339 βασιλεῦσι,
1481 4264 1601 4336 Θεῷ
1620 4266 1675 4318 δὲ
1705 4265 1832 4336 πρό‹

256 4383 424 4441 τερον,
471 4370 537 4422 δι’
573 4368 632 4422 ὃν
673 4368 769 4421 καὶ
799 4365 1008 4428 τούτοις
1054 4356 1135 4427 οἷς
1176 4359 1565 4431 ἐπιστεύθητε,
1617 4360 1709 4411 καὶ
1748 4353 1830 4420 οἷς

256 4458 641 4531 παραδέδοσθε.
676 4458 740 4510 Οἱ
777 4456 838 4509 τὸ
869 4454 1025 4521 γένος
1065 4450 1441 4523 κομπάζοντες
1465 4490 1480 4512 ,
1510 4448 1603 4501 τὸν
1630 4447 1829 4519 τρόπον

258 4550 637 4623 ὲξευγενίσατε
657 4568 672 4583 ·
720 4550 753 4621 ἢ
780 4546 1082 4619 φθέγξομαι
1105 4564 1160 4599 τι
1188 4544 1295 4599 τῶν
1319 4543 1497 4614 ἀηδῶν
1526 4542 1644 4613 μὲν,
1676 4540 1830 4608 εὐγε-

259 4644 356 4698 νῶν
395 4645 475 4700 δέ.
515 4644 650 4696 Τότε
693 4641 803 4712 γὰρ
835 4638 1032 4709 ἀληθὲς
1081 4634 1191 4706 (11)
1224 4634 1609 4703 εὐγενέστατον
1651 4626 1720 4701 ἦν
1762 4632 1828 4685 ἄν

258 4748 308 4787 τι
328 4735 386 4788 τὸ
418 4715 708 4805 ὑμέτερον,
742 4732 791 4784 εἰ
822 4729 899 4802 μὴ
932 4728 1027 4783 καὶ
1050 4726 1217 4780 δέλτοι
1241 4725 1367 4788 τοὺς
1393 4724 1671 4793 δυσγενεῖς
1701 4722 1828 4792 ὑμῖν

261 4822 553 4896 ἐνέγραφον
584 4823 715 4893 (12).

1998 3170 2090 3225 XI.
2164 3172 2561 3241 Imperatores,
2624 3194 2918 3250 purpuram
2989 3184 3318 3249 vereamini;
3379 3199 3509 3239 nam

1926 3277 2106 3318 sermo
2164 3275 2354 3319 noster
2393 3266 2790 3333 legis-latoribus
2828 3289 3040 3343 quoque
3086 3274 3227 3344 leges
3283 3285 3505 3332 statuet.

1927 3354 2252 3421 Cognoscite
2282 3367 2542 3424 quantum
2581 3360 2633 3414 id
2667 3363 2761 3425 sit,
2801 3365 2942 3431 quod
2988 3374 3175 3418 vestrze
3207 3364 3328 3419 fidei
3360 3380 3508 3418 com-

1933 3445 2155 3499 missum
2187 3454 2288 3511 est,
2320 3458 2686 3518 quantumque
2720 3452 2869 3506 circa
2904 3468 2995 3507 vos
3036 3454 3368 3523 mysterium.
3406 3452 3509 3509 Or-

1932 3538 2013 3592 bis
2041 3538 2321 3595 universus
2342 3542 2444 3595 sub
2471 3558 2631 3597 manu
2659 3553 2836 3599 vestra
2861 3554 2961 3609 est,
2990 3545 3295 3600 diademate
3317 3562 3504 3615 parvo,

1932 3638 2092 3698 atque
2124 3633 2319 3701 exiguo
2351 3650 2526 3703 panno
2557 3636 2847 3692 coercitus.
2899 3635 3103 3705 Supera
3137 3638 3373 3705 quidem,
3418 3654 3512 3693 so-

1931 3720 2036 3775 lius
2088 3722 2181 3777 Dei
2234 3734 2391 3788 sunt;
2441 3724 2609 3778 infera
2667 3735 2868 3791 autem,
2908 3737 3085 3782 vestra
3143 3728 3304 3782 etiam
3359 3738 3506 3783 sunt.

1933 3810 2172 3868 Subditis
2197 3816 2392 3870 vestris
2424 3817 2551 3870 deos
2584 3831 2677 3869 vos
2709 3818 2965 3886 praebete,
3004 3827 3061 3871 ut
3114 3820 3369 3874 audacius
3398 3819 3500 3873 ali-

1932 3906 2058 3976 quid
2102 3905 2300 3961 dicam.
2364 3905 2469 3962 Cor
2519 3908 2655 3977 regis
2705 3909 2759 3961 in
2815 3925 2974 3961 manu
3049 3908 3144 3962 Dei
3194 3921 3289 3972 est,
3341 3922 3399 3965 ut
3443 3928 3511 3965 ex

1932 3992 2210 4060 Scriptura
2242 3992 2490 4045 audimus
2519 3992 2582 4054 “,
2607 4006 2688 4046 Iac
2743 3993 3036 4047 credimus.
3095 3992 3189 4047 llic
3226 3993 3509 4061 imperium

1931 4094 2170 4138 vestrum
2201 4084 2291 4149 sit,
2328 4098 2431 4138 non
2485 4094 2663 4138 autem
2702 4084 2753 4136 in
2789 4099 2921 4137 auro
2954 4096 3009 4139 et
3055 4085 3104 4136 in
3160 4085 3507 4139 exercitibus.

1931 4174 2125 4240 Aulici,
2156 4189 2407 4245 proceres
2450 4190 2515 4229 ac
2540 4174 2860 4229 sublimibus
2911 4176 3118 4229 tbrouis
3159 4184 3213 4229 et
3267 4176 3498 4245 dignita-

1934 4267 2077 4321 tibus
2106 4266 2363 4337 insignes,
2412 4282 2479 4321 ne
2504 4268 2573 4322 ob
2620 4268 2914 4335 potentiam
2950 4282 3270 4335 magnopere
3303 4268 3513 4320 :mimos

1933 4354 2192 4421 efferatis,
2248 4372 2347 4412 nec
2383 4357 2450 4410 de
2497 4355 2814 4410 mortalibus
2879 4355 3037 4409 rebus
3100 4364 3354 4424 tauquam
3413 4356 3513 4408 im-

1940 4448 2259 4503 mortalibus
2292 4447 2564 4516 cogitetis.
2598 4446 2781 4502 Fidem
2816 4445 3232 4514 imperatoribus
3276 4454 3508 4509 servate,

1934 4541 2029 4595 sed
2058 4541 2206 4610 prius
2240 4541 2371 4602 Deo,
2399 4546 2620 4608 propter
2653 4552 2813 4606 quem
2839 4536 2921 4590 bis
2948 4537 3110 4590 etiam
3143 4536 3336 4605 quibus
3364 4551 3510 4591 com-

1937 4632 2084 4687 missi
2124 4642 2178 4687 et
2215 4632 2393 4687 traditi
2436 4630 2589 4686 estis.
2630 4629 2729 4694 Qui
2787 4629 2999 4697 generis
3049 4629 3384 4698 splendorem
3426 4629 3510 4695 ja-

1933 4721 2118 4786 ctatis,
2154 4722 2281 4776 date
2333 4737 2552 4791 operam
2589 4728 2646 4773 ut
2687 4734 2866 4773 mores
2909 4733 3122 4788 quoque
3172 4718 3511 4775 nobilitetis:

1934 4822 2027 4866 aut
2074 4813 2273 4882 aliquid
2324 4815 2524 4877 dicam,
2586 4812 2931 4885 injucundum
2976 4810 3191 4880 quidem
3239 4818 3293 4866 et
3348 4810 3515 4866 mole-

263 4921 417 4978 stum,
449 4925 505 4967 at
530 4914 706 4968 nobile
734 4922 910 4965 tamen
935 4918 987 4961 cf
1023 4921 1364 4978 generosum.
1406 4902 1539 4959 Nam
1566 4913 1676 4957 tum
1705 4916 1830 4956 vere
1871 4901 2237 4960 nobilissimus
2303 4917 2447 4959 esset
2513 4905 2644 4960 ordo
2684 4916 2880 4972 vester,
2922 4908 2965 4961 si
3003 4907 3261 4980 ignobiles
3307 4908 3513 4965 tabellis

264 5008 448 5062 vestris
475 5022 582 5062 non
614 5003 1029 5061 ascriberentur.

322 5143 389 5201 ⁸1
418 5145 611 5201 Thess.
645 5157 710 5208 ιι,
739 5140 825 5210 19,
848 5139 940 5195 20.
1019 5140 1063 5171 ⁸ο
1092 5135 1197 5191 Tit.
1227 5135 1401 5202 “1,”.
1486 5135 1524 5165 “
1551 5134 1709 5187 Prov.
1742 5148 1854 5189 XXI.
1886 5133 1934 5187 1.

349 5283 402 5345 ι)
441 5281 650 5335 Ταῦτα.
683 5278 814 5348 Reg.
847 5278 958 5341 bm,
991 5275 1237 5348 ταύταις.

430 5351 714 5404 Γένεσθε.
754 5343 883 5416 Reg.
922 5349 1032 5411 bm,
1065 5343 1335 5419 γενέσθαι.

453 5421 582 5485 Τοῖς
639 5411 1030 5489 τεκτοιλὶκοῖς.
1077 5411 1243 5489 Regg.
1296 5430 1347 5475 a,
1384 5411 1436 5477 b,
1469 5420 1608 5489 _lrcs
1660 5415 1836 5480 Colb.,

267 5483 420 5546 Coisl.
457 5491 510 5551 1,
541 5483 672 5553 etc.,
704 5491 814 5550 τοῖς
840 5483 1166 5556 τεκτονικῆς
1192 5486 1224 5556 ἢ
1257 5483 1549 5553 γραφικῆς.

353 5562 402 5625 7)
435 5559 653 5624 Οὓτως.
680 5558 772 5614 Or.
802 5559 851 5620 1,
883 5556 1043 5611 οὕτω.

353 5566 402 5625 7)
435 5566 653 5624 Οῡτως.
680 5566 772 5614 0r.
802 5566 851 5620 1,
883 5566 1043 5611 οὑτω.

328 5566 408 5705 l8)
443 5628 751 5697 ’Υπερέξω.
814 5627 947 5698 Reg.
1002 5629 1113 5696 bm,
1143 5635 1371 5698 quatuor
1392 5627 1541 5684 Colb.
1578 5636 1627 5683 et
1663 5626 1751 5681 0r.
1790 5625 1838 5689 l,

1943 5270 2215 5341 ὑπέρσχω.
2249 5268 2389 5341 Bas?
2423 5266 2689 5341 ύπερέχω.

2037 5328 2091 5408 9)
2118 5328 2367 5405 ’τΑκλινῆ
2392 5339 2509 5392 καί.
2530 5328 2919 5408 Ἰιίἰιοιιιιυιίίε,
2954 5332 3146 5402 ἀκλινῆ
3176 5349 3232 5384 τε
3261 5328 3368 5385 καί.

2044 5404 2127 5475 10)
2157 5404 2436 5463 Γένεσθε.
2466 5408 2556 5461 0r.
2589 5410 2639 5471 1,
2676 5404 2905 5474 γίνεσθε.
3075 5470 3078 5472 γ

2043 5482 2127 5549 11)
2166 5477 2422 5549 Ἀληθές.
2458 5475 2902 5546 Ιιύτιθ,’ἀληθῶς.
2938 5478 3087 5549 Eutr.

2043 5485 2127 5549 11)
2166 5485 2422 5545 Ἀληθές.
2458 5485 2902 5546 ιιύτιθ,’άληυως.
2938 5485 3087 5530 Eutr.

2016 5485 2129 5617 El?)
2164 5548 2533 5617 Ἐνέγραέρον.
2570 5549 2660 5602 Sic
2686 5550 2811 5616 Heg.
2846 5549 2937 5611 lltl,
2996 5542 3155 5599 Cuisl.
3184 5541 3202 5594 1
3240 5550 3287 5596 et
3323 5538 3510 5597 Comb.

1950 5622 2041 5678 Sic
2077 5621 2241 5676 etiam
2271 5620 2395 5689 legit
2422 5619 2623 5674 Uilltus.
2654 5621 2708 5673 lu
2748 5620 2856 5683 ed.,
2886 5619 3135 5690 ἔγραφον.
