4010 6316
621 339 729 395 9]ιῆ

1861 341 1918 394 S.
1959 340 2286 396 GREGORII
2326 340 2670 398 THEOLOGI

3748 349 3842 409 284

622 454 777 525 plura
833 451 947 507 loca
1017 452 1336 507 sanctiﬂcel.
1394 452 1480 506 Fit
1529 450 1727 505 .ludreis
1780 459 2032 520 tanquam
2101 452 2194 507 Ju-

2308 453 2580 516 Ἰουδαίοις
2637 453 2712 516 ὠς
2785 453 3067 519 Ἰουδαῖος,
3119 455 3208 509 ἵνα
3260 456 3542 521 Ἰουδαίους
3595 460 3840 534 κερδάνῃο

623 548 789 603 ὡυιιε,
824 552 881 595 ut
928 540 1138 595 Iudaeos
1162 534 1461 596 lucrifaciat
1495 559 1508 594 :
1549 541 1653 603 bis,
1679 541 1886 607 quisub
1915 541 2028 610 lege
2047 550 2190 606 sunt,

626 644 876 700 tanquam
904 633 1002 699 legi
1032 633 1304 699 subjectus
1328 673 1343 698 ,
1389 642 1446 685 ut
1477 647 1569 687 eos
1590 674 1605 695 ,
1636 633 1727 699 qui
1760 632 1859 685 sub
1887 632 2001 701 lege
2035 642 2192 699 sunt,

630 723 855 775 redimat
879 739 892 773 :
920 721 1172 784 inﬁrmis,
1199 730 1447 789 tanquam
1478 718 1743 783 inﬁrmus,
1766 729 1822 773 ut
1849 720 2078 775 infirmis
2102 736 2193 775 sa-

628 812 791 865 lutem
829 812 1038 865 afferat.
1087 813 1281 867 Omnia
1317 812 1565 865 omnibus
1605 812 1852 876 eﬂicitur,
1899 821 1959 866 ut
2000 826 2195 871 omnes

627 901 923 957 lucrifaciat
944 902 1007 957 ⁸⁷.
1042 902 1178 968 Quid
1221 902 1361 962 dico,
1391 901 1624 955 omnibus
1655 902 1867 955 omnia?
1894 900 2006 956 Imo
2042 917 2190 967 vero,

626 990 768 1058 quod
792 989 988 1043 Paulus
1010 990 1073 1043 de
1096 989 1273 1058 seipso
1305 989 1485 1043 dicere
1502 1002 1604 1042 non
1636 987 1912 1052 sustinuit,
1945 989 2046 1042 hoc
2070 988 2191 1042 Sal-

625 1080 798 1133 vatori
835 1080 1122 1151 contigisse
1153 1079 1379 1147 reperio.
1419 1078 1530 1133 Non
1574 1080 1716 1132 enim
1746 1077 1960 1132 Iudaeus
1988 1086 2190 1132 tantum

627 1168 878 1232 eﬂicitur,
909 1184 1005 1223 nec
1034 1168 1292 1237 quidquid
1338 1168 1690 1222 absurdorum
1731 1176 1782 1222 et
1827 1168 2191 1236 improborum

628 1260 902 1312 nominum
930 1269 1048 1322 est,
1102 1259 1153 1312 in
1205 1273 1263 1313 se
1301 1259 1543 1327 recepit:
1580 1257 1709 1321 sed,
1747 1256 1889 1325 quod
1920 1257 2002 1310 his
2029 1255 2194 1327 646

626 1350 875 1404 omnibus
900 1347 1185 1403 absurdius
1227 1358 1327 1414 est,
1361 1348 1647 1414 ipsummet
1679 1348 1844 1403 etiam
1873 1358 2151 1417 peccatum
2173 1390 2189 1415 ,

625 1452 679 1495 et
709 1442 935 1510 ipsamet
970 1440 1313 1507 maledictio;
1348 1455 1453 1493 non
1483 1441 1624 1508 quod
1657 1450 1936 1508 peccatum
1964 1440 2071 1504 sit,
2096 1442 2189 1495 sed

626 1534 766 1601 quod
802 1532 874 1585 ita
902 1532 1229 1586 nominetur.
1258 1530 1375 1598 Quo
1405 1531 1549 1585 enim
1580 1531 1737 1585 modo
1764 1542 2040 1598 peccatum
2072 1546 2191 1587 esse

627 1634 812 1693 queat,
848 1623 936 1693 qui
966 1640 1063 1678 nos
1095 1624 1255 1678 etiam
1287 1639 1315 1675 a
1350 1623 1553 1692 pecCati
1586 1622 1846 1678 servitute
1875 1624 1930 1678 iu
1966 1623 2187 1678 liberta-

629 1725 736 1769 tem
784 1715 975 1769 asserit
1013 1714 1091 1769 ’3?
1132 1715 1411 1781 Quomodo
1457 1714 1803 1783 maledictio,
1852 1715 1941 1783 qui
1977 1730 2007 1769 a
2057 1715 2190 1785 legis

2293 545 2405 606 τοῖς
2441 544 2547 595 ὑπὸ
2580 544 2762 612 νόμον,
2806 544 2882 607 ὡς
2925 544 3030 597 ὑπὸ
3074 547 3236 616 νόμον
3295 547 3426 618 (28),
3468 549 3553 601 ἴνα
3599 552 3719 613 τοὺς
3751 552 3845 605 ὑπὸ

2294 634 2456 703 νόμον
2501 636 2845 707 ἐξαγοράσῃο
2880 639 2992 700 τοῖς
3037 637 3341 700 ἀσθενέσιν,
3379 640 3452 704 ὡς
3482 640 3729 711 ἀσθενὴς,
3769 644 3843 695 ἵνα

2291 727 2418 789 τοὺς
2456 726 2703 790 ἀσθενεῖς
2734 727 2902 798 σώσῃ.
2948 728 3165 782 Γίνεται
3195 730 3370 784 πάντα
3403 733 3586 796 πᾶσιν,
3620 732 3703 785 ἴνα
3732 732 3843 795 τοῖις

2294 817 2499 879 πάντας
2544 817 2795 887 κερδάνῃ.
2824 819 2888 871 Τί
2916 818 2972 871 δὲ
2999 818 3161 888 λέγω,
3197 820 3323 887 τοῖς
3353 821 3501 875 πᾶσι
3532 821 3757 887 mina;
3785 824 3842 875 Ὃ

2296 907 2430 976 μηδὲ
2485 908 2696 971 Παῦλος
2736 908 2846 979 (:29)
2900 910 3029 980 περ).
3063 911 3257 964 ἑαυτοῦ
3310 911 3421 980 (50)
3478 912 3731 981 ἠνέσχετο
3763 913 3843 964 si-

2293 1000 2434 1061 πείν,
2486 996 2643 1050 τοῦτο
2697 1000 2932 1069 εὑρίσκω
2973 1000 3085 1071 (51)
3139 1003 3229 1054 τὸν
3288 1002 3514 1072 Σωτῆρα
3567 1004 3839 1072 πάσχοντα.

2293 1089 2368 1140 υύ
2404 1087 2512 1158 γὰρ
2552 1089 2803 1152 Ἰουδαῖος
2835 1090 3044 1158 γίνεται
3095 1092 3275 1160 μόνον,
3320 1092 3429 1145 οὐδ’
3466 1094 3567 1145 ὅσα
3598 1095 3701 1146 τῶν
3738 1094 3844 1147 ἀτό-

2292 1194 2409 1230 πων
2440 1178 2535 1231 καὶ
2568 1178 2858 1248 μοχθηρῶν
2887 1180 3165 1251 ὀνομάτων
3193 1182 3272 1244 είς
3306 1181 3496 1235 ἑαυτὸν
3524 1181 3841 1252 ἀναδέχεται,

2292 1265 2427 1319 ἀλλὰ
2473 1269 2566 1320 καὶ
2591 1267 2619 1319 6
2658 1268 2862 1322 τούτων
2905 1271 3122 1323 πάντων
3162 1271 3537 1342 ἀτοπώτερον,
3582 1272 3673 1324 καὶ
3704 1274 3844 1326 αύτο-

2291 1355 2530 1426 αμαρτία
2562 1357 2653 1408 κα).
2695 1358 3041 1430 αύτοκατάρα
3059 1376 3073 1389 ο
3101 1362 3201 1412 ούκ
3247 1361 3362 1413 ἔστι
3396 1361 3494 1430 μὲν
3520 1362 3651 1432 (52),
3677 1363 3843 1417 ἀκούει

2289 1446 2364 1500 δέ.
2401 1448 2524 1511 Πῶς
2561 1446 2669 1518 γὰρ
2712 1450 2977 1519 ἁμαρτία,
3021 1453 3050 1503 6
3099 1451 3194 1504 καὶ
3248 1453 3397 1520 ἡμᾶς
3446 1452 3545 1522 τῆς
3595 1454 3844 1524 ἁμαρτίας

2290 1538 2623 1611 ἐλευθερῶν;
2655 1541 2771 1604 πῶς
2803 1542 2859 1594 δὲ
2882 1544 3113 1613 κατάρα,
3138 1544 3166 1594 6
3197 1542 3543 1613 ὲξαγοράζων
3579 1544 3685 1613 (55)
3714 1547 3843 1615 ἡμᾶς

2289 1629 2353 1679 ὲκ
2401 1629 2500 1699 τῆς
2554 1631 2798 1699 κατάρας
2847 1631 2937 1683 τοῦ
2991 1632 3191 1701 νόμους
3235 1633 3374 1686 Ἀλλ’
3420 1633 3509 1686 ἵνα
3557 1636 3651 1687 καὶ
3701 1636 3844 1707 μέχρι

2288 1717 2489 1772 τούτων
2521 1720 2581 1773 τὸ
2631 1722 2889 1774 ταπεινὸν
2944 1723 3313 1793 ἐπιδείξηται,
3366 1724 3556 1779 τυπῶν
3607 1728 3745 1797 ἡμᾶς
3775 1728 3845 1790 είς

626 1808 911 1863 maledicto
946 1823 1042 1863 nos
1080 1807 1400 1861 redimit"?
1436 1806 1695 1861 Nimirum
1727 1816 1805 1871 ut,
1832 1814 1982 1861 tanto
2022 1808 2195 1860 humi-

2301 1811 2620 1864 ταπείνωσιν
2668 1812 2766 1865 τὴν
2809 1812 2975 1881 ὕψους
3031 1814 3307 1884 πρόξενον.
3342 1816 3518 1887 Ὅπερ
3569 1813 3659 1870 οὖν
3690 1814 3842 1882 εἷπον,

627 1896 791 1953 litatis
823 1901 965 1953 edito
1014 1907 1358 1968 argumento,
1409 1914 1507 1954 nos
1547 1902 1612 1952 ad
1652 1899 1816 1953 animi
1872 1899 2185 1954 submissio-

626 2004 784 2054 nem,
827 2006 946 2059 qum
978 1990 1365 2045 sublimitatem
1399 1992 1561 2060 parit,
1594 1991 1861 2045 instituat.
1892 1990 1978 2044 Fit
2008 1991 2187 2059 igitur,

626 2082 1073 2150 quemadmodum
1105 2080 1239 2144 dixi,
1267 2082 1524 2149 piscator,
1553 2083 1620 2136 ad
1641 2097 1830 2136 omnes
1853 2097 1911 2135 se
1939 2081 2190 2149 demittit,

625 2172 925 2226 everriculo
969 2172 1160 2236 utitur,
1210 2171 1394 2225 omnia
1430 2170 1654 2238 perfert,
1686 2180 1742 2225 ut
1776 2171 1977 2239 piscem
2005 2186 2035 2224 e
2065 2187 2190 2239 pro-

2297 1900 2478 1963 ἀλιεὺς
2542 1902 2785 1969 γίνεται,
2846 1906 2978 1956 πᾶσι
3034 1905 3488 1972 συγκαταϐαίνει,
3542 1908 3842 1979 σαγηνεύει,

2299 1991 2473 2045 πάντα
2497 1993 2699 2061 στέγει,
2728 1993 2793 2047 ἶν’
2822 1995 2933 2063 (54)
2960 1998 3023 2048 ἐκ
3053 1995 3251 2065 βάθους
3274 1997 3364 2051 τὸν
3395 1997 3547 2067 ἰχθὺν
3582 1999 3843 2069 ἀνενέγκῃ,

2298 2083 2388 2136 τὸν
2434 2085 2733 2155 νηχόμενον
2785 2087 2843 2139 ὲν
2884 2088 2996 2149 τοῖς
3040 2088 3295 2152 ἀστάτοις
3342 2090 3435 2142 καὶ
3468 2090 3723 2161 ἁλμυροῖς
3765 2086 3846 2143 τοῦ

2301 2174 2415 2244 βίου
2452 2176 2691 2247 κύμασιν
2716 2178 3024 2249 ἄνθρωπον.

624 2261 787 2316 fundo
838 2263 1106 2328 extrahat,
1153 2274 1314 2329 atque
1344 2260 1397 2314 iu
1437 2260 1604 2314 altum
1637 2260 1845 2327 ell'crat,
1893 2261 2162 2316 hominem
2203 2265 2413 2321 scilicet
2474 2268 2527 2321 in
2564 2268 2901 2324 instabilibus
2930 2279 2984 2323 ct
3019 2268 3176 2325 salsis
3208 2270 3367 2341 bujus
3432 2270 3558 2326 vitae
3623 2270 3848 2325 ﬂuctibus

624 2366 924 2411 natantem.

695 2448 759 2503 ll.
800 2448 1062 2515 Quocirca
1088 2462 1229 2503 nunc
1250 2460 1483 2516 quoque,
1512 2451 1784 2513 postquam
1810 2447 2188 2500 consummavit

2366 2447 2445 2502 B'.
2482 2446 2578 2500 Διὰ
2609 2445 2768 2499 τοῦτο
2802 2446 2913 2517 (55)
2944 2448 3040 2500 καὶ
3070 2446 3184 2528 νῦν,
3212 2447 3309 2501 ὅτε
3325 2447 3572 2501 ἐτέλεσε
3599 2444 3703 2517 (56)
3726 2444 3847 2509 τοὺς

626 2540 718 2591 hos
756 2552 1042 2602 sermones,
1086 2537 1328 2606 migravit
1367 2552 1397 2588 a
1433 2532 1679 2598 Galila’a,
1710 2544 1755 2587 et
1802 2536 1931 2588 venit
1961 2539 2027 2588 ad
2059 2538 2190 2604 ﬁnes

2301 2538 2513 2605 λόγους
2546 2536 2813 2600 τούτους,
2831 2536 3089 2605 μετῆρεν
3111 2538 3220 2608 (57)
3245 2538 3361 2591 ἀπὸ
3390 2535 3497 2603 τῆς
3517 2536 3843 2599 Γαλιλαίας,

624 2629 828 2683 Jndww
859 2638 1005 2682 trans
1038 2627 1347 2682 Iordanem.
1383 2628 1439 2682 lu
1475 2625 1750 2682 Galilaeam
1785 2641 1843 2681 se
1873 2625 2103 2693 confert,
2136 2636 2194 2681 ut

2303 2630 2399 2680 καὶ
2424 2624 2607 2696 ἦλθεν
2622 2630 2709 2694 είς
2726 2626 2806 2679 τὰ
2818 2627 2948 2694 ὅρια
2970 2628 3077 2697 τῆς
3093 2628 3377 2692 Ἰουδαίας
3398 2627 3590 2695 πέραν
3604 2627 3704 2680 τοῦ
3727 2628 3843 2691 Ἰορ-

628 2722 886 2790 populus,
920 2721 1009 2789 qui
1053 2720 1276 2775 sedebat
1316 2721 1368 2773 in
1407 2720 1674 2784 tenebris,
1717 2718 1891 2772 iUcem
1942 2734 2189 2788 magnam

2301 2714 2502 2769 δάνον.
2530 2716 2817 2780 Γαλιλαίας
2847 2716 3101 2787 ἐπιδημεῖ
3125 2716 3324 2784 καλῶς,
3352 2717 3642 2780 ἵναὸλαὸς,
3678 2717 3705 2768 6
3734 2713 3847 2767 καθ·

630 2812 875 2866 videat".
914 2810 967 2864 In
994 2811 1229 2865 .ludteam
1265 2810 1477 2881 migrat,
1504 2810 1754 2879 quoillud
1788 2811 1940 2864 nobis
1972 2824 2193 2879 persua-

2301 2804 2498 2875 ήμενος
2526 2805 2586 2857 ὲν
2619 2804 2827 2870 σκότει,
2858 2804 2943 2876 ἴδῃ
2973 2804 3086 2873 φῶς
3122 2805 3264 2876 μέγα
3290 2806 3423 2876 (⁸58).
3479 2806 3577 2869 Ei;
3616 2804 3707 2875 τὴν
3738 2804 3846 2855 ἰου-

628 2905 784 2967 deat,
819 2912 871 2955 ut
902 2917 932 2955 a
960 2902 1135 2956 littera
1176 2916 1560 2971 exsurgamus,
1602 2917 1665 2956 ac
1697 2901 1943 2969 spiritum
1998 2916 2193 2969 sequa-

2301 2894 2451 2948 δαίαν
2479 2892 2820 2964 μεθίσταται,
2851 2895 2937 2947 ἵνα
2981 2895 3145 2967 πείσῃ
3180 2895 3275 2947 τοῦ
3313 2895 3638 2966 γράμματος
3680 2893 3846 2957 ἐξανα-

630 3010 767 3048 ιιιιιτ.
799 2994 949 3047 Nunc
999 2994 1051 3047 in
1086 3002 1269 3048 monte
1298 2992 1454 3063 docet
1476 2993 1544 3057 ²¹,
1588 3007 1729 3046 nunc
1758 2992 1810 3044 in
1852 2991 2026 3060 planis
2062 2991 2193 3046 locis

2301 2984 2561 3047 στάντας,
2613 2985 2974 3054 ἀκολουθῆσαι
3012 2984 3090 3056 τῷ
3124 2987 3416 3056 πνεύματι.
3466 2985 3584 3040 Νῦν
3635 2984 3725 3057 μὲν
3772 2982 3843 3036 ἐπ’

627 3080 843 3136 disserit
869 3082 934 3144 “,
965 3094 1106 3134 nunc
1135 3080 1189 3131 in
1227 3078 1528 3132 naviculam
1563 3078 1756 3133 transit
1783 3078 1851 3142 ’³,
1886 3094 2025 3132 nunc
2055 3087 2193 3131 tern-

2301 3073 2451 3147 ὄρους
2490 3072 2749 3139 διδάσκει,
2778 3073 2872 3127 νῦν
2913 3074 2970 3127 δὲ
3006 3076 3063 3129 ἐν
3095 3075 3301 3137 πεδίοις
3341 3074 3666 3142 διαλέγεται,
3692 3074 3775 3125 νῦν
3797 3072 3847 3125 δὲ

629 3181 890 3238 pestatem
938 3170 1183 3238 increpat
1227 3168 1294 3221 “.
1347 3167 1486 3234 Quin
1539 3169 1638 3222 bac
1689 3182 1902 3237 quoque
1959 3166 2193 3222 fortasse

2301 3168 2373 3229 εἰς
2415 3164 2598 3217 πλοῖον
2643 3165 2978 3236 μεταϐαίνει,
3019 3165 3113 3218 νῦν
3141 3166 3197 3218 δὲ
3225 3167 3454 3237 ἐπιτιμᾷ
3484 3168 3688 3229 ζάλαις.
3716 3164 3846 3233 Τάχα

630 3260 837 3314 ratione
875 3274 1122 3314 somnum
1175 3260 1321 3328 capit
1347 3260 1413 3325 ",
1455 3269 1512 3312 ut
1555 3273 1803 3313 somnum
1865 3258 2191 3312 beuedicat:

2301 3256 2391 3308 κα).
2435 3253 2602 3309 ὕπνον
2637 3255 2870 3325 δέχεται,
2905 3256 2993 3308 ἵνα
3024 3256 3119 3309 καὶ
3169 3254 3336 3308 ὕπνον
3384 3257 3686 3328 εύλογήσῃ·
3727 3254 3847 3323 τάχα

628 3350 857 3405 fortasse
887 3351 1050 3404 etiam
1084 3348 1337 3419 fatigatur
1365 3350 1435 3413 “,
1484 3358 1541 3402 ut
1584 3346 1956 3419 fatigationem
1997 3346 2196 3401 sancti-

2301 3347 2390 3401 κα).
2415 3348 2600 3417 κοπιᾷ,
2628 3346 2716 3400 ἴνα
2750 3347 2844 3399 κα).
2882 3347 2973 3399 τὸν
3001 3347 3163 3399 τόπον
3207 3348 3409 3419 ἁγιάσῃ
3430 3363 3449 3387 η·
3480 3348 3623 3418 τάχα
3661 3345 3745 3399 καὶ
3772 3343 3848 3395 δα-

630 3442 794 3495 licet:
832 3439 1064 3495 fortasse
1101 3440 1262 3495 etiam
1329 3439 1598 3510 iacrymas
1650 3438 1841 3505 fundit,
1901 3448 1957 3491 ut
2021 3437 2197 3507 lacry-

2301 3439 2472 3511 κρύει,
2509 3439 2595 3492 ἵνα
2629 3438 2688 3491 τὸ
2730 3438 2963 3510 δάκρυον
3002 3439 3282 3495 ἐπαινετὸν
3329 3440 3723 3509 ἀπεργάσηται.
3752 3436 3849 3489 Με-

630 3547 745 3588 mas
772 3533 1069 3587 laudabiles
1102 3533 1312 3587 reddat.
1347 3531 1425 3585 Ex
1458 3531 1592 3586 locis
1633 3531 1685 3584 in
1717 3529 1833 3584 loca
1864 3529 2077 3594 transit,
2105 3530 2197 3599 qui

2301 3531 2539 3586 ταϐαίνει
2573 3530 2735 3584 τύπον
2761 3532 2823 3583 ὲκ
2860 3529 3027 3584 τύπου
3064 3530 3173 3600 (59)
3206 3531 3233 3582 6
3261 3532 3448 3602 μηδεν),
3485 3531 3635 3601 τόπῳ
3667 3525 3849 3599 χωρού-

633 3626 777 3679 nullo
802 3626 903 3680 loci
946 3627 1118 3696 spatio
1149 3626 1476 3689 continetur,
1509 3625 1614 3687 ille,
1649 3624 1888 3693 inquam,
1916 3623 2195 3691 temporis,

2301 3638 2493 3693 μενος,
2536 3622 2565 3674 6
2606 3622 2862 3690 ἄχρονος,
2908 3622 2936 3673 ὁ
2974 3620 3278 3691 ἀσώματος,
3322 3622 3350 3673 6
3383 3621 3759 3692 ἀπερίληπτος.
3798 3613 3849 3668 '0

630 3723 684 3767 c:
732 3715 991 3785 corporis,
1027 3725 1081 3770 et
1112 3713 1633 3782 circumscriptionis
1669 3726 1883 3781 expers.
1928 3712 2106 3778 Idem,
2144 3720 2197 3765 et

2301 3710 2604 3775 αὐτὸς,χώ
2628 3706 2713 3781 ἧν,
2742 3712 2836 3763 κα).
2871 3710 3112 3777 γίνεται·
3148 3710 3243 3764 καὶ
3279 3709 3419 3780 ὑπὲρ
3444 3711 3634 3780 χρόνον
3659 3704 3740 3780 ἦν,
3770 3705 3849 3759 καὶ

632 3816 750 3861 erat
799 3818 852 3862 et
894 3807 992 3861 fit:
1027 3817 1083 3860 et
1124 3821 1285 3874 supra
1337 3817 1547 3873 tempus
1582 3813 1736 3870 erat,
1766 3812 1822 3856 et
1861 3802 1960 3857 sub
1991 3812 2197 3870 tempus

2301 3801 2405 3855 ὑπὸ
2443 3801 2631 3872 χρόνον
2678 3799 2928 3871 ἔρχεται·
2979 3801 3071 3853 κα).
3104 3800 3331 3871 ἀόρατος
3378 3796 3465 3871 ἦν,
3510 3803 3608 3854 καὶ
3656 3800 3848 3871 ὁρᾶται.

633 3899 817 3963 venit;
850 3909 904 3952 et
948 3898 1231 3952 invisibilis
1262 3906 1421 3963 erat,
1457 3906 1511 3950 et
1548 3897 1779 3949 videtur.
1835 3893 1902 3947 In
1946 3895 2197 3962 principio

2312 3897 2408 3948 Ἐν
2445 3894 2601 3963 ἀρχῇ
2645 3891 2743 3965 ἦν,
2776 3895 2872 3948 καί
2909 3895 3058 3962 πρὸς
3102 3895 3210 3949 τὸν
3252 3898 3401 3950 Θεὸν
3438 3893 3533 3965 ἦν,
3577 3898 3674 3951 καὶ
3728 3895 3851 3959 Θεὸς

631 4002 765 4055 erat,
796 4001 844 4044 et
871 3990 1010 4060 apud
1038 3988 1203 4043 Deum
1226 3999 1358 4055 erat,
1383 4000 1431 4041 et
1461 3988 1596 4041 Deus
1610 3996 1719 4040 erat
1746 3986 2014 4040 ".Tertio
2050 4000 2197 4053 repe-

2301 3981 2399 4055 ἥν.
2438 3986 2634 4058 Τρίτον
2666 3986 2746 4050 τὸ,
2776 3981 2874 4055 ἦν,
2904 3985 2982 4056 τῷ
3026 3986 3244 4057 ἀριθμῷ
3276 3988 3675 4060 βεϐαιούμενον.
3712 3990 3770 4040 '0
3794 3976 3853 4055 ἦν

634 4083 772 4136 ritur
816 4083 916 4137 hoc
950 4083 1210 4146 verbum,
1240 4089 1389 4147 erat,
1430 4088 1486 4133 ut
1519 4092 1746 4132 numero
1775 4077 1892 4146 ipso
1916 4077 2203 4132 confirme-

635 4181 740 4226 tur.
770 4172 825 4228 ld
860 4172 1001 4241 quod
1043 4179 1196 4236 erat,
1243 4169 1579 4224 exinanivit:
1615 4168 1664 4221 id
1687 4207 1702 4232 ,
1740 4168 1882 4236 quod
1909 4183 2013 4221 non
2048 4177 2201 4231 erat,

703 4288 801 4340 "l
862 4288 983 4341 Cor.
1048 4303 1120 4351 Ix,
1168 4285 1357 4339 20-21
1465 4285 1509 4317 ¹⁸
1549 4286 1704 4337 lium.
1754 4300 1836 4347 Vt,
1901 4283 1998 4340 18.
2049 4284 2138 4338 22.

2265 4286 2305 4317 ⁸⁸
2345 4284 2518 4340 Galat.
2582 4300 2673 4348 ιιι,
2719 4286 2804 4339 15.

633 4360 679 4391 ¹²
718 4357 851 4412 Luc.
882 4374 958 4421 γι,
986 4358 1072 4411 17.
1149 4360 1194 4388 ³³
1218 4358 1383 4411 Mare.
1410 4371 1484 4422 tv,
1511 4356 1599 4410 58.
1655 4354 1700 4386 ³³
1725 4354 1854 4409 ibid.
1895 4354 1942 4384 “
1962 4351 2119 4407 Joan.
2168 4370 2197 4407 ι¹

2301 4355 2339 4409 3.
2414 4356 2460 4386 "
2488 4353 2642 4408 Joan.
2690 4371 2761 4419 χι,
2805 4356 2892 4411 33.

2303 4077 2541 4131 ὲκένωσε
2574 4077 2709 4149 (40),
2742 4079 2837 4132 κα).
2868 4078 2897 4131 ὃ
2944 4076 3018 4148 μὴ
3058 4073 3126 4147 ἦν
3172 4080 3532 4150 προσέλαϐεν⁸
3566 4081 3627 4134 ού
3659 4080 3745 4132 δύο
3769 4093 3849 4145 γε·

2303 4169 2530 4240 νόμενος
2577 4168 2711 4240 (41),
2755 4168 2869 4222 ἀλλ’
2895 4169 2952 4222 ἓν
2984 4170 3050 4223 ἐκ
3091 4169 3199 4223 τῶν
3227 4170 3319 4222 δύο
3362 4168 3614 4238 γενέσθαι
3647 4165 3852 4237 ἀνασχό-

2910 4287 2955 4317 ¹⁰
2996 4289 3098 4342 isa.
3132 4305 3210 4351 Ix,
3257 4287 3309 4339 2.
3414 4287 3456 4317 ’ί
3499 4284 3687 4340 Matth.
3732 4300 3777 4351 ν,
3807 4281 3848 4335 1·

2970 4358 3013 4389 ³⁷
3052 4357 3204 4412 Joan.
3245 4373 3284 4422 ι,
3327 4356 3379 4409 1.

701 4474 815 4545 (‘28)
862 4475 955 4541 Ὠς
979 4474 1099 4530 ὑπὸ
1133 4477 1278 4546 rcﬂuo
1294 4493 1345 4531 ν.
1388 4478 1479 4535 Sic
1526 4477 1632 4534 duo
1668 4477 1835 4547 chg.
1868 4486 1922 4532 et
1962 4475 2125 4532 Coisl.
2152 4477 2197 4532 '5.

2384 4478 2495 4549 (55)
2523 4476 2625 4531 Διὰ
2652 4476 2845 4549 τοῦτο.
2883 4475 2999 4531 Duo
3020 4474 3205 4543 Coisl.,
3238 4485 3467 4544 quatuor
3490 4473 3667 4541 Colb.,
3691 4473 3776 4528 0r.
3807 4469 3849 4534 l,

632 4545 755 4599 Haec
787 4549 977 4597 desunt
1019 4549 1067 4597 in
1093 4552 1177 4599 ed.

631 4615 815 4733 λοὲἳθ)
854 4617 921 4667 Ὂ
962 4615 1116 4683 μηδὲ
1142 4617 1400 4685 Παῦλος.
1453 4616 1617 4673 Coisl.
1644 4617 1697 4683 1,
1746 4618 1883 4689 ὅπερ
1918 4616 2011 4670 κα).
2057 4616 2208 4671 Παῦ-

663 4701 825 4872 0330)‘
858 4753 1129 4831 ’ξιιυτοιλ
1188 4757 1277 4810 Sic
1302 4756 1434 4824 Reg.
1466 4757 1576 4819 bm,
1630 4754 1725 4811 Or.
1762 4756 1787 4810 1
1839 4766 1893 4811 et
1927 4756 2115 4812 Cornb.
2150 4754 2207 4809 lu

663 4842 680 4872 η(
704 4860 742 4872 ..
769 4839 950 4872 αυτου.

632 4837 1034 4967 εἶιξῗῖτῖἔῧτο
1061 4894 1337 4967 εὑρίσκω.
1377 4892 1641 4967 Coisl.},
1678 4893 1867 4949 τούτου
1903 4894 2012 4967 γάρ
2044 4894 2206 4947 πλέον

633 4961 891 5031 εὑρίσκω,
929 4979 947 5010 ι
973 4961 1179 5031 plenius
1206 4964 1381 5031 adhuc
1407 4962 1627 5031 reperio.
1657 4981 1677 5015 ι

705 5029 814 5099 (52)
846 5029 1136 5085 Οὺκέστι
1162 5029 1295 5101 μέν,
1332 5038 1437 5085 etc.
1502 5029 1621 5083 Bill.
1674 5048 1689 5085 :
1726 5049 1745 5084 ι
1777 5033 1984 5085 tametsi
2046 5032 2202 5099 falso,

636 5102 962 5154 nominatur.
993 5120 1011 5153 ι
1047 5101 1283 5156 Probare
1311 5116 1414 5154 non
1455 5115 1737 5168 possumus
1767 5102 1905 5157 banc
1934 5102 2031 5155 visi
2063 5103 2205 5157 docti

637 5171 1154 5237 interpretationem.
1201 5168 1451 5225 Christus
1502 5171 1718 5238 quidem
1770 5186 1868 5226 nec
1928 5181 2205 5239 peccatum

638 5240 783 5300 fecit,
814 5253 913 5292 nec
943 5240 1118 5293 facere
1148 5242 1345 5309 potuit;
1399 5239 1491 5293 sed
1550 5240 1689 5293 Deus
1718 5240 1864 5294 illum
1903 5256 1997 5306 pro
2056 5242 2210 5295 nobis

636 5320 914 5379 peccatum
960 5309 1104 5363 fecit.
1150 5308 1526 5378 Metapliorice
1576 5309 1737 5378 igitur
1783 5321 2058 5379 peccatum
2112 5311 2211 5363 fuit

635 5378 1068 5501 C’illl‘iSlllsﬁWFeu
1098 5380 1272 5435 hostia
1316 5395 1416 5450 pro
1471 5390 1724 5448 peccato;
1759 5378 1900 5449 quod
1927 5382 2213 5437 excludere

637 5459 845 5501 \‘Itt’llll‘
920 5466 931 5501 ι
979 5466 1077 5501 ms.

637 5463 845 5501 νιιιριιιι·
877 5463 1077 5502 UIIIHIS.

641 5518 825 5637 e“$355)
869 5519 921 5571 '0
959 5514 1345 5587 ὲξαγορὰζων.
1407 5518 1500 5575 Sic
1544 5518 1678 5590 Reg.
1730 5518 1841 5574 bm.
1891 5519 2051 5575 Deest
2079 5518 2109 5572 6
2158 5519 2211 5575 in

641 5600 726 5639 eu.

717 5657 825 5719 (54)
853 5660 1192 5729 Σαγηνεύει,
1220 5657 1415 5714 πάντα
1451 5658 1667 5729 στέγει,
1703 5661 1802 5727 ἵν’,
1826 5668 1927 5716 ctc.
1963 5658 2124 5715 Coisl.
2160 5660 2211 5725 1,

649 5742 845 5797 σαγηνε
856 5728 932 5778 ύει
973 5732 1197 5796 πάντας,
1226 5729 1329 5783 ἵνα.

2311 4547 2415 4602 etc.
2428 4587 2441 4605 .
2480 4548 2568 4601 διὰ
2598 4547 2801 4602 τοῦτον.

2385 4618 2496 4686 (56)
2528 4619 2656 4670 Ὅτε
2694 4616 2954 4669 ἐτέλεσε.
2990 4616 3080 4673 Sic
3116 4615 3294 4685 plures
3314 4614 3479 4685 Regg.
3514 4611 3749 4676 etColb.,
3770 4606 3851 4665 0r.

2314 4688 2366 4751 1,
2398 4700 2501 4738 etc.
2531 4686 2686 4739 Deest
2712 4687 2799 4737 ὅτε
2831 4688 2881 4737 in
2914 4689 2998 4741 ed.

2384 4756 2495 4827 (37)
2528 4753 2812 4827 Μετῆρεν.
2856 4755 2986 4823 Reg.
3016 4758 3125 4827 byn,
3154 4753 3432 4824 μετῆλθεν.

2383 4819 2494 4894 (38)
2529 4819 2853 4898 Φῶμςᾷιέτα.
2899 4819 3008 4878 Duo
3040 4819 3217 4898 Coisl.,
3258 4819 3311 4875 et
3346 4827 3448 4877 duo
3477 4823 3625 4898 (loli).
3654 4819 3853 4898 addunt,

2312 4896 2409 4965 τῆς
2440 4891 2805 4964 ἐπιγνώσεως,
2866 4911 2887 4945 ι
2913 4910 3155 4965 rnagnam
3209 4897 3380 4947 lucem
3437 4895 3637 4948 notitiae
3682 4891 3766 4943 Dei
3801 4897 3855 4939 ac

2310 4966 2451 5019 fidei.
2478 4983 2497 5016 ι

2343 5034 2492 5157 ό(59)
2532 5035 2627 5089 Ἐκ
2676 5033 2883 5088 τόπου.
2917 5032 3008 5088 Sic
3035 5032 3199 5092 Coisl.
3229 5032 3265 5086 3
3308 5039 3363 5086 et
3387 5029 3479 5087 0r.
3508 5032 3557 5085 1.
3595 5030 3652 5084 In
3674 5028 3775 5090 ed.,
3802 5023 3857 5075 ὲκ

2375 5121 2509 5157 πων.

2310 5120 2490 5158 τοπων
2496 5142 2509 5155 .

2384 5173 2498 5243 (40)
2555 5173 2618 5225 Ὃ
2655 5168 2735 5241 ἧν
2781 5170 3061 5227 ἐκένωσε.
3117 5170 3311 5243 (Quod
3357 5178 3475 5224 erat
3513 5163 3849 5243 9;itlan-it’it:lt

2316 5232 2630 5311 llujtistrIOtli
2662 5232 2988 5296 locutionum
3033 5232 3438 5311 explicationem
3478 5240 3661 5311 videin
3699 5232 3855 5311 libello

2316 5303 2551 5381 Leporii,
2585 5310 2787 5381 Concil.
2826 5322 2954 5381 tom.
3002 5311 3065 5372 ll,
3105 5303 3225 5378 pag.
3264 5308 3391 5361 1681
3445 5318 3497 5362 et
3546 5309 3625 5381 in_
3642 5303 3855 5358 celeber-

2319 5375 2453 5436 rima
2488 5383 2545 5435 ὃ.
2581 5380 2773 5433 Leonis
2796 5384 2860 5432 ad
2892 5375 3198 5433 Flavianum
3234 5381 3413 5445 epist.,
3448 5392 3563 5442 cap.
3598 5375 3648 5428 ὅ.

2390 5450 2503 5519 (41)
2542 5450 2622 5503 Οὐ
2654 5450 2762 5502 δύο
2789 5451 3121 5519 γενόμενος,
3160 5442 3450 5519 ριςξιΝιιιι
3491 5446 3594 5519 duo
3638 5442 3853 5519 facilis”

2319 5515 2736 5587 quasi’seorsitn
2789 5515 2843 5570 et
2893 5515 2998 5573 duo
3050 5519 3164 5571 lilii.
3195 5516 3329 5569 Vere
3384 5516 3580 5587 etenim
3610 5515 3854 5587 Uill'isllhz

2320 5569 2839 5655 ἓιῖιῖῐίᾱίβςόῖιίιέ
2865 5569 2992 5641 sint
3031 5569 3259 5647 natnrm,
3291 5585 3746 5660 coniposilltsesl;
3777 5569 3856 5660 ξξξά

2321 5643 2458 5713 unus
2492 5643 2696 5711 tantum
2730 5672 2794 5710 cx
2817 5660 3093 5727 utriusque
3126 5643 3328 5711 natura:
3359 5643 3736 5722 compositione
3756 5643 3856 5697 elli-

2321 5730 2458 5783 citur
2486 5729 2744 5783 Christus.
