4010 6316
96 2288 103 2301 ,
190 2232 303 2301 σῆς,
331 2234 434 2287 καὶ
484 2230 651 2301 οὗτος
678 2237 952 2304 τοσοῦτον,
988 2239 1130 2294 ὥστε
1163 2241 1317 2312 μόλις
1366 2243 1492 2295 ἰδεῖν
1538 2243 1671 2296 Θεοῦ
1716 2242 1789 2296 τὰ

211 284 309 342 285
1176 300 1432 360 ORATIO
1465 304 1893 369 XXXVII.-lN
1931 314 2190 375 ΜΑΤΤΠ.
2230 318 2367 388 XIX,
2411 321 2556 378 1-12.
3361 327 3495 386 286.

213 416 382 513 tisse;
433 399 586 513 ‘Oebi
606 406 1105 513 'pomdptpdcspa,
1140 413 1200 467 τό
1247 432 1308 469 τε
1345 418 1673 489 προσλαϐὸν,
1708 426 1783 478 κα¹

1902 433 2230 499 assumpsit:
2262 449 2366 490 non
2408 437 2513 491 duo
2563 437 2776 503 factus,
2813 440 2906 495 sed
2950 456 3115 496 unum
3159 455 3227 497 ex
3268 443 3461 513 duplici

206 491 262 594 τό
296 491 697 601 προσληὲθέν’
732 498 832 601 ’δύο
884 502 1076 570 φύσεις
1127 504 1208 569 είς
1259 506 1317 560 ἓν
1360 511 1783 583 συνδραμοῦσαιε

2088 491 2101 499 .
2627 491 2638 493 -
2720 491 2776 503 ἡ,
2813 491 2905 495 ν---
2955 491 3115 496 νηη-
3163 491 3227 497 ν-
3268 491 3461 513 --τ--ν-

1900 529 2090 576 natura
2121 523 2235 577 fieri
2278 526 2577 583 sustinens.
2614 528 2789 584 Ambo
2813 530 2956 585 enim
2989 531 3149 597 Deus,
3179 534 3465 601 nimirum,

206 583 294 693 ᾕχ
333 583 443 693 υἱοὶ
486 585 589 693 δύο
617 603 633 617 ο
686 589 760 660 μὴ
806 592 1226 661 καταψευδέσθω
1264 598 1296 666 ἡ
1332 598 1636 672 σύγκρασις
1661 606 1783 677 (42)

1896 612 2039 679 quod
2082 617 2411 686 assumpsit,
2447 628 2501 671 et
2525 622 2665 688 quod
2697 632 3028 692 assumptum
3058 633 3138 679 est
3173 644 3187 680 :
3218 626 3337 681 dum
3371 583 3467 680 na:

396 675 428 726 ὀ
461 675 818 745 τηλικοῦτος,
850 684 879 735 ὀ
910 683 1198 747 τοσοῦτος
1247 687 1381 743 ἀλλὰ
1419 690 1473 744 τί
1519 673 1783 765 πέπονθα)

1915 673 1931 679 -
2268 673 2283 686 ,
2397 673 2409 680 .
2542 673 2556 688 ,
2611 673 2664 675 γε
2702 673 3028 692 πεπτω---
3061 673 3137 679 -_-
3174 673 3187 680 -
3227 673 3336 681 πη
3371 673 3436 680 -.κ

1901 711 2032 757 tura:
2058 702 2114 757 in
2146 721 2307 760 unum
2362 719 2771 777 concurrentes,
2802 726 2905 766 nou
2935 713 3039 767 duo
3092 713 3183 768 filii
3249 729 3315 768 ne
3343 714 3471 769 falsi

204 764 375 877 [I‘a'itv‘
399 767 763 867 ὲμπέπτωκα
790 774 872 835 είς
898 773 1216 845 ἀνθρώπινα
1251 780 1493 851 ῥήματα.
1526 785 1653 849 Πῶς
1690 787 1783 859 γὰρ

1898 803 2024 847 nota
2061 804 2335 862 prematur
2366 797 2556 853 unitio.
2633 797 2730 853 Hic
2785 801 2874 869 qui
2910 810 3088 857 tantus
3115 812 3219 869 est,
3250 812 3465 870 tamque

198 856 253 909 τὸ
278 856 490 910 ἁπλοῦν
534 862 839 929 τοσοῦτον;
881 864 996 929 πῶς
1033 866 1090 920 δὲ
1122 868 1183 921 τὸ
1221 869 1424 926 ἄποσον
1449 856 1783 946 τηλικοῦτονξ

208 948 314 971 ΊΙῚἿ
331 948 359 971 2.
413 949 533 971 91--
616 970 631 971 κ
799 953 813 971 Ι
1032 956 1059 970 Α.
1107 959 1123 971 ι
1152 965 1164 971 -
1351 965 1363 971 -
1383 946 1386 950 ’
1461 966 1471 971 -
1619 967 1635 971 _

1899 856 2125 951 magnus
2157 904 2170 938 :
2211 886 2303 940 sed
2343 888 2472 956 quid
2501 889 2640 957 ago?
2683 856 2893 945 Rursus
2924 891 2976 945 in
3028 856 3263 947 humana
3298 856 3461 947 verba

220 948 360 1053 Δλλὰ
392 949 539 1053 ⁴δότε
602 953 939 1053 συγγνώμην
990 956 1069 1027 τῷ
1107 959 1279 1032 λόγῳ⁶
1339 948 1557 1036 ὀργάνῳ
1610 967 1783 1039 βραχεῖ

1897 974 2177 1044 prolapsus
2207 990 2350 1032 sum.
2391 977 2509 1044 Quo
2538 979 2681 1033 enim
2715 980 2894 1047 modo,
2928 984 3070 1051 quod
3101 985 3325 1051 simplex
3357 994 3461 1047 est,

347 1041 463 1147 τῶν
524 1046 812 1147 μεγίστων
862 1048 1190 1122 φθέγγομαι.
1226 1056 1336 1108 Καὶ
1384 1056 1545 1110 τοῦτο
1597 1060 1783 1115 οἴσειί

1899 1041 2100 1119 tantum
2134 1081 2255 1120 esse
2284 1041 2502 1136 potest?
2534 1070 2651 1136 Quo
2689 1071 2813 1125 item
2858 1041 3037 1135 modo,
3069 1041 3219 1142 quod.
3249 1041 3463 1141 quanti:-

196 1129 375 1191 πολὺς,
413 1132 445 1183 ὁ
479 1132 874 1204 μακρόθυμος,
916 1138 948 1207 ἡ
979 1138 1216 1204 ἀνείδεος
1250 1142 1412 1211 φύσις
1446 1146 1539 1197 καὶ
1574 1147 1796 1219 ἀσώμα-

192 1237 295 1283 τος,
316 1222 450 1285 τοὺς
479 1223 566 1287 ὡς
615 1225 748 1296 περὶ
776 1225 1026 1297 σώματος
1063 1232 1157 1285 καὶ
1184 1234 1576 1306 τῆςιάληθείας
1603 1238 1794 1308 λόγους

192 1312 632 1384 ἀσθενεστέρους
662 1316 795 1387 (45).
824 1318 886 1371 Et
920 1319 1029 1392 γὰρ
1078 1323 1257 1393 σάρκα
1303 1325 1537 1395 ἐδέξατο,
1576 1330 1667 1383 καὶ
1700 1330 1792 1385 τὸν

191 1399 427 1453 τοιοῦτον
461 1402 710 1474 φέρεται
741 1404 855 1477 (44)
898 1406 1075 1477 λόγον.

1904 1161 2065 1207 tatem
2112 1155 2312 1223 nescit,
2367 1166 2525 1211 tantae
2565 1160 2985 1228 tiiaguitudinis?
3017 1160 3121 1215 Sed
3155 1162 3313 1216 dictis
3362 1176 3460 1216 no-

1899 1241 2047 1305 stris,
2083 1257 2300 1311 quaeso,
2354 1244 2615 1314 ignoscite
2653 1265 2667 1302 :
2720 1246 2922 1319 ergauo
2964 1250 3157 1320 exiguo
3197 1251 3261 1305 de
3302 1252 3462 1305 rebus

1898 1335 2149 1389 maximis
2176 1334 2339 1406 647
2371 1337 2581 1406 loquor.
2625 1339 2801 1409 Atque
2836 1343 2935 1397 hoc
2976 1342 3111 1397 feret
3140 1343 3337 1397 multus
3373 1343 3463 1397 ille

1895 1432 1949 1473 et
1982 1421 2324 1490 longanimis,
2350 1434 2541 1479 natura
2573 1426 2661 1480 illa
2688 1428 2873 1484 forma:
2898 1438 2953 1485 et
2980 1431 3222 1499 corporis
3244 1444 3460 1498 expers,

193 1496 347 1563 quod,
372 1496 530 1551 velut
564 1499 638 1555 de
660 1515 888 1571 corpore
913 1501 1162 1574 loquens,
1194 1507 1582 1568 inﬁrmioribus
1610 1513 1789 1569 verbis
1826 1524 1968 1582 utar,
2002 1533 2162 1587 quam
2200 1520 2402 1576 veritas
2438 1520 2550 1591 ipsa
2585 1522 2836 1591 postulet.
2866 1520 3000 1576 Nam
3056 1496 3181 1577 cum
3242 1496 3461 1576 carnem

190 1591 518 1658 susceperit,
558 1593 752 1663 utique
774 1604 831 1651 et
858 1595 1161 1664 hujusmodi
1190 1612 1493 1654 sermonem
1532 1602 1784 1670 perferet.

250 1683 321 1737 Γ.
362 1687 484 1738 Καὶ
502 1687 946 1759 ἠκολούθησαν
956 1690 1115 1757 αὐτῷ
1130 1691 1300 1761 ὄχλοι
1314 1697 1529 1749 πολλοὶ
1548 1697 1783 1769 (45),'xal

1966 1700 2059 1753 III.
2102 1696 2173 1751 Et
2199 1707 2389 1752 secutw
2427 1706 2549 1752 sunt
2577 1714 2692 1752 eum
2720 1698 2884 1753 turba:
2923 1697 3101 1752 multa:
3124 1740 3139 1763 ,
3173 1705 3222 1751 et
3263 1697 3461 1750 curavit

188 1774 612 1841 ἐθεράπευσεν
630 1779 857 1847 αὐτοὺς
876 1780 1019 1847 ἐκεῖ,
1049 1781 1177 1836 ἔνθα
1212 1783 1310 1837 πλε
1319 1784 1453 1858 ίωνὴ
1470 1789 1566 1859 ὲρη
1576 1789 1693 1858 μία.
1727 1791 1783 1843 E!

1891 1803 1977 1841 eos
2021 1787 2163 1850 illic,
2204 1787 2294 1841 ubi
2337 1788 2541 1841 vastior
2578 1787 2808 1843 solitudo
2851 1798 2988 1842 erat.
3036 1787 3094 1841 Si
3146 1787 3196 1840 in
3247 1785 3458 1855 specula

189 1866 278 1918 ἐπὶ
308 1867 411 1937 τῆς
451 1868 604 1933 ἰδίας
659 1870 841 1941 ἔμεινε
897 1874 1203 1944 περιωπῆς,
1250 1876 1298 1927 εἰ
1350 1876 1424 1947 μὴ
1480 1879 1783 1950 συγκατέὅη

1890 1892 1983 1933 sua
2014 1877 2322 1943 mansisset,
2357 1880 2399 1933 si
2431 1880 2496 1933 ad
2526 1880 2804 1934 hominum
2837 1878 3207 1933 infirmitatem
3242 1877 3461 1931 minime

187 1960 247 2027 τῇ
285 1957 583 2029 ἀσθενείᾳ,
614 1962 665 2013 εἰ
694 1962 831 2032 ὅπερ
859 1957 928 2034 ἦν
971 1962 1230 2034 ἕμεινειν,
1274 1966 1568 2038 ἀπρόσιτον
1598 1968 1783 2022 ἑαυτὸν

1890 1980 1947 2020 se
1974 1965 2294 2032 demisisset,
2322 1967 2390 2033 si,
2416 1970 2557 2036 quod
2591 1978 2730 2034 erat,
2767 1971 3074 2032 mansisset,
3109 1966 3458 2022 inaccessibi-

189 2047 476 2114 φυλάττων
511 2051 614 2104 καὶ
665 2052 1056 2125 ἀπερίληπτον,
1093 2055 1261 2126 ὀλίγοι
1302 2057 1368 2111 ἂν
1416 2058 1783 2129 ἠκολούθησαν

1890 2056 1994 2111 lem
2058 2056 2292 2124 seipsum
2352 2066 2407 2112 et
2453 2058 3050 2127 ineomprehensibilem
3119 2057 3456 2120 custodiens,

185 2144 375 2212 τυχόν·
407 2146 518 2199 οὐκ
548 2144 666 2200 οἶδα
700 2148 776 2213 δὲ,
802 2151 850 2201 εί
884 2151 977 2203 καὶ
1012 2149 1204 2219 ὀλίγοι,
1244 2153 1384 2223 τάχα
1430 2153 1589 2223 μόνος
1622 2148 1783 2207 Maii}-

1888 2146 2041 2215 pauci
2082 2146 2313 2202 fortasse
2345 2149 2515 2202 secuti
2564 2148 2789 2203 fuissent
2829 2168 2841 2202 :
2880 2159 3042 2218 atque
3072 2150 3213 2203 haud
3243 2147 3357 2202 scio
3388 2162 3456 2200 au

220 2232 303 2301 ἧς,
331 2234 434 2287 καὶ
484 2232 651 2301 οὗτος
678 2237 952 2304 τοσοῦτον,
988 2239 1130 2294 ὥστε
1163 2241 1317 2309 μόλις
1366 2243 1492 2295 ἰδεῖν
1538 2243 1671 2296 Θεοῦ
1716 2242 1789 2296 τὰ
1888 2236 2065 2305 pauci,
2097 2236 2329 2293 fortasse
2353 2239 2564 2309 Moyses
2589 2240 2769 2305 solus;
2800 2240 2959 2306 idque
2980 2241 3142 2295 etiam
3172 2239 3454 2302 hactenus,

1887 2339 1946 2383 ut
1980 2328 2070 2383 Dei
2114 2331 2412 2399 posteriora
2432 2346 2575 2402 aegre
2616 2333 2818 2389 videret
2845 2332 2981 2385 ’9'".
3007 2331 3215 2385 Etenim
3262 2331 3455 2383 nubem

1886 2420 2104 2488 quidem
2152 2421 2238 2477 ille
2273 2426 2575 2492 penetravit
2598 2424 2667 2490 ³⁰,
2702 2434 2857 2479 extra
2936 2422 3176 2491 corporis
3249 2422 3457 2490 pondus

1886 2512 2116 2581 positus,
2145 2524 2235 2569 aut
2280 2531 2312 2569 a
2363 2516 2612 2572 sensibus
2642 2516 2900 2571 collectus
2932 2530 2997 2569 ac
3023 2514 3311 2577 reductus;
3362 2511 3457 2566 Dei

1885 2619 2013 2659 vero
2058 2606 2404 2672 tenuitatem,
2466 2616 2560 2661 aut
2609 2622 2639 2662 a
2678 2620 2905 2675 corpore
2964 2603 3326 2667 vacuitatem,
3365 2610 3458 2654 aut

1884 2710 2204 2765 quocunque
2234 2696 2447 2751 tandem
2478 2696 2585 2752 alio
2634 2699 2856 2752 nomine
2887 2710 2973 2750 res
3032 2709 3094 2750 ea
3140 2691 3457 2762 appellanda

1883 2788 1981 2847 sit,
2010 2802 2117 2855 quo
2158 2789 2370 2841 tandem
2399 2790 2557 2842 modo
2600 2788 2907 2854 perspicere
2932 2785 3221 2852 potuisset,
3272 2781 3363 2851 qui
3402 2788 3461 2834 et

186 2321 429 2379 ὀπίσθια.
478 2326 603 2397 Τὴν
637 2327 735 2399 μὲν
763 2327 870 2400 γὰρ
910 2330 1140 2401 νεφέλην
1169 2331 1400 2402 διέσχεν,
1429 2332 1533 2397 ἔξω
1559 2333 1652 2387 τοῦ
1683 2351 1787 2386 σω-

191 2414 420 2481 ματικοῦ
480 2416 692 2489 βάρους
737 2420 1062 2490 γενόμενος,
1101 2422 1133 2494 ἢ
1185 2423 1467 2487 συσταλεὶς
1519 2424 1629 2478 ἀπὸ
1678 2425 1786 2480 τῶν

190 2503 500 2574 αἰσθήσεων
526 2525 544 2540 ο
574 2508 710 2563 Θεοῦ
746 2511 802 2564 δὲ
840 2511 1163 2584 λεπτότητα,
1201 2514 1235 2585 ἢ
1285 2515 1703 2587 ἀσωματότητα,
1748 2517 1781 2587 ἢ

188 2598 284 2649 οὑκ
311 2595 431 2653 οἴδα
477 2602 636 2667 ὅπως
672 2602 787 2673 (46)
813 2603 877 2656 ἄν
914 2620 999 2668 τις
1033 2604 1345 2675 ὀνομάσειε,
1388 2606 1505 2670 πῶς
1536 2605 1602 2659 ἂν
1630 2606 1786 2661 ἐθεά-

196 2705 320 2743 σατο
353 2692 530 2764 σῶμά
574 2712 633 2748 τε
675 2694 772 2761 ὢν,
814 2697 909 2748 καὶ
956 2695 1234 2767 αἰσθητοῖς
1274 2698 1573 2769 ὀφθαλμοῖς
1613 2716 1782 2769 προσ-

194 2779 439 2847 ϐάλλωνς
503 2785 647 2838 Ἀλλ’
708 2787 894 2859 ἐπειδὴ
948 2785 1201 2841 κενοῦται
1250 2788 1317 2840 δι’
1366 2789 1547 2859 ἡμᾶς,
1596 2789 1782 2860 ἐπειδὴ

197 2874 531 2945 κατέρχεται
588 2875 840 2946 (κένωσιν
870 2877 927 2930 δὲ
976 2877 1120 2946 λέγω
1171 2879 1272 2950 τὴν
1322 2878 1423 2948 τῆς
1469 2875 1626 2947 δόξης
1672 2872 1781 2930 οἷον

196 2960 384 3028 ὖφεσίν
419 2984 485 3018 τε
530 2967 625 3019 καὶ
674 2966 1013 3039 ἐλάττωσιν),
1049 2968 1140 3023 διὰ
1190 2969 1350 3023 τοῦτο
1399 2968 1647 3041 χωρητὺς
1693 2969 1780 3037 γί-

197 3069 362 3108 νεται.

1883 2894 2075 2948 corpus
2097 2889 2234 2946 erat,
2260 2889 2312 2936 et
2332 2881 2606 2951 corporeis
2640 2880 2813 2935 oculis
2866 2876 3160 2933 cernebat?
3221 2873 3455 2939 Verum,

1882 2971 2134 3039 quoniam
2163 2983 2344 3027 nostra
2385 2986 2550 3027 causa
2577 2969 2911 3034 exinanitur,
2944 2966 3197 3037 quoniam
3230 2965 3459 3020 descen-

1807 3055 1849 3112 C
1884 3062 1960 3116 dit
1996 3061 2453 3133 (exinanitionem
2482 3072 2659 3114 autem
2716 3074 2884 3124 voco,
2911 3057 3065 3129 quasi
3104 3054 3290 3128 gloria:
3327 3054 3456 3111 sub-

197 3150 515 3207 missionem
578 3160 635 3208 et
698 3152 1191 3228 imminutionem),
1247 3155 1451 3211 idcirco
1491 3152 1854 3225 perceptibilis
1903 3164 1958 3210 et
2001 3154 2506 3227 comprehensibilis
2544 3152 2792 3210 efﬁcitur.

262 3342 335 3392 A'.
374 3341 514 3393 Δότε
563 3339 622 3394 δέ
681 3339 793 3413 (47)
829 3343 949 3412 ’μοι
1010 3338 1343 3411 συγγνώμην
1398 3338 1639 3410 μεταξὺ,
1690 3336 1784 3390 καὶ

200 3426 364 3491 πάθος
392 3446 450 3483 τι
488 3429 831 3500 ἀνθρώπινον
876 3430 1038 3483 πάλιν
1082 3430 1367 3500 πάσχοντι.
1410 3427 1597 3499 Θυμοῦ
1644 3426 1785 3497 πλη-

204 3516 395 3586 ροῦμαι
429 3521 529 3573 καὶ
554 3520 733 3591 λύπης
760 3523 853 3575 ἐπὶ
885 3522 963 3592 τῷ
996 3521 1114 3592 ἐμῷ
1140 3521 1379 3592 Χριστῷ,
1409 3519 1783 3589 συμπάσχοιτε

201 3606 252 3659 δὲ
287 3610 401 3679 (48)
450 3613 550 3665 καὶ
588 3614 764 3684 ὑμεῖς.
798 3614 927 3667 ὅταν
961 3613 1053 3666 ἴδω
1086 3612 1172 3666 διὰ
1201 3612 1359 3666 τοῦτο
1387 3610 1784 3681 ἁτιμαζόμενόν

205 3708 299 3759 μου
326 3696 418 3748 τὸν
451 3698 711 3768 Χριστὸν,
736 3698 802 3750 δι’
830 3698 858 3751 ὃ
898 3698 1133 3769 μάλιστα
1166 3696 1430 3768 τιμᾶσθαι
1457 3696 1663 3758 δίκαιος
1689 3690 1779 3766 ἦν.

203 3784 291 3837 Διὰ
320 3788 484 3841 τοῦτο
515 3790 624 3861 γὰρ
660 3792 874 3862 ἄτιμος,
906 3791 1028 3844 εἰπέ
1079 3807 1192 3861 μοι,
1240 3790 1322 3843 ὅτι
1361 3790 1450 3844 διὰ
1490 3789 1549 3842 σὲ
1592 3805 1784 3843 ταπει-

206 3878 319 3942 veg;
347 3880 451 3932 Διὰ
493 3880 654 3933 τοῦτο
692 3881 919 3952 κτίσμα,
949 3882 1030 3933 ὅτι
1067 3879 1162 3933 τοῦ
1197 3880 1493 3951 κτίσματος
1522 3882 1779 3951 adﬂarat;

205 3974 297 4025 Διὰ
328 3974 495 4029 τοῦτο
522 3975 629 4027 ὑπὸ
665 3974 876 4046 χρόνον,
912 3975 993 4027 ὅτι
1025 3975 1152 4038 τοὺς
1185 3974 1290 4026 ὑπὸ
1327 3981 1516 4044 χρόνον
1558 3973 1783 4026 ἐπισκέ-

208 4082 427 4133 πτεται;
474 4066 623 4137 Πλὴν
672 4066 851 4119 πάντα
880 4065 1060 4136 φέρει,
1090 4064 1270 4119 πάντα
1314 4065 1547 4135 δέχεται.
1579 4067 1689 4119 Καὶ
1728 4066 1783 4119 τί

209 4157 556 4230 θαυμαστόν;
619 4159 967 4228 Ῥαπίσματα
1036 4157 1304 4227 ἤνεγκεν,
1372 4156 1783 4227 ὲμπτυσμάτων

211 4251 481 4322 ἠνέσχετο.
511 4250 675 4320 χολῆς
709 4248 972 4318 ἐγεύσατο
1006 4247 1092 4300 διὰ
1126 4247 1225 4319 τὴν
1263 4248 1404 4319 ἐμὴν
1442 4246 1651 4315 γεῦσιν.
1685 4248 1785 4300 Φέ-

210 4358 285 4411 ρει
315 4346 407 4396 καὶ
440 4342 537 4395 νῦν
578 4340 950 4410 λιθαζόμενος,
997 4340 1057 4391 ού
1096 4340 1254 4409 μόνον
1304 4339 1409 4392 ὑπὸ
1445 4339 1555 4393 τῶν
1600 4342 1781 4410 ἐμπη-

213 4438 524 4504 ρεαζόντων,
565 4433 703 4487 ἀλλὰ
748 4434 841 4487 καὶ
876 4434 967 4502 ὑφ’
1008 4432 1164 4503 ήμῶν
1194 4431 1371 4485 αὐτῶν
1403 4431 1512 4485 τῶν
1539 4432 1781 4484 εὐσεϐεῖν

209 4525 516 4581 δοκούντων.
569 4525 644 4578 Τὸ
691 4523 802 4595 γὰρ
855 4522 986 4593 περὶ
1030 4522 1321 4593 ἀσωμάτου
1377 4522 1775 4592 διαλεγόμενον,

1960 3333 2051 3388 IV.
2100 3335 2177 3388 Ac
2203 3333 2333 3388 mihi
2358 3322 2517 3388 velim
2542 3332 2856 3402 ignoscatis,
2891 3302 3141 3385 affectum
3173 3326 3456 3399 quemdam

1886 3429 2178 3484 humanum
2221 3443 2409 3482 rursus
2448 3425 2722 3480 sentienti.
2770 3426 2852 3478 Ira
2886 3433 2941 3479 et
2976 3436 3207 3477 maerore
3233 3418 3457 3488 implcor

1883 3530 2104 3590 propter
2133 3534 2309 3573 meum
2340 3517 2638 3581 Christum,
2673 3516 2901 3586 (utinam
2935 3513 3032 3581 ipsi
3061 3526 3270 3580 quoque
3295 3509 3456 3563 simul

1886 3613 2112 3669 doleatis
2135 3612 2178 3679 ι)
2214 3627 2334 3667 cum
2366 3626 2490 3665 eum
2531 3609 2634 3663 hac
2662 3610 2728 3661 de
2768 3622 2928 3661 causa
2961 3602 3226 3660 contemni
3256 3615 3318 3655 ac
3358 3613 3458 3668 pro

1888 3701 2062 3757 nihilo
2090 3700 2277 3756 haberi
2306 3700 2605 3769 conspicio,
2638 3708 2856 3768 prOplel‘
2881 3710 3040 3760 quam
3072 3707 3195 3747 eum
3223 3690 3457 3745 maxime

1884 3794 2139 3851 honorari
2170 3808 2271 3863 par
2302 3800 2443 3848 erat.
2485 3792 2567 3845 An
2606 3789 2825 3853 idcirco,
2855 3787 2942 3842 dic
2973 3785 3124 3848 mihi,
3158 3782 3374 3838 humilis
3402 3790 3456 3835 et

1884 3885 2129 3955 ahjectus
2180 3892 2297 3949 est,
2352 3883 2473 3953 quia
2528 3890 2748 3951 propter
2801 3888 2856 3934 te
2899 3876 3155 3932 humilis?
3205 3875 3286 3928 An
3336 3873 3456 3927 ideo

1883 3984 2133 4028 creatura
2158 4012 2173 4041 ,
2202 3974 2327 4043 quia
2366 3973 2435 4028 de
2481 3983 2730 4026 creatura
2779 3968 3043 4024 sollicitus
3071 3965 3189 4021 est?
3220 3966 3301 4018 An
3334 3963 3455 4018 ideo

1884 4066 2113 4136 tempori
2148 4067 2354 4130 subest,
2388 4063 2512 4135 quia
2545 4077 2660 4126 eos,
2692 4061 2784 4131 qui
2818 4058 3044 4129 tempori
3087 4055 3335 4120 subsunt,
3367 4054 3451 4107 il-

1882 4157 2047 4212 visit?
2079 4156 2457 4212 Verumtamen
2501 4154 2683 4209 omnia
2732 4153 2876 4215 fert,
2906 4148 3086 4205 omnia
3126 4144 3344 4214 excipit.
3389 4144 3455 4200 Et

1881 4249 2009 4319 quid
2064 4247 2298 4302 mirum?
2341 4246 2535 4315 Alapas
2574 4245 2693 4298 tulit
2724 4240 2986 4309 ",sputis
3039 4236 3253 4311 asttetgi
3288 4234 3455 4292 susti-

1884 4342 2021 4405 nuit,
2064 4348 2284 4409 propter
2332 4348 2544 4406 gustum
2594 4348 2770 4390 mettm
2814 4330 2882 4389 fel
2930 4334 3165 4401 gustavit
3190 4332 3255 4384 ⁸².
3303 4328 3456 4382 Nune

1882 4433 2043 4487 etiam
2092 4446 2152 4485 se
2183 4430 2450 4500 lapidibus
2479 4427 2673 4483 incessi
2725 4427 2925 4495 patitur
2951 4423 3015 4490 ³³,
3046 4436 3149 4475 non
3185 4421 3342 4473 modo
3385 4417 3455 4470 ab

1886 4522 2318 4578 obtrectantibus
2360 4531 2414 4576 et
2460 4519 2811 4580 vexantibus,
2861 4516 2953 4569 sed
3003 4528 3032 4567 a
3086 4512 3239 4565 nobis
3288 4508 3453 4562 etiam

213 4620 533 4689 σωματικοῖς
573 4614 875 4687 κεχρῆσθαι
905 4614 1155 4684 ὀνόμασι,
1185 4614 1347 4683 τυχὸν
1372 4612 1783 4684 ἐπηρεαζόντων

1890 4614 2039 4683 ipsis,
2075 4631 2166 4684 qui
2205 4613 2324 4669 fidei
2362 4612 2614 4683 pietatem
2663 4609 2997 4679 profitemur.
3034 4603 3242 4658 Etenim
3277 4602 3341 4656 de
3373 4600 3456 4654 in-

213 4705 318 4759 ἐστὶ
361 4707 459 4760 καὶ
504 4703 829 4768 λιθαζὸντων
873 4702 1013 4772 (49)·
1059 4702 1194 4755 ἀλλὰ
1243 4701 1561 4773 συγγνώμη,
1622 4703 1782 4757 πάλιν

211 4790 359 4861 λέγω,
404 4796 473 4865 τῇ
539 4791 808 4863 ἀσθενείᾳ.
859 4790 1163 4859 Λιθάζομεν
1210 4789 1320 4861 γὰρ
1378 4790 1477 4860 οὐχ
1531 4792 1782 4861 ἑκόντες,

213 4882 333 4939 ἀλλὰ
363 4886 427 4939 τὸ
464 4882 805 4954 φθέγγεσθαι
845 4881 1019 4945 ἄλλως
1047 4884 1147 4935 οὑκ
1179 4881 1411 4951 ἔχοντες,
1436 4877 1480 4951 ᾧ
1510 4883 1567 4936 δὲ
1589 4884 1784 4956 ἔχομεν

211 4977 491 5047 χρώμενοι.
523 4976 699 5043 Λόγος
734 4973 974 5039 ἀκούεις,
1013 4974 1108 5026 καὶ
1140 4972 1281 5043 ὑπὲρ
1322 4972 1478 5041 λόγον
1518 4972 1599 5029 εἴ·
1641 4977 1782 5050 ὑπὲρ

1890 4720 2147 4775 corporeo
2194 4706 2595 4775 disputantem,
2646 4698 2923 4768 corporeis
2979 4695 3288 4750 nominibus
3338 4692 3453 4756 uti,

1890 4800 2137 4853 vexantis
2172 4797 2399 4853 fortasse
2436 4794 2617 4859 fuerit,
2644 4804 2700 4848 et
2736 4790 3058 4861 Iapidantis;
3090 4787 3181 4842 sed
3230 4784 3457 4839 infirmi-

1890 4891 1987 4944 tati
2025 4901 2243 4957 uostrae,
2274 4891 2469 4945 iterum
2510 4889 2707 4950 dicam,
2740 4884 2897 4938 venia
2921 4881 3267 4936 concedatur.
3297 4876 3455 4944 Lapi-

1889 4983 2081 5039 danms
2108 4985 2252 5037 enim
2293 4981 2435 5036 haud
2484 4980 2769 5035 lubenter:
2815 4974 2907 5029 sed
2940 4973 3067 5043 quia
3114 4970 3270 5025 aliter
3311 4967 3456 5038 loqui

273 5112 388 5145 ’Μ’
428 5111 599 5166 Exod.
639 5125 830 5176 xxxiii,
863 5110 955 5166 23.
1027 5110 1073 5143 ³ο
1110 5110 1282 5166 Exod.
1305 5127 1398 5178 xx,
1450 5112 1542 5167 21.
1619 5114 1663 5146 ³³
1701 5116 1783 5172 illa

1907 5137 2015 5186 xiv,
2043 5121 2129 5177 65.
2209 5123 2253 5155 ³²
2291 5120 2451 5177 Joan.
2478 5135 2591 5183 xu,
2624 5117 2713 5171 ΞΩ.
2785 5115 2831 5147 ³³
2869 5113 3024 5168 Joan.
3059 5128 3115 5176 χ,
3150 5113 3239 5167 51.

274 5232 383 5303 (42)
415 5232 513 5301 Μὴ
545 5228 1021 5310 κατωψεγδέσθω.
1040 5229 1455 5310 ἠρύγςκραοίς.
1501 5248 1519 5280 ι
1542 5228 1620 5310 i‘ie
1650 5231 1773 5310 falsi

214 5299 323 5356 noia
350 5299 631 5380 prematur
668 5299 860 5380 unitio.
886 5318 905 5350 ι
966 5299 1059 5354 Sic
1085 5299 1230 5370 loqui
1257 5299 1494 5353 maluere
1524 5300 1777 5380 theologi,

214 5384 319 5451 post
352 5368 539 5426 natum
563 5370 876 5451 Eutychetis
909 5368 1172 5435 errorem,
1209 5384 1371 5451 quam
1401 5368 1775 5451 συγκράσεως,

215 5444 258 5493 Id
294 5453 395 5504 est,
437 5460 456 5491 ι
481 5449 894 5504 comuusttoms,
919 5458 937 5491 ι
986 5454 1119 5493 voce
1159 5449 1259 5505 uti,
1318 5439 1447 5494 licet
1500 5437 1780 5498 familiaris

213 5512 273 5565 sit
303 5511 579 5581 Gregorio.

277 5582 382 5653 (45)
414 5577 942 5653 ’Ἁσθενεστέρουᾳ
981 5577 1138 5653 Deest
1169 5578 1220 5633 in
1255 5577 1387 5650 Reg.
1419 5579 1471 5635 b.

275 5648 381 5717 (Mt)
407 5652 667 5718 φέρεται.
698 5650 911 5719 μοιιιιιη
940 5648 1173 5719 φερέτω.

274 5722 381 5793 (45)
413 5717 659 5780 Πολλοί.
696 5717 1199 5786 Nonuulliaddunt,
1236 5721 1385 5793 φησί.

1953 5238 2221 5320 (Mifﬂin:
2250 5233 2381 5291 οἴδα
2409 5237 2590 5301 ὅπως.
2631 5234 2723 5288 Sic
2779 5245 2888 5291 tres
2918 5234 3070 5290 Colb.
3130 5233 3185 5287 ln
3217 5233 3327 5296 ed.,
3354 5232 3455 5297 οὐκ

1876 5304 1992 5360 οἶδα
2017 5308 2154 5371 πῶς.

1948 5378 2058 5447 (47)
2092 5377 2184 5429 Δέ.
2222 5377 2377 5429 Deest
2405 5375 2457 5427 in
2626 5376 2672 5429 1.

1948 5444 2059 5514 (48)
2092 5447 2183 5500 Δέ.
2228 5448 2383 5514 Deest
2423 5446 2474 5499 in
2502 5444 2633 5514 Reg.
2673 5446 2724 5500 ι).

1947 5509 2071 5584 (49)
2105 5509 2609 5584 Ἐπηρείιζόντων’
2627 5515 2757 5567 ἐστι
2806 5513 2904 5567 καὶ
2946 5510 3322 5584 λιθαζόντωτς.
3361 5509 3453 5584 Sic

1876 5578 2159 5710 ieiuniiétlulh.
2192 5578 2465 5642 et'Comb.
2501 5583 2556 5637 lu
2579 5587 2688 5651 ed.,
2718 5583 3151 5657 ἐπηρεαζόντων,
3180 5578 3341 5653 τυγὺν
3366 5578 3451 5636 λι-

1910 5675 1974 5710 αι
2010 5674 2165 5710 ντων.

1910 5674 2165 5721 αςοντων.
