4010 6316
562 337 671 395 237

1800 329 1860 386 S.
1903 329 2231 386 GRECOBII
2273 327 2620 386 THEOLOGI

3729 335 3835 392 2338

566 471 671 509 non
729 464 1053 522 possumus,
1111 448 1308 518 quibus
1362 459 1646 515 possumus
1690 445 1868 498 verbis
1918 449 2139 500 utimur.

2248 448 2362 515 φῶς
2394 443 2464 510 εἷ,
2505 447 2597 500 καὶ
2637 445 2751 515 φῶς
2776 446 3050 520 ὀνομάζῃ·
3087 447 3197 518 πῦρ
3232 449 3470 513 ἀκούεις,
3504 453 3612 502 οὐκ
3644 453 3835 525 αἰσθη-

570 545 805 598 Verbum
830 541 1028 597 diceris
1051 578 1065 604 ,
1098 550 1151 593 et
1178 539 1342 592 verbo
1371 538 1518 592 omni
1555 537 1803 606 superior
1835 553 1928 601 es;
1963 538 2133 592 lucem

565 649 808 704 superas,
833 645 886 688 et
912 633 1000 686 lux
1031 631 1365 697 nominaris;
1402 629 1537 699 ignis
1573 629 1806 692 vocaris,
1835 627 2002 700 648
2033 645 2136 684 non

567 727 708 794 quod
741 726 790 778 in
823 739 1039 779 sensum
1073 723 1255 784 cadas,
1286 723 1378 775 sed
1406 721 1532 790 quia
1557 719 1728 774 levem
1755 730 1806 773 et
1835 721 2134 789 improbam

569 816 845 871 materiam
876 828 1142 882 expurgas
1174 831 1188 867 :
1225 813 1455 883 gladius,
1490 813 1614 880 quia
1657 822 1864 868 rectum
1921 828 1951 866 a
1991 815 2134 869 malo

567 909 810 964 scindis:
855 908 1248 971 ventilabrum,
1299 907 1422 975 quia
1473 920 1654 959 aream
1711 921 2002 976 repurgas,
2035 922 2135 975 ac,

568 999 830 1070 quidquid
869 999 986 1053 leve
1013 1007 1066 1052 et
1100 1007 1378 1052 ventosum
1411 1010 1516 1062 est,
1553 997 1825 1065 rejiciens,
1869 998 1918 1051 id
1947 1013 2132 1061 omne,

567 1092 712 1160 quod
759 1106 922 1161 grave
964 1100 1018 1144 et
1053 1091 1265 1158 plenum
1305 1098 1422 1152 est,
1455 1089 1507 1142 in
1545 1103 1775 1157 superna
1819 1090 2007 1142 horrea
2048 1105 2134 1142 re-

569 1181 756 1236 condis
781 1199 795 1246 ;
824 1181 1026 1235 securis
1050 1220 1066 1244 ,
1098 1181 1222 1250 quia
1257 1180 1506 1233 diuturna
1542 1179 1798 1246 patientia
1833 1191 1886 1232 et
1913 1180 2135 1234 lenitate

570 1287 732 1335 usus,
787 1270 1153 1340 infrugifcram
1205 1271 1360 1324 ticum
1415 1271 1628 1322 tandem
1665 1269 1935 1323 ettscindis
1963 1309 1978 1334 ,
2007 1269 2134 1338 quia

571 1362 932 1431 improbitatis
975 1362 1182 1416 radices
1221 1371 1506 1426 amputas;
1547 1362 1740 1414 ostium
1768 1401 1782 1423 ,
1813 1370 2030 1428 propter
2055 1361 2138 1412 itt-

575 1454 1004 1518 troductionem;
1053 1453 1161 1517 via,
1211 1453 1334 1522 quia
1381 1461 1528 1506 recto
1580 1452 1777 1505 itinere
1823 1451 2135 1521 gradimur;

572 1542 720 1607 ovis,
749 1546 875 1613 quia
923 1545 1176 1610 victima;
1238 1543 1513 1612 pontifex,
1550 1543 1674 1613 quia
1721 1558 1919 1612 corpus
1940 1543 2136 1608 oll'ers,

574 1631 772 1697 Filius,
823 1635 946 1701 quia
992 1633 1187 1688 Patris.
1225 1634 1432 1688 Rursus
1468 1633 1680 1701 linguas
1716 1634 1881 1688 incito
1912 1650 1974 1688 ac
2009 1649 2138 1702 pro.

577 1737 750 1786 voco;
787 1739 971 1778 rursus
1003 1724 1260 1778 adversus
1288 1723 1561 1778 Christum
1594 1723 1809 1790 quidam
1841 1724 2133 1790 insaniunt,

2241 539 2332 603 τὸς
2385 539 2481 602 ὣν,
2525 539 2636 592 ἀλλ’
2677 540 2758 592 ὃτι
2813 541 2910 609 τὴν
2966 539 3172 608 κούφην
3213 541 3306 592 καὶ
3359 541 3652 613 μοχθηρὰν
3699 545 3832 598 ἁνα-

2241 629 2519 700 καθαίρεις
2541 628 2674 700 ὕλην
2697 645 2710 659 ·
2753 629 3018 700 μάχαιρα,
3049 632 3130 683 ὅτι
3172 631 3390 701 τέμνεις
3423 634 3484 685 τὸ
3508 637 3700 706 χεῖρον
3727 637 3835 690 ἀπὸ

2239 721 2333 774 τοῦ
2382 721 2720 792 κρείττονοςο
2749 720 2938 785 πτύον,
2983 722 3064 774 ὅτι
3107 722 3500 793 ἀνακαθαίρεις
3548 725 3653 795 τὴν
3696 725 3828 792 ἅλω,

2240 812 2334 865 καὶ
2383 812 2506 866 ὅσον
2535 810 2736 879 κοῦφόν
2789 828 2848 864 τε
2895 813 2990 865 καὶ
3020 813 3299 882 ἀνεμιαῖον
3329 815 3828 886 ἀποπεμπόμενος,

2238 903 2360 956 ὅσον
2394 903 2532 974 βαρὺ
2565 903 2658 956 καὶ
2694 902 2897 973 πλῆρες
2939 903 3048 973 (50)
3094 905 3187 957 ἐπὶ
3249 905 3348 968 τὰς
3396 907 3694 977 ἀποθήκας
3733 909 3829 974 τὰς

2239 993 2352 1047 ἄνω
2373 993 2484 1063 (5i)
2509 992 3036 1063 ὲναποτίθεσαι(52)·
3066 993 3247 1064 ἀξίνη,
3272 996 3354 1048 ὅτι
3383 996 3496 1067 (55)
3525 999 3632 1067 τὴν
3662 997 3830 1069 ἄκαρ-

2241 1101 2339 1138 πον
2380 1084 2667 1147 ὲκκόπτεις
2701 1085 2870 1155 συκῆν
2905 1085 2997 1138 ἐπὶ
3049 1087 3182 1141 πολὺ
3231 1088 3711 1159 μακροθυμήσας,
3749 1091 3828 1144 δτι

2239 1175 2336 1239 τὰς
2370 1175 2524 1247 ῥίζας
2571 1176 2859 1245 ὲκτέμνεις
2896 1176 2998 1246 τῆς
3042 1179 3338 1248 πονηρίας·
3375 1179 3552 1250 θύρα,
3591 1180 3686 1234 διὰ
3733 1181 3826 1252 τὴν

2239 1268 2580 1337 εἰσαγωγήν·
2633 1267 2787 1331 ὁδὸς,
2859 1269 2940 1322 ὅτι
3006 1269 3444 1341 εύθυποροῠμενο
3525 1271 3822 1341 πρόϐατον,

2239 1353 2321 1411 ὃτι
2366 1358 2546 1429 θῦμαο
2606 1361 2927 1431 ἀρχιερεὺς,
2970 1361 3052 1414 ὅτι
3127 1364 3456 1433 προσφέρεις
3503 1362 3571 1415 τὸ
3633 1364 3821 1434 σῶμα·

2240 1451 2386 1517 Υἱὸς,
2425 1453 2506 1504 ὅτι
2544 1453 2776 1523 Πατρός.
2815 1453 2980 1506 Πάλιν
3030 1454 3164 1507 κινῶ
3197 1454 3296 1517 τὰς
3331 1454 3629 1522 γλώσσας·
3667 1455 3826 1508 πάλιν

2223 1542 2382 1595 ’κατά
2447 1542 2686 1612 Χριστοῦ
2743 1560 2886 1606 τινες
2947 1543 3256 1613 μαίνονται,
3309 1543 3511 1613 μᾶλλον
3575 1544 3658 1607 δὲ,
3706 1547 3822 1598 κατ’

2241 1631 2398 1703 ἐμοῦ,
2446 1633 2504 1696 ὃς
2541 1632 2778 1704 ἠξιώθην
2821 1635 2913 1688 τοῦ
2963 1635 3137 1703 Λόγου
3193 1634 3444 1702 γενέσθαι
3499 1634 3704 1706 κῆρυξ.
3741 1636 3824 1700 Ὡς

2251 1723 2505 1794 Ἰωάννης
2542 1724 2798 1795 γίνομαι·
2846 1724 3016 1792 Φωνὴ
3061 1723 3332 1791 ,ϐοῶντος
3361 1725 3430 1778 ἐν
3474 1723 3556 1792 τῇ
3605 1725 3816 1794 ἐρήμῳ,

572 1814 656 1866 vel
685 1815 966 1868 adversum
996 1831 1080 1868 me
1103 1815 1300 1883 potius,
1326 1814 1438 1882 qtti,
1465 1824 1520 1868 ut
1551 1812 1708 1868 Verbi
1731 1816 1910 1868 lierem
1939 1830 2137 1884 praeco,

2247 1816 2437 1886 ερήμῳ
2488 1815 2615 1868 ποτὲ
2665 1815 2760 1868 καὶ
2803 1815 3039 1886 ἀνύδρῳ,
3087 1815 3181 1869 νῦν
3230 1815 3288 1869 δὲ
3336 1814 3428 1868 καὶ
3472 1815 3602 1868 λίαν
3643 1817 3820 1869 οἰκου-

574 1903 765 1973 dignus
793 1905 1002 1958 habitus
1047 1920 1186 1958 sum.
1233 1905 1300 1960 Ut
1322 1905 1558 1959 Joannes
1585 1905 1788 1958 eilicior
1818 1923 1832 1959 :
1881 1903 1996 1957 V0.1:
2021 1903 2136 1958 cla-

2249 1905 2406 1976 μένῃ.
3505 1936 3546 1946 -

572 1997 764 2049 mantis
791 1999 846 2048 in
884 1995 1089 2051 deserto
1113 1997 1179 2060 ³⁵,
1209 1997 1422 2052 deserto
1455 1999 1671 2066 quidem
1703 1998 1853 2067 prius
1899 1997 2038 2062 loco,
2086 1998 2140 2052 et
2179 1997 2420 2054 siccitate
2449 1999 2744 2064 laboranti,
2783 2011 2928 2052 nunc
2973 2006 3154 2052 autem
3220 1993 3374 2050 valde
3445 1995 3738 2056 habitabili
3769 2004 3822 2050 et

571 2088 863 2158 frequenti.

645 2180 707 2234 V.
757 2181 1020 2234 Caeterum
1045 2219 1060 2242 ,
1097 2190 1155 2234 ut
1193 2181 1256 2233 ad
1300 2195 1411 2234 rem
1446 2181 1684 2244 redeam,
1724 2194 2139 2249 sermonemque

571 2285 750 2324 meum
775 2282 1034 2338 repetam,
1065 2273 1184 2324 ideo
1209 2273 1570 2340 sequebantur
1597 2288 1718 2326 eum
1746 2275 1912 2327 turbas.
1937 2273 2136 2338 multze,

570 2362 696 2430 quia
739 2361 804 2416 ad
862 2362 1194 2417 inﬁrmitatis
1252 2372 1450 2417 nostra:
1497 2372 1712 2431 captum
1769 2378 1828 2418 se
1883 2363 2136 2416 demittit.

571 2451 708 2517 Quid
736 2451 958 2518 postea?
995 2449 1063 2503 Et
1098 2461 1443 2516 accesserunt,
1471 2452 1665 2520 inquit,
1701 2453 1768 2505 ad
1797 2469 1914 2504 eum
1951 2451 2140 2504 Phari-

571 2546 686 2606 sn't',
720 2552 973 2597 tentantes
1002 2559 1140 2608 eum,
1167 2552 1214 2596 et
1238 2545 1464 2597 dicentes
1492 2559 1511 2596 :
1546 2543 1607 2598 Si
1637 2543 1756 2596 licet
1785 2543 1982 2595 homini
2011 2561 2142 2612 qna-

571 2652 771 2704 rnnqne
814 2652 878 2688 ea:
920 2652 1078 2688 causa
1119 2635 1384 2688 dimittere
1435 2650 1648 2688 uxorem
1702 2636 1896 2688 suam?
1933 2635 2139 2689 ltursus

571 2724 829 2779 Pharisaei
861 2735 1107 2789 tentant;
1158 2741 1368 2790 rursus,
1399 2727 1489 2794 qui
1524 2726 1690 2795 legem
1733 2725 1934 2794 legunt,
1968 2726 2139 2795 legem

574 2832 679 2869 non
731 2815 1061 2885 intelligunt;
1109 2829 1328 2880 rursus,
1383 2816 1473 2883 qui
1523 2829 1583 2870 se
1637 2814 1768 2884 legis
1818 2815 2139 2882 interpretes

572 2907 917 2975 proﬁtentur,
971 2907 1241 2976 magistris
1293 2906 1413 2959 aliis
1456 2920 1590 2973 opus
1648 2906 1868 2960 habent.
1935 2905 2137 2960 Parum

571 3009 686 3052 erat
733 2998 1056 3052 Sadducaeos
1107 2998 1169 3051 de
1225 2997 1617 3051 resurrectione
1648 3004 1924 3061 tentasse,
1978 2997 2141 3065 legis-

572 3089 778 3158 peritus
827 3087 896 3142 de
951 3087 1280 3156 perfectione
1341 3085 1746 3154 interrogasse,
1803 3084 2142 3140 llerodianos

572 3180 640 3234 de
669 3193 869 3244 censu,
895 3177 1027 3233 alios
1065 3179 1131 3232 de
1160 3185 1445 3246 potestate.
1474 3175 1666 3232 Adhuc
1692 3177 1758 3230 de
1792 3175 2142 3232 matrimonio

573 3270 842 3340 quispiam
887 3285 1042 3335 eum,
1071 3267 1162 3339 qui
1205 3267 1401 3323 tentari
1443 3282 1550 3322 non
1581 3275 1792 3336 potest,
1824 3267 1915 3336 qui
1953 3268 2142 3322 'ntatri-

573 3361 813 3414 monium
838 3359 1063 3423 creavit,
1091 3358 1180 3428 qui
1213 3371 1281 3412 ex
1310 3357 1482 3431 prima
1511 3370 1672 3411 causa
1703 3357 2012 3412 universum
2042 3356 2143 3410 hoc

2315 2179 2392 2231 E'.
2435 2176 2584 2245 Πλὴν
2618 2176 2752 2245 ὅπερ
2803 2173 3008 2241 ἔλεγον,
3060 2172 3146 2226 ἵνα
3195 2172 3330 2246 πρὸς
3377 2171 3468 2224 τὸν
3515 2172 3653 2242 ἐμὸν
3690 2171 3820 2225 ἀνα-

2239 2272 2434 2342 δράμω
2462 2269 2639 2338 λόγον,
2674 2267 2762 2320 διά
2793 2266 2950 2319 τοῦτο
2983 2264 3307 2334 ἠκολούθουν
3345 2263 3454 2334 (54)
3481 2262 3641 2333 αὐτῷ
3678 2263 3816 2332 ὄχλοι

2244 2363 2451 2426 πολλοὶ,
2479 2362 2560 2414 ὅτι
2593 2363 2713 2423 ταῖς
2748 2358 3051 2422 ἀσθενείαις
3079 2357 3501 2426 συγκαταϐαίνει
3536 2359 3659 2418 ταῖς
3687 2359 3818 2426 ἠμε-

2244 2454 2453 2527 τέραις.
2499 2446 2632 2504 Εἶτα
2679 2450 2764 2515 τίς
2799 2449 2910 2502 Καὶ
2957 2448 3308 2517 προσῆλθον
3334 2446 3517 2514 αὐτῷ,
3555 2447 3734 2517 φησὶν,
3765 2441 3816 2498 οἱ

2243 2543 2582 2613 Φαρισαῖοι,
2617 2540 2992 2609 πειράζοντες
3035 2539 3220 2594 αὐτὸν
3259 2539 3356 2592 καὶ
3393 2540 3710 2606 λέγοντες·
3751 2539 3815 2591 El

2240 2637 2482 2702 ἔξεστιν
2517 2633 2804 2700 ἀνθρώπῳ
2850 2633 2999 2686 κατὰ
3046 2631 3252 2702 πᾶσαν
3282 2632 3479 2684 αἰτίαν
3517 2629 3814 2683 ἀπολῦσαι

2242 2728 2356 2796 τὴν
2388 2726 2639 2796 γυναῖκα
2671 2723 2891 2787 αὐτοῦ;
2926 2722 3092 2776 Πάλιν
3129 2724 3408 2792 Φαρισαῖοι
3456 2719 3774 2792 πειράζουσι
3796 2736 3807 2748 ·

2243 2819 2405 2873 πάλιν
2434 2819 2482 2870 οἱ
2516 2817 2607 2870 τὸν
2665 2816 2828 2885 νόμον
2891 2812 3373 2882 ἀναγινώσκοντες,
3419 2810 3514 2864 τὸν
3562 2813 3722 2882 νόμον
3756 2810 3812 2864 οὐ

2242 2908 2570 2978 γινώσκουσι
2593 2923 2606 2938 ·
2645 2906 2805 2960 πάλιν
2843 2907 2890 2957 oi
2923 2903 3186 2974 ἐξηγηταὶ
3214 2907 3324 2976 (55)
3358 2904 3451 2957 τοῦ
3480 2905 3650 2974 νόμου
3693 2919 3811 2969 τυγ-

2243 3000 2517 3070 χάνοντες,
2563 2997 2734 3051 ἄλλων
2785 2996 3115 3050 διδασκάλων
3159 2995 3385 3049 δέονται.
3417 2996 3535 3048 Οὐκ
3583 2994 3811 3065 ἤρκεσαν

2244 3089 2590 3142 Σαδδουκαῖοι
2620 3089 2731 3156 (56)
2767 3087 3115 3159 πειράζοντες
3146 3087 3272 3157 περὶ
3317 3088 3690 3148 ἀναστάσεως,
3725 3081 3810 3136 καὶ

2243 3195 2459 3251 νομικοι
2487 3179 2884 3249 πυνθανόμενοι
2915 3178 3044 3248 περὶ
3085 3175 3456 3247 τελειότητος,
3504 3177 3604 3228 καὶ
3647 3175 3811 3244 Ἥρω-

2242 3271 2411 3326 διανοὶ
2440 3271 2566 3342 περὶ
2607 3271 2827 3342 κήνσου,
2859 3269 2952 3321 καὶ
2984 3268 3112 3339 περὶ
3145 3267 3391 3332 ἐξουσίας
3419 3266 3621 3339 ἕτεροι.
3663 3263 3809 3318 Ἀλλά

2244 3364 2338 3417 καὶ
2372 3363 2498 3432 περὶ
2545 3363 2724 3431 γάμου
2756 3376 2841 3423 τις
2873 3358 3032 3413 πάλιν
3083 3359 3262 3429 ἐρωτᾷ
3310 3356 3420 3429 (57)
3460 3357 3555 3411 τὸν
3592 3355 3810 3426 ἀπείρα-

573 3451 854 3506 hominum
887 3465 1056 3521 genus
1089 3449 1346 3513 condidit,
1385 3457 1786 3517 percunctatur.
1820 3449 1938 3517 Ipse
1959 3459 2138 3504 autem

2247 3473 2388 3519 στον,
2412 3456 2503 3509 τὸν
2535 3455 2759 3524 κτίστην
2787 3452 2888 3521 τῆς
2929 3450 3213 3519 συζυγίας,
3243 3451 3334 3504 τὸν
3370 3451 3435 3505 ὲκ
3461 3451 3567 3520 τῆς
3599 3447 3808 3520 πρώτης

575 3543 926 3611 respondens.
957 3545 1089 3597 dixit
1113 3543 1231 3598 eis:
1269 3540 1389 3595 Non
1418 3541 1631 3610 legistis,
1658 3541 1784 3609 quia
1817 3541 1862 3595 is
1903 3541 1992 3610 qui
2019 3541 2140 3610 fecit

576 3636 831 3686 hominem
860 3637 924 3686 ab
956 3635 1140 3700 initio,
1174 3633 1464 3686 masculum
1493 3643 1540 3685 et
1575 3630 1820 3699 feminam
1857 3631 1979 3698 fecit
2018 3633 2144 3685 eos?

575 3725 825 3780 Christus
853 3727 1112 3792 quasdam
1158 3724 1485 3792 qumstiones
1534 3720 1746 3775 solvere
1781 3732 1943 3789 atque
1970 3721 2144 3789 expli-

577 3830 703 3868 care
729 3816 884 3882 solet,
912 3817 1171 3884 quasdam
1203 3815 1345 3868 velut
1370 3815 1649 3868 obstructo
1685 3812 2138 3882 interrugatttiutn

576 3920 673 3985 ore
699 3907 1073 3974 comprimere.
1119 3905 1251 3958 Cum
1279 3919 1345 3958 ex
1374 3920 1440 3959 eo
1471 3905 1730 3972 queritur
1755 3920 1768 3957 :
1814 3903 1880 3956 In
1919 3921 2023 3972 qua
2051 3921 2145 3971 po-

577 4005 765 4050 testate
814 3999 924 4050 [nec
965 3997 1201 4066 facis"?
1235 3996 1460 4065 Propter
1507 3997 1775 4062 ingentem
1826 4010 2011 4050 eorum
2053 3995 2144 4065 qui

576 4087 1079 4157 interrogaveram,
1128 4087 1422 4155 ineptiam,
1475 4087 1710 4140 vicissim
1764 4086 1879 4154 ipse
1931 4099 2146 4155 quoque

579 4178 913 4248 interrogat:
964 4177 1258 4245 Bnptismus
1290 4179 1511 4232 Joanm’s
1543 4180 1606 4232 de
1635 4179 1763 4232 cwlo
1800 4189 1910 4231 erat
1935 4217 1950 4242 ,
1984 4194 2050 4230 an
2084 4193 2148 4232 ea:

576 4269 870 4324 hominibus
893 4271 970 4324 ἐἳ
1002 4270 1167 4343 649
1201 4272 1373 4339 Atque
1414 4271 1666 4340 utrinque
1719 4269 2148 4338 interrogatores

575 4380 703 4419 suos
734 4366 930 4435 premit
957 4381 1019 4419 ac
1055 4366 1392 4436 constringit.
1426 4365 1579 4422 Unde
1613 4364 1776 4420 etiam
1815 4364 1967 4418 nobis
2009 4379 2143 4417 nou-

574 4472 848 4526 nunquam
899 4458 964 4512 ad
997 4457 1196 4513 Christi
1242 4458 1596 4512 imitationem
1642 4471 1767 4522 eos,
1796 4457 1885 4524 qui
1930 4455 2146 4510 curiosa

643 4568 690 4601 “
727 4570 919 4626 Matth.
954 4587 1032 4638 ιιι,
1061 4571 1116 4626 5.
1193 4573 1238 4604 ³⁸
1279 4571 1408 4626 Luc.
1437 4585 1527 4638 xx,
1561 4569 1616 4623 2.
1693 4568 1738 4601 ⁸⁸
1778 4568 1907 4622 ibid.
1933 4569 1988 4621 4.

2245 3546 2422 3609 αἰτίας
2474 3545 2584 3614 (58)
2635 3544 2698 3597 τὸ
2747 3545 2854 3596 πᾶν
2924 3544 3033 3596 τῶν
3100 3541 3404 3614 ἀνθρώπων
3463 3541 3624 3611 γένος
3669 3536 3811 3592 τοῦτο

2250 3637 2673 3708 συστησάμενον.
2714 3635 2772 3688 Ὀ
2811 3634 2868 3687 δὲ
2900 3633 3221 3706 ἀποκριθεὶς
3263 3629 3416 3686 εἶπεν
3449 3634 3669 3696 αὐτοῖς’
3702 3629 3810 3684 οὐκ

2247 3728 2562 3797 ἀνέγνωτε,
2614 3727 2707 3779 ὅτι
2744 3729 2776 3780 ὁ
2813 3725 3077 3793 ποιήσας
3109 3724 3176 3788 ἐξ
3229 3722 3444 3793 ἀρχῆς,
3493 3724 3677 3792 ἄρῤεν
3722 3716 3811 3772 καὶ

2249 3820 2407 3888 θῆλυ
2441 3820 2730 3884 ἐποίησεν
2772 3819 3023 3881 αὐτούς
3056 3813 3177 3872 Οἵδε
3213 3818 3364 3880 τινὰς
3400 3818 3497 3887 μὲν
3530 3818 3640 3870 τῶν
3683 3828 3807 3886 sfw-

2251 3911 2460 3979 τήσεων
2499 3908 2754 3971 διαλύειν,
2786 3907 2940 3971 τινὰς
2979 3908 3036 3961 δὲ
3074 3909 3463 3978 ἐπιστομίζειν.
3498 3908 3630 3960 Ὅτε
3680 3906 3809 3974 ὲρω-

2251 4003 2432 4066 τᾶται,
2479 4002 2574 4054 Ἐν
2625 4003 2768 4068 ποίᾳ
2819 4001 3071 4068 ἐξουσίᾳ
3121 3999 3306 4053 ταῦτα
3363 3999 3588 4064 ποιεῒς;
3633 3996 3717 4051 διὰ
3757 3992 3812 4046 τὸ

2247 4089 2388 4156 ἄγαν
2439 4088 2760 4142 ἀπαίδευτον
2797 4089 2906 4141 τῶν
2927 4089 3336 4160 ὲρωτησάντων,
3369 4089 3460 4142 καὶ
3508 4088 3669 4150 αὐτὸς
3698 4086 3809 4139 ἀντ·

2263 4181 2473 4251 ερωτᾷ·
2516 4179 2586 4233 Τὸ
2633 4178 2950 4248 βάπτισμα
2993 4178 3055 4231 τὸ
3121 4179 3392 4232 Ἰωάννου
3442 4179 3579 4249 (59),
3620 4175 3683 4240 ἐξ
3719 4174 3808 4227 οὐ·

2239 4271 2429 4340 ρανοῦ
2481 4268 2580 4340 ἦν,
2636 4271 2673 4338 ἢ
2727 4271 2795 4335 ἐξ
2855 4269 3211 4338 ἀνθρώπων;
3264 4271 3374 4323 Καὶ
3437 4264 3808 4340 ἀμφοτέρωθεν

2249 4362 2570 4434 συμποδίζει
2615 4364 2741 4426 τοὺς
2798 4361 3138 4434 ἐρωτῶντας.
3166 4363 3327 4414 Ὥστε
3393 4361 3666 4432 δυνάμεθα
3727 4353 3809 4408 καὶ

2245 4457 2410 4527 ἡμεῖς
2445 4453 2776 4525 μιμούμενοι
2823 4452 3078 4524 Χριστὸν,
3127 4452 3274 4506 ἐστιν
3303 4453 3391 4506 ὅτε
3425 4454 3549 4516 τοὺς
3582 4450 3688 4522 (60)
3726 4461 3809 4500 πε-

645 4691 758 4761 (50)
795 4693 978 4768 ’ᾭΔσον
1185 4692 1286 4745 καὶ
1306 4691 1555 4759 πλῆρες.
1587 4690 1678 4746 Sic
1713 4691 1953 4746 nonnulli
1989 4691 2141 4747 codd.

2257 4762 2270 4768 _
2328 4689 2439 4768 (εξ)
2476 4687 2703 4768 Ter-ex
2747 4684 2858 4768 τῆς
2893 4684 3126 4768 πρώτης
3169 4683 3385 4762 αιτιαςἶ

577 4761 737 4830 Deest
773 4761 977 4830 πλῆρες
1010 4765 1059 4813 itt
1095 4763 1180 4830 eil.

649 4829 762 4896 (fill
805 4829 914 4894 Τὰς
943 4830 1082 4882 ἄνω.
1127 4829 1248 4882 ΙΙιιδο
1283 4830 1475 4882 desunt
1500 4830 1550 4881 in
1577 4829 1836 4897 pluribus.

645 4900 760 4969 (52)
796 4899 1266 4969 Ἐναποτίθεσαι.
1293 4898 1457 4969 C_oisl.
1493 4900 1548 4969 '5,
1579 4899 1988 4968 ἀποτιθέμενος.

644 4967 760 5035 (55)
805 4968 1021 5034 Ἀξίνη,
1048 4967 1158 5022 ὅτι.
1185 4969 1275 5022 Sic
1310 4967 1403 5031 _0r.
1431 4971 1483 5021 1.
1529 4968 1686 5022 Deest
1710 4970 1790 5021 ὅτι
1814 4967 1876 5021 in
1907 4971 1992 5024 ed.

648 5040 760 5108 (54)
807 5040 1232 5108 Ἦκολούθουν.
1271 5035 1403 5104 Reg.
1446 5039 1532 5108 but
1561 5039 1726 5108 addit,
1768 5037 1885 5108 μέν.

795 5113 859 5162 Οἱ
888 5108 1190 5177 ἐξηγηταί.
1217 5107 1372 5162 Deest
1397 5109 1446 5160 in
1474 5107 1679 5177 duobus
1715 5105 1875 5177 llegg.
1901 5117 1954 5160 et
1975 5105 2067 5161 0r.
2102 5108 2156 5162 1.

795 5113 859 5162 Οἱ
888 5111 994 5174 ἐξη
1076 5111 1190 5162 ταί.
1217 5111 1372 5162 Deest
1397 5111 1446 5160 in
1474 5111 1679 5161 duobus
1715 5111 1875 5177 llegg.
1901 5117 1954 5160 et
1975 5111 2067 5161 Or.
2102 5111 2156 5162 i.

807 5181 928 5250 ρῠκ
978 5126 1246 5250 ignaraque-
1280 5175 1689 5250 Σαδδουκαῖοι.
1729 5177 1856 5250 Ηυξ-ιι
1886 5178 2076 5250 desunt
2106 5177 2157 5230 itt

577 5245 789 5306 duobus
817 5249 984 5317 Regg.
1012 5245 1068 5300 lu
1102 5248 1311 5303 duobus
1338 5249 1459 5302 aliis
1482 5248 1569 5301 hic
1599 5247 1750 5303 locus
1787 5247 1868 5301 sic
1911 5245 2106 5315 legitur
2139 5264 2153 5301 :

576 5321 819 5378 Δέονται.
856 5321 949 5372 καὶ
977 5317 1032 5387 oi_
1049 5317 1416 5387 πειράζοντες,
1446 5327 1551 5370 etc.

647 5390 761 5460 (57)
818 5385 1054 5458 Ἐρωτᾷ.
1089 5456 1101 5460 _
1127 5385 1314 5460 Camb.
1363 5389 1534 5460 legit,_
1560 5387 1823 5456 ἐρωτῶσι,
1846 5403 1905 5460 ὡς
1929 5385 2156 5460 interro-

578 5454 788 5526 gantji
814 5454 1040 5525 eantque
1089 5456 1369 5511 lectionem
1398 5454 1631 5525 praefert,
1683 5473 1802 5526 quae
1837 5454 2038 5509 Christi
2069 5472 2156 5526 re-

579 5525 867 5595 sponSione
893 5527 1264 5582 conﬁrmatur.
1312 5526 1427 5580 Non
1460 5527 1546 5580 uni
1596 5525 1882 5595 siquidem,
1916 5525 2008 5579 sed
2031 5525 2150 5594 plu-

583 5602 733 5667 ribus
769 5599 1074 5667 respondet,
1103 5613 1225 5667 cum
1279 5596 1408 5650 dicit
1439 5614 1452 5649 :
1495 5615 1514 5647 ι
1539 5595 1652 5650 Non
1705 5595 1932 5667 legistis,
1955 5597 2078 5667 quia
2109 5597 2154 5651 is

581 5665 1126 5796 (flui‘fecitgtotninem
1171 5666 1238 5722 ab
1273 5667 1448 5732 initio,
1494 5665 1786 5723 masculum
1811 5677 1866 5723 et
1896 5665 2150 5721 feminam

605 5753 686 5794 eet
741 5752 833 5795 eos
891 5755 912 5790 ι

605 5739 713 5794 'ecit
741 5739 872 5795 eos?
891 5755 912 5790 ο

2253 4750 2453 4828 ὲκγῆς
2506 4750 2844 4828 πρῶτονγτδ
2883 4750 3010 4818 πᾶν,
3060 4750 3188 4814 etc.,
3258 4752 3387 4828 equi
3423 4753 3550 4828 limo
3595 4750 3805 4828 primum

2258 4818 2567 4883 universum
2613 4827 2884 4880 hominum
2942 4841 3109 4895 genus
3159 4823 3459 4895 condidit.»
3500 4818 3628 4895 Qua:
3663 4818 3804 4895 lectio

2259 4900 2798 4968 plattioretttsenSttttt
2837 4887 3030 4968 efﬁcit.
3056 4893 3186 4968 Nam
3215 4907 3277 4946 ex
3316 4892 3628 4968 ltis__verbi_s,
3655 4905 3672 4938 ι
3693 4887 3804 4968 Iit-uti

2256 4960 2510 5039 primum,
2539 4960 2830 5039 ιἈιίειιιιιε
2871 4965 3197 5039 intelligitur,
3262 4964 3348 5039 qui
3407 4961 3533 5039 limo
3568 4960 3804 5039 formatus

2256 5028 2361 5102 est,
2415 5028 2600 5090 et'sic
2659 5037 2821 5088 tutius
2875 5028 3104 5106 humani
3149 5032 3363 5106 generis
3423 5028 3800 5106 radix___evastt.

2258 5099 2432 5162 Verba
2475 5118 2650 5160 tamen
2683 5121 2801 5171 quae
2824 5103 2951 5158 editi
2986 5104 3107 5158 libri
3137 5099 3413 5163 exhibent,
3459 5099 3670 5171 intelligi
3699 5104 3801 5171 prjs'

2259 5158 2868 5244 suni,ﬁqimmaduit-mlum
2886 5174 2983 5226 ista
3005 5171 3169 5244 Pauli,
3187 5172 3306 5224 Act.
3329 5158 3456 5244 t_tvi_t,
3479 5168 3549 5244 26
3572 5185 3585 5218 :
3614 5158 3805 5244 Ἐποίητ

2260 5246 2317 5298 σέ
2351 5263 2410 5298 τε
2440 5239 2501 5312 ἒξ
2545 5244 2663 5307 ἑνὸς
2709 5244 2937 5313 αἵματος
2979 5245 3089 5296 πᾶν
3122 5241 3271 5303 ἔθνος
3327 5239 3798 5313 ἀνθρωπίνη-ωας

2259 5334 2278 5368 ι
2307 5305 2562 5386 Fecitque
2609 5305 2675 5370 ex
2733 5305 2838 5368 uito
2897 5313 3200 5384 (sanguine)
3243 5324 3404 5364 omne
3431 5305 3608 5378 genus
3644 5305 3798 5357 honu-

2255 5401 2401 5446 num,
2434 5404 2453 5437 ι
2492 5395 2595 5440 etc.

2321 5455 2433 5525 (59)
2469 5455 2536 5510 Τὸ
2580 5451 2869 5525 Ἰωάννου.
2906 5451 3142 5525 Deestjro
3182 5451 3232 5525 in
3260 5447 3431 5525 Omni.

2323 5504 2435 5594 ἰθθῇ
2469 5504 3153 5594 imminere—totis:iSic
3201 5504 3307 5594 duo
3351 5516 3500 5571 Colb.
3544 5504 3796 5594 Quanti?-

2251 5575 2757 5664 ctionem—sequitur
2782 5575 3156 5664 Combelisius,
3178 5599 3247 5664 _et
3282 5589 3393 5664 ipse
3428 5575 3639 5664 sequius

2254 5675 2340 5721 tur
2361 5665 2564 5720 Billius.
2592 5655 2604 5664 ’
2627 5665 2752 5728 Alii,
2810 5664 2896 5715 ὅτε
2931 5662 3028 5733 μὲν
3073 5660 3208 5731 περὶ·
3243 5655 3389 5722 τούς,
3439 5657 3580 5722 nullo
3616 5655 3792 5710 sensu-
