4010 6316
226 311 322 367 293

1184 307 1442 365 ORATIO
1482 305 1740 360 XXXVII.
1781 335 1851 349 --
1877 307 1956 361 ’ΣΝ
1992 308 2251 363 MATTH.
2296 310 2434 372 XIX,
2480 313 2625 366 1-12.

3373 318 3477 374 29-!

216 428 499 498 gratiarum
529 433 778 489 tuarum,
807 433 855 479 et
876 437 1051 477 cervus
1080 423 1326 476 amicitia:
1365 431 1491 485 tnw,
1515 421 1936 475 consuetudinem
1966 422 2086 475 vitae
2118 431 2284 476 tecum
2354 423 2541 478 habeat
2564 424 2634 478 ⁸⁸.
2694 423 2958 489 Quocirca
3027 424 3119 481 tibi
3183 430 3476 483 cavendum

166 554 176 588 ί
216 523 312 576 est,
340 528 405 567 ne
441 513 649 567 ﬂuvius
689 516 891 569 alienus
937 515 1213 583 eﬂiciaris;
1247 527 1408 587 alque
1434 517 1554 577 aliis
1579 517 1775 584 potius,
1817 530 1976 584 quam
2011 518 2163 573 uxori
2212 527 2334 583 tuae,
2409 519 2618 588 placere
2679 520 2917 575 studeas.
2949 520 3101 587 Quod
3167 523 3212 577 si
3242 524 3346 577 alio
3370 523 3479 577 fer-

219 616 297 661 tur
315 594 589 672 cupiditas
633 617 747 673 tua,
784 608 920 677 parti
951 623 1165 680 quoque
1207 620 1312 665 tuae
1342 610 1615 665 libidinem
1658 608 1980 679 praescribis.
2046 610 2219 679 Atque
2259 611 2325 664 ad
2368 610 2507 664 hunc
2567 612 2780 680 quidem
2850 617 3064 672 modum
3125 617 3370 674 Salvator
3401 620 3477 675 lo-

215 710 358 754 cutus
384 710 490 754 est.

276 789 349 842 θ’.
384 790 452 841 Τί
494 790 557 843 δὲ
583 791 637 843 οἱ
668 792 983 862 Φαρισαῖοι;
1022 790 1249 860 Τραχὺς
1282 790 1515 856 τούτοις
1545 790 1578 843 ό
1618 789 1800 858 λόγος

1977 783 2065 837 IX.
2108 781 2244 847 Quid
2289 795 2465 837 autem
2501 783 2799 856 Pharisaei?
2826 789 3003 846 Durus
3047 793 3153 846 illis
3199 795 3283 847 hic
3311 792 3480 847 sermo

215 880 451 950 φαίνεται
479 882 627 949 (82).
684 882 793 935 Καὶ
826 882 932 952 γάρ
981 882 1076 934 καὶ
1119 881 1254 934 ἄλλα
1283 879 1396 932 τῶν
1443 878 1623 939 καλῶς
1653 879 1803 947 ἑχόν-

212 990 309 1024 των
350 974 697 1044 ἀπαρέσκει,
743 975 836 1027 καὶ
880 976 994 1037 τοῖς
1038 973 1159 1026 τότε
1193 972 1527 1043 Φαρισαίοις,
1563 970 1657 1023 καὶ
1692 971 1803 1031 τοῖς

212 1061 296 1117 νῦν
324 1063 680 1133 Φαρισαίοις.
715 1066 1013 1136 Φαρισαῖον
1054 1064 1184 1135 γὰρ,
1227 1063 1290 1116 οὐ
1322 1062 1385 1115 τὸ
1424 1062 1580 1131 γένος
1622 1060 1800 1130 μόνον,

210 1155 337 1208 ἀλλὰ
370 1155 468 1207 καὶ
515 1156 546 1207 ὁ
586 1155 794 1228 τρόπος
831 1155 1124 1225 ἐργάζεται
1184 1153 1341 1207 Οὕτω
1375 1153 1471 1206 καὶ
1519 1151 1802 1221 Ἀσσύριον

210 1245 336 1311 οἶδα,
370 1248 468 1301 καὶ
495 1248 832 1316 Αίγύπτιον,
860 1248 950 1300 τὸν
975 1248 1040 1317 τῇ
1079 1246 1396 1317 προαιρέσει
1430 1243 1569 1314 μετὰ
1597 1242 1802 1295 τούτων

209 1343 557 1411 ταττόμενον.
574 1341 648 1393 Τί
667 1334 762 1393 οὗν
780 1340 829 1391 οἱ
848 1340 1165 1409 Φαρισαῖοι;
1191 1340 1262 1391 El
1283 1336 1455 1398 οὕτω,
1482 1335 1644 1405 φασὶν
1665 1332 1800 1402 (85),

213 1436 376 1491 ἐστίν
392 1435 428 1503 ή
450 1435 627 1488 uitia
646 1432 797 1503 μετὰ
822 1430 932 1497 τῆς
954 1429 1260 1499 γυναικὸς,
1290 1430 1361 1482 οὐ
1389 1428 1677 1496 συμφέρει
1696 1440 1801 1493 γα-

210 1528 411 1598 μῆσαι.
448 1525 575 1578 Νῦν
606 1526 668 1578 δὲ
697 1523 853 1577 τοῦτο
882 1521 1337 1592 καταμανθάνεις,
1356 1512 1400 1571 ὦ
1420 1519 1701 1589 Φαρισαῖε,
1719 1514 1799 1578 τὸ,

217 1621 290 1673 Οὐ
322 1616 636 1687 συμφέρει
671 1614 972 1685 ταμῆσαι;
1003 1612 1266 1684 πρότερον
1295 1610 1352 1664 δὲ
1384 1610 1486 1662 οὑκ
1511 1609 1800 1679 ἠπίστασο,

213 1710 365 1781 ἡνίκα
407 1708 513 1771 τὰς
556 1706 792 1778 χηρείας
840 1704 1037 1776 ἑώρας,
1088 1704 1183 1755 καὶ
1225 1705 1325 1764 τὰς
1376 1700 1662 1772 ὀρφανίας,
1709 1700 1803 1752 καὶ

210 1799 329 1861 τοὺς
359 1797 589 1868 ἀώρους
639 1796 923 1858 θανάτους,
960 1794 1056 1847 καὶ
1087 1793 1156 1845 τά
1200 1792 1422 1862 διάδοχά
1455 1791 1562 1845 τῶν
1590 1790 1801 1862 κρότων

216 1889 403 1960 πένθη,
440 1890 543 1941 καὶ
584 1889 714 1950 τοὺς
761 1886 855 1938 ἐπὶ
887 1888 997 1948 τοῖς
1033 1884 1298 1953 θαλάμοις
1321 1883 1432 1953 (84)
1458 1884 1681 1951 τάφους,
1711 1881 1804 1934 καὶ

212 1982 304 2044 τὰς
330 1980 621 2043 ἀτεκνίας,
656 1979 750 2031 καὶ
777 1977 875 2040 τὰς
905 1976 1286 2039 κακοτεχνίας,
1314 1974 1408 2028 καὶ
1437 1976 1562 2037 τοὺς
1594 1972 1803 2036 ἀτελεῖς

1903 875 2197 929 videtur".
2221 874 2329 927 Nec
2361 874 2577 939 mirum,
2603 892 2722 931 cum
2753 889 2803 933 et
2841 882 2959 936 aliis
2990 884 3228 939 honestis
3255 896 3307 938 et
3336 902 3475 952 pne-

1903 966 2067 1019 claris
2112 966 2274 1018 rebus
2303 964 2664 1032 oﬂ‘endantur,
2708 978 2820 1023 tum
2871 972 3011 1027 illius
3048 978 3305 1046 temporis
3336 977 3477 1029 Plia-

1906 1057 2067 1119 risu'i,
2113 1064 2224 1107 tmn
2263 1055 2423 1108 etiam
2472 1069 2759 1113 nosuates.
2799 1060 3126 1118 Pharisaeum
3168 1068 3331 1131 enim,
3367 1083 3470 1121 non

1904 1147 2075 1203 solmn
2117 1162 2306 1215 genus,
2353 1148 2448 1201 sed
2497 1149 2658 1203 etiam
2701 1167 2906 1206 tuorum
2939 1154 3164 1223 vitmque
3202 1157 3337 1211 ratio
3364 1156 3477 1211 elli-

1904 1240 1996 1293 cit.
2026 1238 2117 1292 Sic
2155 1239 2435 1308 Assyrium
2478 1256 2695 1310 quoque
2728 1254 2783 1296 et
2816 1243 3147 1313 :Egyptium,
3182 1262 3301 1301 eum
3349 1264 3474 1301 ceu-

1904 1343 2021 1394 seo,-
2051 1328 2139 1397 qui
2176 1330 2340 1383 animi
2376 1330 2620 1385 instituto
2656 1342 2709 1386 et
2743 1334 3017 1390 voluntate
3068 1336 3199 1405 ipsis
3236 1337 3478 1405 adjuugi-

1910 1430 2013 1475 tur.
2052 1419 2188 1487 Quid
2242 1420 2407 1487 igitur
2465 1421 2758 1478 Pharisaei?
2812 1426 2874 1480 Si
2924 1428 3000 1481 ita
3051 1438 3150 1491 est,
3208 1430 3476 1497 inquiunt,

1904 1529 2066 1567 causa
2099 1512 2322 1567 heminis
2354 1530 2469 1566 cum
2501 1530 2686 1578 uxore,
2709 1532 2810 1570 non
2853 1520 3054 1583 expedit
3088 1520 3295 1573 nubere.
3325 1520 3479 1577 Nunc

1905 1607 2139 1668 demum,
2174 1620 2206 1658 0
2238 1602 2508 1658 Pharisme
2536 1642 2551 1669 ,
2605 1605 2730 1659 illud
2784 1609 3032 1675 agnoscis
3060 1626 3073 1661 :
3102 1608 3223 1663 Non
3270 1613 3479 1678 expedit

1904 1696 2140 1751 nubere?
2166 1697 2247 1751 An
2282 1696 2429 1765 prius
2462 1698 2512 1750 id
2547 1699 2850 1762 nesciebas,
2881 1716 2997 1755 cunt
3059 1703 3347 1757 vitluitates
3398 1713 3477 1756 at-

1904 1804 2008 1858 que
2037 1788 2295 1844 orbitates
2327 1789 2557 1853 videres,
2583 1799 2636 1843 et
2676 1801 3029 1859 praematuras
3067 1805 3286 1860 mortes,
3314 1807 3365 1848 et
3392 1796 3475 1849 lu-

1903 1890 2024 1936 ctus
2063 1880 2341 1950 plausibus
2376 1882 2746 1945 succedentes,
2783 1892 2837 1935 et
2860 1883 3044 1937 funera
3095 1884 3356 1940 thalamos
3382 1896 3477 1941 ex-

1907 1971 2183 2042 cipientia,
2214 1982 2266 2026 et
2296 1972 2628 2036 sterilitates,
2659 1984 2714 2027 et
2741 1973 2981 2029 infelices
3038 1976 3326 2030 liberorum
3356 1992 3477 2045 pro-

214 2071 401 2133 τόκους
445 2070 549 2124 καὶ
583 2069 888 2139 ὰμήτορας,
930 2066 1025 2118 καὶ
1075 2066 1255 2118 πᾶσαν
1302 2063 1401 2137 τὴν
1458 2063 1586 2135 περὶ
1634 2062 1804 2115 ταῦτα

1915 2062 2231 2125 creationes,
2261 2072 2317 2115 et
2361 2062 2704 2130 imperfectos
2755 2076 2938 2132 partus
2961 2080 3025 2119 ac
3055 2069 3242 2123 matris
3278 2084 3470 2137 exper-

214 2130 507 2229 κωμῳδίαν
539 2158 575 2230 ἦ
626 2130 967 2229 τραγιρδίανς
1029 2130 1483 2225 Ἀμφότεραγὰρ
1514 2130 1689 2205 εἰπεῖν
1726 2152 1803 2204 οἰ-

1915 2162 2017 2218 tes,
2045 2163 2203 2221 atque
2230 2169 2439 2207 omnem
2474 2153 2772 2224 hujusmodi
2808 2170 2986 2210 rerum
3018 2159 3338 2211 commdiam
3362 2158 3480 2212 sive

218 2251 515 2305 θειότατον.
556 2248 854 2319 Συμςςέρει
892 2245 1193 2318 γαμῆσαι;
1224 2245 1382 2313 κάγὼ
1420 2245 1683 2315 δέχομαιο
1718 2243 1806 2298 Τί-

214 2360 344 2411 μιος
369 2328 485 2413 (85)
517 2345 637 2412 γὰρ
658 2345 692 2395 ό
723 2340 925 2410 γάμος,
955 2341 1053 2393 καὶ
1087 2340 1124 2407 ὴ
1155 2339 1322 2405 κοίτη
1348 2336 1458 2407 (86)
1482 2337 1801 2406 ἀμίαντος’

223 2433 486 2505 συμφέρει
533 2432 595 2487 δὲ
639 2435 752 2496 τοῖς
788 2432 1050 2504 μετρίοις,
1099 2430 1159 2482 οὺ
1193 2431 1305 2491 τοῖς
1351 2428 1669 2499 ἀπλήστοις,
1710 2425 1805 2479 καὶ

221 2523 375 2577 πλέον
419 2525 455 2595 ἢ
504 2525 592 2578 δεῖ
638 2525 738 2595 τὴν
782 2524 961 2595 σάρκα
1009 2523 1176 2594 τιμᾷν
1226 2521 1589 2592 βουλομένοις.
1637 2520 1807 2574 Ὅταν

222 2612 373 2667 τοῦτο
413 2615 585 2686 μόνον
629 2616 659 2667 6
704 2615 879 2685 γάμος
909 2611 966 2687 ᾖ,
999 2612 1033 2683 ἢ
1070 2613 1247 2683 γάμος
1268 2611 1404 2682 (87),
1431 2611 1524 2664 καὶ
1555 2610 1805 2678 συζυγία,

225 2705 315 2759 καὶ
332 2706 543 2759 παίδων
568 2707 820 2777 διαδοχῆς
847 2704 1131 2774 ἐπιθυμία,
1149 2703 1311 2765 καλὸς
1332 2704 1360 2755 ὁ
1383 2702 1559 2773 γάμος
1589 2720 1603 2733 ·
1632 2701 1811 2755 πλείο-

222 2812 315 2858 νας
340 2796 450 2868 γὰρ
492 2796 710 2866 εἰσάγει
759 2797 884 2858 τοὺς
927 2792 1357 2865 εύαρεστούντας
1386 2791 1526 2861 Θεῷ.
1557 2791 1725 2845 Ὅταν
1752 2791 1809 2844 δὲ

228 2883 355 2957 ὓλην
403 2888 646 2959 ἐξάπτῃ,
698 2887 794 2940 καὶ
842 2886 963 2948 ταῖς
1019 2883 1284 2947 ἀκάνθαις
1339 2882 1663 2954 περιϐάλλῃ,
1715 2882 1810 2933 καὶ

225 2971 332 3029 οἷον
360 2979 567 3041 κακίας
598 2976 715 3040 ὁδὸς
745 2975 1085 3047 εὑρίσκηται,
1119 2975 1240 3028 τότε
1280 2972 1436 3042 κάγὼ
1468 2972 1805 3043 φθέγγομαι·

226 3065 305 3118 Οὐ
334 3066 633 3137 συμφέρει
663 3064 952 3135 γαμῆσαι.

296 3330 353 3384 I'.
382 3330 571 3386 Καλὸν
604 3330 634 3383 ὁ
666 3330 842 3399 γάμος
864 3344 879 3357 ο
915 3327 1029 3380 ἀλλ’
1059 3325 1159 3380 οὐκ
1208 3325 1316 3397 ἔχω
1344 3323 1541 3391 λέγειν,
1591 3325 1671 3379 ὅτι
1719 3326 1812 3379 καὶ

235 3422 565 3497 ὺψηλότερον
601 3421 918 3494 παρθενίας.
949 3418 1084 3472 Οὐδὲ
1113 3418 1221 3487 γὰρ
1273 3417 1338 3471 ἂν
1356 3416 1468 3489 (88)
1498 3413 1567 3488 ἦν
1590 3436 1642 3470 τι
1670 3418 1812 3488 μέγα

236 3515 269 3584 ἡ
324 3516 619 3588 παρθενία,
677 3513 752 3584 μὴ
810 3511 977 3565 καλοῦ
1023 3510 1257 3563 καλλίων
1312 3510 1675 3579 τυγχάνουσα.
1722 3510 1812 3581 Μὴ

238 3604 418 3676 δὴ(89)
448 3602 831 3676 χαλεπαίνετε,
862 3602 979 3654 ὅσαι
1008 3600 1112 3652 ὑπὸ
1129 3599 1312 3668 ζυγόν.
1343 3599 1696 3669 Πειθαρχεῖν
1727 3599 1822 3653 δεῖ

240 3692 356 3759 Θεῷ
393 3695 642 3764 μᾶλλον
690 3692 728 3761 ἢ
763 3690 1113 3757 ἀνθρώποις.
1150 3689 1295 3760 Πλὴν
1325 3689 1580 3759 ἀλλήλαις
1638 3690 1818 3741 συνδε-

242 3785 485 3854 upside,
516 3785 611 3839 καὶ
632 3782 909 3855 παρθένοι,
955 3782 1048 3833 καὶ
1080 3783 1355 3848 γυναῖκες,
1389 3783 1483 3833 καὶ
1524 3782 1581 3834 ἓν
1612 3782 1735 3834 ὲστε
1760 3783 1817 3835 ἐν

239 3875 446 3950 Κυρίῳ,
486 3877 581 3930 καὶ
609 3874 850 3943 ἀλλήλων
896 3871 1281 3941 καλλώπισμα.
1331 3872 1445 3924 Οὐκ
1475 3870 1542 3924 ἂν
1579 3868 1649 3942 ἦν
1678 3873 1817 3940 ἄγα-

246 3982 357 4036 μος,
382 3970 432 4022 εί
468 3968 543 4037 μὴ
573 3967 770 4036 γάμος.
795 3964 965 4017 Πόθεν
993 3963 1099 4034 γὰρ
1130 3964 1212 4026 εἰς
1244 3961 1433 4014 τοῦτον
1459 3963 1704 4034 παρῆλθε
1727 3963 1819 4017 τὸν

247 4056 352 4126 βίον
380 4058 688 4129 παρθένοςς
729 4056 841 4109 Οὐκ
867 4054 931 4108 ἂν
957 4050 1024 4126 ἦν
1047 4054 1222 4125 γάμος
1250 4053 1467 4124 σεμνὸς,
1504 4056 1552 4106 εἰ
1579 4053 1653 4123 μὴ
1678 4069 1822 4124 παρ-

246 4148 386 4203 θένον
421 4147 798 4221 καρποφορῶν
816 4148 910 4199 καὶ
934 4146 1012 4215 τῷ
1044 4145 1162 4215 Θεῷ
1197 4146 1290 4197 κα),
1318 4144 1394 4214 τῷ
1425 4143 1545 4213 βίῳ.
1577 4144 1820 4215 Τίμησον

249 4238 337 4291 καὶ
363 4242 428 4295 σὺ
456 4238 559 4309 τὴν
590 4236 800 4307 μητέρα
826 4234 921 4305 τὴν
957 4234 1077 4304 σὴν,
1106 4232 1166 4297 ἐξ
1208 4228 1275 4304 ἦς
1304 4233 1552 4302 γέγονας.
1581 4233 1822 4304 Τίμησον

249 4330 337 4383 καὶ
387 4331 458 4385 σὺ
509 4329 607 4400 τὴν
661 4329 727 4382 ἐκ
785 4327 1013 4398 μητρὸς,
1078 4326 1174 4379 καὶ
1236 4325 1449 4397 μητέρα
1511 4325 1643 4396 (90)·
1705 4327 1824 4397 Μή-

251 4436 350 4493 τηρ
407 4422 510 4494 μὲν
577 4421 678 4475 οὐκ
726 4420 860 4480 ἐστι,
914 4418 1152 4490 Χριστοῦ
1216 4418 1273 4469 δὲ
1326 4416 1511 4488 νύμφη
1560 4417 1695 4471 ἐστί.
1751 4418 1825 4471 Τὸ

256 4512 345 4581 μὲν
378 4514 705 4584 φαινόμενον
740 4512 934 4574 κάλλος
982 4510 1043 4563 ού
1093 4509 1398 4580 κρύπτεται
1450 4508 1590 4580 (9l)°
1650 4511 1712 4562 τὸ
1767 4508 1825 4561 δὲ

254 4604 445 4671 ἀφανὲς
465 4606 585 4677 Θεῷ
609 4606 880 4675 βλέπεται.
896 4601 1068 4657 Πᾶσα
1086 4604 1119 4670 ἡ
1137 4602 1287 4665 δόξα
1301 4599 1407 4668 τῆς
1422 4600 1707 4669 θυγατρὸς
1720 4599 1827 4653 τοῦ

256 4695 552 4763 Βασιλέως
577 4698 825 4761 ἔσωθεν,
856 4696 926 4748 ἐν
954 4692 1325 4762 κροσσωτοῖς
1340 4691 1591 4761 χρυσοῖς
1611 4694 1829 4759 περιϐε-

1911 2244 2260 2314 tragmdiam?
2291 2242 2587 2312 Utrumque
2628 2245 2770 2299 enim
2820 2248 3213 2315 appositissime
3241 2249 3346 2302 dici
3384 2262 3483 2317 po-

1910 2342 2007 2389 test
2038 2350 2051 2386 :
2087 2334 2308 2404 Expedit
2336 2334 2564 2389 nubere?
2586 2335 2640 2390 Id
2677 2336 2790 2405 ipse
2820 2352 3033 2407 quoque
3056 2340 3222 2409 probo
3248 2357 3263 2405 ;
3299 2340 3481 2393 Hono-

1910 2424 2078 2479 rabile
2100 2428 2236 2480 enim
2261 2428 2597 2492 connubium,
2640 2438 2686 2481 et
2737 2438 2880 2482 torus
2909 2430 3273 2485 immaculata:
3287 2433 3363 2497 “;
3387 2433 3482 2487 sed

1908 2517 2202 2574 moderatis
2228 2517 2464 2587 expedit,
2490 2532 2594 2571 non
2635 2518 3004 2588 petulantibus
3031 2529 3086 2575 et
3122 2521 3341 2576 libidine
3362 2538 3484 2590 per-

1910 2608 2053 2670 ditis,
2085 2609 2287 2679 quiqne
2337 2610 2456 2679 plus
2510 2625 2662 2678 arquo
2685 2624 2905 2663 carnem
2947 2611 3125 2666 colere
3158 2613 3208 2665 in
3244 2614 3483 2669 animum

1911 2699 2189 2753 inducunt.
2224 2699 2359 2755 Cum
2407 2701 2815 2755 matrimonium
2850 2702 2981 2755 nihil
3024 2703 3163 2757 aliud
3202 2716 3284 2759 est
3321 2720 3483 2775 quam

1911 2790 2337 2853 matrimonium,
2379 2800 2433 2844 et
2454 2790 2783 2860 conjunctio,
2814 2798 2866 2844 et
2894 2791 3059 2860 prolis
3085 2807 3145 2846 ac
3182 2795 3483 2848 successio-

1910 2880 1995 2933 nis
2019 2880 2309 2949 cupiditas,
2344 2891 2453 2934 tum
2487 2881 2685 2935 bonum
2715 2890 2797 2935 est
2846 2882 3268 2937 matrimonium.
3298 2883 3485 2939 Plures

1911 2971 2055 3025 enim
2106 2970 2417 3035 introducit,
2451 2971 2541 3040 qui
2578 2970 2687 3028 Deo
2713 2973 2981 3042 placeant.
3014 2975 3083 3028 At
3135 2990 3253 3029 cum
3292 2977 3473 3030 carnis

1912 3060 2106 3117 molem
2137 3061 2455 3127 inﬂammat,
2483 3060 2647 3132 652
2681 3071 2735 3115 et
2769 3062 2937 3129 spinis
2989 3063 3311 3125 circumdat,
3342 3066 3485 3119 vitii-

1912 3167 2017 3222 que
2049 3154 2203 3223 quasi
2234 3152 2319 3205 via
2355 3153 2644 3220 invenitur,
2683 3163 2791 3208 tum
2824 3154 2939 3225 ipse
2971 3156 3135 3211 etiam
3168 3157 3287 3212 dico
3315 3175 3329 3213 :
3357 3155 3482 3212 Non

1912 3245 2115 3312 expedit
2142 3243 2355 3298 nubere.

1989 3335 2059 3391 Χ.
2099 3334 2301 3387 Bonum
2344 3341 2429 3388 est
2461 3333 2861 3388 matrimonium
2899 3351 2913 3387 :
2942 3336 3056 3403 sed,
3089 3337 3230 3406 quod
3264 3336 3486 3406 virgini—

1919 3432 2029 3477 tate
2081 3423 2425 3490 przestantius
2446 3422 2539 3486 sit,
2597 3422 2778 3477 dicere
2841 3440 2945 3478 non
3006 3440 3246 3494 possum.
3304 3427 3486 3495 Neque

1918 3516 2059 3569 cnim
2096 3528 2350 3584 magnum
2402 3514 2601 3582 aliquid
2638 3525 2780 3569 esset
2809 3517 3108 3587 virginitas,
3145 3519 3244 3573 nisi
3292 3535 3349 3573 re
3386 3520 3480 3573 ali-

1916 3620 2018 3674 qua
2049 3604 2184 3658 bona
2210 3603 2400 3657 melior
2428 3612 2481 3658 et
2505 3605 2813 3674 praeclarior
2837 3617 2999 3662 esset.
3032 3608 3205 3665 Nolite
3234 3611 3334 3666 hoc
3361 3627 3478 3665 mo-

1920 3696 2053 3748 leste
2103 3691 2268 3757 ferre,
2306 3707 2426 3761 quae
2481 3695 2812 3750 matrimonii
2851 3696 2980 3767 jngo
3028 3700 3282 3769 subjectae
3325 3704 3479 3757 estis.

1919 3785 2144 3840 Obedire
2173 3792 2371 3853 oportet
2402 3785 2512 3840 Deo
2553 3789 2719 3857 magis
2751 3805 2907 3857 quam
2953 3791 3245 3847 hominibus
3266 3794 3330 3846 ⁵³.
3366 3794 3488 3848 (ἰω-

1920 3885 2094 3929 terum
2122 3874 2299 3938 facite,
2326 3884 2383 3928 ut
2424 3878 2564 3931 inter
2591 3894 2685 3932 vos
2723 3882 2873 3947 quasi
2908 3883 3119 3937 vinculo
3152 3887 3491 3957 conSIringa-

1921 3964 2072 4030 mini,
2103 3974 2158 4019 et
2205 3965 2442 4032 virgines
2481 3978 2534 4021 et
2591 3983 2806 4034 uxores,
2844 3982 3002 4040 atque
3052 3988 3213 4029 unum
3271 3977 3388 4030 sitis
3436 3979 3489 4032 in

1925 4054 2170 4119 Domino,
2217 4064 2571 4126 mutuumque
2637 4060 2755 4114 alite
2805 4062 3032 4117 aliarum
3083 4078 3485 4123 ornamentum.

1920 4146 2035 4201 Non
2069 4156 2214 4202 esset
2266 4148 2478 4214 czelebs,
2523 4152 2622 4206 nisi
2673 4156 3071 4209 matrimonium
3121 4170 3281 4214 esset.
3340 4159 3492 4216 Unde

1922 4240 2063 4293 enim
2091 4239 2141 4293 in
2172 4238 2312 4294 hanc
2336 4241 2498 4294 vitam
2526 4243 2678 4313 virgo
2706 4246 3026 4311 prodiisset?
3054 4248 3167 4301 Non
3214 4262 3355 4304 esset
3392 4252 3490 4303 ho-

1925 4329 2204 4383 noriﬁcum
2246 4340 2300 4383 et
2340 4335 2702 4385 venerandum
2735 4336 3159 4401 matrimonium,
3196 4340 3296 4391 nisi
3329 4339 3492 4409 virgi-

1927 4433 2047 4473 nem
2076 4417 2361 4487 profcrret,
2394 4428 2503 4471 tum
2542 4420 2669 4483 Deo,
2697 4431 2807 4474 tum
2845 4423 2984 4476 vitm.
3020 4423 3229 4477 Houma
3272 4436 3324 4478 tu
3359 4442 3494 4494 quo-

1926 4525 2032 4579 que
2056 4496 2295 4562 matrem
2333 4518 2498 4571 tuam,
2528 4525 2593 4563 cx
2636 4525 2741 4578 qua
2794 4522 2952 4566 natus
2985 4528 3063 4568 es.
3091 4513 3302 4568 Honora
3332 4519 3494 4570 etiam

1927 4615 2069 4661 eam,
2097 4614 2214 4666 qua:
2238 4613 2302 4653 ex
2334 4608 2505 4652 matre
2543 4610 2647 4664 est,
2682 4610 2737 4654 et
2761 4613 2953 4656 mater.
2983 4602 3094 4657 Non
3134 4607 3346 4676 quidem
3382 4624 3495 4661 ma-

1929 4699 2012 4743 ter
2044 4698 2147 4752 cst,
2179 4690 2273 4744 sed
2307 4690 2505 4745 Chrisu
2536 4707 2752 4762 sponsa.
2790 4693 3137 4752 Pulchritudo
3170 4700 3381 4768 quidem
3408 4715 3494 4765 ea,

258 4786 537 4858 σλημένη,
563 4785 1013 4855 πεποικιλμένη,
1046 4785 1144 4838 εἴτ’
1166 4781 1259 4838 οὖν
1284 4783 1569 4855 πράξεσιν,
1595 4784 1706 4837 εἴτε
1735 4785 1811 4838 κα¹

1932 4796 2049 4850 quae
2084 4781 2137 4833 in
2190 4783 2375 4837 oculos
2416 4784 2584 4851 cadit,
2637 4800 2741 4841 non
2783 4789 3275 4859 occultatumqua:
3317 4801 3497 4848 autem

321 4903 365 4936 ⁸⁸
393 4904 551 4957 Prav.
592 4918 646 4966 ν,
678 4900 762 4956 l9.
848 4900 893 4932 ⁸¹
923 4899 1080 4955 Joan.
1116 4916 1188 4961 νι,
1216 4898 1307 4952 61.
1381 4898 1427 4929 ⁵²
1458 4897 1618 4951 iiebr.
1655 4915 1772 4963 xm,
1805 4929 1811 4943 ι

1936 4898 1983 4931 ⁸³
2004 4898 2139 4953 Act.’
2160 4914 2213 4961 ν,
2237 4897 2327 4953 29.

323 4994 432 5064 (8‘2)
464 4994 764 5059 Τούτοις...
792 4973 1084 5061 spatietur.
1115 4993 1170 5047 In
1209 4993 1555 5061 quibusdam,
1582 4992 1831 5056 αὐτοῖς...

261 5065 661 5118 καταφαίνεται.

326 5084 684 5205 (stygii;
734 5131 866 5205 Tres
905 5132 1063 5201 Reg.,
1120 5131 1304 5202 φησίν.
1361 5131 1611 5187 Memoria
1649 5132 1828 5205 lapsus

265 5202 343 5258 est
364 5202 447 5258 hic
469 5202 779 5270 Gregorius.
819 5202 931 5254 Non
972 5208 1112 5256 enim
1143 5205 1532 5257 Pharisaeorum
1557 5215 1685 5256 sunt
1711 5204 1823 5258 INBC

265 5278 434 5336 verba,
466 5279 560 5328 sed
588 5272 786 5326 Christi
821 5273 1222 5337 discipulorum.

327 5341 435 5411 (84)
472 5343 600 5410 Τοῖς
624 5341 930 5409 θαλάμοις.
961 5342 1092 5411 Reg.
1126 5343 1233 5405 bin,
1255 5342 1380 5404 τοὺς
1414 5339 1709 5411 θαλάμους.

329 5415 440 5483 (85)
475 5416 688 5481 Τίμιος.
727 5411 783 5463 lu
814 5414 1103 5483 nonnullis,
1133 5411 1331 5482 τίμιον.

329 5478 438 5554 (86)
464 5478 574 5554 Kell
597 5478 850 5554 ἠίκοίτη.
881 5481 973 5537 Sic
993 5487 1098 5537 duo
1128 5478 1496 5552 Régg.,Coisl.
1512 5479 1548 5533 2
1567 5490 1621 5535 et
1636 5479 1823 5536 Camb.

267 5545 318 5603 ln
339 5545 448 5615 edi,
479 5553 574 5605 καὶ
595 5545 645 5606 οἰ
674 5553 849 5615 κοίτῃ.

270 5687 285 5741 i
331 5622 438 5747 (83)
475 5622 539 5679 '0
574 5623 758 5692 γάμος
779 5614 841 5695 ᾖ,
889 5621 927 5691 ἢ
963 5620 1170 5692 γάμος.
1216 5621 1306 5677 Sic
1325 5620 1493 5678 Coisl.
1526 5621 1579 5676 l.
1614 5614 1824 5693 Deesuﬁ

289 5708 314 5744 ιι
341 5707 372 5747 e
408 5731 425 5747 .

270 5703 314 5744 ιιι
341 5703 425 5747 eu.

2012 4991 2123 5064 (88)
2158 4994 2276 5064 Ἂν.
2298 4993 2458 5064 Deest
2478 4993 2530 5047 in
2557 4994 2687 5055 Reg.
2724 4997 2835 5051 bm.

2036 5065 2121 5136 89)
2157 5062 2255 5136 illi;
2285 5060 2379 5128 δή.
2419 5064 2664 5136 βοθει-δὴ
2692 5068 2742 5119 ἱιι
2772 5066 2900 5136 Reg.
2932 5068 3041 5122 bm.

2033 5134 2120 5202 90)
2144 5132 2253 5185 Καὶ
2279 5133 2522 5211 μητέρα.
2574 5132 3120 5211 Coinl:elisibs__legit,
3152 5136 3257 5192 κᾶν
3285 5136 3358 5209 μὴ
3402 5158 3501 5211 μη-

1936 5202 2091 5276 τέρα,
2130 5221 2148 5252 ι
2180 5204 2391 5276 tametsi
2413 5214 2582 5255 mater
2612 5220 2716 5276 non
2748 5207 2835 5258 sit.
2863 5225 2882 5257 ι
2911 5205 2997 5260 Sic
3022 5202 3299 5276 legendum
3324 5202 3503 5265 emisit

1936 5272 2020 5353 vir
2043 5277 2252 5353 doctus,
2280 5272 2349 5324 ob
2381 5272 2493 5325 hzuc
2512 5275 2670 5353 verba
2704 5277 2944 5343 proxime
2964 5272 3238 5344 sequentia
3268 5296 3280 5331 :
3304 5280 3503 5353 Μήτηρ

1936 5343 2035 5412 μὲν
2051 5342 2160 5414 οὐκ
2185 5341 2319 5414 ἐστι,
2352 5359 2370 5414 ι
2398 5357 2498 5414 non
2536 5341 2750 5410 quidem
2783 5357 2953 5399 mater
2986 5341 3096 5409 est;
3124 5366 3142 5397 ι
3175 5348 3315 5414 quod
3362 5341 3503 5403 scili-

1934 5410 2021 5465 eet
2051 5410 2213 5480 Virgo
2245 5411 2431 5475 Maria,
2455 5411 2519 5464 de
2548 5427 2651 5478 qua
2693 5429 2797 5468 non
2830 5415 2917 5469 hic
2964 5430 3145 5470 sermo
3169 5410 3275 5480 est,
3294 5420 3406 5471 sola
3440 5425 3505 5474 at)

1933 5482 2035 5533 hac
2065 5481 2243 5547 regula
2272 5491 2496 5546 excepta
2524 5484 2615 5535 sit.

2026 5548 2116 5607 9|)
2158 5547 2505 5625 Kpﬁntatqt.
2554 5552 2926 5625 _Contbelisitts_
2976 5552 3122 5622 legit,
3154 5552 3454 5625 θρύπτεται
3491 5576 3505 5613 :

1939 5636 1960 5671 ι
1982 5619 2314 5690 Conspicuus
2336 5619 2507 5673 oculis
2530 5619 2718 5690 (decor,
2745 5623 2877 5679 nihil
2906 5619 3155 5690 fractum,
3182 5619 3315 5679 nihil
3346 5628 3504 5678 molle

1932 5703 1985 5744 et
2015 5689 2378 5744 eﬂ‘cmiuatum
2407 5688 2644 5758 praefert.
2672 5710 2691 5741 ι
