4010 6316
586 314 691 368 295

1774 311 1831 366 S.
1872 309 2197 367 GREGORH
2237 313 2325 367 ΤΗ
2336 314 2582 373 EOLOGI

3722 330 3825 387 296

585 438 859 483 oculorum
895 424 1063 483 aciem
1126 423 1293 494 fugit,
1341 438 1371 477 a
1415 423 1524 478 Deo
1562 424 1907 493 perspicitur.
1973 426 2140 479 Omni:

2258 427 2626 498 θεωρήμασιν.
2641 429 2792 500 Καὶή
2806 429 2910 482 ὑπὸ
2923 430 3084 499 ζυγὸν
3097 431 3234 486 ἔστω
3245 450 3297 487 τι
3313 434 3425 505 (92)
3442 434 3710 507 Χριστοῦ-
3734 447 3827 498 καὶ

584 520 752 586 gloria
778 516 905 583 ﬁlia:
926 514 1078 584 Regis
1120 514 1182 565 ab
1206 515 1368 576 intus,
1394 514 1446 566 in
1467 514 1688 583 ﬁmbriis
1720 517 1895 568 aureis
1925 516 2147 568 circum-

585 613 710 661 data
731 610 796 670 “,
826 609 938 661 sive
967 605 1290 667 actionilms,
1321 606 1434 659 sive
1478 607 1639 658 etiam
1685 606 2149 673 contemplationi-

584 699 702 752 bns.
744 699 872 764 Qua:
904 698 1003 751 sub
1024 696 1154 764 jugo
1184 704 1288 758 est,
1330 695 1506 763 aliqua
1543 709 1609 748 ex
1638 706 1786 763 parte
1811 694 2011 749 Christi
2044 698 2143 750 sit:

582 806 701 859 qua:
727 790 1084 859 virginitatem
1137 787 1381 855 amplexa
1411 796 1514 851 est,
1549 794 1656 839 tota
1694 786 1891 842 Christi
1931 788 2020 841 sit.
2055 786 2147 841 Illa

582 883 780 935 mundo
815 896 916 933 non
953 894 1171 947 prorsus
1198 878 1444 944 alligetur
1469 896 1483 932 :
1513 878 1625 931 hanc
1663 877 1807 930 nullo
1845 877 2001 932 modo
2027 878 2144 932 ani-

579 987 724 1025 nmm
756 970 953 1024 mundo
984 969 1211 1023 addicat.
1233 967 1383 1032 Quod
1408 972 1548 1021 enim
1567 968 1866 1036 conjugataa
1894 977 1974 1022 est
1997 982 2140 1037 pars,

580 1060 631 1113 id
664 1060 859 1128 virgini
893 1070 1059 1113 totum
1099 1068 1201 1111 est.
1234 1056 1557 1126 Angelorum
1592 1058 1753 1110 vitam
1802 1059 2054 1128 elegisti?
2085 1061 2141 1112 In

578 1164 762 1202 eorum
796 1148 1036 1200 ordinem
1072 1156 1125 1201 te
1170 1146 1490 1215 aggregasti,
1522 1147 1611 1214 qui
1638 1145 1825 1214 jugum
1868 1149 2143 1202 nesciunt?

577 1238 657 1294 Ne
685 1240 736 1291 in
769 1251 984 1291 carnem
1013 1236 1328 1304 prolaharis,
1356 1249 1422 1287 ne
1450 1235 1501 1287 in
1541 1237 1818 1287 materiam
1847 1235 2140 1303 dejiciaris,

542 1324 644 1386 ἠε
677 1346 797 1384 cum
827 1329 1045 1382 materia
1081 1326 1421 1379 matrimOnio
1450 1326 1717 1393 jnugaris.
1750 1327 1962 1382 etiamsi
1998 1329 2138 1385 alio-

575 1423 743 1492 quiin
778 1422 1023 1475 czclibatu
1058 1427 1286 1486 perstes.
1318 1415 1518 1471 Oculus
1552 1417 1786 1472 lascivus
1817 1428 1873 1472 et
1912 1420 2143 1489 impudi-

573 1532 671 1571 cus
709 1514 1064 1584 virginitatem
1114 1512 1337 1564 minime
1394 1519 1575 1563 servat
1602 1528 1615 1562 :
1643 1510 1821 1579 lingua
1877 1512 2143 1581 impudica

572 1609 781 1663 diabolo
812 1603 1289 1672 ntiscclurzpedes
1341 1602 1674 1668 vacillantes,
1733 1612 1825 1656 aut
1874 1605 2142 1668 morbum,

573 1712 663 1755 aut
697 1700 1021 1755 imminentis
1065 1697 1237 1750 morbi
1295 1695 1591 1763 periculum
1628 1696 1883 1763 produnt.
1911 1695 2147 1765 Virgini-

2243 518 2556 588 ἡπαρθένος
2583 519 2678 588 ὅλη
2710 521 2970 591 Χριστοῦ.
3010 523 3072 575 Ἠ
3097 524 3194 593 μὲν
3244 526 3319 596 μὴ
3364 528 3650 593 παντελῶς
3681 533 3826 586 ἐνδε-

2245 609 2485 678 σμείσθω
2508 611 2583 680 τῷ
2610 612 2797 682 κόσμῳ
2821 614 2933 685 (95)
2953 630 2967 645 ⁸
2994 618 3027 684 ἡ
3046 615 3113 668 ’δὲ
3142 617 3261 687 μηδ’
3293 619 3427 681 ὅλως
3465 620 3710 688 γινέσθω
3734 625 3825 677 τοῦ

2245 700 2471 771 κόσμου.
2506 704 2571 755 Ὃ
2599 704 2704 773 γάρ
2741 706 2857 757 ἐστι
2899 710 2967 778 τῇ
3015 709 3119 762 ὑπὸ
3165 708 3327 778 ζυγὸν
3371 712 3430 764 τὸ
3461 713 3652 783 μέρος,
3672 715 3827 769 τοῦτο

2247 790 2502 855 παντελὲς
2546 795 2611 864 τῇ
2662 795 2933 868 παρθένῳ.
2996 798 3265 867 Ἀγγέλων
3319 803 3673 877 ὲπανῄρησαι
3711 808 3823 876 (94)

2252 882 2559 948 πολιτείανς
2615 887 2753 955 μετὰ
2784 888 2892 941 τῶν
2924 890 3140 958 ἀξύγων
3181 893 3447 965 ὲτάχθης;
3493 899 3573 968 μὴ
3606 916 3825 954 κατενεη

2250 971 2381 1042 χθῇς
2428 975 2505 1037 είς
2556 975 2754 1047 σάρκα,
2794 977 2868 1049 μὴ
2913 983 3374 1057 κατενεχθῇς(95)
3409 990 3486 1052 είς
3531 974 3820 1061 ὓλην(9θ),

2253 1062 2325 1155 μὴ
2374 1067 2441 1155 τῇ
2490 1066 2587 1137 ὕλῃ
2634 1070 2930 1141 γαμηθῇς,
2982 1072 3086 1126 κᾶν
3137 1073 3311 1139 ἄλλως
3360 1079 3579 1149 ἄγαμος
3634 1082 3819 1155 μένῃς.

2262 1152 2565 1226 Ὀφθαλμὸς
2617 1161 2891 1230 πορνεύων
2937 1165 2998 1217 ού
3044 1168 3304 1235 φυλάσσει
3352 1170 3447 1241 τὴν
3496 1152 3817 1243 παρθενίαν,

2248 1244 2463 1311 γλῶττα
2525 1252 2859 1320 πορνεύουσσ
2918 1255 2991 1327 τῷ
3048 1261 3269 1330 πονηρῷ
3323 1261 3599 1330 μίγνυται.
3658 1266 3820 1330 Πόδες

2247 1334 2456 1389 ἄτακτα
2481 1337 2751 1407 βαίνοντες
2779 1346 3132 1412 έγκαλοῦνται
3158 1352 3330 1416 νόσον,
3353 1354 3386 1423 ἢ
3414 1356 3662 1409 κίνδυνον
3688 1360 3816 1427 (97).

2249 1428 2631 1499 Παρθενευέτω
2674 1435 2783 1505 (98)
2836 1439 2929 1490 καὶ
2985 1441 3017 1509 ἠ
3071 1440 3275 1496 διάνοια
3303 1460 3316 1473 ·
3378 1445 3451 1516 μὴ
3507 1450 3816 1518 ρεμϐέσθω,

2252 1519 2324 1588 μὴ
2354 1522 2462 1613 (99)
2501 1522 2811 1590 πλανάσθω,
2864 1531 2938 1601 μὴ
2982 1533 3185 1597 τύπους
3217 1537 3274 1588 ὲν
3303 1538 3439 1608 αὐτῇ
3477 1540 3556 1609 (1)
3611 1544 3817 1613 φερέτω

2250 1612 2499 1705 πονηρῶν
2537 1618 2900 1687 πραγμάτων·
2938 1624 3031 1677 καὶ
3079 1629 3107 1680 ὁ
3150 1630 3315 1694 τύπος
3345 1634 3513 1704 μέρος
3566 1612 3817 1705 πορνείας

2250 1702 2393 1755 ἐστί’
2427 1705 2499 1776 μὴ
2531 1708 2939 1766 εἰδωλοποιείτω
2959 1719 3023 1787 τῇ
3047 1717 3189 1793 ψυχῇ
3220 1723 3286 1777 τὰ
3316 1702 3644 1795 μισούμενα.

574 1804 739 1849 tatem
786 1795 998 1848 animus
1042 1804 1254 1860 quoque
1307 1788 1420 1857 ipse
1469 1789 1611 1843 colat
1644 1810 1654 1844 :
1682 1804 1750 1844 ne
1798 1800 2039 1858 vagetur,
2074 1805 2141 1846 ne
2177 1794 2417 1864 oberret,
2484 1817 2550 1856 ne
2593 1808 3020 1865 meretriciarum
3092 1788 3269 1868 rerum
3317 1788 3519 1870 l‘orma‘s
3557 1819 3610 1871 in
3643 1820 3814 1887 seipse

572 1888 708 1943 ferat
742 1891 886 1959 (nam
920 1885 1152 1941 libidinis
1183 1897 1396 1952 quoque
1422 1897 1570 1952 ρπβ.
1604 1884 1865 1953 impressa
1918 1900 1973 1938 m
2002 1891 2185 1941 animo
2246 1888 2421 1947 forma
2451 1897 2577 1967 est),
2614 1913 2682 1953 ne
2739 1902 2862 1957 odio
2898 1905 3209 1961 insectanda
3276 1924 3454 1964 rerum
3527 1884 3813 1966 simulacra

572 1992 624 2029 tn
650 1976 825 2027 anima
852 1972 1086 2039 ellingat.

638 2064 800 2135 653
836 2062 925 2117 XI.
960 2064 1030 2116 At
1081 2061 1171 2116 ille
1203 2061 1340 2117 dixit
1395 2061 1474 2116 eis
1508 2078 1522 2114 :
1556 2060 1679 2114 Non
1713 2076 1887 2114 omnes
1935 2062 2140 2131 capiunt

2319 2068 2423 2121 IA'.
2466 2068 2523 2123 '0
2547 2070 2603 2122 δὲ
2631 2067 2783 2127 εἶπεν
2808 2076 2991 2140 αὐτοῖς
3009 2093 3023 2107 °
3053 2081 3134 2132 Οὐ
3168 2080 3389 2147 πάντες
3413 2083 3677 2150 χωροῦσι
3714 2085 3815 2139 τὸν

572 2159 776 2211 verbum
807 2154 967 2219 istud,
1004 2157 1098 2207 sed
1132 2152 1317 2223 quibus
1345 2152 1527 2204 datum
1565 2160 1660 2203 eu.
1690 2148 1903 2205 Videtis
1932 2154 2009 2206 rei
2035 2153 2141 2207 hu-

570 2246 661 2316 ius
679 2242 1108 2299 sublimitatem?
1143 2240 1541 2311 PrOpemodum
1566 2240 1729 2293 etiam
1762 2240 1885 2295 talis
1938 2242 2144 2311 reperi-

572 2345 681 2400 tur,
713 2344 771 2389 ut
800 2352 866 2389 ne
887 2333 1100 2403 concipi
1146 2333 1368 2401 quidem
1425 2340 1480 2385 et
1537 2330 1926 2400 comprehendi
1955 2342 2138 2403 queat.

570 2427 765 2480 Annon
811 2425 956 2478 enim
984 2416 1330 2492 praestantius
1360 2431 1466 2487 est,
1493 2436 1657 2490 quam
1691 2435 1788 2489 pro
1819 2422 2001 2477 carnis
2037 2421 2145 2478 fra-

570 2518 796 2586 gilitate,
834 2517 907 2581 id,
936 2514 1083 2585 quod
1110 2529 1174 2568 ex
1206 2530 1372 2569 carne
1419 2522 1665 2568 creatum
1702 2514 1795 2579 sit,
1836 2514 1890 2567 in
1920 2530 2140 2569 carnem

572 2622 679 2661 on
707 2606 964 2677 gignere?
1020 2607 1216 2659 Annon
1267 2604 1425 2673 plane
1474 2604 1967 2673 angelicum,eam,
2022 2620 2145 2673 qua:

571 2701 754 2754 carnis
785 2698 1014 2752 vinculis
1043 2697 1255 2768 alligata
1284 2698 1373 2756 sit.
1410 2709 1519 2749 non
1566 2696 1868 2750 secundum
1917 2710 2140 2750 carnem

573 2794 770 2855 vivere,
833 2789 927 2843 sed
981 2796 1170 2842 natura
1203 2789 1318 2856 ipsa
1372 2785 1730 2840 excelsiorem
1786 2786 1955 2840 esse?
2004 2786 2143 2841 Caro

573 2877 777 2932 mundo
806 2874 1065 2941 devinxit,
1095 2876 1188 2929 sed
1225 2876 1363 2928 ratio
1391 2874 1459 2926 ad
1482 2871 1655 2927 Deum
1691 2873 1965 2927 subvexit.
2000 2872 2142 2929 Caro

570 2970 857 3038 depressit,
881 2970 972 3021 sed
1011 2965 1148 3019 ratio
1180 2965 1390 3029 extulit,
1426 2965 1584 3033 eique
1623 2964 1769 3018 velut
1814 2979 2019 3032 pennas
2043 2965 2143 3019 ad-

569 3063 722 3116 didit.
752 3061 891 3115 Caro
920 3057 1148 3111 vinculis
1180 3058 1453 3119 astrinxit,
1480 3055 1574 3110 sed
1600 3070 1755 3109 amor
1793 3056 1979 3110 solvit.
2004 3056 2140 3111 Tota

570 3154 770 3217 anima,
803 3166 836 3205 ο
865 3150 1033 3219 virgo.
1078 3148 1144 3201 ad
1180 3146 1345 3201 Deum
1392 3147 1603 3201 intensa
1636 3156 1756 3200 esto
1805 3147 1936 3216 (hoc
1959 3157 2139 3202 autem

572 3245 746 3312 ipsum
770 3255 823 3297 et
848 3245 977 3299 viris
1008 3255 1062 3298 et
1092 3244 1408 3298 mulieribus
1442 3242 1759 3312 praescribo)
1788 3282 1803 3303 ,
1851 3258 1949 3298 nec
1984 3245 2144 3314 quid-

570 3350 729 3401 quam
760 3335 853 3388 tibi
882 3351 947 3389 ex
980 3335 1233 3389 omnibus
1275 3334 1395 3388 aliis
1431 3334 1594 3388 rebus
1629 3334 1920 3403 pulchrum
1952 3335 2139 3389 videa-

2247 2161 2451 2229 λόγον,
2480 2162 2616 2215 ἀλλ’
2646 2159 2736 2231 οἷς
2757 2166 3012 2221 δέδοται.
3048 2169 3237 2240 Ὁρᾶτε
3281 2173 3373 2226 τοῦ
3411 2176 3734 2245 πράγματος
3757 2177 3813 2229 τὸ

2250 2252 2484 2324 ὑψηλόν;
2521 2254 2735 2327 Μικροῦ
2763 2259 2857 2311 καὶ
2884 2260 3163 2332 άχώρητον
3191 2265 3521 2335 εὑρίσκεται.
3556 2268 3680 2332 Πῶς
3708 2269 3811 2341 γὰρ

2248 2343 2309 2395 ού
2336 2346 2577 2415 κρεῖττον
2601 2348 2821 2418 σαρκὸς,
2853 2350 2913 2403 τὸ
2944 2354 3008 2404 ὲκ
3044 2353 3242 2423 σαρκὸς
3268 2356 3557 2425 γενόμενον
3590 2359 3663 2429 μὴ
3698 2376 3811 2428 γεν-

2248 2436 2345 2505 νᾷν
2373 2438 2451 2500 είς
2476 2438 2685 2510 σάρκα,
2716 2441 2838 2504 Πῶς
2857 2443 2964 2512 γὰρ
2990 2444 3087 2497 οὐκ
3109 2445 3392 2514 ἀγγελικὺν
3416 2448 3478 2501 τὸ
3511 2450 3672 2521 σαρκὶ
3700 2468 3810 2503 συν.

2247 2525 2531 2597 δεδεμένην
2557 2529 2632 2600 μὴ
2657 2531 2798 2584 κατὰ
2834 2532 3007 2603 σάρκα
3038 2534 3156 2605 ζῇν,
3187 2537 3298 2588 ἀλλ’
3321 2532 3460 2591 εἶναι
3482 2540 3583 2610 τῆς
3607 2539 3807 2609 φύσεως

2250 2617 2615 2691 ὑψηλοτέραν;
2662 2621 2726 2674 Ἢ
2761 2623 2896 2695 σὰρξ
2923 2624 3000 2695 τῷ
3032 2626 3219 2698 κόσμῳ
3250 2630 3605 2704 προσέδησεν,
3644 2632 3753 2685 ἀλλ’
3781 2634 3807 2686 6

2248 2707 2506 2781 λογισμὸς
2544 2712 2681 2783 πρὸς
2731 2714 2863 2769 Θεὸν
2905 2718 3204 2787 ἀνήγαγεψ
3254 2722 3285 2791 ή
3333 2722 3469 2793 σὰρξ
3527 2724 3804 2794 ὲδάρησεν,

2248 2801 2361 2853 ἀλλ’
2385 2802 2461 2871 (2)
2490 2804 2517 2853 ὁ
2537 2803 2792 2874 λογισμὸς
2817 2808 3151 2878 ἐπτέρωσενο
3179 2813 3211 2882 ἡ
3243 2812 3378 2882 σὰρξ
3406 2813 3615 2885 ἔδησεν,
3644 2816 3753 2869 ἀλλ’
3780 2818 3805 2869 ὁ

2250 2889 2410 2952 πόθος
2442 2890 2649 2945 ἔλυσεν.
2683 2893 2817 2966 Ὅλῃ
2837 2896 3032 2949 τέτασο
3063 2897 3197 2966 πρὸς
3218 2898 3368 2963 Θεὸν,
3403 2893 3447 2951 ὦ
3474 2900 3724 2970 παρθένε,
3745 2900 3802 2970 τῇ

2248 2974 2391 3045 ψυχῇ
2413 2990 2428 3007 ·
2462 2976 2617 3031 τοῦτο
2639 2978 2746 3050 γάρ
2779 2982 2910 3034 αὐτὸ
2935 2984 3027 3036 καὶ
3053 2985 3278 3056 ἀνδράσι
3308 2989 3584 3057 νομοθετῶ
3610 2990 3701 3042 κα).
3733 3006 3808 3056 γυ-

2248 3066 2418 3131 ναιξί·
2455 3068 2549 3120 καὶ
2599 3070 2659 3121 οὐ
2713 3072 2785 3143 μή
2827 3072 2904 3141 (5)
2942 3075 2996 3126 τί
3051 3092 3132 3128 σοι
3182 3080 3325 3148 φανῇ
3366 3078 3473 3131 τῶν
3518 3081 3692 3134 ἄλλων
3721 3096 3807 3133 κα-

2249 3154 2337 3208 λὸν
2373 3157 2469 3227 (4),
2511 3161 2610 3213 ὅσα
2650 3166 2761 3227 τοῖς
2796 3164 3037 3229 πολλοῖς’
3072 3169 3133 3222 ού
3178 3170 3346 3236 γένος,
3382 3173 3441 3223 οὐ
3469 3173 3721 3235 πλοῦτος,
3751 3172 3804 3224 οὐ

2249 3245 2455 3316 θρόνος,
2484 3251 2545 3303 οὐ
2581 3251 2887 3319 δυναστεία,
2924 3258 2984 3314 οὐ
3013 3257 3075 3311 τὸ
3117 3261 3173 3312 ἐν
3198 3261 3416 3332 εύχροίᾳ
3444 3264 3537 3315 καὶ
3580 3262 3805 3315 συνθέσει

2253 3338 2431 3408 μελῶν
2459 3341 2861 3414 φανταζόμενον
2895 3347 3106 3411 κάλλος,
3139 3350 3328 3420 χρόνου
3370 3352 3462 3405 καὶ
3505 3353 3662 3405 νόσου
3690 3350 3802 3404 παί-

579 3437 685 3492 tur,
706 3442 824 3497 quae
852 3430 1006 3497 vulgo
1034 3428 1200 3483 \ideri
1231 3427 1446 3481 solent:
1481 3441 1586 3480 non
1617 3427 1832 3496 generis
1864 3426 2140 3495 Splendor,

2247 3447 2415 3499 γνιον.
2455 3435 2518 3486 El
2547 3435 2672 3506 ὅλην
2696 3439 2965 3503 ὲκένωτας
3006 3441 3139 3511 πρὸς
3178 3442 3308 3496 Θεὸν
3353 3442 3444 3496 τοῦ
3473 3444 3694 3513 φίλτρου
3718 3443 3806 3513 τὴν

575 3534 679 3574 non
710 3535 864 3589 opes,
912 3535 1015 3574 non
1066 3519 1173 3572 alta
1223 3517 1501 3581 subsellia,
1556 3533 1659 3570 non
1714 3518 2053 3586 principatus
2081 3526 2137 3570 et

570 3611 834 3679 potentia,
892 3623 993 3662 non
1022 3606 1370 3677 pulchritudo
1398 3619 1481 3671 ea,
1516 3620 1635 3673 qua:
1674 3606 1725 3658 in
1770 3606 1970 3659 coloris
2020 3606 2137 3659 ele-

570 3702 748 3767 gantia
773 3710 827 3754 et
852 3710 971 3769 apta
1005 3700 1367 3752 membrorum
1392 3699 1788 3765 compositione
1814 3698 1997 3750 animo
2032 3700 2137 3749 lin-

571 3782 735 3859 gitur,
768 3790 1026 3858 temporis
1053 3789 1239 3855 utique
1268 3797 1321 3839 et
1352 3788 1525 3840 morbi
1571 3786 1885 3839 ludibrium.
1930 3786 1985 3839 Si
2021 3785 2131 3837 vim

573 3892 740 3936 totam
772 3882 974 3934 amoris
1004 3882 1056 3933 in
1086 3878 1255 3932 Deum
1286 3876 1547 3942 ell'udisti,
1582 3877 1627 3931 si
1674 3886 1727 3930 tu
1768 3891 1872 3930 non
1903 3875 2138 3945 duplicis

571 3973 646 4026 rei
674 3987 856 4025 amore
885 3970 1099 4038 ﬂagras,
1134 3968 1292 4023 ﬂuxas
1328 3968 1608 4029 nimirum,
1636 3977 1692 4022 et
1718 3968 1977 4032 immotae,
2009 3967 2141 4020 visi-

2248 3523 2493 3594 δύναμιν,
2516 3528 2564 3578 εί
2597 3527 2670 3598 μὴ
2696 3528 2788 3581 δύο
2813 3546 2895 3583 σοι
2921 3530 3003 3601 εἴη
3032 3532 3099 3585 τὰ
3120 3532 3441 3603 ποθούμενα,
3468 3536 3566 3587 καὶ
3593 3535 3651 3587 τὸ
3674 3533 3803 3605 ῥέον,

2248 3613 2341 3664 καὶ
2375 3614 2436 3665 τὸ
2467 3616 2695 3685 ἀόρατον
2716 3635 2728 3648 ’
2761 3620 2868 3689 ἄρα
2898 3622 3148 3675 τοσοῦτον
3187 3624 3428 3695 ὲτρώθης
3464 3624 3543 3695 τῷ
3584 3622 3806 3692 ὲκλεκτῷ

2250 3699 2413 3768 βέλει,
2464 3706 2558 3756 καὶ
2600 3706 2693 3758 τοῦ
2736 3711 2968 3779 νυμφίου
3000 3712 3060 3765 τὸ
3092 3712 3285 3776 κάλλος
3314 3713 3643 3784 κατέμαθες,
3677 3713 3805 3766 ὥστε

2246 3789 2340 3842 καὶ
2394 3790 2649 3847 δύνασθαι
2696 3795 2871 3865 λέγειν
2911 3801 2973 3852 ὲκ
3010 3798 3102 3853 τοῦ
3140 3799 3407 3866 νυμφικοῦ
3440 3800 3713 3871 δράματός
3750 3814 3805 3850 τε

2243 3880 2335 4021 ἔα)
2361 3881 2626 4021 ῗσματος,
2658 3887 2739 3939 ὄτι
2765 3891 3127 3959 Γλυκασμός
3158 3887 3231 3947 εἴ.
3263 3891 3362 3945 καὶ
3393 3891 3535 3957 ὅλος
3577 3893 3652 3963 (5)
3692 3890 3806 3943 ἐπι-

2280 3987 2359 4021 vu
2384 3986 2443 4021 α.

2280 3986 2443 4037 υμια.

574 4063 717 4124 bilis,
753 4070 806 4116 ct
835 4062 1115 4116 oculorum
1149 4060 1395 4113 obtutum
1459 4055 1740 4125 fugientis,
1772 4055 2016 4125 profecto
2050 4070 2221 4145 usque
2248 4058 2383 4111 adeo
2450 4060 2617 4113 electa
2690 4079 2779 4115 tua
2827 4068 3021 4133 sagitta
3085 4073 3326 4126 sauciata
3392 4089 3473 4137 es,
3523 4076 3803 4145 sponsique

573 4148 1392 4222 pulchritmlinmnCognovisti,
1452 4154 1509 4200 ut
1563 4146 1693 4200 illud
1726 4158 1942 4215 quoque
1970 4144 2240 4213 sponsalis
2300 4146 2561 4202 dramatis
2591 4161 2645 4203 et
2701 4153 2895 4206 cantici
2966 4157 3147 4212 dicere
3204 4178 3372 4229 queas
3418 4183 3430 4217 :
3482 4144 3706 4218 Dalceda
3732 4180 3799 4225 es,

571 4254 620 4296 et
653 4252 793 4295 totus
823 4240 1195 4295 desiderabilis
1229 4239 1297 4292 ⁵⁵.

643 4333 757 4389 XII.
814 4332 1088 4387 Videtisne
1158 4346 1417 4401 aquarum
1502 4332 1804 4403 prolluvia,
1873 4332 2139 4402 plumbeis

572 4425 857 4479 carnalibus
888 4424 1115 4486 inclusa,
1165 4440 1311 4494 quae,
1370 4435 1652 4495 propterea
1715 4424 1857 4494 quod
1915 4426 2139 4478 nimium

572 4517 1024 4584 comprimuntur,
1053 4526 1213 4583 atque
1246 4520 1310 4570 ad
1341 4532 1505 4569 unum
1545 4515 1811 4579 feruntur,
1864 4500 2000 4569 adeo
2032 4514 2143 4583 ple—

643 4672 692 4703 “
722 4670 866 4724 Psal.
893 4687 1034 4733 xuv,
1063 4672 1150 4725 14.
1228 4673 1273 4703 ⁸⁸
1299 4672 1456 4726 Cant.
1484 4688 1535 4736 ν,
1566 4672 1651 4726 16.

647 4787 755 4857 (9‘2;
789 4789 868 4841 Τί.
903 4790 1057 4841 Deest
1091 4790 1139 4840 in
1174 4791 1265 4844 0r.
1300 4790 1349 4842 1.

646 4857 756 4927 (95)
792 4858 872 4928 Ζξῴ
893 4858 1114 4925 κόσμῳ.
1171 4861 1261 4913 Sic
1290 4857 1421 4928 Reg.
1475 4860 1583 4921 hm,
1634 4858 1727 4914 Or.
1781 4862 1803 4913 1
1865 4870 1918 4917 et
1952 4859 2139 4913 Comh.

575 4925 744 4982 Deest
768 4925 841 4995 τῷ
872 4929 921 4977 in
955 4933 1039 4979 ed.

646 4995 757 5065 (9i)
804 4996 1220 5066 Ἐπανῄρησαι.
1278 4995 1369 5051 Sic
1398 4995 1529 5066 Reg.
1574 4996 1684 5063 bm,
1722 4995 1845 5053 Bas.
1875 5006 1928 5051 et
1951 4996 2140 5051 Comb.

576 5067 635 5121 In
654 5064 774 5149 Et}...
800 5064 1018 5149 ᾐρησαι.

647 5121 1185 5275 (95)’1ίὶιὶνενεχθῇς.
1230 5135 1341 5187 Duo
1368 5133 1555 5196 CoisL,
1578 5134 1911 5206 καταπέσῃς.

670 5203 756 5271 96)
789 5207 890 5269 Εἰς
920 5204 1093 5270 ὕλην.
1134 5224 1150 5255 ι
1176 5203 1229 5256 1n
1272 5207 1571 5268 materiam,
1601 5226 1617 5256 ι
1677 5208 1725 5257 id
1753 5221 1853 5266 est,
1884 5225 1902 5255 ί

670 5203 756 5271 96)
789 5207 890 5269 Εἰς
920 5204 1093 5270 ὕλην.
1134 5224 1150 5255 ι
1176 5203 1229 5256 In
1272 5207 1571 5268 materiam,
1601 5226 1617 5256 ι
1677 5208 1725 5257 id
1753 5203 1858 5266 est,
1884 5225 1902 5255 ι
1931 5206 1979 5258 in
2017 5220 2140 5259 car-

577 5278 725 5330 nales
759 5275 998 5337 allectus,
1051 5286 1105 5328 et
1152 5275 1407 5342 quidquid
1441 5276 1697 5342 virginem
1751 5290 1780 5326 a
1805 5277 2021 5330 Christo
2050 5289 2136 5328 re-

576 5346 759 5401 trahit.
784 5363 801 5393 ι

646 5414 759 5483 (97)·
789 5412 972 5484 Πόδες
1009 5412 1582 5484 ἅτακταίβαίνοντες
1617 5412 2011 5484 ἐγκαλοῦνται
2039 5415 2137 5467 νό-

573 5497 710 5544 σον,
742 5484 788 5551 ’ἦ
834 5483 1139 5536 κίνδυνον.
1203 5483 1410 5535 «Pedes
1452 5483 1726 5537 iuhoucSte
1779 5484 2132 5546 ambulantes,

577 5558 841 5613 morbum,
883 5562 973 5605 aut
1020 5554 1306 5618 periculum
1360 5553 1658 5606 indicant”
1722 5554 1810 5607 Sic
1865 5553 2023 5608 Coisl.
2084 5555 2132 5614 1,

578 5622 772 5688 aliique
800 5623 1032 5674 melioris
1062 5631 1198 5675 nota:
1231 5620 1459 5674 codices.
1513 5621 1565 5674 lu
1615 5623 1883 5676 nonnullis
1918 5639 1931 5673 :
1968 5622 2136 5684 Πόδες

573 5690 782 5745 ἄτακτα
806 5690 1073 5754 βαίνοντες
1112 5690 1460 5759 ὲγκαλοῦνται
1492 5691 1665 5755 νόσον,
1692 5692 1737 5761 ,ἢ
1772 5692 2009 5744 κίνδυνον
2056 5691 2133 5759 τῷ

2317 4333 2414 4385 IB'.
2459 4332 2649 4402 Ὁρᾶτε
2690 4331 2757 4384 τὰ
2805 4335 3393 4409 ἐμπεριλαμϐανόμενα
3433 4346 3545 4406 τοῖς
3584 4337 3803 4414 μολιόδί-

2246 4440 2357 4485 νοις
2407 4424 2612 4492 ὀχετοῖς
2661 4423 2925 4494 ῥεύματα,
2961 4427 3041 4479 ὅτι
3083 4429 3159 4499 τῷ
3192 4429 3311 4484 λίαν
3350 4432 3797 4505 στενοχωρεῖσθαι,

2248 4516 2343 4570 καὶ
2370 4515 2502 4586 πρὸς
2531 4514 2587 4567 ἓν
2615 4515 2894 4585 φέρεσθαι.
2920 4520 3171 4575 τοσοῦτον
3209 4524 3447 4578 ἐκϐαίνει
3488 4527 3587 4597 τὴν
3624 4524 3799 4599 ὓδατος

2176 4793 2219 4847 D
2249 4788 2355 4859 νῷ·
2392 4806 2410 4839 ι
2434 4786 2607 4841 Mollis
2635 4796 2688 4840 et
2727 4787 2926 4843 fractus
2964 4788 3205 4844 incessus
3244 4789 3508 4853 morbum,
3552 4800 3640 4845 aut
3663 4789 3795 4857 peri-

2247 4861 2350 4911 culi
2377 4859 2678 4924 otiiniona-m
2717 4862 2877 4911 menti
2913 4859 3097 4924 injicit.
3126 4880 3143 4910 ι
3188 4860 3244 4912 ltt
3276 4863 3385 4921 ed.,
3416 4862 3576 4923 Πόδες
3602 4861 3793 4914 ἄτακτα

2248 4928 2518 4999 βαίνοντες
2576 4927 2926 4994 ὲγκαλοῠνται
2981 4928 3166 4999 νόσον,
3220 4929 3253 4999 ἢ
3317 4931 3584 4983 κινοῦνται
3646 4930 3789 4995 νόσῳ.

2246 5001 2396 5062 Quod
2424 4996 2612 5048 Dillius
2635 5000 2713 5050 sic
2744 4999 2914 5050 reddit
2954 5016 2966 5051 :
3016 5017 3033 5049 σ
3060 4996 3455 5053 Ρεαεεἰῡηιοῐ·ρ
3503 5001 3793 5068 gradientes

2246 5069 2489 5119 morbum
2526 5076 2802 5125 accusant,
2828 5076 2920 5119 2111
2944 5069 3127 5119 morbo
3160 5080 3458 5122 moventur.
3486 5090 3504 5121 ι

2315 5135 2423 5205 (98)
2485 5135 2915 5205 quﬂsrevém,
2976 5147 3079 5189 etc.
3141 5136 3303 5191 Cois].
3366 5138 3418 5201 1,
3476 5138 3624 5192 Coll).
3671 5137 3693 5189 1
3747 5140 3793 5185 υι

2243 5205 2429 5279 Comi).
2473 5204 2585 5279 Τῴ-
2613 5205 2687 5274 νῷ
2717 5206 3110 5279 παρθενευέτω,
3152 5207 3246 5259 καὶ
3307 5209 3379 5279 μὴ
3423 5210 3626 5277 διανοίᾳ
3672 5207 3789 5277 ῥεμ-

2248 5274 2454 5327 ϐέτοωο
2495 5294 2511 5324 ι
2540 5274 2713 5328 Mente
2751 5274 2817 5329 sit
2843 5277 3011 5341 virgo,
3050 5292 3146 5328 nec
3184 5274 3504 5343 cogiiaiione
3533 5274 3784 5345 vagetur.)

2318 5345 2426 5411 (1)9)
2458 5345 2571 5416 Μή.
2619 5345 2669 5416 In
2706 5339 2993 5401 nonnullis.
3035 5345 3188 5415 μηδέ.
3242 5339 3292 5400 in
3325 5339 3661 5416 quibusdam,
3686 5339 3788 5396 καί.

2315 5416 2388 5485 (1)
2412 5413 2593 5480 Λὺτῇ.
2626 5415 2736 5467 Duo
2762 5416 2946 5484 liegg.,
2972 5413 3155 5485 ἑαυτῇ.

2314 5484 2389 5551 ('2)
2429 5486 2571 5554 ᾊλλ
2589 5486 2619 5536 ’.
2657 5485 2811 5554 Deest
2835 5488 2887 5538 in
2915 5484 3117 5538 duobus
3143 5485 3305 5554 liegg.
3333 5497 3386 5539 et
3409 5487 3500 5547 Ot'.
3531 5488 3578 5542 1.

2416 5553 2626 5629 Ιςαὶοὺ
2649 5553 2755 5629 μή.
2790 5552 2843 5629 In
2872 5555 3159 5629 nonnullis,
3187 5552 3279 5610 καὶ
3316 5560 3411 5629 μή.

2315 5624 2391 5691 (⁸1)
2424 5622 2639 5676 Καλόν.
2670 5624 2798 5691 Reg.
2835 5627 2939 5683 hin,
2967 5623 3164 5678 καλῶν.

2314 5692 2389 5758 (5)
2422 5694 2611 5756 Ὄλος.
2651 5695 2761 5746 Duo
2796 5694 2981 5761 Regg.,
3004 5694 3143 5747 ὅλον.
