4010 6316
232 323 319 382 29'!

1081 315 1338 374 ORATIO
1377 314 1644 370 XXXVII.
1687 346 1753 356 —-
1793 314 1858 370 IN
1896 313 2156 393 ΜᾼΤΤΗ.
2199 314 2338 382 XIX,
2382 318 2529 372 1-12.

3339 323 3446 380 298

232 439 456 501 πολλάκις
480 434 660 505 φύσιν,
689 434 828 488 ὥστε
855 435 948 489 καὶ
973 435 1110 507 πρὸς
1144 434 1206 488 τὸ
1227 433 1341 488 ἄνω
1368 433 1570 504 χωρεξν
1593 433 1682 486 ἀεὶ
1712 431 1774 484 τὸ

1901 445 2110 501 umque
2137 446 2292 502 aqua:
2316 440 2570 486 naturam
2623 431 2922 497 excedunt,
2976 442 3052 500 ut,
3117 437 3261 506 quod
3299 451 3444 497 retro

231 530 424 587 κατόπιν
466 527 769 598 ὠθούμενον
803 525 903 598 (6).
932 526 1116 589 Οὕτως
1155 524 1250 578 ἐὰν
1279 523 1512 597 σφίγξῃς
1548 524 1640 577 τὸν
1683 517 1780 576 7:0"-

230 624 324 686 θον,
350 621 434 672 καὶ
465 619 560 688 ὅλη
587 618 704 688 Θεῷ
738 617 1014 688 συναφθῇς
1041 616 1140 688 (7),
1175 617 1286 670 ἄνω
1314 615 1559 688 χωρίσῃς
1593 615 1691 684 (8),
1716 616 1776 669 οὐ

232 712 294 786 μὴ
323 713 460 765 κάτω
486 711 678 782 πέσῃς,
709 710 769 762 ού
822 710 898 781 μὴ
947 707 1228 780 διαχυθῇς,
1278 707 1375 780 ὅλη
1412 707 1648 780 Χριστοῦ
1683 726 1780 778 με-

230 808 339 866 νεῖς,
380 802 566 873 μέχρις
615 802 680 854 ἂν
715 802 806 855 καὶ
843 802 1076 872 Χριστὸν
1119 800 1234 873 ἴδῃς
1281 800 1372 855 τὸν
1407 801 1497 854 σον
1527 801 1775 871 νυμφίον.

239 896 522 966 Ἀπρόσιτον
553 893 748 965 ἑαυτὴν
781 893 1039 962 φύλαττε,
1071 895 1163 947 καὶ
1195 893 1362 964 λόγῳ,
1383 893 1475 946 καὶ
1499 893 1664 965 ἔργῳ,
1687 894 1782 946 καὶ

230 987 330 1058 βίῳ,
381 986 470 1039 καὶ
527 985 870 1056 διανοήματι,
904 985 996 1038 καὶ
1040 985 1322 1056 κινήματι.
1363 983 1705 1054 Πανταχόθεν
1752 985 1782 1036 ὀ

228 1077 438 1150 Πονηρὸς
479 1077 902 1149 περιεργάζεταί
940 1093 1021 1140 σε,
1066 1077 1243 1130 πάντα
1287 1077 1643 1137 κατασκοπεί,
1677 1073 1779 1127 ποῦ

227 1169 360 1241 βάλῃ,
394 1167 493 1220 ποῦ
522 1166 745 1240 τρὼσει,
783 1167 857 1238 μή
891 1185 943 1220 τι
972 1166 1500 1238 παραγυμνούμενον
1529 1163 1664 1237 εὕρῃ
1687 1164 1782 1216 καὶ

226 1261 340 1332 πρὸς
364 1259 575 1330 πληγὴν
599 1261 835 1330 ἕτοιμον.
863 1259 1014 1328 Ὀσῳ
1033 1257 1422 1330 καθαρωτέραν
1455 1258 1576 1328 ὁρᾷ,
1601 1255 1784 1308 τοσού-

224 1369 288 1421 τῳ
341 1351 534 1421 μᾶλλον
593 1350 862 1404 σπιλῶσαι
909 1351 1234 1419 φιλονεικεῖ·
1275 1350 1367 1402 καὶ
1405 1347 1514 1418 γὰρ
1557 1347 1782 1418 ἐσθῆτος

225 1440 452 1511 λαμπρᾶς
501 1440 552 1492 οξ
603 1438 781 1492 σπίλοι
845 1438 1313 1509 περιφανέστεροι.
1366 1435 1457 1504 Μὴ
1507 1431 1782 1504 ὀφθαλμὸς

223 1531 469 1602 ὀφθαλμὸν
520 1529 748 1594 ἑλκέτω,
787 1529 862 1600 μὴ
912 1529 1086 1598 γέλως
1136 1526 1369 1596 γέλωτα,
1407 1525 1482 1596 μὴ
1527 1523 1784 1595 συνήθεια

223 1622 370 1677 νύκτα
395 1622 492 1694 (9),
521 1622 600 1694 μὴ
624 1623 720 1688 νὺξ
753 1620 1047 1674 ἀπώλειαν.
1081 1618 1154 1673 Τὸ
1186 1618 1295 1690 γὰρ
1329 1617 1466 1672 κατὰ
1491 1617 1654 1688 μέρος
1684 1617 1784 1684 ὑφ-

221 1715 482 1785 ελκόμενον
528 1715 627 1768 καὶ
677 1713 1062 1784 κλεπτόμενον,
1108 1709 1504 1782 ἀνεπαίσθητον
1556 1709 1653 1780 μὲν
1686 1709 1783 1778 τὴν

222 1805 337 1876 πρὸς
368 1807 426 1859 τὸ
452 1807 629 1878 παρῦν
661 1805 772 1876 ἔχει
802 1805 1026 1877 βλάϐην,
1061 1807 1142 1869 είς
1168 1804 1230 1858 τὸ
1256 1803 1550 1878 κεφάλαιον
1587 1802 1643 1854 δὲ
1683 1801 1783 1872 τῆς
1815 1787 1857 1842 Β

220 1897 395 1962 κακίας
421 1899 660 1969 ἀπαντᾷ.

277 2171 369 2225 II".
399 2171 480 2225 Οὐ
521 2170 770 2236 πάντες,
807 2171 960 2242 φησι,
993 2165 1259 2241 χωροῦσι
1299 2170 1406 2226 τὸν
1438 2173 1623 2242 λόγον
1652 2172 1786 2226 τοῦ·

221 2283 328 2331 τον,
353 2267 497 2321 ἀλλ’
523 2259 620 2334 οἷς
655 2263 908 2320 δέδοται.
957 2264 1050 2329 Τὸ,
1083 2263 1336 2328 δέδοται,
1364 2265 1493 2319 ὅταν
1523 2264 1782 2336 ἀκούσῃς,

221 2359 367 2430 μηδὲν
403 2358 684 2431 αἱρετικὸν
739 2358 940 2433 πάθης,
983 2357 1060 2429 μὴ
1095 2357 1193 2420 τὰς
1231 2357 1420 2425 φύσεις
1461 2357 1784 2431 είσαγὰγῃςο

222 2451 286 2522 μὴ
310 2453 427 2516 τοὺς
465 2452 688 2522 χοῐκοὺς
739 2451 871 2522 (I0),
919 2452 1020 2505 καὶ
1053 2451 1178 2514 τοὺς
1209 2453 1612 2520 πνευματικοὺς
1649 2451 1783 2524 (11),

221 2545 436 2608 καὶτοὺς
461 2544 685 2615 μέσους.
711 2543 831 2596 Εἰσὶ
856 2542 964 2614 γὰρ
988 2542 1130 2595 οὕτω
1157 2541 1301 2606 τινὲς
1331 2543 1666 2614 διακείμενοι
1685 2561 1787 2597 κα-

220 2636 337 2700 κῶς,
354 2635 491 2690 ὥστε
519 2635 756 2702 οἴεσθαι,
788 2637 914 2699 τοὺς
939 2636 1038 2706 μὲν
1067 2636 1242 2707 πάντη
1270 2635 1644 2708 ἀπολλυμένης
1677 2636 1786 2707 (Ιῖ)

220 2725 342 2782 εἶναι
391 2729 632 2799 φύσεως,
675 2729 802 2793 τοὺς
840 2728 896 2781 δὲ
957 2727 1296 2799 σωζομένης.
1339 2729 1466 2792 τοὺς
1505 2729 1559 2781 δὲ
1617 2729 1788 2793 οὕτως

221 2819 368 2890 ἔχειν,
397 2822 544 2885 ὅπως
580 2821 650 2875 ἂν
684 2821 718 2890 ἠ
754 2819 1072 2891 προαίρεσις
1107 2820 1213 2891 ἄγῃ
1249 2819 1385 2891 πρὸς
1419 2821 1478 2872 τὸ
1509 2823 1710 2892 χεῖρον,
1755 2821 1789 2890 ἢ

225 2911 428 2980 βέλτιον.
474 2913 922 2984 Ἐπιτηδειότητα
968 2911 1067 2983 μὲν
1110 2915 1217 2984 γὰρ
1263 2913 1418 2966 ἄλλον
1461 2914 1618 2968 ἄλλου
1655 2915 1792 2984 μᾶλ-

221 3005 320 3070 λον,
354 3005 386 3078 ἦ
415 3006 637 3060 ἔλαττον
675 3005 838 3076 ἔχειν,
891 3004 1048 3072 κάγὼ
1087 3005 1346 3076 δέχομαι·
1391 3007 1492 3062 ούκ
1518 3008 1706 3078 ἀρκεῖν
1735 3007 1792 3059 δὲ

1879 522 2192 593 impellitur,
2219 538 2436 578 sursum
2472 539 2686 594 semper
2729 527 2962 582 tendat?
2988 527 3268 584 Consimili
3292 533 3450 587 modo

1879 613 1926 670 si
1948 629 2186 669 amorem
2213 614 2518 680 strinxeris,
2547 625 2767 687 totaque
2801 617 2912 673 Deo
2936 620 3222 690 conjuncta
3260 623 3446 685 tueris,

1880 723 2096 763 sursum
2153 709 2361 776 tendes,
2428 725 2702 781 nunquam
2773 712 2923 766 humi
2973 713 3296 782 prolaberis,
3349 732 3450 770 nec

1881 801 2109 868 dimues,
2135 811 2248 857 tota
2282 802 2485 858 Christi
2522 802 2788 868 manebis,
2842 818 3126 874 quousque
3176 804 3450 860 Christum

1883 909 2100 963 quoque
2149 909 2408 964 sponsum
2475 903 2622 948 tuum
2657 895 2860 949 videas.
2903 894 3331 952 Inaccessihilctn
3370 909 3450 952 te-

1884 985 2056 1055 ipsam
2095 988 2323 1051 custodi,
2353 995 2407 1040 et
2429 985 2614 1052 verbo,
2670 994 2724 1040 et
2756 1002 2939 1056 opere,
2976 997 3030 1044 et
3053 989 3184 1054 vita,
3214 1000 3267 1046 et
3305 993 3450 1061 cogi-

1885 1077 2119 1140 tatione,
2174 1086 2229 1131 et
2277 1087 2422 1132 motu
2483 1087 2648 1145 atque
2697 1077 3032 1147 impulsione.
3085 1079 3454 1151 Undequaque

1883 1183 2083 1238 pravus
2110 1167 2198 1222 ille
2257 1179 2310 1223 te
2359 1152 2752 1239 perscrutatur,
2805 1179 2969 1240 atque
3012 1173 3298 1241 explorat,
3361 1175 3450 1228 ubi

1885 1255 2069 1321 feriat,
2095 1257 2182 1311 ubi
2219 1257 2483 1323 vulneret,
2512 1273 2637 1312 num
2692 1260 2893 1314 nudum
2945 1261 3072 1330 quid
3125 1271 3179 1316 ct
3206 1271 3453 1332 apertum

1884 1351 2160 1423 plagthne
2192 1350 2411 1406 obvium
2446 1352 2703 1422 reperiat.
2730 1350 3147 1422 Quo‘puriorem
3172 1353 3367 1420 cernit,
3391 1369 3458 1410 co

1884 1443 2099 1497 enixius
2127 1453 2178 1497 te
2205 1443 2608 1498 commaculare
2639 1452 2802 1512 atque
2832 1444 3118 1514 inquinare
3146 1445 3453 1500 contendit:

1886 1534 2182 1603 splendida:
2218 1535 2381 1589 etiam
2422 1535 2588 1589 vestis
2648 1535 3054 1590 manifestiores
3088 1545 3214 1590 sunt
3241 1535 3458 1590 sordes.

1886 1625 1964 1682 Ne
1989 1627 2177 1682 oculus
2205 1628 2419 1682 oculum
2455 1627 2654 1694 trahat,
2685 1641 2752 1680 ne
2797 1627 2939 1683 risus
2969 1627 3162 1693 risum,
3195 1642 3262 1682 ne
3296 1627 3458 1680 fami-

1886 1718 2098 1772 liaritas
2133 1727 2366 1782 noctem,
2403 1734 2472 1772 ne
2503 1732 2608 1772 nox
2644 1718 2922 1772 interitum
2955 1727 3010 1773 et
3042 1719 3288 1773 exitium.
3323 1719 3457 1772 Nam

1885 1811 2026 1880 quod
2058 1809 2318 1878 paulatim
2353 1809 2670 1874 attrahitur,
2708 1823 2770 1864 ac
2823 1820 3078 1879 tanquam
3137 1811 3459 1880 subripitur,

1888 1903 2101 1958 tametsi
2123 1915 2239 1956 eam
2267 1902 2532 1957 rationem
2560 1899 2726 1972 654
2765 1901 2982 1967 habeat,
3020 1913 3078 1956 ut
3116 1902 3371 1958 damnum
3406 1904 3459 1957 in

1884 1993 2141 2065 praesenti
2171 1992 2394 2047 minime
2426 1992 2714 2060 sentiatur,
2746 2000 2926 2048 tamen
2961 1993 3014 2048 in
3049 1993 3167 2048 vitii
3193 2009 3460 2050 summam

1887 2087 2147 2141 occurrit.
3422 2138 3435 2149 ,

1956 2175 2092 2231 XIII.
2114 2176 2234 2230 Non
2265 2193 2460 2239 omnes,
2495 2177 2912 2246 inqttil,cupiunt
2936 2178 3143 2231 verbum
3166 2178 3330 2243 istud,
3369 2179 3458 2232 sed

1887 2269 2072 2339 quibus
2113 2270 2295 2323 datum
2320 2280 2418 2324 est.
2447 2269 2583 2324 Cum
2640 2271 2797 2324 audis
2844 2271 2962 2334 hoc,
2999 2271 3185 2324 datum
3229 2280 3326 2337 est,
3365 2287 3463 2327 nec

1889 2359 2145 2414 baeretico
2171 2359 2280 2415 ullo
2318 2361 2510 2416 affectu
2551 2362 2805 2428 tenearis,
2839 2375 2937 2417 nec
2962 2361 3283 2433 multiplices
3307 2373 3464 2417 natu-

1889 2472 1979 2512 ras
2003 2454 2332 2521 introducas,
2351 2470 2450 2509 ncc
2469 2465 2734 2522 terrenos,
2749 2464 2804 2510 et
2819 2453 3148 2524 spirituales,
3164 2464 3218 2510 et
3235 2456 3462 2510 medios.

1892 2548 2032 2603 Sunt
2056 2549 2202 2602 enim
2231 2548 2448 2616 quidam
2485 2547 2557 2600 ita
2591 2547 2729 2601 male
2749 2546 2924 2602 affecti
2945 2587 2959 2610 ,
2994 2556 3051 2600 ut
3079 2546 3214 2602 alios
3246 2548 3466 2602 omnino

1891 2641 2114 2710 perdita:
2134 2653 2255 2694 esse
2281 2648 2488 2693 natura:
2508 2647 2716 2708 putent,
2737 2638 2874 2694 alios
2895 2639 3121 2693 salutem
3143 2649 3462 2710 accepturae,

1892 2730 2030 2784 alios
2068 2730 2325 2800 denique,
2354 2739 2413 2785 ut
2443 2745 2536 2785 eos
2559 2730 2644 2784 vel
2679 2730 2747 2785 ad
2777 2731 3032 2784 virtutem
3063 2730 3144 2784 vel
3178 2733 3244 2784 ad
3273 2731 3465 2786 vitium

1893 2821 2384 2886 voluntasduxerit,
2419 2822 2489 2874 ita
2519 2835 2576 2875 se
2601 2820 2820 2874 habere.
2851 2820 3078 2887 Atvero,
3110 2823 3466 2892 aptitudinem

1894 2911 2110 2980 quidem
2148 2911 2280 2965 alios
2307 2911 2428 2965 aliis
2453 2949 2468 2975 ,
2511 2910 2595 2966 vel
2645 2910 2926 2980 majorem,
2976 2911 3058 2965 vel
3088 2911 3349 2966 minorem
3377 2914 3473 2966 ha-

1897 3005 2047 3071 bere,
2080 3005 2196 3073 ipse
2218 3019 2434 3074 quoque
2457 3004 2733 3058 concedo:
2769 3012 3024 3059 caeterum
3061 2989 3129 3059 ad
3159 3005 3472 3075 adipiscen-

225 3101 377 3173 μόνην
407 3102 515 3173 (I5)
573 3101 677 3173 τὴν
709 3100 1126 3172 ἐπιτηδειότητα
1180 3101 1318 3172 πρὸς
1357 3103 1670 3155 τελείωσιν·
1704 3102 1794 3155 λο-

1901 3096 2021 3151 dam
2078 3094 2464 3164 perfectionem
2501 3135 2515 3158 ,
2579 3093 2932 3162 aptitudinem
3009 3095 3178 3149 solam
3252 3096 3472 3152 minime

222 3193 402 3264 γισμδν
428 3194 484 3248 δὲ
515 3189 659 3248 εἶναι
690 3195 780 3246 τὸν
812 3194 1017 3266 ταύτην
1052 3193 1474 3264 ὲκκαλούμενον,
1516 3195 1602 3248 ἵνα
1627 3196 1658 3265 ή
1694 3195 1793 3263 φύ-

224 3298 300 3348 σις
324 3286 401 3350 είς
428 3286 596 3358 ἔργον
628 3286 889 3359 προέλθῃ,
921 3285 1174 3356 καθάπερ
1201 3285 1346 3350 λίθος
1376 3286 1612 3358 πυρίτης
1648 3287 1795 3356 σιδή-

225 3391 296 3449 ρῳ
325 3378 638 3443 κρουσθεὶς,
694 3379 786 3431 καὶ
839 3377 982 3432 οὕτω
1029 3377 1140 3449 πῦρ
1174 3379 1400 3449 γένηται
1455 3377 1590 3446 (14).
1628 3379 1796 3431 Ὅταν

221 3470 464 3543 ἀκούσῃς,
486 3466 598 3537 Οἷς
621 3467 875 3532 δέδοται,
899 3469 1156 3541 πρόσθες,
1187 3469 1393 3523 δέδοται
1428 3470 1525 3540 μὲν
1553 3472 1666 3532 τοῖς
1699 3485 1798 3522 κα-

222 3561 487 3634 λουμένοις
519 3562 633 3632 (15)
669 3563 763 3615 καὶ
805 3563 919 3625 τοῖς
947 3561 1090 3616 οὕτω
1127 3561 1360 3615 νεύουσι.
1393 3563 1502 3614 Καὶ
1534 3561 1642 3632 γὰρ
1671 3562 1799 3613 ὅταν

222 3654 464 3729 ἀκούσης,
504 3656 580 3709 οὐ
623 3652 732 3708 τοῦ
771 3652 1083 3718 θέλοντος,
1125 3653 1268 3708 οὐδὲ
1314 3653 1418 3708 τοῦ
1459 3653 1796 3722 τρέχοντος,

223 3745 370 3801 ἀλλὰ
395 3746 509 3801 τοῦ
532 3744 856 3812 ἐλεοῦντος
896 3743 1067 3811 Θεοῦ,
1105 3742 1456 3815 συμϐουλεύω
1495 3761 1576 3796 σοι
1605 3744 1801 3797 ταυτὸν

224 3838 522 3895 ὑπολαϐεῖν.
567 3838 784 3910 Ἐπειδὴ
817 3839 926 3908 γάρ
954 3838 1059 3891 εἰσί
1089 3854 1232 3901 τινες
1261 3839 1312 3890 oi
1345 3837 1600 3891 τοσοῦτον
1630 3855 1802 3908 μεγα-

224 3930 602 4002 λοφρονοῦντες·
653 3933 746 3988 ἐπὶ
780 3934 893 3995 τοῖς
933 3930 1046 4000 (16)
1087 3927 1529 4000 κατορθώμασιν,
1555 3930 1695 3984 ὥστε
1741 3932 1804 3985 τὸ

225 4025 322 4078 πᾶν
350 4027 570 4088 ἑαυτοῖς
589 4023 810 4088 διδόναι,
833 4024 927 4078 καὶ
954 4023 1120 4094 μηδὲν
1150 4023 1226 4093 τῷ
1253 4023 1559 4094 ποιήσαντι,
1587 4025 1681 4077 καὶ
1713 4041 1803 4077 σο-

229 4116 451 4184 φίσαντι,
478 4117 578 4171 καὶ
609 4115 830 4188 χορηγῷ
860 4114 968 4169 τῶν
1003 4114 1204 4178 καλῶν,
1243 4114 1482 4169 διδάσκει
1515 4116 1739 4181 τούτους
1777 4122 1806 4172 ὁ

229 4207 392 4278 λόγος,
427 4211 517 4264 ὅτι
546 4209 644 4262 καὶ
672 4209 734 4260 τὸ
762 4207 1046 4277 βούλεσθαι
1093 4205 1294 4270 καλῶς,
1326 4207 1496 4260 δεῖται
1529 4208 1630 4279 τῆς
1656 4210 1807 4279 παρὰ

229 4297 353 4350 θεοῦ
383 4297 643 4370 βοηθείας
667 4313 680 4328 ’
717 4296 917 4366 μᾶλλον
937 4295 1013 4360 δὲ,
1049 4295 1182 4349 αὐτὸ
1213 4295 1406 4365 (17):?)
1429 4299 1806 4369 προαιρεῖσθαι

230 4388 292 4441 τὰ
315 4388 525 4452 δέοντα,
551 4387 693 4440 θεῖόν
729 4404 782 4439 τι
816 4387 910 4440 καὶ
930 4387 995 4439 ὲκ
1027 4385 1161 4439 Θεοῦ
1179 4385 1350 4458 δῶρον
1361 4387 1803 4462 ..φιλανθρωπίας

1899 3184 2145 3241 ευίῐίοετο
2193 3185 2497 3251 contendo;
2541 3185 2806 3239 rationem
2857 3185 3001 3238 enim
3028 3200 3171 3252 esse,
3199 3203 3320 3256 qua:
3351 3203 3472 3242 eam

1898 3277 2118 3343 excitet,
2152 3286 2213 3331 ut
2236 3287 2427 3331 natura
2455 3278 2510 3330 in
2539 3292 2677 3346 opus
2709 3277 2970 3344 prodeat,
3019 3280 3473 3348 quemadmodum

1899 3355 2035 3426 silex
2064 3372 2209 3424 {erro
2243 3369 2510 3439 pulsatus,
2545 3380 2708 3439 atque
2737 3369 2812 3424 ita
2849 3371 2990 3440 ignis
3019 3371 3308 3426 excutitur.
3336 3371 3473 3427 Cum

1900 3463 2162 3527 audieris,
2195 3462 2383 3533 quibus
2415 3463 2598 3516 datum
2633 3475 2745 3529 est,
2797 3463 2973 3519 adde:
3009 3463 3228 3520 Vocatis
3285 3465 3474 3520 datum

1903 3565 2008 3623 est,
2039 3567 2201 3625 atque
2234 3556 2320 3621 iis,
2356 3557 2450 3625 qui
2481 3569 2543 3608 ea
2583 3553 2748 3608 animi
2779 3555 3139 3626 propensione
3171 3567 3320 3611 sunt.
3379 3557 3476 3615 Et-

1901 3649 2047 3704 enim
2085 3663 2205 3703 cum
2239 3648 2367 3702 illttd
2398 3647 2592 3702 audis:
2634 3646 2757 3702 Non
2789 3657 2864 3702 est
2903 3648 3140 3717 volentis,
3162 3667 3325 3720 neque
3353 3667 3478 3704 curo

1903 3743 2084 3807 rentia,
2113 3741 2203 3794 sed
2231 3741 2522 3794 miserantis
2545 3739 2734 3807 Dei“;
2763 3740 2905 3794 idem
2938 3741 3034 3795 tibi
3061 3742 3477 3797 existimandum

1905 3846 2120 3888 censeo.
2153 3831 2421 3898 Quoniam
2451 3831 2594 3886 enim
2630 3831 2874 3886 nonnulli
2915 3842 3063 3899 sunt,
3099 3833 3189 3902 qui
3237 3833 3309 3888 ob
3335 3846 3479 3889 recte

1907 3923 2044 3978 facta
2069 3923 2141 3977 ita
2175 3914 2728 3988 animis'cﬂ‘eruntur,
2793 3933 2851 3978 ut
2899 3925 2950 3980 id
2982 3934 3152 3981 totum
3208 3928 3312 3982 sibi
3347 3929 3481 3998 ipsis

1907 4013 2181 4069 ascrihant
2215 4053 2231 4080 ,
2265 4028 2364 4068 nec
2425 4014 2725 4084 quidquam
2775 4015 3040 4081 Creatori,
3109 4028 3164 4071 et
3203 4018 3482 4085 Sapientiae

1906 4119 2095 4160 eorum
2126 4107 2358 4173 auctori,
2392 4121 2455 4160 ac
2505 4106 2773 4162 bonorum
2805 4108 3047 4162 omnium
3093 4111 3480 4178 suppeditatori

1909 4209 2190 4268 acceptum
2224 4199 2422 4266 ferant,
2454 4199 2540 4254 his
2572 4201 2750 4256 verbis
2773 4217 2866 4256 eos
2903 4203 3058 4256 docet
3083 4201 3307 4266 Paulus,
3337 4208 3477 4272 quod

1909 4289 2086 4360 ipsum
2118 4291 2283 4346 etiam
2334 4301 2479 4346 recte
2512 4289 2668 4355 velle,
2725 4291 2909 4344 divino
2966 4292 3174 4346 auxilio
3206 4292 3481 4360 indigeat;

1909 4385 2038 4452 imo,
2073 4393 2130 4438 ut
2158 4386 2358 4440 rectius
2414 4385 2642 4452 loquar,
2702 4383 2949 4439 voluntas
2999 4399 3218 4454 quoque
3278 4385 3394 4453 ipsa
3431 4395 3488 4438 et

231 4475 303 4528 δεῖ
331 4478 460 4548 γὰρ,
494 4477 588 4530 καὶ
619 4475 680 4528 τὺ
703 4476 785 4544 ἐφ’
813 4477 944 4546 ἡμῖν
973 4471 1132 4541 εἶναι,
1160 4476 1255 4529 καί
1286 4476 1347 4529 τὸ
1377 4478 1441 4528 ὲκ
1470 4477 1604 4530 Θεοῦ
1634 4478 1796 4544 σώζε⁸

1911 4478 2106 4532 electio
2164 4493 2377 4541 eorum,
2427 4491 2546 4544 qua:
2594 4484 2742 4530 recta
2769 4484 2823 4529 et
2850 4490 2971 4530 cum
2996 4475 3171 4532 ollicio
3199 4477 3489 4548 conjuncta

234 4566 345 4620 σθαι
371 4568 505 4638 (18).
541 4565 639 4619 Διὰ
664 4563 820 4619 τοῦτὸ
847 4581 1038 4635 φησιν·
1068 4567 1152 4618 Οὐ
1181 4565 1289 4619 τοῦ
1318 4565 1625 4634 θέλοντος·
1659 4569 1804 4622 τοῦτ’

298 4693 342 4724 ⁵⁸
365 4695 522 4749 Rom.
557 4707 636 4757 Ix,
684 4690 767 4744 16.

302 4815 372 4882 ’6)
399 4816 473 4870 Τὸ
500 4815 754 4868 κατόπιν
782 4811 1142 4882 ὠθούμενον.
1202 4807 1337 4878 Reg.
1373 4810 1483 4875 bm,
1511 4807 1673 4866 Cois].
1711 4813 1736 4865 1
1763 4821 1818 4867 et

235 4881 438 4949 Comb.,
471 4887 550 4954 τῷ
580 4885 811 4938 κατόπιν
839 4881 1144 4954 ὠθούμενα.

303 4957 375 5026 (7)
407 4947 753 5024 Σωίαςσθῇς.
787 4947 1366 5026 διινξΙηρυνοιιρθεζσα.

305 5018 376 5097 (8)
396 5018 847 5094 prz’o‘nc'fbuo
879 5022 1074 5092 Ἆρες..
1121 5018 1216 5076 Or.
1245 5021 1268 5074 1
1297 5029 1353 5075 et
1375 5018 1589 5083 Comb.,
1639 5022 1816 5092 χωρή-

241 5113 381 5232 σεὶῗί)
408 5168 626 5222 Νύκτα.
659 5163 753 5220 Or.
791 5163 842 5227 1,
866 5161 1086 5225 νύκτας,

327 5170 381 5232 9)
408 5170 626 5222 Νύκτα.
659 5170 753 5220 0r.
791 5170 842 5227 1,
866 5170 1086 5225 νύκτας,

305 5170 418 5306 (I0)
455 5237 594 5303 Τοὺς
625 5235 896 5306 χοῖκούς,
917 5243 1026 5288 etc.
1059 5231 1155 5284 Hic
1178 5227 1583 5306 :V_'_aletttittiatlos
1621 5229 1818 5306 intelli-

244 5299 333 5375 git,
373 5299 437 5362 d'e
471 5299 668 5378 quibus
702 5307 824 5360 vide
860 5306 1140 5364 Irenaeum,
1178 5299 1272 5354 lib.
1309 5315 1325 5352 ι
1375 5300 1628 5355 Adversus
1653 5299 1819 5355 luere-

243 5395 356 5504 mt't
373 5379 742 5514 τοὺς
766 5443 1226 5516 πνευματικούς.
1283 5439 1373 5495 Sic
1410 5438 1503 5495 Or.
1550 5441 1602 5496 1.
1661 5439 1821 5494 Deest

245 5521 652 5661 Ϊέῖῗε’)“ιῗὲξὶτη
697 5585 1146 5656 ἀπολλυμένης.
1177 5582 1326 5638 Colb.
1363 5582 1414 5650 1,
1447 5582 1663 5645 πάντως
1693 5584 1822 5637 ἀπο-

246 5655 553 5732 1819:1511:-

318 5723 408 5798 (13
457 5723 684 5795 Μάνην.
717 5727 830 5780 Duo
854 5725 1023 5797 chg.
1051 5723 1207 5780 etOr.
1231 5724 1284 5782 I.
1317 5723 1538 5793 μᾶλλον.

319 5735 430 5866 (I4)
453 5801 560 5854 Καὶ
593 5799 751 5852 οὕτω
799 5797 919 5865 πῦρ
953 5796 1194 5866 γένηται
1255 5795 1344 5847 Sic
1383 5795 1532 5864 lcgcn

319 5795 560 5866 (14)Καὶ
593 5799 751 5852 οὕτω
799 5797 919 5865 πῦρ
947 5795 1194 5866 fer-nun
1255 5795 1344 5847 Sic
1383 5795 1662 5864 Icgcndmn
1709 5807 1841 5848 ccn-

561 5893 831 5952 Ριτιιοι..
886 5890 1004 5950 Gtt.
1053 5885 1346 5948 XXXVI.

1914 4582 2060 4636 sunt,
2087 4572 2323 4625 divinum
2353 4569 2624 4640 quoddam
2665 4568 2989 4624 beneﬁcium
3022 4582 3127 4633 εει,
3149 4581 3311 4642 atque
3338 4586 3369 4626 a
3397 4572 3486 4626 Dei

1915 4824 2118 4872 scmus,
2172 4803 2420 4874 quamvis
2479 4801 2566 4874 hic
2604 4800 2818 4874 deficiat
2868 4797 3111 4874 codicum
3168 4801 3485 4874 auctoritas.

1914 4881 2054 4935 Editi
2083 4869 2280 4933 habent
2313 4892 2327 4929 :
2358 4874 2452 4928 καὶ
2475 4872 2620 4925 οὕτω
2660 4870 2875 4941 σίδηρος
2907 4869 3149 4941 γένηται,
3188 4887 3205 4919 ι
3230 4880 3388 4941 atquc
3415 4871 3486 4922 ita

1914 4951 2114 5007 ferrum
2149 4948 2268 5012 ﬁat,
2296 4964 2313 4997 ι
2343 4956 2399 4998 ttt
2428 4945 2590 4998 vertit
2627 4939 2906 5006 BiIIIQum
2940 4939 3097 5012 lectio
3133 4954 3229 5012 nec
3271 4939 3486 5012 rationi,

1914 5037 2013 5077 nec
2042 5009 2388 5088 experientia;
2415 5021 2902 5088 consentaneaest.
2941 5009 3073 5088 Quis
3096 5009 3241 5062 enim
3266 5011 3488 5088 dixerit,

1913 5078 2166 5160 lapidein.
2196 5087 2276 5140 vel
2303 5086 2506 5160 silicem
2539 5078 3237 5160 ferrqpnlsatum,“ferrum
3264 5079 3374 5132 fieri

1983 5161 2092 5232 (I5)
2139 5154 2567 5232 Kalqvjtérorcn.
2623 5150 2902 5232 «foculis.
2927 5166 2980 5232 In
3010 5148 3122 5232 Dim
3147 5148 3334 5232 Ιξεςε,
3389 5153 3492 5202 duo

1911 5217 2101 5294 Coislf,
2139 5241 2246 5281 tres
2273 5217 2423 5282 Co'lh.
2449 5237 2500 5276 et
2521 5217 2669 5294 Orat
2698 5222 2917 5294 habent,
2955 5217 3315 5288 βουλομένοις,
3358 5238 3374 5268 ι
3404 5235 3492 5270 vo-

1917 5288 2166 5357 lentibus.
2191 5319 2208 5349 ι
2249 5297 2338 5349 Sic.
2380 5296 2538 5348 etiam
2573 5293 2698 5359 legit
2731 5288 2933 5344 Billius.

1989 5355 2099 5443 (I6)
2151 5355 2755 5443 Μεργιλοςςρονοῦὸλτες
2797 5359 2896 5411 ἐπὶ
2940 5357 3082 5424 τοῖς.
3141 5358 3274 5412 Tres
3313 5355 3492 5424 Colb.,

1920 5437 2100 5517 μεῒςρ
2108 5440 2366 5517 ρονοῦντί
2359 5454 2385 5499 ς
2417 5437 2547 5517 τοῖς.
2728 5502 2740 5517 ι

1989 5501 2298 5584 (η’)Ἀγὺζό.
2329 5507 2460 5584 Reg.
2501 5506 2612 5584 bin,
2779 5501 2938 5584 αὐτός

1990 5565 2102 5653 iis)
2147 5579 2243 5653 ᾼεῖ
2295 5565 2678 5653 rep-"101:6
2721 5573 2812 5642 ἐφ’
2843 5571 2986 5653 tiri."
3043 5565 3219 5653 εττΐεειο
3277 5567 3376 5622 καὶ
3431 5568 3499 5653 ῖδ

1918 5641 2007 5707 ἐνί
2038 5641 2184 5706 Θεοῦ
2235 5641 2541 5710 σιῧζὲσθαι.
2596 5645 2722 5700 Ila'c
2757 5641 2805 5698 7a
2841 5641 2995 5698 Billio
3043 5649 3135 5694 aut
3167 5641 3499 5710 typographo

1921 5738 2141 5781 01111853.

3107 5866 3182 5927 10
