4010 6316
505 234 609 289 209

1702 230 1756 284 S.
1801 229 2127 286 GREGORII
2169 229 2514 288 TllEOLOGl

3654 233 3764 289 εοο

505 351 833 423 benignitate
885 363 1128 406 nnnans.
1166 347 1314 414 Quod
1349 346 1494 401 enim
1543 344 1833 410 salvantur,
1871 347 1922 400 id
1959 357 2012 400 ct
2039 358 2067 399 a

2186 350 2336 414 ἔστιν,
2373 337 2430 402 οῦ
2464 349 2619 420 μόνον
2653 347 2743 401 τοῦ
2773 347 3032 413 θέλοντος,
3061 349 3180 402 οὐδὲ
3215 349 3306 404 τοῦ
3339 351 3622 421 τρέχοντος
3659 353 3765 423 μό-

505 445 680 510 nobis,
705 455 758 497 et
786 458 814 496 a
848 442 957 498 Deo
985 456 1106 497 esse
1135 447 1369 509 oportet.
1411 437 1618 492 Idcirco
1671 437 1745 490 ait
1781 454 1793 490 :
1828 435 1951 492 Non
1979 454 2070 491 vo-

507 535 684 598 lentis,
719 535 769 589 id
821 544 922 600 cst,
971 548 1077 588 non
1123 532 1296 588 solum
1342 528 1597 592 volentis,
1669 541 1765 582 nec
1814 530 2070 582 currentis

507 628 703 691 solum,
733 629 821 680 sed
844 628 1003 680 etiam
1039 623 1331 679 miserantis
1369 621 1486 677 Dci.
1519 620 1614 684 Ita,
1652 620 1906 688 quoniam
1939 620 2073 674 velle

506 732 722 788 quoque
745 717 917 786 ipsum
951 731 980 769 a
1014 716 1123 770 Deo
1157 723 1258 779 est,
1310 713 1517 781 Optimo
1563 709 1688 779 jure
1738 720 1908 765 totum
1963 711 2073 766 Deo

506 807 818 876 assignavit.
854 803 1261 873 Quantumlibet
1291 816 1500 864 curras,
1525 799 1926 869 quantumlibet
1949 815 2072 854 cer-

506 907 608 963 tes,
645 912 778 965 opus
805 896 969 950 habes
1003 909 1086 960 eo,
1122 893 1212 962 qui
1236 893 1324 946 det
1351 907 1624 946 coronam.
1675 890 1794 943 Nisi
1821 890 2074 945 Dominus

504 988 841 1056 a’diﬁcarerit
876 988 1110 1051 domum,
1136 985 1191 1037 in
1215 999 1401 1038 vanum
1420 981 1809 1045 laboraverunt,
1835 983 1922 1051 qui
1946 983 2076 1036 ardi-

503 1080 665 1147 ﬁcant
713 1096 848 1135 eam.
953 1076 1075 1130 Nisi
1136 1075 1391 1128 Dominus
1428 1073 1737 1128 custodierit
1793 1073 2072 1138 civitatem,

506 1171 705 1241 frustra
740 1171 974 1238 vigilant,
1017 1169 1106 1238 qui
1141 1167 1439 1222 custodiunt
1473 1182 1584 1218 eam
1610 1165 1676 1217 ⁵⁷.
1712 1163 2073 1233 Scio,inquit,

505 1263 648 1331 quod
681 1278 770 1315 nec
798 1261 1050 1314 velocium
1115 1274 1297 1312 cursus
1329 1267 1424 1319 est,
1469 1272 1560 1310 nec
1611 1255 1825 1323 [artium
1865 1255 2074 1317 bellum,

507 1369 598 1407 nec
621 1353 965 1424 pugnantium
998 1351 1218 1404 victoria
1250 1349 1296 1381 ⁵⁸
1317 1389 1331 1412 ,
1383 1364 1484 1403 nec
1517 1361 1776 1415 prospere
1822 1345 2077 1416 navigan-

511 1443 642 1507 tium
676 1453 902 1510 portus:
929 1442 1022 1496 sed
1053 1440 1145 1494 Dei
1173 1449 1276 1505 est,
1296 1436 1460 1510 655
1513 1436 1794 1490 victoriam
1863 1436 2075 1500 allerre,

505 1545 555 1588 et
587 1533 907 1588 incolumem
933 1533 1182 1600 scapham
1213 1531 1265 1584 in
1299 1540 1508 1600 portum
1550 1529 1862 1597 perducere.

578 1623 716 1678 XIV.
754 1623 872 1678 Jam
907 1624 1032 1676 illud
1075 1635 1307 1692 quoque,
1369 1620 1511 1688 quod
1566 1620 1671 1674 alio
1706 1619 1820 1674 loco
1855 1619 2073 1681 dicitur,

2180 445 2288 505 νον,
2317 440 2452 494 ἀλλὰ
2489 441 2579 493 καὶ
2610 440 2700 492 τοῦ
2736 440 3008 504 ἐλεοῦντος
3042 440 3198 494 Θεοῦ,
3235 437 3387 506 Εἶτα,
3428 443 3616 514 ἐπειδὴ
3664 445 3766 497 καὶ

2178 531 2238 584 τὸ
2268 528 2550 600 βούλεσθαι
2577 529 2727 600 παρὰ
2749 528 2904 594 Θεοῦ,
2943 531 3004 582 τὸ
3029 531 3136 583 πᾶν
3166 531 3389 594 εἰκότως
3415 531 3653 603 ἀνέθηκε
3684 533 3766 603 τῷ

2179 621 2317 692 Θεῷ.
2347 622 2508 674 Ὅσον
2540 621 2605 674 ἂν
2632 620 2863 692 δράμῃς,
2889 622 3009 674 ὅσον
3038 621 3104 675 ἂν
3125 623 3384 693 ἀγωνίσῃ,
3409 623 3615 694 χρῄζῃς
3645 624 3766 694 (l9)

2179 713 2272 767 τοῦ
2285 713 2515 776 διδόντος
2539 711 2629 766 τὸν
2661 712 2938 782 στέφανον.
2957 713 3089 767 Ἐὰν
3100 713 3187 782 μὴ
3215 716 3427 782 Κύριος
3451 715 3769 785 οἰκοδομή-

2182 819 2262 872 σῃ
2299 801 2484 867 οἷκον,
2512 807 2598 868 εἰς
2631 803 2829 873 μάτην
2851 804 3185 858 ὲκοπίασαν
3218 807 3271 858 οἱ
3301 805 3768 876 οῑχοὸομοῦντες

2183 897 2385 950 αὐτόν.
2428 895 2568 949 Ἐὰν
2598 895 2676 963 μὴ
2705 897 2916 963 Κύριος
2951 895 3193 964 φυλάξῃ
3217 898 3416 962 πόλιν,
3440 900 3525 963 εὶς
3555 897 3768 967 μάτην

2183 990 2581 1059 ἠγρύπνησαν
2609 990 2662 1040 οὶ
2687 988 3113 1056 φυλάσσοντες
3146 988 3358 1057 αὐτήν.
3391 989 3540 1054 Οἶδα,
3567 991 3764 1060 φησὶν,

2183 1081 2263 1134 ὅτι
2284 1079 2503 1144 οὺ’τοῒς
2527 1080 2774 1147 κούφοις
2809 1082 2841 1132 ό
2878 1077 3114 1148 δρόμος,
3142 1079 3285 1133 οὐδὲ
3321 1079 3441 1145 τοῖς
3474 1080 3768 1146 δυνατοῖς

2183 1176 2216 1226 ὁ
2243 1175 2520 1242 πόλεμος,
2553 1171 2693 1226 οὐδὲ
2723 1171 2830 1240 (20)
2856 1171 2972 1224 τῶν
2991 1169 3347 1240 μαχομένων
3375 1173 3411 1238 ἡ
3439 1173 3600 1239 νίκη,
3636 1172 3766 1225 οῦτε

2183 1263 2288 1317 τῶν
2321 1263 2658 1316 εὐπλούντων
2690 1263 2738 1313 οἱ
2767 1261 2981 1331 λιμένες
3002 1279 3015 1292 ·
3047 1261 3181 1314 ἀλλά
3215 1261 3326 1330 (il)
3354 1261 3512 1325 Θεοῦ,
3548 1262 3652 1315 καὶ
3681 1262 3766 1314 νί-

2185 1371 2285 1424 κην
2336 1351 2772 1424 ἀπεργάσασθαι,
2834 1351 2929 1404 καὶ
2978 1353 3057 1414 εἰς
3099 1351 3320 1420 λιμένας
3366 1352 3657 1406 ἀποσῶσαι
3706 1353 3769 1406 τὸ

2187 1441 2410 1510 σκάφος.

2257 1623 2352 1675 ῙΔ’.
2391 1623 2499 1675 Καὶ
2536 1621 2693 1676 τοῦτο
2727 1623 2955 1694 ἀλλαχοῦ
2989 1623 3295 1693 λεγόμενον,
3325 1641 3417 1677 και
3447 1625 3762 1696 νοούμενον,

510 1723 671 1783 atque
700 1713 1036 1782 intelligitur,
1067 1711 1302 1778 mihique
1351 1711 1402 1764 in
1435 1721 1667 1765 mentem
1722 1710 1889 1772 venit,
1921 1724 2075 1777 supe-

2186 1713 2274 1765 καὶ
2316 1713 2444 1776 ἴσως
2484 1713 2773 1782 ἀναγκαῖον
2805 1714 3113 1784 προσθεῖναι
3157 1715 3253 1768 καὶ
3291 1715 3352 1768 τὸ
3394 1715 3621 1769 ἐπελθὸν
3653 1721 3766 1779 τοῖς

509 1805 741 1861 rioribns
775 1806 1062 1874 adiungere
1105 1805 1335 1857 fortasse
1388 1801 1753 1856 necessarium
1803 1801 1986 1861 fuerit,
2025 1807 2081 1852 ut

507 1911 658 1951 meas
708 1911 837 1966 opes
887 1897 1038 1952 vobis
1094 1897 1252 1949 etiam
1307 1894 1524 1963 largiar.
1585 1893 1882 1949 Postulavit
1909 1900 2082 1945 mater

509 1990 737 2044 tiliorum
765 1989 1026 2049 Zebedaci,
1065 1996 1308 2043 materno
1333 1989 1564 2058 quodam
1599 1985 1792 2041 affectu
1827 1984 2076 2053 impulsa,

508 2089 675 2148 atque
707 2093 914 2139 eorum,
947 2093 1066 2146 qua:
1095 2079 1332 2148 petebat,
1362 2077 1578 2131 modum
1623 2077 1893 2145 ignorans,
1920 2075 2078 2145 digna

509 2182 709 2234 tamen,
739 2170 846 2237 cui,
878 2179 1096 2240 propter
1123 2169 1465 2223 immodicam
1497 2169 1602 2220 vim
1635 2170 1838 2222 amoris
1867 2183 1933 2222 ac
1984 2169 2078 2222 be-

508 2260 864 2316 nevolentiam
896 2260 1018 2316 filiis
1068 2261 1301 2315 debitam
1334 2301 1347 2323 ,
1403 2266 1770 2329 ignosceretur
1800 2260 1864 2313 5’.
1897 2257 2080 2327 Neque

505 2354 648 2409 enim
683 2353 978 2423 quidquam
1007 2363 1090 2406 est
1123 2359 1368 2406 materno
1397 2349 1588 2405 affertn
1631 2351 1888 2405 mollius:
1921 2352 2080 2418 idque

502 2459 570 2499 eo
601 2457 993 2504 commemoro,
1029 2451 1089 2496 ut
1120 2451 1350 2497 matrum
1407 2442 1598 2497 honori
1641 2442 1795 2511 quasi
1831 2442 1934 2496 lata
1965 2442 2079 2512 lege

507 2535 807 2590 consulam.
864 2533 1163 2588 Postulavit
1192 2547 1323 2604 ergo
1351 2550 1378 2588 a
1403 2533 1530 2589 Jesu
1561 2545 1733 2589 mater
1762 2533 1996 2600 illorum,
2021 2542 2082 2587 ut

507 2628 738 2682 alterum
777 2627 842 2681 ad
871 2629 1170 2690 dexteram,
1213 2626 1442 2682 alterum
1473 2629 1539 2681 ad
1599 2627 1876 2682 sinistram
1911 2625 2080 2680 collo-

506 2728 677 2772 caret.
717 2719 853 2784 Quid
885 2719 951 2773 ad
984 2720 1095 2774 haec
1129 2717 1416 2773 Salvator?
1481 2719 1722 2773 Primum
1762 2718 1976 2788 quazrit,
2010 2732 2078 2770 an

507 2810 730 2864 calicem
763 2809 948 2865 bibere
982 2818 1206 2880 queant,
1242 2825 1402 2878 quem
1463 2811 1577 2879 ipse
1641 2811 1906 2865 hibiturus
1938 2817 2076 2863 erat.

507 2903 579 2958 Ut
609 2913 786 2957 autem
823 2904 873 2958 id
901 2918 1112 2974 quoque
1163 2904 1390 2975 professi
1446 2914 1571 2960 sunt
1621 2912 1780 2972 atque
1840 2902 2077 2956 afﬁrma-

506 3004 651 3060 runt,
679 3009 742 3050 ac
757 2994 1014 3051 Salvator
1044 2997 1156 3066 ipse
1187 3011 1443 3052 assensus
1495 3008 1579 3050 est
1631 2994 1892 3065 (futurum
1929 2993 2073 3047 enim

2181 1807 2298 1876 είρη
2310 1804 2507 1874 μένοις,
2540 1806 2625 1858 ἵνα
2645 1806 2734 1858 τὸν
2759 1805 2888 1875 ἐμὸν
2915 1805 3141 1858 πλοῦτον
3164 1807 3258 1859 καὶ
3276 1807 3401 1876 ὑμῖν
3423 1807 3762 1878 χαρίσωμαι.

2184 1898 2420 1968 ’ῌτησεν
2459 1899 2490 1967 ή
2527 1898 2708 1968 μήτηρ
2747 1897 2856 1949 τῶν
2913 1898 3045 1950 υἱῶν
3072 1897 3356 1952 Ζεϐεδαίου
3392 1899 3676 1966 φιλότεκόν
3713 1917 3764 1952 τι

2181 1984 2424 2040 παθοῦσα
2459 1986 2592 2056 (22),
2622 1987 2714 2038 καὶ
2746 1986 2806 2038 τὸ
2842 1986 3038 2058 μέτρον
3073 1987 3338 2054 ἀγνοοῦσα
3364 1987 3467 2040 τῶν
3506 1988 3768 2058 αἰτουμέ-

2179 2094 2304 2139 νων,
2356 2076 2494 2148 πλὴν
2549 2079 2865 2150 συγ-γνωστὴ
2909 2078 2974 2130 δι’
3028 2079 3332 2148 ὑπερϐολὴν
3377 2080 3622 2152 φίλτρου,
3670 2080 3764 2132 καὶ

2178 2167 2532 2238 ὀφειλομένην
2565 2167 2777 2221 εῦνοιαν
2804 2169 3030 2231 τέκνοις.
3079 2169 3243 2222 Οὐδὲν
3277 2170 3383 2241 γὰρ
3431 2170 3638 2241 μητρὸς
3671 2172 3762 2223 εῦ-

2181 2259 2609 2330 σπλαγχνότερον
2629 2277 2642 2290 ’
2677 2260 2770 2314 καὶ
2799 2259 2959 2312 τοῦτο
2984 2259 3144 2328 λέγω,
3176 2261 3261 2314 ἴνα
3304 2262 3562 2332 τιμᾶσθαι
3597 2280 3762 2334 νομο⁸

2180 2349 2390 2422 θετήσω
2415 2349 2525 2420 (25)
2547 2349 2646 2413 τὰς
2671 2351 2930 2422 μητέρας.
2961 2352 3197 2421 ’ῌτησεν
3235 2347 3326 2404 οῦν
3361 2352 3452 2405 τὸν
3491 2352 3700 2420 Ἰησοῦν
3729 2353 3762 2422 ἡ

2181 2442 2364 2513 μήτηρ
2407 2441 2653 2500 ἐκείνων,
2702 2441 2795 2493 Eva
2830 2443 2892 2494 ὲκ
2928 2440 3114 2506 δεξιῶν
3151 2440 3392 2502 καθίσαι,
3438 2442 3530 2494 καὶ
3573 2441 3764 2505 ἓνα.ἐξ

2179 2531 2501 2605 ἀριστερῶν.
2574 2531 2733 2585 ’Λλλὰ
2769 2534 2822 2585 τί
2854 2535 2882 2584 6
2908 2533 3131 2603 Σωτήρ;
3177 2533 3389 2604 Ἐρωτᾷ
3429 2533 3488 2586 τὸ
3523 2533 3759 2605 πρῶτον,

2179 2627 2226 2677 εἰ
2256 2625 2316 2678 τὸ
2338 2626 2594 2696 ποτήριον
2631 2624 2882 2677 δύνανται
2913 2626 3075 2689 πιεῖν,
3120 2623 3149 2676 ὃ
3185 2624 3345 2687 αὐτὸς
3386 2624 3558 2677 πίνειν
3591 2623 3762 2694 ἤμελ-

2179 2716 2284 2768 λεν.
2323 2715 2410 2777 Ὠς
2434 2714 2492 2768 δὲ
2522 2715 2615 2767 καὶ
2642 2713 2799 2767 τοῦτο
2820 2713 3166 2783 ὡμολογήθη,
3196 2711 3289 2765 καὶ
3316 2715 3342 2765 6
3370 2712 3562 2782 Σωτήρ
3587 2711 3764 2777 ἐδέξα-

2176 2825 2238 2862 το
2266 2808 2400 2879 (ᾔδει
2433 2807 2542 2878 γὰρ
2582 2804 2696 2877 [24]
2723 2806 3005 2868 κάκείνους
3046 2805 3121 2875 τῷ
3153 2804 3302 2874 αὐτῷ
3330 2799 3760 2874 τελειουμένοῦς,

2181 2900 2380 2971 μᾶλλον
2423 2899 2500 2964 δὲ,
2531 2898 2958 2968 τελεωθήσεσθαι
3135 2897 3468 2968 μέλλοντας),
3497 2897 3550 2948 τί
3592 2913 3759 2966 φησις

2186 2990 2254 3044 Τὸ
2277 2989 2396 3058 μὲν
2423 2987 2708 3056 ποτήριον
2732 2988 2986 3049 πίονται,
3012 2986 3078 3040 τὸ
3104 2985 3172 3038 δὲ
3200 2987 3440 3039 καθίσαι
3459 2986 3527 3038 ἐκ
3550 2983 3764 3050 δεξιῶν

506 3097 686 3148 norat,
721 3097 776 3140 ut
807 3086 880 3139 illi
916 3101 1130 3156 quoque
1160 3089 1407 3143 eumdem
1434 3087 1656 3142 calicem
1683 3085 1986 3146 haurirent,
2015 3099 2075 3136 ac

2186 3100 2296 3152 μου
2335 3081 2447 3152 (26)
2476 3083 2573 3135 καὶ
2600 3080 2668 3144 ἐξ
2693 3076 3036 3146 ἀριστερῶν,
3069 3081 3180 3133 οὐκ
3212 3079 3385 3133 ἐστιν
3406 3078 3571 3149 ἐμὸν,
3607 3080 3758 3159 φησι,

511 3187 775 3258 martyrio
801 3185 1313 3259 perfungerentur);
1341 3187 1470 3256 quid
1509 3183 1818 3254 subiunxit?
1853 3182 2078 3237 Calicem

505 3279 713 3348 quidem
749 3277 918 3331 bibent
950 3297 968 3334 :
1004 3277 1262 3332 collocare
1298 3290 1470 3332 autem
1527 3294 1615 3332 eos
1666 3277 1734 3329 ad
1761 3277 1998 3329 dextram
2031 3282 2077 3326 et

2189 3174 2362 3228 τοῦτο
2399 3173 2630 3237 δοῦναι,
2667 3173 2804 3225 ἀλλ’
2832 3167 2922 3237 οἷς
2951 3171 3206 3225 δέδοται.
3247 3170 3412 3225 Οὐδὲν
3448 3167 3542 3223 οῦν
3574 3172 3605 3223 6
3636 3172 3761 3241 ἡγε-

2181 3263 2296 3336 μὼν
2326 3261 2485 3329 νοῦς;
2517 3263 2670 3316 οὐδὲν
2703 3265 2730 3316 6
2768 3263 2957 3328 πόνοςς
2981 3262 3132 3315 οὐδὲν
3157 3265 3186 3316 6
3210 3261 3396 3331 λόγος;
3425 3262 3576 3315 οὐδὲν
3607 3264 3643 3333 ή
3674 3278 3760 3330 ςι-

505 3371 800 3432 sinistram,
819 3385 922 3424 non
952 3380 1028 3424 est
1052 3386 1222 3424 meum
1248 3371 1344 3424 hoc
1373 3377 1522 3433 dare,
1563 3369 1652 3423 sed
1679 3367 1867 3439 quibus
1896 3369 2075 3419 datum

2186 3355 2402 3425 λοσοφία
2427 3373 2440 3420 ;
2476 3355 2625 3408 οὐδὲν
2651 3354 2712 3407 τδ
2740 3354 3032 3425 νηστεῦσαι
3058 3371 3072 3418 ;
3100 3354 3252 3407 οὐδὲν
3286 3353 3346 3406 τὸ
3377 3353 3760 3425 ἀγρυπνῆσαι;

505 3472 579 3516 cst
617 3462 682 3516 ⁸ο.
711 3460 852 3516 Nihil
883 3461 1045 3532 igitur
1077 3476 1228 3516 mens
1269 3465 1375 3517 dux
1413 3472 1467 3516 ct
1521 3457 1909 3532 gubernatrix?
1951 3454 2075 3511 nihil

2186 3448 2240 3502 τὸ
2277 3447 2653 3519 χαμευνῆσαι;
2694 3445 2754 3498 τὸ
2784 3446 2966 3518 πηγὰς
2997 3446 3186 3512 στάξαι
3212 3445 3500 3517 δακρύωνς
3540 3444 3760 3498 Τούτων

505 3555 693 3611 labor?
724 3553 858 3608 nihil
910 3554 1084 3608 ratio?
1138 3552 1273 3608 nihil
1334 3550 1714 3623 philosophia?
1767 3549 1899 3604 nihll
1939 3546 2075 3616 jeiu«

2186 3539 2351 3601 οὐδὲν,
2399 3539 2535 3592 ἀλλὰ
2584 3538 2725 3592 κατὰ
2768 3555 2889 3592 τινα
2931 3538 3332 3610 ἀποκλήρωσιν,
3365 3539 3459 3592 καὶ
3487 3535 3762 3609 Ἱερεμίας

505 3647 702 3703 nasse?
732 3646 864 3701 nihil
896 3655 1080 3701 noctes
1106 3648 1382 3701 insomnes
1408 3644 1627 3699 duxisse
1652 3641 1826 3697 inibil
1855 3641 2075 3696 humum

2194 3631 2487 3702 ἱγιάζεται,
2511 3630 2603 3684 καὶ
2633 3630 2781 3684 ἄλλοι
2809 3631 2872 3683 ὲκ
2904 3631 3115 3701 μήτρας
3133 3630 3567 3702 ἀλλοτριοῦνται;

505 3755 604 3809 pro
631 3749 799 3795 strato
823 3735 1106 3792 habuisse?
1142 3735 1316 3791 fontes
1336 3729 2066 3804 lacrymarumprofudisse?
2107 3726 2256 3782 Nihil
2284 3725 2574 3794 quidquam
2608 3722 2800 3777 horum
2843 3723 3129 3792 profuerit,
3183 3723 3277 3778 sed
3344 3722 3486 3778 forte
3527 3721 3758 3792 quadam

506 3847 570 3886 ac
602 3831 717 3900 lege
746 3827 917 3891 fatali,
955 3836 1022 3896 et
1037 3824 1300 3882 Jeremias
1327 3825 1697 3882 sanctificatur
1727 3824 1796 3892 “,
1818 3821 1978 3880 etalii
2018 3819 2086 3874 ab
2125 3821 2238 3889 ipsa
2269 3815 2421 3870 vulva
2465 3813 2826 3882 rejiciuntur?

578 3919 928 3981 XV.Vereor,
948 3935 1015 3974 ne
1031 3919 1264 3974 absurda
1277 3917 1443 3973 etiam
1472 3933 1534 3972 ac
1563 3926 1893 3986 praepostera
1915 3914 2064 3984 cogi-

508 4016 638 4071 tatio
667 4014 915 4083 cuiquam
941 4013 1194 4081 obrepat,
1218 4019 1470 4080 tanquam
1499 4010 1677 4064 anima
1692 4007 1818 4062 alibi
1844 4020 2072 4076 usquam

507 4115 722 4161 versata
755 4104 846 4168 sit,
881 4120 944 4157 ac
970 4103 1160 4158 deinde
1185 4101 1396 4172 corpori
1431 4100 1560 4156 huic
1612 4099 1834 4156 astricta
1873 4097 2072 4164 fuerit;

509 4208 690 4268 atque,
718 4205 880 4265 prout
911 4194 1019 4250 illic
1040 4208 1107 4256 se
1160 4193 1409 4260 gesserit,
1447 4191 1536 4246 alii
1572 4191 1907 4262 prophetiam
1933 4189 2076 4244 acci-

508 4287 678 4357 piant,
733 4285 841 4351 alii,
873 4285 963 4355 qui
1011 4283 1253 4354 improhe
1317 4283 1590 4346 vixerunt,
1625 4282 2072 4336 condemnentur.

509 4381 613 4434 Sed
636 4378 888 4447 quoniam
942 4376 1043 4431 hoc
1089 4374 1403 4429 existimare
1436 4373 1598 4429 nimis
1638 4372 1857 4428 stultum
1891 4381 1946 4426 et
1977 4371 2074 4426 ab-

2247 3906 2348 3962 lE'.
2389 3904 2664 3977 Φοϐοῦμαι
2696 3905 2770 3978 μή
2797 3908 2889 3960 καὶ
2911 3907 3111 3970 ἄτοπός
3133 3925 3216 3972 τις
3239 3907 3452 3982 εἰσέλθῃ
3479 3910 3756 3983 λογισμὸς,

2179 4001 2254 4064 ὼς
2285 3999 2382 4070 τῆς
2411 3998 2588 4069 ψυχῆς
2621 3997 2732 4069 (27)
2755 3998 2988 4068 ἀλλαχοῦ
3018 3998 3504 4073 πολιτευσαμένης,
3537 4000 3661 4058 εἶτα
3686 4002 3760 4073 τῷ

2183 4090 2393 4162 σώματι
2441 4089 2614 4161 τούτῳ
2657 4089 2962 4159 ὲνδεθείσης
2988 4106 3002 4121 ·
3041 4093 3134 4144 καὶ
3163 4094 3226 4145 ὲκ
3261 4093 3360 4163 τῆς
3402 4093 3610 4148 ἐκεῖθεν
3649 4095 3758 4166 (28)

2184 4182 2477 4247 πολιτείας,
2516 4181 2622 4235 τῶν
2652 4182 2748 4253 μὲν
2776 4181 3047 4237 λαϐόντων
3068 4182 3164 4254 τὴν
3188 4185 3545 4255 προφητείαν,
3576 4187 3687 4241 τῶν
3707 4186 3759 4239 δὲ

2184 4270 2680 4342 κατακρινομένων,
2711 4270 2823 4323 ὅσοι
2850 4270 3036 4334 κακῶς
3063 4270 3406 4342 βεϐιώκασιν.
3447 4271 3585 4329 Ἀλλ’
3615 4274 3760 4328 ἐπες-

2183 4364 2245 4435 δὴ
2271 4362 2429 4417 τοῦτο
2453 4362 2739 4416 ὑπολαϐεῖν
2762 4363 2881 4418 λίαν
2903 4365 3122 4428 ἄτοπον,
3147 4366 3242 4418 καὶ
3263 4366 3361 4419 οὐκ
3383 4367 3759 4438 ἐκκλησιαστι-

505 4445 728 4526 surdum
761 4477 862 4533 est,
890 4477 1052 4534 atque
1076 4466 1141 4520 ab
1171 4463 1542 4522 ecclesiastica
1583 4463 1688 4518 fide
1743 4471 1798 4517 et
1829 4462 2075 4518 doctrina

2186 4455 2275 4510 κὸν
2311 4454 2481 4526 (ἄλλοι
2516 4455 2614 4526 μὲν
2640 4456 2746 4525 γὰρ
2778 4473 2842 4508 πε
2853 4457 2904 4528 ρ).
2926 4456 3034 4508 τῶν
3056 4456 3312 4510 τοιούτων
3337 4457 3448 4530 [29]
3475 4458 3757 4530 δογμάτων

507 4561 739 4616 alienum
767 4557 881 4629 (alii
913 4557 1055 4611 enim
1086 4556 1152 4609 de
1177 4553 1485 4623 huiusmodi
1511 4551 1878 4622 dogmatibus,
1908 4551 1955 4604 si
1981 4565 2074 4604 ve-

507 4653 628 4717 lint,
662 4651 845 4704 ludant
869 4666 883 4713 ;
907 4648 1059 4701 nobis
1093 4654 1274 4700 autem
1329 4643 1633 4713 huiusmodi
1690 4643 1829 4698 ludis
1865 4642 2074 4696 animos

507 4743 778 4798 oblectare
807 4739 1025 4794 minime
1055 4746 1224 4791 tutum
1249 4735 1386 4806 est);
1422 4735 1529 4788 illic
1575 4747 1788 4802 quoque
1839 4731 1925 4786 his
1957 4745 2074 4784 ver-

2185 4546 2551 4613 παιζέτωσαν,
2581 4550 2712 4619 ἡμῖν
2751 4548 2807 4602 δὲ
2839 4548 2908 4602 τὰ
2948 4548 3173 4603 τοιαῦτα
3217 4550 3431 4616 παίζειν
3459 4553 3558 4606 οὐκ
3590 4553 3758 4623 ἀσφα-

2183 4641 2316 4709 λὲς),
2354 4640 2514 4693 κάκεῖ
2553 4639 2650 4711 τῷ,
2682 4641 2789 4695 Καὶ
2829 4637 2922 4706 οἷς
2971 4640 3223 4707 δέδοται,
3259 4644 3490 4715 πρόσθες
3527 4645 3607 4710 τὸ,
3653 4647 3758 4706 τοῖς

2183 4727 2333 4784 οὖσιν
2384 4724 2581 4794 ἀξίοις·
2617 4731 2665 4783 οἳ
2714 4731 2774 4786 τὸ
2825 4729 2962 4786 εἶναι
3009 4734 3257 4799 τοιοῦτοι,
3295 4737 3355 4788 οὺ
3408 4737 3566 4808 μόνον
3613 4737 3757 4809 παρᾶ

579 4954 622 4986 ιτ
664 4950 809 5007 Psal.
852 4965 1036 5016 cxxvt,
1071 4951 1122 5005 ι.
1199 4949 1243 4979 ιι
1272 4945 1449 5003 Ecclc.
1479 4921 1556 5013 ui,
1595 4945 1684 5000 ιι.
1759 4946 1804 4976 ι’
1837 4943 2075 4998 Matth.)

2186 4942 2257 4996 ιο.
2335 4941 2381 4974 ⁸⁸
2405 4940 2535 4995 ibid.
2558 4940 2649 4996 25.
2727 4941 2768 4972 ⁸⁸
2802 4938 3002 4996 Jeretn.
3038 4959 3078 5005 t,
3114 4942 3148 4996 5

580 5067 687 5140 (l9)
720 5065 968 5140 Χρῄζιις-
999 5067 1102 5140 0r:
1124 5068 1173 5130 1.
1200 5067 1440 5140 χρῄζεις.

581 5123 690 5210 (20)
720 5123 1056 5210 obstitit“.
1091 5123 1376 5210 animis}.

581 5206 692 5279 (21)
737 5206 938 5262 Ἀλλά.
1083 5208 1271 5279 1,-καί.

579 5276 691 5347 (22)
721 5281 775 5332 Τι
801 5276 1095 5347 παθοῦσα.
1123 5277 1338 5342 Comb.,
1367 5295 1419 5332 τι
1445 5277 1614 5342 πάθος
1644 5277 1908 5333 παθουσα.

580 5345 690 5421 (25)
726 5345 1587 5421 Ἵναητιμᾶσθᾳι-νομοᾷετήσω.
1630 5348 1794 5421 Cois].
1829 5347 1881 5421 i_,
1917 5347 2071 5404 Colb.

509 5421 562 5487 1,
589 5417 826 5485 ’ϐοιιιιι.,
863 5419 949 5490 ἵνα
996 5417 1266 5488 τιμᾶσθαι
1290 5418 1502 5486 διδάξω,
1562 5419 1657 5490 καὶ
1706 5417 2070 5490 νομοθετήσω,

514 5510 533 5542 ι
562 5501 842 5570 trimatres
871 5489 1048 5570 colere
1071 5491 1314 5570 doceam,
1347 5499 1400 5542 et
1427 5492 1598 5570 quasi
1618 5489 1735 5570 lege
1766 5489 2018 5543 statuam.
2047 5508 2067 5541 ι

582 5561 689 5630 (9.4)
727 5559 890 5632 ’ῌδει
915 5559 1046 5632 γάρ,
1073 5569 1179 5613 etc.
1211 5576 1230 5610 t
1261 5557 1492 5612 Noverat
1511 5559 1654 5613 enim
1676 5557 1800 5614 illos
1823 5573 2074 5616 consum-

509 5633 666 5698 mari,
709 5631 814 5686 inio
841 5645 969 5685 vero
1009 5631 1120 5686 fore
1153 5638 1208 5684 ut
1242 5642 1811 5696 consummarenturu

2175 5560 2286 5618 bef.

2256 5066 2372 5208 (25)
2407 5064 2899 5130 Τελεωθήσεσθαι.
2934 5064 3025 5120 Or.
3058 5068 3108 5128 l,
3137 5067 3602 5140 τελειωθήσεσθαι.

2258 5137 2349 5208 (26
2397 5135 2753 5208 Mov._Deest
2786 5137 2838 5208 i_n
2876 5137 3166 5190 nonnullis.

2258 5135 2372 5206 (26)
2401 5135 2753 5206 Μουκῡεθεῑ
2787 5137 2838 5206 i_n
2876 5137 3166 5190 nonnullis.

2259 5203 2487 5287 (27)_'0c
2503 5204 2614 5287 σῇς
2639 5203 2870 5287 ψυχῆς,
2895 5213 3002 5263 etc.
3026 5207 3442 5287 Pythagoricum
3474 5210 3664 5282 dogma
3697 5212 3756 5268 de

2188 5275 2472 5347 animabus
2503 5277 2592 5347 hic
2622 5275 3126 5347 carpiLGregorins.

2258 5346 2370 5419 (28)
2439 5344 2720 5402 Ἐκεῖθεν.
2777 5344 3197 5403 ΤιέεὊοΙὺοτι.
3248 5359 3301 5403 et
3348 5349 3442 5404 υτ.
3495 5350 3547 5416 1,
3613 5353 3754 5405 ἐκεῖ-

2182 5436 2240 5472 σε

2244 5457 2363 5614 (29)
2395 5487 2699 5544 Τοιούτων.
2740 5486 2899 5544 Deest
2930 5504 2981 5543 in
3037 5488 3168 5561 Reg.
3203 5489 3251 5555 b,
3289 5488 3387 5545 Or.
3419 5490 3444 5543 1
3482 5501 3536 5548 et
3587 5491 3753 5549 Coma
