4010 6316
59 0 144 32 Γ

60 51 72 320 l

207 371 282 428 501

1042 357 1299 414 ORATIO
1332 355 1596 412 XXXVII.
1635 386 1702 397 --
1738 353 1807 410 IN
1845 355 2104 436 ΜΑἸξΤΗ.
2146 355 2285 422 XIX,
2329 358 2481 414 1-12.

3291 353 3397 412 502

208 487 280 542 τοῦ
319 483 509 554 Πατρὸς
553 481 854 553 εἰλήφασιν,
908 476 1042 533 ἀλλὰ
1094 482 1188 533 καὶ
1241 481 1454 544 ἑαυτοῖς
1485 477 1722 533 δεδώκα-

1838 479 1942 544 bis,
1972 479 2041 535 Et
2073 480 2260 549 quibus
2289 479 2470 534 datum
2521 485 2619 544 est,
2668 477 2768 534 hoc
2817 475 3068 545 adiunge,
3115 474 3202 545 qui
3253 475 3396 545 digni

207 596 270 632 σιν
287 578 400 648 (30).

256 761 350 826 tq".
376 756 500 811 Εἰσί
525 754 633 826 γὰρ
660 754 960 825 εὐνοῦχοι,
996 755 1213 821 οἵτινες
1235 755 1321 821 ,ἐκ
1360 757 1594 822 κοιλίας
1612 772 1725 826 μη-

203 852 308 920 τρὸς
331 849 821 916 εὐνουχίσθησαν,
852 847 946 900 καὶ
975 846 1044 900 τὰ
1078 845 1470 919 ἐξῆςηΣφόδρα
1509 848 1727 902 ἐϐουλό-

203 962 287 1014 μην
303 940 529 1012 ἀνδρικόν
553 957 604 992 τι
637 938 765 1010 περὶ
791 939 900 992 τῶν
924 938 1194 1008 εὐνούχων
1212 937 1322 1010 (31)
1357 938 1502 1009 ἔχειν
1527 943 1722 995 εἰπεῖν.

199 1035 268 1106 Μὴ
295 1035 416 1105 μέγα
458 1033 566 1102 (52)
602 1035 868 1102 φρονεῖτε,
903 1031 951 1084 οἱ
990 1032 1054 1084 ἐκ
1089 1026 1308 1100 φύσὲως
1344 1031 1610 1102 εὐνοῦχοι.
1652 1032 1728 1086 Τὸ

196 1127 280 1199 τὰρ
308 1129 391 1197 τῆς
431 1124 796 1197 σωφροσύνης,
833 1124 963 1187 ἴσως
1000 1123 1274 1211 ἀκούσιον.
1303 1124 1376 1178 Ού
1418 1123 1528 1196 γὰρ
1564 1120 1727 1195 ἦλθεν

198 1217 258 1278 είς
278 1215 500 1284 βάσανον,
529 1214 651 1267 οὐδὲ
690 1215 751 1266 τὸ
802 1216 1099 1286 σωφρονεῖν
1145 1214 1478 1285 ἐδοκιμάσθη
1517 1214 1604 1267 διὰ
1627 1213 1728 1284 τῆς

197 1305 458 1378 reip-1917a
490 1307 587 1378 μὲν
617 1306 726 1377 γὰρ
760 1307 824 1359 ἐκ
854 1306 1069 1376 φύσεως
1094 1306 1319 1375 ἀγαθὸν,
1347 1306 1603 1377 ἀδόκιμον
1626 1321 1639 1334 ο
1667 1306 1728 1359 τὸ

194 1395 228 1447 δ’
257 1397 310 1448 ὲκ
347 1397 732 1466 προαιρέσεως,
771 1396 1072 1451 ἐπαινετόν.
1119 1397 1214 1461 Τίς
1257 1397 1389 1468 πυρὶ
1440 1397 1600 1468 χάρις
1633 1399 1726 1450 τοῦ

197 1487 359 1552 uisui;
391 1488 447 1540 τὸ
476 1488 582 1560 γὰρ
606 1490 784 1544 καίειν
810 1490 875 1543 ἐκ
904 1488 1117 1558 φύσεως
1148 1489 1282 1561 ἔχει.
1317 1489 1411 1554 Τίς
1441 1489 1592 1543 ὕδατι
1616 1489 1727 1561 (55)

193 1578 264 1631 τοῦ
293 1579 426 1632 κάτω
466 1579 765 1650 φέρεσθαι;
810 1581 970 1634 τοῦτο
1007 1581 1118 1654 γὰρ
1164 1582 1278 1652 ἔχει
1319 1583 1470 1654 παρὰ
1503 1581 1596 1636 τοῦ
1634 1582 1729 1652 δη-

195 1671 594 1741 μιουργήσαντος.
642 1671 738 1736 Τίς
769 1673 904 1742 χιόνι
952 1673 1055 1744 τῆς
1091 1673 1428 1746 ψυχρότητος
1470 1675 1658 1746 χάρις;
1693 1674 1726 1744 ἢ

190 1759 249 1829 τῷ
281 1760 402 1832 ἡλίῳ
441 1761 533 1814 τοῦ
563 1761 811 1831 φαίνεινς
841 1761 1023 1816 Φαίνει
1051 1763 1158 1835 γὰρ
1191 1763 1296 1818 κᾶν
1337 1765 1412 1836 μὴ
1454 1764 1727 1836 βούληται.

1826 579 1983 636 sunt;
2020 572 2241 640 quique,
2273 581 2332 625 ut
2357 571 2491 626 tales
2525 571 2654 640 sint,
2686 585 2790 624 non
2819 570 2978 625 modo
3004 563 3032 622 a
3062 567 3223 623 Patre
3249 580 3398 623 acce-

1829 671 2045 732 perunt,
2077 663 2170 718 sed
2203 662 2304 718 sibi
2334 663 2466 732 ipsis
2498 664 2661 718 etiam
2692 663 2974 718 dederunt.

1896 752 2037 811 XVI.
2071 755 2205 811 Sunt
2235 757 2372 809 enim
2421 756 2666 821 eunuchi,
2699 756 2784 826 qui
2815 771 2878 809 ea:
2905 763 3053 808 utero
3084 752 3265 806 matris
3307 767 3400 803 ca-

1827 848 1980 902 strati
2004 858 2147 913 sunt,
2181 860 2289 903 etc.
2341 847 2703 903 Vehementer
2761 860 3012 915 cuperem
3041 844 3216 916 656
3245 840 3402 896 virile

1829 939 2030 1009 aliquid
2071 941 2137 995 de
2172 938 2434 994 eunuchis
2483 938 2728 1009 proloqui
2781 951 2956 1008 posse.
3011 935 3087 991 Ne
3111 935 3399 990 admodum

1829 1029 2113 1100 magniﬁce
2144 1029 2210 1083 de
2237 1027 2391 1084 vobis
2417 1028 2685 1093 sentiatis,
2729 1027 2821 1097 qui
2870 1041 2901 1081 a
2947 1036 3138 1082 natura
3169 1024 3400 1082 eunuchi

1829 1121 1982 1177 estis.
2015 1120 2266 1175 Fortasse
2300 1121 2443 1176 enim
2481 1120 2744 1190 pudicitia
2793 1121 2908 1175 haec
2957 1120 3181 1174 minime
3211 1118 3404 1173 volun-

1832 1212 1968 1266 taria
1993 1219 2098 1268 est.
2129 1210 2244 1264 Non
2278 1211 2421 1265 enim
2476 1210 2752 1279 explorata
2811 1219 2914 1275 eat,
2953 1223 3053 1264 nec
3080 1209 3402 1264 castimonia

1830 1303 2068 1373 periculo
2114 1301 2260 1356 facto
2310 1302 2683 1372 comprobata.
2742 1301 2951 1358 Bonum
2994 1300 3138 1357 enim
3189 1301 3332 1370 quod
3373 1315 3404 1355 a

1832 1404 2026 1450 natura
2075 1394 2461 1465 proficiscitur,
2518 1395 2731 1451 laudem
2784 1410 2890 1450 non
2945 1404 3228 1450 meretur:
3262 1393 3404 1461 quod

1831 1497 2012 1542 autem
2045 1500 2076 1541 a
2106 1486 2273 1541 libera
2306 1486 2582 1543 voluntate
2616 1487 2892 1557 animique
2925 1487 3168 1542 instituto
3198 1485 3333 1552 fluit,
3354 1486 3405 1539 id

1789 1642 1792 1645 _
1832 1578 1991 1634 laude
2025 1577 2248 1649 dignum
2303 1578 2718 1634 existimandum
2763 1587 2867 1636 est.
2929 1578 3059 1646 Quae
3097 1577 3206 1648 igni
3235 1576 3408 1648 gratia

1833 1679 1938 1738 est,
1965 1671 2106 1740 quod
2133 1671 2280 1727 urit?
2319 1669 2487 1727 Urere
2539 1672 2683 1727 enim
2744 1687 2772 1726 a
2828 1679 3022 1726 natura
3068 1670 3248 1727 habet.
3279 1669 3410 1736 Quae

1835 1775 2010 1831 aquae,
2064 1764 2205 1831 quod
2263 1764 2512 1817 deorsum
2567 1761 2774 1816 fertur?
2809 1760 2920 1816 Hoc
2954 1761 3098 1817 enim
3139 1777 3167 1815 a
3198 1775 3411 1814 summo

189 1828 385 1922 Χαρίζου
438 1871 528 1924 μοι
575 1828 638 1907 τὸ
681 1853 963 1925 βούλεσθαι
1006 1828 1073 1909 τά
1107 1828 1374 1926 βελτίονα.
1400 1828 1626 1928 ’Χαρίζῂ
1654 1855 1728 1920 δὲ,

1840 1828 2021 1910 rerum
2053 1828 2290 1911 omnium
2323 1855 2516 1924 Opifice
2557 1855 2740 1910 habet.
2797 1854 2927 1921 Quae
2960 1855 3068 1909 nivi
3111 1856 3280 1924 gratia
3311 1855 3412 1908 ha-

187 1941 259 1996 ἐὰν
280 1944 400 2015 σὰρξ
425 1944 736 2014 γενόμενος,
765 1947 1132 2018 πνευματικὸς
1159 1948 1290 2020 γένῃ
1313 1965 1327 1978 ·
1356 1949 1449 2002 ἐὰν
1479 1951 1544 2020 τῇ
1580 1947 1732 2019 μολί-

184 2035 248 2088 ὁδι
269 2037 365 2107 (51)
393 2038 486 2107 τῆς
508 2038 714 2109 σαρκὸς
738 2038 1050 2111 ἑλκόμενος,
1081 2041 1366 2113 πτερωθῇς
1395 2042 1500 2094 ὑπὸ
1521 2039 1614 2095 τοῦ
1644 2041 1729 2094 λό-

183 2143 287 2196 γοιν
318 2127 405 2182 ἐὰν
442 2129 694 2200 οὐράνιος
737 2131 990 2204 εὑρεθῇς,
1031 2132 1286 2196 ταπεινὸς
1328 2133 1599 2203 γεγονώς·
1636 2133 1732 2187 ἐὰν

183 2221 314 2290 σαρκὶ
341 2221 629 2286 συνδεθεὶς,
660 2221 802 2294 ὑπὲρ
823 2223 1002 2295 σάρκα
1029 2228 1205 2296 φανῇς
1227 2225 1360 2296 (55).

1839 1945 2012 2000 benda
2039 1954 2142 2010 est,
2167 1946 2308 2015 quod
2349 1945 2541 2016 frigida
2577 1947 2688 2000 sit?
2745 1956 2839 1999 aut
2874 1945 2996 2010 soli,
3023 1945 3165 2015 quod
3197 1943 3412 1999 luceat?

1839 2035 2060 2092 Lucebit
2083 2036 2225 2091 enim
2273 2037 2436 2091 etiam
2487 2035 2706 2090 invitus.
2755 2034 2868 2090 Hoc
2897 2037 3026 2090 mihi
3085 2035 3301 2104 largire,
3331 2041 3408 2098 ut,

1839 2142 1958 2198 quae
1988 2138 2132 2184 reeta
2186 2137 2334 2196 sunt,
2401 2128 2555 2182 velis.
2602 2128 2873 2198 Largieris
2916 2138 3122 2189 autem,
3181 2128 3224 2182 si
3283 2140 3412 2180 caro

1841 2219 2034 2284 factus,
2059 2217 2355 2290 spiritualis
2411 2217 2698 2286 eﬂiciaris;
2749 2219 2792 2274 si
2849 2234 2876 2272 a
2927 2218 3177 2288 plumbea
3226 2215 3412 2271 carnis

183 2312 296 2366 mole
318 2322 514 2369 tractus
543 2325 711 2384 atque
755 2315 1066 2386 depressus,
1126 2333 1156 2370 a
1200 2317 1410 2372 ratione
1458 2318 1511 2372 in
1543 2319 1712 2373 altum
1752 2313 2090 2380 subleveris;
2127 2313 2174 2368 si
2205 2312 2420 2368 humilis
2444 2323 2678 2380 creatus,
2717 2313 2956 2368 caelestis
3008 2311 3334 2377 inveniaris;
3365 2309 3412 2364 si

181 2405 304 2456 carni
338 2407 488 2473 quasi
521 2405 757 2462 vinculis
783 2408 1108 2476 quibusdam
1153 2413 1429 2479 astrictus,
1471 2411 1716 2482 superior
1753 2422 1915 2466 carne
1959 2422 2240 2476 apparens.

233 2496 314 2549 lZ'.
353 2497 564 2569 Ἐπειδὴ
623 2493 715 2552 οὖν
767 2497 828 2552 τὸ
884 2501 1172 2571 σωματικὰ
1211 2506 1428 2573 φρονεῖν
1473 2504 1587 2574 (56)
1629 2504 1732 2557 οὐκ

178 2585 442 2653 ἐπαινετὸν,
468 2588 600 2642 ἄλλο
640 2605 693 2641 τι
719 2590 854 2642 αἰτῶ
880 2591 1006 2655 τοὺς
1029 2592 1336 2664 εὐνούχους.
1371 2586 1464 2666 Μὴ
1501 2595 1732 2666 πορνεύ-

179 2691 282 2747 οητε
319 2681 438 2749 περὶ
483 2679 737 2752 θεότητα.
781 2683 1004 2754 Χριστῷ
1050 2685 1457 2756 συζευχθέντες,
1493 2688 1728 2759 Χριστὸν

177 2767 236 2838 μὴ
254 2770 561 2842 ἀτιμάσητε.
600 2771 736 2826 Ὑπὸ
759 2773 852 2827 τοῦ
881 2774 1199 2846 Πνεύματος
1227 2777 1432 2832 τελειού
1443 2796 1614 2849 μενοι,
1652 2780 1727 2852 μὴ

174 2859 396 2931 ὁμότιμον
419 2864 637 2927 ἑαυτοῖς
659 2863 720 2917 τὸ
745 2864 969 2936 Πνεῦμα
995 2868 1278 2940 ποιήσητε.
1306 2871 1376 2922 El
1404 2869 1492 2922 ἔτι
1520 2869 1737 2938 ἀνθρώ-

173 2961 285 3015 ποις
312 2951 592 3018 ἤρεσκον,
614 2955 643 3006 ὁ
675 2953 888 3018 Παῦλός
909 2972 1061 3026 φησι,
1087 2958 1345 3024 Χριστοῦ
1374 2958 1596 3024 δοῦλος
1618 2962 1732 3014 οὐκ
1773 2965 1777 2969 ’

173 3036 234 3089 ἂν
255 3039 421 3109 ἤμην.
454 3044 517 3096 Ei
546 3044 809 3116 κτίσματι
839 3045 1150 3118 ὲλάτρευον,
1179 3049 1278 3102 οὐκ
1305 3049 1371 3103 ἂν
1405 3051 1735 3123 Χριστιανὸς

1911 2499 2069 2554 XVII.
2114 2499 2378 2566 Quoniam
2403 2500 2569 2570 igitur
2597 2516 2856 2572 corporea
2911 2516 3124 2570 sapere,
3179 2498 3416 2555 carnali-

1835 2593 2045 2662 busque
2075 2591 2361 2647 aﬁectibus
2390 2593 2530 2654 duci,
2565 2594 2986 2665 haudquaquam
3020 2591 3287 2648 laudabile
3307 2600 3412 2656 est,

1835 2683 1981 2736 aliud
2011 2681 2266 2750 quiddam
2296 2683 2366 2736 ab
2397 2685 2662 2740 eunuchis
2692 2685 2922 2755 postulo.
2979 2683 3057 2740 Ne
3102 2684 3245 2740 circa
3279 2683 3416 2739 divi-

1838 2774 2063 2827 nitatem
2094 2775 2432 2830 scortemini.
2495 2776 2594 2842 Qui
2650 2776 2870 2833 Christo
2935 2778 3204 2848 conjuncti
3260 2777 3415 2846 estis,

1837 2865 2112 2922 Christum
2150 2881 2218 2922 ne
2247 2871 2629 2924 contemnatis.
2662 2870 2760 2937 Qui
2802 2887 2831 2926 a
2891 2871 3092 2942 Spiritu
3124 2872 3417 2943 perfectio-

1838 2973 1960 3014 nem
1985 2959 2253 3029 accipitis,
2281 2976 2350 3016 ne
2378 2977 2562 3032 parem
2589 2963 2742 3018 vobis
2783 2963 3047 3035 Spiritum
3096 2964 3326 3020 faciatis.
3355 2966 3417 3022 Si

1837 3050 2010 3103 adhuc
2036 3051 2332 3106 hominibus
2363 3054 2642 3122 placerem,
2676 3056 2851 3127 inquit
2899 3057 3096 3130 Paulus
3117 3058 3184 3125 θ’,
3220 3058 3416 3114 Christi

170 3124 516 3204 ὠνομαζόμην.
564 3115 755 3196 Είςντί
791 3134 904 3204 (57)
939 3115 1048 3206 γὰρ
1091 3137 1119 3188 ὁ
1162 3115 1488 3207 Χριστιανὸς
1518 3115 1730 3210 τίμιον,

1838 3156 2014 3196 servus
2032 3159 2134 3197 non
2161 3160 2341 3198 essem.
2369 3144 2424 3200 Si
2451 3158 2755 3202 creaturam
2785 3149 3039 3214 colerem,
3067 3149 3416 3207 Christianus

60 3218 62 3276 Ι
169 3218 264 3290 Οὐκ
285 3221 359 3276 ὅτι
389 3224 520 3288 Θεὸς
564 3227 596 3278 ὁ
633 3225 904 3292 Χριστὸςς
945 3227 1008 3280 Ei
1051 3227 1124 3298 μὴ
1154 3227 1312 3281 τοῦτο
1341 3231 1418 3292 ὡς
1445 3230 1734 3302 ἄνθρωπος

170 3313 433 3386 τάθωβθ),
449 3317 608 3388 φιλίᾳ
621 3317 756 3388 πρὸς
771 3317 930 3370 αὐτὸν
947 3335 1224 3392 συγκεκρα
1232 3321 1413 3391 μένος.
1430 3323 1624 3376 Καίτοι
1641 3325 1736 3376 καὶ

170 3404 346 3478 Πέτρον
363 3409 530 3478 τιμῶ,
555 3409 676 3462 ἀλλ’
698 3410 798 3464 ούκ
818 3409 1002 3465 ἀκούω
1041 3411 1358 3484 Πετριανός’
1385 3413 1478 3467 καὶ
1500 3413 1734 3481 Παῦλον,

169 3492 434 3562 Παυλιανὸς
452 3499 509 3552 δὲ
531 3499 638 3553 οὐκ
659 3500 884 3571 ἤκουσα.
903 3501 977 3553 Ού
1002 3500 1228 3573 δέχομαι
1258 3502 1410 3572 παρὰ
1435 3503 1737 3574 ἀνθρώπων

168 3584 511 3658 ὀνομάζεσθαι,
528 3591 683 3663 παρὰ
695 3591 830 3645 Θεοῦ
847 3591 1104 3662 γεγονώς.
1120 3593 1309 3658 Οὕτως
1329 3595 1376 3647 εί
1392 3594 1596 3666 μὲν,ὅτι
1607 3596 1738 3651 Θεὸν

167 3673 459 3752 ὑπείληφας,
488 3682 583 3736 διὰ
593 3681 753 3735 τοῦτο
764 3683 902 3755 καλῇ
922 3683 1266 3754 Χριστιανὸς,
1293 3685 1387 3739 καὶ
1410 3685 1616 3748 καλοῖο,
1635 3690 1732 3742 καὶ

171 3770 479 3842 μένοιςὲντῷ
508 3773 818 3846 ὀνόματι,ῆ
855 3774 934 3846 τῷ
957 3776 1069 3846 (59)
1105 3777 1413 3849 πράγματι.
1445 3780 1508 3832 Εἰ
1540 3779 1618 3841 δὲ.
1651 3782 1734 3834 ὅτι

167 3862 387 3937 στέργεις
399 3866 662 3936 Χριστὸν,
682 3865 771 3919 διὰ
783 3865 944 3920 τοῦτο
959 3865 1019 3931 ἐξ
1031 3867 1198 3922 αὐτοῦ
1221 3870 1380 3942 καλῇ,
1398 3871 1550 3924 οὐδὲν
1569 3870 1730 3925 πλέον

166 3954 324 4026 νέμεις
362 3959 536 4030 αὐτῷ,
569 3956 682 4028 (40)
705 3958 815 4010 τῶν
839 3958 1017 4012 ἄλλων
1045 3960 1312 4032 κλήσεων,
1347 3963 1405 4016 αἳ
1448 3963 1558 4017 ἀπό
1585 3980 1728 4026 τινος

164 4044 578 4122 ἐπιτηδεύματος
609 4049 642 4120 ἦ
672 4050 999 4121 πράγματος
1027 4050 1288 4106 τίθενται.

1839 3234 2024 3304 utique
2059 3249 2165 3290 non
2202 3237 2522 3306 appellarer.
2556 3238 2666 3295 Cur
2693 3241 2836 3294 enim
2891 3242 3185 3298 Christiani
3223 3260 3416 3299 nomen

1838 3326 2150 3382 venerabile
2176 3329 2302 3382 est?
2353 3329 2548 3384 Annon
2623 3331 2751 3401 quia
2819 3331 3069 3390 Christus
3091 3335 3271 3390 Deus?
3304 3333 3416 3390 Nisi

1840 3412 2070 3471 fortasse
2103 3417 2209 3472 hoc
2237 3418 2476 3474 humano
2509 3434 2662 3474 more
2692 3419 2854 3486 facio,
2899 3423 3134 3478 amicitia
3164 3424 3416 3480 nimirum

1841 3521 1961 3561 cum
1997 3523 2062 3562 eo
2096 3509 2520 3580 conglutinatus.
2548 3513 2617 3566 At
2643 3522 2699 3568 et
2739 3511 2956 3568 Petrum
2989 3515 3196 3573 honor‘e
3223 3531 3417 3588 prose-

1842 3613 1998 3670 quor,
2028 3615 2127 3655 nec
2149 3610 2330 3657 tamen
2385 3602 2673 3660 Petrianus
2701 3619 2899 3663 vocor:
2939 3618 2996 3664 et
3040 3609 3286 3678 Paulum,
3317 3625 3420 3669 nec

1843 3699 2022 3748 tamen
2053 3691 2345 3751 Paulianus
2397 3697 2732 3768 nominatus
2761 3715 2905 3756 sum.
2940 3701 3058 3758 Non
3092 3703 3208 3760 fero
3233 3719 3322 3761 me
3350 3706 3419 3762 ab

1839 3783 2147 3840 hominibus
2173 3799 2368 3841 nomen
2428 3787 2650 3854 ducere,
2687 3792 2779 3861 qui
2820 3807 2850 3846 a
2878 3791 2988 3850 Deo
3033 3809 3149 3851 sum
3181 3806 3417 3852 creatus.

1839 3874 2071 3931 Proinde
2103 3877 2172 3940 si,
2208 3877 2335 3947 quia
2369 3879 2536 3935 Deum
2560 3881 2736 3952 ipsmu
2768 3870 3068 3954 existima's,
3097 3888 3218 3943 ideo
3255 3888 3418 3944 Chri-

1837 3967 2045 4022 stianus
2074 3970 2288 4024 vocaris
2319 3986 2335 4025 :
2362 3972 2572 4027 voceris
2599 3988 2750 4040 sane,
2771 3987 2826 4029 et
2841 3990 3066 4034 maneas
3092 3979 3145 4034 in
3172 3980 3418 4046 nomine,

1836 4067 1995 4127 atque
2029 4061 2165 4114 adeo
2193 4060 2247 4115 in
2269 4076 2348 4116 re.
2375 4061 2470 4118 Sin
2501 4075 2680 4119 autem
2710 4080 2815 4121 non
2849 4067 3010 4125 aliam
3037 4070 3106 4124 ob
3138 4085 3355 4126 causam
3385 4087 3416 4126 a

164 4138 357 4196 Christo
390 4156 594 4196 nomen
627 4141 806 4206 ducis,
836 4155 997 4209 quam
1022 4142 1166 4210 quod
1196 4157 1318 4196 eum
1372 4156 1559 4197 amore
1585 4143 1986 4215 complecteris,
2022 4149 2156 4203 nihil
2183 4149 2417 4220 amplius
2477 4153 2575 4222 ipsi
2643 4155 2855 4221 tribuis,
2898 4173 3062 4229 quam
3131 4162 3252 4218 aliis
3313 4179 3417 4221 uo-

162 4231 539 4304 minihus.qua:
588 4245 619 4285 a
651 4232 831 4288 studio
875 4232 1108 4301 quodam
1151 4242 1207 4286 et
1252 4232 1519 4299 instituto,
1551 4243 1639 4288 aut
1665 4249 1724 4291 re
1762 4237 1944 4308 aliqua
1972 4241 2402 4297 constituuntur.

216 4323 313 4378 ιη’.
352 4326 546 4398 Ὁρᾶτε
579 4325 708 4388 τοὺς
747 4324 874 4397 περὶ
907 4324 1005 4388 τὰς
1049 4324 1416 4396 ἱπποδρομίας
1453 4326 1720 4382 ἐσπουδα-

1876 4330 2087 4400 ‘XVIII.
2114 4331 2349 4401 ,Videtis
2397 4335 2523 4402 hos,
2578 4337 2668 4404 qui
2701 4337 2754 4390 in
2805 4341 3054 4395 cursibus
3075 4345 3418 4412 equestribus
3461 4389 3468 4392 .

161 4418 302 4486 ιότας
331 4423 577 4487 τούτους.
612 4423 676 4476 Οἳ
728 4420 836 4474 ἀπὸ
862 4419 972 4474 τῶν
1018 4422 1328 4493 χρωμάτων
1375 4419 1483 4494 (41)
1523 4423 1724 4477 ὀνοιιά-

219 4580 261 4614 ⁶³
284 4578 399 4640 Gal.
423 4599 460 4650 ι,
516 4582 606 4637 10.

219 4701 322 4771 (30)
354 4701 629 4769 Ἐαυτοῖς
654 4701 1008 4758 δεδώκασιν,
1046 4722 1064 4754 ‹
1093 4701 1206 4758 Sibi
1239 4702 1368 4770 ipsis
1388 4698 1675 4771 dederunt,
1701 4725 1720 4760 ι

161 4782 354 4842 ογρηψε,
391 4778 580 4842 gratiae
609 4776 863 4829 excitanti
917 4790 979 4826 ac
1019 4775 1249 4828 moventi
1288 4773 1455 4829 libere
1491 4790 1727 4831 consend

165 4841 341 4913 uendo.
397 4841 541 4913 Reg.
592 4845 679 4898 bm
733 4845 914 4908 habet,
966 4843 1194 4906 ἑαυτοὺς
1234 4843 1553 4913 δεδώκασιν,
1617 4864 1636 4898 ς
1669 4861 1728 4901 se

162 4910 286 4977 ipsos
315 4910 598 4968 dederunt.
627 4933 646 4965 ι

220 4981 323 5054 (31)
350 4985 493 5054 Περι
526 4982 644 5037 τῶν
671 4984 1000 5052 εὐνούχων.
1043 5003 1063 5034 ι
1101 4985 1175 5038 De
1209 4985 1490 5040 eunuchis.
1514 5004 1532 5038 ι
1591 4985 1728 5042 Gre-

159 5055 324 5126 gorius
352 5058 554 5123 passim
586 5055 863 5126 eunuchos
894 5056 1211 5126 insectatur,
1251 5064 1436 5126 utpote
1477 5056 1568 5126 qui
1607 5073 1725 5110 ma-

161 5121 287 5176 xima
317 5121 380 5179 ex
411 5135 585 5193 parte,
610 5124 834 5190 Ariana,
880 5126 956 5178 vel
982 5121 1364 5180 Macedoniaua
1417 5121 1567 5195 peste
1591 5140 1726 5182 cou-

160 5196 340 5245 tamina
351 5206 556 5248 rentur.

237 5263 322 5334 5?)
359 5264 541 5333 Μέγα.
569 5264 699 5334 Reg.
735 5263 846 5318 hm.
873 5273 926 5318 et
950 5263 1042 5319 0r.
1076 5265 1095 5318 1
1131 5264 1351 5331 addunt,
1384 5281 1456 5319 τι.

349 5327 816 5420 itaut-fill»!
844 5335 1227 5420 addresses-

218 5403 326 5475 (ξι)
354 5405 838 5475 Μολίίϐδιζίΐονιθ,
878 5403 1212 5475 μολιϐδίτιδι.
1245 5405 1404 5460 Eol'r.

217 5474 326 5544 (55)
361 5474 587 5542 Φαν-ῇς.
614 5473 750 5544 Reg.
786 5473 898 5538 bm,
931 5476 1138 5544 φανείς.

218 5543 335 5616 (56)
360 5547 428 5599 Τὸ
453 5543 758 5615 σωματικὰ
789 5543 1053 5613 φρονεῖν.
1123 5543 1290 5600 Coisl.
1325 5546 1378 5616 1,
1406 5544 1468 5598 τὸ
1503 5563 1719 5616 σωφρο-

154 5613 274 5685 νεῖν.
306 5615 476 5681 Quam
511 5613 792 5669 lectionem
835 5617 1094 5685 optimam
1126 5625 1311 5670 censet
1337 5613 1716 5672 Combeﬂsi'us.

160 5682 631 5756 «Quandoquidem
661 5682 1056 5751 igiturlaudem
1087 5701 1191 5740 nou
1235 5697 1474 5740 meretur
1516 5687 1723 5756 pudici-

159 5751 244 5816 tia,
281 5770 402 5820 qute
429 5757 498 5810 sit
531 5771 560 5808 τι
594 5765 806 5817 natura,
841 5771 941 5809 non
969 5770 997 5808 a
1028 5757 1193 5811 libera
1225 5751 1564 5811 voluntate.»
1613 5755 1724 5810 Pu-

153 5823 330 5878 dicitia
379 5826 522 5880 enim
545 5827 601 5880 in
630 5827 921 5892 eunuchis,
957 5841 1059 5881 non
1095 5827 1335 5892 virtutis,
1368 5827 1462 5882 sed
1489 5828 1726 5882 necessi-

1833 4425 2069 4479 studium
2110 4434 2271 4494 atque
2303 4441 2526 4496 operam
2553 4439 2872 4495 posuerunt.
2925 4431 3090 4504 657
3115 4433 3188 4490 Illi
3225 4437 3417 4490 acolo-

1832 4705 1958 4782 tatis
1990 4699 2239 4782 est._llo_s
2266 4703 2529 4782 ad__aliar_n
2568 4705 2882 4782 pudicitiam
2915 4707 3170 4782 hortatur
3202 4709 3412 4782 Grego-

1833 4777 1967 4837 rius,
2003 4776 2066 4827 ad
2101 4775 2220 4849 [ἰᾶρὶ
2239 4775 2459 4849 scilicet
2489 4779 2879 4849 integritatem,
2913 4793 3016 4847 qua
3045 4781 3256 4835 laudem
3297 4775 3415 4836 uie-

1833 4854 2076 4917 reantur.
2102 4843 2286 4917 Lectio
2321 4844 2536 4917 vulgata
2571 4843 2632 4902 εἴ
2675 4847 2812 4901 Billii
2852 4843 3248 4917 interpretatio,
3309 4868 3416 4909 nec

1831 4916 2173 4992 commodum
2205 4914 2710 4992 cilicittttt_sett_sntu,
2746 4933 2845 4974 nec
2873 4914 3269 4992 cutn'_Gregorii
3298 4940 3415 4992 pro-

1835 4987 2012 5054 posito
2042 4987 2394 5071 cottveuiuut.
2435 4985 2770 5043 Crediderim
2832 4985 3162 5059 scripsisse:
3197 4985 3411 5064 σώματι

1830 5072 2147 5110 σωφρονειν.

1899 5073 1931 5108 ι’·
1954 5073 2147 5126 ρονειν.

2048 5125 2154 5198 Εἰς
2176 5126 2250 5198 ri.
2281 5125 2446 5181 Coisl.
2483 5127 2533 5192 1,
2555 5126 2642 5198 διὰ
2664 5127 2764 5198 τίη
2921 5177 2923 5180 .

1898 5195 2017 5271 (σε)
2052 5197 2149 5261 Ὧς
2171 5196 2481 5271 ἂνθρωπρς
2507 5197 2692 5271 strido).
2733 5197 2896 5271 Cois].
2926 5201 2978 5266 1,
3017 5200 3110 5258 Or.
3147 5204 3196 5271 1,
3221 5204 3408 5270 Gahr.,

1801 5260 2211 5338 ’ὡς’ἄνθρωπον
2236 5260 2488 5338 ἀξίαπῶν.
2544 5268 2902 5324 Combeﬁsius
2957 5260 3142 5328 censet
3171 5260 3236 5328 ex
3264 5260 3414 5330 utra;

1829 5353 1936 5408 que
1962 5337 2214 5408 lectione,
2241 5337 2684 5408 sicﬁsarciendam
2725 5352 2842 5394 esse
2888 5341 3124 5397 litteram
3163 5364 3176 5400 :
3207 5344 3282 5408 ὡς
3308 5344 3408 5399 div-

1826 5404 2041 5478 θρωπος
2069 5404 2247 5474 πάθω,
2307 5405 2592 5478 ἄνθρωπον
2635 5407 2884 5476 ἀγαπῶν.
2942 5431 2960 5464 ι
2987 5411 3233 5468 llumano
3262 5404 3413 5472 more

1825 5476 2032 5554 alliciar
2076 5478 2349 5532 hominem
2395 5476 2645 5548 diligens,
2672 5496 2691 5529 ι
2757 5479 2810 5542 id
2837 5491 2945 5549 est,
2987 5500 3005 5533 ι
3037 5483 3198 5538 homo
3263 5499 3409 5554 sum,

1817 5547 2091 5602 hominem
2123 5560 2265 5602 amo.
2294 5565 2312 5597 ι

1892 5617 2004 5692 <59)
2035 5619 2106 5692 ia
2128 5614 2228 5680 τῷο
2265 5616 2482 5692 εριιτρη
2511 5620 2606 5692 καὶ
2953 5689 2956 5692 λ

1881 5685 2238 5811 ’(ἐθζΝέμεις
2260 5685 2437 5752 αὐτῷ.
2503 5685 2752 5757 CoisL'i,
2792 5689 2976 5765 νέμεις
3032 5694 3232 5771 σαυτῷ,
3270 5701 3410 5755 (tibi

1883 5773 1893 5810 ι
1939 5773 1989 5810 ιιι
2030 5796 2042 5809 .
2072 5775 2089 5808 ›

1828 5766 2098 5895 "'(btiitif'o’t
2123 5826 2237 5881 ἀπὸ
2275 5827 2393 5882 τῶν
2421 5830 2764 5902 χρωμάτων.
2821 5831 2875 5892 lu
2911 5837 3055 5894 circo
3081 5837 3409 5911 quadrigarii
