4010 6316
575 327 684 386 505

1807 325 1861 380 s.
1905 326 2230 385 cneconn
2273 308 2615 386 TllEdLOGl

3739 343 3848 401 εει

577 448 728 501 ribus
766 443 1128 508 nominantur,
1156 450 1318 510 alque
1367 441 1434 494 ab
1489 441 1555 495 iis
1583 442 1844 508 partibus,
1871 458 1989 497 cum
2025 445 2149 513 qui-

2253 445 2466 509 ζονται,
2499 447 2592 501 καὶ
2626 446 2734 501 τῶν
2775 449 3026 520 μερίδων,
3061 446 3149 514 αἷς
3181 454 3598 524 συνεστήκασιν.
3653 456 3850 529 Ὑμεῖς

577 535 677 588 lius
703 541 988 588 steterunt.
1024 531 1131 586 Vos
1169 531 1384 584 nomina
1412 531 1526 601 ipsa
1561 531 1773 598 tenetis,
1808 533 2019 588 etiamsi
2043 551 2146 589 non

577 629 782 682 dixero.
817 624 872 679 Si
906 624 971 678 ad
995 623 1240 678 eumdem
1271 626 1484 679 modum
1520 623 1862 679 Christianus
1904 627 2139 694 vocaris,

575 733 798 788 parvum
833 716 1118 770 admodum
1147 731 1210 770 ac
1268 715 1385 770 leve
1439 716 1540 769 hoc
1587 728 2004 784 cognomentum
2041 727 2143 782 est,

575 823 640 860 co
671 807 794 862 licet
816 807 1083 877 glorieris,
1115 807 1316 874 tibique
1361 805 1593 875 placeas.
1649 807 1742 860 Sin
1770 817 1971 870 autem,
2020 809 2146 878 quia

573 901 740 954 Deum
771 900 966 964 credis,
1015 901 1176 955 rebus
1227 898 1357 968 ipsis
1389 900 1529 967 quod
1563 899 1774 964 credas,
1809 901 2052 954 ostende.
2074 901 2146 958 .Si

573 991 746 1046 Filius
771 999 1018 1044 creatura
1067 999 1167 1053 est,
1221 1004 1362 1043 nunc
1420 1003 1634 1058 quoque
1683 1003 1984 1043 creaturam
2015 990 2146 1044 culis

578 1094 777 1156 pra-ter
803 1082 1140 1136 Creatorem.
1171 1079 1225 1135 Si
1258 1081 1491 1151 Spiritus
1515 1090 1732 1135 sanctus
1761 1091 2008 1136 creatura
2040 1092 2142 1144 est.

572 1175 847 1229 incassum
873 1172 1177 1240 baptizatus
1205 1187 1286 1236 es,
1312 1188 1375 1227 ac
1407 1172 1614 1226 duabus
1653 1174 1866 1241 quidem
1903 1174 2145 1240 partibus

571 1282 736 1321 sanus
761 1282 840 1329 es,
872 1266 981 1320 imo
1009 1281 1076 1320 ne
1126 1265 1230 1320 illis
1266 1266 1489 1332 ’quidem
1519 1280 1532 1318 :
1579 1280 1681 1318 una
1715 1275 1890 1319 autem
1927 1263 2144 1318 omnino

571 1360 917 1432 periclitaris.
973 1358 1140 1427 Finge
1226 1359 1546 1412 Trinitatem
1616 1372 1733 1411 esse
1797 1359 2142 1427 margaritam

571 1454 878 1524 quamdatn,
899 1452 1133 1522 undique
1159 1451 1262 1506 sibi
1294 1450 1546 1513 similem,
1574 1462 1733 1519 atque
1766 1466 1916 1520 usque
1943 1450 2146 1518 fulgen-

573 1554 700 1600 tem.
726 1542 1070 1611 Qutecunque
1097 1541 1406 1610 margaritae
1445 1555 1567 1608 pars
1600 1538 1761 1591 fuerit
1789 1539 2010 1602 obtusa,
2033 1549 2142 1593 tota

569 1634 763 1703 lapidis
797 1634 970 1704 gratia
1019 1632 1288 1687 exstincta
1338 1629 1526 1685 fuerit.
1575 1629 1773 1682 Eodem
1834 1630 2140 1682 nmducum

568 1723 760 1778 Filium
785 1723 1106 1786 contemnis,
1146 1732 1201 1774 ut
1243 1720 1458 1774 Patrem
1494 1720 1698 1774 honorc
1729 1720 1954 1783 allicias,
1990 1730 2140 1772 tuum

568 1819 826 1873 honorem
854 1831 958 1869 non
994 1814 1204 1883 recipit.
1237 1813 1318 1866 Ad
1375 1821 1743 1880 contemptum
1800 1811 1942 1876 Filii,
1984 1811 2142 1867 Pater

566 1907 978 1978 haudquaquam
1008 1908 1359 1976 gloriﬁcatur.
1399 1906 1454 1959 Si
1485 1905 1878 1973 [ilius-sapiens
1907 1904 2144 1959 lzetilicat

562 2010 772 2071 patrem
799 2000 866 2065 ⁸³,
905 2010 1106 2068 quanto
1137 1998 1308 2069 magis
1360 1997 1479 2050 Filii
1513 1997 1702 2060 honor,
1734 1995 1906 2048 Patris
1933 2009 2144 2064 quoque

563 2094 740 2148 honor
771 2091 1162 2158 fuerit?,Quod
1195 2091 1239 2143 si
1301 2090 1404 2143 hoc
1446 2088 1607 2140 etiam
1657 2087 1884 2156 probas:
1917 2085 2044 2152 Fili,
2081 2104 2144 2141 ne

558 2185 808 2255 glorieris
844 2185 909 2238 de
940 2184 1228 2254 ignominia
1275 2182 1442 2248 patris
1481 2179 1526 2210 ⁵⁸
1556 2196 1570 2234 :
1614 2181 1803 2233 eodem
1853 2182 2011 2233 modo
2045 2195 2143 2234 nec

560 2275 720 2330 Pater
753 2275 824 2328 ob
851 2274 1199 2342 ignominiam
1227 2271 1350 2325 Filii
1392 2269 1747 2339 gloriﬁcatur.
1781 2272 1835 2326 Si
1869 2271 2131 2340 Spiritum

559 2374 808 2422 sanctum
845 2365 1177 2434 asperuaris,
1216 2365 1477 2417 honorem
1509 2373 1656 2416 tuum
1679 2363 1845 2417 Filius
1871 2365 2136 2434 repudiat.

560 2456 799 2512 Tametsi
831 2458 972 2512 enim
1000 2472 1103 2510 non
1133 2458 1343 2518 eodem,
1370 2472 1476 2524 quo
1492 2456 1679 2523 Filius,
1703 2456 1860 2511 modo
1882 2473 1948 2511 ex
1979 2456 2140 2510 Patre

560 2558 667 2613 est,
699 2558 876 2602 tamen
903 2563 968 2602 cx
1000 2550 1189 2602 eodem
1227 2545 1388 2602 Patre
1420 2554 1526 2601 est.
1565 2547 1667 2600 Aut
1715 2556 1883 2602 totum
1935 2547 2141 2601 honore

560 2641 733 2706 adice,
752 2649 842 2694 aut
864 2650 1030 2694 totum
1049 2650 1350 2702 contemne,
1373 2648 1429 2692 ut
1451 2639 1638 2693 saltem
1666 2639 1755 2692 tibi
1773 2639 1870 2708 ipsi
1899 2647 2135 2693 constes.

560 2731 907 2790 Dimidiatam
940 2733 1101 2787 istatn
1131 2731 1382 2801 pietatem
1410 2732 1676 2801 improbo.
1704 2730 1896 2784 Totum
1921 2731 2136 2798 quidem

560 2833 615 2878 tc
645 2824 791 2894 pium
823 2838 944 2879 esse
979 2823 1122 2890 volo,
1146 2822 1241 2876 sed
1268 2822 1722 2891 quemadmodum
1752 2821 1890 2874 volo.
1917 2822 2136 2889 Ignosce

558 2915 998 2972 :iil‘eCtui.Eorum
1025 2929 1240 2984 quoque
1258 2914 1427 2969 vicem
1453 2913 1626 2976 doleo,
1659 2913 1749 2982 qui
1771 2927 1855 2966 me
1886 2914 2134 2967 oderunt.

557 3007 855 3063 llembrum
887 3023 1068 3062 meum
1109 3022 1250 3073 eras,
1288 3007 1386 3060 etsi
1408 3022 1548 3060 nunc
1579 3006 2136 3068 abscinderiszmetn-

555 3101 714 3154 brum
750 3113 966 3169 quoque
1005 3098 1231 3152 rortasse
1274 3097 1400 3155 lies:
1446 3107 1607 3166 atque
1635 3096 1704 3150 ob
1741 3096 1878 3149 hanc
1917 3108 2133 3148 causam

2175 1795 2218 1850 B

2250 537 2306 590 δὲ
2349 539 2462 590 ἴστε
2511 537 2577 590 τὰ
2610 537 2868 608 ὀνόματα,
2905 540 3007 593 κᾶν
3051 540 3164 610 ἐγὼ
3198 543 3273 614 μὴ
3323 543 3482 613 λέγω.
3541 547 3609 600 Εἰ
3669 547 3848 614 οὕτως

2251 623 2468 688 ἀκούεις
2502 627 2844 696 Χριστιανὸς,
2889 631 3059 700 μικρὰ
3090 629 3210 685 λίαν
3259 634 3290 704 ὴ
3335 637 3709 708 προσηγορία,
3744 639 3848 693 κᾶν

2251 716 2336 768 ἐπ’
2371 717 2504 788 αὐτῇ
2544 717 2884 791 καλλωπίζῃ·
2918 722 2966 773 εί
2991 722 3068 787 δὲ,
3105 724 3191 776 ὅτι
3222 724 3315 778 καὶ
3344 726 3476 779 Θεὸν
3498 727 3842 800 ὑπείληφας,

2248 806 2416 871 δεῖξον
2430 811 2540 870 τοῖς
2561 809 2737 880 ἔργοις
2752 811 2825 874 ὼς
2843 812 3162 883 ὑπείληφας.
3183 815 3244 866 Εἰ
3267 815 3468 886 κτίσμα
3487 820 3515 871 ὁ
3541 818 3681 882 Υἱὸς
3705 819 3843 890 (42),

2249 897 2330 950 ἔτι
2354 901 2445 952 καὶ
2461 898 2554 952 νῦν
2577 901 2858 972 λατρεύεις
2882 905 2946 974 τῇ
2973 904 3148 956 κτίσει
3175 905 3325 975 παρᾶ
3341 907 3430 959 τὸν
3453 907 3838 980 κτίστηνμδ).

2249 989 2311 1042 Εἰ
2346 991 2550 1061 κτίσμα
2579 993 2640 1044 τὸ
2687 993 2908 1064 Πνεῦμα
2941 994 3002 1047 τὺ
3035 994 3216 1064 ἅγιον,
3255 997 3431 1070 μάτην
3465 999 3838 1072 ἐὸαπτίσθης,

2249 1080 2481 1145 καὶτοῖς
2519 1083 2616 1152 μὲν
2650 1082 2768 1136 δυσὶ
2810 1084 2921 1154 (44)
2957 1085 3177 1157 μέρεσιν
3219 1089 3499 1158 ὑγιαίνεις,
3538 1092 3750 1163 μᾶλλον
3783 1094 3838 1148 δὲ

2247 1173 2364 1226 οὐδὲ
2389 1175 2614 1238 ἐκείνοις
2632 1191 2644 1206 ⁸
2669 1177 2744 1248 τῷ
2772 1177 2827 1230 δὲ
2854 1179 2953 1242 ἑνὶ,
2979 1180 3256 1244 παντελῶς
3278 1183 3635 1247 κινδυνεύεις.
3678 1186 3840 1238 Ὑπό-

2249 1259 2342 1314 θου
2377 1265 2718 1336 μαργαρίτην
2760 1265 2857 1320 ἕνα
2900 1262 3164 1338 εἶναιτὴν
3205 1268 3434 1340 Τριάδα,
3488 1271 3837 1342 πανταχόθεν

2245 1355 2449 1424 ὅμοιον,
2487 1356 2581 1408 καὶ
2625 1357 2735 1409 ἴσον
2771 1356 3070 1410 στίλϐοντα.
3112 1360 3178 1411 Ὅ
3203 1376 3252 1412 τι
3297 1361 3362 1413 ἂν
3403 1361 3553 1432 πάθῃ
3592 1361 3710 1433 (45)
3742 1361 3834 1416 τοῦ

2250 1448 2608 1518 μαργαρίτου,
2633 1451 2666 1519 ή
2704 1450 2852 1503 πᾶσα
2885 1449 2976 1502 τοῦ
3007 1450 3154 1504 λίθου
3181 1452 3338 1524 χάρις
3364 1453 3694 1521 ἠφάνισται.
3729 1453 3834 1507 025-

2245 1560 2353 1606 τως
2375 1544 2502 1596 ὅταν
2533 1543 2804 1613 ἁτιμάζῃς
2831 1544 2978 1606 Υἱὸν,
3003 1545 3088 1596 ἵνα
3119 1549 3356 1618 τιμήσῃς
3386 1547 3636 1619 Πατέρα,
3666 1549 3729 1602 ού
3759 1548 3837 1602 δέ·

2246 1636 2399 1706 χεταί
2431 1653 2522 1688 σου
2555 1635 2652 1707 τὴν
2677 1639 2862 1708 τιμήν.
2907 1639 3023 1690 Ἐπ’
3051 1639 3246 1709 ἀτιμίᾳ
3272 1639 3364 1692 τοῦ
3405 1640 3538 1692 Υἱοῦ
3576 1644 3604 1693 ὁ
3645 1641 3834 1714 Πατὴρ

2245 1728 2304 1780 ού
2337 1727 2633 1792 δοξάζεται.
2665 1729 2728 1780 Εἰ
2765 1728 2925 1796 σοφὸς
2955 1729 3068 1792 υἱὸς
3094 1729 3371 1798 εὐφραίνει
3399 1733 3644 1800 πατέρα.
3683 1731 3832 1800 πόσῳ

2247 1820 2444 1891 μᾶλλον
2476 1823 2509 1890 ἡ
2555 1821 2646 1872 τοῦ
2691 1821 2821 1873 Υίοῦ
2856 1821 3010 1891 τιμὴ,
3042 1822 3172 1892 τιμὴ
3212 1820 3305 1874 τοῦ
3348 1822 3564 1893 Πατρὸς
3597 1823 3712 1891 (46)
3743 1823 3831 1890 γέ-

2243 1927 2432 1981 νηται;
2481 1912 2541 1964 Ei
2590 1911 2647 1964 δὲ
2690 1909 2973 1964 καὶτοῦτο
3013 1910 3138 1980 δέξῃ
3175 1910 3417 1980 (Π)⁶Τὸ
3468 1911 3714 1971 τέκνϋν,
3743 1910 3827 1980 μὴ

2242 2001 2494 2068 (Scisti-{ou
2523 2003 2615 2056 ἐπ’
2644 2004 2844 2073 ἀτιμίᾳ
2875 2004 3132 2070 Πατρός·
3163 2003 3334 2064 οὕτως
3361 2002 3480 2055 οὐδὲ
3514 2003 3674 2072 Πατὴ
3682 2021 3714 2073 ρ
3745 2005 3827 2055 ἐπ’

2243 2091 2436 2162 ἀτιμίᾳ
2465 2091 2559 2144 τοῦ
2597 2091 2728 2143 Υἱοῦ
2760 2089 3060 2156 δοξάζεται.
3088 2092 3149 2143 Εἰ
3179 2091 3462 2161 ἀτιμάζεις
3497 2091 3564 2144 τὸ
3607 2090 3827 2162 Πνεῦμα

2243 2185 2302 2237 τὸ
2337 2185 2509 2253 ἅγιον,
2540 2185 2601 2236 ού
2633 2185 2849 2254 δέχεταί
2888 2201 2980 2237 σου
3005 2184 3104 2253 τὴν
3137 2185 3300 2254 τιμὴν
3352 2185 3380 2236 ὀ
3421 2184 3572 2248 Υίός.
3619 2185 3681 2237 El
3721 2185 3826 2254 γὰρ

2243 2278 2335 2331 καὶ
2375 2277 2449 2348 μὴ
2488 2277 2564 2340 ὠς
2599 2277 2723 2340 Υἱὸς
2760 2278 2824 2330 ὲκ
2853 2277 2946 2330 τοῦ
2981 2276 3212 2347 Πατρὸς,
3244 2276 3358 2328 ἀλλ’
3388 2271 3479 2329 οὖν
3509 2278 3576 2328 ὲκ
3607 2275 3700 2329 τοῦ
3733 2276 3824 2329 αύ-

2239 2371 2334 2423 τοῦ
2359 2370 2592 2437 Πατρός.
2624 2369 2694 2421 Ἢ
2721 2369 2781 2422 τὸ
2807 2370 2915 2421 πᾶν
2947 2369 3197 2440 τίμησον,
3229 2368 3261 2437 ἦ
3293 2368 3353 2420 τὸ
3384 2368 3502 2420 ὅλον
3535 2369 3818 2436 ἀτίμλσον,

2241 2459 2327 2512 ἶνα
2368 2457 2659 2520 ἀκόλουθος
2701 2457 2824 2520 νοῦς
2867 2458 2975 2528 (48)
3017 2456 3225 2527 σεαυτῴ
3272 2458 3573 2529 τυγχάνῃς.
3621 2459 3695 2510 Ού
3740 2456 3818 2510 δὲ-

2240 2550 2406 2621 χομαί
2443 2567 2536 2602 σου
2569 2550 2630 2602 τὸ
2671 2547 2729 2612 ἐξ
2767 2549 3021 2620 ἡμισείας
3068 2550 3178 2618 (49)
3229 2548 3468 2610 εὐσεϐές.
3524 2549 3686 2602 Ὀλον
3735 2548 3817 2600 εύ-
3883 2542 3886 2544 ’

2241 2636 2374 2706 σεϐῆ
2411 2637 2507 2706 μὲν
2540 2631 2677 2690 εἷναί
2717 2653 2775 2688 σε
2822 2637 3103 2707 βούλομαι,
3140 2636 3272 2690 ἀλλὰ
3311 2637 3492 2701 καθὼς
3542 2637 3811 2708 βούλομαι.

2241 2727 2520 2796 Σύγγνωθι
2546 2727 2624 2798 τῷ
2652 2728 2836 2782 πάθει.
2878 2729 3050 2799 ’Δλγῶ
3079 2732 3171 2783 καὶ
3197 2731 3335 2802 ὑπὲρ
3361 2731 3467 2784 τῶν
3491 2733 3812 2802 μισούντων.

2237 2818 2410 2881 Μέλος
2439 2814 2505 2886 ἦς
2539 2819 2688 2888 ἐμὸν,
2721 2820 2814 2873 καὶ
2859 2820 2907 2872 εἰ
2941 2819 3036 2872 νῦν
3065 2822 3374 2892 ἁποτέμνῃο
3412 2821 3576 2891 μέλος
3608 2822 3700 2874 καὶ
3731 2835 3816 2885 γε-

2237 2911 2376 2981 νήσῃ
2410 2910 2598 2980 τυχόν
2644 2909 2731 2963 διὰ
2760 2910 2917 2964 τοῦτο
2949 2913 3041 2965 καὶ
3085 2912 3440 2988 φιλιᾴγῇρωμτειᾳ
3487 2913 3809 2983 φθέγγομαι.

2239 3001 2419 3053 Tatii-:1.
2455 3001 2541 3055 διὰ
2574 3003 2697 3066 τοὺς
2724 3003 3031 3074 εὐνούχους,
3061 3007 3146 3059 ἵνα
3172 3007 3300 3076 περὶ
3329 3005 3562 3078 θεότητα
3608 3021 3812 3077 σωφρο-

2237 3109 2418 3145 νωσιν.

557 3195 791 3251 humane
819 3210 880 3250 ac
911 3195 1139 3266 benigne
1169 3194 1381 3264 loquor.
1415 3193 1539 3248 Haec
1571 3194 1942 3248 cunuchorum
1965 3204 2130 3248 causa
2170 3190 2326 3245 nobis
2359 3191 2501 3246 dicta
2528 3192 2657 3257 sint,
2690 3202 2747 3246 ut
2801 3193 2942 3248 circa
3001 3192 3334 3248 divinitatem
3368 3193 3569 3263 pudice
3597 3200 3650 3248 et
3671 3199 3809 3249 caste

554 3301 614 3342 se
647 3297 858 3354 gerant.

625 3381 768 3437 XIX.
800 3382 917 3436 Non
963 3381 1109 3436 enim
1167 3389 1449 3452 peccatum
1493 3377 1619 3434 illud
1651 3378 1848 3444 solum,
1891 3378 2034 3447 quod
2073 3377 2124 3432 in
2155 3385 2197 3442 c

552 3489 780 3544 corpore
813 3472 1140 3536 admittitur,
1175 3470 1464 3524 fornicatio
1485 3468 1876 3523 etadulterium
1908 3467 2128 3532 dicitur,

2305 3379 2404 3432 [ϐ’.
2455 3379 2529 3432 Ού
2569 3377 2678 3450 γὰρ
2720 3381 2753 3450 ἡ
2793 3378 2902 3450 (50)
2938 3379 3068 3450 περὶ
3129 3376 3286 3447 σῶμα
3341 3376 3496 3447 μόνον
3525 3373 3806 3446 .ἁμαρτία,

2232 3470 2456 3541 πορνεία
2488 3470 2581 3523 καὶ
2625 3470 2837 3540 μοιχεία
2873 3470 3111 3537 λέγεται,
3147 3468 3280 3522 ἀλλὰ
3310 3468 3404 3520 καὶ
3432 3467 3611 3521 ὁτιοῦν
3639 3467 3805 3536 ἦμαρ-

551 3565 647 3620 scd
671 3575 725 3619 et
754 3567 986 3635 quodvis
1023 3565 1166 3618 aliud
1221 3561 1508 3632 ﬂagitium,
1540 3576 1601 3614 ac
1623 3561 1924 3630 prmsertim
1957 3559 2133 3613 scelus

2241 3582 2342 3628 τες,
2380 3566 2472 3617 καὶ
2515 3563 2750 3634 μάλιστα
2782 3567 2814 3634 ἡ
2845 3563 2974 3634 περὶ
3005 3562 3064 3616 τὸ
3100 3561 3240 3615 θεῖον
3275 3561 3614 3632 παρανομία.
3647 3557 3804 3611 Πόθεν

551 3658 628 3723 id,
659 3659 800 3726 quod
843 3645 896 3710 in
963 3655 1205 3710 divinum
1253 3669 1448 3707 numen
1497 3661 1860 3722 perpetratum
1896 3649 2048 3706 Unde
2079 3649 2130 3703 id

551 3747 923 3810 ostendamus,
958 3743 1188 3799 fortasse
1207 3744 1444 3813 quaeris?
1469 3741 1744 3796 Fornicati
1766 3753 1908 3806 sunt,
1931 3740 2131 3809 inquit,

2233 3659 2606 3730 παράσχωμεν
2679 3658 2829 3728 (51);
2894 3657 3052 3710 τοῦτο
3118 3656 3280 3726 τυχὸν
3351 3656 3603 3717 ἀπαιτεῖς
3666 3648 3802 3718 (52)’

2245 3753 2671 3819 Ἐπόρνεινσαν,
2722 3752 2908 3822 φησὶν,
2941 3750 3010 3804 ἐν
3041 3750 3164 3815 τοῖς
3213 3746 3683 3816 ἐπιτηδεύμασιν
3709 3744 3804 3796 αὐ·

552 3841 606 3891 in
631 3837 1084 3890 adinventionibus
1145 3837 1255 3890 suis
1300 3837 1366 3890 δι’.
1433 3835 1664 3889 Videsne
1723 3843 1779 3887 et
1845 3833 2132 3902 impudens

2241 3839 2370 3893 τῶν.
2419 3841 2581 3911 Ὁρᾷς
2618 3843 2711 3894 καὶ
2754 3840 2951 3911 πρᾶξιν
2985 3838 3239 3911 πορνείας
3279 3840 3631 3908 ἀναίσχυντον
3663 3833 3799 3906 (55);

553 3929 927 3984 fornicationis
996 3926 1248 3982 facinus?
1292 3925 1358 3981 Et
1412 3926 1517 3980 alio
1563 3925 1680 3980 loco
1720 3942 1735 3979 :
1797 3923 2126 3977 Adulterium

551 4024 938 4078 committebant
971 4023 1026 4075 in
1074 4023 1214 4092 ligno
1249 4023 1316 4074 “.
1371 4020 1602 4076 Videsne
1657 4028 1713 4072 et
1759 4019 2124 4073 adulterinum

551 4113 838 4183 quemdam
884 4113 1051 4185 658
1078 4115 1322 4168 cultum?
1351 4111 1616 4178 Quocirca
1655 4124 1720 4164 nc
1748 4111 1931 4164 animo
1970 4108 2126 4162 adul-

552 4206 748 4261 terium
773 4208 1104 4271 committas,
1138 4220 1365 4275 corpore
1401 4204 1713 4259 castitatem
1759 4201 1960 4256 colens.
1980 4201 2127 4254 Alio-

547 4296 644 4367 qui
696 4299 1038 4366 perspicuum
1087 4296 1275 4361 facies,
1322 4295 1599 4364 te,quoad
1656 4309 1874 4348 carnem
1907 4295 2122 4356 attinet,

548 4387 716 4442 invite
737 4389 989 4458 pudicum
1042 4405 1185 4456 esse,
1227 4389 1484 4459 quoniam
1532 4388 1583 4440 iu
1615 4387 1678 4441 iis
1709 4386 1891 4452 rebus,
1915 4386 1969 4439 in
2006 4387 2128 4454 qui-

547 4481 650 4536 bus
686 4486 916 4537 scortari
951 4483 1044 4536 tibi
1081 4481 1565 4552 licct,pudicitiam
1589 4496 1694 4534 non
1717 4488 1962 4547 praestas.
1985 4478 2126 4545 Quid

633 4621 679 4654 “
707 4619 868 4675 Prov.
896 4621 1021 4688 x,l.

2235 3933 2364 4000 Καὶ,
2427 3932 2803 4002 Ἰἰμοιχῶντο,
2840 3934 3030 4003 φησὶν,
3065 3933 3136 3985 ἐν
3181 3930 3258 3996 τῷ
3291 3930 3472 3995 ξύλῳ.
3519 3930 3681 4001 Ὁρᾷς
3720 3924 3803 3978 καὶ

2235 4023 2530 4096 θρησκείαν
2556 4026 2673 4075 τινὰ
2701 4021 3010 4093 μοιχαλίδα;
3035 4021 3126 4092 Μὴ
3148 4020 3325 4074 τοίνυν
3349 4019 3643 4090 μοιχεύσῃς
3673 4012 3798 4070 κατὰ

2231 4114 2430 4186 ψυχὴν,
2482 4115 2774 4184 σωφρονῶν
2821 4113 2898 4183 τῷ
2927 4112 3170 4184 σώματι·
3225 4112 3300 4184 μὴ
3342 4110 3536 4177 δείξεις
3591 4108 3699 4182 (54)
3744 4105 3798 4158 τὸ

2235 4205 2505 4269 ἀκουσίως
2535 4208 2600 4276 τῇ
2638 4205 2802 4276 σαρκὶ
2841 4208 3136 4277 σωφρονεῖν
3169 4205 3226 4270 ἐξ
3258 4198 3334 4258 ὧν
3379 4203 3438 4256 οὐ
3490 4201 3793 4276 σωφρονεῖς,
3839 4191 3843 4194 ’

2234 4299 2292 4351 ὲν
2323 4293 2404 4362 οἷς
2436 4296 2718 4368 πορνεύειν
2743 4296 2966 4360 δυνατὸς
2995 4292 3064 4351 εἴ.
3099 4297 3163 4349 Τί
3195 4297 3529 4367 πεποιήκατε
3560 4295 3655 4365 τὴν
3682 4287 3795 4344 ἀσέ-

2235 4388 2385 4440 ϐειαν
2423 4387 2726 4458 ὑμετέρανς
2768 4387 2831 4438 Τί
2861 4387 3062 4450 πάντες
3093 4387 3185 4440 ἐπὶ
3227 4386 3286 4440 τὸ
3333 4389 3515 4458 χεῖρον
3549 4381 3791 4457 φέρεσθε,

2234 4479 2309 4542 ὡς
2334 4479 2529 4540 ταυτὸν
2566 4475 2703 4531 εἶναι
2739 4476 2924 4530 λοιπὸν
2944 4518 2959 4544 ,
2990 4478 3022 4548 ἢ
3054 4477 3326 4548 εὐνοῦχον,
3356 4478 3389 4548 ἢ
3416 4477 3589 4548 ἀσεδῆ
3625 4472 3792 4528 καλεῖ-

1101 4619 1332 4676 “Eecli.
1363 4634 1446 4684 ιιι,
1479 4620 1567 4674 12.
1648 4620 1691 4650 εδ
1712 4618 1854 4674 Psal.
1885 4633 1972 4684 cv,
2003 4618 2090 4674 59.
2167 4618 2213 4650 ⁸⁸
2242 4618 2456 4674 Jerem..
2481 4635 2562 4681 Ill,
2590 4618 2643 4672 6.
2717 4599 2726 4602 ’

554 4789 763 4848 pannos
782 4776 952 4848 variis
969 4775 1237 4848 coloribus
1263 4775 1546 4848 distinctos
1577 4774 1886 4848 gestabant,
1921 4775 2008 4829 alii
2043 4777 2122 4830 al-
2158 4787 2201 4841 υ
2229 4776 2409 4842 τοῦτο,
2445 4774 2594 4840 δέξαι
2623 4775 2712 4828 τόδ
2763 4793 2782 4825 ι
2803 4776 2952 4844 Quod
3003 4775 3048 4830 si
3080 4775 3179 4830 hoc
3221 4779 3411 4846 etiam,
3454 4777 3582 4834 illud
3614 4772 3790 4848 proba-

549 4844 642 4910 bo,
678 4844 767 4898 alii
793 4845 1180 4912 caeruleo._etc.
1217 4845 1372 4899 Plebs
1398 4859 1522 4898 vero
1561 4860 1679 4912 quae
1711 4847 2121 4911 circumstabat,

548 4917 719 4972 scissa
745 4917 798 4970 in
838 4909 1106 4970 contraria
1138 4916 1336 4979 studia,
1373 4915 1479 4968 alia
1517 4909 1636 4967 aliis
1661 4915 1929 4969 coloribus
1958 4909 2110 4970 fave;

549 4989 664 5046 bat,
699 5001 799 5040 suo
820 4999 1045 5054 quaeque
1074 4984 1261 5037 colori.

617 5056 728 5126 (42)
764 5052 1009 5120 ὉήΥίόζι.
1060 5054 1150 5108 Sic
1208 5052 1488 5126 legendum
1542 5052 1886 5107 manifestum
1941 5063 2118 5109 estex

545 5123 912 5251 sequentibus,
941 5140 1042 5178 non
1078 5140 1226 5189 vero,
1260 5123 1458 5189 ὁΘεός,
1501 5133 1556 5176 ut
1587 5126 1842 5178 mendose
1876 5125 1927 5177 iu
1963 5126 2120 5180 editis

566 5207 758 5251 cantur.

566 5201 758 5251 cuitur.

597 5215 1042 5339 Ξἳ-ύὲἷοις’τίο“τ·ιςυν·.
1083 5265 1194 5320 Duo
1225 5263 1713 5339 Colb.,stiaatvrat.

617 5334 730 5408 (44)
755 5338 926 5395 Δυσί.
955 5337 1091 5408 _lieg.
1123 5339 1230 5408 luti,
1257 5339 1362 5408 duo
1391 5336 1542 5408 Colb.
1571 5345 1625 5408 et
1649 5337 1752 5408 Ur.
1777 5335 1800 5388 1
1833 5334 1950 5408 ρύο.

590 5404 727 5533 άῗῦ)
756 5412 827 5486 ὀ
860 5425 915 5461 τι
947 5406 1023 5462 ἂν
1055 5404 1238 5475 πάθῃ.
1281 5405 1369 5460 Sic
1392 5407 1580 5461 Comb.
1607 5405 1665 5459 In
1691 5406 1800 5469 ed.,
1832 5406 1953 5458 Ὅτι
1986 5406 2049 5460 ἄν
2070 5424 2121 5459 τι

659 5494 712 5533 η.

543 5493 712 5552 παυνῃ.

618 5547 729 5620 (4⁷6)
765 5552 825 5605 Ἠ
860 5551 965 5604 τοῦ
1006 5549 1141 5604 Υἱοῦ
1200 5548 1360 5618 τιμὴ,
1403 5548 1538 5617 τιμὴ
1585 5547 1690 5602 τοῦ
1724 5547 1973 5620 Πατρός,
2008 5557 2113 5620 etc.

547 5618 638 5674 Sic
664 5618 824 5674 eoin.
858 5622 883 5674 1
915 5631 968 5675 et
1001 5621 1093 5675 0r.
1130 5622 1182 5684 1,
1225 5627 1318 5674 sed
1351 5623 1583 5672 secunda
1619 5633 1797 5672 manu.
1844 5618 2016 5672 Prave
2062 5619 2114 5673 in

544 5692 725 5764 ednji
749 5690 846 5764 τὲῦ
880 5689 1009 5764 TW
1036 5690 1210 5764 τιμὴνμ
1227 5689 1301 5760 μὴ
1332 5687 1427 5764 1:99
1459 5688 1689 5764 Πατρόςτ

616 5757 726 5831 (47)
779 5763 847 5814 El
878 5761 946 5814 δὲ
973 5757 1487 5829 κατ’τὸῦὲόδέξῃ.
1546 5757 1756 5823 Cotnb.,
1816 5757 1878 5810 Εί
1915 5757 1970 5812 δὲ
2021 5757 2112 5813 καὶ

2237 4858 2310 4902 ιο.
2342 4867 2359 4898 ι

2301 4918 2415 4988 (48)
2455 4918 2632 4988 Νοῦς.
2670 4915 2791 4972 llaec
2825 4931 2928 4988 vox
2957 4931 3358 4988 supervacanea
3384 4917 3616 4972 videtur.

2302 4987 2412 5058 (49)
2451 4987 2519 5041 Τὸ
2549 4989 2617 5051 ἐξ
2651 4987 2946 5056 ἡμισείας.
3006 4987 3096 5040 Sic
3119 4989 3220 5042 duo
3247 4989 3416 5058 Regg.
3448 4998 3668 5058 quorum
3701 4993 3786 5032 au-

2230 5055 2476 5128 ctoritate
2506 5055 2802 5128 delevuuns
2835 5059 2930 5128 μή,
2967 5058 3108 5126 quod
3140 5059 3220 5113 sic
3269 5055 3525 5113 in'Editis
3559 5055 3737 5124 legitur
3771 5063 3782 5098 :

2233 5127 2295 5180 τὸ
2325 5127 2398 5199 μὴ
2432 5128 2488 5194 ἐξ
2521 5127 2796 5199 ἡμισείςιςο

2235 5267 2278 5322 D
2307 5190 2666 5322 ίδίρὴθῖίιῖίῖρ
2693 5197 2755 5263 ﬂ.
2806 5195 2898 5252 Sic
2939 5196 3070 5266 Reg'
3108 5197 3162 5264 δ’
3221 5208 3325 5253 ll'cs
3352 5197 3502 5253 Colb.
3544 5205 3597 5252 et
3625 5190 3710 5248 Or.
3736 5201 3780 5240 ι.

2283 5286 2310 5322 υ
2329 5287 2370 5321 ιδ
2603 5287 2616 5319 ι
2639 5305 2655 5321 .

2283 5280 2395 5322 eest
2423 5280 2454 5322 ’ἢ
2487 5285 2536 5321 ΙΙΙ
2567 5280 2655 5321 ειι.

2303 5270 2877 5409 ίῗΙι)ήᾶ2ρῖἓχωμεν.
2909 5333 3280 5409 Ιιιὲηοηιιυιίίε,
3312 5337 3694 5409 παράσχωμαι.

2301 5407 2414 5481 (-52)
2459 5408 2760 5481 Ἀπιιιτξῖς·
2787 5409 2841 5481 ιε·
2873 5407 3215 5481 (Ιὶιῖῦυδιιειηι,
3245 5407 3586 5481 ἀπαιτήσειςτ

2301 5472 2411 5548 (55)
2458 5477 2746 5546 Ιιορνείας
2790 5472 3223 5545 ἀναίσχυντον.
3280 5472 3775 5548 Νοιιιιὶιιίὶίιιειιεηι,

2228 5547 2432 5621 πόρνην
2461 5549 2834 5618 ἀναίσχυντον.
2861 5565 2878 5599 ι
2910 5548 3066 5605 Vides
3093 5556 3360 5605 actionem
3385 5547 3656 5619 impudens
3675 5553 3777 5594 esse

2224 5621 2506 5674 scortum?
2533 5640 2550 5671 ι

2294 5690 2407 5760 (at)
2436 5689 2534 5758 Μὴ
2562 5688 2798 5756 δείξεις.
2836 5688 2967 5760 Reg.
2997 5690 3052 5754 b,
3076 5689 3179 5744 duo
3205 5689 3356 5760 Colb.
3413 5700 3468 5742 et
3491 5688 3580 5748 οι.
3626 5685 3675 5751 t.
3709 5675 3774 5749 μὴ

2221 5759 2402 5834 οείξῃς
2440 5760 2714 5834 [optime],
2755 5780 2772 5812 ι
2795 5776 2860 5816 ue
2887 5759 3236 5830 perspicuum
3260 5759 3449 5820 facias.
3480 5778 3497 5811 ι
