4010 6316
220 351 312 411 505

1102 354 1359 410 οιιΑΤιο
1397 353 1661 410 XXXVII.
1701 384 1771 394 —
1811 355 1876 410 IN
1914 352 2174 410 MATTII.
2218 352 2356 420 XIX,
2399 357 2546 410 1-12.

3353 361 3462 420 δῖ’ξϐ

223 465 362 530 σθαις
407 421 640 518 Γένιεσθε
677 465 811 536 μετά
841 463 952 517 τῶν
978 463 1212 536 ἀνδρῶν,
1244 464 1340 533 ὀψὲ
1375 463 1505 532 γοῦν
1534 462 1783 534 ἀνδρικόν

1892 465 2225 533 impietatem
2261 475 2497 518 veStram
2529 463 2983 533 eﬂecistis‘tQuid
3039 483 3227 524 omnes
3291 471 3343 526 iu
3381 475 3462 531 vi-

217 576 262 610 τι
286 557 589 626 φρονήσατε
607 595 624 620 ,
655 556 851 626 φύγετε
874 556 975 619 τὰς
1003 555 1468 625 γυναικωνίτιδας,
1505 553 1580 624 μὴ
1610 571 1779 624 προσ-

215 647 408 717 τεθήτω
444 646 523 717 τῷ
555 647 772 718 αἰσχρῷ
805 647 900 700 τοῦ
930 648 1192 718 ὀνόματος
1225 646 1285 700 τὸ
1313 646 1537 716 αἰσχρὸν
1563 644 1656 698 τοῦ
1691 663 1790 715 κη-

215 735 474 809 ρύγματος
501 737 644 807 (55).
675 737 940 791 Βούλεσθε
979 737 1171 808 μικρὸν
1199 737 1280 791 ἔτι
1324 737 1401 808 τῷ
1434 737 1578 806 λόγῳ
1620 753 1787 808 προσ-

215 827 640 896 καρτηρήσωμεν
688 825 839 896 (56);
877 827 949 880 Ἦ
991 826 1155 898 κόρον
1210 826 1321 897 ἔχει
1367 827 1434 879 τὰ
1481 826 1782 897 εἰρημένα;

213 916 342 984 Πλὴν
367 916 764 987 τιμηθήτωσαν
792 919 888 971 καὶ
925 919 974 970 οἱ
1014 917 1258 971 εὐνοῦνοι
1291 920 1403 982 τοῖς
1431 916 1586 987 έξῆς·
1622 919 1778 968 ἐπαι-

212 1009 344 1070 νετὸς
370 1007 478 1077 γὰρ
503 1011 536 1060 6
563 1008 745 1077 λόγος.

1892 554 2023 609 tium
2057 555 2358 624 prmcipites
2400 554 2655 621 ferimini,
2691 565 2751 610 ut
2781 556 3035 626 deinceps
3078 559 3216 612 idem
3244 561 3335 625 sit,
3367 573 3463 620 aut

1895 645 2222 704 eunuchum,
2262 653 2354 698 aut
2379 645 2598 713 impium
2637 646 2858 700 vocari?
2891 644 3125 700 Tandem
3169 649 3462 719 aliquando

1894 734 2024 790 viris
2053 752 2147 790 vos
2187 736 2482 806 adjungile,
2544 737 2750 790 virilem
2785 738 3016 806 aliquem
3075 739 3324 796 allectum
3366 743 3460 798 hae

1891 827 2038 892 bete,
2078 842 2327 897 gynaecea
2360 827 2548 904 fugite,
2588 843 2653 882 ne
2695 831 2760 884 ad
2796 832 3030 885 nominis
3073 834 3455 901 turpitudinem

1893 917 2289 986 praedicationis
2314 919 2590 987 turpitudo
2626 920 2866 974 accedat.
2899 921 3068 976 Vultis
3105 923 3156 975 in
3195 925 3294 979 hac
3323 937 3454 979 ora-
3498 964 3504 970 -

1893 1007 2036 1063 tione
2067 1009 2310 1063 nonnihil
2362 1009 2536 1064 adhuc
2581 1010 2970 1065 immoremur?
3003 1015 3079 1066 An
3117 1015 3293 1080 potius
3313 1017 3458 1070 salii.-

211 1097 518 1165 ciuut,qua2
545 1098 819 1153 diximus?
850 1096 1051 1152 Verum
1077 1113 1174 1169 per
1219 1098 1354 1165 haec,
1400 1114 1520 1168 qua:
1581 1107 1903 1164 secuuntur,
1962 1100 2194 1155 eunuchi
2253 1116 2468 1170 quoque
2529 1101 2879 1158 houorentur.
2941 1103 3249 1160 Laudabilis
3311 1109 3454 1164 enim

211 1187 286 1240 hic
314 1179 493 1240 s'crmo
513 1195 623 1242 est.

266 1277 345 1327 K'.
369 1277 510 1336 Εἰσὶ
551 1281 667 1350 γὰρ
689 1284 996 1355 εὐνοῦχοι,
1025 1291 1210 1359 φησιν,
1234 1291 1450 1357 οἵτινες
1470 1290 1538 1344 ἐκ
1555 1291 1787 1356 κοιλίας

203 1367 409 1436 μητρὸς
437 1368 867 1441 ἐγεννήθησαν
893 1377 1083 1445 οὕτως
1103 1395 1118 1409 ·
1153 1381 1251 1433 καὶ
1283 1381 1444 1434 εἰσὶν
1474 1381 1780 1451 εὐνοῦχοι,

207 1461 405 1526 οἵτινες
431 1463 942 1535 εὐνουχίσθησαν
967 1470 1126 1538 παρὰ
1153 1469 1271 1524 τῶν
1297 1471 1650 1542 ἀνθρώπων·
1685 1473 1783 1528 καί

206 1549 347 1602 εἰσιν
367 1551 666 1622 εὐνοῦχοι
700 1555 836 1627 (57),
865 1558 1084 1626 οἵτινες
1125 1563 1494 1631 εὐνούχισαν
1531 1563 1786 1630 ἑαυτοὺς

207 1638 290 1694 διὰ
317 1640 433 1745 τῂν
465 1643 809 1708 ,ϐασιλείαν
845 1647 964 1702 τῶν
1007 1651 1298 1720 οὐρανῶν.
1350 1654 1414 1706 '0
1445 1653 1777 1724 δυνάμενος
1812 1691 1852 1745 Β

207 1734 419 1804 χωρεῖν,
449 1739 733 1806 χωρείτω.
763 1743 922 1794 Δοκεῖ
965 1760 1054 1814 μοι
1091 1743 1204 1813 ,τῶν
1244 1745 1511 1816 σωμάτων
1541 1743 1780 1809 ἀποστὰς

203 1828 228 1878 6
261 1825 430 1896 λόγος,
465 1831 682 1885 τυποῦν
727 1832 815 1888 διὰ
860 1834 968 1888 τῶν
1017 1837 1284 1908 σωμάτων
1324 1837 1437 1907 (58)
1468 1837 1538 1891 τὰ
1579 1837 1780 1909 ὑψηλό-

202 1931 340 1988 τερα.
376 1919 452 1973 Τὸ
494 1920 600 1991 μὲν
633 1922 742 1995 γὰρ
791 1925 952 1996 μέχρι
997 1927 1106 1981 τῶν
1151 1929 1480 1998 σωματικῶν
1512 1930 1780 2000 εὐνούχων

205 2009 385 2078 στῆσαι
413 2012 509 2064 τὸν
539 2013 732 2083 λόγον,
759 2017 921 2087 τυχὸν
961 2021 1154 2093 μικρόν
1187 2038 1247 2074 τε
1282 2023 1376 2075 καὶ
1408 2022 1526 2075 λίαν
1559 2022 1780 2085 ἀσθενὲς

207 2101 290 2153 καὶ
334 2103 558 2168 ἀνάξιον
605 2106 766 2176 λόγου
789 2125 803 2139 ·
857 2110 939 2163 δεῖ
977 2111 1034 2164 δὲ
1079 2113 1225 2183 ἡμᾶς
1262 2114 1556 2184 ὲπινοῆσαίί
1587 2131 1640 2166 τι
1684 2113 1778 2167 τοῦ

205 2191 511 2263 Πνεύματος
553 2195 728 2260 ἄξιον.
768 2199 993 2252 Δοκοῦσι
1039 2202 1216 2254 τοίνυν
1249 2203 1297 2255 οἱ
1332 2204 1428 2273 μὲν
1469 2206 1534 2257 ὲκ
1567 2203 1779 2272 φύσεως

203 2283 364 2340 νεύειν
394 2287 534 2356 πρὸς
568 2287 636 2341 τὸ
680 2289 899 2357 ἀγαθόν.
951 2292 1168 2357 Φύσεως
1213 2293 1269 2347 δὲ
1301 2295 1428 2348 ὅταν
1475 2295 1640 2362 εἴπω,
1679 2297 1779 2350 οὐκ

204 2376 438 2446 ἁτιμάζω
468 2378 573 2450 τὴν
611 2381 952 2452 προαίρεσιν,
981 2383 1096 2437 ἀλλ’
1124 2385 1409 2458 ἀμφότερα
1436 2387 1646 2459 τίθημι,
1682 2390 1778 2460 τήν

201 2482 256 2519 τε
286 2467 420 2538 πρὸς
453 2469 518 2522 τὸ
560 2471 728 2525 καλὸν
770 2473 1202 2545 ἐπιτηδειότητα,
1237 2478 1332 2530 καὶ
1357 2478 1456 2548 τὴν
1493 2481 1571 2542 είς
1620 2480 1778 2550 ἔργον

203 2557 431 2626 ἄγουσαν
455 2562 520 2615 τὺ
547 2563 617 2615 ἐκ
647 2562 860 2634 φύσεως
887 2566 1206 2638 ἐπιτήδειον.
1242 2569 1458 2642 ’Έτεροι
1477 2571 1534 2624 δὲ
1562 2572 1666 2625 είσί
1694 2590 1776 2626 τι-

202 2665 308 2713 νες,
345 2649 440 2716 οὓς
483 2652 514 2704 6
559 2653 722 2723 λόγος
766 2655 1036 2728 καθαίρει,
1091 2657 1198 2712 τῶν
1243 2659 1431 2713 παθῶν
1480 2662 1775 2732 ἐκτέμνων.

206 2741 426 2806 Τούτους
456 2745 710 2815 ἡγοῦμαι
738 2742 876 2801 εἶναι
903 2748 1030 2812 τοὺς
1067 2749 1172 2802 ὑπὸ
1203 2750 1311 2802 τῶν
1342 2751 1642 2823 ἀνθρώπων
1689 2755 1779 2807 εὐ-

203 2831 634 2903 νουχιζομένους,
665 2835 793 2888 ὅταν
825 2839 852 2890 6
885 2836 1260 2902 διδασκαλικὸς
1289 2839 1445 2908 λόγος
1489 2841 1677 2896 διελὼν
1720 2845 1780 2897 τὸ

204 2925 436 2992 κρεῖττον
468 2924 584 2979 ἀπὸ
616 2924 711 2978 τοῦ
744 2926 1006 2999 χείρονος,
1045 2929 1140 2982 καὶ
1168 2930 1229 2983 τὸ
1255 2931 1354 3000 μὲν
1379 2932 1779 3005 ἀποπεμψάμε-

1961 1285 2082 1341 XX.
2122 1285 2260 1338 Sunt
2284 1284 2527 1347 eunuchi,
2555 1285 2750 1354 inquit,
2777 1288 2865 1356 qui
2893 1304 2956 1340 ea:
3006 1300 3149 1344 utero
3181 1294 3360 1346 matris
3381 1293 3459 1348 ita

1888 1379 1999 1432 uati
2030 1389 2185 1430 sunt:
2211 1387 2259 1430 et
2296 1389 2412 1430 sunt
2443 1377 2684 1440 eunuchi,
2738 1379 2825 1446 qui
2861 1383 3083 1432 castrati
3127 1393 3246 1435 sunt
3279 1385 3342 1435 ab
3366 1384 3459 1438 Ιιο-

1882 1466 2218 1523 ηιῑηὶὁιιδεει
2244 1476 2362 1518 sunt
2421 1468 2668 1530 emutclti,
2733 1469 2818 1532 qui
2865 1482 3224 1525 castraverunt
3262 1475 3456 1542 seipsos

1882 1564 2093 1623 propter
2123 1570 2342 1622 regnum
2370 1556 2636 1608 calorum.
2674 1554 2777 1618 Qui
2829 1565 2991 1624 potest
3027 1573 3231 1626 capere,
3260 1559 3452 1625 capiat.

1884 1643 2116 1700 Videtur
2150 1645 2284 1699 mihi
2315 1645 2618 1714 Scriptura,
2653 1664 2682 1702 a
2711 1648 3028 1718 corporibus
3051 1651 3336 1706 abducens.
3363 1666 3457 1720 per

1883 1753 2169 1808 corporum
2211 1739 2437 1804 ﬁguram
2483 1740 2802 1795 sublimiora
2849 1742 3175 1810 significare.
3218 1743 3452 1808 Etenim,

1885 1829 1935 1881 in
1963 1829 2238 1896 corporeis
2267 1828 2482 1897 quidem
2513 1831 2776 1886 eunuchis
2801 1834 3118 1898 consistere,
3155 1843 3318 1902 atque
3338 1849 3455 1888 ora-

1884 1919 2082 1972 tionem
2112 1919 2296 1987 ﬁgere,
2324 1935 2545 1988 parvum
2602 1923 2847 1987 fortasse,
2883 1925 3141 1993 valdeque
3185 1925 3454 1979 inﬁrmum

1881 2019 1935 2064 et
1975 2010 2268 2081 Scriptura:
2299 2013 2582 2081 majestate
2614 2013 2891 2082 indignum
2927 2015 3108 2069 fuerit.
3167 2015 3325 2070 Decet
3357 2031 3454 2070 au-

1884 2112 1990 2155 tem
2026 2119 2124 2155 nos
2145 2102 2420 2171 quidpiam
2441 2104 2718 2172 Scriptura
2748 2105 2966 2174 dignum
2998 2107 3326 2176 excogitare.
3345 2106 3452 2162 Alii

1883 2193 2099 2259 quidem
2132 2193 2382 2247 videntur
2414 2203 2620 2248 natura:
2646 2195 2823 2249 indole
2847 2196 2912 2248 ad
2943 2190 3190 2249 virtutem
3212 2196 3450 2250 tendere.

1880 2281 2139 2337 Naturam
2175 2298 2337 2351 porro
2357 2299 2476 2337 cum
2507 2286 2647 2349 dico,
2678 2287 2902 2339 liberam
2929 2287 3258 2339 voluntatem
3280 2287 3453 2340 haud-

1881 2389 2152 2442 quaquam
2189 2389 2407 2440 sperno,
2435 2375 2528 2428 sed
2565 2383 2852 2443 utrumque
2880 2386 3083 2440 statuo,
3117 2375 3373 2429 nimirum
3397 2385 3456 2430 et

1880 2476 2088 2519 natura;
2119 2469 2184 2519 ad
2227 2467 2424 2520 bonum
2461 2467 2776 2521 facilitatem
2802 2478 2964 2538 atque
3003 2469 3455 2537 aptitudinem,et

1880 2559 2043 2612 animi
2073 2559 2426 2623 Voluntatem,
2458 2559 2759 2613 naturalem
2815 2559 2959 2613 illam
3006 2560 3360 2627 aptitudinem
3387 2561 3455 2614 ad

1881 2652 2078 2705 bonum
2137 2653 2442 2706 ducentem.
2507 2651 2736 2718 Quidam
2795 2664 2974 2706 autem
3007 2653 3094 2706 alii
3133 2662 3282 2717 sunt,
3317 2667 3456 2721 quos

1880 2742 2127 2796 doctrina
2151 2752 2435 2812 expurgat,
2482 2743 2814 2811 ritiososque
2865 2743 3031 2795 animi
3085 2739 3308 2796 affectus
3359 2742 3456 2796 ab-

1882 2837 2100 2890 scindit.
2139 2835 2248 2889 llos
2299 2851 2422 2890 esse
2473 2836 2752 2901 existimo,
2786 2835 2877 2905 qui
2931 2835 2998 2889 ab
3026 2836 3336 2890 hominibus
3363 2847 3456 2888 ca-

1883 2938 2148 2988 strantur.
2183 2943 2304 2981 cum
2345 2927 2596 2980 videlicet
2653 2926 2894 2995 magistri
2928 2936 3194 2996 prwcepta
3243 2934 3298 2980 et
3333 2939 3453 2980 ser-

203 3032 304 3081 νος,
328 3017 388 3071 τὸ
409 3019 469 3073 δὲ
508 3019 882 3091 νομοθετήσας
907 3023 1020 3092 (ὡς
1051 3023 1132 3086 τὸ,
1177 3025 1494 3078 Ἔκκλινον
1519 3027 1637 3079 ἀπὸ
1676 3043 1781 3080 κα-

1885 3035 2090 3082 ntoues,
2120 3021 2373 3073 virtutem
2409 3035 2438 3072 a
2486 3019 2618 3073 vitio
2668 3017 3081 3086 distinguentes,
3131 3027 3292 3086 atque
3321 3017 3455 3072 alte-

205 3109 330 3176 κοῦ,
377 3112 478 3165 καὶ
519 3113 785 3181 ποίησον
819 3113 1048 3184 ἀγαθὸν
1067 3114 1108 3183 ),
1143 3115 1242 3186 τὴν
1278 3117 1650 3186 πνευματικὴν
1677 3134 1779 3170 σω-

205 3201 464 3274 φροσύνην
506 3203 914 3278 δημιουργήση.
961 3205 1202 3258 Ἐπαινῶ
1229 3207 1322 3259 καὶ⁴
1347 3206 1536 3259 τοῦτον
1571 3207 1662 3260 τὸν
1691 3209 1780 3260 εύ-

206 3292 521 3362 νουχισμὺν,
573 3292 671 3346 καὶ
725 3293 845 3348 λίαν
886 3295 1094 3348 ἐπαινῶ
1135 3294 1263 3359 τούς
1323 3313 1379 3349 τε
1431 3296 1781 3360 διδασκάλους

203 3380 394 3450 ὁμοίως
439 3385 542 3438 κοιλ¹
570 3387 697 3448 τοὺς
736 3385 1186 3457 διδασκομένους,
1240 3387 1322 3440 ὅτι
1359 3388 1407 3440 oi
1455 3388 1549 3441 Ιλεν
1603 3387 1780 3453 καλῶς

204 3471 469 3547 ἐξέτεμον,
512 3477 559 3530 oi
591 3476 647 3530 δὲ
681 3477 896 3532 κάλλιον
925 3478 1321 3551 ὲξετμήθησαν.

265 3659 392 3715 KA'.
421 3659 541 3715 Kal
564 3660 743 3724 εἰσιν,
779 3662 996 3728 οἵτινες
1018 3661 1270 3727 ἑαυτοὺς
1294 3664 1662 3738 εὐνούχισαν
1687 3664 1784 3720 διὰ

205 3749 309 3818 τὴν
332 3753 672 3816 ,Βασιλείαν
717 3751 837 3808 τῶν
877 3753 1171 3822 οὐρανῶν.
1225 3755 1408 3808 "mm
1449 3756 1782 3811 διδασκάλων

209 3842 297 3911 μὲν
322 3845 422 3897 οὐκ
450 3844 742 3915 ἐπέτυχον,
771 3846 978 3899 ἑαυτῶν
1002 3846 1058 3898 δὲ
1083 3847 1371 3915 γεγόνασιν
1399 3849 1672 3903 ὲπαινετοὶ
1707 3849 1784 3902 δι-

207 3931 470 3988 δάσκαλοι.
507 3931 623 3988 Οὐκ
654 3934 857 4000 ἐδίδαξέ
893 3953 951 3988 σε
989 3937 1172 4008 μήτηρ
1197 3935 1256 3988 τὸ
1277 3936 1422 3999 δέον,
1451 3938 1550 3989 οὐκ
1578 3937 1782 4003 ὲδίδαξέ

209 4038 260 4074 σε
283 4024 491 4096 πατὴρ,
522 4024 584 4077 ού
612 4025 1005 4097 πρεσϐύτερος,
1034 4027 1132 4080 οὐκ
1156 4028 1473 4094 ἐπίσκοπος,
1497 4029 1596 4082 οὐκ
1628 4028 1783 4092 ἄλλος

209 4128 280 4174 τις
313 4117 419 4169 τῶν
437 4115 506 4168 τὸ
531 4115 802 4169 διδάσκειν
828 4118 1292 4188 πεπιστευμένων.
1322 4119 1480 4172 Ἀλλὰ
1493 4121 1582 4173 τὸν
1613 4123 1669 4174 ὲν
1701 4121 1784 4173 σοὶ

210 4205 350 4274 λόγον
376 4209 607 4280 κινήσας
639 4209 773 4279 (59),
804 4209 940 4264 ἀλλὰ
967 4211 1056 4264 τὸν
1087 4211 1355 4282 σπινθῆρα
1380 4213 1473 4265 τοῦ
1501 4214 1665 4266 καλοῦ
1697 4215 1782 4269 διὰ

211 4298 296 4368 τῆς
319 4300 695 4378 προαιρέσεως
709 4303 937 4372 ἀνάψας,
962 4305 1154 4356 σαυτὸν
1167 4304 1502 4375 εὐνούχισας,
1517 4305 1612 4377 τὴν
1627 4307 1782 4376 ῥίζαν

209 4389 477 4461 ἐξέτεμες,
505 4391 574 4444 τὰ
606 4391 814 4463 ὄργανα
841 4393 938 4464 τῆς
967 4393 1162 4456 κακίας
1201 4394 1488 4465 ὲξώρισας,
1519 4397 1782 4464 τοσαύτην

217 4483 310 4547 ἕξιν
322 4487 542 4556 ἐκτήσω
561 4484 663 4555 τῆς
685 4485 904 4554 ἀρετῆς,
924 4484 1062 4537 ὥστε
1081 4485 1173 4537 καὶ
1200 4485 1383 4555 σχεδὸν
1413 4485 1667 4539 ἀδύνατόν
1698 4505 1780 4542 σοι

219 4577 448 4644 γενέσθαι
460 4576 560 4648 τὴν
574 4575 779 4648 περὶτὰ
793 4577 959 4647 χείρω
973 4577 1162 4648 φοράν.
1179 4576 1279 4630 Διὰ
1289 4576 1447 4630 τοῦτο
1469 4579 1677 4633 ἐπαινῶ
1689 4582 1782 4634 καὶ

217 4663 383 4718 τοῦτον
401 4664 496 4716 τὸν
520 4664 896 4734 εὐνουχισμὸν,
924 4665 1015 4717 καὶ
1049 4665 1208 4734 τυχὸν
1236 4665 1436 4736 μᾶλλον
1455 4669 1564 4721 τῶν
1584 4668 1778 4727 ἄλλων.

221 4751 277 4805 '0
300 4751 638 4822 δυνάμενος
672 4753 886 4822 χωρεῖ-ν
908 4795 921 4812 .
959 4757 1233 4823 χωρείτω.
1283 4757 1384 4809 Ἢν
1424 4757 1602 4826 βούλει
1633 4757 1782 4822 δέξαι

215 4844 418 4915 μερίδα,
453 4843 488 4915 ἥ
536 4843 974 4913 ὲπακολούθησον
1017 4843 1094 4914 τῷ
1143 4844 1487 4917 διδασκάλῳ,
1539 4850 1571 4918 ἢ
1624 4847 1781 4918 γενοῦ

215 4939 398 4993 σαυτοῦ
432 4936 772 5000 διδάσκαλος.
815 4938 910 4989 Ἔν
940 4937 1160 5007 αἰσχρὸν
1197 4937 1384 5008 μένον,
1415 4940 1488 5010 μὴ
1515 4941 1788 5011 τμηθῆναι

216 5033 273 5084 τὶ
299 5031 463 5102 πάθη.
495 5029 634 5099 Περὶ
659 5027 715 5080 δὲ
742 5025 835 5080 τοῦ
861 5026 1136 5097 τμηθῆναι
1161 5028 1227 5082 τὰ
1262 5029 1408 5101 πάθη
1430 5070 1444 5092 ,
1476 5031 1644 5100 μηδὲν
1675 5031 1789 5086 δια-

217 5124 389 5191 φέρου.
415 5121 525 5174 Καὶ
550 5123 578 5175 6
598 5118 886 5185 διδάσκων,
915 5117 1138 5188 πλάσμα
1166 5117 1320 5184 Θεοῦ,
1349 5121 1442 5173 καὶ
1469 5121 1532 5174 σὺ
1563 5121 1788 5191 γέγονας

287 5293 325 5326 ⁸⁷
348 5294 487 5351 Psal.
521 5309 711 5358 usu,
735 5293 830 5348 27.

279 5504 390 5579 (55)
419 5504 690 5574 Αἱσχρὸν
722 5505 830 5579 τοῦ
868 5506 1260 5576 κηρύγματος.
1309 5524 1402 5563 ms
1432 5512 1610 5563 verbis
1643 5511 1760 5567 Gre

214 5577 388 5650 uarius
423 5589 600 5628 mouet
627 5577 926 5650 eunuchos,
961 5593 1027 5631 ne
1049 5579 1279 5650 nominis
1308 5579 1624 5650 turpitudini
1674 5584 1780 5637 lia:-

217 5645 588 5718 rcsisiqunque
617 5645 1002 5718 turpitudinem
1035 5648 1348 5718 adiungant.

283 5717 391 5792 (56;
440 5714 1112 5792 ιιροσκαρτερήσωμεν.“
1137 5714 1228 5776 Sic
1268 5719 1401 5792 Reg.
1435 5721 1467 5777 b
1511 5728 1563 5776 et
1589 5719 1680 5777 0r.
1725 5723 1774 5777 Ι.

219 5781 412 5849 ΙΩέιΙ..
447 5781 1020 5858 προσκαρτερήσομέν.

1887 3129 2000 3167 rum
2033 3111 2362 3180 rejicientes,
2398 3111 2626 3165 alterum
2661 3110 3074 3180 praescribentes
3101 3109 3274 3181 (juxta
3303 3109 3451 3178 illud,

1885 3205 2099 3258 Declina
2123 3221 2154 3257 a
2185 3204 2346 3268 malo.
2374 3215 2418 3258 et
2478 3204 2565 3274 {ac
2594 3203 2784 3257 bonum
2823 3203 2928 3273 ⁶⁷),
2987 3203 3321 3271 spiritualem
3357 3219 3454 3274 pu--

1883 3296 2123 3349 dicitiam
2177 3295 2476 3348 effecerint.
2531 3295 2685 3357 Quod
2718 3295 2881 3349 etiam
2928 3293 3254 3347 exsectioais
3286 3308 3454 3359 genus

1881 3385 2070 3456 probo,
2129 3397 2292 3454 atque
2350 3397 2405 3439 et
2461 3387 2730 3452 doctores,
2782 3395 2836 3440 et
2869 3380 3158 3453 discipulos
3190 3384 3457 3453 imprimis

1883 3474 2063 3539 laude,
2099 3475 2358 3544 quoniam
2391 3486 2446 3530 et
2493 3476 2571 3529 illi
2624 3475 2846 3546 pulchre
2894 3487 3275 3538 exsecuerunt,
3307 3484 3360 3529 ct
3397 3476 3453 3530 III

1881 3567 2158 3636 pulchrius
2183 3567 2386 3620 exsecti
2427 3575 2569 3624 sunt.

1955 3656 2099 3712 XXI.
2148 3656 2210 3710 Et
2236 3667 2381 3726 sunt,
2407 3660 2498 3728 qui
2525 3660 2720 3728 seipsos
2750 3671 3109 3716 castravcrunt
3135 3673 3344 3731 prapter
3369 3678 3453 3714 re-

1882 3765 2040 3818 gnum
2093 3749 2364 3805 caelorum.
2425 3748 2552 3812 Alii,
2615 3766 2736 3804 cum
2775 3752 2950 3808 nullos
2988 3753 3271 3823 magistros
3311 3752 3453 3806 nacti

1881 3850 2081 3900 essent.
2112 3840 2262 3909 probi
2321 3840 2424 3894 sibi
2489 3841 2618 3910 ipSIS
2669 3845 2909 3914 magistri
2964 3846 3307 3900 exstiterunt.
3339 3844 3454 3898 Non

1884 3932 2065 3985 docuit
2100 3941 2154 3985 te
2195 3941 2368 3986 mater
2413 3930 2541 4000 quid
2587 3932 2744 3988 ofﬁcii
2800 3947 2984 4000 esset,
3049 3951 3154 3990 non
3193 3934 3376 3990 docuit
3405 3943 3457 3988 te

1885 4036 2052 4093 pater,
2084 4023 2252 4094 659
2295 4040 2430 4078 non»
2466 4026 2769 4096 presbyter,
2830 4044 2956 4082 non'
2992 4029 3296 4097 episcopus,
3350 4041 3456 4081 non

1883 4118 2020 4171 alius
2053 4120 2321 4188 quispiam
2379 4133 2444 4173 ex
2504 4119 2588 4184 iis,
2650 4120 2849 4189 quibus
2893 4121 3116 4176 docendi
3147 4136 3277 4176 cura
3311 4135 3457 4176 com-

1885 4212 2044 4265 missa
2081 4221 2187 4265 est.
2221 4212 2290 4264 At
2331 4223 2408 4279 tu,
2436 4213 2704 4266 rationem
2737 4213 2830 4268 tibi
2877 4215 3090 4268 insitam
3121 4229 3365 4280 movens,
3396 4229 3459 4269 ac

1887 4299 2102 4354 virtutis
2131 4299 2424 4370 igniculum
2454 4316 2547 4368 per
2598 4302 2809 4356 arbitrii
2865 4303 3167 4358 libertatem
3218 4304 3461 4358 exsusci-

1814 4385 2028 4455 Dtaus,
2084 4392 2310 4460 teipsum
2367 4391 2674 4458 exsecuisti,
2729 4395 2962 4448 radicem
3001 4395 3274 4461 excidisti,
3345 4395 3459 4449 vitii

1889 4486 2243 4539 instrumenta
2286 4484 2563 4552 depulisti,
2599 4495 2804 4538 tantum
2833 4486 2928 4538 tibi
2969 4486 3184 4541 virtutis
3218 4487 3458 4542 habitum

1888 4578 2238 4647 comparasti,
2296 4587 2354 4631 ut
2399 4577 2511 4644 jam
2565 4579 2633 4632 ad
2675 4579 2861 4630 vitium
2906 4578 3036 4632 ferri
3069 4579 3458 4648 propemodum

1889 4683 2146 4737 nequeas.
2212 4667 2572 4734 Quamobrem
2629 4669 2769 4721 hanc
2826 4684 3040 4738 quoque
3091 4672 3456 4724 exsectionem

1891 4759 2218 4812 laudandam
2252 4773 2470 4823 censeo,
2515 4761 2791 4829 magisque
2818 4762 2980 4814 etiam
3019 4761 3268 4826 fortasse,
3299 4779 3458 4832 quam

1889 4849 2026 4904 duas
2069 4851 2399 4918 superiores.
2457 4851 2560 4916 Qui
2605 4861 2770 4920 potest
2800 4867 3004 4919 capere,
3033 4851 3228 4921 capiat.
3285 4851 3454 4918 Quam

1891 4941 2108 4996 libuerit
2135 4953 2345 5010 partem
2382 4945 2587 5012 accipe,
2622 4952 2713 4997 aut
2755 4946 3070 5013 magistrum
3104 4959 3351 5013 sequere,
3371 4955 3461 4997 aut

1891 5034 1988 5088 tibi
2014 5035 2115 5103 ipsi
2145 5037 2402 5104 magister
2430 5046 2567 5094 esto.
2598 5037 2712 5091 l-Ioc
2743 5053 2906 5090 unum
2943 5045 3097 5104 turpe
3113 5045 3215 5103 est,
3236 5035 3462 5092 allectus

1891 5136 2138 5182 exsectos
2171 5143 2276 5182 non
2314 5129 2533 5184 habere.
2569 5129 2646 5183 De
2671 5128 2757 5184 his
2781 5137 2959 5183 autem
2984 5125 3360 5182 exscindendis
3389 5141 3460 5183 ne

1923 5580 1936 5597 ι
1959 5509 2067 5588 (5:!)
2107 5509 2279 5564 Εἰσὶν
2298 5509 2597 5577 εὐνοῦχοι.
2628 5507 2718 5564 Sic
2749 5519 2854 5563 tres
2882 5507 3034 5564 Colb.
3067 5508 3226 5563 Deest
3257 5506 3310 5562 in
3340 5505 3454 5575 ed.,

1885 5595 2231 5732 eiiggio;&r
2257 5649 2561 5719 σωμάτων.
2593 5649 2742 5706 Colb.
2772 5649 2792 5701 l
2825 5658 2878 5704 et
2911 5647 3057 5715 Bas.,
3081 5646 3190 5701 τῶν
3218 5663 3458 5720 σωματι-

1888 5737 2076 5859 κωῶθ)
2108 5788 2393 5856 Κινήσας.
2425 5790 2556 5847 Tres
2587 5789 2763 5856 Colb.,
2796 5789 3055 5860 ὲκίνησας
