4010 6316
530 293 632 352 307

1736 292 1792 346 S.
1837 289 2168 348 GREGORII
2209 289 2556 349 THEOLOGI

3717 294 3825 354 303

530 414 658 484 quid
689 411 800 469 litts
838 425 1011 467 crees.
1048 409 1116 464 Et
1166 410 1255 480 qui
1310 409 1491 474 docet,
1524 408 1837 479 ﬁgmentum
1868 409 1959 465 Dei
2000 424 2101 473 εει,

2225 408 2413 462 ;κεῖθεν
2438 424 2452 439 ⁸
2487 409 2586 464 κᾶν
2617 426 2678 461 τε
2707 408 2735 460 ό
2762 408 3078 475 διδάσκαλος
3110 409 3332 485 ἁρπάσῃ
3355 410 3451 482 τὴν
3488 411 3688 483 χάριν,
3716 410 3823 474 κᾶν

527 517 583 560 et
610 516 664 562 tu
687 504 936 559 eumdem
962 510 1141 559 ortum
1178 500 1445 556 habuisti:
1487 500 1601 555 sive
1628 510 1929 569 praeceptor
1972 514 2099 570 gra-

2206 519 2266 554 τε
2300 501 2524 573 γένηται
2559 502 2650 556 σὺν
2683 501 2744 555 τὸ
2782 502 2969 569 καλὸν,
3006 503 3171 557 καλὸν
3199 504 3397 575 ὁμοίως
3419 506 3570 559 ἐστι.

530 606 658 659 tiam
686 604 827 658 hanc
851 600 1048 671 rapiat,
1084 600 1197 656 sive
1251 598 1354 654 hoc
1417 599 1613 653 bonum
1671 605 1818 650 tuum
1860 596 1975 662 ﬁat,
2007 596 2208 652 bonum
2236 598 2457 667 perinde
2482 606 2585 653 est.

614 693 776 748 XXII.
803 692 916 747 Hoc
947 701 1152 746 tantum
1180 691 1337 746 nobis
1366 705 1507 745 cura:
1541 691 1633 756 sit,
1681 698 1737 742 ut
1769 689 2015 758 nosipsos
2040 690 2106 743 ab

532 786 701 841 animi
737 782 1238 853 perturbationibus
1268 781 1651 835 abscindamus
1677 819 1691 844 ,
1723 794 1792 835 ne
1822 794 1925 848 qua
1956 778 2105 833 radix

532 876 901 933 amarulentite
952 890 1169 931 sursum
1212 874 1520 940 germinans
1546 872 1589 902 ⁸⁸
1633 870 1817 926 turbas
1875 879 2107 925 moveat.

530 969 645 1026 Hoc
669 978 875 1023 tantum
905 982 1180 1031 curemus,
1234 974 1293 1020 ut
1344 966 1597 1037 imaginis
1636 964 1830 1018 divina:
1869 961 2110 1030 vestigiis

530 1061 867 1128 insistamus,
898 1069 957 1113 ut
990 1058 1266 1128 exemplar
1296 1066 1538 1113 nostrum
1577 1070 1937 1111 revereamur.
1979 1054 2111 1107 Cor-

529 1167 727 1221 poreos
758 1150 983 1207 aﬂ‘ectus
1015 1159 1256 1220 amputa,
1313 1157 1529 1216 amputa
1572 1148 1735 1202 etiam
1780 1144 2109 1216 spirituales.

510 1239 747 1303 ,Quanto
776 1240 920 1294 enim
973 1239 1155 1294 anima
1197 1252 1394 1307 corpus
1450 1236 1745 1300 antecellit,
1779 1244 1931 1289 tanto
1967 1248 2108 1304 prae-

536 1331 771 1387 stantius
794 1341 877 1388 est
926 1332 1164 1385 animam
1219 1345 1473 1399 purgare,
1508 1344 1670 1398 quam
1703 1343 1919 1398 corpus.
1956 1327 2111 1394 Quod

534 1423 578 1476 si
617 1422 862 1490 corporis
898 1421 1146 1491 purgatio
1208 1419 1495 1475 laudabilis
1538 1428 1645 1486 est,
1677 1417 1875 1487 cogita,
1905 1430 2110 1486 quarso,

536 1525 743 1583 quanto
773 1514 945 1583 maior
971 1525 1135 1583 atque
1175 1512 1461 1567 sublimior
1521 1510 1593 1565 sit
1624 1511 1818 1564 animae
1844 1508 2111 1579 purgatio.

532 1604 804 1660 Exscinde
866 1606 1128 1660 Arianam
1174 1604 1528 1674 impietatem,
1585 1601 1839 1657 exscinde
1893 1615 2115 1670 pravam

539 1696 763 1752 Sabellii
801 1697 1152 1752 sententiam.
1202 1694 1313 1750 Nec
1351 1694 1496 1765 plus,
1537 1710 1698 1764 quam
1756 1707 1969 1762 aequum
2008 1699 2114 1755 cst,

540 1788 859 1859 conjungas,
890 1803 990 1843 nec
1016 1784 1281 1842 scelerate
1314 1786 1561 1840 dividas:
1593 1798 1693 1839 nec
1719 1783 1772 1838 in
1801 1799 1961 1837 unam
1991 1798 2115 1852 per-

539 1896 727 1937 sonam
760 1884 862 1935 tria
893 1879 1204 1944 contrahas,
1237 1893 1334 1933 nec
1370 1889 1479 1932 tres
1515 1886 1836 1932 naturarum
1879 1874 2113 1931 diversi-

2282 690 2408 742 KB’.
2471 689 2649 743 Μόνον
2706 688 3061 761 έκτέμνωμεν
3121 691 3349 755 ἑαυτοὺς
3408 692 3523 745 τῶν
3589 690 3825 760 παθῶν,

2217 781 2291 851 μή
2317 798 2400 843 τις
2431 778 2556 850 ῥίζα
2583 780 2807 852 πικρίας
2840 782 2952 835 ἄνω
2996 781 3206 850 φύουσα
3232 783 3422 855 ἐνοχλῇ
3457 783 3606 855 (60).
3639 784 3822 838 Μόνον

2213 868 2593 940 ἀκολουθῶμεν
2629 872 2696 941 τῇ
2737 871 2926 935 εἰκόνι,
2971 871 3130 941 μόνον
3163 871 3440 943 αἰδώμεθα
3486 874 3555 927 τὸ
3587 874 3825 944 ἀρχέτυ-

2217 974 2338 1012 πον.
2379 960 2652 1029 Ἔκτεμνε
2686 960 2753 1014 τὰ
2787 962 3073 1031 σωματικὰ
3112 962 3259 1034 πάθη
3282 1004 3298 1030 ,
3333 963 3572 1035 ἕκτεμνε
3618 967 3719 1019 καὶ
3750 968 3823 1022 τὰ

2214 1049 2441 1121 ψυχικά.
2489 1051 2641 1122 Ὅσῳ
2687 1051 2796 1122 γὰρ
2833 1052 2978 1123 ψυχὴ
3012 1054 3338 1125 τιμιώτερον
3382 1054 3682 1125 σώματος,
3732 1073 3822 1111 το-

2215 1141 2389 1211 σούτῳ
2414 1141 2740 1212 τιμιώτερον
2779 1142 3014 1213 καθᾶραι
3043 1144 3256 1215 ψυχὴν,
3294 1145 3327 1216 ἢ
3365 1146 3549 1217 σῶμα.
3587 1149 3655 1200 EI
3687 1148 3746 1201 δὲ
3785 1152 3821 1222 ἡ

2213 1230 2308 1285 τοῦ
2358 1231 2607 1302 σώματος
2648 1233 2916 1305 κάθαρσις
2953 1234 3062 1289 τῶν
3103 1237 3438 1305 ἐπαινετῶν,
3475 1240 3685 1292 σκόπει
3729 1257 3821 1310 μοι

2216 1325 2381 1380 πόσον
2439 1328 2470 1398 ἡ
2530 1327 2629 1397 τῆς
2683 1326 2862 1398 ψυχῆς
2934 1329 3133 1399 μείζων
3190 1347 3250 1383 τε
3310 1332 3405 1384 καὶ
3469 1332 3815 1405 ὑψηλοτέρα.

2220 1416 2492 1486 Ἔκτεμνε
2528 1417 2626 1487 τὴν
2666 1418 2944 1490 Ἀρειανὴν
2978 1420 3085 1490 (61)
3129 1420 3415 1487 ἀσέϐειαν,
3448 1422 3692 1494 ἕκτεμνε
3721 1424 3821 1495 τὴν

2216 1507 2505 1561 Σαϐελλίου
2530 1508 2869 1574 κακοδοξίαν.
2896 1512 3050 1583 Μήτε
3084 1512 3327 1585 συνάψῃς
3358 1514 3521 1568 πλέον
3549 1516 3585 1587 ἢ
3635 1515 3821 1581 καλῶς

2216 1598 2360 1669 ἔχει,
2393 1602 2532 1672 μήτε
2566 1602 2745 1676 διέλῃς
2779 1604 2983 1668 κακῶς,
3020 1606 3157 1675 μήτε
3186 1608 3266 1670 εἰς
3298 1607 3359 1659 ἓν
3387 1609 3697 1679 πρόσωπον
3728 1626 3822 1663 συ-

2215 1690 2375 1764 νέλῃς
2418 1693 2486 1746 τὰ
2534 1693 2696 1765 τρία,
2756 1696 2895 1766 μήτε
2941 1697 3150 1769 ἐργάσῃ
3200 1701 3348 1768 τρεῖς
3384 1699 3820 1773 ἀλλοτριότητας

2217 1780 2451 1850 φύσεων.
2497 1784 2609 1837 Καὶ
2635 1783 2698 1837 τὸ
2727 1785 2785 1839 ἓν
2819 1787 3122 1852 ἐπαινετὸν,
3151 1788 3331 1853 καλῶς
3357 1789 3664 1862 νοούμενον
3682 1832 3699 1858 ,
3727 1793 3821 1845 καὶ

2216 1874 2285 1927 τὰ
2326 1874 2450 1948 τρία
2492 1877 2669 1941 καλῶς
2695 1878 3080 1951 διαιρούμενα,
3119 1882 3248 1936 ὅταν
3292 1882 3636 1954 προσώπων.
3685 1883 3821 1939 ἀλλὰ

538 1982 677 2028 tates
705 1971 926 2028 elIicias.
986 1971 1050 2026 Et
1102 1986 1265 2026 unum
1325 1969 1597 2025 laudabile
1653 1977 1911 2033 est,cum
1968 1975 2115 2022 recte

2225 1966 2295 2038 μὴ
2323 1967 2593 2039 θεότητος,
2622 1970 2656 2040 ἡ
2684 1968 2949 2040 διαίρεσις

534 2060 886 2137 intelligitur:
915 2076 967 2122 et
990 2066 1255 2130 tria,cum
1283 2062 2115 2131 rectedistinguuutur;nempe,
2156 2075 2279 2115 cum
2310 2076 2663 2132 personarum
2716 2063 2994 2121 distinctio
3037 2063 3180 2120 facta
3234 2063 3418 2133 fuerit,
3490 2080 3611 2122 non
3683 2067 3818 2125 diri-

533 2159 744 2214 uitatis.

605 2246 796 2304 XXIII.
833 2248 958 2305 Ilaec
985 2258 1040 2303 et
1072 2247 1226 2303 laicis
1252 2246 1572 2319 praescribo,
1602 2246 1718 2301 lucc
1750 2254 1805 2301 et
1828 2245 2119 2317 presbyte-

537 2342 613 2395 ris
639 2341 859 2407 mando,
898 2340 1014 2394 haec
1044 2348 1096 2393 et
1134 2338 1220 2403 iis,
1276 2338 1472 2407 quibus
1536 2336 1821 2405 imperium
1852 2336 2118 2391 creditum

537 2440 641 2485 est.
675 2428 876 2485 Omnes
903 2438 1068 2485 rectm
1097 2430 1361 2485 doctrinae
1390 2444 1547 2500 opem
1576 2427 1736 2495 ferte,
1765 2428 1879 2497 qui,
1908 2426 1999 2481 Dei
2023 2430 2120 2482 be-

547 2519 763 2585 neﬁcio,
822 2534 977 2590 Opem
1031 2520 1177 2575 ferre
1236 2521 1483 2589 potestis.
1538 2517 1786 2587 Magnum
1816 2518 2119 2573 estcaedem

539 2612 923 2679 comprimere,
949 2611 1274 2666 adulterium
1299 2625 1575 2678 coercere,
1596 2610 1796 2663 furtum
1814 2608 2116 2679 castigare;

548 2704 720 2759 multo
748 2706 922 2773 majus
956 2704 1209 2773 pietatem
1236 2704 1474 2767 sancire,
1502 2717 1566 2757 ac
1598 2717 1787 2756 sanam
1812 2702 2117 2756 doctrinam

548 2796 759 2866 largiri.
789 2795 905 2851 Non
937 2805 1114 2850 tantas
1139 2796 1280 2850 vires
1312 2810 1493 2849 sermo
1525 2808 1677 2848 meus
1712 2794 1999 2848 habiturus
2016 2802 2118 2859 est,

539 2905 640 2959 pro
672 2898 859 2945 sancta
894 2890 1164 2945 Trinitate
1199 2888 1395 2943 bellum
1430 2903 1646 2959 gerens,
1712 2895 1942 2957 quantas
2010 2887 2123 2942 edi-

2289 2245 2415 2298 KI".
2445 2242 2627 2298 Ταῦτα
2660 2244 2755 2299 καὶ
2785 2244 2992 2310 λαῖκοῖς
3026 2246 3300 2318 νομοθετῶ
3329 2247 3441 2320 (62)
3459 2289 3475 2317 ,
3506 2248 3695 2304 ταῦτα
3726 2251 3817 2305 καὶ

2221 2334 2610 2406 πρεσϐυτέροις
2639 2336 2975 2408 ἐντέλλομαι,
3004 2338 3176 2392 ταῦτα
3219 2356 3314 2393 και
3350 2343 3464 2404 τοῖς
3492 2342 3693 2413 ἄρχειν
3721 2359 3817 2395 πε-

2222 2428 2624 2498 πιστευμένοις.
2654 2429 2967 2501 Βοηθήσατε
3000 2431 3077 2503 τῷ
3116 2432 3258 2504 λόγῳ
3289 2433 3488 2499 πάντες
3518 2434 3675 2498 ὅσοις
3705 2435 3815 2505 (65)

2221 2521 2282 2575 τὸ
2310 2521 2568 2576 δύνασθαι
2615 2521 2825 2593 βοηθεῖν
2859 2526 2923 2577 ὲκ
2964 2524 3122 2579 Θεοῦ.
3158 2526 3316 2596 Μέγα
3347 2527 3506 2597 φόνον
3541 2529 3811 2597 ἐπισχεῖν,

2223 2613 2316 2667 καὶ
2353 2615 2597 2685 μοιχείαν
2628 2616 2874 2680 κολάσαι,
2914 2617 3007 2670 καὶ
3048 2618 3254 2689 κλοπὴν
3298 2620 3638 2691 σωφρονίσαι
3678 2618 3811 2689 (64)’

2226 2704 2405 2773 πολλῴ
2440 2704 2637 2775 μᾶλλον
2673 2705 2955 2760 εὐσέϐειαν
2993 2707 3379 2779 νομοθετῆσαι,
3413 2708 3507 2761 καὶ
3554 2707 3687 2778 ὑγιῆ
3729 2704 3812 2761 λό-

2223 2816 2319 2867 γον
2364 2798 2713 2869 χαρίσασθαι.
2749 2798 2826 2854 Οὐ
2863 2799 3113 2853 τοσοῦτον
3155 2803 3184 2854 ό
3217 2800 3349 2872 ἐμὸς
3389 2800 3549 2869 λόγος
3591 2800 3814 2870 δυνήσε-

2221 2910 2311 2947 ται
2343 2893 2591 2963 πολεμῶν
2630 2894 2769 2964 ὑπὲρ
2797 2894 2894 2965 τῆς
2913 2894 3075 2962 ἁγίας
3100 2894 3358 2965 Τριάδος,
3383 2894 3507 2947 ὅσον
3533 2894 3597 2947 τὸ
3642 2892 3808 2965 πρόσ-

543 2992 688 3037 ctum
722 2991 898 3046 tuum,
930 2982 975 3036 si
1019 2981 1293 3051 perversis
1319 2980 1663 3051 dogmatibus
1718 2979 1951 3034 imbutos
1984 2994 2121 3035 com-

2225 3001 2431 3055 ταγμα,
2495 2983 2589 3037 ἐὰν
2629 2984 2984 3055 ὲπιστομίζῃς
3020 2986 3147 3048 τοὺς
3189 2985 3376 3049 κακῶς
3407 2985 3673 3056 ἔχοντας,
3718 2981 3810 3036 ἐὰν

543 3075 836 3145 presseris,
870 3074 913 3129 si
946 3074 1326 3145 persecutione
1373 3072 1650 3143 Oppressis
1699 3072 1959 3126 auxilium
1996 3071 2121 3126 tule-

2228 3076 2425 3148 βοηθῇς
2456 3080 2567 3139 τοῖς
2602 3076 2972 3146 διωκομένοις,
3002 3076 3096 3131 ἐὰν
3126 3077 3253 3141 τοὺς
3285 3077 3552 3146 φονευτὰς
3586 3076 3804 3147 ὲπέχῃς,

541 3168 640 3235 ris,
673 3166 720 3221 si
754 3166 1130 3222 interfectores
1160 3166 1326 3239 660
1387 3166 1739 3236 represseris,
1792 3166 1839 3222 si
1892 3162 2121 3219 interﬁci

2226 3170 2319 3225 ἐὰν
2351 3170 2566 3243 κωλύῃς
2598 3170 2710 3241 (65)
2742 3170 2802 3223 τὺ
2826 3170 3169 3239 φονεύεσθαι.
3199 3170 3358 3239 Λέγω
3385 3171 3462 3238 δὲ,
3494 3171 3561 3224 οὐ
3583 3170 3674 3223 τὸν
3713 3186 3809 3221 σω-

542 3257 906 3327 prohibueris.
938 3255 1015 3312 De
1045 3270 1307 3326 corporea
1353 3264 1532 3309 autem
1587 3254 1733 3309 caede
1761 3267 1866 3308 non
1916 3260 2121 3305 tantum

2230 3264 2453 3334 ματικὸν
2486 3266 2647 3335 μόνον
2674 3263 2806 3335 (66),
2833 3264 2970 3318 ἀλλὰ
2995 3264 3089 3318 καὶ
3112 3265 3203 3318 τὸν
3234 3264 3484 3335 ψυχικόν.
3517 3266 3681 3319 Πᾶσα
3706 3260 3807 3331 γὰρ

545 3350 760 3419 loquor,
800 3349 893 3403 sed
924 3348 1089 3403 etiam
1116 3350 1184 3404 de
1214 3347 1510 3418 spirituali.
1543 3345 1718 3401 Omne
1744 3345 1889 3400 enim
1926 3358 2121 3413 pecca-

2226 3355 2503 3427 ἁμαρτία,
2542 3353 2769 3417 θάνατός
2798 3355 2913 3407 ἐστι
2951 3352 3148 3425 ψυχῆς.
3192 3353 3370 3424 Μέχρι
3410 3351 3620 3405 τούτων
3659 3351 3688 3403 ὁ
3726 3348 3808 3401 λό-

546 3452 683 3508 ιιιιιι,
708 3441 904 3497 anima:
928 3455 1076 3495 mors
1100 3450 1202 3496 est.
1227 3440 1407 3509 Atque
1443 3439 1531 3494 hic
1578 3439 1738 3493 ﬁnem
1776 3437 1974 3492 habeat
2005 3450 2121 3492 ora-

2227 3465 2321 3517 γος
2364 3449 2560 3520 στήτω.

545 3535 639 3589 tio.
2154 3531 2196 3590 C

614 3628 807 3684 XXIV.
842 3626 1127 3696 Reliquum
1152 3634 1254 3689 est,
1293 3633 1349 3678 ut
1382 3638 1480 3694 pro
1531 3623 1617 3690 iis,
1668 3624 1757 3693 qui
1784 3623 1890 3678 huc
1931 3635 2121 3679 conve-

2302 3633 2427 3687 KA'.
2460 3632 2658 3686 Λοιπὸν
2693 3631 2801 3703 (67)
2824 3632 2880 3685 δὲ
2912 3631 3051 3685 ἔστω
3074 3632 3212 3703 ὑπὲρ
3240 3630 3349 3685 τῶν
3376 3627 3811 3702 συνεληλυθότων

547 3730 761 3784 nerunt,
796 3728 977 3774 votum
1004 3717 1287 3772 faciamus.
1320 3716 1432 3771 Viri
1464 3716 1703 3771 simulet
1731 3729 1947 3780 uxores,
1984 3713 2121 3785 prin-

2232 3724 2382 3795 εὐχή.
2424 3723 2647 3795 ’Ἄνδρες
2675 3722 2808 3793 ὁμοῦ
2847 3722 2941 3775 καὶ
2980 3726 3268 3792 γυναῖκες,
3307 3722 3602 3793 ἀρχόμενοί
3633 3737 3692 3775 τε
3719 3718 3808 3772 καὶ

546 3816 696 3885 cipes
718 3823 774 3869 et
806 3812 1029 3878 subditi,
1066 3826 1227 3867 senes
1256 3821 1310 3868 et
1354 3810 1730 3867 adolescentes
1757 3825 1819 3866 ac
1858 3810 2118 3879 virgines,

2231 3814 2509 3884 ἄρχοντες,
2551 3812 2853 3883 πρεσϐῦται
2887 3812 2981 3866 καὶ
3011 3813 3283 3866 νεανίσκοι
3335 3812 3471 3882 μετὰ
3504 3810 3806 3882 παρθένων,

545 3920 736 3962 omnes
766 3904 1005 3974 cujusvis
1067 3903 1263 3969 aetatis,
1323 3903 1661 3973 dispendium
1696 3894 1911 3973 quidem
1942 3918 2004 3957 ac
2033 3902 2121 3957 de-

2231 3907 2341 3958 πᾶν
2378 3906 2532 3974 γένος
2576 3904 2818 3976 ἡλικίας,
2870 3907 3049 3959 πᾶσαν
3086 3906 3183 3975 μὲν
3224 3904 3417 3977 φέρετε
3448 3904 3687 3975 ζημίαν,
3715 3900 3807 3969 τὴν

548 3999 868 4053 trimentum
903 4012 1084 4062 omne,
1116 4004 1229 4050 tum
1276 3996 1327 4050 in
1381 3996 1623 4065 pecuniis
1668 4005 1723 4049 et
1750 3994 2121 4061 facultatibus,

2232 4000 2309 4063 είς
2372 4000 2646 4069 χρήματα,
2692 3998 2789 4069 τὴν
2840 3999 2919 4062 είς
2964 3995 3220 4067 σώματα·
3260 3996 3317 4049 ἒν
3376 3996 3432 4049 δὲ
3469 3997 3542 4068 μὴ
3590 3991 3805 4065 δέξησθε

549 4103 662 4147 tum
703 4094 757 4147 in
787 4090 1104 4161 corporibus
1149 4104 1305 4159 aaquo
1352 4088 1535 4144 animo
1579 4088 1757 4144 ferte:
1806 4088 1909 4143 hoc
1944 4096 2121 4143 autem

2236 4091 2416 4162 μόνον,
2454 4090 2553 4161 τὴν
2585 4090 2811 4161 θεότητα
2842 4090 3218 4162 ζημιούμενοι.
3246 4087 3540 4161 Προσκυνῶ
3570 4086 3803 4155 Πατέρα,

550 4200 715 4239 unum
750 4199 1027 4253 nunquam
1061 4181 1369 4253 patiamini,
1415 4190 1472 4235 ut
1526 4181 1820 4236 divinitatis
1853 4180 2121 4251 jacturam

2234 4182 2520 4254 προσκυνῶ
2558 4182 2649 4235 τὸν
2689 4181 2835 4245 Υἱὸν,
2874 4180 3164 4253 προσκυνῶ
3193 4181 3255 4234 τὸ
3285 4179 3509 4252 Πνεῦμα
3535 4181 3599 4233 τὸ
3636 4177 3802 4246 ἆγιοψ

547 4277 782 4334 faciatis.
826 4279 1006 4333 Δάοι-ο
1034 4276 1271 4339 Patrem,
1308 4275 1475 4331 adoro
1508 4274 1725 4339 Filium,
1766 4274 1932 4329 adoro
1965 4272 2121 4344 Spiri-

2238 4274 2435 4346 μᾶλλον
2486 4274 2543 4327 δὲ
2596 4273 3036 4345 προσκυνοῦμεν,
3073 4272 3183 4341 ἐγὼ
3228 4274 3320 4325 καὶ
3352 4271 3457 4342 πρὸ
3495 4272 3739 4332 πάντων,
3779 4267 3805 4318 ό

548 4387 661 4430 tum
697 4384 946 4430 sanctum
972 4389 985 4439 ;
1014 4371 1116 4439 vel,
1137 4384 1194 4427 ut
1214 4374 1416 4428 rectius
1441 4371 1642 4435 dicam,
1666 4370 1978 4433 adoramus,
2001 4384 2121 4441 ego,

2231 4365 2404 4420 ταῦτα
2436 4365 2629 4435 λέγων,
2661 4365 2770 4435 ἐγὼ
2799 4366 2893 4420 καὶ
2932 4365 3069 4436 μετὰ
3106 4365 3315 4428 πάντας
3366 4366 3459 4417 καὶ
3494 4365 3593 4417 σὺν
3626 4364 3804 4421 πᾶσιν,

551 4470 642 4539 qui
673 4469 790 4523 lucc
816 4467 1028 4537 loquor,
1052 4476 1107 4521 et
1145 4476 1269 4521 ante
1298 4479 1509 4531 omnes,
1542 4474 1595 4519 et
1632 4470 1758 4533 post
1783 4475 1973 4517 omnes
2005 4503 2020 4529 ,
2074 4471 2121 4517 et

2234 4461 2291 4513 ὲν
2317 4457 2465 4529 αὑτῷ
2488 4458 2567 4530 τῷ
2592 4459 2783 4529 Κυρίῳ
2816 4457 2893 4527 τῷ
2934 4455 3155 4527 Χριστῷ
3188 4456 3296 4526 (68)
3324 4455 3505 4527 ἡμῶν,
3548 4448 3595 4526 ᾧ
3624 4456 3656 4527 ἡ
3683 4448 3807 4520 δόξα

549 4579 670 4618 cum
703 4561 974 4626 omnibus,
1031 4561 1086 4614 in
1118 4559 1236 4629 ipso
1264 4559 1489 4613 Domino
1515 4554 1732 4613 Christo
1763 4564 1950 4613 nostro
1997 4598 2003 4617 .
2040 4555 2121 4611 cui

2234 4550 2411 4607 καὶτὸ
2444 4550 2641 4622 κράτος
2667 4551 2745 4613 εἰς
2770 4549 2897 4612 τοὺς
2923 4547 3141 4611 αἰῶνας.
3182 4546 3373 4617 ’Δμήν.

550 4655 717 4725 gloria
747 4664 800 4707 ct
824 4652 1107 4721 imperium
1140 4650 1433 4707 insmcula.
1472 4651 1664 4706 Amen.
2161 4660 2208 4717 ι)

624 4835 668 4866 ⁸⁸
715 4834 879 4889 llebr.
915 4849 1011 4897 xu,
1041 4833 1122 4886 15.

632 4989 743 5057 (60)
785 4986 1068 5057 Ἐνοχλῇ.
1106 4984 1195 5041 Sic
1222 4986 1325 5041 duo
1356 4985 1547 5057 Regg.,
1582 4993 1687 5039 tres
1717 4985 1892 5051 Colb.,
1915 4983 2007 5041 Or.
2040 4986 2136 5042 let

555 5056 738 5111 110mb.
768 5056 824 5111 lu
852 5056 962 5125 ed.,
995 5057 1218 5128 ἐνοχλεῖ.

628 5127 738 5198 (Gl)
775 5127 1265 5199 Ἀρειανήνλῐὶθς.
1300 5128 1409 5192 bm,
1443 5127 1708 5197 ἀριανεῖν.

2245 5024 2305 5040 ι..
2334 5002 2580 5040 κωλυοις.

2313 5002 2792 5126 (³66))Μέᾘιατικόν
2814 5056 3019 5126 μόνοιν.
3086 5053 3185 5126 Sic
3215 5052 3347 5123 Reg.
3396 5053 3489 5126 bm_
3517 5059 3576 5126 et
3616 5045 3794 5126 (Ζοιιιὺ.

2242 5117 2334 5197 Sic
2361 5117 2691 5197 etiam'legit
2713 5117 2919 5178 Billius.
2955 5124 3260 5197 Gahrielius
3297 5117 3434 5197 vero
3479 5123 3633 5197 legit,
3665 5117 3799 5194 λέγω

628 5192 735 5273 (62)
763 5192 1087 5273 Νόμοθετῷ.
1119 5192 1251 5273 Reg.
1285 5200 1399 5273 bet
1429 5192 1529 5273 ut,
1550 5199 1601 5260 1,
1636 5196 1887 5251 νουθετῶ.

2236 5196 2300 5273 δέ
2332 5197 2508 5267 φόνον,
2539 5192 2740 5250 of)va
2790 5197 3098 5265 σωματικὸν
3136 5195 3311 5265 μόνον.
3362 5193 3521 5248 Deest
3568 5192 3720 5264 μόνον
3747 5192 3796 5239 ιιι

627 5264 737 5341 (65)
770 5264 995 5335 "Divom.
1026 5270 1081 5322 In
1107 5264 1449 5341 quibusdam,
1472 5264 1573 5331 οἷς.
1732 5338 1753 5341 Α,
2238 5269 2323 5322 ed.

628 5335 739 5411 (64)
781 5335 1176 5408 Σωφρονίσοὶι.
1203 5340 1333 5407 Reg.
1370 5338 1877 5411 bm,_aw:ppovﬁsatt.
1920 5409 1927 5411 ξ
2000 5408 2009 5411 _

2311 5337 2423 5411 (ϐῖ)
2455 5337 2700 5411 Aetatem
2734 5339 2791 5411 lt}
2819 5336 3160 5411 quihusdam,
3276 5335 3478 5411 λοιπόν.

627 5397 738 5486 (65)
785 5397 1043 5483 Ἐεξέχῃς
1168 5397 1427 5481 omnium.
1469 5397 1539 5465 Ἰιι
1570 5397 1857 5475 nonnullis,
1915 5408 2121 5479 ὲπέχοις

2310 5397 2421 5480 (68)
2458 5407 2541 5475 Τῷ
2566 5406 2817 5477 Χριστῷ.
2836 5397 2986 5478 Ἦρα.
3016 5407 3100 5462 hut
3129 5397 3295 5474 addit,
3325 5408 3417 5461 καὶ
3436 5404 3513 5477 τῷ
3544 5397 3681 5477 Θεῷ.
