4010 6316
567 370 674 428 5ῑό

1818 367 1876 421 S.
1919 363 2243 423 GREGORII
2283 359 2630 419 TllEOLOGl

3742 355 3842 413 51C

642 484 729 540 ιν.
770 484 879 541 lloc
919 484 1111 540 festum
1149 491 1407 551 nostrum
1443 491 1550 549 est,
1598 481 1702 536 hoc
1749 481 2011 537 hodierno
2060 482 2147 538 die

2320 480 2392 531 A'.
2424 475 2597 531 Τοῦτό
2637 475 2784 528 ἐστιν
2833 459 2963 545 ἡμῖν
3001 474 3033 544 ἡ
3078 474 3406 547 πανήγυρις,
3444 471 3616 527 τοῦτο
3656 474 3848 541 ἑορτά-

570 577 928 644 celebramus,
961 576 1053 632 Dei
1080 576 1332 631 nimirum
1364 575 1431 630 ad
1468 574 1717 631 homines
1749 574 2056 639 adventum,
2085 584 2145 629 ut

572 670 641 723 ad
669 668 835 723 Deum
870 668 1208 735 accedamus,
1245 677 1339 723 aut
1370 656 1620 738 (idenim
1677 668 1853 736 aptius
1901 665 2143 737 dicitur),

572 770 936 827 revertamur;
983 768 1064 827 ut,
1118 761 1364 831 deposito
1419 760 1587 814 veteri
1636 758 1893 823 homine,
1948 772 2145 812 novum

575 848 893 916 induamus;
936 859 991 905 et
1012 850 1463 920 quemadmodum
1490 850 1542 905 in
1570 849 1738 904 veteri
1765 849 1973 904 Adamo
2001 862 2147 902 mor—

575 942 654 996 tui
681 956 889 1009 sumus,
930 944 1001 998 ita
1038 943 1091 999 in
1150 944 1364 999 Christo
1413 943 1678 1007 vivamus,
1720 942 1845 996 dum
1890 941 2146 995 nimirum

576 1045 695 1086 cum
726 1031 940 1088 Christo
992 1043 1041 1089 et
1078 1034 1369 1099 nascimur,
1403 1044 1456 1087 et
1485 1033 1633 1088 cruci
1668 1031 1948 1103 afligimur,
1986 1040 2040 1085 et
2067 1045 2152 1085 se-

575 1121 829 1189 pelimur,
864 1134 919 1176 et
946 1124 1302 1193 resurgimus.
1356 1122 1586 1176 Pulchra
1625 1122 1767 1176 enim
1822 1122 1875 1175 in
1934 1131 2153 1176 contra-

579 1211 719 1265 rium
758 1213 986 1267 mutatio
1025 1214 1155 1267 mihi
1209 1212 1484 1268 subeunda
1518 1221 1620 1278 est,
1670 1221 1749 1276 ut,
1798 1213 2149 1279 quemadmo-

583 1300 709 1353 dum
742 1315 805 1354 εχ
837 1302 1089 1357 secundis
1120 1303 1281 1357 rebus
1308 1302 1545 1356 molesta:
1575 1309 1860 1364 venerunt,
1883 1300 1961 1355 sic
1989 1301 2150 1356 etiam

579 1406 647 1448 ex
699 1393 939 1449 molestis
983 1394 1117 1449 lzeta:
1157 1402 1213 1448 et
1265 1395 1515 1462 jucunda:
1562 1392 1803 1447 redeant.
1874 1390 1972 1444 Ubi
2015 1394 2152 1445 enim

580 1486 863 1538 abundavit
892 1496 1179 1553 peccatum,
1211 1484 1652 1554 superabundavit
1687 1493 1734 1537 et
1767 1483 1938 1551 gratia
1965 1482 2032 1545 '°;
2076 1491 2151 1545 et,

579 1575 625 1631 si
660 1585 847 1646 gustus
878 1576 1273 1643 condemnavit,
1303 1584 1503 1644 quanto
1540 1574 1713 1644 magis
1742 1572 1944 1628 Christi
1977 1573 2155 1642 passio

584 1666 943 1736 justificavit?
980 1666 1244 1734 Quocirca
1289 1680 1392 1720 non
1423 1673 1479 1719 ut
1501 1664 1554 1719 in
1586 1664 1811 1735 publicis
1856 1664 2005 1719 festis
2038 1661 2153 1717 ﬁeri

581 1758 737 1821 solet,
773 1757 867 1813 sed
900 1756 1124 1821 divine;
1165 1773 1269 1811 non
1319 1756 1613 1821 mundane,
1657 1754 1753 1809 sed
1793 1768 1955 1823 supra
2002 1768 2157 1807 mun-

2248 570 2415 643 ζομεν
2466 570 2723 641 σήμερον,
2769 568 3058 639 ἐπιδημίαν
3102 569 3235 622 Θεοῦ
3296 569 3436 639 πρὸς
3493 566 3844 638 ἀνθρώπους,

2250 665 2339 717 ἵνα
2381 662 2519 734 πρὸς
2569 661 2701 715 Θεὸν
2746 661 3138 732 ὲνδημήσωμεν
3184 660 3317 731 (94),
3356 660 3391 731 ἧ
3447 659 3847 730 ἐπανέλθωμεν

2249 754 2414 817 (οὕτω
2460 753 2567 825 γάρ
2609 754 2781 806 εἰπεῖν
2824 752 3196 825 οἰκειότερον),
3234 752 3319 806 ἴνα
3351 752 3450 806 τὸν
3488 750 3729 804 παλαιὸν
3759 754 3849 807 ἄν-

2253 844 2470 917 θρωπον
2500 844 2847 913 ἀποθέμενοι,
2864 845 2954 897 τὸν
2971 845 3089 899 νέον
3110 844 3467 916 ἐνδυσώμεθα
3486 860 3504 876 ⁸
3530 845 3634 897 καὶ
3662 843 3848 915 ῶσπερ

2253 937 2312 989 ὲν
2343 935 2421 1006 τῷ
2462 935 2631 1005 Ἀδὰμ
2661 935 3024 1006 ἀπεθάνομεν,
3070 935 3242 999 οὓτως
3282 936 3339 988 ὲν
3371 934 3458 1005 τῷ
3495 932 3729 1005 Χριστῷ
3756 932 3846 1003 ζή-

2255 1043 2460 1096 σωμεν,
2489 1024 2709 1097 Χριστῷ
2739 1025 2832 1077 καί
2858 1024 3287 1097 συγγεννώμενοι
3312 1024 3450 1095 (95),
3482 1026 3586 1078 καί⁸
3618 1041 3849 1076 συσταυο

2256 1118 2530 1187 ρούμενοι,
2582 1116 2676 1170 καὶ
2717 1117 3142 1187 συνθαπτόμενοι
3187 1117 3321 1189 (96),
3370 1116 3471 1169 καὶ
3525 1115 3846 1169 συνανιστά-

2257 1224 2426 1275 μενοι.
2457 1207 2547 1258 Δεῖ
2583 1207 2689 1279 γάρ
2731 1223 2799 1277 με
2837 1205 3031 1260 παθεῖν
3062 1206 3160 1278 τὴν
3211 1207 3382 1278 καλὴν
3433 1207 3841 1276 ἀντιστροφὴν·

2254 1298 2350 1351 καὶ
2387 1298 2575 1369 ῶσπερ
2616 1299 2680 1350 ἐκ
2709 1296 2819 1350 τῶν
2857 1298 3255 1370 χρηστοτέρων,
3300 1293 3436 1369 ἦλθε
3481 1297 3557 1351 τά
3605 1296 3843 1368 λυπηρὰ,

2253 1387 2427 1452 οὕτως
2454 1390 2516 1442 ἐκ
2548 1388 2654 1442 τῶν
2690 1388 2968 1459 λυπηρῶν,
3006 1388 3320 1444 ἐπανελθεῖν
3352 1388 3424 1441 τὰ
3472 1388 3843 1460 χρηστότερα.

2259 1475 2341 1535 οὗ
2372 1481 2479 1550 γὰρ
2510 1480 2885 1533 ἐπλεόνασεν
2915 1482 2952 1548 ἡ
2985 1480 3257 1549 ἁμαρτία,
3311 1480 3847 1547 ὑπερεπερίσσευ-

2256 1586 2369 1626 σεν
2403 1574 2441 1640 ἡ
2494 1571 2703 1649 χάρις·
2758 1572 2852 1624 καί
2904 1574 2950 1625 εἰ
2999 1574 3030 1641 ὴ
3082 1572 3267 1639 γεῦσις
3316 1572 3656 1643 κατέκρινε,
3701 1570 3845 1641 πόσῳ
3912 1602 3927 1611 ι

2260 1663 2459 1733 μᾶλλον
2507 1664 2568 1716 τὸ
2617 1663 2849 1733 Χριστὸν
2901 1663 3091 1717 παθεῖν
3130 1663 3492 1729 ἐδικαίωσεν;
3544 1662 3846 1735 Τοιγαροῦν

2258 1752 2626 1825 ἑορτάζωμεν,
2685 1754 2758 1824 μὴ
2814 1754 3225 1826 πανηγυρικῶς,
3278 1754 3413 1807 ἀλλά
3468 1753 3678 1816 θεῖκῶς
3703 1771 3717 1784 ο
3773 1753 3842 1824 μὴ

582 1849 754 1915 dane;
814 1864 918 1903 non
951 1863 1070 1917 qum
1103 1857 1287 1902 nostra
1335 1857 1483 1911 sunt,
1516 1848 1610 1901 sed
1660 1844 1775 1914 ejus
1830 1845 1921 1915 qui
1978 1854 2158 1899 noster

2261 1846 2557 1916 κοσμικῶς,
2593 1846 2707 1917 ἀλλ’
2742 1847 3155 1917 ὑπερκοσμίως·
3186 1845 3259 1916 μὴ
3297 1846 3365 1899 τά
3406 1845 3686 1916 ἡμέτερα,
3710 1843 3846 1898 ἀλλά

584 1945 686 2003 est,
721 1937 827 2001 vel,
856 1946 915 1991 ut
951 1937 1150 1992 rectius
1179 1937 1390 2006 loquar,
1437 1934 1553 2003 ejus
1585 1934 1677 2003 qui
1724 1934 1980 1988 Dominus
2036 1942 2155 1999 est;

588 2042 695 2082 non
728 2042 845 2096 quae
872 2026 1204 2082 infirmitatis
1236 2033 1380 2091 sunt,
1407 2025 1501 2081 sed
1539 2040 1660 2094 qua:
1683 2024 2008 2089 curationis;
2051 2036 2156 2076 nou

580 2131 699 2187 quae
728 2118 1033 2182 creationis,
1065 2117 1158 2172 sed
1185 2131 1308 2187 quae
1334 2114 1780 2186 regenerationis,
1802 2113 2157 2170 celebremus.

653 2206 717 2259 V.
744 2205 800 2260 Id
825 2215 1005 2260 autem
1029 2221 1134 2275 qua
1168 2205 1380 2259 ratione
1434 2202 1865 2273 consequemur?
1935 2201 2156 2271 Nempe,

582 2297 626 2350 si
653 2312 751 2352 nec
778 2299 968 2353 domus
988 2297 1253 2353 vestibula
1296 2295 1512 2351 coronis
1549 2295 1847 2363 cingemus,
1880 2308 1979 2348 nec
2032 2282 2161 2347 cho-

581 2407 673 2447 ros
706 2394 993 2462 agitemus,
1036 2404 1138 2446 nee
1165 2391 1315 2445 vicos
1355 2403 1630 2452 ornemus,
1662 2403 1763 2443 nee
1797 2386 2009 2445 oculum
2063 2401 2160 2456 pa-

589 2498 826 2548 scamus,
855 2497 955 2539 nec
981 2496 1168 2536 aurem
1200 2491 1361 2537 cantu
1394 2480 1743 2544 mulceamus,
1780 2493 1879 2534 nec
1906 2477 2160 2533 olfactunt

588 2575 929 2629 muliebriter
952 2574 1295 2639 deliniamus,
1320 2588 1421 2630 nec
1447 2573 1624 2643 gustui
1648 2572 2031 2636 lenocinemur,
2063 2584 2161 2625 nec

585 2668 749 2721 tactui
777 2665 1168 2738 gratificentur,
1191 2668 1473 2735 promptis,
1495 2667 1737 2735 inquam,
1759 2664 1861 2718 illis
1878 2665 1945 2719 ad
1969 2662 2158 2717 vitium

582 2757 705 2822 viis,
738 2768 791 2811 et
830 2758 1034 2827 peccati
1062 2757 1262 2826 januis,
1299 2773 1399 2813 nec
1431 2757 1672 2813 delicatis
1701 2765 1754 2810 et
1784 2755 2160 2811 circumfluen-

586 2848 734 2903 tibus
774 2849 1017 2905 vestious
1044 2849 1403 2913 emolliamur,
1437 2864 1662 2918 quarum
1693 2847 1834 2917 quod
1863 2845 2161 2915 pulcherri-

583 2955 732 2994 mum
764 2950 867 3008 est,
898 2940 1027 2995 nulli
1055 2942 1172 2996 usui
1202 2949 1306 3007 est,
1340 2956 1439 2995 nec
1470 2955 1803 3011 gemmarum
1859 2937 2162 3008 splendori-

586 3033 713 3096 bus,
744 3045 841 3088 nec
874 3033 990 3087 auri
1037 3032 1354 3102 fulgoribus,
1390 3047 1492 3087 nec
1521 3031 1758 3086 colorum
1790 3030 2035 3084 artificiis
2070 3043 2163 3081 na-

586 3123 749 3177 tivam
773 3122 1225 3193 pulchritudinem
1254 3120 1689 3186 ementientibus,
1717 3129 1877 3189 atque
1906 3120 2162 3173 adversus

585 3217 820 3271 divinam
855 3217 1152 3288 imaginem.
1196 3215 1549 3286 excogitatis;
1606 3228 1703 3268 nec
1746 3212 2155 3269 comessationi-

585 3312 684 3365 bus
712 3318 766 3364 et
796 3310 1145 3365 ebrietatibus
1178 3309 1247 3374 δι,
1294 3309 1489 3378 quibus
1538 3305 1732 3362 cubilia
1768 3315 1821 3359 et
1877 3305 2156 3374 impudici-

587 3402 687 3455 tias
726 3400 976 3471 adjuncta
1031 3416 1150 3456 esse
1204 3400 1355 3467 scio;
1402 3397 1834 3469 quandoquidem
1892 3396 2152 3451 malorum

588 3492 969 3562 magistrorum
1007 3492 1159 3546 malae
1185 3490 1445 3547 doctrina:
1491 3498 1636 3555 sunt,
1669 3488 1751 3543 vel
1798 3489 1995 3559 potius,
2044 3503 2158 3541 ma-

585 3584 759 3639 lorum
810 3585 1074 3641 seminum
1098 3583 1250 3637 mala:
1286 3591 1517 3651 segetes.
1548 3580 1625 3635 Ne
1655 3580 1791 3635 altos
1819 3594 1849 3634 e
1884 3579 2161 3634 frondibus

584 3682 735 3730 toros
761 3676 1005 3745 ﬁgamus,
1029 3675 1201 3728 ventri
1230 3673 1536 3727 umbracula
1556 3668 1720 3742 666
1739 3671 1968 3726 delicata
1994 3671 2160 3725 fabri-

586 3776 791 3822 cantes.
817 3766 923 3821 Nec
953 3764 1243 3834 fragrantia
1268 3766 1529 3831 vina,nec
1551 3779 1842 3833 coquorum
1870 3763 2156 3829 lenocinia,

592 3872 693 3912 nec
716 3858 1145 3925 exquisitissima
1200 3866 1470 3927 unguenta
1515 3857 1567 3911 in
1612 3857 1786 3926 pretio
1841 3856 2155 3911 habeamus.

588 3948 699 4004 Nec
737 3958 874 4002 terra
900 3958 953 4004 et
977 3963 1126 4003 mare
1151 3948 1441 4017 pretiosum
1479 3948 1634 4001 nobis
1664 3960 1871 4002 Stercus
1905 3945 2045 4002 dono
2075 3946 2156 4001 of-

590 4041 766 4095 ferant
815 4042 940 4111 (hoc
986 4041 1128 4095 enim
1182 4041 1385 4095 honore
1432 4040 1649 4095 delicias
1693 4039 1906 4095 allicere
1954 4040 2159 4109 soleo);

590 4146 689 4188 nec
727 4132 864 4187 alius
898 4131 1061 4187 alium
1095 4132 1508 4201 intemperantia
1564 4146 1821 4202 superare
1860 4130 2159 4187 contenda-

591 4244 730 4283 mus.
765 4227 895 4281 Mibi
927 4228 1069 4282 enim
1098 4225 1509 4295 intemperantia
1542 4236 1645 4291 est,
1672 4225 1932 4295 quidquid
1974 4241 2164 4294 super-

2260 1935 2327 1989 τά
2358 1915 2449 1989 τοῦ
2498 1915 2787 2009 ἡμετέρου,
2844 1915 3041 2007 μᾶλλον
3074 1936 3131 1989 δὲ
3162 1915 3367 1991 τάτοῦ
3418 1915 3739 1989 Δεσπότου·
3775 1936 3844 2004 μὴ

2258 2028 2328 2081 τὰ
2357 2028 2455 2099 τῆς
2482 2028 2786 2093 ἀσθενείας,
2823 2027 2960 2081 ἀλλά
2980 2026 3050 2080 τὰ
3088 2026 3191 2097 τῆς
3226 2027 3473 2098 ἰατρείας
3491 2042 3507 2058 ο
3547 2025 3628 2096 μὴ
3652 2023 3721 2077 τά
3748 2023 3845 2094 τῆς

2261 2120 2531 2184 πλάσεως,
2564 2119 2699 2173 ἀλλά
2732 2119 2800 2172 τά
2832 2120 2930 2189 τῆς
2960 2118 3334 2181 ἀναπλάσεωςι

2330 2212 2408 2265 E'.
2446 2212 2637 2264 Ἔσται
2666 2210 2722 2262 δὲ
2756 2210 2912 2263 τοῦτο
2953 2209 3106 2275 πῶς-ς
3270 2209 3529 2281 πρόθυρα
3572 2206 3843 2277 στεφανιὶμ

2262 2318 2463 2373 σωμεν,
2512 2302 2587 2373 μὴ
2634 2303 2827 2373 χοροὺς
2873 2300 3291 2373 συστησώμεθα,
3346 2302 3421 2373 μὴ
3476 2303 3841 2373 κοσμήσωμεν

2260 2394 2475 2464 ἀγυιάς,
2508 2395 2582 2465 μὴ
2623 2394 2901 2464 ὀφθαλμὸν
2935 2396 3293 2466 ὲστιάσωμεν,
3333 2396 3406 2466 μὴ
3439 2395 3616 2466 ἀκοὴν
3644 2411 3842 2448 καταυ-

2260 2486 2535 2557 λήσξυμεν,
2577 2486 2650 2557 μὴ
2680 2486 2946 2558 ὄσφρησιν
2974 2488 3375 2558 ὲκθηλύνωμεν,
3410 2486 3489 2557 μὴ
3526 2486 3717 2555 γεῦσιν
3749 2502 3842 2538 κα-

2260 2574 2739 2647 ταπορνεύσωμεν,
2775 2575 2849 2646 μὴ
2882 2576 2990 2646 ἁφῇ
3037 2576 3409 2647 χαρισώμεθα,
3457 2578 3584 2639 ταῖς
3631 2574 3838 2647 προχείε

2267 2682 2377 2736 ροις
2418 2666 2497 2728 εἰς
2522 2665 2720 2718 κακίαν
2756 2665 2916 2731 ὁδοῖς,
2943 2666 3038 2718 καί⁹
3060 2666 3283 2730 εἰσόδοις
3302 2666 3403 2736 τῆς
3432 2666 3737 2738 ἁμαρτίας,
3770 2662 3837 2734 μὴ

2263 2757 2455 2825 ἐσθῆτι
2505 2757 2954 2829 μαλακισθῶμεν,
2988 2758 3167 2830 ἁπαλῇ
3204 2776 3261 2812 τε
3311 2758 3406 2810 καὶ
3453 2755 3835 2829 περιρρεούσῃ,

2261 2848 2357 2901 καὶ
2388 2843 2457 2921 ἦς
2485 2848 2545 2901 τὸ
2577 2848 2860 2903 κάλλιστον
2888 2850 3182 2921 ἀχρηστία,
3219 2850 3293 2921 μὴ
3325 2849 3493 2904 λίθων
3528 2847 3833 2915 διαυγείαις,

2264 2941 2339 3011 μὴ
2365 2939 2565 3012 χρυσοῦ
2620 2941 3007 3013 περιλάμψεσι,
3067 2941 3140 3013 μὴ
3200 2940 3510 3012 χρωμάτων
3552 2939 3835 3010 σοφίσμασι

2260 3034 2607 3103 ψευδομένων
2637 3034 2699 3087 τὸ
2727 3036 2957 3104 φυσικὸν
2990 3036 3204 3098 κάλλος,
3234 3036 3494 3089 καὶκατὰ
3515 3035 3614 3105 τῆς
3644 3034 3836 3093 εἰκόνος

2263 3125 2680 3197 ὲξευρημένων’
2735 3126 2809 3197 μὴ
2863 3127 3071 3197 κώμοις
3124 3128 3217 3180 καὶ
3259 3128 3474 3197 μέθαις,
3534 3124 3614 3189 οἷς
3664 3124 3834 3183 κοίτας

2263 3216 2357 3270 καὶ
2414 3217 2703 3285 ἀσελγείας
2752 3212 2868 3271 οἶδα
2926 3219 3391 3289 συνεζευγμέναςο
3438 3218 3634 3288 ἐπειδὴ
3663 3212 3834 3269 κακῶν

2261 3307 2591 3363 διδασκάλων
2629 3308 2776 3362 κακά
2806 3308 2875 3361 τά
2910 3308 3224 3379 μαθήματα,
3264 3310 3463 3379 μᾶλλον
3506 3310 3564 3363 δὲ
3600 3303 3835 3377 πονηρῶν

2265 3403 2599 3474 σπερμάτων
2625 3401 2839 3473 πονηρὰ
2863 3402 2931 3455 τὰ
2951 3401 3214 3473 γεώργια.
3239 3402 3329 3474 Μὴ
3357 3404 3615 3466 στιϐάδας
3641 3397 3834 3469 ὑψηλὰς

2265 3492 2565 3564 πηξώμεθα
2614 3492 3064 3563 σκηνοποιοῦντες
3113 3496 3176 3564 τῇ
3220 3494 3418 3565 γαστρί
3461 3494 3533 3547 τά
3575 3493 3674 3561 τῆς
3716 3487 3832 3560 θρύ-

2263 3584 2426 3657 ψεωςο.
2468 3584 2560 3657 Μὴ
2609 3587 2931 3656 τιμήσωμεν
2977 3586 3135 3639 οἴνων
3184 3586 3309 3649 τοὺς
3353 3586 3687 3657 ἀνθοσμίας,
3720 3582 3834 3652 ὀψο·

2263 3677 2432 3732 ποιῶν
2470 3678 2821 3749 μαγγανείας,
2852 3677 3041 3749 μύρων
3076 3678 3442 3743 πολυτελείας.
3514 3679 3605 3749 Μὴ
3644 3677 3712 3747 γῆ
3748 3673 3833 3729 καί

2267 3770 2510 3822 θάλασσα
2547 3770 2645 3839 τὴν
2678 3769 2868 3840 τιμίαν
2920 3772 3048 3841 ἡμῖν
3095 3771 3295 3842 κόπρον
3333 3770 3829 3842 δωροφορείτωσανε

2265 3860 2407 3914 οὕτω
2434 3861 2542 3933 γάρ
2575 3861 2685 3931 ἐγὼ
2721 3863 2888 3933 τιμᾷν
2933 3859 3047 3915 οἶδα
3082 3865 3311 3933 τρυφήν.
3358 3864 3447 3935 Μὴ
3490 3864 3647 3926 ἄλλος
3687 3860 3831 3916 ἄλλον

2267 3952 2511 4023 ἀκρασίᾳ
2552 3954 2709 4023 νικᾷν
2768 3952 3176 4023 σπουδάζωμεν.
3228 3954 3491 4025 Ἀκρασία
3540 3952 3651 4025 γὰρ
3699 3947 3830 4020 ἐμοὶ,

2264 4046 2372 4098 πᾶν
2416 4044 2477 4096 τὸ
2529 4044 2781 4115 περιττὸν
2815 4045 2910 4097 καὶ
2958 4044 3097 4115 ὑπὲρ
3140 4046 3236 4115 τὴν
3269 4045 3456 4116 χρείαν
3481 4063 3495 4077 ο
3546 4046 3640 4099 καί
3673 4040 3830 4097 ταῦτα

2264 4136 2569 4190 πεινώντων
2608 4138 2782 4192 ἄλλων
2824 4136 2918 4190 καὶ
2958 4136 3251 4208 δεομένων,
3299 4138 3406 4191 τῶν
3438 4140 3502 4192 ὲκ
3548 4137 3641 4192 τοῦ
3677 4131 3828 4189 αὑτοῦ

2265 4228 2438 4300 πηλοῦ
2466 4246 2525 4282 τε
2559 4232 2653 4283 καὶ
2688 4230 2986 4301 κράματος.

588 4315 751 4374 ﬂuum
783 4330 885 4385 est,
920 4335 1155 4390 ususque
1188 4323 1524 4378 necessaries
1553 4324 1793 4390 excedit;
1850 4324 2010 4395 idque
2076 4325 2444 4381 esurientibus
2510 4327 2671 4392 aliis,
2741 4338 2902 4396 atque
2948 4326 3123 4397 inopia
3184 4328 3572 4394 laborantibus,
3616 4326 3699 4389 iis,
3756 4321 3828 4375 in-

589 4428 771 4483 quam,
801 4416 890 4483 qui
923 4431 987 4471 ex
1032 4418 1220 4472 eodem
1281 4416 1392 4473 luto
1447 4428 1503 4473 et
1562 4427 1986 4488 temperamento
2043 4429 2312 4475 constant.

660 4503 746 4558 VI.
782 4505 977 4561 Verum
1014 4506 1129 4563 haec
1159 4513 1466 4580 gentilibus,
1505 4528 1567 4569 ac
1588 4515 1867 4583 gentilitiis
1920 4515 2150 4584 pompis,
2188 4520 2233 4575 D

586 4594 846 4667 festisque
876 4600 1242 4671 relinquamus
1273 4622 1285 4658 :
1320 4605 1409 4673 qui
1460 4605 1619 4660 etiam
1656 4607 1743 4669 iis,
1774 4621 1910 4676 quos
1953 4607 2159 4663 sacrifi-

586 4689 793 4743 ciorum
858 4693 1014 4746 nidor
1060 4694 1310 4759 oblectat,
1361 4698 1582 4752 deorum
1643 4713 1837 4753 nomen
1884 4700 2156 4765 tribuunt,

585 4790 816 4847 apteque
880 4783 1102 4849 proinde
1154 4785 1392 4840 divinum
1460 4802 1657 4843 numen
1706 4799 1896 4845 ventre
1933 4789 2154 4856 colunt,

590 4871 716 4924 ntali
750 4872 931 4940 utique
963 4874 1223 4929 malorum
1257 4877 1577 4940 dazmonum,
1621 4888 1673 4931 et
1704 4879 1940 4943 fictores,
1980 4889 2035 4935 et
2061 4896 2152 4935 sa-

588 4961 859 5027 cerdotes,
890 4972 946 5018 et
974 4963 1229 5020 cultores.
1254 4966 1323 5019 At
1349 4980 1464 5031 nos,
1494 4982 1523 5019 a
1566 4969 1759 5035 quibus
1790 4967 2018 5025 Verbum
2061 4972 2155 5026 ad-

586 5059 791 5118 oratur,
819 5052 861 5107 si
896 5054 1023 5123 quid
1051 5055 1254 5111 deliciis
1276 5056 1506 5111 dandum
1535 5067 1637 5123 est,
1670 5058 1721 5110 in
1747 5073 1995 5113 sermone
2022 5060 2156 5117 deli-
2190 5104 2198 5112 .

750 5210 908 5267 Rom.
948 5226 998 5275 v,
1045 5210 1134 5265 20.
1210 5213 1443 5268 “item.
1490 5229 1605 5278 sui,
1650 5213 1736 5269 15.

658 5322 769 5393 (94)
812 5324 1295 5395 :Erdmujawyer.
1353 5346 1370 5377 ι
1395 5326 1691 5382 Ρηιιερηιοε
1720 5329 1908 5390 simus,
1938 5331 2162 5383 acceda-

586 5412 725 5471 mus.
754 5414 772 5445 ι
803 5394 893 5448 Sic
916 5394 1331 5465 pleriquecodd.
1375 5397 1431 5451 ln
1451 5401 1559 5463 cd.,
1584 5399 2000 5471 ἐκδημήσωμεν,
2035 5418 2053 5451 t
2078 5415 2165 5455 cx-

586 5466 1307 5608 ῗὲῖὃὲῗιιὲρέιγενγώμενοι.
1371 5532 1711 5593 (Νςιδεῑᾰιιιιο.
1744 5558 1760 5589 ι
1829 5539 1919 5593 Sic
1965 5538 2159 5595 Camn,

585 5604 864 5699 fila-etiarn
893 5604 1018 5676 legit
1042 5604 1247 5665 Bil'lius.
1283 5608 1336 5663 In
1370 5610 1481 5674 ed.,
1528 5609 1932 5681 συγγενόμενοι,
1969 5628 1987 5661 ι
2020 5624 2149 5664 con-

586 5689 1294 5827 ἶῗὶἓὲἳὶὲἳιέθαπτόμενοι.
1323 5750 1510 5821 Chrys.
1537 5760 1591 5807 et
1614 5750 1732 5807 Par.
1768 5750 1987 5819 addunt,
2026 5767 2153 5827 προ-

591 5815 794 5889 θύμως,
835 5837 853 5868 ι
878 5815 1141 5874 alacriter.
1170 5841 1187 5874 ο

2329 4518 2418 4583 (τ’.
2463 4516 2622 4570 ’Λλλά
2656 4517 2826 4570 ταῦτα
2861 4518 2958 4586 μὲν
2990 4516 3215 4586 Ἕλλησι
3262 4515 3544 4586 παρῶμεν,
3596 4510 3682 4565 καί
3722 4505 3827 4560 Ἑλ*

2266 4609 2503 4679 ληνικοῖς
2557 4609 2809 4679 κόμποις,
2848 4610 2941 4661 καὶ
2991 4608 3395 4681 πανηγύρεσιν·
3446 4607 3493 4659 οἳ
3541 4605 3632 4659 καὶ⁷
3684 4599 3823 4659 θεοὺς

2267 4698 2594 4771 ὀνομάζουσι
2630 4702 2739 4770 (97)
2771 4701 3016 4764 κνίσσαις
3054 4701 3363 4772 χαίροντας,
3405 4699 3497 4751 καὶ
3534 4691 3822 4751 ἀκολούθως

2267 4790 2327 4843 τὸ
2359 4791 2500 4844 θεῖον
2545 4793 2610 4862 τῇ
2659 4794 2857 4863 γαστρί
2901 4791 3287 4864 θεραπεύουσι,
3325 4791 3549 4861 πονηροί
3588 4779 3823 4855 πονηρῶν

2258 4885 2547 4954 δαιμόνων,
2603 4887 2696 4938 καὶ
2745 4886 3000 4950 πλάσται,
3046 4886 3141 4940 καὶ
3194 4883 3563 4955 μυσταγωγοί,
3605 4880 3695 4934 καί
3731 4872 3820 4946 μύσ

2259 4993 2379 5029 σται
2407 4977 2517 5046 (98)
2544 4978 2921 5048 τυγχάνοντες.
2962 4979 3151 5050 Ἡμεῖς
3178 4977 3254 5041 δὲ,
3275 4972 3351 5038 οἷς
3370 4976 3540 5044 Λόγος
3577 4974 3634 5027 τὸ
3664 4983 3820 5040 7:905—

2262 5066 2590 5138 κυνούμενον
2621 5111 2635 5135 ,
2696 5070 2795 5124 κᾶν
2828 5085 2879 5122 τι
2926 5069 3017 5140 δὲῃ
3059 5069 3170 5139 (99)
3215 5068 3446 5140 τρυφᾷν,
3493 5069 3550 5120 ὲν
3586 5063 3719 5131 λάίῳ
3750 5056 3816 5127 (ί)

2335 5328 2448 5397 (97)
2494 5325 2897 5398 ’Oropdé'ovo't.
2925 5326 3017 5398 Or.
3049 5327 3100 5388 l.
3140 5327 3439 5398 νομίζουσι,
3477 5347 3493 5379 ι
3529 5326 3657 5379 Deos
3687 5314 3814 5371 arbi-

2265 5396 2477 5454 trantur
2508 5396 2694 5453 nidore
2721 5396 3106 5452 sacrificiorum
3133 5396 3407 5452 delectari.
3436 5418 3453 5448 ι

2334 5469 2444 5539 (98)
2466 5467 2857 5539 Μυσταγωγόὶ
2897 5465 2993 5539 καὶ
3006 5468 3253 5539 μύσται.
3285 5486 3303 5518 ι
3328 5469 3535 5523 Erroris
3557 5483 3614 5521 ac
3642 5464 3810 5516 dmino-

2261 5555 2389 5594 num
2422 5536 2673 5593 doctores
2693 5536 2763 5591 'ct
2790 5536 3057 5604 discipuli.
3086 5556 3103 5589 ι

2331 5609 2440 5679 (99)
2468 5609 2601 5676 Δέῃ.
2668 5603 3154 5678 ρυιιιιιοτίἰρεε..
3205 5617 3328 5662 octo
3385 5607 3558 5671 Colb.,
3610 5603 3804 5669 Clu‘yS-i

2316 5696 2343 5731 ο

2332 5698 2409 5819 ᾗ.)
2454 5750 2551 5803 Ἕν
2579 5749 2753 5821 λόγῳ.
2787 5747 2946 5804 Coisl.
2990 5748 3032 5815 ἰ,
3066 5747 3123 5802 ὲν
3149 5746 3342 5817 λόγοις.
