4010 6316
213 367 299 423 517
1144 375 1400 435 ORATIO
1438 377 1725 436 XXXVIII.

1868 376 1937 432 ΙΝ
1978 374 2439 432 ΤΙΙΕΟΡΗΑΝΙΑ.

3327 383 3434 442 518

210 480 564 551 τρυφήσωμεν,
621 482 719 536 καὶ
768 481 899 554 θείῳ
948 483 1120 556 νόμῳ,
1170 488 1267 542 καὶ
1316 489 1618 561 διηγήμασι
1664 489 1758 561 (Ξ),

1867 492 2093 555 ciemur,
2129 500 2290 560 atque
2323 492 2375 546 iu
2404 490 2517 561 lege
2546 491 2745 556 dit-ina,
2776 501 2829 547 et
2868 491 3282 559 narrationibus,
3310 509 3435 551 cum

208 574 302 634 τοῖς
327 587 382 623 τε
410 568 612 637 ἄλλοις,
655 574 748 627 καὶ
775 574 833 641 ἐξ
864 567 937 628 ὧν
965 575 1042 647 (5)
1072 578 1104 649 ἡ
1138 577 1389 649 παροῦσα
1418 582 1723 652 πανήγυρις
1742 597 1754 611 ο

210 662 262 714 ἶν’
298 663 483 715 οἰκεῖον
638 664 715 735 (4)
768 666 831 719 τὸ
879 669 1111 739 τρυφᾷν,
1172 671 1266 723 καὶ
1326 671 1401 741 μὴ
1438 671 1628 743 πόρρω
1664 671 1757 725 τοῦ

209 752 635 822 συγκαλέσαντος.
679 758 747 809 Ἦ
780 756 1034 827 βούλεσθε
1061 760 1179 828 (καὶ
1212 759 1322 831 γάρ
1369 762 1480 828 ἐγὼ
1519 763 1758 834 σήμερον

204 846 443 915 ἑστιάτωρ
469 846 628 916 ὑμῖν)
664 846 776 916 ἐγὼ
818 849 911 903 τὸν
945 851 1075 922 περὶ
1103 850 1312 905 τούτων
1342 851 1574 922 παραθῶ
1601 853 1757 921 λόγον

203 938 295 999 τοῖς
318 936 495 1000 καλοῖς
529 938 662 1009 ὑμῖν
689 932 1024 1011 δαιτυμόσιν,
1056 942 1132 1003 ὡς
1166 936 1276 996 οἷόν
1312 960 1372 996 τε
1404 943 1646 1013 δαψιλῶς
1694 961 1755 997 τε

202 1030 279 1081 καὶ
325 1029 644 1099 φιλοτίμως,
693 1031 759 1084 ἵν’
809 1032 1005 1104 εἰδῆτε,
1055 1034 1175 1098 πῶς
1210 1034 1432 1088 δύναται
1471 1035 1690 1106 τρέφειν
1726 1036 1755 1088 6

200 1118 327 1186 ξένος
350 1123 474 1184 τοὺς
500 1122 828 1194 ἐγχωρίους,
853 1124 946 1177 καὶ
972 1124 1100 1188 τοὺς
1126 1126 1383 1190 ἀστικοὺς
1410 1125 1485 1197 (5)
1514 1129 1541 1180 6
1569 1127 1754 1198 ἀγροι-

200 1228 297 1276 κος,
333 1212 423 1265 καὶ
480 1214 611 1276 τοὺς
650 1215 971 1285 τρυφῶντας
1026 1217 1054 1268 6
1100 1216 1174 1287 μὴ
1220 1217 1465 1289 τρυφῶν,
1500 1217 1594 1272 καὶ
1631 1218 1755 1281 τοὺς

200 1305 459 1374 περιουσίᾳ
489 1304 805 1376 λαμπροὺς,
836 1309 865 1361 6
896 1308 1066 1381 πένης
1094 1327 1153 1363 τε
1181 1310 1275 1363 καὶ
1311 1309 1589 1374 ἀνέστιοςς
1623 1310 1755 1380 Ἀρ-

200 1394 336 1464 ξομαι
373 1396 428 1448 δὲ
474 1397 763 1450 ἐντεῦθεν·
827 1398 921 1452 καί
967 1418 1056 1471 μοι
1104 1400 1438 1472 καθήρασθε,
1475 1399 1569 1453 καὶ
1606 1398 1751 1465 νοῦν,

198 1485 275 1537 καὶ
305 1487 489 1557 ἀκοὴν,
519 1487 619 1539 καὶ
646 1488 906 1554 διάνοιαν,
948 1491 1061 1543 ὅσοι
1107 1492 1351 1561 τρυφᾶτε
1390 1491 1460 1544 τὰ
1490 1490 1714 1544 τοιαῦτα
1736 1503 1751 1519 ⁶

197 1577 357 1648 ἐπειδὴ
404 1579 535 1649 περὶ
581 1577 741 1642 Θεοῦ,
782 1580 877 1633 καὶ
919 1580 1063 1645 θεῖος
1092 1583 1119 1634 6
1152 1581 1309 1649 λόγος
1335 1598 1348 1612 ·
1391 1582 1457 1635 ἵν’
1486 1580 1754 1650 ἀπέλθητε

195 1670 550 1740 τρυφήσαντες
584 1672 660 1742 (6)
700 1673 867 1737 ὅντως
906 1674 975 1727 τὰ
1015 1674 1089 1744 μὴ
1133 1672 1453 1753 κενούμενα.
1481 1674 1672 1725 Ἔσται
1697 1670 1754 1724 δὲ

196 1761 219 1811 6
248 1761 394 1826 αὐτὸς
425 1763 804 1835 πληρέσ-τατός
831 1783 891 1819 τε
932 1765 1048 1837 ἅμα
1076 1765 1170 1819 καὶ
1198 1763 1607 1835 συντομώτατος
1629 1781 1643 1795 ·
1679 1764 1756 1827 ὼς

1863 584 2009 648 aliis,
2051 591 2161 637 tum
2198 582 2263 637 iis
2303 582 2624 651 praesertim,
2662 599 2780 653 quae
2833 584 3081 653 prazseuti
3136 583 3272 639 festo
3306 601 3436 640 con-

1862 683 2135 729 sentaneae
2162 682 2320 741 sunt;
2362 683 2421 727 ut
2453 682 2608 742 aptae,
2664 676 2990 744 minimeque
3021 675 3087 727 ab
3120 690 3203 738 co,
3252 690 3281 729 a
3328 689 3438 745 quo

1862 766 2139 819 convocati
2191 780 2397 833 sumus,
2455 766 2645 819 alienae
2683 767 2791 821 sint
2839 768 3045 822 deliciae
3092 775 3305 823 nostrae.
3350 766 3434 821 An

1864 870 1992 910 vero
2016 855 2212 926 placet,
2256 866 2336 922 ut,
2367 856 2799 925 quandoquidem
2831 859 3089 912 hodierno
3123 857 3208 911 die
3252 858 3436 911 convi-

1864 947 2068 1002 vatoris
2096 948 2233 1016 apud
2264 962 2357 1002 vos
2407 962 2629 1001 munere
2668 947 2977 1018 perlungor,
3015 948 3185 1014 vobis,
3216 948 3437 1017 praecla-

1858 1038 1935 1093 ris
1970 1038 2236 1103 convivis,
2273 1053 2581 1093 sermonem
2611 1039 2678 1093 de
2708 1039 2792 1093 his
2818 1041 3174 1107 rebus,quam
3200 1039 3315 1093 ﬂeri
3344 1054 3438 1108 po-

1860 1128 2363 1195 terit,lautissimum
2377 1139 2431 1184 et
2444 1129 2871 1199 copiosissimum
2890 1138 3236 1199 apponam,ut
3253 1144 3439 1191 nosce.

1858 1219 1948 1283 tis.
1980 1236 2139 1291 quam
2172 1220 2328 1286 belle,
2353 1228 2407 1276 et
2429 1221 2707 1291 indigenas
2739 1223 3055 1290 peregrinus
3075 1261 3091 1287 ,
3123 1230 3176 1273 et
3200 1221 3436 1275 urbanos

1857 1311 2124 1376 rusticus,
2165 1320 2220 1367 et
2269 1311 2473 1366 deliciis
2523 1325 2739 1380 operam
2774 1313 2961 1367 dantes
2987 1311 3147 1365 homo
3177 1326 3205 1363 a
3230 1310 3436 1364 deliciis

1856 1401 2083 1466 alienus,
2103 1412 2156 1456 et
2170 1402 2360 1471 opibus
2379 1401 2551 1457 claros
2573 1417 2777 1472 pauper
2793 1417 2856 1457 ac
2876 1402 3035 1457 domo
3055 1416 3269 1463 carens,
3293 1401 3435 1454 alere

1856 1493 2057 1563 queat?
2090 1492 2225 1547 llinc
2261 1502 2438 1548 autem
2456 1493 2709 1547 exordiar
2737 1511 2750 1548 :
2781 1508 2843 1547 ac
2868 1501 3439 1562 vos,quacso,etmen-

1859 1592 1986 1648 tem,
2004 1591 2252 1647 etaures,
2270 1591 2324 1636 et
2343 1583 2577 1636 animum
2604 1592 2885 1652 purgatum
2905 1582 3114 1645 aﬂ‘erte,
3133 1584 3437 1651 quicunque

1855 1675 2158 1743 hujusmodi
2172 1674 2376 1731 deliciis
2398 1676 2623 1730 studetis
2637 1675 3089 1745 (quandoquidem
3107 1690 3224 1744 qua:
3241 1675 3305 1727 de
3330 1675 3436 1729 Deo

1856 1767 2107 1833 habetur,
2134 1767 2314 1822 divina
2348 1780 2561 1836 quoque
2617 1766 2731 1835 ipsa
2769 1777 2849 1821 est
2871 1768 3099 1836 oratio);
3148 1775 3204 1819 ut
3230 1766 3435 1820 deliciis

198 1854 314 1922 μήτε
343 1852 417 1924 τῷ
444 1832 622 1910 ἐνδεεῖ
644 1856 854 1924 λυπεῖν,
890 1832 1030 1928 μήτε
1064 1854 1237 1928 ἀηδὴς
1267 1855 1344 1927 (7)
1365 1832 1522 1910 sive".
1550 1854 1639 1908 διὰ
1665 1854 1754 1909 τὸν

1862 1862 2276 1930 haudquaquam
2309 1860 2757 1914 evanescentibus
2805 1874 2993 1913 revera
3042 1858 3216 1912 atl’ecti
3265 1858 3437 1912 disce-

197 1944 358 2015 κόρον.

254 2220 322 2273 Ζ’.
356 2218 487 2283 Θεὸς
522 2214 597 2292 ἧν
639 2219 739 2291 μὲν
770 2220 879 2287 ἀεὶ,
910 2223 1005 2277 καὶ
1039 2222 1175 2287 ἔστι,
1217 2222 1310 2275 καὶ
1338 2220 1520 2275 ἔσται·
1557 2221 1757 2293 μᾶλλον

192 2309 242 2363 δὲ
266 2311 427 2365 ἔστιν
453 2311 562 2366 ἀεί.
601 2312 675 2365 Τὸ
700 2311 807 2384 γὰρ
836 2309 933 2383 ἦν,
968 2315 1062 2369 καὶ
1088 2313 1281 2380 ἔσται,
1315 2312 1408 2366 τοῦ
1454 2313 1579 2367 καθ’
1609 2314 1757 2385 ἡμᾶς

193 2401 365 2470 χρόνου
396 2403 692 2474 τμήματα,
722 2403 816 2456 καὶ
853 2404 956 2474 τῆς
986 2404 1222 2476 ῥευστῆς
1249 2403 1464 2474 φύσεως
1484 2421 1498 2436 ⁸
1528 2407 1562 2459 ό
1591 2404 1648 2458 δὲ
1676 2405 1760 2457 ὢν

193 2493 284 2557 ἀεὶ,
312 2494 402 2546 καὶ
422 2494 585 2547 τοῦτο
606 2495 765 2559 αὐτὸς
793 2497 984 2551 ἑαυτὸν
1006 2494 1280 2568 ὀνομάζει,
1297 2496 1372 2568 τῷ
1383 2498 1605 2551 Μωῦσεῖ
1625 2514 1761 2568 χρη·-

195 2582 415 2650 ματίζων
441 2584 517 2655 (8)
551 2584 648 2637 ἐπὶ
673 2585 767 2638 τοῦ
806 2585 984 2658 ὅρους.
1017 2586 1175 2640 ’Ὀλον
1208 2586 1315 2657 γάρ
1342 2588 1399 2640 ὲν
1432 2587 1609 2657 ἑαυτῷ
1637 2586 1761 2639 συλ-

192 2675 373 2743 λαϐὼν,
399 2678 512 2749 ἔχει
554 2679 620 2731 τὸ
650 2676 811 2743 εἶναι,
857 2680 995 2751 μήτε
1040 2680 1366 2751 ἀρξάμενον,
1398 2680 1532 2751 μήτε
1556 2679 1759 2733 παυσό-

196 2785 339 2837 μενον
369 2770 483 2840 (9),
515 2764 633 2824 οἷόν
662 2789 715 2823 τι
746 2769 982 2839 πέλαγος
1012 2771 1200 2835 οὐσίας
1231 2771 1455 2840 ἄπειρον
1485 2771 1579 2824 καὶ
1608 2771 1760 2843 ἀόρι-

194 2878 323 2927 στον,
366 2866 548 2918 πᾶσαν
590 2865 997 2937 ὑπερεκπῖπτον
1036 2864 1265 2930 ἔννοιαν,
1310 2865 1404 2917 καὶ
1441 2866 1634 2934 χρόνου
1669 2865 1762 2919 καὶ

196 2955 388 3023 φύσεως
410 2974 424 2988 ·
462 2957 542 3029 νῷ
577 2957 724 3029 μόνῳ
765 2957 1295 3029 σκιαγραφούμενος,
1326 2957 1422 3010 καὶ
1461 2956 1618 3010 τοῦτο
1651 2955 1761 3027 (10)

196 3046 300 3101 λίαν
329 3048 593 3120 ἀμυδρῶς
648 3049 741 3103 καὶ
798 3050 1058 3121 μετρίως,
1114 3050 1213 3103 οὐκ
1267 3050 1331 3102 ὲκ
1362 3047 1470 3101 τῶν
1500 3047 1609 3117 (ii)
1643 3049 1761 3101 κατ’

195 3138 356 3205 αὐτὸν,
379 3140 491 3194 ἀλλ’
518 3142 587 3192 ὲκ
616 3139 725 3193 τῶν
762 3141 889 3210 περί
924 3140 1107 3203 αὐτὸν,
1144 3141 1310 3210 ἄλλης
1347 3139 1407 3204 ἐξ
1440 3140 1600 3193 ἄλλου
1632 3156 1765 3209 φαν-

195 3230 369 3295 τασίας
396 3232 820 3302 συλλεγομένης,
843 3233 923 3294 εἰς
947 3232 1007 3285 ἒν
1034 3249 1086 3284 τι
1106 3232 1207 3303 τῆς
1229 3232 1485 3303 ἀληθείας
1510 3232 1758 3303 ῖνδαλμα,

199 3322 312 3392 πρὶν
349 3324 712 3395 κρατηθῆναι,
750 3322 972 3392 φεῦγον,
1007 3324 1103 3378 καὶ
1138 3326 1268 3396 πρὶν
1297 3324 1578 3395 νοηθῆναι,
1600 3324 1763 3377 διαδι-

197 3410 440 3480 δρᾶσκον·
468 3413 712 3468 τοσαῦτα
744 3412 1088 3484 περιλάμπον
1125 3415 1284 3485 ἡμῶν
1317 3415 1378 3466 τὸ
1412 3414 1758 3485 ἡγεμονικὸν,

200 3505 281 3555 καὶ
314 3505 482 3560 ταῦτα
530 3506 963 3577 κεκαθαρμένον,
1014 3507 1114 3559 ὅσα
1161 3506 1256 3559 καὶ
1304 3505 1424 3575 ὄψιν
1475 3505 1762 3577 ἀστραπῆς

198 3594 343 3665 τάχος
384 3599 483 3669 οὐχ
526 3597 845 3668 ἱσταμένηςι
892 3595 1047 3667 Ἐμοὶ
1095 3597 1292 3661 δοκεῖν,
1338 3597 1423 3649 ἴνα
1459 3596 1536 3667 τῷ
1575 3594 1763 3667 ληπτῷ

205 3686 288 3755 μὲν
315 3687 443 3763 ἕλκῃ
488 3689 628 3760 πρὸς
664 3688 825 3742 ἑαυτὸ
849 3688 959 3759 (l2)
996 3688 1078 3756 (τὸ
1121 3689 1230 3760 γὰρ
1265 3688 1465 3751 τελέως
1503 3688 1760 3758 ἄληπτον,

200 3778 522 3848 ἀνέλπιστον,
559 3781 654 3834 καὶ
691 3779 1153 3851 ἀνεπιχείρητον),
1185 3778 1263 3850 τῷ
1292 3780 1347 3833 δὲ
1379 3779 1606 3850 ἀλήπτῳ
1634 3778 1765 3833 θαυ-

204 3869 440 3940 μάζηται,
479 3870 899 3942 θαυμαζόμενον
934 3872 991 3924 δὲ
1017 3872 1249 3943 ποθῆται
1279 3871 1459 3935 πλέον,
1489 3870 1763 3941 ποθούμε-

201 3976 279 4013 νον
316 3961 368 4016 δὲ
420 3963 689 4035 καθαίρῃ,
742 3964 1003 4035 καθαῖρον
1052 3963 1108 4017 δὲ
1158 3964 1409 4027 θεοειδεῖς
1444 3963 1763 4035 ἀπεργάζη-

203 4066 277 4105 ται
313 4053 440 4125 (15),
488 4055 753 4119 τοιούτοις
787 4055 843 4108 δὲ
892 4055 1228 4126 γενομένοις,
1275 4054 1349 4119 ὠς
1390 4054 1632 4119 οἰκείοις,
1662 4055 1761 4126 ἤδη

206 4146 510 4217 προσομιλῇ,
546 4145 722 4218 τολμᾷ
764 4163 819 4198 τι
872 4146 1119 4199 νεανικὸν
1165 4148 1193 4198 6
1229 4145 1405 4214 λόγος,
1446 4144 1578 4209 Θεὸς
1623 4144 1764 4208 θεοῖς

203 4233 472 4307 ἐνούμενός
498 4254 559 4290 τε
597 4238 693 4290 καὶ
723 4235 1143 4307 γνωριζόμενος,
1185 4237 1278 4289 καὶ
1312 4230 1572 4289 ’τοσοῦτον
1612 4237 1759 4299 ἴσως,

1858 1952 2022 2008 datis.
2055 1952 2169 2005 Erit
2213 1961 2392 2006 autem
2442 1951 2627 2006 eadem
2687 1950 2849 2005 simul
2903 1962 2959 2005 et
3009 1950 3337 2019 plenissima,
3382 1959 3437 2003 ct

1857 2046 2093 2099 maxime
2133 2044 2555 2113 compendiosa;
2611 2052 2668 2097 ut
2706 2058 2804 2097 nec
2841 2044 2910 2097 ob
2943 2042 3210 2097 defectum
3267 2045 3435 2096 mule-

1858 2134 2042 2201 stiam,
2077 2148 2180 2189 nec
2216 2135 2284 2189 ob
2310 2134 2649 2188 saturitatem
2676 2134 2888 2188 taedium
2919 2132 3127 2187 aderat.

1929 2224 2041 2281 Vll.
2082 2226 2241 2292 Deus,
2271 2234 2324 2280 et
2358 2235 2473 2281 erat
2507 2240 2736 2295 semper,
2780 2234 2835 2279 et
2868 2233 2969 2290 est,
3025 2234 3081 2278 et
3116 2224 3219 2277 erit
3255 2243 3268 2279 :
3324 2223 3430 2287 vel,

1859 2327 1917 2373 ιιι
1943 2317 2140 2372 rectius
2170 2318 2377 2387 loquar,
2437 2330 2652 2385 semper
2701 2326 2796 2370 est.
2855 2313 2988 2369 Nam
3044 2324 3174 2378 erat,
3224 2324 3276 2368 et
3318 2318 3434 2375 erit,

1860 2409 2028 2465 nostri
2070 2407 2346 2478 temporis,
2393 2405 2653 2476 "umque
2707 2417 2913 2461 natura;
2967 2414 3238 2474 segmenta
3292 2415 3435 2459 sunt.

1862 2499 1955 2555 llle
1981 2507 2159 2555 autem
2196 2514 2408 2567 semper
2434 2507 2529 2562 est,
2556 2507 2715 2565 atque
2758 2496 2858 2551 hoc
2888 2498 3045 2551 modo
3075 2496 3307 2562 seipsum
3345 2509 3439 2547 no-

1861 2593 2050 2660 minat,
2077 2607 2196 2647 cum
2244 2591 2295 2646 in
2332 2600 2512 2645 monte
2561 2588 2729 2659 Moysi
2762 2588 3035 2642 oraculum
3068 2587 3257 2640 edit".
3311 2583 3440 2639 Uni-

1866 2698 2076 2738 versum
2106 2683 2249 2737 enim
2294 2682 2367 2747 id,
2397 2680 2538 2750 quod
2578 2691 2680 2744 est,
2721 2681 2770 2733 in
2819 2694 2879 2733 se
2912 2678 3307 2749 complectitur,
3345 2691 3442 2729 nec

1863 2774 2183 2845 principium
2212 2772 2437 2837 habens,
2473 2786 2570 2825 nec
2594 2769 2757 2841 667
2777 2771 2932 2822 linem
2968 2770 3296 2832 habiturum,
3326 2766 3439 2819 vcl-

1861 2873 1921 2919 ut
1966 2863 2186 2933 pelagus
2222 2863 2489 2932 quoddam
2517 2864 2764 2917 essentiae
2813 2861 3133 2915 immensum
3162 2870 3215 2913 et
3267 2861 3432 2912 inter-

1865 2947 2148 3020 minatum,
2185 2971 2421 3021 omnem,
2452 2966 2561 3008 tum
2616 2954 2891 3022 temporis,
2934 2963 3041 3005 tum
3100 2962 3303 3005 natura:
3352 2968 3441 3005 co-

1864 3046 2175 3115 gitationem
2215 3060 2510 3115 superans;
2562 3054 2740 3099 mente
2766 3044 2877 3097 sola
2907 3044 3251 3097 adumbratus
3290 3043 3359 3106 is,
3388 3053 3441 3095 ct

1866 3137 2083 3207 quidem
2113 3138 2408 3206 perexiguo
2434 3152 2498 3192 ac
2533 3136 2880 3206 perobscure,
2922 3149 3023 3189 non
3055 3150 3117 3187 ex
3143 3134 3226 3187 his
3250 3148 3364 3201 quae
3387 3133 3441 3186 in

1864 3230 1980 3298 ipso
2004 3235 2151 3292 sunt,
2178 3227 2271 3281 sed
2296 3242 2414 3296 quae
2440 3230 2582 3282 circa
2614 3228 2784 3296 ipsum
2811 3244 2826 3280 :
2857 3226 2961 3280 alia
2990 3239 3053 3278 ex
3080 3225 3186 3278 alio
3221 3223 3440 3278 collecta

1862 3323 2040 3391 specie
2101 3321 2166 3375 ad
2213 3337 2377 3377 unum
2433 3322 2700 3391 quoddam
2754 3321 2999 3376 veritatis
3058 3320 3440 3385 simulacrum,

1862 3415 2175 3484 priusquam
2213 3422 2482 3479 teneatur,
2517 3413 2796 3485 eﬂ'ugiens,
2832 3424 2887 3469 ct
2935 3414 3245 3484 priusquam
3286 3411 3443 3466 intcl-

1863 3506 2001 3559 lectu
2033 3505 2377 3575 percipiatur,
2407 3520 2465 3560 se
2486 3506 2657 3573 ipsum
2680 3505 2802 3576 fuga
2833 3506 3133 3576 proripiens
3165 3520 3181 3559 :
3216 3512 3423 3557 tantum

1870 3599 2167 3669 principem
2200 3597 2368 3652 nostri
2422 3607 2648 3666 partem,
2676 3612 2903 3667 eamque
2962 3612 2990 3652 a
3038 3598 3290 3651 vitiorum
3324 3595 3442 3650 labe

1864 3700 2168 3761 purgatam,
2231 3688 2572 3756 collustrans,
2633 3698 2890 3757 quantum
2944 3689 3220 3743 oculorum
3272 3689 3440 3742 aciem

1866 3781 2091 3850 fulguris
2128 3780 2379 3836 celeritas
2416 3779 2637 3834 minime
2685 3780 3051 3835 consistentis.
3084 3780 3195 3835 lloc
3236 3788 3439 3843 autem,

1865 3887 1983 3927 mea
2016 3871 2230 3941 quidem
2257 3870 2543 3936 sententia,
2569 3870 2769 3925 idcirco
2810 3870 2890 3935 lit,
2925 3880 2982 3924 ut
3008 3880 3272 3940 quatenus
3294 3884 3441 3924 com-

1875 3964 2133 4034 prehendi
2166 3971 2363 4033 potest,
2400 3977 2497 4017 nos
2541 3962 2607 4016 ad
2644 3977 2702 4018 se
2735 3964 2911 4016 trahat
2955 3960 3117 4032 (quod
3147 3960 3289 4017 enim
3319 3974 3443 4030 per-

1865 4057 1968 4125 cipi
1998 4057 2218 4110 omnino
2258 4056 2464 4126 nequit,
2515 4056 2566 4109 id
2619 4070 2720 4111 nec
2773 4063 2955 4125 sperat
2994 4054 3294 4123 quisquam,
3341 4065 3443 4106 nec

1866 4147 2083 4218 assequi
2115 4146 2395 4217 conatur);
2440 4157 2708 4217 quatenus
2738 4158 2917 4201 autem
2950 4145 3066 4214 capi
3102 4134 3206 4199 non
3241 4151 3438 4213 potest,

1866 4239 2276 4294 admirationem
2307 4237 2391 4292 sui
2413 4239 2635 4303 excitet,
2656 4248 2817 4307 atque
2848 4252 2913 4291 ex
2941 4237 3053 4305 ipsa
3082 4234 3442 4289 admiratione

202 4326 309 4381 ὅσον
339 4330 437 4402 ἤδη
467 4330 727 4399 γινώσκει
752 4331 881 4393 τοὺς
902 4328 1355 4398 γινωσκομένους.
1380 4329 1641 4399 ’Ἄπειρον
1670 4322 1758 4379 οὖν

1869 4330 2243 4385 vehementius
2272 4336 2578 4397 expetatur,
2636 4326 2904 4396 expetitus
2943 4335 3152 4394 purget,
3207 4338 3443 4393 purgans

202 4417 253 4470 τὸ
282 4418 415 4475 θεῖον
451 4422 543 4474 καὶ
577 4419 951 4491 δυσθεώρητον
978 4435 991 4449 ·
1042 4418 1136 4471 καὶ
1179 4416 1335 4470 τοῦτο
1380 4417 1553 4487 πάντη
1599 4434 1758 4469 κατα-

1868 4432 2046 4476 autem
2074 4420 2281 4475 divinos
2333 4418 2548 4480 eﬂiciat,
2598 4417 2836 4485 talesque
2883 4431 3006 4470 cum
3056 4414 3246 4468 redditi
3294 4422 3440 4480 sunt,

203 4507 382 4580 ληπτὸν
410 4511 581 4566 αὑτοῦ
632 4512 813 4583 μόνον,
850 4514 882 4583 ἡ
920 4510 1146 4583 ἀπειρία
1171 4528 1185 4542 ο
1224 4509 1324 4563 κάν
1355 4526 1437 4573 τις
1472 4507 1650 4577 οἴηται
1680 4508 1758 4579 τῷ

1866 4527 1987 4565 cum
2021 4512 2085 4566 iis
2112 4512 2245 4581 jam,
2272 4511 2416 4565 velut
2444 4523 2565 4563 cum
2594 4507 2972 4572 familiaribus,
2995 4504 3436 4561 consuetudinem

202 4601 356 4675 ἁπλῆς
385 4605 500 4677 (14)
532 4600 672 4658 εἶναι
725 4604 962 4674 φύσεως,
1004 4605 1037 4674 ἦ
1091 4602 1210 4656 ὅλον
1256 4602 1495 4673 ἄληπτον
1529 4597 1687 4665 εἶναι,
1728 4602 1758 4673 ἢ

1872 4603 2070 4658 habeat
2102 4602 2306 4674 (metuo
2334 4616 2400 4656 ne
2430 4601 2533 4656 hoc
2558 4590 2815 4655 audacius
2860 4616 2889 4652 a
2922 4614 3008 4656 me
3046 4598 3245 4652 dictum
3272 4597 3440 4650 videri

202 4694 375 4762 τελέως
401 4698 628 4769 ληπτόν.
674 4697 740 4750 Τί
778 4696 873 4768 γάε
924 4697 983 4760 ὃς
1021 4696 1199 4767 ἀπλῆς
1237 4697 1352 4748 ἐστι
1383 4695 1616 4764 φύσεως,
1647 4695 1758 4747 ὲπι-

1873 4693 2084 4763 possit),
2121 4693 2262 4748 Deus
2296 4694 2398 4749 diis
2424 4694 2605 4748 unitus
2631 4701 2685 4747 et
2709 4691 2972 4761 cognitus,
3006 4705 3069 4744 ac
3099 4697 3303 4742 tantum
3336 4685 3444 4741 for-

203 4784 529 4863 ζητήσωμεν.
574 4792 651 4844 υύ
707 4791 816 4863 γὰρ
855 4790 919 4861 δὴ
964 4789 1124 4843 τοῦτο
1157 4788 1318 4859 φύσις
1356 4788 1505 4858 αὑτῴ
1541 4790 1574 4859 ἡ
1604 4787 1758 4841 ἁπλό·

1879 4795 2041 4853 tasse,
2069 4795 2329 4857 quantum
2355 4787 2467 4857 jam
2503 4801 2620 4853 cos,
2654 4784 2745 4855 qui
2781 4783 2880 4855 ipsi
2914 4782 3024 4839 noti
3063 4788 3207 4848 sunt,
3243 4794 3444 4851 cogno-

268 4900 309 4931 ⁸²
337 4902 506 4960 Exod.
538 4918 621 4972 ιιι,
659 4903 750 4957 14.

1947 5055 2021 5127 (8)
2050 5052 2440 5124 Χριηματίζων.
2485 5052 2583 5127 _$ic
2626 5050 2811 5127 Com_l_).
2838 5064 2905 5104 ex
2946 5049 3152 5104 duobus
3201 5049 3359 5105 codd.
3390 5064 3446 5111 et

1870 5121 2216 5190 Bas._ln'ed'.,
2255 5123 2624 5195 σχηματίζων,
2659 5121 3025 5195 cellingens._g
3120 5190 3133 5195 _
3211 5190 3224 5195 _
3280 5190 3331 5195 __
3488 5124 3491 5125 ⁷

1964 5195 2019 5267 9)
2063 5190 2427 5265 Ἀρξάμένίὸν
2555 5192 2958 5262 παυσόμενον.
2987 5190 3079 5246 0r.
3115 5190 3167 5257 1,
3200 5190 3444 5262 ἀρξάμε-

1868 5284 1958 5331 νος
1990 5305 2026 5321 ..
2038 5305 2052 5319 .
2088 5267 2459 5335 παυσόμενοςε
2639 5333 2650 5335 _
2844 5331 2860 5335 _
2988 5334 2991 5335 ν
3152 5329 3163 5335 _
3416 5296 3425 5303 η

1970 5337 2055 5407 10)
2091 5329 2294 5389 Τοῦτό.
2321 5334 2410 5407 Sig
2443 5334 2573 5401 Reg.
2602 5333 2694 5402 ph,
2714 5340 2820 5407 etc.
2844 5331 2898 5386 In
2934 5334 3044 5407 ed.,
3072 5329 3267 5407 τούτῳ,

1970 5339 2055 5407 10)
2091 5339 2294 5389 Τοῦτο.
2321 5339 2410 5389 Sic
2443 5339 2573 5401 lieg.
2602 5339 2694 5402 ph,
2719 5340 2820 5388 etc.
2844 5339 2898 5386 In
2934 5339 3044 5395 ed.,
3072 5339 3267 5399 τούτῳ,

1946 5339 2059 5479 (Η)
2093 5407 2308 5479 Οὐκ
2334 5403 2473 5469 τῶν,
2510 5413 2614 5459 etc.
2668 5423 2685 5479 ι
2714 5402 2823 5479 Non
2850 5418 2916 5457 ex
2947 5402 3014 5456 iis
3054 5416 3173 5470 qua:
3196 5474 3203 5479 ⁸
3224 5402 3276 5453 in
3324 5398 3445 5467 ipso

1876 5473 2021 5543 sunt,
2040 5473 2132 5532 Sed
2158 5492 2223 5531 ex
2250 5477 2316 5531 iis
2338 5490 2457 5546 qua:
2479 5484 2603 5530 sunt
2633 5473 2779 5527 circa
2812 5473 3005 5541 ipsum,
3032 5492 3049 5523 ι
3086 5474 3296 5539 uentpe,
3331 5487 3349 5522 ι
3376 5485 3446 5525 ex

266 5057 335 5137 (2)
357 5057 841 5137 Kaldgnmpam.
876 5058 966 5115 Sic
982 5060 1149 5131 Regg.
1166 5060 1276 5127 bm,
1306 5058 1399 5129 pb,
1424 5057 1640 5127 Chrys.,
1662 5066 1767 5112 etc.

207 5123 254 5180 lu
405 5123 852 5201 καὶριηγῆματι.

266 5198 335 5270 (5)
377 5200 470 5264 Ἐξ
503 5193 753 5271 diﬁcia.
802 5220 821 5253 ι
855 5200 930 5255 Εἰ
955 5200 1149 5271 quibus
1179 5213 1416 5271 praesens
1453 5196 1768 5271 solemnitas

211 5269 438 5341 constat;
466 5289 485 5323 ι
524 5270 578 5323 in
611 5284 718 5339 qua
763 5269 990 5327 scilicet'
1022 5269 1198 5341 agitur
1224 5271 1289 5325 de
1324 5269 1539 5341 homine
1562 5277 1764 5341 creato,

208 5334 337 5417 lapso
386 5334 441 5396 et
502 5334 854 5398 instaurando
912 5356 1012 5413 per
1056 5334 1372 5412 mysterium
1427 5334 1764 5395 lncarnatioé

208 5420 296 5465 lllS.

268 5479 335 5550 (ιι)
366 5480 475 5555 ’Ιῆ
504 5483 747 5555 οικεῶνμ
774 5476 961 5555 ᾖηδίο
999 5480 1164 5555 Regg.
1202 5481 1257 5555 ζ),
1307 5494 1369 5555 Mc,
1409 5496 1460 5555 ο,
1517 5481 1763 5555 ιιιιιηριι,

207 5543 412 5633 Chiis“
432 5552 601 5609 Cois].
630 5556 684 5633 _i,
718 5543 812 5633 9t":
846 5552 900 5619 i,
931 5563 1037 5633 etc.
1068 5543 1144 5606 ΙῙῖ
1157 5543 1283 5633 ed.,
1390 5543 1691 5633 .otxei‘aaﬁ'.
1750 5543 1758 5548 ’

1872 5547 2198 5633 crateres

268 5612 337 5693 (ἒῖ)
376 5612 700 5691 Ἆστικούξ.
719 5625 811 5679 Sic
848 5612 957 5678 tres
976 5621 1145 5693 Regg.
1187 5632 1243 5679 et
1259 5612 1491 5679 totidem
1518 5612 1669 5678 Coll):
1705 5637 1758 5677 ac

1943 5618 2055 5693 ζ
2094 5614 2501 5693 ίΕαυτόειβθε.
2531 5613 2621 5693 ph,
2653 5612 2858 5693 ἑαυτόν.

211 5679 288 5743 Οιξ
315 5679 362 5744 ί.
392 5693 449 5747 In
480 5694 591 5759 ed.,
621 5679 911 5756 ἀστυκούς.
1059 5679 1123 5693 w

1942 5679 2052 5759 (15)
2094 5679 2871 5759 Ἀστεργάζῇιτᾱέξτινεεζξεες.
2910 5679 3229 5759 ἐργάζηταιΣ

269 5759 335 5886 (gl)
364 5746 801 5853 τρυφήσαντες.
827 5746 1038 5847 Quid)”
1066 5764 1446 5837 τρυφήσοντες.

272 5834 285 5886 l
328 5834 343 5886 i
386 5833 722 5886 Andrir.0r.
762 5836 807 5886 l.
841 5844 1042 5886 αηοεις.

1942 5746 2056 5881 (id)
2095 5746 2429 5837 TQ-c'if'rlﬁé‘.
2467 5754 2556 5810 Sic
2586 5746 2872 5823 trcslieéé.
2913 5746 2966 5808 et
2988 5746 3169 5807 decem
3202 5749 3352 5808 Colb.
3382 5746 3441 5803 ιιι

1866 5830 2027 5886 ed..'r
2077 5826 2268 5886 ἁπλης.

379 5826 605 5904 ἎηδήἾς.
629 5836 722 5893 0r.
760 5826 807 5903 Ῑ,
841 5826 1042 5905 ἀηδεῖς).
1102 5826 1113 5837 ’
1186 5826 1196 5835 ’
1234 5826 1243 5834 ’
1411 5826 1419 5827 ί

1866 5826 1974 5894 ed.,
1999 5826 2056 5881 τὸ
2077 5826 2268 5899 ἁπλῆς.
