4010 6316
209 301 302 356 52!

1215 299 1474 356 ORATIO
1507 288 1802 356 XXXVIII.
1843 331 1912 342 --
1949 301 2016 357 IN
2053 301 2517 363 THEOPHANIA.

3360 311 3468 368 322

209 419 457 492 ληπτέον.
497 421 784 494 Βούλομαι
841 421 940 492 μὲν
985 422 1177 485 εἰπεῖν,
1219 422 1301 476 ὅτι
1345 423 1636 494 ἀκινήτους
1661 421 1796 493 πρὸς

1908 423 2136 489 dentem,
2164 439 2257 480 cas
2289 426 2600 480 existimare
2628 434 2858 493 oportet.
2896 425 3068 495 Gestit
3101 427 3310 496 quidem
3343 433 3467 487 ani-

208 515 265 567 τὸ
285 513 479 579 κακὸν,
517 515 625 566 καὶ
669 513 835 584 μόνην
860 512 1086 583 ἐχούσας
1112 513 1209 584 τὴν
1233 512 1326 566 τοῦ
1357 513 1529 566 καλοῦ
1559 514 1793 583 κίνησιν,

205 603 297 658 ἀτε
329 605 462 674 περὶ
501 603 650 658 Θεὸν
670 602 854 666 οὓσας,
887 603 981 656 καὶ
1006 603 1074 655 τὰ
1115 602 1306 673 πρῶτα
1334 605 1396 657 ὲκ
1425 603 1561 656 Θεοῦ
1587 604 1794 674 λαμπο-

209 695 372 766 μένας
393 712 405 726 ·
437 694 511 748 τὰ
534 695 656 768 γὰρ
681 693 934 755 ἐνταῦθα,
965 695 1222 767 δευτέρας
1245 695 1562 765 ὲλλάμψεως
1616 696 1797 749 Πείθει

204 785 256 838 δέ
295 801 384 854 με,
448 785 529 856 μὴ
579 787 893 856 ἀκινήτους,
925 785 1060 839 ἀλλά
1103 785 1473 857 δυσκινήτους.
1528 787 1619 839 καὶ
1663 788 1797 840 ὑπο-

205 875 504 946 λαμϐάνειν
539 878 772 943 ταύτας,
800 879 894 955 καὶτ
930 877 1128 946 λέγειν,
1164 879 1192 931 6
1215 878 1301 931 διὰ
1322 878 1419 949 τὴν
1442 877 1799 949 λαμπρότητα

213 967 558 1038 Ἑωσφόρος,
598 970 791 1031 σκότος
815 969 903 1023 διὰ
949 969 1046 1040 τὴν
1088 968 1320 1041 ἔπαρσιν
1360 969 1457 1022 καῖ
1483 971 1794 1040 γενόμενος,

201 1057 290 1110 καὶ
308 1058 644 1130 λεγόμενος,
671 1062 732 1114 αῖ
754 1079 812 1114 τε
841 1063 932 1114 ὑπ’
955 1061 1116 1114 αὑτὸν
1139 1062 1500 1115 ἀποστατικαὶ
1519 1062 1793 1132 δυνάμεις,

199 1148 529 1221 δημιουργοὶ
557 1154 661 1224 τῆς
690 1154 909 1219 κακίας,
931 1155 997 1224 τῇ
1026 1152 1119 1206 τοῦ
1153 1153 1517 1224 καλοῖνφυγῇ,
1547 1155 1641 1208 καὶ
1665 1156 1798 1225 ἡμῖν

199 1240 475 1312 πρόξενοι.

267 1427 320 1480 I'.
355 1426 527 1478 Οὕτω
564 1427 668 1498 μὲν
697 1422 790 1480 οὗν
833 1428 861 1480 6
903 1427 1092 1498 νοητὸς
1145 1427 1313 1498 αὐτῷ,
1371 1430 1466 1482 καὶ
1505 1429 1591 1481 διὰ
1628 1425 1798 1480 ταῦτα

202 1519 407 1587 ὑπέστη
444 1518 688 1587 κόσμος,
732 1519 805 1583 ὼς
848 1519 948 1589 ἐμὲ
995 1519 1122 1587 γοῦν
1173 1519 1300 1588 περὶ
1340 1519 1544 1576 τούτων
1587 1521 1800 1588 φιλοσο-

203 1610 630 1682 φῆσαιημικρῷ
655 1611 798 1681 λόγῳ
836 1610 904 1663 τά
953 1611 1164 1682 μεγάλα
1203 1610 1611 1681 σταθμώμενον.
1649 1612 1800 1664 Ἐπεὶ

201 1701 252 1754 δὲ
277 1702 346 1754 τὰ
385 1701 597 1770 πρῶτα
632 1701 811 1765 καλῶς
853 1697 996 1772 εἶχεν
1028 1702 1196 1773 αὐτῷ,
1230 1702 1479 1772 δεύτερον
1508 1706 1678 1755 ἐννοεί
1709 1704 1799 1756 κό-

201 1809 333 1862 σμον
382 1792 584 1844 ὑλικὸν
635 1793 731 1845 καὶ
779 1791 1052 1863 ἐρώμενον
1079 1811 1092 1824 ’
1129 1793 1223 1846 καὶ
1273 1789 1425 1855 οὗτός
1474 1794 1589 1845 ἐστι
1635 1797 1696 1846 τδ
1740 1795 1796 1860 ἐξ
1831 1773 1871 1825 Β

201 1881 432 1954 οὖρα·ιοῦ
475 1884 580 1936 καὶ
621 1885 745 1952 γῆς,
793 1885 884 1936 καὶ
917 1883 1023 1936 τῶν
1065 1886 1122 1936 ὲν
1156 1885 1306 1954 μέσῳ
1337 1884 1592 1954 σύστημα
1619 1901 1677 1938 τε
1706 1885 1798 1938 καὶ

202 1977 515 2048 σύγκριμα,
549 1976 836 2028 ἐπαινετὸν
864 1975 963 2046 μὲν
999 1978 1097 2046 τῆς
1139 1976 1263 2044 καθ’
1288 1976 1518 2028 ’ἑκαστον
1547 1976 1796 2044 εὐφυΐας,

203 2066 740 2138 ἀξιεπαινετὼτερον
777 2067 832 2120 δὲ
879 2068 977 2137 τῆς
1017 2067 1074 2131 ἐξ
1142 2068 1394 2120 ἁπάντων
1436 2069 1800 2139 εὐαρμοστίας

203 2160 294 2212 καὶ
329 2159 690 2230 συμφωνίας,
724 2158 882 2211 ἄλλου
929 2159 1064 2230 πρὸς
1102 2158 1228 2212 ἄλλο
1263 2175 1313 2211 τι
1345 2158 1522 2222 καλῶς
1561 2158 1795 2228 ἔχοντος,

206 2254 296 2307 καὶ
325 2253 558 2306 πάντων
602 2252 739 2321 πρὸς
772 2252 1006 2313 ἅπαντα,
1048 2252 1127 2314 είς
1173 2251 1291 2313 ἐνὸς
1321 2252 1526 2321 κόσμου
1553 2251 1802 2322 συμπλή-

208 2361 410 2414 ρωσιν·
463 2345 557 2397 ἵνα
601 2343 770 2414 δείξῃ,
817 2343 890 2414 μὴ
946 2342 1104 2413 μόνον
1151 2343 1356 2396 οἰκείαν
1402 2343 1582 2414 ἑαυτῷ
1613 2343 1796 2412 φύσιν,

208 2434 340 2488 ἀλλὰ
384 2436 488 2488 καὶ
534 2435 717 2505 πάντη
768 2435 924 2504 ξένην
981 2434 1389 2506 ὑποστήσασθαι
1431 2435 1656 2498 δυνατὸς
1701 2435 1797 2491 ὥν.

208 2527 420 2579 Οίκεῖον
466 2526 575 2596 μὲν
612 2525 721 2596 γὰρ
748 2525 1019 2598 θεότητος,
1057 2528 1110 2580 αί
1149 2527 1335 2598 νοεραὶ
1364 2527 1572 2594 φύσεις,
1611 2527 1705 2581 καὶ
1725 2527 1802 2598 νῷ

191 2617 356 2688 ,μόνῳ
403 2617 657 2688 ληπταί·
692 2618 841 2685 ξένον
873 2619 930 2672 δὲ
969 2619 1315 2673 παντάπασιν
1357 2619 1490 2688 (25),
1532 2621 1654 2673 ὅσαι
1698 2621 1802 2674 ὑπὸ

209 2708 304 2779 τὴν
349 2709 636 2780 αἴσθησιν,
691 2712 786 2764 καὶ
832 2709 1038 2763 τούτων
1088 2711 1268 2764 αὐτῶν
1316 2711 1397 2763 ἔτι
1439 2711 1798 2784 πορρωτέρω,

210 2799 329 2852 ὅσαι
358 2801 650 2864 παντελῶς
682 2800 879 2870 ἅψυχοι
904 2802 998 2855 καὶ
1024 2802 1272 2872 ἀκίνητοι
1289 2816 1302 2830 ’
1339 2801 1499 2855 Ἀλλά
1523 2803 1574 2854 τί
1599 2803 1801 2856 τούτων

215 2891 375 2960 ἡμῖν,
419 2893 570 2962 τάχα
623 2892 688 2946 ἂν
731 2895 873 2947 εἴποι
908 2912 991 2957 τις
1044 2895 1154 2947 τῶν
1197 2894 1318 2947 λίαν
1367 2895 1668 2966 φιλεόρτων
1709 2895 1803 2948 καὶ

216 2979 606 3056 θερμοτέρωνς
655 2985 852 3038 Κέντει
897 2985 989 3040 τὸν
1034 2986 1211 3041 πῶλον
1243 2987 1355 3058 (24)
1391 2988 1520 3058 περὶ
1551 2987 1650 3056 τὴν
1679 2985 1804 3040 νύσ-

1900 529 2019 568 mus
2052 515 2230 569 dicere
2270 516 2338 569 ad
2379 516 2575 570 malum
2602 517 2923 582 immobiles,
2958 527 3120 589 atque
3166 520 3231 573 ad
3267 522 3465 579 bonum

1899 607 2163 660 duntaxat
2216 607 2561 678 agitationem
2600 608 2878 678 habentes,
2918 621 3102 680 utpme
3158 611 3327 668 Deum
3361 616 3468 670 cir-

1900 707 2266 764 cumstantes,
2313 713 2378 754 ac
2432 700 2690 769 primario
2744 700 2838 756 Dei
2891 700 3094 773 fulgore
3143 705 3466 761 collucentes

1900 785 2035 855 (haec
2063 788 2205 841 enim
2238 787 2493 843 inferiora
2511 789 2841 844 secundaria:
2865 791 3268 848 illuminationis
3295 796 3463 864 sunt);

1900 891 2084 932 verum
2115 887 2171 932 ut
2208 895 2312 933 non
2345 880 2564 934 omnino
2595 880 2916 946 immobiles,
2943 884 3036 937 sed
3071 899 3210 954 argre
3241 886 3465 941 mobiles

1899 970 2206 1024 existimem
2243 985 2307 1024 ac
2347 971 2547 1037 dicam,
2585 972 2714 1026 mihi
2751 975 3037 1042 persuadet
3074 976 3160 1030 ille
3187 976 3257 1030 ob
3291 977 3469 1045 splen-

1900 1062 2083 1118 dorem
2138 1061 2372 1122 anifer,
2405 1063 2494 1131 qui
2546 1074 2766 1134 propter
2811 1066 3114 1134 superbiam
3167 1067 3359 1134 caligo,
3413 1077 3468 1122 et

1898 1151 2119 1207 ell‘ectns
2140 1162 2242 1216 est,
2279 1161 2332 1206 et
2363 1153 2690 1219 nominatur,
2720 1170 2785 1208 ac
2832 1155 3082 1224 subjecta:
3107 1157 3208 1224 ipsi
3241 1157 3466 1212 rebelles

1900 1253 2211 1313 potestates,
2247 1259 2365 1312 qnte
2412 1257 2507 1313 per
2534 1245 2655 1298 boni
2703 1245 2886 1316 fugam
2921 1247 3108 1300 vitium
3153 1246 3462 1312 effecerunt,

1901 1335 2136 1405 illudque
2165 1336 2320 1389 nobis
2359 1345 2762 1391 contraxerunt.

1968 1428 2036 1482 Χ.
2068 1429 2157 1483 Sic
2199 1429 2378 1499 igitur,
2417 1440 2578 1501 atque
2612 1433 2681 1486 ob
2742 1433 2840 1487 has
2877 1449 3092 1498 causas,
3139 1435 3466 1492 intellectilis

1901 1523 2129 1574 mundus
2163 1522 2228 1574 ab
2259 1536 2323 1574 eo
2347 1532 2561 1576 creatus
2583 1533 2684 1588 est,
2713 1533 2969 1591 quantum
3006 1526 3217 1594 quidem
3261 1527 3373 1596 ipse
3399 1529 3464 1583 de

1901 1611 1984 1666 his
2012 1614 2168 1666 rebus
2196 1614 2559 1682 philosophari
2580 1629 2738 1682 queo,
2761 1616 2951 1684 exigua
2972 1618 3216 1670 oratione
3242 1633 3326 1672 res
3355 1635 3471 1671 ma-

1900 1719 2031 1772 gnas
2074 1704 2247 1774 669
2287 1707 2612 1780 expcndens,
2650 1705 3006 1775 Posteaquam
3047 1715 3223 1760 autem
3268 1708 3468 1773 primas

1899 1796 2188 1850 creationis
2220 1804 2400 1866 partes
2423 1797 2678 1865 prmclare
2712 1799 3031 1854 constitutas
3055 1800 3205 1864 vidit,
3230 1799 3457 1855 altermn

1900 1889 2154 1942 mundum
2184 1890 2404 1942 materia
2427 1898 2839 1944 constantemet
2867 1891 3245 1958 aspectabilem
3266 1892 3466 1962 rogita-

1901 1981 2002 2045 vit;
2027 1980 2162 2035 hanc
2190 1980 2443 2034 nimirum
2462 1995 2527 2034 ex
2552 1979 2691 2035 cmlo
2716 1987 2768 2033 et
2791 1989 2954 2044 terra,
2976 1991 3029 2033 et
3049 1981 3129 2035 bis
3149 1981 3327 2044 rebus,
3345 1997 3464 2050 quae

1898 2087 2082 2127 eorum
2111 2072 2394 2141 complexu
2437 2073 2802 2138 continentur,
2845 2072 3367 2141 coagmentationem
3412 2081 3471 2126 et

1899 2165 2319 2228 concretionem,
2341 2165 2667 2218 laudandam
2702 2164 2847 2218 illam
2878 2164 3114 2232 quidem,
3138 2163 3208 2217 ob
3237 2162 3471 2232 singula-

1901 2273 2018 2312 rum
2052 2257 2284 2327 partium
2322 2256 2670 2326 elegantiam,
2710 2271 2892 2310 verum
2941 2255 3350 2310 laudabiliorem
3401 2258 3471 2308 ob

1899 2362 2042 2410 eam,
2073 2363 2192 2416 quae
2223 2362 2288 2402 ex
2321 2348 2592 2402 universis
2612 2347 2845 2410 exsistit,
2875 2347 3287 2401 concinnitatem
3311 2355 3474 2416 atque

1901 2438 2267 2502 concordiam,
2327 2437 2430 2492 alia
2497 2453 2555 2492 re
2599 2437 2847 2492 videlicet
2891 2451 3016 2491 cum
3079 2435 3182 2491 alia
3237 2437 3470 2505 quadam

1902 2528 2126 2598 pulchre
2156 2528 2479 2597 quadrante,
2507 2537 2668 2597 atque
2715 2527 2964 2582 omnibus
3008 2542 3129 2581 cum
3178 2526 3466 2591 universis,

1902 2620 1969 2674 ad
1995 2620 2154 2674 unius
2185 2618 2369 2672 mundi
2407 2629 2657 2672 ornatum
2697 2619 2948 2672 omnibus
2995 2618 3238 2672 numeris
3288 2617 3473 2674 absol-

1902 2711 2133 2766 vendum
2170 2730 2182 2765 :
2212 2720 2270 2765 ut
2313 2711 2438 2764 illud
2480 2711 2816 2773 ostenderet,
2851 2724 2910 2764 se
2936 2725 3040 2763 non
3078 2710 3234 2764 modo
3263 2708 3474 2779 sibiipsi

1903 2813 2185 2872 cognatam
2217 2811 2270 2856 et
2315 2802 2673 2873 propinquam
2723 2809 2992 2864 naturam,
3027 2801 3118 2854 sed
3161 2800 3324 2855 etiam
3358 2815 3478 2855 om-

1903 2894 2032 2948 nino
2061 2894 2290 2949 alienam
2313 2908 2468 2964 posse
2504 2906 2810 2960 procreare.
2854 2891 3158 2945 Divinitatis
3186 2892 3328 2944 enim
3354 2904 3477 2959 pro-

1903 2983 2116 3054 pinquae
2143 2991 2268 3037 sunt
2305 2990 2507 3035 natura:
2561 2990 2740 3034 mente
2767 2979 3027 3050 praedita},
3063 2990 3117 3033 et
3148 2993 3268 3046 qua:
3298 2989 3479 3034 mente

221 3089 333 3128 σαν.
375 3073 459 3128 Τὰ
486 3077 591 3146 τῆς
625 3077 816 3148 ἑορτῆς
848 3078 978 3149 ήμῖν
1010 3079 1310 3149 φιλοσόφει,
1347 3080 1442 3134 καὶ
1480 3075 1561 3143 οἷς
1592 3096 1801 3150 προκα-

1908 3076 2014 3131 sola
2040 3074 2238 3144 percipi
2276 3082 2497 3144 possunt
2530 3089 2543 3126 :
2579 3072 2768 3127 alienae
2800 3080 2982 3125 autem
3036 3083 3278 3138 prorsus,
3321 3084 3476 3138 quar-

217 3161 486 3236 θεζόμεθα
529 3169 793 3240 σήμερον.
837 3169 1010 3223 Τοῦτο
1039 3171 1102 3240 δὴ
1133 3172 1228 3226 καὶ
1244 3173 1475 3242 ποιήσω,
1507 3171 1600 3225 καὶ
1625 3173 1672 3224 εί
1714 3188 1802 3240 μι-

220 3255 347 3326 κρὸν
377 3259 591 3312 ἄνωθεν
620 3260 896 3332 ἠρξάμην,
928 3260 1068 3315 οὕτω
1097 3263 1189 3316 τοῦ
1213 3262 1378 3316 πόθου
1407 3263 1501 3316 καὶ
1527 3262 1620 3315 τοῦ
1643 3262 1802 3329 λόγου

220 3344 569 3420 βιασαμένων
604 3351 739 3422 (25).

221 3451 282 3492 ex
323 3439 427 3505 bis,
468 3443 562 3512 qui
594 3441 750 3498 festis
793 3443 1088 3514 impensius
1127 3445 1485 3511 delectantur,

1908 3182 2119 3238 cunque
2145 3165 2248 3222 sub
2279 3180 2468 3220 sensus
2495 3166 2712 3230 cadunt,
2738 3164 2927 3232 bisque
2977 3162 3106 3230 ipsis
3136 3161 3346 3230 longius
3375 3161 3472 3214 ad-

1910 3260 2016 3312 huc
2061 3267 2297 3319 remoue,
2327 3269 2445 3325 qua:
2487 3255 2664 3307 anima
2702 3267 2921 3322 prorsus
2973 3261 3028 3306 et
3080 3261 3229 3304 motu
3269 3257 3476 3304 carent.

1913 3347 2020 3403 Sed
2041 3363 2295 3417 quorsum
2325 3347 2439 3400 haec
2470 3347 2536 3400 ad
2570 3359 2687 3408 nos,
2720 3343 2920 3398 dixerit
2946 3342 3178 3398 fortasse
3207 3341 3478 3412 quispiam

1564 3457 1629 3498 ac
1697 3439 1972 3498 fervidiori
2030 3439 2212 3498 animo
2273 3436 2444 3492 sunt?
2496 3435 2703 3504 Equum
2753 3437 2821 3491 ad
2873 3445 3068 3490 metam
3112 3433 3351 3488 stimula.
3405 3432 3481 3486 De

225 3530 310 3600 iis,
357 3550 487 3605 quae
546 3535 616 3590 ad
679 3537 876 3592 festum
913 3541 1162 3606 attinent,
1190 3550 1244 3594 et
1284 3541 1352 3594 ob
1389 3556 1506 3610 quae
1559 3538 1722 3593 hodie
1778 3536 2121 3603 assidemus,
2173 3532 2570 3603 philosOphare.
2629 3532 2742 3588 Hoc
2789 3530 3051 3603 ,equidem
3101 3530 3320 3597 faciam,
3378 3534 3481 3588 etsi

223 3629 373 3698 paulo
400 3631 571 3687 altius
618 3647 842 3688 exorsus
874 3649 1014 3696 sum,
1045 3647 1167 3687 cum
1203 3632 1526 3686 desiderium
1556 3641 1610 3685 et
1643 3629 1905 3686 orationis
1926 3629 2093 3682 series
2131 3625 2194 3678 ad
2224 3625 2276 3678 id
2301 3634 2515 3693 cogant.

289 3724 393 3778 IA'.
424 3722 579 3788 Νοῦς
619 3725 716 3794 μὲν
757 3720 850 3778 οὖν
901 3725 1002 3796 ἤδη
1054 3725 1149 3778 καὶ
1194 3724 1446 3794 αἴσθησις
1478 3721 1810 3793 (26),οὓτως

226 3808 312 3863 ἀπ’
367 3813 619 3885 ἀλλήλων
680 3813 1062 3886 διακριθέντα,
1115 3814 1224 3867 τῶν
1277 3814 1421 3868 ἰδίων
1469 3815 1609 3884 ὅρων
1658 3811 1808 3876 ὲντδς

227 3904 589 3977 εἰστήκεισαν,
623 3907 714 3960 καὶ
746 3907 807 3960 τὸ
833 3907 926 3960 τοῦ
958 3906 1290 3978 δημιουργοῦ
1321 3907 1493 3974 Λόγου
1526 3905 1809 3976 μεγαλεῖον

229 3994 281 4048 ὲν
325 3997 544 4062 ἑαυτοῖς
596 3998 810 4068 ἔφερον,
874 3999 1134 4066 σιγῶντες
1174 3999 1454 4051 ἐπαινέται
1493 3999 1592 4068 τῆς
1638 4013 1809 4068 μεγα-

228 4085 502 4160 λουργίας,
519 4092 615 4143 καὶ
641 4090 952 4162 διαπρύσιοι
978 4092 1237 4163 κήρυκες.
1263 4089 1430 4143 Οὔπω
1451 4086 1595 4160 δὲῆν
1618 4090 1809 4161 κρᾶμα

231 4177 288 4244 ἐξ
322 4181 674 4252 ἀμφοτέρων,
728 4181 850 4236 οὐδέ
885 4199 969 4246 τις
1029 4182 1174 4252 μίξις
1226 4181 1335 4235 τῶν
1389 4182 1664 4243 ἐναντίων,
1721 4192 1861 4239 σο-’.

233 4268 350 4336 φίας
398 4271 651 4341 μείζονος
697 4269 1005 4341 γνώρισμα,
1057 4271 1150 4323 καὶ
1175 4273 1273 4340 τῆς
1316 4270 1445 4339 περὶ
1482 4267 1579 4331 τὰς
1617 4266 1809 4336 φύσεις

235 4358 607 4424 πολυτελείας·
653 4361 773 4414 οὐδὲ
818 4364 846 4415 ὁ
897 4363 1006 4424 πᾶς
1057 4360 1284 4422 πλοῦτος
1337 4364 1436 4430 τῆς
1474 4359 1810 4428 ἀγαθότητος

238 4448 530 4523 γνώριμος.
579 4451 751 4505 Τοῦτο
796 4453 859 4524 δὴ
908 4451 1187 4524 βουληθεὶς
1237 4454 1265 4504 ό
1317 4450 1566 4520 τεχνίτης
1609 4448 1811 4502 ἐπιδεί-

237 4536 420 4603 ξασθαι
453 4541 648 4610 Λόγος,
690 4544 784 4595 καὶ
828 4543 965 4608 ζῶον
997 4543 1054 4596 ἒν
1093 4542 1152 4607 ἐξ
1191 4541 1538 4612 ἀμφοτέρων,
1573 4540 1807 4612 ἀοράτου

239 4646 292 4683 τε
312 4631 454 4702 λέγω
482 4634 577 4686 καὶ
604 4635 810 4708 ὁρατῆς
839 4634 1073 4702 φύσεως,
1121 4634 1444 4706 δημιουργεῖ
1471 4634 1565 4684 τὸν
1602 4631 1810 4702 ἄνθρω-

239 4735 354 4772 πον·
398 4724 494 4775 καὶ
536 4723 688 4793 παρά
731 4724 829 4793 μὲν
865 4725 962 4794 τῆς
1016 4722 1149 4793 ὕλης
1199 4723 1378 4776 λαϐὼν
1413 4722 1472 4776 τὸ
1504 4722 1663 4793 σῶμα
1705 4721 1806 4792 ήδη

242 4814 671 4886 προῦποστάσης,
709 4817 838 4886 παρ’
870 4793 1062 4869 ἑαυτοῦ
1109 4815 1167 4868 δὲ
1216 4815 1382 4886 πνοὴν
1418 4816 1528 4885 (27)
1561 4813 1734 4876 ἐνθεὶς
1762 4813 1810 4884 (δ
1842 4793 1885 4850 D

241 4900 298 4972 δὴ
343 4905 538 4976 νοεράν
586 4905 766 4977 ψυχὴν
819 4907 914 4960 καὶ⁵
951 4907 1135 4960 εἰκόνα
1170 4905 1304 4959 Θεοῦ
1355 4903 1493 4959 οἶδεν
1535 4908 1564 4958 6
1605 4904 1803 4976 λόγος),

305 5087 414 5159 (23)
456 5087 647 5143 Ξένον
677 5087 745 5159 δὲ
778 5089 1180 5151 παντάπασ.ι·,
1209 5098 1313 5145 etc.
1369 5086 1490 5141 llaec
1529 5088 1607 5142 sic
1643 5102 1806 5156 expo-

246 5156 324 5212 nit'
344 5159 559 5214 Nicetes
590 5177 604 5213 :
634 5178 654 5211 ι
685 5158 898 5214 Natura:
915 5176 1037 5228 qua:
1071 5161 1122 5214 in
1149 5173 1337 5213 sensus
1366 5159 1584 5224 cadunt,
1613 5159 1801 5213 alienae

247 5238 355 5298 sunt
385 5245 413 5282 a
451 5229 560 5284 Deo
585 5230 796 5284 ratione
831 5227 1054 5292 naturae,
1093 5245 1156 5285 eo
1177 5228 1318 5298 quod
1361 5227 1559 5282 nullam
1591 5245 1711 5283 cum
1738 5242 1803 5283 eo

247 5297 602 5354 similitudinis
637 5300 901 5354 rationem
959 5297 1212 5356 habeant.
1277 5297 1490 5358 Verum,
1544 5308 1803 5365 quantutu

246 5369 306 5420 ad
324 5368 615 5424 creationis
649 5379 703 5424 et
730 5368 1088 5432 Prwideutiaa
1115 5371 1403 5433 rationem,
1444 5368 1588 5422 nulla
1611 5379 1803 5423 natura

247 5446 317 5492 est
341 5452 370 5490 ι
385 5439 501 5494 Deo
526 5439 723 5494 aliena.
745 5457 765 5490 ι

309 5508 417 5616 (2'4)
433 5507 646 5616 ire"?
661 5508 774 5616 for
1055 5518 1190 5616 etc.|
1214 5511 1440 5566 Ruﬁnus
1463 5508 1806 5616 pr‘qveﬁbium

248 5573 377 5632 istud
401 5573 482 5635 sic
518 5581 680 5634 vertit
711 5595 726 5634 :
774 5599 792 5632 ι
821 5580 959 5646 Quid
984 5573 1097 5637 haec
1125 5584 1191 5637 ad
1229 5573 1484 5636 causam?
1518 5580 1654 5647 Quid
1683 5594 1806 5634 cur-

252 5659 332 5702 rus
365 5651 480 5718 agis
507 5659 660 5721 extra
709 5649 952 5721 metam?
994 5650 1084 5705 Illa
1118 5653 1292 5719 nobis,
1330 5668 1449 5721 qua:
1476 5655 1540 5706 ad
1563 5649 1791 5706 solemni

253 5723 400 5772 tatem
428 5719 723 5791 pertinent,
751 5720 972 5776 dissere.
994 5737 1016 5767 ι

1981 3715 2072 3771 XI.
2107 3715 2394 3770 Enimvero
2441 3731 2592 3771 mens
2623 3716 2733 3786 jam
2773 3724 2828 3772 et
2869 3730 3080 3782 sensus,
3123 3713 3203 3770 sic
3245 3715 3388 3772 inter
3423 3729 3484 3770 se

1911 3811 2165 3876 discreta,
2221 3809 2422 3865 finibus
2467 3810 2580 3866 suis
2620 3825 2680 3866 se
2736 3811 3120 3878 continebant,
3164 3811 3480 3881 opiﬁcisque

1908 3901 2069 3957 Verbi
2117 3902 2452 3972 majestatem
2498 3901 2554 3956 in
2592 3902 2785 3972 seipsis
2811 3903 3074 3968 ferebant,
3107 3905 3250 3959 taciti
3298 3904 3484 3960 lauda-

1909 4004 2053 4050 tores
2088 3994 2312 4063 insignis
2353 3993 2574 4062 opilicii,
2624 4003 2678 4048 et
2719 3995 2958 4050 celebres
2993 4010 3288 4065 praecones.
3331 3995 3480 4052 Non-

1909 4084 2034 4139 dum
2087 4093 2265 4138 autem
2323 4083 2606 4153 utriusque
2667 4085 2984 4154 temperatio
3036 4086 3140 4140 ulla
3200 4097 3339 4152 erat,
3385 4098 3480 4142 aut

1909 4177 2305 4231 contrariorum
2348 4175 2604 4240 mistnra,
2651 4191 2770 4245 quae
2821 4177 3151 4233 sublimioris
3197 4179 3474 4247 sapientiae

1909 4282 1974 4322 ac
2006 4268 2150 4322 circa
2196 4277 2508 4322 naturarum
2541 4267 2868 4322 creationem
2904 4269 3180 4324 varietatis
3218 4281 3273 4324 et
3299 4271 3480 4324 excel-

1908 4359 2084 4414 lentia:
2109 4359 2379 4428 specimen
2405 4357 2720 4424 exhiberet;
2764 4373 2862 4413 nec
2889 4373 3078 4413 omnes
3104 4361 3359 4416 bonitatis
3389 4363 3476 4414 di-

1908 4450 2050 4504 vitiae
2094 4459 2231 4502 notae
2265 4459 2427 4516 atque
2475 4455 2731 4517 spectata:
2774 4457 2946 4501 erant.
2974 4447 3108 4503 Cum
3141 4450 3302 4520 igitur
3341 4453 3476 4506 arti-

1911 4539 1996 4594 Ilci
2022 4537 2196 4594 Verbo
2223 4537 2364 4594 istud
2398 4539 2684 4594 ostendere
2720 4538 3026 4608 placuisset,
3066 4540 3266 4595 animal
3311 4556 3474 4597 unum

1911 4648 1976 4688 ex
2010 4640 2259 4700 utroque,
2289 4630 2388 4683 boc
2411 4637 2512 4693 est,
2549 4642 2614 4683 ex
2642 4629 2894 4685 invisibili
2939 4645 3004 4686 ac
3034 4631 3231 4686 visibili
3278 4640 3468 4687 natura

1912 4723 2182 4780 hominem
2234 4719 2566 4786 fabricatur;
2615 4731 2778 4790 atque
2821 4737 2851 4776 a
2885 4723 3132 4788 materia,
3167 4739 3288 4794 quae
3330 4726 3482 4793 prius

1911 4817 2024 4888 jam
2051 4823 2230 4869 creata
2257 4821 2393 4878 erat,
2427 4828 2622 4882 corpus
2647 4815 2939 4885 accipiens,
2971 4832 3001 4870 a
3031 4831 3089 4871 se
3113 4826 3289 4872 autem
3318 4819 3487 4888 Spira-

1919 4904 2096 4961 culum
2131 4905 2375 4959 inserens
2415 4901 2580 4974 (quod
2621 4905 2842 4974 quidem
2894 4906 3308 4964 intellectualem
3364 4908 3486 4964 ani-

1989 5087 2102 5159 (25)
2139 5088 2301 5142 Οὕτω
2338 5087 2444 5143 τοῦ
2479 5091 2667 5145 πόθου
2700 5089 2798 5144 καὶ
2837 5088 2944 5143 τοῦ
2973 5088 3158 5158 λόγου
3188 5087 3487 5158 βιασαμέ-

1909 5177 2050 5230 [om
2111 5159 2461 5230 jrbesiderio.
2525 5168 2580 5214 et
2605 5160 2867 5216 orationis
2918 5160 3059 5214 serie
3095 5162 3430 5230 cogentibus.
3461 5179 3481 5212 ι

1911 5228 2034 5282 Haec
2058 5245 2085 5281 a
2109 5228 2264 5282 Billio
2297 5230 2520 5283 omissa.

1982 5299 2094 5369 (26)
2127 5297 2289 5364 Νοῦς
2417 5299 2516 5352 καὶ
2545 5300 2851 5368 αῖσθησις.
2883 5299 3192 5369 Gregorius,
3223 5296 3372 5366 juxta
3400 5298 3489 5350 Ni-

1909 5379 2108 5433 cetam,
2157 5385 2250 5437 per
2311 5386 2330 5418 t
2359 5378 2637 5423 mentem:
2699 5370 2951 5440 intelligit
2993 5386 3018 5440 «ν
3046 5370 3340 5436 angelos“
3394 5383 3490 5440 per

1921 5455 1942 5490 ι
1967 5454 2185 5494 sensum
2210 5457 2228 5490 ι
2288 5452 2440 5502 vero,
2491 5456 2511 5490 ι
2537 5441 2814 5506 mundum,
2845 5439 2895 5492 i’
2933 5439 3026 5509 qui
3049 5452 3224 5508 sensu
3255 5439 3491 5508 percipi-

1917 5517 2023 5564 tur.

1988 5579 2111 5651 (2η
2134 5577 2371 5651 Πνοήλνη
2398 5577 2770 5651 ιὸρίιιεειιιωη
2823 5598 2841 5632 ι
2887 5577 3490 5651 SictresReggnqna-

1923 5648 2516 5722 IIIOI'COIIIHACOISIJ,
2574 5651 2746 5705 (Il-iw
2805 5651 2895 5707 Sic
2934 5650 3093 5706 ctiam
3127 5648 3486 5722 ‘cgitBillius.

1922 5718 1980 5774 lu
2011 5720 2120 5775 ed..
2157 5719 2326 5792 ζωήν,
2358 5738 2377 5771 ι
2401 5719 2577 5774 vitam.
2610 5737 2630 5772 ι
