4010 6316
512 281 620 337 535

1719 279 1777 336 s.
1819 279 2152 342 cnseonu
2189 277 2532 338 TllEOLOGl
2567 255 2574 258 ’

3657 289 3779 345 32.4!

515 414 678 465 mam,
713 396 916 468 Deique
969 395 1257 467 imaginem
1294 393 1572 465 Scriptura
1604 394 1805 465 vocat),
1843 397 1986 450 velut
2012 397 2079 448 al-

2192 392 2304 449 οἷόν
2331 413 2452 449 τινα
2480 395 2683 465 κόσμον
2712 394 2979 468 δεύτερον,
3009 397 3067 451 ὲν
3101 397 3283 470 μικρῷ
3323 399 3514 470 μέγαν,
3544 401 3638 458 ἐπὶ
3663 406 3781 477 τῆς

516 503 691 548 terum
735 489 1018 558 quemdam
1069 487 1346 552 mundum,
1404 486 1456 539 in
1505 500 1671 554 parvo
1713 501 1985 555 magnum,
2025 486 2075 540 in

516 582 917 645 terracollocat,
963 579 1216 651 angelum
1240 578 1426 642 alium,
1460 579 1682 632 mistum
1711 580 2075 643 adoratorem,

427 698 433 704 -
513 673 740 727 visibilis
790 682 996 726 naturae
1045 677 1436 740 spectatorem,
1469 667 1798 724 iutellectilis
1844 677 2075 738 mysten,

512 777 696 819 eorum
747 761 983 831 quidem,
1022 776 1140 832 quae
1179 760 1231 814 in
1279 768 1419 814 terra
1450 768 1596 824 sunt,
1639 773 1838 828 regem,
1868 761 2076 828 superis

512 860 689 907 autem
720 853 1009 918 subditum,
1059 861 1328 906 terrenum
1383 861 1438 906 et
1483 850 1778 916 cmlestem,
1817 851 2076 906 caducum

511 955 564 999 et
593 943 1273 1010 immortalem,‘visibilem
1308 953 1362 998 et
1395 943 1810 1013 intelligibilem,
1847 943 2078 997 medium

508 1037 673 1108 6'10
698 1037 836 1092 inter
853 1037 1275 1107 magnitudinem
1305 1044 1359 1089 et
1387 1035 1782 1100 humilitatem;
1807 1034 2077 1100 eumdem,

511 1131 759 1200 spiritum
800 1138 854 1183 et
910 1143 1166 1194 carnem;
1213 1127 1480 1198 spiritum,
1539 1135 1757 1196 propter
1807 1126 2078 1197 gratiam;

510 1235 751 1285 carnem,
782 1219 851 1272 ob
877 1219 1181 1289 superbiam
1218 1236 1231 1272 :
1262 1217 1408 1282 illud,
1449 1225 1505 1270 ut
1553 1226 1786 1282 maneat,
1817 1231 1880 1271 ac
1911 1218 2076 1271 bene.

511 1313 731 1366 factoris
758 1312 987 1381 gloriam
1028 1311 1320 1380 praedicet;
1348 1310 1470 1374 hoc,
1508 1317 1570 1363 ut
1608 1318 1851 1368 vexetur,
1887 1322 1950 1361 ac
1983 1322 2078 1376 per

511 1405 826 1458 vexationes
876 1397 1247 1468 admoneatur,
1291 1411 1343 1455 et
1400 1401 1468 1456 ob
1509 1401 1929 1470 magnitudinem
1966 1400 2081 1470 glo-

513 1494 660 1550 rians
684 1495 966 1548 erudiatur
999 1502 1161 1563 atque
1189 1492 1524 1562 castigetur;
1556 1490 1754 1546 animal
1781 1491 1865 1544 hic.
1893 1492 2082 1560 guber-

512 1595 719 1652 natum,
773 1595 934 1656 atque
991 1585 1097 1639 alio
1150 1583 1475 1652 demigrans,
1513 1591 1588 1647 et,
1639 1583 1781 1652 quod
1831 1582 2080 1653 mysterii

511 1687 809 1732 extremum
843 1687 944 1743 est,
997 1693 1092 1748 per
1123 1675 1288 1730 animi
1327 1677 1390 1729 ad
1444 1675 1611 1730 Deum
1663 1675 2074 1744 pr0pensi0nem

2185 487 2290 557 γῆς
2330 487 2561 558 ἵστησιν,
2619 486 2849 557 ἄγγελον
2901 489 3078 555 ἄλλον,
3133 495 3510 565 προσκυνητὴν
3551 494 3777 564 μικτὸν,

2183 578 2426 650 ἐπόπτην
2461 579 2561 649 τῆς
2587 581 2788 651 ὁρατῆς
2818 581 3068 644 κτίσεως,
3095 582 3303 654 μύστην
3325 584 3422 654 τῆς
3443 585 3775 657 νοουμένης,

2184 666 2406 738 βασιλέα
2446 668 2555 721 τῶν
2594 669 2686 722 ἐπὶ
2729 670 2852 740 γῆς,
2902 672 3320 745 βασιλευόμενον
3365 675 3590 743 ἄνωθεν,
3645 679 3780 733 ἐπί-

2181 773 2329 824 γειον
2367 756 2461 810 καὶ
2493 758 2763 828 οὐράνιον,
2798 761 3132 832 πρόσκαιρον
3178 764 3271 816 καὶ
3311 763 3596 824 ἀθάνατον.
3627 767 3780 837 ὁρα-

2180 849 2270 902 τὸν
2293 853 2386 905 κοιλ⁴
2415 853 2718 923 νοούμενον,
2757 852 2920 924 μέσον
2946 852 3204 924 μεγέθους
3230 854 3323 906 καὶ
3344 856 3729 927 ταπεινότητος
3755 871 3776 887 ⁸

2181 941 2273 994 τὸν
2296 942 2476 1008 αὐτὸν,
2509 943 2727 1014 πνεῦμα
2752 944 2845 998 καὶ
2874 944 3084 1015 σάρκα·
3100 941 3330 1015 ’πνεῦμα
3349 945 3436 999 διὰ
3457 947 3552 1018 τὴν
3580 949 3771 1018 χάριν,

2185 1034 2365 1104 σάρκα
2410 1034 2496 1088 διὰ
2535 1036 2634 1107 τὴν
2669 1035 2936 1106 ἔπαρσινο
2977 1035 3037 1088 τὸ
3080 1035 3210 1106 μὲν,
3249 1037 3334 1090 ἵνα
3391 1038 3526 1111 μένῃ
3564 1039 3661 1091 καὶ
3693 1039 3782 1092 δο-

2185 1126 2320 1197 ξάζῃ
2363 1127 2454 1181 τὸν
2507 1129 2836 1199 εὐεργέτην·
2884 1128 2946 1181 τὸ
2981 1127 3070 1194 δὲ,
3121 1129 3207 1182 ἵνα
3267 1124 3481 1201 πάσχῃ,
3534 1132 3630 1185 καὶ
3672 1133 3782 1186 πά-

2186 1235 2328 1289 σχων
2349 1218 2459 1291 (28)
2480 1217 2965 1292 ύπομιμνήσκηται
2993 1221 3088 1274 καὶ
3109 1221 3428 1292 παιδεύηται
3449 1222 3526 1293 τῷ
3546 1223 3781 1292 μεγέθει

2185 1311 2637 1384 φιλοτιμούμενος
2668 1312 2810 1384 (29)·
2854 1312 2991 1376 ζῶον
3027 1313 3258 1366 ἐνταῦθα
3292 1313 3777 1384 οἱκονομούμενον,

2184 1403 2280 1456 καὶ
2311 1403 2543 1475 ἀλλαχοῦ
2578 1405 2990 1476 μεθιστάμενον,
3018 1406 3114 1461 κα).
3142 1407 3317 1477 πέρας
3341 1407 3434 1460 τοῦ
3467 1409 3778 1479 μυστηρίου

2183 1495 2250 1564 τῇ
2283 1495 2419 1562 πρὸς
2448 1495 2578 1552 Θεὸν
2614 1495 2793 1550 νεύσει
2833 1496 3142 1566 θεούμενον.
3179 1498 3275 1560 Εἰς
3300 1497 3454 1551 τοῦτο
3490 1497 3597 1568 γάρ
3643 1498 3784 1568 ἐμοὶ

2185 1583 2339 1655 φέρει
2389 1583 2450 1636 τὸ
2505 1585 2722 1656 μέτριον
2778 1584 3013 1639 ἐνταῦθα
3069 1586 3269 1654 φέγγος
3315 1586 3412 1656 τῆς
3470 1585 3777 1656 ἀληθείας,

2187 1676 2548 1750 λαμπρότητα
2572 1676 2708 1732 Θεοῦ
2737 1679 2829 1731 καὶ
2856 1677 2981 1730 ἰδεῖν
3013 1678 3109 1732 καὶ
3134 1677 3348 1744 παθεῖν,
3373 1677 3528 1744 ἀξίαν
3550 1678 3643 1732 τοῦ
3672 1680 3782 1734 καὶ

512 1769 846 1822 divinitatem
881 1782 1242 1836 consequens.
1272 1765 1349 1820 Eo
1385 1766 1528 1820 enim
1564 1765 1695 1820 mihi
1728 1764 1972 1819 veritatis
1995 1764 2079 1820 ille

2189 1768 2564 1840 συνδήσαντος,
2595 1770 2689 1822 καὶ
2718 1769 2970 1833 λύσοντος
2997 1769 3130 1840 (50),
3165 1770 3260 1823 καὶ
3292 1766 3448 1835 αὖθις
3479 1771 3780 1842 συνδήσονο

509 1858 776 1927 Splendor,
829 1875 986 1929 quem
1046 1859 1130 1913 hic
1189 1859 1382 1928 exigue
1441 1859 1740 1924 haurimus,
1789 1857 1977 1923 tendit,
2024 1865 2084 1912 ut

2189 1879 2280 1926 τος
2313 1861 2666 1934 ὑψηλότερον.

510 1949 607 2006 Dei
646 1951 944 2006 claritatem
997 1957 1052 2005 et
1087 1949 1316 2018 videam,
1345 1956 1399 2006 ct
1429 1949 1680 2015 sentiam,
1719 1949 1934 2020 dignam
1981 1962 2068 2014 eo,
2107 1950 2219 2020 qui,
2279 1962 2334 2008 et
2394 1953 2742 2021 constrinxit,
2815 1963 2870 2009 et
2911 1953 3184 2020 dissolvet,
3231 1968 3296 2008 ac
3339 1969 3553 2010 rursum
3597 1954 3779 2010 subli-

510 2045 648 2098 alius
666 2043 956 2111 colligabit.

583 2137 696 2194 XII.
735 2139 884 2193 llunc
915 2137 1120 2192 arbitrii
1161 2138 1411 2193 libertate
1461 2139 1716 2192 donatum
1765 2135 1846 2204 (ut
1881 2135 2083 2191 bonum

507 2247 612 2287 non
639 2232 814 2286 minus
839 2231 981 2285 illius
1017 2240 1181 2296 esset,
1208 2231 1300 2301 qui
1334 2230 1604 2300 elegisset,
1639 2245 1799 2300 quam
1833 2229 1971 2298 ejus,
1991 2229 2082 2298 qui

505 2325 709 2380 semina
733 2323 1089 2394 praebuisset),
1135 2324 1186 2376 in
1218 2322 1489 2391 paradiso,
1525 2309 1834 2391 quicunque
1861 2321 2076 2375 tandem

503 2426 621 2472 erat
654 2417 932 2486 paradisus
975 2415 1082 2480 ille,
1122 2414 1422 2480 collocavit,
1452 2414 1758 2483 plantarum
1792 2414 2078 2468 immorta-

506 2509 636 2564 lium
667 2507 952 2570 cultorem,
982 2507 1084 2561 hoc
1116 2515 1218 2570 est,
1251 2505 1484 2560 fortasse
1522 2506 1828 2560 divinarum
1865 2504 2078 2575 cogita-

509 2598 739 2664 tionum,
773 2608 878 2650 tam
905 2597 1316 2667 simpliciorum,
1349 2611 1509 2666 quam
1539 2594 1941 2666 perfectiorum,
1981 2611 2082 2647 nu-

506 2689 655 2752 dum,
691 2698 950 2758 quantum
995 2689 1064 2741 ad
1109 2686 1506 2756 simplicitatem
1553 2695 1607 2741 et
1649 2687 1816 2740 vitam
1869 2694 1988 2739 arte
2027 2696 2082 2738 et

503 2779 626 2833 fuco
651 2791 942 2845 carentem,
981 2789 1142 2849 atque
1186 2779 1363 2834 omnis
1415 2779 1772 2848 integumenti
1812 2788 1865 2834 et
1901 2779 2082 2834 muni-

505 2871 668 2924 menti
719 2879 1012 2940 eXpertem.
1074 2869 1256 2925 Talem
1300 2871 1443 2924 enim
1482 2887 1603 2925 eum
1635 2887 1755 2926 esse
1793 2872 2085 2927 convenie-

503 2960 616 3024 bat,
647 2961 738 3031 qui
786 2962 1017 3029 primum
1064 2969 1210 3015 esset
1263 2974 1498 3016 creatus.
1545 2964 1626 3016 Ac
1668 2962 1867 3032 legem,
1921 2962 2081 3031 quasi

503 3054 806 3120 materiam,
833 3053 1000 3108 libero
1024 3053 1251 3107 arbitrio
1285 3054 1464 3107 tradit.
1485 3052 1591 3107 Lex
1622 3065 1798 3108 autem
1826 3055 1913 3107 illa
1945 3070 2082 3123 prae-

503 3155 715 3214 ceptum
755 3155 894 3209 erat,
934 3161 1041 3216 quo
1091 3145 1564 3216 praescribebatur,
1609 3156 1721 3200 tum
1765 3147 1963 3215 quibus
1999 3162 2081 3200 ar-

502 3236 723 3292 boribus
755 3237 805 3291 ei
839 3241 1094 3292 utendum
1124 3247 1290 3302 esset,
1323 3248 1432 3291 tum
1463 3253 1493 3291 a
1528 3252 1632 3306 qua
1669 3252 1860 3293 manus
1910 3238 2082 3292 absti-

502 3329 712 3384 nendae.
744 3329 820 3384 Ea
848 3345 1010 3400 porro
1041 3339 1160 3384 erat
1186 3330 1426 3385 scientiae
1455 3331 1638 3396 arbor,
1685 3346 1788 3384 non
1834 3330 1923 3384 illa
1958 3329 2082 3399 qui-

2257 2134 2358 2189 IB‘.
2401 2133 2602 2188 Τοῦτον
2615 2134 2727 2205 (51)
2761 2133 2910 2188 ἔθετο
2942 2132 3040 2205 μὲν
3076 2135 3132 2186 ὲν
3159 2133 3236 2204 τῷ
3262 2135 3592 2206 παραδείσῳ,
3619 2135 3782 2200 ὅστις

2187 2226 2316 2281 ποτὲ
2342 2222 2410 2298 ἧν
2435 2229 2462 2280 ὁ
2487 2227 2812 2298 παράδεισος
2839 2219 3014 2291 οὗτος,
3039 2226 3114 2297 τῷ
3145 2227 3475 2298 αὑτεξουσίῳ
3503 2229 3773 2299 τιμήσας,

2186 2320 2252 2373 ἵν’
2353 2318 2447 2372 τοῦ
2484 2319 2739 2390 ἑλομένου
2775 2319 2834 2372 τὸ
2862 2318 3064 2388 ἀγαθὸν
3088 2320 3186 2390 οὐχ
3212 2315 3373 2392 ἦττον
3405 2319 3438 2390 ἢ
3466 2319 3560 2372 τοῦ
3591 2337 3781 2392 παρα-

2187 2411 2408 2480 σχόντος
2465 2410 2534 2464 τὰ
2587 2409 2898 2481 σπέρματα,
2941 2411 3122 2479 φυτῶν
3172 2410 3454 2465 ἀθανάτων
3500 2411 3779 2483 γεωργὸν,

2186 2499 2346 2552 θείων
2391 2498 2609 2552 ἐννοιῶν
2649 2500 2799 2565 ἴσως,
2849 2498 2958 2551 τῶν
2997 2515 3057 2551 τε
3108 2498 3492 2570 ἁπλουστέρων
3535 2501 3779 2555 καὶτῶν

2184 2581 2546 2662 τελεωτέρων,
2579 2591 2784 2661 γυμνὸν
2806 2593 2870 2660 τῇ
2897 2590 3159 2662 ἁπλότητι
3185 2592 3278 2644 καὶ
3303 2591 3414 2663 ζωῇ
3444 2593 3509 2662 τῇ
3535 2591 3776 2664 ἀτέχνῳ,

2187 2683 2285 2735 καὶ
2319 2681 2441 2751 δίχα
2479 2681 2677 2744 παντὸς
2711 2681 3162 2752 ἐπικαλύμματος
3216 2683 3310 2737 καὶ
3361 2683 3774 2756 προϐλήματος.

2185 2775 2440 2829 Τοιοῦτον
2467 2775 2578 2846 γὰρ
2619 2774 2858 2846 ἔπρεπεν
2898 2769 3034 2828 εἶναι
3060 2775 3151 2828 τὸν
3195 2775 3289 2829 ἀπ’
3319 2777 3512 2848 ἀρχῆς.
3551 2777 3662 2830 Καὶ
3691 2775 3780 2830 δί-

2185 2867 2320 2920 δωσι
2371 2867 2555 2938 νόμον,
2605 2866 2736 2936 ὕλην
2787 2866 2864 2936 τῷ
2913 2866 3266 2937 αὑτεξουσίῳ.
3309 2867 3366 2920 '0
3410 2868 3465 2921 δὲ
3500 2869 3663 2938 νόμος
3701 2863 3776 2940 ῆν

2186 2959 2394 3032 ἐντολὴ,
2428 2953 2502 3014 ὧν
2548 2977 2608 3013 τε
2645 2959 3016 3031 μεταληπτέον
3054 2957 3200 3028 αὐτῷ
3240 2957 3442 3027 φυτῶν,
3477 2961 3568 3013 καὶ
3595 2953 3656 3013 οὗ
3696 2960 3777 3032 μὴ

2187 3052 2546 3123 προσαπτέον.
2597 3051 2670 3104 Τὸ
2717 3051 2774 3103 δὲ
2819 3046 2886 3120 ἦν
2924 3050 2984 3104 τὸ
3017 3050 3173 3117 ξύλον
3211 3051 3309 3122 τῆς
3346 3050 3624 3120 γνώσεως,
3646 3052 3774 3106 οὔτε

2187 3143 2450 3213 φυτευθὲν
2478 3144 2572 3196 ἀπ’
2598 3133 2774 3215 ἀρχῆς
2801 3143 3007 3208 κακῶς,
3030 3143 3154 3197 οὔτε
3181 3144 3556 3216 ἀπαγορευθὲν
3587 3145 3779 3214 φθονε-

2189 3237 2298 3310 ρῶς
2327 3236 2427 3309 (μὴ
2459 3235 2824 3308 πεμπέτωσαν
2859 3237 2976 3289 ἐκεῖ
2997 3235 3100 3298 τὰς
3123 3234 3375 3304 γλώσσας
3404 3237 3452 3289 οἱ
3483 3235 3767 3309 θεομάχοι,

2188 3329 2323 3400 μηδὲ
2353 3329 2445 3382 τὸν
2473 3329 2596 3398 ὗςριν
2627 3327 3021 3399 μιμείσθωσαν)
3041 3344 3055 3358 ο
3087 3327 3220 3380 ἀλλὰ
3255 3327 3417 3383 καλὸν
3458 3329 3554 3400 μὲν
3584 3330 3778 3384 εὐκαί-

501 3420 646 3488 dem,
684 3430 779 3474 aut
812 3420 952 3475 male
981 3435 1010 3473 a
1040 3421 1302 3491 principio
1327 3420 1558 3484 consita,
1588 3427 1678 3474 aut
1703 3435 1797 3488 per
1821 3419 2078 3474 invidiam

2189 3438 2294 3492 ρως
2329 3420 2876 3492 μεταλαμϐανόμενον
2912 3419 3135 3491 (θεωρία
3191 3419 3301 3491 γὰρ
3357 3416 3426 3492 ἧν
3478 3421 3539 3474 τὸ
3582 3423 3777 3492 φυτὸν,

504 3511 787 3567 interdicta
815 3511 905 3583 (ne
937 3511 1063 3566 illuc
1093 3512 1304 3582 linguas
1325 3527 1452 3566 suas
1470 3509 1563 3565 Dei
1595 3511 1781 3566 hostes
1807 3511 2071 3580 injiciaut,

503 3619 605 3659 nec
637 3603 1283 3674 serpentemimitentur),
1316 3605 1409 3658 sed
1437 3604 1575 3657 bona
1607 3601 1843 3671 quidem,
1881 3611 2083 3672 tempe-

503 3697 640 3752 stive
652 3705 900 3766 percepta
937 3696 1438 3766 (contemplationis
1460 3694 1626 3757 enim,
1641 3703 1699 3750 ut
1715 3695 1830 3764 ipse
1843 3705 2080 3749 contem-

505 3789 700 3858 plando
729 3802 1012 3857 assequar,
1047 3788 1162 3842 haec
1186 3790 1348 3842 arbor
1378 3795 1515 3851 erat,
1567 3786 1634 3841 ad
1662 3801 1822 3855 quam
1857 3786 1924 3840 iis
1953 3785 2083 3840 solis

508 3886 747 3934 tutusest
766 3877 1331 3946 ascensus,quiauimi
1361 3877 1544 3932 habitu
1572 3877 1880 3948 perfectiori
1908 3877 2080 3949 sunt);

506 3971 920 4042 haudquaquam
945 3978 1122 4023 autem
1157 3971 1295 4024 bona
1320 3969 1742 4040 simplicioribus
1765 3969 1941 4025 adhuc
1961 3972 2080 4023 ani.

505 4063 631 4127 mis,
649 4071 812 4132 atque
833 4063 1069 4132 appetitu
1093 4062 1317 4116 avidiori
1334 4061 1605 4131 prmditis;
1626 4061 2082 4130 quemadmodum

507 4167 606 4206 nec
639 4151 986 4230 perfectusac
1001 4151 1203 4207 solidus
1225 4152 1376 4207 cibus
1392 4152 1459 4206 iis
1481 4152 1756 4216 conducit,
1781 4152 1876 4221 qui
1896 4162 2082 4208 tenera

509 4245 686 4300 adhuc
715 4254 1016 4302 suntatate
1035 4245 1279 4316 lacteque
1292 4260 1424 4315 opus
1440 4245 1660 4300 habent.
1682 4243 1972 4314 Postquam
1990 4260 2085 4300 au-

510 4347 614 4394 tem
651 4338 852 4395 diaboli
887 4338 1108 4407 invidia,
1145 4347 1201 4394 et
1231 4339 1474 4394 mulieris
1508 4337 1723 4409 injuria,
1747 4353 1909 4407 quam
1945 4348 2000 4392 et
2028 4347 2087 4392 ut

505 4432 718 4488 mollior
734 4447 891 4504 passa
925 4441 1029 4499 est,
1068 4435 1277 4487 etutad
1317 4431 1744 4501 persuadendum
1773 4445 2080 4486 accommo-

2183 3514 2260 3577 ὡς
2291 3515 2324 3584 ἡ
2352 3513 2460 3584 ὲμὴ
2502 3513 2724 3584 θεωρία,
2755 3508 2825 3586 ἦς
2867 3512 3049 3581 μόνοις
3075 3512 3378 3568 ἐπιϐαίνειν
3400 3515 3640 3584 ἀσφαλὲς
3663 3518 3780 3582 τοῖς

2182 3605 2283 3677 τὴν
2317 3604 2429 3672 ἕξιν
2451 3604 2846 3676 τελεωτέροις),
2879 3603 2940 3657 ού
2985 3603 3147 3657 καλὸν
3172 3604 3229 3658 δὲ
3249 3607 3363 3669 τοῖς
3383 3605 3780 3679 ἁπλουστέροις

2182 3697 2284 3761 ἔτι,
2325 3698 2419 3750 καὶ
2449 3697 2547 3768 τὴν
2597 3696 2780 3766 ἔφεσιν
2819 3696 3172 3770 λιχνοτέροις,
3217 3696 3406 3768 ὥσπερ
3440 3697 3560 3751 οὐδὲ
3601 3698 3778 3771 τροφὴ

2181 3789 2366 3843 τελεία
2400 3788 2682 3860 λυσιτελὴς
2708 3791 2820 3852 τοῖς
2851 3789 3078 3854 ἁπαλοῖς
3122 3789 3202 3846 ἔτι
3243 3790 3338 3844 καὶ
3378 3791 3650 3863 δεομένοις
3672 3794 3778 3862 γά-

2182 3883 2400 3948 λακτος.
2447 3883 2601 3937 Ἐπεὶ
2629 3882 2686 3936 δὲ
2718 3881 2898 3954 φθόνῳ
2931 3881 3201 3946 διαϐόλου,
3243 3884 3337 3938 καὶ
3365 3886 3621 3952 γυναικὸς
3641 3888 3780 3960 ὲπη-

2184 3976 2328 4048 ρεία,
2355 3976 2422 4047 ἥν
2449 3993 2510 4029 τε
2547 3974 2747 4030 ἔπαθεν
2776 3975 2853 4039 ὡς
2881 3975 3233 4046 ἁπαλωτέρα,
3264 3977 3359 4031 καὶ
3389 3977 3455 4048 ἣν
3487 3979 3774 4050 προσήγα-

2182 4084 2278 4136 γεν
2325 4066 2400 4131 ὡς
2452 4065 2798 4138 πιθανωτέρα
2844 4065 2966 4136 (φεῦ
3012 4067 3111 4138 τῆς
3141 4067 3282 4138 ἐμῆς
3312 4067 3626 4132 ἀσθενείαςί
3666 4071 3775 4144 ἐμὴ

2181 4158 2291 4230 γάρ
2320 4160 2354 4230 ἡ
2385 4156 2480 4211 τοῦ
2516 4157 2907 4229 προπάτορος),
2935 4157 3036 4228 τῆς
3084 4158 3182 4229 μὲν
3226 4159 3447 4230 ἐντολῆς
3481 4161 3776 4216 ἐπελάθετο

2181 4252 2279 4322 τῆς
2302 4249 2573 4320 δοθείσης,
2609 4248 2703 4302 καὶ
2733 4249 2941 4320 ἡττήθη
2974 4249 3072 4320 τῆς
3101 4252 3302 4322 πικρᾶς
3327 4251 3569 4320 γεύσεως
3593 4271 3606 4282 ·
3636 4255 3774 4326 όμοῦ

2181 4343 2238 4396 δὲ
2268 4342 2380 4415 (52)
2415 4341 2509 4395 τοῦ
2531 4341 2629 4411 τῆς
2660 4338 2805 4410 ζωῆς
2837 4339 3016 4405 ξύλου,
3043 4342 3138 4394 καὶ
3168 4341 3262 4396 τοῦ
3295 4343 3650 4415 παραδείσου,
3679 4345 3777 4400 καὶ

2179 4435 2274 4489 τοῦ
2303 4433 2460 4500 Θεοῦ,
2495 4433 2585 4488 διά
2612 4433 2710 4504 τὴν
2742 4434 2942 4487 κακίαν
2970 4434 3245 4505 ὲξόριστος
3274 4436 3502 4504 γίνεται,
3533 4437 3625 4490 καὶ
3650 4439 3776 4502 τοὺς

505 4525 702 4588 datior,
734 4525 973 4579 admovit
1001 4522 1055 4593 (ο
1091 4523 1456 4578 infirmitatem
1498 4521 1693 4577 meam!
1719 4535 1891 4575 meam
1938 4522 2079 4575 enim

2189 4523 2537 4596 δερματίνους
2570 4523 2930 4594 ἀμφιέννυται
2959 4523 3212 4594 χιτῶνας,
3249 4525 3378 4588 ἴσως
3414 4527 3512 4597 τὴν
3537 4528 3776 4597 παχυτέ-

507 4614 644 4668 duco
675 4614 834 4683 primi
857 4615 1095 4684 parentis
1127 4613 1556 4683 inﬁrmitatem);
1597 4613 1802 4679 accepti
1841 4613 2079 4669 mandati

2189 4634 2282 4688 ραν
2326 4617 2527 4688 σάρκα,
2569 4617 2662 4668 καὶ
2711 4614 2932 4686 θνητὴν,
2969 4616 3064 4668 καὶ
3117 4616 3439 4670 ἀντίτυπον·
3485 4619 3579 4670 καὶ
3616 4618 3776 4672 τοῦτο

506 4705 822 4758 memoriam
839 4705 1128 4775 abjecit,et
1153 4706 1218 4759 ab
1239 4705 1435 4760 acerba
1464 4720 1589 4759 esca
1612 4705 1786 4758 victus
1801 4713 1883 4759 est
1913 4721 1928 4760 :
1967 4715 2077 4760 tum

2189 4707 2400 4778 πρῶτον
2427 4703 2685 4775 γινώσκει
2730 4705 2829 4776 τὴν
2863 4705 2998 4758 ἰδίαν
3034 4705 3317 4776 αἰσχύνην,
3353 4707 3448 4759 καὶ
3484 4707 3592 4761 ἀπὸ
3638 4708 3772 4760 Θεοῦ

503 4807 633 4849 vero
656 4793 816 4850 simul
843 4805 897 4850 et
927 4811 956 4849 a
987 4796 1131 4865 ligno
1157 4796 1378 4862 vita),et
1406 4811 1434 4848 a
1471 4795 1740 4864 paradiso,
1776 4803 1829 4849 et
1859 4797 1928 4851 ab
1959 4797 2074 4864 ipso

2195 4775 2516 4871 κρύπτεται.
2548 4775 2836 4868 Κερδαίνει
2865 4797 2964 4866 μέν
2999 4815 3049 4850 τι
3081 4799 3191 4869 (55)
3221 4775 3497 4859 κάνταῦθα
3518 4817 3530 4830 ·
3560 4800 3651 4853 τὸν
3680 4801 3776 4855 05t-

505 4884 616 4940 Deo
650 4895 866 4956 pr0pter
893 4897 1172 4957 peccatum
1216 4887 1526 4955 expellitur,
1557 4895 1609 4940 et
1638 4888 1894 4954 pelliceas
1925 4889 2071 4942 tuni-

2189 4908 2360 4955 νατον,
2411 4889 2506 4944 καὶ
2555 4889 2617 4943 τὸ
2675 4890 2999 4960 διακοπῆναι
3058 4893 3157 4964 τὴν
3209 4893 3506 4964 ἁμαρτίαν,
3560 4897 3647 4947 ἵνα
3697 4894 3774 4966 μὴ

504 4991 596 5030 cas
633 4976 823 5042 induit,
853 4977 954 5033 hoc
981 4986 1084 5043 est,
1123 4977 1354 5032 fortasse
1385 4976 1709 5031 crassiorem
1753 4991 1993 5041 carnem,
2021 4986 2076 5033 et

2189 4983 2446 5037 ἀθάνατον
2570 4981 2631 5034 τὸ
2678 4983 2886 5036 κακόν·
2933 4983 3028 5036 καὶ
3073 4983 3279 5052 γίνεται
3319 4985 3576 5058 φιλανθρι
3603 4987 3698 5039 πία
3737 4990 3771 5057 ἡ

508 5065 789 5120 mortalem
835 5083 898 5122 ac
931 5068 1281 5133 renitentem;
1315 5068 1503 5138 sicque
1528 5067 1758 5137 primum
1790 5083 1940 5122 suam
1973 5069 2072 5123 fte-

2189 5073 2439 5144 τιμωρία.
2495 5071 2653 5126 Οὕτω
2700 5071 2809 5144 γὰρ
2875 5071 2986 5142 ἐγὼ
3046 5073 3157 5146 (54)
3216 5076 3473 5146 πείθομαι
3525 5076 3774 5129 κολὰνειν

505 5159 726 5213 ditatem
765 5162 1030 5231 agnoscit,
1061 5160 1276 5232 Deoque
1322 5175 1380 5216 se
1410 5159 1711 5215 abscondit.
1765 5159 1878 5216 Illic
1910 5161 2070 5232 671
2181 5165 2316 5219 Θεόν

719 5337 998 5416 {Idolum
1018 5339 1253 5416 Septem
1279 5345 1452 5416 Colb.,
1481 5346 1706 5416 πάσχον.

574 5411 685 5481 (29)
719 5412 1234 5487 φιλοτιμούμενος.
1294 5415 1425 5487 Reg.
1459 5419 1566 5480 bm,
1595 5411 1781 5471 "Coisl.
1818 5414 1866 5480 Ι,
1899 5413 1994 5471 0r.
2031 5415 2081 5481 l,

505 5480 656 5552 Par},
684 5480 1151 5552 φιλοτιμούμενον.
1375 5480 1402 5487 ⁷
2068 5480 2072 5481 ν
2189 5504 2221 5540 τ

576 5549 1042 5626 (samum-we.
1099 5553 1190 5626 _Si_c
1233 5554 1410 5623 plures
1440 5555 1676 5626 Regg.et
1705 5555 1858 5612 Co'b.
1933 5555 2055 5611 Par.

504 5617 719 5690 Coinlh,
747 5631 851 5676 etc.
888 5623 942 5676 lu
965 5617 1073 5688 ed.,
1101 5617 1380 5690 λύσαντος.

574 5689 689 5762 (51)
726 5691 959 5750 Τοῦτον.
981 5694 1070 5750 Sic
1098 5706 1203 5752 tres
1243 5689 1432 5769 llegg.,
1471 5693 1658 5755 novem
1695 5696 1869 5765 σου»,
1901 5695 1992 5753 0r.
2031 5698 2075 5764 l,

2195 5346 2344 5406 Pan,
2372 5346 2562 5403 Comb.
2599 5345 2850 5403 Mendose
2872 5348 2924 5403 in
2955 5347 3063 5416 ed.,
3088 5348 3264 5404 τοῦτο.

2265 5416 2378 5489 (⁸52)
2440 5415 2619 5488 Ὁμοῦ
2651 5417 2737 5471 δέ.
2774 5419 2866 5474 Sic
2911 5415 3148 5491 quinque
3188 5420 3353 5492 llegg.
3386 5419 3440 5474 lu
3477 5421 3588 5486 ed.,
3635 5416 3772 5488 ὁμοῦ

2225 5505 2250 5540 ε

2256 5529 2368 5628 253)
2400 5558 2527 5632 Μέν
2570 5575 2644 5614 τι.
2691 5558 2783 5632 Sic
2809 5569 3011 5630 septem
3047 5559 3370 5632 llegg.,tres
3402 5561 3530 5617 Colb
3607 5558 3774 5621 CoisL

2193 5628 2246 5696 1,
2273 5640 2390 5700 ξιτ).
2425 5630 2477 5681 lu
2512 5632 2622 5700 ed.,
2654 5629 2754 5700 μέν
2787 5646 2868 5682 τοι

2259 5699 2372 5770 (54)
2413 5697 2576 5768 Ἐγώ.
2623 5697 2778 5756 Deest
2815 5701 2868 5755 in
2904 5701 3143 5772 quinoue
3175 5701 3304 5771 lieg.
