4010 6316
33 0 102 226 l

178 295 267 350 εὖ
1147 283 1406 345 ORATIO
1447 281 1739 344 XXXVIII.
1779 320 1848 330 —
1885 289 1951 344 IN
1992 291 2455 351 TIIEOI’IIANIA.

3305 301 3410 356 5'26

177 419 330 462 tamen
381 404 591 476 aliquid
649 406 953 476 elucratur;
1009 416 1064 464 et
1107 407 1284 478 ipsum
1327 405 1551 475 aliquid,
1605 405 1720 474 ipsa
1764 420 1910 460 mors
1939 416 2040 475 est,
2073 423 2137 463 ac
2159 412 2366 478 peccati
2429 411 2697 478 prrecisio,
2758 427 2826 468 ne
2864 428 3061 469 malum
3106 414 3408 470 immortale

175 508 317 552 esset.
363 498 436 552 Ita
480 505 650 566 paena
691 500 804 569 ipsa
840 500 892 553 in
933 495 1360 550 misericordiam
1402 496 1586 549 cessit.
1637 493 1728 548 Sic
1765 495 1909 548 enim
1945 496 2108 551 Deum
2135 500 2391 568 supplicia
2417 500 2615 557 inferre
2648 517 2966 572 persuasum
3001 506 3192 561 habeo.

230 591 316 644 IP.
354 588 586 654 Πολλοῖς
624 590 680 644 δὲ
703 590 1012 653 παιδευθεὶς
1040 589 1322 660 πρότερον,
1360 589 1480 643 ἀντὶ
1514 585 1722 641 πολλῶν

1907 589 2038 646 ΧΙΙΙ.
2069 591 2246 647 Multis
2291 605 2466 650 autem
2523 597 2689 665 ρι’Ῑιιεσ
2707 597 2900 660 modis,
2958 597 3026 652 ob
3070 597 3238 652 multa
3281 613 3411 668 pec-

169 683 259 736 τῶν
281 683 719 753 ἁμαρτημάτων,
749 677 824 736 ὧν
852 684 886 752 ἡ
919 683 1016 754 τῆς
1042 682 1239 744 κακίας
1275 679 1400 752 ῥίζα
1431 680 1731 752 ἐϐλάστησε

168 775 290 829 κατὰ
337 774 638 845 διαφόρους
688 775 867 839 αἰτίας
924 776 1018 828 καί¹
1073 775 1335 845 χρόνους,
1390 773 1536 843 λόγῳ
1591 772 1730 843 (55),

167 869 310 936 νόμῳ,
343 869 680 936 προφήταις,
719 867 1079 938 εὐεργεσίαις,
1122 867 1405 930 ἀπειλαῖς,
1460 865 1730 935 πληγαῖς,

166 957 348 1021 ὕδασιν,
388 958 772 1030 ὲμπρησμοῖς,
804 958 1084 1029 πολέμοις,
1131 958 1330 1022 νίκαις,
1376 958 1591 1027 ἥτταις,
1637 972 1734 1026 ση-

165 1048 318 1118 μείοις
349 1047 409 1112 ἐξ
440 1048 710 1119 οὐρανοῦ,
757 1049 1005 1119 σημείοις
1052 1048 1110 1114 ἐξ
1159 1048 1342 1120 ἀέρος,
1391 1049 1456 1100 ὲκ
1500 1047 1626 1116 γῆς,
1668 1047 1732 1099 ὲκ

164 1138 432 1210 θαλάττης,
462 1139 706 1209 ἀνδρῶν,
757 1139 988 1206 πόλεων,
1035 1139 1206 1198 ἐθνῶν
1240 1138 1583 1201 ἀνελπίστοις
1633 1155 1732 1207 με-

162 1232 388 1294 ταϐολαῖς
427 1231 570 1300 (56),
624 1233 713 1301 ὑφ’
764 1225 840 1286 ὧν
893 1233 1207 1304 ὲκτριϐἧναι
1256 1231 1352 1300 τὴν
1401 1231 1604 1284 κακίαν
1667 1229 1729 1282 τὸ

163 1325 582 1394 σπουδαζόμενον
614 1321 702 1396 ἦν.
727 1325 890 1388 Τέλος
933 1326 1278 1397 ἰσχυροτέρου
1315 1325 1483 1378 δεῖται
1518 1322 1730 1395 φαρμά-

160 1434 241 1469 κου
288 1417 378 1468 ἐπὶ
416 1414 752 1487 δεινοτέροις
779 1418 894 1479 τοῖς
943 1417 1390 1487 ἀρρωστήμασιν,
1431 1414 1728 1485 ἀλληλοφθ-

157 1509 277 1572 νίαις
307 1509 445 1580 (57),
479 1507 777 1578 μοιχείαις,
814 1508 1122 1579 ὲπιορκίαις
1155 1507 1288 1578 (58),
1324 1506 1726 1579 ἀνδρομανίαις,

158 1601 209 1652 τὸ
236 1602 456 1654 πάντων
504 1599 739 1670 ἔσχατον
776 1599 885 1652 τῶν
927 1599 1114 1653 κακῶν
1162 1599 1255 1652 καὶ
1305 1598 1538 1670 πρῶτον,
1581 1597 1731 1650 εἰδω-

158 1692 512 1763 λολατρείαις,
564 1693 659 1745 καὶ
692 1679 774 1762 ’τῇ
819 1690 1104 1762 μεταθέσει
1153 1691 1250 1762 τῆς
1307 1689 1728 1761 προσκυνήσεως

156 1785 246 1837 ἀπὸ
266 1785 353 1839 τοῦ
387 1785 761 1853 πεποιηκότος
785 1783 875 1835 ἐπὶ
907 1783 975 1836 τὰ
1003 1782 1295 1853 κτίσματα.
1325 1780 1510 1834 Ταῦτα
1538 1778 1724 1849 ἐπειδὴ

164 1876 400 1947 μείζονος
438 1877 623 1929 ἐδεῖτο
668 1876 764 1929 τοῦ
794 1875 1158 1947 βοηθήματος,
1201 1873 1443 1944 μείζονος
1472 1874 1566 1927 καὶ
1596 1889 1727 1941 τυγ-

1841 691 1983 749 cata,
2017 699 2136 754 quac
2165 699 2229 738 cx
2259 685 2373 739 vitii
2408 687 2586 742 radice
2610 687 2958 758 pullularunt,
2997 689 3288 744 secundum
3328 688 3414 756 di:

1841 792 2025 831 versas
2065 792 2257 832 causas
2291 787 2345 832 et
2372 773 2606 848 tempora
2635 780 2945 848 castigatus,
2978 795 3244 848 sermone,
3269 781 3403 851 lege,

1839 867 2138 935 prophetis,
2163 866 2456 931 beneﬁciis,
2471 868 2998 935 comminationibus,
3016 870 3205 940 plagis,
3225 871 3404 940 aquis,

1840 958 2122 1022 incendiis,
2160 957 2332 1023 bellis,
2365 959 2624 1024 victoriis,
2668 958 2928 1025 cladibus,
2965 962 3132 1030 signis
3167 976 3198 1016 e
3240 951 3403 1031 coelo,

1838 1046 2004 1116 signis
2043 1062 2110 1101 ex
2155 1062 2299 1115 aere,
2332 1063 2400 1103 ex
2437 1059 2602 1116 terra,
2651 1064 2715 1104 ex
2773 1051 2928 1115 mari,
2976 1051 3273 1117 hominum,
3314 1063 3409 1105 ur-

1836 1137 2004 1200 bium.
2045 1139 2282 1206 gentium
2325 1141 2611 1210 insperatis
2658 1139 3084 1206 mutationibus;
3123 1157 3241 1210 quae
3285 1158 3404 1197 om-

1837 1231 1922 1285 nia
1957 1246 2022 1286 eo
2069 1231 2377 1298 tendebant,
2407 1242 2463 1287 ut
2488 1233 2689 1288 malitia
2720 1241 3108 1288 contereretur.
3152 1231 3403 1290 Valitliori

1838 1331 2014 1376 tamen
2040 1323 2436 1378 medicamento
2471 1335 2690 1394 propter
2719 1325 2995 1394 graviores
3024 1323 3240 1379 morbos
3265 1339 3401 1394 opus

1796 1413 1801 1418 “
1836 1413 2033 1468 habere
2064 1413 2246 1482 erepit,
2278 1414 2527 1468 nimirum
2552 1416 2621 1468 ob
2659 1424 2874 1470 mutuas
2896 1417 3086 1483 caedes,
3115 1413 3414 1482 adulteria,

1834 1501 2089 1572 perjuria,
2131 1502 2362 1558 furiosos
2421 1505 2784 1559 masculorum
2847 1521 3078 1574 amores,
3133 1515 3206 1571 et,
3261 1503 3404 1574 quod

1833 1595 2070 1649 omnium
2099 1593 2358 1648 malorum
2399 1606 2699 1651 extremum
2736 1612 2799 1652 ac
2829 1599 3060 1668 primum
3095 1606 3196 1663 est,
3229 1596 3400 1650 idolo-

1833 1701 1953 1740 rum
1991 1685 2214 1750 cultum,
2255 1695 2415 1756 atque
2445 1687 2778 1743 adorationis
2808 1703 2836 1743 a
2861 1689 3122 1743 Creatore
3153 1687 3218 1740 ad
3252 1701 3406 1741 crea-

1833 1785 1982 1832 turas
2017 1778 2436 1834 translationem.
2471 1779 2601 1846 Quae
2638 1779 2892 1848 quoniam
2927 1779 3102 1850 majus
3137 1779 3395 1832 auxiliqu

1832 1869 2199 1938 requirebant,
2241 1869 2410 1938 majus
2453 1873 2614 1924 etiam
2647 1880 2988 1940 acceperunt.
3032 1869 3180 1924 Istud
3217 1880 3396 1924 autem

2495 2026 2674 2039 ~

155 1945 308 2037 χάνει.
339 1967 413 2020 Τδ
461 1967 521 2021 δὲ
567 1964 638 2040 ἦν
685 1968 849 2031 αὐτὸς
885 1945 921 2020 6
951 1945 1064 2020 τοῦ
1107 1965 1242 2020 Θεοῦ
1288 1966 1460 2034 Λόγος
1513 1964 1656 2036 (59),
1700 1966 1727 2018 ι

1832 1971 1947 2016 erat
1981 1945 2095 2032 ipse
2133 1961 2232 2017 Dei
2259 1961 2450 2028 Filius,
2485 1963 3158 2039 illeLEaeQul‘isuautiquipr,
3193 1963 3281 2017 ille
3313 1962 3397 2016 in-

154 2059 482 2130 προαιώνιος,
507 2063 539 2113 6
571 2062 825 2130 ἀόρατος,
845 2058 1277 2132 ὁάπερίληπτος,
1307 2059 1335 2110 6
1369 2056 1725 2128 ἀσώματος,ὴ

153 2155 207 2206 ὲκ
239 2153 334 2222 τῆς
375 2154 559 2225 ἀρχῆς
598 2153 765 2223 ἀρχὴ,
802 2151 860 2204 τὸ
888 2151 952 2203 ὲκ
983 2149 1078 2202 τοῦ
1113 2149 1293 2220 φωτὸς
1339 2147 1476 2218 φῶς,
1509 2149 1542 2218 ὴ
1577 2149 1728 2218 πηγὴ

153 2231 238 2314 τῆς
267 2244 413 2314 ζωῆς
444 2246 546 2298 καὶ
576 2245 678 2314 τῆς
722 2243 1045 2307 ἀθανασίας,
1075 2241 1136 2294 τὸ
1170 2242 1464 2311 ἐκμαγεῖον
1505 2239 1598 2293 τοῦ
1632 2241 1731 2313 ἀρ-

155 2336 372 2407 χετύπου
405 2337 648 2400 κάλλους
695 2336 830 2407 (40),
867 2337 898 2407 ἡ
933 2337 1006 2406 μὴ
1060 2335 1355 2406 κινουμένη
1392 2335 1648 2406 σφραγὶς,
1696 2336 1729 2406 ἡ

154 2427 568 2498 ἀπαράλλακτος
608 2427 794 2490 εἰκὼν,
819 2429 847 2479 6
881 2425 976 2478 τοῦ
1008 2425 1218 2496 Πατρός
1248 2427 1372 2497 ὅρος
1414 2427 1508 2479 καὶ
1537 2426 1692 2494 λόγος
1713 2441 1727 2456 ⁸

156 2519 236 2572 ἰπὶ
279 2519 378 2590 τὴν
429 2520 576 2573 ἰδίαν
621 2518 803 2572 εἰκόνα
849 2521 1037 2590 χωρεῖ,
1087 2519 1180 2572 καὶ
1216 2517 1393 2587 σάρκα
1439 2521 1596 2590 φορεῖ
1644 2517 1732 2572 διὰ

154 2613 240 2682 τὴν
289 2612 494 2684 σάρκα,
545 2613 643 2665 καὶ
691 2611 835 2682 ψυχῇ
872 2612 1035 2682 νοερᾷ
1084 2610 1172 2664 διὰ
1221 2611 1320 2681 τὴν
1363 2610 1501 2681 ἐμὴν
1551 2611 1729 2683 ψυχὴν

159 2702 431 2771 μίγνυται,
481 2703 566 2773 τῷ
620 2701 792 2773 ὁμοίῳ
837 2702 897 2754 τὸ
930 2702 1112 2771 ὅμοιον
1162 2701 1565 2773 ἀνακαθαίρων.
1621 2703 1730 2754 Καὶ

157 2793 318 2849 πάντα
358 2795 616 2864 γίγνεται
653 2795 804 2865 (III),
858 2793 996 2865 πλὴν
1041 2793 1143 2863 τῆς
1179 2793 1475 2864 ἁμαρτίας,
1522 2793 1732 2865 ἄνθρω-

157 2903 271 2950 πος·
303 2887 532 2960 κυηθείς
585 2887 681 2957 μὲν
709 2889 772 2939 ἐκ
800 2885 898 2956 τῆς
925 2885 1226 2956 Παρθένου,
1269 2885 1364 2938 καὶ
1413 2885 1589 2956 ψυχὴν
1635 2887 1729 2940 καὶ

163 2979 328 3046 σάρκα
367 2975 856 3048 προκαθαρθείσης
888 2975 965 3045 τῷ
1009 2975 1285 3045 Πνεύματι
1334 2973 1460 3044 (ἔδει
1495 2974 1602 3046 γὰρ
1635 2974 1729 3027 καὶ

156 3069 732 3142 γέννησιντιμηθῆναι,
747 3069 840 3120 καί
855 3066 1270 3140 παρθενίανμέ]
1285 3067 1724 3139 προτιμηθῆναι)·

158 3161 420 3230 προελθὼν
453 3162 514 3216 δὲ
556 3161 688 3224 Θεὸς
725 3159 1002 3230 μετὰ,τῆς
1034 3159 1410 3231 προσλήψεως,
1442 3159 1500 3213 ἓν
1540 3161 1604 3213 ὲκ
1637 3159 1729 3214 δύο

1830 2053 2076 2121 visibilis,
2141 2054 2230 2109 ille
2282 2055 2857 2126 incomprehensibilis,
2895 2055 2985 2110 ille
3021 2056 3394 2125 incorporeus,

1830 2145 1958 2200 illud
1997 2162 2066 2201 ex
2106 2148 2366 2218 principio
2425 2148 2766 2218 principium,
2796 2148 2924 2202 illud
2963 2163 3028 2202 ex
3064 2147 3267 2202 lumine
3310 2146 3397 2202 lu-

1830 2253 1974 2306 men,
2015 2239 2099 2292 ille
2139 2239 2259 2294 fons
2305 2240 2428 2294 vitae
2480 2249 2533 2294 et
2581 2240 3020 2304 immortalitatis,
3069 2239 3160 2294 illa
3203 2239 3398 2294 arche-

1833 2335 1940 2406 typi
1985 2338 2281 2406 expressio,
2336 2337 2462 2391 illud
2523 2337 2799 2392 immotum
2851 2338 3108 2407 sigillum,
3169 2340 3259 2394 illa
3301 2351 3398 2409 per

1829 2429 2008 2483 omnia
2047 2429 2238 2484 similis
2293 2431 2487 2500 imago,
2522 2430 2608 2485 ille
2641 2431 2818 2487 Patris
2849 2432 3111 2486 terminus
3149 2441 3202 2486 et
3227 2433 3395 2498 ratio,

1831 2519 1936 2584 ille,
1989 2520 2228 2588 inquam,
2279 2520 2345 2574 ad
2403 2521 2688 2591 imaginem
2753 2538 2906 2577 suam
2957 2538 3014 2577 se
3058 2523 3290 2588 confert,
3343 2535 3400 2577 et

1831 2624 2046 2665 carnem
2080 2610 2148 2665 ob
2184 2626 2400 2666 carnem
2423 2612 2584 2682 gerit,
2613 2620 2666 2667 et
2695 2627 2815 2666 cum
2843 2612 3185 2667 intellectuali
3214 2611 3396 2666 anima

1830 2713 2046 2772 prepter
2071 2703 2304 2757 animam
2345 2719 2517 2758 meam
2566 2703 2826 2775 jungitur,
2875 2715 2932 2758 ut
2971 2704 3144 2760 simile
3189 2719 3285 2773 per
3327 2703 3402 2758 si-

1819 2796 1954 2864 mile
1985 2805 2254 2864 repurget.
2300 2795 2476 2864 Atque
2521 2795 2756 2850 humana
2796 2795 2974 2850 omnia
3002 2804 3232 2864 excepto
3277 2809 3400 2864 pec-

1829 2896 1948 2941 cato
2006 2887 2323 2956 suscipit“;
2387 2897 2676 2956 conceptus
2741 2889 2956 2958 quidem
3015 2903 3080 2942 ex
3146 2887 3397 2957 Virgine,

1829 2978 2009 3032 animo
2041 2987 2094 3032 et
2123 2993 2348 3047 corpore
2375 2994 2405 3032 a
2447 2978 2651 3046 Spiritu
2677 2989 3014 3048 przepurgata
3049 2979 3196 3046 (nam
3223 2986 3277 3030 et
3306 2993 3399 3048 ge-

1829 3069 2162 3122 nerationem
2206 3069 2411 3122 honore
2449 3066 2626 3134 allici,
2665 3077 2714 3121 et
2755 3068 3116 3138 virginitatem
3160 3067 3396 3137 praeferri

1828 3159 2166 3230 oportebat);
2210 3175 2528 3230 progressus
2569 3169 2748 3214 autem
2801 3159 2943 3214 Dens
2979 3175 3102 3214 cum
3149 3159 3401 3214 humani-

155 3251 252 3306 τῶν
291 3254 576 3316 εναντίων,
609 3254 810 3325 σαρκὸς
855 3253 948 3306 καὶ
1001 3253 1319 3322 Πνεύματος
1355 3252 1492 3323 (45)’
1527 3245 1622 3319 ὧν,
1666 3252 1726 3306 τὸ

1833 3265 1959 3322 tate,
1997 3271 2157 3310 unum
2190 3271 2256 3310 ex
2289 3255 2493 3310 duobus
2530 3255 2667 3309 inter
2699 3268 2757 3309 se
2786 3253 3096 3317 contrariis,
3127 3266 3291 3309 carne
3324 3252 3403 3306 ni-

159 3347 246 3416 μὲν
276 3347 503 3413 ἑθέωσε,
535 3346 596 3400 τὸ
627 3345 682 3399 δὲ
734 3345 964 3417 ὲθεώθη.
990 3345 1054 3396 Ὢ
1096 3345 1197 3416 τῆς
1241 3345 1433 3414 καινῆς
1487 3345 1723 3415 μίξεωςι

155 3436 194 3489 ὦ
235 3439 333 3508 τῆς
387 3436 700 3511 παραδόξου
749 3436 1034 3508 κράσεωςί
1079 3438 1108 3489 ό
1159 3435 1236 3489 ὢν
1293 3437 1532 3504 γίνεται,
1565 3438 1658 3490 καὶ
1699 3440 1728 3491 6

156 3528 390 3594 ἄκτιστος
439 3529 714 3594 κτίζεται,
749 3530 843 3582 καὶ
888 3529 917 3581 6
960 3527 1245 3600 ἀχώρητος
1298 3529 1591 3597 χωρεῖται,
1639 3527 1726 3582 διὰ

159 3617 313 3690 μέσης
365 3620 558 3692 ψυχῆς
609 3622 805 3693 νοερᾶς
860 3619 1255 3691 μεσιτευούσης
1322 3619 1573 3691 θεότητι,
1631 3621 1726 3675 καὶ

158 3710 341 3782 σαρκὸς
373 3712 673 3784 παχύτητι.
701 3711 810 3765 Καὶ
843 3713 872 3764 6
899 3709 1220 3778 πλουτίζων,
1249 3711 1546 3782 πτωχεύει·
1582 3729 1726 3765 πτω-

157 3799 288 3867 χεύει
331 3803 444 3875 γὰρ
501 3802 602 3873 τὴν
654 3802 792 3873 ἐμὴν
825 3801 1026 3872 σάρκα,
1057 3801 1123 3855 ἵν’
1150 3799 1260 3870 ἐγὼ
1294 3801 1580 3868 πλουτήσω
1627 3802 1726 3873 τὴν

159 3889 306 3944 αὐτοῦ
351 3892 609 3961 θεότητα.
654 3893 762 3944 Καὶ
795 3892 824 3944 6
871 3891 1106 3962 πλήρης,
1155 3890 1437 3944 κενοῦται·
1477 3889 1725 3944 κενοῦται

157 3980 253 4051 γὰρ
280 3983 376 4054 τῆς
427 3982 622 4036 ἑαυτοῦ
649 3982 804 4053 δόξης
833 3983 926 4036 ἐπὶ
970 3983 1163 4053 μικρὸν
1193 3982 1328 4054 (44),
1373 3984 1440 4038 ἵν’
1473 3983 1584 4053 ἐγὼ
1627 3986 1725 4056 τῆς

158 4071 346 4127 ἐκείνου
395 4073 691 4146 μεταλάϐω
741 4071 1095 4143 πληρώσεως.
1143 4073 1242 4136 Τίς
1288 4074 1316 4126 6
1350 4072 1578 4136 πλοῦτος
1628 4073 1728 4144 τῆς

157 4163 512 4236 ἀγαθότητος;
542 4165 604 4216 Τί
647 4164 708 4217 τὸ
741 4165 870 4236 περί
902 4166 1002 4235 ἐμὲ
1043 4165 1200 4218 τοῦτο
1248 4165 1362 4236 (45)
1393 4167 1723 4240 μυστήριον;

161 4255 455 4313 Μετέλαὸον
493 4262 593 4329 τῆς
624 4259 850 4322 εἰκόνος,
879 4257 975 4310 καὶ
1014 4259 1114 4312 οὐκ
1145 4258 1387 4328 ἐφύλαξα
1406 4276 1420 4290 °
1452 4261 1727 4332 μεταλαμ-

162 4348 295 4404 ϐάνει
322 4353 423 4424 τῆς
457 4352 600 4422 ἐμῆς
635 4349 868 4422 σαρκὸς,
914 4351 1001 4402 ἵνα
1039 4350 1136 4403 καὶ
1179 4351 1276 4422 τὴν
1327 4351 1512 4406 εἰκόνα
1555 4351 1724 4426 σώσῃ,

161 4438 244 4492 καί
284 4441 382 4512 τὴν
421 4441 602 4512 σάρκα
647 4439 950 4513 ἀθανατίσῃ
994 4440 1129 4511 (46).
1179 4441 1448 4514 Δευτέραν
1482 4446 1730 4497 κοινωνεῖ

162 4534 451 4598 κοινωνίαν,
487 4532 622 4586 πολὺ
659 4529 758 4602 τῆς
797 4532 1063 4603 προτέρας
1111 4532 1580 4605 παραδοξοτέρανσ
1616 4536 1726 4606 ὅσῳ

1839 3347 2033 3402 mirum
2061 3353 2114 3399 et
2137 3345 2374 3412 Spiritu;
2406 3358 2634 3413 quorum
2667 3342 2894 3398 alterum
2931 3341 3219 3408 deilicavit,
3263 3342 3399 3396 alte-

1831 3454 1947 3492 rum
1989 3437 2291 3491 deilicatum
2322 3443 2423 3489 est.
2455 3433 2499 3490 Ο
2532 3449 2722 3489 navam
2762 3433 3068 3487 mistionem
3097 3432 3110 3486 ι
3159 3448 3192 3488 ο
3221 3432 3400 3487 admi-

1828 3529 2050 3584 randam
2096 3525 2568 3596 temperationem!
2613 3525 2714 3592 Qui
2771 3533 2872 3590 est,
2910 3522 3006 3577 Iit:
3041 3523 3132 3592 qui
3177 3532 3395 3580 creatus

1830 3636 1934 3676 non
1972 3628 2077 3684 est,
2119 3627 2374 3674 creatur:
2413 3619 2503 3688 qui
2548 3616 2692 3672 nullo
2737 3615 2857 3672 loco
2895 3617 3164 3671 contineri
3198 3625 3396 3685 potest,

1828 3728 1922 3784 per
1945 3713 2303 3767 interventum
2345 3711 2538 3766 anima:
2575 3708 2974 3776 intellectualis,
3021 3708 3164 3764 inter
3199 3708 3401 3763 divini-

1828 3813 1992 3860 tatem
2037 3811 2092 3856 et
2141 3801 2322 3857 carnis
2373 3800 2697 3865 crassitiem,
2745 3800 3068 3855 continetur.
3116 3799 3216 3866 Qui
3247 3799 3402 3854 locu-

1827 3894 1998 3965 pletes
2031 3893 2164 3948 alios
2191 3892 2347 3956 ditat,
2378 3899 2699 3960 paupertate
2724 3889 2954 3945 alIicitur
2993 3908 3006 3945 :
3038 3891 3217 3946 carnis
3256 3890 3401 3945 enim

1829 4000 1961 4042 mea?
2011 3989 2382 4056 paupertatem
2439 3981 2604 4046 subit,
2654 3989 2714 4036 ut
2755 3994 2855 4050 ego
2901 3980 3198 4036 divinitatis
3234 3980 3404 4051 ipsius

1827 4092 1957 4149 Opes
2004 4090 2326 4145 consequar.
2376 4071 2717 4142 Quirplenus
2757 4081 2860 4135 est,
2917 4071 3222 4126 exinanitur
3256 4089 3269 4126 :
3301 4088 3400 4126 sua

1830 4169 1972 4226 enim
2017 4165 2183 4237 gloria
2226 4161 2472 4218 nonnihil
2517 4158 2845 4226 exinanitur,
2881 4168 2944 4213 ut
2974 4173 3073 4228 ego
3114 4158 3404 4228 plenitudi-

1830 4260 1914 4314 nis
1953 4257 2120 4327 ipsius
2153 4255 2426 4326 particeps
2473 4249 2697 4306 elIiciar.
2731 4249 2986 4317 Quaznam
3026 4250 3108 4304 liae
3145 4251 3402 4306 bonitatis

1830 4345 2062 4402 divitiae?
2098 4342 2378 4410 Quodnam
2413 4354 2495 4394 me
2523 4340 2839 4394 circumstat
2867 4339 3223 4408 mysterium?
3256 4340 3399 4394 Divi-

1829 4453 1953 4493 nam
2008 4435 2296 4504 imaginem
2347 4432 2550 4501 accepi,
2588 4430 2755 4500 672
2805 4444 2905 4486 nec
2943 4430 3205 4486 custodivi
3255 4449 3267 4485 :
3313 4430 3404 4484 ille

1829 4529 2008 4585 carnis
2035 4542 2169 4583 mea:
2209 4526 2480 4596 particeps
2507 4523 2584 4588 Iit,
2629 4532 2707 4590 ut,
2743 4531 2796 4576 et
2827 4521 3045 4591 imagini
3080 4520 3328 4589 salutem,
3351 4532 3404 4577 ct

161 4621 266 4675 τότε
300 4625 398 4695 μὲν
429 4622 524 4676 τοῦ
553 4623 860 4694 κρείττονος
893 4623 1183 4694 μετέδωκε,
1215 4623 1311 4678 νῦν
1343 4625 1401 4679 δὲ
1447 4625 1724 4700 μεταλαμ-

1832 4622 1979 4678 carni
2010 4616 2468 4674 immortalitatem
2491 4613 2698 4667 all‘crat.
2742 4610 3044 4666 Secundum
3075 4614 3401 4668 consortium

163 4712 295 4767 ὄάνει
332 4715 428 4769 τοῦ
468 4714 730 4786 χείρονος.
777 4714 947 4767 Τοῦτο
975 4713 1069 4767 τοῦ
1099 4715 1367 4788 προτέρου
1399 4716 1724 4772 θεοειδέστε-

165 4820 244 4871 ρον
261 4820 275 4834 ⁸
303 4806 464 4861 τοῦτο
489 4809 603 4870 τοῖς
631 4804 758 4859 νοῦν
782 4805 996 4876 ἔχουσιν
1024 4806 1370 4879 ὑψηλότερον.

1834 4713 2112 4770 nobiscum
2150 4710 2268 4774 init,
2297 4717 2349 4763 et
2372 4707 2586 4776 quidem
2619 4703 2783 4775 priori
2813 4701 2969 4774 longe
2995 4697 3400 4772 admirabilius;

1837 4817 1947 4862 tum
1991 4805 2134 4859 enim
2173 4801 2247 4867 id,
2297 4798 2440 4870 quod
2485 4793 2827 4868 praestantius
2851 4805 2992 4860 erat,
3026 4795 3179 4850 nobis
3217 4795 3408 4865 imper.

166 4894 266 4958 liil',
295 4907 348 4954 at
372 4911 516 4954 nunc
562 4897 678 4968 ipse
719 4895 854 4965 ejus,
890 4896 1029 4965 quod
1059 4896 1296 4951 deterius
1327 4907 1429 4965 est,
1457 4901 1728 4973 particeps
1765 4897 2016 4958 ellicitur.
2052 4889 2166 4946 Hoc
2195 4888 2362 4961 priori
2424 4886 2516 4943 illo
2555 4886 2821 4956 divinius;
2889 4887 2991 4944 hoc
3037 4889 3177 4958 apud
3211 4889 3403 4945 corda-

166 4995 237 5042 tos
257 4997 308 5044 et
330 4989 624 5060 prudentes
652 4989 800 5044 viros
842 4987 1009 5042 multo
1033 4987 1333 5044 sublimius.

224 5083 266 5116 “
288 5083 449 5142 Hebr.
493 5099 568 5150 tv,
612 5083 702 5138 15.
1235 5089 1238 5096 ’

226 5176 330 5248 (35)
363 5172 556 5250 Λόγῳ.
613 5178 934 5250 «Sermone,
987 5178 1241 5250 alloquio,
1277 5190 1330 5237 et
1376 5182 1536 5238 insita
1569 5185 1720 5242 nobis

164 5249 369 5304 ratione.
399 5269 418 5300 ι
453 5249 544 5303 Sic
572 5249 794 5316 exponit
823 5248 1058 5305 Nicetas.

228 5318 330 5388 (56)
354 5317 744 5384 Μεταϐολαῒς.
775 5317 844 5372 Pa
855 5337 920 5383 r.,
948 5320 1244 5384 ἐπιϐολαῖς.

165 5389 883 5523 ᾳέῇἒζςῗὶλληλοφονίαις.
939 5390 1030 5447 Sic
1067 5393 1222 5448 codd.
1255 5393 1306 5446 iu
1355 5392 1464 5458 ed.,
1498 5393 1724 5466 ἀλληλο-

199 5528 326 5650 ιέιῖιὲ)
363 5531 734 5598 Ἐπιορκιαις.
753 5531 844 5587 Sic
875 5533 1028 5587 codd.
1060 5532 1310 5590 Mendose
1339 5533 1391 5588 in
1429 5534 1543 5601 ed.,
1573 5536 1725 5606 ἐπιρ-

166 5612 326 5743 κιῗῖξῗί)
365 5671 476 5743 Τοῦ
496 5671 646 5726 Θεοῦ
682 5674 886 5741 Λόγος.
955 5693 973 5725 ι
996 5673 1087 5728 Dei
1120 5672 1375 5730 Verbum.
1406 5693 1424 5726 ι

231 5740 331 5806 μοι
363 5742 666 5809 Κὰλλους.
695 5744 855 5800 Deest
887 5744 938 5799 in
971 5745 1212 5816 pluribus
1252 5747 1544 5801 codicibus.

1898 5183 2008 5258 (LI)
2037 5183 2334 5258 Γίγνεται.
2366 5179 2500 5258 Tres
2535 5179 2700 5258 Begg.
2724 5177 2952 5258 γίνεται.

1901 5248 2012 5328 (42)
2031 5248 2384 5328 Παρθενίαν.
2415 5251 2566 5328 ρι’.)
2582 5290 2596 5314 ,
2625 5248 2968 5328 παρθενείαν,

1897 5316 2012 5400 (ιὸ)
2062 5316 2292 5394 Σὶῖρκὸς
2341 5321 2439 5376 καὶ
2499 5316 2863 5388 Πνεύμὰτος.
2923 5316 3307 5374 «Humanitate
3350 5321 3407 5373 et

1831 5398 2175 5540 Defil‘f‘éqz
2197 5465 2432 5540 μικρόν.
2477 5459 2664 5540 Billiu_s
2702 5479 2735 5540 ,τ’
2764 5480 2783 5514 ι
2808 5464 2873 5540 ad
2908 5462 3071 5540 breve
3119 5470 3344 5529 tempus.
3377 5473 3398 5512 ι

1901 5532 2015 5604 (45)
2055 5532 2252 5589 Ἰοῦτο.
2287 5535 2399 5586 Non
2423 5532 2667 5604 agnoscit
2697 5532 3052 5604 Combclisius
3089 5603 3096 5604 ί
3223 5587 3228 5592 ,

1861 5602 2012 5749 ﬂow)
2069 5602 2633 5672 Ἀθανατίσῃζιὶεε.
2680 5619 2710 5659 c
2769 5613 2822 5658 et
2883 5602 3044 5656 Cuisl.
3081 5603 3130 5664 ι,
3197 5614 3404 5656 mavu-

1828 5697 1857 5731 τ
1904 5695 1990 5748 σῃ.
