4010 6316
583 321 692 379 327

586 531 791 597 acerbi,
840 532 1082 601 inquam,
1122 530 1209 585 isti
1238 530 1543 587 divinitatis
1585 547 1934 602 expensores,
1978 549 2159 588 rerum

586 624 972 679 laudandarum
1004 623 1444 691 reprehensores,
1470 625 1616 679 circa
1658 625 1831 679 lucem
1862 626 2161 690 tenebrosi,

586 718 729 772 circa
764 714 1085 786 sapientiam
1121 714 1382 785 imperiti,
1421 731 1517 785 pro
1548 716 1745 786 quibus
1774 715 2023 770 Christus
2049 732 2168 787 gra-

588 809 658 864 tis
689 821 929 865 mortuus
954 821 1059 873 est,
1079 809 1298 878 ingratze
1321 821 1604 877 creaturae,
1636 811 1833 866 diaboli
1874 810 2166 878 ﬁgmenta?

587 899 797 956 Siccine
830 900 940 955 Dco
968 900 1288 955 beneﬁcium
1318 908 1376 953 ut
1411 902 1615 955 crimen
1644 899 1881 968 obiicis?
1926 903 2006 954 An
2035 916 2164 970 pro-

586 1003 767 1063 pterea
810 1008 1007 1062 parvus
1053 1002 1158 1057 est,
1211 992 1337 1061 quia
1394 1002 1617 1062 propter
1673 1002 1724 1046 te
1761 991 2003 1055 humilis,
2037 992 2162 1060 quia

584 1085 759 1141 bonus
779 1085 868 1139 ille
892 1084 1102 1150 Pastor,
1129 1084 1219 1154 qui
1256 1083 1493 1137 animam
1519 1098 1672 1138 suam
1703 1098 1799 1152 pro
1839 1082 2033 1136 ovibus
2072 1096 2167 1150 po-

586 1176 748 1241 nit",
774 1176 838 1230 ad
868 1184 1140 1230 errantem
1163 1189 1317 1228 ovem
1347 1173 1515 1238 venit,
1539 1173 1607 1226 ad
1635 1182 1843 1226 montes
1888 1180 1939 1226 et
1978 1170 2163 1235 colles,

589 1270 642 1322 in
680 1268 873 1336 quibus
911 1266 1279 1329 sacriﬁcahas,
1311 1275 1366 1319 et
1402 1274 1684 1336 vagantem
1732 1264 1962 1327 invenit,
1997 1272 2050 1317 et
2084 1265 2166 1317 in-

587 1366 801 1411 ventam
834 1356 1021 1410 iisdem
1058 1354 1380 1419 humeris”,
1414 1354 1610 1423 quibus
1641 1362 1696 1407 et
1722 1352 1902 1405 crucis
1938 1352 2161 1417 lignum,

588 1450 823 1512 sustulit,
866 1448 1239 1516 sublatamqne
1282 1444 1348 1500 ad
1395 1458 1681 1513 supernam
1718 1442 1881 1495 vitam
1930 1441 2165 1506 reduxit,

589 1541 975 1606 reductamque
1000 1537 1211 1598 eodem,
1241 1551 1346 1605 quo
1381 1549 1474 1589 eas
1500 1548 1619 1603 qua:
1648 1547 1920 1600 nunquam
1945 1547 1975 1585 a
2008 1546 2167 1602 grege

588 1631 935 1696 aberrarunt,
978 1630 1100 1684 loco
1148 1640 1485 1694 numeroque
1534 1624 1755 1677 habuit?
1796 1622 1931 1690 Quia
1989 1624 2165 1677 lucer-

593 1738 739 1785 nam,
789 1722 887 1776 hoc
916 1730 1020 1785 est,
1061 1735 1279 1775 carnem
1329 1733 1504 1782 suam,
1555 1717 1818 1781 accendit,
1865 1724 1918 1769 et
1948 1716 2163 1769 domum

1837 320 1893 375 S.
1936 317 2264 375 GREGORII
2305 315 2651 373 THEOLOGI

657 437 796 495 XIV.
854 438 993 507 Quid
1038 438 1103 494 ad
1164 438 1280 493 haec
1337 438 1495 495 nobis
1561 444 1909 511 sycophantae
1953 441 2164 505 dicunt,
2198 447 2243 502 Α

3805 320 3915 377 328

2342 442 2439 493 IA'.
2476 439 2620 511 Πρὸς
2660 437 2833 492 ταῦτα
2861 438 2914 490 τί
2961 456 3122 508 φασιν
3164 441 3297 512 ἡμῖν
3326 441 3375 495 οἱ
3412 440 3819 509 συκοφάνται,
3862 441 3916 495 οἱ

2268 530 2457 602 πικροὶ
2516 530 2618 599 τῆς
2671 530 2932 601 θεότητος
2983 530 3264 599 λογισταὶ,
3306 536 3355 587 οί
3404 533 3754 605 κατήγοροι
3800 532 3919 589 τῶν

2266 620 2695 690 ἐπαινουμένων,
2720 621 2768 672 οἱ
2802 622 3068 674 σκοτεινοὶ
3096 624 3226 693 περὶ
3256 623 3317 676 τὸ
3345 624 3496 693 φῶς,
3527 626 3582 676 οἱ
3630 626 3772 695 περὶ
3808 625 3913 696 τὴν

2270 713 2457 783 σοφίαν
2512 713 2853 778 ἀπαίδευτοι,
2898 714 3038 786 ὑπὲρ
3081 709 3155 768 ὧν
3188 716 3426 787 Χριστὸς
3481 716 3723 787 δωρεὰν
3774 718 3913 771 ἁπέ-

2269 807 2418 871 θανε,
2450 806 2518 859 τὰ
2552 806 2824 878 ἀχάριστα
2877 809 3173 879 κτίσματα,
3201 810 3270 863 τὰ
3311 811 3403 865 τοῦ
3441 812 3725 883 Πονηροῦ
3772 814 3913 867 πλάο

2270 916 2479 969 σματα;
2514 898 2685 952 Τοῦτο
2736 898 2990 967 ἐγκαλεῖς
3041 900 3181 970 Θεῷ,
3230 902 3330 973 τὴν
3372 902 3771 971 εὐεργεσίαν;
3809 904 3909 958 Διὰ

2267 989 2426 1042 τοῦτο
2469 990 2687 1061 μικρὸς,
2732 991 2814 1043 ὅτι
2840 991 2929 1044 διὰ
2958 990 3017 1042 σὲ
3042 992 3330 1056 ταπεινός;
3360 993 3497 1045 ’Ότι
3535 994 3644 1045 ἐπὶ
3675 992 3743 1045 τὸ
3772 994 3909 1046 πλεο

2273 1080 2511 1151 νώμενον
2545 1078 2709 1152 ἦλθεν
2741 1085 2768 1135 6
2797 1083 3001 1154 ποιμὴν
3030 1085 3057 1136 6
3083 1083 3266 1147 καλὸς,
3292 1087 3320 1138 6
3345 1084 3535 1147 τιθεὶς
3580 1084 3692 1156 τὴν
3723 1085 3909 1157 ψυχὴν

2270 1172 2408 1242 ὑπὲρ
2432 1171 2539 1224 τῶν
2564 1172 2870 1242 προϐάτων,
2896 1174 2988 1226 ἐπὶ
3010 1175 3077 1226 τὰ
3100 1175 3199 1245 δρη
3228 1176 3321 1228 καὶΙ
3345 1176 3483 1239 τοὺς
3523 1175 3794 1245 βουνοὺς,
3820 1179 3903 1246 ἐφ’

2268 1258 2342 1317 ὧν
2371 1265 2677 1328 ἐθυσίαζες,
2710 1267 2804 1318 καὶ
2842 1265 3188 1337 πλανώμενον
3217 1264 3341 1337 εὗρε
3362 1284 3377 1297 ⁸
3405 1268 3515 1322 καὶ
3555 1269 3775 1338 εὑρὼν,
3809 1270 3904 1324 ἐπὶ

2268 1358 2373 1410 τῶν
2395 1357 2558 1428 ὤμων
2582 1358 2861 1421 ἀνέλαϐεν,
2889 1359 2971 1426 ἐφ’
2994 1353 3067 1412 ὦν
3086 1360 3255 1413 καὶτὸ
3284 1359 3440 1425 ξύλον
3458 1377 3473 1389 ⁸
3547 1361 3655 1414 καὶ
3689 1360 3898 1427 λαϐὼν,

2268 1453 2619 1521 ἐπανήγαγεν
2676 1453 2769 1506 ἐπὶ
2797 1454 2895 1525 τὴν
2921 1453 3033 1507 ἄνω
3073 1453 3243 1526 ζωήνο
3276 1455 3372 1509 καὶ
3400 1455 3753 1524 ἀναγαγὼν,
3789 1460 3902 1519 τοῖς

2270 1545 2490 1614 μένουσι
2532 1546 2967 1617 συνηρίθμησεν;
2994 1546 3117 1600 ’Ότι
3164 1546 3357 1617 λύχνον
3541 1548 3653 1616 τὴν
3692 1548 3896 1602 ἐαυτοῦ

2271 1639 2472 1710 σάρκα,
2524 1640 2620 1692 καὶ
2662 1638 2759 1709 τὴν
2789 1638 2965 1693 οἰκίαν
2996 1640 3274 1711 ἐσὰρωσε,
3323 1641 3425 1710 τῆς
3465 1640 3770 1712 ἁμαρτίας
3807 1640 3896 1693 τὸν

2270 1731 2473 1802 κόσμον
2525 1731 2935 1804 ἁποκαθαίρων,
2988 1732 3083 1785 καὶ
3132 1734 3233 1802 τὴν
3295 1732 3563 1803 δραχμὴν
3620 1731 3890 1803 ἐζήτησε,

591 1816 812 1879 everrit,
846 1814 1100 1868 mundum
1150 1812 1359 1867 scilicet
1403 1827 1432 1864 a
1484 1819 1707 1879 peccato
1769 1823 2085 1875 repurgans,
2117 1817 2171 1860 et

2275 1799 2387 1893 τὴν-
2423 1822 2707 1894 βασιλικὴν
2763 1799 2946 1876 είκόνα
2981 1799 3453 1895 συγκεχωσμένην.
3479 1799 3609 1888 τοῖς
3663 1799 3891 1889 παθεσι,

590 1905 922 1972 drachmam,
957 1906 1058 1959 hoc
1084 1911 1187 1967 est,
1233 1903 1432 1972 regiam
1482 1901 1772 1970 imaginem
1806 1898 2014 1952 vitiosis
2039 1897 2169 1952 alic-

588 1998 766 2052 ctihus
812 1999 1083 2061 obrutam,
1112 1995 1460 2065 conquisivit,
1499 2002 1661 2062 atque
1702 1991 1926 2061 angelos
1965 1993 2169 2045 amicos

589 2104 733 2155 suos,
787 2103 850 2143 ea
903 2088 1141 2155 inventa,
1192 2095 1473 2151 convocat,
1513 2084 1821 2153 laetitiaeque
1883 2084 2171 2153 participes

591 2181 741 2247 facit,
771 2195 906 2249 quos
922 2180 1083 2234 etiam
1107 2177 1424 2233 (economiie
1452 2190 1562 2229 sua:
1592 2175 1838 2229 conscios
1871 2176 2169 2231 habuerat?

590 2271 725 2338 Quia
764 2271 1020 2343 prmviam
1054 2270 1330 2323 lucernam
1361 2265 1796 2335 splendidissima
1826 2266 1913 2320 illa
1952 2266 2043 2320 lux
2086 2283 2171 2322 se-

589 2362 796 2433 quitur,
853 2370 908 2416 et
953 2376 1141 2415 vocem
1181 2358 1436 2424 Verbum,
1475 2366 1531 2413 et
1567 2355 1867 2426 pronubum
1918 2372 2169 2427 SpOtlSllS,

590 2454 817 2509 Domino
847 2452 1170 2523 peculiarem
1220 2449 1475 2520 populum
1514 2459 1940 2518 comparantem,
1970 2466 2033 2505 ac
2078 2467 2173 2519 per

592 2556 786 2611 aquam
842 2542 907 2594 ad
941 2540 1197 2609 Spiritum
1251 2540 1729 2609 przepurgantem?
1772 2538 2021 2595 Haeceine
2064 2542 2172 2596 Deo

590 2632 819 2704 objicis?
847 2630 1025 2701 Atque
1067 2630 1268 2684 idcirco
1295 2645 1418 2685 eum
1457 2630 1767 2685 inferiorem
1801 2647 1923 2687 esse
1954 2648 2169 2696 censes,

591 2725 717 2794 quia
778 2723 947 2778 linteo
1004 2722 1375 2792 praecingitur,
1440 2737 1505 2776 ac
1567 2722 1956 2792 discipulorum
2011 2725 2174 2792 pedes

590 2814 838 2881 abluit",
870 2815 1241 2884 optimumque
1275 2813 1339 2867 ad
1392 2814 1775 2868 sublimitatem
1820 2815 1923 2868 iter
1962 2816 2175 2869 humili-

593 2916 759 2964 tatem
789 2906 1060 2963 ostendit?
1088 2906 1223 2973 Quia
1271 2917 1489 2975 propter
1515 2906 1661 2959 hami
1706 2906 2017 2961 inclinatam
2052 2910 2172 2962 ani-

591 3018 736 3059 mam
784 3017 843 3059 se
880 3000 1082 3071 dejicit,
1120 3010 1179 3056 at
1223 3003 1290 3057 ob
1320 3010 1603 3072 peccatum
1647 3001 1895 3055 deorsum
1943 3018 2172 3073 vergen-

591 3103 700 3151 tem
732 3109 920 3149 secum
954 3093 1166 3163 erigat?
1206 3093 1338 3147 lllud
1372 3103 1552 3147 autem
1584 3092 1712 3161 quin
1746 3101 1797 3146 tu
1828 3093 1954 3147 item
1988 3110 2171 3164 repre-

592 3185 805 3249 hendis,
865 3184 1154 3254 quodcum
1192 3183 1512 3251 publicanis,
1568 3194 1621 3236 et
1673 3184 1812 3253 apud
1861 3184 2172 3253 publicanos

592 3278 725 3346 edit,
779 3285 835 3332 et
894 3276 1205 3347 publicanos
1260 3276 1311 3330 in
1370 3274 1664 3344 discipulos
1717 3278 2071 3343 convertit”,
2118 3287 2175 3332 ut

592 3373 706 3442 ipse
737 3386 952 3441 quoque
986 3368 1184 3438 aliquid
1221 3369 1499 3423 lucretur?
1535 3369 1673 3436 Quid
1695 3369 1948 3424 tandem?
1982 3370 2172 3425 Pecca-

595 3474 770 3518 torum
798 3463 1061 3525 salutem;
1106 3461 1208 3515 nisi
1253 3461 1374 3530 quis
1426 3460 1567 3515 forte
1621 3476 1685 3515 eo
1731 3463 1950 3517 nomine
2000 3465 2173 3518 medi-

592 3570 716 3610 cum
744 3564 982 3619 accuset,
1016 3554 1157 3623 quod
1194 3552 1261 3607 ad
1293 3552 1511 3609 morbos
1541 3568 1600 3608 se
1640 3554 1885 3619 inclinet,
1918 3553 2176 3609 fetorem-

592 3660 698 3713 que
748 3645 1032 3705 sustineat,
1075 3652 1133 3695 ut
1183 3643 1467 3697 sanitatem
1516 3644 1731 3712 aegrotis
1780 3644 2177 3715 donetzatque

594 3752 717 3791 eum
737 3736 920 3798 etiam,
941 3734 1028 3803 qui
1058 3734 1409 3788 humanitatis
1425 3743 1480 3788 et
1503 3736 1986 3790 comntiserationis
2009 3738 2173 3809 673

594 3826 793 3882 aﬂ'ectu
851 3834 1128 3895 permotus
1168 3824 1222 3878 in
1273 3822 1482 3879 foveam
1533 3825 1769 3893 seipsum
1816 3828 2075 3896 demittit,
2120 3840 2178 3885 ut

596 3917 907 3989 prolapsum
948 3914 1314 3985 iumentum"
1388 3913 1539 3970 iuxta
1583 3917 1716 3987 legis
1776 3921 2175 3991 praescriptum,

597 4020 798 4067 εει-γει.

670 4099 786 4157 XV.
816 4099 1011 4155 Missus
1035 4099 1250 4170 quidem
1280 4107 1383 4167 est,
1419 4115 1605 4159 verum
1638 4108 1709 4167 :ut
1757 4104 1919 4160 homo
1955 4108 2177 4178 (duplici

596 4195 740 4252 enim
769 4205 961 4250 natura
984 4195 1159 4263 erat);
1209 4193 1497 4262 siquidem,
1522 4193 1680 4263 juxta
1711 4200 1955 4267 corporis
1981 4200 2173 4272 legem,

596 4298 654 4345 et
680 4287 934 4358 fatigatus
960 4297 1065 4353 est,
1100 4294 1157 4340 et
1198 4284 1343 4339 fame
1371 4301 1434 4340 ac
1456 4286 1543 4341 siti
1572 4287 1856 4356 laboravit,
1895 4301 1950 4346 et
1978 4308 2179 4364 angore

595 4378 820 4436 affectus
868 4389 972 4445 est,
1026 4387 1080 4433 et
1126 4378 1396 4450 lacrymas
1429 4379 1585 4435 fudit.
1623 4379 1776 4447 Quod
1821 4384 1864 4437 si
1911 4385 2073 4439 etiam
2121 4397 2178 4441 ut

2271 1917 2366 1967 καὶ
2397 1916 2659 1983 συγκαλεῖ
2699 1917 2797 1978 τὰς
2836 1915 2995 1984 φίλας
3036 1916 3185 1988 αὐτῷ
3213 1917 3480 1986 δυνάμεις
3530 1918 3655 1986 (47)
3686 1919 3783 1973 ἐπὶ
3819 1920 3885 1991 τῇ

2272 2007 2369 2076 τῆς
2414 2008 2665 2078 δραχμῆς
2714 2009 2957 2078 εύρέσει,
2991 2009 3083 2061 καὶ
3133 2010 3425 2073 κοινωνοὺς
3478 2014 3739 2065 ποιεῖται
3791 2012 3889 2082 τῆς

2273 2098 2649 2169 εὐφροσύνης,
2698 2098 2765 2163 ἃς
2812 2100 2905 2154 καὶ
2948 2100 3046 2170 τῆς
3089 2100 3197 2170 (43)
3244 2104 3571 2174 οἰκονομίας
3621 2103 3887 2174 μύστιδας

2217 2233 2231 2243 .
2273 2191 2569 2260 πεποίητο;
2605 2191 2727 2244 Ὅτι
2781 2192 2857 2262 τῷ
2905 2193 3199 2264 προδρόμῳ
3245 2193 3424 2265 λύχνῳ
3476 2196 3547 2247 τὸ
3588 2194 3713 2265 φῶς
3752 2197 3883 2249 ἁκο-

2272 2283 2451 2336 λουθεῖ
2478 2284 2536 2336 τὸ
2566 2283 2982 2355 ὑπέρλαμπρον,
3020 2285 3112 2337 καὶ
3162 2288 3228 2356 τῇ
3277 2288 3427 2356 φωνῇ
3481 2288 3512 2340 6
3541 2287 3747 2356 Λόγος,
3787 2291 3876 2341 καὶ

2273 2376 2350 2446 τῷ
2383 2375 2736 2446 νυμφαγωγῴ
2774 2378 2800 2428 6
2849 2376 3119 2446 νυμφίος,
3163 2379 3646 2443 κατασκευάζοντι
3694 2380 3881 2449 Κυρίῳ

2275 2468 2403 2521 λαὸν
2441 2467 2776 2538 περιούσιον,
2812 2469 2910 2520 καὶ
2942 2467 3365 2541 προκαθαίροντι
3411 2470 3511 2523 ἐπὶ
3556 2472 3621 2524 τὸ
3659 2472 3880 2540 Πνεῦμα

2276 2560 2366 2614 διὰ
2396 2560 2490 2614 τοῦ
2524 2560 2747 2624 ύδατος;
2784 2560 2972 2614 Ταῦτα
3012 2560 3263 2629 ἐγκαλεῖς
3297 2561 3374 2632 τῷ
3410 2562 3542 2633 Θεῷ
3579 2562 3739 2632 (49);
3782 2561 3877 2615 Διὰ

2275 2652 2451 2705 ταῦτα
2506 2653 2911 2723 ὑπολαμϐάνεις
2960 2653 3214 2725 χείρονα,
3266 2656 3346 2707 ὅτι
3400 2654 3606 2725 λεντίῳ
3656 2652 3877 2717 διαζών-

2274 2760 2464 2805 νυται,
2512 2743 2607 2795 καὶ
2663 2742 2839 2809 νίπτει
2894 2742 3021 2806 τοὺς
3075 2743 3239 2807 πόδας
3278 2743 3386 2796 τῶν
3449 2742 3747 2814 μαθητῶν,
3783 2740 3872 2794 καὶ

2274 2834 2541 2887 δείκνυσιν
2581 2833 2812 2904 ἀρίστην
2860 2833 2977 2886 ὁδὸν
3009 2833 3288 2903 ύψώσεως,
3339 2832 3439 2905 τὴν
3493 2833 3868 2894 ταπείνωσιν;

2276 2926 2396 2978 ’Ότι
2430 2924 2517 2977 διὰ
2567 2924 2678 2992 (50)
2714 2925 2813 2995 τὴν
2852 2925 3272 2993 συγκύπτουσαν
3326 2927 3509 2996 χαμαὶ
3551 2925 3735 2997 ψυχὴν
3781 2942 3870 2977 τα-

2276 3010 2551 3065 πεινοῦται
2585 3011 2719 3082 (51),
2762 3013 2849 3066 ἵνα
2884 3015 2979 3066 καὶ⁸
3024 3014 3379 3088 συνανυψώσῃ
3424 3015 3490 3068 τὸ
3536 3017 3694 3070 κάτω
3723 3014 3869 3068 νεῦον

2277 3106 2509 3177 ὑπὸτῆς
2541 3106 2843 3178 ἀμαρτίαςς
2895 3107 3099 3160 Ἐκεῖνο
3144 3108 3199 3161 δὲ
3244 3109 3362 3172 πῶς
3406 3109 3468 3161 οὐ
3518 3110 3861 3178 κατηγορεῖς,

2274 3200 2354 3252 ὅτι
2401 3201 2495 3253 καὶ
2546 3199 2682 3269 μετὰ
2718 3198 2965 3254 τελὼνων
2996 3200 3188 3269 ἐσθίει,
3234 3203 3328 3254 καὶ
3380 3202 3539 3273 παρὰ
3590 3200 3863 3264 τελώναις,

2276 3292 2371 3346 καὶ
2423 3292 2716 3363 μαθητεύει
2760 3293 3017 3359 τελώνας,
3049 3294 3135 3347 ἵνα
3170 3297 3262 3348 καὶ
3301 3294 3462 3357 αὐτός
3490 3313 3548 3348 τι
3600 3294 3861 3365 κερδὰνῃ;

2277 3384 2342 3438 Τί
2391 3384 2577 3450 τοῦτο;
2618 3385 2727 3456 Τὴν
2785 3386 2893 3439 τῶν
2948 3387 3287 3458 ἁμαρτωλῶν
3335 3389 3659 3459 σωτηρίαν·
3703 3387 3751 3439 εί
3795 3383 3864 3454 μὴ

2277 3478 2490 3531 καὶτὸν
2534 3478 2714 3550 ἰατρὸν
2745 3477 2965 3549 αἰτιῷτό
3007 3497 3123 3544 τις,
3170 3480 3251 3532 ὅτι
3286 3480 3603 3547 συγκύπτει
3657 3480 3749 3532 ἐπὶ
3802 3477 3864 3530 τὰ

2278 3566 2445 3636 πάθη,
2473 3569 2565 3619 καὶ
2590 3568 2853 3632 δυσωδίας
2878 3570 3151 3638 ἀνέχεται,
3179 3569 3265 3622 ἵνα
3288 3568 3363 3639 δῷ
3392 3571 3493 3641 τὴν
3517 3570 3734 3638 ὑγίειαν
3758 3566 3861 3637 (52)

2276 3662 2385 3722 τοῖς
2442 3659 2741 3729 κάμνουσι·
2782 3660 2878 3713 καὶ
2925 3662 3017 3715 τὸν
3063 3661 3477 3732 ἐπικλινόμενον
3549 3661 3732 3735 βόθρῳ
3780 3658 3861 3712 διὰ

2279 3749 2706 3821 φιλανθρωπίαν,
2736 3749 2825 3804 ἵνα
2850 3752 2910 3806 τὸ
2938 3754 3302 3825 ἐμπεπτωκὸς
3339 3754 3562 3826 κτῆνος,
3598 3753 3744 3809 κατὰ
3771 3750 3855 3805 τὸν

2278 3841 2460 3910 νόμον,
2493 3840 2861 3912 ἀνασώσηται.

2350 4118 2452 4171 IE'.
2507 4117 2811 4189 Ἀπεστόιλη
2852 4119 2971 4189 μὲν,
3005 4120 3119 4173 ἀλλ’
3154 4120 3231 4184 ὡς
3283 4122 3608 4194 ἄνθρωπος’
3644 4118 3852 4182 διπλοῦς

2281 4209 2389 4281 γὰρ
2416 4205 2517 4280 ἦν’
2555 4210 2677 4262 ἐπεὶ
2723 4211 2815 4262 καὶ
2848 4211 3126 4276 ἐκοπίασε,
3158 4214 3251 4266 καὶ
3293 4215 3576 4287 ἐπείνησε,
3617 4214 3712 4269 καὶ
3756 4210 3855 4264 ἐδίο

2278 4300 2439 4372 ψησε,
2489 4302 2583 4355 καὶ
2638 4301 2943 4371 ἡγωνίασε,
2992 4306 3085 4357 καὶ
3140 4305 3405 4377 ἐδάκρυσε
3455 4310 3609 4379 νόμῳ
3665 4307 3853 4373 σώμα-

2278 4409 2368 4456 τος
2405 4392 2543 4462 (53)'
2576 4395 2626 4445 εἰ
2658 4392 2715 4445 δὲ
2749 4394 2841 4446 καὶ
2874 4395 2949 4457 ὡς
2977 4396 3130 4459 Θεὸς,
3161 4398 3213 4449 τί
3243 4399 3433 4466 τοῦτο;
3469 4401 3584 4471 Τὴν
3614 4396 3851 4452 εὐδοκίαν

600 4476 759 4541 Deus,
794 4474 920 4544 quid
962 4474 1285 4543 propterea?
1317 4472 1717 4542 Beneplacitum
1754 4476 1930 4532 Patris
1959 4479 2171 4532 missio-

2276 4484 2369 4537 τοῦ
2407 4484 2651 4556 Πατρὸς,
2704 4485 3006 4554 ἀποστολὴν
3055 4485 3193 4542 εἶναι
3229 4491 3468 4559 νόμισον,
3517 4494 3603 4561 ἐφ’
3633 4492 3692 4544 ὃν
3730 4490 3849 4541 ἁνα-

596 4582 719 4623 nem
744 4583 864 4624 esse
891 4567 1162 4632 existima,
1202 4567 1287 4621 cui
1312 4582 1407 4621 sua
1436 4583 1650 4639 quoque
1691 4570 1934 4635 ascribit,
1976 4581 2087 4625 tum
2118 4582 2176 4626 ut

597 4660 923 4731 principium
960 4660 1218 4728 temporis
1248 4675 1444 4728 expers
1467 4661 1672 4717 honore
1711 4662 1929 4727 alliciat,
1957 4673 2069 4719 tum
2106 4681 2176 4722 ne

599 4752 695 4807 Dei
754 4751 1096 4806 adversarius
1146 4766 1267 4805 esse
1315 4753 1578 4807 videatur.
1616 4757 2067 4824 Quandoquidem
2114 4768 2174 4812 ut

599 4842 830 4897 traditus
873 4840 1040 4894 fuisse
1074 4841 1307 4908 dicitur;
1347 4843 1417 4897 ita
1467 4859 1527 4898 se
1550 4847 1723 4913 ipsum
1756 4863 1969 4917 quoque
2002 4851 2171 4903 tradi-

597 4932 742 4987 disse
774 4932 1030 4987 scribitur
1062 4950 1075 4986 :
1109 4943 1270 5000 atque
1301 4942 1357 4985 ut
1384 4949 1413 4985 a
1458 4933 1617 4989 Patre
1655 4937 1720 4989 ad
1754 4939 1915 4990 vitam
1948 4955 2170 4996 revoca-

601 5031 705 5087 tus,
738 5029 793 5075 et
841 5021 907 5074 ad
953 5035 1147 5091 supera
1206 5030 1489 5088 susceptus
1537 5021 1737 5086 fuisse;
1794 5022 1867 5076 ita
1931 5026 2166 5093 seipsum

598 5126 812 5183 quoque
856 5128 885 5165 a
927 5111 1153 5168 mortuis
1196 5112 1486 5179 excitasse,
1526 5126 1821 5182 rursusque
1875 5113 1925 5167 in
1971 5118 2167 5171 cu'lutn

2278 4576 2433 4647 φέρει
2481 4575 2550 4629 τὰ
2608 4578 2835 4642 ἑαυτοῦ,
2886 4579 2980 4631 καὶ
3028 4579 3103 4644 ὡς
3152 4581 3324 4652 ἀρχὴν
3374 4584 3548 4653 τιμῶν
3608 4582 3845 4652 ἄχρονον,

2276 4669 2369 4721 καὶ
2408 4668 2501 4723 τοῦ
2536 4670 2610 4740 μὴ
2648 4670 2825 4723 δοκεῖν
2853 4667 2990 4724 εἶναι
3037 4672 3304 4737 ἀντίθεος.
3352 4675 3508 4728 Ἐπεὶ
3557 4676 3652 4729 καὶ
3684 4688 3846 4741 παρα-

2274 4758 2514 4812 δεδόσθαι
2563 4758 2813 4827 λέγεται,
2862 4760 2997 4814 ἀλλὰ
3041 4765 3135 4817 καὶ
3185 4765 3376 4818 ἑαυτὸν
3415 4762 3844 4839 παραδεδωκέναι

2272 4850 2619 4922 γέγραπταιο
2662 4852 2758 4904 καὶ
2805 4854 3102 4926 ἐγηγέρθαι
3146 4858 3297 4928 παρὰ
3336 4858 3427 4911 τοῦ
3483 4858 3714 4929 Πατρὸς,
3757 4852 3841 4905 καὶ

2278 4943 2619 5013 ἀνειλῆφθαι,
2650 4944 2788 4998 ἀλλὰ
2820 4947 2914 4998 καὶ
2959 4947 3151 5001 ἑαυτὸν
3187 4949 3565 5017 ἀνεσπακέναι,
3604 4948 3698 5002 καὶ
3729 4944 3839 4997 ἀνεο

2277 5030 2561 5100 ληλυθέναι
2620 5035 2811 5088 πάλιν*
2853 5037 3035 5090 ἐκεῖνα
3083 5040 3182 5108 τῆς
3231 5040 3507 5104 εὐδοκίας,
3550 5039 3717 5093 ταῦτα
3748 5033 3837 5101 τῆς

2276 5122 2538 5189 ἐξουσίας.
2585 5126 2658 5179 Σὺ
2697 5127 2754 5181 δὲ
2802 5127 2869 5182 τὰ
2928 5128 3028 5199 μὲν
3099 5131 3422 5185 ἐλαττοῦντα
3498 5132 3713 5201 λέγεις,
3771 5122 3836 5177 τὰ

668 5277 716 5310 ⁸⁸
757 5276 915 5337 Joan.
944 5294 998 5347 ι,
1036 5277 1121 5332 Η.
1196 5278 1242 5309 ⁸⁸
1265 5276 1395 5334 Luc.
1421 5293 1512 5344 xv,
1559 5278 1595 5332 4
1626 5250 1751 5349 sqq.
1827 5279 1870 5309 ⁸⁷
1910 5248 2068 5336 donn.
2119 5298 2171 5337 xt

2275 5283 2326 5338 ι.
2403 5284 2662 5353 “Luem,
2724 5288 2792 5342 27
2845 5303 2966 5358 sqq.
3041 5289 3260 5345 "Deut.
3310 5293 3526 5356 δίειμι.

669 5419 782 5493 (ιτ)
810 5421 996 5487 Φίλας
1016 5419 1175 5485 αὺτῷ
1196 5418 1499 5486 δυνάμεις.
1540 5436 1559 5469 ι
1597 5417 1814 5472 Atnicas
1839 5432 1967 5472 suas
1996 5419 2167 5474 virtu-

602 5499 781 5633 ῗεῗῑέ)
814 5564 909 5628 “At:
939 5561 1035 5615 καί
1071 5559 1201 5629 τῆς,
1231 5568 1338 5614 etc.
1362 5556 1543 5633 AGabr.
1587 5574 1600 5610 :
1639 5576 1657 5609 ι
1682 5573 1818 5628 ⁴1¹¹³⁸
1849 5574 1947 5615 "oc
1994 5558 2167 5630 ipsum

596 5628 985 5702 Incarnatinnis
1015 5630 1647 5702 _rnysterium_latuerat.)

671 5699 782 5767 (49)
819 5702 901 5767 Τῷ
921 5698 1255 5766 Θεῷίὼωι
1282 5698 1359 5769 τῷ
1390 5699 1441 5769 in
1468 5698 1728 5765 pluribus.

671 5772 783 5843 (δυ)
825 5774 957 5826 Ὅτι
996 5771 1111 5825 διά.
1173 5772 1261 5827 Sic
1294 5767 1399 5826 tres
1428 5767 1616 5840 Regg.,
1652 5781 1758 5826 tres
1790 5770 1963 5841 Colb.,
2020 5770 2169 5841 Pan,

2270 5421 2455 5476 Comb.
2482 5421 2540 5475 In
2572 5436 2683 5489 eu.,
2715 5424 2766 5476 τί
2795 5423 2902 5476 διά.

2341 5493 2451 5562 (5|)
2489 5493 2889 5548 Ταπεινοῡται.
2948 5493 3040 5550 Sic
3072 5496 3229 5552 codd.
3268 5497 3324 5550 In
3361 5497 3482 5551 l'ar.
3517 5497 3623 5562 θύη
3653 5504 3825 5548 ταπει-

2270 5560 2503 5615 νοῦνται.

2341 5632 2452 5706 (ξιξ)
2493 5633 2759 5702 Ὑγίειαν.
2788 5633 3000 5706 Comb.,
3032 5636 3237 5706 ὑγείαν.

2342 5702 2451 5773 (55)
2504 5706 2678 5772 Νόμῳ
2731 5704 3022 5777 σώματος.
3076 5702 3239 5763 Ὀυιι).
3303 5708 3356 5775 b,
3407 5710 3554 5783 νόμῳ
3608 5702 3818 5776 φύσεως»

2277 5792 2297 5825 ι
2317 5773 2434 5841 lege
2456 5783 2578 5827 natu
2588 5790 2676 5831 riu.
2710 5795 2729 5827 ι
