4010 6316
275 263 372 316 329

1223 262 1484 319 (mmo
1522 262 1810 320 xxxvut.
1855 297 1923 306 —
1962 266 2029 319 IN
2071 265 2535 324 THEOPHANIA.
2578 272 2589 275 ‘
2624 225 2635 233 ’

3405 265 3508 321 330

271 381 501 451 ὑψοῦντα
539 382 599 435 δὲ
652 384 1048 455 παρατρέχεις·
1097 387 1191 438 καὶ
1241 387 1321 437 ὃτι
1369 393 1467 456 μὲν
1518 387 1723 449 ἔπαθε,
1759 388 1837 439 λο-

1949 389 2255 442 ascendisse
2281 391 2615 457 praedicatur.
2639 372 2731 441 ηιξ
2756 386 3096 456 hcueplaciti,
3132 385 3243 438 haec
3273 395 3505 452 potesta-

269 474 421 545 γξζῃ·
453 474 541 526 ἅττ.
591 474 647 527 δὲ
680 474 844 539 ἑκὼν,
875 476 938 528 οὐ
979 476 1274 547 προστίθης
1324 478 1455 547 (54).
1499 473 1601 531 Οἷα
1643 479 1842 547 πάσχει

268 566 357 618 καὶ
394 564 491 616 νῦν
526 565 557 617 ό
593 556 766 632 Λόγος
795 568 806 617 !
847 566 982 618 Ὑπὸ
1027 567 1124 636 μὲν
1155 568 1282 629 τῶν,
1324 568 1400 631 ὡς
1426 568 1578 632 Θεὸς,
1620 572 1841 638 τιμᾶται

267 658 355 707 καὶ
396 656 821 724 συναλείφεται·
859 658 964 710 ὑπὸ
1009 657 1066 710 δὲ
1113 658 1246 719 τῶν.
1293 660 1367 722 ὡς
1420 658 1589 730 σὰρξ,
1639 660 1840 729 ἀτιμά-

264 745 409 809 ζεται
439 747 536 798 καὶ
588 746 900 818 χωρίζεται.
940 749 1094 802 Τίσιν
1121 749 1348 821 ὸργισθῇ
1393 750 1587 815 πλέονς
1627 751 1841 804 Μᾶλλον

262 837 315 889 ἃ
344 838 488 890 τίσὶν
524 839 670 909 dam;
719 840 844 904 Τοῖς
882 846 1199 914 συναιροῦσι
1248 842 1460 907 κακῶς,
1504 846 1537 915 ἦ
1591 848 1703 907 τοῖς
1749 846 1838 897 τὲ-

264 944 482 998 μνουσι;
518 931 632 985 Καὶ
682 929 791 1003 γὰρ
827 932 1117 997 κάκείνους
1164 934 1389 1006 διαιρεῖν
1417 936 1543 1001 ἔδει,
1580 936 1672 989 καὶ
1721 936 1842 989 τού-

259 1035 379 1082 τους
416 1020 750 1077 συνάπτεινο
784 1024 909 1086 τοὺς
956 1024 1054 1094 μὲν
1103 1022 1181 1095 τῷ
1230 1026 1467 1097 ἀριθμῷ,
1506 1028 1632 1091 τοὺς
1678 1028 1732 1081 δὲ
1772 1032 1838 1101 τῇ

256 1111 490 1184 θεότητι.
509 1114 891 1186 Προσκόπτεις
922 1119 989 1187 τῇ
1016 1116 1213 1188 σαρκί;
1246 1118 1415 1171 Τοῦτο
1442 1120 1537 1171 καὶ
1572 1119 1837 1174 Ἰουδαῖοι.

262 1206 328 1257 Ἦ
367 1209 466 1258 καὶ
516 1206 872 1278 Σαμαρείτην
917 1207 1246 1272 ἀποκαλείς;
1295 1209 1386 1260 καὶ
1430 1209 1491 1261 τὺ
1537 1208 1664 1279 ἑξῆς
1714 1227 1841 1263 σιω-

254 1297 526 1367 πήσομαι.
567 1298 843 1361 ’Δπιστείς
868 1302 935 1368 τῇ
984 1298 1228 1371 θεότητι;
1267 1300 1437 1353 Τοῦτο
1474 1302 1594 1355 οὐδὲ
1635 1304 1681 1355 οί
1727 1302 1841 1355 δαί-

184 1380 209 1423 '
256 1403 432 1456 μονες.
460 1383 538 1440 Ὦ
570 1387 840 1459 δαιμόνων
886 1389 1000 1459 (55)
1049 1391 1401 1461 ἀπιστότερε,
1450 1395 1542 1447 καὶ
1574 1394 1840 1448 Ἰουδαίων

170 1552 184 1571 ⁸
254 1479 742 1551 ἁγνωμονέστερεί
785 1482 1009 1537 Ἐκεῖνοι
1031 1481 1129 1554 τὴν
1157 1482 1250 1536 τοῦ
1283 1484 1411 1537 Υίοῦ
1445 1485 1836 1556 προσηγορίαν,

254 1571 554 1642 ὁμοτιμίας
623 1573 807 1643 φωνὴν
863 1574 1149 1640 ἐνόμισαν
1203 1568 1345 1628 οὗτοι
1401 1577 1490 1629 τὸν
1552 1577 1840 1631 ἐλαύνοντα

252 1659 379 1713 Θεὸν
415 1660 646 1731 ᾔδεσαν.
688 1662 996 1716 Ἐπείθοντο
1023 1663 1132 1734 γὰρ
1168 1665 1227 1730 ἐξ
1257 1659 1331 1718 ὧν
1361 1666 1619 1737 ἔπασχον.
1653 1669 1724 1721 Σὺ
1755 1668 1832 1733 δὲ,

1947 480 2035 534 tis.
2071 485 2141 533 At
2183 490 2236 533 tu
2279 494 2341 535 ea
2388 482 2623 550 quidem,
2667 494 2786 548 qua:
2825 479 3096 532 minuendi
3144 478 3250 529 vim
3285 476 3502 539 habent,

1944 571 2187 640 profers;
2241 587 2360 641 qua:
2408 582 2583 625 autem
2610 570 2882 635 efferendi,
2931 568 3174 638 praeteris
3210 585 3224 621 :
3257 577 3415 635 atque
3454 565 3507 618 id

1943 664 2156 730 quidem
2209 665 2485 733 expendis,
2543 663 2683 731 quod
2727 676 2918 732 passus
2982 661 3082 726 sit;
3145 658 3289 730 quod
3329 669 3505 712 autem

1943 764 2153 822 sponte,
2188 771 2297 809 non
2347 754 2614 824 adiungis.
2654 754 2792 808 Proh
2825 752 3003 822 qualia
3044 751 3337 805 etiamnum
3369 748 3508 816 pati-

1945 849 2031 895 tur
2084 841 2346 897 Verbum!
2406 844 2487 897 Ab
2546 842 2665 897 aliis
2712 850 2769 895 ut
2817 842 2957 896 Deus
3001 840 3295 894 honoratur
3347 844 3509 906 atque

1942 932 2311 999 contrahitur;
2347 933 2414 987 ab
2439 932 2557 987 aliis
2588 941 2645 985 ut
2674 945 2800 985 caro
2829 930 3208 993 contenmitur,
3244 942 3310 982 ac
3346 941 3504 995 sepa-

1944 1034 2111 1079 ratur.
2149 1023 2299 1080 Utris
2329 1023 2540 1078 tandem
2584 1024 2801 1094 gravius
2844 1020 3262 1077 irascetuerel
3308 1017 3504 1088 petitis,

1942 1116 2079 1172 utris
2106 1115 2226 1186 plus
2256 1115 2598 1178 condonabit,
2620 1115 2754 1168 iisne
2781 1114 2870 1183 qui
2911 1110 3050 1166 male
3076 1108 3504 1172 contrahunt,an

1940 1209 2029 1277 qui
2060 1208 2347 1263 scindunt?
2375 1205 2506 1261 Nam
2537 1217 2593 1261 et
2623 1205 2741 1262 illos
2780 1204 3038 1267 dividere,
3068 1212 3123 1257 et
3152 1203 3251 1255 hos
3282 1198 3506 1268 conjun-

1940 1315 2064 1368 gere
2095 1302 2377 1370 Oportebat
2418 1319 2430 1353 :
2465 1300 2602 1363 illos,
2635 1299 2878 1368 inquam,
2910 1309 3154 1358 numero,
3184 1293 3281 1347 hos
3314 1290 3507 1345 divini-

1942 1401 2068 1446 tate.
2088 1392 2325 1448 Oﬂ'cndis
2354 1393 2418 1446 ad
2449 1391 2704 1447 carnem?
2736 1390 2795 1443 Et
2824 1387 2994 1443 Judaei
3029 1386 3211 1439 etiam.
3242 1383 3378 1438 Num
3405 1382 3506 1437 Sa-

1941 1485 2267 1539 maritanum
2312 1499 2525 1554 quoque
2584 1481 2799 1537 vocas"
2843 1478 2986 1549 (nam
3043 1476 3184 1547 quod
3240 1474 3503 1545 sequitur,

1942 1575 2187 1645 tacebo)?
2216 1576 2406 1629 Deitati
2458 1575 2612 1627 fidem
2668 1571 2932 1639 abrogas!
2964 1570 3073 1623 lloc
3130 1582 3197 1622 ne
3239 1566 3508 1619 datmones

1941 1667 2156 1735 quidem
2196 1666 2293 1735 ipsi
2352 1665 2615 1720 fecerunt.
2675 1661 2720 1718 Ο
2774 1660 3104 1715 dmmonibus
3158 1652 3505 1714 incredulior,

251 1752 367 1804 οὐδὲ
399 1753 522 1821 (56)
566 1753 664 1825 τὴν
697 1755 916 1825 ἰσότητα
942 1755 1093 1828 δέχῃ,
1122 1756 1242 1809 οὐδὲ
1272 1758 1552 1828 ὁμολογεῖς
1589 1760 1688 1831 τὴν
1717 1760 1832 1812 θεό-

1940 1766 1991 1810 et
2031 1755 2228 1810 Judzeis
2278 1757 2650 1825 insipientior!
2704 1752 2795 1806 1,ιί
2849 1751 3060 1821 quidem
3113 1748 3233 1803 Filii
3288 1758 3504 1806 nomen,

252 1858 407 1909 τητα.
435 1843 708 1912 Κρείττον
738 1837 805 1913 ἦν
836 1860 917 1895 σοι
965 1843 1396 1914 περιτετμῖψθαι
1427 1846 1521 1897 καὶ
1549 1845 1829 1915 δαιμονᾷν,

253 1931 317 1985 ἶν’
341 1934 483 1985 εἴπω
513 1950 566 1985 τι
603 1932 697 1987 καὶ
731 1933 973 2001 γελοίως,
1006 1934 1038 2004 ἢ
1065 1937 1122 1987 ἐν
1156 1935 1489 2008 ἀκροϐυστίᾳ
1521 1936 1615 1991 xui.
1653 1936 1832 2007 ὑγιείᾳ

250 2022 557 2077 διακεῖσθαι
589 2025 842 2095 πονηρῶς
880 2026 975 2079 καὶ
1005 2027 1195 2091 ἀθέως.

1937 1847 2260 1917 aequalitatis
2305 1863 2487 1903 vocem
2519 1862 2638 1901 esse
2681 1844 2973 1900 censebant
3004 1861 3016 1895 :
3049 1840 3122 1894 illi
3150 1849 3326 1892 autem
3357 1850 3504 1897 eum,

1938 1953 1969 1992 a
1999 1954 2104 2007 quo
2139 1937 2488 2008 fugabantur,
2506 1936 2673 1991 Deum
2704 1942 2915 1989 norant.
2954 1931 3063 1986 Illis
3103 1928 3244 1984 enim
3266 1941 3350 1990 ea,
3387 1940 3508 1994 qua:

1940 2030 2304 2098 patiebantur,
2339 2028 2493 2083 fidem
2546 2026 2832 2081 faciebant.
2863 2023 2933 2076 At
2968 2031 3042 2085 tu,
3073 2033 3171 2074 nec
3224 2014 3503 2087 aequalita-

257 2122 359 2165 tem
397 2112 670 2177 admittis,
690 2129 792 2168 nec
820 2116 1152 2171 divinitatem
1184 2116 1481 2172 conﬁteris.
1506 2116 1737 2175 Proinde
1764 2120 1936 2175 satius
1974 2120 2067 2174 tibi
2104 2119 2279 2174 fuerat
2313 2118 2694 2174 circumcisum
2729 2130 2869 2180 esse,
2939 2122 3100 2181 atque
3166 2124 3196 2163 a
3261 2108 3505 2163 dzrmoue

252 2209 513 2273 obsideri,
550 2218 609 2263 ut
646 2210 870 2265 ridicule
924 2212 1126 2285 aliquid
1164 2214 1362 2279 dicam,
1415 2229 1576 2284 quam
1621 2217 1675 2271 in
1743 2218 2004 2288 przeputio
2072 2226 2125 2271 et
2168 2215 2421 2270 incolumi
2500 2213 2827 2272 valetudine,
2874 2219 2983 2263 tam
3032 2216 3198 2275 prave
3247 2212 3303 2258 et
3345 2203 3505 2272 impie

254 2295 409 2351 afﬁci.

319 2394 435 2460 ις’.
472 2395 693 2464 Μικρὸν
729 2394 841 2466 (57)
877 2397 973 2465 μὲν
1014 2391 1107 2449 οὖν
1156 2395 1381 2467 ὕστερον
1422 2397 1541 2467 ὄψει
1589 2399 1684 2450 καὶ
1731 2415 1830 2452 xu-

253 2482 577 2553 θαιρόμενον
619 2485 825 2554 Ἰησοῦν
876 2488 934 2538 ὲν
986 2485 1097 2556 (58)
1140 2485 1217 2557 τῷ
1264 2486 1502 2559 Ἰορδάνῃ
1551 2486 1649 2557 τὴν
1696 2486 1833 2558 ἐμὴν

254 2575 553 2645 κάθαρσιν-
614 2576 812 2645 μᾶλλον
868 2578 926 2630 δὲ
984 2578 1275 2645 ἀγνίζοντα
1325 2581 1390 2649 τῇ
1447 2578 1708 2651 καθάρσει
1766 2579 1834 2631 τὰ

254 2666 420 2720 ὕδατα
457 2668 542 2738 (οὐ
590 2667 702 2739 γὰρ
729 2668 794 2739 δὴ
844 2669 1008 2732 αὐτὸς
1063 2670 1232 2722 ἐδεῖτο
1280 2669 1392 2739 (59)
1426 2668 1766 2741 καθάρσεως,
1806 2671 1834 2721 ὁ

256 2758 423 2828 αῐρων
458 2758 565 2828 τὴν
595 2759 871 2829 ἁμαρτίαν
915 2759 1009 2812 τοῦ
1046 2760 1297 2831 κόσμου),
1335 2762 1429 2814 καὶ
1479 2760 1834 2832 σχιζομένους

253 2848 374 2910 τοὺς
419 2849 707 2919 οὐρανοὺς,
757 2851 850 2903 καὶ
891 2851 996 2904 ὑπὸ
1032 2850 1127 2903 τοῦ
1177 2852 1471 2920 συγγενοῦς
1515 2852 1833 2922 Πνεύματος

258 2938 726 3009 μαρτυρούμενον,
749 2941 843 2993 καὶ
868 2940 1278 3011 πειραζόμενον,
1311 2942 1405 2994 καὶ
1432 2941 1668 2994 νικῶντα
1696 2941 1831 3011 (60),

2011 2393 2146 2448 XVI.
2183 2392 2262 2448 Ac
2304 2392 2523 2463 quidem
2571 2392 2729 2461 paulo
2766 2401 2905 2460 post,
2962 2399 3015 2445 et
3059 2388 3261 2455 Iesum,
3308 2400 3503 2455 purga-

1938 2488 2099 2544 tionis
2130 2500 2261 2541 mea
2281 2499 2463 2551 causa,
2493 2484 2548 2538 in
2574 2483 2864 2539 Iordane"
2907 2483 3119 2553 purgari
3149 2479 3373 2544 videbis,
3426 2478 3507 2531 vel

1938 2579 2133 2649 potius,
2166 2592 2333 2648 aquas
2355 2577 2670 2646 purgatione
2696 2589 2792 2630 sua
2823 2573 3109 2645 purificare
3138 2573 3335 2643 (neque
3360 2569 3504 2624 enim

1938 2672 2051 2740 ipse
2081 2670 2401 2739 purgatione
2440 2682 2576 2738 opus
2626 2666 2878 2731 habebat,
2928 2666 3018 2735 qui
3064 2672 3284 2734 peccata
3322 2661 3505 2716 mundi

1938 2760 2138 2829 tollit);
2173 2769 2227 2813 et
2273 2759 2441 2814 cados
2494 2758 2691 2821 scindi,
2726 2768 2780 2812 et
2824 2755 3033 2824 cognati
3091 2752 3323 2823 Spiritus
3359 2751 3509 2804 testi-

1938 2851 2123 2906 monio
2152 2850 2435 2913 celebrari,
2479 2859 2534 2904 et
2577 2849 2798 2911 tentari,
2845 2856 2899 2901 et
2950 2845 3227 2899 victoriam
3282 2839 3505 2905 referre,

1938 2954 1993 3001 et
2019 2944 2331 3016 angelorum
2361 2942 2662 2998 ministerio
2699 2941 2796 3004 uti,
2848 2950 2900 2994 et
2935 2938 3151 2992 morbos
3201 2949 3388 2989 omnes
3444 2948 3507 2987 ac

255 3030 345 3082 καὶ
375 3030 485 3083 ὑπὸ
517 3032 767 3099 ἀγγέλων
819 3032 1277 3104 ὐπηρετούμενον,
1327 3034 1422 3086 καὶ
1465 3032 1835 3104 θεραπεύοντα

1940 3036 2222 3106 languor-es
2245 3032 2413 3105 ϐπ.
2433 3049 2643 3098 curale,
2667 3042 2718 3085 et
2757 3040 2998 3084 mortuos
3023 3031 3089 3082 ad
3113 3028 3273 3081 vitam
3305 3026 3506 3081 lucem-

256 3121 429 3176 πᾶσαν
460 3122 617 3176 νόσον
651 3124 745 3177 καὶ
793 3125 971 3176 πᾶσαν
1015 3124 1306 3194 μαλακίαν,
1345 3125 1440 3178 xui.
1472 3122 1837 3188 ζωοποιοῦντα

256 3214 478 3283 νεκροὺς
507 3214 604 3283 (ὡς
633 3213 823 3281 δῃελόν
855 3230 918 3282 γε
947 3214 1041 3267 xui.
1071 3213 1130 3266 σὲ
1163 3216 1236 3285 τῇ·
1260 3214 1543 3285 κακοδοξίᾳ
1570 3231 1837 3287 νενεκρω-

258 3301 459 3373 μένον),
487 3303 585 3355 καὶ
605 3303 864 3374 δαίμονας
891 3302 1284 3368 ἀπελαύνοντα,
1311 3304 1381 3357 τὰ
1411 3303 1509 3374 μὲν
1531 3305 1599 3358 δι’
1621 3306 1835 3370 ἑαυτοῦ,

254 3389 319 3441 τά
340 3390 396 3443 δὲ
424 3392 516 3446 διὰ
543 3392 652 3445 τῶν
682 3392 956 3464 μαθητῶν,
999 3395 1092 3447 καὶ
1127 3394 1310 3465 ἄρτοις
1337 3394 1536 3463 ὀλίγοις
1570 3396 1838 3467 τρέφοντα

258 3483 549 3553 μυριάδας,
578 3485 673 3536 καὶ
702 3483 1000 3547 πεζεύοντα
1028 3485 1285 3554 πέλαγος,
1312 3486 1405 3538 καὶ
1433 3485 1833 3557 προδιδόμενον,

255 3576 348 3627 καὶ
374 3576 802 3647 σταυρούμενον,
830 3577 926 3630 καὶ
948 3577 1352 3648 συσταυροῦντα
1375 3579 1475 3648 τὴν
1494 3578 1632 3650 ἐμὴν
1658 3580 1835 3649 ἀμαρ-

254 3668 399 3719 τίαν·
435 3667 514 3729 ὡς
544 3668 714 3737 ἀμνὸν
761 3668 1191 3739 προσαγόμενον,
1236 3668 1329 3721 καὶ
1357 3668 1432 3730 ὡς
1467 3668 1617 3739 ἱερέα
1665 3686 1834 3740 προσ-

257 3760 496 3829 άγοντα,
552 3759 628 3822 ὡς
681 3759 968 3831 ἄνθρωπον
1027 3759 1384 3830 θαπτόμενον,
1443 3760 1537 3812 καὶ
1586 3759 1661 3823 ὠς
1703 3759 1835 3816 Θεὸν

254 3851 623 3923 ἐγειρόμενον,
665 3845 782 3903 εἶτα
815 3850 907 3903 καὶ
935 3850 1313 3922 ἀνερχόμενον,
1342 3849 1435 3903 καὶ
1462 3848 1660 3918 ἥξοντα
1697 3850 1834 3920 μετά

257 3940 351 4011 τῆς
396 3941 600 3995 ἑαυτοῦ
642 3941 817 4012 δόξης.
861 3943 1036 3995 Πόσαι
1069 3959 1158 4012 μοι
1190 3940 1526 4014 πανήγύρεις
1561 3942 1678 3996 καθ’
1706 3944 1835 3996 ἕκα-

258 4048 377 4087 στον
409 4033 520 4086 τῶν
548 4032 639 4085 τοῦ
665 4032 901 4104 Χριστοῦ
936 4033 1283 4105 μυστηρίωνί
1318 4028 1417 4086 Ὧν
1453 4034 1707 4087 ἁπάντων
1739 4052 1829 4087 κε-

259 4114 487 4193 φάλαιον
514 4124 593 4190 ἓν,
635 4127 668 4196 ἠ
722 4125 830 4196 ὲμὴ
877 4124 1152 4187 τελείωσις
1207 4124 1301 4178 καὶ
1353 4124 1685 4189 ἀνάπλασις,
1740 4125 1833 4179 καὶ

258 4216 390 4288 πρὸς
415 4217 508 4271 τὸν
539 4215 753 4286 πρῶτον
791 4214 961 4286 Ἀδὰμ
990 4214 1266 4278 ἐπάνοδος.

1939 3141 2043 3196 que
2096 3139 2349 3181 revocare
2393 3121 2866 3196 (quemadmodum
2910 3120 3114 3173 utinam
3168 3128 3219 3172 te
3267 3129 3501 3185 quoque,

1939 3218 2059 3273 ﬁdei
2091 3218 2359 3287 pravitate
2400 3224 2714 3281 mortuum),
2752 3223 2807 3267 et
2852 3211 3141 3272 daemones,
3183 3208 3378 3278 partim
3410 3221 3505 3276 per

1936 3309 2193 3377 seipsum,
2242 3307 2433 3376 partim
2492 3306 2653 3360 etiam
2711 3318 2805 3372 per
2860 3298 3150 3370 apostolos,
3211 3299 3263 3351 in
3322 3296 3501 3365 fugam

1938 3414 2115 3468 agere,
2150 3411 2205 3452 et
2242 3397 2425 3468 paucis
2458 3394 2686 3465 panibus
2713 3394 2876 3447 multa
2904 3390 3179 3444 hominum
3220 3384 3382 3440 millia
3411 3400 3508 3438 nu-

1943 3491 2097 3553 trire,
2134 3499 2187 3541 et
2217 3488 2441 3557 pedibus
2470 3501 2566 3556 per
2595 3498 2743 3538 mare
2786 3482 2888 3536 iter
2918 3478 3118 3542 facere,
3148 3485 3202 3530 et
3230 3474 3403 3545 prodi,
3451 3483 3507 3528 et

1937 3584 1989 3638 in
2030 3595 2245 3636 crucem
2297 3579 2432 3647 tolli,
2475 3594 2539 3632 ac
2581 3584 2861 3645 peccatqu
2908 3586 3082 3626 meum
3124 3567 3270 3623 cruci
3318 3579 3501 3621 secum

1936 3674 2151 3745 affigere
2179 3694 2192 3728 :
2216 3683 2272 3726 ut
2306 3686 2501 3743 agnum
2536 3666 2737 3730 offerri,
2769 3674 2823 3720 et
2844 3672 2900 3717 ut
2929 3662 3258 3717 sacerdotem
3288 3653 3502 3718 offerre,

1936 3775 1996 3820 ut
2019 3764 2291 3819 hominem
2322 3761 2595 3831 sepultura
2628 3758 2786 3821 allici,
2816 3764 2870 3809 et
2895 3763 2954 3807 ut
2994 3752 3156 3806 Deum
3199 3759 3501 3815 resurgere,

1934 3869 1999 3911 ac
2030 3864 2217 3925 postea
2245 3854 2297 3909 in
2323 3853 2520 3908 ctelum
2561 3848 2871 3908 ascendere,
2905 3843 3226 3907 tandemque
3247 3851 3369 3892 cum
3393 3834 3507 3904 glo-

1935 3948 2015 4002 ria
2035 3961 2129 4002 sua
2154 3954 2439 4001 venturum
2466 3956 2603 3997 esse.
2628 3940 2805 4009 Papae,
2831 3944 2962 4006 quot
3006 3932 3136 3987 mihi
3173 3929 3340 3984 festos
3368 3926 3504 3989 dies,

1935 4038 2050 4093 haec
2074 4036 2280 4107 singula
2302 4033 2508 4089 Christi
2556 4030 2811 4101 mysteria
2854 4024 3234 4096 suppeditant!
3260 4021 3502 4088 Quorqu

1933 4126 2173 4183 omnium
2204 4141 2369 4181 unum
2408 4124 2511 4178 hoc
2560 4129 2721 4191 caput
2754 4127 2859 4183 est,
2901 4126 3060 4184 atque
3090 4126 3227 4167 unus
3257 4111 3344 4165 hic
3385 4123 3506 4164 sco-

1933 4236 2053 4290 pns,
2090 4219 2347 4274 nimirum
2395 4230 2513 4269 mea
2548 4210 2808 4283 perfectio
2854 4218 2911 4263 et
2952 4196 3296 4265 instauratio,
3345 4208 3505 4268 atque

1934 4313 1999 4365 ad
2034 4310 2262 4379 primum
2290 4306 2438 4361 illum
2464 4305 2729 4359 Adamum
2759 4299 2983 4355 reditus.

325 4401 427 4454 lZ'.
467 4398 608 4452 Νυνὶ
639 4399 697 4452 δέ
730 4416 819 4469 μοι
849 4399 996 4464 δέξαι
1022 4399 1122 4469 τὴν
1152 4398 1345 4469 κύησιν
1372 4397 1504 4468 (61),
1539 4400 1633 4451 καὶ
1667 4416 1823 4469 προσ-

1940 4356 2613 4453 wa—ut'em
2651 4399 2975 4461 conceptum,
3016 4384 3220 4454 accipe,
3251 4397 3315 4437 ac
3368 4394 3505 4450 prae-

261 4488 551 4560 κίρτησον·
588 4491 635 4541 εί
665 4490 758 4542 καὶ
791 4487 902 4559 (62)
935 4490 1010 4561 μὴ
1039 4489 1115 4552 ὡς
1148 4488 1399 4559 Ἰωάννης
1432 4487 1542 4542 ἀπὸ
1573 4489 1827 4559 γαστρὸς,

260 4578 368 4632 ἀλλ’
388 4579 465 4642 ὼς
493 4579 659 4632 Δαδὶδ
691 4579 782 4632 ἐπὶ
812 4582 877 4651 τῇ
913 4578 1255 4633 καταπαύσει
1294 4580 1393 4650 τῆς
1434 4577 1686 4633 κιῦωτοῦ.
1722 4580 1832 4633 Καὶ

262 4669 353 4740 τὴν
384 4670 715 4741 ἀπογραφὴν
744 4669 1036 4741 αἱδέσθητι,
1073 4668 1141 4721 δι’
1164 4668 1231 4739 ἥν
1260 4670 1339 4732 είς
1370 4668 1632 4741 οὐρανοὺς
1672 4668 1830 4741 ὲγρά·

263 4776 365 4832 φης
405 4760 549 4831 (65)’
587 4761 682 4815 καὶ
719 4762 819 4832 τὴν
853 4760 1103 4831 γέννησιν
1150 4759 1464 4831 σεβάσθητι,
1505 4759 1571 4812 δι’
1608 4760 1674 4829 ἢν
1702 4758 1826 4811 ἐλύ-

263 4848 358 4922 θης
391 4851 501 4905 τῶν
540 4850 753 4921 δεσμῶν
783 4851 883 4921 τῆς
918 4852 1223 4923 γεννήσεως
1252 4849 1392 4920 (64)’
1425 4849 1520 4903 καὶ
1548 4848 1649 4921 τὴν
1686 4848 1826 4920 Βηθ-

1938 4490 2076 4546 sulta
2112 4509 2127 4545 :
2160 4489 2205 4545 si
2242 4488 2420 4543 minus
2466 4496 2524 4539 ut
2566 4482 2802 4538 Joannes
2850 4480 2917 4533 ab
2967 4486 3140 4541 utero,
3179 4483 3235 4527 at
3269 4482 3419 4527 certe
3448 4480 3507 4526 ut

1939 4581 2108 4637 David
2140 4579 2209 4635 ob
2240 4577 2480 4647 requiem
2507 4574 2661 4628 Arcas
2676 4573 2743 4625 ".
2778 4568 3202 4635 Descriptionem
3232 4576 3503 4625 reverere,

1936 4680 2154 4741 prapter
2182 4683 2343 4739 quam
2367 4668 2418 4721 in
2444 4663 2596 4721 cmlis
2624 4664 2740 4732 ipse
2773 4657 3097 4716 describeris
3126 4673 3139 4709 :
3172 4664 3226 4710 et
3252 4652 3507 4707 nativita-

1937 4768 2043 4813 tem
2085 4757 2324 4820 celebra,
2378 4756 2447 4812 ob
2502 4768 2664 4825 quam
2698 4749 2995 4807 nativitatis
3029 4745 3254 4800 vinculis
3302 4742 3507 4799 solutus

1934 4864 2016 4915 es,
2047 4859 2101 4905 et
2145 4863 2364 4919 parvam
2415 4846 2559 4902 illam
2612 4843 2884 4902 Bethleem
2928 4840 3153 4903 honora,
3200 4851 3320 4908 qua:
3353 4846 3404 4891 te
3452 4835 3505 4889 in

326 4942 374 4975 ”
389 4941 546 4997 Joau.
576 4956 699 5005 vm,
735 4941 824 4999 48.
900 4941 944 4974 ⁹¹
969 4941 1155 4995 Matth.
1188 4955 1267 5006 Ill,
1304 4940 1389 4996 15.
1461 4941 1508 4972 ’⁸
1531 4937 1572 4993 ll
1594 4938 1728 5011 Reg.
1750 4940 1937 5008 γι,14.

463 5033 823 5105 ﬂpqa'thnc.
848 5032 979 5105 Reg.
1015 5032 1068 5097 d,
1104 5030 1429 5105 προστίθεις.

330 5099 531 5174 (55)*1)
560 5099 875 5174 δαιμδνων.
906 5099 997 5157 Sic
1023 5111 1133 5157 tres
1151 5099 1331 5171 'ltegg.
1364 5110 1421 5156 et
1449 5110 1558 5158 tres
1584 5101 1736 5159 Colb.
1763 5101 1823 5157 In

265 5170 368 5238 ul},
390 5170 435 5228 ὦ
463 5174 559 5227 καὶ
584 5170 872 5238 δαιμόνων.

334 5172 368 5238 ξ,
390 5172 435 5228 ὧ
463 5174 559 5227 καὶ
584 5172 872 5296 δαιῗνων.

334 5243 443 5314 (56)
478 5241 651 5314 Οὑδέ.
728 5256 845 5314 egg.
872 5242 983 5314 but.
1012 5238 1083 5308 ph
1114 5248 1171 5295 et
1195 5239 1372 5314 plures
1394 5238 1740 5314 Coib.,_objcs.

332 5309 442 5382 (57)
463 5313 709 5382 Μικρόν.
748 5309 962 5382 (Paulo
989 5319 1128 5378 post.
1153 5327 1173 5361 ι
1215 5309 1272 5382 id
1300 5320 1405 5382 est,
1450 5309 1768 5382 duodecimo
1800 5324 1831 5363 a

265 5377 460 5438 Chrisii
492 5377 773 5437 nativitate
807 5381 917 5447 die,
948 5377 1004 5435 in
1044 5393 1150 5449 quo
1181 5379 1298 5449 ejus
1327 5377 1578 5449 baptismi
1623 5392 1828 5435 memo-

268 5452 342 5508 ria
363 5452 686 5507 celebratur.

332 5522 442 5593 (58)
480 5521 805 5593 f§3._Dees_t
836 5519 891 5574 in
913 5517 1156 5593 pluribus
1189 5517 1357 5587 Κείς.
1386 5525 1441 5571 et
1471 5514 1566 5572 Or.
1599 5516 1653 5571 1.

330 5588 443 5728 (ἐξ)
480 5589 750 5668 Ἐδεῒτο.-
767 5588 1126 5669 Ρετηδεῖται.

421 5662 441 5728 )
468 5660 577 5717 Καὶ
612 5675 889 5715 ruma.
952 5657 1114 5713 Corsi.

354 5653 441 5733 60)
468 5660 577 5717 Καὶ
612 5653 907 5715 νικῶντα(
952 5657 1114 5713 Coisl.
1148 5655 1203 5721 1,
1266 5653 1360 5711 Or.
1404 5657 1457 5725 1,
1509 5653 1696 5713 Comh.
1725 5653 1824 5711 ad-

581 5756 693 5813 Pn
708 5768 850 5813 ιοι..
896 5748 1015 5811 Gtt.
1058 5746 1356 5810 XXXVI.

1933 5030 2085 5093 dunt,
2140 5027 2229 5080 τὸν
2268 5024 2618 5098 πειράζοντα,
2655 5033 2750 5079 tet
2808 5023 2873 5077 de
2917 5028 3181 5073 tcntatore
3228 5015 3506 5069 victoriam

1934 5099 2157 5155 referre.
2185 5116 2204 5148 ι

2002 5166 2113 5239 (6|)
2150 5165 2268 5239 Τὴν
2296 5166 2537 5239 κύησις.
2575 5183 2592 5216 ι
2618 5161 2970 5239 conceptum,
2998 5156 3164 5239 fetum
3186 5172 3205 5205 ι
3333 5162 3506 5239 luero.

1936 5222 2055 5292 Nu‘u
2080 5222 2224 5291 éniui
2255 5222 2407 5304 partu
2441 5232 2628 5296 effuso,
2661 5232 2773 5285 sive
2797 5222 3010 5284 Christo
3044 5222 3507 5304 uatghexsultavit

1937 5305 2191 5370 Joannes,
2251 5294 2343 5360 sed
2396 5294 2707 5371 priusquam
2738 5307 3069 5354 nasceretur.
3126 5294 3315 5349 Billius
3341 5308 3360 5341 ι
3387 5306 3509 5359 par-

1938 5385 2071 5431 tum.
2099 5393 2118 5426 ι

2032 5444 2120 5507 62)
2150 5446 2219 5496 Et
2259 5441 2379 5495 καί.
2406 5438 2538 5494 Tres
2568 5438 2734 5507 Ἆρες.
2768 5448 2821 5492 et
2850 5437 2943 5495 Or.
2972 5439 3021 5501 1,
3047 5434 3101 5507 ei
3121 5449 3222 5507 τοι.

2032 5449 2099 5498 62
2150 5449 2219 5496 Et
2259 5449 2379 5495 καί.
2406 5449 2538 5494 'l‘res
2571 5449 2734 5507 uegg.
2768 5449 2821 5492 et
2850 5449 2943 5495 Ur.
2972 5449 3021 5501 ι,
3047 5449 3095 5487 ει
3121 5449 3222 5486 τοι.

2004 5449 2122 5584 16³)
2156 5509 2481 5584 ίζΕγλοᾴφηςο
2516 5508 2757 5584 Ορθιυοτ
2781 5507 2948 5584 Regg.
2977 5516 3029 5561 et
3048 5505 3144 5584 ρι’.
3174 5503 3225 5569 1,
3257 5500 3463 5584 γράᾒι.

2005 5573 2116 5655 (64)
2144 5583 2193 5636 Γ
2194 5573 2514 5647 εἰμὶ-ήσεως.
2541 5573 2719 5649 'Regg.
2758 5594 2809 5644 c,
2856 5573 3147 5648 ἆμαρτίας,
3186 5591 3203 5623 t
3229 5573 3451 5642 peccati.
3480 5584 3500 5618 ι

3116 5735 3187 5795 11

3520 4711 3661 4805 /
