4010 6316
244 309 341 365 ὅὸἶ
1165 305 1423 361 ORATIO
1463 305 1708 362 XXXIX.
1753 332 1816 345 -ι
1854 304 1922 359 IN
1965 305 2234 361 SANCTA
2279 306 2559 362 LUMINA.
3380 316 3490 371 35]

240 423 560 497 νεκρώθητι,
593 421 897 491 συντάφηθι
955 420 1273 492 προθύμως,
1308 422 1397 473 ἵνα
1442 422 1534 473 καὶ
1588 437 1819 473 συνανα-

1885 461 1893 479 ι
1924 420 2113 487 laphos
2144 422 2348 491 accipe,
2390 422 2474 475 fac
2502 424 2690 492 spinis,
2725 424 2827 478 hoc
2856 435 2962 491 est,
3001 428 3100 495 pia:
3139 428 3259 483 vitae
3293 433 3468 499 asperi

241 519 402 587 στῆς,
452 515 545 569 καὶ
586 513 972 583 πνδοξασθῇς,
1023 512 1117 565 καὶ
1169 511 1635 582 συμϐασιλεύσῃς,
1686 511 1815 564 Θεὸν

1929 521 2055 575 tate,
2099 514 2397 567 coroneris.
2425 513 2712 569 Coccinum
2748 518 2959 582 induas,
2992 520 3308 575 arundinem
3348 525 3493 578 acci-

241 605 377 676 ὀρῶν
419 605 543 656 ὅσον
590 605 709 656 ἐστὶ
746 602 879 673 (75),
921 602 1015 655 καὶ
1064 600 1362 671 ὁρώμενος,
1401 601 1492 653 τὸν
1539 603 1595 653 ὲν
1630 599 1817 671 Τριάδι

1921 601 2057 669 pias,
2086 602 2153 657 ab
2181 602 2266 669 iis,
2289 604 2379 673 qui
2409 605 2691 661 veritatem
2722 608 2953 664 ludibrio
2981 610 3199 678 habent,
3228 614 3495 670 adoreris.

244 697 712 767 προσκυνούμενόν
764 713 821 748 τε
893 696 988 748 καὶ
1052 691 1425 763 δοξαζόμενον,
1473 693 1532 745 ὃν
1583 693 1676 745 καὶ
1723 691 1817 747 νῦν

1923 693 2163 762 Denique
2207 704 2452 764 prompto
2501 699 2680 753 animo
2730 701 2887 754 simul
2937 704 3293 774 cruciﬁgaris,
3334 706 3495 761 simul

239 789 565 861 τρανοῦςθαε
615 791 749 859 ἡμῖν
787 787 898 857 (76)
944 785 1234 856 εὐχόμεθα,
1270 786 1393 838 ὅσον
1440 783 1659 853 ἐφικτὸν
1708 786 1821 846 τοῖς

1923 784 2185 849 moriare,
2275 788 2432 840 simul
2511 790 2822 858 sepelieris,
2913 804 2969 847 ut
3042 796 3202 849 simul
3287 812 3496 867 quoque

238 883 475 951 δεςμίοις
519 882 620 949 τῆς
675 880 896 950 σαρκὸς,
931 880 990 931 ὲν
1027 877 1248 949 Χριστῷ
1285 876 1459 947 Ἰησοῦ
1503 875 1582 945 τῷ
1630 875 1820 945 Κυρίῳ

1921 888 2191 945 resurges,
2219 885 2273 930 et
2311 877 2478 947 gloria
2513 882 2729 934 doncris
2767 899 2829 937 ac
2862 900 3070 955 regnes,
3106 888 3295 953 Deum,
3329 904 3471 956 quan

239 973 413 1044 ἡμῶν,
442 966 489 1040 ᾧ
523 975 555 1042 ἡ
589 972 715 1037 δόξα
743 973 823 1033 εἰς
850 972 976 1032 τοὺς
1006 968 1209 1033 αἰῶνας
1239 968 1373 1037 (77).
1412 968 1604 1038 Ἀμήν.

1923 975 2007 1021 tus
2056 980 2172 1035 est,
2227 971 2602 1040 conspiciens,
2646 974 2989 1044 vicissimque
3058 992 3380 1047 conspectus
3426 980 3493 1033 ab

236 1084 320 1131 eo,
353 1066 444 1133 qui
476 1064 531 1116 in
560 1062 829 1115 Trinitate
868 1061 1148 1125 aduratur,
1220 1068 1275 1113 et
1320 1058 1673 1128 glorificatur,
1742 1069 1900 1123 quem
1941 1070 2083 1110 nunc
2116 1072 2327 1125 quoque
2374 1061 2545 1124 nobis,
2595 1073 2853 1130 quantum
2902 1068 3081 1119 carnis
3122 1069 3330 1123 vinculo
3366 1086 3495 1123 con-

238 1158 442 1214 strictis
464 1156 613 1221 licet,
635 1151 899 1208 declarari
927 1159 1195 1220 optamus,
1229 1150 1280 1204 in
1313 1149 1530 1204 Christo
1557 1147 1682 1201 Jesu
1716 1144 1940 1200 Domino
1980 1156 2183 1210 nostro,
2215 1149 2299 1203 cui
2331 1150 2497 1218 gloria
2532 1153 2581 1203 in
2630 1152 2843 1206 saecula.
2879 1155 3071 1209 Amen.

306 1336 419 1404 (75)
457 1337 642 1391 Ὅσον
689 1338 841 1392 ἐστί.
897 1336 1057 1392 ('oisl.
1086 1334 1137 1399 Ι,
1189 1333 1484 1407 ιτρεῼωι).
1516 1344 1565 1388 et
1600 1329 1813 1393 Comb.,

1996 1333 2106 1403 (77)
2131 1336 2375 1403 Αἱῶνας.
2447 1342 2575 1407 ttcg.
2602 1356 2630 1393 c
2659 1348 2710 1394 et
2739 1339 2926 1394 Comh.
2976 1342 3197 1406 addunt,
3234 1342 3338 1393 τῶν
3365 1344 3497 1397 αἰώ-

235 1405 359 1460 Ioov
400 1410 552 1459 ἐστὶν
581 1409 819 1476 ἐφικτόν,
853 1427 870 1460 ι
896 1418 1156 1477 quantum
1181 1404 1442 1477 possibile
1468 1417 1568 1460 est.
1596 1425 1615 1455 ι

917 1418 1156 1477 [uentum
1181 1404 1442 1477 possibile
1468 1417 1568 1460 est.
1596 1425 1615 1455 ι
1924 1420 2048 1468 νων,
2084 1426 2099 1455 ε
2127 1408 2461 1461 saeculorum.
2486 1428 2500 1458 ι

306 1477 420 1546 (76)
477 1474 658 1547 Ἡμῖν.
692 1480 781 1533 Sic
815 1474 994 1547 plures
1021 1478 1175 1531 codd.
1210 1474 1265 1527 In
1288 1475 1396 1540 ed.,
1424 1475 1572 1546 ὑμῖν.

508 1797 1282 1908 676M0NITUM
1364 1818 1488 1906 IN
1566 1808 2255 1905 ORATIONES
2326 1817 2737 1903 XXXIX
2812 1816 2963 1903 ET
3032 1819 3231 1905 XL.

325 2170 675 2258 I_Nnvn_m
734 2168 1135 2258 mysterium,
1205 2195 1447 2258 sacrum
1507 2179 1753 2243 scilicet
1800 2179 2034 2242 Christi
2089 2180 2421 2258 baptisma,
2460 2180 2525 2240 in
2570 2179 2686 2239 ista
2742 2197 2813 2241 ac
2849 2178 3151 2257 sequenti
3203 2181 3499 2243 oratione

247 2255 525 2315 celebrat
592 2255 958 2334 Gregorius.
1018 2254 1324 2327 Quamvis
1367 2265 1579 2319 autem
1643 2260 1813 2334 prior
1870 2259 1988 2319 «in
2052 2254 2263 2319 saneta
2325 2258 2654 2319 Lumina»
2710 2254 3118 2327 inscribatur,
3167 2274 3295 2318 non
3352 2259 3537 2320 inde

255 2333 1395 2427 tarnen.concludendumnput‘amus,
1428 2344 1523 2426 'ut
1572 2333 1834 2427 quidam
1872 2336 2105 2427 eruditi
2141 2335 2289 2427 (78).
2336 2345 2755 2427 censuerunt,
2810 2336 2970 2427 hanc
3022 2335 3377 2427 orationenm
3429 2337 3507 2397 ad

255 2434 282 2465 α
312 2411 687 2473 Luminum.
717 2433 746 2467 ιι
785 2427 898 2471 seu
956 2434 984 2465 α
1014 2411 1478 2474 Puriﬁcalionis
1504 2436 1533 2471 ι
1567 2411 1825 2483 festum.
1871 2416 1910 2474 2
1961 2411 2289 2476 Februarii
2335 2415 2399 2476 in
2437 2416 2717 2477 Ecclesia
2769 2415 3179 2479 celebratum.
3228 2412 3508 2476 referen-

251 2491 391 2575 dam
425 2489 721 2575 esse._Ne
774 2490 1031 2575 verbum
1067 2491 1339 2575 quidem
1390 2493 1455 2575 in
1506 2493 1623 2554 ista
1678 2493 2283 2575 orationereperire
2340 2502 2460 2575 est,
2515 2494 2687 2575 quod
2741 2494 2971 2575 Mariae
3006 2491 3507 2575 puriﬁcationem

251 2568 572 2650 designet.
604 2569 811 2650 Totus
840 2568 1155 2650 incumbit
1189 2577 1397 2650 orator
1426 2572 1491 2630 in
1537 2572 1937 2650 praedicando
1977 2568 2212 2634 Christi
2248 2568 2651 2649 baptismate,
2709 2591 2738 2631 τι
2782 2589 2911 2650 quo
2945 2571 3288 2650 Luminum
3325 2569 3513 2631 festi-

255 2648 414 2727 vitas
467 2655 677 2706 ortum
714 2646 964 2727 habuit.
1014 2648 1103 2707 Ac
1157 2665 1235 2709 ne
1271 2649 1359 2708 sit
1391 2646 1563 2710 ullus
1594 2649 1711 2711 hac
1745 2651 1823 2713 de
1872 2670 1937 2711 re
1973 2651 2207 2712 erroris
2263 2646 2494 2724 metus,
2532 2646 2928 2727 Theologum
2988 2650 3083 2710 sic
3141 2648 3509 2726 loquentem

253 2725 591 2807 audiamus
638 2724 861 2807 (n._1)
899 2727 1657 2807 :_«SanctusﬂLuminum
1695 2729 1832 2791 dies
1862 2729 1937 2790 ad
1974 2746 2167 2807 quem
2209 2731 2646 2805 pervenimus.
2699 2724 3024 2807 quemque
3065 2724 3250 2787 hodie
3287 2726 3509 2788 divino

252 2802 1117 2884 beneficio“celebravimus,
1169 2823 1199 2863 a
1253 2802 1483 2884 Christi
1539 2807 1663 2869 mei
1718 2802 2100 2884 baptismate
2141 2802 2457 2883 originem
2491 2808 2690 2869 ducit.
2723 2802 2752 2861 ὦ
2816 2802 3148 2877 Praeterea,
3218 2814 3284 2865 ut
3343 2816 3511 2884 recte

253 2885 549 2941 observat
596 2882 1040 2963 l‘_illemontius
1094 2884 1246 2963 (79),
1279 2883 1635 2957 baptismus
1691 2882 1851 2963 apud
1909 2886 2159 2947 Grmcos
2199 2882 3070 2963 «illuminatio»dicebatur,
3104 2884 3272 2960 quod
3316 2882 3514 2963 nimi-
3600 2898 3611 2909 '

257 2977 394 3041 rum
451 2960 890 3041 catechumeni
937 2979 1057 3041 per
1105 2960 1486 3041 baptismum
1542 2982 1574 3025 a
1626 2960 1861 3040 peccati
1922 2972 1982 3024 et
2033 2964 2333 3025 vitiorum
2388 2963 2686 3041 caligine,
2718 2965 2790 3023 ad
2819 2962 3088 3041 justitim
3128 2969 3190 3020 et
3226 2960 3509 3041 veritatis

260 3037 936 3119 lucemﬁconrolarent.
994 3037 1286 3119 Christus
1333 3040 1530 3119 igitur
1578 3037 1643 3102 in
1706 3043 1818 3104 hac
1853 3043 2045 3119 priori
2087 3042 2376 3103 oratione
2412 3061 2445 3103 a
2486 3037 2791 3118 Gregorio
2823 3037 3224 3119 praedicatur,
3279 3039 3513 3119 ut_lux

259 3133 401 3177 vera
444 3117 818 3177 illuminans
861 3118 1197 3189 ruundum,
1235 3135 1304 3179 ac
1339 3115 1398 3177 in
1439 3120 1723 3182 tenebris
1755 3115 1943 3182 etiam
1977 3123 2225 3182 lucens.
2279 3120 2459 3182 Unde
2512 3115 2783 3197 primum
2824 3115 3318 3197 catechumenos
3367 3115 3514 3176 hor-

260 3205 447 3277 tatur,
498 3205 592 3265 ut,
633 3196 903 3277 abjectis
959 3197 1261 3277 tenebris,
1294 3199 1365 3277 ad
1407 3215 1625 3277 puram
1684 3209 1745 3261 et
1802 3199 2141 3277 perfectam
2173 3194 2682 3277 regenerationis
2737 3198 2938 3259 lucem
2966 3213 3090 3277 per
3121 3194 3513 3270 baptismum

262 3276 580 3353 accedant.
630 3274 869 3335 Deinde
902 3274 1276 3353 mysterium
1322 3276 1516 3348 istud,
1563 3284 1685 3337 tam
1718 3274 1859 3339 cum
1902 3277 2195 3338 nefandis
2249 3276 2653 3339 ethnicorum
2711 3274 3078 3353 mysteriis,
3125 3289 3314 3353 quam
3366 3290 3513 3334 cum

262 3352 577 3428 legalibus
632 3350 996 3414 Judaaorum
1060 3352 1399 3432 institutis,
1464 3354 1807 3432 acimpiis
1865 3355 2304 3417 haereticorum
2364 3350 2794 3432 dogmatibus
2825 3351 3187 3432 conferens,
3249 3350 3511 3432 illorum

258 3427 544 3491 omnium
586 3433 939 3492 doctrinam
976 3440 1188 3493 nostra
1242 3431 1431 3508 longe
1473 3427 1847 3494 inferiurem
1896 3435 2311 3495 demonstrat.
2366 3427 2752 3494 No'minatim
2810 3432 3069 3493 demum
3122 3427 3510 3490 Novalianos

260 3511 556 3586 exagitat,
618 3510 989 3590 quiisolam
1045 3517 1465 3590 agnoscentes
1525 3512 1990 3588 purgationem,
2049 3528 2191 3590 qua;
2241 3511 2557 3589 baptismo
2615 3515 3036 3589 comparatur,
3102 3523 3510 3585 nequaquam

259 3590 534 3668 amplius
567 3589 762 3649 semel
801 3595 939 3663 post
976 3587 1362 3668 baptismum
1397 3587 1605 3668 lapsos
1626 3587 1702 3651 ad
1740 3587 2171 3668 pmnitentiam
2206 3587 2633 3651 admitterent.

336 3668 415 3727 ll.
476 3667 663 3739 Quod
717 3677 927 3728 autem
982 3665 1070 3728 ad
1116 3669 1373 3746 alteram
1426 3665 1807 3741 orationem,
1874 3665 1998 3729 «in
2049 3675 2335 3729 sanctum
2376 3668 2739 3746 baptisma»
2799 3667 3191 3746 inscriptam,
3259 3666 3509 3738 attinet,

260 3748 513 3805 nullum
544 3746 745 3825 ferme
783 3753 993 3823 potest
1034 3762 1174 3807 esse
1208 3745 1502 3825 dubium,
1539 3746 1695 3825 quin
1730 3752 1982 3825 paratus
2021 3747 2360 3825 accesserit
2390 3742 2761 3825 Gregorius,
2815 3756 2881 3805 ut
2923 3742 3052 3806 un'o
3084 3742 3213 3825 die,
3252 3760 3511 3825 unaque

260 3824 651 3901 conjunctim
697 3821 1012 3897 oratione,
1076 3823 1514 3901 totamhhanc,
1558 3821 1746 3886 'tum'
1780 3825 1858 3887 de
1916 3824 2173 3896 Christi,
2230 3833 2361 3885 tum
2416 3827 2495 3886 de
2530 3821 3093 3901 Christianorum,
3125 3821 3510 3899 baptismate

260 3897 795 3982 disputationem~
827 3903 1240 3982 absolveret._
1270 3897 1616 3982 EXorditur
1662 3903 1831 3966 enim
1887 3904 1984 3981 (n.
2020 3904 2145 3982 1),:
2201 3903 2594 3982 arQuoniam
2666 3902 2805 3962 beri
2849 3897 3256 3982 splendidum
3301 3901 3516 3982 Lumi-

260 3979 411 4041 num
440 3981 609 4042 diem
644 3980 1190 4060 celebravimus...
1226 3979 1418 4060 hodie
1447 3981 1528 4060 de
1571 3979 1901 4060 baptismo
1926 3979 2205 4043 breviter
2235 3980 2669 4055 disseremus;
2717 3979 2951 4042 etenim
2979 3979 3269 4039 hesterna
3306 3979 3513 4060 Iucea

172 4124 177 4129 ,
260 4060 450 4121 nobis
503 4061 707 4121 oratio
766 4059 982 4137 paucis
1034 4075 1336 4139 expressa
1367 4058 1686 4139 fu_it,gtum
1731 4061 1885 4138 quia
1935 4062 2240 4137 temporis
2272 4061 2562 4138 angustia
2624 4061 3102 4139 premebamur,
3168 4064 3299 4139 tum
3362 4059 3518 4138 quia

262 4155 479 4200 sermo
512 4134 913 4201 saturitatem
955 4155 1025 4200 ac
1056 4134 1379 4216 fastidium
1414 4135 1722 4216 fugiebat.
1753 4134 1783 4194 in
1840 4139 2003 4199 Hinc
2056 4134 2287 4199 merito
2332 4134 2591 4216 quidem
2624 4134 2777 4201 'htec
2823 4139 3047 4208 oratio,
3100 4134 3294 4216 velut,
3325 4134 3519 4216 altera

259 4217 681 4301 praecedentis
716 4214 1457 4301 orationisparsbaberi
1488 4216 1699 4301 debet.
1740 4215 1811 4301 In
1844 4217 2040 4293 priori
2079 4214 2680 4301 namque—Christus
2716 4214 3516 4301 baptismumsuscipiens,

264 4291 710 4358 consideratur
749 4302 815 4355 ut
863 4312 1008 4356 vera
1041 4291 1151 4355 lux
1189 4293 1566 4355 illuminans
1605 4291 1935 4357 hominem
1970 4291 2339 4359 venientem
2401 4298 2463 4355 in
2499 4295 2669 4356 hunc
2709 4291 3019 4355 mundum
3054 4312 3069 4362 ;
3116 4291 3180 4350 in
3217 4291 3338 4354 ista
3374 4311 3520 4355 vero

263 4376 707 4457 consideratur
739 4374 1318 4457 homotquatenus
1357 4378 1452 4434 est
1503 4389 1539 4457 a
1592 4371 1842 4435 Christo
1878 4392 1989 4451 per
2020 4375 2410 4457 baptismum
2459 4374 2906 4457 illuminatus._
2954 4372 3024 4430 In
3080 4373 3521 4457 pertractando

265 4464 477 4515 autem
516 4464 641 4514 tam
676 4452 986 4514 inetfabili
1016 4446 1357 4529 mysterio,
1397 4456 1567 4511 tanta
1624 4460 1755 4513 erat
1790 4446 1999 4513 rerum
2035 4446 2240 4526 copia,
2272 4457 2339 4511 ut
2374 4466 2779 4529 nequaquam
2826 4451 3059 4529 mirum
3098 4446 3409 4521 videatur,
3465 4452 3518 4511 si

265 4532 642 4610 Gregorius,
680 4531 971 4610 quamvis
1006 4527 1318 4610 orationis
1361 4528 1549 4589 initio
1580 4546 1648 4610 s_e
1716 4554 1742 4586 α
1771 4529 2053 4610 breviter
2084 4527 2497 4610 dicturump'
2526 4527 2915 4610 premiserit,
2968 4527 3382 4610 fuse._tamen
3444 4529 3521 4589 de

265 4602 669 4687 baptismatis
701 4602 1112 4671 'excellentia
1160 4608 1507 4687 loquatur.
1591 4608 1903 4687 Baptismi
1959 4610 2204 4687 donum
2241 4602 2958 4687 mirifice'ampliﬁcans
2990 4649 3006 4677 ,
3083 4602 3247 4687 677
3309 4604 3521 4682 ipsum

267 4682 616 4749 creationis
649 4688 817 4749 dono
854 4682 1586 4766 prmstantius'declarat.
1647 4682 1917 4760 Idcirco,
1958 4686 2145 4747 modo
2193 4685 2446 4757 blande,
2499 4682 2689 4766 modo
2740 4682 3523 4766 fortitercaleehumenos

266 4775 473 4844 urget,
512 4777 574 4829 ut
612 4764 903 4846 prompto
940 4775 999 4828 et
1026 4766 1210 4846 alacri
1245 4765 1461 4825 animo
1490 4766 2343 4846 adbaptismatislavacrum
2376 4764 2722 4846 accedant;
2763 4772 2824 4825 et
2858 4764 3185 4846 prolixiori
3221 4779 3522 4825 sermone

268 4842 626 4906 ostendens
653 4842 963 4923 quantum
1004 4846 1088 4905 sit
1128 4843 1192 4903 in
1240 4859 1414 4923 mora
1453 4842 1810 4921 periculum
1841 4890 1858 4918 ,
1895 4845 2063 4905 varia
2108 4842 2648 4923 cunctantiumac
2686 4842 3284 4923 procrastinantium
3338 4860 3528 4920 argu-

272 4934 484 4984 menta
544 4919 778 4985 invicte
833 4923 1090 4985 refellit.
1156 4923 1244 4981 Ex
1281 4921 1380 5001 his
1418 4919 1628 4982 autem
1667 4939 1811 5001 quae
1870 4930 2003 4984 tum
2043 4922 2103 5001 in
2138 4919 2516 4999 praecedenti
2553 4921 2847 5001 Monito,
2875 4928 3005 4980 tum
3043 4921 3111 4981 in
3162 4921 3284 4982 isto
3342 4919 3528 5001 argu-

276 5011 486 5063 mento
517 5002 827 5074 diximus,
866 5017 990 5061 non
1038 5001 1199 5063 male
1238 4999 1422 5061 nobis
1455 4998 1971 5062 concludendum
2029 4998 2303 5070 videtur,
2367 5000 2722 5061 orationem
2778 4998 2899 5058 «in
2948 5008 3158 5060 sancta
3196 4998 3467 5060 Lumina
3495 5023 3523 5055 υ

274 5077 824 5159 Constantinopoli
862 5080 1137 5141 habitam
1172 5077 1370 5159 fuisse
1399 5079 1437 5138 6
1466 5078 1754 5141 Januarii
1782 5080 1926 5157 381,
1958 5079 2218 5141 alteram
2256 5094 2403 5140 vero
2440 5080 2569 5141 «De
2591 5078 3040 5154 Baptismate,»
3077 5080 3180 5141 die
3208 5079 3528 5157 sequenti,

274 5158 335 5220 id
367 5167 461 5221 est
494 5160 533 5219 7
566 5155 857 5222 Januarii
894 5159 1183 5222 eiusdem
1216 5155 1391 5219 anni.

274 5393 454 5520 M(7‘3)
482 5391 753 5517 Plantelius
786 5394 841 5449 in
886 5405 1075 5451 annot.
1109 5394 1161 5448 in
1193 5393 1325 5464 Cvp.
1357 5408 1371 5457 ;
1413 5390 1590 5447 Getas.
1655 5390 1708 5444 in
1751 5405 1849 5447 suo
2025 5392 2136 5463 (79)
2160 5392 2223 5449 Τ.
2252 5393 2341 5457 ΙΧ,
2372 5401 2475 5447 art.
2506 5407 2629 5457 uv,
2661 5407 2713 5463 p.
2738 5393 2861 5449 465.

327 5479 385 5518 ar
411 5479 509 5520 .vro
532 5480 618 5520 ea.

327 5479 441 5536 arty
452 5479 618 5533 roxog.
