4010 6316
398 270 503 326 355

782 536 1163 620 ORATIO
1238 527 1610 612 XXXIX'.

884 692 949 748 In
987 703 1165 749 sancta
1205 691 1449 744 Lumina.

470 815 509 866 I.
556 812 781 864 Rursum
813 807 969 861 .lcsus
1022 820 1192 870 meus,
1256 814 1309 857 et
1362 819 1569 857 rursum
1609 802 1957 873 mysterium;

398 905 707 977 mysterium
751 915 854 955 non
905 899 1081 962 fallax,
1132 914 1229 953 nec
1261 898 1596 962 indecorum,
1648 911 1745 951 nec
1791 894 1962 964 genti-

399 998 494 1051 litii
536 993 740 1049 erroris
777 1006 840 1045 ac
877 989 1200 1044 temulentis:
1232 988 1330 1059 (sic
1369 990 1512 1043 enim
1562 985 1866 1047 veneranda
1901 983 1963 1037 il-

396 1087 567 1142 lorum
615 1082 871 1154 mysteria
928 1095 1081 1145 voco,
1129 1089 1290 1148 atque
1346 1080 1533 1143 etiam,
1594 1086 1651 1131 ut
1703 1076 1958 1136 arbitror,

396 1189 583 1229 omnes
616 1181 791 1227 mente
818 1168 1079 1240 prtediti);
1119 1167 1212 1221 sed
1244 1169 1558 1236 mysterium
1603 1165 1874 1220 excelsum
1910 1174 1963 1218 et

396 1268 657 1330 divinum,
675 1278 739 1318 ac
753 1275 1042 1331 supernum
1061 1259 1399 1329 splendorem
1419 1258 1726 1314 concilians.
1753 1257 1960 1312 Etenim

396 1366 621 1412 sanctus
638 1353 922 1408 Luminum
956 1351 1090 1415 dies,
1121 1349 1186 1403 ad
1216 1364 1374 1417 quem
1396 1347 1963 1418 pervenimus,quem-

399 1464 503 1518 que
544 1445 702 1502 hodie
731 1444 908 1497 divino
951 1439 1213 1495 beneﬂcio
1242 1438 1651 1505 celebravimus,
1702 1439 1962 1509 originem

401 1538 614 1607 quidem
652 1552 680 1588 a
722 1532 921 1588 Christi
961 1530 1063 1583 mei
1118 1529 1440 1598 baptismate
1484 1529 1675 1586 ducit:
1737 1530 1965 1593 Christi,

400 1629 642 1697 inquam,
676 1623 764 1692 qui
790 1631 874 1678 est
899 1621 985 1673 lux
1021 1632 1167 1681 vera,
1203 1617 1516 1674 illuminans
1541 1634 1755 1675 onmem
1786 1621 1962 1675 homi-

401 1732 522 1772 nem
552 1715 845 1770 venientem
875 1713 924 1765 in
949 1712 1259 1766 mundum"
1292 1727 1495 1766 :meam
1542 1720 1717 1765 autem
1757 1726 1966 1781 quoque

401 1810 770 1878 purgationem
809 1815 1082 1876 operatur,
1142 1819 1205 1858 ac
1254 1803 1443 1859 lumini
1505 1802 1555 1858 ei
1602 1803 1962 1871 adiumentum

401 1903 576 1966 alfert,
604 1900 741 1968 quod
772 1898 838 1952 ab
879 1912 945 1951 eo
992 1896 1296 1951 sublimitus
1351 1897 1418 1951 ab
1463 1894 1615 1949 initio
1659 1904 1961 1964 acceptum,

400 1993 604 2065 peccati
637 1990 858 2059 caligine
884 1988 1207 2043 obduxituus
1236 1999 1396 2056 atque
1427 1986 1787 2041 confudimus.

472 2084 536 2138 ll.
585 2082 845 2149 Quocirca
876 2080 1111 2135 divinam
1142 2094 1329 2135 vocem
1365 2078 1561 2141 audite,
1588 2077 1717 2129 mihi
1742 2076 1959 2144 quidem

401 2173 701 2245 hujusmodl
745 2186 921 2224 rerum
972 2179 1025 2224 et
1054 2168 1317 2237 discipulo
1372 2176 1426 2220 et
1470 2165 1751 2235 magistro,
1802 2174 1966 2232 atque

402 2269 604 2325 utinam
652 2266 812 2318 etiam
856 2263 1009 2316 vobis
1038 2262 1385 2314 vehementer
1428 2257 1765 2311 insonantem
1808 2273 1819 2308 :
1854 2254 1967 2324 Ego

401 2375 515 2413 sum
549 2357 641 2411 lux
684 2355 864 2409 mundi
896 2354 963 2406 ".
1018 2353 1094 2406 Ac
1132 2348 1396 2421 proinde:
1437 2348 1674 2402 Accedite
1716 2349 1784 2401 ad
1827 2363 1965 2410 eum,

403 2458 454 2504 et
488 2445 882 2512 illuminamini,
908 2454 953 2497 et
977 2442 1135 2512 facies
1165 2452 1361 2502 restria.
1404 2454 1533 2493 vero
1560 2438 1759 2493 lumine
1791 2440 1967 2492 cousi-

402 2549 601 2610 gnatte,
636 2538 850 2591 minime
891 2534 1278 2603 confundantur
1314 2534 1379 2586 ⁸⁷.
1409 2531 1640 2599 Tempus
1687 2545 1968 2599 regenera-

403 2632 595 2695 tionis;
646 2643 930 2684 nascamur
976 2627 1167 2682 denuo.
1219 2623 1454 2694 Tempus
1512 2622 1962 2684 iustaurationis;

402 2723 632 2791 primum
664 2720 921 2773 Adamum
967 2717 1309 2784 recipiamus.
1344 2714 1418 2768 Ne
1466 2715 1517 2767 iu
1562 2728 1628 2768 eo
1656 2722 1820 2774 statu,
1860 2725 1967 2781 quo

403 2827 611 2877 sumus,
653 2824 993 2875 maneamus;
1029 2823 1213 2862 verum
1239 2807 1305 2859 ad
1337 2805 1623 2874 pristinum
1657 2804 1961 2859 redeamus.

404 2902 523 2958 Lua:
568 2906 621 2958 in
654 2903 876 2958 tenebris
920 2902 1000 2964 ³⁸,
1040 2900 1143 2955 hoc
1173 2899 1341 2970 678
1390 2907 1476 2953 est
1542 2898 1594 2952 in
1644 2897 1744 2952 hac
1774 2897 1881 2951 vita
1914 2906 1968 2949 et

403 3008 584 3060 carne,
634 2993 801 3057 lucet;
834 3006 897 3047 ac
937 2991 1170 3045 tenebrae
1217 2990 1431 3058 quidem
1480 3003 1600 3042 eam
1634 3003 1967 3058 persequun-

406 3096 511 3153 tur,
548 3087 641 3141 sed
681 3101 785 3140 non
827 3082 1311 3154 comprehendunt,
1353 3080 1687 3144 adversaria,
1723 3080 1962 3147 inquam,

402 3185 659 3245 patestas,
703 3187 843 3243 quae,
885 3174 1009 3227 dum
1039 3185 1136 3241 pro
1179 3185 1275 3224 sua
1309 3170 1637 3239 impudentia
1693 3170 1744 3223 in
1781 3168 1966 3223 visibi-

401 3267 508 3321 lem
542 3264 807 3319 Adamum
838 3265 1093 3333 impetum
1126 3262 1270 3325 facit,
1315 3262 1366 3314 in
1410 3259 1576 3314 Deum
1622 3259 1867 3323 incurrit,
1902 3275 1965 3313 ac

1598 258 1637 310 S
1696 255 2021 311 GREGOBII
2061 252 2403 308 Τιιιοιυαι

597 415 3236 443 ____________________________._.________________._

1983 684 2030 739 Α

3531 252 3633 305 5ἷῦ

2586 524 2948 609 ΛΟΓΟΣ
2989 526 3128 607 ΙΖν.

2478 686 2581 747 Εἰς
2616 685 2687 737 τὰ
2720 682 2855 752 ἅγια
2887 683 3051 735 Φῶτα
3084 682 3215 753 (80).

2134 793 2210 847 A'.
2246 794 2417 847 Πάλιν
2459 793 2665 863 Ἰησοῦς
2710 797 2737 846 ὁ
2781 792 2932 861 ἐμὸς,
2968 794 3061 847 καὶ
3103 795 3264 848 πάλιν
3302 797 3599 866 μυστήριον

2066 885 2357 955 μυστήριον
2386 884 2485 937 οὐκ
2516 883 2808 953 ἀπατηλὸν,
2832 884 2940 936 οὐδ’
2966 885 3225 954 ἀκοσμον,
3249 884 3368 937 οὐδὲ
3391 887 3488 956 τῆς

2063 976 2288 1046 ληνικῆς
2332 975 2559 1046 πλάνης,
2590 976 2683 1028 καὶ
2722 975 2892 1046 μέθης
2921 974 3082 1044 (οὕτω
3111 975 3218 1047 γὰρ
3252 975 3361 1040 ἐγὼ
3393 976 3542 1030 καλῶ
3574 978 3636 1029 τὰ

2063 1068 2283 1121 ἐκείνων
2316 1068 2505 1138 σεμνὰ,
2531 1063 2682 1137 οἶμαι
2711 1067 2787 1131 δὲ,
2824 1069 2915 1120 καί
2943 1067 3050 1121 τῶν
3077 1068 3480 1139 εὐφρονούντων
3504 1070 3625 1123 ἕκα-

2064 1160 2231 1227 στος),
2272 1158 2407 1213 ἀλλά
2452 1160 2745 1231 μυστήριον
2776 1158 2976 1229 ὑψηλόν
3012 1176 3071 1212 τε
3108 1161 3202 1213 καὶ
3228 1159 3389 1222 θεῖον,
3421 1161 3513 1213 καὶ
3539 1162 3636 1231 τῆς

2062 1253 2173 1305 ἀνω
2204 1250 2581 1322 λαμπρότητος
2607 1251 2883 1321 πρόξενον.
2917 1251 2980 1304 Ἦ
3009 1251 3117 1322 γὰρ
3146 1251 3277 1320 ἁγία
3307 1251 3413 1304 τῶν
3440 1252 3636 1305 (Dibth

2062 1344 2265 1415 ἡμέρα,
2289 1346 2368 1404 είς
2392 1344 2458 1415 ἢν
2489 1342 2788 1413 ἀφίγμεθα,
2817 1343 2911 1397 καὶ
2948 1343 3014 1414 ἢν
3045 1344 3319 1412 ἑορτάζειν
3358 1345 3637 1415 ἡξιώμεθα

2064 1420 2322 1507 σήμερον,
2355 1436 2527 1507 ἀρχὴν
2571 1435 2668 1503 μὲν
2701 1435 2760 1488 τὸ
2784 1434 2877 1488 τοῦ
2912 1435 3045 1504 ἐμοῦ
3085 1434 3322 1505 Χριστοῦ
3357 1435 3635 1505 βάπτισμα

2062 1528 2347 1598 λαμϐάνει,
2378 1528 2469 1581 τοῦ
2500 1527 2751 1599 ἀληθινοῦ
2790 1526 2986 1596 φωτὸς,
3017 1526 3110 1579 τοῦ
3148 1528 3469 1595 φωτίζοντος
3499 1529 3622 1579 πάνυ

2063 1637 2130 1673 τα
2159 1620 2438 1691 ἄνθρωπον
2477 1621 2768 1692 ἐρχόμενον
2801 1622 2879 1683 εἰς
2916 1620 3007 1673 τὸν
3052 1620 3284 1688 κόσμονο
3334 1622 3544 1691 ἐνεργεῖ
3580 1620 3636 1672 ὁ)

2063 1710 2161 1779 τὴν
2185 1710 2322 1780 ὲμὴν
2348 1708 2631 1780 κάθαρσιν,
2667 1711 2759 1762 καὶ
2791 1708 2975 1778 βοηθεί
3014 1710 3091 1778 τῷ
3133 1711 3291 1777 φωτὶ,
3324 1711 3351 1762 ὃ
3381 1711 3509 1781 παρ’
3539 1713 3623 1761 αὐ-

2064 1796 2157 1849 τοῦ
2211 1797 2461 1861 λαϐόντες
2513 1798 2719 1852 ἀνωθεν
2762 1800 2855 1853 ἀπ’
2893 1799 3089 1870 ἀρχῆς,
3125 1803 3187 1853 ὲκ
3226 1800 3325 1869 τῆς
3368 1803 3637 1871 ἁμαρτίας

2067 1890 2415 1961 ὲζοφώσαμέν
2446 1908 2501 1943 τε
2535 1892 2627 1944 καὶ
2656 1892 3003 1964 συνεχέαμεν.

2139 2072 2211 2125 B'.
2244 2072 2541 2144 Τοιγαροῦν
2576 2073 2840 2126 ἀκούσατε
2899 2074 3047 2136 θείας
3105 2074 3308 2144 φωνῆς,
3371 2075 3492 2145 ἐμοὶ
3542 2076 3638 2145 μὲν

2069 2165 2163 2217 καὶ
2191 2164 2307 2218 λίαν
2343 2164 2585 2235 σφοδρῶς
2613 2166 2931 2235 ὲνηχοὺσης,
2974 2164 3051 2235 τῷ
3091 2166 3267 2239 μύστῃ
3300 2168 3392 2219 καὶ
3437 2185 3637 2237 μυστα-

2068 2256 2231 2327 γωγῷ
2250 2257 2357 2309 τῶν
2389 2257 2663 2321 τοιούτων,
2696 2258 2777 2328 εἴη
2810 2258 2863 2310 δὲ
2899 2258 2993 2311 καὶ
3026 2260 3152 2329 ὑμῖν
3174 2276 3185 2288 ·
3234 2260 3369 2329 Ἐγώ
3411 2263 3525 2326 εἰμι
3574 2264 3641 2313 τὸ

2068 2346 2189 2417 ερῶς
2220 2348 2325 2402 τοῦ
2354 2348 2603 2417 κόσμου.
2641 2348 2751 2401 Καὶ
2782 2348 2869 2401 διὰ
2897 2348 3074 2413 τοῦτο,
3099 2349 3465 2416 Προσέλθετε
3490 2352 3638 2418 πρε(

2068 2439 2271 2501 αὑτὸν,
2307 2438 2402 2491 καί
2434 2440 2785 2507 φωτίσθητε,
2819 2442 2913 2495 καὶ
2952 2442 3023 2496 τὰ
3048 2442 3336 2509 πρόσωπα
3364 2442 3531 2510 ὑμῶν
3567 2446 3641 2496 οὐ

2062 2528 2149 2597 μὴ
2187 2530 2619 2599 καταισχυνθῇ,
2662 2532 2740 2603 τῷ
2781 2532 3019 2604 ἀληθινῷ
3064 2536 3203 2602 φωτὶ
3248 2536 3639 2606 σημειούμενοι.

2068 2621 2270 2691 Καιρὸς
2301 2622 2707 2694 ἀναγεννήσεως
2726 2643 2733 2652 ’
2753 2625 3099 2695 γεννηθῶμεν
3126 2626 3329 2680 ἄνωθεν
3357 2627 3486 2691 (81).
3508 2631 3640 2682 Και-

2070 2715 2161 2785 ρὸς
2195 2715 2552 2782 ἀναπλάσεως
2575 2736 2588 2750 ’
2619 2719 2707 2772 τὸν
2750 2719 2963 2789 πρῶτον
3010 2721 3178 2788 Ἀδὰμ
3219 2720 3329 2787 (82)
3361 2722 3641 2777 ἀναλάὕω-

2071 2824 2189 2876 μεν.
2235 2808 2327 2881 Μὴ
2368 2810 2638 2882 μείνωμεν
2666 2813 2801 2881 ὅπερ
2831 2812 3016 2882 ἐσμὲν,
3048 2814 3161 2866 ἀλλ’
3193 2815 3328 2885 ὅπερ
3372 2811 3513 2885 ἦμεν
3549 2833 3631 2883 γε⁹

2068 2899 2304 2969 νὼμεθα.
2348 2903 2417 2956 Τὸ
2439 2903 2559 2970 φῶς
2594 2904 2663 2956 ἐν
2692 2901 2764 2970 τῇ
2800 2905 3011 2971 σκοτίᾳ
3046 2906 3243 2973 φαίνει
3277 2905 3408 2975 (85),
3432 2905 3506 2976 τῷ
3541 2907 3643 2975 βίῳ

2067 2991 2256 3062 τούτῳ,
2298 2994 2391 3047 καὶ
2429 2993 2506 3064 τῷ
2538 2995 2743 3067 σαρκίῳ
2765 3011 2777 3023 ο
2817 2997 2907 3049 καὶ
2946 2995 3050 3049 ὑπὸ
3087 2996 3183 3067 τῆς
3210 2996 3430 3059 σκοτίας
3448 2996 3642 3049 διώκε-

2067 3101 2154 3137 ται
2190 3085 2307 3155 μὲν,
2347 3084 2408 3138 οὐ
2454 3086 2925 3157 καταλαμϐάνεται
2990 3088 3064 3152 δὲ,
3106 3088 3203 3157 τῆς
3262 3088 3642 3158 ἀντικειμένης

2067 3177 2207 3245 λέγω
2243 3177 2543 3247 δυνάμεως,
2579 3178 2654 3248 τῷ
2689 3178 2996 3248 φαινομένῳ
3045 3180 3141 3249 μὲν
3186 3179 3353 3249 Ἀδάμ
3394 3196 3640 3250 προσπηο

2066 3269 2242 3339 δὼσης
2288 3268 2345 3333 ἐξ
2392 3270 2681 3333 ἀναιδείας,
2728 3269 2803 3340 τῷ
2835 3270 2951 3340 Θεῷ
2982 3270 3036 3323 δὲ
3073 3271 3505 3342 περιπιπτούσης
3547 3273 3641 3325 καὶ

402 3367 728 3428 superatur;
787 3365 843 3410 ut
885 3369 1020 3421 nos,
1075 3354 1298 3424 ahjectis
1352 3353 1625 3418 tenebris,
1689 3352 1751 3405 ad
1795 3350 1961 3405 lucem

2068 3359 2382 3431 ἡττωμένης
2400 3377 2411 3388 ·
2438 3360 2501 3412 ἵν’
2525 3363 2684 3430 ἡμεῖς
2709 3360 2769 3413 τὸ
2828 3361 3014 3424 σκότος
3044 3361 3386 3430 ἀποθέμενοι,
3420 3361 3494 3430 τῷ
3523 3379 3641 3430 φω-

402 3448 722 3506 accedamus
748 3486 763 3513 ,
799 3462 861 3501 ac
893 3445 1087 3501 deinde
1112 3445 1208 3500 lux
1254 3459 1469 3513 quoque
1500 3444 1736 3511 perfecta
1766 3440 1965 3497 cilicia-

404 3555 544 3605 mur,
580 3553 609 3593 a
659 3537 896 3608 perfecta
946 3536 1062 3591 luce
1095 3538 1440 3606 prodeuntes.
1486 3534 1761 3589 Videtisne
1809 3535 1966 3602 hujus

401 3631 504 3683 diei
544 3626 804 3697 gratiam?
841 3625 1115 3680 Videtisne
1165 3624 1323 3694 hujus
1371 3624 1608 3694 mysterii
1657 3625 1761 3677 vim
1797 3634 1850 3677 et
1891 3624 1967 3677 fa-

400 3716 696 3773 cultatem?
724 3716 804 3768 An
839 3730 943 3769 non
977 3731 1005 3767 a
1047 3726 1189 3768 terra
1238 3716 1292 3768 in
1345 3714 1509 3767 altum
1555 3714 1755 3768 sublati
1790 3714 1967 3768 estis?

401 3810 615 3865 Annon
653 3809 705 3862 in
747 3807 888 3863 ctelo
930 3806 1215 3875 perspicue
1254 3806 1432 3873 positi,
1480 3817 1663 3860 nostra
1710 3805 1961 3861 videlicet

402 3918 534 3958 voce
556 3915 621 3955 ac
650 3898 1104 3967 contemplatione
1135 3898 1186 3951 in
1223 3898 1449 3952 sublime
1490 3896 1653 3951 elati?
1681 3897 1759 3952 Ac
1794 3899 1963 3951 nmlto

401 3996 565 4049 etiam
604 3993 773 4063 magis
800 3989 1047 4044 collocati
1087 4003 1149 4042 ac
1192 3987 1417 4042 stabiliti
1458 3987 1633 4055 eritis,
1665 4002 1783 4043 cum
1830 3988 1961 4043 Ver-

403 4089 528 4141 bum
559 4085 797 4140 sermoni
828 4092 1011 4137 nostro
1047 4095 1363 4151 prosperum
1404 4094 1622 4135 cursum
1662 4080 1890 4135 dederit.

471 4175 556 4232 lll.
600 4177 779 4245 Ecqua
821 4175 939 4229 talis
968 4183 1052 4230 est
1092 4173 1277 4243 legalis
1305 4180 1466 4241 atque
1497 4171 1798 4226 umbratilis
1833 4187 1964 4239 pur-

399 4266 562 4334 galio,
600 4252 720 4335 quae
754 4280 849 4334 per
891 4264 1244 4334 temporarias
1290 4261 1631 4331 aspersiones
1680 4262 1963 4316 utilitatem

398 4355 574 4425 allen,
606 4372 670 4413 ac
697 4357 927 4427 pollutos
961 4371 1053 4425 per
1095 4355 1272 4409 vitula:
1310 4354 1546 4409 cinerem
1589 4354 1827 4408 lustrat?
1858 4349 1962 4407 Ec-

399 4447 528 4517 quiil
590 4448 848 4517 ejusmodi
902 4446 1129 4518 gentiles
1172 4443 1500 4501 celebrant?
1565 4440 1808 4509 Quorum
1862 4457 1961 4513 ego

398 4541 746 4597 ceremonias
771 4554 956 4595 omnes
998 4547 1052 4595 et
1099 4538 1381 4610 mysteria,
1430 4550 1607 4590 meras
1638 4550 1810 4606 nugas
1844 4550 1963 4590 esse

465 4658 510 4690 "
547 4654 702 4711 Joan.
736 4656 865 4716 t,9.
987 4651 1033 4685 “
1092 4650 1248 4706 Joan.
1302 4664 1417 4715 vut,
1480 4650 1561 4704 12.

466 4760 491 4788 ι
528 4747 671 4801 Alias
697 4756 751 4799 et
783 4762 921 4797 nunc
956 4744 1275 4797 XXXIX.—
1299 4743 1487 4797 llabita
1506 4744 1965 4811 Constantinopoli

397 4820 427 4871 ὓ
453 4816 691 4873 Januarii
728 4832 852 4868 ann.
894 4815 1018 4867 581.

468 4886 580 4955 (80)
604 4883 801 4955 Εἰς-γτὰ
823 4883 959 4955 ἅγια
988 4882 1173 4955 «bring.
1199 4882 1291 4955 Sic
1314 4882 1548 4955 melioris
1572 4881 1960 4955 not:e_eodices.

398 4949 527 5021 Reg.
561 4949 670 5023 pu;
712 4954 804 5023 El;
835 4949 903 5005 τά
927 4953 1057 5023 ἀγια
1102 4951 1408 5023 Ἐπιςράνια.
1439 4949 1491 5002 In
1520 4950 1806 5023 nonnullis,
1839 4950 1964 5023 Geo-

398 5019 580 5094 φάνιαξ
616 5021 764 5094 0nd
819 5041 831 5076 :
1074 5023 1151 5094 εἰς
1196 5022 1255 5072 τὸ
1307 5020 1472 5094 ἀγιον
1514 5019 1832 5094 Βάπτισμα,
1870 5021 1962 5094 καὶ

398 5088 537 5147 κατά
558 5092 838 5161 δογμάτων
866 5088 1188 5160 Ἑλληνικῶν
1208 5107 1222 5121 ο
1253 5107 1271 5140 ι
1298 5089 1484 5161 Oratio
1510 5093 1561 5140 in
1596 5101 1837 5161 sanctum

397 5164 608 5227 pliSllla.
634 5158 698 5213 et
718 5164 974 5215 adversus
1006 5158 1317 5215 Gra‘eorum
1370 5160 1640 5229 dogmata.
1669 5175 1687 5207 ι
1742 5158 1798 5211 lu
1827 5160 1912 5211 ed.
1941 5173 1957 5211 :

397 5234 487 5294 Εἰς
506 5230 572 5283 τὰ
609 5231 738 5298 ἀγια
767 5229 922 5298 Φῶτα
944 5230 1050 5281 τῶν
1088 5229 1433 5298 Ἑπιφανίων.

464 5304 575 5371 (8i)
610 5294 1002 5371 Γεννηριῖψενξ
1028 5294 1275 5371 ἄνωθεν.
1333 5316 1350 5347 ι
1374 5296 1669 5371 Nascantur
1711 5294 1903 5371 dendo.
1933 5313 1950 5371 ι

397 5362 484 5424 Sic
512 5364 664 5424 Joan.
694 5362 840 5431 ttt,'3
877 5362 1039 5422 ι’Ἐὰν
1069 5370 1141 5439 μή
1174 5384 1256 5430 τις
1276 5366 1506 5439 γεννηθῇ
1534 5365 1765 5439 ἄνωθεν·
1797 5362 1955 5439 thisi

397 5440 514 5506 quis
541 5450 759 5493 renatus
788 5440 949 5492 fuerit
997 5431 1187 5492 denu'o.
1216 5456 1233 5488 ι
1286 5431 1378 5489 Sic
1404 5431 1579 5506 etiarn
1605 5435 1762 5506 vertit
1794 5431 1924 5484 Nice

398 5503 505 5573 tas;
546 5508 845 5578 etBudteus
884 5507 1362 5578 reprehendit_eos,
1397 5507 1484 5574 qui
1516 5503 1668 5557 aliter
1699 5505 1954 5571 interpre-

398 5588 591 5655 tantur.
623 5577 806 5655 l}_illi_us
842 5596 854 5632 :
886 5595 911 5655 t_
928 5574 1157 5655 desuper
1183 5574 1490 5655 gignamur:
1518 5594 1536 5655 ι

460 5645 574 5715 (89η)
625 5648 863 5715 Πρῶτον
898 5644 1088 5715 Ἀδάμ,
1140 5644 1417 5699 tPrimum
1464 5644 1791 5706 Adamutn,»
1861 5648 1951 5714 qui

1687 4649 1731 4680 "'
1771 4647 1911 4702 Psal.
1945 4664 2155 4716 xum,
2178 4650 2232 4704 6.

2064 3452 2117 3503 τὶ
2139 3450 2522 3523 πλησιάζωμεν
2549 3452 2678 3521 (84),
2708 3447 2824 3504 εἶτα
2855 3453 2947 3505 καὶ
2971 3452 3085 3519 φῶς
3108 3452 3392 3521 γενώμεθα
3418 3452 3637 3515 τέλειον,

2064 3543 2267 3596 τελείου
2333 3543 2508 3611 φωτὸς
2555 3545 2887 3614 γεννήματα.
2934 3542 3125 3614 Ὁρᾶτε
3160 3544 3255 3613 τῆς
3286 3544 3494 3614 ἡμέρας
3542 3548 3641 3611 τῂν

2066 3634 2258 3704 χάριν;
2308 3634 2468 3703 ὁρᾶτε
2504 3632 2599 3685 τοῦ
2652 3635 2950 3704 μυστηρίου
2983 3635 3079 3705 τὴν
3108 3634 3364 3705 δύναμινς
3399 3637 3494 3690 οὐκ
3534 3637 3641 3688 ἀπὸ

2066 3723 2168 3792 γῆς
2200 3722 2433 3793 ἧρθητε;
2468 3723 2566 3775 οὐκ
2594 3724 2703 3777 ἄνω
2736 3724 2977 3777 τέθεισθε
3003 3725 3189 3794 σαφῶς
3215 3725 3514 3795 ὑψωθέντες
3537 3727 3641 3780 ὑπὸ

2063 3813 2160 3883 τῆς
2220 3813 2492 3884 ἡμετέρας
2554 3814 2735 3885 φωνῆς
2768 3816 2858 3868 καὶ
2894 3817 3178 3887 ἀναγωγῆς
3216 3817 3361 3886 (85);
3412 3818 3520 3871 Καὶ
3559 3818 3642 3872 ἔτι

2070 3905 2267 3978 μᾶλλον
2299 3906 2610 3978 τεθήσεσθε,
2648 3908 2867 3963 ἐπειδὰν
2902 3909 3139 3983 εὐοδώσῃ
3169 3911 3277 3983 (86)
3309 3912 3398 3965 τὸν
3433 3912 3587 3980 λόγον
3611 3913 3643 3965 ὁ

2065 3998 2255 4067 Λόγος.

2140 4172 2213 4226 Γ’.
2256 4174 2345 4242 Μή
2378 4189 2458 4236 τις
2485 4174 2706 4244 τοιαύτη
2741 4175 3006 4247 κάθαρσις
3039 4176 3231 4247 νομικὴ
3259 4178 3351 4230 καὶ
3383 4178 3638 4250 σκιώδης,

2071 4263 2420 4335 προσκαίροις
2452 4266 2806 4336 ραντίσμασιν
2823 4265 3123 4335 ὠφελοῦσα,
3146 4268 3239 4321 καὶ⁸
3262 4269 3437 4339 σποδῷ
3464 4270 3641 4341 δαμά-

2069 4353 2203 4417 λεως
2241 4354 2556 4423 ῥαντίζουσα
2585 4356 2709 4418 τοὺς
2747 4357 3203 4426 κεκοινωμένους;
3240 4360 3312 4429 μή
3348 4376 3399 4412 τι
3433 4360 3642 4414 τοιοῦτο

2073 4443 2517 4515 μυσταγωγοῦσιν
2551 4446 2835 4517 Ἕλληνεςξ
2874 4438 2947 4501 ὧν
2973 4448 3133 4519 λῆρος
3168 4451 3289 4519 ἐμοὶ
3317 4453 3463 4506 πᾶσα
3490 4452 3641 4505 τελε-

2066 4535 2134 4607 τὴ
2164 4537 2256 4590 καὶ
2288 4538 2602 4608 μυστήριον,
2636 4537 2902 4609 δαιμόνων
2937 4538 3153 4612 εὕρημα
3200 4543 3472 4596 σκοτεινὸν
3500 4542 3638 4613 (87),

2336 4651 2380 4682 ⁸⁸
2408 4650 2563 4705 Joan.
2593 4668 2640 4716 ι,
2676 4652 2731 4707 5.

2077 4745 2330 4797 nimirum
2383 4746 2432 4798 iu
2476 4746 2684 4816 justitia
2712 4745 2958 4801 conditus
3004 4745 3196 4800 fuerat.
3255 4765 3271 4796 ι
3303 4748 3586 4812 Adanmnt,
3614 4769 3631 4799 ι

2000 4814 2043 4868 D
2072 4824 2195 4867 ante
2224 4814 2521 4881 peccatum.

2143 4883 2255 4954 (83)
2284 4887 2499 4939 Φαίνει.
2529 4884 2685 4954 Coisl.
2715 4887 2764 4952 1,
2802 4888 2984 4954 φαίνῃ.

2142 4953 2253 5021 (84)
2278 4953 2718 5024 Πλησιάζωμεν.
2790 4953 2903 5010 Duo
2932 4953 3097 5028 Regg.
3130 4967 3183 5012 et
3216 4955 3379 5011 Coisl.
3414 4957 3464 5022 1,
3493 4955 3635 5027 πλη-

2069 5023 2365 5092 σιάσωμεν.

2130 5092 2249 5166 (85)
2288 5093 2629 5166 Ἀνξαγωγ-ἦς.
2674 5111 2691 5144 ι
2721 5092 3083 5166 Meditatione,
3114 5096 3582 5166 contemplatione.
3612 5117 3629 5148 ι

2067 5159 2172 5233 Ριζο
2203 5159 2449 5233 θεωρίας
2468 5159 2608 5229 οιιίμι
2643 5162 2877 5233 ponitur.
2906 5163 3025 5217 Bill.
3056 5165 3107 5217 in
3141 5166 3306 5233 prima
3331 5159 3423 5218 ed.
3463 5184 3476 5219 :
3514 5183 3532 5214 ι
3552 5182 3636 5218 su-

2067 5229 2215 5284 blimi
2270 5229 2539 5286 oratione.
2570 5249 2589 5282 ι
2639 5231 2695 5284 lu
2740 5232 2907 5285 altera
2957 5249 3105 5295 vero.
3144 5229 3193 5284 ⁷(
3219 5235 3583 5288 subvectione.
3609 5254 3626 5285 ι

2063 5300 2256 5421 ﬁgitur
2309 5312 2485 5355 autem
2548 5301 2635 5356 hic
2690 5302 2755 5355 de
2804 5301 3101 5358 sublimiori
3147 5302 3383 5373 MySterii
3419 5305 3635 5375 exposi-

2088 5384 2229 5421 ioue.

2088 5384 2229 5423 lOlle.

2134 5439 2243 5509 (86)
2269 5439 2573 5509 Εὺοὸὡσῃ.
2601 5439 2731 5509 Reg.
2758 5438 2846 5505 ph,
2889 5440 3163 5508 εὑοδὼσει.

2131 5508 2241 5589 (8])
2271 5508 2511 5580 Εὕρημα
2542 5508 2873 5565 σκοτεινόν.
2909 5512 3021 5567 Duo
3055 5512 3240 5583 llegg.,
3274 5512 3481 5583 εὕρεμα
3507 5527 3634 5565 σκοο

2059 5593 2265 5633 τεινων.
