4010 6316
233 405 323 460 557
1129 404 1392 462 ORATIO
1438 408 1679 465 XXXIX.
1721 440 1791 450 —
1829 412 1894 467 IN
1936 413 2198 470 SANCTA
2242 415 2521 470 LUMINA.

3354 420 3460 468 ὂὸδ

230 516 313 569 καὶ
352 511 592 575 διανοίας
641 511 971 583 ἀνάπλασμα
1018 492 1429 589 κακοδαίμονος,
1471 518 1646 589 χρόνῳ
1674 518 1782 591 βοηι

1902 539 2119 590 censeo,
2169 525 2512 579 tenebrosum
2564 521 2872 575 dzemonum
2904 512 3203 585 int’e‘litum,
3240 533 3303 574 ac
3338 533 3464 589 per-

231 606 493 674 θούμενον,
542 604 639 657 καὶ
684 602 837 674 μύθῳ
878 605 1239 675 κλεπτόμενον
1279 608 1411 678 (88).
1463 611 1527 661 Ἀ
1578 608 1685 680 γὰρ
1724 611 1799 674 ὡς

226 697 382 767 ἀληθῆ
444 697 866 768 προσκυνοῦσιν,
918 697 992 760 ὼς
1045 698 1249 768 μυθικὰ
1291 700 1791 769 συγκαλύπτουσιν·

225 791 345 852 δέον,
376 791 423 841 εἰ
453 789 557 859 μὲν
583 789 776 861 ἀληθῆ.
818 791 891 861 μὴ
929 790 1132 861 μύθους
1162 793 1540 862 ὀνομάζεσθαι,
1570 793 1685 847 ἀλλ’
1713 795 1795 847 ὅτι

226 882 291 951 μὴ
320 881 518 951 αξσχρά
544 881 887 935 δείκνυσθαι·
912 885 961 936 εἰ
986 883 1043 935 δὲ
1068 882 1258 954 ψευδῆ,
1294 884 1789 956 μὴοοαυμάζεσθαι,

224 971 333 1041 μηδ’
367 971 539 1035 οὕτως
605 973 812 1043 ἰταμῶς
854 974 1250 1038 ἐναντιωτάτας
1290 974 1434 1045 ἔχειν
1472 975 1627 1041 δόξας
1666 976 1792 1048 περὶ

220 1063 299 1115 τοῦ
331 1062 494 1115 αὑτοῦ
536 1064 863 1134 πράγματος
886 1082 899 1095 ’
939 1064 1127 1137 ὥσπερ
1177 1068 1234 1119 ὲν
1272 1066 1446 1137 ἀγορᾷ
1491 1066 1790 1139 μειρακίων

221 1152 518 1217 παίζοντας.
556 1155 589 1224 ἢ
623 1155 831 1225 ἀνδρῶν
860 1156 1267 1226 κακοδαιμόνων
1300 1157 1375 1221 ὡς
1405 1158 1642 1229 ἀληθῶς,
1674 1158 1787 1212 ἀλλ’

218 1244 303 1296 οὐκ
355 1245 585 1315 ἀνδράσι
623 1247 1036 1316 διαλεγομένους
1078 1246 1201 1300 νοῦν
1243 1248 1443 1317 ἔχουσι,
1491 1249 1582 1302 καὶ
1614 1249 1786 1318 Λόγου

217 1340 648 1406 προσκυνηταῖς·
682 1337 783 1392 κᾶν
820 1339 916 1408 τὴν
951 1338 1195 1408 ἔντεχνον
1227 1340 1448 1410 ταύτην,
1490 1341 1583 1396 καὶ
1614 1343 1787 1412 ῥυπα-

218 1427 307 1495 ρὰν
334 1428 673 1500 πιθανότητα
697 1430 1046 1484 διαπτύωσιν.

1902 617 2027 671 dita:
2058 615 2254 669 mentis
2298 614 2632 683 ﬁgmentum,
2684 610 2940 680 temporis
2974 625 3075 678 ope
3109 626 3171 665 ac
3217 610 3465 680 ιιι-τεείιίἰο

1897 707 2109 768 fultum,
2143 718 2196 761 et
2255 705 2450 760 fabulis
2498 703 2682 757 furtim
2722 703 3013 756 obtectum.
3058 700 3213 763 Nam.
3263 716 3379 769 qua:
3409 709 3464 753 nt

1898 813 2023 853 vera
2056 797 2303 861 adorant,
2355 795 2543 850 eadem
2594 802 2654 848 ut
2683 792 2922 847 fabulosa
2971 792 3262 848 obvolvunt
3292 803 3346 848 et
3373 806 3463 847 oc-

1894 886 2119 940 cultant.
2177 886 2464 955 Oporteret
2516 884 2714 953 potius,
2762 882 2805 936 si
2866 883 3080 951 quidem
3136 898 3261 937 vera
3314 891 3460 942 sunt,

1898 992 2018 1046 qua:
2073 976 2384 1045 praedicant,
2446 990 2553 1028 non
2616 989 2677 1027 ea
2737 971 2949 1027 fabulas
3004 986 3331 1043 nuncupare,
3369 972 3461 1027 scd

1898 1066 2203 1131 ostendere,
2235 1065 2377 1133 quod
2407 1065 2474 1119 ab
2505 1064 2649 1118 omni
2692 1064 3039 1133 turpitudinis
3083 1063 3460 1118 obscenitatis-

1896 1173 2000 1227 que
2030 1164 2155 1211 nota
2206 1157 2587 1211 vindicentur:
2625 1154 2671 1210 si
2705 1163 2882 1208 autem
2936 1153 3088 1221 falsa,
3128 1170 3235 1209 non
3276 1171 3337 1210 ea
3370 1170 3461 1211 su-

1896 1250 2132 1318 spicere,
2166 1263 2263 1303 nec
2306 1249 2376 1301 ita
2429 1248 2769 1317 impudenter
2809 1247 2877 1302 de
2905 1262 3009 1300 una
3061 1246 3358 1315 eademque
3404 1262 3461 1301 re

1897 1340 2131 1394 maxime
2156 1338 2429 1408 oppositas
2462 1338 2756 1393 sententias
2797 1347 3022 1402 tenere;
3064 1338 3286 1407 perinde
3311 1352 3375 1392 ac
3402 1339 3458 1401 ii,

1893 1432 1985 1499 qui
2027 1431 2081 1485 in
2123 1442 2263 1485 ctetu
2298 1446 2585 1499 puerorum
2623 1431 2828 1495 ludunt,
2865 1441 2958 1484 aut
2992 1431 3283 1486 amentium
3311 1446 3460 1500 pror-

218 1528 297 1569 sus
331 1518 601 1582 virorum,
645 1536 746 1575 non
779 1534 954 1576 autem
1001 1540 1121 1578 cum
1166 1525 1501 1594 sapientibus
1536 1526 1688 1590 viris,
1754 1541 1817 1582 ac
1855 1524 2018 1581 Verbi
2062 1525 2440 1580 adoratoribus
2505 1525 2812 1593 disputant;
2864 1524 3075 1578 tametsi
3111 1523 3458 1578 artiﬁciosum

218 1611 342 1664 istud
370 1621 424 1666 et
469 1630 730 1681 spurcum
787 1620 1068 1673 verborum
1117 1620 1441 1675 lenocinium
1484 1631 1859 1690 aspernentur.

172 1708 211 1765 /
274 1705 342 1757 A'.
385 1706 459 1757 Οὐ
491 1707 618 1769 Διὸς
644 1708 815 1763 ταῦτα
853 1714 1007 1780 γοναὶ
1031 1714 1140 1785 (89)
1166 1716 1260 1768 καὶ
1281 1715 1500 1780 κλοπαὶ,
1524 1714 1616 1768 τοῦ
1650 1717 1800 1787 Κρη-

1978 1715 2064 1770 ιν.
2122 1714 2236 1770 Non
2287 1716 2399 1770 haec
2445 1712 2593 1769 Jovis
2640 1720 2825 1782 partus
2873 1721 2925 1767 et
2986 1712 3145 1778 furta,
3182 1711 3343 1776 illius,
3379 1712 3459 1766 iu-

212 1794 310 1847 τῶν
342 1797 634 1866 τυράννου,
666 1800 769 1853 κᾶν
802 1803 1060 1875 ’Έλληνες
1089 1806 1509 1876 ἁπαρέσκωνται
1535 1807 1676 1878 (90)·
1702 1808 1782 1861 οὐ·

1894 1823 2076 1876 quam,
2108 1807 2444 1863 Cretensium
2477 1807 2697 1877 tyranni~
2736 1805 2983 1877 (moleste
3016 1805 3140 1860 licet
3168 1806 3269 1861 hoc
3290 1806 3459 1876 genti-

210 1884 258 1936 δὲ
288 1888 591 1959 Κουρήτων
618 1886 763 1962 ἦχοι,
792 1895 883 1946 καὶ
916 1896 1119 1964 κρότοι,
1155 1897 1250 1948 καὶ
1277 1896 1530 1967 ὀρχήσεις
1565 1898 1674 1965 (91)
1706 1896 1785 1949 ἔν-

210 1978 369 2039 οπλοι,
397 1980 538 2032 Θεοῦ
573 1981 851 2048 κλαίοντος
877 1987 1016 2057 ἠχὴν
1042 1986 1535 2054 συγκαλύπτουσαι,
1562 1988 1647 2040 ἵνα
1677 2005 1783 2040 πα-

208 2069 329 2139 τέρα
375 2071 519 2143 λάθῃ
570 2074 921 2141 μισότεκνον·
968 2076 1138 2129 δεινὸν
1192 2076 1300 2148 γὰρ
1343 2074 1409 2148 ἦν
1458 2078 1534 2141 ὡς
1575 2078 1783 2131 παιδίον

210 2160 722 2232 κλαυθμυρίζεσθαι,
772 2166 863 2219 τὸν
917 2167 991 2230 ὡς
1027 2166 1172 2221 λίθον
1218 2168 1617 2221 καταποθέντα*
1663 2169 1783 2220 οὐδὲ

207 2252 421 2321 Φρυγῶν
486 2255 602 2321 (93)
654 2258 902 2326 ὲκτομαῐ,
956 2261 1049 2312 καὶ
1113 2260 1286 2319 αὐλοὶ,
1351 2260 1443 2312 καὶ
1506 2258 1783 2329 Κορύϐαν-

207 2358 288 2404 τες
319 2342 450 2413 (95),
487 2347 590 2398 καὶ
630 2346 731 2399 ὅσα
770 2349 896 2417 περὶ
926 2350 1023 2420 τὴν
1062 2348 1217 2402 Ῥέαν
1260 2349 1532 2420 ἄνθρωποι
1566 2349 1781 2419 μαίνον-

205 2449 307 2497 ται,
345 2436 635 2501 τελοῦντες
672 2440 735 2508 τῇ
775 2442 942 2511 μητρὶ
972 2441 1079 2492 τῶν
1107 2441 1277 2505 Θεῶν,
1324 2443 1416 2495 καὶ
1450 2440 1778 2511 τελούμενοι,

203 2524 294 2577 ὅσα
344 2528 411 2597 τῇ
449 2527 626 2597 μητρὶ
669 2527 779 2581 τῶν
820 2530 1075 2582 τοιούτων
1119 2531 1263 2593 εἰκός
1289 2547 1301 2559 °
1354 2531 1476 2582 οὐδὲ
1519 2530 1653 2601 κόρη
1700 2547 1782 2593 τις

202 2616 326 2684 ἡμῖν
360 2618 691 2688 ἀρπάζεται,
744 2622 836 2673 καὶ
887 2623 1148 2692 Δημήτηρ
1194 2622 1302 2692 (94)
1356 2620 1645 2688 πλανᾶται,
1687 2623 1781 2675 καὶ

204 2706 429 2771 Κελεούς
486 2727 645 2773 τινας
699 2713 1000 2781 ἐπεισάγει,
1060 2714 1151 2766 καὶ
1214 2714 1639 2784 Τριπτολέμους,
1689 2715 1781 2766 καὶ

202 2798 515 2866 δράκοντας,
555 2802 650 2853 καὶ
685 2802 754 2855 τὰ
783 2804 879 2872 μὲν
915 2806 1076 2867 ποιεῖ,
1111 2804 1177 2857 τά
1203 2803 1256 2857 δὲ
1284 2805 1498 2875 πάσχει.
1525 2804 1781 2874 Αἰσχύνο-

205 2907 294 2959 μαι
326 2892 434 2963 γὰρ
472 2893 659 2964 ἡμέρᾳ
684 2894 866 2948 δοῦναι
897 2897 995 2965 τὴν
1036 2896 1145 2965 (95)
1176 2896 1367 2959 νυκτὸς
1395 2896 1633 2967 τελετὴν,
1687 2897 1779 2949 καὶ

202 2987 365 3036 ποιεῖν
406 2984 506 3055 τὴν
548 2986 932 3058 ἀσχημοσύνην
976 2990 1288 3059 μυστήριον.
1349 2985 1499 3041 Οἶδεν
1542 2988 1780 3053 Ἐλευσὶς

200 3075 383 3140 ταῦτα,
433 3078 532 3130 καὶ
573 3080 620 3130 οἱ
658 3078 764 3129 τῶν
808 3080 1206 3150 σιωπωμένων,
1234 3082 1328 3134 καὶ
1360 3082 1567 3151 σιωπῆς
1614 3081 1778 3144 ὅντως

201 3166 354 3231 ἀξίων
380 3171 637 3224 ἐπόπται.
669 3171 803 3223 Οὐδὲ
834 3172 1082 3236 Διόνυσος
1116 3172 1303 3237 ταῦτα,
1333 3174 1424 3226 καὶ
1451 3172 1621 3245 μηρὸς
1645 3170 1774 3243 (96),

200 3257 393 3311 ὠδίνων
449 3261 644 3323 ἀτελὲς
695 3260 903 3331 κύημα.
957 3262 1144 3334 ὥσπερ
1177 3263 1303 3316 ἄλλο
1336 3282 1387 3316 τι
1426 3263 1631 3334 κεφαλὴ
1666 3264 1775 3333 (97)

202 3349 486 3422 πρότερονο
532 3353 629 3405 καὶ
659 3352 792 3415 Θεὸς
838 3352 1179 3424 ἀνδρόγυνος,
1218 3355 1312 3407 καὶ
1361 3354 1518 3425 χορὸς
1555 3354 1776 3424 μεθυόν-

200 3455 321 3505 των,
354 3443 446 3495 καὶ
483 3443 718 3513 στρατὸς
758 3443 998 3506 ἔκλυτος,
1040 3446 1133 3498 καὶ
1168 3444 1419 3514 Θηϐαίων
1458 3446 1611 3498 ἄνοια
1658 3444 1779 3497 τοῦ·

201 3547 283 3583 τον
313 3533 553 3602 τιμῶσα,
590 3535 683 3586 καὶ
712 3534 955 3605 Σεμέλης
988 3535 1248 3606 κεραυνὸς
1288 3535 1774 3606 προσκυνούμενος.

202 3622 323 3675 Οὐδὲ
359 3625 679 3697 Ἀφροδίτης
706 3625 937 3697 πορνικὰ
969 3629 1259 3699 μυστήρια,
1293 3627 1393 3697 τῆς
1420 3628 1677 3698 αἰσχρῶς,
1704 3627 1779 3692 ὡς

201 3713 345 3766 αὐτοὶ
380 3715 625 3781 λέγουσι,
667 3716 759 3769 καὶ
791 3718 1135 3787 γεννωμένης
1176 3716 1285 3788 (98)
1316 3717 1410 3770 καὶ
1441 3718 1775 3787 τιμωμένης.

202 3804 326 3856 Οὐδὲ
369 3806 568 3858 Φαλλοί
609 3824 751 3866 τινες
788 3808 880 3860 καὶ
918 3807 1232 3876 Ἰθύφαλλοι,
1268 3809 1482 3877 αἰσχροὶ
1523 3809 1615 3861 καὶ
1668 3811 1779 3871 τοῖς

204 3896 437 3964 σχήμασι
460 3898 553 3949 καὶ
582 3900 695 3959 τοῖς
722 3897 1040 3967 πράγμασιν
1060 3916 1071 3927 ·
1103 3899 1222 3951 οὐδὲ
1244 3898 1471 3969 Ταύρων
1502 3898 1611 3967 (99)
1642 3898 1783 3964 ξενο-

205 3986 424 4049 κτονίαι,
465 3987 558 4039 καὶ
587 3988 1009 4058 Λακωνικῶνῌ)
1051 3990 1265 4058 ἐφήϐων
1296 3988 1591 4059 ἐπιϐώμιον
1617 3983 1780 4059 αἷμα,

289 4219 377 4287 88)
418 4220 602 4283 Μύθῳ
635 4220 1061 4287 κλεπτόμενον.
1104 4218 1463 4272 «Faltularum
1505 4218 1779 4274 involucra

203 4290 394 4407 svns'im
434 4290 810 4343 auctoritatem
850 4299 903 4343 et
950 4291 1105 4344 Iidem
1171 4290 1451 4357 acquisivit
1503 4291 1641 4359 apud
1679 4289 1779 4343 im-

207 4372 312 4411 Dl‘llt
335 4369 509 4411 eules.
542 4378 560 4410 Ι

205 4372 757 4496 ΡἻὲἕΓᾸῗῗίέταῦτα
788 4428 977 4497 γον-αι’,
1016 4435 1122 4482 etc.
1182 4427 1466 4498 Saturpus,
1502 4425 1649 4483 Jovis
1682 4444 1777 4498 pa-

208 4505 303 4587 ter.
334 4514 468 4587 Eum
503 4498 572 4587 ab
601 4496 1188 4587 Loraculom'didicisset,
1258 4496 1503 4587 ttth‘mci
1533 4496 1774 4587 fab't'tlan-
1805 4533 1851 4587 Β

209 4574 311 4629 tur,
333 4567 450 4621 fore
476 4578 533 4619 ut
567 4568 634 4619 ab
669 4582 777 4620 uno
834 4566 1062 4637 filiorum
1095 4581 1313 4620 suorum
1347 4580 1512 4637 regno
1542 4568 1765 4635 pellere-

209 4644 310 4696 tur,
341 4651 524 4690 mares
559 4652 769 4701 omnes,
798 4637 887 4701 qui
915 4636 1014 4703 ipsi
1047 4636 1425 4699 nascebantur,
1454 4636 1765 4694 devorabat.

207 4704 332 4758 Cum
373 4707 541 4774 igitur
583 4706 730 4759 Rhea
772 4705 956 4761 Jovem
990 4704 1303 4773 peperisset.
1338 4705 1453 4774 ejus
1477 4706 1771 4773 pulchritu-

209 4776 324 4827 dine
349 4786 617 4841 permota,
663 4775 844 4829 furtim
877 4776 1141 4829 sublatum
1175 4776 1227 4827 iu
1255 4774 1469 4828 Cretam
1499 4776 1659 4841 misit,
1694 4776 1772 4832 ei-

209 4858 305 4908 que
337 4846 563 4899 Curetes
595 4846 853 4911 quosdam
893 4846 1157 4913 adjunxit,
1208 4845 1295 4912 qui
1332 4858 1546 4913 gravem
1581 4859 1767 4899 sonum

210 4921 363 5035 angue
391 4930 663 4967 armorum
692 4914 950 4982 crepitum
981 4915 1301 4978 excitarent,
1326 4924 1381 4967 ut
1403 4913 1489 4967 tali
1522 4915 1768 4984 strepitu,

212 4996 259 5034 ιιι
287 4986 430 5035 antis
472 4984 555 5035 dei
603 4985 835 5035 vaeitum
884 4992 937 5035 et
971 4995 1177 5035 vastum
1215 4998 1405 5035 sonum
1437 4993 1613 5035 tegere
1644 4998 1768 5035 uos-

212 4981 430 5037 iutautis
472 4984 555 5037 dei
603 4981 835 5053 vagitum
884 4992 937 5038 et
971 4995 1177 5037 vastum
1215 4998 1405 5037 sonum
1437 4981 1772 5053 legerepos-

213 5064 343 5119 sent,
403 5068 470 5106 ne
517 5052 653 5107 forte
682 5052 973 5107 Saturnus
1009 5068 1039 5106 e
1082 5053 1217 5107 coelo
1254 5054 1489 5118 vagitum
1527 5052 1767 5117 audiens,

214 5120 376 5193 ipsum
408 5137 620 5193 quoque
646 5122 947 5193 devoraret.
998 5122 1249 5192 Lapidem
1276 5130 1451 5193 autem
1480 5121 1658 5193 fasciis
1688 5122 1769 5193 in-

213 5191 465 5253 volutum,
508 5194 615 5245 nati
647 5192 786 5253 loco,
847 5193 1080 5246 Saturno
1126 5192 1489 5245 devorandum
1537 5191 1767 5260 reliquit.

277 5263 387 5332 (90)
426 5261 914 5332 ‘Anapéoxwrrat.
945 5262 1072 5332 Reg.
1102 5262 1209 5325 bm,
1241 5258 1728 5332 ἀπαρέσκονταιζ

278 5330 389 5399 (91)
433 5332 759 5400 Ὀρχήσεις.
793 5330 882 5386 Sic
912 5330 1248 5400 tres‘llegg"
1290 5330 1568 5384 duodecim
1593 5330 1765 5394 Colb.,

212 5401 391 5471 etr.|ﬁu
422 5404 531 5471 ed.,
566 5403 825 5471 οἰχήσεις.

281 5470 390 5538 (92)
409 5470 561 5525 Οὐδὲ
586 5468 851 5540 Φρὺγῶν,
882 5480 987 5526 etc.
1050 5469 1107 5540 lu
1138 5469 1391 5540 Phrygia,
1434 5468 1595 5539 [them
1625 5471 1771 5524 delu-

215 5537 524 5610 hrgumerat,
566 5537 750 5609 iu'quo
780 5538 1018 5610 Phryges
1046 5539 1237 5595 festum
1255 5537 1601 5593 celebrantes
1623 5541 1771 5609 geni-

216 5608 298 5660 Iuli
325 5612 560 5663 membro
587 5608 990 5664 exeidebantu‘r.

282 5679 389 5747 (95)
438 5679 831 5749 Κορύϐαντες.
899 5678 1284 5749 «Corybantes.
1311 5698 1329 5731 ι
1378 5678 1619 5749 Cybeles,
1675 5694 1768 5734 seu

218 5743 380 5821 librae
429 5743 913 5821 Sacerdotes,'qui
974 5743 1241 5821 tympanis
1301 5759 1355 5806 et
1400 5743 1771 5806 saltationibus

218 5814 331 5871 Deae
358 5817 489 5875 testa
522 5818 817 5883 agitabant.

1886 1899 1962 1952 les
1996 1896 2215 1966 ferant),
2246 1911 2344 1951 nec
2379 1896 2635 1950 Curetum
2665 1896 2786 1951 soni
2833 1909 2897 1950 ac
2929 1896 3171 1965 plausus,
3213 1906 3481 1961 armatae:

1885 2003 1988 2056 que
2027 1986 2364 2049 Saltationcs,
2394 1984 2485 2040 Dei
2518 1985 2782 2052 vagientis
2808 1984 3098 2040 clamorem
3135 1984 3450 2049 obruentes,

1886 2091 1939 2132 ιιι
1974 2076 2243 2132 crudelem
2290 2085 2498 2145 patrem
2552 2075 2827 2146 ellugeret.
2879 2074 3055 2130 Grave
3095 2075 3237 2131 enim
3273 2073 3456 2145 prole-

1884 2180 1971 2226 cto
1999 2181 2162 2240 atque
2196 2170 2473 2241 indignum
2506 2174 2641 2235 erat,
2678 2187 2821 2237 eum,
2855 2172 2946 2239 qui
2976 2180 3035 2225 ut
3058 2168 3193 2239 lapis
3214 2168 3447 2223 devora—

1887 2272 1969 2317 tus
2003 2261 2197 2328 l‘uerat,
2241 2268 2298 2314 ut
2333 2260 2592 2316 infantem
2627 2262 2847 2329 cjulare.
2887 2259 2993 2315 Nec
3039 2258 3313 2331 Phrygum
3354 2272 3451 2313 ex-

1884 2357 2172 2419 secdones,
2206 2364 2261 2410 et
2303 2354 2466 2418 tibias,
2505 2365 2667 2424 atque
2700 2353 3059 2424 Corybantes,
3110 2361 3164 2408 et
3194 2365 3449 2421 quaecum

1883 2463 1985 2519 quc
2018 2448 2185 2520 679
2223 2448 2365 2502 circa
2410 2445 2617 2501 Rheam
2650 2447 2898 2501 homines
2950 2444 3131 2499 furore
3156 2443 3297 2511 capti
3327 2456 3453 2513 per-

1885 2548 2066 2608 agunt,
2099 2537 2359 2606 ejusmodi
2384 2552 2536 2592 sacra
2552 2535 2782 2593 Deorum
2807 2536 2962 2590 matri
2994 2538 3272 2600 obeuntes,
3294 2542 3455 2602 atque

1883 2630 1979 2699 ipsi
2013 2628 2251 2683 vicissim
2279 2628 2350 2681 ita
2381 2628 2600 2694 initiati,
2627 2636 2685 2681 ut
2717 2631 2812 2696 par
2837 2626 2987 2680 estin
3012 2626 3199 2681 talium
3220 2624 3453 2679 Deorum
3486 2696 3489 2697 ν

1883 2721 2119 2790 parentis
2147 2721 2439 2791 mysteriis.
2478 2719 2588 2775 Nec
2637 2719 2809 2789 puella
2858 2721 3106 2787 qua-dam
3154 2716 3295 2787 apud
3348 2730 3447 2771 nos

1885 2812 2109 2879 rapitur,
2149 2826 2249 2867 nec
2296 2811 2464 2867 Ceres
2515 2820 2758 2880 vagatur,
2818 2825 2881 2864 ac
2927 2808 3119 2864 Celeos
3158 2805 3445 2877 quosdam,

1881 2915 1935 2959 et
1966 2902 2343 2972 Triptolemus,
2383 2911 2439 2956 et
2485 2903 2746 2957 dracones
2778 2902 3000 2962 inducit,
3040 2900 3315 2969 multaque
3344 2899 3447 2952 alia

1880 3003 1933 3047 et
1961 2992 2109 3058 facit,
2152 3002 2205 3048 et
2235 2993 2461 3061 patitur.
2495 2993 2661 3046 Pudet
2704 2993 2847 3047 enim
2880 3007 2965 3045 me
3006 3000 3325 3046 nocturnum
3366 3005 3452 3043 sa-

1880 3098 2028 3138 erum
2074 3085 2123 3138 iu
2173 3083 2347 3138 lucem
2384 3082 2644 3151 proferre,
2699 3097 2761 3136 ac
2809 3081 3197 3150 turpitudinem
3250 3089 3449 3152 myste—

1886 3177 2023 3230 rium
2059 3176 2255 3231 l‘acere.
2305 3173 2464 3230 Novit
2508 3176 2623 3230 haec
2667 3173 2897 3239 Eleusis,
2928 3183 3090 3243 atque
3131 3173 3206 3227 illi
3255 3174 3454 3228 tacitu-

1885 3285 2025 3335 rum,
2062 3283 2124 3323 ac
2158 3268 2397 3337 profecto
2444 3266 2656 3321 silentio
2688 3264 2969 3334 dignorum
3014 3277 3292 3318 sacrorum
3328 3275 3454 3330 spc-

1885 3367 2137 3413 ctatores.
2175 3354 2283 3409 Nec
2330 3354 2573 3408 Bacchus
2618 3354 2730 3408 lucc
2774 3362 2957 3406 nostra
3000 3351 3254 3420 mysteria
3305 3357 3451 3411 sunt,

1886 3460 1984 3499 nec
2014 3444 2207 3509 lentur,
2247 3443 2555 3498 inchoatum
2615 3442 2777 3496 letum
2822 3440 3150 3510 parturiens,
3185 3438 3450 3510 quemad-

1890 3538 2106 3591 modum
2138 3544 2302 3605 caput
2351 3534 2515 3589 alium
2550 3533 2834 3602 quemdam
2873 3530 3037 3586 fctum
3071 3532 3222 3602 prius
3265 3538 3451 3599 partu-

1888 3627 2088 3699 rieurat:
2141 3641 2242 3681 nec
2302 3626 2524 3681 semivir
2574 3624 2732 3692 Deus,
2777 3632 2833 3678 et
2881 3623 3156 3678 ebriorum
3205 3623 3448 3687 chorus,

1884 3717 2262 3786 exercitusque
2303 3714 2477 3770 mollis
2523 3723 2577 3770 et
2609 3713 2924 3777 dissolutus,
2973 3722 3028 3767 et
3071 3711 3450 3766 Thebanorum

1886 3808 2141 3870 amentia.
2168 3808 2310 3863 hunc
2345 3807 2550 3871 colens,
2580 3821 2642 3860 ac
2673 3804 2899 3860 Semelze
2921 3804 3223 3860 tonitruum
3261 3803 3449 3857 adora-

1889 3908 2021 3954 tum.
2079 3896 2187 3953 Nec
2220 3898 2523 3953 meretricia
2566 3894 2792 3952 Veneris
2856 3894 3136 3965 mysteria,
3200 3892 3449 3962 turpiter,

1890 3997 1948 4041 ut
1977 3988 2078 4058 ipsi
2121 3995 2364 4049 narrant.
2399 3995 2451 4041 et
2480 3995 2796 4055 procreatm,
2824 3992 2878 4039 et
2909 3984 3065 4037 cultae
3102 4004 3112 4038 :
3153 3997 3251 4039 nec
3280 3980 3449 4037 Phalli

1958 4218 2070 4288 (94)
2096 4219 2394 4290 Δημήτηρ.
2445 4218 2535 4273 Sic
2570 4217 2734 4290 Regg.
2774 4214 2882 4276 bm,
2915 4213 3003 4283 ph.
3040 4213 3225 4290 Camb.
3255 4212 3310 4268 ln
3340 4218 3448 4280 ed.,

1884 4283 2192 4361 ᾼιμήτήρ.’⁷
2216 4283 2303 4344 Sic
2324 4283 2569 4361 :vucatur
2618 4287 2849 4361 «ρει-οε,
2903 4299 3020 4351 quae
3062 4283 3311 4352 puellam,
3358 4300 3447 4339 seu

1883 4354 2257 4428 Proserpinam
2278 4377 2297 4410 ι
2329 4358 2516 4419 ﬁliam,
2558 4354 2857 4428 _a_P_lutoue
2901 4362 3133 4428 raptam,
3160 4368 3256 4421 per
3284 4360 3449 4407 totum

1880 4421 2091 4483 orbem'
2113 4429 2355 4497 vagando
2378 4424 2719 4497 conquisivit.
2751 4421 3022 4497 Eleusina_
3060 4421 3449 4497 etiam‘cogno-

1882 4498 2115 4551 minatur
2144 4489 2210 4551 ab
2239 4497 2443 4550 Eleusis
2498 4489 2678 4562 oppidi
2734 4490 3061 4562 nomineLin
3080 4504 3197 4562 quo
3221 4489 3448 4562 Ceresa

1879 4566 2021 4636 Rege
2048 4566 2207 4620 Celeo
2237 4559 2549 4636 Triptolemi
2574 4559 2587 4562 ⁷
2609 4571 2761 4636 patre
2815 4559 3187 4636 liberalissime
3221 4560 3451 4627 hospitio

1877 4627 2097 4704 eerpta
2125 4643 2226 4689 est.
2257 4627 2622 4704 Quamobrem
2653 4631 2700 4685 ei
2742 4643 2954 4685 omnem
2987 4627 3325 4698 agricultura:
3358 4646 3447 4684 ra-

1879 4702 2077 4760 tionem
2107 4702 2567 4757 enrnmnnslravit.

1969 4774 2058 4845 95)
2096 4773 2231 4841 Τήν.
2274 4773 2409 4845 Reg.
2436 4772 2526 4842 pb.
2548 4771 2664 4845 τῆς.

1970 4836 2059 4913 96)
2087 4836 2307 4911 Μὴρός.
2358 4836 2781 4913 Βῐέιιιεείῐὶθεε.
2820 4849 2883 4913 et
2910 4847 3027 4913 tres
3051 4836 3222 4913 Colb._
3255 4837 3310 4913 In
3336 4837 3444 4913 ed.,

1947 4855 2059 4915 (96)
2087 4855 2307 4911 Μηρός.
2360 4855 2449 4897 διε
2478 4855 2585 4896 tres
2616 4855 2781 4962 ttegg.
2820 4855 2872 4892 et
2920 4855 3027 4891 tres
3051 4855 3199 4893 b0").
3256 4855 3310 4892 In
3336 4855 3444 4903 ed.,

1881 4913 2072 4985 μηρόν.
2114 4916 2313 4985 Alltulit
2355 4914 2418 4985 ad
2457 4912 2686 4966 fabulam
2774 4909 2946 4972 accbi,
2981 4909 3070 4975 qui
3099 4922 3165 4962 ex
3192 4905 3341 4963 Iovis
3370 4907 3447 4962 fc-

1879 4984 2027 5038 more
2066 4993 2221 5036 natus
2249 4984 2485 5051 tingitur.

1948 5053 2059 5125 (97)
2098 5056 2275 5107 Ἀλλο
2305 5046 2359 5105 τὶ
2386 5052 2640 5122 κεφαλή.
2677 5049 2966 5103 Minervam
2995 5046 3255 5117 intelligit,
3295 5061 3325 5102 e
3349 5046 3443 5099 Ju-

1878 5123 1959 5176 vis
1987 5123 2162 5189 capite
2194 5133 2397 5183 natam,
2426 5124 2577 5191 juxta
2602 5129 2807 5191 poetas.

1949 5184 2490 5263 (98)-Γεννωμένῆς.
2559 5184 2691 5244 Tres
2720 5187 2867 5243 Colb.
2915 5196 2969 5239 et
3012 5184 3159 5253 Sam,
3200 5186 3440 5256 γενωμέ-

1877 5280 1991 5316 νης.

1931 5298 2060 5403 ⁸(99)
2089 5322 2241 5385 Οὐδὲ
2284 5332 2535 5403 Ταύρων,
2553 5338 2654 5384 etc.
2691 5327 2841 5395 Apud
2878 5324 3082 5403 Tauros
3110 5325 3162 5377 in
3197 5314 3435 5393 Scythia,

1877 5397 1994 5455 erat
2041 5397 2321 5455 delubrum
2383 5397 2561 5453 Dianae
2601 5406 2995 5457 consecratum,
3034 5397 3084 5447 in
3113 5408 3217 5459 quo
3251 5409 3438 5446 omnes

1876 5473 2071 5533 Graeci,
2126 5473 2213 5539 qui
2277 5468 2666 5539 peregrinando
2710 5466 2776 5519 ad
2815 5479 2879 5519 ea
2914 5463 3027 5517 loca
3080 5462 3433 5525 divertebunt,

1880 5542 2309 5595 immolabantur.

1948 5611 2023 5681 (l)
2047 5610 2153 5663 Kal
2182 5606 2564 5681 Λακωνικῶν,
2598 5615 2700 5681 etc.
2732 5602 2891 5681 _Apud
2922 5600 3435 5681 Lacaedemoniosjn

1879 5670 2134 5735 honorem
2182 5678 2359 5731 Diana:
2394 5670 2585 5731 festum
2617 5670 3006 5736 celebrabatur,
3039 5670 3090 5724 lu
3123 5684 3228 5738 quo
3257 5670 3436 5723 adole-

1877 5759 2089 5804 scentes
2113 5748 2427 5802 verberibus
2457 5762 2651 5818 corpus
2676 5740 3099 5817 proscindentes,
3134 5755 3281 5795 aram
3310 5754 3439 5794 san-

1877 5819 2040 5883 guine
2060 5818 2468 5882 orofuudebant.
