  <div class='ocr_page' id='page_1' title='image "/cluster/home/n/w/nwhite01/storage/ocr_20150623/36/hvd.32044024464877/185.png"; bbox 0 0 4010 6316; ppageno 0'>
   <div class='ocr_carea' id='block_1_1' title="bbox 484 393 589 448">
    <p class='ocr_par' dir='ltr' id='par_1_1' title="bbox 484 393 589 448">
     <span class='ocr_line' id='line_1_1' title="bbox 484 393 589 448; baseline 0.01 -2"><span class='ocrx_word' id='word_1_1' title='bbox 484 393 589 448; x_wconf 74' lang='lat'><strong>539</strong></span> 
     </span>
    </p>
   </div>
   <div class='ocr_carea' id='block_1_2' title="bbox 1719 393 2540 452">
    <p class='ocr_par' dir='ltr' id='par_1_2' title="bbox 1719 393 2540 452">
     <span class='ocr_line' id='line_1_2' title="bbox 1719 393 2540 452; baseline -0.001 -3"><span class='ocrx_word' id='word_1_2' title='bbox 1719 396 1778 449; x_wconf 88' lang='lat' dir='ltr'><strong>S.</strong></span> <span class='ocrx_word' id='word_1_3' title='bbox 1819 394 2147 452; x_wconf 77' lang='lat' dir='ltr'><strong>GREGORII</strong></span> <span class='ocrx_word' id='word_1_4' title='bbox 2190 393 2540 451; x_wconf 71' lang='lat' dir='ltr'><strong>TIIEOLOGI</strong></span> 
     </span>
    </p>
   </div>
   <div class='ocr_carea' id='block_1_3' title="bbox 3639 399 3745 447">
    <p class='ocr_par' dir='ltr' id='par_1_3' title="bbox 3639 399 3745 447">
     <span class='ocr_line' id='line_1_3' title="bbox 3639 399 3745 447; baseline 0.038 -4"><span class='ocrx_word' id='word_1_5' title='bbox 3639 399 3745 447; x_wconf 68' lang='grc' dir='ltr'><strong>οω</strong></span> 
     </span>
    </p>
   </div>
   <div class='ocr_carea' id='block_1_4' title="bbox 483 505 2060 583">
    <p class='ocr_par' dir='ltr' id='par_1_4' title="bbox 483 511 2054 582">
     <span class='ocr_line' id='line_1_4' title="bbox 483 511 2054 582; baseline 0.004 -18"><span class='ocrx_word' id='word_1_6' title='bbox 483 512 700 581; x_wconf 86' lang='lat' dir='ltr'><strong>quidem</strong></span> <span class='ocrx_word' id='word_1_7' title='bbox 764 522 818 567; x_wconf 91' lang='lat' dir='ltr'><strong>et</strong></span> <span class='ocrx_word' id='word_1_8' title='bbox 866 512 1134 582; x_wconf 84' lang='lat' dir='ltr'><strong>ityphaili,</strong></span> <span class='ocrx_word' id='word_1_9' title='bbox 1189 511 1379 566; x_wconf 81' lang='lat' dir='ltr'><strong>formis</strong></span> <span class='ocrx_word' id='word_1_10' title='bbox 1450 520 1504 566; x_wconf 91' lang='lat' dir='ltr'><strong>et</strong></span> <span class='ocrx_word' id='word_1_11' title='bbox 1555 513 1764 568; x_wconf 90' lang='lat' dir='ltr'><strong>actibus</strong></span> <span class='ocrx_word' id='word_1_12' title='bbox 1813 516 2054 570; x_wconf 81' lang='lat' dir='ltr'><strong>obsceni.</strong></span> 
     </span>
    </p>
   </div>
   <div class='ocr_carea' id='block_1_5' title="bbox 2169 505 3753 583">
    <p class='ocr_par' dir='ltr' id='par_1_5' title="bbox 2169 505 3753 583">
     <span class='ocr_line' id='line_1_5' title="bbox 2169 505 3753 583; baseline -0.007 -15"><span class='ocrx_word' id='word_1_13' title='bbox 2169 514 2492 583; x_wconf 80' lang='grc' dir='ltr'>ξαινομένων</span> <span class='ocrx_word' id='word_1_14' title='bbox 2528 512 2605 582; x_wconf 67' lang='grc'><strong>(2)</strong></span> <span class='ocrx_word' id='word_1_15' title='bbox 2639 513 2760 574; x_wconf 84' lang='grc' dir='ltr'>ταῖς</span> <span class='ocrx_word' id='word_1_16' title='bbox 2798 509 3042 581; x_wconf 78' lang='grc' dir='ltr'>μάστιξι,</span> <span class='ocrx_word' id='word_1_17' title='bbox 3072 510 3163 563; x_wconf 65' lang='grc' dir='ltr'>καὶ</span> <span class='ocrx_word' id='word_1_18' title='bbox 3194 507 3351 561; x_wconf 84' lang='grc' dir='ltr'>τοῦτο</span> <span class='ocrx_word' id='word_1_19' title='bbox 3382 506 3537 577; x_wconf 85' lang='grc' dir='ltr'>μόνον</span> <span class='ocrx_word' id='word_1_20' title='bbox 3564 505 3753 569; x_wconf 78' lang='grc' dir='ltr'>κακῶς</span> 
     </span>
    </p>
   </div>
   <div class='ocr_carea' id='block_1_6' title="bbox 482 604 2054 674">
    <p class='ocr_par' dir='ltr' id='par_1_6' title="bbox 482 604 2054 674">
     <span class='ocr_line' id='line_1_6' title="bbox 482 604 2054 674; baseline 0.001 -14"><span class='ocrx_word' id='word_1_21' title='bbox 482 608 592 660; x_wconf 62' lang='lat' dir='ltr'><strong>Nec</strong></span> <span class='ocrx_word' id='word_1_22' title='bbox 629 614 779 659; x_wconf 83' lang='lat' dir='ltr'><strong>atrox</strong></span> <span class='ocrx_word' id='word_1_23' title='bbox 820 606 1120 658; x_wconf 78' lang='lat' dir='ltr'><strong>Taurorum</strong></span> <span class='ocrx_word' id='word_1_24' title='bbox 1169 604 1221 658; x_wconf 92' lang='lat' dir='ltr'><strong>in</strong></span> <span class='ocrx_word' id='word_1_25' title='bbox 1270 605 1511 674; x_wconf 75' lang='lat' dir='ltr'><strong>hospites</strong></span> <span class='ocrx_word' id='word_1_26' title='bbox 1543 604 1751 670; x_wconf 89' lang='lat' dir='ltr'><strong>feritas,</strong></span> <span class='ocrx_word' id='word_1_27' title='bbox 1805 621 1904 661; x_wconf 91' lang='lat' dir='ltr'><strong>nec</strong></span> <span class='ocrx_word' id='word_1_28' title='bbox 1947 622 2054 661; x_wconf 74' lang='lat' dir='ltr'><strong>ara:</strong></span> 
     </span>
    </p>
   </div>
   <div class='ocr_carea' id='block_1_7' title="bbox 481 694 2052 767">
    <p class='ocr_par' dir='ltr' id='par_1_7' title="bbox 481 694 2052 767">
     <span class='ocr_line' id='line_1_7' title="bbox 481 694 2052 767; baseline 0.003 -20"><span class='ocrx_word' id='word_1_29' title='bbox 481 694 683 751; x_wconf 81' lang='lat' dir='ltr'><strong>aﬂ&#39;usus</strong></span> <span class='ocrx_word' id='word_1_30' title='bbox 735 696 1127 765; x_wconf 84' lang='lat' dir='ltr'><strong>Spartanorum</strong></span> <span class='ocrx_word' id='word_1_31' title='bbox 1182 695 1584 751; x_wconf 90' lang='lat' dir='ltr'><strong>adolescentum</strong></span> <span class='ocrx_word' id='word_1_32' title='bbox 1637 712 1818 761; x_wconf 88' lang='lat' dir='ltr'><strong>cruor,</strong></span> <span class='ocrx_word' id='word_1_33' title='bbox 1870 698 2052 767; x_wconf 81' lang='lat' dir='ltr'><strong>ﬂagris</strong></span> 
     </span>
    </p>
   </div>
   <div class='ocr_carea' id='block_1_8' title="bbox 482 786 2050 858">
    <p class='ocr_par' dir='ltr' id='par_1_8' title="bbox 482 786 2050 858">
     <span class='ocr_line' id='line_1_8' title="bbox 482 786 2050 858; baseline -0.001 -15"><span class='ocrx_word' id='word_1_34' title='bbox 482 802 601 843; x_wconf 89' lang='lat' dir='ltr'><strong>sese</strong></span> <span class='ocrx_word' id='word_1_35' title='bbox 628 786 1007 851; x_wconf 87' lang='lat' dir='ltr'><strong>lacerantium,</strong></span> <span class='ocrx_word' id='word_1_36' title='bbox 1058 797 1219 858; x_wconf 90' lang='lat' dir='ltr'><strong>atque</strong></span> <span class='ocrx_word' id='word_1_37' title='bbox 1250 789 1351 842; x_wconf 87' lang='lat' dir='ltr'><strong>hac</strong></span> <span class='ocrx_word' id='word_1_38' title='bbox 1380 803 1483 841; x_wconf 88' lang='lat' dir='ltr'><strong>una</strong></span> <span class='ocrx_word' id='word_1_39' title='bbox 1520 788 1571 842; x_wconf 93' lang='lat' dir='ltr'><strong>in</strong></span> <span class='ocrx_word' id='word_1_40' title='bbox 1601 803 1658 842; x_wconf 91' lang='lat' dir='ltr'><strong>re</strong></span> <span class='ocrx_word' id='word_1_41' title='bbox 1695 788 1834 843; x_wconf 86' lang='lat' dir='ltr'><strong>male</strong></span> <span class='ocrx_word' id='word_1_42' title='bbox 1863 790 2050 844; x_wconf 82' lang='lat' dir='ltr'><strong>viriles</strong></span> 
     </span>
    </p>
   </div>
   <div class='ocr_carea' id='block_1_9' title="bbox 2159 598 3754 675">
    <p class='ocr_par' dir='ltr' id='par_1_9' title="bbox 2159 598 3754 675">
     <span class='ocr_line' id='line_1_9' title="bbox 2159 598 3754 675; baseline -0.004 -18"><span class='ocrx_word' id='word_1_43' title='bbox 2159 604 2580 675; x_wconf 76' lang='grc' dir='ltr'><strong>ἀνδριζομένων,</strong></span> <span class='ocrx_word' id='word_1_44' title='bbox 2610 598 2692 667; x_wconf 78' lang='grc' dir='ltr'>οἷς</span> <span class='ocrx_word' id='word_1_45' title='bbox 2726 606 2952 673; x_wconf 75' lang='grc' dir='ltr'><strong>τιμᾶται</strong></span> <span class='ocrx_word' id='word_1_46' title='bbox 2991 601 3112 664; x_wconf 86' lang='grc' dir='ltr'>θεὰ,</span> <span class='ocrx_word' id='word_1_47' title='bbox 3143 601 3238 654; x_wconf 69' lang='grc' dir='ltr'><strong>καὶ</strong></span> <span class='ocrx_word' id='word_1_48' title='bbox 3264 599 3432 652; x_wconf 72' lang='grc' dir='ltr'>ταῦτα</span> <span class='ocrx_word' id='word_1_49' title='bbox 3463 598 3754 670; x_wconf 78' lang='grc' dir='ltr'>παρθένος.</span> 
     </span>
    </p>
   </div>
   <div class='ocr_carea' id='block_1_10' title="bbox 2160 689 3753 766">
    <p class='ocr_par' dir='ltr' id='par_1_10' title="bbox 2160 689 3753 766">
     <span class='ocr_line' id='line_1_10' title="bbox 2160 689 3753 766; baseline -0.006 -16"><span class='ocrx_word' id='word_1_50' title='bbox 2160 699 2221 749; x_wconf 87' lang='grc' dir='ltr'>Οί</span> <span class='ocrx_word' id='word_1_51' title='bbox 2246 697 2354 766; x_wconf 80' lang='grc' dir='ltr'>γὰρ</span> <span class='ocrx_word' id='word_1_52' title='bbox 2387 698 2559 759; x_wconf 76' lang='grc' dir='ltr'>αὐτοὶ,</span> <span class='ocrx_word' id='word_1_53' title='bbox 2589 696 2683 748; x_wconf 72' lang='grc' dir='ltr'><strong>καὶ</strong></span> <span class='ocrx_word' id='word_1_54' title='bbox 2715 696 2986 765; x_wconf 84' lang='grc' dir='ltr'>μαλακίαν</span> <span class='ocrx_word' id='word_1_55' title='bbox 3012 692 3302 763; x_wconf 77' lang='grc' dir='ltr'>ἐτίμησαν,</span> <span class='ocrx_word' id='word_1_56' title='bbox 3323 693 3415 744; x_wconf 77' lang='grc' dir='ltr'><strong>καὶ</strong></span> <span class='ocrx_word' id='word_1_57' title='bbox 3438 689 3753 762; x_wconf 76' lang='grc' dir='ltr'>θρασύτητα</span> 
     </span>
    </p>
   </div>
   <div class='ocr_carea' id='block_1_11' title="bbox 2158 789 2561 858">
    <p class='ocr_par' dir='ltr' id='par_1_11' title="bbox 2158 789 2561 858">
     <span class='ocr_line' id='line_1_11' title="bbox 2158 789 2561 858; baseline 0.002 -18"><span class='ocrx_word' id='word_1_58' title='bbox 2158 789 2433 858; x_wconf 78' lang='grc' dir='ltr'>ἐσεϐάσθη</span> <span class='ocrx_word' id='word_1_59' title='bbox 2443 805 2561 841; x_wconf 85' lang='grc' dir='ltr'>σαν.</span> 
     </span>
    </p>
   </div>
   <div class='ocr_carea' id='block_1_12' title="bbox 481 876 3747 951">
    <p class='ocr_par' dir='ltr' id='par_1_12' title="bbox 481 876 3747 951">
     <span class='ocr_line' id='line_1_12' title="bbox 481 876 3747 951; baseline -0.001 -22"><span class='ocrx_word' id='word_1_60' title='bbox 481 878 696 932; x_wconf 88' lang='lat' dir='ltr'><strong>animos</strong></span> <span class='ocrx_word' id='word_1_61' title='bbox 753 880 1079 949; x_wconf 85' lang='lat' dir='ltr'><strong>gerentium,</strong></span> <span class='ocrx_word' id='word_1_62' title='bbox 1135 894 1163 932; x_wconf 87' lang='lat' dir='ltr'><strong>a</strong></span> <span class='ocrx_word' id='word_1_63' title='bbox 1209 881 1400 949; x_wconf 86' lang='lat' dir='ltr'><strong>quibus</strong></span> <span class='ocrx_word' id='word_1_64' title='bbox 1455 883 1554 936; x_wconf 85' lang='lat' dir='ltr'><strong>dea</strong></span> <span class='ocrx_word' id='word_1_65' title='bbox 1606 881 1826 947; x_wconf 86' lang='lat' dir='ltr'><strong>colitur,</strong></span> <span class='ocrx_word' id='word_1_66' title='bbox 1879 896 2054 951; x_wconf 88' lang='lat' dir='ltr'><strong>eaque</strong></span> <span class='ocrx_word' id='word_1_67' title='bbox 2093 881 2264 950; x_wconf 84' lang='lat' dir='ltr'><strong>virgo.</strong></span> <span class='ocrx_word' id='word_1_68' title='bbox 2306 880 2441 935; x_wconf 87' lang='lat' dir='ltr'><strong>Nam</strong></span> <span class='ocrx_word' id='word_1_69' title='bbox 2490 883 2671 945; x_wconf 84' lang='lat' dir='ltr'><strong>iidem,</strong></span> <span class='ocrx_word' id='word_1_70' title='bbox 2740 890 2793 935; x_wconf 92' lang='lat' dir='ltr'><strong>et</strong></span> <span class='ocrx_word' id='word_1_71' title='bbox 2859 879 3138 934; x_wconf 85' lang='lat' dir='ltr'><strong>mollitiem</strong></span> <span class='ocrx_word' id='word_1_72' title='bbox 3182 878 3368 932; x_wconf 86' lang='lat' dir='ltr'><strong>honori</strong></span> <span class='ocrx_word' id='word_1_73' title='bbox 3437 876 3747 934; x_wconf 69' lang='lat' dir='ltr'><strong>habuerunt</strong></span> 
     </span>
    </p>
   </div>
   <div class='ocr_carea' id='block_1_13' title="bbox 481 972 1307 1031">
    <p class='ocr_par' dir='ltr' id='par_1_13' title="bbox 481 972 1307 1031">
     <span class='ocr_line' id='line_1_13' title="bbox 481 972 1307 1031; baseline 0.007 -6"><span class='ocrx_word' id='word_1_74' title='bbox 481 980 535 1025; x_wconf 90' lang='lat' dir='ltr'><strong>et</strong></span> <span class='ocrx_word' id='word_1_75' title='bbox 560 972 838 1026; x_wconf 84' lang='lat' dir='ltr'><strong>audaciam</strong></span> <span class='ocrx_word' id='word_1_76' title='bbox 879 973 1118 1028; x_wconf 82' lang='lat' dir='ltr'><strong>venerati</strong></span> <span class='ocrx_word' id='word_1_77' title='bbox 1162 986 1307 1031; x_wconf 89' lang='lat' dir='ltr'><strong>sunt.</strong></span> 
     </span>
    </p>
   </div>
   <div class='ocr_carea' id='block_1_14' title="bbox 558 1064 2052 1137">
    <p class='ocr_par' dir='ltr' id='par_1_14' title="bbox 558 1064 2052 1137">
     <span class='ocr_line' id='line_1_14' title="bbox 558 1064 2052 1137; baseline 0.003 -20"><span class='ocrx_word' id='word_1_78' title='bbox 558 1064 619 1119; x_wconf 84' lang='lat' dir='ltr'><strong>V.</strong></span> <span class='ocrx_word' id='word_1_79' title='bbox 662 1065 780 1120; x_wconf 87' lang='lat' dir='ltr'><strong>Jam</strong></span> <span class='ocrx_word' id='word_1_80' title='bbox 828 1066 1043 1137; x_wconf 85' lang='lat' dir='ltr'><strong>Pelopis</strong></span> <span class='ocrx_word' id='word_1_81' title='bbox 1094 1067 1533 1135; x_wconf 87' lang='lat' dir='ltr'><strong>dilaniationem,</strong></span> <span class='ocrx_word' id='word_1_82' title='bbox 1578 1070 1878 1124; x_wconf 84' lang='lat' dir='ltr'><strong>esurientes</strong></span> <span class='ocrx_word' id='word_1_83' title='bbox 1924 1068 2052 1122; x_wconf 86' lang='lat' dir='ltr'><strong>deos</strong></span> 
     </span>
    </p>
   </div>
   <div class='ocr_carea' id='block_1_15' title="bbox 482 1157 2052 1229">
    <p class='ocr_par' dir='ltr' id='par_1_15' title="bbox 482 1157 2052 1229">
     <span class='ocr_line' id='line_1_15' title="bbox 482 1157 2052 1229; baseline 0.001 -19"><span class='ocrx_word' id='word_1_84' title='bbox 482 1157 791 1221; x_wconf 86' lang='lat' dir='ltr'><strong>satiantem,</strong></span> <span class='ocrx_word' id='word_1_85' title='bbox 831 1173 894 1212; x_wconf 88' lang='lat' dir='ltr'><strong>ac</strong></span> <span class='ocrx_word' id='word_1_86' title='bbox 918 1173 1112 1212; x_wconf 67' lang='lat' dir='ltr'><strong>saevam</strong></span> <span class='ocrx_word' id='word_1_87' title='bbox 1154 1168 1204 1212; x_wconf 89' lang='lat' dir='ltr'><strong>et</strong></span> <span class='ocrx_word' id='word_1_88' title='bbox 1232 1158 1579 1212; x_wconf 88' lang='lat' dir='ltr'><strong>inhumanam</strong></span> <span class='ocrx_word' id='word_1_89' title='bbox 1609 1158 2052 1229; x_wconf 83' lang='lat' dir='ltr'><strong>hospitalitatem,</strong></span> 
     </span>
    </p>
   </div>
   <div class='ocr_carea' id='block_1_16' title="bbox 483 1249 2056 1320">
    <p class='ocr_par' dir='ltr' id='par_1_16' title="bbox 483 1249 2056 1320">
     <span class='ocr_line' id='line_1_16' title="bbox 483 1249 2056 1320; baseline 0.003 -20"><span class='ocrx_word' id='word_1_90' title='bbox 483 1264 591 1317; x_wconf 87' lang='lat' dir='ltr'><strong>quo</strong></span> <span class='ocrx_word' id='word_1_91' title='bbox 620 1250 834 1303; x_wconf 79' lang='lat' dir='ltr'><strong>tandem</strong></span> <span class='ocrx_word' id='word_1_92' title='bbox 866 1250 982 1304; x_wconf 75' lang='lat' dir='ltr'><strong>loco</strong></span> <span class='ocrx_word' id='word_1_93' title='bbox 1010 1251 1217 1320; x_wconf 85' lang='lat' dir='ltr'><strong>pones?</strong></span> <span class='ocrx_word' id='word_1_94' title='bbox 1242 1249 1360 1317; x_wconf 85' lang='lat' dir='ltr'><strong>Quo</strong></span> <span class='ocrx_word' id='word_1_95' title='bbox 1389 1252 1513 1305; x_wconf 89' lang='lat' dir='ltr'><strong>item</strong></span> <span class='ocrx_word' id='word_1_96' title='bbox 1551 1252 1669 1306; x_wconf 88' lang='lat' dir='ltr'><strong>loco</strong></span> <span class='ocrx_word' id='word_1_97' title='bbox 1699 1253 1964 1306; x_wconf 80' lang='lat' dir='ltr'><strong>horrenda</strong></span> <span class='ocrx_word' id='word_1_98' title='bbox 2002 1261 2056 1304; x_wconf 87' lang='lat' dir='ltr'><strong>et</strong></span> 
     </span>
    </p>
   </div>
   <div class='ocr_carea' id='block_1_17' title="bbox 484 1339 2058 1412">
    <p class='ocr_par' dir='ltr' id='par_1_17' title="bbox 484 1339 2058 1412">
     <span class='ocr_line' id='line_1_17' title="bbox 484 1339 2058 1412; baseline 0.002 -19"><span class='ocrx_word' id='word_1_99' title='bbox 484 1340 781 1409; x_wconf 87' lang='lat' dir='ltr'><strong>caliginosa</strong></span> <span class='ocrx_word' id='word_1_100' title='bbox 828 1339 1044 1396; x_wconf 80' lang='lat' dir='ltr'><strong>Hecatae</strong></span> <span class='ocrx_word' id='word_1_101' title='bbox 1072 1353 1307 1411; x_wconf 86' lang='lat' dir='ltr'><strong>speclra,</strong></span> <span class='ocrx_word' id='word_1_102' title='bbox 1346 1341 1749 1412; x_wconf 90' lang='lat' dir='ltr'><strong>Trophoniique</strong></span> <span class='ocrx_word' id='word_1_103' title='bbox 1784 1345 2058 1398; x_wconf 84' lang='lat' dir='ltr'><strong>subterra-</strong></span> 
     </span>
    </p>
   </div>
   <div class='ocr_carea' id='block_1_18' title="bbox 486 1430 2057 1501">
    <p class='ocr_par' dir='ltr' id='par_1_18' title="bbox 486 1430 2057 1501">
     <span class='ocr_line' id='line_1_18' title="bbox 486 1430 2057 1501; baseline 0.002 -17"><span class='ocrx_word' id='word_1_104' title='bbox 486 1446 586 1485; x_wconf 87' lang='lat' dir='ltr'><strong>nea</strong></span> <span class='ocrx_word' id='word_1_105' title='bbox 615 1430 820 1486; x_wconf 86' lang='lat' dir='ltr'><strong>ludicra</strong></span> <span class='ocrx_word' id='word_1_106' title='bbox 860 1441 914 1487; x_wconf 90' lang='lat' dir='ltr'><strong>et</strong></span> <span class='ocrx_word' id='word_1_107' title='bbox 942 1434 1214 1496; x_wconf 78' lang='lat' dir='ltr'><strong>vaticinia,</strong></span> <span class='ocrx_word' id='word_1_108' title='bbox 1239 1443 1329 1485; x_wconf 87' lang='lat' dir='ltr'><strong>aut</strong></span> <span class='ocrx_word' id='word_1_109' title='bbox 1363 1432 1637 1487; x_wconf 66' lang='lat' dir='ltr'><strong>Dodonaeae</strong></span> <span class='ocrx_word' id='word_1_110' title='bbox 1664 1448 1897 1501; x_wconf 87' lang='lat' dir='ltr'><strong>quercus</strong></span> <span class='ocrx_word' id='word_1_111' title='bbox 1926 1434 2057 1487; x_wconf 86' lang='lat' dir='ltr'><strong>deli-</strong></span> 
     </span>
    </p>
   </div>
   <div class='ocr_carea' id='block_1_19' title="bbox 487 1522 2060 1593">
    <p class='ocr_par' dir='ltr' id='par_1_19' title="bbox 487 1522 2060 1593">
     <span class='ocr_line' id='line_1_19' title="bbox 487 1522 2060 1593; baseline 0.004 -20"><span class='ocrx_word' id='word_1_112' title='bbox 487 1530 751 1586; x_wconf 86' lang='lat' dir='ltr'><strong>ramenta,</strong></span> <span class='ocrx_word' id='word_1_113' title='bbox 778 1533 871 1576; x_wconf 91' lang='lat' dir='ltr'><strong>aut</strong></span> <span class='ocrx_word' id='word_1_114' title='bbox 910 1522 1177 1590; x_wconf 84' lang='lat' dir='ltr'><strong>Delphicae</strong></span> <span class='ocrx_word' id='word_1_115' title='bbox 1229 1524 1451 1592; x_wconf 86' lang='lat' dir='ltr'><strong>tripodis</strong></span> <span class='ocrx_word' id='word_1_116' title='bbox 1498 1524 1818 1593; x_wconf 70' lang='lat' dir='ltr'><strong>praestigias,</strong></span> <span class='ocrx_word' id='word_1_117' title='bbox 1859 1535 1951 1579; x_wconf 87' lang='lat' dir='ltr'><strong>aut</strong></span> <span class='ocrx_word' id='word_1_118' title='bbox 1980 1525 2060 1579; x_wconf 54' lang='lat' dir='ltr'><strong>fa-</strong></span> 
     </span>
    </p>
   </div>
   <div class='ocr_carea' id='block_1_20' title="bbox 486 1613 2056 1681">
    <p class='ocr_par' dir='ltr' id='par_1_20' title="bbox 486 1613 2056 1681">
     <span class='ocr_line' id='line_1_20' title="bbox 486 1613 2056 1681; baseline 0.005 -16"><span class='ocrx_word' id='word_1_119' title='bbox 486 1613 680 1668; x_wconf 88' lang='lat' dir='ltr'><strong>tidicos</strong></span> <span class='ocrx_word' id='word_1_120' title='bbox 736 1614 952 1668; x_wconf 79' lang='lat' dir='ltr'><strong>Castalii</strong></span> <span class='ocrx_word' id='word_1_121' title='bbox 1015 1616 1176 1670; x_wconf 90' lang='lat' dir='ltr'><strong>fontis</strong></span> <span class='ocrx_word' id='word_1_122' title='bbox 1244 1615 1468 1669; x_wconf 81' lang='lat' dir='ltr'><strong>latices?</strong></span> <span class='ocrx_word' id='word_1_123' title='bbox 1533 1616 1663 1681; x_wconf 65' lang='lat' dir='ltr'><strong>Quae</strong></span> <span class='ocrx_word' id='word_1_124' title='bbox 1720 1617 1896 1671; x_wconf 85' lang='lat' dir='ltr'><strong>omnia</strong></span> <span class='ocrx_word' id='word_1_125' title='bbox 1956 1618 2056 1673; x_wconf 88' lang='lat' dir='ltr'><strong>hoc</strong></span> 
     </span>
    </p>
   </div>
   <div class='ocr_carea' id='block_1_21' title="bbox 486 1706 2055 1778">
    <p class='ocr_par' dir='ltr' id='par_1_21' title="bbox 486 1706 2055 1778">
     <span class='ocr_line' id='line_1_21' title="bbox 486 1706 2055 1778; baseline 0.004 -22"><span class='ocrx_word' id='word_1_126' title='bbox 486 1720 651 1757; x_wconf 90' lang='lat' dir='ltr'><strong>unum</strong></span> <span class='ocrx_word' id='word_1_127' title='bbox 684 1706 964 1760; x_wconf 88' lang='lat' dir='ltr'><strong>vaticinari</strong></span> <span class='ocrx_word' id='word_1_128' title='bbox 996 1708 1217 1761; x_wconf 89' lang='lat' dir='ltr'><strong>minime</strong></span> <span class='ocrx_word' id='word_1_129' title='bbox 1252 1716 1564 1778; x_wconf 86' lang='lat' dir='ltr'><strong>potuerunt,</strong></span> <span class='ocrx_word' id='word_1_130' title='bbox 1594 1708 1848 1762; x_wconf 87' lang='lat' dir='ltr'><strong>nimirum</strong></span> <span class='ocrx_word' id='word_1_131' title='bbox 1890 1710 2055 1765; x_wconf 87' lang='lat' dir='ltr'><strong>silen-</strong></span> 
     </span>
    </p>
   </div>
   <div class='ocr_carea' id='block_1_22' title="bbox 485 1795 2129 1877">
    <p class='ocr_par' dir='ltr' id='par_1_22' title="bbox 485 1795 2129 1877">
     <span class='ocr_line' id='line_1_22' title="bbox 485 1795 2129 1877; baseline 0.003 -31"><span class='ocrx_word' id='word_1_132' title='bbox 485 1797 618 1848; x_wconf 86' lang='lat' dir='ltr'><strong>tium</strong></span> <span class='ocrx_word' id='word_1_133' title='bbox 646 1810 822 1848; x_wconf 84' lang='lat' dir='ltr'><strong>suum.</strong></span> <span class='ocrx_word' id='word_1_134' title='bbox 857 1795 967 1851; x_wconf 88' lang='lat' dir='ltr'><strong>Nec</strong></span> <span class='ocrx_word' id='word_1_135' title='bbox 1016 1796 1288 1866; x_wconf 81' lang='lat' dir='ltr'><strong>Magorum</strong></span> <span class='ocrx_word' id='word_1_136' title='bbox 1338 1799 1507 1869; x_wconf 73' lang='lat'><strong>680</strong></span> <span class='ocrx_word' id='word_1_137' title='bbox 1555 1812 1642 1853; x_wconf 88' lang='lat' dir='ltr'><strong>ars</strong></span> <span class='ocrx_word' id='word_1_138' title='bbox 1675 1799 2055 1865; x_wconf 83' lang='lat' dir='ltr'><strong>sacrificandi,</strong></span> <span class='ocrx_word' id='word_1_139' title='bbox 2089 1825 2129 1877; x_wconf 70' lang='grc' dir='ltr'><strong>Β</strong></span> 
     </span>
    </p>
   </div>
   <div class='ocr_carea' id='block_1_23' title="bbox 484 1887 2057 1965">
    <p class='ocr_par' dir='ltr' id='par_1_23' title="bbox 484 1887 2057 1965">
     <span class='ocr_line' id='line_1_23' title="bbox 484 1887 2057 1965; baseline 0.003 -28"><span class='ocrx_word' id='word_1_140' title='bbox 484 1895 647 1955; x_wconf 88' lang='lat' dir='ltr'><strong>atque</strong></span> <span class='ocrx_word' id='word_1_141' title='bbox 680 1902 744 1940; x_wconf 85' lang='lat' dir='ltr'><strong>ex</strong></span> <span class='ocrx_word' id='word_1_142' title='bbox 795 1887 1138 1940; x_wconf 87' lang='lat' dir='ltr'><strong>victimarum</strong></span> <span class='ocrx_word' id='word_1_143' title='bbox 1192 1889 1457 1943; x_wconf 89' lang='lat' dir='ltr'><strong>incisione</strong></span> <span class='ocrx_word' id='word_1_144' title='bbox 1495 1888 1799 1965; x_wconf 84' lang='lat' dir='ltr'><strong>futurorum</strong></span> <span class='ocrx_word' id='word_1_145' title='bbox 1829 1905 2057 1959; x_wconf 70' lang='lat' dir='ltr'><strong>praesen-</strong></span> 
     </span>
    </p>
   </div>
   <div class='ocr_carea' id='block_1_24' title="bbox 483 1978 2056 2051">
    <p class='ocr_par' dir='ltr' id='par_1_24' title="bbox 483 1978 2056 2051">
     <span class='ocr_line' id='line_1_24' title="bbox 483 1978 2056 2051; baseline 0.002 -20"><span class='ocrx_word' id='word_1_146' title='bbox 483 1978 604 2031; x_wconf 86' lang='lat' dir='ltr'><strong>sio:</strong></span> <span class='ocrx_word' id='word_1_147' title='bbox 644 1992 741 2032; x_wconf 90' lang='lat' dir='ltr'><strong>nec</strong></span> <span class='ocrx_word' id='word_1_148' title='bbox 766 1978 1133 2033; x_wconf 55' lang='lat' dir='ltr'><strong>Chaldaeorum</strong></span> <span class='ocrx_word' id='word_1_149' title='bbox 1167 1980 1457 2051; x_wconf 84' lang='lat' dir='ltr'><strong>astrologia</strong></span> <span class='ocrx_word' id='word_1_150' title='bbox 1493 1993 1548 2035; x_wconf 90' lang='lat' dir='ltr'><strong>et</strong></span> <span class='ocrx_word' id='word_1_151' title='bbox 1574 1980 1922 2034; x_wconf 86' lang='lat' dir='ltr'><strong>nativitatum</strong></span> <span class='ocrx_word' id='word_1_152' title='bbox 1957 1980 2056 2034; x_wconf 47' lang='lat' dir='ltr'><strong>ob:</strong></span> 
     </span>
    </p>
   </div>
   <div class='ocr_carea' id='block_1_25' title="bbox 483 2072 2055 2135">
    <p class='ocr_par' dir='ltr' id='par_1_25' title="bbox 483 2072 2055 2135">
     <span class='ocr_line' id='line_1_25' title="bbox 483 2072 2055 2135; baseline -0.001 -9"><span class='ocrx_word' id='word_1_153' title='bbox 483 2072 741 2135; x_wconf 78' lang='lat' dir='ltr'><strong>Servatio,</strong></span> <span class='ocrx_word' id='word_1_154' title='bbox 799 2088 884 2127; x_wconf 90' lang='lat' dir='ltr'><strong>res</strong></span> <span class='ocrx_word' id='word_1_155' title='bbox 926 2082 1138 2127; x_wconf 89' lang='lat' dir='ltr'><strong>nostras</strong></span> <span class='ocrx_word' id='word_1_156' title='bbox 1175 2073 1366 2128; x_wconf 86' lang='lat' dir='ltr'><strong>eodem</strong></span> <span class='ocrx_word' id='word_1_157' title='bbox 1417 2089 1540 2129; x_wconf 91' lang='lat' dir='ltr'><strong>cum</strong></span> <span class='ocrx_word' id='word_1_158' title='bbox 1592 2072 1866 2127; x_wconf 89' lang='lat' dir='ltr'><strong>sideribus</strong></span> <span class='ocrx_word' id='word_1_159' title='bbox 1903 2082 2055 2128; x_wconf 89' lang='lat' dir='ltr'><strong>motu</strong></span> 
     </span>
    </p>
   </div>
   <div class='ocr_carea' id='block_1_26' title="bbox 482 2164 2054 2234">
    <p class='ocr_par' dir='ltr' id='par_1_26' title="bbox 482 2164 2054 2234">
     <span class='ocr_line' id='line_1_26' title="bbox 482 2164 2054 2234; baseline 0.003 -21"><span class='ocrx_word' id='word_1_160' title='bbox 482 2164 725 2229; x_wconf 84' lang='lat' dir='ltr'><strong>volvens,</strong></span> <span class='ocrx_word' id='word_1_161' title='bbox 767 2179 888 2217; x_wconf 89' lang='lat' dir='ltr'><strong>cum</strong></span> <span class='ocrx_word' id='word_1_162' title='bbox 927 2174 1102 2219; x_wconf 90' lang='lat' dir='ltr'><strong>tamen</strong></span> <span class='ocrx_word' id='word_1_163' title='bbox 1136 2166 1259 2234; x_wconf 85' lang='lat' dir='ltr'><strong>ipsi,</strong></span> <span class='ocrx_word' id='word_1_164' title='bbox 1316 2179 1414 2218; x_wconf 89' lang='lat' dir='ltr'><strong>nec</strong></span> <span class='ocrx_word' id='word_1_165' title='bbox 1448 2165 1573 2232; x_wconf 88' lang='lat' dir='ltr'><strong>quid</strong></span> <span class='ocrx_word' id='word_1_166' title='bbox 1607 2165 1732 2228; x_wconf 89' lang='lat' dir='ltr'><strong>sint,</strong></span> <span class='ocrx_word' id='word_1_167' title='bbox 1769 2174 1861 2218; x_wconf 91' lang='lat' dir='ltr'><strong>aut</strong></span> <span class='ocrx_word' id='word_1_168' title='bbox 1894 2165 2054 2217; x_wconf 85' lang='lat' dir='ltr'><strong>futuri</strong></span> 
     </span>
    </p>
   </div>
   <div class='ocr_carea' id='block_1_27' title="bbox 481 2254 2056 2326">
    <p class='ocr_par' dir='ltr' id='par_1_27' title="bbox 481 2254 2056 2326">
     <span class='ocr_line' id='line_1_27' title="bbox 481 2254 2056 2326; baseline 0.003 -21"><span class='ocrx_word' id='word_1_169' title='bbox 481 2256 610 2319; x_wconf 88' lang='lat' dir='ltr'><strong>sint,</strong></span> <span class='ocrx_word' id='word_1_170' title='bbox 640 2256 911 2325; x_wconf 83' lang='lat' dir='ltr'><strong>cognitum</strong></span> <span class='ocrx_word' id='word_1_171' title='bbox 953 2256 1153 2309; x_wconf 88' lang='lat' dir='ltr'><strong>habere</strong></span> <span class='ocrx_word' id='word_1_172' title='bbox 1201 2266 1421 2323; x_wconf 82' lang='lat' dir='ltr'><strong>queant.</strong></span> <span class='ocrx_word' id='word_1_173' title='bbox 1468 2254 1576 2310; x_wconf 78' lang='lat' dir='ltr'><strong>Nec</strong></span> <span class='ocrx_word' id='word_1_174' title='bbox 1611 2255 1877 2309; x_wconf 90' lang='lat' dir='ltr'><strong>Thracum</strong></span> <span class='ocrx_word' id='word_1_175' title='bbox 1907 2257 2056 2326; x_wconf 84' lang='lat' dir='ltr'><strong>orgia</strong></span> 
     </span>
    </p>
   </div>
   <div class='ocr_carea' id='block_1_28' title="bbox 484 2347 2052 2417">
    <p class='ocr_par' dir='ltr' id='par_1_28' title="bbox 484 2347 2052 2417">
     <span class='ocr_line' id='line_1_28' title="bbox 484 2347 2052 2417; baseline 0.001 -18"><span class='ocrx_word' id='word_1_176' title='bbox 484 2347 597 2401; x_wconf 76' lang='lat' dir='ltr'><strong>hzec</strong></span> <span class='ocrx_word' id='word_1_177' title='bbox 624 2356 771 2411; x_wconf 90' lang='lat' dir='ltr'><strong>sunt,</strong></span> <span class='ocrx_word' id='word_1_178' title='bbox 810 2364 838 2400; x_wconf 90' lang='lat' dir='ltr'><strong>a</strong></span> <span class='ocrx_word' id='word_1_179' title='bbox 872 2348 1069 2417; x_wconf 78' lang='lat' dir='ltr'><strong>quibus</strong></span> <span class='ocrx_word' id='word_1_180' title='bbox 1103 2358 1156 2401; x_wconf 93' lang='lat' dir='ltr'><strong>et</strong></span> <span class='ocrx_word' id='word_1_181' title='bbox 1182 2347 1496 2417; x_wconf 86' lang='lat' dir='ltr'><strong>religionem</strong></span> <span class='ocrx_word' id='word_1_182' title='bbox 1527 2359 1704 2402; x_wconf 89' lang='lat' dir='ltr'><strong>natam</strong></span> <span class='ocrx_word' id='word_1_183' title='bbox 1732 2364 1852 2403; x_wconf 89' lang='lat' dir='ltr'><strong>esse</strong></span> <span class='ocrx_word' id='word_1_184' title='bbox 1874 2349 2052 2402; x_wconf 87' lang='lat' dir='ltr'><strong>aiunt:</strong></span> 
     </span>
    </p>
   </div>
   <div class='ocr_carea' id='block_1_29' title="bbox 482 2436 2058 2509">
    <p class='ocr_par' dir='ltr' id='par_1_29' title="bbox 482 2436 2058 2509">
     <span class='ocr_line' id='line_1_29' title="bbox 482 2436 2058 2509; baseline 0.003 -21"><span class='ocrx_word' id='word_1_185' title='bbox 482 2452 581 2491; x_wconf 87' lang='lat' dir='ltr'><strong>nec</strong></span> <span class='ocrx_word' id='word_1_186' title='bbox 608 2436 809 2506; x_wconf 89' lang='lat' dir='ltr'><strong>Orphei</strong></span> <span class='ocrx_word' id='word_1_187' title='bbox 848 2452 1002 2491; x_wconf 85' lang='lat' dir='ltr'><strong>sacra</strong></span> <span class='ocrx_word' id='word_1_188' title='bbox 1037 2447 1091 2491; x_wconf 91' lang='lat' dir='ltr'><strong>et</strong></span> <span class='ocrx_word' id='word_1_189' title='bbox 1121 2440 1397 2507; x_wconf 61' lang='lat' dir='ltr'><strong>mysteria,</strong></span> <span class='ocrx_word' id='word_1_190' title='bbox 1432 2455 1591 2509; x_wconf 88' lang='lat' dir='ltr'><strong>quem</strong></span> <span class='ocrx_word' id='word_1_191' title='bbox 1636 2439 1809 2494; x_wconf 82' lang='lat' dir='ltr'><strong>Graeci</strong></span> <span class='ocrx_word' id='word_1_192' title='bbox 1842 2440 2058 2509; x_wconf 80' lang='lat' dir='ltr'><strong>sapien~</strong></span> 
     </span>
    </p>
   </div>
   <div class='ocr_carea' id='block_1_30' title="bbox 485 2525 2053 2601">
    <p class='ocr_par' dir='ltr' id='par_1_30' title="bbox 485 2525 2053 2601">
     <span class='ocr_line' id='line_1_30' title="bbox 485 2525 2053 2601; baseline 0.003 -25"><span class='ocrx_word' id='word_1_193' title='bbox 485 2526 573 2577; x_wconf 78' lang='lat' dir='ltr'><strong>lia:</strong></span> <span class='ocrx_word' id='word_1_194' title='bbox 624 2525 838 2578; x_wconf 87' lang='lat' dir='ltr'><strong>nomine</strong></span> <span class='ocrx_word' id='word_1_195' title='bbox 893 2526 1028 2579; x_wconf 91' lang='lat' dir='ltr'><strong>adeo</strong></span> <span class='ocrx_word' id='word_1_196' title='bbox 1082 2536 1483 2595; x_wconf 74' lang='lat' dir='ltr'><strong>SIISpexerunt,</strong></span> <span class='ocrx_word' id='word_1_197' title='bbox 1539 2538 1595 2581; x_wconf 87' lang='lat' dir='ltr'><strong>ut</strong></span> <span class='ocrx_word' id='word_1_198' title='bbox 1643 2530 1806 2583; x_wconf 87' lang='lat' dir='ltr'><strong>etiam</strong></span> <span class='ocrx_word' id='word_1_199' title='bbox 1862 2529 2053 2601; x_wconf 88' lang='lat' dir='ltr'><strong>lyram,</strong></span> 
     </span>
    </p>
   </div>
   <div class='ocr_carea' id='block_1_31' title="bbox 483 2606 2056 2690">
    <p class='ocr_par' dir='ltr' id='par_1_31' title="bbox 483 2606 2056 2690">
     <span class='ocr_line' id='line_1_31' title="bbox 483 2606 2056 2690; baseline 0.004 -24"><span class='ocrx_word' id='word_1_200' title='bbox 483 2632 604 2685; x_wconf 71' lang='lat' dir='ltr'><strong>qua:</strong></span> <span class='ocrx_word' id='word_1_201' title='bbox 636 2617 815 2670; x_wconf 84' lang='lat' dir='ltr'><strong>ﬁdium</strong></span> <span class='ocrx_word' id='word_1_202' title='bbox 859 2618 1100 2685; x_wconf 87' lang='lat' dir='ltr'><strong>pulsibus</strong></span> <span class='ocrx_word' id='word_1_203' title='bbox 1151 2606 1329 2672; x_wconf 47' lang='lat' dir='ltr'><strong>om’nia</strong></span> <span class='ocrx_word' id='word_1_204' title='bbox 1375 2620 1737 2687; x_wconf 83' lang='lat' dir='ltr'><strong>pertraheret,</strong></span> <span class='ocrx_word' id='word_1_205' title='bbox 1781 2621 1879 2690; x_wconf 89' lang='lat' dir='ltr'><strong>ipsi</strong></span> <span class='ocrx_word' id='word_1_206' title='bbox 1905 2619 2056 2674; x_wconf 79' lang='lat' dir='ltr'><strong>enin-</strong></span> 
     </span>
    </p>
   </div>
   <div class='ocr_carea' id='block_1_32' title="bbox 483 2707 2058 2781">
    <p class='ocr_par' dir='ltr' id='par_1_32' title="bbox 483 2707 2058 2781">
     <span class='ocr_line' id='line_1_32' title="bbox 483 2707 2058 2781; baseline 0.003 -20"><span class='ocrx_word' id='word_1_207' title='bbox 483 2710 682 2762; x_wconf 66' lang='lat' dir='ltr'><strong>xerint.</strong></span> <span class='ocrx_word' id='word_1_208' title='bbox 738 2707 847 2762; x_wconf 86' lang='lat' dir='ltr'><strong>Nec</strong></span> <span class='ocrx_word' id='word_1_209' title='bbox 897 2709 1109 2764; x_wconf 81' lang='lat' dir='ltr'><strong>Mithrae</strong></span> <span class='ocrx_word' id='word_1_210' title='bbox 1148 2709 1351 2776; x_wconf 83' lang='lat' dir='ltr'><strong>justum</strong></span> <span class='ocrx_word' id='word_1_211' title='bbox 1402 2711 1661 2765; x_wconf 87' lang='lat' dir='ltr'><strong>adversus</strong></span> <span class='ocrx_word' id='word_1_212' title='bbox 1711 2726 1805 2765; x_wconf 86' lang='lat' dir='ltr'><strong>eos</strong></span> <span class='ocrx_word' id='word_1_213' title='bbox 1854 2711 2058 2781; x_wconf 90' lang='lat' dir='ltr'><strong>suppli-</strong></span> 
     </span>
    </p>
   </div>
   <div class='ocr_carea' id='block_1_33' title="bbox 482 2801 2059 2869">
    <p class='ocr_par' dir='ltr' id='par_1_33' title="bbox 482 2801 2059 2869">
     <span class='ocr_line' id='line_1_33' title="bbox 482 2801 2059 2869; baseline 0.004 -16"><span class='ocrx_word' id='word_1_214' title='bbox 482 2802 647 2863; x_wconf 89' lang='lat' dir='ltr'><strong>cium,</strong></span> <span class='ocrx_word' id='word_1_215' title='bbox 689 2802 779 2868; x_wconf 90' lang='lat' dir='ltr'><strong>qui</strong></span> <span class='ocrx_word' id='word_1_216' title='bbox 820 2801 1117 2869; x_wconf 83' lang='lat' dir='ltr'><strong>hujnsmodi</strong></span> <span class='ocrx_word' id='word_1_217' title='bbox 1169 2804 1340 2858; x_wconf 88' lang='lat' dir='ltr'><strong>sacris</strong></span> <span class='ocrx_word' id='word_1_218' title='bbox 1377 2804 1580 2857; x_wconf 89' lang='lat' dir='ltr'><strong>initiari</strong></span> <span class='ocrx_word' id='word_1_219' title='bbox 1612 2806 1906 2858; x_wconf 75' lang='lat' dir='ltr'><strong>susdnent.</strong></span> <span class='ocrx_word' id='word_1_220' title='bbox 1950 2802 2059 2859; x_wconf 87' lang='lat' dir='ltr'><strong>Nec</strong></span> 
     </span>
    </p>
   </div>
   <div class='ocr_carea' id='block_1_34' title="bbox 482 2890 2057 2963">
    <p class='ocr_par' dir='ltr' id='par_1_34' title="bbox 482 2890 2057 2963">
     <span class='ocr_line' id='line_1_34' title="bbox 482 2890 2057 2963; baseline 0.001 -18"><span class='ocrx_word' id='word_1_221' title='bbox 482 2890 715 2945; x_wconf 85' lang='lat' dir='ltr'><strong>Osiridis</strong></span> <span class='ocrx_word' id='word_1_222' title='bbox 765 2891 1158 2953; x_wconf 88' lang='lat' dir='ltr'><strong>lacerationes.</strong></span> <span class='ocrx_word' id='word_1_223' title='bbox 1210 2893 1315 2946; x_wconf 88' lang='lat' dir='ltr'><strong>alia</strong></span> <span class='ocrx_word' id='word_1_224' title='bbox 1382 2893 1694 2958; x_wconf 85' lang='lat' dir='ltr'><strong>calamitas,</strong></span> <span class='ocrx_word' id='word_1_225' title='bbox 1744 2909 1862 2963; x_wconf 64' lang='lat' dir='ltr'><strong>qua!</strong></span> <span class='ocrx_word' id='word_1_226' title='bbox 1919 2895 2057 2963; x_wconf 91' lang='lat' dir='ltr'><strong>apud</strong></span> 
     </span>
    </p>
   </div>
   <div class='ocr_carea' id='block_1_35' title="bbox 483 2982 2059 3055">
    <p class='ocr_par' dir='ltr' id='par_1_35' title="bbox 483 2982 2059 3055">
     <span class='ocr_line' id='line_1_35' title="bbox 483 2982 2059 3055; baseline 0.001 -18"><span class='ocrx_word' id='word_1_227' title='bbox 483 2982 767 3052; x_wconf 62' lang='lat' dir='ltr'><strong>Egyptios</strong></span> <span class='ocrx_word' id='word_1_228' title='bbox 830 2986 1043 3039; x_wconf 86' lang='lat' dir='ltr'><strong>colitur.</strong></span> <span class='ocrx_word' id='word_1_229' title='bbox 1106 2985 1217 3040; x_wconf 85' lang='lat' dir='ltr'><strong>Nec</strong></span> <span class='ocrx_word' id='word_1_230' title='bbox 1274 2985 1429 3042; x_wconf 87' lang='lat' dir='ltr'><strong>Isidis</strong></span> <span class='ocrx_word' id='word_1_231' title='bbox 1499 2985 1834 3050; x_wconf 83' lang='lat' dir='ltr'><strong>infortunia,</strong></span> <span class='ocrx_word' id='word_1_232' title='bbox 1898 2996 2059 3055; x_wconf 86' lang='lat' dir='ltr'><strong>atque</strong></span> 
     </span>
    </p>
   </div>
   <div class='ocr_carea' id='block_1_36' title="bbox 485 3074 2059 3145">
    <p class='ocr_par' dir='ltr' id='par_1_36' title="bbox 485 3074 2059 3145">
     <span class='ocr_line' id='line_1_36' title="bbox 485 3074 2059 3145; baseline 0.003 -17"><span class='ocrx_word' id='word_1_233' title='bbox 485 3076 623 3129; x_wconf 89' lang='lat' dir='ltr'><strong>hirci</strong></span> <span class='ocrx_word' id='word_1_234' title='bbox 672 3074 960 3131; x_wconf 88' lang='lat' dir='ltr'><strong>Mendesiis</strong></span> <span class='ocrx_word' id='word_1_235' title='bbox 1018 3077 1150 3145; x_wconf 87' lang='lat' dir='ltr'><strong>ipsis</strong></span> <span class='ocrx_word' id='word_1_236' title='bbox 1197 3077 1659 3143; x_wconf 82' lang='lat' dir='ltr'><strong>venerabiliores;</strong></span> <span class='ocrx_word' id='word_1_237' title='bbox 1722 3093 1823 3131; x_wconf 91' lang='lat' dir='ltr'><strong>nec</strong></span> <span class='ocrx_word' id='word_1_238' title='bbox 1870 3078 2059 3145; x_wconf 86' lang='lat' dir='ltr'><strong>Apidis</strong></span> 
     </span>
    </p>
   </div>
   <div class='ocr_carea' id='block_1_37' title="bbox 2225 1057 3753 1132">
    <p class='ocr_par' dir='ltr' id='par_1_37' title="bbox 2225 1057 3753 1132">
     <span class='ocr_line' id='line_1_37' title="bbox 2225 1057 3753 1132; baseline -0.005 -16"><span class='ocrx_word' id='word_1_239' title='bbox 2225 1063 2301 1117; x_wconf 81' lang='lat' dir='ltr'><strong>E’.</strong></span> <span class='ocrx_word' id='word_1_240' title='bbox 2345 1062 2454 1115; x_wconf 76' lang='grc' dir='ltr'><strong>Ποῦ</strong></span> <span class='ocrx_word' id='word_1_241' title='bbox 2500 1061 2557 1113; x_wconf 75' lang='grc' dir='ltr'>δὲ</span> <span class='ocrx_word' id='word_1_242' title='bbox 2608 1062 2793 1132; x_wconf 83' lang='grc' dir='ltr'>θήσεις</span> <span class='ocrx_word' id='word_1_243' title='bbox 2836 1062 2935 1132; x_wconf 83' lang='grc' dir='ltr'><strong>τὴν</strong></span> <span class='ocrx_word' id='word_1_244' title='bbox 2976 1061 3216 1123; x_wconf 78' lang='grc' dir='ltr'>Πέλοπος</span> <span class='ocrx_word' id='word_1_245' title='bbox 3272 1059 3347 1130; x_wconf 81' lang='grc'>(5)</span> <span class='ocrx_word' id='word_1_246' title='bbox 3400 1057 3753 1129; x_wconf 80' lang='grc' dir='ltr'>κρεουργίαν,</span> 
     </span>
    </p>
   </div>
   <div class='ocr_carea' id='block_1_38' title="bbox 2157 1150 3753 1221">
    <p class='ocr_par' dir='ltr' id='par_1_38' title="bbox 2157 1150 3753 1221">
     <span class='ocr_line' id='line_1_38' title="bbox 2157 1150 3753 1221; baseline -0.006 -11"><span class='ocrx_word' id='word_1_247' title='bbox 2157 1156 2457 1218; x_wconf 79' lang='grc' dir='ltr'>πεινῶντας</span> <span class='ocrx_word' id='word_1_248' title='bbox 2480 1155 2635 1217; x_wconf 78' lang='grc' dir='ltr'>θεοὺς</span> <span class='ocrx_word' id='word_1_249' title='bbox 2660 1153 2945 1217; x_wconf 79' lang='grc' dir='ltr'>ἑστιῶσαν,</span> <span class='ocrx_word' id='word_1_250' title='bbox 2974 1154 3066 1206; x_wconf 79' lang='grc' dir='ltr'><strong>καὶ</strong></span> <span class='ocrx_word' id='word_1_251' title='bbox 3096 1151 3399 1221; x_wconf 79' lang='grc' dir='ltr'>φιλοξενίαν</span> <span class='ocrx_word' id='word_1_252' title='bbox 3427 1151 3627 1220; x_wconf 81' lang='grc' dir='ltr'>πικρὰν</span> <span class='ocrx_word' id='word_1_253' title='bbox 3654 1150 3753 1202; x_wconf 69' lang='grc' dir='ltr'>καὶ</span> 
     </span>
    </p>
   </div>
   <div class='ocr_carea' id='block_1_39' title="bbox 2159 1241 3750 1319">
    <p class='ocr_par' dir='ltr' id='par_1_39' title="bbox 2159 1241 3750 1319">
     <span class='ocr_line' id='line_1_39' title="bbox 2159 1241 3750 1319; baseline -0.008 -15"><span class='ocrx_word' id='word_1_254' title='bbox 2159 1251 2570 1319; x_wconf 51' lang='lat' dir='ltr'><strong>ditaverat-mou;</strong></span> <span class='ocrx_word' id='word_1_255' title='bbox 2630 1247 2736 1301; x_wconf 81' lang='grc' dir='ltr'><strong>πού</strong></span> <span class='ocrx_word' id='word_1_256' title='bbox 2787 1247 2844 1300; x_wconf 86' lang='grc' dir='ltr'>δὲ</span> <span class='ocrx_word' id='word_1_257' title='bbox 2901 1246 3131 1316; x_wconf 82' lang='grc' dir='ltr'><strong>Ἑκάτης</strong></span> <span class='ocrx_word' id='word_1_258' title='bbox 3178 1244 3251 1315; x_wconf 70' lang='grc'>(4)</span> <span class='ocrx_word' id='word_1_259' title='bbox 3306 1243 3375 1296; x_wconf 83' lang='grc' dir='ltr'>τὰ</span> <span class='ocrx_word' id='word_1_260' title='bbox 3411 1241 3616 1313; x_wconf 74' lang='grc' dir='ltr'>φοϐερὰ</span> <span class='ocrx_word' id='word_1_261' title='bbox 3656 1242 3750 1293; x_wconf 55' lang='grc' dir='ltr'>καὶ</span> 
     </span>
    </p>
   </div>
   <div class='ocr_carea' id='block_1_40' title="bbox 2164 1333 3740 1410">
    <p class='ocr_par' dir='ltr' id='par_1_40' title="bbox 2164 1333 3740 1410">
     <span class='ocr_line' id='line_1_40' title="bbox 2164 1333 3740 1410; baseline -0.007 -13"><span class='ocrx_word' id='word_1_262' title='bbox 2164 1341 2415 1397; x_wconf 83' lang='grc' dir='ltr'>σκοτεινά</span> <span class='ocrx_word' id='word_1_263' title='bbox 2452 1342 2735 1410; x_wconf 80' lang='grc' dir='ltr'>φάσματα,</span> <span class='ocrx_word' id='word_1_264' title='bbox 2765 1339 2858 1392; x_wconf 73' lang='grc' dir='ltr'><strong>καὶ</strong></span> <span class='ocrx_word' id='word_1_265' title='bbox 2880 1337 3190 1409; x_wconf 79' lang='grc' dir='ltr'>Τροφωνίου</span> <span class='ocrx_word' id='word_1_266' title='bbox 3212 1336 3289 1405; x_wconf 83' lang='grc'>(5)</span> <span class='ocrx_word' id='word_1_267' title='bbox 3320 1335 3457 1388; x_wconf 88' lang='grc' dir='ltr'><strong>κατὰ</strong></span> <span class='ocrx_word' id='word_1_268' title='bbox 3484 1336 3586 1404; x_wconf 81' lang='grc' dir='ltr'><strong>γῆς</strong></span> <span class='ocrx_word' id='word_1_269' title='bbox 3620 1333 3740 1387; x_wconf 84' lang='grc' dir='ltr'>παί-</span> 
     </span>
    </p>
   </div>
   <div class='ocr_carea' id='block_1_41' title="bbox 2162 1424 3753 1504">
    <p class='ocr_par' dir='ltr' id='par_1_41' title="bbox 2162 1424 3753 1504">
     <span class='ocr_line' id='line_1_41' title="bbox 2162 1424 3753 1504; baseline -0.009 -17"><span class='ocrx_word' id='word_1_270' title='bbox 2162 1452 2286 1504; x_wconf 87' lang='grc' dir='ltr'>γνια</span> <span class='ocrx_word' id='word_1_271' title='bbox 2317 1432 2409 1486; x_wconf 77' lang='grc' dir='ltr'><strong>καὶ</strong></span> <span class='ocrx_word' id='word_1_272' title='bbox 2447 1430 2825 1502; x_wconf 82' lang='grc' dir='ltr'>μαντεύματα,</span> <span class='ocrx_word' id='word_1_273' title='bbox 2858 1429 2890 1499; x_wconf 83' lang='grc' dir='ltr'><strong>ἢ</strong></span> <span class='ocrx_word' id='word_1_274' title='bbox 2924 1426 3240 1490; x_wconf 62' lang='grc' dir='ltr'>Δωδωναίοις</span> <span class='ocrx_word' id='word_1_275' title='bbox 3279 1426 3439 1496; x_wconf 87' lang='grc' dir='ltr'>δρυὸς</span> <span class='ocrx_word' id='word_1_276' title='bbox 3476 1426 3550 1493; x_wconf 79' lang='grc'>(6)</span> <span class='ocrx_word' id='word_1_277' title='bbox 3581 1424 3753 1495; x_wconf 74' lang='grc' dir='ltr'>ληρή-</span> 
     </span>
    </p>
   </div>
   <div class='ocr_carea' id='block_1_42' title="bbox 2166 1517 3738 1597">
    <p class='ocr_par' dir='ltr' id='par_1_42' title="bbox 2166 1517 3738 1597">
     <span class='ocr_line' id='line_1_42' title="bbox 2166 1517 3738 1597; baseline -0.006 -19"><span class='ocrx_word' id='word_1_278' title='bbox 2166 1544 2329 1597; x_wconf 86' lang='grc' dir='ltr'>ματα,</span> <span class='ocrx_word' id='word_1_279' title='bbox 2362 1524 2395 1595; x_wconf 80' lang='grc' dir='ltr'><strong>ἦ</strong></span> <span class='ocrx_word' id='word_1_280' title='bbox 2430 1523 2681 1594; x_wconf 79' lang='grc' dir='ltr'>τρίποδος</span> <span class='ocrx_word' id='word_1_281' title='bbox 2706 1520 2969 1590; x_wconf 73' lang='grc' dir='ltr'>Δελφικοῦ</span> <span class='ocrx_word' id='word_1_282' title='bbox 2998 1520 3070 1590; x_wconf 85' lang='lat'>(7)</span> <span class='ocrx_word' id='word_1_283' title='bbox 3106 1518 3432 1588; x_wconf 76' lang='grc' dir='ltr'>σοφίσματα,</span> <span class='ocrx_word' id='word_1_284' title='bbox 3463 1517 3494 1587; x_wconf 84' lang='grc' dir='ltr'>ἢ</span> <span class='ocrx_word' id='word_1_285' title='bbox 3532 1520 3738 1570; x_wconf 83' lang='grc' dir='ltr'>Καστα·</span> 
     </span>
    </p>
   </div>
   <div class='ocr_carea' id='block_1_43' title="bbox 2159 1609 3722 1684">
    <p class='ocr_par' dir='ltr' id='par_1_43' title="bbox 2159 1609 3722 1684">
     <span class='ocr_line' id='line_1_43' title="bbox 2159 1609 3722 1684; baseline -0.006 -14"><span class='ocrx_word' id='word_1_286' title='bbox 2159 1618 2275 1680; x_wconf 82' lang='grc' dir='ltr'>λίας</span> <span class='ocrx_word' id='word_1_287' title='bbox 2307 1615 2384 1684; x_wconf 89' lang='grc'><strong>(8)</strong></span> <span class='ocrx_word' id='word_1_288' title='bbox 2418 1613 2679 1684; x_wconf 81' lang='grc' dir='ltr'>μαντικὸν</span> <span class='ocrx_word' id='word_1_289' title='bbox 2732 1612 2915 1681; x_wconf 60' lang='lat' dir='ltr'><strong>crepa;</strong></span> <span class='ocrx_word' id='word_1_290' title='bbox 2956 1611 3128 1663; x_wconf 81' lang='grc' dir='ltr'>Τοῦτο</span> <span class='ocrx_word' id='word_1_291' title='bbox 3157 1610 3314 1680; x_wconf 81' lang='grc' dir='ltr'>μόνον</span> <span class='ocrx_word' id='word_1_292' title='bbox 3350 1611 3409 1662; x_wconf 89' lang='grc' dir='ltr'><strong>ού</strong></span> <span class='ocrx_word' id='word_1_293' title='bbox 3445 1609 3722 1679; x_wconf 80' lang='grc' dir='ltr'>μαντευσά</span> 
     </span>
    </p>
   </div>
   <div class='ocr_carea' id='block_1_44' title="bbox 2162 1699 3753 1779">
    <p class='ocr_par' dir='ltr' id='par_1_44' title="bbox 2162 1699 3753 1779">
     <span class='ocr_line' id='line_1_44' title="bbox 2162 1699 3753 1779; baseline -0.008 -17"><span class='ocrx_word' id='word_1_294' title='bbox 2162 1726 2318 1779; x_wconf 86' lang='grc' dir='ltr'>μενα,</span> <span class='ocrx_word' id='word_1_295' title='bbox 2352 1706 2452 1777; x_wconf 84' lang='grc' dir='ltr'>τὴν</span> <span class='ocrx_word' id='word_1_296' title='bbox 2485 1704 2692 1759; x_wconf 77' lang='grc' dir='ltr'>ἑαυτῶν</span> <span class='ocrx_word' id='word_1_297' title='bbox 2734 1704 2966 1774; x_wconf 83' lang='grc' dir='ltr'>σιωπήν.</span> <span class='ocrx_word' id='word_1_298' title='bbox 3010 1702 3143 1755; x_wconf 73' lang='grc' dir='ltr'>Οὐδὲ</span> <span class='ocrx_word' id='word_1_299' title='bbox 3170 1701 3374 1769; x_wconf 79' lang='grc' dir='ltr'>Μάγων</span> <span class='ocrx_word' id='word_1_300' title='bbox 3425 1700 3498 1770; x_wconf 85' lang='grc'>(9)</span> <span class='ocrx_word' id='word_1_301' title='bbox 3534 1699 3753 1769; x_wconf 77' lang='grc' dir='ltr'>θυτικὴ.</span> 
     </span>
    </p>
   </div>
   <div class='ocr_carea' id='block_1_45' title="bbox 2161 1791 3724 1871">
    <p class='ocr_par' dir='ltr' id='par_1_45' title="bbox 2161 1791 3724 1871">
     <span class='ocr_line' id='line_1_45' title="bbox 2161 1791 3724 1871; baseline -0.007 -19"><span class='ocrx_word' id='word_1_302' title='bbox 2161 1799 2255 1852; x_wconf 74' lang='grc' dir='ltr'><strong>καὶ</strong></span> <span class='ocrx_word' id='word_1_303' title='bbox 2288 1797 2598 1868; x_wconf 80' lang='grc' dir='ltr'>πρόγνωσις</span> <span class='ocrx_word' id='word_1_304' title='bbox 2626 1795 2876 1863; x_wconf 76' lang='grc' dir='ltr'>ἕντομος’</span> <span class='ocrx_word' id='word_1_305' title='bbox 2908 1792 3000 1847; x_wconf 76' lang='grc' dir='ltr'><strong>καὶ</strong></span> <span class='ocrx_word' id='word_1_306' title='bbox 3030 1791 3312 1871; x_wconf 86' lang='grc' dir='ltr'>Χαλδαίων</span> <span class='ocrx_word' id='word_1_307' title='bbox 3353 1793 3463 1862; x_wconf 75' lang='grc'>(10)</span> <span class='ocrx_word' id='word_1_308' title='bbox 3492 1792 3724 1861; x_wconf 83' lang='grc' dir='ltr'>ἀστρονο</span> 
     </span>
    </p>
   </div>
   <div class='ocr_carea' id='block_1_46' title="bbox 2162 1882 3735 1957">
    <p class='ocr_par' dir='ltr' id='par_1_46' title="bbox 2162 1882 3735 1957">
     <span class='ocr_line' id='line_1_46' title="bbox 2162 1882 3735 1957; baseline -0.004 -19"><span class='ocrx_word' id='word_1_309' title='bbox 2162 1888 2261 1957; x_wconf 90' lang='grc' dir='ltr'><strong>μία</strong></span> <span class='ocrx_word' id='word_1_310' title='bbox 2294 1888 2386 1940; x_wconf 76' lang='grc' dir='ltr'><strong>καὶ</strong></span> <span class='ocrx_word' id='word_1_311' title='bbox 2415 1885 2849 1954; x_wconf 85' lang='grc' dir='ltr'>γενεθλιαλογία,</span> <span class='ocrx_word' id='word_1_312' title='bbox 2874 1886 2939 1953; x_wconf 81' lang='grc' dir='ltr'>τῇ</span> <span class='ocrx_word' id='word_1_313' title='bbox 2967 1882 3074 1934; x_wconf 80' lang='grc' dir='ltr'><strong>τῶν</strong></span> <span class='ocrx_word' id='word_1_314' title='bbox 3097 1882 3360 1953; x_wconf 80' lang='grc' dir='ltr'>οὐρανίων</span> <span class='ocrx_word' id='word_1_315' title='bbox 3383 1884 3591 1952; x_wconf 79' lang='grc' dir='ltr'>κινήσει</span> <span class='ocrx_word' id='word_1_316' title='bbox 3620 1899 3735 1951; x_wconf 89' lang='grc' dir='ltr'><strong>συμ</strong></span> 
     </span>
    </p>
   </div>
   <div class='ocr_carea' id='block_1_47' title="bbox 2160 1971 3759 2049">
    <p class='ocr_par' dir='ltr' id='par_1_47' title="bbox 2160 1971 3759 2049">
     <span class='ocr_line' id='line_1_47' title="bbox 2160 1971 3759 2049; baseline -0.005 -20"><span class='ocrx_word' id='word_1_317' title='bbox 2160 1977 2399 2049; x_wconf 80' lang='grc' dir='ltr'>φέρουσα</span> <span class='ocrx_word' id='word_1_318' title='bbox 2429 1977 2540 2047; x_wconf 80' lang='grc' dir='ltr'>(Η)</span> <span class='ocrx_word' id='word_1_319' title='bbox 2567 1976 2636 2029; x_wconf 83' lang='grc' dir='ltr'><strong>τά</strong></span> <span class='ocrx_word' id='word_1_320' title='bbox 2661 1975 2923 2045; x_wconf 83' lang='grc' dir='ltr'>ἡμέτερα,</span> <span class='ocrx_word' id='word_1_321' title='bbox 2958 1973 3067 2025; x_wconf 85' lang='grc' dir='ltr'><strong>τῶν</strong></span> <span class='ocrx_word' id='word_1_322' title='bbox 3108 1972 3239 2042; x_wconf 81' lang='grc' dir='ltr'>μηδὲ</span> <span class='ocrx_word' id='word_1_323' title='bbox 3265 1973 3488 2033; x_wconf 78' lang='grc' dir='ltr'>ἑαυτοὺς</span> <span class='ocrx_word' id='word_1_324' title='bbox 3521 1971 3549 2023; x_wconf 86' lang='grc' dir='ltr'>ὅ</span> <span class='ocrx_word' id='word_1_325' title='bbox 3574 1971 3625 2022; x_wconf 84' lang='grc' dir='ltr'><strong>τί</strong></span> <span class='ocrx_word' id='word_1_326' title='bbox 3658 1987 3759 2022; x_wconf 75' lang='grc' dir='ltr'>τεο-</span> 
     </span>
    </p>
   </div>
   <div class='ocr_carea' id='block_1_48' title="bbox 2159 2062 3757 2139">
    <p class='ocr_par' dir='ltr' id='par_1_48' title="bbox 2159 2062 3757 2139">
     <span class='ocr_line' id='line_1_48' title="bbox 2159 2062 3757 2139; baseline -0.004 -17"><span class='ocrx_word' id='word_1_327' title='bbox 2159 2087 2217 2122; x_wconf 90' lang='grc' dir='ltr'><strong>τε</strong></span> <span class='ocrx_word' id='word_1_328' title='bbox 2250 2071 2406 2129; x_wconf 77' lang='grc' dir='ltr'>εἰσὶν,</span> <span class='ocrx_word' id='word_1_329' title='bbox 2443 2069 2476 2139; x_wconf 81' lang='grc' dir='ltr'><strong>ἢ</strong></span> <span class='ocrx_word' id='word_1_330' title='bbox 2507 2068 2741 2129; x_wconf 80' lang='grc' dir='ltr'>ἔσονται,</span> <span class='ocrx_word' id='word_1_331' title='bbox 2764 2065 2966 2134; x_wconf 79' lang='grc' dir='ltr'>γνῶναι</span> <span class='ocrx_word' id='word_1_332' title='bbox 2992 2063 3305 2133; x_wconf 82' lang='grc' dir='ltr'>δυναμένων</span> <span class='ocrx_word' id='word_1_333' title='bbox 3330 2080 3343 2092; x_wconf 78' lang='grc'><em>”</em></span> <span class='ocrx_word' id='word_1_334' title='bbox 3371 2062 3490 2114; x_wconf 76' lang='grc' dir='ltr'>οὐδὲ</span> <span class='ocrx_word' id='word_1_335' title='bbox 3520 2062 3757 2133; x_wconf 73' lang='grc' dir='ltr'>Θρᾳκῶν</span> 
     </span>
    </p>
   </div>
   <div class='ocr_carea' id='block_1_49' title="bbox 2159 2150 3754 2232">
    <p class='ocr_par' dir='ltr' id='par_1_49' title="bbox 2159 2150 3754 2232">
     <span class='ocr_line' id='line_1_49' title="bbox 2159 2150 3754 2232; baseline -0.006 -18"><span class='ocrx_word' id='word_1_336' title='bbox 2159 2161 2316 2232; x_wconf 77' lang='grc' dir='ltr'>ὄργια</span> <span class='ocrx_word' id='word_1_337' title='bbox 2341 2160 2451 2229; x_wconf 64' lang='lat' dir='ltr'><strong>(l9)</strong></span> <span class='ocrx_word' id='word_1_338' title='bbox 2476 2158 2670 2225; x_wconf 78' lang='grc' dir='ltr'>ταῦτα,</span> <span class='ocrx_word' id='word_1_339' title='bbox 2708 2159 2836 2228; x_wconf 83' lang='grc' dir='ltr'>παρ’</span> <span class='ocrx_word' id='word_1_340' title='bbox 2856 2150 2930 2208; x_wconf 81' lang='grc' dir='ltr'>ὧν</span> <span class='ocrx_word' id='word_1_341' title='bbox 2968 2155 3063 2207; x_wconf 74' lang='grc' dir='ltr'><strong>καὶ</strong></span> <span class='ocrx_word' id='word_1_342' title='bbox 3091 2155 3151 2206; x_wconf 75' lang='grc' dir='ltr'>τὸ</span> <span class='ocrx_word' id='word_1_343' title='bbox 3181 2153 3529 2225; x_wconf 79' lang='grc' dir='ltr'>θρησκεύειν,</span> <span class='ocrx_word' id='word_1_344' title='bbox 3558 2153 3632 2215; x_wconf 80' lang='grc' dir='ltr'><strong>ὡς</strong></span> <span class='ocrx_word' id='word_1_345' title='bbox 3666 2152 3754 2205; x_wconf 82' lang='grc' dir='ltr'><strong>λό-</strong></span> 
     </span>
    </p>
   </div>
   <div class='ocr_carea' id='block_1_50' title="bbox 2158 2244 3756 2319">
    <p class='ocr_par' dir='ltr' id='par_1_50' title="bbox 2158 2244 3756 2319">
     <span class='ocr_line' id='line_1_50' title="bbox 2158 2244 3756 2319; baseline -0.004 -16"><span class='ocrx_word' id='word_1_346' title='bbox 2158 2267 2252 2318; x_wconf 82' lang='grc' dir='ltr'><strong>γος</strong></span> <span class='ocrx_word' id='word_1_347' title='bbox 2272 2267 2283 2279; x_wconf 81' lang='grc'><strong><em>⁸</em></strong></span> <span class='ocrx_word' id='word_1_348' title='bbox 2308 2251 2429 2303; x_wconf 81' lang='grc' dir='ltr'>οὐδὲ</span> <span class='ocrx_word' id='word_1_349' title='bbox 2459 2250 2701 2319; x_wconf 77' lang='grc' dir='ltr'>Ὀρφέως</span> <span class='ocrx_word' id='word_1_350' title='bbox 2730 2247 2946 2300; x_wconf 72' lang='grc' dir='ltr'>τελεταὶ</span> <span class='ocrx_word' id='word_1_351' title='bbox 2968 2246 3061 2299; x_wconf 71' lang='grc' dir='ltr'><strong>καὶ</strong></span> <span class='ocrx_word' id='word_1_352' title='bbox 3095 2248 3386 2316; x_wconf 75' lang='grc' dir='ltr'>μυστήρια,</span> <span class='ocrx_word' id='word_1_353' title='bbox 3413 2245 3471 2297; x_wconf 80' lang='grc' dir='ltr'>ὃν</span> <span class='ocrx_word' id='word_1_354' title='bbox 3499 2244 3756 2298; x_wconf 74' lang='grc' dir='ltr'>τοσοῦτον</span> 
     </span>
    </p>
   </div>
   <div class='ocr_carea' id='block_1_51' title="bbox 2162 2336 3755 2411">
    <p class='ocr_par' dir='ltr' id='par_1_51' title="bbox 2162 2336 3755 2411">
     <span class='ocr_line' id='line_1_51' title="bbox 2162 2336 3755 2411; baseline -0.001 -19"><span class='ocrx_word' id='word_1_355' title='bbox 2162 2340 2423 2411; x_wconf 78' lang='grc' dir='ltr'>’Έλληνες</span> <span class='ocrx_word' id='word_1_356' title='bbox 2458 2341 2549 2392; x_wconf 79' lang='grc' dir='ltr'>ἐπὶ</span> <span class='ocrx_word' id='word_1_357' title='bbox 2590 2339 2752 2410; x_wconf 81' lang='grc' dir='ltr'>σοφίᾳ</span> <span class='ocrx_word' id='word_1_358' title='bbox 2786 2338 3120 2408; x_wconf 76' lang='grc' dir='ltr'>ἐθαύμασαν,</span> <span class='ocrx_word' id='word_1_359' title='bbox 3154 2336 3292 2389; x_wconf 77' lang='grc' dir='ltr'>ὥστε</span> <span class='ocrx_word' id='word_1_360' title='bbox 3332 2337 3423 2389; x_wconf 75' lang='grc' dir='ltr'><strong>καὶ</strong></span> <span class='ocrx_word' id='word_1_361' title='bbox 3455 2337 3623 2406; x_wconf 86' lang='grc' dir='ltr'>λύραν</span> <span class='ocrx_word' id='word_1_362' title='bbox 3654 2338 3755 2390; x_wconf 74' lang='grc' dir='ltr'>αὐ-</span> 
     </span>
    </p>
   </div>
   <div class='ocr_carea' id='block_1_52' title="bbox 2159 2429 3754 2501">
    <p class='ocr_par' dir='ltr' id='par_1_52' title="bbox 2159 2429 3754 2501">
     <span class='ocr_line' id='line_1_52' title="bbox 2159 2429 3754 2501; baseline -0.001 -16"><span class='ocrx_word' id='word_1_363' title='bbox 2159 2432 2237 2501; x_wconf 82' lang='grc' dir='ltr'><strong>τῷ</strong></span> <span class='ocrx_word' id='word_1_364' title='bbox 2290 2432 2522 2495; x_wconf 82' lang='grc' dir='ltr'>ποιοῦσι,</span> <span class='ocrx_word' id='word_1_365' title='bbox 2566 2433 2743 2485; x_wconf 82' lang='grc' dir='ltr'>πάντα</span> <span class='ocrx_word' id='word_1_366' title='bbox 2797 2434 2907 2494; x_wconf 82' lang='grc' dir='ltr'>τοῖς</span> <span class='ocrx_word' id='word_1_367' title='bbox 2943 2430 3252 2501; x_wconf 84' lang='grc' dir='ltr'>κρούμασιν</span> <span class='ocrx_word' id='word_1_368' title='bbox 3289 2429 3586 2483; x_wconf 80' lang='grc' dir='ltr'>ἕλκουσαν·</span> <span class='ocrx_word' id='word_1_369' title='bbox 3626 2430 3754 2483; x_wconf 77' lang='grc' dir='ltr'>οὐδὲ</span> 
     </span>
    </p>
   </div>
   <div class='ocr_carea' id='block_1_53' title="bbox 2161 2520 3753 2595">
    <p class='ocr_par' dir='ltr' id='par_1_53' title="bbox 2161 2520 3753 2595">
     <span class='ocr_line' id='line_1_53' title="bbox 2161 2520 3753 2595; baseline -0.004 -17"><span class='ocrx_word' id='word_1_370' title='bbox 2161 2525 2366 2595; x_wconf 82' lang='grc' dir='ltr'>Μίθρου</span> <span class='ocrx_word' id='word_1_371' title='bbox 2403 2525 2514 2594; x_wconf 76' lang='grc'>(15)</span> <span class='ocrx_word' id='word_1_372' title='bbox 2547 2524 2767 2585; x_wconf 81' lang='grc' dir='ltr'>κόλασις</span> <span class='ocrx_word' id='word_1_373' title='bbox 2806 2523 3030 2584; x_wconf 76' lang='grc' dir='ltr'>ἔνδικος,</span> <span class='ocrx_word' id='word_1_374' title='bbox 3072 2522 3214 2573; x_wconf 87' lang='grc' dir='ltr'><strong>κατά</strong></span> <span class='ocrx_word' id='word_1_375' title='bbox 3255 2520 3363 2572; x_wconf 77' lang='grc' dir='ltr'><strong>τῶν</strong></span> <span class='ocrx_word' id='word_1_376' title='bbox 3405 2521 3650 2590; x_wconf 83' lang='grc' dir='ltr'>μυεῖσθαι</span> <span class='ocrx_word' id='word_1_377' title='bbox 3681 2521 3753 2573; x_wconf 75' lang='grc' dir='ltr'>τὰ</span> 
     </span>
    </p>
   </div>
   <div class='ocr_carea' id='block_1_54' title="bbox 2159 2613 3750 2687">
    <p class='ocr_par' dir='ltr' id='par_1_54' title="bbox 2159 2613 3750 2687">
     <span class='ocr_line' id='line_1_54' title="bbox 2159 2613 3750 2687; baseline -0.002 -18"><span class='ocrx_word' id='word_1_378' title='bbox 2159 2615 2383 2670; x_wconf 77' lang='grc' dir='ltr'>τοιαῦτα</span> <span class='ocrx_word' id='word_1_379' title='bbox 2402 2617 2744 2687; x_wconf 82' lang='grc' dir='ltr'>ἀνεχομένων</span> <span class='ocrx_word' id='word_1_380' title='bbox 2762 2633 2774 2646; x_wconf 71' lang='grc' dir='ltr'><strong><em>ο</em></strong></span> <span class='ocrx_word' id='word_1_381' title='bbox 2809 2615 2929 2667; x_wconf 81' lang='grc' dir='ltr'>οὐδὲ</span> <span class='ocrx_word' id='word_1_382' title='bbox 2969 2614 3227 2685; x_wconf 81' lang='grc' dir='ltr'>Ὀσίριδος</span> <span class='ocrx_word' id='word_1_383' title='bbox 3253 2614 3586 2684; x_wconf 70' lang='grc' dir='ltr'>σπαραγμοὶ,</span> <span class='ocrx_word' id='word_1_384' title='bbox 3614 2613 3750 2685; x_wconf 78' lang='grc' dir='ltr'>ἄλλη</span> 
     </span>
    </p>
   </div>
   <div class='ocr_carea' id='block_1_55' title="bbox 2162 2704 3751 2779">
    <p class='ocr_par' dir='ltr' id='par_1_55' title="bbox 2162 2704 3751 2779">
     <span class='ocr_line' id='line_1_55' title="bbox 2162 2704 3751 2779; baseline -0.001 -20"><span class='ocrx_word' id='word_1_385' title='bbox 2162 2708 2414 2779; x_wconf 75' lang='grc' dir='ltr'>συμφορὰ</span> <span class='ocrx_word' id='word_1_386' title='bbox 2435 2706 2720 2778; x_wconf 83' lang='grc' dir='ltr'>τιμωμένη</span> <span class='ocrx_word' id='word_1_387' title='bbox 2753 2708 2880 2777; x_wconf 86' lang='grc' dir='ltr'>παρ’</span> <span class='ocrx_word' id='word_1_388' title='bbox 2908 2705 3255 2773; x_wconf 79' lang='grc' dir='ltr'>Αἰγυπτίοις·</span> <span class='ocrx_word' id='word_1_389' title='bbox 3282 2704 3400 2756; x_wconf 75' lang='grc' dir='ltr'>οὐδὲ</span> <span class='ocrx_word' id='word_1_390' title='bbox 3427 2704 3751 2774; x_wconf 70' lang='grc' dir='ltr'>Ἱσιδος(-Μ)</span> 
     </span>
    </p>
   </div>
   <div class='ocr_carea' id='block_1_56' title="bbox 2161 2800 3745 2874">
    <p class='ocr_par' dir='ltr' id='par_1_56' title="bbox 2161 2800 3745 2874">
     <span class='ocr_line' id='line_1_56' title="bbox 2161 2800 3745 2874; baseline -0.002 -19"><span class='ocrx_word' id='word_1_391' title='bbox 2161 2804 2504 2874; x_wconf 82' lang='grc' dir='ltr'>ἀτυχήματα,</span> <span class='ocrx_word' id='word_1_392' title='bbox 2548 2804 2641 2855; x_wconf 74' lang='grc' dir='ltr'><strong>καὶ</strong></span> <span class='ocrx_word' id='word_1_393' title='bbox 2683 2802 2874 2874; x_wconf 76' lang='grc' dir='ltr'>τράγοι</span> <span class='ocrx_word' id='word_1_394' title='bbox 2923 2803 3237 2873; x_wconf 86' lang='grc' dir='ltr'>Μενδησίων</span> <span class='ocrx_word' id='word_1_395' title='bbox 3264 2801 3374 2871; x_wconf 80' lang='grc'>(15)</span> <span class='ocrx_word' id='word_1_396' title='bbox 3403 2800 3745 2870; x_wconf 69' lang='grc' dir='ltr'>αἱδεσιμώτεο</span> 
     </span>
    </p>
   </div>
   <div class='ocr_carea' id='block_1_57' title="bbox 2163 2892 3753 2966">
    <p class='ocr_par' dir='ltr' id='par_1_57' title="bbox 2163 2892 3753 2966">
     <span class='ocr_line' id='line_1_57' title="bbox 2163 2892 3753 2966; baseline -0.001 -19"><span class='ocrx_word' id='word_1_397' title='bbox 2163 2913 2266 2964; x_wconf 89' lang='grc' dir='ltr'>ροι,</span> <span class='ocrx_word' id='word_1_398' title='bbox 2307 2896 2401 2948; x_wconf 76' lang='grc' dir='ltr'>καὶ</span> <span class='ocrx_word' id='word_1_399' title='bbox 2436 2896 2661 2958; x_wconf 75' lang='grc' dir='ltr'>Ἄπιδος</span> <span class='ocrx_word' id='word_1_400' title='bbox 2689 2896 2883 2965; x_wconf 85' lang='grc' dir='ltr'>φάτνη,</span> <span class='ocrx_word' id='word_1_401' title='bbox 2925 2896 3127 2966; x_wconf 82' lang='grc' dir='ltr'>μόσχου</span> <span class='ocrx_word' id='word_1_402' title='bbox 3163 2895 3618 2966; x_wconf 78' lang='grc' dir='ltr'>κατατρυφῶντος</span> <span class='ocrx_word' id='word_1_403' title='bbox 3647 2892 3753 2961; x_wconf 80' lang='grc' dir='ltr'><strong>τῆς</strong></span> 
     </span>
    </p>
   </div>
   <div class='ocr_carea' id='block_1_58' title="bbox 2161 2987 3745 3058">
    <p class='ocr_par' dir='ltr' id='par_1_58' title="bbox 2161 2987 3745 3058">
     <span class='ocr_line' id='line_1_58' title="bbox 2161 2987 3745 3058; baseline -0.002 -19"><span class='ocrx_word' id='word_1_404' title='bbox 2161 2987 2462 3057; x_wconf 75' lang='grc' dir='ltr'>Μεμφιτών</span> <span class='ocrx_word' id='word_1_405' title='bbox 2507 2989 2787 3058; x_wconf 83' lang='grc' dir='ltr'>εὐηθείας·</span> <span class='ocrx_word' id='word_1_406' title='bbox 2841 2988 2948 3040; x_wconf 72' lang='grc' dir='ltr'>οὐδ’</span> <span class='ocrx_word' id='word_1_407' title='bbox 3001 2988 3101 3041; x_wconf 82' lang='grc' dir='ltr'><strong>ὅσα</strong></span> <span class='ocrx_word' id='word_1_408' title='bbox 3148 2988 3238 3040; x_wconf 72' lang='grc' dir='ltr'>τὸν</span> <span class='ocrx_word' id='word_1_409' title='bbox 3292 2988 3482 3040; x_wconf 83' lang='grc' dir='ltr'>Νεῖλον</span> <span class='ocrx_word' id='word_1_410' title='bbox 3512 2988 3631 3049; x_wconf 81' lang='grc' dir='ltr'>ταῖς</span> <span class='ocrx_word' id='word_1_411' title='bbox 3664 3002 3745 3036; x_wconf 81' lang='grc' dir='ltr'>τι-</span> 
     </span>
    </p>
   </div>
   <div class='ocr_carea' id='block_1_59' title="bbox 2166 3078 3752 3153">
    <p class='ocr_par' dir='ltr' id='par_1_59' title="bbox 2166 3078 3752 3153">
     <span class='ocr_line' id='line_1_59' title="bbox 2166 3078 3752 3153; baseline 0.002 -22"><span class='ocrx_word' id='word_1_412' title='bbox 2166 3082 2294 3148; x_wconf 80' lang='grc' dir='ltr'>μαῖς</span> <span class='ocrx_word' id='word_1_413' title='bbox 2332 3078 2745 3151; x_wconf 80' lang='grc' dir='ltr'>καθυϐρίζουσι,</span> <span class='ocrx_word' id='word_1_414' title='bbox 2777 3082 2867 3134; x_wconf 73' lang='grc' dir='ltr'><strong>τὸν</strong></span> <span class='ocrx_word' id='word_1_415' title='bbox 2909 3082 3271 3152; x_wconf 80' lang='grc' dir='ltr'>καρποδότην,</span> <span class='ocrx_word' id='word_1_416' title='bbox 3317 3083 3392 3145; x_wconf 86' lang='grc' dir='ltr'>ὡς</span> <span class='ocrx_word' id='word_1_417' title='bbox 3426 3082 3752 3153; x_wconf 78' lang='grc' dir='ltr'>ἀνυμνοῦσιν</span> 
     </span>
    </p>
   </div>
   <div class='ocr_carea' id='block_1_60' title="bbox 483 3167 2060 3245">
    <p class='ocr_par' dir='ltr' id='par_1_60' title="bbox 483 3167 2047 3237">
     <span class='ocr_line' id='line_1_60' title="bbox 483 3167 2047 3237; baseline 0 -18"><span class='ocrx_word' id='word_1_418' title='bbox 483 3182 741 3236; x_wconf 73' lang='lat' dir='ltr'><strong>prazsepc.</strong></span> <span class='ocrx_word' id='word_1_419' title='bbox 776 3167 875 3221; x_wconf 89' lang='lat' dir='ltr'><strong>hoc</strong></span> <span class='ocrx_word' id='word_1_420' title='bbox 897 3174 1002 3232; x_wconf 82' lang='lat' dir='ltr'><strong>est,</strong></span> <span class='ocrx_word' id='word_1_421' title='bbox 1028 3168 1174 3222; x_wconf 90' lang='lat' dir='ltr'><strong>vituli</strong></span> <span class='ocrx_word' id='word_1_422' title='bbox 1201 3209 1215 3230; x_wconf 91' lang='lat'><strong>,</strong></span> <span class='ocrx_word' id='word_1_423' title='bbox 1250 3167 1667 3237; x_wconf 84' lang='lat' dir='ltr'><strong>Memphitarum</strong></span> <span class='ocrx_word' id='word_1_424' title='bbox 1702 3168 1951 3222; x_wconf 84' lang='lat' dir='ltr'><strong>vecordia</strong></span> <span class='ocrx_word' id='word_1_425' title='bbox 1982 3167 2047 3219; x_wconf 86' lang='lat' dir='ltr'><strong>ad</strong></span> 
     </span>
    </p>
   </div>
   <div class='ocr_carea' id='block_1_61' title="bbox 2169 3167 3747 3245">
    <p class='ocr_par' dir='ltr' id='par_1_61' title="bbox 2169 3170 3747 3245">
     <span class='ocr_line' id='line_1_61' title="bbox 2169 3170 3747 3245; baseline 0.003 -24"><span class='ocrx_word' id='word_1_426' title='bbox 2169 3171 2328 3233; x_wconf 72' lang='grc' dir='ltr'>κύτοὶ,</span> <span class='ocrx_word' id='word_1_427' title='bbox 2364 3174 2458 3224; x_wconf 75' lang='grc' dir='ltr'>καὶ</span> <span class='ocrx_word' id='word_1_428' title='bbox 2482 3170 2751 3242; x_wconf 80' lang='grc' dir='ltr'>εύσταχυν</span> <span class='ocrx_word' id='word_1_429' title='bbox 2771 3172 2905 3241; x_wconf 78' lang='grc'>(16),</span> <span class='ocrx_word' id='word_1_430' title='bbox 2932 3173 3026 3225; x_wconf 72' lang='grc' dir='ltr'><strong>καὶ</strong></span> <span class='ocrx_word' id='word_1_431' title='bbox 3053 3173 3353 3244; x_wconf 79' lang='grc' dir='ltr'>μετροῦντα</span> <span class='ocrx_word' id='word_1_432' title='bbox 3380 3174 3478 3245; x_wconf 83' lang='grc' dir='ltr'>τὴν</span> <span class='ocrx_word' id='word_1_433' title='bbox 3502 3173 3747 3243; x_wconf 81' lang='grc' dir='ltr'>εὐδαιμο-</span> 
     </span>
    </p>
   </div>
   <div class='ocr_carea' id='block_1_62' title="bbox 485 3257 2057 3327">
    <p class='ocr_par' dir='ltr' id='par_1_62' title="bbox 485 3257 2057 3327">
     <span class='ocr_line' id='line_1_62' title="bbox 485 3257 2057 3327; baseline 0.001 -17"><span class='ocrx_word' id='word_1_434' title='bbox 485 3259 668 3311; x_wconf 88' lang='lat' dir='ltr'><strong>luxum</strong></span> <span class='ocrx_word' id='word_1_435' title='bbox 705 3258 997 3313; x_wconf 85' lang='lat' dir='ltr'><strong>abutentis.</strong></span> <span class='ocrx_word' id='word_1_436' title='bbox 1036 3257 1145 3313; x_wconf 87' lang='lat' dir='ltr'><strong>Nec</strong></span> <span class='ocrx_word' id='word_1_437' title='bbox 1170 3273 1357 3315; x_wconf 88' lang='lat' dir='ltr'><strong>omnes</strong></span> <span class='ocrx_word' id='word_1_438' title='bbox 1392 3260 1425 3313; x_wconf 91' lang='lat' dir='ltr'><strong>ii</strong></span> <span class='ocrx_word' id='word_1_439' title='bbox 1457 3259 1710 3323; x_wconf 87' lang='lat' dir='ltr'><strong>honores,</strong></span> <span class='ocrx_word' id='word_1_440' title='bbox 1743 3258 1938 3327; x_wconf 89' lang='lat' dir='ltr'><strong>quibus</strong></span> <span class='ocrx_word' id='word_1_441' title='bbox 1964 3257 2057 3311; x_wconf 78' lang='lat' dir='ltr'><strong>Ni-</strong></span> 
     </span>
    </p>
   </div>
   <div class='ocr_carea' id='block_1_63' title="bbox 483 3350 2044 3423">
    <p class='ocr_par' dir='ltr' id='par_1_63' title="bbox 483 3350 2044 3423">
     <span class='ocr_line' id='line_1_63' title="bbox 483 3350 2044 3423; baseline 0.003 -22"><span class='ocrx_word' id='word_1_442' title='bbox 483 3359 591 3403; x_wconf 89' lang='lat' dir='ltr'><strong>lum</strong></span> <span class='ocrx_word' id='word_1_443' title='bbox 621 3350 973 3417; x_wconf 90' lang='lat' dir='ltr'><strong>dedecorant,</strong></span> <span class='ocrx_word' id='word_1_444' title='bbox 1014 3350 1185 3417; x_wconf 90' lang='lat' dir='ltr'><strong>illum,</strong></span> <span class='ocrx_word' id='word_1_445' title='bbox 1218 3352 1459 3421; x_wconf 90' lang='lat' dir='ltr'><strong>inquam,</strong></span> <span class='ocrx_word' id='word_1_446' title='bbox 1502 3352 1712 3422; x_wconf 81' lang='lat' dir='ltr'><strong>frugum</strong></span> <span class='ocrx_word' id='word_1_447' title='bbox 1744 3362 2044 3423; x_wconf 89' lang='lat' dir='ltr'><strong>parentem,</strong></span> 
     </span>
    </p>
   </div>
   <div class='ocr_carea' id='block_1_64' title="bbox 483 3445 1747 3514">
    <p class='ocr_par' dir='ltr' id='par_1_64' title="bbox 483 3445 1747 3514">
     <span class='ocr_line' id='line_1_64' title="bbox 483 3445 1747 3514; baseline 0.003 -18"><span class='ocrx_word' id='word_1_448' title='bbox 483 3453 613 3507; x_wconf 75' lang='lat' dir='ltr'><strong>tam,</strong></span> <span class='ocrx_word' id='word_1_449' title='bbox 645 3453 807 3514; x_wconf 91' lang='lat' dir='ltr'><strong>atque</strong></span> <span class='ocrx_word' id='word_1_450' title='bbox 848 3446 1151 3499; x_wconf 83' lang='lat' dir='ltr'><strong>ubertatem</strong></span> <span class='ocrx_word' id='word_1_451' title='bbox 1187 3445 1385 3500; x_wconf 71' lang='lat' dir='ltr'><strong>cubitis</strong></span> <span class='ocrx_word' id='word_1_452' title='bbox 1415 3446 1747 3501; x_wconf 90' lang='lat' dir='ltr'><strong>metientem.</strong></span> 
     </span>
    </p>
   </div>
   <div class='ocr_carea' id='block_1_65' title="bbox 558 3539 2061 3608">
    <p class='ocr_par' dir='ltr' id='par_1_65' title="bbox 558 3539 2061 3608">
     <span class='ocr_line' id='line_1_65' title="bbox 558 3539 2061 3608; baseline 0.003 -16"><span class='ocrx_word' id='word_1_453' title='bbox 558 3539 643 3593; x_wconf 80' lang='lat' dir='ltr'><strong>Vl.</strong></span> <span class='ocrx_word' id='word_1_454' title='bbox 698 3539 850 3593; x_wconf 87' lang='lat' dir='ltr'><strong>Mitto</strong></span> <span class='ocrx_word' id='word_1_455' title='bbox 881 3539 1023 3595; x_wconf 89' lang='lat' dir='ltr'><strong>enim</strong></span> <span class='ocrx_word' id='word_1_456' title='bbox 1075 3539 1347 3608; x_wconf 84' lang='lat' dir='ltr'><strong>repttlium</strong></span> <span class='ocrx_word' id='word_1_457' title='bbox 1384 3547 1438 3594; x_wconf 91' lang='lat' dir='ltr'><strong>et</strong></span> <span class='ocrx_word' id='word_1_458' title='bbox 1476 3540 1661 3595; x_wconf 90' lang='lat' dir='ltr'><strong>vilium</strong></span> <span class='ocrx_word' id='word_1_459' title='bbox 1709 3541 2061 3597; x_wconf 64' lang='lat' dir='ltr'><strong>animalculoc</strong></span> 
     </span>
    </p>
   </div>
   <div class='ocr_carea' id='block_1_66' title="bbox 484 3630 2063 3702">
    <p class='ocr_par' dir='ltr' id='par_1_66' title="bbox 484 3630 2063 3702">
     <span class='ocr_line' id='line_1_66' title="bbox 484 3630 2063 3702; baseline 0.001 -19"><span class='ocrx_word' id='word_1_460' title='bbox 484 3647 600 3684; x_wconf 85' lang='lat' dir='ltr'><strong>rmn</strong></span> <span class='ocrx_word' id='word_1_461' title='bbox 662 3631 942 3694; x_wconf 87' lang='lat' dir='ltr'><strong>honores,</strong></span> <span class='ocrx_word' id='word_1_462' title='bbox 986 3645 1048 3685; x_wconf 88' lang='lat' dir='ltr'><strong>ac</strong></span> <span class='ocrx_word' id='word_1_463' title='bbox 1107 3630 1380 3698; x_wconf 85' lang='lat' dir='ltr'><strong>profusam</strong></span> <span class='ocrx_word' id='word_1_464' title='bbox 1445 3630 1870 3697; x_wconf 80' lang='lat' dir='ltr'><strong>obscenitatem;</strong></span> <span class='ocrx_word' id='word_1_465' title='bbox 1928 3649 2063 3702; x_wconf 85' lang='lat' dir='ltr'><strong>quo-</strong></span> 
     </span>
    </p>
   </div>
   <div class='ocr_carea' id='block_1_67' title="bbox 485 3721 2059 3791">
    <p class='ocr_par' dir='ltr' id='par_1_67' title="bbox 485 3721 2059 3791">
     <span class='ocr_line' id='line_1_67' title="bbox 485 3721 2059 3791; baseline 0.001 -16"><span class='ocrx_word' id='word_1_466' title='bbox 485 3738 601 3775; x_wconf 87' lang='lat' dir='ltr'><strong>rum</strong></span> <span class='ocrx_word' id='word_1_467' title='bbox 645 3721 895 3791; x_wconf 84' lang='lat' dir='ltr'><strong>privatim</strong></span> <span class='ocrx_word' id='word_1_468' title='bbox 955 3721 1169 3789; x_wconf 90' lang='lat' dir='ltr'><strong>quidem</strong></span> <span class='ocrx_word' id='word_1_469' title='bbox 1233 3736 1330 3775; x_wconf 90' lang='lat' dir='ltr'><strong>sua</strong></span> <span class='ocrx_word' id='word_1_470' title='bbox 1385 3722 1580 3791; x_wconf 91' lang='lat' dir='ltr'><strong>cuique</strong></span> <span class='ocrx_word' id='word_1_471' title='bbox 1612 3737 1767 3777; x_wconf 85' lang='lat' dir='ltr'><strong>sacra</strong></span> <span class='ocrx_word' id='word_1_472' title='bbox 1816 3735 1870 3778; x_wconf 91' lang='lat' dir='ltr'><strong>et</strong></span> <span class='ocrx_word' id='word_1_473' title='bbox 1924 3724 2059 3778; x_wconf 84' lang='lat' dir='ltr'><strong>festa</strong></span> 
     </span>
    </p>
   </div>
   <div class='ocr_carea' id='block_1_68' title="bbox 555 3836 2061 3909">
    <p class='ocr_par' dir='ltr' id='par_1_68' title="bbox 555 3836 2061 3909">
     <span class='ocr_line' id='line_1_68' title="bbox 555 3836 2061 3909; baseline 0.003 -19"><span class='ocrx_word' id='word_1_474' title='bbox 555 3839 630 3908; x_wconf 71' lang='lat'><strong>(‘2)</strong></span> <span class='ocrx_word' id='word_1_475' title='bbox 658 3837 1051 3907; x_wconf 76' lang='grc' dir='ltr'>Ξαινομένων.</span> <span class='ocrx_word' id='word_1_476' title='bbox 1110 3836 1346 3902; x_wconf 78' lang='lat' dir='ltr'><strong>Nicetas,</strong></span> <span class='ocrx_word' id='word_1_477' title='bbox 1377 3853 1533 3905; x_wconf 89' lang='lat' dir='ltr'><strong>quem</strong></span> <span class='ocrx_word' id='word_1_478' title='bbox 1579 3841 1822 3909; x_wconf 81' lang='lat' dir='ltr'><strong>sequitur</strong></span> <span class='ocrx_word' id='word_1_479' title='bbox 1856 3841 2061 3907; x_wconf 78' lang='lat' dir='ltr'><strong>Billius,</strong></span> 
     </span>
    </p>
   </div>
   <div class='ocr_carea' id='block_1_69' title="bbox 485 3909 2061 3981">
    <p class='ocr_par' dir='ltr' id='par_1_69' title="bbox 485 3909 2061 3981">
     <span class='ocr_line' id='line_1_69' title="bbox 485 3909 2061 3981; baseline 0.002 -19"><span class='ocrx_word' id='word_1_480' title='bbox 485 3910 632 3974; x_wconf 60' lang='lat' dir='ltr'><strong>legit,</strong></span> <span class='ocrx_word' id='word_1_481' title='bbox 674 3910 803 3979; x_wconf 75' lang='grc' dir='ltr'>παρ’</span> <span class='ocrx_word' id='word_1_482' title='bbox 837 3909 1099 3979; x_wconf 80' lang='grc' dir='ltr'>ἀλλήλων,</span> <span class='ocrx_word' id='word_1_483' title='bbox 1146 3928 1164 3959; x_wconf 70' lang='grc' dir='ltr'><em>ς</em></span> <span class='ocrx_word' id='word_1_484' title='bbox 1194 3909 1460 3973; x_wconf 82' lang='lat' dir='ltr'><strong>invicem;</strong></span> <span class='ocrx_word' id='word_1_485' title='bbox 1492 3927 1510 3961; x_wconf 76' lang='grc' dir='ltr'><strong>ι</strong></span> <span class='ocrx_word' id='word_1_486' title='bbox 1553 3912 1799 3981; x_wconf 85' lang='lat' dir='ltr'><strong>quamvis</strong></span> <span class='ocrx_word' id='word_1_487' title='bbox 1836 3913 1973 3966; x_wconf 83' lang='lat' dir='ltr'><strong>desit</strong></span> <span class='ocrx_word' id='word_1_488' title='bbox 2009 3914 2061 3966; x_wconf 91' lang='lat' dir='ltr'><strong>in</strong></span> 
     </span>
    </p>
   </div>
   <div class='ocr_carea' id='block_1_70' title="bbox 485 3980 780 4034">
    <p class='ocr_par' dir='ltr' id='par_1_70' title="bbox 485 3980 780 4034">
     <span class='ocr_line' id='line_1_70' title="bbox 485 3980 780 4034; baseline -0.007 0"><span class='ocrx_word' id='word_1_489' title='bbox 485 3980 780 4034; x_wconf 85' lang='lat' dir='ltr'><strong>codicibus.</strong></span> 
     </span>
    </p>
   </div>
   <div class='ocr_carea' id='block_1_71' title="bbox 555 4047 2062 4120">
    <p class='ocr_par' dir='ltr' id='par_1_71' title="bbox 555 4047 2062 4120">
     <span class='ocr_line' id='line_1_71' title="bbox 555 4047 2062 4120; baseline 0.003 -17"><span class='ocrx_word' id='word_1_490' title='bbox 555 4048 948 4120; x_wconf 66' lang='grc' dir='ltr'>(5)Πένῑοπος,</span> <span class='ocrx_word' id='word_1_491' title='bbox 992 4058 1097 4120; x_wconf 88' lang='lat' dir='ltr'><strong>etc.</strong></span> <span class='ocrx_word' id='word_1_492' title='bbox 1157 4047 1414 4120; x_wconf 83' lang='lat' dir='ltr'><strong>Tantalus</strong></span> <span class='ocrx_word' id='word_1_493' title='bbox 1460 4050 1587 4106; x_wconf 87' lang='lat' dir='ltr'><strong>deos</strong></span> <span class='ocrx_word' id='word_1_494' title='bbox 1635 4052 1903 4120; x_wconf 89' lang='lat' dir='ltr'><strong>quondam</strong></span> <span class='ocrx_word' id='word_1_495' title='bbox 1963 4054 2062 4107; x_wconf 83' lang='lat' dir='ltr'><strong>ho-</strong></span> 
     </span>
    </p>
   </div>
   <div class='ocr_carea' id='block_1_72' title="bbox 486 4118 2061 4189">
    <p class='ocr_par' dir='ltr' id='par_1_72' title="bbox 486 4118 2061 4189">
     <span class='ocr_line' id='line_1_72' title="bbox 486 4118 2061 4189; baseline 0.001 -13"><span class='ocrx_word' id='word_1_496' title='bbox 486 4118 649 4189; x_wconf 85' lang='lat' dir='ltr'><strong>spitio</strong></span> <span class='ocrx_word' id='word_1_497' title='bbox 690 4121 966 4185; x_wconf 82' lang='lat' dir='ltr'><strong>excepisse</strong></span> <span class='ocrx_word' id='word_1_498' title='bbox 1020 4119 1235 4181; x_wconf 86' lang='lat' dir='ltr'><strong>dicitur,</strong></span> <span class='ocrx_word' id='word_1_499' title='bbox 1268 4118 1542 4188; x_wconf 87' lang='lat' dir='ltr'><strong>liliumque</strong></span> <span class='ocrx_word' id='word_1_500' title='bbox 1574 4118 1821 4189; x_wconf 87' lang='lat' dir='ltr'><strong>Pelopem</strong></span> <span class='ocrx_word' id='word_1_501' title='bbox 1858 4134 2061 4178; x_wconf 81' lang='lat' dir='ltr'><strong>macta-</strong></span> 
     </span>
    </p>
   </div>
   <div class='ocr_carea' id='block_1_73' title="bbox 488 4188 1860 4261">
    <p class='ocr_par' dir='ltr' id='par_1_73' title="bbox 488 4188 1860 4261">
     <span class='ocr_line' id='line_1_73' title="bbox 488 4188 1860 4261; baseline 0 -16"><span class='ocrx_word' id='word_1_502' title='bbox 488 4188 620 4252; x_wconf 87' lang='lat' dir='ltr'><strong>tum.</strong></span> <span class='ocrx_word' id='word_1_503' title='bbox 647 4205 709 4243; x_wconf 88' lang='lat' dir='ltr'><strong>ac</strong></span> <span class='ocrx_word' id='word_1_504' title='bbox 734 4188 956 4261; x_wconf 75' lang='lat' dir='ltr'><strong>fcrventi</strong></span> <span class='ocrx_word' id='word_1_505' title='bbox 995 4204 1133 4261; x_wconf 86' lang='lat' dir='ltr'><strong>aqua</strong></span> <span class='ocrx_word' id='word_1_506' title='bbox 1164 4198 1399 4261; x_wconf 68' lang='lat' dir='ltr'><strong>coctum.</strong></span> <span class='ocrx_word' id='word_1_507' title='bbox 1436 4192 1500 4261; x_wconf 85' lang='lat' dir='ltr'><strong>iis</strong></span> <span class='ocrx_word' id='word_1_508' title='bbox 1528 4188 1860 4261; x_wconf 80' lang='lat' dir='ltr'><strong>apposuisse.</strong></span> 
     </span>
    </p>
   </div>
   <div class='ocr_carea' id='block_1_74' title="bbox 557 4258 2067 4332">
    <p class='ocr_par' dir='ltr' id='par_1_74' title="bbox 557 4258 2067 4332">
     <span class='ocr_line' id='line_1_74' title="bbox 557 4258 2067 4332; baseline 0 -17"><span class='ocrx_word' id='word_1_509' title='bbox 557 4262 633 4332; x_wconf 75' lang='grc'>(4)</span> <span class='ocrx_word' id='word_1_510' title='bbox 670 4258 893 4332; x_wconf 4' lang='grc' dir='ltr'>Ποῦηδὲ</span> <span class='ocrx_word' id='word_1_511' title='bbox 930 4259 1199 4332; x_wconf 56' lang='grc' dir='ltr'>Ἐκάτηςτ</span> <span class='ocrx_word' id='word_1_512' title='bbox 1247 4258 1494 4315; x_wconf 86' lang='lat' dir='ltr'><strong>Nonnulli</strong></span> <span class='ocrx_word' id='word_1_513' title='bbox 1534 4258 1628 4331; x_wconf 74' lang='lat' dir='ltr'><strong>per</strong></span> <span class='ocrx_word' id='word_1_514' title='bbox 1666 4260 1923 4332; x_wconf 82' lang='lat' dir='ltr'><strong>Hecaten,</strong></span> <span class='ocrx_word' id='word_1_515' title='bbox 1961 4264 2067 4317; x_wconf 90' lang='lat' dir='ltr'><strong>Lu-</strong></span> 
     </span>
    </p>
   </div>
   <div class='ocr_carea' id='block_1_75' title="bbox 487 4329 2062 4400">
    <p class='ocr_par' dir='ltr' id='par_1_75' title="bbox 487 4329 2062 4400">
     <span class='ocr_line' id='line_1_75' title="bbox 487 4329 2062 4400; baseline 0 -14"><span class='ocrx_word' id='word_1_516' title='bbox 487 4329 612 4386; x_wconf 85' lang='lat' dir='ltr'><strong>nam</strong></span> <span class='ocrx_word' id='word_1_517' title='bbox 665 4330 985 4400; x_wconf 77' lang='lat' dir='ltr'><strong>intelligunt.</strong></span> <span class='ocrx_word' id='word_1_518' title='bbox 1031 4330 1131 4383; x_wconf 81' lang='lat' dir='ltr'><strong>Alii</strong></span> <span class='ocrx_word' id='word_1_519' title='bbox 1171 4329 1326 4384; x_wconf 88' lang='lat' dir='ltr'><strong>deam</strong></span> <span class='ocrx_word' id='word_1_520' title='bbox 1376 4329 1549 4383; x_wconf 50' lang='lat' dir='ltr'><strong>noctu&#39;</strong></span> <span class='ocrx_word' id='word_1_521' title='bbox 1604 4331 2062 4397; x_wconf 88' lang='lat' dir='ltr'><strong>obambulantem,</strong></span> 
     </span>
    </p>
   </div>
   <div class='ocr_carea' id='block_1_76' title="bbox 488 4401 2067 4469">
    <p class='ocr_par' dir='ltr' id='par_1_76' title="bbox 488 4401 2067 4469">
     <span class='ocr_line' id='line_1_76' title="bbox 488 4401 2067 4469; baseline 0 -11"><span class='ocrx_word' id='word_1_522' title='bbox 488 4403 699 4458; x_wconf 91' lang='lat' dir='ltr'><strong>leonum</strong></span> <span class='ocrx_word' id='word_1_523' title='bbox 734 4416 894 4455; x_wconf 85' lang='lat' dir='ltr'><strong>curru</strong></span> <span class='ocrx_word' id='word_1_524' title='bbox 937 4410 1167 4465; x_wconf 85' lang='lat' dir='ltr'><strong>vectam,</strong></span> <span class='ocrx_word' id='word_1_525' title='bbox 1203 4414 1265 4454; x_wconf 89' lang='lat' dir='ltr'><strong>ac</strong></span> <span class='ocrx_word' id='word_1_526' title='bbox 1295 4401 1633 4469; x_wconf 87' lang='lat' dir='ltr'><strong>serpentibus</strong></span> <span class='ocrx_word' id='word_1_527' title='bbox 1659 4410 1715 4456; x_wconf 90' lang='lat' dir='ltr'><strong>et</strong></span> <span class='ocrx_word' id='word_1_528' title='bbox 1743 4401 2067 4458; x_wconf 85' lang='lat' dir='ltr'><strong>draconibus</strong></span> 
     </span>
    </p>
   </div>
   <div class='ocr_carea' id='block_1_77' title="bbox 488 4472 1013 4541">
    <p class='ocr_par' dir='ltr' id='par_1_77' title="bbox 488 4472 1013 4541">
     <span class='ocr_line' id='line_1_77' title="bbox 488 4472 1013 4541; baseline -0.008 -14"><span class='ocrx_word' id='word_1_529' title='bbox 488 4473 719 4541; x_wconf 65' lang='lat' dir='ltr'><strong>undique</strong></span> <span class='ocrx_word' id='word_1_530' title='bbox 758 4472 1013 4524; x_wconf 86' lang='lat' dir='ltr'><strong>cinctam.</strong></span> 
     </span>
    </p>
   </div>
   <div class='ocr_carea' id='block_1_78' title="bbox 2164 3261 2705 3335">
    <p class='ocr_par' dir='ltr' id='par_1_78' title="bbox 2164 3261 2705 3335">
     <span class='ocr_line' id='line_1_78' title="bbox 2164 3261 2705 3335; baseline 0.009 -23"><span class='ocrx_word' id='word_1_531' title='bbox 2164 3261 2280 3312; x_wconf 88' lang='grc' dir='ltr'>νίαν</span> <span class='ocrx_word' id='word_1_532' title='bbox 2308 3265 2416 3324; x_wconf 82' lang='grc' dir='ltr'>τοῖς</span> <span class='ocrx_word' id='word_1_533' title='bbox 2452 3263 2705 3335; x_wconf 79' lang='grc' dir='ltr'>πήχεσιν.</span> 
     </span>
    </p>
   </div>
   <div class='ocr_carea' id='block_1_79' title="bbox 2119 3355 3749 3427">
    <p class='ocr_par' dir='ltr' id='par_1_79' title="bbox 2119 3355 3749 3427">
     <span class='ocr_line' id='line_1_79' title="bbox 2119 3355 3749 3427; baseline 0.003 -20"><span class='ocrx_word' id='word_1_534' title='bbox 2119 3363 2177 3407; x_wconf 82' lang='grc' dir='ltr'>ιιι</span> <span class='ocrx_word' id='word_1_535' title='bbox 2245 3355 2342 3423; x_wconf 84' lang='lat' dir='ltr'><strong>ipsi</strong></span> <span class='ocrx_word' id='word_1_536' title='bbox 2412 3359 2727 3425; x_wconf 58' lang='lat' dir='ltr'><strong>praedicant,</strong></span> <span class='ocrx_word' id='word_1_537' title='bbox 2774 3357 3041 3427; x_wconf 75' lang='lat' dir='ltr'><strong>spirisque</strong></span> <span class='ocrx_word' id='word_1_538' title='bbox 3092 3359 3366 3425; x_wconf 86' lang='lat' dir='ltr'><strong>copiosum</strong></span> <span class='ocrx_word' id='word_1_539' title='bbox 3409 3367 3464 3412; x_wconf 91' lang='lat' dir='ltr'><strong>et</strong></span> <span class='ocrx_word' id='word_1_540' title='bbox 3514 3357 3749 3427; x_wconf 82' lang='lat' dir='ltr'><strong>locuple-</strong></span> 
     </span>
    </p>
   </div>
   <div class='ocr_carea' id='block_1_80' title="bbox 2238 3539 3731 3611">
    <p class='ocr_par' dir='ltr' id='par_1_80' title="bbox 2238 3539 3731 3611">
     <span class='ocr_line' id='line_1_80' title="bbox 2238 3539 3731 3611; baseline 0.001 -18"><span class='ocrx_word' id='word_1_541' title='bbox 2238 3544 2327 3608; x_wconf 65' lang='grc' dir='ltr'><strong>ς’.</strong></span> <span class='ocrx_word' id='word_1_542' title='bbox 2386 3541 2488 3592; x_wconf 83' lang='grc' dir='ltr'><strong>Ἐὦ</strong></span> <span class='ocrx_word' id='word_1_543' title='bbox 2519 3541 2625 3611; x_wconf 82' lang='grc' dir='ltr'><strong>γὰρ</strong></span> <span class='ocrx_word' id='word_1_544' title='bbox 2645 3540 2825 3607; x_wconf 80' lang='grc' dir='ltr'>λέγειν</span> <span class='ocrx_word' id='word_1_545' title='bbox 2856 3539 3104 3611; x_wconf 76' lang='grc' dir='ltr'>ἑρπετῶν</span> <span class='ocrx_word' id='word_1_546' title='bbox 3133 3542 3225 3593; x_wconf 78' lang='grc' dir='ltr'><strong>καὶ</strong></span> <span class='ocrx_word' id='word_1_547' title='bbox 3255 3541 3541 3594; x_wconf 81' lang='grc' dir='ltr'>κνωδάλων</span> <span class='ocrx_word' id='word_1_548' title='bbox 3563 3541 3731 3611; x_wconf 73' lang='grc' dir='ltr'>τιμὰς</span> 
     </span>
    </p>
   </div>
   <div class='ocr_carea' id='block_1_81' title="bbox 2166 3626 3751 3703">
    <p class='ocr_par' dir='ltr' id='par_1_81' title="bbox 2166 3626 3751 3703">
     <span class='ocr_line' id='line_1_81' title="bbox 2166 3626 3751 3703; baseline -0.001 -17"><span class='ocrx_word' id='word_1_549' title='bbox 2166 3633 2349 3691; x_wconf 62' lang='grc' dir='ltr'>καὶτὸ</span> <span class='ocrx_word' id='word_1_550' title='bbox 2376 3636 2475 3703; x_wconf 82' lang='grc' dir='ltr'>τῆς</span> <span class='ocrx_word' id='word_1_551' title='bbox 2500 3632 2887 3703; x_wconf 83' lang='grc' dir='ltr'>ἀσχημοσύνης</span> <span class='ocrx_word' id='word_1_552' title='bbox 2921 3632 3228 3703; x_wconf 69' lang='grc' dir='ltr'>φιλότιμον*</span> <span class='ocrx_word' id='word_1_553' title='bbox 3256 3626 3328 3686; x_wconf 79' lang='grc' dir='ltr'>ὧν</span> <span class='ocrx_word' id='word_1_554' title='bbox 3362 3634 3483 3686; x_wconf 86' lang='grc' dir='ltr'>καθ’</span> <span class='ocrx_word' id='word_1_555' title='bbox 3518 3632 3751 3686; x_wconf 79' lang='grc' dir='ltr'>ἕκαστον</span> 
     </span>
    </p>
   </div>
   <div class='ocr_carea' id='block_1_82' title="bbox 2168 3725 3747 3799">
    <p class='ocr_par' dir='ltr' id='par_1_82' title="bbox 2168 3725 3747 3799">
     <span class='ocr_line' id='line_1_82' title="bbox 2168 3725 3747 3799; baseline 0.001 -21"><span class='ocrx_word' id='word_1_556' title='bbox 2168 3727 2271 3779; x_wconf 78' lang='grc' dir='ltr'>ἰδία</span> <span class='ocrx_word' id='word_1_557' title='bbox 2298 3743 2381 3789; x_wconf 90' lang='grc' dir='ltr'><strong>τις</strong></span> <span class='ocrx_word' id='word_1_558' title='bbox 2405 3725 2593 3795; x_wconf 84' lang='grc' dir='ltr'>τελετὴ</span> <span class='ocrx_word' id='word_1_559' title='bbox 2625 3727 2718 3779; x_wconf 74' lang='grc' dir='ltr'><strong>καὶ</strong></span> <span class='ocrx_word' id='word_1_560' title='bbox 2752 3727 3062 3798; x_wconf 84' lang='grc' dir='ltr'>πανήγυρις</span> <span class='ocrx_word' id='word_1_561' title='bbox 3090 3725 3221 3799; x_wconf 85' lang='lat' dir='ltr'><strong>(l7),</strong></span> <span class='ocrx_word' id='word_1_562' title='bbox 3244 3728 3335 3779; x_wconf 70' lang='grc' dir='ltr'><strong>καὶ</strong></span> <span class='ocrx_word' id='word_1_563' title='bbox 3367 3726 3541 3779; x_wconf 86' lang='grc' dir='ltr'>κοινὸν</span> <span class='ocrx_word' id='word_1_564' title='bbox 3570 3726 3629 3779; x_wconf 79' lang='grc' dir='ltr'><strong>τὸ</strong></span> <span class='ocrx_word' id='word_1_565' title='bbox 3651 3726 3747 3796; x_wconf 78' lang='grc' dir='ltr'>τῆς</span> 
     </span>
    </p>
   </div>
   <div class='ocr_carea' id='block_1_83' title="bbox 2241 3844 3745 3915">
    <p class='ocr_par' dir='ltr' id='par_1_83' title="bbox 2241 3844 3745 3915">
     <span class='ocr_line' id='line_1_83' title="bbox 2241 3844 3745 3915; baseline -0.001 -16"><span class='ocrx_word' id='word_1_566' title='bbox 2241 3845 2351 3915; x_wconf 84' lang='grc'>(10)</span> <span class='ocrx_word' id='word_1_567' title='bbox 2377 3846 2706 3899; x_wconf 79' lang='grc' dir='ltr'>Χαλδαίων.</span> <span class='ocrx_word' id='word_1_568' title='bbox 2758 3844 2990 3898; x_wconf 74' lang='lat' dir='ltr'><strong>Chaldzni</strong></span> <span class='ocrx_word' id='word_1_569' title='bbox 3023 3845 3287 3911; x_wconf 86' lang='lat' dir='ltr'><strong>celebres,</strong></span> <span class='ocrx_word' id='word_1_570' title='bbox 3330 3854 3512 3911; x_wconf 90' lang='lat' dir='ltr'><strong>utpote</strong></span> <span class='ocrx_word' id='word_1_571' title='bbox 3554 3846 3643 3913; x_wconf 77' lang='lat' dir='ltr'><strong>qui</strong></span> <span class='ocrx_word' id='word_1_572' title='bbox 3680 3861 3745 3899; x_wconf 80' lang='lat' dir='ltr'><strong>ex</strong></span> 
     </span>
    </p>
   </div>
   <div class='ocr_carea' id='block_1_84' title="bbox 2170 3914 3742 3985">
    <p class='ocr_par' dir='ltr' id='par_1_84' title="bbox 2170 3914 3742 3985">
     <span class='ocr_line' id='line_1_84' title="bbox 2170 3914 3742 3985; baseline -0.001 -16"><span class='ocrx_word' id='word_1_573' title='bbox 2170 3914 2438 3969; x_wconf 89' lang='lat' dir='ltr'><strong>astrorum</strong></span> <span class='ocrx_word' id='word_1_574' title='bbox 2502 3914 2951 3984; x_wconf 85' lang='lat' dir='ltr'><strong>contemplatione</strong></span> <span class='ocrx_word' id='word_1_575' title='bbox 2990 3914 3216 3985; x_wconf 89' lang='lat' dir='ltr'><strong>plurima</strong></span> <span class='ocrx_word' id='word_1_576' title='bbox 3284 3915 3643 3969; x_wconf 87' lang='lat' dir='ltr'><strong>observabant</strong></span> <span class='ocrx_word' id='word_1_577' title='bbox 3694 3927 3742 3969; x_wconf 86' lang='lat' dir='ltr'><strong>et</strong></span> 
     </span>
    </p>
   </div>
   <div class='ocr_carea' id='block_1_85' title="bbox 2169 3985 2565 4050">
    <p class='ocr_par' dir='ltr' id='par_1_85' title="bbox 2169 3985 2565 4050">
     <span class='ocr_line' id='line_1_85' title="bbox 2169 3985 2565 4050; baseline 0 -11"><span class='ocrx_word' id='word_1_578' title='bbox 2169 3985 2565 4050; x_wconf 75' lang='lat' dir='ltr'><strong>coniectabant.</strong></span> 
     </span>
    </p>
   </div>
   <div class='ocr_carea' id='block_1_86' title="bbox 2238 4053 3745 4128">
    <p class='ocr_par' dir='ltr' id='par_1_86' title="bbox 2238 4053 3745 4128">
     <span class='ocr_line' id='line_1_86' title="bbox 2238 4053 3745 4128; baseline 0 -19"><span class='ocrx_word' id='word_1_579' title='bbox 2238 4056 2358 4128; x_wconf 78' lang='lat' dir='ltr'><strong>(Il)</strong></span> <span class='ocrx_word' id='word_1_580' title='bbox 2380 4055 2798 4124; x_wconf 64' lang='grc' dir='ltr'>Συμφέρουσα.</span> <span class='ocrx_word' id='word_1_581' title='bbox 2827 4054 2957 4122; x_wconf 77' lang='lat' dir='ltr'><strong>Reg.</strong></span> <span class='ocrx_word' id='word_1_582' title='bbox 2983 4070 3034 4119; x_wconf 68' lang='grc' dir='ltr'><strong>(ξ,</strong></span> <span class='ocrx_word' id='word_1_583' title='bbox 3075 4053 3247 4110; x_wconf 82' lang='lat' dir='ltr'><strong>Nicet.</strong></span> <span class='ocrx_word' id='word_1_584' title='bbox 3282 4064 3336 4110; x_wconf 86' lang='lat' dir='ltr'><strong>et</strong></span> <span class='ocrx_word' id='word_1_585' title='bbox 3360 4053 3574 4121; x_wconf 91' lang='lat' dir='ltr'><strong>Comb.,</strong></span> <span class='ocrx_word' id='word_1_586' title='bbox 3607 4073 3745 4128; x_wconf 79' lang='grc' dir='ltr'>συμο</span> 
     </span>
    </p>
   </div>
   <div class='ocr_carea' id='block_1_87' title="bbox 2168 4126 2558 4196">
    <p class='ocr_par' dir='ltr' id='par_1_87' title="bbox 2168 4126 2558 4196">
     <span class='ocr_line' id='line_1_87' title="bbox 2168 4126 2558 4196; baseline -0.005 -17"><span class='ocrx_word' id='word_1_587' title='bbox 2168 4126 2558 4196; x_wconf 75' lang='grc' dir='ltr'>περιφέρουσα.</span> 
     </span>
    </p>
   </div>
   <div class='ocr_carea' id='block_1_88' title="bbox 2237 4193 3741 4268">
    <p class='ocr_par' dir='ltr' id='par_1_88' title="bbox 2237 4193 3741 4268">
     <span class='ocr_line' id='line_1_88' title="bbox 2237 4193 3741 4268; baseline 0 -19"><span class='ocrx_word' id='word_1_588' title='bbox 2237 4193 2349 4268; x_wconf 66' lang='grc'>(12)</span> <span class='ocrx_word' id='word_1_589' title='bbox 2369 4193 2829 4268; x_wconf 20' lang='grc' dir='ltr'><strong>’Θρᾳκῶνλόργιω</strong></span> <span class='ocrx_word' id='word_1_590' title='bbox 2883 4195 3121 4268; x_wconf 73' lang='lat' dir='ltr'><strong>Thraces</strong></span> <span class='ocrx_word' id='word_1_591' title='bbox 3155 4194 3326 4268; x_wconf 73' lang='lat' dir='ltr'><strong>primi</strong></span> <span class='ocrx_word' id='word_1_592' title='bbox 3358 4193 3592 4268; x_wconf 70' lang='lat' dir='ltr'><strong>fuerunt,</strong></span> <span class='ocrx_word' id='word_1_593' title='bbox 3620 4199 3741 4268; x_wconf 17' lang='lat' dir='ltr'><strong>Aqui</strong></span> 
     </span>
    </p>
   </div>
   <div class='ocr_carea' id='block_1_89' title="bbox 2171 4263 3739 4334">
    <p class='ocr_par' dir='ltr' id='par_1_89' title="bbox 2171 4263 3739 4334">
     <span class='ocr_line' id='line_1_89' title="bbox 2171 4263 3739 4334; baseline -0.004 -13"><span class='ocrx_word' id='word_1_594' title='bbox 2171 4268 2308 4321; x_wconf 89' lang='lat' dir='ltr'><strong>Deos</strong></span> <span class='ocrx_word' id='word_1_595' title='bbox 2331 4263 2512 4321; x_wconf 81' lang='lat' dir='ltr'><strong>colere</strong></span> <span class='ocrx_word' id='word_1_596' title='bbox 2535 4263 2861 4319; x_wconf 86' lang='lat' dir='ltr'><strong>didicerunt.</strong></span> <span class='ocrx_word' id='word_1_597' title='bbox 2923 4263 3071 4318; x_wconf 86' lang='lat' dir='ltr'><strong>Unde</strong></span> <span class='ocrx_word' id='word_1_598' title='bbox 3101 4265 3396 4334; x_wconf 80' lang='grc' dir='ltr'>θρησκεία,</span> <span class='ocrx_word' id='word_1_599' title='bbox 3439 4284 3456 4314; x_wconf 76' lang='lat' dir='ltr'><strong>r</strong></span> <span class='ocrx_word' id='word_1_600' title='bbox 3485 4263 3689 4334; x_wconf 73' lang='lat' dir='ltr'><strong>religio,</strong></span> <span class='ocrx_word' id='word_1_601' title='bbox 3722 4287 3739 4315; x_wconf 76' lang='grc' dir='ltr'><strong>ι</strong></span> 
     </span>
    </p>
   </div>
   <div class='ocr_carea' id='block_1_90' title="bbox 2172 4333 3745 4399">
    <p class='ocr_par' dir='ltr' id='par_1_90' title="bbox 2172 4333 3745 4399">
     <span class='ocr_line' id='line_1_90' title="bbox 2172 4333 3745 4399; baseline -0.003 -10"><span class='ocrx_word' id='word_1_602' title='bbox 2172 4354 2199 4389; x_wconf 83' lang='lat' dir='ltr'><strong>a</strong></span> <span class='ocrx_word' id='word_1_603' title='bbox 2238 4335 2537 4390; x_wconf 85' lang='lat' dir='ltr'><strong>Thracibus</strong></span> <span class='ocrx_word' id='word_1_604' title='bbox 2583 4350 2774 4389; x_wconf 86' lang='lat' dir='ltr'><strong>nomen</strong></span> <span class='ocrx_word' id='word_1_605' title='bbox 2825 4335 2994 4388; x_wconf 89' lang='lat' dir='ltr'><strong>duxit.</strong></span> <span class='ocrx_word' id='word_1_606' title='bbox 3038 4333 3169 4399; x_wconf 82' lang='lat' dir='ltr'><strong>Ipsis</strong></span> <span class='ocrx_word' id='word_1_607' title='bbox 3196 4333 3374 4387; x_wconf 86' lang='lat' dir='ltr'><strong>etiam</strong></span> <span class='ocrx_word' id='word_1_608' title='bbox 3443 4333 3745 4387; x_wconf 52' lang='lat' dir='ltr'><strong>Thracibus</strong></span> 
     </span>
    </p>
   </div>
   <div class='ocr_carea' id='block_1_91' title="bbox 2175 4404 3743 4474">
    <p class='ocr_par' dir='ltr' id='par_1_91' title="bbox 2175 4404 3743 4474">
     <span class='ocr_line' id='line_1_91' title="bbox 2175 4404 3743 4474; baseline 0.001 -17"><span class='ocrx_word' id='word_1_609' title='bbox 2175 4425 2192 4457; x_wconf 75' lang='grc' dir='ltr'><strong>ι</strong></span> <span class='ocrx_word' id='word_1_610' title='bbox 2225 4406 2383 4474; x_wconf 83' lang='lat' dir='ltr'><strong>Orgia</strong></span> <span class='ocrx_word' id='word_1_611' title='bbox 2410 4425 2453 4472; x_wconf 74' lang='grc' dir='ltr'><strong>ι,</strong></span> <span class='ocrx_word' id='word_1_612' title='bbox 2514 4406 2566 4461; x_wconf 90' lang='lat' dir='ltr'><strong>id</strong></span> <span class='ocrx_word' id='word_1_613' title='bbox 2619 4415 2722 4470; x_wconf 86' lang='lat' dir='ltr'><strong>est,</strong></span> <span class='ocrx_word' id='word_1_614' title='bbox 2776 4404 3029 4474; x_wconf 86' lang='lat' dir='ltr'><strong>mysteria</strong></span> <span class='ocrx_word' id='word_1_615' title='bbox 3064 4415 3118 4458; x_wconf 90' lang='lat' dir='ltr'><strong>et</strong></span> <span class='ocrx_word' id='word_1_616' title='bbox 3164 4420 3318 4458; x_wconf 87' lang='lat' dir='ltr'><strong>sacra</strong></span> <span class='ocrx_word' id='word_1_617' title='bbox 3345 4405 3481 4458; x_wconf 67' lang='lat' dir='ltr'><strong>festa</strong></span> <span class='ocrx_word' id='word_1_618' title='bbox 3521 4406 3743 4459; x_wconf 84' lang='lat' dir='ltr'><strong>tradidit</strong></span> 
     </span>
    </p>
   </div>
   <div class='ocr_carea' id='block_1_92' title="bbox 2170 4476 2435 4543">
    <p class='ocr_par' dir='ltr' id='par_1_92' title="bbox 2170 4476 2435 4543">
     <span class='ocr_line' id='line_1_92' title="bbox 2170 4476 2435 4543; baseline -0.008 -13"><span class='ocrx_word' id='word_1_619' title='bbox 2170 4476 2435 4543; x_wconf 88' lang='lat' dir='ltr'><strong>Orpheus.</strong></span> 
     </span>
    </p>
   </div>
   <div class='ocr_carea' id='block_1_93' title="bbox 560 4539 2060 4630">
    <p class='ocr_par' dir='ltr' id='par_1_93' title="bbox 560 4539 2060 4630">
     <span class='ocr_line' id='line_1_93' title="bbox 560 4539 2060 4630; baseline 0.001 -36"><span class='ocrx_word' id='word_1_620' title='bbox 560 4539 646 4630; x_wconf 52' lang='lat' dir='ltr'><strong>(at</strong></span> <span class='ocrx_word' id='word_1_621' title='bbox 669 4539 1542 4630; x_wconf 40' lang='grc' dir='ltr'>Τροφωινίουηειρ..Τςορίιοιιίιιξ</span> <span class='ocrx_word' id='word_1_622' title='bbox 1591 4541 1776 4624; x_wconf 74' lang='lat' dir='ltr'><strong>gloria:</strong></span> <span class='ocrx_word' id='word_1_623' title='bbox 1815 4542 2060 4630; x_wconf 69' lang='lat' dir='ltr'><strong>cppidus,</strong></span> 
     </span>
    </p>
   </div>
   <div class='ocr_carea' id='block_1_94' title="bbox 2169 4539 3747 4630">
    <p class='ocr_par' dir='ltr' id='par_1_94' title="bbox 2204 4539 3747 4630">
     <span class='ocr_line' id='line_1_94' title="bbox 2204 4539 3747 4630; baseline -0.003 -31"><span class='ocrx_word' id='word_1_624' title='bbox 2204 4539 2349 4629; x_wconf 43' lang='lat'><strong>‘03)</strong></span> <span class='ocrx_word' id='word_1_625' title='bbox 2378 4539 2983 4630; x_wconf 40' lang='grc' dir='ltr'><strong>1ί1ι’θρογ;“’‹¹1ί1ἰι[ιι·ω,ξ</strong></span> <span class='ocrx_word' id='word_1_626' title='bbox 3010 4542 3061 4630; x_wconf 45' lang='lat' dir='ltr'><strong>ild</strong></span> <span class='ocrx_word' id='word_1_627' title='bbox 3092 4551 3193 4630; x_wconf 72' lang='lat' dir='ltr'><strong>est,</strong></span> <span class='ocrx_word' id='word_1_628' title='bbox 3230 4542 3464 4630; x_wconf 49' lang='lat' dir='ltr'><strong>tl§olis,r</strong></span> <span class='ocrx_word' id='word_1_629' title='bbox 3494 4544 3585 4612; x_wconf 90' lang='lat' dir='ltr'><strong>qui</strong></span> <span class='ocrx_word' id='word_1_630' title='bbox 3617 4559 3747 4625; x_wconf 54' lang='lat' dir='ltr'><strong>prm-</strong></span> 
     </span>
    </p>
   </div>
   <div class='ocr_carea' id='block_1_95' title="bbox 487 4610 2065 4679">
    <p class='ocr_par' dir='ltr' id='par_1_95' title="bbox 487 4610 2065 4679">
     <span class='ocr_line' id='line_1_95' title="bbox 487 4610 2065 4679; baseline 0.001 -14"><span class='ocrx_word' id='word_1_631' title='bbox 487 4629 541 4667; x_wconf 87' lang='lat' dir='ltr'><strong>et</strong></span> <span class='ocrx_word' id='word_1_632' title='bbox 570 4610 704 4667; x_wconf 86' lang='lat' dir='ltr'><strong>deus</strong></span> <span class='ocrx_word' id='word_1_633' title='bbox 736 4612 873 4679; x_wconf 86' lang='lat' dir='ltr'><strong>apud</strong></span> <span class='ocrx_word' id='word_1_634' title='bbox 902 4612 1145 4665; x_wconf 88' lang='lat' dir='ltr'><strong>homines</strong></span> <span class='ocrx_word' id='word_1_635' title='bbox 1174 4610 1361 4666; x_wconf 89' lang='lat' dir='ltr'><strong>haberi</strong></span> <span class='ocrx_word' id='word_1_636' title='bbox 1412 4613 1653 4679; x_wconf 85' lang='lat' dir='ltr'><strong>cupiens,</strong></span> <span class='ocrx_word' id='word_1_637' title='bbox 1708 4613 1759 4665; x_wconf 91' lang='lat' dir='ltr'><strong>in</strong></span> <span class='ocrx_word' id='word_1_638' title='bbox 1788 4610 2065 4667; x_wconf 85' lang='lat' dir='ltr'><strong>subterra-</strong></span> 
     </span>
    </p>
   </div>
   <div class='ocr_carea' id='block_1_96' title="bbox 491 4681 2064 4751">
    <p class='ocr_par' dir='ltr' id='par_1_96' title="bbox 491 4681 2064 4751">
     <span class='ocr_line' id='line_1_96' title="bbox 491 4681 2064 4751; baseline 0 -15"><span class='ocrx_word' id='word_1_639' title='bbox 491 4697 648 4736; x_wconf 88' lang='lat' dir='ltr'><strong>neam</strong></span> <span class='ocrx_word' id='word_1_640' title='bbox 694 4681 979 4751; x_wconf 81' lang='lat' dir='ltr'><strong>quamdam</strong></span> <span class='ocrx_word' id='word_1_641' title='bbox 1031 4695 1247 4751; x_wconf 85' lang='lat' dir='ltr'><strong>specum</strong></span> <span class='ocrx_word' id='word_1_642' title='bbox 1306 4696 1365 4734; x_wconf 91' lang='lat' dir='ltr'><strong>se</strong></span> <span class='ocrx_word' id='word_1_643' title='bbox 1398 4681 1624 4742; x_wconf 87' lang='lat' dir='ltr'><strong>abdidit.</strong></span> <span class='ocrx_word' id='word_1_644' title='bbox 1685 4683 1869 4751; x_wconf 91' lang='lat' dir='ltr'><strong>ibique</strong></span> <span class='ocrx_word' id='word_1_645' title='bbox 1900 4685 2064 4737; x_wconf 85' lang='lat' dir='ltr'><strong>vitam</strong></span> 
     </span>
    </p>
   </div>
   <div class='ocr_carea' id='block_1_97' title="bbox 491 4749 2064 4819">
    <p class='ocr_par' dir='ltr' id='par_1_97' title="bbox 491 4749 2064 4819">
     <span class='ocr_line' id='line_1_97' title="bbox 491 4749 2064 4819; baseline 0.001 -16"><span class='ocrx_word' id='word_1_646' title='bbox 491 4751 681 4803; x_wconf 84' lang='lat' dir='ltr'><strong>finivit.</strong></span> <span class='ocrx_word' id='word_1_647' title='bbox 743 4750 955 4802; x_wconf 83' lang='lat' dir='ltr'><strong>Daemon</strong></span> <span class='ocrx_word' id='word_1_648' title='bbox 982 4752 1196 4819; x_wconf 88' lang='lat' dir='ltr'><strong>quid_am</strong></span> <span class='ocrx_word' id='word_1_649' title='bbox 1231 4749 1281 4802; x_wconf 92' lang='lat' dir='ltr'><strong>in</strong></span> <span class='ocrx_word' id='word_1_650' title='bbox 1314 4765 1376 4803; x_wconf 86' lang='lat' dir='ltr'><strong>ea</strong></span> <span class='ocrx_word' id='word_1_651' title='bbox 1408 4766 1567 4819; x_wconf 83' lang='lat' dir='ltr'><strong>specu</strong></span> <span class='ocrx_word' id='word_1_652' title='bbox 1604 4752 1704 4806; x_wconf 87' lang='lat' dir='ltr'><strong>sibi</strong></span> <span class='ocrx_word' id='word_1_653' title='bbox 1734 4749 2064 4808; x_wconf 79' lang='lat' dir='ltr'><strong>domicilium</strong></span> 
     </span>
    </p>
   </div>
   <div class='ocr_carea' id='block_1_98' title="bbox 490 4817 2066 4889">
    <p class='ocr_par' dir='ltr' id='par_1_98' title="bbox 490 4817 2066 4889">
     <span class='ocr_line' id='line_1_98' title="bbox 490 4817 2066 4889; baseline 0.002 -16"><span class='ocrx_word' id='word_1_654' title='bbox 490 4821 843 4889; x_wconf 79' lang='lat' dir='ltr'><strong>constituens,</strong></span> <span class='ocrx_word' id='word_1_655' title='bbox 891 4832 1055 4889; x_wconf 74' lang='lat' dir='ltr'><strong>seque</strong></span> <span class='ocrx_word' id='word_1_656' title='bbox 1084 4817 1450 4886; x_wconf 83' lang='lat' dir='ltr'><strong>Trophoniuni</strong></span> <span class='ocrx_word' id='word_1_657' title='bbox 1479 4835 1603 4874; x_wconf 92' lang='lat' dir='ltr'><strong>esse</strong></span> <span class='ocrx_word' id='word_1_658' title='bbox 1625 4822 1908 4889; x_wconf 90' lang='lat' dir='ltr'><strong>mentiens,</strong></span> <span class='ocrx_word' id='word_1_659' title='bbox 1944 4837 2066 4878; x_wconf 80' lang='lat' dir='ltr'><strong>ora~</strong></span> 
     </span>
    </p>
   </div>
   <div class='ocr_carea' id='block_1_99' title="bbox 490 4887 1141 4942">
    <p class='ocr_par' dir='ltr' id='par_1_99' title="bbox 490 4887 1141 4942">
     <span class='ocr_line' id='line_1_99' title="bbox 490 4887 1141 4942; baseline -0.003 -1"><span class='ocrx_word' id='word_1_660' title='bbox 490 4890 623 4942; x_wconf 80' lang='lat' dir='ltr'><strong>culis</strong></span> <span class='ocrx_word' id='word_1_661' title='bbox 645 4888 888 4941; x_wconf 90' lang='lat' dir='ltr'><strong>homines</strong></span> <span class='ocrx_word' id='word_1_662' title='bbox 905 4887 1141 4941; x_wconf 87' lang='lat' dir='ltr'><strong>fallebat.</strong></span> 
     </span>
    </p>
   </div>
   <div class='ocr_carea' id='block_1_100' title="bbox 564 4956 2066 5031">
    <p class='ocr_par' dir='ltr' id='par_1_100' title="bbox 564 4956 2066 5031">
     <span class='ocr_line' id='line_1_100' title="bbox 564 4956 2066 5031; baseline 0.004 -21"><span class='ocrx_word' id='word_1_663' title='bbox 564 4958 639 5025; x_wconf 79' lang='lat'><strong>(6)</strong></span> <span class='ocrx_word' id='word_1_664' title='bbox 675 4956 1019 5031; x_wconf 61' lang='grc' dir='ltr'>Δῳδῳναίας</span> <span class='ocrx_word' id='word_1_665' title='bbox 1039 4957 1220 5024; x_wconf 85' lang='grc' dir='ltr'>δρυός</span> <span class='ocrx_word' id='word_1_666' title='bbox 1238 4998 1251 5011; x_wconf 92' lang='grc'><strong>.</strong></span> <span class='ocrx_word' id='word_1_667' title='bbox 1277 4957 1523 5031; x_wconf 76' lang='lat' dir='ltr'><strong>Dodona,</strong></span> <span class='ocrx_word' id='word_1_668' title='bbox 1542 4959 1793 5031; x_wconf 61' lang='lat' dir='ltr'><strong>Chaoniae</strong></span> <span class='ocrx_word' id='word_1_669' title='bbox 1822 4962 1873 5014; x_wconf 90' lang='lat' dir='ltr'><strong>in</strong></span> <span class='ocrx_word' id='word_1_670' title='bbox 1904 4962 2066 5031; x_wconf 84' lang='lat' dir='ltr'><strong>Epiro</strong></span> 
     </span>
    </p>
   </div>
   <div class='ocr_carea' id='block_1_101' title="bbox 492 5026 2063 5095">
    <p class='ocr_par' dir='ltr' id='par_1_101' title="bbox 492 5026 2063 5095">
     <span class='ocr_line' id='line_1_101' title="bbox 492 5026 2063 5095; baseline 0.001 -14"><span class='ocrx_word' id='word_1_671' title='bbox 492 5028 703 5092; x_wconf 82' lang='lat' dir='ltr'><strong>civitas,</strong></span> <span class='ocrx_word' id='word_1_672' title='bbox 726 5026 876 5095; x_wconf 75' lang='lat' dir='ltr'><strong>juxta</strong></span> <span class='ocrx_word' id='word_1_673' title='bbox 906 5042 1064 5094; x_wconf 82' lang='lat' dir='ltr'><strong>quam</strong></span> <span class='ocrx_word' id='word_1_674' title='bbox 1111 5039 1228 5080; x_wconf 88' lang='lat' dir='ltr'><strong>erat</strong></span> <span class='ocrx_word' id='word_1_675' title='bbox 1274 5028 1507 5082; x_wconf 86' lang='lat' dir='ltr'><strong>Dodonia</strong></span> <span class='ocrx_word' id='word_1_676' title='bbox 1552 5029 1709 5092; x_wconf 88' lang='lat' dir='ltr'><strong>silva,</strong></span> <span class='ocrx_word' id='word_1_677' title='bbox 1744 5028 1860 5083; x_wconf 86' lang='lat' dir='ltr'><strong>Jovi</strong></span> <span class='ocrx_word' id='word_1_678' title='bbox 1889 5026 2063 5093; x_wconf 79' lang='lat' dir='ltr'><strong>sacra,</strong></span> 
     </span>
    </p>
   </div>
   <div class='ocr_carea' id='block_1_102' title="bbox 490 5097 2065 5167">
    <p class='ocr_par' dir='ltr' id='par_1_102' title="bbox 490 5097 2065 5167">
     <span class='ocr_line' id='line_1_102' title="bbox 490 5097 2065 5167; baseline 0.003 -16"><span class='ocrx_word' id='word_1_679' title='bbox 490 5106 547 5151; x_wconf 88' lang='lat' dir='ltr'><strong>et</strong></span> <span class='ocrx_word' id='word_1_680' title='bbox 585 5106 693 5149; x_wconf 89' lang='lat' dir='ltr'><strong>tota</strong></span> <span class='ocrx_word' id='word_1_681' title='bbox 750 5097 1052 5164; x_wconf 87' lang='lat' dir='ltr'><strong>quercubus</strong></span> <span class='ocrx_word' id='word_1_682' title='bbox 1107 5099 1337 5163; x_wconf 90' lang='lat' dir='ltr'><strong>consita,</strong></span> <span class='ocrx_word' id='word_1_683' title='bbox 1373 5112 1492 5167; x_wconf 67' lang='lat' dir='ltr'><strong>(pta:</strong></span> <span class='ocrx_word' id='word_1_684' title='bbox 1526 5098 1737 5154; x_wconf 89' lang='lat' dir='ltr'><strong>vocales</strong></span> <span class='ocrx_word' id='word_1_685' title='bbox 1786 5098 1953 5154; x_wconf 81' lang='lat' dir='ltr'><strong>fuisse</strong></span> <span class='ocrx_word' id='word_1_686' title='bbox 1983 5102 2065 5154; x_wconf 92' lang='lat' dir='ltr'><strong>di-</strong></span> 
     </span>
    </p>
   </div>
   <div class='ocr_carea' id='block_1_103' title="bbox 493 5167 1356 5223">
    <p class='ocr_par' dir='ltr' id='par_1_103' title="bbox 493 5167 1356 5223">
     <span class='ocr_line' id='line_1_103' title="bbox 493 5167 1356 5223; baseline -0.001 -1"><span class='ocrx_word' id='word_1_687' title='bbox 493 5179 689 5222; x_wconf 90' lang='lat' dir='ltr'><strong>cuntur</strong></span> <span class='ocrx_word' id='word_1_688' title='bbox 714 5176 767 5220; x_wconf 86' lang='lat' dir='ltr'><strong>et</strong></span> <span class='ocrx_word' id='word_1_689' title='bbox 794 5167 1008 5222; x_wconf 81' lang='lat' dir='ltr'><strong>oracula</strong></span> <span class='ocrx_word' id='word_1_690' title='bbox 1042 5168 1356 5223; x_wconf 88' lang='lat' dir='ltr'><strong>reddidisse.</strong></span> 
     </span>
    </p>
   </div>
   <div class='ocr_carea' id='block_1_104' title="bbox 564 5236 2065 5308">
    <p class='ocr_par' dir='ltr' id='par_1_104' title="bbox 564 5236 2065 5308">
     <span class='ocr_line' id='line_1_104' title="bbox 564 5236 2065 5308; baseline 0.006 -21"><span class='ocrx_word' id='word_1_691' title='bbox 564 5239 639 5301; x_wconf 83' lang='grc'>(7)</span> <span class='ocrx_word' id='word_1_692' title='bbox 669 5236 949 5303; x_wconf 75' lang='grc' dir='ltr'>Τρίποδος</span> <span class='ocrx_word' id='word_1_693' title='bbox 974 5237 1283 5305; x_wconf 64' lang='grc' dir='ltr'>Δελφικοῦ.</span> <span class='ocrx_word' id='word_1_694' title='bbox 1354 5237 1569 5306; x_wconf 81' lang='lat' dir='ltr'><strong>Delphis</strong></span> <span class='ocrx_word' id='word_1_695' title='bbox 1600 5236 1650 5308; x_wconf 86' lang='lat' dir='ltr'><strong>in</strong></span> <span class='ocrx_word' id='word_1_696' title='bbox 1682 5237 1909 5303; x_wconf 72' lang='lat' dir='ltr'><strong>Bmotia,</strong></span> <span class='ocrx_word' id='word_1_697' title='bbox 1941 5239 2065 5308; x_wconf 62' lang='lat' dir='ltr'><strong>juxo</strong></span> 
     </span>
    </p>
   </div>
   <div class='ocr_carea' id='block_1_105' title="bbox 494 5307 2065 5371">
    <p class='ocr_par' dir='ltr' id='par_1_105' title="bbox 494 5307 2065 5371">
     <span class='ocr_line' id='line_1_105' title="bbox 494 5307 2065 5371; baseline 0.003 -12"><span class='ocrx_word' id='word_1_698' title='bbox 494 5317 541 5359; x_wconf 88' lang='lat' dir='ltr'><strong>ta</strong></span> <span class='ocrx_word' id='word_1_699' title='bbox 574 5309 898 5361; x_wconf 76' lang='lat' dir='ltr'><strong>Par-nassum</strong></span> <span class='ocrx_word' id='word_1_700' title='bbox 971 5318 1227 5371; x_wconf 88' lang='lat' dir='ltr'><strong>montem,</strong></span> <span class='ocrx_word' id='word_1_701' title='bbox 1283 5319 1402 5363; x_wconf 87' lang='lat' dir='ltr'><strong>erat</strong></span> <span class='ocrx_word' id='word_1_702' title='bbox 1446 5307 1720 5362; x_wconf 87' lang='lat' dir='ltr'><strong>oraculum</strong></span> <span class='ocrx_word' id='word_1_703' title='bbox 1750 5318 1862 5364; x_wconf 90' lang='lat' dir='ltr'><strong>toto</strong></span> <span class='ocrx_word' id='word_1_704' title='bbox 1903 5307 2065 5364; x_wconf 86' lang='lat' dir='ltr'><strong>terra-</strong></span> 
     </span>
    </p>
   </div>
   <div class='ocr_carea' id='block_1_106' title="bbox 493 5376 2061 5450">
    <p class='ocr_par' dir='ltr' id='par_1_106' title="bbox 493 5376 2061 5450">
     <span class='ocr_line' id='line_1_106' title="bbox 493 5376 2061 5450; baseline 0.002 -19"><span class='ocrx_word' id='word_1_705' title='bbox 493 5394 607 5431; x_wconf 88' lang='lat' dir='ltr'><strong>rum</strong></span> <span class='ocrx_word' id='word_1_706' title='bbox 643 5379 773 5450; x_wconf 85' lang='lat' dir='ltr'><strong>orbe</strong></span> <span class='ocrx_word' id='word_1_707' title='bbox 813 5376 1243 5450; x_wconf 83' lang='lat' dir='ltr'><strong>celeberrimum,</strong></span> <span class='ocrx_word' id='word_1_708' title='bbox 1278 5379 1439 5447; x_wconf 89' lang='lat' dir='ltr'><strong>quod,</strong></span> <span class='ocrx_word' id='word_1_709' title='bbox 1474 5391 1599 5432; x_wconf 91' lang='lat' dir='ltr'><strong>nato</strong></span> <span class='ocrx_word' id='word_1_710' title='bbox 1629 5378 1864 5445; x_wconf 89' lang='lat' dir='ltr'><strong>Christo,</strong></span> <span class='ocrx_word' id='word_1_711' title='bbox 1909 5397 2061 5450; x_wconf 83' lang='lat' dir='ltr'><strong>pror-</strong></span> 
     </span>
    </p>
   </div>
   <div class='ocr_carea' id='block_1_107' title="bbox 491 5448 898 5503">
    <p class='ocr_par' dir='ltr' id='par_1_107' title="bbox 491 5448 898 5503">
     <span class='ocr_line' id='line_1_107' title="bbox 491 5448 898 5503; baseline -0.007 -1"><span class='ocrx_word' id='word_1_712' title='bbox 491 5465 582 5503; x_wconf 88' lang='lat' dir='ltr'><strong>sus</strong></span> <span class='ocrx_word' id='word_1_713' title='bbox 616 5448 898 5501; x_wconf 87' lang='lat' dir='ltr'><strong>obmutuit.</strong></span> 
     </span>
    </p>
   </div>
   <div class='ocr_carea' id='block_1_108' title="bbox 566 5518 2066 5591">
    <p class='ocr_par' dir='ltr' id='par_1_108' title="bbox 566 5518 2066 5591">
     <span class='ocr_line' id='line_1_108' title="bbox 566 5518 2066 5591; baseline 0.002 -21"><span class='ocrx_word' id='word_1_714' title='bbox 566 5520 641 5591; x_wconf 86' lang='grc'>(8)</span> <span class='ocrx_word' id='word_1_715' title='bbox 672 5519 1035 5591; x_wconf 54' lang='grc' dir='ltr'>Κασταλίας.</span> <span class='ocrx_word' id='word_1_716' title='bbox 1066 5518 1206 5573; x_wconf 85' lang='lat' dir='ltr'><strong>Fons</strong></span> <span class='ocrx_word' id='word_1_717' title='bbox 1236 5519 1300 5571; x_wconf 90' lang='lat' dir='ltr'><strong>ad</strong></span> <span class='ocrx_word' id='word_1_718' title='bbox 1332 5519 1577 5574; x_wconf 84' lang='lat' dir='ltr'><strong>Parnassi</strong></span> <span class='ocrx_word' id='word_1_719' title='bbox 1612 5521 1871 5585; x_wconf 89' lang='lat' dir='ltr'><strong>radicem,</strong></span> <span class='ocrx_word' id='word_1_720' title='bbox 1906 5522 2066 5591; x_wconf 78' lang='lat' dir='ltr'><strong>Apol-</strong></span> 
     </span>
    </p>
   </div>
   <div class='ocr_carea' id='block_1_109' title="bbox 493 5587 1074 5642">
    <p class='ocr_par' dir='ltr' id='par_1_109' title="bbox 493 5587 1074 5642">
     <span class='ocr_line' id='line_1_109' title="bbox 493 5587 1074 5642; baseline 0 -1"><span class='ocrx_word' id='word_1_721' title='bbox 493 5587 587 5641; x_wconf 89' lang='lat' dir='ltr'><strong>lini</strong></span> <span class='ocrx_word' id='word_1_722' title='bbox 620 5598 671 5639; x_wconf 89' lang='lat' dir='ltr'><strong>et</strong></span> <span class='ocrx_word' id='word_1_723' title='bbox 701 5588 865 5642; x_wconf 79' lang='lat' dir='ltr'><strong>Musis</strong></span> <span class='ocrx_word' id='word_1_724' title='bbox 900 5604 1074 5642; x_wconf 88' lang='lat' dir='ltr'><strong>sacer.</strong></span> 
     </span>
    </p>
   </div>
   <div class='ocr_carea' id='block_1_110' title="bbox 564 5656 2061 5728">
    <p class='ocr_par' dir='ltr' id='par_1_110' title="bbox 564 5656 2061 5728">
     <span class='ocr_line' id='line_1_110' title="bbox 564 5656 2061 5728; baseline 0.002 -18"><span class='ocrx_word' id='word_1_725' title='bbox 564 5658 640 5726; x_wconf 79' lang='lat'>(9)</span> <span class='ocrx_word' id='word_1_726' title='bbox 676 5657 911 5727; x_wconf 75' lang='grc' dir='ltr'><strong>Μάγων.</strong></span> <span class='ocrx_word' id='word_1_727' title='bbox 954 5658 1111 5727; x_wconf 84' lang='lat' dir='ltr'><strong>Magi,</strong></span> <span class='ocrx_word' id='word_1_728' title='bbox 1148 5673 1343 5728; x_wconf 78' lang='lat' dir='ltr'><strong>genere</strong></span> <span class='ocrx_word' id='word_1_729' title='bbox 1399 5656 1535 5712; x_wconf 88' lang='lat' dir='ltr'><strong>Medi</strong></span> <span class='ocrx_word' id='word_1_730' title='bbox 1600 5671 1745 5714; x_wconf 86' lang='lat' dir='ltr'><strong>sunt.</strong></span> <span class='ocrx_word' id='word_1_731' title='bbox 1792 5661 1852 5713; x_wconf 89' lang='lat' dir='ltr'><strong>lli</strong></span> <span class='ocrx_word' id='word_1_732' title='bbox 1885 5672 2061 5714; x_wconf 89' lang='lat' dir='ltr'><strong>autem</strong></span> 
     </span>
    </p>
   </div>
   <div class='ocr_carea' id='block_1_111' title="bbox 493 5728 2063 5799">
    <p class='ocr_par' dir='ltr' id='par_1_111' title="bbox 493 5728 2063 5799">
     <span class='ocr_line' id='line_1_111' title="bbox 493 5728 2063 5799; baseline 0.001 -18"><span class='ocrx_word' id='word_1_733' title='bbox 493 5728 745 5782; x_wconf 88' lang='lat' dir='ltr'><strong>animalia</strong></span> <span class='ocrx_word' id='word_1_734' title='bbox 778 5728 1103 5799; x_wconf 12' lang='lat' dir='ltr'><strong>&quot;tractabant,</strong></span> <span class='ocrx_word' id='word_1_735' title='bbox 1138 5740 1297 5796; x_wconf 83' lang='lat' dir='ltr'><strong>atque</strong></span> <span class='ocrx_word' id='word_1_736' title='bbox 1329 5745 1392 5783; x_wconf 86' lang='lat' dir='ltr'><strong>ex</strong></span> <span class='ocrx_word' id='word_1_737' title='bbox 1420 5728 1617 5796; x_wconf 87' lang='lat' dir='ltr'><strong>jecoris</strong></span> <span class='ocrx_word' id='word_1_738' title='bbox 1662 5730 1831 5794; x_wconf 85' lang='lat' dir='ltr'><strong>libris,</strong></span> <span class='ocrx_word' id='word_1_739' title='bbox 1872 5732 2063 5799; x_wconf 85' lang='lat' dir='ltr'><strong>ipsius-</strong></span> 
     </span>
    </p>
   </div>
   <div class='ocr_carea' id='block_1_112' title="bbox 494 5798 2061 5913">
    <p class='ocr_par' dir='ltr' id='par_1_112' title="bbox 494 5798 2061 5913">
     <span class='ocr_line' id='line_1_112' title="bbox 494 5798 2061 5913; baseline 0.001 -64"><span class='ocrx_word' id='word_1_740' title='bbox 494 5813 599 5911; x_wconf 47' lang='grc' dir='ltr'>(μιᾳ</span> <span class='ocrx_word' id='word_1_741' title='bbox 634 5798 923 5913; x_wconf 55' lang='grc' dir='ltr'><strong>1ξιπιςυίηἰε</strong></span> <span class='ocrx_word' id='word_1_742' title='bbox 984 5799 1285 5869; x_wconf 84' lang='lat' dir='ltr'><strong>eruptione,</strong></span> <span class='ocrx_word' id='word_1_743' title='bbox 1332 5800 1629 5859; x_wconf 79' lang='lat' dir='ltr'><strong>futurorum</strong></span> <span class='ocrx_word' id='word_1_744' title='bbox 1698 5798 2061 5870; x_wconf 83' lang='lat' dir='ltr'><strong>conjecturam</strong></span> 
     </span>
     <span class='ocr_line' id='line_1_113' title="bbox 520 5876 781 5913; baseline 0 0"><span class='ocrx_word' id='word_1_745' title='bbox 520 5881 631 5913; x_wconf 68' lang='lat' dir='ltr'><strong>ante.</strong></span> <span class='ocrx_word' id='word_1_746' title='bbox 671 5876 781 5913; x_wconf 39' lang='lat' dir='ltr'><strong>aut,</strong></span> 
     </span>
    </p>
   </div>
   <div class='ocr_carea' id='block_1_113' title="bbox 520 5867 781 5919">
    <p class='ocr_par' dir='ltr' id='par_1_113' title="bbox 520 5867 781 5919">
     <span class='ocr_line' id='line_1_114' title="bbox 520 5867 781 5919; baseline 0.019 -6"><span class='ocrx_word' id='word_1_747' title='bbox 520 5867 781 5919; x_wconf 71' lang='lat' dir='ltr'><strong>aciehattt.</strong></span> 
     </span>
    </p>
   </div>
   <div class='ocr_carea' id='block_1_114' title="bbox 2169 4612 3745 4685">
    <p class='ocr_par' dir='ltr' id='par_1_114' title="bbox 2169 4612 3745 4685">
     <span class='ocr_line' id='line_1_115' title="bbox 2169 4612 3745 4685; baseline -0.001 -15"><span class='ocrx_word' id='word_1_748' title='bbox 2169 4612 2339 4685; x_wconf 83' lang='lat' dir='ltr'><strong>cipue</strong></span> <span class='ocrx_word' id='word_1_749' title='bbox 2372 4612 2512 4683; x_wconf 84' lang='lat' dir='ltr'><strong>apud</strong></span> <span class='ocrx_word' id='word_1_750' title='bbox 2574 4616 2850 4669; x_wconf 69' lang='lat' dir='ltr'><strong>Chaldaeos</strong></span> <span class='ocrx_word' id='word_1_751' title='bbox 2902 4614 3197 4685; x_wconf 88' lang='lat' dir='ltr'><strong>colebatur.</strong></span> <span class='ocrx_word' id='word_1_752' title='bbox 3258 4612 3355 4685; x_wconf 89' lang='lat' dir='ltr'><strong>Qui</strong></span> <span class='ocrx_word' id='word_1_753' title='bbox 3414 4614 3529 4681; x_wconf 80' lang='lat' dir='ltr'><strong>ejus</strong></span> <span class='ocrx_word' id='word_1_754' title='bbox 3572 4616 3745 4669; x_wconf 88' lang='lat' dir='ltr'><strong>sacris</strong></span> 
     </span>
    </p>
   </div>
   <div class='ocr_carea' id='block_1_115' title="bbox 2170 4684 3742 4751">
    <p class='ocr_par' dir='ltr' id='par_1_115' title="bbox 2170 4684 3742 4751">
     <span class='ocr_line' id='line_1_116' title="bbox 2170 4684 3742 4751; baseline -0.003 -10"><span class='ocrx_word' id='word_1_755' title='bbox 2170 4684 2417 4741; x_wconf 84' lang='lat' dir='ltr'><strong>initiandi</strong></span> <span class='ocrx_word' id='word_1_756' title='bbox 2462 4696 2642 4747; x_wconf 90' lang='lat' dir='ltr'><strong>erant,</strong></span> <span class='ocrx_word' id='word_1_757' title='bbox 2680 4700 2774 4747; x_wconf 89' lang='lat' dir='ltr'><strong>per</strong></span> <span class='ocrx_word' id='word_1_758' title='bbox 2809 4684 3091 4738; x_wconf 87' lang='lat' dir='ltr'><strong>duodecim</strong></span> <span class='ocrx_word' id='word_1_759' title='bbox 3129 4684 3511 4751; x_wconf 84' lang='lat' dir='ltr'><strong>suppliciorum</strong></span> <span class='ocrx_word' id='word_1_760' title='bbox 3543 4699 3742 4751; x_wconf 77' lang='lat' dir='ltr'><strong>genera</strong></span> 
     </span>
    </p>
   </div>
   <div class='ocr_carea' id='block_1_116' title="bbox 2169 4752 3740 4823">
    <p class='ocr_par' dir='ltr' id='par_1_116' title="bbox 2169 4752 3740 4823">
     <span class='ocr_line' id='line_1_117' title="bbox 2169 4752 3740 4823; baseline -0.001 -13"><span class='ocrx_word' id='word_1_761' title='bbox 2169 4757 2521 4823; x_wconf 80' lang='lat' dir='ltr'><strong>ducebantur,</strong></span> <span class='ocrx_word' id='word_1_762' title='bbox 2593 4768 2686 4823; x_wconf 91' lang='lat' dir='ltr'><strong>per</strong></span> <span class='ocrx_word' id='word_1_763' title='bbox 2748 4752 2945 4807; x_wconf 88' lang='lat' dir='ltr'><strong>famem</strong></span> <span class='ocrx_word' id='word_1_764' title='bbox 3008 4752 3234 4817; x_wconf 86' lang='lat' dir='ltr'><strong>scilicet,</strong></span> <span class='ocrx_word' id='word_1_765' title='bbox 3298 4755 3494 4821; x_wconf 81' lang='lat' dir='ltr'><strong>ignem,</strong></span> <span class='ocrx_word' id='word_1_766' title='bbox 3545 4752 3740 4823; x_wconf 78' lang='lat' dir='ltr'><strong>frigus,</strong></span> 
     </span>
    </p>
   </div>
   <div class='ocr_carea' id='block_1_117' title="bbox 2168 4821 2741 4896">
    <p class='ocr_par' dir='ltr' id='par_1_117' title="bbox 2168 4821 2741 4896">
     <span class='ocr_line' id='line_1_118' title="bbox 2168 4821 2741 4896; baseline -0.002 -18"><span class='ocrx_word' id='word_1_767' title='bbox 2168 4821 2379 4896; x_wconf 78' lang='lat' dir='ltr'><strong>aliaque</strong></span> <span class='ocrx_word' id='word_1_768' title='bbox 2418 4821 2741 4896; x_wconf 71' lang='lat' dir='ltr'><strong>huiusmodi.</strong></span> 
     </span>
    </p>
   </div>
   <div class='ocr_carea' id='block_1_118' title="bbox 2240 4891 3740 4967">
    <p class='ocr_par' dir='ltr' id='par_1_118' title="bbox 2240 4891 3740 4967">
     <span class='ocr_line' id='line_1_119' title="bbox 2240 4891 3740 4967; baseline -0.001 -18"><span class='ocrx_word' id='word_1_769' title='bbox 2240 4891 2364 4967; x_wconf 17' lang='lat' dir='ltr'><strong>(lli);</strong></span> <span class='ocrx_word' id='word_1_770' title='bbox 2392 4894 2686 4962; x_wconf 80' lang='grc' dir='ltr'>Ὀσίριδος</span> <span class='ocrx_word' id='word_1_771' title='bbox 2808 4892 3053 4967; x_wconf 78' lang='grc' dir='ltr'>Ἴσιδος.</span> <span class='ocrx_word' id='word_1_772' title='bbox 3088 4891 3582 4967; x_wconf 57' lang='lat' dir='ltr'><strong>lsis_£gyptiorttm</strong></span> <span class='ocrx_word' id='word_1_773' title='bbox 3616 4894 3740 4967; x_wconf 77' lang='lat' dir='ltr'><strong>dea,</strong></span> 
     </span>
    </p>
   </div>
   <div class='ocr_carea' id='block_1_119' title="bbox 2168 4960 3740 5034">
    <p class='ocr_par' dir='ltr' id='par_1_119' title="bbox 2168 4960 3740 5034">
     <span class='ocr_line' id='line_1_120' title="bbox 2168 4960 3740 5034; baseline -0.001 -16"><span class='ocrx_word' id='word_1_774' title='bbox 2168 4960 2401 5034; x_wconf 32' lang='lat' dir='ltr'><strong>pri‘ns&#39;lo</strong></span> <span class='ocrx_word' id='word_1_775' title='bbox 2427 4960 2563 5033; x_wconf 81' lang='lat' dir='ltr'><strong>apud</strong></span> <span class='ocrx_word' id='word_1_776' title='bbox 2595 4978 2789 5033; x_wconf 78' lang='lat' dir='ltr'><strong>pOf‘l&#39;IS</strong></span> <span class='ocrx_word' id='word_1_777' title='bbox 2827 4962 3144 5034; x_wconf 75' lang='lat' dir='ltr'><strong>vocabatur.</strong></span> <span class='ocrx_word' id='word_1_778' title='bbox 3190 4960 3372 5016; x_wconf 87' lang='lat' dir='ltr'><strong>Finxit</strong></span> <span class='ocrx_word' id='word_1_779' title='bbox 3400 4963 3598 5016; x_wconf 80' lang='lat' dir='ltr'><strong>Fabula</strong></span> <span class='ocrx_word' id='word_1_780' title='bbox 3636 4963 3740 5018; x_wconf 84' lang='lat' dir='ltr'><strong>lsi~-</strong></span> 
     </span>
    </p>
   </div>
   <div class='ocr_carea' id='block_1_120' title="bbox 2168 5032 3735 5101">
    <p class='ocr_par' dir='ltr' id='par_1_120' title="bbox 2168 5032 3735 5101">
     <span class='ocr_line' id='line_1_121' title="bbox 2168 5032 3735 5101; baseline 0.001 -14"><span class='ocrx_word' id='word_1_781' title='bbox 2168 5032 2288 5089; x_wconf 82' lang='lat' dir='ltr'><strong>dem</strong></span> <span class='ocrx_word' id='word_1_782' title='bbox 2353 5051 2383 5089; x_wconf 89' lang='lat' dir='ltr'><strong>a</strong></span> <span class='ocrx_word' id='word_1_783' title='bbox 2436 5032 2940 5095; x_wconf 25' lang='lat' dir='ltr'><strong>Juve’deamatam,</strong></span> <span class='ocrx_word' id='word_1_784' title='bbox 3017 5032 3070 5086; x_wconf 89' lang='lat' dir='ltr'><strong>in</strong></span> <span class='ocrx_word' id='word_1_785' title='bbox 3127 5032 3412 5101; x_wconf 87' lang='lat' dir='ltr'><strong>juvencam</strong></span> <span class='ocrx_word' id='word_1_786' title='bbox 3471 5040 3735 5088; x_wconf 72' lang='lat' dir='ltr'><strong>nmtatatn</strong></span> 
     </span>
    </p>
   </div>
   <div class='ocr_carea' id='block_1_121' title="bbox 2169 5102 3743 5171">
    <p class='ocr_par' dir='ltr' id='par_1_121' title="bbox 2169 5102 3743 5171">
     <span class='ocr_line' id='line_1_122' title="bbox 2169 5102 3743 5171; baseline -0.001 -14"><span class='ocrx_word' id='word_1_787' title='bbox 2169 5106 2355 5159; x_wconf 87' lang='lat' dir='ltr'><strong>fuisse.</strong></span> <span class='ocrx_word' id='word_1_788' title='bbox 2392 5104 2531 5159; x_wconf 79' lang='lat' dir='ltr'><strong>Juno</strong></span> <span class='ocrx_word' id='word_1_789' title='bbox 2554 5113 2731 5158; x_wconf 83' lang='lat' dir='ltr'><strong>autem</strong></span> <span class='ocrx_word' id='word_1_790' title='bbox 2759 5102 2947 5156; x_wconf 81' lang='lat' dir='ltr'><strong>fraude</strong></span> <span class='ocrx_word' id='word_1_791' title='bbox 2970 5104 3202 5171; x_wconf 81' lang='lat' dir='ltr'><strong>cognita,</strong></span> <span class='ocrx_word' id='word_1_792' title='bbox 3237 5113 3403 5156; x_wconf 69' lang='lat' dir='ltr'><strong>(nstro</strong></span> <span class='ocrx_word' id='word_1_793' title='bbox 3435 5103 3606 5170; x_wconf 89' lang='lat' dir='ltr'><strong>pellici</strong></span> <span class='ocrx_word' id='word_1_794' title='bbox 3637 5105 3743 5156; x_wconf 88' lang='lat' dir='ltr'><strong>im-</strong></span> 
     </span>
    </p>
   </div>
   <div class='ocr_carea' id='block_1_122' title="bbox 2169 5172 3743 5240">
    <p class='ocr_par' dir='ltr' id='par_1_122' title="bbox 2169 5172 3743 5240">
     <span class='ocr_line' id='line_1_123' title="bbox 2169 5172 3743 5240; baseline 0 -13"><span class='ocrx_word' id='word_1_795' title='bbox 2169 5177 2351 5240; x_wconf 89' lang='lat' dir='ltr'><strong>misso,</strong></span> <span class='ocrx_word' id='word_1_796' title='bbox 2407 5177 2635 5231; x_wconf 89' lang='lat' dir='ltr'><strong>summis</strong></span> <span class='ocrx_word' id='word_1_797' title='bbox 2684 5187 2803 5226; x_wconf 88' lang='lat' dir='ltr'><strong>eam</strong></span> <span class='ocrx_word' id='word_1_798' title='bbox 2839 5172 3110 5226; x_wconf 90' lang='lat' dir='ltr'><strong>doloribus</strong></span> <span class='ocrx_word' id='word_1_799' title='bbox 3139 5172 3450 5239; x_wconf 82' lang='lat' dir='ltr'><strong>exagitavit.</strong></span> <span class='ocrx_word' id='word_1_800' title='bbox 3502 5172 3743 5229; x_wconf 88' lang='lat' dir='ltr'><strong>’l‘andem</strong></span> 
     </span>
    </p>
   </div>
   <div class='ocr_carea' id='block_1_123' title="bbox 2169 5240 3741 5311">
    <p class='ocr_par' dir='ltr' id='par_1_123' title="bbox 2169 5240 3741 5311">
     <span class='ocr_line' id='line_1_124' title="bbox 2169 5240 3741 5311; baseline -0.001 -13"><span class='ocrx_word' id='word_1_801' title='bbox 2169 5246 2408 5311; x_wconf 72' lang='lat' dir='ltr'><strong>pristina:</strong></span> <span class='ocrx_word' id='word_1_802' title='bbox 2468 5245 2655 5299; x_wconf 63' lang='lat' dir='ltr'><strong>formae</strong></span> <span class='ocrx_word' id='word_1_803' title='bbox 2711 5243 2976 5303; x_wconf 90' lang='lat' dir='ltr'><strong>restituta,</strong></span> <span class='ocrx_word' id='word_1_804' title='bbox 3014 5243 3063 5295; x_wconf 93' lang='lat' dir='ltr'><strong>in</strong></span> <span class='ocrx_word' id='word_1_805' title='bbox 3099 5240 3389 5311; x_wconf 65' lang='lat' dir='ltr'><strong>Aigypunn</strong></span> <span class='ocrx_word' id='word_1_806' title='bbox 3443 5240 3593 5309; x_wconf 81' lang='lat' dir='ltr'><strong>fugit,</strong></span> <span class='ocrx_word' id='word_1_807' title='bbox 3652 5245 3741 5298; x_wconf 90' lang='lat' dir='ltr'><strong>ubi</strong></span> 
     </span>
    </p>
   </div>
   <div class='ocr_carea' id='block_1_124' title="bbox 2167 5311 3740 5383">
    <p class='ocr_par' dir='ltr' id='par_1_124' title="bbox 2167 5311 3740 5383">
     <span class='ocr_line' id='line_1_125' title="bbox 2167 5311 3740 5383; baseline -0.001 -15"><span class='ocrx_word' id='word_1_808' title='bbox 2167 5314 2365 5370; x_wconf 89' lang='lat' dir='ltr'><strong>Osiridi</strong></span> <span class='ocrx_word' id='word_1_809' title='bbox 2399 5315 2599 5383; x_wconf 91' lang='lat' dir='ltr'><strong>nupsit.</strong></span> <span class='ocrx_word' id='word_1_810' title='bbox 2625 5314 2828 5378; x_wconf 87' lang='lat' dir='ltr'><strong>Quibus</strong></span> <span class='ocrx_word' id='word_1_811' title='bbox 2860 5311 3257 5383; x_wconf 63' lang='lat' dir='ltr'><strong>mgrtuis,lsnn</strong></span> <span class='ocrx_word' id='word_1_812' title='bbox 3293 5319 3348 5364; x_wconf 91' lang='lat' dir='ltr'><strong>et</strong></span> <span class='ocrx_word' id='word_1_813' title='bbox 3377 5311 3628 5365; x_wconf 84' lang='lat' dir='ltr'><strong>Osiridim</strong></span> <span class='ocrx_word' id='word_1_814' title='bbox 3654 5313 3740 5366; x_wconf 86' lang='lat' dir='ltr'><strong>in—</strong></span> 
     </span>
    </p>
   </div>
   <div class='ocr_carea' id='block_1_125' title="bbox 2169 5378 3149 5449">
    <p class='ocr_par' dir='ltr' id='par_1_125' title="bbox 2169 5378 3149 5449">
     <span class='ocr_line' id='line_1_126' title="bbox 2169 5378 3149 5449; baseline -0.005 -11"><span class='ocrx_word' id='word_1_815' title='bbox 2169 5397 2249 5439; x_wconf 90' lang='lat' dir='ltr'><strong>ter</strong></span> <span class='ocrx_word' id='word_1_816' title='bbox 2278 5387 2405 5440; x_wconf 89' lang='lat' dir='ltr'><strong>deos</strong></span> <span class='ocrx_word' id='word_1_817' title='bbox 2432 5378 2857 5437; x_wconf 86' lang='lat' dir='ltr'><strong>annumerarunt</strong></span> <span class='ocrx_word' id='word_1_818' title='bbox 2886 5378 3149 5449; x_wconf 64' lang='lat' dir='ltr'><strong>Egyptii.</strong></span> 
     </span>
    </p>
   </div>
   <div class='ocr_carea' id='block_1_126' title="bbox 2238 5450 3739 5577">
    <p class='ocr_par' dir='ltr' id='par_1_126' title="bbox 2238 5450 3739 5577">
     <span class='ocr_line' id='line_1_127' title="bbox 2238 5450 3739 5577; baseline -0.003 -68"><span class='ocrx_word' id='word_1_819' title='bbox 2238 5456 2349 5577; x_wconf 56' lang='grc' dir='ltr'>(ίὲ)</span> <span class='ocrx_word' id='word_1_820' title='bbox 2411 5453 2613 5535; x_wconf 62' lang='grc' dir='ltr'>Τρᾴποι</span> <span class='ocrx_word' id='word_1_821' title='bbox 2659 5451 3034 5532; x_wconf 69' lang='grc' dir='ltr'>Μενδησίων,</span> <span class='ocrx_word' id='word_1_822' title='bbox 3088 5461 3194 5506; x_wconf 88' lang='lat' dir='ltr'><strong>etc.</strong></span> <span class='ocrx_word' id='word_1_823' title='bbox 3235 5450 3560 5506; x_wconf 87' lang='lat' dir='ltr'><strong>Mendesium</strong></span> <span class='ocrx_word' id='word_1_824' title='bbox 3612 5451 3739 5504; x_wconf 81' lang='lat' dir='ltr'><strong>urbs</strong></span> 
     </span>
     <span class='ocr_line' id='line_1_128' title="bbox 2238 5520 3559 5577; baseline -0.003 0"><span class='ocrx_word' id='word_1_825' title='bbox 2238 5536 2251 5577; x_wconf 89' lang='lat' dir='ltr'><strong>t</strong></span> <span class='ocrx_word' id='word_1_826' title='bbox 2348 5536 2515 5577; x_wconf 70' lang='lat' dir='ltr'><strong>evnti.</strong></span> <span class='ocrx_word' id='word_1_827' title='bbox 2549 5540 2597 5575; x_wconf 91' lang='lat' dir='ltr'><strong>m</strong></span> <span class='ocrx_word' id='word_1_828' title='bbox 2627 5538 2729 5577; x_wconf 89' lang='lat' dir='ltr'><strong>una</strong></span> <span class='ocrx_word' id='word_1_829' title='bbox 2761 5526 2943 5574; x_wconf 82' lang='lat' dir='ltr'><strong>lttl&#39;CUS</strong></span> <span class='ocrx_word' id='word_1_830' title='bbox 2972 5536 3067 5577; x_wconf 77' lang='lat' dir='ltr'><strong>pro</strong></span> <span class='ocrx_word' id='word_1_831' title='bbox 3104 5523 3223 5574; x_wconf 81' lang='lat' dir='ltr'><strong>deo‘</strong></span> <span class='ocrx_word' id='word_1_832' title='bbox 3244 5520 3559 5575; x_wconf 84' lang='lat' dir='ltr'><strong>habebatur.</strong></span> 
     </span>
    </p>
   </div>
   <div class='ocr_carea' id='block_1_127' title="bbox 2167 5520 3559 5593">
    <p class='ocr_par' dir='ltr' id='par_1_127' title="bbox 2167 5520 3559 5593">
     <span class='ocr_line' id='line_1_129' title="bbox 2167 5520 3559 5593; baseline -0.004 -14"><span class='ocrx_word' id='word_1_833' title='bbox 2167 5520 2253 5579; x_wconf 85' lang='lat' dir='ltr'><strong>est</strong></span> <span class='ocrx_word' id='word_1_834' title='bbox 2273 5520 2597 5593; x_wconf 55' lang='lat' dir='ltr'><strong>Egypthin</strong></span> <span class='ocrx_word' id='word_1_835' title='bbox 2627 5538 2729 5590; x_wconf 90' lang='lat' dir='ltr'><strong>qua</strong></span> <span class='ocrx_word' id='word_1_836' title='bbox 2761 5523 2943 5593; x_wconf 76' lang='lat' dir='ltr'><strong>hircus</strong></span> <span class='ocrx_word' id='word_1_837' title='bbox 2972 5536 3067 5593; x_wconf 87' lang='lat' dir='ltr'><strong>pro</strong></span> <span class='ocrx_word' id='word_1_838' title='bbox 3104 5523 3223 5574; x_wconf 81' lang='lat' dir='ltr'><strong>deo‘</strong></span> <span class='ocrx_word' id='word_1_839' title='bbox 3244 5520 3559 5593; x_wconf 80' lang='lat' dir='ltr'><strong>habebatur.</strong></span> 
     </span>
    </p>
   </div>
   <div class='ocr_carea' id='block_1_128' title="bbox 2238 5588 3735 5665">
    <p class='ocr_par' dir='ltr' id='par_1_128' title="bbox 2238 5588 3735 5665">
     <span class='ocr_line' id='line_1_130' title="bbox 2238 5588 3735 5665; baseline -0.005 -18"><span class='ocrx_word' id='word_1_840' title='bbox 2238 5588 2717 5665; x_wconf 23' lang='grc' dir='ltr'>(16)Ἐίῦσταχύν.</span> <span class='ocrx_word' id='word_1_841' title='bbox 2769 5590 2857 5644; x_wconf 83' lang='lat' dir='ltr'><strong>Sic</strong></span> <span class='ocrx_word' id='word_1_842' title='bbox 2884 5590 3123 5661; x_wconf 80' lang='lat' dir='ltr'><strong>plerique</strong></span> <span class='ocrx_word' id='word_1_843' title='bbox 3164 5592 3317 5646; x_wconf 87' lang='lat' dir='ltr'><strong>codd.</strong></span> <span class='ocrx_word' id='word_1_844' title='bbox 3347 5590 3403 5643; x_wconf 87' lang='lat' dir='ltr'><strong>lu</strong></span> <span class='ocrx_word' id='word_1_845' title='bbox 3433 5590 3544 5654; x_wconf 88' lang='lat' dir='ltr'><strong>ed.,</strong></span> <span class='ocrx_word' id='word_1_846' title='bbox 3575 5588 3735 5641; x_wconf 70' lang='grc' dir='ltr'>ἄστασ</span> 
     </span>
    </p>
   </div>
   <div class='ocr_carea' id='block_1_129' title="bbox 2202 5684 2281 5717">
    <p class='ocr_par' dir='ltr' id='par_1_129' title="bbox 2202 5684 2281 5717">
     <span class='ocr_line' id='line_1_131' title="bbox 2202 5684 2281 5717; baseline 0 -1"><span class='ocrx_word' id='word_1_847' title='bbox 2202 5684 2281 5717; x_wconf 77' lang='grc' dir='ltr'><strong>υν.</strong></span> 
     </span>
    </p>
   </div>
   <div class='ocr_carea' id='block_1_130' title="bbox 2168 5684 3734 5805">
    <p class='ocr_par' dir='ltr' id='par_1_130' title="bbox 2168 5684 3734 5805">
     <span class='ocr_line' id='line_1_132' title="bbox 2168 5684 3734 5805; baseline -0.003 -18"><span class='ocrx_word' id='word_1_848' title='bbox 2168 5684 2284 5805; x_wconf 43' lang='lat' dir='ltr'><strong>pri</strong></span> <span class='ocrx_word' id='word_1_849' title='bbox 2297 5734 2348 5805; x_wconf 81' lang='lat'>7)</span> <span class='ocrx_word' id='word_1_850' title='bbox 2374 5731 2730 5805; x_wconf 51' lang='grc' dir='ltr'>Πανηγυρις.</span> <span class='ocrx_word' id='word_1_851' title='bbox 2769 5731 3111 5805; x_wconf 80' lang='lat' dir='ltr'><strong>Sic_quatuor</strong></span> <span class='ocrx_word' id='word_1_852' title='bbox 3134 5731 3321 5805; x_wconf 28' lang='lat' dir='ltr'><strong>Reg‘g&quot;</strong></span> <span class='ocrx_word' id='word_1_853' title='bbox 3347 5730 3531 5786; x_wconf 86' lang='lat' dir='ltr'><strong>decem</strong></span> <span class='ocrx_word' id='word_1_854' title='bbox 3558 5727 3734 5789; x_wconf 67' lang='lat' dir='ltr'><strong>(301b,.</strong></span> 
     </span>
    </p>
   </div>
   <div class='ocr_carea' id='block_1_131' title="bbox 2168 5799 3377 5868">
    <p class='ocr_par' dir='ltr' id='par_1_131' title="bbox 2168 5799 3377 5868">
     <span class='ocr_line' id='line_1_133' title="bbox 2168 5799 3377 5868; baseline -0.003 -11"><span class='ocrx_word' id='word_1_855' title='bbox 2168 5799 2271 5857; x_wconf 82' lang='lat' dir='ltr'><strong>duo</strong></span> <span class='ocrx_word' id='word_1_856' title='bbox 2303 5804 2488 5857; x_wconf 78' lang='lat' dir='ltr'><strong>Coisl..</strong></span> <span class='ocrx_word' id='word_1_857' title='bbox 2515 5802 2605 5856; x_wconf 84' lang='lat' dir='ltr'><strong>0r.</strong></span> <span class='ocrx_word' id='word_1_858' title='bbox 2644 5801 2690 5867; x_wconf 77' lang='grc' dir='ltr'><strong>ί,</strong></span> <span class='ocrx_word' id='word_1_859' title='bbox 2722 5811 2825 5856; x_wconf 88' lang='lat' dir='ltr'><strong>etc.</strong></span> <span class='ocrx_word' id='word_1_860' title='bbox 2857 5799 2913 5853; x_wconf 87' lang='lat' dir='ltr'><strong>In</strong></span> <span class='ocrx_word' id='word_1_861' title='bbox 2943 5801 3050 5868; x_wconf 86' lang='lat' dir='ltr'><strong>ed.,</strong></span> <span class='ocrx_word' id='word_1_862' title='bbox 3084 5799 3377 5855; x_wconf 64' lang='grc' dir='ltr'>αυσειήοιον</span> 
     </span>
    </p>
   </div>
  </div>
