4010 6316
271 328 373 390 διι

1207 338 1465 395 ORATIO
1507 341 1748 398 XXXIX.
1790 373 1858 382 —
1895 343 1961 397 ΙΝ
2000 344 2268 400 SANCTA
2314 346 2590 402 LUMlNA.

3415 347 3522 402 542

271 441 702 512 κακοδαιμονίας
729 445 814 512 ἐφ’
840 445 1068 498 ἅπασιν·
1111 449 1185 512 ὡς
1227 451 1382 522 εἴπερ
1410 453 1622 506 ἀσεϐεῖν
1659 455 1841 517 αὐτοὺς

1954 466 2130 520 erant,
2195 461 2553 514 communiter
2616 468 2790 513 tamen
2847 457 3025 513 omnia
3077 457 3143 512 ad
3196 457 3516 513 horrendam

269 533 371 585 sse.
400 531 653 596 πάντως,
691 535 784 586 καὶ
823 534 923 604 τῆς
960 535 1054 588 τοῦ
1087 537 1220 593 Θεοῦ
1251 540 1406 609 δόξης
1432 541 1746 606 ἀποπεσεῖν,
1777 546 1855 607 είς

267 621 460 674 εἴδωλα
503 624 950 694 κατενεχθέντας,
985 629 1077 680 καὶ
1112 628 1304 699 τέχνης
1344 631 1496 704 ἔργα,
1533 635 1626 686 καὶ
1661 635 1856 706 χειρῶν

268 712 597 782 πλάσματα,
635 716 710 784 μὴ
739 715 804 768 ἂν
835 716 962 770 ἄλλο
992 734 1044 770 τι
1075 722 1194 771 κατ’
1225 721 1403 773 αὐτῶν
1443 721 1702 788 εὖξασθαι
1731 724 1858 788 τούς

266 818 324 868 γε
347 801 475 854 νοῦν
505 802 754 872 ἔχοντας,
787 804 819 872 ἢ
854 805 1076 856 τοιαῦτα
1111 807 1460 877 σεὸασθῆναι,
1493 810 1587 863 καὶ
1613 809 1754 863 οὕτω
1779 828 1858 862 τι·

263 891 458 960 μῆσαι,
503 893 599 944 ἴνα
637 894 736 963 τὴν
765 895 1129 964 ἀντιμισθίαν,
1161 898 1224 966 ἣν
1255 897 1360 950 ἔδει
1393 899 1490 968 τῆς
1522 899 1748 970 πλάνης,
1784 898 1858 962 ὥς

266 997 395 1048 φησι
444 981 695 1046 Παῦλος,
736 984 1210 1056 ἀπολαμϐάνωσιν,
1247 989 1303 1040 ὲν
1347 981 1428 1050 οἷς
1480 989 1754 1042 σέϐονται·
1795 989 1856 1041 οὐ

263 1071 473 1140 μᾶλλον
522 1073 818 1142 τιμῶντες,
856 1075 888 1144 ἢ
941 1075 1006 1127 δι’
1042 1076 1262 1129 ἐκείνων
1297 1077 1408 1146 (18)
1449 1078 1852 1149 ἀτιμαζόμενοι.

251 1162 563 1220 Maium-.01
606 1167 707 1236 τῆς
738 1168 962 1238 πλάνης,
1007 1168 1409 1241 βδελυκτότεροι
1453 1172 1552 1242 τῆς
1584 1171 1856 1232 εὐτελείας

259 1256 364 1308 τῶν
415 1251 920 1329 προσδέονουμένων
969 1261 1062 1314 καὶ
1104 1261 1427 1331 σεϐομένων,
1474 1263 1560 1317 ἵνα
1622 1264 1714 1316 καὶ
1760 1263 1856 1315 αὺ-

259 1348 366 1398 τών
410 1349 526 1400 τῶν
563 1351 890 1420 τιμωμένων
934 1345 1068 1404 ὦσιν
1097 1352 1568 1424 ἀναισθητότερα,
1597 1355 1849 1407 τοσοῦτον

259 1438 702 1509 ὑπερϐάλλοντες
745 1441 921 1512 ἀνοίᾳ,
956 1443 1079 1495 ὅσον
1114 1443 1357 1515 εὐτελείᾳ
1403 1445 1471 1499 τά
1511 1445 1848 1516 προσκυνού-

261 1547 422 1598 μενα.

1955 548 2326 618 perditamque
2386 549 2712 618 impietatem
2779 548 3107 610 tendebant;
3173 547 3304 602 adeo
3346 555 3424 612 ut,
3471 549 3515 602 si

1954 638 2169 706 quidem
2199 639 2417 692 omnino
2454 653 2546 693 eos
2578 639 2854 707 impietate
2892 637 3211 707 constringi,
3250 646 3412 707 atque
3449 637 3518 692 ad

1954 727 2238 783 simulacra
2270 737 2323 782 et
2349 729 2481 782 artis
2512 742 2674 796 opera
2710 741 3071 797 manuumque
3111 728 3358 798 ﬁgmenta
3389 742 3516 796 pro-

1956 815 2154 884 lapsos,
2181 832 2210 869 a
2243 817 2332 871 Dei
2366 816 2532 883 gloria
2562 816 2718 885 dejiei
2751 817 3053 885 Oportebat,
3097 817 3226 871 nihil
3264 817 3404 870 aliud
3437 818 3516 886 ip—

1956 905 2034 958 sis
2057 905 2262 960 cordati
2296 906 2539 960 homines
2566 905 2852 975 imprecari
2883 915 3120 974 possent,
3150 921 3307 973 quam
3348 916 3406 960 ut
3435 917 3516 961 ta-

1956 993 2023 1047 lia
2058 1007 2460 1060 venerarentur,
2495 995 2796 1064 talibusque
2823 995 3116 1049 honoribus
3137 995 3428 1057 officerent,
3458 1004 3516 1050 ut

1953 1085 2154 1139 erroris
2182 1085 2502 1150 mercedem,
2529 1100 2690 1154 quam
2723 1085 2964 1150 decebat,
3002 1096 3059 1139 ut
3098 1085 3170 1138 ait
3214 1085 3406 1140 Paulus
3431 1086 3513 1150 ”,

1953 1189 2050 1243 per
2076 1175 2380 1244 hujusmodi
2418 1177 2814 1231 venerationem
2839 1177 3170 1246 reciperent;
3206 1193 3308 1228 non
3343 1176 3514 1244 magis

1952 1279 2016 1318 ea
2051 1265 2271 1319 numina
2325 1280 2422 1332 per
2451 1265 2658 1334 seipsos
2686 1267 3034 1330 honorantes,
3073 1280 3230 1334 quam
3280 1266 3379 1332 ipsi
3421 1281 3514 1334 per

1944 1365 2008 1406 ea
2069 1352 2297 1407 dedecus
2356 1361 2516 1422 atque
2569 1354 2844 1408 infamiam
2920 1355 3156 1424 sibiipsis
3220 1355 3509 1410 iuurentes.

1947 1443 2319 1499 Exsecrabiles
2344 1444 2560 1514 quidem
2585 1445 2660 1500 illi
2681 1447 2750 1501 ob
2771 1461 3032 1514 errorem,
3069 1447 3512 1503 cxsecrabiliores

1947 1541 2126 1588 autem
2169 1533 2238 1588 ob
2269 1549 2476 1600 eorum,
2528 1549 2646 1603 quae
2693 1546 3019 1591 venerantur
3059 1546 3220 1606 atque
3264 1537 3509 1602 adorant,

261 1623 572 1690 vilitatem;
620 1624 691 1678 ita
726 1634 784 1679 ut
823 1625 888 1680 iis
917 1627 1102 1692 etiam,
1133 1643 1254 1697 quae,
1280 1628 1482 1696 colunt,
1523 1630 1855 1699 stupidiores
1894 1642 1952 1683 se
1999 1627 2291 1709 praebeant,
2343 1637 2654 1698 tantumque
2687 1645 2748 1685 ea
2811 1622 3076 1685 dementia
3125 1640 3179 1686 et
3219 1631 3512 1688 stoliditate

257 1724 546 1783 superent,
600 1727 860 1785 quantum
905 1719 977 1773 ab
1015 1719 1098 1783 iis,
1153 1735 1271 1788 quae
1311 1721 1558 1787 adorant,
1607 1723 1812 1776 vilitate
1848 1728 2190 1790 superantur.

319 1811 397 1876 _Z'.
443 1808 639 1863 Ταῦτα
674 1812 773 1881 μὲν
807 1807 898 1866 οὖν
942 1813 1282 1878 παιζέτωσαν
1327 1815 1592 1886 Ἐλλήνων
1639 1817 1841 1879 παῖδες,

2025 1811 2137 1868 Vll.
2175 1814 2348 1883 Atque
2383 1815 2496 1869 bzcc
2537 1814 2752 1884 quidem
2795 1813 2980 1870 ludant
3013 1815 3260 1886 gentiles,
3305 1829 3368 1871 ac
3402 1815 3510 1870 dae-

254 1900 352 1952 καὶ
377 1900 661 1971 δαίμονες,
693 1904 824 1973 παρ’
855 1894 927 1956 ὧν
954 1902 1178 1967 ἐκείνοις
1207 1907 1239 1975 ή
1265 1906 1436 1968 ἀνοια,
1461 1906 1560 1977 τὴν
1583 1906 1676 1959 τοῦ
1709 1906 1842 1960 Θεοῦ

256 1991 426 2062 τιμὴν
483 1995 564 2054 είς
615 1993 840 2056 ἑαυτοὺς
891 1993 1279 2063 μεθελκόντων,
1315 1997 1408 2049 καὶ
1447 1997 1636 2060 ἄλλους
1673 1998 1844 2060 ἄλλως

259 2084 715 2153 κατατεμνόντων
740 2086 818 2148 είς
851 2085 1080 2157 αἰσχρὰς
1099 2087 1254 2152 δόξας
1284 2089 1376 2143 καὶ
1397 2090 1715 2157 φαντασίας,
1749 2089 1842 2159 ἀφ’

257 2163 318 2222 οὗ
366 2172 466 2226 τοῦ
499 2173 659 2239 ξύλου
708 2175 808 2244 τῆς
847 2177 991 2246 ζωῆς
1035 2176 1351 2241 ἐκϐαλόντες
1386 2181 1552 2250 ἡμᾶς,
1598 2177 1676 2248 τῷ
1705 2178 1843 2248 ξύλῳ

260 2263 356 2331 τῆς
377 2263 642 2330 γνώσεως
679 2266 738 2318 οὐ
774 2265 914 2319 κατά
946 2267 1154 2337 καιρὸν,
1182 2269 1290 2322 οὐδ’
1324 2269 1642 2338 ἐπιτηδείως
1681 2287 1843 2339 μετα-

258 2350 566 2422 ληφθείσης
597 2353 729 2422 (19),
764 2355 837 2417 ὡς
877 2355 1294 2429 ἀσθενεστέρους
1336 2358 1437 2430 ἤδη
1482 2359 1838 2430 κατέδραμον,

256 2441 345 2495 τὸν
394 2444 650 2513 ἡγεμόνα
700 2444 822 2498 νοῦν
872 2449 1334 2518 συναρπάσαντες,
1377 2450 1608 2512 καὶτοῖς
1647 2448 1841 2502 πάθεσι

259 2529 428 2599 θύραν
471 2533 798 2597 ἀνοίξαντες.
832 2534 907 2586 Οὐ
939 2535 1049 2607 γὰρ
1087 2536 1298 2608 ἔφερον,
1341 2537 1498 2606 φύσις
1531 2538 1680 2600 ὄντες
1708 2537 1840 2605 φοο-

255 2623 389 2692 νερὰ
435 2623 535 2676 καὶ
571 2622 969 2692 μισάνθρωπος,
1023 2623 1219 2694 μᾶλλον
1261 2627 1317 2680 δέ
1363 2627 1450 2680 8ιά
1486 2627 1582 2697 τὴν
1635 2626 1840 2680 ἑαυτῶν

259 2707 458 2761 κακίαν
488 2710 787 2779 γενόμενοι,
822 2711 946 2772 τοὺς
985 2711 1134 2764 κάτω
1173 2713 1278 2766 τῶν
1309 2716 1419 2768 ἅνω
1447 2717 1649 2784 τυχεῖν,
1689 2715 1841 2769 αὐτοὶ

257 2803 523 2864 πεσόντες
553 2802 647 2855 ἐπὶ
673 2803 774 2872 γῆς
801 2803 1024 2869 ἄνωθεν,
1050 2805 1170 2858 ούδέ
1207 2806 1470 2877 τοσαύτην
1509 2806 1838 2876 μετάστασιν

257 2891 514 2956 γενέσθαι
546 2893 646 2962 τῆς
682 2892 858 2963 δόξης,
899 2895 993 2946 καὶ
1019 2895 1125 2947 τῶν
1159 2894 1388 2965 πρώτων
1412 2897 1641 2965 φύσεων.
1672 2898 1840 2952 Τοῦτό

259 2982 406 3034 ἐστιν
460 2983 490 3033 ό
533 2981 768 3052 διωγμὸς
806 2983 896 3036 τοῦ
929 2983 1275 3055 πλάσματος·
1304 2985 1389 3040 διὰ
1420 2986 1576 3039 τοῦτο
1605 2990 1637 3060 ἡ
1677 2987 1838 3041 εἰκὼν

259 3073 348 3125 τοῦ
379 3073 521 3128 Θεοῦ
553 3074 887 3146 καθυϐρίσθη
910 3094 922 3107 ο
960 3077 1054 3128 καὶ
1092 3076 1271 3142 καθὼς
1303 3078 1404 3131 οὐκ
1438 3078 1838 3151 ἐδοκιμάσαμεν

260 3163 492 3231 φυλάξαι
521 3162 620 3234 τὴν
655 3164 890 3235 ἐντολὴν,
918 3165 1294 3237 παρεδόθημεν
1325 3171 1389 3238 τῇ
1420 3149 1710 3239 αὐτονομίᾳ
1736 3149 1833 3242 τῆς
1863 3149 1906 3206 c

260 3258 471 3331 πλάνης
494 3258 606 3331 (20)
626 3276 639 3291 ·
671 3260 763 3312 καὶ
810 3257 989 3321 καθὼς
1016 3257 1420 3328 ἐπλανήοημεν,
1449 3260 1832 3331 ὴτιμάσθημεν

257 3350 314 3402 ἐν
359 3347 443 3415 οἷς
484 3350 876 3422 ἐσεϐάσθημεν.
921 3350 994 3402 Οὐ
1026 3349 1134 3422 γάρ
1166 3349 1320 3403 τοῦτο
1371 3350 1528 3419 μόνον
1555 3350 1744 3414 δεινὸν,
1773 3343 1834 3406 τδ

261 3443 661 3512 πεποιημένους
696 3444 780 3494 ἐπ’
809 3439 1027 3508 ἀγαθοῖς
1069 3439 1249 3511 ἔργοις
1281 3439 1412 3510 (21),
1457 3441 1534 3503 είς
1558 3439 1710 3507 δόξαν
1740 3443 1834 3495 καὶ

257 3532 476 3587 ἔπαινον
536 3533 630 3586 τοῦ
685 3532 1060 3603 πεποιηκότος,
1104 3532 1196 3585 καὶ
1235 3529 1368 3583 Θεοῦ
1415 3530 1664 3601 μίμησιν,
1713 3533 1835 3585 ὅσον

259 3623 498 3690 ἐφικτὸν,
529 3625 862 3695 ὁρμητήριον
895 3621 1145 3690 γενέσθαι
1193 3621 1458 3675 παντοίων
1500 3621 1706 3686 παθῶν,
1745 3621 1836 3694 βο·-

261 3715 538 3786 σκομένων
571 3714 756 3779 κακῶς
791 3715 884 3769 καὶ
920 3713 1282 3768 δαπανώντων
1324 3713 1414 3766 τὸν
1453 3713 1601 3776 ἐντὸς
1629 3713 1836 3785 ἀνθρωο

260 3821 391 3859 πονε
422 3805 563 3859 ἀλλά
593 3805 654 3858 τὸ
703 3805 812 3876 (22)
873 3805 966 3858 κα)¹
1024 3804 1177 3868 θεοὺς
1217 3804 1515 3874 στήσασθαι
1561 3805 1670 3875 (23)
1713 3822 1834 3858 συνο

261 3898 491 3970 ηγόρους
555 3898 666 3960 τοῖς
733 3895 980 3959 πάθεσιν,
1047 3895 1134 3950 ἴνα
1193 3897 1266 3966 μὴ
1335 3897 1494 3967 μόνον
1549 3895 1837 3949 ἀνεύθυνον

260 3989 317 4042 τδ
378 3990 748 4061 ἁμαρτάνειν,
813 3987 948 4041 ἀλλά
1014 3988 1105 4042 καὶ
1168 3985 1308 4040 θεῖον
1375 3986 1691 4057 νομίζηται,
1757 3989 1837 4052 είς

260 4081 511 4151 τοιαύτην
577 4079 915 4148 καταφεῦγον
977 4077 1307 4146 ἀπολογίαν,
1370 4077 1439 4130 τὰ
1506 4073 1838 4148 προσκυνού-

264 4188 419 4242 μενα.

1947 1920 2155 1972 mones,
2189 1921 2217 1960 a
2245 1906 2438 1976 quibus
2469 1905 2540 1959 illi
2571 1906 2620 1960 in
2649 1906 2789 1961 hanc
2816 1907 3102 1961 amentiam
3143 1907 3505 1974 impelluntur,

1945 1997 2069 2049 dum
2105 1996 2358 2050 nimirum
2384 1995 2472 2050 Dei
2505 1995 2665 2066 681
2708 1996 2966 2052 honorem
2993 1997 3058 2049 ad
3089 1996 3295 2066 seipsos
3323 1997 3506 2050 detor-

1946 2094 2130 2153 quent,
2161 2095 2321 2154 atque
2346 2086 2398 2139 in
2427 2095 2608 2153 turpes
2644 2086 2963 2151 sententias,
2991 2095 3046 2141 et
3075 2099 3250 2140 rerum
3278 2087 3504 2155 species.

1945 2177 2078 2231 alios
2103 2174 2209 2230 alio
2233 2176 2390 2230 modo
2415 2176 2744 2245 discindunt,
2773 2192 2836 2232 ex
2881 2192 2985 2246 quo
3014 2191 3110 2232 nos
3143 2193 3238 2247 per
3270 2179 3507 2234 scientiae

1943 2268 2144 2338 lignum
2171 2268 2349 2322 minus
2381 2269 2695 2336 tempestive
2738 2277 2792 2323 et
2837 2269 3116 2323 commode
3165 2277 3503 2338 perceptum,

1945 2361 2064 2414 vita:
2094 2359 2238 2430 ligno
2281 2360 2616 2424 exturbatos,
2669 2360 2815 2414 velut
2847 2359 2958 2428 jam
3006 2359 3347 2427 inﬁrmiores,
3379 2371 3508 2414 exa-

1943 2452 2210 2520 gitarunt,
2255 2453 2629 2522 gubernatrice
2678 2461 2857 2507 mente
2911 2453 3173 2521 abrepta,
3233 2449 3506 2520 ianuaque

1941 2541 2151 2597 vitiosis
2203 2541 2369 2596 animi
2425 2541 2800 2598 affectionibus
2857 2542 3147 2610 patefacta.
3205 2541 3315 2598 Nec
3361 2543 3505 2598 enim

1941 2631 2082 2686 ferre
2110 2641 2377 2702 poterant,
2409 2649 2530 2688 cum
2555 2635 2753 2690 invidia
2794 2641 2956 2702 atque
2980 2634 3104 2691 odio
3127 2634 3385 2692 adversus
3407 2634 3505 2690 bo-

1942 2723 2140 2777 mincm
2175 2734 2361 2794 suapte
2393 2736 2580 2780 natura
2622 2725 2925 2796 ﬂagrarent,
2963 2725 3081 2791 vel,
3117 2733 3174 2779 ut
3214 2723 3413 2780 rectius
3434 2723 3508 2779 lo-

1940 2826 2094 2880 quar,
2125 2823 2344 2880 propter
2371 2814 2560 2868 vitium
2589 2829 2746 2869 suum
2782 2816 2832 2869 in
2885 2815 3027 2870 hunc
3072 2814 3313 2870 habitum
3344 2816 3505 2885 dege-

1941 2913 2238 2968 nerassent,
2285 2915 2526 2960 terrenos
2573 2905 2820 2961 homines
2861 2906 3110 2973 supernis
3159 2906 3316 2962 bonis
3361 2906 3503 2970 frui,

1941 3007 2063 3047 cum
2107 2993 2207 3063 ipsi
2244 3008 2274 3048 e
2301 2995 2436 3050 coelo
2483 2996 2534 3049 in
2585 3005 2784 3050 terram
2839 2996 3190 3062 corruissent,
3245 3011 3345 3052 nec
3390 3007 3506 3051 tan-

1944 3092 2050 3138 tam
2097 3084 2301 3152 gloriac,
2352 3086 2698 3156 pristinmque
2731 3085 2970 3154 ipsorum
3007 3096 3211 3143 natura:
3251 3088 3505 3143 mulatio-

1940 3190 2062 3229 nem
2109 3175 2248 3230 ﬁeri.
2287 3175 2489 3231 idcirco
2527 3177 2828 3246 persecutio
2857 3177 3110 3233 adversus
3149 3176 3241 3232 Dei
3275 3178 3504 3247 figmen-

1942 3273 2052 3318 tum
2082 3268 2314 3321 excitata
2345 3275 2458 3333 est;
2502 3269 2706 3322 idcirco
2750 3267 2842 3322 Dei
2879 3267 3056 3338 imago
3095 3267 3292 3335 probro
3323 3276 3376 3322 et
3410 3267 3505 3321 de-

1939 3355 2134 3410 decore
2173 3356 2386 3417 aﬁ‘ecta.
2430 3357 2494 3413 Et
2535 3357 2988 3428 quemadmodum
3027 3357 3280 3412 mandato
3314 3369 3503 3425 parere

1940 3447 2333 3512 recusavimus,
2369 3449 2441 3502 ita
2480 3448 2708 3504 licentia:
2744 3447 2946 3504 erroris
2986 3447 3165 3503 traditi
3205 3462 3419 3514 sumus;
3448 3456 3504 3502 et

1937 3539 2385 3608 quemadmodum
2441 3539 2828 3602 aberravimus,
2891 3538 2964 3592 ita
3018 3538 3255 3593 vicissim
3294 3538 3351 3593 in
3403 3537 3498 3605 iis,

1936 3626 2129 3696 quibus
2168 3629 2368 3683 cultum
2399 3637 2457 3684 et
2485 3629 2887 3683 venerationem
2913 3628 3278 3694 adhibuimus,
3303 3628 3502 3697 probro

1936 3727 1990 3773 et
2030 3719 2323 3786 ignominia
2353 3719 2551 3790 perfusi
2601 3735 2806 3776 sumus.
2855 3718 2966 3776 Nec
3008 3721 3150 3776 enim
3185 3721 3287 3776 hoc
3329 3721 3500 3776 solum

1935 3822 2096 3878 grave
2128 3817 2182 3862 et
2219 3810 2492 3878 indignum
2528 3819 2634 3876 est,
2675 3809 2838 3881 quod,
2871 3825 2990 3866 cum
3021 3813 3086 3864 ad
3135 3811 3272 3865 bona
3312 3826 3496 3881 opera,

1936 3898 1986 3951 in
2020 3897 2230 3967 opiﬁcis
2263 3899 2473 3955 laudem
2502 3909 2556 3956 et
2588 3900 2835 3972 gloriam,
2877 3901 3099 3971 Deique,
3127 3910 3384 3971 quantum
3419 3901 3500 3958 fas

1933 3997 2037 4057 est,
2091 3991 2469 4059 imitationem,
2518 3992 2685 4048 creati
2737 4007 3001 4057 essemus,
3055 3993 3233 4060 omnis
3280 3994 3500 4064 generis

1933 4082 2212 4150 vitiorum,
2259 4099 2378 4154 qua:
2417 4083 2730 4139 intestinum
2777 4085 3048 4140 hominem
3105 4085 3300 4140 misere
3337 4085 3500 4154 depa-

1935 4182 2091 4226 scunt
2135 4184 2296 4243 atque
2330 4182 2676 4239 consumunt,
2733 4175 2888 4230 sedes
2928 4184 2981 4229 et
3033 4175 3495 4246 propugnaculum

267 4261 385 4316 facti
416 4278 641 4328 sumus;
707 4263 800 4317 sed
851 4263 1012 4317 etiam
1061 4263 1202 4332 quod
1245 4261 1381 4316 Deos
1440 4261 1692 4316 vitiorum
1765 4269 2017 4332 patronos
2061 4265 2384 4331 efﬁnximus,
2437 4276 2497 4322 ut
2538 4276 2836 4337 peccatum,
2903 4281 3009 4320 non
3054 4267 3212 4322 modo
3265 4268 3500 4322 crimine

262 4363 458 4417 careat,
495 4356 588 4408 sed
627 4355 788 4409 etiam
835 4353 1075 4409 divinum
1127 4363 1434 4419 censeatur,
1478 4354 1544 4406 ad
1586 4368 1648 4407 ea
1713 4353 1979 4420 videlicet,
2032 4369 2149 4424 qua:
2197 4372 2292 4428 pro
2352 4357 2454 4413 diis
2526 4357 2841 4421 adorantur,

262 4447 591 4516 confugiens.

2920 4355 3246 4411 defensionis
3329 4371 3494 4410 causa

324 4537 410 4590 H‘.
452 4537 616 4604 Ἡμῖν
647 4535 702 4588 δὲ
728 4535 916 4608 ὥσπερ
949 4537 1214 4608 ἐχαρίσθη
1244 4550 1303 4590 το
1333 4537 1588 4607 φυγοῦσΓ
1597 4539 1692 4609 τὴν
1725 4538 1830 4592 δει-

2007 4532 2135 4588 Vlll.
2172 4533 2241 4586 At
2267 4547 2414 4598 vero,
2445 4531 2895 4601 quemadmodum
2930 4532 3084 4588 nobis
3112 4533 3296 4588 divino
3333 4535 3498 4590 bene-

263 4626 538 4696 σιδαίμονα
570 4624 800 4694 πλάνην,
837 4626 973 4696 μετά
996 4627 1097 4698 τῆς
1125 4627 1383 4696 ἀληθείας
1417 4627 1667 4695 γενέσθαι
1691 4667 1705 4691 ,
1732 4629 1826 4681 καὶ

258 4715 520 4770 δουλεύειν
556 4716 675 4786 Θεῷ
724 4717 886 4781 ζῶντι
932 4717 1026 4771 καὶ
1078 4717 1334 4790 ἀληθινῷ,
1371 4720 1465 4771 καὶ
1507 4719 1606 4791 τὴν
1651 4717 1825 4776 κτίσιν

262 4805 687 4878 ὑπεραναὸἦναι,
716 4806 891 4861 πάντα
923 4808 1242 4878 περάσασιν,
1271 4810 1369 4861 ὅσα
1391 4809 1494 4862 ὑπὸ
1519 4809 1710 4880 χρόνον
1733 4809 1826 4860 κα).

261 4890 477 4961 πρώτην
512 4893 728 4962 κίνησιν
753 4909 766 4924 ’
806 4894 945 4946 οὕτω
971 4895 1061 4946 καὶ
1093 4895 1323 4964 εἴδωμεν
1364 4895 1496 4965 (24),
1547 4896 1642 4949 καὶ
1679 4897 1825 4966 φιλο-

264 4980 584 5048 σοφήσωμεν
625 4980 692 5032 τά
736 4982 860 5052 περὶ
902 4981 1036 5033 Θεοῦ
1067 4981 1250 5034 καὶιτά
1284 4980 1422 5035 θεῖα.
1451 4981 1824 5052 Φιλοσοφήσω-

265 5083 354 5134 μεν
386 5069 463 5131 δὲ,
493 5070 940 5141 ἀρχόμενοιβδ),
959 5070 1080 5124 ὅθεν
1100 5070 1362 5142 ἄρχεσθαι
1385 5073 1603 5141 ἄμεινον
1625 5089 1636 5102 ·
1670 5072 1826 5142 ἄμει-

323 5166 368 5195 ⁹⁹
407 5163 565 5218 Rom.
601 5181 638 5226 ι,
679 5165 750 5220 25
813 5182 934 5236 sqq.

481 5259 810 5333 _Ttpérrsq,_
933 5259 1004 5314 δι’
1030 5262 1294 5333 ἐκείνων.
1351 5264 1594 5331 Quinque
1626 5264 1815 5333 llegg.,

264 5339 369 5406 9,5,5-
399 5331 576 5406 θυεμ,
599 5332 742 5406 ,ΠεΙ-ιιο-
786 5331 987 5406 (ξοὶξίε,
1009 5332 1277 5402 τιμῶντες
1307 5333 1374 5386 τά
1414 5331 1761 5404 σεϐάσματα,
1795 5336 1826 5406 ἦ

263 5396 319 5451 δι’
350 5399 571 5452 ἑαυτῶν.
611 5400 700 5453 Sic
731 5400 855 5468 legit
879 5396 1078 5455 Billius.

327 5469 1000 5544 (l9)y62_a.1n5;0_elo'nc._
1053 5472 1148 5544 _S_ic
1198 5472 1678 5544 quinquerReggq
1708 5482 1830 5528 octo

261 5536 428 5612 σου),
463 5536 557 5592 0r.
574 5540 623 5612 _l_
665 5536 733 5612 et
779 5536 1037 5612 Βιιξιςοόζ
1053 5536 1229 5596 Unus‘
1260 5536 1410 5612 (lol'b.
1451 5536 1628 5604 habc't'.
1662 5536 1828 5612 μετα-

261 5604 526 5728 )ηὲὲθέντι.
570 5607 660 5662 Sic
690 5609 815 5678 legit
847 5609 966 5662 Bill.
1008 5610 1180 5664 Prave
1210 5613 1259 5664 in
1294 5611 1414 5665 Par.
1447 5615 1558 5676 ed.,
1590 5604 1824 5682 μεταλη-

261 5692 294 5744 ιρ
357 5693 494 5736 ντος.

329 5746 438 5816 (20)
463 5749 798 5818 Αὐτονομίᾳ
838 5746 946 5817 τῆς
974 5749 1232 5819 πλάνης.
1270 5749 1388 5806 Bill.
1429 5768 1442 5806 :
1482 5768 1500 5802 ‹
1530 5751 1730 5808 erroris
1763 5751 1829 5806 liv

1935 4625 2056 4678 ﬁcio
2087 4636 2402 4678 concessum
2440 4631 2540 4684 est,
2597 4633 2674 4688 ut,
2725 4622 3098 4691 superstitioso
3148 4637 3333 4680 errore
3372 4625 3498 4696 fuga

1933 4715 2144 4780 relicto,
2181 4729 2210 4766 a
2247 4713 2471 4768 veritate
2503 4723 2730 4776 alemus,
2761 4729 2826 4768 ac
2855 4714 2962 4769 Deo
2987 4714 3106 4770 vivo
3135 4723 3191 4770 et
3227 4729 3353 4772 vero
3381 4730 3496 4774 ser-

1934 4805 2158 4868 viamus,
2192 4815 2246 4859 et
2297 4818 2460 4872 supra
2513 4813 2814 4858 creaturam
2869 4817 3238 4874 assurgamus,
3291 4806 3490 4872 omnia,

1931 4909 2050 4962 qua:
2104 4894 2329 4963 tet'npori
2390 4895 2684 4964 primaeque
2743 4896 2963 4951 mmioni
3007 4897 3306 4964 subjacent,
3346 4897 3498 4968 traji-

1931 4987 2175 5052 cientes;
2233 4988 2301 5040 ita
2339 4987 2499 5042 etiam
2540 4986 2842 5043 faciendum
2890 4996 2992 5052 est,
3031 4997 3088 5042 ut
3145 5004 3242 5054 ea,
3272 5004 3390 5058 qua:
3429 4990 3496 5044 de

1934 5075 2063 5140 Deo,
2101 5092 2163 5131 ac
2199 5079 2378 5132 divina
2406 5085 2554 5145 sunt,
2587 5091 2997 5146 cognoscamus,
3025 5078 3090 5133 de
3123 5078 3296 5148 iisque
3325 5078 3496 5135 disse-

1927 5265 2142 5320 bcrlali.
2176 5281 2193 5313 ι

2001 5332 2112 5403 (21)
2159 5333 2276 5386 Ἐπ’
2301 5330 2542 5403 ἀγαθοῖς
2591 5330 2804 5403 ἔργοις,
2842 5339 2952 5403 _elq.
3013 5329 3132 5403 Bill.
3168 5347 3179 5381 :
3235 5347 3252 5378 ι
3281 5334 3496 5396 propter

1930 5399 2076 5472 bona
2094 5399 2280 5472 opera,
2309 5399 2424 5472 hoc
2449 5399 2551 5472 est,
2585 5402 2648 5472 ad
2675 5401 2884 5472 opificis
2922 5399 3151 5472 laudem,
3183 5415 3201 5447 ›
3232 5411 3336 5451 etc.

2001 5471 2112 5542 (22)
2133 5466 2332 5542 ’Ἀλλὰ
2358 5470 2442 5522 τό.
2472 5470 2682 5542 Comb.,
2713 5466 2963 5542 Miami
2985 5466 3061 5520 τὸ.

1999 5539 2112 5613 (25)
2139 5539 2514 5613 reponamus.
2556 5539 3008 5613 «_Coustituimus.
3038 5555 3056 5587 ι

2002 5603 2116 5678 (24)
2140 5603 2422 5677 Εἴδωμεν.
2461 5609 2548 5663 Sic
2578 5607 2742 5678 Regg.
2773 5607 3006 5675 bm,'ph,
3042 5615 3150 5659 tres
3173 5603 3348 5669 Colh.,
3385 5614 3490 5659 etc.

1928 5682 1984 5736 In
2027 5683 2132 5744 ed.,
2157 5681 2372 5749 ἴδωμεν.

2001 5741 2128 5822 (25)
2154 5741 2504 5818 Ἀρρίόμενοι.
2533 5746 2693 5804 Deest
2721 5747 2779 5803 in.
2813 5746 3015 5802 duobus
3043 5744 3206 5816 Regg.
3234 5753 3287 5800 et
3313 5741 3402 5800 0r.
3441 5744 3496 5817 l.
