4010 6316
442 348 547 402 545

1649 349 1707 405 S.
1746 346 2078 405 C‘REGORII
2119 345 2463 403 TIIEOLOGI

3592 349 3702 406 5η

446 461 1017 517 ramus.‘Disseremns
1059 468 1262 526 autem,
1315 462 1460 527 liinc,
1516 478 1655 517 ttnoe
1701 465 1870 519 satius
1916 473 2016 525 est.

2125 481 2213 517 vov
2232 463 2310 527 δέ,
2337 463 2458 516 ὅθεν
2489 461 2743 533 Σολομὼν
2763 464 2894 534 ἡμῖν
2925 463 3345 536 ἐνομοθέτησεν·
3395 462 3568 533 Ἆρχὴ
3593 480 3709 521 σο-

449 550 655 606 lnitium
698 552 971 608 ducentes.
1007 552 1140 609 llinc
1178 569 1339 623 porro
1381 556 1552 609 satius
1585 565 1689 620 est,
1728 558 1868 610 unde
1910 555 2012 609 Sa-

451 638 623 698 lomon
655 644 808 699 nobis
852 644 1022 714 legem
1075 646 1286 715 statuit.
1351 645 1676 714 Principium
1723 648 2012 713 ιαρὶεηιὶω,

458 736 640 804 mqnit,
692 735 895 803 posside
931 736 1244 803 sapientiam
1302 738 1341 789 ‘.
1401 737 1666 803 Quidnam
1704 737 1805 792 hoc
1859 748 2017 791 vocat

454 828 765 900 principium
825 829 1140 897 sapientiae?
1192 827 1465 883 Timorem
1513 831 1555 882 ί.
1625 828 1809 898 Neque
1872 827 2014 885 enim

443 935 504 973 ea
536 920 689 973 nobis
732 919 874 975 ratio
920 919 1150 973 ineunda
1209 931 1311 985 est,
1369 929 1428 972 ut
1481 935 1511 973 a
1557 920 2017 987 contemplatione

444 1012 804 1079 auspicantes,
844 1011 897 1065 in
926 1012 1172 1066 timorem
1204 1013 1510 1067 desinamus
1555 1010 1837 1079 (ell'renata
1870 1012 2016 1067 enim

444 1100 828 1168 contemplatio
857 1102 909 1154 in
945 1102 1243 1170 praecipitia
1272 1117 1484 1171 quoque
1524 1101 1755 1157 fortasse
1789 1117 1885 1157 nos
1916 1102 2017 1155 im-

442 1190 691 1260 pulerit);
731 1206 913 1245 vermn
966 1203 1023 1245 ut
1068 1194 1274 1247 timoris
1329 1192 1651 1247 rudimentis
1705 1193 1914 1250 imbuti.
1964 1204 2018 1247 et

442 1284 676 1351 purgati,
728 1292 909 1354 atque,
945 1293 1003 1338 ut
1053 1286 1155 1339 hoc
1188 1284 1352 1340 verbo
1406 1293 1550 1347 utar,
1601 1285 1891 1348 attenuati,
1960 1286 2012 1338 in

441 1373 609 1426 altum
636 1374 949 1428 elferamur.
983 1375 1080 1431 Ubi
1107 1378 1249 1429 enim
1294 1377 1459 1429 timor
1500 1387 1604 1441 est,
1652 1375 1759 1429 illic
1802 1390 2020 1445 quoque

440 1461 604 1533 682
639 1465 1013 1519 mandatorum
1057 1465 1408 1519 observatio:
1449 1464 1536 1518 ubi
1570 1474 1748 1519 autem
1798 1464 2017 1518 manda-

444 1564 618 1609 torum
672 1556 1002 1621 observatio,
1046 1556 1158 1609 illic
1200 1557 1362 1610 etiam
1424 1556 1621 1620 rarnis,
1670 1571 1809 1625 quae,
1860 1558 2017 1611 nubis

2121 557 2281 625 φίας,
2298 555 2448 624 φησὶ,
2468 553 2685 621 κτῆσαι
2704 554 2815 624 (26)
2832 556 3076 623 σοφίαν·
3096 556 3150 607 τί
3164 554 3322 609 τοῦτο
3342 555 3515 623 λέγων
3530 556 3713 627 ἀρχὴν

2126 646 2319 716 σοφίας
2340 662 2355 709 ;
2379 645 2482 698 Τὸν
2502 645 2684 713 φόϐον.
2709 645 2784 699 Οὐ
2813 646 2921 716 γὰρ
2946 646 3054 699 ἀπὸ
3078 645 3310 717 θεωρίας
3340 646 3707 718 ἀρξαμένους,

2123 738 2203 801 εἰς
2233 737 2395 806 φόόον
2420 736 2525 808 χρὴ
2566 737 2896 807 καταλήγειν
2936 736 3164 808 (θεωρία
3204 737 3315 807 γάρ
3375 737 3711 806 ἀχαλίνωτος

2123 829 2264 899 τάχα
2299 828 2364 881 ἂν
2390 829 2484 881 καὶ
2508 828 2650 881 κατά
2671 826 2933 899 κρημνῶν
2953 826 3057 880 ὦσε
3068 829 3165 897 ιεν)
3189 846 3203 859 θ
3231 828 3366 881 ἀλλὰ
3385 828 3533 898 φόϐῳ
3559 844 3711 879 στοι-

2124 920 2494 991 χειουμένους,
2521 920 2614 974 καὶ
2633 919 3085 990 καθαιρομένους,
3109 924 3225 981 καὶ,
3252 920 3319 972 ἵν’
3348 919 3520 983 οὕτως
3543 920 3709 981 εἴπω,

2123 1010 2572 1081 λεπτυνομένους,
2612 1012 2692 1073 είς
2734 1009 2868 1079 ὕψος
2916 1010 3187 1083 αἴρεσθαι.
3245 1003 3322 1063 Οὗ
3362 1010 3472 1081 γὰρ
3499 1010 3664 1079 φόϐος
3687 1050 3710 1073 ,

2125 1100 2354 1154 ἐντολῶν
2406 1102 2675 1171 τήρησις·
2726 1095 2786 1155 οὗ
2820 1100 2878 1153 δέ
2916 1101 3145 1155 ἐντολῶν
3202 1103 3452 1173 τήρησις,
3502 1102 3713 1172 σαρκὸς

2126 1192 2411 1263 κάθαρσις,
2463 1192 2557 1245 τοῦ
2590 1192 3051 1261 ἐπιπροσθοῦντος
3078 1197 3143 1266 τῇ
3177 1194 3325 1265 ψυχῇ
3368 1195 3580 1262 νέφους,
3608 1194 3710 1246 καὶ

2123 1285 2223 1336 οὐκ
2269 1283 2469 1347 ἐῶντος
2519 1283 2779 1355 καθαρῶς
2832 1284 2959 1338 ἰδεῖν
2996 1286 3094 1356 τὴν
3125 1285 3276 1339 θείαν
3305 1285 3526 1338 ἀκτῖνα·
3551 1279 3612 1338 οὗ
3644 1285 3706 1337 δὲ

2125 1374 2413 1447 κάθαρσις,
2440 1375 2706 1447 ἔλλαμψις
2726 1394 2740 1407 ·
2782 1375 3047 1447 ἔλλαμψις
3081 1376 3161 1437 δὲ,
3206 1377 3371 1430 πόθου
3401 1376 3703 1446 πλήρωσις,

2123 1468 2235 1530 τοῖς
2261 1466 2374 1519 τῶν
2413 1467 2686 1537 μεγίστων
2712 1468 2908 1539 (Ἦλῆ
2955 1466 3047 1520 τοῦ
3092 1468 3369 1537 μεγίστου,
3405 1467 3436 1539 ἢ
3471 1468 3609 1538 ὑπὲρ
3642 1466 3713 1519 τὸ

2127 1557 2269 1627 μέγα
2299 1560 2623 1631 ἐφιεμένοις.

442 1648 720 1718 cujusdam
748 1650 942 1713 instar,
970 1650 1162 1704 animae
1192 1649 1373 1705 lumen
1407 1651 1682 1715 obscurat,
1719 1666 1818 1706 nec
1847 1652 2011 1705 divini
2054 1653 2191 1707 radii
2276 1655 2617 1723 splendorem
2665 1669 2796 1727 pure
2840 1655 3036 1707 intueri
3105 1653 3256 1717 sinit,
3304 1652 3551 1725 purgatio
3591 1658 3698 1710 est.

442 1739 611 1794 Porro
661 1742 748 1795 ubi
811 1743 1079 1812 purgatio,
1120 1742 1227 1797 illic
1273 1743 1636 1810 illuminatio;
1688 1745 2010 1798 illuminatio
2079 1756 2280 1812 autem,
2330 1749 2585 1803 desiderii
2644 1763 2856 1801 summa
2919 1757 3023 1814 est,
3069 1749 3136 1802 iis
3168 1748 3351 1816 utique
3382 1749 3468 1816 qui
3523 1746 3702 1800 maxi-

441 1847 650 1887 marum
685 1849 885 1899 rerum,
926 1836 1007 1891 vel
1040 1837 1217 1905 potius
1246 1838 1496 1893 maxima)
1562 1839 1662 1906 rei,
1712 1849 1877 1910 atque
1919 1842 2053 1895 adeo
2126 1843 2550 1912 magnitudinem
2609 1858 2822 1897 omnem
2879 1844 3206 1909 superantis,
3254 1843 3546 1913 cupiditate
3597 1842 3701 1896 lla-

440 1935 619 1996 grant.

511 2014 603 2067 IX.
658 2015 919 2081 Quocirca
954 2030 1014 2071 se
1044 2033 1312 2089 quemque
1343 2022 1493 2090 prius
1521 2027 1750 2089 purgare
1778 2028 2010 2090 oportet,

2185 2021 2262 2074 ϐ’.
2300 2019 2396 2074 Διὰ
2426 2020 2584 2075 τοῦτο
2614 2022 2915 2095 καθαρτέον
2947 2023 3139 2077 ἑαυτὸν
3174 2022 3285 2094 (28)
3317 2021 3549 2094 πρῶτον,
3581 2018 3703 2075 εἶτα

440 2117 598 2175 atque
625 2107 695 2159 ita
726 2109 939 2162 demum
969 2124 1092 2163 cum
1122 2126 1258 2178 puro
1288 2112 1731 2167 consuetudinem
1761 2112 1961 2166 habere
1988 2130 2002 2176 ;

440 2211 505 2250 ne
537 2198 733 2265 alioqui
767 2200 922 2254 nobis
968 2201 1105 2253 idem
1175 2203 1315 2269 quod
1369 2201 1570 2263 lsraeli,
1624 2203 1853 2269 accidat,
1888 2202 2011 2258 vul-

436 2296 526 2342 tus
559 2288 777 2344 Mosaici
814 2290 1038 2358 gloriam
1070 2306 1175 2343 nou
1218 2292 1434 2358 ferenti,
1464 2307 1526 2346 ac
1555 2302 1839 2361 propterea
1872 2296 2011 2348 vcla-

439 2380 583 2433 miue
613 2394 747 2447 opus
771 2380 987 2433 habenti
1015 2381 1036 2411 ⁸
1073 2398 1086 2434 :
1121 2392 1206 2433 aut
1238 2383 1449 2446 eodem,
1478 2397 1583 2452 quo
1611 2383 1822 2449 Manue,
1857 2384 2016 2440 modo

438 2467 752 2533 alliciamur,
789 2484 852 2521 ac
878 2470 1119 2525 dicamus
1146 2469 1459 2537 :Periimus,
1495 2474 1705 2538 mulier,
1740 2474 1908 2528 Deum
1942 2477 2017 2529 vi-

438 2557 609 2610 dimus
632 2556 809 2618 ",cum
842 2556 1090 2612 videlicet
1117 2559 1208 2614 Dei
1233 2562 1441 2628 species
1472 2563 1568 2631 ipsi
1602 2546 2010 2632 objecta‘esset;

441 2656 554 2713 aut,
597 2647 742 2702 Petri
799 2650 990 2714 instar,
1042 2650 1223 2706 Jesum
1273 2668 1301 2707 a
1351 2657 1599 2709 navicula
1642 2656 1663 2687 '
1693 2639 2013 2712 submovea-

439 2754 581 2803 mus,
611 2748 792 2808 utpote
840 2741 930 2796 tali
982 2747 1263 2813 prmsentia
1302 2747 1501 2817 indigni
1550 2747 1788 2818 (Petrum
1831 2758 2013 2803 autem

440 2846 560 2886 cum
615 2831 754 2895 dico,
808 2846 969 2901 quem
1021 2834 1194 2890 virum
1253 2837 1413 2892 dico?
1462 2839 1630 2903 Eum,
1699 2840 1790 2910 qui
1846 2854 2011 2911 super

437 2918 631 2977 ﬂuctus
669 2922 1001 2995 ambulavit).
1054 2927 1162 2981 Aut
1208 2928 1483 2983 oculorum
1528 2945 1688 2985 sensu
1737 2931 2014 2993 orbemur,

440 3014 887 3081 quemadmodum
920 3015 1089 3071 Paulo
1141 3019 1359 3083 accidit,
1418 3035 1562 3085 eum,
1627 3023 1940 3093 priusquam
1985 3038 2015 3075 a

441 3105 902 3171 persecutiouibus
942 3109 1188 3177 expiatus
1215 3122 1384 3174 esset,
1418 3112 1745 3181 colloquium
1781 3130 1900 3167 eum
1926 3127 2013 3180 eo,

438 3209 598 3264 quem
632 3196 1075 3265 persequebatur,
1107 3200 1432 3264 miscuisset,
1470 3188 1553 3257 vel
1596 3205 1794 3273 potius,
1824 3205 2017 3275 exiguo

443 3286 623 3356 magni
648 3286 793 3342 illius
823 3288 1040 3344 luminis
1067 3291 1351 3359 splendore
1378 3296 1697 3361 perstrictus
1727 3294 1916 3351 fuisset
1946 3301 1967 3333 ⁸
1996 3314 2011 3351 :

440 3388 529 3432 aut
562 3380 813 3449 denique,
847 3390 904 3435 ut
927 3383 1175 3437 centurio
1210 3383 1318 3448 ille,
1355 3385 1675 3440 medicinam
1722 3388 1792 3440 ita
1828 3388 2009 3458 requi-
2041 3369 2082 3426 θ

441 3485 644 3537 ramus,
681 3480 739 3525 ut
779 3480 958 3527 tamen
998 3473 1248 3528 laudabili
1295 3477 1485 3531 timore
1517 3479 1803 3548 perterriti,
1840 3480 2010 3535 medi-

440 3578 561 3614 eum
612 3564 664 3616 in
698 3564 842 3618 mdes
873 3572 1087 3619 nostras
1119 3580 1223 3618 non
1255 3568 1627 3623 admittamus.
1678 3568 1911 3626 Proinde
1934 3572 2011 3625 di-

440 3666 524 3708 cat
567 3670 780 3723 quoque
820 3671 885 3709 ex
928 3657 1085 3711 nobis
1121 3659 1414 3728 quispiam,
1478 3660 1715 3729 quandiu
1774 3664 2012 3717 nondum

440 3756 719 3816 purgatur,
780 3748 871 3801 sed
922 3750 1100 3804 adhuc
1132 3752 1378 3805 centurio
1415 3763 1517 3816 est,
1569 3754 1621 3806 in
1670 3754 1867 3810 multos
1898 3755 2015 3808 vitii

441 3838 799 3905 principatum
859 3849 1062 3904 tenens,
1121 3857 1185 3896 ac
1242 3842 1466 3909 Cmsari,
1522 3845 1624 3901 hoc
1679 3858 1781 3914 est,
1833 3847 2015 3903 mundi

442 3929 691 3998 principi,
733 3945 1046 4002 eorumque,
1094 3935 1182 4002 qui
1233 3936 1379 3989 humi
1414 3935 1745 4003 volutantur,
1793 3938 2015 3995 domino

445 4021 683 4075 militat:
744 4020 867 4075 Non
918 4039 1034 4078 sum
1084 4026 1297 4094 dignus,
1356 4036 1412 4079 ut
1455 4029 1620 4082 intres
1673 4031 1766 4084 sub
1824 4039 2013 4085 tectum

442 4127 612 4165 meum
638 4113 681 4167 ⁷.
713 4112 842 4166 Cum
890 4123 1069 4169 autem
1127 4115 1311 4171 Jesum
1361 4122 1722 4187 conspexerit,
1773 4123 2020 4191 quamvis

444 4200 705 4267 spirituali
735 4210 940 4258 statura
978 4220 1196 4274 parvus,
1227 4218 1283 4262 ut
1324 4207 1583 4266 Zacbteus
1617 4211 1724 4275 ille,
1757 4228 1821 4267 ac
1857 4229 2020 4280 super

445 4304 782 4361 sycomorum
827 4307 1047 4351 evectus
1078 4298 1239 4354 fuerit
1290 4302 1344 4365 ⁸,
1383 4303 1723 4359 mortiﬁcatis
1773 4306 2018 4360 videlicet

446 4382 721 4449 membris,
752 4402 871 4456 quae
888 4403 1048 4457 super
1078 4399 1274 4445 terram
1304 4396 1483 4458 sunt',
1515 4405 1673 4464 atque
1706 4396 2021 4453 humilitatis

445 4490 668 4545 corpore
714 4489 990 4547 superato,
1045 4491 1153 4536 tum
1201 4498 1325 4539 vero
1378 4486 1611 4540 Verbum
1665 4488 1925 4557 excipiat,
1965 4499 2020 4543 et

2113 2110 2191 2183 τῷ
2220 2111 2448 2184 καθαρῷ
2494 2113 2925 2185 προσομιλητέον
2952 2134 2966 2145 ο
3001 2114 3162 2184 εἴπερ
3213 2113 3288 2185 μὴ
3324 2114 3610 2185 μέλλοιμεν
3639 2113 3706 2166 τὺ

2115 2202 2208 2256 τοῦ
2257 2203 2472 2273 Ἰσραὴλ
2503 2202 2807 2264 πείσεσθαι,
2861 2203 2934 2274 μὴ
2970 2202 3227 2271 φέροντος
3271 2205 3369 2274 τὴν
3398 2191 3572 2269 δόξαν’
3602 2201 3705 2255 τοῦ

2116 2292 2408 2365 προσώπου
2443 2293 2705 2356 Μωσέως,
2742 2293 2836 2346 καὶ
2864 2295 2953 2348 διὰ
2980 2294 3137 2348 τοῦτο
3182 2294 3439 2365 δεομένου
3487 2294 3705 2365 καλύμ-

2120 2403 2293 2455 ματος
2313 2402 2326 2415 ·
2366 2384 2399 2456 ἦ
2427 2384 2487 2437 τὸ
2514 2384 2610 2437 τοῦ
2648 2386 2868 2449 Μανωὲ,
2894 2387 2986 2440 καὶ
3020 2385 3323 2448 πείσεσθαι,
3351 2389 3444 2439 καὶ
3483 2387 3660 2453 λέξειν
3684 2405 3705 2420 ο

2128 2474 2561 2545 Ἆπολώλαμεν,
2588 2471 2846 2546 ὦγῦναι,
2891 2476 3041 2531 Θεὸν
3078 2476 3443 2546 ἑωράκαμεν,
3470 2480 3526 2531 ἐν
3561 2496 3702 2548 φαν-

2116 2569 2278 2640 τασίᾳ
2309 2568 2444 2622 θεοῦ
2477 2570 2769 2639 γενομένου
2790 2588 2803 2599 ο
2834 2570 2888 2640 ἢ,
2912 2570 2987 2634 ὡς
3006 2571 3233 2641 Πέτρος,
3265 2572 3357 2623 τοῦ
3390 2572 3575 2625 πλοίου
3606 2573 3704 2625 τὸν

2129 2660 2334 2732 Ἰησοῦν
2383 2662 2833 2732 ἀποπέμψασθαι,
2888 2662 2963 2725 ὡς
2991 2662 3092 2715 οὐκ
3122 2660 3259 2726 ἄξιοι
3291 2662 3548 2732 τοιαύτης
3581 2665 3705 2717 ἐπι-

2116 2750 2337 2822 δημίας.
2375 2751 2580 2821 Πέτρον
2612 2753 2669 2804 δέ
2701 2753 2828 2805 ὅταν
2854 2753 3013 2813 εἴπω,
3048 2752 3171 2804 τίνα
3215 2752 3388 2820 λέγω;
3427 2753 3528 2807 Τὸν
3562 2754 3707 2808 κατά

2118 2843 2383 2913 κυμάτων
2416 2842 2774 2907 πεζεύσαντα.
2802 2844 2893 2909 Ἥ,
2920 2843 2997 2906 ὡς
3031 2843 3261 2906 Παῦλος,
3294 2842 3391 2914 τὴν
3411 2843 3532 2913 seu.
3562 2844 3706 2915 πλη-

2116 2930 2401 3008 γήσεσθαι,
2430 2937 2561 3007 πρὶν
2594 2936 2935 3009 καθαρθῆναι
2963 2937 3073 2991 τῶν
3100 2938 3375 3008 διωγμῶν,
3405 2938 3482 3008 τῷ
3510 2939 3705 2991 amo.

2120 3028 2269 3099 μένῳ
2299 3029 2732 3100 προσομιλήσας,
2780 3028 2980 3100 μᾶλλον
3033 3031 3090 3083 δὲ
3137 3030 3367 3102 βραχείᾳ
3392 3029 3484 3083 τοῦ
3529 3030 3705 3100 μεγά-

2115 3120 2208 3174 λου
2240 3120 2350 3192 (29)
2384 3121 2562 3190 φωτὸς
2603 3120 2948 3193 λαμπηδόνι·
2985 3121 3039 3192 ἢ,
3094 3122 3170 3185 ὡς
3202 3122 3229 3173 ὁ
3268 3123 3664 3193 ἑκατόνταρχος
3684 3163 3702 3189 ,

2116 3213 2211 3284 τὴν
2237 3214 2337 3285 μὲν
2374 3214 2675 3286 θεραπείαν
2702 3216 3076 3287 ἐπιζητήσειν,
3107 3218 3171 3286 τῇ
3205 3214 3353 3287 οἰκίᾳ
3388 3215 3495 3286 (50)
3527 3215 3583 3267 δέ
3609 3215 3706 3269 τὸν

2117 3304 2457 3377 θεραπευτὴν
2505 3309 2605 3361 οὐκ
2657 3307 3001 3373 εἰσδέξασθαι
3031 3307 3120 3360 διὰ
3148 3308 3351 3361 δειλίαν
3382 3308 3704 3379 ἐπαινουμέο

2116 3412 2232 3467 νην.
2262 3396 2482 3465 Δεγέτω
2497 3415 2580 3460 τις
2607 3399 2700 3451 καὶ
2734 3397 2911 3469 ἡμῶν,
2930 3398 3033 3461 ἕως
3052 3397 3203 3450 οὔπω
3219 3397 3537 3469 καθαίρεται
3563 3397 3699 3469 (51),

2118 3487 2232 3540 ἀλλ’
2265 3488 2413 3541 ἐστιν
2437 3489 2829 3559 ἑκατόνταρχος
2856 3489 2956 3553 ἔτι,
2985 3489 3245 3542 πλειόνων
3283 3491 3339 3542 ὲν
3372 3489 3538 3559 κακία
3566 3506 3699 3557 κρα-

2116 3578 2245 3641 τῶν,
2300 3580 2393 3633 κα).
2454 3578 2808 3651 στρατεύεται
2868 3579 3128 3651 Καίσαρι,
3180 3579 3257 3651 τῷ
3298 3579 3701 3650 κοσμοκράτορι

2117 3668 2226 3721 τῶν
2256 3668 2405 3722 κάτω
2428 3670 2743 3741 συρομένων
2758 3685 2771 3697 ’
2795 3670 2915 3723 Οὐκ
2932 3669 3045 3739 εἰμὶ
3063 3670 3288 3736 ἱκανὸς,
3316 3671 3417 3723 ἵνα
3436 3688 3554 3739 μου
3573 3669 3697 3722 ὑπὸ

2116 3760 2233 3829 τὴν
2261 3759 2486 3830 στέγην
2514 3761 2814 3829 εἰσέλθῃς.
2844 3763 3012 3815 Ὅταν
3057 3762 3115 3814 δέ
3153 3762 3364 3832 Ἰησοῦν
3414 3762 3699 3832 Θεάσηται,

2118 3851 2293 3904 καίτοι
2324 3850 2516 3921 μικρὸς
2533 3849 2608 3902 ὢν
2637 3850 2735 3922 τὴν
2757 3852 3132 3923 πνευματικὴν
3157 3852 3391 3922 ἡλικίαν,
3424 3851 3499 3914 ὡς
3532 3852 3559 3903 ό
3585 3850 3699 3921 (52)

2120 3943 2388 4012 Ζακχαῖος
2417 3944 2640 4005 ἐκεῖνος,
2680 3942 2774 3995 καὶ
2812 3944 2951 4015 ὑπὲρ
2983 3944 3083 4015 τὴν
3124 3943 3507 4015 συκομωραίαν
3530 3942 3696 4014 ἀρθῇ,

2120 4032 2401 4105 νεκρὼσας
2432 4032 2500 4086 τὰ
2539 4034 2673 4105 μέλη
2714 4034 2781 4087 τά
2820 4033 2912 4087 ἐπὶ
2937 4035 3037 4104 τῆς
3079 4036 3202 4106 γῆς,
3228 4036 3321 4089 καὶ
3347 4035 3699 4103 ὑπεραναὸἀς

2115 4123 2175 4176 τὸ
2207 4124 2365 4194 σῶμα
2396 4123 2496 4194 τῆς
2536 4124 2937 4189 ταπεινώσεως,
2971 4127 3089 4179 τότε
3125 4126 3217 4179 καὶ
3261 4126 3580 4196 είσδεχέσθω
3604 4125 3698 4180 τὸν

2116 4215 2309 4282 Λόγον,
2336 4216 2430 4268 καὶ
2452 4215 2696 4268 ἀκουέτω
2712 4232 2725 4245 ·
2748 4216 3017 4285 Σήμερον
3032 4217 3295 4285 σωτηρία
3316 4216 3394 4281 τῷ
3415 4217 3557 4281 οἴκῳ
3570 4218 3699 4271 τού-

2115 4324 2214 4372 τῳ,
2242 4306 2336 4359 καὶ
2357 4305 2682 4377 λαμϐανέτω
2707 4306 2808 4378 τὴν
2832 4306 3129 4379 σωτηρίαν,
3153 4307 3247 4361 καὶ
3278 4307 3699 4379 καρποφορείτω

2114 4400 2183 4453 τὰ
2201 4396 2523 4471 τελεώτερα,
2572 4396 2882 4469 σκορπίζων
2920 4399 3015 4451 καὶ
3043 4398 3273 4469 διαχέων
3306 4398 3506 4464 καλῶς,
3536 4398 3570 4452 ἃ
3596 4415 3697 4451 κα-

2116 4489 2228 4553 κῶς
2252 4488 2604 4559 ἐτελὼνησεν.

447 4571 626 4627 audiat
658 4590 671 4626 :
709 4572 881 4629 Hodie
915 4576 1058 4628 salus
1088 4576 1208 4629 huic
1236 4577 1413 4629 domui
1443 4576 1524 4639 ³ο,
1559 4578 1894 4648 salutemque
1923 4581 2189 4650 accipiat,
2252 4595 2316 4635 ac
2378 4581 2728 4652 perfectiores
2763 4578 2969 4636 fructus
3014 4581 3173 4644 ferat,
3240 4583 3493 4651 prmclare
3542 4597 3698 4652 spar-

446 4677 576 4729 gens
611 4672 664 4715 et
691 4663 991 4731 eﬂ‘undens,
1023 4680 1141 4733 quae
1177 4680 1243 4719 ex
1279 4666 1457 4719 telonii
1488 4666 1653 4721 lucris
1678 4666 1813 4721 male
1847 4668 2152 4738 collegerat.

516 4754 585 4808 Χ.
654 4758 795 4810 Idem
858 4759 1000 4811 enim
1063 4760 1316 4824 Verbum,
1380 4771 1435 4814 et
1492 4771 1710 4830 propter
1764 4771 2010 4816 naturam

2190 4765 2246 4817 l'.
2290 4763 2349 4816 Ὀ
2380 4764 2487 4836 γὰρ
2508 4763 2669 4826 αὐτὸς
2690 4763 2884 4831 Λόγος,
2914 4762 3007 4816 καὶ
3026 4762 3253 4833 φοϐερὸς
3273 4764 3380 4826 τοῖς
3398 4764 3497 4815 οὐκ
3526 4763 3695 4828 ἀξίοις

449 4861 600 4901 suam
651 4848 883 4918 indignis
939 4848 1339 4903 formidolosum
1388 4863 1489 4913 est,
1521 4862 1577 4905 et
1609 4861 1826 4921 prepter
1866 4855 2017 4907 beni-

448 4939 703 5007 gnitatem
739 4941 853 5009 capi
888 4948 1083 5009 potest,
1117 4941 1182 4995 iis
1210 4942 1424 5009 quidem
1454 4951 1626 5006 certe,
1651 4944 1743 5011 qui
1785 4944 1835 4996 in
1873 4944 2017 4999 hunc

450 5028 666 5081 modum
697 5028 893 5084 fuerint
935 5033 1214 5101 prmparati
1243 5048 1255 5097 ;
1300 5032 1421 5101 qui,
1460 5033 1671 5102 impuro
1704 5034 1894 5102 spiritu
1924 5036 2015 5089 de-

452 5119 625 5183 pulso,
658 5122 868 5174 animas
912 5108 1184 5191 agnitione
1231 5123 1537 5176 muntlarint
1584 5132 1639 5177 et
1680 5124 2011 5187 exornariut,

524 5209 543 5239 ν
575 5207 733 5261 Prov.
769 5223 842 5272 tv,
878 5210 929 5261 7.
1032 5214 1051 5241 ¹
1094 5210 1257 5265 Eceli.
1297 5227 1333 5271 ι,
1368 5210 1453 5264 16.

451 5279 485 5333 4
540 5292 658 5346 sqq.
730 5279 749 5309 "
783 5276 970 5333 Matth.
1013 5294 1127 5343 rm,
1165 5280 1219 5335 8.
1308 5281 1329 5312 ⁸
1370 5281 1500 5335 Luc.
1534 5297 1647 5344 xu,
1681 5282 1715 5334 2
1772 5296 1891 5349 sqq.

523 5366 632 5439 (26)
665 5366 909 5439 Κτῆσαί.
942 5368 1058 5421 Bill.
1092 5388 1105 5422 :
1138 5388 1155 5418 ι
1181 5370 1388 5439 collige.
1419 5391 1437 5422 ι

524 5438 634 5510 (27)
677 5438 803 5510 Ίξοῖς
829 5437 947 5492 τῶν
960 5439 1280 5510 μεγίστων.
1313 5437 1502 5496 Schol.
1541 5459 1553 5493 :
1584 5440 1695 5503 Τὰς
1720 5443 1866 5510 τρεῖς
1897 5441 2021 5495 om.

451 5506 667 5583 στάσεις
695 5507 783 5583 δεά
815 5510 874 5583 το
907 5506 1026 5583 κατ’
1057 5509 1261 5583 οὺσίαξ
1276 5510 1356 5575 ἓν,
1411 5512 1501 5564 καὶ
1548 5506 1764 5583 ταυτὸν,
1804 5511 1898 5565 καὶ
1934 5530 2023 5583 μο-

452 5576 666 5651 ναδικὸν
699 5578 797 5647 τῆς
843 5579 1125 5651 θεότητοςο
1182 5599 1199 5631 ι
1222 5578 1354 5634 Tres
1380 5596 1645 5651 persooas
1673 5580 1741 5635 ob
1775 5576 2019 5637 essentia:

451 5645 732 5719 unitatem,
756 5645 1106 5719 eamdemque
1127 5666 1189 5702 ac
1221 5645 1541 5719 singularem
1576 5652 1847 5706 deitatem.
1872 5671 1889 5701 ι

524 5714 635 5855 (ἳδ)
678 5710 941 5773 Ἐαυτόν.
970 5710 1131 5776 Deest
1159 5720 1209 5772 iu
1243 5710 1371 5787 Reg.
1404 5721 1493 5790 pb,
1522 5720 1613 5775 0r.
1651 5722 1679 5776 1
1712 5729 1764 5775 et
1790 5722 1930 5777 aliis.

524 5786 611 5854 (29
663 5788 957 5854 Μεγάλου.
990 5791 1145 5846 Deest
1168 5790 1219 5844 in
1251 5790 1455 5845 duobus
1493 5791 1657 5855 Regg.

520 5786 633 5855 (29)
663 5788 957 5854 Μεγάλου.
990 5791 1145 5846 Deest
1168 5790 1219 5844 in
1251 5786 1455 5845 duobus
1493 5791 1657 5857 Regg.

1550 5212 1570 5241 ³
1621 5210 1789 5286 Expd.
1825 5227 2013 5286 xxxiv,
2045 5215 2114 5286 30
2158 5231 2279 5286 sqq.

1969 5284 1989 5314 ⁹
2030 5284 2351 5353 (Ζοιοεεξιη,
2387 5287 2439 5341 5.
2521 5289 2565 5319 ¹⁰
2594 5286 2724 5341 Luc.
2756 5303 2868 5352 tux,
2895 5288 2948 5342 9.

2121 4854 2207 4906 διὰ
2234 4855 2333 4924 τὴν
2383 4854 2561 4922 φύσιν,
2593 4854 2688 4907 καὶ
2724 4853 2968 4925 χωρητὺς
3011 4853 3096 4907 διά
3145 4853 3552 4925 φιλανθρωπίαν
3583 4856 3697 4917 τοῖς

2122 4945 2294 5009 οὕτως
2325 4946 2781 5017 ηὐτρεπισμένοις
2831 4945 2975 5015 (55)·
3014 4946 3127 4999 ὅσοι
3162 4944 3271 5016 (⁸54)
3298 4945 3358 4998 τὸ
3388 4945 3696 5016 ἀκάθαρτον

2124 5037 2218 5089 καὶ¹
2248 5037 2431 5090 ὑλικὸν
2466 5037 2683 5108 πνεῦμα
2706 5036 2813 5089 τῶν
2832 5037 3017 5107 ψυχῶν
3051 5037 3442 5102 ἀπελάσαντες,
3477 5038 3569 5089 καὶ
3598 5037 3696 5100 τὰς

2124 5128 2333 5181 ἑαυτῶν
2354 5127 2532 5199 ψυχάς
2558 5132 2622 5199 τῇ
2658 5130 2949 5197 ἐπιγνώσει
2978 5130 3319 5201 σαρώσαντες
3367 5130 3460 5181 καὶ
3489 5131 3696 5200 κοσμή-

2380 5218 2402 5248 δ
2428 5217 2550 5274 Jud.
2592 5234 2714 5282 xm,
2757 5218 2848 5274 22.
2950 5220 2969 5250 ³
3000 5218 3129 5273 Luc.
3158 5236 3210 5284 ν,
3260 5219 3311 5272 8.
3407 5218 3427 5248 ⁸
3464 5221 3585 5273 Act.
3617 5236 3693 5284 ιι,

2200 5375 2312 5451 (ἕο)
2354 5377 2544 5451 οἰκίᾳ..
2583 5376 2673 5431 Sic
2699 5381 2875 5451 plures
2900 5378 3062 5447 Regg.
3106 5379 3161 5433 lu
3187 5379 3517 5451 ed._,Aoixsiqt.

2222 5447 2279 5499 51
2340 5447 2707 5516 Καθαίρεται.
2740 5447 2797 5499 In
2832 5451 3120 5514 nonnullis,
3153 5447 3505 5520 κεκάθαρται.

2199 5448 2311 5577 (52)
2352 5518 2449 5577 Ὧς
2475 5520 2525 5569 ό.
2562 5518 2651 5570 Sic
2674 5527 2877 5577 septem
2915 5518 3081 5577 ﬂetur.
3109 5519 3266 5573 Deest
3298 5521 3326 5572 ὁ
3355 5523 3405 5573 in
3428 5520 3505 5573 ed.

2418 5538 2449 5581 ς
2475 5534 2525 5569 o.
2562 5530 2651 5570 διο
2674 5530 2877 5589 septem
2915 5530 3081 5589 ttegg.
3109 5530 3266 5573 Deest
3298 5530 3326 5572 ο
3355 5530 3405 5573 tu
3428 5530 3513 5589 eu.

2199 5585 2311 5655 ('55)
2335 5585 2863 5659 Ηῠτρεπισμένοις.
2920 5585 3085 5659 Regg.
3126 5590 3234 5653 bm,
3264 5590 3333 5658 pb
3375 5601 3425 5644 et
3456 5587 3605 5646 Colb.
3637 5588 3691 5655 5,

2126 5655 2591 5725 εὐτρεπισμένοις.

2197 5725 2308 5795 (54)
2336 5727 2529 5781 Ὅσοι.
2552 5726 2738 5782 Plures
2771 5727 2943 5793 Colb.,
2971 5729 3058 5791 ὡς,
3079 5728 3147 5781 οἱ.
