4010 6316
181 386 268 445 M5
1075 383 1334 441 ORATIO
1376 385 1614 443 XXXIX.
1656 420 1725 430 —-
1762 387 1830 441 IN
1877 388 2155 444 SANCTA
2191 392 2475 446 LUMINA.
3302 403 3405 451 διὸ

180 519 375 577 ιπιντες,⁴
412 501 547 572 μηδὲ
580 500 781 573 ἀργὴν,
820 502 954 572 μηδὲ
1002 502 1285 575 ἄπρακτον
1318 502 1530 570 εἴασαν,
1588 504 1728 558 ὥστε
1760 559 1763 566 ,

1834 521 1932 561 nec
1963 521 2056 561 eas
2085 507 2297 561 desides
2325 520 2380 561 et
2419 508 2622 563 otiosas
2668 508 2831 580 683
2874 508 3210 578 reliquerim,
3244 509 3321 564 ita
3350 519 3404 563 ut

180 599 293 670 μετὰ
320 595 560 657 πλείονος
587 595 687 663 τῆς
713 595 1092 665 παρασκευῆς,
1128 590 1282 658 αὖθις
1312 594 1723 665 καταληφθῆναι

1831 609 1951 649 cum
1984 596 2169 664 majori
2206 607 2462 666 apparatu
2493 612 2522 649 a
2564 605 2770 666 septem
2822 599 2933 652 vitii
2968 599 3271 668 spiritibus,
3310 600 3407 655 hoc

177 688 263 743 ὑπὸ
289 687 385 740 τῶν
412 687 553 739 ἑπτὰ
588 686 685 756 τῆς
719 686 918 749 κακίας
969 686 1315 757 πνευμάτων,
1352 686 1451 737 ὅσα
1499 686 1593 739 καὶ
1624 686 1725 756 τῆς

1831 695 1932 751 est,
1974 686 2213 746 totidem,
2260 696 2389 755 qnot
2440 688 2651 742 virtutis
2698 690 2962 743 numerati
3009 701 3156 757 sunt,
3219 705 3411 744 rursus

177 781 349 849 ἀρετῆς
378 775 760 848 ἀπηρίθμηται
823 777 904 837 (τὸ
941 777 1049 849 γὰρ
1076 776 1516 848 δυσμαχώτερον,
1571 793 1726 847 περι-

1834 786 2126 844 occupetur
2177 777 2343 845 (quod
2399 778 2539 831 enim
2590 776 2857 834 diﬂicilius
2892 790 3250 850 expugnatur,
3302 791 3387 834 stu

177 868 663 939 σπουδαστότερον)·
709 866 846 920 ἀλλὰ
884 868 1020 938 πρὸς
1067 867 1145 938 τῷ
1194 870 1307 939 (55)
1362 870 1582 945 φεύγειν
1626 870 1725 940 τὴν

1832 868 2035 922 diosius
2065 877 2226 937 atque
2255 869 2531 923 ardentius
2577 870 2905 941 appetitur);
2949 887 3135 926 verum
3179 873 3245 926 ad
3290 870 3407 926 vitii

177 959 367 1020 κακίαν.
400 959 495 1011 καὶ
544 958 645 1028 τὴν
679 958 880 1030 ἀρετὴν
932 958 1275 1030 ἐργάζονται,
1308 962 1427 1015 ὅλον
1484 962 1575 1014 τὸν
1612 961 1724 1032 (36)

1835 959 2011 1030 fugam
2045 961 2259 1015 virtutis
2284 960 2489 1015 cultum
2521 961 2839 1030 adjungunt,
2885 970 3054 1018 totum
3088 964 3405 1027 Christum,

175 1053 401 1121 Χριστὸν,
434 1051 466 1121 ἢ
502 1052 588 1103 ὅτι
627 1050 883 1121 μάλιστα,
913 1051 1123 1114 ἑαυτοῖς
1154 1053 1564 1118 είσοικίσαντες,
1586 1052 1726 1105 ὥστε

1833 1053 1916 1107 vel
1944 1064 2090 1108 certe
2112 1069 2271 1123 quam
2301 1054 2555 1119 maxime,
2588 1055 2641 1108 in
2667 1054 2829 1107 animi
2861 1056 3189 1111 domicilium
3216 1056 3396 1110 admit-

179 1142 341 1212 μηδενὶ
370 1141 512 1212 κενῷ
543 1141 643 1213 τὴν
670 1141 915 1213 πονηρὰν
954 1140 1186 1214 δύναμιν
1210 1144 1569 1214 ὁμιλήσασαν,
1602 1146 1727 1197 ἐαυ-

1837 1153 2031 1212 tentes,
2065 1160 2130 1200 ne
2179 1160 2340 1216 prava
2399 1156 2659 1216 potestas,
2710 1160 2935 1199 vactnim
2994 1146 3192 1215 aliquid
3241 1145 3406 1200 otl'en-

176 1235 259 1303 τῆς
287 1232 438 1286 πάλιν
472 1233 783 1304 πληρῶσαι,
834 1233 926 1287 καὶ
972 1233 1221 1301 γενέσθαι
1270 1235 1338 1288 τὰ
1382 1235 1585 1306 ἔσχατα
1615 1236 1730 1305 χεί-

1836 1236 1986 1300 dens,
2016 1236 2231 1290 domum
2264 1251 2451 1289 rursus
2498 1234 2738 1305 impleat,
2773 1251 2836 1289 ac
2879 1235 3168 1290 novissima
3217 1235 3409 1305 priori-

179 1342 286 1398 ρονα
300 1323 403 1377 τῶν
442 1323 701 1396 πρώτων,
736 1325 825 1377 διὰ
851 1326 912 1378 τὸ
946 1325 1044 1395 τῆς
1075 1326 1186 1396 (57)
1217 1326 1568 1397 καταδρομῆς
1600 1344 1730 1395 σφο-

1836 1329 1936 1382 bus
1963 1328 2230 1382 deteriora
2273 1327 2405 1382 ﬁant
2433 1329 2475 1359 ”
2497 1368 2513 1393 ,
2549 1337 2657 1382 tum
2688 1336 2907 1397 propter
2931 1327 3209 1383 acriorem‘
3236 1342 3299 1382 ac
3322 1342 3410 1381 ve-

176 1419 419 1488 δρότερον,
436 1419 533 1469 καὶ
558 1418 621 1471 τὸ
650 1418 752 1487 τῆς
785 1419 1026 1488 φρουρᾶς
1058 1418 1460 1489 ἀσφαλέστερον
1484 1418 1577 1471 καὶ
1601 1418 1729 1470 δυσ-

1838 1419 2227 1476 hementiorem
2278 1419 2638 1475 incursionem
2668 1461 2684 1487 ,
2734 1430 2843 1474 tum
2891 1432 3109 1489 propter
3155 1418 3411 1486 majorem

178 1510 502 1580 αλωτότερον.
558 1510 731 1563 ’Ὅταν
787 1509 844 1562 δὲ
905 1510 1052 1580 πάσῃ
1123 1509 1337 1581 φυλακῇ
1392 1510 1731 1581 τηρήσαντες

1838 1512 1978 1566 arcis
2011 1512 2343 1577 ﬁrmitatem,
2375 1510 2602 1582 ejusque
2630 1512 2999 1582 expugnandae
3028 1510 3411 1568 diﬂicultatem.

178 1604 259 1670 τὴν
286 1601 487 1654 ἑαυτῶν
516 1599 720 1673 ψυχὴν,
752 1602 844 1655 καὶ
875 1601 1169 1665 ἀναϐάσεις
1194 1602 1252 1654 ἐν
1284 1604 1346 1673 τῇ
1375 1601 1570 1673 καρδίᾳ
1613 1601 1731 1654 δια-

1839 1605 2196 1675 Posteaquam
2254 1613 2459 1670 autem,
2519 1606 2701 1659 anima
2747 1615 2933 1661 nostra
2986 1605 3130 1660 omni
3170 1605 3412 1660 custodia

179 1692 385 1762 θέμενοι,
422 1694 519 1746 καὶ
552 1691 858 1755 νεώσαντες
883 1693 1095 1754 ἑαυτοῖς
1130 1690 1409 1761 νεώματα.
1443 1693 1538 1746 καὶ
1584 1691 1735 1744 σπεί-

1841 1705 2051 1750 servata
2106 1697 2177 1760 υ,
2231 1704 2393 1765 atque
2432 1694 2841 1750 ascensiontbus
2889 1695 2943 1749 in
2996 1695 3158 1749 corde
3193 1694 3415 1763 disposi-

182 1801 346 1853 ραντες
393 1787 471 1848 είς
501 1780 880 1856 δικαιοσύνην,
932 1783 1007 1846 ὡς
1040 1783 1371 1854 Σολομῶν-ει,
1404 1783 1500 1836 καὶ
1532 1782 1696 1837 Δαὸὶδ
1716 1826 1731 1850 ,

1846 1786 1913 1842 tis
1962 1788 2039 1852 ¹³,
2073 1788 2460 1857 novalibusque
2509 1788 2562 1840 in
2605 1787 2894 1855 nobisipsis
2941 1786 3208 1841 innovatis
3253 1786 3323 1851 “,
3355 1801 3417 1839 ac

177 1878 256 1929 καὶ
292 1877 527 1948 Ἱερεμίᾳ
554 1878 723 1940 δοκεῖ,
756 1875 1081 1947 φωτίσωμεν
1098 1877 1308 1938 ἑαυτοῖς
1332 1874 1447 1944 φῶς
1463 1874 1735 1943 γνώσεως·

1845 1880 2079 1949 denique
2125 1880 2333 1934 semine
2384 1880 2448 1932 ad
2480 1879 2745 1948 justitiam
2797 1893 3005 1945 sparso,
3061 1877 3413 1947 quemadmo-

178 1968 449 2037 τηνικαῦτα
483 1968 743 2039 λαλῶμεν
790 1968 925 2021 Θεοῦ
974 1971 1164 2036 σοφίαν
1214 1970 1272 2021 ὲν
1329 1968 1612 2039 μυστηρίῳ
1643 1967 1740 2038 τὴν

1843 1972 1991 2033 dum,
2022 1983 2076 2025 ct
2109 1969 2383 2036 Salomon,
2421 1981 2473 2026 et
2504 1971 2688 2035 David,
2715 1979 2770 2023 et
2798 1969 3063 2023 Jeretnias
3100 1970 3412 2032 admonent,

179 2061 683 2131 ἀποκεκρυμμένην,
710 2061 803 2113 καὶ
833 2061 947 2124 τοῖς
969 2060 1147 2123 ἄλλοις
1176 2059 1565 2130 ὲκλάμπωμεν.
1593 2058 1741 2122 Τέως

1843 2063 2081 2118 scientiae
2129 2062 2308 2124 lumen
2357 2062 2509 2116 nobis
2548 2062 2996 2125 excitaverimus;
3042 2069 3153 2113 tum
3204 2062 3415 2113 demum

177 2153 225 2205 es
242 2151 632 2223 καθαιρώμεθα
661 2152 772 2222 (⁸58)
804 2152 900 2205 καὶ
929 2150 1323 2223 προτελὼμεθα
1353 2151 1432 2221 τῷ
1463 2151 1640 2222 Λόγῳ,
1677 2151 1742 2203 ἵν’

1846 2155 1897 2209 in
1955 2155 2217 2226 mysterio
2272 2153 2644 2209 absconditam
2704 2152 2796 2206 Dei
2854 2152 3173 2221 sapientiam
3231 2150 3419 2217 loqua-

178 2245 247 2297 ὅτι
277 2244 504 2313 μάλιστα
542 2244 743 2307 αὐτοὺς
774 2245 922 2315 ἡμᾶς
949 2244 1351 2315 εὐεργετῶμεν,
1377 2244 1629 2306 θεοειδεῖς
1654 2244 1744 2313 ἐρ-

1845 2260 1965 2299 mur
1995 2244 2038 2276 ’⁸
2060 2286 2076 2311 ,
2108 2244 2335 2313 aliisque
2368 2244 2776 2312 prmluceamus.
2818 2242 3040 2296 Interim
3074 2256 3200 2295 vero
3223 2256 3420 2310 purge—

179 2334 468 2406 γαζὸμενοι,
504 2336 605 2389 καὶ
636 2336 839 2406 ἥκοντα
886 2336 976 2388 τὸν
1009 2336 1178 2404 Λόγον
1230 2336 1642 2406 ὑποδεχόμενον
1681 2336 1742 2388 οὐ

1845 2352 1986 2400 mur,
2024 2350 2087 2390 ac
2118 2335 2293 2391 Verbo
2331 2344 2459 2389 ante
2507 2335 2802 2398 initiemur,
2844 2342 2902 2386 ut
2928 2348 3088 2401 quam
3122 2331 3420 2399 praeclaris-

183 2430 326 2498 μόνον
351 2430 428 2491 δὲ,
461 2426 606 2482 ἀλλὰ
628 2429 724 2481 καὶ
758 2428 1108 2501 κρατοῦντες,
1138 2428 1229 2482 καὶ
1261 2432 1373 2493 τοῖς
1406 2429 1585 2492 ἄλλοις
1617 2446 1745 2497 προ-

1846 2428 1981 2484 sime
2011 2428 2078 2482 de
2107 2428 2261 2482 nobis
2312 2427 2441 2497 ipsis
2472 2441 2798 2490 mereantur,
2838 2424 2944 2480 Deo
2992 2425 3197 2478 similes
3244 2424 3412 2492 nosip-

180 2520 457 2589 φαίνοντες.
1846 2532 1937 2573 sos
1978 2517 2280 2581 reddentes,
2341 2531 2406 2571 ac
2453 2515 2689 2570 Verbum
2746 2516 2965 2569 veniens
3023 2514 3422 2581 suscipientes:

1849 2622 1949 2662 nec
1995 2606 2168 2661 solum
2204 2605 2581 2674 suscipientes,
2633 2620 2826 2659 verum
2887 2604 3050 2659 etiam
3101 2604 3424 2669 retinentes,

1849 2698 2078 2767 aliisque
2110 2706 2613 2766 praemonstrantes.

241 2780 337 2831 IA'.
380 2778 539 2831 Ἐπεὶ
570 2777 625 2831 δὲ
653 2778 1073 2851 ἀνεκᾳθήραμεν
1119 2778 1227 2851 ('59)
1260 2778 1338 2849 τῷ
1364 2779 1506 2850 λόγῳ
1536 2779 1596 2832 τὸ
1624 2778 1750 2832 θέα-

1926 2789 2012 2843 XI.
2071 2787 2338 2855 Quoniam
2375 2797 2556 2840 autem
2587 2800 2839 2840 sermone
2867 2787 3133 2840 theatrum
3159 2790 3424 2855 repurga—

179 2888 311 2940 τρον,
342 2871 474 2943 φέρε
522 2888 579 2924 τι
602 2871 745 2941 ,περὶ
771 2872 871 2940 τῆς
919 2871 1112 2942 ἑορτῆς
1151 2872 1250 2942 ἤδη
1275 2872 1746 2942 φιλοσοφήσωμεν,

1852 2881 2047 2945 vimus,
2079 2893 2199 2948 age,
2243 2877 2353 2945 jam
2407 2877 2471 2931 de
2513 2875 2650 2929 festo
2686 2876 2931 2929 nonnihil
2978 2876 3332 2938 disseramus,
3377 2883 3429 2930 ct

182 2965 263 3016 καὶ
291 2954 738 3034 συνεορτάσωμεν
766 2966 886 3023 ταῖς
910 2962 1211 3033 φιλεόρτοις
1234 2963 1328 3014 καὶ
1359 2962 1625 3031 φιλοθέοις
1648 2962 1750 3032 ψυ-

1851 2987 1973 3026 cum
2031 2970 2133 3038 piis
2189 2968 2386 3022 animis
2446 2966 2678 3034 festique
2752 2966 3053 3021 celebrandi
3126 2968 3428 3032 studiosis,

183 3058 306 3125 χαῖς.
351 3055 509 3109 Ἐπεὶ
536 3056 594 3108 δὲ
620 3055 917 3123 κεφάλαιον
944 3056 1137 3126 ἑορτῆς
1184 3056 1370 3125 μνήμη
1398 3055 1531 3107 Θεοῦ
1558 3095 1572 3118 ,
1615 3054 1750 3107 Θεοῦ

1853 3064 1993 3117 diem
2029 3063 2171 3117 hunc
2229 3074 2447 3114 sacrum
2502 3056 2856 3112 celebremus.
2910 3056 2976 3110 Et
3023 3058 3275 3125 quoniam
3331 3058 3427 3113 Dei

187 3148 656 3219 μνημονεύσωμεν.
694 3148 806 3200 Καὶ
838 3147 947 3219 γὰρ
970 3146 1061 3199 τὸν
1086 3146 1295 3199 ἐκεῖθεν
1332 3147 1438 3199 τῶν
1470 3146 1753 3218 ἑορταζόν-

1857 3154 2114 3209 memoria
2149 3152 2477 3222 praecipuum
2522 3149 2647 3204 festi
2685 3159 2845 3217 caput
2872 3158 2972 3213 est,
3012 3148 3177 3203 Deum
3226 3162 3432 3201 memo-

183 3256 277 3292 των
323 3236 490 3311 ἦχον,
530 3239 660 3292 ἔνθα
707 3238 1152 3310 εὐφραινομένων
1212 3236 1427 3290 πάντων
1475 3240 1506 3309 ή
1565 3255 1749 3290 κατοι-

1859 3245 1935 3298 ria
1970 3243 2231 3297 colamus.
2266 3239 2396 3293 Nam
2429 3254 2528 3294 nec
2562 3254 2752 3294 sonum
2794 3253 3004 3301 eorum,
3053 3237 3147 3307 qui
3178 3238 3228 3292 in
3261 3238 3433 3291 altera

185 3331 265 3385 κία
316 3332 447 3403 (40),
501 3332 605 3385 οὐκ
654 3330 783 3384 ἄλλο
810 3347 865 3383 τι
916 3329 948 3399 ἢ
995 3328 1154 3383 τοῦτο
1182 3325 1320 3382 εἶναι
1366 3328 1590 3399 νομίζω,
1620 3328 1751 3382 Θεὸν

1856 3333 2076 3397 saeculo,
2115 3332 2166 3386 in
2202 3346 2306 3399 quo
2334 3329 2629 3383 [astantium
2661 3330 2899 3383 omnium
2936 3328 3198 3383 habitatio
3241 3338 3328 3382 est
3353 3328 3430 3395 ¹⁶,

186 3419 506 3490 ὑμνούμενον
550 3436 610 3470 τε
643 3419 738 3470 καὶ
768 3415 1126 3487 δοξαζόμενον
1172 3419 1284 3479 τοῖς
1320 3416 1421 3485 τῆς
1450 3418 1626 3468 ἐκεῖσε
1658 3434 1752 3469 πο-

1856 3423 2053 3477 festum
2104 3420 2403 3481 celebrant,
2454 3419 2746 3488 quidquam
2796 3417 2938 3472 aliud
2984 3432 3105 3473 esse
3157 3418 3428 3483 existimo,

187 3510 368 3574 λιτείας
389 3508 740 3580 ἠξιωμένοις.
762 3508 826 3560 Εἰ
851 3507 907 3559 δέ
942 3523 994 3558 τι
1024 3505 1131 3557 τῶν
1158 3505 1256 3575 ἤδη
1285 3506 1696 3576 προειρημένων
1726 3506 1753 3556 ὁ

1855 3529 2016 3585 quam
2058 3512 2243 3567 laudes
2274 3526 2385 3574 eas,
2419 3512 2617 3579 quibus
2649 3510 2788 3564 Deus
2823 3508 2890 3562 ab
2921 3509 3046 3575 illis,
3079 3510 3167 3579 qui
3198 3510 3250 3563 in
3294 3524 3435 3563 rem-

189 3602 268 3655 νῦν
288 3604 393 3670 ἕξει
422 3603 605 3672 λόγος,
656 3598 985 3670 θαυμαζέτω
1038 3598 1245 3670 μηδείς.
1284 3598 1358 3651 Οὐ
1382 3598 1489 3668 γὰρ
1525 3597 1592 3650 τὰ
1616 3597 1754 3650 αὐτὰ

1858 3608 2123 3680 publicam
2161 3605 2305 3659 illam
2358 3604 2579 3658 admissi
2615 3610 2761 3669 sunt,
2812 3603 3143 3658 celebratur.
3191 3602 3344 3669 Quod
3390 3600 3436 3657 si

190 3695 270 3747 xui.
303 3695 409 3766 (4|)
436 3693 748 3763 φθέγξομαι
787 3691 964 3762 μόνον,
991 3688 1125 3743 ἀλλὰ
1159 3688 1253 3741 καὶ
1275 3687 1401 3759 περὶ
1421 3687 1530 3739 τῶν
1554 3687 1751 3753 αὐτῶν,

1858 3701 1984 3771 quid
2025 3713 2236 3761 eorum,
2268 3710 2388 3765 qua:
2421 3695 2531 3764 jam
2559 3708 2589 3747 a
2623 3695 2775 3749 nobis
2810 3696 2951 3750 dicta
2979 3704 3124 3762 sunt,
3164 3697 3278 3750 hac
3313 3710 3435 3749 ora-

191 3786 410 3857 φρίττων
445 3787 547 3839 καὶ
580 3784 854 3853 γλῶσσαν,
884 3782 979 3835 καὶ
1012 3778 1138 3834 νοῦν
1171 3781 1306 3851 (42),
1343 3780 1437 3832 καὶ
1475 3779 1713 3832 διάνοιαν
1738 3820 1753 3843 ,

1861 3796 1937 3850 tio
1975 3791 2227 3847 habitura
2253 3798 2359 3853 est,
2397 3788 2450 3842 id
2487 3788 2687 3843 nemini
2722 3788 2917 3842 mirum
2950 3787 3217 3843 videatur.
3250 3787 3432 3856 Neque

190 3879 303 3932 ὅταν
329 3882 455 3952 περὶ
487 3877 626 3932 Θεοῦ
680 3876 1007 3947 φθέγγωμαι
1095 3873 1185 3927 καὶ
1235 3874 1361 3943 ὑμῖν
1410 3871 1574 3924 ταυτὸ
1602 3870 1759 3924 τοῦτο

1860 3884 2004 3939 cnim
2036 3882 2223 3937 eadem
2271 3878 2442 3934 solum
2477 3877 2789 3947 proloquar,
2826 3880 2920 3934 sed
2970 3879 3034 3933 de
3083 3878 3272 3933 iisdem
3310 3892 3440 3947 quo-

193 3973 569 4043 συνευχόμενος
591 3969 652 4021 τὸ
674 3965 956 4022 ἐπαινετὸν
985 3962 1156 4027 πάθος
1186 3962 1280 4015 καὶ
1309 3962 1596 4033 μακάριον.
1625 3957 1756 4014 Θεοῦ

1862 3984 1966 4039 que
1990 3968 2169 4033 rebus,
2208 3972 2261 4020 et
2292 3962 2509 4033 quidem
2560 3963 2762 4034 lingua,
2814 3973 2869 4019 et
2914 3973 3113 4027 mente,
3151 3973 3207 4019 et
3238 3964 3443 4033 cogita-

193 4062 242 4115 δὲ
266 4065 385 4117 ὅταν
422 4063 590 4126 εἴπω,
643 4061 723 4112 ἐνὶ
754 4059 892 4128 φωτὶ
944 4054 1426 4129 περιαστράφθητε
1457 4053 1550 4106 καὶ
1579 4050 1722 4124 τρισί
1742 4066 1755 4079 °

1865 4063 2009 4115 tione
2036 4060 2382 4126 horrescens,
2407 4056 2622 4126 quoties
2650 4057 2718 4112 de
2750 4057 2857 4110 Deo
2884 4070 3189 4111 sermonem
3226 4056 3438 4124 habeo;

193 4156 323 4226 τρισὶ
340 4156 463 4226 μὲν,
486 4152 629 4207 κατὰ
643 4152 742 4215 τὰς
763 4151 1053 4220 ἰδιότητας,
1082 4148 1258 4201 εῖτουν
1284 4146 1392 4217 (45)
1413 4145 1758 4210 ὑποστάσεις,

1864 4168 2024 4223 quem
2052 4150 2218 4206 etiam
2262 4149 2581 4221 praeclarum
2624 4164 2687 4204 ac
2730 4148 2945 4203 beatum
2997 4146 3251 4202 atl'ectum
3289 4146 3442 4202 vobis

196 4248 241 4301 εί
254 4265 350 4301 τινι
373 4247 530 4318 φίλον
545 4246 751 4309 καλεῖν,
768 4243 879 4297 εἴτε
908 4242 1176 4313 πρόσωπα
1194 4240 1365 4311 (οὐδὲν
1381 4238 1489 4310 γὰρ
1513 4256 1578 4290 πε
1588 4239 1638 4308 pi.
1653 4237 1761 4289 τῶν

1867 4247 2045 4302 inesse
2083 4243 2337 4314 optarim.
2375 4242 2542 4297 Deum
2574 4256 2736 4311 porro
2762 4255 2881 4295 cum
2919 4239 3059 4304 dico,
3090 4254 3197 4293 uno
3227 4238 3441 4293 eodem-

196 4338 461 4410 ὀνομάτων
520 4338 1002 4409 ζυγομαχήσομεν,
1045 4334 1151 4397 ἕως
1197 4332 1263 4386 ἂν
1297 4331 1436 4403 πρὸς
1466 4330 1563 4401 τὴν
1592 4330 1763 4401 αὐτὴν

1865 4351 1969 4407 que
1991 4335 2184 4406 triplici
2220 4334 2420 4388 lumine
2447 4332 2926 4403 perstringamini:
2969 4330 3165 4399 triplici
3202 4328 3442 4399 quidem,

198 4429 385 4485 ἔννοιαν
411 4432 470 4485 αἱ
512 4429 775 4484 συλλαϐαὶ
812 4427 1075 4500 φέρωσιν)
1095 4444 1107 4456 ·
1149 4425 1230 4479 ἐν).
1260 4424 1337 4487 δὲ,
1381 4422 1522 4477 κατὰ
1547 4422 1637 4477 τὸν
1665 4423 1763 4490 τῆς

1867 4436 2127 4498 quantum
2156 4422 2324 4495 684
2358 4426 2422 4477 ad
2456 4422 2835 4492 prOprietates,
2876 4421 2990 4474 sive
3021 4419 3361 4488 hypostases,
3395 4413 3442 4469 si

198 4521 364 4586 οὐσίας
396 4522 580 4591 λόγον,
604 4521 781 4573 εῖτουν
817 4518 1090 4590 θεότητος.
1121 4518 1420 4586 Διαιρεῖται
1453 4514 1561 4584 γὰρ
1599 4514 1767 4567 ἀδιαι-

1869 4520 1953 4575 cui
1987 4519 2088 4572 hoc
2114 4515 2336 4570 verbum
2362 4513 2535 4584 magis
2564 4511 2788 4577 arridet,
2815 4510 2930 4565 sive
2966 4524 3221 4578 personas
3252 4507 3447 4579 (neque

204 4611 374 4680 ρὲτως,
409 4612 477 4665 ἶν’
516 4611 687 4675 οὕτως
720 4610 877 4672 εἴπω,
901 4610 995 4661 καὶ
1028 4606 1354 4660 συνάπτεται
1398 4603 1761 4676 διῃρημένως.

1871 4611 2015 4667 enim
2047 4610 2113 4664 de
2161 4606 2439 4663 vocabulis
2489 4602 2896 4669 dissidebimus,
2946 4600 3182 4670 quandiu
3231 4598 3447 4670 syllabae

206 4703 290 4755 Ἕν
307 4704 415 4776 γὰρ
455 4706 511 4757 ὲν
552 4704 735 4774 τρισὶν
767 4702 877 4772 (44)
902 4704 935 4772 ἡ
964 4699 1177 4771 θεότης,
1222 4698 1316 4751 καὶ
1344 4696 1411 4749 τὰ
1432 4695 1557 4765 τρία
1580 4694 1638 4747 ἓν
1660 4713 1674 4726 ·
1697 4694 1765 4748 τὰ

1875 4704 1941 4754 ad
1985 4698 2231 4754 eamdem
2266 4694 2590 4750 sententiam
2643 4691 2869 4762 ferent);
2903 4706 3009 4743 uno
3046 4700 3248 4752 autem,
3279 4702 3447 4756 quan-

201 4792 251 4843 ἐν
276 4790 350 4859 οἷς
378 4799 412 4867 ἡ
461 4795 673 4867 θεότης,
721 4795 778 4866 ἢ,
822 4794 883 4846 τό
924 4810 987 4863 γε
1019 4792 1408 4863 ἀκριϐέστερον
1449 4790 1643 4853 εἰπεῖν,
1675 4788 1765 4859 ἂή

1877 4800 1990 4845 tum
2024 4788 2088 4841 ad
2134 4785 2468 4849 substantiae,
2517 4784 2617 4838 hoc
2662 4791 2765 4845 est,
2822 4779 3128 4834 Divinitatis
3162 4777 3446 4832 rationem.

205 4884 402 4959 θεότης.
451 4888 651 4969 Τὰςιδὲ
702 4886 1009 4960 ὑπερϐολάς
1059 4886 1154 4938 καὶ
1198 4883 1464 4951 ἐλλείψεις
1516 4881 1772 4951 ἐλλείψω-

1880 4879 2237 4949 Distinguitur
2279 4876 2422 4931 enim
2476 4873 2853 4935 indistinclim,
2902 4871 3077 4931 utsic
3136 4869 3346 4937 loquar,
3398 4871 3449 4918 et

269 4982 306 5011 ¹¹
338 4955 527 5035 Matth.
568 4955 668 5044 im,
698 4955 824 5034 45.-
868 4981 909 5011 ⁸³
954 4979 1111 5033 Prov.
1172 4992 1244 5039 tv,
1280 4975 1370 5029 25.
1450 4975 1493 5005 ¹³
1546 4974 1688 5029 Psal.
1745 4990 1846 5027 va

1866 4988 1977 5038 tm,
2014 4972 2065 5025 6.
2148 4967 2393 5023 “Jerem.
2442 4982 2515 5030 tv,
2550 4966 2601 5019 5.
2683 4963 2774 5017 ¹⁸Ι
2824 4964 2947 5017 Cor.
2993 4976 3066 5027 Il,
3102 4962 3155 5017 7.
3235 4960 3277 4990 ¹⁶
3310 4955 3449 5010 Psal-

208 5051 486 5116 uxxvt,7.
2468 5052 2475 5057 ‘

270 5146 376 5211 ('55)
399 5143 555 5211 Πρὸς
580 5139 680 5206 τῷ.
712 5139 806 5196 Or.
836 5137 1058 5211 1,Jes.,
1092 5135 1238 5197 Pan,
1262 5135 1397 5211 πρὸς
1417 5133 1496 5211 τό.

1954 5136 2066 5207 (4‘2)
2091 5133 2199 5190 Καὶ
2225 5132 2393 5211 γοῦν.
2423 5133 2548 5211 Ilaec
2580 5132 2770 5186 desunt
2807 5129 2856 5181 in
2882 5127 3122 5211 quinque
3154 5126 3317 5211 Begg.
3349 5120 3452 5211 AI“:

271 5197 376 5283 (5θῇ
412 5197 546 5268 Ϋόνί
568 5197 727 5283 Deest
753 5211 807 5283 i_n
837 5197 1008 5283 tribus
1028 5207 1190 5283 Regii.
1214 5216 1268 5261 et
1294 5197 1385 5258 Or.
1417 5205 1466 5256 l.
1538 5274 1571 5283 η
1613 5274 1644 5283 η

1881 5197 2083 5271 autem,
2108 5218 2161 5261 et
2193 5206 2405 5274 quidem
2434 5204 2648 5273 Optima:
2685 5210 2843 5262 notae,
2880 5198 3099 5260 habent,
3130 5198 3224 5251 καὶ
3262 5197 3454 5267 ἀκοήν.

274 5274 379 5353 (57")
424 5284 533 5339 Kal
585 5281 650 5353 to
704 5280 835 5353 τῆς.
899 5278 991 5331 Sic
1020 5274 1339 5345 sex—Reggq
1394 5285 1502 5329 tres
1532 5274 1686 5328 Colb.
1717 5283 1771 5329 et

624 5281 650 5353 ῤ
704 5280 835 5353 τῆς.
899 5278 991 5331 Sic
1020 5274 1339 5345 sex—Reggq
1394 5285 1502 5329 tres
1532 5274 1686 5328 Colb.
1717 5283 1771 5329 et
1884 5294 1903 5328 ι
1931 5289 2207 5353 (διέλυε-(Ξ)

214 5334 561 5409 οτῖἰέὐῐεὲέι
590 5352 651 5404 τό
682 5353 732 5404 in
763 5334 853 5402 ‘e'u.
1102 5416 1117 5417 ί
1229 5334 1337 5345 “’”
1496 5415 1531 5417 μ
1612 5416 1619 5417 ί

1958 5347 2070 5417 (45)
2106 5346 2343 5417 Εἵτουν.
2394 5345 2485 5399 Sic
2534 5351 2641 5396 tres
2679 5340 2867 5411 Regg.,
2910 5353 3005 5393 sex
3029 5336 3181 5393 Colb.
3213 5334 3377 5391 etOr.
3404 5337 3454 5391 1.

277 5425 381 5492 (38)
430 5421 869 5492 Καθαιρώμεθα,
923 5427 1028 5472 etc.
1084 5416 1320 5492 Dudqu
1370 5431 1386 5470 :
1445 5433 1464 5467 ι
1494 5415 1780 5485 Expicinns

1725 5432 1780 5470 us
1885 5415 2311 5492 [nerinﬁjoﬁvf
2380 5484 2392 5492 _
2630 5480 2641 5492 ,
2740 5478 2796 5492 Α,
3149 5490 3161 5492 _
3201 5475 3215 5492 ι
3277 5475 3308 5492 .-

217 5475 629 5563 noi‘,}3ui6§é.ué
648 5475 712 5563 et?
743 5475 963 5544 idoneos
1006 5488 1309 5563 reddanuts.
1337 5506 1355 5539 ι
1506 5556 1517 5563 ·
1574 5475 1588 5485 ’
1687 5553 1700 5563 _

1960 5475 2071 5559 (44)
2105 5475 2343 5563 “Eii-‘po
2369 5480 2697 5563 Ernt‘ptgt'r.
2736 5476 3110 5563 Observathic
3143 5475 3457 5563 scholiastes

277 5551 383 5634 (39)
424 5551 924 5630 Ἀνὲκαθήραμεν,
951 5568 1054 5613 etc.
1085 5556 1295 5634 Nicetas
1327 5556 1545 5624 exponit
1578 5572 1592 5608 :
1628 5573 1645 5603 ι
1674 5553 1777 5606 Au-

1888 5551 2201 5634 accuratam
2224 5551 2487 5634 loquendi
2499 5553 2760 5634 rationein
2783 5551 3050 5634 (gregarii,
3191 5561 3458 5634 militum?

216 5614 436 5687 diturum
472 5614 1487 5702 πηίιηυδξειῗηιοιὶο’με-ειίριιηινίιιιιιὲο
1603 5694 1633 5702 A
1729 5695 1742 5702 _

1886 5628 2076 5702 Deum,
2108 5626 2258 5702 τρία,
2290 5614 2412 5702 vel,
2440 5624 2501 5702 τδ
2529 5621 2610 5702 ἓν.
2635 5619 2761 5702 τρία
2793 5614 3034 5702 dixerit,
3081 5614 3173 5702 seu
3207 5614 3267 5702 τὲ
3306 5614 3376 5702 ’ἓν

697 5683 1049 5769 ἦνκατοιλίᾶ.
1086 5683 1174 5751 Sic
1202 5713 1295 5752 sex
1330 5696 1498 5767 Regg.
1522 5705 1576 5749 et
1595 5694 1688 5750 Or.
1724 5695 1772 5747 1.

1884 5683 2175 5784 τρισὶ,’κα“ι
2206 5683 2274 5748 τά
2325 5683 2451 5764 τρία
2479 5683 2782 5784 Emam-est,
2826 5689 2904 5784 f1:31
2947 5686 3075 5758 τρία
3107 5684 3203 5757 τὴν
3235 5683 3460 5755 θεότητα

219 5758 609 5844 matrum.
716 5758 776 5844 ‘_
846 5840 874 5844 _
1048 5838 1058 5844 _
1223 5837 1235 5844 _
1412 5758 1473 5767 *-

1412 5758 1473 5767 ⁷⁷
1884 5758 2044 5831 εἶναι,
2077 5784 2178 5822 non
2212 5783 2240 5822 e
2267 5758 2541 5827 converso,
2572 5762 2627 5815 ἓν
2660 5761 2729 5815 τὰ
2752 5758 2897 5811 τοία.

283 5844 384 5903 ιιι)
405 5837 547 5899 Καί.
575 5843 730 5897 Deest
765 5842 816 5896 in
845 5840 1011 5904 Rem.
1047 5838 1158 5900 bin,
1188 5837 1274 5901 ph.
