4010 6316
607 303 709 359 ὅδῚ

1801 305 1862 362 8.
1904 304 2229 364 GREGORII
2264 308 2610 369 THEOLOGI

3738 316 3834 372 368

611 418 902 475 distinctim
929 418 1284 476 connectitur.
1320 419 1492 475 Unum
1518 420 1661 475 enim
1698 420 1751 476 in
1797 422 2000 488 tribus,
2033 424 2171 479 divi-

2278 444 2374 499 μεν
2398 427 2510 500 (45)
2533 446 2547 459 ·
2575 427 2698 483 οὕτε
2728 428 2826 500 τὴν
2864 428 3057 484 ἕνωσιν
3104 428 3216 501 (46)
3250 430 3523 499 σύγχυσιν
3551 427 3835 501 ἐργαζόμε-

610 513 754 567 nitas
775 519 877 576 est,
907 519 963 566 et
1002 510 1102 565 tria
1131 525 1292 566 unum
1318 526 1335 578 ;
1367 524 1453 577 ea,
1484 512 1725 581 inquam,
1752 511 1805 567 in
1840 514 2062 584 quibus,
2101 514 2175 569 di-

609 602 809 658 vinitas
835 613 938 669 est,
970 602 1073 670 vel,
1118 610 1176 657 ut
1203 602 1374 674 magis
1420 605 1636 674 proprie
1671 605 1865 671 dicam,
1899 622 2048 676 quae,
2098 606 2174 662 di-

610 693 807 748 vinitas
834 706 936 750 est.
976 695 1245 754 Escessus
1277 707 1455 753 autem
1497 711 1561 750 ac
1593 695 1833 752 defectus
1863 698 2056 753 missos
2089 696 2172 752 fa-

611 779 836 847 ciamus,
879 800 979 838 nec
1017 801 1112 855 per
1148 787 1399 843 unionem
1432 786 1825 845 confusionem.
1856 801 1955 841 nec
1985 802 2171 841 rursus

609 882 709 936 per
728 869 1043 927 divisionem
1071 872 1459 942 sejunctiunem
1488 871 1798 928 efﬁcientes.
1825 872 2002 942 Equo
2025 876 2169 931 enim

2279 532 2380 580 νοι,
2407 517 2529 585 οὔτε
2551 518 2650 590 τὴν
2689 518 2973 592 διαίρεσιν,
3016 520 3390 593 ἀλλοτρίωσιν.
3448 519 3692 572 Ἀπέστω
3739 519 3837 591 γὰρ

2277 605 2431 677 ἡμῶν
2482 607 2542 672 ἐξ
2591 609 2730 673 ἴσου,
2766 610 2860 665 καὶ
2892 611 2925 681 ὴ
2959 609 3245 664 Σαϐελλίω
3302 608 3640 680 συναίρεσις,
3691 611 3837 681 καὶὴ

2290 694 2494 764 ’Δρείου
2515 694 2795 766 διαίρεσις,
2818 694 2887 749 τὰ
2907 697 2970 749 ἐκ
2987 696 3282 769 διαμέτρου
3308 693 3485 757 κακὰ,
3509 694 3604 747 καὶ
3619 694 3840 765 ὁμότιμα

2274 783 2373 855 τὴν
2402 785 2685 839 ἀσέϐειαν·
2712 785 2765 838 τι
2793 785 2901 858 γὰρ
2926 786 3008 839 δεῖ
3037 786 3189 853 Θεὸν,
3216 786 3621 859 ἢσυναλείφειν
3643 788 3835 853 κακῶς,

2277 874 2310 945 ἢ
2333 875 2689 945 κατατέμνειν
2717 878 2796 939 εἰς
2822 876 3143 949 ἀνισότητας

611 956 891 1016 intervallo
936 976 966 1015 a
1012 964 1165 1018 nobis
1206 963 1403 1029 absint,
1452 972 1506 1018 et
1534 961 1748 1016 Sabellii
1778 962 2094 1029 contractio,
2122 970 2176 1016 et
2213 962 2325 1017 Arii
2362 962 2577 1030 divisio,
2626 963 2764 1017 mala
2828 979 2895 1018 ex
2941 964 3207 1020 diametro
3270 964 3552 1034 Opposita,
3586 971 3641 1017 et
3668 962 3838 1032 iu-pie'

612 1060 722 1108 tate
763 1055 931 1123 paria.
976 1055 1115 1121 Quid
1148 1057 1292 1112 enim
1346 1070 1563 1112 necesse
1593 1063 1676 1110 est
1711 1055 1876 1110 Deum
1911 1055 1992 1111 vel
2041 1055 2180 1112 male
2217 1057 2563 1122 contrahere,
2594 1057 2677 1112 vel
2708 1057 2761 1111 in
2799 1057 3215 1129 inaequalitatem
3244 1058 3545 1113 scindere?

681 1148 797 1204 XII.
857 1147 1025 1205 Nobis
1064 1152 1249 1220 quippe
1280 1168 1417 1205 unus
1451 1150 1586 1205 Deus
1632 1149 1809 1217 Pater,
1846 1166 1911 1206 ea:
1934 1166 2035 1221 quo
2061 1168 2175 1205 om-

612 1240 721 1306 nia,
751 1249 799 1294 et
836 1256 971 1294 unus
1011 1239 1263 1295 Dominus
1297 1239 1455 1296 Iesus
1490 1240 1749 1305 Christus,
1772 1256 1864 1311 per
1893 1257 2042 1311 quem
2066 1258 2179 1295 om-

613 1331 703 1383 nia
735 1330 778 1362 "
799 1370 815 1398 ,
847 1341 902 1385 et
932 1346 1070 1387 unus
1100 1331 1333 1402 Spiritus
1375 1341 1614 1396 sanctus,
1650 1332 1702 1386 in
1746 1347 1853 1402 quo
1881 1332 2085 1387 omnia.
2116 1331 2176 1387 lu

612 1421 809 1490 quibus
834 1421 917 1476 ita:
954 1421 1253 1491 particulae,
1288 1437 1352 1476 ea:
1383 1438 1506 1492 quo,
1536 1438 1627 1487 per
1665 1439 1837 1492 quem,
1867 1430 1922 1477 et
1966 1423 2019 1477 in
2049 1439 2170 1493 quo,

615 1525 726 1564 non
781 1522 1006 1565 naturas
1056 1520 1243 1566 secant
1302 1510 1523 1582 (alioqui
1580 1511 1724 1566 enim
1782 1512 2173 1581 propositiones

612 1600 729 1656 ista:
753 1601 1137 1672 notniuumque
1163 1602 1377 1656 ordines
1409 1616 1679 1671 nunquam
1714 1601 2169 1670 immutarentur);

2350 1153 2450 1208 IB'.
2484 1153 2646 1223 Ἡμῖν
2660 1153 2748 1219 δὲ,
2779 1149 2865 1221 εἷς
2893 1155 3036 1221 Θεὸς
3055 1158 3088 1209 ό
3103 1153 3410 1222 Πατὶιρ,ἐξ
3431 1148 3508 1210 οὗ
3533 1152 3605 1206 τὰ
3624 1152 3835 1217 πάντα,

2281 1243 2378 1297 καὶ
2407 1239 2494 1310 εἷς
2521 1244 2734 1312 Κύριος
2775 1243 3012 1312 Ἰησοῦς
3030 1244 3302 1312 Χριστὸς,
3331 1242 3410 1296 δι’
3442 1239 3517 1298 οὗ
3548 1242 3619 1296 τὰ
3639 1242 3839 1306 πάντα,

2280 1335 2374 1388 καὶ
2411 1334 2470 1389 ἓν
2503 1334 2728 1406 Πνεῦμα
2775 1335 2959 1404 ἅγιον,
3005 1337 3065 1392 ὲν
3097 1327 3142 1402 ᾧ
3179 1333 3245 1389 τὰ
3277 1333 3494 1388 πάντα·
3523 1332 3617 1387 τοῦ
3661 1332 3728 1398 ἐξ
3752 1327 3837 1396 οὗ,

2280 1426 2374 1479 καὶ
2397 1424 2470 1479 δι’
2502 1420 2597 1492 οὗ,
2625 1427 2718 1480 καὶ
2744 1426 2814 1481 ἐν
2831 1419 2899 1493 ᾦ,
2934 1425 3009 1497 μὴ
3032 1424 3220 1495 φύσεις
3235 1425 3550 1497 τεμνόντων
3579 1422 3716 1495 (οὐδὲ
3740 1422 3839 1494 γὰρ

2278 1515 2344 1570 ἂν
2376 1516 2705 1588 μετέπιπτον
2729 1518 2783 1570 αἱ
2809 1516 3115 1586 προθέσεις,
3146 1515 3180 1585 ἢ
3217 1516 3272 1570 αἱ
3304 1515 3496 1582 τάξεις
3517 1512 3628 1566 τῶν
3652 1512 3836 1580 ὀνομά-

2277 1608 2427 1677 των),
2449 1608 2583 1661 ἀλλὰ
2614 1607 3122 1680 χαρακτηριξόντων
3147 1608 3273 1678 μιᾶς
3300 1606 3398 1660 καὶ
3420 1603 3723 1674 ἀσυγχύτου
3743 1600 3837 1672 φύ-

611 1707 797 1746 vcrum
842 1692 1000 1747 unius
1036 1701 1090 1747 et
1141 1691 1432 1747 inconfusus
1461 1701 1667 1746 natum
1711 1693 2062 1762 proprietates
2092 1706 2174 1746 ex-

2283 1715 2419 1763 σεως
2451 1698 2741 1769 ἰδιότητας.
2782 1699 2894 1752 Καὶ
2925 1697 3082 1752 τοῦτο
3100 1698 3278 1768 δῆλον,
3311 1695 3373 1762 ἐξ
3421 1689 3499 1749 ὧν
3538 1695 3619 1758 εις
3646 1694 3701 1746 ἓν
3729 1710 3839 1746 συν-

612 1783 870 1852 primunt.
911 1782 1071 1853 quue
1098 1798 1163 1839 ex
1195 1798 1261 1837 eo
1300 1782 1579 1852 perspicue
1609 1792 1839 1849 constat,
1875 1783 2017 1851 quod
2052 1797 2175 1836 rur-

615 1889 708 1928 sus
731 1875 783 1928 in
819 1890 981 1928 unum
1015 1874 1427 1937 contrahuntur,
1464 1874 1509 1927 si
1545 1876 1701 1927 modo
1731 1873 1853 1941 quis
1884 1872 2009 1926 illud
2036 1873 2175 1942 apud

613 1965 859 2019 eumdem
896 1965 1192 2034 apostolum
1236 1979 1338 2019 non
1376 1964 1660 2033 neglectim
1694 1972 1854 2032 atque
1882 1963 2178 2018 oscitanter

612 2055 754 2126 legat
779 2074 791 2110 :
830 2056 910 2110 Ea:
943 2057 1075 2125 ipso,
1104 2065 1150 2110 et
1180 2072 1268 2124 per
1299 2056 1487 2124 ipsum,
1512 2064 1558 2107 et
1585 2057 1637 2107 in
1667 2055 1779 2123 ipso
1811 2065 1928 2108 sunt
1954 2055 2129 2109 omnia
2156 2071 2175 2110 :

612 2149 710 2215 ipsi
743 2148 912 2219 gloria
942 2150 997 2202 in
1031 2149 1245 2216 swcula,
1288 2150 1449 2203 Amen
1491 2147 1553 2201 “.
1602 2147 1762 2201 Pater
1810 2159 1960 2216 pater
1989 2156 2091 2211 est,
2124 2157 2178 2202 et

546 2278 557 2283 ς
610 2241 859 2311 principii
906 2256 1100 2311 expers
1136 2254 1352 2309 :ncque
1395 2239 1538 2293 enim
1589 2254 1652 2293 ex
1704 2239 1811 2294 ullo
1859 2249 1961 2293 est.
2006 2238 2176 2294 Filius

613 2332 755 2388 tilius
780 2340 883 2396 est,
920 2345 984 2386 ac
1011 2346 1114 2386 non
1155 2330 1403 2400 principii
1439 2344 1633 2399 expers
1661 2351 1673 2385 :
1706 2345 1770 2384 ex
1810 2329 1969 2385 Patre
2003 2331 2175 2401 siqni-

610 2421 754 2476 dem.
787 2421 937 2488 Quod
971 2421 1014 2476 si
1047 2420 1305 2490 temporis
1343 2421 1660 2490 principium
1706 2421 1927 2489 accipis,
1974 2421 2174 2491 princi—

612 2513 700 2581 pio
742 2513 905 2567 etiam
940 2521 1122 2577 caret;
1189 2526 1362 2581 neque
1409 2513 1551 2566 enim
1606 2521 1903 2581 temporum
1957 2509 2177 2567 eﬂector

617 2604 846 2672 tempori
882 2603 1087 2659 subest.
1125 2603 1359 2673 Spiritus
1412 2613 1633 2659 sanctus
1658 2618 1782 2658 vere
1809 2604 2029 2674 spiritus
2071 2611 2173 2669 est,

617 2695 912 2762 procedens
958 2681 1171 2764 quidem
1203 2708 1269 2750 ex
1317 2694 1499 2759 Patre,
1531 2710 1635 2749 non
1670 2705 1848 2750 tamen
1903 2695 2173 2750 liliationis

611 2787 790 2851 modo,
819 2794 877 2839 ut
904 2802 1000 2841 nec
1028 2786 1408 2856 generationis,
1444 2800 1627 2841 verum
1672 2787 2070 2856 processionis;
2110 2787 2172 2840 li-

612 2884 734 2930 ceat
758 2877 898 2931 enim
922 2875 1320 2946 perspicuitatis
1345 2891 1506 2931 causa
1545 2891 1681 2932 nova
1708 2876 1921 2930 nomina
1953 2876 2171 2945 lingere.
2212 2924 2229 2941 ,

610 2964 793 3035 Neque
825 2966 966 3020 enim
997 2965 1160 3021 Pater
1202 2981 1266 3021 eo
1302 2967 1571 3039 ingenitus
1614 2979 1733 3020 esse
1776 2965 1999 3031 destitit,
2046 2966 2172 3035 quia

604 3042 832 3127 genuit;
865 3071 962 3111 nec
1000 3055 1169 3111 Filius
1202 3056 1413 3126 genitus
1440 3070 1559 3112 esse
1587 3054 1805 3118 desinit,
1840 3056 1963 3123 quia
1997 3069 2062 3108 ex
2089 3054 2169 3108 in-

611 3148 792 3218 genito
818 3156 918 3203 es'.
952 3147 1197 3215 Quonam
1229 3149 1372 3202 enim
1406 3148 1561 3202 modo
1591 3148 1899 3202 desineret?
1923 3145 2031 3202 Nec
2055 3145 2176 3216 Spi-

602 3234 752 3295 ’ritus
783 3240 1002 3303 idcirco,
1049 3241 1131 3293 vel
1163 3241 1213 3295 in
1246 3239 1485 3304 Patrem,
1515 3239 1600 3293 vel
1631 3239 1683 3292 in
1717 3238 1911 3293 Filium
1958 3238 2171 3307 migrat,

608 3331 735 3400 quia
761 3328 1042 3398 processit,
1067 3345 1131 3384 ac
1156 3330 1295 3385 Deus
1317 3339 1421 3396 est,
1446 3329 1609 3384 etiam
1647 3328 1692 3383 si
1733 3328 1910 3397 impiis
1941 3320 2174 3382 hominii

608 3423 710 3476 bns
742 3420 899 3476 aliter
952 3421 1239 3475 videatur:
1288 3420 1588 3489 proprietas
1629 3419 1770 3474 enim
1819 3417 2022 3472 moveri
2067 3432 2172 3470 non

610 3518 806 3578 potest.
844 3507 973 3563 Nam
1010 3508 1207 3578 alioqui
1253 3522 1486 3578 quonam
1529 3515 1687 3576 pacto
1730 3506 2029 3575 proprietas
2063 3520 2177 3560 ma-

611 3609 786 3666 neret,
824 3600 868 3655 si
903 3609 1208 3655 moveretur
1235 3608 1291 3653 ut
1327 3597 1668 3651 mutaretur?
1696 3596 1795 3664 Qui
1823 3604 2003 3650 autem
2035 3596 2178 3667 inge-

602 3676 867 3756 Inituratn,
909 3700 964 3745 et
1014 3690 1433 3761 generationem,
1469 3688 1690 3742 deorum
1734 3687 2175 3757 bomonymorum

611 3793 833 3837 naturas
855 3796 976 3836 esse
1003 3787 1262 3845 statuunt,
1295 3779 1479 3844 iidem,
1512 3778 1677 3850 685
1703 3778 1882 3842 credo,
1914 3777 2175 3831 Adamum

2278 1789 2500 1858 ἄγονται
2531 1788 2712 1852 πάλιν,
2743 1788 2798 1842 εἴ
2832 1806 2909 1859 τῳ
2935 1789 3009 1861 μὴ
3038 1788 3328 1860 παρέργως
3358 1789 3543 1840 ἐκεῖνο
3592 1782 3837 1852 ἀναγινώ-

2279 1880 2591 1951 σκεταιμῗ)
2606 1880 2754 1951 παρὰ
2787 1879 2864 1950 τῷ
2889 1880 3035 1951 αὐτῷ
3061 1880 3359 1952 ἀποστόλῳ,
3383 1880 3468 1943 τὸ,
3509 1879 3613 1943 Ἐξ
3643 1875 3835 1939 αὐτοῦ,

2278 1970 2375 2024 καὶ
2405 1970 2479 2023 δι’
2509 1971 2717 2034 αὑτοῦ,
2760 1972 2855 2025 καὶ
2894 1973 2981 2037 εἰς
3005 1970 3191 2026 αὑτὸν
3221 1973 3291 2025 τὰ
3335 1969 3543 2024 πάντα
3571 1986 3588 1999 ·
3621 1966 3774 2032 αὐτῷ
3800 1967 3834 2035 ἡ

2276 2060 2425 2124 δόξα
2456 2063 2538 2126 εἰς
2579 2060 2715 2127 τοὺς
2776 2059 3013 2125 αἰῶνας.
3061 2060 3266 2131 Ἀμήν.
3318 2060 3523 2133 Πατὴρ
3567 2061 3595 2112 δ
3648 2057 3834 2127 πατὴρ,

2277 2154 2370 2207 καὶ
2401 2154 2662 2224 ἄναρχος·
2698 2153 2758 2205 οὐ
2798 2153 2905 2226 γὰρ
2932 2151 2995 2206 ἐκ
3021 2169 3182 2214 τινος.
3217 2150 3341 2213 Υἱὸς
3374 2153 3403 2205 ὁ
3436 2150 3578 2213 υἱὸς,
3628 2149 3718 2201 καὶ
3747 2147 3837 2201 οὐκ

2276 2242 2541 2314 ἄναρχος·
2577 2245 2640 2296 ὲκ
2673 2243 2766 2296 τοῦ
2797 2243 3008 2315 Πατρδς
3035 2242 3162 2312 γάρ.
3215 2242 3276 2294 Εἰ
3307 2240 3364 2294 δὲ
3388 2241 3492 2311 τὴν
3520 2239 3628 2292 ἀπὸ
3658 2237 3833 2310 χρόνου

2275 2333 2341 2387 λα
2349 2333 2572 2404 μϐἀνοις
2590 2333 2784 2405 ἀρχὴν,
2813 2334 2908 2387 καὶ
2934 2333 3169 2404 ἄναρχος
3189 2348 3203 2362 ·
3241 2330 3475 2403 ποιητὴς
3491 2331 3598 2400 γὰρ
3620 2329 3831 2400 χρόνων,

2275 2425 2371 2494 οὐχ
2392 2424 2496 2477 ὑπὸ
2521 2423 2710 2495 χρόνον
2728 2423 2858 2494 (48).
2880 2422 3102 2493 Πνεῦμα
3126 2422 3277 2491 ἆγιον
3298 2420 3518 2491 ἀληθῶς
3538 2420 3598 2473 τδ
3612 2418 3831 2489 πνεῦμα,

2284 2514 2464 2586 προϊὸν
2515 2515 2612 2585 μὲν
2655 2514 2719 2567 ὲκ
2746 2511 2840 2567 τοῦ
2873 2513 3109 2585 Πατρδς,
3139 2513 3238 2582 οὐχ
3271 2512 3441 2576 ὺῖκῶς
3471 2511 3548 2577 δὲ,
3585 2508 3703 2563 οὐδὲ
3734 2507 3830 2579 γὰρ

2274 2601 2569 2672 γεννητῶς,
2603 2602 2719 2656 ἀλλ’
2752 2600 3098 2674 ὲκπορευτῶς
3122 2617 3136 2632 ·
3170 2602 3219 2654 εἰ
3252 2601 3333 2653 δεῖ
3370 2616 3424 2653 τι
3460 2599 3556 2652 καὶ
3605 2611 3831 2652 καινοτοο

2282 2691 2451 2762 μῆσαι
2475 2692 2604 2762 περὶ
2628 2691 2698 2744 τὰ
2736 2691 2974 2762 ὀνόματα
3004 2690 3298 2762 σαφηνείας
3330 2690 3540 2744 ἕνεκεν.
3572 2686 3703 2742 Οὔτε
3744 2681 3828 2739 τοῦ

2280 2783 2492 2852 Πατρδς
2518 2782 2808 2846 ἐκστάντος
2836 2783 2934 2854 τῆς
2959 2781 3302 2852 ἀγεννησίας,
3326 2782 3462 2835 διότι
3485 2780 3796 2850 γεγέννηκεν
3813 2787 3826 2803 ⁶

2276 2869 2398 2924 οὔτε
2428 2872 2518 2923 τοῦ
2548 2871 2676 2925 Υἱοῦ
2703 2871 2803 2942 τῆς
2830 2873 3158 2944 γεννήσεως,
3188 2872 3269 2925 ὅτι
3305 2873 3370 2924 ἐκ
3399 2869 3496 2924 τοῦ
3530 2868 3823 2938 ἀγεννήτου.

2276 2964 2401 3029 Πῶς
2422 2965 2530 3036 γάρ
2552 2982 2566 3030 ;
2601 2964 2722 3018 οὔτε
2746 2965 2839 3018 τοῦ
2864 2963 3198 3035 Πνεύματος,
3224 2963 3257 3034 ἢ
3280 2963 3370 3026 ,εἰς
3404 2961 3623 3032 Πατέρα
3681 2972 3826 3028 μετα-

2282 3057 2593 3121 πίπτοντος,
2641 3056 2674 3127 ἢ
2730 3058 2809 3120 εἰς
2843 3056 2993 3121 Υἱδν,
3027 3055 3559 3127 ὄτιὲκπεπόρευται,
3618 3051 3707 3104 καὶ
3754 3047 3825 3100 ὅτι

2280 3147 2432 3211 Θεὸς,
2464 3146 2568 3201 κᾶν
2594 3147 2668 3218 μὴ
2695 3147 2825 3218 δοκῇ
2858 3149 2968 3211 τοῖς
3001 3146 3180 3209 ἀθέοις
3200 3161 3215 3176 °
3247 3146 3280 3216 ἡ
3307 3146 3417 3216 γὰρ
3444 3144 3639 3212 ἰδιότης
3662 3138 3828 3207 ἀκίνηο

2279 3253 2391 3301 τος.
2419 3238 2490 3289 Ἦ
2522 3237 2639 3300 πῶς
2678 3236 2744 3290 ἂν
2785 3237 2984 3307 ἰδιότης
3030 3235 3200 3306 μένοι,
3224 3235 3522 3305 κινουμένη
3551 3231 3642 3285 καὶ
3674 3243 3825 3300 μετα-

2279 3326 2587 3391 πίπτουσας
2621 3328 2685 3380 Οἱ
2722 3327 2778 3379 δὲ
2821 3326 2919 3397 τὴν
2949 3324 3294 3396 ἀγεννησίαν,
3339 3326 3436 3378 καὶ
3465 3323 3564 3396 τὴν
3593 3320 3826 3390 γέννησιν

2279 3418 2470 3487 φύσεις
2511 3417 2659 3471 Θεῶν
2692 3415 2998 3487 ὁμωνύμων
3034 3413 3329 3485 τιθέμενοι,
3371 3412 3519 3483 τάχα
3543 3409 3608 3464 ἂν
3632 3406 3721 3461 καὶ
3745 3402 3825 3456 τὸν

2294 3508 2486 3580 Ἀδὰμ,
2516 3510 2609 3563 καὶ
2636 3509 2727 3563 τὸν
2757 3508 2862 3580 Σὴθ
2890 3509 2992 3579 (ὅτι
3012 3509 3042 3560 ὁ
3064 3508 3162 3579 μὲν
3191 3507 3302 3579 (49)
3336 3507 3436 3560 οὐκ
3472 3504 3579 3560 ἀπὸ
3606 3497 3789 3573 σαρκός
3807 3508 3823 3526 ⁸

2282 3600 2506 3672 πλάσμα
2536 3601 2673 3671 γάρ·
2711 3603 2739 3655 ὁ
2764 3601 2821 3656 δὲ
2848 3600 2956 3654 ἀπὸ
2985 3599 3078 3654 τοῦ
3121 3600 3292 3671 Ἀδὰμ
3321 3600 3540 3668 καὶτῆς
3566 3592 3719 3661 Εὔας)
3740 3588 3822 3642 ἅλ’

2277 3691 2453 3763 λήλων
2483 3693 2622 3748 κατὰ
2649 3692 2746 3764 τὴν
2777 3692 2938 3762 φύσιν
2967 3690 3435 3765 ἀλλοτριώσουσιν.
3470 3685 3565 3753 Εἷς
3595 3681 3685 3741 οὖν
3708 3679 3825 3743 Θεὸς

2280 3783 2337 3833 ὲν
2369 3784 2533 3853 τρισὶ,
2569 3782 2665 3836 καὶ
2693 3782 2761 3837 τὰ
2786 3781 2916 3853 τρία
2948 3780 3028 3845 ἓν,
3052 3782 3241 3853 ὥσπερ
3267 3781 3495 3852 ἔφαμεν.

610 3886 823 3942 quoque
851 3878 907 3924 et
933 3868 1062 3923 Scth
1095 3868 1368 3936 (quoniam
1399 3866 1505 3933 ille,
1547 3882 1651 3920 non
1676 3880 1741 3921 ex
1803 3879 1987 3931 carne,
2045 3873 2228 3934 utpote
2266 3883 2295 3921 a
2360 3869 2470 3925 Deo
2510 3869 2736 3938 eﬂictus,
2786 3874 2874 3929 hic
2915 3882 3092 3928 autem
3141 3873 3207 3928 ab
3235 3872 3442 3926 Adamo
3471 3880 3527 3926 et
3564 3867 3666 3922 Eva
3714 3874 3824 3933 pro-

612 3974 827 4021 creatus
862 3960 989 4033 est),
1029 3961 1240 4016 diversa
1300 3967 1491 4014 natura
1559 3960 1811 4030 prmditos
1883 3972 2002 4014 esse
2075 3963 2421 4018 contendent.
2460 3965 2607 4022 Unus
2662 3967 2824 4037 igitur
2885 3966 3025 4022 Deus
3069 3967 3122 4021 in
3190 3964 3382 4031 tribus,
3433 3972 3489 4017 et
3529 3961 3627 4017 tria
3677 3966 3822 4011 unum

610 4066 754 4122 sunt,
782 4065 841 4110 ut
877 4055 1127 4110 diximus.

668 4153 815 4212 .XIII.
848 4154 977 4222 Qua:
1011 4171 1131 4210 cum
1180 4154 1251 4209 ita
1293 4168 1352 4209 se
1381 4153 1634 4217 habeant,
1666 4152 1776 4207 imo
1814 4164 1935 4207 cum
1964 4150 2068 4205 hoc
2098 4148 2170 4204 ita

2346 4150 2445 4204 II".
2491 4149 2642 4202 Ἐπεὶ⁵
2664 4148 2721 4202 δὲ
2754 4147 2896 4202 οὕτω
2925 4150 3116 4212 ταῦτα,
3142 4146 3175 4218 ἢ
3204 4144 3380 4209 τοῦτο,
3411 4142 3519 4197 ἔδει
3552 4139 3607 4194 δὲ
3630 4135 3701 4208 μὴ
3724 4132 3822 4222 τοῖς

611 4261 670 4302 se
693 4247 907 4310 habeat,
949 4255 1109 4315 atque
1136 4244 1503 4300 adorationem
1552 4255 1888 4312 nequaquam
1926 4238 2176 4309 supernis

613 4345 820 4390 tantum
859 4334 1153 4402 Spiritibus
1174 4332 1451 4387 delinitam
1477 4338 1532 4386 et
1565 4329 2025 4398 circumscriptam
2048 4340 2169 4383 esse

609 4427 941 4491 conveniret,
974 4425 1068 4479 sed
1098 4434 1153 4478 et
1180 4421 1382 4476 inferos
1410 4422 1671 4490 quosdam
1712 4421 2025 4473 adoratores
2052 4431 2174 4471 esse

608 4519 841 4580 deceret,
903 4526 961 4571 ut
1002 4517 1183 4571 omnia
1213 4515 1305 4570 Dei
1343 4514 1511 4581 gloria
1564 4510 2023 4584 (quandoquidem
2079 4508 2172 4563 Dei

605 4608 784 4662 omnia
818 4609 963 4677 sunt)
1016 4607 1399 4677 implerentur;
1446 4620 1566 4661 eam
1626 4605 1697 4659 ob
1753 4617 1969 4658 causam
2016 4600 2176 4655 homo

606 4708 840 4762 creatur,
894 4699 1072 4754 divina
1126 4713 1287 4753 manu
1339 4707 1395 4752 et
1436 4696 1670 4766 imagine
1723 4702 1965 4749 ornatus.
2018 4690 2170 4747 Hunc

607 4800 789 4845 autem
832 4789 1032 4844 invidia
1061 4787 1281 4853 diaboli,
1316 4796 1477 4856 atque
1524 4788 1717 4840 acerbo
1739 4785 1941 4855 peccati
1985 4791 2167 4853 gustu,

605 4899 635 4938 a
680 4882 791 4937 Deo
844 4880 1125 4936 conditore
1182 4880 1379 4934 misere
1431 4885 1737 4946 separatum
1790 4874 2090 4943 despicere,
2139 4886 2169 4926 a

608 4971 718 5025 Deo
769 4968 1002 5024 alienum
1050 4976 1187 5024 erat.
1220 4965 1359 5033 Quid
1396 4966 1558 5036 igitur
1609 4964 1708 5019 liti
1749 4962 2025 5030 Quamque
2058 4974 2171 5014 ma-

604 5073 765 5128 gnum
803 5060 947 5114 circa
979 5073 1077 5112 nos
1104 5058 1422 5129 mysterium
1461 5052 1811 5124 designatur?
1848 5050 2172 5105 Innovantur

686 5196 726 5228 "
772 5194 793 5248 1
827 5193 952 5249 Cor.
991 5208 1111 5258 rm,
1144 5192 1198 5250 6.
1276 5193 1320 5226 "
1348 5192 1501 5247 Rom.
1524 5206 1577 5245 ιι
1598 5230 1613 5257 ,
1644 5189 1733 5244 36.

677 5332 790 5405 (45)
830 5333 1257 5405 pugio-mpm
1308 5331 1399 5388 Sic
1426 5331 1557 5404 (leg.
1590 5333 1701 5399 bm,
1735 5339 1844 5385 trcs
1864 5329 2038 5395 Colb.,
2066 5336 2169 5383 ctr.

607 5400 666 5458 In
688 5400 804 5462 ἐῶ.
827 5402 1155 5472 ἐλλείψομεν,

695 5420 804 5462 eu..
827 5420 1036 5472 ελλειψο
1080 5420 1155 5456 εν.

684 5472 793 5539 (ιϐ)
822 5473 971 5526 Οὔτε
990 5420 1104 5538 τίν
1125 5471 1365 5535 ἕνωσιν,
1395 5481 1499 5527 etc.
1533 5490 1552 5523 ι
1577 5470 1684 5527 Nec
1708 5470 1845 5541 quod
1869 5469 2024 5523 unius
2047 5482 2177 5541 con-

610 5535 918 5610 fundentes,
941 5559 959 5593 ι
993 5535 1267 5604 nimirum,
1297 5559 1315 5592 ι
1341 5557 1625 5610 personas;
1655 5535 1773 5605 nec,
1796 5535 2175 5608 distinguendo

610 5608 757 5678 inter
786 5625 844 5665 se
868 5625 1145 5678 personas,
1172 5608 1376 5665 alienas
1406 5611 1719 5667 inducamus
1749 5620 1990 5665 naturas.
2016 5627 2034 5660 s

685 5677 798 5747 (l7)
832 5677 1342 5751 Ἀνατινώσκεται.
1389 5681 1517 5752 Reg.
1541 5682 1635 5752 pb,
1667 5691 1720 5738 et
1748 5678 1840 5737 Or.
1875 5681 1924 5746 l,
1984 5680 2172 5737 ἀναγι-

2272 4240 2384 4295 ἇνω
2421 4241 2581 4312 μόνον
2612 4239 2710 4312 τὴν
2747 4238 3114 4312 προσκύνησιν
3142 4215 3595 4307 περιγράφεσθαι,
3621 4226 3727 4282 ἀλλ’
3751 4215 3821 4276 εἴ·

2271 4329 2359 4383 ναί
2406 4347 2558 4393 τινας
2587 4330 2683 4382 καὶ
2712 4330 2861 4383 κάτω
2893 4326 3294 4399 προσκυνητὰς,
3329 4325 3417 4378 ἴνα
3459 4316 3712 4393 πληρωθῇ
3760 4311 3820 4367 τὰ

2273 4421 2451 4475 πάντα
2508 4420 2667 4492 δόξης
2712 4420 2870 4484 Θεοῦ,
2908 4420 3031 4472 ἐπεὶ
3065 4418 3159 4473 καὶ
3200 4415 3370 4471 Θεοῦ·
3419 4416 3513 4469 καὶ
3558 4410 3645 4465 διὰ
3681 4402 3822 4459 τοῦτο

2272 4511 2513 4575 κτίζεται
2541 4510 2846 4582 ἄνθρωπος,
2882 4509 3024 4582 χειρὶ
3071 4505 3207 4562 Θεοῦ
3238 4505 3491 4577 τιμηθεὶς
3527 4502 3619 4556 καὶ
3649 4493 3819 4550 εἰκόνι.

2274 4603 2476 4657 Τοῦτον
2523 4603 2581 4656 δὲ
2635 4602 2814 4673 φθόνῳ
2859 4599 3125 4665 διαϐόλου,
3175 4599 3271 4652 καὶ
3301 4599 3472 4669 πικρᾷ
3509 4593 3689 4666 γεύσει
3735 4585 3821 4653 τῆς

2275 4694 2572 4764 ἁμαρτίας,
2603 4690 2739 4745 θεοῦ
2782 4690 2876 4745 τοῦ
2916 4689 3276 4760 πεποιηκότος
3318 4688 3563 4748 ἐλεεινῶς
3590 4681 3695 4754 (50)
3724 4692 3819 4764 xw:

2281 4761 2562 4855 ριζόμενον
2595 4783 2858 4855 παριδεῖν,
2899 4784 2959 4836 οὐ
2999 4781 3155 4835 Θεοῦ.
3192 4781 3258 4833 Τί
3294 4779 3536 4848 γίνεταις
3567 4774 3658 4830 καὶ
3686 4768 3736 4823 τί
3764 4761 3819 4817 τὸ

2280 4875 2421 4947 μέγα
2452 4877 2580 4946 περὶ
2601 4877 2748 4947 ἡμᾶς
2784 4875 3110 4947 μυστήριον;
3139 4871 3596 4943 Καινοτομοῦνται
3622 4862 3812 4947 φύσεις)

2276 4944 2370 5020 καὶ
2406 4944 2539 5029 Θεὸς
2567 4944 2853 5038 ἄνθρωπος
2896 4944 3104 5035 γίνεται
3127 4982 3140 4996 ·
3168 4964 3261 5018 καὶ
3304 4964 3333 5016 ὁ
3378 4951 3711 5026 ἐπιϐεϐηκὼς
3736 4944 3816 5038 ἐπὶ

2276 5049 2367 5104 τὸν
2398 5052 2626 5123 οὐρανὸν
2659 5035 2752 5106 τοῦ
2803 5052 3034 5125 οὐρανοῦ
3073 5051 3215 5108 κατὰ
3259 5050 3524 5113 ἀνατολὰς
3564 5046 3658 5115 τῆς
3695 5035 3814 5094 ιδίας

2279 5342 2575 5395 νωσκηται.

2354 5389 2465 5464 (l8)
2496 5396 2734 5460 Χρόνον.
2768 5390 2897 5464 Reg.
2923 5393 3015 5460 plt,
3045 5389 3268 5464 χρόνωνΣ

3458 5464 3639 5508 novem
3652 5439 3810 5501 Coll».

2283 5527 2460 5594 Coislf
2487 5537 2538 5597 l,
2566 5534 2657 5589 Or.
2696 5527 2744 5597 ἱ,
2781 5544 2884 5587 etc.
2923 5527 3089 5584 Deest-
3116 5529 3198 5581 ὅτι
3228 5527 3280 5597 in
3312 5529 3397 5579 ed.

2351 5576 2463 5678 ξέξό)
2494 5576 2957 5678 ξξὲ
2970 5576 3199 5678 quatuor
3446 5602 3629 5651 novem
3657 5576 3812 5639 Colbor

2281 5665 2387 5734 duo
2418 5674 2581 5730 Coisl.
2606 5686 2657 5730 et
2691 5665 2793 5730 Or.
2819 5673 2866 5727 ι.
2892 5670 2947 5727 1η
2973 5665 3083 5735 ed,
3105 5665 3353 5721 ἐλεεινόν,
