4010 6316
194 325 282 383 5ξ9
1099 328 1358 386 ORATIO
1399 331 1646 389 XXXIX.
1690 364 1759 377 -
1801 337 1868 390 IN
1911 338 2183 396 SANCTA
2224 340 2508 399 LUMINA.

3340 351 3434 399 550

192 443 331 514 δόξης
358 459 416 494 τε
453 441 554 495 καὶ
607 443 1015 516 λαμπρότητος,
1068 447 1161 501 ἐπὶ
1215 449 1433 516 δυσμῶν
1480 451 1768 518 δοξάζεται

1895 466 2099 524 naturae,
2133 475 2195 514 ac
2237 461 2375 514 Dens
2413 461 2572 515 homo
2607 460 2872 517 edicitur:
2916 468 2969 516 et
3009 461 3098 531 qui
3127 475 3291 532 super
3328 476 3412 516 εω

190 536 275 604 τῆς
315 534 601 604 ἡμετέρας
656 536 935 600 εὐτελείας
989 537 1084 591 καὶ
1133 541 1548 613 ταπεινότητος,
1611 546 1703 597 καὶ
1735 547 1762 598 6

191 625 302 686 Υἱὸς
331 625 421 676 τοῦ
466 624 612 677 Θεοῦ
639 625 853 696 δέχεται
891 627 984 680 καὶ
1025 628 1138 691 υἱὸς
1174 629 1462 701 ἀνθρώπου
1509 632 1762 701 γενέσθαι

187 733 236 768 τε
270 716 356 768 καὶ
380 716 689 787 κληθῆναι·
717 716 814 787 οὐχ
842 718 870 770 ὃ
898 714 965 789 ἦν
993 720 1314 789 μεταϐαλὼν
1344 723 1631 794 (ἄτρεπτον
1651 726 1762 797 (51)

187 806 322 875 γὰρ).
357 806 473 858 ἀλλ’
512 808 542 859 ὃ
572 809 674 860 οὐκ
701 804 770 878 ἦν
809 810 1134 880 προσλαϐὼν
1170 811 1574 884 (φιλάνθρωπος
1606 816 1762 888 γάρ),

191 899 263 949 ἵνα
289 897 517 968 χωρηθῇ
554 899 584 949 6
617 899 921 970 ἀχὼρητος,
971 901 1056 954 διὰ
1098 903 1270 974 μέσης
1312 906 1532 976 σαρκὸς,
1575 906 1766 978 ὁμιλή-

191 1005 274 1051 σας
301 991 456 1058 ἡμῖν,
489 990 571 1052 ὡς
621 989 735 1060 (52)
772 994 1277 1064 παραπετάσματος
1299 1012 1311 1024 '
1362 997 1549 1069 ἐπειδὴ
1600 999 1766 1052 καθα-

189 1080 276 1150 ράν
320 1080 493 1132 αὑτοῦ
536 1083 640 1150 τὴν
696 1081 924 1153 θεότητα
959 1086 1164 1156 φέρειν,
1212 1087 1272 1138 οὐ
1303 1088 1402 1158 τῆς
1446 1091 1504 1141 ὲν
1553 1090 1764 1157 γενέσει

188 1173 268 1224 καὶ
305 1171 482 1243 φθορᾷ
514 1172 754 1241 φύσεως.
794 1174 891 1226 Διὰ
919 1175 1079 1228 τοῦτο
1109 1176 1175 1228 τὰ
1220 1177 1425 1246 ἄμικτα
1457 1179 1711 1249 μίγνυται
1746 1198 1760 1212 ’

186 1263 238 1314 οὐ
262 1264 475 1330 γενέσει
528 1265 691 1334 μόνον
719 1265 871 1329 Θεὸς,
904 1267 1024 1320 οὐδὲ
1062 1270 1224 1339 σαρκὶ
1254 1267 1398 1334 νοῦς,
1434 1271 1555 1323 οὐδὲ
1588 1273 1766 1344 χρόνῳ

187 1353 238 1404 τὸ
254 1353 502 1423 ἄχρονον,
543 1355 666 1408 οὐδὲ
709 1356 892 1428 μέτρῳ
925 1358 984 1411 τὸ
1019 1359 1430 1430 ἀπερίγραπτον
1453 1379 1468 1393 ·
1501 1363 1638 1417 ἀλλὰ
1673 1367 1767 1420 καὶ

185 1443 443 1515 παρθενίᾳ
465 1445 748 1515 γέννησις,
783 1448 878 1500 καὶ
903 1448 1097 1520 ἀτιμίᾳ
1125 1451 1202 1521 τῷ
1227 1453 1322 1504 καὶ
1347 1455 1512 1524 τιμῆς
1545 1455 1766 1528 ἁπάσης

189 1537 518 1609 ὑψηλοτέρῳ,
548 1540 645 1591 καὶ
681 1540 842 1592 πάθει
871 1540 931 1592 τὸ
969 1540 1197 1608 ἀπαθὲς,
1224 1543 1320 1596 καὶ
1345 1544 1424 1614 τῷ
1451 1545 1674 1618 φθαρτῷ
1706 1549 1767 1601 τὸ

186 1629 460 1682 ἀθάνατον.
497 1631 721 1702 Ἐπειδὴ
746 1631 854 1704 γάρ
899 1631 1035 1702 ᾤετο
1080 1633 1348 1704 ἀήττητος
1376 1632 1514 1690 εἶναι
1545 1638 1644 1709 τῆς
1669 1657 1768 1693 κα-

189 1721 297 1788 κίας
343 1723 371 1774 6
436 1723 725 1794 σοφιστὴς,
777 1722 1030 1793 θεότητος
1067 1724 1241 1778 ἐλπίδι
1301 1726 1561 1792 δελεάσας
1593 1732 1763 1800 ἡμᾶς,

1872 547 1980 602 lum
2035 550 2157 606 εαξιὶ
2206 553 2272 605 ad
2318 552 2501 622 gloria:
2555 568 2664 608 suae
2720 561 2771 608 et
2820 553 3127 624 splendoris
3171 555 3438 608 orientem

1873 641 2115 695 ascendit
2149 643 2214 707 ⁸⁸,
2247 643 2299 696 in
2336 644 2556 698 vilitatis
2583 653 2636 698 et
2665 644 3001 700 humilitatis
3024 653 3220 700 nostrae
3243 659 3438 698 occasu

1872 731 2196 796 celebratur,
2230 733 2431 802 Deique
2457 732 2644 800 Filius,
2670 735 2900 790 hominis
2941 751 3155 806 quoque
3216 737 3356 790 [ilius
3387 743 3436 790 ει

1875 833 1997 873 esse
2051 829 2102 873 ει
2129 821 2307 874 vocari
2343 821 2602 886 sustinet;
2634 835 2761 883 non,
2795 821 2935 889 quod
2977 830 3111 888 erat,
3145 823 3438 875 immutans

1873 907 2067 978 (neque
2123 909 2267 963 enim
2321 910 2550 963 mutatio
2602 909 2654 962 in
2704 923 2825 962 eum
2856 908 3055 980 .cadit),
3084 911 3175 964 sed
3216 924 3311 978 pro
3343 921 3439 962 suo

1874 1013 2001 1068 erga
2037 1001 2284 1054 homines
2306 1015 2512 1065 amore,
2546 1000 2620 1064 id,
2649 1000 2788 1070 quod
2819 1015 2922 1054 non
2952 1013 3090 1067 erat,
3135 1014 3436 1064 assumens,

1876 1098 1935 1142 ut
1973 1092 2062 1158 qui
2119 1102 2307 1145 natura
2358 1106 2452 1145 sua
2483 1092 2862 1160 comprehendi
2885 1101 3004 1161 ;non
3043 1099 3238 1158 potest,
3289 1107 3440 1147 com-

1873 1179 2274 1250 prehendatur,
2364 1179 2683 1234 intermedia
2751 1194 2941 1245 carne,
3006 1189 3256 1248 tanquam
3323 1179 3442 1235 velo

1875 1269 2108 1337 quodam
2144 1266 2446 1336 interiecto,
2477 1267 2771 1337 nobiscum
2804 1283 3057 1323 versans:
3102 1267 3442 1336 quandoqui-

1874 1361 1992 1415 dem
2027 1370 2312 1428 procreata
2363 1371 2554 1415 natura
2601 1368 2656 1414 et
2705 1359 2944 1414 inleritui
2992 1359 3242 1423 obnoxia,
3273 1358 3444 1412 imbe-

1879 1449 2054 1504 cillior
2081 1458 2180 1514 est,
2227 1465 2388 1519 quam
2417 1459 2470 1502 ut
2498 1465 2687 1521 puram
2729 1450 2896 1520 ipsius
2930 1449 3264 1504 divinitatem
3305 1447 3448 1502 ferre

1874 1550 2055 1610 queat.
2098 1541 2302 1595 Idcirco
2351 1556 2440 1606 ea,
2487 1557 2606 1610 quae
2642 1557 2672 1595 a
2730 1541 2986 1595 mixtione
3039 1539 3214 1594 aliena
3259 1545 3443 1604 erant,

1875 1634 2206 1700 miscentur;
2242 1648 2304 1687 ac
2344 1647 2450 1687 non
2492 1634 2650 1687 modo
2700 1633 2839 1686 Deus
2895 1631 3187 1697 nativitati,
3211 1639 3265 1684 et
3298 1645 3448 1684 mens

1875 1723 2048 1789 carni,
2093 1733 2147 1778 et
2199 1723 2456 1792 temporis
2496 1738 2697 1794 expers
2728 1723 2976 1794 tempori,
3003 1731 3058 1776 et
3087 1722 3137 1776 id
3171 1721 3311 1789 quod
3337 1721 3448 1773 cir-

190 1814 378 1883 σαρκδς
416 1814 773 1885 προϐλήματι
822 1815 1169 1878 δελεάζεται·
1207 1817 1299 1880 ἶν’,
1331 1818 1407 1882 ὼς
1465 1819 1540 1891 τῷ
1599 1822 1771 1892 Ἀδὰμ

1892 1817 2164 1872 :umscribi
2203 1832 2307 1871 non
2341 1826 2534 1886 potest,
2578 1831 2846 1871 mensura:
2867 1814 3139 1884 jungitur;
3171 1812 3263 1866 sed
3282 1809 3449 1879 virgi-

190 1902 526 1971 προσϐαλὼν,
576 1903 657 1972 τῷ
701 1903 820 1974 Θεῴ
856 1906 1160 1976 περιπέσῃ,
1215 1908 1310 1960 καὶ
1355 1907 1526 1973 οὕτως
1577 1913 1605 1963 ό
1650 1913 1771 1976 νέος

1892 1910 2038 1965 litati
2078 1925 2296 1980 quoque
2343 1909 2674 1979 procreatio;
2697 1917 2750 1963 et
2794 1908 2868 1973 ei,
2900 1907 3040 1976 quod
3066 1904 3210 1958 omni
3239 1903 3446 1957 honore

201 1992 363 2061 Ἀδὰμ
413 1993 508 2045 τὸν
544 1994 777 2048 παλαιὸν
805 1994 1174 2066 άνασώσηται,
1217 1998 1311 2051 καὶ
1337 1998 1470 2070 λυθῇ
1502 2000 1562 2053 τὸ
1596 2004 1767 2057 κατά-

1892 2005 2222 2058 ,παιειτιιιιὶιιε
2271 2012 2374 2068 cst,
2415 2003 2746 2072 ignominia;
2778 2010 2830 2055 ct
2861 2000 3161 2067 affectibus,
3205 1999 3278 2065 id,
3306 1995 3448 2067 quod

192 2099 352 2153 κριμα
379 2083 487 2154 τῆς
520 2085 745 2156 σαρκὸς,
787 2087 950 2157 σαρκὶ
993 2087 1087 2140 τοῦ
1144 2087 1378 2142 θανάτου
1431 2090 1767 2150 θανατωθέν-

1892 2093 2159 2148 ιίΐεειὶὺιιε
2183 2103 2374 2160 vacat;
2407 2102 2459 2146 et
2480 2092 2837 2160 corruptibili,
2865 2091 2940 2155 id,
2975 2090 3116 2160 quod
3147 2085 3450 2142 immortale

190 2190 291 2236 τος.

1892 2193 1975 2240 :st.
2025 2184 2288 2251 Quoniam
2353 2184 2498 2238 enim
2554 2183 2642 2236 ille
2692 2182 2804 2236 vitii
2859 2196 3053 2249 parens
3096 2188 3150 2233 et
3192 2178 3436 2242 elfector,

193 2268 302 2322 ideo
349 2284 409 2324 se
467 2271 677 2325 invicto
733 2271 964 2340 quodam
1029 2271 1220 2327 robore
1271 2277 1577 2344 .tpraeditum
1637 2293 1756 2335 esse
1831 2279 2196 2343 existimabat,
2262 2277 2384 2347 quia
2451 2291 2568 2342 nos,
2621 2290 2717 2346 spe
2755 2274 3050 2328 divinitatis
3091 2273 3299 2342 objecta
3335 2280 3451 2324 tan-

193 2374 343 2428 quam
394 2359 651 2415 illecebra
713 2363 988 2431 quadam,
1071 2361 1124 2414 in
1183 2360 1421 2417 fraudem
1477 2365 1802 2435 induxerat;
1846 2370 1965 2424 ideo
2011 2369 2124 2438 ipse
2182 2380 2396 2436 quoque
2457 2377 2638 2420 carnts
2681 2351 2955 2433 praetextu
3015 2363 3306 2438 inescalur.
3355 2370 3434 2424 ιη,

194 2453 308 2506 dum
350 2455 510 2522 quasi
559 2455 614 2508 in
657 2455 918 2509 Adamum
972 2455 1224 2524 impetum
1269 2455 1416 2524 facit,
1461 2459 1516 2514 in
1564 2462 1728 2515 Deum

1894 2471 2064 2527 urrat,
2126 2469 2287 2530 atque
2348 2459 2423 2513 ita
2489 2473 2658 2514 novus
2722 2456 2960 2511 Adamus
3010 2454 3249 2525 pristina:
3292 2452 3452 2507 saluti
3490 2440 3586 2495 δί’

194 2557 241 2602 ει
307 2547 669 2602 incolumitati
747 2558 979 2602 veterem
1070 2559 1322 2615 asserat,
1397 2554 1774 2625 sententiaque
1849 2562 2108 2612 adversus
2178 2569 2398 2611 carnem
2455 2551 2802 2624 pronuntiata
2844 2550 3219 2614 rescindatur,
3277 2557 3454 2604 morte

194 2639 440 2694 nimirum
476 2655 507 2692 a
533 2654 698 2693 carne
714 2654 971 2708 oppressa
999 2649 1052 2695 et
1081 2640 1424 2709 interempta.

258 2733 350 2788 IA’.
386 2734 468 2804 Τῇ
505 2734 601 2804 μὲν
638 2729 730 2786 οὖν
761 2732 870 2803 (55)
905 2736 1154 2806 γεννήσει.
1197 2737 1265 2790 τὰ
1312 2737 1498 2791 εἰκότα
1545 2755 1775 2810 προεορ-

194 2824 430 2895 τάσαμεν
497 2825 630 2896 (54),
668 2825 777 2894 ἐγώ
824 2843 884 2878 τε
937 2827 965 2878 ὁ
997 2827 1096 2897 τῆς
1142 2830 1337 2900 ἑορτῆς
1396 2829 1644 2901 ἔξαρχος,
1680 2831 1773 2884 καὶ

1962 2732 2104 2790 XIV.
2137 2731 2257 2788 Jam
2307 2731 2506 2788 Christi
2543 2743 2756 2800 quidem
2799 2726 3064 2782 Nativitas
3109 2727 3276 2798 686
3323 2742 3462 2780 cen-

1883 2843 2014 2898 grua
2072 2823 2413 2879 solemnitate
2475 2820 2642 2889 prius,
2688 2829 2799 2873 tum
2851 2834 2879 2872 a
2920 2833 3004 2872 me
3043 2818 3164 2872 lcsti
3216 2821 3350 2872 duce
3405 2828 3462 2872 et

200 2918 368 2986 ὑμεῖς,
412 2919 513 2971 καὶ
564 2920 672 2970 πᾶν
733 2919 857 2971 ὅσον
900 2919 1192 2989 ὲγκόσμιόν
1239 2938 1297 2973 τε
1364 2922 1458 2974 καὶ
1517 2923 1770 2994 ὑπερκό-

1892 2918 2118 2989 mspice,
2154 2927 2262 2969 tum
2301 2930 2330 2968 a
2372 2913 2552 2994 vobis,
2583 2922 2745 2982 atque
2774 2913 2909 2966 adeo
2941 2911 3008 2964 ab
3041 2911 3311 2974 omnibus,
3347 2920 3458 2963 tam

200 3025 374 3082 σμιον.
408 3009 570 3063 Μετὰ
624 3010 854 3081 ἀστέρος
896 3011 1226 3082 ἐδράμομεν,
1262 3014 1355 3066 καὶ
1394 3014 1532 3084 μετὰ
1573 3016 1776 3083 Μάγων

202 3102 708 3172 προσεκυνήσαμεν,
765 3102 902 3173 μετά
959 3103 1234 3174 ποιμένων
1283 3105 1394 3176 (55)
1446 3107 1778 3178 περιελλάμ-

202 3190 428 3261 φθημεν,
482 3193 574 3244 καὶ
621 3192 759 3262 μετὰ
810 3193 1058 3262 ἀγγέλων
1115 3195 1469 3266 ὲδοξάσαμεν,
1507 3198 1644 3267 μετὰ
1678 3199 1778 3252 Συ-

207 3283 341 3354 μεὼν
375 3283 878 3356 ὲνηγκαλισάμεθα,
915 3287 1008 3338 καὶ
1055 3286 1193 3358 μετὰ
1228 3289 1426 3357 ’Λννης
1467 3289 1778 3359 ἀνθωμολο-

203 3375 487 3446 γησάμεθα
524 3375 664 3444 (56),
695 3376 796 3444 τῆς
825 3377 1055 3446 γεραιᾶς
1089 3377 1183 3430 καὶ
1212 3375 1487 3446 σώφρονος
1506 3392 1521 3408 °
1551 3379 1645 3430 καὶ
1679 3379 1779 3448 χά-

209 3483 284 3534 ρις
306 3466 382 3536 τῷ
411 3470 495 3530 είς
547 3468 615 3520 τὰ
660 3467 765 3520 ἴδια
798 3467 1005 3520 ἐλθόντι
1041 3467 1353 3539 ἀλλοτρίως,
1395 3469 1476 3522 ὅτι
1513 3469 1601 3522 τὸν
1633 3469 1780 3533 ξένον

207 3557 468 3623 ἐδόξασεν.
503 3559 639 3612 Νυνὶ
688 3560 744 3611 δὲ
790 3561 990 3631 πρᾶξις
1039 3560 1174 3631 ἄλλη
1221 3561 1480 3633 Χριστοῦ,
1518 3563 1611 3615 καὶ
1655 3561 1783 3616 ἄλλο

213 3651 520 3722 μυστήριον.
571 3651 644 3704 Οὐ
676 3651 909 3722 δύναμαι
953 3653 1200 3723 κατέχειν
1256 3653 1354 3723 τὴν
1415 3653 1606 3725 ἡδονὴν
1639 3693 1654 3719 ,
1701 3653 1785 3707 ἐν·

212 3741 320 3805 θεος
345 3743 460 3814 (57)
502 3743 748 3813 γίνομαι,
804 3745 1001 3815 μικροῦ
1033 3745 1148 3810 καὶ,
1179 3745 1252 3808 ὼς
1295 3746 1568 3816 Ἰωάννης,
1619 3748 1784 3816 εὐαγ-

213 3834 507 3906 γελίζομαι,
545 3838 592 3889 εξ
628 3836 721 3888 κοιλ¹
757 3837 832 3907 μὴ
869 3836 1208 3908 πρόδρομος,
1245 3836 1356 3890 ἀλλ’
1385 3839 1490 3891 ἀπὸ
1512 3839 1608 3906 τῆς
1659 3840 1786 3910 ἐρη-

217 3926 353 3993 μίας.
385 3928 623 4000 Χριστὸς
669 3928 1001 3998 φωτίζεται,
1052 3930 1587 4000 συναναστράψωμεν
1623 3931 1735 4002 (58)
1769 3949 1782 3962 ο

215 4019 437 4090 Χριστὸς
461 4022 806 4092 βαπτίζεται,
823 4022 1303 4093 συγκατέλθωμεν,
1323 4025 1409 4080 ἵνα
1432 4025 1526 4076 καὶ
1544 4024 1789 4077 συνανέλ-

217 4109 403 4182 θωμεν.
443 4114 774 4178 Βαπτίζεται
847 4115 1054 4186 Ἰησοῦς
1087 4133 1100 4145 ·
1157 4115 1314 4169 τοῦτο
1360 4117 1552 4186 μόνον;
1609 4117 1642 4188 ἦ
1695 4118 1788 4171 καὶ

216 4205 278 4256 τὰ
304 4207 433 4260 ἄλλα
466 4207 576 4277 (59)
624 4210 810 4279 τηρεῖν
855 4207 1127 4277 ἐπιμελῶς
1158 4209 1489 4276 ἀναγκαῖον;
1525 4209 1620 4272 Τίς
1668 4208 1742 4261 ὢν
1772 4227 1785 4272 ;

220 4297 303 4346 xz".
324 4297 475 4370 παρὰ
504 4296 679 4361 τίνος;
725 4298 819 4350 καὶ
845 4297 986 4350 κατὰ
1027 4290 1268 4368 πηνίκαζ
1317 4298 1374 4350 Ὀ
1402 4297 1664 4370 καθαρὸς,
1694 4301 1787 4354 καὶ

219 4389 354 4457 πῖρᾶ
397 4390 688 4451 ’Ῑωάννου,“
717 4389 810 4440 καὶ
849 4389 956 4441 τῶν
1016 4389 1258 4459 σημείων
1301 4389 1634 4460 ἁρχόμενος;
1673 4391 1789 4444 Ἵνα

221 4479 266 4529 τί
297 4480 576 4550 μάθωμεν,
614 4483 710 4533 καὶ
757 4481 808 4533 τί
843 4480 1258 4550 παιδευθῶμεν;
1293 4480 1787 4552 Προκαθαίρεσθαι,

222 4571 305 4622 καὶ
328 4575 794 4644 ταπεινοφρονεῖν,
827 4573 919 4625 κα).
947 4572 1242 4643 κηρύσσειν
1269 4573 1326 4626 ὲν
1353 4572 1669 4642 τελειότητι,
1694 4573 1787 4626 καὶ

222 4661 308 4729 τῆς
359 4666 778 4734 πνευματικῆς,
836 4665 932 4716 κα).
991 4663 1091 4733 τῆς
1161 4664 1481 4734 σωματικῆς
1547 4663 1784 4734 ἡλικίας.

233 4750 425 4807 Ἐκεῖνο
455 4756 592 4826 πρὸς
616 4755 742 4818 τοὺς
767 4755 827 4807 τὸ
858 4754 1142 4824 βάπτισμα
1169 4753 1567 4824 σχεδιάξοντας,
1590 4755 1683 4806 κει)⁵
1716 4753 1790 4823 μὴ

224 4846 827 4918 προευτρεπιζομένους,
863 4845 996 4915 μηδὲ
1032 4845 1091 4898 τὸ
1122 4844 1363 4914 ἀσφαλὲς
1410 4848 1478 4915 τῇ
1527 4842 1790 4915 λυτρώσει

288 4938 326 4968 ¹⁰
351 4938 436 4991 Ps.
467 4953 637 5001 vatt,
665 4938 753 4993 '54.
831 4937 874 4967 ¹⁰
905 4936 1094 4992 Matth.
1135 4951 1195 5002 tt,
1237 4935 1261 4988 1
1299 4951 1420 5005 sqq.

289 5052 392 5120 (ﬁl)
433 5055 757 5120 Ἀτρεπτον
843 5050 972 5107 Tres
1037 5051 1227 5122 Regg.,
1282 5042 1502 5105 Coislal
1549 5061 1600 5105 ct
1625 5051 1716 5105 Or.
1747 5051 1795 5115 l,

228 5122 284 5177 ἅτ
291 5140 340 5191 ρε
352 5140 502 5184 πτος.
1379 5189 1393 5191 _
1611 5143 1618 5148 ·

231 5260 242 5274 _
291 5193 396 5260 (52)
439 5195 556 5258 Ὧς.

228 5275 300 5316 εκ.

293 5332 401 5398 (53)
433 5331 514 5400 Τῇ
536 5332 653 5402 μὲν
674 5329 810 5399 οὖν,
837 5347 942 5390 etc.
986 5332 1173 5386 Billius
1225 5333 1277 5386 in
1321 5333 1490 5400 prima
1539 5330 1796 5402 editione,

232 5401 300 5453 sic
334 5406 501 5471 tuagis
528 5404 595 5455 ad
627 5402 862 5458 litteram
897 5403 1206 5458 reddiderat
1251 5420 1265 5458 :
1303 5421 1321 5454 ι
1349 5403 1416 5456 At
1445 5401 1647 5456 Christi
1682 5401 1798 5471 qui:

235 5472 339 5522 dem
369 5469 722 5525 Nativitatem
760 5473 1082 5540 congruenti
1133 5472 1475 5527 solemnitate
1529 5469 1797 5537 prosecuti

236 5552 425 5660 Brutus,
491 5551 602 5597 tum
658 5555 759 5610 ego
804 5543 938 5600 .festi
983 5545 1088 5598 dux
1141 5552 1196 5595 et
1233 5557 1455 5611 auspex,
1489 5554 1600 5596 ttttn
1635 5555 1747 5602 vos,
1777 5559 1794 5590 ι

237 5621 262 5660 e
284 5625 327 5660 c.

237 5621 327 5663 ειε.

439 5682 948 5752 Προεορτάστιμεν.
985 5684 1077 5740 Or.
1118 5685 1169 5748 Ι,
1208 5682 1693 5754 προεωρτάσαμεν.

299 5749 402 5805 (55)
443 5755 603 5808 Μετὰ
625 5749 947 5813 ’κοιμῶ-ων.
977 5755 1126 5808 Ριιιυ··-
1153 5777 1158 5780 -
1189 5749 1367 5811 codd..
1394 5749 1488 5807 καὶ
1516 5749 1652 5804 αετὰ
1678 5765 1799 5803 ποι-

613 5191 747 5261 Reg.
780 5192 868 5261 ph,
918 5209 1013 5246 sex
1061 5192 1216 5248 Colb.
1267 5201 1321 5246 et
1364 5189 1510 5247 Or.l
1572 5191 1796 5254 addunt,

1496 4936 1539 4967 "
1579 4934 1710 4988 Luc.
1743 4949 1803 4997 ιι,
1835 4930 1867 4986 9
1897 4946 2022 4999 sqq.

1881 3010 1974 3079 qui
2027 3009 2080 3062 in
2137 3006 2337 3061 mundo
2390 3011 2695 3070 versantur,
2745 3018 2902 3071 quam
2944 3000 3034 3071 qui
3068 2999 3266 3054 mundo
3299 2999 3464 3054 subli-

1880 3103 2081 3157 miores
2157 3109 2302 3164 sunt,
2372 3097 2642 3153 celebrata
2703 3105 2804 3151 est.
2850 3093 2982 3150 Cum
3053 3095 3207 3149 stella
3267 3107 3462 3148 cucur-

1884 3197 2070 3258 rimus,
2126 3209 2246 3248 cum
2290 3190 2459 3253 Magis
2517 3188 3104 3250 adoravimus",cum
3163 3185 3464 3255 pastoribus

1883 3289 2000 3343 lucc
2033 3286 2343 3342 circumfusi
2377 3299 2584 3345 sumus,
2620 3299 2741 3337 cum
2803 3281 3009 3350 angelis
3048 3279 3284 3333 divinam
3343 3277 3464 3347 εἰο-

1885 3385 2018 3436 riam
2055 3379 2492 3449 praedicavimus,
2543 3392 2664 3431 cum
2721 3374 3051 3430 Simeonein
3081 3372 3206 3426 ulna
3253 3369 3465 3439 accepi—

1886 3487 2024 3536 nzus,
2087 3485 2210 3524 cum
2270 3469 2444 3532 Anna,
2500 3466 2623 3530 illa,
2665 3465 2918 3533 inquam,
2962 3461 3142 3516 vetula
3198 3470 3252 3515 et
3313 3468 3465 3512 casta

1886 3563 2106 3628 femina,
2131 3559 2365 3615 confessi
2403 3558 2682 3622 sumus“;
2710 3555 2758 3608 ei
2786 3567 3020 3623 quoque,
3060 3551 3148 3620 qui
3179 3559 3234 3604 ut
3259 3549 3468 3605 alienus

1887 3657 1938 3712 in
1967 3655 2184 3726 promia
2219 3653 2365 3708 venit
2391 3653 2457 3716 “,
2488 3652 2661 3720 gratia
2703 3650 2988 3709 habeatur,
3032 3644 3174 3714 quod
3216 3654 3464 3697 exterum

1878 3749 2161 3804 hominem
2209 3755 2263 3801 et
2303 3745 2644 3816 peregrinum
2684 3741 2849 3810 gloria
2902 3737 3099 3793 aﬂ’ecit.
3155 3735 3309 3790 Nunc
3337 3747 3467 3788 vero

1888 3842 1992 3896 alia
2045 3840 2250 3896 Christi
2296 3839 2475 3906 actio,
2527 3835 2778 3905 aliudque
2830 3831 3146 3904 mysterium
3200 3827 3467 3897 sequitur.

1889 3933 2068 3986 Animi
2114 3932 2445 4000 voluptatem
2497 3937 2680 3982 tenere
2728 3939 2935 3994 nequeo
2964 3965 2979 3991 ,
3041 3921 3226 3976 divino
3284 3918 3469 3972 furore

1890 4023 2195 4092 corripior;
2262 4019 2648 4092 propemodum
2721 4018 2922 4081 etiam,
2975 4012 3197 4070 Joannis
3260 4012 3468 4075 instar,

1895 4113 2135 4168 faustum
2185 4111 2440 4167 nuncium
2484 4109 2723 4181 profero,
2756 4123 2860 4162 non
2899 4119 3200 4177 praecursor
3228 4103 3468 4172 quidem,

1893 4221 1952 4262 ut
2006 4207 2132 4274 ille,
2174 4215 2427 4262 cauerunt
2477 4219 2506 4257 a
2562 4201 2852 4258 solitudine
2910 4201 3153 4255 veniens.
3223 4195 3470 4251 Christus

1895 4299 2255 4363 illuminatur,
2295 4296 2455 4351 simul
2490 4295 2860 4358 illustremur;
2913 4291 3160 4344 Christus
3227 4287 3472 4356 baptiza-

1899 4383 2069 4448 tur",
2113 4381 2272 4436 simul
2305 4377 2714 4441 descendamus,
2770 4387 2826 4426 ut
2870 4373 3032 4427 simul
3083 4372 3244 4426 etiam
3277 4383 3469 4423 ascen-

1906 4475 2116 4529 damus.
2155 4470 2312 4524 Jesus
2359 4469 2686 4536 baptizatur.
2732 4461 2866 4516 Num
2917 4463 2968 4515 id
3025 4460 3197 4515 solum
3222 4468 3470 4529 spectan-

1894 4567 2019 4620 dum
2047 4563 2176 4619 est?
2237 4561 2429 4624 Nonne
2459 4567 2513 4612 et
2561 4556 2663 4611 alia
2721 4556 2883 4610 etiam
2945 4552 3129 4608 sedulo
3184 4551 3473 4606 observare

1891 4658 2080 4727 juvat?
2105 4655 2364 4710 Nimirum
2405 4653 2547 4721 quis,
2575 4661 2629 4704 et
2674 4667 2702 4703 a
2733 4663 2860 4718 quo,
2901 4656 2957 4701 et
3008 4643 3259 4715 quando?
3299 4644 3492 4698 Purus-

1898 4747 2192 4810 videlicet,
2251 4753 2305 4798 ει
2362 4758 2389 4796 u
2445 4740 2673 4802 Joanne,
2731 4748 2786 4793 et
2814 4745 2949 4802 tum,
3014 4750 3135 4790 cum
3196 4734 3472 4804 signorum

1900 4839 2231 4895 edendorum
2262 4838 2470 4891 initium
2512 4832 2756 4888 faceret?
2783 4830 2920 4897 Quid
2950 4837 3006 4884 ut
3046 4827 3170 4884 inde
3196 4827 3472 4884 discamus

2104 4931 2148 4960 “
2191 4929 2344 4984 Joan.
2375 4944 2412 4992 ι,
2462 4925 2548 4978 l-l.
2626 4925 2670 4956 ³³
2701 4923 2869 4977 Marc.
2901 4937 2943 4987 ι,
2974 4920 3006 4975 8
3035 4933 3155 4989 sqq.

1951 5048 2105 5101 ένων.

1909 5067 2105 5188 “Erga.
2140 5111 2794 5188 Ἁνθωμολογησςὶμεθᾳ,
2826 5115 2940 5188 tcto.
3007 5105 3182 5188 (Cum
3208 5105 3362 5188 anna
3395 5103 3477 5157 vi-

1907 5175 2090 5244 cissim
2135 5197 2189 5240 et
2237 5175 2398 5239 veluti
2455 5175 2784 5238 succinendo
2825 5177 3064 5232 Simeoni
3119 5175 3350 5230 confessi
3386 5189 3476 5228 su-

1907 5275 2046 5315 mus.
2080 5277 2098 5308 ι
2144 5255 2241 5308 Vel
2289 5256 2474 5318 etiam,
2507 5263 2563 5305 ut
2604 5249 2824 5318 exponit
2870 5246 3105 5311 Nicetas,
3142 5262 3161 5296 ι
3189 5261 3285 5314 pro
3323 5257 3480 5298 acce-

1909 5330 2016 5400 ptis
2039 5325 2325 5400 heuel‘tciiis
2347 5325 2547 5400 gratias
2567 5322 2796 5400 egimus.
2825 5337 2842 5370 ι

1978 5381 2089 5468 (5'7)
2121 5381 2390 5460 Ἕνθεοξ.
2438 5381 2685 5459 Quinque
2715 5388 2880 5459 Regg.
2935 5397 2990 5442 et
3031 5397 3138 5440 tres
3170 5381 3348 5448 Colb.,
3395 5381 3481 5435 ἐν-

1899 5469 2040 5531 θους.
2207 5503 2214 5506 -

1975 5525 2085 5607 (5'8)
2145 5531 2768 5607 Συναναστράψωμεν.
2829 5527 3014 5582 Plures
3059 5525 3276 5594 optimae
3343 5533 3480 5579 notae

1899 5601 2820 5673 εοάιΙ.ἐιΒ;ιε.,συναστράψωμεν.
2938 5666 2972 5673 _
3137 5664 3169 5673 _
3282 5672 3286 5673 ν
3370 5663 3382 5673 ‘
3427 5661 3438 5673 .

1970 5678 2080 5747 (59)
2113 5678 2186 5731 Ἣ
2212 5663 2308 5728 καί
2339 5673 2410 5728 τὰ
2450 5663 2638 5725 (illa:
2681 5663 2768 5726 Sic
2807 5683 2900 5724 sex
2938 5666 3102 5735 chg.
3136 5664 3294 5720 Deest
3323 5663 3391 5717 τά
3427 5663 3477 5716 ἰι

1901 5752 1987 5805 ed.
