4010 6316
535 206 630 260 551

532 324 840 396 paradisum
892 317 1107 374 reduxit
1159 335 1171 370 :

530 416 697 488 quod,
731 429 852 470 eum
894 409 1117 465 rationis
1153 422 1346 477 expers
1376 421 1551 472 esses,
1591 422 1620 459 a
1668 406 1844 462 Verbo
1874 406 2110 460 nutritus

532 522 609 561 es.
643 505 939 573 Cognosce,
975 509 1034 554 ut
1060 500 1180 563 bos,
1226 512 1595 568 possessorem
1642 508 1816 560 tuum,
1853 497 2018 552 Isaias
2058 508 2108 553 te

533 595 806 654 admonet,
835 601 909 652 et,
948 595 1004 641 ut
1029 586 1233 650 asinus,
1266 598 1506 655 praesepe
1541 584 1741 639 domini
1771 583 1951 649 sui”;
1996 584 2110 636 sive

530 683 765 739 mundus
789 678 1055 750 quispiam
1105 678 1182 732 sis
1229 691 1292 731 ac
1329 675 1429 746 legi
1469 675 1766 744 subjectus,
1802 683 2109 742 rectamque

532 773 829 828 doctrinam
864 767 1161 829 ruminans,
1196 774 1363 834 atque
1395 765 1462 819 ad
1482 764 1806 819 sacrificium
1837 764 2065 816 idoneus
2091 781 2102 814 :

532 865 644 919 sive
674 863 835 916 etiam
875 858 1050 913 adhuc
1091 856 1418 922 immundus,
1462 869 1525 908 ac
1572 855 1695 909 cibo
1740 862 1795 909 et
1828 854 2111 907 sacriﬁciis

532 955 756 1018 inutilis,
798 953 1133 1021 etltnicaeque
1174 950 1362 1020 partis.
1394 947 1528 1003 Cum
1579 947 1730 1003 stella
1775 962 1955 1013 curre,
1986 962 2105 1001 cum

529 1044 696 1114 Magis
752 1045 890 1098 dona
957 1042 1111 1105 oﬂer,
1160 1054 1383 1104 aurum,
1430 1040 1553 1093 thus
1594 1049 1650 1093 et
1705 1038 1998 1108 myrrham,
2053 1047 2110 1091 ιιι

530 1138 663 1208 regi,
698 1146 753 1190 ut
789 1136 915 1199 Deo,
941 1143 995 1187 et
1026 1142 1085 1187 ut
1123 1141 1211 1186 tua
1241 1146 1403 1185 causa
1442 1140 1677 1184 mortuo.
1705 1127 1840 1181 Cum
1873 1129 2107 1197 pastori-

530 1230 632 1283 bus
668 1228 830 1282 Deum
859 1226 1105 1279 laudibus
1129 1224 1374 1289 celebra;
1433 1239 1553 1277 cum
1597 1221 1799 1290 angelis
1846 1223 2105 1290 hymnum

531 1320 725 1385 dicito;
773 1334 893 1373 cum
946 1316 1290 1383 archangelis
1341 1317 1537 1369 choros
1595 1313 1797 1366 ducito.
1860 1311 1942 1366 Sit
1994 1325 2107 1366 εω-

447 1445 454 1452 -
532 1409 746 1464 lestiutn
804 1416 859 1462 et
910 1416 1243 1461 terrenarum
1299 1404 1554 1458 virtutum
1608 1401 1911 1456 communis
1967 1402 2107 1454 cele-

530 1501 722 1557 britas.
746 1499 876 1555 Nam
905 1513 999 1553 eas
1028 1510 1239 1566 quoque
1283 1494 1544 1551 hodierno
1588 1492 1676 1548 die
1713 1490 1872 1545 simul
1906 1490 2104 1546 festum

1774 199 1829 252 ὃ.
1870 198 2199 251 ωιΕουιιιι
2242 196 2589 250 THEOLOGI

1228 322 1283 371 et
1345 328 1586 384 praesepe
1647 314 1832 379 adora.
1897 324 2106 385 propter

2217 314 2348 385 λεὲμ
2378 316 2608 386 τίμησον
2651 314 2747 384 τὴν
2787 312 3006 384 μικρὰν,
3034 314 3156 383 ἧσε
3178 314 3330 385 ,πρὸς
3362 314 3784 391 τὸντὶαραδεισον

3666 198 3761 256 532

2213 410 2562 477 ἐπανήγαγε·
2610 408 2703 459 καὶ
2757 406 2854 475 τὴν
2895 407 3107 475 φάτνην
3172 407 3563 477 προσκύνησον,
3613 407 3678 459 δι’
3726 410 3783 477 ῆν

2210 501 2564 577 ἀλογοςρῶν,
2632 503 2870 571 ἐτράφης
2925 501 3029 555 ὑπὸ
3072 501 3174 571 τοῦ
3229 504 3423 569 Λόγου.
3468 501 3656 565 Γνῶθι,
3716 503 3784 566 ὡς

2214 590 2360 659 βοῦς,
2423 592 2513 644 τὸν
2584 592 2943 661 κτησάμενον,
3008 590 3233 653 Ἡσαΐας
3278 592 3644 645 διακελεύεταί
3689 610 3779 655 σοι,

2214 683 2322 745 καὶ,
2361 684 2435 745 ὡς
2476 682 2616 746 ὄνος,
2670 682 2769 752 τὴν
2828 683 3033 753 φάτνην
3080 682 3176 735 τοῦ
3215 683 3407 753 κυρίου
3451 682 3611 736 αὐτοῦ
3639 700 3652 713 ⁸
3685 685 3783 736 εἴτε

2211 770 2319 823 τῶν
2354 770 2610 844 καθαρῶν
2646 788 2730 833 τις
2767 769 2834 833 εἰ,
2867 772 2961 823 καὶ
2994 771 3103 823 ὑπὸ
3139 770 3231 823 τὸν
3263 772 3445 840 νόμον,
3491 771 3583 823 καὶ
3619 788 3779 841 μηρυ-

2211 862 2407 931 κισμὸν
2439 863 2750 930 ἀναγόντων
2780 860 2874 915 τοῦ
2904 862 3085 929 λόγου,
3118 862 3213 915 καὶ
3257 863 3392 930 πρὸς
3437 861 3623 914 θυσίαν
3668 864 3781 916 ἐπι-

2209 953 2469 1022 τηδείων
2503 953 2610 1005 εἴτε
2646 952 2753 1005 τῶν
2803 952 3128 1023 ἀκαθάρτων
3157 953 3292 1015 τέως
3314 994 3326 1015 ,
3374 954 3466 1005 καὶ
3515 954 3779 1025 ἀϐρώτων,

2212 1044 2303 1097 καὶ
2349 1044 2721 1109 ἀθύτων,·καὶ
2769 1045 2865 1113 τῆς
2922 1044 3141 1112 ὲθνικῆς
3193 1044 3429 1116 μερίδος.
3484 1045 3636 1097 Μετά
3685 1046 3772 1098 τοῦ

2208 1136 2439 1207 ἀστέρος
2499 1136 2710 1206 δράμε,
2764 1137 2856 1189 καὶ
2920 1136 3057 1205 μετά
3113 1136 3317 1203 Μάγων
3390 1136 3776 1206 δωροφόρησον,

2209 1226 2427 1296 χρυσὸν,
2460 1225 2552 1278 καὶ
2597 1225 2829 1286 λίϐανον,
2880 1226 2974 1277 καὶ
3004 1224 3275 1295 σμύρναν,
3319 1225 3395 1287 ὡς
3440 1224 3663 1293 βασιλεῖ,
3699 1228 3782 1278 καὶ

2208 1313 2282 1375 ὡς
2314 1312 2452 1383 Θεῷ,
2487 1314 2580 1367 καὶ
2614 1316 2689 1376 ὡς
2722 1314 2809 1366 διὰ
2842 1313 2899 1366 σὲ
2934 1314 3130 1383 νεκρῷ.
3156 1313 3311 1367 Μετά
3345 1314 3614 1383 ποιμένων
3645 1312 3784 1379 saga:

2211 1313 2282 1375 ὡς
2314 1312 2452 1383 Θεῷ,
2487 1314 2580 1367 καὶ
2614 1316 2689 1376 ὡς
2722 1314 2809 1366 διὰ
2842 1313 2899 1366 σὲ
2934 1314 3130 1383 νεκρῷ.
3156 1313 3311 1367 Μετά
3345 1314 3614 1383 ποιμένων
3645 1303 3825 1498 δόξα-ι

2211 1422 2321 1468 σον,
2360 1405 2495 1475 μετὰ
2518 1405 2767 1474 ἀγγέλων
2815 1404 3078 1475 ὕμνησον,
3123 1405 3260 1476 μετὰ
3298 1406 3651 1476 ἀρχαγγέλων
3698 1407 3780 1476 χό-

2211 1497 2737 1568 ρευσον(65).Ἔστω
2769 1497 2921 1568 κοινὴ
2952 1499 3257 1568 πανήγυρις
3271 1498 3537 1568 οὐρανίων
3565 1499 3655 1550 καὶ
3673 1498 3783 1549 ἑπι-

531 1593 828 1655 eelebrare,
858 1606 922 1646 ac
966 1588 1147 1644 laetitia
1176 1588 1372 1656 gestire
1422 1585 1635 1639 confido
1669 1602 1683 1637 :
1724 1582 1988 1652 siquidem
2021 1583 2106 1635 ho-

2214 1590 2372 1656 γείων
2419 1589 2719 1659 δυνάμεων.
2768 1589 3033 1659 Πείθομαι
3080 1591 3189 1661 γὰρ
3233 1588 3490 1652 κάκείνας
3526 1589 3778 1657 συναγάλ-

532 1686 740 1742 minum
772 1683 975 1754 Deique
1000 1695 1181 1741 amore
1210 1679 1445 1749 praeditas
1476 1685 1621 1741 sunt,
1647 1676 2100 1746 quemadmodum

2216 1678 2402 1731 λεσθαι
2456 1657 2566 1731 καὶ.
2606 1657 3113 1749 συμπανηγυρίζειν
3159 1657 3432 1749 σήμερον·
3481 1681 3638 1749 εἴπερ
3689 1678 3783 1731 sici

531 1778 680 1843 illm,
729 1790 863 1847 quas
919 1774 1086 1828 David
1144 1771 1348 1826 inducit
1414 1779 1537 1840 post
1597 1768 1938 1839 passionem,
1987 1780 2106 1819 cum

538 1869 752 1924 Christo
794 1864 955 1921 simul
992 1863 1364 1924 ascendentes,
1397 1875 1462 1915 ac
1519 1859 1679 1914 simul
1738 1869 2105 1921 occurrentes,

532 1974 699 2030 seque
769 1958 994 2013 invicem
1066 1955 1131 2009 ad
1200 1960 1387 2023 portas
1447 1950 1767 2006 attollendas
1816 1950 1861 1981 ’δ
1927 1950 2107 2005 inhor-

533 2060 726 2105 tantes.
786 2034 791 2039 i
1034 2072 1035 2075 η

604 2139 786 2195 XVIII.
815 2139 990 2195 Unum
1018 2139 1122 2194 hoc
1156 2137 1418 2191 duntaxat
1466 2151 1529 2189 ex
1577 2134 1643 2190 iis
1685 2134 1957 2199 omnibus,
1989 2148 2108 2202 quae

530 2234 673 2287 circa
723 2230 924 2286 Christi
970 2229 1305 2284 nativitatem
1352 2226 1515 2297 675
1564 2227 1925 2295 contigerunt,
1984 2226 2109 2280 odio

530 2325 687 2389 habe,
719 2312 1115 2384 ac'detestare,
1168 2319 1421 2373 nimirum
1472 2332 1761 2387 puerorum
1807 2319 2005 2373 caedem
2040 2317 2107 2371 ah

531 2416 742 2471 Herode
775 2421 1156 2483 perpetratam.
1195 2411 1308 2465 lmo
1346 2424 1474 2465 vero
1517 2410 1660 2466 hanc
1706 2425 1918 2479 quoque
1948 2425 2109 2467 vene-

533 2520 674 2568 rare,
705 2505 865 2566 hanc,
897 2503 1136 2571 inquam,
1165 2496 1491 2554 coaetaneam
1536 2498 1760 2552 Christo
1808 2500 2103 2565 victimam,

531 2612 651 2666 quae
678 2609 776 2665 pro
808 2608 945 2649 nova
993 2592 1210 2647 victima
1248 2598 1479 2644 mactata
1519 2599 1625 2643 est.
1656 2588 1712 2644 Si
1741 2592 1791 2643 in
1815 2589 2104 2661 Aﬁgyptnm

531 2688 819 2759 profugiat,
852 2685 1015 2741 alacri
1042 2684 1223 2739 animo
1255 2691 1305 2737 te
1353 2681 1455 2750 ipsi
1512 2681 1652 2751 fugae
1705 2683 1956 2737 comitem
2013 2684 2106 2735 ad-

529 2785 711 2856 iunge.
747 2780 1069 2835 Praeclarum
1110 2784 1193 2831 est
1240 2791 1365 2831 cum
1411 2773 1633 2829 Christo
1672 2776 2106 2843 persecutionem

530 2876 770 2947 patiente
793 2871 998 2940 fugere.
1027 2869 1086 2923 Si
1123 2868 1514 2923 diuturniorem
1551 2866 1603 2919 in
1639 2864 1874 2934 Egypto
1901 2881 2105 2920 moram

2212 1768 2584 1839 φιλάνθρωποι
2615 1769 2705 1821 καὶ
2752 1769 3017 1837 φιλόθεοι,
3059 1768 3246 1841 ὥσπερ
3279 1770 3345 1833 ἃς
3380 1769 3549 1822 Δαόὶδ
3594 1771 3784 1838 εἰσάγει

2214 1860 2350 1930 μετὰ
2383 1862 2443 1913 τὸ
2477 1860 2645 1924 πάθος
2683 1860 3038 1925 συνανιούσας
3074 1861 3318 1932 Χριστῷ,
3349 1862 3442 1914 καὶ
3488 1877 3783 1932 προσυπαν-

2210 1952 2387 2016 τὼσας
2419 1954 2552 2023 (66),
2605 1953 2699 2005 καὶ
2747 1952 3199 2022 διακελευομένας
3243 1951 3499 2023 ἀλλήλαις
3549 1952 3645 2022 τὴν
3684 1954 3782 2007 τῶν

2212 2045 2393 2098 πυλῶν
2429 2044 2684 2115 ἔπαρσιν.

2283 2128 2387 2189 IH'.
2439 2137 2534 2189 Ἓν
2586 2136 2821 2206 μίσησον
2857 2135 2965 2188 τῶν
3002 2135 3129 2206 περὶ
3163 2136 3259 2205 τὴν
3291 2137 3528 2207 Χριστοῦ
3582 2135 3779 2204 γένναν,

2216 2228 2314 2297 τὴν
2357 2227 2595 2299 Ἡρώδου
2653 2227 3062 2280 παιδοκτονίαν’
3106 2228 3302 2297 μᾶλλον
3352 2228 3406 2280 δὲ
3460 2229 3556 2281 καὶ
3596 2226 3779 2295 ταύτην

2212 2319 2515 2390 αίδέσθητι,
2542 2319 2639 2390 τὴν
2671 2317 2953 2387 ἡλικιῶτιν
3000 2318 3235 2388 Χριστοῦ
3282 2318 3495 2381 θυσίαν,
3530 2319 3621 2371 τοῦ
3663 2336 3784 2370 και-

2211 2410 2301 2463 νοῦ
2354 2410 2461 2478 (67)
2523 2411 2749 2479 σφαγίου
2807 2409 3202 2480 προθυομένην.
3252 2412 3347 2461 Ἂν
3395 2412 3474 2473 είς
3521 2411 3776 2478 Αἴγυπτον

2211 2502 2407 2572 φεύγῃ,
2430 2501 2722 2571 προθύμως
2745 2498 3240 2569 συμφυγαδεύθητι.
3267 2500 3446 2552 Καλὸν
3473 2499 3553 2570 τῷ
3584 2498 3780 2572 Χριστῴ

2214 2594 2545 2663 συμφεύγειν
2564 2592 2673 2661 (68)
2698 2590 3030 2660 διωκομένῳ.
3049 2592 3143 2642 Ἂν
3169 2589 3225 2642 ἐν
3250 2590 3509 2661 Αἰγύπτῳ
3543 2589 3779 2660 βραδύνῃ,

2212 2687 2437 2741 κάλεσον
2476 2685 2636 2741 αὐτὸν
2673 2683 2729 2749 ἐξ
2769 2681 3066 2749 Αἰγύπτου,
3096 2682 3276 2745 καλῶς
3309 2684 3424 2735 ἐκεῖ
3465 2679 3782 2754 προσκυνή-

2216 2794 2373 2848 μενον
2406 2776 2538 2847 (69).
2578 2774 2677 2827 Διὰ
2704 2773 2901 2826 πασῶν
2928 2773 3143 2826 ὃδευσον
3184 2773 3490 2844 ἀμέμπτως
3536 2774 3641 2825 τῶν
3676 2773 3777 2843 ἡλι-

2213 2870 2349 2923 κιῶν
2396 2867 2634 2939 Χριστοῦ
2669 2867 2765 2921 καὶ
2794 2868 3096 2937 δυνάμεων,
3124 2866 3200 2928 ὡς
3241 2865 3479 2936 Χριστοῦ
3533 2865 3778 2937 μαθητής.

534 2970 711 3029 facial,
733 2982 797 3021 ex
836 2964 1067 3033 Egypto
1109 2975 1232 3016 eum
1270 2974 1423 3024 voca,
1455 2957 1545 3027 qui
1576 2956 1677 3011 rite
1711 2957 1817 3010 illic
1854 2958 2106 3010 admatur

2226 2961 2552 3032 Ἀγνίσθητι,
2586 2963 2974 3033 περιτμήθητι,
3026 2959 3274 3030 περιελοῦ
3312 2959 3373 3011 τὸ
3400 2958 3510 3011 ἀπὸ
3538 2959 3779 3027 γενέσεως

531 3070 582 3115 et
609 3059 819 3114 colitur.
862 3056 962 3110 Per
999 3066 1186 3107 omnes
1229 3050 1427 3106 Christi
1457 3057 1645 3103 zelates
1672 3062 1737 3101 ac
1762 3049 2009 3108 virtutes,
2050 3059 2107 3101 ut

529 3150 732 3207 Christi
765 3146 1072 3217 discipulus,
1103 3144 1219 3199 sine
1252 3141 1675 3212 reprehensione
1709 3140 1917 3195 incede.
1952 3139 2103 3194 Puri-

536 3243 719 3302 ﬁcare,
749 3238 1155 3300 circumcidere,
1183 3233 1360 3289 velum
1399 3248 1430 3287 a
1459 3233 1743 3288 nativitate
1768 3243 2105 3287 contractum

532 3326 808 3383 abscinde.
838 3324 1031 3380 Postea
1058 3323 1112 3377 in
1143 3322 1342 3391 templo
1387 3321 1541 3387 doce,
1587 3321 1881 3392 sacrilegos
1915 3322 2110 3376 nundi-

532 3429 748 3475 natores
806 3417 941 3487 ejice
997 3434 1010 3470 :
1053 3417 1339 3485 lapidibus,
1382 3415 1427 3469 si
1485 3416 1558 3469 ita
1610 3428 1829 3469 necesse
1877 3415 1965 3480 sit,
2028 3414 2110 3467 in-

531 3511 669 3566 cessi
697 3518 750 3565 te
789 3519 996 3579 patere.
1031 3506 1414 3576 Lapidatores,
1451 3504 1583 3559 mihi
1613 3506 1794 3569 crede,
1841 3504 2012 3570 falles,
2045 3520 2109 3559 ac

530 3616 630 3671 per
681 3599 913 3654 medium
968 3598 1229 3667 ipsorum,
1291 3606 1348 3651 ut
1400 3596 1567 3661 Deus,
1628 3595 1818 3664 fugies.
1877 3593 2111 3649 Verbum

534 3692 677 3746 enim
730 3680 999 3757 lapidibus
1037 3701 1141 3740 non
1178 3685 1387 3739 feritur.
1440 3685 1497 3740 Si
1542 3686 1609 3740 ad
1638 3684 1903 3739 Herodem
1943 3686 2110 3739 addu-

535 3792 653 3836 ctus
706 3779 892 3845 lueris,
942 3778 1255 3848 plerumque
1292 3792 1359 3832 ne
1408 3776 1630 3832 verbum
1683 3777 1899 3846 quidem
1944 3793 2108 3831 unum

536 3870 882 3940 respondeas.
928 3867 1220 3934 Silentium
1299 3876 1448 3921 tuum
1517 3866 1688 3935 magis
1732 3867 2105 3933 venerabitur,

535 3977 696 4033 quam
743 3960 977 4031 prolixos
1010 3959 1235 4013 aliorum
1270 3971 1566 4013 sermones.
1605 3955 1662 4010 Si
1708 3955 1913 4028 ﬂagello
1939 3975 2111 4014 caesus

536 4054 726 4119 fueris,
766 4068 885 4122 quae
932 4057 1239 4121 supersunt,
1271 4063 1524 4118 exposce.
1570 4047 1666 4104 Fel
1701 4058 1854 4119 gusta
1890 4059 2109 4120 propter

536 4152 781 4215 gustum;
818 4150 971 4197 aceto
998 4147 1205 4211 potare,
1254 4149 1410 4209 Sputa
1440 4138 1678 4209 require,
1719 4138 1906 4210 alapas
1935 4149 1988 4195 et
2016 4156 2109 4197 co-

608 4263 653 4294 ”
677 4262 777 4316 lsa.
813 4275 848 4326 I,
888 4260 942 4313 5.
1018 4257 1223 4312 “Psal.
1257 4273 1412 4321 χχιιι,
1454 4256 1507 4320 7,
1544 4256 1587 4312 9.

610 4354 718 4422 (65)
753 4353 909 4407 Μετὰ
946 4350 1217 4421 ἀγγέλων
1260 4350 1539 4422 ὕμνησον
1560 4367 1572 4379 '

535 4429 659 4481 λων
688 4425 996 4493 χόρευσον.
1032 4424 1122 4476 Sic
1153 4433 1261 4476 tres
1284 4421 1479 4493 liegg.,
1508 4421 1699 4493 decem
1720 4421 2028 4493 σουλ,Ὀῆ
2057 4428 2110 4493 1,

536 4490 723 4549 Comi).
753 4490 842 4548 Sic
880 4496 1048 4563 etiam
1071 4493 1254 4562 legunt
1282 4490 1501 4563 Nicetas
1516 4499 1570 4563 et
1596 4491 1861 4563 Rullinus.
1895 4495 1949 4548 In
1996 4490 2108 4563 ed.,

540 4565 677 4635 μετά
710 4564 955 4633 ἀγγέλων
992 4559 1278 4633 χόρεῦσον·
1344 4559 1479 4631 μετὰ
1536 4560 1891 4632 ἀρχαγγέλων
1942 4559 2115 4638 ὓμνηζ

539 4652 628 4686 σον
637 4678 647 4688 .

610 4699 1388 4774 (66)ᾼΠροσυπαντώσας..8ἰο
1411 4710 1637 4768 quatuor
1653 4702 1814 4772 Regg.
1843 4714 1896 4758 et
1925 4721 2112 4762 novem

538 4768 909 4833 Colb.'lu'ed.,
941 4768 1424 4838 προσαπαντὼσας.

611 4843 720 4911 (67)
762 4842 868 4896 Τοῦ
895 4839 1121 4905 καινοῦ,
1152 4850 1259 4911 etc.
1323 4860 1340 4887 α
1366 4842 1467 4893 Pro
1504 4855 1637 4894 nova
1671 4842 1905 4897 victima.
1932 4864 1950 4896 ι
2000 4845 2113 4901 Hoc

541 4908 780 4982 prefecto
836 4912 1050 4982 nomine
1116 4908 1347 4982 infantes
1420 4920 1683 4982 martyres
1722 4912 2112 4982 __ce|ebrantur,

548 4978 685 5048 quod
737 4996 832 5049 pro
857 4979 1071 5033 Christo
1098 4978 1312 5049 victima
1372 4978 1492 5031 τεεί
1522 4989 1665 5049 sunt.
1722 4978 1856 5034 llinc
1915 4978 2115 5049 optime

548 5047 758 5123 Niicctas
778 5068 801 5102 .:
827 5050 964 5123 :Ott
984 5047 1347 5123 ἀνῃρέθησαν,
1382 5064 1477 5101 και
1510 5048 1617 5119 πρὸ
1643 5048 1828 5123 αὑτοῦ,
1858 5047 2113 5123 καὶ-ὑπὲρ

542 5120 730 5197 αύτούς
774 5119 967 5197 «Quod
996 5130 1117 5171 ante
1141 5119 1313 5197 ipsum
1342 5128 1518 5197 etgpro
1553 5134 1667 5197 ipso
1698 5120 1889 5173 sublati
1922 5119 2106 5175 sunt.)

544 5190 843 5261 Singularis
892 5202 1130 5261 nutuque
1167 5189 1532 5261 innocentium
1569 5189 1705 5261 glaus
1735 5203 1797 5261 ea
1828 5196 1931 5261 est,
1967 5195 2109 5261 quod

544 5254 669 5315 odio
707 5258 905 5314 Christi
948 5254 1306 5329 iab’ﬂcrodc‘
1335 5257 1664 5329 occisi_sint,
1690 5259 1802 5327 qui,
1836 5258 1968 5326 ipsis
1985 5254 2107 5329 qui-

544 5332 663 5385 dem
693 5339 917 5383 mortctn
946 5326 1241 5388 inferendo,
1296 5327 1466 5394 ipsum
1491 5326 1760 5381 Christum
1794 5344 1823 5382 e
1850 5331 1984 5383 vivis
2007 5326 2077 5383 iol

545 5400 655 5455 lere
682 5400 906 5454 volebat.
931 5396 1245 5450 lnnocentes
1275 5396 1437 5467 igitur
1487 5396 1573 5451 hic
1600 5414 1626 5447 a
1666 5396 1929 5467 Gregorio
1966 5414 2103 5467 przr-
2211 5406 2238 5459 θ

545 5470 700 5537 cipue
750 5468 1179 5529 considerantur,
1213 5466 1365 5533 quasi
1420 5467 1657 5537 occisi_r
1690 5481 1784 5533 pro
1809 5466 2047 5532 Christo,
2076 5488 2094 5519 ι

550 5533 654 5591 non
688 5556 705 5589 ι
732 5548 856 5593 ante
882 5537 1173 5599 Christum,
1201 5553 1218 5586 ι
1250 5543 1317 5607 ιιι
1369 5533 1531 5607 vert_i_t
1593 5534 1795 5592 Billius.
1846 5538 1938 5591 Sic
1984 5538 2099 5607 ipse

550 5607 857 5674 Gregorius,
900 5608 994 5663 0r.
1034 5622 1121 5673 ιν,
1161 5621 1213 5660 ιι.
1249 5604 1302 5673 5,
1364 5606 1429 5661 de
1464 5603 1715 5662 Eleazaro
1737 5606 1981 5675 loquens,
2006 5603 2072 5662 vo

2215 3055 2495 3125 κάλυμμα.
2520 3053 2674 3106 Μετὰ
2695 3053 2848 3106 τοῦτο
2873 3052 3079 3116 δίδαξον
3106 3054 3164 3103 ὲν
3191 3050 3266 3120 τῷ
3292 3050 3440 3121 ἱερῷ,
3466 3052 3592 3113 τοὺς
3612 3050 3780 3101 θεοκα-

2209 3148 2412 3218 πήλους
2427 3146 2695 3198 ἀπέλασον
2715 3162 2729 3176 ’
2748 3144 3049 3214 λιθάσθητι,
3069 3144 3134 3197 ἂν
3150 3143 3307 3196 τοῦτο
3326 3144 3421 3215 δέῃ
3446 3142 3558 3212 (70)
3576 3140 3750 3195 παθεῖν
3764 3156 3776 3169 ·

2207 3240 2347 3310 λήσῃ
2386 3240 2511 3302 τοὺς
2542 3238 2853 3308 βάλλοντας,
2893 3231 2951 3289 εὖ
2982 3234 3118 3299 οἶδα,
3147 3235 3319 3308 φεύξῃ
3359 3237 3454 3288 καὶ
3506 3234 3592 3288 διὰ
3630 3232 3776 3303 μέσου

2210 3330 2413 3394 αὐτῶν,
2451 3330 2526 3393 ὼς
2572 3330 2723 3392 Θεός.
2764 3329 2821 3381 '0
2871 3330 3043 3397 Λόγος
3090 3327 3199 3399 γὰρ
3253 3329 3312 3379 ού
3369 3327 3659 3390 λιθάζεται.
3693 3326 3777 3375 Ἂν

2222 3420 2433 3495 Ἡρώδῃ
2464 3422 2575 3492 (71)
2609 3420 2940 3493 προσαχθῇς,
2984 3421 3117 3491 μηδὲ
3151 3420 3455 3490 ἀποκριθῇς
3483 3420 3552 3472 τὰ
3603 3418 3773 3470 πλείω.

2212 3513 2603 3584 Αἱδεσθήσεταί
2639 3531 2732 3566 σου
2758 3514 2853 3566 καὶ
2884 3513 2983 3582 τὴν
3009 3513 3220 3582 σιωπὴν
3249 3512 3410 3565 πλέον
3441 3511 3555 3580 (72)
3575 3511 3605 3580 ἦ
3623 3508 3778 3563 ἄλλων

2222 3605 2350 3666 τοὺς
2402 3605 2647 3675 μακροὺς
2698 3604 2910 3672 λόγους.
2941 3605 3039 3657 Ἂν
3091 3601 3475 3673 φραγελλωθῇς
3512 3601 3653 3671 (75),
3697 3600 3778 3651 καὶ

2211 3692 2279 3744 τὰ
2317 3692 2614 3763 λειπόμενα
2654 3695 2908 3765 ζήτησον.
2949 3694 3144 3748 Γεῦσαι
3179 3693 3340 3763 χολῆς
3362 3737 3373 3751 ,
3409 3691 3497 3743 διὰ
3544 3692 3638 3763 τὴν
3666 3688 3779 3758 γεῦ-

2214 3802 2329 3838 σιν·
2366 3784 2486 3849 ὄξος
2532 3788 2854 3858 ποτίσθητι,
2916 3786 3150 3859 ζήτησον
3202 3785 3597 3855 ὲμπτύσματα,
3646 3781 3777 3848 δέξαι

2213 3880 2553 3949 ῥαπίσματα,
2609 3879 3026 3949 κολαφίσματα’
3079 3877 3341 3939 ἀκάνθαις
3389 3874 3774 3944 στεφανὼθητι,

2211 3969 2287 4039 τῷ
2313 3972 2506 4041 τραχεῖ
2539 3969 2631 4022 τοῦ
2680 3970 2823 4023 κατὰ
2865 3970 2996 4023 Θεὸν
3043 3968 3157 4038 βίου
3184 3984 3196 3996 ·
3248 3966 3544 4037 περιϐαλοῦ
3580 3965 3685 4035 (74)
3724 3962 3778 4015 τὸ

2212 4061 2483 4124 κόκκινον,
2520 4060 2669 4127 δέξαι
2719 4060 2986 4132 κάλαμον,
3034 4059 3440 4131 προσκυνήθητι
3489 4057 3638 4130 παρά
3683 4056 3778 4109 τῶν

2212 4152 2513 4216 παιζόντων
2551 4152 2649 4222 τὴν
2680 4152 2970 4223 ἀλήθειανο
3003 4150 3156 4213 τέλος
3196 4149 3634 4222 συσταυρώθητι,
3670 4165 3775 4201 συν-

1621 4351 1772 4433 μετέ
1805 4353 2106 4433 ﬂexam-

2220 4375 2337 4433 cem
2389 4361 2526 4433 hanc
2550 4360 2927 4433 Ῠπροθυόμενος
2966 4374 3125 4433 sensu
3151 4357 3262 4433 jam
3301 4358 3545 4433 exposito
3580 4354 3774 4433 accipit.

2219 4431 2466 4503 Aitenitn
2500 4445 2513 4483 :
2543 4426 2812 4503 Πρότερον
2862 4432 2959 4503 μεν
2995 4431 3090 4483 καὶ
3136 4429 3503 4501 προθυόμενος
3527 4426 3775 4503 τοῦμλαοῦ,

2221 4501 2315 4554 καὶ
2352 4499 2781 4571 προσευχόμενος
2806 4517 2819 4529 ·
2857 4499 2875 4552 ι
2907 4501 3059 4556 Prius
3100 4499 3314 4569 quidem
3348 4514 3444 4567 pro
3478 4499 3668 4567 populo
3694 4510 3771 4549 sa-

2220 4570 2423 4625 crificia
2458 4582 2511 4625 et
2535 4570 2723 4640 preces
2756 4572 3035 4625 adhibens.
3064 4589 3082 4621 ι

2292 4640 2401 4711 (68)
2431 4639 2818 4711 Συμερεύγειν.
2854 4641 2984 4711 Reg.
3025 4642 3116 4711 ph,
3155 4639 3477 4711 συμφυγεῖν.

2293 4702 2404 4779 (69)
2441 4702 2718 4765 Κάλεσοὶθ
2753 4702 2962 4764 αὑτὸνυ
2981 4702 3048 4774 ἐξ
3086 4702 3407 4779 Αἰγύπτου,
3444 4706 3638 4770 καλῶς
3668 4702 3776 4779 ἐκεῖ

2222 4776 2774 4849 προσκυνούμενον.
2810 4800 2828 4833 ι
2861 4782 2999 4836 Voca
3027 4795 3149 4834 eum
3166 4776 3519 4849 chEgypto,
3556 4780 3652 4849 rite
3678 4776 3771 4849 illic

2224 4844 2521 4921 adoratum.
2551 4844 2583 4901 ι’
2622 4851 2713 4905 Sic
2760 4854 2959 4921 optimc
2987 4850 3153 4921 Gabr_.
3209 4844 3663 4921 Na_t_n;_Cregorius
3693 4844 3766 4921 hic

2221 4917 2595 4988 Egyptiorum
2658 4912 2814 4975 (idem
2867 4918 3224 4975 commendat.
3279 4916 3462 4988 Dillius
3494 4912 3648 4988 ivero
3680 4912 3767 4988 “sic

2223 4984 2383 5059 vertit
2414 5006 2427 5042 :
2464 5008 2481 5039 ι
2511 4987 2588 5059 Ex
2636 4988 2868 5059 Egypto
2923 5006 3043 5043 eum
3074 4987 3410 5059 vocaVrQuod
3439 4986 3647 5059 quidem
3674 4984 3768 5043 fiet,

2221 5058 2263 5109 si
2288 5071 2408 5128 eum
2438 5058 2661 5126 pulchre
2686 5054 2848 5128 atque
2876 5056 3309 5128 honoriliceillie
3348 5054 3606 5110 adoraris.
3630 5071 3646 5103 ι

2292 5127 2403 5198 (70)
2426 5125 2562 5198 ac".
2591 5129 2725 5198 Tres
2762 5125 2929 5198 Regg.
2957 5137 3010 5181 et
3033 5127 3126 5198 Or.
3166 5126 3218 5190 l,
3239 5125 3368 5198 δέοι.

2290 5196 2399 5266 (71)
2435 5196 2671 5265 Ἡρώδῃ.
2696 5196 2865 5253 (ΣοίδΙξ
2887 5196 2938 5262 ἰ,
2975 5196 3216 5266 Πιλάτῳ,
3254 5213 3270 5245 ι
3299 5196 3489 5250 Pilato.
3520 5212 3536 5245 ι

2287 5267 2398 5333 (72)
2440 5267 2655 5321 Πλέον.
2693 5267 2849 5321 Deest
2883 5269 2932 5320 in
2962 5267 3054 5321 0r.
3084 5267 3133 5318 1.

2283 5328 2393 5407 (75)
2416 5336 2867 5407 Φραγελλωθῇς.
2907 5337 2997 5391 Sic
3031 5337 3125 5397 0r.
3162 5336 3209 5389 l.
3240 5335 3297 5390 In
3330 5336 3441 5399 ed.,
3478 5328 3765 5402 φλαγελλω·

2245 5411 2391 5547 ῇδὶ)
2428 5475 2778 5547 Περιϐαλοῦ.
2826 5476 2917 5533 Sic
2942 5477 3045 5533 duo
3079 5473 3246 5547 Regg.
3276 5485 3327 5530 et
3360 5471 3601 5529 undecim
3629 5464 3761 5523 Cnlb.

2208 5545 2262 5600 ltt
2290 5545 2399 5611 ed.,
2436 5563 2501 5597 πε
2511 5546 2750 5615 ριλαὸοῦ.
