4010 6316
255 302 350 358 ὅὸἳ
1166 296 1424 352 ORATIO
1466 296 1710 353 XXXIX.
1754 323 1817 336 --
1856 295 1923 350 IN
1967 295 2236 351 SANCTA
2281 296 2561 353 LUMINA.
3381 304 3490 360 '55]

250 415 564 489 νεκρὼοητι,
596 413 897 483 συντάφηθι
956 411 1275 483 προθύμως,
1311 413 1398 464 ἴνα.
1443 412 1535 464 καὶ
1589 428 1820 465 συνανα-

1886 450 1895 471 ,
1927 411 2115 478 lapbns
2146 413 2350 481 accipe,
2393 412 2477 465 fac
2504 414 2692 482 spinis,
2727 414 2828 468 boc
2857 425 2963 481 est,
3002 418 3101 484 piae
3140 417 3260 472 vitae
3294 421 3469 488 asperi

252 513 407 579 στῇς,
456 508 550 561 xui.
589 504 972 575 σννδοξασθῇς,
1024 504 1117 557 καὶ
1171 502 1636 574 συμϐασιλεύσῃς,
1688 502 1817 554 Θεὸν

1930 512 2057 565 tate,
2101 504 2398 557 coroneris.
2427 503 2714 559 Coccinum
2750 507 2960 571 induas,
2993 510 3308 565 arundinem
3349 513 3494 566 acci-

252 597 383 670 ὁρῶν
424 597 548 649 ὄςον
592 596 709 648 ἐστὶ
746 594 880 665 (75),
921 594 1017 646 καὶ
1065 592 1363 663 ὁρώμενος,
1403 592 1493 645 τὸν
1541 594 1597 644 ὲν
1632 590 1818 662 Τριάδι

1923 593 2059 660 pias,
2088 593 2155 648 ab
2183 593 2269 659 iis,
2291 594 2381 663 qui
2410 596 2692 651 veritatem
2725 597 2955 653 ludibrio
2983 600 3200 667 habent,
3229 603 3496 658 adorcris.

255 688 712 759 προπυνούμενὸν
765 705 822 741 τε
894 687 989 739 καὶ
1052 683 1427 755 δοξαζόμενον,
1474 684 1534 736 ὃν
1584 684 1677 736 καὶ
1724 682 1820 737 νῦν

1925 684 2166 752 Denique
2208 696 2454 754 prompto
2504 689 2682 743 animo
2732 690 2889 743 simul
2938 693 3295 763 erucitigaris,
3335 695 3496 749 simul

250 781 568 853 τρανοῦςῧαι
616 783 750 850 ἡμῖν
788 779 899 848 (76)
945 776 1236 848 εὐχόμεθα,
1272 778 1395 829 ὅσον
1442 774 1660 844 ἐφικτὸν
1710 777 1823 837 τοῖς

1925 775 2186 839 moriare,
2277 778 2434 830 simul
2513 780 2824 848 sepelieris,
2914 793 2972 836 ut
3044 784 3204 837 simul
3289 801 3498 855 quoque

249 875 477 943 δεσμίοις
520 874 620 940 τῆς
677 872 897 941 σαρκὸς,
932 872 991 922 ὲν
1029 868 1249 940 Χριστῷ
1286 867 1460 938 Ἰησοῦ
1505 866 1583 937 τῷ
1632 866 1822 936 Κυρίῳ

1923 880 2193 935 resurgas,
2221 877 2275 921 et
2313 868 2480 938 gloria
2515 872 2731 924 doneris
2769 888 2830 926 ac
2864 889 3073 943 regnes,
3109 876 3297 942 Deum,
3332 893 3472 945 qnan

250 965 416 1036 ἡμῶν,
524 966 556 1034 ἡ
590 963 716 1028 δόξα
745 964 824 1025 εἰς
852 963 977 1024 τοὺς
1007 960 1210 1024 αἰῶνας
1241 959 1375 1028 (7'7).
1414 959 1606 1029 Ἀμήν.

1924 967 2009 1011 tns
2058 971 2174 1025 est,
2229 962 2604 1030 conspiciens,
2647 964 2992 1033 vicissimque
3060 980 3383 1035 conspectus
3429 969 3496 1021 ab

248 1076 327 1123 eo,
359 1058 445 1124 qui
477 1054 531 1107 in
561 1054 830 1107 Trinitate
870 1052 1150 1115 adoratnr,
1221 1059 1277 1103 et
1321 1049 1675 1119 gloriﬁcatur,
1744 1060 1901 1114 quem
1942 1061 2085 1101 nunc
2118 1063 2329 1115 quoque
2376 1051 2546 1114 nobis,
2597 1063 2855 1120 quantum
2904 1057 3083 1109 carnis
3125 1057 3333 1111 vinculo
3369 1074 3497 1112 con-

249 1149 444 1206 strictis
466 1147 613 1212 licet,
635 1144 901 1199 declarari
928 1151 1197 1212 optamus,
1229 1142 1282 1195 in
1314 1140 1532 1195 Christo
1559 1139 1683 1192 .lesu
1717 1135 1942 1191 Domino
1981 1147 2185 1202 nostro,
2217 1140 2301 1194 cui
2333 1140 2499 1210 gloria
2534 1143 2583 1193 in
2631 1142 2845 1196 Stimula.
2880 1145 3073 1199 Anien.

314 1328 421 1397 (75)
458 1329 643 1382 Ὅσον
690 1330 843 1383 ἐστι.
898 1328 1058 1383 (.‘oisl.
1088 1326 1139 1391 Ι,
1191 1336 1300 1379 tres
1338 1325 1485 1397 Cnlb.
1518 1336 1567 1379 et
1602 1320 1815 1384 Comb.,

1998 1324 2108 1395 (77)
2134 1327 2377 1393 Λὶῶνας,
2449 1331 2577 1397 iteg.
2604 1346 2632 1383 c
2661 1339 2712 1384 et
2741 1329 2927 1385 Comb.
2977 1331 3199 1396 addunt,
3236 1331 3339 1383 τῶν
3368 1332 3499 1386 αἰώ-

246 1395 362 1453 δσον
402 1401 551 1451 ἐστὶν
581 1401 821 1467 ἐφικτόν,
854 1419 872 1451 ι
898 1409 1157 1468 quantum
1183 1395 1443 1468 possibile
1470 1408 1569 1451 est.
1597 1415 1616 1446 ι

920 1409 1157 1468 lnantum
1183 1395 1443 1468 possibile,
1470 1408 1569 1451 est.
1597 1415 1616 1446 ι
1926 1412 2051 1459 νων,
2086 1416 2101 1446 ι
2129 1399 2464 1452 δείξουιοτυυι.
2487 1418 2503 1448 ι

312 1469 421 1539 (76)
474 1466 659 1538 Ἡμῖν.
692 1472 781 1523 Sic
816 1466 995 1538 plures
1023 1470 1177 1521 codd.
1210 1466 1267 1518 In
1289 1466 1398 1531 ed.,
1426 1466 1574 1537 ὑμῖν.

504 1789 1283 1899 676M0NITUM
1366 1809 1490 1896 IN
1569 1799 2256 1895 ORATIONES
2327 1808 2739 1894 XXXIX
2815 1806 2965 1893 ET
3034 1808 3233 1894 XL.

324 2162 676 2256 _I_Nov1iin
736 2159 1137 2256 mysteriuﬁm,
1208 2186 1451 2256 sacrum,
1510 2169 1755 2256 scilicet
1802 2170 2037 2256 Christi
2091 2170 2423 2256 baptisma.
2462 2170 2527 2256 in
2573 2170 2688 2230 ista
2718 2187 2816 2256 _ac
2851 2169 3154 2256 sequenti
3204 2170 3500 2256 oratione

251 2246 525 2306 celebrat
593 2246 959 2325 Gregorius.
1020 2245 1326 2318 Quamvis
1370 2256 1581 2310 autem
1644 2250 1816 2325 prior
1873 2250 1990 2309 «in
2054 2245 2265 2309 saneta
2327 2248 2657 2310 Lumina»
2714 2245 3121 2317 inscribatnr,
3169 2264 3298 2308 non
3354 2249 3537 2310 inde

256 2324 1397 2417 tamen.concludendumﬁput‘amus,
1430 2334 1525 2417 .ut
1575 2324 1837 2417 quidam
1875 2326 2108 2417 eruditi
2143 2326 2291 2417 (78).
2338 2335 2758 2417 cenjuerunt,
2813 2326 2972 2417 hanc
3024 2325 3379 2417 orationeﬂm
3432 2326 3509 2387 ad

256 2426 282 2457 α
311 2402 689 2465 Luminum.
719 2425 747 2458 ιι
787 2419 900 2463 seu
958 2426 985 2457 α
1015 2403 1479 2465 Puriﬁcationis
1506 2426 1535 2461 »
1570 2402 1827 2475 festum,
1873 2406 1912 2465 2
1961 2402 2291 2467 Februarii
2337 2406 2402 2466 in
2440 2407 2720 2467 Ecclesia
2772 2405 3181 2469 celebratum.
3231 2402 3510 2466 referen-

253 2483 388 2565 dam
423 2481 723 2565 esse._Ne
776 2481 1032 2565 verbum
1069 2482 1341 2565 quidem
1392 2483 1457 2565 in
1507 2483 1625 2545 ista
1680 2483 2286 2565 orationereperire
2342 2492 2462 2565 est,
2517 2484 2689 2565 quod
2744 2484 2974 2565 Maria;
3009 2481 3509 2565 puriﬁcationem

252 2559 573 2640 designet.
605 2561 813 2640 Totus
843 2560 1157 2640 incumbit
1191 2568 1399 2621 orator
1428 2562 1493 2621 in
1539 2562 1939 2640 praedicando
1979 2559 2215 2624 Christi
2251 2559 2653 2639 baptismate,
2711 2582 2740 2620 a
2784 2579 2914 2640 quo
2947 2561 3290 2640 Luminum
3328 2560 3514 2620 festi-

255 2638 411 2696 vitas
467 2647 679 2697 ortum
716 2637 965 2717 habuit.
1016 2640 1105 2699 Ac
1159 2656 1237 2700 ne
1273 2640 1361 2699 sit
1393 2637 1564 2701 ullus
1596 2640 1714 2701 hac
1747 2641 1826 2703 de
1876 2660 1940 2702 re
1976 2641 2209 2702 erroris
2265 2637 2497 2715 metus,
2534 2637 2931 2717 Theologum
2991 2640 3084 2717 sic
3143 2638 3510 2717 loquentem

252 2716 593 2797 audiamus
639 2716 862 2797 (n31)
900 2736 916 2776 :
960 2719 1285 2797 «Sanctus
1311 2718 1659 2797 Luminum
1698 2719 1835 2781 dies
1865 2719 1939 2780 ad
1977 2736 2170 2797 quem
2211 2721 2648 2795 pervenimus.
2702 2716 3026 2796 quemque
3067 2716 3252 2777 hodie
3289 2716 3511 2777 divino

252 2794 572 2855 beneticio
631 2795 1118 2874 celebravimus,
1171 2815 1201 2854 a
1255 2794 1485 2856 Christi
1541 2797 1663 2859 mei
1722 2794 2103 2874 baptismate
2143 2794 2460 2872 originem
2494 2798 2691 2859 ducit.
2726 2794 2754 2851 in
2819 2797 3150 2867 Praeterea,
3220 2804 3285 2855 ut
3345 2806 3513 2874 recte

252 2875 550 2932 observat
598 2873 1042 2953 lfilleniontius
1096 2875 1248 2953 (79),
1280 2874 1637 2947 baptismus
1692 2872 1853 2953 apud
1912 2877 2161 2937 Graecos
2202 2875 3072 2953 «illuminatio»dicebatur,
3106 2874 3273 2951 quod
3318 2872 3516 2953 nimi-
3602 2888 3611 2899 ·

254 2968 390 3031 rum
452 2951 892 3012 catechumeni
939 2970 1057 3031 per
1106 2950 1488 3031 baptismum
1544 2972 1575 3015 a
1628 2950 1864 3030 peccati
1924 2961 1985 3014 et
2035 2954 2336 3015 vitiorum
2390 2954 2688 3031 caligine,
2720 2955 2792 3013 ad
2821 2952 3090 3031 justitim
3130 2950 3191 3011 et
3228 2950 3511 3031 veritatis

258 3029 462 3090 lucem
506 3031 938 3091 nonvolarent.
995 3028 1288 3091 Christus
1336 3030 1532 3109 igitur
1580 3028 1645 3093 in
1708 3034 1820 3093 hac
1856 3033 2048 3108 priori
2090 3033 2379 3093 oratione
2415 3050 2448 3093 a
2487 3028 2793 3108 Gregorio
2828 3028 3225 3109 praedicatur,
3281 3028 3515 3109 ut_luX

256 3123 397 3168 vera
444 3108 820 3169 illuminans
863 3109 1199 3179 mundum,
1238 3126 1307 3170 ac
1342 3105 1400 3168 in
1441 3111 1724 3173 tenebris
1757 3105 1945 3172 etiam
1980 3113 2228 3173 lucens.
2282 3111 2461 3173 Unde
2514 3105 2785 3188 primum
2826 3105 3320 3188 catechumenos
3369 3105 3516 3166 hor-

256 3197 449 3256 tatur,
499 3197 593 3257 ut,
635 3188 905 3268 abjectis
962 3189 1264 3268 tenebris,
1297 3190 1367 3268 ad
1409 3205 1626 3268 puram
1686 3199 1747 3251 et
1804 3189 2143 3268 perfectam
2176 3184 2684 3268 regenerationis
2739 3189 2940 3249 lucem
2966 3203 3092 3268 per
3124 3184 3515 3260 baptismum

257 3268 583 3326 accedant.
632 3264 870 3326 Deinde
904 3266 1279 3342 mysterium
1325 3266 1518 3338 istud,
1565 3275 1687 3329 tam
1719 3264 1861 3329 cuin
1904 3267 2197 3329 nefandis
2252 3264 2655 3329 ethnicorum
2714 3264 3080 3343 mysteriis,
3127 3279 3315 3343 quam
3368 3280 3515 3325 cum

258 3344 578 3427 legalibus
614 3340 1000 3427 AJudazorum
1062 3344 1401 3427 institutis,
1466 3345 1809 3427 ac_impiis
1868 3346 2307 3427 haereticorum
2367 3340 2797 3427 dogmatibus
2828 3342 3189 3427 conferens,
3252 3340 3513 3427 illorum

253 3425 546 3483 omnium
588 3424 941 3484 doctrinam
978 3431 1190 3484 nostra
1245 3422 1432 3498 longe
1474 3419 1849 3486 inferiurem
1898 3426 2313 3485 demonstrat.
2370 3419 2755 3484 No'minatim
2813 3423 3070 3483 demum
3125 3419 3512 3480 Novatianos

255 3503 558 3578 exagitat,
620 3501 991 3581 quisolam
1048 3509 1467 3581 agnoscentes
1528 3504 1992 3580 purgationem,
2051 3518 2193 3581 qua:
2244 3502 2560 3581 baptismo
2617 3505 3039 3579 comparatur,
3104 3514 3512 3576 nequaquam

254 3582 536 3653 amplius
569 3580 765 3641 semel
804 3587 941 3655 post
979 3580 1364 3658 baptismum
1399 3578 1607 3656 lapsos
1629 3578 1705 3642 a'd
1743 3578 2173 3658 ptenitentiam
2209 3578 2635 3642 admitterent.

331 3660 415 3719 ll.
478 3658 666 3730 Quod
721 3668 930 3720 autem
984 3657 1060 3719 ad
1119 3660 1375 3736 alteram
1428 3656 1809 3732 orationem,
1876 3681 1904 3713 α
1937 3656 2000 3719 in
2051 3666 2337 3720 sanctum
2379 3658 2742 3736 baptisma»
2802 3658 3193 3736 inscriptam,
3261 3656 3511 3729 attinet,

255 3739 514 3796 nullum
544 3736 747 3799 ferme
786 3745 996 3813 potest
1036 3754 1176 3797 esse
1210 3735 1504 3816 dubium,
1541 3737 1697 3816 quin
1733 3743 1985 3816 paratus
2023 3738 2362 3816 accesserit
2393 3732 2765 3816 Gregorius,
2818 3746 2885 3795 ut
2926 3732 3055 3796 un'o
3086 3732 3216 3816 die,
3255 3751 3513 3816 unaque

256 3816 654 3893 ronjunctim
700 3811 1014 3888 oratione,
1078 3813 1516 3893 lotamhhanc,
1560 3811 1749 3877 'tum’
1782 3816 1860 3877 de
1919 3815 2175 3888 Christi,
2234 3824 2364 3875 tum
2419 3818 2497 3876 de
2530 3811 3097 3893 Christianorum”
3128 3811 3512 3893 baptismate

256 3887 798 3973 disputationem_
828 3894 1242 3973 absolveret._
1272 3887 1619 3973 EXorditur
1664 3894 1834 3957 enim
1890 3895 1986 3971 (n.
2022 3895 2076 3973 1)
2132 3914 2148 3953 :
2204 3894 2598 3973 «Quoniam
2668 3893 2806 3953 heri
2852 3887 3258 3973 splendidum
3304 3891 3518 3973 Lumi-

259 3970 412 4032 num
442 3972 613 4033 diem
648 3971 1191 4051 celebravimus...
1229 3970 1420 4051 hodie
1450 3972 1530 4051 de
1573 3970 1903 4051 baptismo
1929 3970 2208 4034 breviter
2238 3971 2672 4046 disseremus;
2720 3970 2953 4034 etenim
2982 3970 3272 4031 hesterna
3308 3970 3517 4051 lucea

170 4116 175 4121 ,
259 4051 453 4113 nobis
505 4052 710 4112 oratio
768 4050 983 4128 paucis
1037 4066 1338 4130 expressa
1369 4048 1689 4130 fu‘it,_tum
1734 4052 1886 4130 quia
1938 4054 2243 4129 temporis
2274 4052 2565 4129 angustia
2627 4052 3105 4130 premebamur,
3170 4054 3301 4130 tum
3364 4050 3520 4129 quia

260 4145 481 4191 sermo
515 4125 914 4191 saturitatem
956 4145 1028 4190 ac
1058 4125 1381 4208 faStidﬁium
1417 4126 1724 4208 fugiebat.
1751 4125 1785 4208 in
1842 4130 2006 4191 Hinc
2060 4125 2290 4191 merito
2336 4125 2595 4208 quidem
2627 4125 2780 4192 'lnec
2826 4130 3050 4199 oratio,
3103 4125 3297 4208 velut
3327 4125 3521 4208 altera

259 4208 683 4286 praecedentis
718 4206 1459 4286 orationisrparshaberi
1491 4208 1702 4286 debet.
1742 4207 1813 4268 In
1847 4208 2043 4284 priori
2082 4206 2683 4286 namque‘Christus
2719 4206 3518 4286 baptismumsuscipiens,

264 4282 712 4349 consideratur
751 4293 816 4347 ut
865 4303 1010 4347 vera
1044 4282 1154 4346 lux
1192 4284 1569 4347 illuminans
1608 4282 1937 4348 hominem
1973 4282 2342 4350 venientem
2404 4289 2466 4346 in
2503 4286 2672 4347 hunc
2711 4282 3020 4346 mundum
3056 4303 3071 4353 ;
3118 4282 3182 4341 in
3220 4282 3339 4344 ista
3376 4302 3522 4345 vero

263 4367 709 4447 consideratur
741 4365 1320 4447 lionio,_quatenus
1360 4369 1455 4425 est
1505 4381 1540 4424 a
1595 4362 1845 4427 Christo
1880 4383 1991 4442 per
2024 4366 2413 4447 baptismum
2462 4365 2908 4447 illuminatus._
2957 4363 3027 4421 In
3082 4364 3523 4447 pertractanda

266 4454 478 4506 autem
519 4455 642 4504 tam
678 4443 988 4505 inetfabili
1018 4436 1360 4520 'mysterio,
1400 4448 1570 4503 tanta
1626 4451 1758 4505 erat
1792 4436 2001 4504 rerum
2038 4436 2243 4517 co'pia,
2274 4449 2342 4503 ut
2377 4458 2781 4520 nequaquam
2829 4442 3061 4520 mirum
3100 4436 3411 4512 videatur,
3467 4443 3520 4501 si

266 4522 645 4601 Gregorius,
682 4522 973 4601 quamvis
1008 4518 1321 4601 orationis
1365 4520 1551 4581 initio
1582 4538 1651 4601 se
1718 4545 1744 4578 ι
1773 4521 2055 4601 breviter
2086 4518 2499 4601 dicturump'
2528 4518 2917 4601 premiserit,
2970 4518 3383 4601 t'usq_ta_men
3446 4520 3523 4580 de

266 4592 671 4678 baptismatis
703 4592 1115 4661 'excellentia
1164 4599 1509 4678 loquatur.
1594 4599 1906 4678 Baptismi
1961 4601 2204 4678 donum,
2244 4592 2960 4678 Amiritice'ampli‘ﬁca‘ns
2992 4640 3007 4668 ,
3084 4592 3249 4678 6'77
3312 4595 3523 4673 ipsum

268 4673 618 4739 creationis
651 4679 819 4740 dono
856 4673 1589 4757 priestantius'declarat.
1650 4673 1919 4752 Idcirco,
1960 4678 2148 4738 modo
2196 4676 2448 4749 blande,
2502 4673 2691 4757 modo
2742 4673 3525 4757 fortitergcatechumenos

268 4766 474 4835 urget,
514 4767 576 4820 ut
615 4754 906 4836 prompto
942 4766 1002 4819 et
1028 4756 1213 4836 alacri
1248 4756 1463 4816 animo
1492 4761 1567 4816 ad
1598 4757 1997 4836 baptismatis
2031 4757 2345 4817 lavacrum
2379 4756 2724 4836 accedant;
2766 4763 2827 4816 et
2860 4754 3187 4836 prolixiori
3224 4770 3525 4816 sermone

269 4833 628 4897 ostendens
655 4833 966 4914 quantum
1007 4836 1092 4895 sit
1130 4835 1195 4894 in
1242 4850 1416 4914 mora
1456 4833 1812 4912 periculum
1842 4881 1860 4909 ,
1897 4836 2065 4914 varia
2110 4833 2651 4914 cunctantiumac
2688 4833 3286 4914 procrastinantium
3340 4851 3530 4912 argu-

273 4925 486 4975 menta
546 4911 779 4976 invicte
836 4914 1093 4976 refellit.
1159 4914 1247 4972 Ex
1283 4912 1384 4992 his
1421 4911 1629 4974 autem
1668 4930 1813 4992 quas
1873 4922 2004 4975 tum
2045 4913 2105 4992 in
2141 4911 2522 4992 praecedenti
2555 4912 2849 4992 Monito,
2878 4919 3007 4971 tum
3045 4912 3113 4972 in
3164 4912 3286 4973 isto
3345 4930 3531 4992 argu-

276 5002 487 5054 mento
519 4994 829 5066 diximus,
868 5008 993 5052 non
1042 4992 1202 5053 male
1240 4990 1425 5051 nobis
1458 4989 1973 5053 concludendum
2032 4989 2306 5061 videtur,
2370 4991 2724 5052 orationem
2780 4989 2902 5049 «in
2950 4998 3160 5051 sancta
3199 4989 3468 5051 Lumina
3498 5014 3525 5046 υ

274 5067 826 5150 Constantinopoli
864 5072 1140 5132 habitam
1174 5068 1373 5150 fuisse
1402 5070 1440 5129 6
1468 5070 1755 5132 Januarii
1784 5071 1927 5147 381,
1960 5070 2220 5132 alteram
2258 5086 2406 5131 vero
2443 5070 2570 5132 «De
2594 5069 3042 5145 Baptismate,»
3079 5070 3182 5132 die
3210 5070 3530 5148 sequenti,

275 5148 337 5210 id
369 5158 463 5212 est
497 5150 534 5209 7
567 5147 859 5213 Januarii
896 5150 1185 5213 eiusdem
1218 5147 1393 5209 anni.

279 5450 327 5509 Μ
348 5384 457 5507 (718)
486 5381 755 5507 Planielius
788 5384 843 5439 in
888 5396 1077 5441 annot.
1111 5385 1163 5439 in
1196 5383 1328 5454 Cvp.
1359 5399 1373 5447 ;
1415 5380 1592 5437 Gelas.
1658 5380 1710 5434 in
1752 5395 1851 5437 suo
2027 5382 2139 5453 (79)
2162 5383 2225 5440 Τ.
2254 5383 2343 5448 1X,
2375 5392 2477 5437 art.
2509 5398 2631 5449 LXV,
2662 5399 2715 5453 p.
2740 5385 2863 5440 465.

332 5469 391 5507 ar
415 5469 510 5509 vro
532 5470 619 5509 ea.

332 5469 619 5526 artyroxog.
