  <div class='ocr_page' id='page_1' title='image "/cluster/home/n/w/nwhite01/storage/ocr_20150623/36/hvd.32044024464877/194.png"; bbox 0 0 4010 6316; ppageno 0'>
   <div class='ocr_carea' id='block_1_1' title="bbox 86 5428 95 5763">
    <p class='ocr_par' dir='ltr' id='par_1_1' title="bbox 86 5428 95 5763">
     <span class='ocr_line' id='line_1_1' title="bbox 86 5428 95 5763; baseline 0 0"><span class='ocrx_word' id='word_1_1' title='bbox 86 5428 95 5763; x_wconf 70' lang='lat' dir='ltr'><strong>l</strong></span> 
     </span>
    </p>
   </div>
   <div class='ocr_carea' id='block_1_2' title="bbox 94 5786 101 5971">
    <p class='ocr_par' dir='ltr' id='par_1_2' title="bbox 94 5786 101 5971">
     <span class='ocr_line' id='line_1_2' title="bbox 94 5786 101 5971; baseline 0 0"><span class='ocrx_word' id='word_1_2' title='bbox 94 5786 101 5947; x_wconf 57' lang='grc' dir='ltr'><strong>ἴ</strong></span> 
     </span>
    </p>
   </div>
   <div class='ocr_carea' id='block_1_3' title="bbox 98 5974 113 6217">
    <p class='ocr_par' dir='ltr' id='par_1_3' title="bbox 98 5974 113 6217">
     <span class='ocr_line' id='line_1_3' title="bbox 98 5974 113 6217; baseline 0 0"><span class='ocrx_word' id='word_1_3' title='bbox 98 5974 113 6217; x_wconf 77' lang='lat' dir='ltr'><strong>l</strong></span> 
     </span>
    </p>
   </div>
   <div class='ocr_carea' id='block_1_4' title="bbox 216 340 312 396">
    <p class='ocr_par' dir='ltr' id='par_1_4' title="bbox 216 340 312 396">
     <span class='ocr_line' id='line_1_4' title="bbox 216 340 312 396; baseline -0.031 0"><span class='ocrx_word' id='word_1_4' title='bbox 216 340 312 396; x_wconf 75' lang='lat'><strong>357</strong></span> 
     </span>
    </p>
   </div>
   <div class='ocr_carea' id='block_1_5' title="bbox 1130 341 2521 407">
    <p class='ocr_par' dir='ltr' id='par_1_5' title="bbox 1130 341 2521 407">
     <span class='ocr_line' id='line_1_5' title="bbox 1130 341 2521 407; baseline 0.005 -11"><span class='ocrx_word' id='word_1_5' title='bbox 1130 341 1391 399; x_wconf 80' lang='lat' dir='ltr'><strong>ORATIO</strong></span> <span class='ocrx_word' id='word_1_6' title='bbox 1438 345 1679 401; x_wconf 64' lang='lat' dir='ltr'><strong>XXXIX.</strong></span> <span class='ocrx_word' id='word_1_7' title='bbox 1722 377 1791 388; x_wconf 96' lang='lat'><strong>—</strong></span> <span class='ocrx_word' id='word_1_8' title='bbox 1829 349 1895 404; x_wconf 85' lang='grc' dir='ltr'>ΙΝ</span> <span class='ocrx_word' id='word_1_9' title='bbox 1936 350 2198 407; x_wconf 78' lang='lat' dir='ltr'><strong>SANCTA</strong></span> <span class='ocrx_word' id='word_1_10' title='bbox 2243 352 2521 407; x_wconf 66' lang='lat' dir='ltr'><strong>LUMINA.</strong></span> 
     </span>
    </p>
   </div>
   <div class='ocr_carea' id='block_1_6' title="bbox 3353 355 3459 403">
    <p class='ocr_par' dir='ltr' id='par_1_6' title="bbox 3353 355 3459 403">
     <span class='ocr_line' id='line_1_6' title="bbox 3353 355 3459 403; baseline -0.009 0"><span class='ocrx_word' id='word_1_11' title='bbox 3353 355 3459 403; x_wconf 67' lang='lat'><strong>338</strong></span> 
     </span>
    </p>
   </div>
   <div class='ocr_carea' id='block_1_7' title="bbox 212 429 1782 528">
    <p class='ocr_par' dir='ltr' id='par_1_7' title="bbox 212 429 1782 528">
     <span class='ocr_line' id='line_1_7' title="bbox 212 429 1782 528; baseline 0.002 -23"><span class='ocrx_word' id='word_1_12' title='bbox 212 452 303 505; x_wconf 79' lang='grc' dir='ltr'>καὶ</span> <span class='ocrx_word' id='word_1_13' title='bbox 345 449 593 513; x_wconf 79' lang='grc' dir='ltr'><strong>διανοίας</strong></span> <span class='ocrx_word' id='word_1_14' title='bbox 639 449 971 521; x_wconf 79' lang='grc' dir='ltr'>ἀνάπλασμα</span> <span class='ocrx_word' id='word_1_15' title='bbox 1017 429 1429 525; x_wconf 77' lang='grc' dir='ltr'>κακοδαίμονος,</span> <span class='ocrx_word' id='word_1_16' title='bbox 1472 456 1646 526; x_wconf 83' lang='grc' dir='ltr'><strong>χρόνῳ</strong></span> <span class='ocrx_word' id='word_1_17' title='bbox 1674 455 1782 528; x_wconf 81' lang='grc' dir='ltr'>βοη-</span> 
     </span>
    </p>
   </div>
   <div class='ocr_carea' id='block_1_8' title="bbox 1887 429 3463 528">
    <p class='ocr_par' dir='ltr' id='par_1_8' title="bbox 1902 449 3463 527">
     <span class='ocr_line' id='line_1_8' title="bbox 1902 449 3463 527; baseline -0.005 -11"><span class='ocrx_word' id='word_1_18' title='bbox 1902 476 2120 527; x_wconf 74' lang='grc' dir='ltr'>ι·ειιεθο,</span> <span class='ocrx_word' id='word_1_19' title='bbox 2169 462 2513 515; x_wconf 86' lang='lat' dir='ltr'><strong>tenebrosum</strong></span> <span class='ocrx_word' id='word_1_20' title='bbox 2564 458 2872 511; x_wconf 73' lang='lat' dir='ltr'><strong>drcmonum</strong></span> <span class='ocrx_word' id='word_1_21' title='bbox 2904 449 3202 520; x_wconf 72' lang='lat' dir='ltr'><strong>im’e’litum,</strong></span> <span class='ocrx_word' id='word_1_22' title='bbox 3238 468 3302 510; x_wconf 87' lang='lat' dir='ltr'><strong>ac</strong></span> <span class='ocrx_word' id='word_1_23' title='bbox 3336 469 3463 524; x_wconf 82' lang='lat' dir='ltr'><strong>per-</strong></span> 
     </span>
    </p>
   </div>
   <div class='ocr_carea' id='block_1_9' title="bbox 213 539 1799 618">
    <p class='ocr_par' dir='ltr' id='par_1_9' title="bbox 213 539 1799 618">
     <span class='ocr_line' id='line_1_9' title="bbox 213 539 1799 618; baseline 0.004 -24"><span class='ocrx_word' id='word_1_24' title='bbox 213 541 496 610; x_wconf 79' lang='grc' dir='ltr'>θούμενον,</span> <span class='ocrx_word' id='word_1_25' title='bbox 547 541 638 594; x_wconf 78' lang='grc' dir='ltr'>καὶ</span> <span class='ocrx_word' id='word_1_26' title='bbox 684 539 837 612; x_wconf 83' lang='grc' dir='ltr'><strong>μύθῳ</strong></span> <span class='ocrx_word' id='word_1_27' title='bbox 877 542 1240 613; x_wconf 82' lang='grc' dir='ltr'><strong>κλεπτόμενον</strong></span> <span class='ocrx_word' id='word_1_28' title='bbox 1279 545 1411 615; x_wconf 86' lang='lat'><strong>(88).</strong></span> <span class='ocrx_word' id='word_1_29' title='bbox 1463 548 1526 599; x_wconf 74' lang='grc' dir='ltr'><strong>Ἀ</strong></span> <span class='ocrx_word' id='word_1_30' title='bbox 1578 546 1685 618; x_wconf 84' lang='grc' dir='ltr'><strong>γὰρ</strong></span> <span class='ocrx_word' id='word_1_31' title='bbox 1724 548 1799 611; x_wconf 82' lang='grc' dir='ltr'>ὡς</span> 
     </span>
    </p>
   </div>
   <div class='ocr_carea' id='block_1_10' title="bbox 208 634 1792 706">
    <p class='ocr_par' dir='ltr' id='par_1_10' title="bbox 208 634 1792 706">
     <span class='ocr_line' id='line_1_10' title="bbox 208 634 1792 706; baseline 0.004 -20"><span class='ocrx_word' id='word_1_32' title='bbox 208 634 378 703; x_wconf 88' lang='grc' dir='ltr'>ἀληθῆ</span> <span class='ocrx_word' id='word_1_33' title='bbox 444 634 866 705; x_wconf 76' lang='grc' dir='ltr'><strong>προσκυνοῦσιν,</strong></span> <span class='ocrx_word' id='word_1_34' title='bbox 917 634 992 698; x_wconf 87' lang='grc' dir='ltr'>ὼς</span> <span class='ocrx_word' id='word_1_35' title='bbox 1044 636 1249 705; x_wconf 85' lang='grc' dir='ltr'><strong>μυθικὰ</strong></span> <span class='ocrx_word' id='word_1_36' title='bbox 1290 637 1792 706; x_wconf 74' lang='grc' dir='ltr'>συγκαλύπτουσινο</span> 
     </span>
    </p>
   </div>
   <div class='ocr_carea' id='block_1_11' title="bbox 207 725 1795 799">
    <p class='ocr_par' dir='ltr' id='par_1_11' title="bbox 207 725 1795 799">
     <span class='ocr_line' id='line_1_11' title="bbox 207 725 1795 799; baseline 0.002 -20"><span class='ocrx_word' id='word_1_37' title='bbox 207 726 338 789; x_wconf 75' lang='grc' dir='ltr'>δέον,</span> <span class='ocrx_word' id='word_1_38' title='bbox 371 727 421 777; x_wconf 76' lang='grc' dir='ltr'>εξ</span> <span class='ocrx_word' id='word_1_39' title='bbox 453 726 559 796; x_wconf 84' lang='grc' dir='ltr'>μὲν</span> <span class='ocrx_word' id='word_1_40' title='bbox 584 725 777 798; x_wconf 85' lang='grc' dir='ltr'>ἀληθῆ.</span> <span class='ocrx_word' id='word_1_41' title='bbox 818 728 891 798; x_wconf 81' lang='grc' dir='ltr'>μὴ</span> <span class='ocrx_word' id='word_1_42' title='bbox 930 728 1132 798; x_wconf 79' lang='grc' dir='ltr'><strong>μύθους</strong></span> <span class='ocrx_word' id='word_1_43' title='bbox 1162 730 1539 799; x_wconf 75' lang='grc' dir='ltr'>ὀνομάζεσθαι,</span> <span class='ocrx_word' id='word_1_44' title='bbox 1570 731 1684 784; x_wconf 80' lang='grc' dir='ltr'>ἀλλ’</span> <span class='ocrx_word' id='word_1_45' title='bbox 1713 732 1795 785; x_wconf 82' lang='grc' dir='ltr'>ὃτι</span> 
     </span>
    </p>
   </div>
   <div class='ocr_carea' id='block_1_12' title="bbox 210 818 1789 893">
    <p class='ocr_par' dir='ltr' id='par_1_12' title="bbox 210 818 1789 893">
     <span class='ocr_line' id='line_1_12' title="bbox 210 818 1789 893; baseline 0.004 -25"><span class='ocrx_word' id='word_1_46' title='bbox 210 818 281 887; x_wconf 82' lang='grc' dir='ltr'>μὴ</span> <span class='ocrx_word' id='word_1_47' title='bbox 312 818 522 888; x_wconf 82' lang='grc' dir='ltr'>αἰσχρά</span> <span class='ocrx_word' id='word_1_48' title='bbox 547 818 888 873; x_wconf 83' lang='grc' dir='ltr'>δείκνυσθαι·</span> <span class='ocrx_word' id='word_1_49' title='bbox 913 822 961 873; x_wconf 76' lang='grc' dir='ltr'>εἰ</span> <span class='ocrx_word' id='word_1_50' title='bbox 986 820 1043 872; x_wconf 82' lang='grc' dir='ltr'>δὲ</span> <span class='ocrx_word' id='word_1_51' title='bbox 1069 820 1257 892; x_wconf 72' lang='grc' dir='ltr'>ψευδῆ,</span> <span class='ocrx_word' id='word_1_52' title='bbox 1293 821 1789 893; x_wconf 75' lang='grc' dir='ltr'>μὴοθαυμάξεσθαι,</span> 
     </span>
    </p>
   </div>
   <div class='ocr_carea' id='block_1_13' title="bbox 208 907 1791 985">
    <p class='ocr_par' dir='ltr' id='par_1_13' title="bbox 208 907 1791 985">
     <span class='ocr_line' id='line_1_13' title="bbox 208 907 1791 985; baseline 0.003 -25"><span class='ocrx_word' id='word_1_53' title='bbox 208 908 325 978; x_wconf 79' lang='grc' dir='ltr'>μηδ’</span> <span class='ocrx_word' id='word_1_54' title='bbox 362 907 542 972; x_wconf 74' lang='grc' dir='ltr'>οὕτως</span> <span class='ocrx_word' id='word_1_55' title='bbox 605 909 813 980; x_wconf 81' lang='grc' dir='ltr'><strong>ἰταμῶς</strong></span> <span class='ocrx_word' id='word_1_56' title='bbox 855 911 1250 975; x_wconf 74' lang='grc' dir='ltr'>ἐναντιωτάτας</span> <span class='ocrx_word' id='word_1_57' title='bbox 1291 912 1433 982; x_wconf 74' lang='grc' dir='ltr'>ἔχειν</span> <span class='ocrx_word' id='word_1_58' title='bbox 1471 912 1627 978; x_wconf 78' lang='grc' dir='ltr'>δόξας</span> <span class='ocrx_word' id='word_1_59' title='bbox 1666 913 1791 985; x_wconf 78' lang='grc' dir='ltr'>περὶ</span> 
     </span>
    </p>
   </div>
   <div class='ocr_carea' id='block_1_14' title="bbox 203 999 1790 1076">
    <p class='ocr_par' dir='ltr' id='par_1_14' title="bbox 203 999 1790 1076">
     <span class='ocr_line' id='line_1_14' title="bbox 203 999 1790 1076; baseline 0.003 -26"><span class='ocrx_word' id='word_1_60' title='bbox 203 999 290 1052; x_wconf 73' lang='grc' dir='ltr'>τοῦ</span> <span class='ocrx_word' id='word_1_61' title='bbox 326 1000 497 1053; x_wconf 76' lang='grc' dir='ltr'>αὑτοῦ</span> <span class='ocrx_word' id='word_1_62' title='bbox 539 1001 863 1072; x_wconf 78' lang='grc' dir='ltr'>πράγματος</span> <span class='ocrx_word' id='word_1_63' title='bbox 887 1019 899 1031; x_wconf 91' lang='grc'><strong>·</strong></span> <span class='ocrx_word' id='word_1_64' title='bbox 939 1002 1127 1075; x_wconf 88' lang='grc' dir='ltr'>ῶσπερ</span> <span class='ocrx_word' id='word_1_65' title='bbox 1177 1005 1234 1056; x_wconf 82' lang='grc' dir='ltr'>ὲν</span> <span class='ocrx_word' id='word_1_66' title='bbox 1272 1003 1446 1074; x_wconf 77' lang='grc' dir='ltr'>ἀγορᾷ</span> <span class='ocrx_word' id='word_1_67' title='bbox 1491 1004 1790 1076; x_wconf 85' lang='grc' dir='ltr'><strong>μειρακίων</strong></span> 
     </span>
    </p>
   </div>
   <div class='ocr_carea' id='block_1_15' title="bbox 204 1088 1787 1167">
    <p class='ocr_par' dir='ltr' id='par_1_15' title="bbox 204 1088 1787 1167">
     <span class='ocr_line' id='line_1_15' title="bbox 204 1088 1787 1167; baseline 0.002 -23"><span class='ocrx_word' id='word_1_68' title='bbox 204 1088 522 1154; x_wconf 76' lang='grc' dir='ltr'>παίζοντας.</span> <span class='ocrx_word' id='word_1_69' title='bbox 558 1092 590 1161; x_wconf 83' lang='grc' dir='ltr'>ἢ</span> <span class='ocrx_word' id='word_1_70' title='bbox 622 1092 831 1162; x_wconf 85' lang='grc' dir='ltr'>ἀνδρῶν</span> <span class='ocrx_word' id='word_1_71' title='bbox 860 1094 1267 1162; x_wconf 87' lang='grc' dir='ltr'>κακοδαιμόνων</span> <span class='ocrx_word' id='word_1_72' title='bbox 1300 1094 1375 1159; x_wconf 84' lang='grc' dir='ltr'>ὠς</span> <span class='ocrx_word' id='word_1_73' title='bbox 1404 1095 1641 1167; x_wconf 85' lang='grc' dir='ltr'>ἀληθῶς,</span> <span class='ocrx_word' id='word_1_74' title='bbox 1673 1095 1787 1150; x_wconf 76' lang='grc' dir='ltr'>ἀλλ’</span> 
     </span>
    </p>
   </div>
   <div class='ocr_carea' id='block_1_16' title="bbox 203 1181 1785 1255">
    <p class='ocr_par' dir='ltr' id='par_1_16' title="bbox 203 1181 1785 1255">
     <span class='ocr_line' id='line_1_16' title="bbox 203 1181 1785 1255; baseline 0.004 -21"><span class='ocrx_word' id='word_1_75' title='bbox 203 1181 295 1234; x_wconf 76' lang='grc' dir='ltr'>οὐκ</span> <span class='ocrx_word' id='word_1_76' title='bbox 350 1182 587 1251; x_wconf 82' lang='grc' dir='ltr'>ἀνδράσι</span> <span class='ocrx_word' id='word_1_77' title='bbox 623 1184 1036 1254; x_wconf 80' lang='grc' dir='ltr'>διαλεγομένους</span> <span class='ocrx_word' id='word_1_78' title='bbox 1078 1184 1201 1238; x_wconf 80' lang='grc' dir='ltr'>νοῦν</span> <span class='ocrx_word' id='word_1_79' title='bbox 1242 1185 1443 1255; x_wconf 75' lang='grc' dir='ltr'>ἔχουσι,</span> <span class='ocrx_word' id='word_1_80' title='bbox 1490 1186 1582 1239; x_wconf 75' lang='grc' dir='ltr'><strong>καὶ</strong></span> <span class='ocrx_word' id='word_1_81' title='bbox 1614 1187 1785 1255; x_wconf 85' lang='grc' dir='ltr'>Λόγου</span> 
     </span>
    </p>
   </div>
   <div class='ocr_carea' id='block_1_17' title="bbox 202 1274 1787 1349">
    <p class='ocr_par' dir='ltr' id='par_1_17' title="bbox 202 1274 1787 1349">
     <span class='ocr_line' id='line_1_17' title="bbox 202 1274 1787 1349; baseline 0.005 -26"><span class='ocrx_word' id='word_1_82' title='bbox 202 1277 649 1343; x_wconf 75' lang='grc' dir='ltr'>προσκυνηταῖς·</span> <span class='ocrx_word' id='word_1_83' title='bbox 683 1274 783 1330; x_wconf 72' lang='grc' dir='ltr'>κᾶν</span> <span class='ocrx_word' id='word_1_84' title='bbox 820 1276 916 1345; x_wconf 83' lang='grc' dir='ltr'>τὴν</span> <span class='ocrx_word' id='word_1_85' title='bbox 950 1276 1195 1345; x_wconf 75' lang='grc' dir='ltr'>ἔντεχνον</span> <span class='ocrx_word' id='word_1_86' title='bbox 1227 1277 1448 1347; x_wconf 81' lang='grc' dir='ltr'>ταύτην,</span> <span class='ocrx_word' id='word_1_87' title='bbox 1489 1278 1583 1333; x_wconf 68' lang='grc' dir='ltr'>καὶ</span> <span class='ocrx_word' id='word_1_88' title='bbox 1613 1281 1787 1349; x_wconf 73' lang='grc' dir='ltr'>ῥυπα-</span> 
     </span>
    </p>
   </div>
   <div class='ocr_carea' id='block_1_18' title="bbox 206 1364 1046 1437">
    <p class='ocr_par' dir='ltr' id='par_1_18' title="bbox 206 1364 1046 1437">
     <span class='ocr_line' id='line_1_18' title="bbox 206 1364 1046 1437; baseline 0.007 -22"><span class='ocrx_word' id='word_1_89' title='bbox 206 1364 301 1433; x_wconf 75' lang='grc' dir='ltr'><strong>ρὰν</strong></span> <span class='ocrx_word' id='word_1_90' title='bbox 329 1365 674 1437; x_wconf 87' lang='grc' dir='ltr'>πιθανότητα</span> <span class='ocrx_word' id='word_1_91' title='bbox 697 1367 1046 1421; x_wconf 85' lang='grc' dir='ltr'>διαπτύωσιν.</span> 
     </span>
    </p>
   </div>
   <div class='ocr_carea' id='block_1_19' title="bbox 1902 546 3463 620">
    <p class='ocr_par' dir='ltr' id='par_1_19' title="bbox 1902 546 3463 620">
     <span class='ocr_line' id='line_1_19' title="bbox 1902 546 3463 620; baseline -0.004 -14"><span class='ocrx_word' id='word_1_92' title='bbox 1902 554 2027 608; x_wconf 73' lang='lat' dir='ltr'><strong>dita:</strong></span> <span class='ocrx_word' id='word_1_93' title='bbox 2058 552 2254 607; x_wconf 87' lang='lat' dir='ltr'><strong>mentis</strong></span> <span class='ocrx_word' id='word_1_94' title='bbox 2298 550 2632 620; x_wconf 81' lang='lat' dir='ltr'><strong>ﬁgmentum,</strong></span> <span class='ocrx_word' id='word_1_95' title='bbox 2684 546 2941 616; x_wconf 90' lang='lat' dir='ltr'><strong>temporis</strong></span> <span class='ocrx_word' id='word_1_96' title='bbox 2975 560 3074 614; x_wconf 91' lang='lat' dir='ltr'><strong>ope</strong></span> <span class='ocrx_word' id='word_1_97' title='bbox 3108 562 3170 601; x_wconf 91' lang='lat' dir='ltr'><strong>ac</strong></span> <span class='ocrx_word' id='word_1_98' title='bbox 3216 546 3463 615; x_wconf 65' lang='lat' dir='ltr'><strong>praesidio</strong></span> 
     </span>
    </p>
   </div>
   <div class='ocr_carea' id='block_1_20' title="bbox 1897 635 3462 705">
    <p class='ocr_par' dir='ltr' id='par_1_20' title="bbox 1897 635 3462 705">
     <span class='ocr_line' id='line_1_20' title="bbox 1897 635 3462 705; baseline -0.006 -8"><span class='ocrx_word' id='word_1_99' title='bbox 1897 644 2108 705; x_wconf 84' lang='lat' dir='ltr'><strong>fultum,</strong></span> <span class='ocrx_word' id='word_1_100' title='bbox 2142 654 2196 698; x_wconf 90' lang='lat' dir='ltr'><strong>et</strong></span> <span class='ocrx_word' id='word_1_101' title='bbox 2254 641 2451 697; x_wconf 80' lang='lat' dir='ltr'><strong>fabulis</strong></span> <span class='ocrx_word' id='word_1_102' title='bbox 2499 640 2682 693; x_wconf 84' lang='lat' dir='ltr'><strong>furtim</strong></span> <span class='ocrx_word' id='word_1_103' title='bbox 2722 638 3013 692; x_wconf 86' lang='lat' dir='ltr'><strong>obtectum.</strong></span> <span class='ocrx_word' id='word_1_104' title='bbox 3059 635 3213 698; x_wconf 82' lang='lat' dir='ltr'><strong>Nam.</strong></span> <span class='ocrx_word' id='word_1_105' title='bbox 3262 651 3377 704; x_wconf 74' lang='lat' dir='ltr'><strong>quae</strong></span> <span class='ocrx_word' id='word_1_106' title='bbox 3408 645 3462 688; x_wconf 91' lang='lat' dir='ltr'><strong>ut</strong></span> 
     </span>
    </p>
   </div>
   <div class='ocr_carea' id='block_1_21' title="bbox 1898 728 3462 797">
    <p class='ocr_par' dir='ltr' id='par_1_21' title="bbox 1898 728 3462 797">
     <span class='ocr_line' id='line_1_21' title="bbox 1898 728 3462 797; baseline -0.004 -9"><span class='ocrx_word' id='word_1_107' title='bbox 1898 750 2023 791; x_wconf 90' lang='lat' dir='ltr'><strong>vera</strong></span> <span class='ocrx_word' id='word_1_108' title='bbox 2055 735 2302 797; x_wconf 89' lang='lat' dir='ltr'><strong>adorant,</strong></span> <span class='ocrx_word' id='word_1_109' title='bbox 2355 733 2543 787; x_wconf 88' lang='lat' dir='ltr'><strong>eadem</strong></span> <span class='ocrx_word' id='word_1_110' title='bbox 2594 739 2654 784; x_wconf 91' lang='grc' dir='ltr'><strong>ιιι</strong></span> <span class='ocrx_word' id='word_1_111' title='bbox 2684 728 2924 784; x_wconf 78' lang='lat' dir='ltr'><strong>fabulosa</strong></span> <span class='ocrx_word' id='word_1_112' title='bbox 2972 728 3262 783; x_wconf 84' lang='lat' dir='ltr'><strong>obvolvunt</strong></span> <span class='ocrx_word' id='word_1_113' title='bbox 3292 737 3345 783; x_wconf 92' lang='lat' dir='ltr'><strong>et</strong></span> <span class='ocrx_word' id='word_1_114' title='bbox 3372 742 3462 782; x_wconf 88' lang='lat' dir='ltr'><strong>oc-</strong></span> 
     </span>
    </p>
   </div>
   <div class='ocr_carea' id='block_1_22' title="bbox 1895 818 3460 892">
    <p class='ocr_par' dir='ltr' id='par_1_22' title="bbox 1895 818 3460 892">
     <span class='ocr_line' id='line_1_22' title="bbox 1895 818 3460 892; baseline -0.006 -15"><span class='ocrx_word' id='word_1_115' title='bbox 1895 824 2119 877; x_wconf 97' lang='lat' dir='ltr'><strong>cultant.</strong></span> <span class='ocrx_word' id='word_1_116' title='bbox 2177 822 2465 892; x_wconf 89' lang='lat' dir='ltr'><strong>Oporteret</strong></span> <span class='ocrx_word' id='word_1_117' title='bbox 2516 821 2713 890; x_wconf 83' lang='lat' dir='ltr'><strong>potius,</strong></span> <span class='ocrx_word' id='word_1_118' title='bbox 2762 819 2806 873; x_wconf 89' lang='lat' dir='ltr'><strong>si</strong></span> <span class='ocrx_word' id='word_1_119' title='bbox 2866 818 3081 887; x_wconf 85' lang='lat' dir='ltr'><strong>quidem</strong></span> <span class='ocrx_word' id='word_1_120' title='bbox 3138 832 3262 872; x_wconf 88' lang='lat' dir='ltr'><strong>vera</strong></span> <span class='ocrx_word' id='word_1_121' title='bbox 3314 826 3460 877; x_wconf 86' lang='lat' dir='ltr'><strong>sunt,</strong></span> 
     </span>
    </p>
   </div>
   <div class='ocr_carea' id='block_1_23' title="bbox 1898 907 3461 983">
    <p class='ocr_par' dir='ltr' id='par_1_23' title="bbox 1898 907 3461 983">
     <span class='ocr_line' id='line_1_23' title="bbox 1898 907 3461 983; baseline -0.004 -16"><span class='ocrx_word' id='word_1_122' title='bbox 1898 930 2017 983; x_wconf 69' lang='lat' dir='ltr'><strong>quae</strong></span> <span class='ocrx_word' id='word_1_123' title='bbox 2072 913 2384 982; x_wconf 76' lang='lat' dir='ltr'><strong>praedicant,</strong></span> <span class='ocrx_word' id='word_1_124' title='bbox 2446 927 2553 965; x_wconf 93' lang='lat' dir='ltr'><strong>non</strong></span> <span class='ocrx_word' id='word_1_125' title='bbox 2617 926 2677 964; x_wconf 88' lang='lat' dir='ltr'><strong>ea</strong></span> <span class='ocrx_word' id='word_1_126' title='bbox 2737 908 2949 964; x_wconf 76' lang='lat' dir='ltr'><strong>fabulas</strong></span> <span class='ocrx_word' id='word_1_127' title='bbox 3005 922 3332 978; x_wconf 77' lang='lat' dir='ltr'><strong>nuncupare,</strong></span> <span class='ocrx_word' id='word_1_128' title='bbox 3369 907 3461 963; x_wconf 89' lang='lat' dir='ltr'><strong>sed</strong></span> 
     </span>
    </p>
   </div>
   <div class='ocr_carea' id='block_1_24' title="bbox 1897 999 3459 1071">
    <p class='ocr_par' dir='ltr' id='par_1_24' title="bbox 1897 999 3459 1071">
     <span class='ocr_line' id='line_1_24' title="bbox 1897 999 3459 1071; baseline -0.004 -14"><span class='ocrx_word' id='word_1_129' title='bbox 1897 1003 2203 1068; x_wconf 91' lang='lat' dir='ltr'><strong>ostendere,</strong></span> <span class='ocrx_word' id='word_1_130' title='bbox 2234 1002 2377 1071; x_wconf 87' lang='lat' dir='ltr'><strong>quod</strong></span> <span class='ocrx_word' id='word_1_131' title='bbox 2408 1003 2474 1057; x_wconf 92' lang='lat' dir='ltr'><strong>ab</strong></span> <span class='ocrx_word' id='word_1_132' title='bbox 2504 1001 2649 1055; x_wconf 87' lang='lat' dir='ltr'><strong>omni</strong></span> <span class='ocrx_word' id='word_1_133' title='bbox 2692 1000 3039 1069; x_wconf 82' lang='lat' dir='ltr'><strong>turpitudinis</strong></span> <span class='ocrx_word' id='word_1_134' title='bbox 3084 999 3459 1054; x_wconf 82' lang='lat' dir='ltr'><strong>obscenitatis-</strong></span> 
     </span>
    </p>
   </div>
   <div class='ocr_carea' id='block_1_25' title="bbox 1896 1090 3462 1164">
    <p class='ocr_par' dir='ltr' id='par_1_25' title="bbox 1896 1090 3462 1164">
     <span class='ocr_line' id='line_1_25' title="bbox 1896 1090 3462 1164; baseline -0.002 -18"><span class='ocrx_word' id='word_1_135' title='bbox 1896 1110 1999 1164; x_wconf 88' lang='lat' dir='ltr'><strong>que</strong></span> <span class='ocrx_word' id='word_1_136' title='bbox 2031 1102 2155 1148; x_wconf 86' lang='lat' dir='ltr'><strong>nota</strong></span> <span class='ocrx_word' id='word_1_137' title='bbox 2205 1094 2588 1148; x_wconf 76' lang='lat' dir='ltr'><strong>vindicentur:</strong></span> <span class='ocrx_word' id='word_1_138' title='bbox 2624 1092 2671 1147; x_wconf 88' lang='lat' dir='ltr'><strong>si</strong></span> <span class='ocrx_word' id='word_1_139' title='bbox 2705 1100 2882 1145; x_wconf 91' lang='lat' dir='ltr'><strong>autem</strong></span> <span class='ocrx_word' id='word_1_140' title='bbox 2935 1090 3089 1157; x_wconf 81' lang='lat' dir='ltr'><strong>falsa,</strong></span> <span class='ocrx_word' id='word_1_141' title='bbox 3129 1106 3236 1145; x_wconf 88' lang='lat' dir='ltr'><strong>non</strong></span> <span class='ocrx_word' id='word_1_142' title='bbox 3277 1106 3337 1145; x_wconf 88' lang='lat' dir='ltr'><strong>ea</strong></span> <span class='ocrx_word' id='word_1_143' title='bbox 3370 1106 3462 1146; x_wconf 87' lang='lat' dir='ltr'><strong>su-</strong></span> 
     </span>
    </p>
   </div>
   <div class='ocr_carea' id='block_1_26' title="bbox 1896 1182 3461 1255">
    <p class='ocr_par' dir='ltr' id='par_1_26' title="bbox 1896 1182 3461 1255">
     <span class='ocr_line' id='line_1_26' title="bbox 1896 1182 3461 1255; baseline -0.003 -15"><span class='ocrx_word' id='word_1_144' title='bbox 1896 1187 2132 1255; x_wconf 84' lang='lat' dir='ltr'><strong>spicere,</strong></span> <span class='ocrx_word' id='word_1_145' title='bbox 2167 1200 2263 1239; x_wconf 87' lang='lat' dir='ltr'><strong>nec</strong></span> <span class='ocrx_word' id='word_1_146' title='bbox 2305 1185 2376 1238; x_wconf 91' lang='lat' dir='ltr'><strong>ita</strong></span> <span class='ocrx_word' id='word_1_147' title='bbox 2428 1185 2769 1253; x_wconf 87' lang='lat' dir='ltr'><strong>impudenter</strong></span> <span class='ocrx_word' id='word_1_148' title='bbox 2809 1184 2876 1239; x_wconf 91' lang='lat' dir='ltr'><strong>de</strong></span> <span class='ocrx_word' id='word_1_149' title='bbox 2905 1199 3009 1236; x_wconf 91' lang='lat' dir='ltr'><strong>una</strong></span> <span class='ocrx_word' id='word_1_150' title='bbox 3061 1182 3358 1252; x_wconf 88' lang='lat' dir='ltr'><strong>eademque</strong></span> <span class='ocrx_word' id='word_1_151' title='bbox 3405 1198 3461 1236; x_wconf 89' lang='lat' dir='ltr'><strong>re</strong></span> 
     </span>
    </p>
   </div>
   <div class='ocr_carea' id='block_1_27' title="bbox 1897 1274 3458 1345">
    <p class='ocr_par' dir='ltr' id='par_1_27' title="bbox 1897 1274 3458 1345">
     <span class='ocr_line' id='line_1_27' title="bbox 1897 1274 3458 1345; baseline -0.002 -15"><span class='ocrx_word' id='word_1_152' title='bbox 1897 1277 2131 1331; x_wconf 79' lang='lat' dir='ltr'><strong>maxime</strong></span> <span class='ocrx_word' id='word_1_153' title='bbox 2156 1275 2430 1345; x_wconf 90' lang='lat' dir='ltr'><strong>oppositas</strong></span> <span class='ocrx_word' id='word_1_154' title='bbox 2461 1275 2756 1330; x_wconf 83' lang='lat' dir='ltr'><strong>sententias</strong></span> <span class='ocrx_word' id='word_1_155' title='bbox 2797 1285 2981 1330; x_wconf 90' lang='lat' dir='ltr'><strong>tenere</strong></span> <span class='ocrx_word' id='word_1_156' title='bbox 3007 1290 3021 1339; x_wconf 91' lang='lat'><strong>;</strong></span> <span class='ocrx_word' id='word_1_157' title='bbox 3064 1274 3285 1344; x_wconf 86' lang='lat' dir='ltr'><strong>perinde</strong></span> <span class='ocrx_word' id='word_1_158' title='bbox 3311 1288 3374 1329; x_wconf 87' lang='lat' dir='ltr'><strong>ac</strong></span> <span class='ocrx_word' id='word_1_159' title='bbox 3401 1274 3458 1337; x_wconf 92' lang='lat' dir='ltr'><strong>ii,</strong></span> 
     </span>
    </p>
   </div>
   <div class='ocr_carea' id='block_1_28' title="bbox 1893 1367 3459 1437">
    <p class='ocr_par' dir='ltr' id='par_1_28' title="bbox 1893 1367 3459 1437">
     <span class='ocr_line' id='line_1_28' title="bbox 1893 1367 3459 1437; baseline -0.001 -16"><span class='ocrx_word' id='word_1_160' title='bbox 1893 1369 1985 1436; x_wconf 86' lang='lat' dir='ltr'><strong>qui</strong></span> <span class='ocrx_word' id='word_1_161' title='bbox 2027 1368 2081 1422; x_wconf 90' lang='lat' dir='ltr'><strong>in</strong></span> <span class='ocrx_word' id='word_1_162' title='bbox 2123 1379 2263 1422; x_wconf 67' lang='lat' dir='ltr'><strong>coetu</strong></span> <span class='ocrx_word' id='word_1_163' title='bbox 2298 1383 2585 1437; x_wconf 88' lang='lat' dir='ltr'><strong>puerorum</strong></span> <span class='ocrx_word' id='word_1_164' title='bbox 2622 1368 2828 1432; x_wconf 89' lang='lat' dir='ltr'><strong>ludunt,</strong></span> <span class='ocrx_word' id='word_1_165' title='bbox 2865 1378 2957 1421; x_wconf 91' lang='lat' dir='ltr'><strong>aut</strong></span> <span class='ocrx_word' id='word_1_166' title='bbox 2991 1367 3282 1423; x_wconf 88' lang='lat' dir='ltr'><strong>amentium</strong></span> <span class='ocrx_word' id='word_1_167' title='bbox 3310 1382 3459 1436; x_wconf 83' lang='lat' dir='ltr'><strong>pror-</strong></span> 
     </span>
    </p>
   </div>
   <div class='ocr_carea' id='block_1_29' title="bbox 204 1456 3458 1532">
    <p class='ocr_par' dir='ltr' id='par_1_29' title="bbox 204 1456 3458 1532">
     <span class='ocr_line' id='line_1_29' title="bbox 204 1456 3458 1532; baseline 0.002 -25"><span class='ocrx_word' id='word_1_168' title='bbox 204 1466 289 1507; x_wconf 87' lang='lat' dir='ltr'><strong>sus</strong></span> <span class='ocrx_word' id='word_1_169' title='bbox 326 1456 600 1520; x_wconf 83' lang='lat' dir='ltr'><strong>virorum,</strong></span> <span class='ocrx_word' id='word_1_170' title='bbox 644 1474 747 1512; x_wconf 88' lang='lat' dir='ltr'><strong>non</strong></span> <span class='ocrx_word' id='word_1_171' title='bbox 779 1471 954 1512; x_wconf 81' lang='lat' dir='ltr'><strong>autem</strong></span> <span class='ocrx_word' id='word_1_172' title='bbox 1001 1477 1120 1515; x_wconf 86' lang='lat' dir='ltr'><strong>cum</strong></span> <span class='ocrx_word' id='word_1_173' title='bbox 1165 1462 1501 1532; x_wconf 88' lang='lat' dir='ltr'><strong>sapientibus</strong></span> <span class='ocrx_word' id='word_1_174' title='bbox 1536 1463 1687 1527; x_wconf 89' lang='lat' dir='ltr'><strong>viris,</strong></span> <span class='ocrx_word' id='word_1_175' title='bbox 1753 1478 1817 1518; x_wconf 91' lang='lat' dir='ltr'><strong>ac</strong></span> <span class='ocrx_word' id='word_1_176' title='bbox 1856 1461 2018 1518; x_wconf 83' lang='lat' dir='ltr'><strong>Verbi</strong></span> <span class='ocrx_word' id='word_1_177' title='bbox 2062 1462 2440 1518; x_wconf 87' lang='lat' dir='ltr'><strong>adoratoribus</strong></span> <span class='ocrx_word' id='word_1_178' title='bbox 2505 1462 2813 1531; x_wconf 89' lang='lat' dir='ltr'><strong>disputant;</strong></span> <span class='ocrx_word' id='word_1_179' title='bbox 2864 1461 3075 1515; x_wconf 83' lang='lat' dir='ltr'><strong>tametsi</strong></span> <span class='ocrx_word' id='word_1_180' title='bbox 3111 1459 3458 1515; x_wconf 82' lang='lat' dir='ltr'><strong>artiﬁciosum</strong></span> 
     </span>
    </p>
   </div>
   <div class='ocr_carea' id='block_1_30' title="bbox 206 1548 1859 1627">
    <p class='ocr_par' dir='ltr' id='par_1_30' title="bbox 206 1548 1859 1627">
     <span class='ocr_line' id='line_1_30' title="bbox 206 1548 1859 1627; baseline 0.009 -28"><span class='ocrx_word' id='word_1_181' title='bbox 206 1548 338 1602; x_wconf 68' lang='lat' dir='ltr'><strong>istud</strong></span> <span class='ocrx_word' id='word_1_182' title='bbox 367 1559 424 1603; x_wconf 89' lang='lat' dir='ltr'><strong>et</strong></span> <span class='ocrx_word' id='word_1_183' title='bbox 472 1566 729 1618; x_wconf 88' lang='lat' dir='ltr'><strong>spurcum</strong></span> <span class='ocrx_word' id='word_1_184' title='bbox 787 1556 1068 1609; x_wconf 81' lang='lat' dir='ltr'><strong>verborum</strong></span> <span class='ocrx_word' id='word_1_185' title='bbox 1117 1558 1441 1613; x_wconf 88' lang='lat' dir='ltr'><strong>lenocinium</strong></span> <span class='ocrx_word' id='word_1_186' title='bbox 1483 1568 1859 1627; x_wconf 86' lang='lat' dir='ltr'><strong>aspernentur.</strong></span> 
     </span>
    </p>
   </div>
   <div class='ocr_carea' id='block_1_31' title="bbox 158 1643 1800 1724">
    <p class='ocr_par' dir='ltr' id='par_1_31' title="bbox 158 1643 1800 1724">
     <span class='ocr_line' id='line_1_31' title="bbox 158 1643 1800 1724; baseline 0.011 -34"><span class='ocrx_word' id='word_1_187' title='bbox 158 1648 199 1701; x_wconf 95' lang='lat'><em>/</em></span> <span class='ocrx_word' id='word_1_188' title='bbox 266 1643 338 1694; x_wconf 80' lang='lat' dir='ltr'><strong>A&#39;.</strong></span> <span class='ocrx_word' id='word_1_189' title='bbox 383 1643 462 1695; x_wconf 80' lang='grc' dir='ltr'><strong>Οὐ</strong></span> <span class='ocrx_word' id='word_1_190' title='bbox 494 1644 619 1707; x_wconf 85' lang='grc' dir='ltr'>Διὸς</span> <span class='ocrx_word' id='word_1_191' title='bbox 645 1645 814 1700; x_wconf 84' lang='grc' dir='ltr'>ταῦτα</span> <span class='ocrx_word' id='word_1_192' title='bbox 852 1651 1007 1716; x_wconf 74' lang='grc' dir='ltr'>γοναὶ</span> <span class='ocrx_word' id='word_1_193' title='bbox 1030 1651 1140 1723; x_wconf 88' lang='lat'><strong>(89)</strong></span> <span class='ocrx_word' id='word_1_194' title='bbox 1167 1653 1259 1705; x_wconf 79' lang='grc' dir='ltr'>καὶ</span> <span class='ocrx_word' id='word_1_195' title='bbox 1281 1652 1500 1716; x_wconf 72' lang='grc' dir='ltr'>κλοπαὶ,</span> <span class='ocrx_word' id='word_1_196' title='bbox 1524 1652 1616 1706; x_wconf 85' lang='grc' dir='ltr'>τοῦ</span> <span class='ocrx_word' id='word_1_197' title='bbox 1649 1655 1800 1724; x_wconf 82' lang='grc' dir='ltr'>Κρη-</span> 
     </span>
    </p>
   </div>
   <div class='ocr_carea' id='block_1_32' title="bbox 201 1732 962 1804">
    <p class='ocr_par' dir='ltr' id='par_1_32' title="bbox 201 1732 962 1804">
     <span class='ocr_line' id='line_1_32' title="bbox 201 1732 962 1804; baseline 0.009 -20"><span class='ocrx_word' id='word_1_198' title='bbox 201 1732 304 1784; x_wconf 82' lang='grc' dir='ltr'><strong>τῶν</strong></span> <span class='ocrx_word' id='word_1_199' title='bbox 337 1734 634 1804; x_wconf 77' lang='grc' dir='ltr'>τυράννου,</span> <span class='ocrx_word' id='word_1_200' title='bbox 666 1737 768 1791; x_wconf 74' lang='grc' dir='ltr'>κᾶν</span> <span class='ocrx_word' id='word_1_201' title='bbox 802 1739 962 1804; x_wconf 71' lang='grc' dir='ltr'>Ἕλλη</span> 
     </span>
    </p>
   </div>
   <div class='ocr_carea' id='block_1_33' title="bbox 199 1822 1784 1904">
    <p class='ocr_par' dir='ltr' id='par_1_33' title="bbox 199 1822 1784 1904">
     <span class='ocr_line' id='line_1_33' title="bbox 199 1822 1784 1904; baseline 0.007 -30"><span class='ocrx_word' id='word_1_202' title='bbox 199 1822 251 1873; x_wconf 79' lang='grc' dir='ltr'>δὲ</span> <span class='ocrx_word' id='word_1_203' title='bbox 282 1825 590 1896; x_wconf 78' lang='grc' dir='ltr'>Κουρήτων</span> <span class='ocrx_word' id='word_1_204' title='bbox 618 1823 763 1899; x_wconf 77' lang='grc' dir='ltr'>ἦχοι,</span> <span class='ocrx_word' id='word_1_205' title='bbox 791 1832 883 1883; x_wconf 80' lang='grc' dir='ltr'><strong>καὶ</strong></span> <span class='ocrx_word' id='word_1_206' title='bbox 916 1833 1119 1901; x_wconf 79' lang='grc' dir='ltr'>κρότοι,</span> <span class='ocrx_word' id='word_1_207' title='bbox 1155 1834 1250 1885; x_wconf 70' lang='grc' dir='ltr'>καὶ</span> <span class='ocrx_word' id='word_1_208' title='bbox 1277 1832 1530 1904; x_wconf 75' lang='grc' dir='ltr'>ὀρχήσεις</span> <span class='ocrx_word' id='word_1_209' title='bbox 1565 1835 1674 1902; x_wconf 84' lang='grc'>(91)</span> <span class='ocrx_word' id='word_1_210' title='bbox 1706 1833 1784 1885; x_wconf 76' lang='grc' dir='ltr'><strong>ἐν·</strong></span> 
     </span>
    </p>
   </div>
   <div class='ocr_carea' id='block_1_34' title="bbox 200 1914 1782 1994">
    <p class='ocr_par' dir='ltr' id='par_1_34' title="bbox 200 1914 1782 1994">
     <span class='ocr_line' id='line_1_34' title="bbox 200 1914 1782 1994; baseline 0.008 -29"><span class='ocrx_word' id='word_1_211' title='bbox 200 1914 367 1977; x_wconf 85' lang='grc' dir='ltr'>οπλοι,</span> <span class='ocrx_word' id='word_1_212' title='bbox 397 1916 541 1969; x_wconf 74' lang='grc' dir='ltr'>Θεοῦ</span> <span class='ocrx_word' id='word_1_213' title='bbox 574 1919 849 1985; x_wconf 79' lang='grc' dir='ltr'>κλαίοντος</span> <span class='ocrx_word' id='word_1_214' title='bbox 877 1925 1016 1994; x_wconf 80' lang='grc' dir='ltr'>ἠχὴν</span> <span class='ocrx_word' id='word_1_215' title='bbox 1042 1924 1535 1991; x_wconf 74' lang='grc' dir='ltr'>συγκαλύπτουσαι,</span> <span class='ocrx_word' id='word_1_216' title='bbox 1563 1925 1647 1976; x_wconf 76' lang='grc' dir='ltr'>ἵνα</span> <span class='ocrx_word' id='word_1_217' title='bbox 1676 1942 1782 1977; x_wconf 80' lang='grc' dir='ltr'>πα-</span> 
     </span>
    </p>
   </div>
   <div class='ocr_carea' id='block_1_35' title="bbox 199 2007 1783 2085">
    <p class='ocr_par' dir='ltr' id='par_1_35' title="bbox 199 2007 1783 2085">
     <span class='ocr_line' id='line_1_35' title="bbox 199 2007 1783 2085; baseline 0.006 -28"><span class='ocrx_word' id='word_1_218' title='bbox 199 2007 326 2075; x_wconf 81' lang='grc' dir='ltr'>τέρα</span> <span class='ocrx_word' id='word_1_219' title='bbox 374 2008 521 2080; x_wconf 79' lang='grc' dir='ltr'>λάθῃ</span> <span class='ocrx_word' id='word_1_220' title='bbox 571 2012 921 2079; x_wconf 82' lang='grc' dir='ltr'>μισότεκνον·</span> <span class='ocrx_word' id='word_1_221' title='bbox 968 2014 1138 2066; x_wconf 77' lang='grc' dir='ltr'>δεινὸν</span> <span class='ocrx_word' id='word_1_222' title='bbox 1192 2014 1300 2085; x_wconf 73' lang='grc' dir='ltr'>γὰρ</span> <span class='ocrx_word' id='word_1_223' title='bbox 1344 2011 1408 2085; x_wconf 77' lang='grc' dir='ltr'>ἦν</span> <span class='ocrx_word' id='word_1_224' title='bbox 1458 2016 1533 2078; x_wconf 80' lang='grc' dir='ltr'>ὡς</span> <span class='ocrx_word' id='word_1_225' title='bbox 1575 2014 1783 2068; x_wconf 79' lang='grc' dir='ltr'>παιδίον</span> 
     </span>
    </p>
   </div>
   <div class='ocr_carea' id='block_1_36' title="bbox 201 2096 1782 2169">
    <p class='ocr_par' dir='ltr' id='par_1_36' title="bbox 201 2096 1782 2169">
     <span class='ocr_line' id='line_1_36' title="bbox 201 2096 1782 2169; baseline 0.006 -21"><span class='ocrx_word' id='word_1_226' title='bbox 201 2096 722 2169; x_wconf 76' lang='grc' dir='ltr'>κλαυθμυρίζεσθαι,</span> <span class='ocrx_word' id='word_1_227' title='bbox 772 2104 863 2155; x_wconf 76' lang='grc' dir='ltr'><strong>τὸν</strong></span> <span class='ocrx_word' id='word_1_228' title='bbox 916 2104 992 2167; x_wconf 83' lang='grc' dir='ltr'><strong>ὡς</strong></span> <span class='ocrx_word' id='word_1_229' title='bbox 1028 2104 1172 2158; x_wconf 81' lang='grc' dir='ltr'>λίθον</span> <span class='ocrx_word' id='word_1_230' title='bbox 1218 2105 1616 2158; x_wconf 72' lang='grc' dir='ltr'>καταποθέντα·</span> <span class='ocrx_word' id='word_1_231' title='bbox 1662 2105 1782 2157; x_wconf 78' lang='grc' dir='ltr'>οὐδὲ</span> 
     </span>
    </p>
   </div>
   <div class='ocr_carea' id='block_1_37' title="bbox 200 2189 1783 2267">
    <p class='ocr_par' dir='ltr' id='par_1_37' title="bbox 200 2189 1783 2267">
     <span class='ocr_line' id='line_1_37' title="bbox 200 2189 1783 2267; baseline 0.006 -28"><span class='ocrx_word' id='word_1_232' title='bbox 200 2189 423 2258; x_wconf 67' lang='grc' dir='ltr'>Φρυγῶν</span> <span class='ocrx_word' id='word_1_233' title='bbox 487 2192 602 2259; x_wconf 70' lang='grc'>(92)</span> <span class='ocrx_word' id='word_1_234' title='bbox 654 2195 902 2264; x_wconf 74' lang='grc' dir='ltr'>ὲκτομαϊ,</span> <span class='ocrx_word' id='word_1_235' title='bbox 956 2198 1050 2248; x_wconf 71' lang='grc' dir='ltr'>καὶ</span> <span class='ocrx_word' id='word_1_236' title='bbox 1112 2197 1286 2256; x_wconf 76' lang='grc' dir='ltr'>αὐλοὶ,</span> <span class='ocrx_word' id='word_1_237' title='bbox 1352 2197 1442 2249; x_wconf 76' lang='grc' dir='ltr'><strong>καὶ</strong></span> <span class='ocrx_word' id='word_1_238' title='bbox 1506 2196 1783 2267; x_wconf 78' lang='grc' dir='ltr'>Κορύϐαν-</span> 
     </span>
    </p>
   </div>
   <div class='ocr_carea' id='block_1_38' title="bbox 199 2279 1781 2357">
    <p class='ocr_par' dir='ltr' id='par_1_38' title="bbox 199 2279 1781 2357">
     <span class='ocr_line' id='line_1_38' title="bbox 199 2279 1781 2357; baseline 0.006 -27"><span class='ocrx_word' id='word_1_239' title='bbox 199 2294 284 2341; x_wconf 78' lang='grc' dir='ltr'><strong>τες</strong></span> <span class='ocrx_word' id='word_1_240' title='bbox 316 2279 452 2350; x_wconf 78' lang='lat'><strong>(93),</strong></span> <span class='ocrx_word' id='word_1_241' title='bbox 490 2284 589 2335; x_wconf 69' lang='grc' dir='ltr'>καὶ</span> <span class='ocrx_word' id='word_1_242' title='bbox 629 2283 731 2336; x_wconf 85' lang='grc' dir='ltr'>ὅσα</span> <span class='ocrx_word' id='word_1_243' title='bbox 769 2286 896 2354; x_wconf 71' lang='grc' dir='ltr'>περὶ</span> <span class='ocrx_word' id='word_1_244' title='bbox 926 2287 1023 2356; x_wconf 76' lang='grc' dir='ltr'>τὴν</span> <span class='ocrx_word' id='word_1_245' title='bbox 1062 2285 1217 2339; x_wconf 79' lang='grc' dir='ltr'>Ῥέαν</span> <span class='ocrx_word' id='word_1_246' title='bbox 1260 2286 1531 2357; x_wconf 83' lang='grc' dir='ltr'>ἄνθρωποι</span> <span class='ocrx_word' id='word_1_247' title='bbox 1566 2286 1781 2356; x_wconf 84' lang='grc' dir='ltr'>μαίνον-</span> 
     </span>
    </p>
   </div>
   <div class='ocr_carea' id='block_1_39' title="bbox 198 2372 1778 2448">
    <p class='ocr_par' dir='ltr' id='par_1_39' title="bbox 198 2372 1778 2448">
     <span class='ocr_line' id='line_1_39' title="bbox 198 2372 1778 2448; baseline 0.006 -27"><span class='ocrx_word' id='word_1_248' title='bbox 198 2385 305 2434; x_wconf 88' lang='grc' dir='ltr'>ται,</span> <span class='ocrx_word' id='word_1_249' title='bbox 344 2372 635 2437; x_wconf 74' lang='grc' dir='ltr'>τελοῦντες</span> <span class='ocrx_word' id='word_1_250' title='bbox 671 2378 735 2445; x_wconf 81' lang='grc' dir='ltr'>τῇ</span> <span class='ocrx_word' id='word_1_251' title='bbox 775 2378 942 2448; x_wconf 73' lang='grc' dir='ltr'>μητρὶ</span> <span class='ocrx_word' id='word_1_252' title='bbox 973 2379 1079 2429; x_wconf 86' lang='grc' dir='ltr'><strong>τῶν</strong></span> <span class='ocrx_word' id='word_1_253' title='bbox 1108 2378 1277 2442; x_wconf 86' lang='grc' dir='ltr'>Θεῶν,</span> <span class='ocrx_word' id='word_1_254' title='bbox 1324 2380 1416 2431; x_wconf 71' lang='grc' dir='ltr'>καὶ</span> <span class='ocrx_word' id='word_1_255' title='bbox 1450 2378 1778 2448; x_wconf 77' lang='grc' dir='ltr'>τελούμενοι,</span> 
     </span>
    </p>
   </div>
   <div class='ocr_carea' id='block_1_40' title="bbox 197 2460 1782 2538">
    <p class='ocr_par' dir='ltr' id='par_1_40' title="bbox 197 2460 1782 2538">
     <span class='ocr_line' id='line_1_40' title="bbox 197 2460 1782 2538; baseline 0.004 -25"><span class='ocrx_word' id='word_1_256' title='bbox 197 2460 291 2514; x_wconf 76' lang='grc' dir='ltr'>ὅσα</span> <span class='ocrx_word' id='word_1_257' title='bbox 343 2466 411 2533; x_wconf 79' lang='grc' dir='ltr'>τῇ</span> <span class='ocrx_word' id='word_1_258' title='bbox 451 2464 626 2533; x_wconf 75' lang='grc' dir='ltr'>μητρὶ</span> <span class='ocrx_word' id='word_1_259' title='bbox 669 2465 778 2517; x_wconf 89' lang='grc' dir='ltr'><strong>τῶν</strong></span> <span class='ocrx_word' id='word_1_260' title='bbox 821 2468 1075 2520; x_wconf 74' lang='grc' dir='ltr'>τοιούτων</span> <span class='ocrx_word' id='word_1_261' title='bbox 1119 2469 1263 2530; x_wconf 67' lang='grc' dir='ltr'>εἰκός</span> <span class='ocrx_word' id='word_1_262' title='bbox 1289 2484 1301 2497; x_wconf 78' lang='grc'><em>’</em></span> <span class='ocrx_word' id='word_1_263' title='bbox 1354 2467 1475 2519; x_wconf 72' lang='grc' dir='ltr'>οὐδὲ</span> <span class='ocrx_word' id='word_1_264' title='bbox 1518 2467 1653 2538; x_wconf 84' lang='grc' dir='ltr'>κόρη</span> <span class='ocrx_word' id='word_1_265' title='bbox 1700 2484 1782 2530; x_wconf 84' lang='grc' dir='ltr'><strong>τις</strong></span> 
     </span>
    </p>
   </div>
   <div class='ocr_carea' id='block_1_41' title="bbox 196 2554 1781 2629">
    <p class='ocr_par' dir='ltr' id='par_1_41' title="bbox 196 2554 1781 2629">
     <span class='ocr_line' id='line_1_41' title="bbox 196 2554 1781 2629; baseline 0.006 -26"><span class='ocrx_word' id='word_1_266' title='bbox 196 2554 324 2620; x_wconf 77' lang='grc' dir='ltr'>ημῖν</span> <span class='ocrx_word' id='word_1_267' title='bbox 360 2554 691 2625; x_wconf 66' lang='grc' dir='ltr'>ἁρπάζεται,</span> <span class='ocrx_word' id='word_1_268' title='bbox 744 2558 836 2610; x_wconf 68' lang='grc' dir='ltr'><strong>καὶ⁸</strong></span> <span class='ocrx_word' id='word_1_269' title='bbox 887 2560 1149 2629; x_wconf 79' lang='grc' dir='ltr'>Δημήτηρ</span> <span class='ocrx_word' id='word_1_270' title='bbox 1194 2558 1302 2629; x_wconf 67' lang='grc'>(94)</span> <span class='ocrx_word' id='word_1_271' title='bbox 1356 2558 1645 2624; x_wconf 78' lang='grc' dir='ltr'>πλανᾶται,</span> <span class='ocrx_word' id='word_1_272' title='bbox 1688 2560 1781 2612; x_wconf 80' lang='grc' dir='ltr'>καὶ</span> 
     </span>
    </p>
   </div>
   <div class='ocr_carea' id='block_1_42' title="bbox 197 2643 1781 2721">
    <p class='ocr_par' dir='ltr' id='par_1_42' title="bbox 197 2643 1781 2721">
     <span class='ocr_line' id='line_1_42' title="bbox 197 2643 1781 2721; baseline 0.004 -26"><span class='ocrx_word' id='word_1_273' title='bbox 197 2643 429 2709; x_wconf 81' lang='grc' dir='ltr'>Κελεούς</span> <span class='ocrx_word' id='word_1_274' title='bbox 490 2664 644 2711; x_wconf 85' lang='grc' dir='ltr'>τινας</span> <span class='ocrx_word' id='word_1_275' title='bbox 699 2650 1000 2718; x_wconf 81' lang='grc' dir='ltr'>ἐπεισάγει,</span> <span class='ocrx_word' id='word_1_276' title='bbox 1062 2651 1151 2703; x_wconf 73' lang='grc' dir='ltr'>καὶ</span> <span class='ocrx_word' id='word_1_277' title='bbox 1215 2651 1639 2721; x_wconf 79' lang='grc' dir='ltr'>Τριπτολέμους,</span> <span class='ocrx_word' id='word_1_278' title='bbox 1690 2651 1781 2704; x_wconf 73' lang='grc' dir='ltr'>καὶ</span> 
     </span>
    </p>
   </div>
   <div class='ocr_carea' id='block_1_43' title="bbox 197 2734 1780 2811">
    <p class='ocr_par' dir='ltr' id='par_1_43' title="bbox 197 2734 1780 2811">
     <span class='ocr_line' id='line_1_43' title="bbox 197 2734 1780 2811; baseline 0.004 -23"><span class='ocrx_word' id='word_1_279' title='bbox 197 2734 516 2803; x_wconf 80' lang='grc' dir='ltr'>δράκοντας,</span> <span class='ocrx_word' id='word_1_280' title='bbox 555 2739 649 2790; x_wconf 81' lang='grc' dir='ltr'>καὶ</span> <span class='ocrx_word' id='word_1_281' title='bbox 686 2738 753 2792; x_wconf 76' lang='grc' dir='ltr'>τὰ</span> <span class='ocrx_word' id='word_1_282' title='bbox 783 2741 879 2809; x_wconf 83' lang='grc' dir='ltr'>μὲν</span> <span class='ocrx_word' id='word_1_283' title='bbox 915 2743 1076 2797; x_wconf 81' lang='grc' dir='ltr'>ποιεῖ.</span> <span class='ocrx_word' id='word_1_284' title='bbox 1111 2741 1178 2793; x_wconf 86' lang='grc' dir='ltr'>τὰ</span> <span class='ocrx_word' id='word_1_285' title='bbox 1203 2740 1256 2793; x_wconf 83' lang='grc' dir='ltr'>δὲ</span> <span class='ocrx_word' id='word_1_286' title='bbox 1284 2742 1498 2811; x_wconf 72' lang='grc' dir='ltr'>πάσχει.</span> <span class='ocrx_word' id='word_1_287' title='bbox 1525 2741 1780 2811; x_wconf 76' lang='grc' dir='ltr'>Αἰσχύνο-</span> 
     </span>
    </p>
   </div>
   <div class='ocr_carea' id='block_1_44' title="bbox 201 2828 1778 2903">
    <p class='ocr_par' dir='ltr' id='par_1_44' title="bbox 201 2828 1778 2903">
     <span class='ocr_line' id='line_1_44' title="bbox 201 2828 1778 2903; baseline 0.005 -25"><span class='ocrx_word' id='word_1_288' title='bbox 201 2843 292 2895; x_wconf 88' lang='grc' dir='ltr'><strong>μαι</strong></span> <span class='ocrx_word' id='word_1_289' title='bbox 326 2828 436 2900; x_wconf 85' lang='grc' dir='ltr'><strong>γὰρ</strong></span> <span class='ocrx_word' id='word_1_290' title='bbox 477 2830 659 2901; x_wconf 72' lang='grc' dir='ltr'>ἡμέρᾳ</span> <span class='ocrx_word' id='word_1_291' title='bbox 684 2831 866 2884; x_wconf 81' lang='grc' dir='ltr'>δοῦναι</span> <span class='ocrx_word' id='word_1_292' title='bbox 897 2833 996 2902; x_wconf 77' lang='grc' dir='ltr'>τὴν</span> <span class='ocrx_word' id='word_1_293' title='bbox 1037 2833 1145 2901; x_wconf 81' lang='grc'>(95)</span> <span class='ocrx_word' id='word_1_294' title='bbox 1176 2833 1367 2895; x_wconf 82' lang='grc' dir='ltr'>νυκτὸς</span> <span class='ocrx_word' id='word_1_295' title='bbox 1395 2833 1634 2903; x_wconf 83' lang='grc' dir='ltr'>τελετὴν,</span> <span class='ocrx_word' id='word_1_296' title='bbox 1687 2834 1778 2886; x_wconf 79' lang='grc' dir='ltr'>καὶ</span> 
     </span>
    </p>
   </div>
   <div class='ocr_carea' id='block_1_45' title="bbox 199 2921 1779 2995">
    <p class='ocr_par' dir='ltr' id='par_1_45' title="bbox 199 2921 1779 2995">
     <span class='ocr_line' id='line_1_45' title="bbox 199 2921 1779 2995; baseline 0.004 -24"><span class='ocrx_word' id='word_1_297' title='bbox 199 2924 364 2972; x_wconf 81' lang='grc' dir='ltr'>ποιεῖν</span> <span class='ocrx_word' id='word_1_298' title='bbox 406 2921 509 2991; x_wconf 81' lang='grc' dir='ltr'>τὴν</span> <span class='ocrx_word' id='word_1_299' title='bbox 549 2922 932 2995; x_wconf 81' lang='grc' dir='ltr'>ἀσχημοσύνην</span> <span class='ocrx_word' id='word_1_300' title='bbox 976 2927 1289 2995; x_wconf 83' lang='grc' dir='ltr'>μυστήριον.</span> <span class='ocrx_word' id='word_1_301' title='bbox 1349 2921 1498 2979; x_wconf 84' lang='grc' dir='ltr'>Οἶδεν</span> <span class='ocrx_word' id='word_1_302' title='bbox 1542 2925 1779 2989; x_wconf 73' lang='grc' dir='ltr'>Ἐλευσὶς</span> 
     </span>
    </p>
   </div>
   <div class='ocr_carea' id='block_1_46' title="bbox 197 3011 1778 3088">
    <p class='ocr_par' dir='ltr' id='par_1_46' title="bbox 197 3011 1778 3088">
     <span class='ocr_line' id='line_1_46' title="bbox 197 3011 1778 3088; baseline 0.004 -24"><span class='ocrx_word' id='word_1_303' title='bbox 197 3011 384 3076; x_wconf 76' lang='grc' dir='ltr'>ταῦτα,</span> <span class='ocrx_word' id='word_1_304' title='bbox 436 3014 532 3067; x_wconf 79' lang='grc' dir='ltr'>καὶ</span> <span class='ocrx_word' id='word_1_305' title='bbox 572 3016 620 3066; x_wconf 81' lang='grc' dir='ltr'>οἱ</span> <span class='ocrx_word' id='word_1_306' title='bbox 658 3015 764 3067; x_wconf 88' lang='grc' dir='ltr'><strong>τῶν</strong></span> <span class='ocrx_word' id='word_1_307' title='bbox 808 3017 1207 3086; x_wconf 73' lang='grc' dir='ltr'>σιωπωμένων,</span> <span class='ocrx_word' id='word_1_308' title='bbox 1234 3019 1328 3071; x_wconf 76' lang='grc' dir='ltr'>καὶ</span> <span class='ocrx_word' id='word_1_309' title='bbox 1360 3019 1567 3088; x_wconf 80' lang='grc' dir='ltr'>σιωπῆς</span> <span class='ocrx_word' id='word_1_310' title='bbox 1614 3017 1778 3081; x_wconf 77' lang='grc' dir='ltr'>ὅντως</span> 
     </span>
    </p>
   </div>
   <div class='ocr_carea' id='block_1_47' title="bbox 199 3102 1774 3181">
    <p class='ocr_par' dir='ltr' id='par_1_47' title="bbox 199 3102 1774 3181">
     <span class='ocr_line' id='line_1_47' title="bbox 199 3102 1774 3181; baseline 0.005 -27"><span class='ocrx_word' id='word_1_311' title='bbox 199 3102 354 3167; x_wconf 80' lang='grc' dir='ltr'>ἀξίων</span> <span class='ocrx_word' id='word_1_312' title='bbox 380 3108 637 3160; x_wconf 71' lang='grc' dir='ltr'>ἐπόπται.</span> <span class='ocrx_word' id='word_1_313' title='bbox 669 3108 803 3161; x_wconf 74' lang='grc' dir='ltr'>Οὐδὲ</span> <span class='ocrx_word' id='word_1_314' title='bbox 834 3109 1082 3173; x_wconf 86' lang='grc' dir='ltr'>Διόνυσος</span> <span class='ocrx_word' id='word_1_315' title='bbox 1116 3108 1304 3174; x_wconf 74' lang='grc' dir='ltr'>ταῦτα,</span> <span class='ocrx_word' id='word_1_316' title='bbox 1333 3111 1424 3163; x_wconf 69' lang='grc' dir='ltr'>καὶ</span> <span class='ocrx_word' id='word_1_317' title='bbox 1451 3109 1621 3181; x_wconf 79' lang='grc' dir='ltr'>μηρὸς</span> <span class='ocrx_word' id='word_1_318' title='bbox 1645 3107 1774 3179; x_wconf 84' lang='grc'>(96),</span> 
     </span>
    </p>
   </div>
   <div class='ocr_carea' id='block_1_48' title="bbox 199 3194 1776 3272">
    <p class='ocr_par' dir='ltr' id='par_1_48' title="bbox 199 3194 1776 3272">
     <span class='ocr_line' id='line_1_48' title="bbox 199 3194 1776 3272; baseline 0.006 -27"><span class='ocrx_word' id='word_1_319' title='bbox 199 3194 394 3249; x_wconf 78' lang='grc' dir='ltr'>ὠδίνων</span> <span class='ocrx_word' id='word_1_320' title='bbox 454 3198 644 3260; x_wconf 70' lang='grc' dir='ltr'>ἀτελὲς</span> <span class='ocrx_word' id='word_1_321' title='bbox 695 3197 903 3268; x_wconf 84' lang='grc' dir='ltr'>κύημα,</span> <span class='ocrx_word' id='word_1_322' title='bbox 957 3199 1145 3272; x_wconf 84' lang='grc' dir='ltr'>ῶσπερ</span> <span class='ocrx_word' id='word_1_323' title='bbox 1178 3200 1304 3253; x_wconf 78' lang='grc' dir='ltr'>ἄλλο</span> <span class='ocrx_word' id='word_1_324' title='bbox 1336 3218 1387 3253; x_wconf 85' lang='grc' dir='ltr'><strong>τι</strong></span> <span class='ocrx_word' id='word_1_325' title='bbox 1426 3200 1631 3271; x_wconf 76' lang='grc' dir='ltr'>κεφαλὴ</span> <span class='ocrx_word' id='word_1_326' title='bbox 1666 3200 1776 3270; x_wconf 84' lang='grc'>(97)</span> 
     </span>
    </p>
   </div>
   <div class='ocr_carea' id='block_1_49' title="bbox 204 3286 1776 3362">
    <p class='ocr_par' dir='ltr' id='par_1_49' title="bbox 204 3286 1776 3362">
     <span class='ocr_line' id='line_1_49' title="bbox 204 3286 1776 3362; baseline 0.004 -25"><span class='ocrx_word' id='word_1_327' title='bbox 204 3286 488 3358; x_wconf 69' lang='grc' dir='ltr'><strong>πρότερον⁸</strong></span> <span class='ocrx_word' id='word_1_328' title='bbox 533 3290 629 3342; x_wconf 75' lang='grc' dir='ltr'><strong>καὶ</strong></span> <span class='ocrx_word' id='word_1_329' title='bbox 659 3289 792 3353; x_wconf 80' lang='grc' dir='ltr'>Θεὸς</span> <span class='ocrx_word' id='word_1_330' title='bbox 838 3290 1179 3362; x_wconf 83' lang='grc' dir='ltr'>ἀνδρόγυνος,</span> <span class='ocrx_word' id='word_1_331' title='bbox 1220 3292 1312 3344; x_wconf 73' lang='grc' dir='ltr'><strong>καὶ</strong></span> <span class='ocrx_word' id='word_1_332' title='bbox 1361 3291 1519 3361; x_wconf 75' lang='grc' dir='ltr'>χορὸς</span> <span class='ocrx_word' id='word_1_333' title='bbox 1555 3290 1776 3361; x_wconf 83' lang='grc' dir='ltr'>μεθυόν-</span> 
     </span>
    </p>
   </div>
   <div class='ocr_carea' id='block_1_50' title="bbox 201 3380 1779 3451">
    <p class='ocr_par' dir='ltr' id='par_1_50' title="bbox 201 3380 1779 3451">
     <span class='ocr_line' id='line_1_50' title="bbox 201 3380 1779 3451; baseline 0.004 -24"><span class='ocrx_word' id='word_1_334' title='bbox 201 3392 321 3441; x_wconf 86' lang='grc' dir='ltr'>των,</span> <span class='ocrx_word' id='word_1_335' title='bbox 354 3380 450 3431; x_wconf 77' lang='grc' dir='ltr'>καὶ</span> <span class='ocrx_word' id='word_1_336' title='bbox 486 3380 718 3449; x_wconf 83' lang='grc' dir='ltr'>στρατὸς</span> <span class='ocrx_word' id='word_1_337' title='bbox 757 3380 999 3443; x_wconf 75' lang='grc' dir='ltr'>ἔκλυτος,</span> <span class='ocrx_word' id='word_1_338' title='bbox 1041 3383 1133 3435; x_wconf 81' lang='grc' dir='ltr'>καὶ</span> <span class='ocrx_word' id='word_1_339' title='bbox 1168 3381 1420 3451; x_wconf 76' lang='grc' dir='ltr'>Θηϐαίων</span> <span class='ocrx_word' id='word_1_340' title='bbox 1458 3382 1612 3435; x_wconf 80' lang='grc' dir='ltr'>ἄνοια</span> <span class='ocrx_word' id='word_1_341' title='bbox 1659 3381 1779 3434; x_wconf 76' lang='grc' dir='ltr'><strong>τοῦ-</strong></span> 
     </span>
    </p>
   </div>
   <div class='ocr_carea' id='block_1_51' title="bbox 202 3470 1774 3543">
    <p class='ocr_par' dir='ltr' id='par_1_51' title="bbox 202 3470 1774 3543">
     <span class='ocr_line' id='line_1_51' title="bbox 202 3470 1774 3543; baseline 0.005 -25"><span class='ocrx_word' id='word_1_342' title='bbox 202 3483 283 3519; x_wconf 86' lang='grc' dir='ltr'><strong>τον</strong></span> <span class='ocrx_word' id='word_1_343' title='bbox 314 3470 554 3539; x_wconf 83' lang='grc' dir='ltr'>τιμῶσα,</span> <span class='ocrx_word' id='word_1_344' title='bbox 591 3472 683 3523; x_wconf 71' lang='grc' dir='ltr'>καὶ</span> <span class='ocrx_word' id='word_1_345' title='bbox 712 3471 955 3542; x_wconf 79' lang='grc' dir='ltr'>Σεμέλης</span> <span class='ocrx_word' id='word_1_346' title='bbox 988 3471 1249 3543; x_wconf 78' lang='grc' dir='ltr'>κεραυνὸς</span> <span class='ocrx_word' id='word_1_347' title='bbox 1289 3472 1774 3542; x_wconf 79' lang='grc' dir='ltr'>προσκυνούμενος.</span> 
     </span>
    </p>
   </div>
   <div class='ocr_carea' id='block_1_52' title="bbox 204 3559 1780 3635">
    <p class='ocr_par' dir='ltr' id='par_1_52' title="bbox 204 3559 1780 3635">
     <span class='ocr_line' id='line_1_52' title="bbox 204 3559 1780 3635; baseline 0.004 -25"><span class='ocrx_word' id='word_1_348' title='bbox 204 3559 324 3613; x_wconf 73' lang='grc' dir='ltr'><strong>Οὐδὲ</strong></span> <span class='ocrx_word' id='word_1_349' title='bbox 360 3562 679 3634; x_wconf 76' lang='grc' dir='ltr'>Ἀφροδίτης</span> <span class='ocrx_word' id='word_1_350' title='bbox 706 3562 937 3633; x_wconf 79' lang='grc' dir='ltr'>πορνικὰ</span> <span class='ocrx_word' id='word_1_351' title='bbox 969 3566 1260 3635; x_wconf 79' lang='grc' dir='ltr'>μυστήρια,</span> <span class='ocrx_word' id='word_1_352' title='bbox 1294 3563 1394 3633; x_wconf 67' lang='grc' dir='ltr'>τῇς</span> <span class='ocrx_word' id='word_1_353' title='bbox 1421 3564 1678 3634; x_wconf 75' lang='grc' dir='ltr'>αἰσχρῶς,</span> <span class='ocrx_word' id='word_1_354' title='bbox 1705 3564 1780 3628; x_wconf 84' lang='grc' dir='ltr'>ὼς</span> 
     </span>
    </p>
   </div>
   <div class='ocr_carea' id='block_1_53' title="bbox 204 3649 1775 3725">
    <p class='ocr_par' dir='ltr' id='par_1_53' title="bbox 204 3649 1775 3725">
     <span class='ocr_line' id='line_1_53' title="bbox 204 3649 1775 3725; baseline 0.003 -24"><span class='ocrx_word' id='word_1_355' title='bbox 204 3649 346 3703; x_wconf 73' lang='grc' dir='ltr'>αὐτοὶ</span> <span class='ocrx_word' id='word_1_356' title='bbox 381 3652 625 3719; x_wconf 80' lang='grc' dir='ltr'>λέγουσι,</span> <span class='ocrx_word' id='word_1_357' title='bbox 667 3654 759 3705; x_wconf 76' lang='grc' dir='ltr'>καὶ</span> <span class='ocrx_word' id='word_1_358' title='bbox 792 3654 1135 3723; x_wconf 80' lang='grc' dir='ltr'>γεννωμένης</span> <span class='ocrx_word' id='word_1_359' title='bbox 1176 3652 1286 3725; x_wconf 89' lang='lat'><strong>(98)</strong></span> <span class='ocrx_word' id='word_1_360' title='bbox 1316 3654 1410 3707; x_wconf 72' lang='grc' dir='ltr'>καὶ</span> <span class='ocrx_word' id='word_1_361' title='bbox 1441 3655 1775 3724; x_wconf 79' lang='grc' dir='ltr'>τιμωμένης.</span> 
     </span>
    </p>
   </div>
   <div class='ocr_carea' id='block_1_54' title="bbox 206 3740 1779 3814">
    <p class='ocr_par' dir='ltr' id='par_1_54' title="bbox 206 3740 1779 3814">
     <span class='ocr_line' id='line_1_54' title="bbox 206 3740 1779 3814; baseline 0.005 -25"><span class='ocrx_word' id='word_1_362' title='bbox 206 3740 326 3792; x_wconf 72' lang='grc' dir='ltr'><strong>Οὐδὲ</strong></span> <span class='ocrx_word' id='word_1_363' title='bbox 369 3743 568 3794; x_wconf 77' lang='grc' dir='ltr'>Φαλλοξ</span> <span class='ocrx_word' id='word_1_364' title='bbox 609 3760 751 3803; x_wconf 86' lang='grc' dir='ltr'>τινες</span> <span class='ocrx_word' id='word_1_365' title='bbox 788 3745 881 3797; x_wconf 74' lang='grc' dir='ltr'>καὶ</span> <span class='ocrx_word' id='word_1_366' title='bbox 918 3743 1232 3812; x_wconf 74' lang='grc' dir='ltr'>Ἰθύφαλλοι,</span> <span class='ocrx_word' id='word_1_367' title='bbox 1269 3746 1482 3814; x_wconf 74' lang='grc' dir='ltr'>αἰσχροὶ</span> <span class='ocrx_word' id='word_1_368' title='bbox 1524 3745 1615 3797; x_wconf 77' lang='grc' dir='ltr'><strong>καὶ</strong></span> <span class='ocrx_word' id='word_1_369' title='bbox 1668 3747 1779 3807; x_wconf 85' lang='grc' dir='ltr'>τοῖς</span> 
     </span>
    </p>
   </div>
   <div class='ocr_carea' id='block_1_55' title="bbox 207 3832 1783 3905">
    <p class='ocr_par' dir='ltr' id='par_1_55' title="bbox 207 3832 1783 3905">
     <span class='ocr_line' id='line_1_55' title="bbox 207 3832 1783 3905; baseline 0.004 -25"><span class='ocrx_word' id='word_1_370' title='bbox 207 3832 438 3901; x_wconf 78' lang='grc' dir='ltr'>σχήμασι</span> <span class='ocrx_word' id='word_1_371' title='bbox 460 3835 553 3885; x_wconf 73' lang='grc' dir='ltr'>καὶ</span> <span class='ocrx_word' id='word_1_372' title='bbox 582 3836 694 3896; x_wconf 85' lang='grc' dir='ltr'>τοῖς</span> <span class='ocrx_word' id='word_1_373' title='bbox 724 3834 1040 3904; x_wconf 81' lang='grc' dir='ltr'>πράγμασιν</span> <span class='ocrx_word' id='word_1_374' title='bbox 1060 3852 1071 3864; x_wconf 83' lang='grc'><em>’</em></span> <span class='ocrx_word' id='word_1_375' title='bbox 1104 3835 1223 3887; x_wconf 74' lang='grc' dir='ltr'>οὐδὲ</span> <span class='ocrx_word' id='word_1_376' title='bbox 1244 3834 1471 3905; x_wconf 86' lang='grc' dir='ltr'>Ταύρων</span> <span class='ocrx_word' id='word_1_377' title='bbox 1503 3834 1612 3904; x_wconf 86' lang='grc'>(99)</span> <span class='ocrx_word' id='word_1_378' title='bbox 1643 3834 1783 3900; x_wconf 80' lang='grc' dir='ltr'>ξενο-</span> 
     </span>
    </p>
   </div>
   <div class='ocr_carea' id='block_1_56' title="bbox 210 3920 1780 3996">
    <p class='ocr_par' dir='ltr' id='par_1_56' title="bbox 210 3920 1780 3996">
     <span class='ocr_line' id='line_1_56' title="bbox 210 3920 1780 3996; baseline 0.004 -25"><span class='ocrx_word' id='word_1_379' title='bbox 210 3923 426 3985; x_wconf 75' lang='grc' dir='ltr'>κτονίαι,</span> <span class='ocrx_word' id='word_1_380' title='bbox 465 3924 558 3976; x_wconf 69' lang='grc' dir='ltr'>καὶ</span> <span class='ocrx_word' id='word_1_381' title='bbox 586 3924 1010 3994; x_wconf 70' lang='grc' dir='ltr'>Λακωνικῶνῌ)</span> <span class='ocrx_word' id='word_1_382' title='bbox 1051 3925 1265 3995; x_wconf 75' lang='grc' dir='ltr'>ἐφήϐων</span> <span class='ocrx_word' id='word_1_383' title='bbox 1296 3923 1592 3996; x_wconf 79' lang='grc' dir='ltr'>ἐπιϐώμιον</span> <span class='ocrx_word' id='word_1_384' title='bbox 1618 3920 1780 3995; x_wconf 72' lang='grc' dir='ltr'>αἷμα,</span> 
     </span>
    </p>
   </div>
   <div class='ocr_carea' id='block_1_57' title="bbox 292 4154 1779 4224">
    <p class='ocr_par' dir='ltr' id='par_1_57' title="bbox 292 4154 1779 4224">
     <span class='ocr_line' id='line_1_57' title="bbox 292 4154 1779 4224; baseline -0.001 -13"><span class='ocrx_word' id='word_1_385' title='bbox 292 4156 379 4223; x_wconf 80' lang='lat'><strong>88)</strong></span> <span class='ocrx_word' id='word_1_386' title='bbox 420 4157 602 4220; x_wconf 82' lang='grc' dir='ltr'><strong>Μύθῳ</strong></span> <span class='ocrx_word' id='word_1_387' title='bbox 635 4157 1061 4224; x_wconf 68' lang='grc' dir='ltr'>κλεπτόμενον.</span> <span class='ocrx_word' id='word_1_388' title='bbox 1104 4154 1463 4209; x_wconf 79' lang='lat' dir='ltr'><strong>rFahularum</strong></span> <span class='ocrx_word' id='word_1_389' title='bbox 1505 4154 1779 4210; x_wconf 82' lang='lat' dir='ltr'><strong>involucro</strong></span> 
     </span>
    </p>
   </div>
   <div class='ocr_carea' id='block_1_58' title="bbox 210 4226 1780 4295">
    <p class='ocr_par' dir='ltr' id='par_1_58' title="bbox 210 4226 1780 4295">
     <span class='ocr_line' id='line_1_58' title="bbox 210 4226 1780 4295; baseline 0.002 -18"><span class='ocrx_word' id='word_1_390' title='bbox 210 4226 396 4279; x_wconf 67' lang='lat' dir='ltr'><strong>svnsim</strong></span> <span class='ocrx_word' id='word_1_391' title='bbox 434 4226 810 4280; x_wconf 82' lang='lat' dir='ltr'><strong>auctoritatem</strong></span> <span class='ocrx_word' id='word_1_392' title='bbox 849 4236 902 4280; x_wconf 90' lang='lat' dir='ltr'><strong>et</strong></span> <span class='ocrx_word' id='word_1_393' title='bbox 949 4227 1105 4281; x_wconf 82' lang='lat' dir='ltr'><strong>tidem</strong></span> <span class='ocrx_word' id='word_1_394' title='bbox 1171 4226 1451 4293; x_wconf 82' lang='lat' dir='ltr'><strong>acquisivit</strong></span> <span class='ocrx_word' id='word_1_395' title='bbox 1504 4227 1641 4295; x_wconf 90' lang='lat' dir='ltr'><strong>apud</strong></span> <span class='ocrx_word' id='word_1_396' title='bbox 1680 4226 1780 4280; x_wconf 91' lang='lat' dir='ltr'><strong>im-</strong></span> 
     </span>
    </p>
   </div>
   <div class='ocr_carea' id='block_1_59' title="bbox 213 4297 559 4361">
    <p class='ocr_par' dir='ltr' id='par_1_59' title="bbox 213 4297 559 4361">
     <span class='ocr_line' id='line_1_59' title="bbox 213 4297 559 4361; baseline 0.006 -16"><span class='ocrx_word' id='word_1_397' title='bbox 213 4297 509 4361; x_wconf 73' lang='lat' dir='ltr'><strong>prudentes.</strong></span> <span class='ocrx_word' id='word_1_398' title='bbox 541 4314 559 4347; x_wconf 78' lang='grc' dir='ltr'><strong>ι</strong></span> 
     </span>
    </p>
   </div>
   <div class='ocr_carea' id='block_1_60' title="bbox 277 4361 1778 4435">
    <p class='ocr_par' dir='ltr' id='par_1_60' title="bbox 277 4361 1778 4435">
     <span class='ocr_line' id='line_1_60' title="bbox 277 4361 1778 4435; baseline 0.001 -18"><span class='ocrx_word' id='word_1_399' title='bbox 277 4363 379 4433; x_wconf 88' lang='grc'>(89)</span> <span class='ocrx_word' id='word_1_400' title='bbox 401 4364 539 4429; x_wconf 79' lang='grc' dir='ltr'>Διὸς</span> <span class='ocrx_word' id='word_1_401' title='bbox 570 4364 756 4418; x_wconf 82' lang='grc' dir='ltr'>ταῦτα</span> <span class='ocrx_word' id='word_1_402' title='bbox 787 4365 976 4433; x_wconf 69' lang='grc' dir='ltr'>γοναί,</span> <span class='ocrx_word' id='word_1_403' title='bbox 1016 4372 1122 4419; x_wconf 88' lang='lat' dir='ltr'><strong>etc.</strong></span> <span class='ocrx_word' id='word_1_404' title='bbox 1182 4365 1466 4435; x_wconf 73' lang='lat' dir='ltr'><strong>Saturnus,</strong></span> <span class='ocrx_word' id='word_1_405' title='bbox 1502 4361 1649 4419; x_wconf 78' lang='lat' dir='ltr'><strong>Jovis</strong></span> <span class='ocrx_word' id='word_1_406' title='bbox 1683 4380 1778 4435; x_wconf 88' lang='lat' dir='ltr'><strong>pa-</strong></span> 
     </span>
    </p>
   </div>
   <div class='ocr_carea' id='block_1_61' title="bbox 215 4432 1851 4524">
    <p class='ocr_par' dir='ltr' id='par_1_61' title="bbox 215 4432 1851 4524">
     <span class='ocr_line' id='line_1_61' title="bbox 215 4432 1851 4524; baseline 0.003 -40"><span class='ocrx_word' id='word_1_407' title='bbox 215 4440 307 4524; x_wconf 66' lang='grc' dir='ltr'>ιρι.</span> <span class='ocrx_word' id='word_1_408' title='bbox 336 4450 467 4524; x_wconf 73' lang='lat' dir='ltr'><strong>lcum</strong></span> <span class='ocrx_word' id='word_1_409' title='bbox 503 4435 571 4524; x_wconf 69' lang='lat' dir='ltr'><strong>ab</strong></span> <span class='ocrx_word' id='word_1_410' title='bbox 601 4432 1188 4524; x_wconf 47' lang='lat' dir='ltr'><strong>Lai-acido”&#39;didicisset,</strong></span> <span class='ocrx_word' id='word_1_411' title='bbox 1257 4432 1504 4488; x_wconf 74' lang='lat' dir='ltr'><strong>utGrteci</strong></span> <span class='ocrx_word' id='word_1_412' title='bbox 1535 4432 1775 4524; x_wconf 51' lang='lat' dir='ltr'><strong>lah&#39;ulan-</strong></span> <span class='ocrx_word' id='word_1_413' title='bbox 1806 4468 1851 4524; x_wconf 67' lang='grc' dir='ltr'><strong>Β</strong></span> 
     </span>
    </p>
   </div>
   <div class='ocr_carea' id='block_1_62' title="bbox 216 4503 1766 4573">
    <p class='ocr_par' dir='ltr' id='par_1_62' title="bbox 216 4503 1766 4573">
     <span class='ocr_line' id='line_1_62' title="bbox 216 4503 1766 4573; baseline 0.004 -20"><span class='ocrx_word' id='word_1_414' title='bbox 216 4510 314 4565; x_wconf 79' lang='lat' dir='ltr'><strong>tur,</strong></span> <span class='ocrx_word' id='word_1_415' title='bbox 335 4504 450 4558; x_wconf 81' lang='lat' dir='ltr'><strong>fore</strong></span> <span class='ocrx_word' id='word_1_416' title='bbox 475 4515 532 4555; x_wconf 92' lang='lat' dir='ltr'><strong>nt</strong></span> <span class='ocrx_word' id='word_1_417' title='bbox 566 4505 634 4556; x_wconf 85' lang='lat' dir='ltr'><strong>ab</strong></span> <span class='ocrx_word' id='word_1_418' title='bbox 668 4518 776 4557; x_wconf 92' lang='lat' dir='ltr'><strong>uno</strong></span> <span class='ocrx_word' id='word_1_419' title='bbox 834 4503 1062 4557; x_wconf 78' lang='lat' dir='ltr'><strong>ﬁliorum</strong></span> <span class='ocrx_word' id='word_1_420' title='bbox 1095 4518 1312 4557; x_wconf 89' lang='lat' dir='ltr'><strong>suorum</strong></span> <span class='ocrx_word' id='word_1_421' title='bbox 1348 4517 1513 4573; x_wconf 87' lang='lat' dir='ltr'><strong>regno</strong></span> <span class='ocrx_word' id='word_1_422' title='bbox 1542 4504 1766 4571; x_wconf 41' lang='lat' dir='ltr'><strong>pellere,</strong></span> 
     </span>
    </p>
   </div>
   <div class='ocr_carea' id='block_1_63' title="bbox 217 4572 1765 4640">
    <p class='ocr_par' dir='ltr' id='par_1_63' title="bbox 217 4572 1765 4640">
     <span class='ocr_line' id='line_1_63' title="bbox 217 4572 1765 4640; baseline 0.006 -20"><span class='ocrx_word' id='word_1_423' title='bbox 217 4580 313 4631; x_wconf 88' lang='lat' dir='ltr'><strong>tur.</strong></span> <span class='ocrx_word' id='word_1_424' title='bbox 342 4588 523 4627; x_wconf 88' lang='lat' dir='ltr'><strong>mares</strong></span> <span class='ocrx_word' id='word_1_425' title='bbox 558 4588 768 4637; x_wconf 90' lang='lat' dir='ltr'><strong>omnes,</strong></span> <span class='ocrx_word' id='word_1_426' title='bbox 797 4574 887 4638; x_wconf 87' lang='lat' dir='ltr'><strong>qui</strong></span> <span class='ocrx_word' id='word_1_427' title='bbox 915 4573 1013 4640; x_wconf 90' lang='lat' dir='ltr'><strong>ipsi</strong></span> <span class='ocrx_word' id='word_1_428' title='bbox 1047 4572 1426 4635; x_wconf 80' lang='lat' dir='ltr'><strong>nascebantur,</strong></span> <span class='ocrx_word' id='word_1_429' title='bbox 1454 4572 1765 4631; x_wconf 83' lang='lat' dir='ltr'><strong>devorabat.</strong></span> 
     </span>
    </p>
   </div>
   <div class='ocr_carea' id='block_1_64' title="bbox 216 4639 1772 4711">
    <p class='ocr_par' dir='ltr' id='par_1_64' title="bbox 216 4639 1772 4711">
     <span class='ocr_line' id='line_1_64' title="bbox 216 4639 1772 4711; baseline 0.003 -19"><span class='ocrx_word' id='word_1_430' title='bbox 216 4639 333 4695; x_wconf 79' lang='lat' dir='ltr'><strong>Cum</strong></span> <span class='ocrx_word' id='word_1_431' title='bbox 374 4644 541 4711; x_wconf 88' lang='lat' dir='ltr'><strong>igitur</strong></span> <span class='ocrx_word' id='word_1_432' title='bbox 582 4643 730 4696; x_wconf 87' lang='lat' dir='ltr'><strong>Rhea</strong></span> <span class='ocrx_word' id='word_1_433' title='bbox 772 4639 956 4697; x_wconf 82' lang='lat' dir='ltr'><strong>Jovem</strong></span> <span class='ocrx_word' id='word_1_434' title='bbox 990 4642 1303 4711; x_wconf 88' lang='lat' dir='ltr'><strong>peperisset.</strong></span> <span class='ocrx_word' id='word_1_435' title='bbox 1339 4642 1454 4710; x_wconf 86' lang='lat' dir='ltr'><strong>ejus</strong></span> <span class='ocrx_word' id='word_1_436' title='bbox 1477 4643 1772 4710; x_wconf 90' lang='lat' dir='ltr'><strong>pulchritu-</strong></span> 
     </span>
    </p>
   </div>
   <div class='ocr_carea' id='block_1_65' title="bbox 218 4711 1772 4779">
    <p class='ocr_par' dir='ltr' id='par_1_65' title="bbox 218 4711 1772 4779">
     <span class='ocr_line' id='line_1_65' title="bbox 218 4711 1772 4779; baseline 0.005 -20"><span class='ocrx_word' id='word_1_437' title='bbox 218 4712 325 4764; x_wconf 84' lang='lat' dir='ltr'><strong>dine</strong></span> <span class='ocrx_word' id='word_1_438' title='bbox 349 4723 616 4779; x_wconf 78' lang='lat' dir='ltr'><strong>perniota,</strong></span> <span class='ocrx_word' id='word_1_439' title='bbox 662 4712 843 4766; x_wconf 82' lang='lat' dir='ltr'><strong>furtim</strong></span> <span class='ocrx_word' id='word_1_440' title='bbox 876 4713 1141 4766; x_wconf 81' lang='lat' dir='ltr'><strong>sublatum</strong></span> <span class='ocrx_word' id='word_1_441' title='bbox 1176 4713 1227 4764; x_wconf 93' lang='lat' dir='ltr'><strong>in</strong></span> <span class='ocrx_word' id='word_1_442' title='bbox 1255 4711 1469 4765; x_wconf 88' lang='lat' dir='ltr'><strong>Cretam</strong></span> <span class='ocrx_word' id='word_1_443' title='bbox 1500 4712 1659 4777; x_wconf 88' lang='lat' dir='ltr'><strong>misit,</strong></span> <span class='ocrx_word' id='word_1_444' title='bbox 1694 4713 1772 4768; x_wconf 81' lang='lat' dir='ltr'><strong>ei-</strong></span> 
     </span>
    </p>
   </div>
   <div class='ocr_carea' id='block_1_66' title="bbox 218 4782 1768 4851">
    <p class='ocr_par' dir='ltr' id='par_1_66' title="bbox 218 4782 1768 4851">
     <span class='ocr_line' id='line_1_66' title="bbox 218 4782 1768 4851; baseline 0.003 -20"><span class='ocrx_word' id='word_1_445' title='bbox 218 4794 308 4844; x_wconf 87' lang='lat' dir='ltr'><strong>que</strong></span> <span class='ocrx_word' id='word_1_446' title='bbox 338 4783 563 4836; x_wconf 80' lang='lat' dir='ltr'><strong>Curetes</strong></span> <span class='ocrx_word' id='word_1_447' title='bbox 594 4783 852 4849; x_wconf 88' lang='lat' dir='ltr'><strong>quosdam</strong></span> <span class='ocrx_word' id='word_1_448' title='bbox 894 4783 1157 4851; x_wconf 79' lang='lat' dir='ltr'><strong>adjunxit,</strong></span> <span class='ocrx_word' id='word_1_449' title='bbox 1208 4782 1295 4849; x_wconf 89' lang='lat' dir='ltr'><strong>qui</strong></span> <span class='ocrx_word' id='word_1_450' title='bbox 1332 4794 1546 4851; x_wconf 83' lang='lat' dir='ltr'><strong>gravem</strong></span> <span class='ocrx_word' id='word_1_451' title='bbox 1580 4796 1768 4835; x_wconf 88' lang='lat' dir='ltr'><strong>sonum</strong></span> 
     </span>
    </p>
   </div>
   <div class='ocr_carea' id='block_1_67' title="bbox 220 4849 1767 4972">
    <p class='ocr_par' dir='ltr' id='par_1_67' title="bbox 220 4849 1767 4972">
     <span class='ocr_line' id='line_1_67' title="bbox 220 4849 1767 4972; baseline 0.003 -72"><span class='ocrx_word' id='word_1_452' title='bbox 220 4856 364 4972; x_wconf 45' lang='lat' dir='ltr'><strong>atque</strong></span> <span class='ocrx_word' id='word_1_453' title='bbox 391 4867 663 4904; x_wconf 88' lang='lat' dir='ltr'><strong>armorum</strong></span> <span class='ocrx_word' id='word_1_454' title='bbox 692 4849 1302 4920; x_wconf 54' lang='lat' dir='ltr'><strong>crepitum&#39;excitarent,</strong></span> <span class='ocrx_word' id='word_1_455' title='bbox 1326 4849 1381 4903; x_wconf 83' lang='lat' dir='ltr'><strong>ut</strong></span> <span class='ocrx_word' id='word_1_456' title='bbox 1404 4849 1489 4903; x_wconf 90' lang='lat' dir='ltr'><strong>tali</strong></span> <span class='ocrx_word' id='word_1_457' title='bbox 1522 4852 1767 4920; x_wconf 88' lang='lat' dir='ltr'><strong>strepitu,</strong></span> 
     </span>
     <span class='ocr_line' id='line_1_68' title="bbox 222 4921 1767 4972; baseline 0.001 -2"><span class='ocrx_word' id='word_1_458' title='bbox 222 4932 266 4969; x_wconf 91' lang='lat' dir='ltr'><strong>In</strong></span> <span class='ocrx_word' id='word_1_459' title='bbox 291 4923 429 4972; x_wconf 85' lang='lat' dir='ltr'><strong>antis</strong></span> <span class='ocrx_word' id='word_1_460' title='bbox 470 4921 555 4972; x_wconf 88' lang='lat' dir='ltr'><strong>dei</strong></span> <span class='ocrx_word' id='word_1_461' title='bbox 602 4923 835 4972; x_wconf 70' lang='lat' dir='ltr'><strong>vagitum</strong></span> <span class='ocrx_word' id='word_1_462' title='bbox 884 4930 937 4972; x_wconf 89' lang='lat' dir='ltr'><strong>et</strong></span> <span class='ocrx_word' id='word_1_463' title='bbox 971 4932 1177 4972; x_wconf 87' lang='lat' dir='ltr'><strong>vastum</strong></span> <span class='ocrx_word' id='word_1_464' title='bbox 1216 4934 1405 4972; x_wconf 89' lang='lat' dir='ltr'><strong>sonum</strong></span> <span class='ocrx_word' id='word_1_465' title='bbox 1437 4929 1614 4972; x_wconf 73' lang='lat' dir='ltr'><strong>testere</strong></span> <span class='ocrx_word' id='word_1_466' title='bbox 1645 4936 1767 4972; x_wconf 86' lang='lat' dir='ltr'><strong>nos-</strong></span> 
     </span>
    </p>
   </div>
   <div class='ocr_carea' id='block_1_68' title="bbox 222 4921 1772 4990">
    <p class='ocr_par' dir='ltr' id='par_1_68' title="bbox 222 4921 1772 4990">
     <span class='ocr_line' id='line_1_69' title="bbox 222 4921 1772 4990; baseline 0.005 -22"><span class='ocrx_word' id='word_1_467' title='bbox 222 4921 429 4975; x_wconf 79' lang='lat' dir='ltr'><strong>inlautis</strong></span> <span class='ocrx_word' id='word_1_468' title='bbox 470 4921 555 4974; x_wconf 92' lang='lat' dir='ltr'><strong>dei</strong></span> <span class='ocrx_word' id='word_1_469' title='bbox 602 4923 835 4990; x_wconf 78' lang='lat' dir='ltr'><strong>vagitum</strong></span> <span class='ocrx_word' id='word_1_470' title='bbox 884 4930 937 4975; x_wconf 91' lang='lat' dir='ltr'><strong>et</strong></span> <span class='ocrx_word' id='word_1_471' title='bbox 971 4932 1177 4975; x_wconf 87' lang='lat' dir='ltr'><strong>vastum</strong></span> <span class='ocrx_word' id='word_1_472' title='bbox 1216 4934 1405 4973; x_wconf 92' lang='lat' dir='ltr'><strong>sonum</strong></span> <span class='ocrx_word' id='word_1_473' title='bbox 1437 4929 1614 4988; x_wconf 88' lang='lat' dir='ltr'><strong>tegere</strong></span> <span class='ocrx_word' id='word_1_474' title='bbox 1645 4936 1772 4987; x_wconf 90' lang='lat' dir='ltr'><strong>pos-</strong></span> 
     </span>
    </p>
   </div>
   <div class='ocr_carea' id='block_1_69' title="bbox 223 4989 1767 5066">
    <p class='ocr_par' dir='ltr' id='par_1_69' title="bbox 223 4989 1767 5066">
     <span class='ocr_line' id='line_1_70' title="bbox 223 4989 1767 5066; baseline 0.003 -25"><span class='ocrx_word' id='word_1_475' title='bbox 223 5001 344 5066; x_wconf 66' lang='lat' dir='ltr'><strong>sent,</strong></span> <span class='ocrx_word' id='word_1_476' title='bbox 402 5006 469 5044; x_wconf 88' lang='lat' dir='ltr'><strong>ne</strong></span> <span class='ocrx_word' id='word_1_477' title='bbox 516 4989 688 5066; x_wconf 28' lang='lat' dir='ltr'><strong>forte;</strong></span> <span class='ocrx_word' id='word_1_478' title='bbox 709 4991 973 5044; x_wconf 85' lang='lat' dir='ltr'><strong>Saturnus</strong></span> <span class='ocrx_word' id='word_1_479' title='bbox 998 5005 1038 5066; x_wconf 89' lang='lat' dir='ltr'><strong>_e</strong></span> <span class='ocrx_word' id='word_1_480' title='bbox 1082 4989 1217 5066; x_wconf 62' lang='lat' dir='ltr'><strong>endo</strong></span> <span class='ocrx_word' id='word_1_481' title='bbox 1254 4990 1503 5066; x_wconf 63' lang='lat' dir='ltr'><strong>vagituni</strong></span> <span class='ocrx_word' id='word_1_482' title='bbox 1527 4990 1767 5066; x_wconf 72' lang='lat' dir='ltr'><strong>audiens,</strong></span> 
     </span>
    </p>
   </div>
   <div class='ocr_carea' id='block_1_70' title="bbox 225 5057 1769 5130">
    <p class='ocr_par' dir='ltr' id='par_1_70' title="bbox 225 5057 1769 5130">
     <span class='ocr_line' id='line_1_71' title="bbox 225 5057 1769 5130; baseline 0.003 -23"><span class='ocrx_word' id='word_1_483' title='bbox 225 5057 377 5130; x_wconf 75' lang='lat' dir='ltr'><strong>ipsum</strong></span> <span class='ocrx_word' id='word_1_484' title='bbox 407 5074 620 5130; x_wconf 89' lang='lat' dir='ltr'><strong>quoque</strong></span> <span class='ocrx_word' id='word_1_485' title='bbox 646 5060 947 5130; x_wconf 84' lang='lat' dir='ltr'><strong>devoraret.</strong></span> <span class='ocrx_word' id='word_1_486' title='bbox 998 5060 1248 5129; x_wconf 83' lang='lat' dir='ltr'><strong>Lapidem</strong></span> <span class='ocrx_word' id='word_1_487' title='bbox 1276 5067 1451 5130; x_wconf 83' lang='lat' dir='ltr'><strong>autem</strong></span> <span class='ocrx_word' id='word_1_488' title='bbox 1480 5057 1658 5130; x_wconf 80' lang='lat' dir='ltr'><strong>fasciis</strong></span> <span class='ocrx_word' id='word_1_489' title='bbox 1688 5059 1769 5130; x_wconf 84' lang='lat' dir='ltr'><strong>iu-</strong></span> 
     </span>
    </p>
   </div>
   <div class='ocr_carea' id='block_1_71' title="bbox 223 5127 1767 5197">
    <p class='ocr_par' dir='ltr' id='par_1_71' title="bbox 223 5127 1767 5197">
     <span class='ocr_line' id='line_1_72' title="bbox 223 5127 1767 5197; baseline 0.005 -22"><span class='ocrx_word' id='word_1_490' title='bbox 223 5127 464 5191; x_wconf 80' lang='lat' dir='ltr'><strong>volutuni,</strong></span> <span class='ocrx_word' id='word_1_491' title='bbox 508 5127 615 5183; x_wconf 84' lang='lat' dir='ltr'><strong>nati</strong></span> <span class='ocrx_word' id='word_1_492' title='bbox 646 5129 786 5191; x_wconf 90' lang='lat' dir='ltr'><strong>loco,</strong></span> <span class='ocrx_word' id='word_1_493' title='bbox 846 5127 1083 5183; x_wconf 83' lang='lat' dir='ltr'><strong>Saturno</strong></span> <span class='ocrx_word' id='word_1_494' title='bbox 1126 5128 1489 5182; x_wconf 85' lang='lat' dir='ltr'><strong>devorandum</strong></span> <span class='ocrx_word' id='word_1_495' title='bbox 1537 5127 1767 5197; x_wconf 80' lang='lat' dir='ltr'><strong>reliquit.</strong></span> 
     </span>
    </p>
   </div>
   <div class='ocr_carea' id='block_1_72' title="bbox 282 5195 1728 5269">
    <p class='ocr_par' dir='ltr' id='par_1_72' title="bbox 282 5195 1728 5269">
     <span class='ocr_line' id='line_1_73' title="bbox 282 5195 1728 5269; baseline 0.003 -19"><span class='ocrx_word' id='word_1_496' title='bbox 282 5201 388 5269; x_wconf 86' lang='lat'><strong>(90)</strong></span> <span class='ocrx_word' id='word_1_497' title='bbox 425 5199 914 5269; x_wconf 64' lang='lat' dir='ltr'><strong>’Aazapéo&#39;xwrac.</strong></span> <span class='ocrx_word' id='word_1_498' title='bbox 944 5199 1072 5269; x_wconf 86' lang='lat' dir='ltr'><strong>Reg.</strong></span> <span class='ocrx_word' id='word_1_499' title='bbox 1102 5200 1209 5261; x_wconf 88' lang='lat' dir='ltr'><strong>bm,</strong></span> <span class='ocrx_word' id='word_1_500' title='bbox 1242 5195 1728 5269; x_wconf 28' lang='lat' dir='ltr'><strong>dmpscxowqdh&#39;</strong></span> 
     </span>
    </p>
   </div>
   <div class='ocr_carea' id='block_1_73' title="bbox 284 5266 1766 5337">
    <p class='ocr_par' dir='ltr' id='par_1_73' title="bbox 284 5266 1766 5337">
     <span class='ocr_line' id='line_1_74' title="bbox 284 5266 1766 5337; baseline -0.003 -16"><span class='ocrx_word' id='word_1_501' title='bbox 284 5267 389 5336; x_wconf 77' lang='grc'>(91)</span> <span class='ocrx_word' id='word_1_502' title='bbox 432 5269 758 5337; x_wconf 81' lang='grc' dir='ltr'>Ὀρχήσεις.</span> <span class='ocrx_word' id='word_1_503' title='bbox 792 5268 882 5323; x_wconf 90' lang='lat' dir='ltr'><strong>Sic</strong></span> <span class='ocrx_word' id='word_1_504' title='bbox 912 5266 1249 5337; x_wconf 61' lang='lat' dir='ltr'><strong>tres&#39;liegg.,</strong></span> <span class='ocrx_word' id='word_1_505' title='bbox 1290 5266 1568 5321; x_wconf 88' lang='lat' dir='ltr'><strong>duodecim</strong></span> <span class='ocrx_word' id='word_1_506' title='bbox 1594 5267 1766 5330; x_wconf 88' lang='lat' dir='ltr'><strong>Colb.,</strong></span> 
     </span>
    </p>
   </div>
   <div class='ocr_carea' id='block_1_74' title="bbox 223 5338 824 5408">
    <p class='ocr_par' dir='ltr' id='par_1_74' title="bbox 223 5338 824 5408">
     <span class='ocr_line' id='line_1_75' title="bbox 223 5338 824 5408; baseline 0.008 -23"><span class='ocrx_word' id='word_1_507' title='bbox 223 5346 321 5408; x_wconf 77' lang='lat' dir='ltr'><strong>etc.</strong></span> <span class='ocrx_word' id='word_1_508' title='bbox 340 5338 391 5391; x_wconf 89' lang='lat' dir='ltr'><strong>In</strong></span> <span class='ocrx_word' id='word_1_509' title='bbox 421 5341 531 5399; x_wconf 86' lang='lat' dir='ltr'><strong>ed.,</strong></span> <span class='ocrx_word' id='word_1_510' title='bbox 565 5341 824 5408; x_wconf 67' lang='grc' dir='ltr'>οἰχήσεις.</span> 
     </span>
    </p>
   </div>
   <div class='ocr_carea' id='block_1_75' title="bbox 285 5404 1772 5477">
    <p class='ocr_par' dir='ltr' id='par_1_75' title="bbox 285 5404 1772 5477">
     <span class='ocr_line' id='line_1_76' title="bbox 285 5404 1772 5477; baseline -0.001 -17"><span class='ocrx_word' id='word_1_511' title='bbox 285 5407 390 5475; x_wconf 77' lang='lat'><strong>(9’2)</strong></span> <span class='ocrx_word' id='word_1_512' title='bbox 409 5408 561 5461; x_wconf 81' lang='grc' dir='ltr'><strong>Οὐδὲ</strong></span> <span class='ocrx_word' id='word_1_513' title='bbox 584 5404 850 5477; x_wconf 57' lang='grc' dir='ltr'>Φρυγῶν,</span> <span class='ocrx_word' id='word_1_514' title='bbox 882 5417 987 5463; x_wconf 86' lang='lat' dir='ltr'><strong>etc.</strong></span> <span class='ocrx_word' id='word_1_515' title='bbox 1051 5405 1107 5477; x_wconf 81' lang='lat' dir='ltr'><strong>In</strong></span> <span class='ocrx_word' id='word_1_516' title='bbox 1138 5406 1392 5477; x_wconf 76' lang='lat' dir='ltr'><strong>Phrygia,</strong></span> <span class='ocrx_word' id='word_1_517' title='bbox 1435 5404 1595 5475; x_wconf 68' lang='lat' dir='ltr'><strong>Rhea:</strong></span> <span class='ocrx_word' id='word_1_518' title='bbox 1625 5407 1772 5461; x_wconf 88' lang='lat' dir='ltr'><strong>delu-</strong></span> 
     </span>
    </p>
   </div>
   <div class='ocr_carea' id='block_1_76' title="bbox 227 5472 1771 5547">
    <p class='ocr_par' dir='ltr' id='par_1_76' title="bbox 227 5472 1771 5547">
     <span class='ocr_line' id='line_1_77' title="bbox 227 5472 1771 5547; baseline 0.003 -21"><span class='ocrx_word' id='word_1_519' title='bbox 227 5472 523 5547; x_wconf 51' lang='lat' dir='ltr'><strong>bruin&#39;erat,</strong></span> <span class='ocrx_word' id='word_1_520' title='bbox 566 5472 749 5546; x_wconf 54' lang='lat' dir='ltr'><strong>in&#39;qu&#39;o</strong></span> <span class='ocrx_word' id='word_1_521' title='bbox 779 5475 1018 5547; x_wconf 76' lang='lat' dir='ltr'><strong>Phryges</strong></span> <span class='ocrx_word' id='word_1_522' title='bbox 1046 5476 1237 5532; x_wconf 80' lang='lat' dir='ltr'><strong>festum</strong></span> <span class='ocrx_word' id='word_1_523' title='bbox 1252 5472 1602 5530; x_wconf 79' lang='lat' dir='ltr'><strong>celebrantes</strong></span> <span class='ocrx_word' id='word_1_524' title='bbox 1624 5477 1771 5545; x_wconf 88' lang='lat' dir='ltr'><strong>geni-</strong></span> 
     </span>
    </p>
   </div>
   <div class='ocr_carea' id='block_1_77' title="bbox 227 5544 991 5601">
    <p class='ocr_par' dir='ltr' id='par_1_77' title="bbox 227 5544 991 5601">
     <span class='ocr_line' id='line_1_78' title="bbox 227 5544 991 5601; baseline 0.012 -11"><span class='ocrx_word' id='word_1_525' title='bbox 227 5544 301 5596; x_wconf 73' lang='lat' dir='ltr'><strong>lztll</strong></span> <span class='ocrx_word' id='word_1_526' title='bbox 323 5549 559 5601; x_wconf 74' lang='lat' dir='ltr'><strong>membro</strong></span> <span class='ocrx_word' id='word_1_527' title='bbox 585 5544 991 5601; x_wconf 71' lang='lat' dir='ltr'><strong>excidebanttfr.</strong></span> 
     </span>
    </p>
   </div>
   <div class='ocr_carea' id='block_1_78' title="bbox 286 5615 1767 5685">
    <p class='ocr_par' dir='ltr' id='par_1_78' title="bbox 286 5615 1767 5685">
     <span class='ocr_line' id='line_1_79' title="bbox 286 5615 1767 5685; baseline 0.001 -16"><span class='ocrx_word' id='word_1_528' title='bbox 286 5616 387 5683; x_wconf 75' lang='lat'><strong>(95)</strong></span> <span class='ocrx_word' id='word_1_529' title='bbox 439 5618 830 5683; x_wconf 74' lang='grc' dir='ltr'>Κορύϐαντες.</span> <span class='ocrx_word' id='word_1_530' title='bbox 900 5616 1284 5685; x_wconf 61' lang='lat' dir='ltr'><strong>«Corybantes.</strong></span> <span class='ocrx_word' id='word_1_531' title='bbox 1312 5635 1330 5668; x_wconf 76' lang='grc' dir='ltr'><strong>ι</strong></span> <span class='ocrx_word' id='word_1_532' title='bbox 1379 5615 1620 5685; x_wconf 86' lang='lat' dir='ltr'><strong>Cybeles,</strong></span> <span class='ocrx_word' id='word_1_533' title='bbox 1676 5630 1767 5670; x_wconf 87' lang='lat' dir='ltr'><strong>seu</strong></span> 
     </span>
    </p>
   </div>
   <div class='ocr_carea' id='block_1_79' title="bbox 230 5678 1770 5757">
    <p class='ocr_par' dir='ltr' id='par_1_79' title="bbox 230 5678 1770 5757">
     <span class='ocr_line' id='line_1_80' title="bbox 230 5678 1770 5757; baseline 0.003 -21"><span class='ocrx_word' id='word_1_534' title='bbox 230 5678 381 5757; x_wconf 43' lang='lat' dir='ltr'><strong>[ibt-ge:</strong></span> <span class='ocrx_word' id='word_1_535' title='bbox 428 5678 913 5757; x_wconf 39' lang='lat' dir='ltr'><strong>Sacerdotes,’qui</strong></span> <span class='ocrx_word' id='word_1_536' title='bbox 974 5678 1241 5757; x_wconf 78' lang='lat' dir='ltr'><strong>tympanis</strong></span> <span class='ocrx_word' id='word_1_537' title='bbox 1302 5696 1357 5742; x_wconf 87' lang='lat' dir='ltr'><strong>et</strong></span> <span class='ocrx_word' id='word_1_538' title='bbox 1400 5678 1770 5745; x_wconf 61' lang='lat' dir='ltr'><strong>édtatioitibus</strong></span> 
     </span>
    </p>
   </div>
   <div class='ocr_carea' id='block_1_80' title="bbox 231 5750 816 5819">
    <p class='ocr_par' dir='ltr' id='par_1_80' title="bbox 231 5750 816 5819">
     <span class='ocr_line' id='line_1_81' title="bbox 231 5750 816 5819; baseline 0.017 -17"><span class='ocrx_word' id='word_1_539' title='bbox 231 5750 330 5808; x_wconf 72' lang='lat' dir='ltr'><strong>Deae</strong></span> <span class='ocrx_word' id='word_1_540' title='bbox 358 5754 488 5812; x_wconf 72' lang='lat' dir='ltr'><strong>lecta</strong></span> <span class='ocrx_word' id='word_1_541' title='bbox 520 5756 816 5819; x_wconf 68' lang='lat' dir='ltr'><strong>agitabant.</strong></span> 
     </span>
    </p>
   </div>
   <div class='ocr_carea' id='block_1_81' title="bbox 1978 1648 3458 1719">
    <p class='ocr_par' dir='ltr' id='par_1_81' title="bbox 1978 1648 3458 1719">
     <span class='ocr_line' id='line_1_82' title="bbox 1978 1648 3458 1719; baseline -0.003 -13"><span class='ocrx_word' id='word_1_542' title='bbox 1978 1652 2064 1707; x_wconf 78' lang='lat' dir='ltr'><strong>IV.</strong></span> <span class='ocrx_word' id='word_1_543' title='bbox 2122 1651 2236 1707; x_wconf 88' lang='lat' dir='ltr'><strong>Non</strong></span> <span class='ocrx_word' id='word_1_544' title='bbox 2288 1654 2399 1707; x_wconf 60' lang='lat' dir='ltr'><strong>hac</strong></span> <span class='ocrx_word' id='word_1_545' title='bbox 2445 1650 2593 1707; x_wconf 72' lang='lat' dir='ltr'><strong>lovis</strong></span> <span class='ocrx_word' id='word_1_546' title='bbox 2640 1658 2825 1719; x_wconf 88' lang='lat' dir='ltr'><strong>partus</strong></span> <span class='ocrx_word' id='word_1_547' title='bbox 2873 1658 2925 1704; x_wconf 89' lang='lat' dir='ltr'><strong>et</strong></span> <span class='ocrx_word' id='word_1_548' title='bbox 2985 1648 3145 1715; x_wconf 79' lang='lat' dir='ltr'><strong>furta,</strong></span> <span class='ocrx_word' id='word_1_549' title='bbox 3182 1648 3343 1712; x_wconf 88' lang='lat' dir='ltr'><strong>illius,</strong></span> <span class='ocrx_word' id='word_1_550' title='bbox 3378 1649 3458 1702; x_wconf 89' lang='lat' dir='ltr'><strong>in-</strong></span> 
     </span>
    </p>
   </div>
   <div class='ocr_carea' id='block_1_82' title="bbox 956 1739 1782 1815">
    <p class='ocr_par' dir='ltr' id='par_1_82' title="bbox 956 1743 1782 1815">
     <span class='ocr_line' id='line_1_83' title="bbox 956 1743 1782 1815; baseline -0.027 -8"><span class='ocrx_word' id='word_1_551' title='bbox 956 1760 1060 1811; x_wconf 70' lang='grc' dir='ltr'>ὶνες</span> <span class='ocrx_word' id='word_1_552' title='bbox 1089 1743 1509 1813; x_wconf 80' lang='grc' dir='ltr'>ἀπαρέσκωνται</span> <span class='ocrx_word' id='word_1_553' title='bbox 1535 1745 1645 1815; x_wconf 84' lang='grc'>(90)</span> <span class='ocrx_word' id='word_1_554' title='bbox 1662 1762 1675 1776; x_wconf 76' lang='grc' dir='ltr'><strong>ο</strong></span> <span class='ocrx_word' id='word_1_555' title='bbox 1702 1745 1782 1797; x_wconf 65' lang='grc' dir='ltr'><strong>οὐ.</strong></span> 
     </span>
    </p>
   </div>
   <div class='ocr_carea' id='block_1_83' title="bbox 1887 1739 3458 1815">
    <p class='ocr_par' dir='ltr' id='par_1_83' title="bbox 1893 1741 3458 1814">
     <span class='ocr_line' id='line_1_84' title="bbox 1893 1741 3458 1814; baseline 0.001 -21"><span class='ocrx_word' id='word_1_556' title='bbox 1893 1760 2077 1814; x_wconf 82' lang='lat' dir='ltr'><strong>quam,</strong></span> <span class='ocrx_word' id='word_1_557' title='bbox 2108 1745 2445 1800; x_wconf 88' lang='lat' dir='ltr'><strong>Cretensium</strong></span> <span class='ocrx_word' id='word_1_558' title='bbox 2477 1744 2697 1814; x_wconf 67' lang='lat' dir='ltr'><strong>tyranni</strong></span> <span class='ocrx_word' id='word_1_559' title='bbox 2736 1742 2983 1814; x_wconf 86' lang='lat' dir='ltr'><strong>(moleste</strong></span> <span class='ocrx_word' id='word_1_560' title='bbox 3016 1741 3141 1797; x_wconf 87' lang='lat' dir='ltr'><strong>licet</strong></span> <span class='ocrx_word' id='word_1_561' title='bbox 3168 1743 3270 1798; x_wconf 90' lang='lat' dir='ltr'><strong>hoc</strong></span> <span class='ocrx_word' id='word_1_562' title='bbox 3290 1743 3458 1812; x_wconf 88' lang='lat' dir='ltr'><strong>genti-</strong></span> 
     </span>
    </p>
   </div>
   <div class='ocr_carea' id='block_1_84' title="bbox 1886 1832 3459 1903">
    <p class='ocr_par' dir='ltr' id='par_1_84' title="bbox 1886 1832 3459 1903">
     <span class='ocr_line' id='line_1_85' title="bbox 1886 1832 3459 1903; baseline -0.001 -14"><span class='ocrx_word' id='word_1_563' title='bbox 1886 1836 1963 1889; x_wconf 86' lang='lat' dir='ltr'><strong>les</strong></span> <span class='ocrx_word' id='word_1_564' title='bbox 1996 1833 2215 1903; x_wconf 80' lang='lat' dir='ltr'><strong>ferant),</strong></span> <span class='ocrx_word' id='word_1_565' title='bbox 2247 1848 2345 1888; x_wconf 91' lang='lat' dir='ltr'><strong>nec</strong></span> <span class='ocrx_word' id='word_1_566' title='bbox 2379 1832 2635 1887; x_wconf 90' lang='lat' dir='ltr'><strong>Curetum</strong></span> <span class='ocrx_word' id='word_1_567' title='bbox 2666 1833 2787 1888; x_wconf 87' lang='lat' dir='ltr'><strong>soni</strong></span> <span class='ocrx_word' id='word_1_568' title='bbox 2833 1847 2897 1887; x_wconf 88' lang='lat' dir='ltr'><strong>ac</strong></span> <span class='ocrx_word' id='word_1_569' title='bbox 2929 1832 3171 1902; x_wconf 89' lang='lat' dir='ltr'><strong>plausus,</strong></span> <span class='ocrx_word' id='word_1_570' title='bbox 3212 1842 3459 1888; x_wconf 51' lang='lat' dir='ltr'><strong>armatae</strong></span> 
     </span>
    </p>
   </div>
   <div class='ocr_carea' id='block_1_85' title="bbox 1884 1920 3450 1993">
    <p class='ocr_par' dir='ltr' id='par_1_85' title="bbox 1884 1920 3450 1993">
     <span class='ocr_line' id='line_1_86' title="bbox 1884 1920 3450 1993; baseline 0.001 -20"><span class='ocrx_word' id='word_1_571' title='bbox 1884 1940 1988 1993; x_wconf 82' lang='lat' dir='ltr'><strong>que</strong></span> <span class='ocrx_word' id='word_1_572' title='bbox 2027 1923 2364 1986; x_wconf 86' lang='lat' dir='ltr'><strong>saltationes,</strong></span> <span class='ocrx_word' id='word_1_573' title='bbox 2394 1922 2486 1977; x_wconf 89' lang='lat' dir='ltr'><strong>Dei</strong></span> <span class='ocrx_word' id='word_1_574' title='bbox 2518 1922 2782 1990; x_wconf 73' lang='lat' dir='ltr'><strong>vagientis</strong></span> <span class='ocrx_word' id='word_1_575' title='bbox 2808 1922 3098 1977; x_wconf 89' lang='lat' dir='ltr'><strong>clamorem</strong></span> <span class='ocrx_word' id='word_1_576' title='bbox 3135 1920 3450 1985; x_wconf 87' lang='lat' dir='ltr'><strong>obruentes,</strong></span> 
     </span>
    </p>
   </div>
   <div class='ocr_carea' id='block_1_86' title="bbox 1885 2009 3456 2082">
    <p class='ocr_par' dir='ltr' id='par_1_86' title="bbox 1885 2009 3456 2082">
     <span class='ocr_line' id='line_1_87' title="bbox 1885 2009 3456 2082; baseline -0.003 -13"><span class='ocrx_word' id='word_1_577' title='bbox 1885 2028 1940 2069; x_wconf 92' lang='lat' dir='ltr'><strong>ut</strong></span> <span class='ocrx_word' id='word_1_578' title='bbox 1974 2013 2243 2069; x_wconf 86' lang='lat' dir='ltr'><strong>crudelem</strong></span> <span class='ocrx_word' id='word_1_579' title='bbox 2290 2023 2498 2082; x_wconf 87' lang='lat' dir='ltr'><strong>patrem</strong></span> <span class='ocrx_word' id='word_1_580' title='bbox 2552 2012 2827 2082; x_wconf 71' lang='lat' dir='ltr'><strong>effugeret.</strong></span> <span class='ocrx_word' id='word_1_581' title='bbox 2879 2012 3056 2067; x_wconf 83' lang='lat' dir='ltr'><strong>Grave</strong></span> <span class='ocrx_word' id='word_1_582' title='bbox 3095 2011 3238 2067; x_wconf 89' lang='lat' dir='ltr'><strong>enim</strong></span> <span class='ocrx_word' id='word_1_583' title='bbox 3274 2009 3456 2081; x_wconf 76' lang='lat' dir='ltr'><strong>profe-</strong></span> 
     </span>
    </p>
   </div>
   <div class='ocr_carea' id='block_1_87' title="bbox 1884 2104 3447 2178">
    <p class='ocr_par' dir='ltr' id='par_1_87' title="bbox 1884 2104 3447 2178">
     <span class='ocr_line' id='line_1_88' title="bbox 1884 2104 3447 2178; baseline -0.003 -16"><span class='ocrx_word' id='word_1_584' title='bbox 1884 2116 1971 2163; x_wconf 91' lang='lat' dir='ltr'><strong>cto</strong></span> <span class='ocrx_word' id='word_1_585' title='bbox 2000 2118 2162 2177; x_wconf 87' lang='lat' dir='ltr'><strong>atque</strong></span> <span class='ocrx_word' id='word_1_586' title='bbox 2197 2107 2474 2178; x_wconf 83' lang='lat' dir='ltr'><strong>indignum</strong></span> <span class='ocrx_word' id='word_1_587' title='bbox 2507 2109 2641 2172; x_wconf 81' lang='lat' dir='ltr'><strong>erat,</strong></span> <span class='ocrx_word' id='word_1_588' title='bbox 2679 2124 2822 2174; x_wconf 89' lang='lat' dir='ltr'><strong>eum,</strong></span> <span class='ocrx_word' id='word_1_589' title='bbox 2856 2108 2946 2176; x_wconf 88' lang='lat' dir='ltr'><strong>qui</strong></span> <span class='ocrx_word' id='word_1_590' title='bbox 2976 2117 3035 2161; x_wconf 90' lang='lat' dir='ltr'><strong>ut</strong></span> <span class='ocrx_word' id='word_1_591' title='bbox 3058 2105 3194 2175; x_wconf 84' lang='lat' dir='ltr'><strong>lapis</strong></span> <span class='ocrx_word' id='word_1_592' title='bbox 3215 2104 3447 2160; x_wconf 86' lang='lat' dir='ltr'><strong>devora-</strong></span> 
     </span>
    </p>
   </div>
   <div class='ocr_carea' id='block_1_88' title="bbox 1887 2195 3451 2267">
    <p class='ocr_par' dir='ltr' id='par_1_88' title="bbox 1887 2195 3451 2267">
     <span class='ocr_line' id='line_1_89' title="bbox 1887 2195 3451 2267; baseline -0.002 -16"><span class='ocrx_word' id='word_1_593' title='bbox 1887 2208 1969 2254; x_wconf 91' lang='lat' dir='ltr'><strong>tus</strong></span> <span class='ocrx_word' id='word_1_594' title='bbox 2003 2198 2197 2265; x_wconf 85' lang='lat' dir='ltr'><strong>l&#39;uerat,</strong></span> <span class='ocrx_word' id='word_1_595' title='bbox 2241 2205 2298 2252; x_wconf 90' lang='lat' dir='ltr'><strong>ut</strong></span> <span class='ocrx_word' id='word_1_596' title='bbox 2333 2196 2593 2253; x_wconf 79' lang='lat' dir='ltr'><strong>infantem</strong></span> <span class='ocrx_word' id='word_1_597' title='bbox 2627 2198 2848 2265; x_wconf 84' lang='lat' dir='ltr'><strong>ejulare.</strong></span> <span class='ocrx_word' id='word_1_598' title='bbox 2887 2196 2994 2251; x_wconf 82' lang='lat' dir='ltr'><strong>Nec</strong></span> <span class='ocrx_word' id='word_1_599' title='bbox 3039 2195 3314 2267; x_wconf 82' lang='lat' dir='ltr'><strong>Phrygum</strong></span> <span class='ocrx_word' id='word_1_600' title='bbox 3355 2208 3451 2249; x_wconf 78' lang='lat' dir='ltr'><strong>ex-</strong></span> 
     </span>
    </p>
   </div>
   <div class='ocr_carea' id='block_1_89' title="bbox 1883 2290 3450 2361">
    <p class='ocr_par' dir='ltr' id='par_1_89' title="bbox 1883 2290 3450 2361">
     <span class='ocr_line' id='line_1_90' title="bbox 1883 2290 3450 2361; baseline -0.004 -13"><span class='ocrx_word' id='word_1_601' title='bbox 1883 2293 2173 2355; x_wconf 79' lang='lat' dir='ltr'><strong>sectiones,</strong></span> <span class='ocrx_word' id='word_1_602' title='bbox 2207 2300 2261 2347; x_wconf 88' lang='lat' dir='ltr'><strong>et</strong></span> <span class='ocrx_word' id='word_1_603' title='bbox 2303 2291 2466 2354; x_wconf 85' lang='lat' dir='ltr'><strong>tibiae,</strong></span> <span class='ocrx_word' id='word_1_604' title='bbox 2505 2302 2667 2361; x_wconf 84' lang='lat' dir='ltr'><strong>atque</strong></span> <span class='ocrx_word' id='word_1_605' title='bbox 2700 2290 3061 2360; x_wconf 84' lang='lat' dir='ltr'><strong>Corybantes,</strong></span> <span class='ocrx_word' id='word_1_606' title='bbox 3110 2298 3165 2345; x_wconf 91' lang='lat' dir='ltr'><strong>et</strong></span> <span class='ocrx_word' id='word_1_607' title='bbox 3194 2302 3450 2358; x_wconf 70' lang='lat' dir='ltr'><strong>quazcun-</strong></span> 
     </span>
    </p>
   </div>
   <div class='ocr_carea' id='block_1_90' title="bbox 1883 2380 3454 2456">
    <p class='ocr_par' dir='ltr' id='par_1_90' title="bbox 1883 2380 3454 2456">
     <span class='ocr_line' id='line_1_91' title="bbox 1883 2380 3454 2456; baseline -0.005 -16"><span class='ocrx_word' id='word_1_608' title='bbox 1883 2400 1985 2455; x_wconf 87' lang='lat' dir='ltr'><strong>que</strong></span> <span class='ocrx_word' id='word_1_609' title='bbox 2019 2384 2185 2456; x_wconf 77' lang='lat'><strong>679</strong></span> <span class='ocrx_word' id='word_1_610' title='bbox 2223 2385 2365 2439; x_wconf 87' lang='lat' dir='ltr'><strong>circa</strong></span> <span class='ocrx_word' id='word_1_611' title='bbox 2410 2381 2617 2438; x_wconf 87' lang='lat' dir='ltr'><strong>Rheam</strong></span> <span class='ocrx_word' id='word_1_612' title='bbox 2650 2383 2898 2437; x_wconf 87' lang='lat' dir='ltr'><strong>homines</strong></span> <span class='ocrx_word' id='word_1_613' title='bbox 2950 2380 3131 2435; x_wconf 80' lang='lat' dir='ltr'><strong>furore</strong></span> <span class='ocrx_word' id='word_1_614' title='bbox 3157 2380 3298 2448; x_wconf 86' lang='lat' dir='ltr'><strong>capti</strong></span> <span class='ocrx_word' id='word_1_615' title='bbox 3328 2392 3454 2449; x_wconf 88' lang='lat' dir='ltr'><strong>per-</strong></span> 
     </span>
    </p>
   </div>
   <div class='ocr_carea' id='block_1_91' title="bbox 1885 2471 3455 2546">
    <p class='ocr_par' dir='ltr' id='par_1_91' title="bbox 1885 2471 3455 2546">
     <span class='ocr_line' id='line_1_92' title="bbox 1885 2471 3455 2546; baseline -0.004 -18"><span class='ocrx_word' id='word_1_616' title='bbox 1885 2485 2066 2546; x_wconf 87' lang='lat' dir='ltr'><strong>agunt,</strong></span> <span class='ocrx_word' id='word_1_617' title='bbox 2099 2474 2358 2543; x_wconf 88' lang='lat' dir='ltr'><strong>ejusmodi</strong></span> <span class='ocrx_word' id='word_1_618' title='bbox 2384 2489 2535 2529; x_wconf 86' lang='lat' dir='ltr'><strong>sacra</strong></span> <span class='ocrx_word' id='word_1_619' title='bbox 2551 2471 2782 2530; x_wconf 84' lang='lat' dir='ltr'><strong>Deorum</strong></span> <span class='ocrx_word' id='word_1_620' title='bbox 2807 2472 2963 2527; x_wconf 87' lang='lat' dir='ltr'><strong>matri</strong></span> <span class='ocrx_word' id='word_1_621' title='bbox 2994 2475 3272 2536; x_wconf 86' lang='lat' dir='ltr'><strong>obeuntes,</strong></span> <span class='ocrx_word' id='word_1_622' title='bbox 3295 2478 3455 2538; x_wconf 85' lang='lat' dir='ltr'><strong>atque</strong></span> 
     </span>
    </p>
   </div>
   <div class='ocr_carea' id='block_1_92' title="bbox 1883 2561 3453 2637">
    <p class='ocr_par' dir='ltr' id='par_1_92' title="bbox 1883 2561 3453 2637">
     <span class='ocr_line' id='line_1_93' title="bbox 1883 2561 3453 2637; baseline -0.004 -18"><span class='ocrx_word' id='word_1_623' title='bbox 1883 2568 1980 2637; x_wconf 93' lang='lat' dir='ltr'><strong>ipsi</strong></span> <span class='ocrx_word' id='word_1_624' title='bbox 2013 2565 2251 2621; x_wconf 86' lang='lat' dir='ltr'><strong>vicissim</strong></span> <span class='ocrx_word' id='word_1_625' title='bbox 2279 2565 2350 2619; x_wconf 91' lang='lat' dir='ltr'><strong>ita</strong></span> <span class='ocrx_word' id='word_1_626' title='bbox 2381 2564 2599 2631; x_wconf 88' lang='lat' dir='ltr'><strong>initiati,</strong></span> <span class='ocrx_word' id='word_1_627' title='bbox 2627 2572 2685 2618; x_wconf 84' lang='grc' dir='ltr'><strong>ιιι</strong></span> <span class='ocrx_word' id='word_1_628' title='bbox 2718 2568 2813 2633; x_wconf 75' lang='lat' dir='ltr'><strong>par</strong></span> <span class='ocrx_word' id='word_1_629' title='bbox 2837 2563 2988 2617; x_wconf 90' lang='lat' dir='ltr'><strong>estin</strong></span> <span class='ocrx_word' id='word_1_630' title='bbox 3013 2563 3199 2617; x_wconf 88' lang='lat' dir='ltr'><strong>talium</strong></span> <span class='ocrx_word' id='word_1_631' title='bbox 3220 2561 3453 2616; x_wconf 89' lang='lat' dir='ltr'><strong>Deorum</strong></span> 
     </span>
    </p>
   </div>
   <div class='ocr_carea' id='block_1_93' title="bbox 1882 2653 3447 2728">
    <p class='ocr_par' dir='ltr' id='par_1_93' title="bbox 1882 2653 3447 2728">
     <span class='ocr_line' id='line_1_94' title="bbox 1882 2653 3447 2728; baseline -0.003 -17"><span class='ocrx_word' id='word_1_632' title='bbox 1882 2658 2119 2727; x_wconf 87' lang='lat' dir='ltr'><strong>parentis</strong></span> <span class='ocrx_word' id='word_1_633' title='bbox 2147 2658 2440 2728; x_wconf 85' lang='lat' dir='ltr'><strong>mysteriis.</strong></span> <span class='ocrx_word' id='word_1_634' title='bbox 2477 2656 2588 2712; x_wconf 81' lang='lat' dir='ltr'><strong>Nec</strong></span> <span class='ocrx_word' id='word_1_635' title='bbox 2637 2656 2810 2726; x_wconf 86' lang='lat' dir='ltr'><strong>puella</strong></span> <span class='ocrx_word' id='word_1_636' title='bbox 2859 2657 3106 2724; x_wconf 64' lang='lat' dir='ltr'><strong>quaedam</strong></span> <span class='ocrx_word' id='word_1_637' title='bbox 3154 2653 3295 2724; x_wconf 83' lang='lat' dir='ltr'><strong>apud</strong></span> <span class='ocrx_word' id='word_1_638' title='bbox 3348 2666 3447 2708; x_wconf 82' lang='lat' dir='ltr'><strong>nos</strong></span> 
     </span>
    </p>
   </div>
   <div class='ocr_carea' id='block_1_94' title="bbox 1885 2742 3444 2817">
    <p class='ocr_par' dir='ltr' id='par_1_94' title="bbox 1885 2742 3444 2817">
     <span class='ocr_line' id='line_1_95' title="bbox 1885 2742 3444 2817; baseline -0.004 -16"><span class='ocrx_word' id='word_1_639' title='bbox 1885 2749 2109 2816; x_wconf 88' lang='lat' dir='ltr'><strong>rapitur,</strong></span> <span class='ocrx_word' id='word_1_640' title='bbox 2149 2762 2249 2803; x_wconf 86' lang='lat' dir='ltr'><strong>nec.</strong></span> <span class='ocrx_word' id='word_1_641' title='bbox 2296 2748 2464 2804; x_wconf 86' lang='lat' dir='ltr'><strong>Ceres</strong></span> <span class='ocrx_word' id='word_1_642' title='bbox 2514 2756 2758 2817; x_wconf 85' lang='lat' dir='ltr'><strong>vagatur,</strong></span> <span class='ocrx_word' id='word_1_643' title='bbox 2818 2762 2882 2801; x_wconf 90' lang='lat' dir='ltr'><strong>ac</strong></span> <span class='ocrx_word' id='word_1_644' title='bbox 2927 2744 3120 2800; x_wconf 89' lang='lat' dir='ltr'><strong>Celeos</strong></span> <span class='ocrx_word' id='word_1_645' title='bbox 3158 2742 3444 2813; x_wconf 91' lang='lat' dir='ltr'><strong>quosdam,</strong></span> 
     </span>
    </p>
   </div>
   <div class='ocr_carea' id='block_1_95' title="bbox 1881 2836 3447 2909">
    <p class='ocr_par' dir='ltr' id='par_1_95' title="bbox 1881 2836 3447 2909">
     <span class='ocr_line' id='line_1_96' title="bbox 1881 2836 3447 2909; baseline -0.004 -13"><span class='ocrx_word' id='word_1_646' title='bbox 1881 2852 1935 2896; x_wconf 90' lang='lat' dir='ltr'><strong>et.</strong></span> <span class='ocrx_word' id='word_1_647' title='bbox 1967 2839 2343 2909; x_wconf 85' lang='lat' dir='ltr'><strong>Triptolemos,</strong></span> <span class='ocrx_word' id='word_1_648' title='bbox 2384 2848 2439 2893; x_wconf 90' lang='lat' dir='ltr'><strong>et</strong></span> <span class='ocrx_word' id='word_1_649' title='bbox 2485 2840 2746 2894; x_wconf 88' lang='lat' dir='ltr'><strong>dracones</strong></span> <span class='ocrx_word' id='word_1_650' title='bbox 2778 2839 3001 2899; x_wconf 90' lang='lat' dir='ltr'><strong>inducit,</strong></span> <span class='ocrx_word' id='word_1_651' title='bbox 3041 2836 3315 2906; x_wconf 87' lang='lat' dir='ltr'><strong>multaque</strong></span> <span class='ocrx_word' id='word_1_652' title='bbox 3344 2836 3447 2889; x_wconf 88' lang='lat' dir='ltr'><strong>alia</strong></span> 
     </span>
    </p>
   </div>
   <div class='ocr_carea' id='block_1_96' title="bbox 1880 2929 3452 2999">
    <p class='ocr_par' dir='ltr' id='par_1_96' title="bbox 1880 2929 3452 2999">
     <span class='ocr_line' id='line_1_97' title="bbox 1880 2929 3452 2999; baseline -0.002 -16"><span class='ocrx_word' id='word_1_653' title='bbox 1880 2929 2110 2995; x_wconf 76' lang='lat' dir='ltr'><strong>etfacit,</strong></span> <span class='ocrx_word' id='word_1_654' title='bbox 2152 2938 2205 2985; x_wconf 89' lang='lat' dir='ltr'><strong>et</strong></span> <span class='ocrx_word' id='word_1_655' title='bbox 2236 2930 2462 2999; x_wconf 89' lang='lat' dir='ltr'><strong>patitur.</strong></span> <span class='ocrx_word' id='word_1_656' title='bbox 2495 2930 2662 2983; x_wconf 84' lang='lat' dir='ltr'><strong>Pudet</strong></span> <span class='ocrx_word' id='word_1_657' title='bbox 2705 2929 2848 2983; x_wconf 84' lang='lat' dir='ltr'><strong>enim</strong></span> <span class='ocrx_word' id='word_1_658' title='bbox 2881 2943 2966 2982; x_wconf 90' lang='lat' dir='ltr'><strong>me</strong></span> <span class='ocrx_word' id='word_1_659' title='bbox 3006 2937 3325 2982; x_wconf 89' lang='lat' dir='ltr'><strong>nocturnum</strong></span> <span class='ocrx_word' id='word_1_660' title='bbox 3366 2942 3452 2980; x_wconf 87' lang='lat' dir='ltr'><strong>sa-</strong></span> 
     </span>
    </p>
   </div>
   <div class='ocr_carea' id='block_1_97' title="bbox 1880 3017 3449 3089">
    <p class='ocr_par' dir='ltr' id='par_1_97' title="bbox 1880 3017 3449 3089">
     <span class='ocr_line' id='line_1_98' title="bbox 1880 3017 3449 3089; baseline -0.001 -15"><span class='ocrx_word' id='word_1_661' title='bbox 1880 3036 2029 3075; x_wconf 88' lang='lat' dir='ltr'><strong>crtun</strong></span> <span class='ocrx_word' id='word_1_662' title='bbox 2074 3021 2123 3075; x_wconf 92' lang='lat' dir='ltr'><strong>iu</strong></span> <span class='ocrx_word' id='word_1_663' title='bbox 2173 3020 2347 3075; x_wconf 90' lang='lat' dir='ltr'><strong>lucem</strong></span> <span class='ocrx_word' id='word_1_664' title='bbox 2384 3019 2644 3088; x_wconf 78' lang='lat' dir='ltr'><strong>proferre,</strong></span> <span class='ocrx_word' id='word_1_665' title='bbox 2699 3034 2763 3073; x_wconf 92' lang='lat' dir='ltr'><strong>ac</strong></span> <span class='ocrx_word' id='word_1_666' title='bbox 2810 3017 3197 3087; x_wconf 87' lang='lat' dir='ltr'><strong>turpitudinem</strong></span> <span class='ocrx_word' id='word_1_667' title='bbox 3250 3026 3449 3089; x_wconf 61' lang='lat' dir='ltr'><strong>mysteo</strong></span> 
     </span>
    </p>
   </div>
   <div class='ocr_carea' id='block_1_98' title="bbox 1887 3110 3454 3180">
    <p class='ocr_par' dir='ltr' id='par_1_98' title="bbox 1887 3110 3454 3180">
     <span class='ocr_line' id='line_1_99' title="bbox 1887 3110 3454 3180; baseline -0.004 -13"><span class='ocrx_word' id='word_1_668' title='bbox 1887 3114 2023 3167; x_wconf 89' lang='lat' dir='ltr'><strong>rium</strong></span> <span class='ocrx_word' id='word_1_669' title='bbox 2059 3113 2255 3168; x_wconf 83' lang='lat' dir='ltr'><strong>facere.</strong></span> <span class='ocrx_word' id='word_1_670' title='bbox 2306 3110 2464 3167; x_wconf 81' lang='lat' dir='ltr'><strong>Novit</strong></span> <span class='ocrx_word' id='word_1_671' title='bbox 2509 3113 2623 3166; x_wconf 82' lang='lat' dir='ltr'><strong>haec</strong></span> <span class='ocrx_word' id='word_1_672' title='bbox 2668 3110 2897 3175; x_wconf 81' lang='lat' dir='ltr'><strong>Eleusis,</strong></span> <span class='ocrx_word' id='word_1_673' title='bbox 2928 3120 3090 3180; x_wconf 77' lang='lat' dir='ltr'><strong>atque</strong></span> <span class='ocrx_word' id='word_1_674' title='bbox 3132 3110 3207 3165; x_wconf 91' lang='lat' dir='ltr'><strong>illi</strong></span> <span class='ocrx_word' id='word_1_675' title='bbox 3254 3110 3454 3165; x_wconf 84' lang='lat' dir='ltr'><strong>tacitu-</strong></span> 
     </span>
    </p>
   </div>
   <div class='ocr_carea' id='block_1_99' title="bbox 1886 3201 3454 3274">
    <p class='ocr_par' dir='ltr' id='par_1_99' title="bbox 1886 3201 3454 3274">
     <span class='ocr_line' id='line_1_100' title="bbox 1886 3201 3454 3274; baseline -0.004 -15"><span class='ocrx_word' id='word_1_676' title='bbox 1886 3222 2025 3272; x_wconf 90' lang='lat' dir='ltr'><strong>rum,</strong></span> <span class='ocrx_word' id='word_1_677' title='bbox 2062 3221 2124 3260; x_wconf 89' lang='lat' dir='ltr'><strong>ac</strong></span> <span class='ocrx_word' id='word_1_678' title='bbox 2158 3204 2398 3274; x_wconf 79' lang='lat' dir='ltr'><strong>profecto</strong></span> <span class='ocrx_word' id='word_1_679' title='bbox 2444 3203 2657 3258; x_wconf 89' lang='lat' dir='ltr'><strong>silentio</strong></span> <span class='ocrx_word' id='word_1_680' title='bbox 2688 3201 2969 3271; x_wconf 87' lang='lat' dir='ltr'><strong>dignorum</strong></span> <span class='ocrx_word' id='word_1_681' title='bbox 3015 3214 3291 3255; x_wconf 89' lang='lat' dir='ltr'><strong>sacrorum</strong></span> <span class='ocrx_word' id='word_1_682' title='bbox 3327 3212 3454 3268; x_wconf 75' lang='lat' dir='ltr'><strong>Spe-</strong></span> 
     </span>
    </p>
   </div>
   <div class='ocr_carea' id='block_1_100' title="bbox 1886 3288 3451 3357">
    <p class='ocr_par' dir='ltr' id='par_1_100' title="bbox 1886 3288 3451 3357">
     <span class='ocr_line' id='line_1_101' title="bbox 1886 3288 3451 3357; baseline -0.006 -8"><span class='ocrx_word' id='word_1_683' title='bbox 1886 3304 2138 3350; x_wconf 87' lang='lat' dir='ltr'><strong>ctatores.</strong></span> <span class='ocrx_word' id='word_1_684' title='bbox 2175 3291 2283 3347; x_wconf 82' lang='lat' dir='ltr'><strong>Nec</strong></span> <span class='ocrx_word' id='word_1_685' title='bbox 2331 3291 2573 3345; x_wconf 86' lang='lat' dir='ltr'><strong>Bacchus</strong></span> <span class='ocrx_word' id='word_1_686' title='bbox 2619 3292 2731 3345; x_wconf 72' lang='lat' dir='ltr'><strong>hmc</strong></span> <span class='ocrx_word' id='word_1_687' title='bbox 2774 3299 2957 3343; x_wconf 90' lang='lat' dir='ltr'><strong>nostra</strong></span> <span class='ocrx_word' id='word_1_688' title='bbox 3000 3288 3254 3357; x_wconf 86' lang='lat' dir='ltr'><strong>mysteria</strong></span> <span class='ocrx_word' id='word_1_689' title='bbox 3304 3295 3451 3348; x_wconf 88' lang='lat' dir='ltr'><strong>sunt,</strong></span> 
     </span>
    </p>
   </div>
   <div class='ocr_carea' id='block_1_101' title="bbox 1887 3375 3451 3447">
    <p class='ocr_par' dir='ltr' id='par_1_101' title="bbox 1887 3375 3451 3447">
     <span class='ocr_line' id='line_1_102' title="bbox 1887 3375 3451 3447; baseline -0.004 -12"><span class='ocrx_word' id='word_1_690' title='bbox 1887 3397 1985 3436; x_wconf 89' lang='lat' dir='ltr'><strong>nec</strong></span> <span class='ocrx_word' id='word_1_691' title='bbox 2014 3381 2208 3446; x_wconf 77' lang='lat' dir='ltr'><strong>lentur,</strong></span> <span class='ocrx_word' id='word_1_692' title='bbox 2247 3380 2555 3434; x_wconf 81' lang='lat' dir='ltr'><strong>inchoatum</strong></span> <span class='ocrx_word' id='word_1_693' title='bbox 2615 3379 2779 3433; x_wconf 82' lang='lat' dir='ltr'><strong>letum</strong></span> <span class='ocrx_word' id='word_1_694' title='bbox 2823 3377 3150 3446; x_wconf 91' lang='lat' dir='ltr'><strong>parturiens,</strong></span> <span class='ocrx_word' id='word_1_695' title='bbox 3185 3375 3451 3447; x_wconf 84' lang='lat' dir='ltr'><strong>quemad-</strong></span> 
     </span>
    </p>
   </div>
   <div class='ocr_carea' id='block_1_102' title="bbox 1890 3467 3452 3542">
    <p class='ocr_par' dir='ltr' id='par_1_102' title="bbox 1890 3467 3452 3542">
     <span class='ocr_line' id='line_1_103' title="bbox 1890 3467 3452 3542; baseline -0.005 -16"><span class='ocrx_word' id='word_1_696' title='bbox 1890 3475 2106 3527; x_wconf 91' lang='lat' dir='ltr'><strong>modum</strong></span> <span class='ocrx_word' id='word_1_697' title='bbox 2139 3481 2302 3542; x_wconf 88' lang='lat' dir='ltr'><strong>caput</strong></span> <span class='ocrx_word' id='word_1_698' title='bbox 2351 3471 2516 3525; x_wconf 89' lang='lat' dir='ltr'><strong>alium</strong></span> <span class='ocrx_word' id='word_1_699' title='bbox 2550 3470 2835 3538; x_wconf 81' lang='lat' dir='ltr'><strong>quemdam</strong></span> <span class='ocrx_word' id='word_1_700' title='bbox 2874 3467 3037 3522; x_wconf 75' lang='lat' dir='ltr'><strong>fetum</strong></span> <span class='ocrx_word' id='word_1_701' title='bbox 3072 3468 3223 3537; x_wconf 83' lang='lat' dir='ltr'><strong>prius</strong></span> <span class='ocrx_word' id='word_1_702' title='bbox 3264 3475 3452 3536; x_wconf 83' lang='lat' dir='ltr'><strong>partu-</strong></span> 
     </span>
    </p>
   </div>
   <div class='ocr_carea' id='block_1_103' title="bbox 1888 3559 3448 3635">
    <p class='ocr_par' dir='ltr' id='par_1_103' title="bbox 1888 3559 3448 3635">
     <span class='ocr_line' id='line_1_104' title="bbox 1888 3559 3448 3635; baseline -0.004 -18"><span class='ocrx_word' id='word_1_703' title='bbox 1888 3563 2089 3635; x_wconf 75' lang='lat' dir='ltr'><strong>rierat:</strong></span> <span class='ocrx_word' id='word_1_704' title='bbox 2141 3578 2242 3617; x_wconf 90' lang='lat' dir='ltr'><strong>nec</strong></span> <span class='ocrx_word' id='word_1_705' title='bbox 2303 3563 2524 3618; x_wconf 89' lang='lat' dir='ltr'><strong>semivir</strong></span> <span class='ocrx_word' id='word_1_706' title='bbox 2573 3561 2733 3629; x_wconf 89' lang='lat' dir='ltr'><strong>Deus,</strong></span> <span class='ocrx_word' id='word_1_707' title='bbox 2778 3569 2834 3615; x_wconf 87' lang='lat' dir='ltr'><strong>et</strong></span> <span class='ocrx_word' id='word_1_708' title='bbox 2882 3559 3156 3615; x_wconf 89' lang='lat' dir='ltr'><strong>ebriorum</strong></span> <span class='ocrx_word' id='word_1_709' title='bbox 3205 3559 3448 3624; x_wconf 89' lang='lat' dir='ltr'><strong>chorus,</strong></span> 
     </span>
    </p>
   </div>
   <div class='ocr_carea' id='block_1_104' title="bbox 1884 3648 3450 3723">
    <p class='ocr_par' dir='ltr' id='par_1_104' title="bbox 1884 3648 3450 3723">
     <span class='ocr_line' id='line_1_105' title="bbox 1884 3648 3450 3723; baseline -0.005 -17"><span class='ocrx_word' id='word_1_710' title='bbox 1884 3654 2262 3723; x_wconf 80' lang='lat' dir='ltr'><strong>exercitusque</strong></span> <span class='ocrx_word' id='word_1_711' title='bbox 2303 3650 2477 3707; x_wconf 90' lang='lat' dir='ltr'><strong>mollis</strong></span> <span class='ocrx_word' id='word_1_712' title='bbox 2523 3660 2578 3707; x_wconf 90' lang='lat' dir='ltr'><strong>et</strong></span> <span class='ocrx_word' id='word_1_713' title='bbox 2608 3649 2924 3713; x_wconf 89' lang='lat' dir='ltr'><strong>dissolutus,</strong></span> <span class='ocrx_word' id='word_1_714' title='bbox 2973 3659 3028 3703; x_wconf 91' lang='lat' dir='ltr'><strong>et</strong></span> <span class='ocrx_word' id='word_1_715' title='bbox 3071 3648 3450 3703; x_wconf 82' lang='lat' dir='ltr'><strong>Thebanorum</strong></span> 
     </span>
    </p>
   </div>
   <div class='ocr_carea' id='block_1_105' title="bbox 1886 3740 3449 3808">
    <p class='ocr_par' dir='ltr' id='par_1_105' title="bbox 1886 3740 3449 3808">
     <span class='ocr_line' id='line_1_106' title="bbox 1886 3740 3449 3808; baseline -0.003 -10"><span class='ocrx_word' id='word_1_716' title='bbox 1886 3745 2141 3806; x_wconf 89' lang='lat' dir='ltr'><strong>amentia.</strong></span> <span class='ocrx_word' id='word_1_717' title='bbox 2168 3745 2310 3800; x_wconf 90' lang='lat' dir='ltr'><strong>hunc</strong></span> <span class='ocrx_word' id='word_1_718' title='bbox 2346 3743 2550 3808; x_wconf 91' lang='lat' dir='ltr'><strong>colens,</strong></span> <span class='ocrx_word' id='word_1_719' title='bbox 2580 3759 2643 3797; x_wconf 92' lang='lat' dir='ltr'><strong>ac</strong></span> <span class='ocrx_word' id='word_1_720' title='bbox 2673 3741 2898 3797; x_wconf 62' lang='lat' dir='ltr'><strong>Semelae</strong></span> <span class='ocrx_word' id='word_1_721' title='bbox 2922 3741 3223 3798; x_wconf 78' lang='lat' dir='ltr'><strong>tonitruum</strong></span> <span class='ocrx_word' id='word_1_722' title='bbox 3261 3740 3449 3795; x_wconf 85' lang='lat' dir='ltr'><strong>adora-</strong></span> 
     </span>
    </p>
   </div>
   <div class='ocr_carea' id='block_1_106' title="bbox 1889 3829 3449 3903">
    <p class='ocr_par' dir='ltr' id='par_1_106' title="bbox 1889 3829 3449 3903">
     <span class='ocr_line' id='line_1_107' title="bbox 1889 3829 3449 3903; baseline -0.006 -12"><span class='ocrx_word' id='word_1_723' title='bbox 1889 3845 2022 3891; x_wconf 88' lang='lat' dir='ltr'><strong>tum.</strong></span> <span class='ocrx_word' id='word_1_724' title='bbox 2079 3833 2186 3889; x_wconf 82' lang='lat' dir='ltr'><strong>Nec</strong></span> <span class='ocrx_word' id='word_1_725' title='bbox 2220 3835 2524 3889; x_wconf 87' lang='lat' dir='ltr'><strong>meretricia</strong></span> <span class='ocrx_word' id='word_1_726' title='bbox 2565 3831 2793 3889; x_wconf 81' lang='lat' dir='ltr'><strong>Veneris</strong></span> <span class='ocrx_word' id='word_1_727' title='bbox 2856 3831 3136 3903; x_wconf 86' lang='lat' dir='ltr'><strong>mysteria,</strong></span> <span class='ocrx_word' id='word_1_728' title='bbox 3201 3829 3449 3899; x_wconf 91' lang='lat' dir='ltr'><strong>turpiter,</strong></span> 
     </span>
    </p>
   </div>
   <div class='ocr_carea' id='block_1_107' title="bbox 1890 3917 3450 3994">
    <p class='ocr_par' dir='ltr' id='par_1_107' title="bbox 1890 3917 3450 3994">
     <span class='ocr_line' id='line_1_108' title="bbox 1890 3917 3450 3994; baseline -0.003 -16"><span class='ocrx_word' id='word_1_729' title='bbox 1890 3934 1948 3978; x_wconf 90' lang='lat' dir='ltr'><strong>ut</strong></span> <span class='ocrx_word' id='word_1_730' title='bbox 1978 3924 2078 3994; x_wconf 90' lang='lat' dir='ltr'><strong>ipsi</strong></span> <span class='ocrx_word' id='word_1_731' title='bbox 2120 3932 2364 3986; x_wconf 90' lang='lat' dir='ltr'><strong>narrant,</strong></span> <span class='ocrx_word' id='word_1_732' title='bbox 2399 3932 2451 3977; x_wconf 89' lang='lat' dir='ltr'><strong>et</strong></span> <span class='ocrx_word' id='word_1_733' title='bbox 2480 3932 2796 3993; x_wconf 75' lang='lat' dir='ltr'><strong>procreatze,</strong></span> <span class='ocrx_word' id='word_1_734' title='bbox 2824 3929 2879 3976; x_wconf 87' lang='lat' dir='ltr'><strong>et</strong></span> <span class='ocrx_word' id='word_1_735' title='bbox 2908 3921 3065 3975; x_wconf 84' lang='lat' dir='ltr'><strong>cultae</strong></span> <span class='ocrx_word' id='word_1_736' title='bbox 3102 3942 3113 3975; x_wconf 88' lang='lat'><strong>:</strong></span> <span class='ocrx_word' id='word_1_737' title='bbox 3153 3934 3251 3976; x_wconf 90' lang='lat' dir='ltr'><strong>nec</strong></span> <span class='ocrx_word' id='word_1_738' title='bbox 3281 3917 3450 3974; x_wconf 82' lang='lat' dir='ltr'><strong>Pballi</strong></span> 
     </span>
    </p>
   </div>
   <div class='ocr_carea' id='block_1_108' title="bbox 1958 4150 3448 4226">
    <p class='ocr_par' dir='ltr' id='par_1_108' title="bbox 1958 4150 3448 4226">
     <span class='ocr_line' id='line_1_109' title="bbox 1958 4150 3448 4226; baseline -0.001 -19"><span class='ocrx_word' id='word_1_739' title='bbox 1958 4155 2070 4225; x_wconf 77' lang='grc'>(94)</span> <span class='ocrx_word' id='word_1_740' title='bbox 2097 4156 2394 4226; x_wconf 81' lang='grc' dir='ltr'>Δημήτηρ.</span> <span class='ocrx_word' id='word_1_741' title='bbox 2445 4155 2535 4211; x_wconf 89' lang='lat' dir='ltr'><strong>Sic</strong></span> <span class='ocrx_word' id='word_1_742' title='bbox 2570 4153 2734 4226; x_wconf 76' lang='lat' dir='ltr'><strong>Regg.</strong></span> <span class='ocrx_word' id='word_1_743' title='bbox 2774 4152 2881 4213; x_wconf 90' lang='lat' dir='ltr'><strong>bm,</strong></span> <span class='ocrx_word' id='word_1_744' title='bbox 2915 4150 3003 4220; x_wconf 88' lang='lat' dir='ltr'><strong>ph.</strong></span> <span class='ocrx_word' id='word_1_745' title='bbox 3040 4151 3225 4226; x_wconf 77' lang='lat' dir='ltr'><strong>Camb.</strong></span> <span class='ocrx_word' id='word_1_746' title='bbox 3255 4150 3311 4206; x_wconf 85' lang='lat' dir='ltr'><strong>In</strong></span> <span class='ocrx_word' id='word_1_747' title='bbox 3340 4155 3448 4218; x_wconf 91' lang='lat' dir='ltr'><strong>ed.,</strong></span> 
     </span>
    </p>
   </div>
   <div class='ocr_carea' id='block_1_109' title="bbox 1884 4220 3447 4297">
    <p class='ocr_par' dir='ltr' id='par_1_109' title="bbox 1884 4220 3447 4297">
     <span class='ocr_line' id='line_1_110' title="bbox 1884 4220 3447 4297; baseline -0.003 -18"><span class='ocrx_word' id='word_1_748' title='bbox 1884 4220 2192 4297; x_wconf 47' lang='grc' dir='ltr'>ῥιμήτήρῘ</span> <span class='ocrx_word' id='word_1_749' title='bbox 2216 4220 2303 4281; x_wconf 88' lang='lat' dir='ltr'><strong>Sic</strong></span> <span class='ocrx_word' id='word_1_750' title='bbox 2324 4220 2570 4297; x_wconf 55' lang='lat' dir='ltr'><strong>&quot;vocatur</strong></span> <span class='ocrx_word' id='word_1_751' title='bbox 2618 4220 2849 4297; x_wconf 46' lang='grc' dir='ltr'>«ρει-οε,</span> <span class='ocrx_word' id='word_1_752' title='bbox 2903 4236 3020 4288; x_wconf 64' lang='lat' dir='ltr'><strong>quae</strong></span> <span class='ocrx_word' id='word_1_753' title='bbox 3062 4220 3311 4289; x_wconf 86' lang='lat' dir='ltr'><strong>puellam,</strong></span> <span class='ocrx_word' id='word_1_754' title='bbox 3358 4237 3447 4277; x_wconf 82' lang='lat' dir='ltr'><strong>seu</strong></span> 
     </span>
    </p>
   </div>
   <div class='ocr_carea' id='block_1_110' title="bbox 1883 4291 3449 4364">
    <p class='ocr_par' dir='ltr' id='par_1_110' title="bbox 1883 4291 3449 4364">
     <span class='ocr_line' id='line_1_111' title="bbox 1883 4291 3449 4364; baseline -0.003 -16"><span class='ocrx_word' id='word_1_755' title='bbox 1883 4291 2257 4364; x_wconf 69' lang='lat' dir='ltr'><strong>Proserpinam</strong></span> <span class='ocrx_word' id='word_1_756' title='bbox 2278 4314 2297 4346; x_wconf 79' lang='grc' dir='ltr'><strong>ι</strong></span> <span class='ocrx_word' id='word_1_757' title='bbox 2329 4295 2516 4356; x_wconf 82' lang='lat' dir='ltr'><strong>ﬁliam,</strong></span> <span class='ocrx_word' id='word_1_758' title='bbox 2558 4291 2856 4364; x_wconf 69' lang='lat' dir='ltr'><strong>_a_P_lutone</strong></span> <span class='ocrx_word' id='word_1_759' title='bbox 2902 4300 3133 4364; x_wconf 75' lang='lat' dir='ltr'><strong>raptam,</strong></span> <span class='ocrx_word' id='word_1_760' title='bbox 3159 4305 3256 4358; x_wconf 90' lang='lat' dir='ltr'><strong>per</strong></span> <span class='ocrx_word' id='word_1_761' title='bbox 3284 4298 3449 4343; x_wconf 85' lang='lat' dir='ltr'><strong>totum</strong></span> 
     </span>
    </p>
   </div>
   <div class='ocr_carea' id='block_1_111' title="bbox 1880 4358 3449 4434">
    <p class='ocr_par' dir='ltr' id='par_1_111' title="bbox 1880 4358 3449 4434">
     <span class='ocr_line' id='line_1_112' title="bbox 1880 4358 3449 4434; baseline -0.004 -16"><span class='ocrx_word' id='word_1_762' title='bbox 1880 4358 2091 4419; x_wconf 57' lang='lat' dir='ltr'><strong>orbem&#39;</strong></span> <span class='ocrx_word' id='word_1_763' title='bbox 2113 4366 2354 4434; x_wconf 86' lang='lat' dir='ltr'><strong>vagando</strong></span> <span class='ocrx_word' id='word_1_764' title='bbox 2378 4361 2719 4434; x_wconf 70' lang='lat' dir='ltr'><strong>conquisivit.</strong></span> <span class='ocrx_word' id='word_1_765' title='bbox 2751 4358 3022 4434; x_wconf 76' lang='lat' dir='ltr'><strong>Eleusina_</strong></span> <span class='ocrx_word' id='word_1_766' title='bbox 3060 4358 3449 4434; x_wconf 84' lang='lat' dir='ltr'><strong>etiam_cogno—</strong></span> 
     </span>
    </p>
   </div>
   <div class='ocr_carea' id='block_1_112' title="bbox 1883 4426 3448 4499">
    <p class='ocr_par' dir='ltr' id='par_1_112' title="bbox 1883 4426 3448 4499">
     <span class='ocr_line' id='line_1_113' title="bbox 1883 4426 3448 4499; baseline -0.003 -13"><span class='ocrx_word' id='word_1_767' title='bbox 1883 4434 2115 4488; x_wconf 84' lang='lat' dir='ltr'><strong>minatur</strong></span> <span class='ocrx_word' id='word_1_768' title='bbox 2144 4426 2210 4488; x_wconf 71' lang='lat' dir='ltr'><strong>ab</strong></span> <span class='ocrx_word' id='word_1_769' title='bbox 2239 4434 2442 4487; x_wconf 85' lang='lat' dir='ltr'><strong>Eleusis</strong></span> <span class='ocrx_word' id='word_1_770' title='bbox 2499 4426 2678 4499; x_wconf 79' lang='lat' dir='ltr'><strong>oppidi</strong></span> <span class='ocrx_word' id='word_1_771' title='bbox 2733 4427 2967 4499; x_wconf 82' lang='lat' dir='ltr'><strong>nomine,</strong></span> <span class='ocrx_word' id='word_1_772' title='bbox 3080 4441 3197 4499; x_wconf 79' lang='lat' dir='ltr'><strong>quo</strong></span> <span class='ocrx_word' id='word_1_773' title='bbox 3222 4426 3388 4499; x_wconf 80' lang='lat' dir='ltr'><strong>Ceres</strong></span> <span class='ocrx_word' id='word_1_774' title='bbox 3418 4444 3448 4482; x_wconf 85' lang='lat' dir='ltr'><strong>a</strong></span> 
     </span>
    </p>
   </div>
   <div class='ocr_carea' id='block_1_113' title="bbox 1880 4496 3451 4573">
    <p class='ocr_par' dir='ltr' id='par_1_113' title="bbox 1880 4496 3451 4573">
     <span class='ocr_line' id='line_1_114' title="bbox 1880 4496 3451 4573; baseline -0.003 -17"><span class='ocrx_word' id='word_1_775' title='bbox 1880 4502 2021 4573; x_wconf 84' lang='lat' dir='ltr'><strong>Rege</strong></span> <span class='ocrx_word' id='word_1_776' title='bbox 2049 4503 2207 4557; x_wconf 86' lang='lat' dir='ltr'><strong>Celeo</strong></span> <span class='ocrx_word' id='word_1_777' title='bbox 2237 4496 2549 4573; x_wconf 77' lang='lat' dir='ltr'><strong>Triptolemi</strong></span> <span class='ocrx_word' id='word_1_778' title='bbox 2574 4496 2586 4499; x_wconf 68' lang='grc'>⁷</span> <span class='ocrx_word' id='word_1_779' title='bbox 2609 4507 2760 4573; x_wconf 67' lang='lat' dir='ltr'><strong>patre</strong></span> <span class='ocrx_word' id='word_1_780' title='bbox 2815 4496 3187 4573; x_wconf 71' lang='lat' dir='ltr'><strong>liberalissime</strong></span> <span class='ocrx_word' id='word_1_781' title='bbox 3221 4497 3451 4564; x_wconf 78' lang='lat' dir='ltr'><strong>hospitio</strong></span> 
     </span>
    </p>
   </div>
   <div class='ocr_carea' id='block_1_114' title="bbox 1877 4564 3449 4641">
    <p class='ocr_par' dir='ltr' id='par_1_114' title="bbox 1877 4564 3449 4641">
     <span class='ocr_line' id='line_1_115' title="bbox 1877 4564 3449 4641; baseline -0.004 -14"><span class='ocrx_word' id='word_1_782' title='bbox 1877 4564 2097 4641; x_wconf 59' lang='lat' dir='ltr'><strong>excepta</strong></span> <span class='ocrx_word' id='word_1_783' title='bbox 2125 4581 2227 4627; x_wconf 86' lang='lat' dir='ltr'><strong>est.</strong></span> <span class='ocrx_word' id='word_1_784' title='bbox 2257 4564 2622 4641; x_wconf 76' lang='lat' dir='ltr'><strong>Quamobrem</strong></span> <span class='ocrx_word' id='word_1_785' title='bbox 2653 4569 2700 4622; x_wconf 94' lang='lat' dir='ltr'><strong>ei</strong></span> <span class='ocrx_word' id='word_1_786' title='bbox 2742 4581 2954 4621; x_wconf 90' lang='lat' dir='ltr'><strong>omnem</strong></span> <span class='ocrx_word' id='word_1_787' title='bbox 2987 4564 3325 4636; x_wconf 79' lang='lat' dir='ltr'><strong>agricultura:</strong></span> <span class='ocrx_word' id='word_1_788' title='bbox 3358 4582 3449 4621; x_wconf 83' lang='lat' dir='ltr'><strong>ra-</strong></span> 
     </span>
    </p>
   </div>
   <div class='ocr_carea' id='block_1_115' title="bbox 1879 4639 2567 4697">
    <p class='ocr_par' dir='ltr' id='par_1_115' title="bbox 1879 4639 2567 4697">
     <span class='ocr_line' id='line_1_116' title="bbox 1879 4639 2567 4697; baseline -0.004 0"><span class='ocrx_word' id='word_1_789' title='bbox 1879 4639 2077 4697; x_wconf 81' lang='lat' dir='ltr'><strong>tionem</strong></span> <span class='ocrx_word' id='word_1_790' title='bbox 2107 4639 2567 4695; x_wconf 66' lang='lat' dir='ltr'><strong>commonsuavit.</strong></span> 
     </span>
    </p>
   </div>
   <div class='ocr_carea' id='block_1_116' title="bbox 1969 4708 2664 4782">
    <p class='ocr_par' dir='ltr' id='par_1_116' title="bbox 1969 4708 2664 4782">
     <span class='ocr_line' id='line_1_117' title="bbox 1969 4708 2664 4782; baseline -0.004 -18"><span class='ocrx_word' id='word_1_791' title='bbox 1969 4711 2058 4782; x_wconf 82' lang='lat'><strong>95)</strong></span> <span class='ocrx_word' id='word_1_792' title='bbox 2097 4710 2231 4777; x_wconf 77' lang='grc' dir='ltr'>Τήν.</span> <span class='ocrx_word' id='word_1_793' title='bbox 2274 4710 2409 4782; x_wconf 63' lang='grc' dir='ltr'>Βεε.</span> <span class='ocrx_word' id='word_1_794' title='bbox 2436 4709 2526 4779; x_wconf 87' lang='lat' dir='ltr'><strong>ph,</strong></span> <span class='ocrx_word' id='word_1_795' title='bbox 2548 4708 2664 4782; x_wconf 71' lang='grc' dir='ltr'>τῆς.</span> 
     </span>
    </p>
   </div>
   <div class='ocr_carea' id='block_1_117' title="bbox 1970 4726 3444 4850">
    <p class='ocr_par' dir='ltr' id='par_1_117' title="bbox 1970 4726 3444 4850">
     <span class='ocr_line' id='line_1_118' title="bbox 1970 4726 3444 4850; baseline -0.003 -15"><span class='ocrx_word' id='word_1_796' title='bbox 2088 4726 2781 4850; x_wconf 40' lang='grc' dir='ltr'><strong>ἔιὲἓόςιῗθξίορῗιῖθζηῗίεεδ.</strong></span> <span class='ocrx_word' id='word_1_797' title='bbox 2819 4786 2882 4850; x_wconf 85' lang='lat' dir='ltr'><strong>et_</strong></span> <span class='ocrx_word' id='word_1_798' title='bbox 2910 4785 3027 4850; x_wconf 78' lang='lat' dir='ltr'><strong>tres</strong></span> <span class='ocrx_word' id='word_1_799' title='bbox 3051 4774 3222 4850; x_wconf 83' lang='lat' dir='ltr'><strong>Colb._</strong></span> <span class='ocrx_word' id='word_1_800' title='bbox 3255 4774 3310 4850; x_wconf 81' lang='lat' dir='ltr'><strong>In</strong></span> <span class='ocrx_word' id='word_1_801' title='bbox 3336 4774 3444 4850; x_wconf 70' lang='lat' dir='ltr'><strong>ed.,</strong></span> 
     </span>
    </p>
   </div>
   <div class='ocr_carea' id='block_1_118' title="bbox 1881 4843 3447 4922">
    <p class='ocr_par' dir='ltr' id='par_1_118' title="bbox 1881 4843 3447 4922">
     <span class='ocr_line' id='line_1_119' title="bbox 1881 4843 3447 4922; baseline -0.003 -18"><span class='ocrx_word' id='word_1_802' title='bbox 1881 4843 2072 4922; x_wconf 77' lang='grc' dir='ltr'>μηρόν.</span> <span class='ocrx_word' id='word_1_803' title='bbox 2115 4843 2313 4922; x_wconf 67' lang='grc' dir='ltr'>Αῇωιῖίι</span> <span class='ocrx_word' id='word_1_804' title='bbox 2354 4851 2417 4902; x_wconf 86' lang='lat' dir='ltr'><strong>ad</strong></span> <span class='ocrx_word' id='word_1_805' title='bbox 2456 4843 2711 4903; x_wconf 80' lang='lat' dir='ltr'><strong>fabulam</strong></span> <span class='ocrx_word' id='word_1_806' title='bbox 2733 4846 2946 4910; x_wconf 86' lang='lat' dir='ltr'><strong>Bacchi,</strong></span> <span class='ocrx_word' id='word_1_807' title='bbox 2982 4846 3070 4912; x_wconf 86' lang='lat' dir='ltr'><strong>qui</strong></span> <span class='ocrx_word' id='word_1_808' title='bbox 3099 4860 3165 4899; x_wconf 80' lang='lat' dir='ltr'><strong>ex</strong></span> <span class='ocrx_word' id='word_1_809' title='bbox 3193 4843 3341 4900; x_wconf 80' lang='lat' dir='ltr'><strong>Jovis</strong></span> <span class='ocrx_word' id='word_1_810' title='bbox 3370 4844 3447 4900; x_wconf 77' lang='lat' dir='ltr'><strong>fe-</strong></span> 
     </span>
    </p>
   </div>
   <div class='ocr_carea' id='block_1_119' title="bbox 1879 4921 2483 4989">
    <p class='ocr_par' dir='ltr' id='par_1_119' title="bbox 1879 4921 2483 4989">
     <span class='ocr_line' id='line_1_120' title="bbox 1879 4921 2483 4989; baseline -0.005 -13"><span class='ocrx_word' id='word_1_811' title='bbox 1879 4921 2028 4976; x_wconf 85' lang='lat' dir='ltr'><strong>tnore</strong></span> <span class='ocrx_word' id='word_1_812' title='bbox 2066 4930 2221 4974; x_wconf 85' lang='lat' dir='ltr'><strong>natus</strong></span> <span class='ocrx_word' id='word_1_813' title='bbox 2248 4921 2483 4989; x_wconf 79' lang='lat' dir='ltr'><strong>tingitur.</strong></span> 
     </span>
    </p>
   </div>
   <div class='ocr_carea' id='block_1_120' title="bbox 1948 4982 3442 5062">
    <p class='ocr_par' dir='ltr' id='par_1_120' title="bbox 1948 4982 3442 5062">
     <span class='ocr_line' id='line_1_121' title="bbox 1948 4982 3442 5062; baseline -0.006 -17"><span class='ocrx_word' id='word_1_814' title='bbox 1948 4991 2059 5062; x_wconf 84' lang='lat'><strong>(97)</strong></span> <span class='ocrx_word' id='word_1_815' title='bbox 2098 4993 2275 5045; x_wconf 73' lang='grc' dir='ltr'><strong>Ἀλλο</strong></span> <span class='ocrx_word' id='word_1_816' title='bbox 2304 4982 2357 5043; x_wconf 67' lang='grc' dir='ltr'>τῖ</span> <span class='ocrx_word' id='word_1_817' title='bbox 2384 4989 2639 5059; x_wconf 70' lang='grc' dir='ltr'>κεφαλή.</span> <span class='ocrx_word' id='word_1_818' title='bbox 2677 4986 2965 5040; x_wconf 81' lang='lat' dir='ltr'><strong>Minervam</strong></span> <span class='ocrx_word' id='word_1_819' title='bbox 2994 4983 3254 5054; x_wconf 86' lang='lat' dir='ltr'><strong>intelligit,</strong></span> <span class='ocrx_word' id='word_1_820' title='bbox 3294 4999 3325 5039; x_wconf 90' lang='lat' dir='ltr'><strong>e</strong></span> <span class='ocrx_word' id='word_1_821' title='bbox 3349 4982 3442 5037; x_wconf 77' lang='lat' dir='ltr'><strong>Ju-</strong></span> 
     </span>
    </p>
   </div>
   <div class='ocr_carea' id='block_1_121' title="bbox 1878 5061 2806 5128">
    <p class='ocr_par' dir='ltr' id='par_1_121' title="bbox 1878 5061 2806 5128">
     <span class='ocr_line' id='line_1_122' title="bbox 1878 5061 2806 5128; baseline -0.006 -14"><span class='ocrx_word' id='word_1_822' title='bbox 1878 5061 1959 5114; x_wconf 89' lang='lat' dir='ltr'><strong>vis</strong></span> <span class='ocrx_word' id='word_1_823' title='bbox 1986 5062 2162 5127; x_wconf 84' lang='lat' dir='ltr'><strong>capite</strong></span> <span class='ocrx_word' id='word_1_824' title='bbox 2194 5070 2397 5120; x_wconf 84' lang='lat' dir='ltr'><strong>natam,</strong></span> <span class='ocrx_word' id='word_1_825' title='bbox 2425 5061 2577 5128; x_wconf 80' lang='lat' dir='ltr'><strong>juxta</strong></span> <span class='ocrx_word' id='word_1_826' title='bbox 2602 5067 2806 5128; x_wconf 69' lang='lat' dir='ltr'><strong>poetas.</strong></span> 
     </span>
    </p>
   </div>
   <div class='ocr_carea' id='block_1_122' title="bbox 1949 5122 3441 5200">
    <p class='ocr_par' dir='ltr' id='par_1_122' title="bbox 1949 5122 3441 5200">
     <span class='ocr_line' id='line_1_123' title="bbox 1949 5122 3441 5200; baseline -0.007 -16"><span class='ocrx_word' id='word_1_827' title='bbox 1949 5122 2489 5200; x_wconf 70' lang='grc' dir='ltr'>(98)Τεννωμένής.</span> <span class='ocrx_word' id='word_1_828' title='bbox 2558 5122 2691 5181; x_wconf 85' lang='lat' dir='ltr'><strong>Tres</strong></span> <span class='ocrx_word' id='word_1_829' title='bbox 2720 5125 2866 5180; x_wconf 90' lang='lat' dir='ltr'><strong>Colb.</strong></span> <span class='ocrx_word' id='word_1_830' title='bbox 2915 5134 2967 5176; x_wconf 89' lang='lat' dir='ltr'><strong>et</strong></span> <span class='ocrx_word' id='word_1_831' title='bbox 3011 5122 3159 5191; x_wconf 85' lang='lat' dir='ltr'><strong>Sav.,</strong></span> <span class='ocrx_word' id='word_1_832' title='bbox 3200 5125 3441 5193; x_wconf 82' lang='grc' dir='ltr'>γενωμέ-</span> 
     </span>
    </p>
   </div>
   <div class='ocr_carea' id='block_1_123' title="bbox 1877 5217 1992 5253">
    <p class='ocr_par' dir='ltr' id='par_1_123' title="bbox 1877 5217 1992 5253">
     <span class='ocr_line' id='line_1_124' title="bbox 1877 5217 1992 5253; baseline 0 0"><span class='ocrx_word' id='word_1_833' title='bbox 1877 5217 1992 5253; x_wconf 69' lang='grc' dir='ltr'>νηί.</span> 
     </span>
    </p>
   </div>
   <div class='ocr_carea' id='block_1_124' title="bbox 1931 5236 3435 5339">
    <p class='ocr_par' dir='ltr' id='par_1_124' title="bbox 1931 5236 3435 5339">
     <span class='ocr_line' id='line_1_125' title="bbox 1931 5236 3435 5339; baseline -0.009 -16"><span class='ocrx_word' id='word_1_834' title='bbox 1931 5236 2059 5339; x_wconf 42' lang='grc'><strong>⁸’(99)</strong></span> <span class='ocrx_word' id='word_1_835' title='bbox 2088 5260 2240 5322; x_wconf 74' lang='grc' dir='ltr'><strong>Οὐδὲ</strong></span> <span class='ocrx_word' id='word_1_836' title='bbox 2283 5270 2653 5335; x_wconf 72' lang='grc' dir='ltr'>Ταύρωι·,θιρ.</span> <span class='ocrx_word' id='word_1_837' title='bbox 2691 5264 2840 5332; x_wconf 85' lang='lat' dir='ltr'><strong>Apud</strong></span> <span class='ocrx_word' id='word_1_838' title='bbox 2877 5261 3082 5339; x_wconf 81' lang='lat' dir='ltr'><strong>Tauros</strong></span> <span class='ocrx_word' id='word_1_839' title='bbox 3110 5262 3161 5315; x_wconf 91' lang='lat' dir='ltr'><strong>in</strong></span> <span class='ocrx_word' id='word_1_840' title='bbox 3197 5260 3435 5330; x_wconf 84' lang='lat' dir='ltr'><strong>Scythia,</strong></span> 
     </span>
    </p>
   </div>
   <div class='ocr_carea' id='block_1_125' title="bbox 1877 5334 3438 5397">
    <p class='ocr_par' dir='ltr' id='par_1_125' title="bbox 1877 5334 3438 5397">
     <span class='ocr_line' id='line_1_126' title="bbox 1877 5334 3438 5397; baseline -0.005 -6"><span class='ocrx_word' id='word_1_841' title='bbox 1877 5334 1993 5392; x_wconf 83' lang='lat' dir='ltr'><strong>erat</strong></span> <span class='ocrx_word' id='word_1_842' title='bbox 2041 5334 2321 5391; x_wconf 79' lang='lat' dir='ltr'><strong>delubrum</strong></span> <span class='ocrx_word' id='word_1_843' title='bbox 2382 5334 2560 5389; x_wconf 76' lang='lat' dir='ltr'><strong>Diana:</strong></span> <span class='ocrx_word' id='word_1_844' title='bbox 2600 5342 2995 5394; x_wconf 83' lang='lat' dir='ltr'><strong>consecratum,</strong></span> <span class='ocrx_word' id='word_1_845' title='bbox 3034 5334 3084 5384; x_wconf 86' lang='lat' dir='ltr'><strong>in</strong></span> <span class='ocrx_word' id='word_1_846' title='bbox 3113 5346 3217 5397; x_wconf 87' lang='lat' dir='ltr'><strong>quo</strong></span> <span class='ocrx_word' id='word_1_847' title='bbox 3252 5346 3438 5383; x_wconf 83' lang='lat' dir='ltr'><strong>omnes</strong></span> 
     </span>
    </p>
   </div>
   <div class='ocr_carea' id='block_1_126' title="bbox 1877 5399 3433 5475">
    <p class='ocr_par' dir='ltr' id='par_1_126' title="bbox 1877 5399 3433 5475">
     <span class='ocr_line' id='line_1_127' title="bbox 1877 5399 3433 5475; baseline -0.008 -12"><span class='ocrx_word' id='word_1_848' title='bbox 1877 5410 2069 5470; x_wconf 61' lang='lat' dir='ltr'><strong>Graeci,</strong></span> <span class='ocrx_word' id='word_1_849' title='bbox 2125 5410 2212 5475; x_wconf 88' lang='lat' dir='ltr'><strong>qui</strong></span> <span class='ocrx_word' id='word_1_850' title='bbox 2276 5404 2665 5475; x_wconf 77' lang='lat' dir='ltr'><strong>peregrinando</strong></span> <span class='ocrx_word' id='word_1_851' title='bbox 2709 5404 2774 5456; x_wconf 90' lang='lat' dir='ltr'><strong>ad</strong></span> <span class='ocrx_word' id='word_1_852' title='bbox 2814 5416 2879 5455; x_wconf 86' lang='lat' dir='ltr'><strong>ea</strong></span> <span class='ocrx_word' id='word_1_853' title='bbox 2913 5400 3026 5454; x_wconf 89' lang='lat' dir='ltr'><strong>loca</strong></span> <span class='ocrx_word' id='word_1_854' title='bbox 3080 5399 3433 5463; x_wconf 87' lang='lat' dir='ltr'><strong>divertehant,</strong></span> 
     </span>
    </p>
   </div>
   <div class='ocr_carea' id='block_1_127' title="bbox 1879 5478 2309 5531">
    <p class='ocr_par' dir='ltr' id='par_1_127' title="bbox 1879 5478 2309 5531">
     <span class='ocr_line' id='line_1_128' title="bbox 1879 5478 2309 5531; baseline -0.009 0"><span class='ocrx_word' id='word_1_855' title='bbox 1879 5478 2309 5531; x_wconf 81' lang='lat' dir='ltr'><strong>immolabantur.</strong></span> 
     </span>
    </p>
   </div>
   <div class='ocr_carea' id='block_1_128' title="bbox 1946 5538 3435 5617">
    <p class='ocr_par' dir='ltr' id='par_1_128' title="bbox 1946 5538 3435 5617">
     <span class='ocr_line' id='line_1_129' title="bbox 1946 5538 3435 5617; baseline -0.006 -18"><span class='ocrx_word' id='word_1_856' title='bbox 1946 5546 2021 5617; x_wconf 76' lang='lat' dir='ltr'><strong>(i)</strong></span> <span class='ocrx_word' id='word_1_857' title='bbox 2046 5546 2153 5599; x_wconf 71' lang='lat' dir='ltr'><strong>Kal</strong></span> <span class='ocrx_word' id='word_1_858' title='bbox 2182 5543 2563 5617; x_wconf 52' lang='grc' dir='ltr'>Λακωνικῶν,</span> <span class='ocrx_word' id='word_1_859' title='bbox 2596 5552 2699 5617; x_wconf 68' lang='grc' dir='ltr'>εις.</span> <span class='ocrx_word' id='word_1_860' title='bbox 2732 5540 2890 5617; x_wconf 59' lang='lat' dir='ltr'><strong>Apud</strong></span> <span class='ocrx_word' id='word_1_861' title='bbox 2922 5538 3435 5617; x_wconf 61' lang='lat' dir='ltr'><strong>Lacaedemoniosjn</strong></span> 
     </span>
    </p>
   </div>
   <div class='ocr_carea' id='block_1_129' title="bbox 1878 5607 3435 5676">
    <p class='ocr_par' dir='ltr' id='par_1_129' title="bbox 1878 5607 3435 5676">
     <span class='ocr_line' id='line_1_130' title="bbox 1878 5607 3435 5676; baseline -0.006 -6"><span class='ocrx_word' id='word_1_862' title='bbox 1878 5607 2133 5671; x_wconf 80' lang='lat' dir='ltr'><strong>honorem</strong></span> <span class='ocrx_word' id='word_1_863' title='bbox 2181 5615 2359 5668; x_wconf 73' lang='lat' dir='ltr'><strong>Diana:</strong></span> <span class='ocrx_word' id='word_1_864' title='bbox 2393 5607 2584 5667; x_wconf 84' lang='lat' dir='ltr'><strong>festum</strong></span> <span class='ocrx_word' id='word_1_865' title='bbox 2615 5607 3005 5673; x_wconf 80' lang='lat' dir='ltr'><strong>celebrabatur,</strong></span> <span class='ocrx_word' id='word_1_866' title='bbox 3038 5608 3089 5662; x_wconf 84' lang='lat' dir='ltr'><strong>in</strong></span> <span class='ocrx_word' id='word_1_867' title='bbox 3121 5622 3229 5676; x_wconf 92' lang='lat' dir='ltr'><strong>quo</strong></span> <span class='ocrx_word' id='word_1_868' title='bbox 3257 5607 3435 5661; x_wconf 80' lang='lat' dir='ltr'><strong>adole-</strong></span> 
     </span>
    </p>
   </div>
   <div class='ocr_carea' id='block_1_130' title="bbox 1876 5678 3438 5754">
    <p class='ocr_par' dir='ltr' id='par_1_130' title="bbox 1876 5678 3438 5754">
     <span class='ocr_line' id='line_1_131' title="bbox 1876 5678 3438 5754; baseline -0.006 -14"><span class='ocrx_word' id='word_1_869' title='bbox 1876 5695 2087 5740; x_wconf 84' lang='lat' dir='ltr'><strong>scentes</strong></span> <span class='ocrx_word' id='word_1_870' title='bbox 2112 5684 2426 5738; x_wconf 82' lang='lat' dir='ltr'><strong>verberibus</strong></span> <span class='ocrx_word' id='word_1_871' title='bbox 2456 5698 2651 5754; x_wconf 85' lang='lat' dir='ltr'><strong>corpus</strong></span> <span class='ocrx_word' id='word_1_872' title='bbox 2674 5678 3098 5754; x_wconf 83' lang='lat' dir='ltr'><strong>proscindentes,</strong></span> <span class='ocrx_word' id='word_1_873' title='bbox 3133 5693 3281 5733; x_wconf 85' lang='lat' dir='ltr'><strong>aram</strong></span> <span class='ocrx_word' id='word_1_874' title='bbox 3310 5691 3438 5732; x_wconf 79' lang='lat' dir='ltr'><strong>san-</strong></span> 
     </span>
    </p>
   </div>
   <div class='ocr_carea' id='block_1_131' title="bbox 1876 5754 2467 5819">
    <p class='ocr_par' dir='ltr' id='par_1_131' title="bbox 1876 5754 2467 5819">
     <span class='ocr_line' id='line_1_132' title="bbox 1876 5754 2467 5819; baseline -0.003 -9"><span class='ocrx_word' id='word_1_875' title='bbox 1876 5756 2038 5819; x_wconf 72' lang='lat' dir='ltr'><strong>guine</strong></span> <span class='ocrx_word' id='word_1_876' title='bbox 2058 5754 2467 5819; x_wconf 71' lang='lat' dir='ltr'><strong>profundebant.</strong></span> 
     </span>
    </p>
   </div>
  </div>
