4010 6316
511 379 616 434 539
1747 382 1805 436 s.
1846 345 2174 438 animos"
2217 378 2566 438 'l‘llEOLOCl
3656 390 3748 438 σω

511 498 727 567 quidem
792 507 846 553 et
891 497 1162 568 ltyphalli,
1216 497 1406 553 formis
1477 507 1531 552 et
1581 499 1792 554 actibus
1839 502 2081 556 obsceni.

2200 500 2520 570 Ξαινομένων
2555 499 2632 568 (2)
2666 499 2787 560 ταῖς
2824 494 3069 568 μάστιξι,
3099 496 3190 549 καὶ
3221 493 3378 548 τοῦτο
3408 491 3562 564 μόνον
3587 495 3756 560 κακῶς

509 593 620 646 Nec
656 599 807 645 atrox
847 591 1147 644 Taurorum
1195 591 1248 644 in
1296 591 1538 660 hospites
1570 590 1778 657 feritas,
1831 607 1931 648 nec
1974 608 2081 648 ara:

2200 589 2607 662 ὶνδριξομένων,
2637 584 2719 654 οἷς
2753 592 2980 659 τιμᾶται
3019 587 3140 650 Θεὰ,
3169 587 3264 641 καὶ
3291 585 3458 639 ταῦτα
3489 586 3756 658 παρθένος.

508 679 710 738 affusus
762 681 1154 751 Spartanorum
1208 682 1611 738 adolescentum
1663 698 1844 748 cruor,
1897 683 2079 754 ﬂagris

2200 685 2248 736 3i
2273 683 2381 752 γὰρ
2413 683 2586 746 αὐτοὶ,
2616 682 2711 735 καὶ
2742 681 3014 752 μαλακίαν
3039 679 3328 750 ἐτίμησαν,
3348 679 3442 731 καὶ
3465 675 3756 749 θρασύτητα

508 787 628 830 sese
655 773 1034 838 laceranlium,
1085 783 1246 844 atque
1276 775 1377 829 hac
1407 789 1510 828 una
1546 775 1598 829 in
1627 789 1684 829 re
1722 774 1861 830 male
1890 776 2077 830 viriles

2184 774 2588 845 ἐσεϐάσθησαν.

508 863 723 919 animos
780 865 1106 935 gerentium,
1163 880 1191 918 a
1235 867 1427 935 quibus
1482 869 1581 922 dea
1632 867 1852 934 colitur,
1905 882 2082 938 eaque
2119 867 2290 937 virgo.
2333 866 2468 922 Nam
2516 869 2699 932 iidem,
2767 875 2820 922 et
2887 865 3166 921 mollitiem
3210 863 3396 918 honori
3462 863 3753 924 habuerunt

508 965 562 1011 et
587 957 865 1012 audaciam
907 959 1146 1014 venerati
1189 972 1334 1017 sunt.

585 1051 646 1106 V.
689 1051 807 1106 Jam
855 1052 1070 1123 Pelopis
1121 1053 1560 1122 dilaniationem,
1605 1056 1904 1110 esurientes
1950 1054 2078 1109 deos

509 1143 819 1207 satiantem,
857 1159 921 1199 ac
945 1159 1140 1199 saevam
1181 1154 1231 1198 et
1259 1143 1605 1199 inhumanam
1636 1144 2079 1215 hospitalitatem,

509 1250 618 1303 quo
647 1236 861 1290 tandem
894 1236 1010 1290 loco
1037 1237 1243 1306 pones?
1269 1236 1386 1303 Quo
1415 1238 1540 1291 item
1577 1237 1696 1292 loco
1725 1239 1990 1292 horrenda
2027 1248 2082 1291 et

511 1327 808 1395 caliginosa
855 1325 1072 1382 Hecatae
1098 1339 1334 1398 spectra,
1372 1327 1776 1398 Trophoniique
1809 1331 2084 1384 subterra-

512 1432 613 1472 nea
640 1415 847 1472 ludicra
887 1427 941 1473 et
969 1419 1241 1482 vaticinia,
1266 1429 1356 1472 aut
1389 1418 1663 1474 Dodonmaz
1690 1434 1924 1488 quercus
1952 1419 2083 1474 deli-

513 1517 778 1572 ramenta,
805 1519 898 1562 aut
936 1508 1204 1576 Delphicae
1255 1509 1477 1578 tripodis
1523 1510 1844 1579 praestigias,
1885 1521 1978 1566 aut
2007 1511 2087 1564 fa-

512 1599 707 1654 tidicos
763 1599 980 1654 Castalii
1042 1601 1202 1656 fontis
1270 1601 1495 1658 latices?
1559 1601 1689 1667 Qua:
1746 1603 1922 1656 omnia
1982 1603 2083 1659 hoc

513 1705 678 1744 unum
711 1692 991 1746 vaticinari
1022 1693 1243 1747 minime
1278 1702 1590 1763 potuerunt,
1620 1694 1874 1748 nimirum
1917 1695 2082 1750 silen-

2250 1049 2328 1104 E'.
2371 1049 2480 1101 Ποῦ
2527 1048 2583 1100 δὲ
2635 1048 2821 1119 Θήσεις
2863 1048 2962 1118 τὴν
3003 1047 3242 1110 Πέλοπος
3299 1045 3373 1116 (5)
3426 1045 3758 1115 κρεουργίαν,

2183 1142 2483 1205 πεινῶντας
2507 1142 2662 1204 θεοὺς
2687 1139 2972 1203 ἑστιῶσαν,
3001 1140 3094 1192 καὶ
3123 1137 3425 1208 φιλοξενίαν
3454 1137 3650 1206 πικρὰν
3675 1139 3759 1190 καὶ

2186 1237 2598 1306 ἁπάνορ‹ι›πον;
2658 1233 2762 1287 ποῦ
2814 1233 2870 1286 δὲ
2927 1231 3159 1302 Ἑκάτης
3205 1230 3278 1301 (4)
3331 1229 3402 1282 τὰ
3437 1228 3640 1300 φοϐερὰ
3677 1230 3757 1282 καῖ

2191 1327 2442 1384 σκοτεινὰ
2479 1329 2762 1396 φάσματα,
2791 1325 2884 1378 καί
2907 1323 3216 1395 Τροφωνίου
3239 1322 3316 1392 (5)
3346 1321 3483 1375 κατὰ
3511 1322 3612 1391 γῆς
3645 1321 3750 1375 παί-

2189 1437 2312 1490 γνια
2343 1419 2436 1472 καὶ
2473 1415 2852 1488 μαντεύματα,
2884 1415 2918 1485 ῆ
2951 1411 3268 1475 Δωδωναίοις
3305 1412 3466 1482 δρυὸς
3503 1411 3577 1480 (ti)
3608 1411 3762 1482 ληρή-

2193 1530 2356 1584 ματα,
2389 1510 2422 1581 ἢ
2457 1509 2708 1580 τρίποδος
2733 1505 2996 1576 Δελφικοῦ
3025 1505 3098 1576 (7)
3133 1504 3458 1575 σοφίσματα,
3490 1503 3522 1574 ἢ
3559 1506 3751 1557 Kasta-

2185 1604 2302 1666 λίας
2334 1601 2410 1671 (8)
2444 1599 2706 1671 μαντικὸν
2759 1598 2942 1668 ardua;
2983 1596 3154 1649 Τοῦτο
3184 1596 3341 1666 μόνον
3376 1597 3436 1648 οὐ
3471 1596 3738 1666 μαντευσά

2189 1712 2345 1766 μενα,
2379 1692 2480 1763 τὴν
2511 1690 2718 1746 ἑαυτῶν
2760 1690 2993 1760 σιωπήν.
3037 1687 3169 1741 οὐδὲ
3197 1687 3401 1756 Μάγων
3451 1686 3526 1756 (9)
3561 1686 3762 1757 Θυτικὴ,

511 1783 645 1834 tium
673 1796 849 1834 suum.
884 1781 994 1836 Nec
1042 1781 1314 1852 Magorum
1364 1784 1533 1854 680
1581 1798 1668 1838 ars
1701 1785 2041 1839 sacrificandi
2067 1826 2082 1850 ,

2200 1785 2283 1838 ιιαὶ
2315 1783 2625 1855 πρόγνωσις
2653 1780 2903 1850 ἔντομος·
2935 1779 3027 1832 καὶ
3056 1777 3338 1856 Χαλδαίων
3379 1778 3491 1848 (10)
3520 1778 3741 1848 ἀστρονο

512 1879 674 1940 atque
707 1887 771 1926 ex
822 1873 1164 1926 victimarum
1218 1874 1484 1929 incisione
1521 1875 1825 1950 futurorum
1855 1890 2083 1945 presen-

510 1964 631 2018 sio:
671 1978 768 2018 nec
792 1963 1160 2019 Chaldaeorum
1193 1966 1484 2036 astrologia
1519 1979 1574 2020 et
1599 1965 1948 2020 nativitatum
1983 1966 2083 2020 ob-

511 2059 768 2121 servatio,
825 2073 912 2112 res
951 2067 1164 2114 nostras
1201 2058 1392 2113 eodem
1443 2074 1566 2114 cum
1618 2058 1892 2113 sideribus
1930 2068 2081 2113 motu

509 2149 752 2214 volvens,
793 2164 914 2202 cum
952 2160 1129 2204 tamen
1163 2151 1285 2219 ipsi,
1342 2164 1440 2204 nec
1474 2150 1600 2218 quid
1633 2151 1759 2214 sint,
1795 2159 1888 2204 aut
1921 2151 2080 2203 futuri

508 2241 636 2305 sint,
666 2241 937 2310 cognitum
978 2242 1180 2295 habere
1227 2251 1447 2309 queant.
1493 2239 1602 2296 Nec
1637 2241 1904 2295 Thracum
1933 2242 2082 2312 orgia

509 2332 624 2386 lucc
651 2341 798 2396 sunt,
835 2348 864 2386 a
898 2333 1096 2402 quibus
1129 2343 1182 2386 et
1208 2333 1522 2402 religionem
1553 2344 1731 2388 natam
1759 2349 1878 2389 esse
1901 2335 2078 2388 aiunt:

507 2438 608 2476 nec
634 2422 835 2492 Orphei
875 2438 1028 2477 sacra
1063 2433 1118 2477 et
1147 2426 1423 2494 mysteria,
1458 2440 1618 2495 quem
1662 2424 1835 2480 Graeci
1868 2426 2084 2494 sapien-

511 2513 599 2563 tia:
649 2511 865 2564 nomine
919 2512 1055 2565 adeo
1108 2522 1509 2582 suspexerunt,
1565 2525 1622 2567 ut
1668 2515 1832 2568 etiam
1887 2514 2079 2586 lyram,

508 2619 629 2672 qua:
661 2603 842 2656 fidium
887 2603 1127 2672 pulsibus
1177 2593 1354 2658 om'nia
1400 2605 1762 2673 pertraheret,
1807 2605 1905 2675 ipsi
1930 2605 2082 2660 cllin-

509 2695 707 2749 xerint.
764 2693 873 2749 Nec
924 2695 1135 2750 Mithra:
1173 2695 1376 2764 justum
1427 2697 1686 2751 adversus
1735 2711 1830 2750 eos
1879 2697 2084 2767 suppli-

509 2789 672 2850 cium,
715 2789 805 2855 qui
846 2787 1144 2855 huiusmodi
1195 2790 1366 2844 sacris
1401 2789 1606 2843 initiari
1637 2791 1931 2844 sustinent.
1975 2788 2084 2845 Nec

508 2876 741 2932 Osiridis
792 2878 1184 2939 lacerationes,
1236 2879 1340 2932 alia
1407 2878 1720 2944 calamitas,
1769 2895 1888 2949 qure
1945 2881 2083 2948 apud

509 2967 793 3038 [Egyptios
855 2971 1070 3024 colitur.
1131 2970 1243 3025 Nec
1298 2971 1454 3027 Isidis
1523 2970 1860 3034 infortunia,
1924 2982 2084 3041 atque

511 3062 649 3115 hirci
699 3060 986 3116 Mendesiis
1044 3061 1176 3130 ipsis
1222 3063 1685 3129 venerabiliores;
1748 3079 1848 3117 nec
1897 3063 2086 3132 Apidis

2189 1873 2288 1943 μία
2321 1854 2413 1926 καὶ
2442 1870 2876 1941 γενεθλιαλογία,
2900 1871 2966 1940 τῇ
2993 1868 3101 1920 τῶν
3123 1854 3386 1938 οὐρανίων
3409 1870 3620 1938 κινήσει
3647 1885 3749 1937 συμ

2187 1962 2426 2034 φέρουσα
2456 1963 2566 2033 (11)
2593 1962 2663 2015 τὰ
2687 1961 2950 2031 ἡμέτερα,
2984 1959 3094 2011 τῶν
3133 1957 3266 2028 μηδὲ
3292 1959 3516 2019 ἑαυτοὺς
3550 1957 3579 2009 ὃ
3602 1957 3653 2008 τί
3681 1973 3768 2008 πο-

2185 2073 2244 2108 τε
2277 2056 2433 2116 είσὶν,
2469 2055 2502 2125 ἢ
2533 2054 2768 2116 ἔσονται,
2790 2051 2993 2120 γνῶναι
3019 2049 3332 2119 δυναμένων
3357 2065 3370 2078 ⁸
3397 2048 3519 2100 οὐδὲ
3549 2047 3769 2118 Θρᾳκῶν

2185 2147 2343 2218 ὄργια
2367 2147 2478 2216 (12)
2503 2144 2697 2209 ταῦτα,
2733 2144 2863 2214 παρ’
2883 2135 2957 2195 ὧν
2995 2141 3089 2194 καὶ
3117 2141 3176 2193 τὸ
3207 2138 3559 2211 Ορησκεύειν,
3587 2139 3660 2201 ὡς
3691 2138 3768 2190 λό-

2185 2253 2279 2304 γος
2299 2253 2310 2264 ·
2335 2236 2456 2289 οὐδὲ
2485 2235 2727 2305 Ὀρφέως
2756 2233 2972 2286 τελεταὶ
2994 2232 3088 2285 καὶ
3121 2234 3413 2302 μυστήρια,
3440 2231 3500 2283 ὃν
3527 2230 3769 2284 τοσοῦτον

2189 2326 2450 2397 Ἕλληνες
2485 2327 2576 2378 ἐπὶ
2616 2325 2778 2396 σοφίᾳ
2811 2323 3147 2394 ἐθαύμασαν,
3180 2322 3318 2374 ὥστε
3357 2323 3449 2375 καὶ
3482 2322 3653 2392 λύραν
3681 2323 3768 2374 αὐ-

2185 2417 2264 2488 τῷ
2317 2418 2549 2481 ποιοῦσι,
2592 2419 2770 2471 πάντα
2823 2420 2933 2480 τοῖς
2969 2416 3278 2487 κρούμασιν
3315 2415 3617 2468 ἕλκουσαν
3655 2414 3770 2468 οὐδὲ

2187 2511 2393 2581 Μίθρου
2430 2511 2540 2580 (15)
2573 2510 2794 2572 κόλασις
2833 2508 3057 2571 ἔνδικος,
3098 2508 3239 2560 κατὰ
3281 2506 3388 2558 τῶν
3430 2506 3678 2576 μυεῖσθαι
3706 2505 3769 2558 τὰ

2185 2601 2410 2656 τοιαῦτα
2429 2602 2771 2673 ἀνεχομένων
2788 2618 2801 2632 ·
2835 2601 2955 2654 οὐδὲ
2994 2599 3253 2671 Ὀσίριδος
3278 2600 3616 2671 σπαραγμοὶ,
3643 2599 3768 2670 ἄλλη

2189 2694 2441 2765 συμφορὰ
2462 2692 2746 2764 τιμωμένη
2780 2694 2907 2763 παρ’
2934 2691 3281 2759 Αἰγυπτίοις·
3307 2690 3426 2743 οὐδὲ
3453 2690 3768 2760 Ἴσιδος(11)

2188 2789 2530 2859 ἀτυχήματα,
2575 2790 2668 2840 καὶ
2709 2788 2900 2859 τράγοι
2949 2789 3262 2860 Μενδησίων
3289 2787 3400 2858 (15)
3428 2787 3765 2856 αἰδεσιμώτε.⁹

2189 2898 2292 2950 ροι,
2333 2882 2428 2934 καὶ
2462 2881 2688 2944 Ἀπιδος
2715 2881 2910 2951 φάτνη,
2951 2882 3154 2952 μόσχου
3189 2882 3648 2952 κατατρυφῶντος
3677 2878 3772 2947 τῆς

2188 2972 2489 3042 Μεμφιτῶν
2533 2973 2815 3044 εὐηθείας⁶
2867 2973 2975 3026 οὐδ’
3027 2975 3127 3027 ὅσα
3174 2973 3263 3026 τὸν
3318 2974 3511 3027 Νεῖλον
3541 2975 3662 3034 ταῖς
3692 2988 3766 3022 τι·

2192 3067 2320 3134 μαῖς
2359 3065 2772 3138 καθυϐρίζουσι,
2804 3068 2894 3119 τὸν
2935 3069 3296 3138 καρποδότην,
3342 3069 3418 3131 ὡς
3452 3068 3772 3140 ἁνυμνοῦσιν

509 3167 767 3222 praesepe,
801 3153 901 3207 hoc
922 3160 1028 3217 est,
1053 3153 1200 3207 vituli
1227 3194 1241 3216 ,
1276 3153 1693 3222 Memphitarum
1727 3153 1978 3208 vecordia
2008 3153 2073 3206 ad

2200 3157 2354 3219 ιὺτοὶ,
2390 3159 2484 3210 καὶ
2507 3157 2778 3228 εΰσταχυν
2797 3159 2932 3229 (16),
2958 3159 3052 3212 καὶ
3079 3159 3379 3230 μετροῦντα
3406 3160 3507 3231 τὴν
3532 3159 3770 3228 εὐδαιμο-

511 3245 694 3298 luxum
731 3244 1022 3299 abutentis.
1060 3243 1171 3298 Nec
1195 3258 1382 3300 omnes
1417 3244 1451 3298 ii
1483 3244 1736 3308 honores,
1769 3244 1964 3313 quibus
1991 3243 2083 3297 Ni-

2190 3247 2306 3300 νίαν
2334 3250 2442 3310 τοῖς
2478 3249 2731 3320 πήχεσιν.

509 3344 616 3388 tum
647 3335 998 3403 dedecorant,
1039 3336 1211 3404 illum,
1243 3337 1485 3406 inquam,
1528 3337 1739 3408 frugum
1771 3347 2070 3408 parentem,
2145 3349 2203 3392 ut
2271 3341 2368 3410 ipsi
2437 3344 2753 3410 prtedicaut,
2799 3342 3067 3412 spicisque
3118 3344 3392 3412 copiosum
3435 3353 3491 3398 et
3543 3343 3770 3413 locuple-

509 3438 640 3493 tem,
671 3438 832 3499 atque
873 3431 1176 3485 ubertatem
1213 3430 1412 3484 cubitis
1441 3431 1773 3486 metientem.
1810 3472 1812 3474 τ

583 3523 669 3578 Vl.
723 3523 876 3578 Mitto
906 3523 1048 3579 enim
1101 3523 1373 3593 replilium
1409 3533 1465 3579 et
1502 3525 1688 3579 vilium
1735 3526 2088 3582 animalculo‘

510 3631 625 3669 rum
689 3616 968 3678 honores,
1011 3630 1074 3670 ac
1133 3615 1406 3684 profusam
1471 3615 1896 3684 obscenitatem;
1955 3634 2090 3688 quo-

510 3723 627 3762 rum
670 3707 920 3777 privatim
981 3706 1196 3775 quidem
1259 3721 1356 3760 sua
1411 3707 1607 3776 cuique
1639 3722 1794 3763 sacra
1842 3721 1896 3764 et
1949 3710 2085 3764 festa

581 3825 656 3894 (Ξ)
683 3823 1078 3896 Ξαινομένῳν.
1136 3821 1372 3896 Nicelas,
1403 3839 1560 3893 quem
1605 3827 1848 3896 sequitur
1881 3827 2087 3895 Billius,

511 3896 830 4019 Ie;|l_t,.l;r:ap‘
863 3895 1127 3966 ἀλλήλων,
1173 3913 1191 3946 ι
1221 3895 1486 3960 invicem;
1517 3913 1536 3948 ι
1579 3895 1825 3968 quamvis
1862 3899 1999 3953 desit
2034 3900 2087 3952 in

511 3981 678 4019 COtICI
724 3980 806 4019 us.

511 3967 806 4021 codicibus.

581 4035 658 4107 (ὅ)
683 4035 975 4102 Πέλοπος,
1018 4045 1144 4108 etc.
1183 4034 1440 4108 Tantalus
1485 4037 1616 4108 deos
1660 4039 1929 4108 quondam
1988 4040 2088 4095 ho-

512 4106 677 4176 spitio
717 4108 993 4176 excepisse
1046 4106 1262 4168 dicitur,
1294 4106 1567 4175 liliumque
1599 4106 1846 4176 Pelopem
1883 4120 2087 4165 macta-

514 4175 648 4238 tum,
673 4191 736 4230 ac
761 4175 982 4248 ferventi
1021 4191 1158 4248 aqua
1189 4185 1424 4248 coetum.
1461 4179 1526 4248 iis
1553 4175 1886 4248 apposuisse.

585 4248 660 4318 (ὦ)
696 4245 919 4318 Ποῦγδὲ
956 4246 1224 4318 Ἑκάτης.
1272 4245 1520 4302 Nonnulli
1559 4245 1654 4317 p'e'r
1691 4247 1948 4318 Hecaten,
1987 4249 2093 4303 Lu-

513 4317 639 4372 nam
692 4317 1011 4385 intclligunt.
1057 4317 1158 4370 Alii
1197 4317 1351 4371 deam
1401 4327 1560 4371 noctu
1629 4317 2088 4383 obambulantem,

513 4389 726 4444 leonum
760 4401 920 4440 curru
963 4397 1194 4452 vectam,
1228 4401 1291 4440 ac
1319 4387 1658 4456 serpentibus
1685 4396 1741 4442 et
1769 4387 2092 4443 draconibus

514 4459 746 4526 undique
784 4457 1039 4510 cinctam.

2264 3529 2353 3593 (τ’.
2411 3527 2514 3578 Ἑῶ
2543 3526 2650 3597 γὰρ
2671 3525 2852 3594 λέγειν
2882 3524 3130 3597 ἑρπετῶν
3158 3527 3251 3578 καὶ
3281 3526 3572 3580 κνωδάλων
3595 3525 3757 3597 τιμὰς

2192 3618 2374 3676 καὶτὸ
2402 3621 2500 3690 τῆς
2525 3618 2912 3690 ἀσχημοσύνης
2947 3618 3254 3688 φιλότιμον
3281 3612 3355 3672 ὧν
3388 3619 3511 3672 καθ’
3547 3618 3774 3672 ἕκαστον

2194 3712 2297 3765 ἰδία
2324 3729 2407 3776 τις
2431 3710 2618 3782 τελετὴ
2650 3713 2744 3766 καὶ
2778 3713 3088 3784 πανήγυρις
3115 3711 3247 3784 (17),
3270 3713 3362 3766 καὶ
3392 3712 3572 3766 κοινὸν
3601 3712 3663 3764 τὸ
3683 3710 3774 3780 τῆς

2267 3831 2377 3902 (10)
2403 3831 2732 3885 Χαλδαίων.
2781 3831 3017 3902 Chaldaei
3049 3831 3313 3902 celebres,
3356 3839 3552 3902 utpote
3585 3831 3676 3899 qui
3712 3845 3772 3882 ex

2195 3900 2464 3956 astrorum
2527 3901 2978 3970 contemplatione
3015 3900 3242 3970 plurima
3309 3900 3678 3954 observabant
3725 3909 3769 3952 et

2194 3971 2590 4036 conjectabant.

2264 4043 2373 4111 (11)
2405 4041 2824 4110 Συμφέρουσα.
2853 4039 2982 4108 Reg.
3009 4055 3060 4105 c,
3102 4038 3273 4096 Nicet.
3308 4049 3362 4096 et
3385 4038 3605 4106 Comb.,
3640 4057 3773 4112 συμ-

2193 4112 2584 4182 περιφέρουσα.

2263 4178 2855 4254 (12)’Θρᾳκῶνᾲδρτια.
2908 4180 3148 4254 Thraces
3181 4179 3352 4254 primi
3383 4178 3624 4254 fuerunt,
3651 4181 3770 4254 ‘qui

2197 4253 2334 4307 Deos
2357 4249 2538 4306 colere
2561 4249 2887 4306 didicerunt.
2949 4249 3097 4320 Unde
3127 4249 3421 4320 θρησκεία,
3463 4268 3481 4300 ι
3510 4251 3722 4320 religio,
3751 4269 3768 4298 ο

2197 4340 2224 4374 a
2263 4320 2563 4376 Thracibus
2608 4336 2799 4375 nomen
2850 4321 3020 4374 duxit.
3064 4319 3194 4384 Ipsis
3221 4319 3399 4372 etiam
3469 4319 3775 4373 Thracibus

2195 4391 2409 4515 ὸοιξίε
2435 4410 2478 4457 ι,
2540 4391 2592 4445 id
2643 4400 2747 4456 est,
2802 4390 3056 4460 mysteria
3090 4400 3144 4443 et
3189 4405 3343 4444 sacra
3370 4390 3507 4444 festa
3547 4391 3771 4443 tradidit

2247 4475 2303 4515 ru
2347 4476 2461 4514 eus.

2247 4475 2461 4528 rpnens.

586 4525 672 4616 (ξ)
696 4525 1568 4616 Tpogswlr'iov,_ctc.'Trophonius
1617 4526 1802 4609 gloria:
1841 4527 2085 4616 cupidus,

2229 4602 2240 4613 ι
2265 4525 2374 4601 (15)
2403 4525 2962 4616 ΜίθροιχξιΙΙξιίιίιταε,
2987 4547 3009 4616 ξ
3035 4528 3087 4616 ild
3117 4535 3218 4616 est,
3255 4527 3490 4616 t§o)i5,r
3519 4530 3618 4597 qui
3650 4544 3778 4608 pra»-

513 4613 567 4652 et
599 4600 731 4652 deus
762 4597 899 4664 apud
929 4598 1172 4652 homines
1199 4597 1386 4651 haberi
1438 4598 1679 4665 cupiens,
1733 4599 1785 4651 in
1813 4599 2090 4652 subterra-

518 4683 676 4721 neam
721 4666 1006 4737 quamdam
1057 4681 1274 4737 specum
1333 4681 1392 4720 se
1423 4667 1650 4728 abdidit,
1711 4668 1894 4737 ibique
1926 4669 2088 4722 vitam

518 4737 708 4790 finivit.
769 4736 981 4790 Daunon
1008 4738 1222 4805 quidam
1257 4736 1307 4788 in
1341 4751 1403 4788 ea
1434 4751 1594 4805 specu
1630 4737 1730 4792 sibi
1759 4736 2090 4793 domicilium

516 4808 868 4868 constituens,
916 4820 1082 4872 seque
1111 4803 1477 4874 Trophoniuni
1505 4820 1628 4860 esse
1650 4808 1934 4873 mentiens,
1969 4822 2092 4863 ora-

515 4876 648 4929 culis
671 4875 913 4930 homines
929 4875 1169 4930 fallebat.

590 4945 664 5012 (ti)
701 4943 1046 5018 Δῳδῳναιάς
1066 4945 1278 5013 δρυός.
1303 4944 1549 5018 Dodona,
1568 4945 1819 5018 Chaoniae
1847 4947 1900 5018 in
1929 4947 2092 5016 Epiro

517 5015 729 5082 civitas,
751 5013 901 5084 juita
931 5031 1091 5082 quam
1137 5026 1255 5068 erat
1299 5014 1533 5069 Dodonia
1578 5015 1735 5078 silva,
1769 5013 1886 5084 Jovi
1914 5013 2089 5079 sacra,

515 5095 572 5138 et
610 5095 719 5139 tota
757 5083 1079 5153 quercubus
1134 5086 1363 5149 consita,
1399 5097 1518 5154 qua:
1552 5084 1763 5140 vocales
1811 5083 1978 5140 fuisse
2009 5087 2092 5140 di-

517 5168 714 5210 cuntur
739 5165 792 5209 et
819 5155 1034 5214 oracula
1069 5154 1382 5209 reddidisse.

589 5228 665 5290 (7)
694 5225 975 5292 Τρίποδος
999 5223 1310 5292 Δελφικοῦ.
1379 5222 1596 5292 Delphis
1626 5222 1677 5294 in
1709 5222 1935 5288 Bmotia,
1967 5224 2091 5294 jux-

519 5305 567 5347 ta
600 5297 924 5348 Par-nassum
997 5303 1254 5356 montem,
1309 5304 1428 5347 erat
1473 5292 1747 5346 oraculum
1776 5304 1887 5350 toto
1928 5292 2090 5350 terra-

518 5381 633 5418 rum
669 5366 801 5417 urbe
839 5363 1270 5435 celeberrimum,
1305 5363 1466 5431 quod,
1500 5375 1625 5417 nato
1656 5363 1889 5430 Christo,
1932 5381 2086 5435 pror-

515 5452 608 5490 sus
643 5433 925 5489 obmutuit.

592 5503 1061 5586 (8)_I\_'c_to’z:a..ilac.
1091 5502 1232 5557 Fons
1262 5503 1326 5556 ad
1357 5503 1604 5558 Parnassi
1639 5505 1895 5572 radicem,
1931 5506 2090 5576 Apol-

518 5571 613 5628 lini
646 5584 698 5626 ct
727 5571 892 5626 Musis
926 5588 1100 5626 sacer.

590 5643 666 5711 (9)
704 5640 937 5713 Μάγων.
980 5642 1136 5712 Magi,
1173 5657 1369 5713 genere
1425 5641 1560 5698 Medi
1625 5656 1770 5699 sunt.
1817 5646 1878 5699 lli
1910 5656 2086 5699 autem

518 5712 772 5766 animalia
805 5713 1128 5779 mat-tabam,
1163 5712 1323 5782 atque
1355 5730 1418 5768 ex
1445 5713 1643 5782 jecoris
1688 5715 1856 5778 fibris,
1897 5717 2088 5783 ipsius-

521 5797 626 5896 que
661 5783 949 5900 sanguinis
1009 5784 1311 5854 eruptione,
1357 5786 1656 5845 futurorum
1723 5786 2086 5854 conjecturam

547 5867 659 5900 QCIP.
697 5868 760 5900 ΞΙΙΙ
801 5894 808 5900 .

547 5867 786 5901 ειωσιηειηι
801 5894 808 5905 .

2194 4597 2365 4670 cipue
2397 4597 2538 4668 apud
2599 4600 2876 4654 Chaldaeos
2927 4599 3224 4654 colebatur.
3284 4597 3380 4670 Qui
3439 4599 3557 4667 ejus
3603 4599 3775 4653 sacris

3609 4682 3774 4749 σξηοττ

3599 4754 3770 4808 rigus,

2195 4669 2443 4726 initiandi
2487 4681 2667 4733 erant,
2705 4685 2800 4733 per
2834 4670 3116 4724 duodecim
3155 4669 3536 4736 suppliciorum

2194 4741 2546 4808 ducebantur,
2618 4755 2711 4808 per
2774 4738 2971 4793 famem
3033 4737 3260 4802 scilicet,
3323 4739 3520 4806 ignem,

2193 4806 2404 4879 aliaque
2443 4806 2767 4877 huiusmodi.

2265 4873 2389 4952 (11)
2417 4873 2712 4948 Ὀάίριδος
2833 4878 3078 4952 Ἰσιδρς.
3113 4877 3615 4952 lsis_£gypt_i_orurn
3649 4878 3772 4952 dea.

2195 4946 2427 5020 pri'us'lo
2451 4946 2589 5019 apud
2620 4963 2815 5019 poet-ts
2853 4949 3170 5020 vocabatur.
3215 4946 3397 5000 Finxit
3423 4947 3631 5001 Fabula
3669 4948 3772 5002 lsi-

2194 5018 2314 5074 dem
2378 5036 2408 5075 a
2461 5018 2965 5081 Jove’deamatam,
3042 5018 3096 5072 in
3152 5018 3437 5086 juvencam
3495 5027 3764 5071 ηιιιιηιιιιη

2194 5092 2380 5145 fuisse.
2417 5089 2556 5144 Juno
2579 5099 2757 5144 autem
2785 5088 2972 5142 fraude
2995 5089 3228 5157 cognita,
3263 5098 3427 5142 (nstro
3459 5087 3640 5156 pellici
3671 5089 3771 5141 im-

2194 5162 2377 5225 misso,
2431 5161 2660 5216 summis
2709 5172 2829 5212 eam
2865 5158 3136 5212 doloribus
3165 5157 3486 5226 exagitavit.
3526 5157 3770 5216 Tandem

2195 5231 2432 5296 pristinae
2490 5229 2682 5284 formas
2737 5229 3002 5290 restituta,
3040 5229 3089 5281 in
3125 5225 3431 5298 Egyptumr
3466 5225 3625 5298 fugit,
3685 5227 3770 5298 ubi

2193 5299 2390 5354 Osiridi
2424 5299 2624 5367 nupsit.
2650 5299 2855 5364 Quibus
2887 5299 3133 5367 mgrtuis,
3160 5297 3282 5351 Isim
3318 5305 3373 5350 et
3402 5297 3662 5351 Osiridim
3688 5297 3769 5350 in-

2193 5381 2274 5423 ter
2304 5371 2430 5425 deos
2457 5365 2884 5422 annumerarunt
2913 5365 3175 5434 Egyptii.

2263 5441 2374 5562 (lg)
2436 5437 2639 5520 Τρᾴπςοι
2685 5436 3060 5518 Μείνᾷησιων,
3113 5446 3220 5491 etc.
3260 5435 3590 5491 Mendesium
3644 5435 3768 5489 urbs

2263 5519 2276 5562 t
2373 5522 2541 5562 ανοιι.
2574 5525 2624 5562 tn
2653 5523 2755 5562 oua
2788 5513 2970 5561 hircus
2999 5521 3094 5562 uro
3130 5507 3248 5559 deo'
3269 5505 3588 5559 habebatur.

2191 5505 2279 5564 est
2298 5505 2624 5578 Egypti,'in
2653 5523 2755 5577 qua
2788 5509 2970 5578 hircus
2999 5521 3094 5578 pro
3130 5507 3248 5559 deo'
3269 5505 3588 5578 habebatur.

2263 5574 2744 5649 (16)Ἐῖῦσταχύν.
2795 5577 2884 5631 Sic
2910 5575 3148 5646 plerique
3189 5577 3343 5632 codd.
3373 5575 3428 5629 lu
3457 5575 3572 5638 ed.,
3603 5574 3762 5626 ἄστα-

2193 5668 2306 5701 νυν.

2194 5669 2373 5790 xuii“
2399 5717 2758 5790 Πανήγυρις.
2795 5718 3137 5790 Sicquatuor
3159 5715 3348 5790 ἣξει,
3373 5715 3557 5770 decem
3585 5710 3763 5770 Colh..

2192 5785 2296 5842 duo
2327 5789 2515 5843 C0isl..
2541 5785 2717 5852 Orgl,
2749 5797 2851 5842 etc.
2883 5785 2938 5839 In
2968 5786 3076 5852 ed.,
3111 5786 3404 5840 μυστήριον
