4010 6316
270 307 374 370 δη

1205 315 1463 372 ORATIO
1505 317 1746 374 XXXIX.
1788 348 1856 358 —-
1893 318 1959 372 ΙΝ
1998 317 2266 374 SANCTA
2312 319 2588 376 LUMINA.

3413 317 3521 372 δη

269 421 701 492 κακοδαιμονίας
729 423 812 490 ἐφ’
839 423 1066 477 ἆπασιν·
1108 427 1183 489 ὡς
1225 428 1380 499 εἴπερ
1408 429 1620 482 ἀσεϐεῖν
1657 430 1845 493 αὐτοὺς

1952 441 2128 495 erant,
2193 433 2552 487 communiter
2615 439 2788 485 tamen
2845 427 3023 485 omnia
3075 427 3140 482 ad
3194 427 3514 484 horrendam

270 511 373 566 ἔδει
401 511 652 574 πάντως,
690 513 783 564 καὶ
821 512 921 581 τῆς
959 513 1051 565 τοῦ
1085 515 1219 571 Θεοῦ
1249 517 1404 586 δόξης
1431 518 1744 582 ἀποπεσεῖν,
1775 521 1853 582 εἰς

267 601 463 653 εἴδωλα
504 602 949 672 κατενεχθέντας,
982 605 1076 657 καὶ
1111 605 1302 676 τέχνης
1342 608 1495 680 ἔργα,
1531 611 1625 663 καὶ
1660 611 1854 682 χειρῶν

269 692 597 762 πλάσματα,
635 694 710 763 μὴ
738 693 804 746 ἂν
834 695 960 748 ἄλλο
990 712 1042 747 τι
1074 700 1193 748 κατ’
1224 698 1402 750 αὐτῶν
1442 698 1700 764 εὔξασθαι
1731 700 1856 763 τούς

267 798 326 849 γε
350 780 477 834 νοῦν
507 781 753 851 ἔχοντας,
786 783 818 851 ἢ
853 783 1074 834 τοιαῦτα
1111 783 1460 854 σεὸασθῆναι,
1492 786 1586 838 καὶ
1613 785 1752 838 οὓτω
1778 803 1857 838 τι·

266 871 461 940 μῆσαι,
505 871 599 922 ἵνα
637 872 736 942 τὴν
764 872 1129 942 ἀντιμισθίαν,
1160 875 1224 943 ἢν
1254 874 1360 927 ἔδει
1393 875 1489 944 τῆς
1521 875 1747 945 πλάνης,
1783 874 1858 936 ὥς

269 977 400 1027 φησι
448 960 696 1024 Παῦλος,
737 963 1209 1033 ἀπολαμϐάνωσιν,
1246 967 1304 1016 ἐν
1347 957 1428 1027 οἷς
1480 965 1754 1017 σέϐονται·
1794 964 1856 1016 οὐ

267 1049 475 1120 μᾶλλον
523 1052 820 1120 τιμῶντες,
857 1052 888 1122 ἧ
941 1052 1006 1104 δι’
1042 1053 1263 1106 ἐκείνων
1297 1054 1408 1122 (18)
1449 1053 1852 1124 ἀτιμαζόμενοι.

257 1143 564 1198 Ῑὶδελυκτοὶ
608 1146 707 1215 τῆς
739 1145 963 1216 πλάνης,
1007 1145 1410 1218 βδελυκτότεροι
1454 1148 1551 1217 τῆς
1585 1146 1856 1207 εὐτελείας

263 1235 368 1287 τῶν
419 1231 920 1308 προσκυνουμένων
969 1239 1063 1290 καὶ
1105 1238 1428 1308 σεϐομένων,
1475 1239 1560 1293 ἵνα
1623 1239 1715 1292 καὶ
1761 1238 1856 1290 αὐ-

262 1328 369 1379 τῶν
413 1327 527 1380 τῶν
565 1328 890 1398 τιμωμένων
935 1323 1068 1382 ὦσιν
1099 1329 1569 1401 ἀναισθητότερα,
1598 1329 1850 1383 τοσοῦτον

264 1418 704 1488 ὑπερϐάλλοντες
745 1419 922 1490 ἀνοίᾳ,
957 1421 1080 1472 ὅσον
1115 1419 1359 1491 εὐτελείᾳ
1404 1421 1472 1475 τά
1513 1421 1850 1492 προσκυνού-

266 1526 424 1578 μενα.

1953 523 2324 592 perditamque
2385 522 2710 591 impietatem
2778 519 3106 581 tendebant;
3171 517 3303 572 adeo
3344 526 3422 582 ut,
3470 519 3514 572 si

1953 613 2168 680 quidem
2198 612 2416 666 omnino
2453 625 2545 666 eos
2578 611 2852 680 impietate
2890 608 3209 677 constringi,
3249 618 3410 678 atque
3448 607 3516 662 ad

1953 701 2236 756 simulacra
2269 711 2322 755 et
2348 702 2480 754 artis
2511 715 2672 768 opera
2709 713 3070 768 manuumque
3110 699 3357 768 ﬁgmenta
3388 713 3515 766 pro-

1954 790 2153 858 lapsos,
2181 806 2208 843 a
2242 790 2332 845 Dei
2365 789 2531 856 gloria
2561 788 2718 857 dejici
2750 789 3052 857 oportebat,
3097 787 3226 842 nihil
3263 787 3404 841 aliud
3436 788 3515 855 ip-

1955 881 2034 932 sis
2057 879 2261 934 cordati
2296 879 2538 933 homines
2565 879 2851 947 imprecari
2882 887 3120 946 possent,
3149 892 3306 944 quam
3348 886 3406 930 ut
3435 886 3515 930 ta-

1956 968 2022 1020 lia
2057 979 2460 1032 venerarentur,
2494 967 2796 1036 talibusque
2823 967 3115 1021 honoribus
3137 965 3428 1027 efﬁcerent,
3457 973 3516 1019 ut

1953 1059 2154 1112 erroris
2181 1058 2502 1123 mercedem,
2529 1072 2690 1126 quam
2723 1057 2964 1120 decebat,
3002 1067 3058 1110 ut
3098 1057 3170 1109 ait
3214 1055 3406 1110 Paulus
3432 1056 3512 1120 ",

1953 1163 2050 1217 per
2077 1148 2381 1218 hujusmodi
2419 1149 2814 1203 venerationem
2840 1148 3170 1217 reciperent;
3207 1163 3308 1199 non
3344 1146 3514 1214 magis

1952 1253 2016 1293 ea
2051 1239 2271 1293 numina
2327 1252 2423 1306 per
2451 1237 2658 1306 seipsos
2686 1239 3034 1300 honorantes,
3073 1251 3231 1304 quam
3280 1237 3379 1303 ipsi
3421 1251 3515 1303 per

1945 1340 2009 1380 ea
2070 1326 2298 1380 dedecus
2357 1335 2516 1394 atque
2570 1325 2844 1380 infamiam
2921 1326 3157 1395 sibiipsis
3221 1325 3510 1380 inurentes.

1949 1417 2320 1473 Exsecrabiles
2345 1417 2561 1487 quidem
2587 1418 2660 1473 illi
2682 1420 2751 1473 ob
2773 1433 3032 1485 errorem,
3070 1417 3514 1473 cxsecrabiliores

1949 1515 2127 1563 autem
2170 1507 2240 1562 ob
2270 1522 2477 1574 eorum,
2530 1522 2647 1576 qum
2695 1517 3020 1562 venerantur
3060 1517 3222 1576 atque
3266 1507 3510 1571 adorant,

266 1603 576 1666 vilitatem;
623 1603 694 1657 ita
727 1613 785 1658 ut
824 1603 890 1658 iis
919 1604 1104 1669 etiam,
1135 1620 1256 1674 qua;
1282 1605 1485 1672 colunt,
1525 1605 1856 1674 stupidiorcs
1895 1616 1954 1657 se
2001 1601 2293 1682 praebeant,
2344 1610 2656 1670 tantmnque
2687 1617 2749 1657 ea
2813 1601 3078 1656 dementia
3126 1611 3180 1656 et
3221 1601 3514 1658 stoliditate

262 1703 549 1763 superent,
605 1705 862 1764 quantum
908 1697 979 1751 ab
1018 1697 1101 1760 iis,
1154 1712 1273 1765 qum
1313 1697 1560 1762 adorant,
1609 1699 1813 1751 vilitate
1850 1703 2192 1764 superantur.

323 1791 400 1856 .Z'.
445 1787 642 1842 Ταῦτα
677 1790 775 1859 μὲν
808 1785 900 1844 οὖν
945 1791 1284 1855 παιζέτωσαν
1330 1791 1594 1862 Ἐλλήνων
1641 1792 1845 1853 παῖδες,

2027 1785 2140 1842 Vll.
2178 1788 2351 1856 Atque
2385 1789 2498 1841 bmc
2539 1786 2755 1856 quidem
2797 1785 2982 1841 ludant
3016 1787 3264 1856 gentiles,
3307 1800 3370 1841 ac
3404 1785 3512 1840 dat-

258 1880 355 1932 καὶ
380 1880 665 1950 δαίμονες,
695 1883 826 1951 παρ’
857 1872 930 1934 ὧν
957 1880 1180 1944 ἐκείνοις
1210 1883 1242 1951 ή
1269 1883 1438 1944 ἄνοια,
1463 1881 1562 1952 τὴν
1587 1881 1678 1934 τοῦ
1713 1881 1845 1934 Θεοῦ

261 1971 428 2041 τιμὴν
483 1973 570 2032 εἰς
618 1972 842 2034 ἑαυτοὺς
893 1971 1282 2040 μεθελκόντων,
1319 1973 1411 2025 καὶ
1449 1972 1638 2036 ἀλλους
1677 1973 1847 2035 ἄλλως

261 2062 718 2132 κατατεμνόντων
744 2065 822 2125 εἰς
853 2063 1082 2134 αἰσχράς
1102 2064 1258 2128 δόξας
1288 2065 1380 2119 καὶ
1401 2065 1718 2132 φαντασίας,
1752 2064 1845 2133 ἀφ’

261 2143 322 2203 οὗ
369 2151 468 2204 τοῦ
500 2152 663 2218 ξύλου
711 2152 812 2222 τῆς
849 2154 994 2223 ζωῆς
1038 2152 1355 2217 ἐκϐαλόντες
1389 2156 1555 2225 ἡμᾶς,
1601 2152 1679 2224 τῷ
1709 2153 1846 2222 ξύλῳ

262 2243 359 2312 τῆς
380 2241 646 2310 γνώσεως
681 2243 742 2298 οὐ
777 2243 918 2297 κατά
949 2243 1157 2314 καιρὸν,
1185 2245 1294 2298 οὐδ’
1328 2245 1646 2313 ἐπιτηδείως
1685 2261 1847 2314 μετα-

263 2331 570 2402 ληφθείσης
601 2331 734 2402 (l9),
767 2332 841 2394 ὡς
881 2332 1298 2404 ἀσθενεστέρους
1340 2335 1441 2405 ἤδη
1486 2335 1842 2404 κατέδραμον,

260 2423 349 2474 τὸν
397 2423 654 2493 ἡγεμόνα
704 2422 826 2475 νοῦν
876 2426 1339 2495 συναρπάσαντες,
1381 2427 1612 2487 καὶτοῖς
1651 2423 1845 2476 πάθεσι

263 2510 432 2580 θύραν
473 2512 802 2576 ἀνοίξαντες.
837 2512 912 2564 Οὐ
943 2513 1053 2584 γάρ
1091 2513 1304 2584 ἔφερον,
1345 2513 1504 2582 φύσις
1536 2514 1684 2575 ὄντες
1714 2512 1845 2580 φθο-

261 2603 392 2672 νερά
437 2603 538 2655 καὶ
575 2600 974 2672 μισάνθρωπος,
1027 2601 1224 2671 μᾶλλον
1266 2603 1322 2656 δὲ
1368 2603 1455 2654 διὰ
1491 2602 1588 2672 τὴν
1640 2601 1845 2654 ἑαυτῶν

263 2687 461 2741 κακίαν
488 2689 792 2757 γενόμενοι,
827 2689 951 2750 τοὺς
990 2689 1138 2742 κάτω
1178 2690 1283 2742 τῶν
1315 2691 1425 2744 ἅνω
1453 2692 1654 2759 τυχεῖν,
1695 2690 1846 2744 αὐτοὶ

262 2781 526 2843 πεσόντες
559 2781 652 2833 ἐπὶ
679 2780 779 2850 γῆς
808 2781 1030 2847 ἀνωθεν,
1055 2783 1175 2834 οὐδὲ
1213 2782 1477 2853 τοσαύτην
1514 2781 1843 2852 μετάστασιν

261 2870 517 2937 γενέσθαι
553 2871 652 2940 τῆς
687 2871 865 2941 δόξης,
905 2871 1130 2924 καὶτῶν
1165 2871 1394 2942 πρώτων
1418 2872 1646 2941 φύσεων.
1677 2873 1846 2926 Τοῦτό

264 2963 410 3014 ἐστιν
462 2962 492 3012 ὁ
539 2960 775 3030 διωγμὸς
812 2961 902 3013 τοῦ
937 2961 1281 3032 πλάσματος·
1311 2961 1396 3016 διὰ
1426 2961 1582 3014 τοῦτο
1611 2965 1643 3034 ἡ
1683 2962 1844 3015 εἰκὼν

262 3053 352 3107 τοῦ
383 3053 526 3107 Θεοῦ
559 3052 894 3124 καθυῦρίσθη
917 3071 928 3084 ·
967 3054 1060 3106 καὶ
1098 3053 1277 3118 καθὼς
1310 3055 1410 3107 οὐκ
1445 3054 1843 3126 ἐδοκιμάσαμεν

1949 1894 2158 1945 mones,
2192 1895 2220 1933 a
2248 1879 2440 1949 quibus
2471 1879 2542 1932 illi
2574 1879 2622 1932 in
2651 1878 2791 1933 hanc
2819 1878 3104 1933 amentiam
3145 1877 3508 1944 impelluntur,

1948 1970 2072 2023 dum
2108 1969 2361 2024 nimirum
2387 1968 2476 2022 Dei
2507 1968 2668 2039 68],
2710 1968 2969 2024 honorem
2996 1968 3060 2021 ad
3092 1967 3298 2037 seipsos
3326 1967 3509 2020 detor-

1949 2068 2134 2126 quent,
2165 2069 2324 2128 atque
2349 2059 2400 2134 in
2430 2067 2611 2126 turpes
2647 2058 2966 2123 sententias,
2994 2066 3049 2112 et
3079 2071 3254 2111 rerum
3281 2057 3506 2125 species.

1947 2151 2081 2206 alios
2107 2148 2212 2204 alio
2237 2149 2394 2203 modo
2419 2149 2748 2217 discindunt,
2777 2164 2840 2204 ex
2885 2164 2989 2217 quo
3017 2163 3114 2204 nos
3147 2163 3242 2218 per
3273 2149 3510 2204 scientiae

1947 2243 2148 2312 lignum
2175 2241 2352 2296 minus
2384 2241 2698 2309 tempestive
2741 2249 2796 2295 et
2841 2241 3120 2295 commode
3168 2247 3507 2308 perceptum,

1949 2335 2068 2388 vita:
2099 2333 2242 2404 ligno
2285 2333 2619 2397 exturbatos,
2673 2333 2818 2387 velut
2851 2331 2962 2400 jam
3010 2330 3350 2396 inﬁrmiores,
3382 2341 3511 2385 exa-

1947 2427 2214 2495 gitarent,
2259 2427 2633 2494 gubernatrice
2683 2433 2861 2480 mente
2915 2424 3176 2492 abrepta,
3236 2421 3510 2491 ianuaque

1945 2515 2155 2570 vitiosis
2207 2515 2374 2569 animi
2429 2514 2804 2570 affectionibus
2861 2513 3150 2583 patefacta.
3209 2512 3320 2569 Nec
3364 2513 3509 2568 enim

1945 2605 2087 2661 ferre
2115 2614 2382 2676 poterant,
2414 2621 2535 2662 cum
2560 2607 2758 2662 invidia
2798 2613 2960 2674 atque
2985 2605 3108 2661 odio
3131 2605 3389 2662 adversus
3412 2605 3509 2660 ho-

1947 2697 2146 2751 minem
2180 2706 2366 2768 suapte
2399 2709 2585 2752 natura
2627 2696 2930 2767 flagrarent,
2968 2696 3086 2761 vel,
3121 2704 3178 2750 ut
3219 2694 3417 2751 rectius
3438 2694 3513 2750 lo-

1945 2800 2098 2855 quar,
2130 2797 2350 2854 propter
2377 2787 2566 2840 vitium
2594 2801 2752 2841 suum
2787 2787 2838 2840 in
2890 2787 3032 2841 hunc
3077 2785 3318 2841 habitum
3349 2786 3510 2856 dege-

1946 2887 2244 2942 nerassenl,
2290 2889 2531 2933 terrenos
2579 2877 2826 2933 homines
2867 2876 3116 2944 supernis
3165 2877 3322 2932 bonis
3367 2877 3508 2941 frui,

1947 2981 2069 3021 cum
2113 2967 2212 3036 ipsi
2250 2968 2442 3022 ecoelo
2489 2969 2541 3022 in
2590 2978 2791 3022 terram
2845 2967 3196 3032 corruissent,
3251 2981 3352 3022 nec
3396 2977 3512 3021 tan-

1950 3066 2056 3112 tam
2103 3058 2307 3126 glorize,
2358 3059 2704 3128 pristinasque
2736 3058 2976 3126 ipsorum
3013 3067 3217 3114 natura;
3257 3058 3512 3113 mutatio-

264 3143 495 3212 φυλάξαι
527 3141 626 3212 τὴν
661 3123 896 3213 ἐντολὴν,
925 3143 1194 3214 παρεδόθη
1205 3161 1302 3213 μεν
1331 3147 1396 3213 τῇ
1427 3123 1717 3214 αὐτονομίᾳ
1743 3123 1839 3217 τῆς

1947 3164 2068 3204 nem
2116 3148 2254 3202 ﬁeri.
2293 3148 2496 3204 Idcirco
2533 3148 2834 3218 persecutio
2863 3148 3117 3204 adversus
3153 3147 3248 3202 Dei
3282 3148 3511 3217 figmen-

263 3239 474 3310 πλάνης
499 3237 613 3310 (20)
633 3255 646 3270 ⁸
677 3238 770 3290 καὶ
817 3235 996 3298 καθὼς
1023 3234 1426 3305 ἐπλανήθημεν,
1456 3235 1838 3306 ἡτιμάσθημεν

261 3332 318 3382 ἐν
363 3326 446 3394 οἷς
489 3329 883 3400 ἐσεϐάσθημεν.
928 3327 1001 3379 Οὐ
1034 3326 1141 3398 γάρ
1173 3325 1328 3379 τοῦτο
1378 3326 1536 3395 μόνον
1563 3325 1750 3390 δεινὸν,
1779 3327 1840 3380 τὸ

264 3422 668 3492 πεποιημένους
703 3421 787 3472 ἐπ’
816 3417 1034 3486 ἀγαθοῖς
1076 3416 1257 3488 ἔργοις
1289 3415 1421 3485 (2i),
1465 3417 1542 3478 είς
1566 3415 1718 3480 δόξαν
1748 3417 1842 3470 καὶ

263 3513 482 3566 ἔπαινον
544 3511 638 3565 τοῦ
693 3510 1068 3581 πεποιηκότος,
1111 3509 1204 3561 καὶ
1243 3505 1376 3560 Θεοῦ
1423 3506 1672 3576 μίμησιν,
1721 3507 1842 3560 ὅσον

263 3604 505 3670 ἐξικτὸν,
537 3603 870 3674 ὁρμητήριον
903 3598 1154 3668 γενέσθαι
1201 3597 1466 3652 παντοίων
1509 3597 1715 3661 παθῶιν,
1754 3596 1844 3669 βο-

265 3695 546 3765 σκομένων
579 3693 764 3757 κακῶς
800 3692 891 3746 καὶ
928 3689 1291 3744 δαπανώντων
1332 3690 1422 3742 τὸν
1461 3689 1610 3752 ἐντὸς
1637 3688 1844 3760 ἄνθρω-

265 3802 398 3838 πον·
429 3785 571 3838 ἀλλά
602 3784 662 3836 τὸ
711 3784 821 3854 (22)
881 3783 974 3835 καὶ
1032 3782 1186 3845 θεοὺς
1225 3779 1524 3851 στήσασθαι
1571 3780 1679 3849 (εδ)
1722 3797 1843 3832 συνι

265 3877 500 3949 ηγόρους
563 3877 675 3938 τοῖς
741 3873 988 3936 πάθεσιν,
1055 3872 1142 3926 ἵνα
1202 3873 1275 3942 μὴ
1344 3873 1502 3943 μόνον
1559 3870 1846 3925 ἀνεύθυνον

265 3970 323 4024 τὸ
385 3968 756 4040 ἁμαρτάνειν,
823 3965 956 4018 ἀλλά
1023 3965 1114 4018 καὶ
1177 3963 1318 4017 θεῖον
1383 3962 1700 4034 νομίζηται,
1767 3963 1846 4026 εἰς

266 4060 520 4130 τοιαύτην
585 4056 924 4126 καταφεῦγον
986 4053 1317 4123 ἀπολογίαν,
1380 4053 1448 4106 τά
1516 4052 1847 4124 προσκυνού-

269 4168 426 4224 μενα.

1949 3248 2058 3292 tum
2089 3241 2320 3294 excitata
2352 3248 2464 3305 est;
2510 3241 2712 3294 idcirco
2756 3239 2848 3294 Dei
2886 3239 3063 3309 imago
3101 3237 3299 3306 probro
3329 3246 3384 3292 et
3417 3237 3512 3291 de-

1946 3329 2141 3384 decore
2181 3329 2394 3390 aﬁfeeta.
2437 3329 2502 3385 Et
2543 3328 2995 3399 quemadmodum
3034 3328 3288 3382 mandato
3321 3340 3510 3395 parere

1948 3421 2340 3486 recusavimns,
2377 3422 2448 3474 ita
2487 3421 2716 3476 licentia:
2751 3419 2953 3475 erroris
2993 3418 3173 3474 traditi
3213 3433 3426 3484 sumus;
3456 3425 3511 3472 et

1944 3513 2392 3583 quemadmodum
2449 3510 2836 3575 aberravimus,
2898 3510 2971 3564 ita
3026 3508 3263 3564 vicissim
3303 3508 3358 3562 in
3411 3507 3506 3574 iis,

1944 3600 2136 3671 quibus
2175 3602 2375 3656 cultum
2407 3610 2465 3656 et
2491 3600 2895 3656 venerationem
2920 3599 3286 3664 adhibuimus,
3311 3598 3509 3668 probro

1944 3703 1998 3747 et
2038 3693 2330 3760 ignominia
2361 3693 2560 3762 perfusi
2608 3708 2814 3748 sumus.
2863 3691 2974 3748 Nec
3015 3692 3158 3748 enim
3193 3691 3294 3746 hoc
3337 3691 3508 3746 solum

1943 3796 2105 3853 grave
2137 3791 2190 3837 et
2227 3783 2500 3852 indignum
2537 3792 2642 3850 est,
2683 3781 2846 3853 quod,
2879 3797 2998 3837 cum
3029 3784 3094 3836 ad
3143 3782 3280 3836 bona
3320 3797 3505 3851 opera,

1945 3872 1995 3925 in
2029 3872 2238 3941 opiﬁcis
2271 3872 2482 3928 laudem
2510 3882 2564 3929 et
2597 3873 2844 3944 gloriam,
2885 3873 3106 3942 Deique,
3135 3881 3393 3942 quantum
3428 3871 3508 3928 fas

1942 3972 2046 4031 est,
2099 3964 2478 4032 imitationem,
2527 3965 2693 4021 creati
2746 3978 3010 4028 essemus,
3063 3963 3242 4032 omnis
3288 3965 3508 4034 generis

1942 4056 2221 4123 vitiorum,
2269 4072 2388 4127 quae
2427 4057 2738 4112 intestinum
2785 4057 3056 4112 hominem
3113 4055 3309 4111 misere
3346 4055 3509 4124 depa-

1944 4156 2101 4200 scunt
2145 4157 2306 4217 atque
2340 4155 2684 4211 consumunt,
2741 4147 2897 4202 sedes
2937 4156 2990 4200 et
3041 4146 3504 4217 propugnaculum

274 4241 394 4296 facti
424 4257 650 4306 sumus;
716 4241 810 4295 sed
861 4241 1021 4294 etiam
1070 4239 1212 4308 quod
1255 4238 1391 4292 Deos
1451 4237 1702 4292 vitiorum
1775 4244 2027 4306 patronos
2071 4239 2395 4305 efﬁnximus,
2448 4249 2506 4294 ut
2548 4247 2845 4310 peccatum,
2912 4253 3018 4292 non
3063 4239 3222 4294 modo
3275 4239 3510 4294 crimine

269 4342 468 4396 careat,
506 4335 598 4387 sed
636 4333 798 4387 etiam
845 4331 1084 4386 divinum
1137 4339 1444 4395 censeatur,
1488 4330 1554 4382 ad
1597 4344 1659 4382 ea
1723 4327 1990 4394 videlicet,
2042 4343 2160 4398 quae
2207 4345 2303 4400 pro
2363 4331 2465 4386 diis
2536 4330 2850 4394 adorantur,

269 4426 600 4496 confugiens.

2929 4327 3256 4383 defensionis
3337 4342 3504 4382 causa

335 4517 419 4569 H‘.
462 4515 626 4584 Ἡμῖν
657 4514 713 4566 δὲ
739 4513 926 4586 ὥσπερ
959 4513 1224 4585 ἐχαρίσθη
1254 4526 1314 4566 το
1344 4512 1703 4584 φυγοῦσΓτὴν
1736 4513 1840 4566 δει-

2018 4505 2146 4562 Vlll.
2182 4507 2251 4560 At
2279 4520 2425 4572 vero,
2456 4504 2905 4575 quemadmodum
2941 4505 3094 4560 nobis
3121 4505 3306 4559 divino
3345 4506 3508 4561 bene-

272 4605 550 4675 σιδαίμονα
582 4602 810 4672 πλάνην,
847 4604 984 4674 μετά
1007 4605 1108 4675 τῆς
1135 4603 1393 4672 ἀληθείας
1427 4602 1678 4672 γενέσθαι
1702 4642 1716 4666 ,
1744 4603 1836 4656 καὶ

267 4695 532 4748 δουλεύειν
567 4694 684 4764 Θεῷ
734 4695 898 4759 ζῶντι
943 4695 1037 4749 καλ⁹
1089 4695 1345 4766 ἀληθινῷ,
1383 4695 1476 4747 καί¹
1518 4695 1616 4765 τὴν
1661 4693 1835 4750 κτίσιν

271 4785 698 4856 ὑπεραναϐἧναι,
727 4784 903 4839 πάντα
935 4785 1253 4856 περάσασιν,
1281 4787 1380 4838 ὅσα
1402 4784 1506 4837 ὑπὸ
1530 4784 1721 4854 χρόνον
1744 4785 1836 4836 καὶ

273 4869 490 4940 πρώτην
525 4872 739 4941 κίνησιν
765 4887 777 4901 ·
818 4871 957 4924 οὕτω
981 4872 1072 4924 καὶ
1104 4873 1335 4942 εἴδωμεν
1375 4872 1508 4940 (24),
1559 4873 1653 4924 καὶ
1690 4873 1836 4941 φιλο-

275 4960 596 5027 σοφήσωμεν
637 4958 704 5010 τά
748 4960 872 5031 περὶ
914 4958 1048 5011 Θεοῦ
1079 4958 1262 5011 καὶ-τά
1296 4957 1434 5011 θεῖα.
1463 4957 1836 5029 Φιλοσοφήσω-

277 5063 367 5116 μεν
398 5048 476 5110 δὲ,
506 5049 800 5119 ἀρχόμενοι
818 5048 951 5118 (25),
971 5047 1092 5101 ὅθεν
1112 5047 1374 5120 ἄρχεσθαι
1397 5049 1648 5117 ἄμεινον’
1681 5047 1838 5118 ἀμει-

337 5144 381 5174 ⁹¹
419 5142 579 5196 Rom.
614 5160 652 5204 ι.
692 5143 763 5197 23
825 5160 946 5214 sqq.

343 5237 450 5306 (l8)
500 5237 803 5306 Τιμῶντες,
859 5237 896 5303 ἢ
945 5237 1306 5293 δι’ἐκείνων.
1364 5239 1607 5306 Quinque
1640 5239 1828 5308 liegg.,

279 5319 382 5380 tres
412 5310 590 5380 Colla,
631 5310 754 5380 duo
799 5309 988 5380 Ctii§I.,
1022 5309 1290 5379 τιμῶντες
1320 5309 1388 5362 τά
1427 5308 1763 5379 σεϐάσματα,
1807 5311 1840 5380 ἢ

278 5375 336 5430 δι’
365 5378 584 5430 ἐαυτῶν.
624 5378 713 5431 Sic
744 5377 867 5446 legit
892 5375 1091 5431 Billinsl

344 5447 452 5518 (l9)
490 5448 1006 5518 MatalngaQslanc.
1067 5448 1162 5518 §ie
1211 5448 1447 5516 quinque
1497 5447 1691 5518 Regg.,
1721 5456 1843 5502 octo

278 5514 443 5586 (Iahn,
479 5515 570 5570 0r.
593 5518 620 5586 j
679 5514 744 5569 et
792 5517 914 5586 Bas.
950 5518 1035 5571 ed.
1066 5514 1242 5572 Unus
1273 5514 1424 5572 Col—b.
1465 5514 1642 5579 habet]
1676 5533 1842 5586 μετα-

277 5583 540 5707 ληιὲθέντι.
584 5584 674 5640 Sic
704 5586 828 5656 legit
861 5585 979 5639 Bill.
1022 5587 1193 5641 Prave
1223 5589 1272 5641 in
1309 5587 1428 5640 Par.
1461 5589 1571 5650 ed.,
1603 5583 1838 5656 μεταλη-

280 5670 314 5722 φ
372 5672 508 5714 ντος.

347 5724 452 5795 (20)
477 5726 812 5796 Αὐτονομίᾳ
853 5723 960 5794 τῆς
989 5725 1245 5794 πλάνης.
1285 5725 1401 5781 Bill.
1443 5743 1456 5780 :
1497 5743 1513 5777 ι
1545 5725 1745 5781 erroris
1778 5725 1842 5780 li-

1946 4599 2068 4652 ﬁcio
2098 4611 2413 4652 concessum
2451 4605 2551 4658 est,
2609 4606 2684 4660 ut,
2736 4595 3108 4664 superstitioso
3159 4609 3344 4652 errore
3383 4595 3510 4667 fuga.

1944 4689 2155 4755 relicto,
2193 4703 2220 4740 a
2259 4688 2482 4742 veritate
2513 4696 2741 4749 stemus,
2771 4701 2836 4740 ac
2865 4687 2973 4741 Deo
2997 4687 3117 4742 vivo
3146 4695 3202 4742 et
3238 4701 3364 4744 vero
3391 4702 3507 4745 ser-

1945 4779 2169 4843 viamus,
2204 4789 2258 4833 et
2308 4792 2472 4847 supra
2524 4786 2824 4832 creaturam
2880 4791 3249 4846 assurgamus,
3303 4777 3502 4844 omnia,

1943 4884 2061 4937 qua:
2115 4869 2340 4937 tempori
2401 4869 2696 4938 primaeque
2754 4869 2974 4923 metioni
3018 4869 3318 4937 subjacent,
3357 4869 3508 4939 traji—

1942 4961 2187 5026 cientes;
2245 4962 2313 5014 ita
2351 4961 2511 5015 etiam
2552 4959 2854 5016 faciendum
2901 4969 3004 5024 est,
3042 4969 3100 5014 ut
3156 4976 3244 5026 ea,
3283 4975 3402 5030 quae
3440 4961 3507 5016 de

1947 5050 2076 5114 Deo,
2113 5066 2176 5106 ac
2212 5053 2390 5106 divina
2418 5058 2566 5118 sunt,
2599 5063 3009 5120 cognoscamus,
3037 5050 3102 5105 de
3135 5051 3307 5120 iisque
3337 5049 3506 5106 disse-

1939 5238 2155 5294 bct‘tati.
2188 5255 2206 5287 ι

2014 5307 2126 5377 (2i)
2173 5304 2553 5377 Ἐπ’ᾲγιαθοῖς
2603 5303 2817 5377 ἔργοις,
2854 5311 2963 5377 etc.
3025 5301 3145 5377 Bill.
3181 5319 3191 5353 :
3247 5317 3264 5349 ι
3293 5305 3508 5366 propter

1943 5371 2088 5446 bona
2107 5371 2293 5446 opera,
2322 5371 2437 5446 hoc
2461 5384 2563 5446 est,
2597 5375 2661 5446 ad
2687 5373 2896 5446 opificis
2935 5371 3163 5446 tandem,
3196 5386 3213 5419 ι
3244 5383 3348 5422 etc.

2014 5438 2345 5518 (22)"A.1_.1d
2371 5443 2455 5518 τᾳ.
2484 5443 2695 5518 εοωρη
2726 5438 2976 5518 ἀλλά-καὶ
2996 5438 3073 5492 τδ.

2013 5511 2126 5586 (‘25)
2153 5513 2527 5586 Ergiaao'ﬁag._
2569 5511 3020 5586 «_Constituimus.
3051 5527 3069 5559 ι

2015 5575 2129 5650 ζει)
2153 5575 2435 5650 Εἵδωμεν.
2474 5582 2561 5635 Sic
2590 5580 2756 5652 Regg.
2786 5579 3019 5647 hm,’ph,
3055 5587 3163 5630 tres
3187 5575 3361 5639 Colh.,
3397 5585 3503 5629 etc.

1941 5656 1996 5710 In
2041 5657 2146 5717 ιιιΙ.,
2170 5655 2384 5721 ἴδωμεν.

2015 5711 2144 5796 (25)’
2168 5711 2518 5791 Ἀρὶόμενοι.
2546 5719 2706 5776 Deest
2734 5720 2792 5776 in
2826 5719 3028 5774 duobus
3057 5716 3220 5787 Regg.
3248 5724 3299 5769 et
3325 5711 3415 5769 Or.
3453 5714 3508 5787 1,
