4010 6316
370 342 475 396 545

1578 340 1635 395 S.
1674 335 2006 395 CREGORH
2048 333 2392 391 THEOLOGI

3520 333 3631 389 διι

376 454 946 510 ramus.‘Disseremus
989 461 1191 518 autem,
1244 454 1389 518 hinc,
1445 469 1584 507 unoe
1630 456 1799 509 satius
1846 463 1950 514 est,

2056 470 2142 506 νον
2161 452 2239 515 δὲ,
2266 451 2387 505 ὅθεν
2418 449 2672 521 Σολομὼν
2691 451 2823 521 ἡμῖν
2853 449 3272 521 ἐνομοθέτησεν
3323 446 3497 517 Ἀρχὴ
3521 463 3639 503 σο-

377 545 584 601 lnitiunt
626 546 900 600 ducentes.
936 544 1070 601 llinc
1107 561 1268 614 porro
1311 547 1482 600 satius
1514 556 1619 610 est,
1657 548 1797 600 unde
1839 544 1942 598 Sa-

381 633 552 693 lomon
584 637 737 692 nobis
782 637 952 706 legem
1005 637 1216 706 statuit.
1281 636 1606 705 Principium
1652 637 1942 703 sapientia,

387 730 569 797 taquit,
620 728 826 796 posside
861 729 1174 796 sapientiam
1233 730 1271 780 ‘.
1332 728 1597 794 Quidnam
1634 727 1735 782 hoc
1789 736 1947 781 vocat

384 821 695 894 principium
754 821 1070 890 sapientiae?
1122 819 1395 874 Timorem
1444 821 1486 872 '.
1556 819 1739 888 Neque
1802 817 1945 874 enim

374 930 434 967 ea
466 913 619 967 nobis
662 912 804 967 ratio
850 912 1080 966 ineunda
1140 922 1242 977 est,
1300 919 1359 963 ut
1412 926 1441 963 a
1487 909 1947 976 contemplatione

374 1006 734 1074 auspicantes,
776 1004 827 1058 in
857 1004 1103 1058 timorem
1135 1005 1441 1058 desinamus
1486 1000 1767 1069 (eli’renata
1801 1001 1946 1056 enim

375 1094 758 1162 contemplatio
788 1095 840 1148 iu
876 1094 1174 1163 pracipitia
1203 1108 1415 1163 quoque
1456 1091 1687 1147 fortasse
1720 1106 1817 1146 nos
1848 1091 1949 1145 im-

374 1184 623 1255 pulerit);
661 1200 844 1239 verum
897 1195 953 1238 ut
999 1186 1206 1239 timoris
1261 1183 1582 1238 rudimentis
1637 1183 1845 1239 imbuti.
1896 1192 1950 1236 et

373 1278 607 1345 purgati,
660 1284 840 1348 atque,
876 1286 935 1331 ut
985 1278 1086 1331 ltoc
1119 1276 1284 1332 verbo
1337 1283 1482 1338 utar,
1532 1274 1823 1338 attenuati,
1891 1275 1944 1327 in

373 1367 541 1420 altum
567 1368 881 1423 eﬂ‘crautur.
914 1368 1012 1424 Ubi
1038 1370 1181 1421 enim
1226 1369 1390 1421 timor
1432 1377 1535 1431 est,
1585 1365 1692 1419 illic
1735 1379 1952 1435 quoque

372 1456 536 1527 682
571 1459 945 1513 mandatorum
989 1458 1298 1511 observatio
1328 1475 1340 1510 :
1381 1455 1468 1509 ubi
1502 1464 1680 1509 autem
1732 1454 1949 1507 manda-

376 1559 550 1603 torum
604 1550 934 1614 observatio,
979 1548 1091 1601 illic
1132 1548 1294 1602 etiam
1356 1546 1554 1611 rarnis,
1602 1561 1742 1615 qum,
1793 1546 1950 1600 nubis

2050 546 2210 613 φίας,
2227 543 2378 613 φησὶ,
2398 541 2613 609 κτῆσαι
2632 540 2745 611 (ἳϐ)
2760 542 3004 610 σοφίαν·
3024 542 3077 593 τί
3092 539 3250 593 τοῦτο
3270 540 3444 608 λέγων
3459 540 3641 610 ἀρχὴν

2055 635 2248 704 σοφίας
2271 650 2285 697 ;
2309 633 2412 686 Τὸν
2431 632 2614 701 φόϐον.
2638 632 2713 686 Οὐ
2742 633 2849 702 γὰρ
2875 632 2982 684 ἀπὸ
3006 631 3239 703 θεωρίας
3268 630 3636 702 ἀρξαμένους,

2054 727 2133 789 είς
2163 725 2325 795 φόϐον
2349 723 2455 796 χρὴ
2496 724 2825 794 καταλήγειν
2865 722 3093 793 (θεωρία
3133 723 3244 792 γάρ
3304 721 3640 791 ἀχαλίνωτος

2053 817 2194 888 τάχα
2230 816 2295 869 ἂν
2321 817 2414 869 καὶ
2439 815 2581 868 κατά
2601 814 2863 886 κρημνῶν
2882 812 3094 883 ὤσειεν)
3119 831 3132 844 ο
3160 813 3295 866 ἀλλὰ
3314 812 3462 882 φόϐῳ
3490 828 3640 863 στοιο

2055 908 2425 980 χειουμένους,
2452 908 2545 961 καὶ
2563 904 3015 975 καθαιρομένους,
3039 908 3155 966 καὶ,
3182 906 3249 957 ἶν’
3277 904 3449 967 οὕτως
3472 904 3638 964 είπω,

2055 997 2503 1069 λεπτυνομένους,
2542 999 2623 1059 είς
2665 995 2798 1065 ὕψος
2846 996 3117 1069 αἴρεσθαι.
3176 988 3252 1048 OE
3292 994 3403 1065 γάρ
3429 994 3640 1063 φόϐος,

2057 1089 2285 1142 ἐντολῶν
2337 1089 2605 1159 τήρησις·
2658 1082 2717 1141 οὗ
2751 1087 2809 1139 δέ
2847 1086 3075 1141 ἐντολῶν
3132 1088 3383 1157 τήρησις,
3432 1086 3642 1155 σαρκὸς

2057 1181 2342 1252 κάθαρσις,
2394 1180 2489 1233 τοῦ
2520 1179 2981 1248 ὲπιπροσθοῦντος
3009 1182 3074 1251 τῇ
3108 1179 3255 1249 ψυχῇ
3299 1179 3511 1246 νέφους,
3539 1178 3640 1229 καὶ

2055 1273 2155 1325 οὐκ
2201 1271 2400 1334 ἐῶντος
2451 1270 2710 1341 καθαρῶς
2763 1270 2890 1323 ίδεῖν
2927 1271 3025 1342 τὴν
3056 1270 3207 1323 θείαν
3237 1270 3458 1323 ἀκτῖνα·
3482 1262 3543 1321 οὗ
3576 1267 3637 1320 δὲ

2057 1363 2344 1435 κάθαρσις,
2372 1362 2638 1433 ἕλλαμψις
2658 1380 2671 1394 ο
2715 1361 2979 1432 έλλαμψις
3013 1362 3093 1422 δὲ,
3137 1361 3303 1414 πόθου
3332 1361 3634 1430 πλήρωσις,

2055 1456 2167 1518 τοῖς
2194 1453 2306 1507 τῶν
2345 1454 2618 1525 μεγίστων
2644 1454 2779 1524 (27),
2805 1453 2840 1524 ἢ
2887 1450 2978 1506 τοῦ
3024 1452 3302 1522 μεγίστου,
3336 1451 3368 1523 ἢ
3403 1451 3542 1521 ὑπὲρ
3574 1449 3645 1501 τὸ

2060 1545 2202 1615 μέγα
2232 1547 2555 1619 ἐφιεμένοις.

374 1642 652 1711 cujusdam
680 1644 875 1705 instar,
903 1642 1095 1696 animae
1126 1641 1305 1697 lumen
1340 1642 1616 1705 obscurat,
1652 1656 1752 1695 nec
1780 1640 1945 1694 divini
1988 1641 2124 1695 radii
2208 1643 2550 1710 splendorem
2596 1654 2729 1711 pure
2771 1640 2968 1692 intueri
3038 1637 3189 1701 sinit,
3237 1636 3483 1708 purgatio
3523 1641 3632 1693 est.

374 1734 545 1788 Porro
594 1735 681 1789 ubi
744 1736 1012 1804 purgatio,
1052 1734 1159 1789 illic
1205 1734 1569 1800 illuminatio;
1622 1734 1944 1787 illuminatio
2012 1745 2213 1799 autem,
2264 1736 2518 1790 desiderii
2577 1748 2789 1788 smnma
2853 1742 2956 1799 est,
3002 1733 3070 1786 iis
3101 1732 3284 1801 utique
3316 1733 3402 1800 qui
3456 1729 3636 1784 maxi-

374 1842 584 1880 marum
619 1842 818 1891 rerum,
858 1828 939 1883 vel
973 1828 1150 1897 potius
1179 1828 1429 1884 maximae
1496 1816 1596 1897 rei,
1646 1838 1810 1899 atque
1853 1831 1987 1884 adeo
2060 1831 2483 1900 magnitudinem
2542 1843 2755 1883 omnem
2813 1828 3139 1894 superantis,
3188 1827 3479 1897 cupiditate
3530 1825 3635 1879 ﬂa-

374 1929 553 1989 grant.

444 2007 537 2060 IX.
593 2008 853 2074 Quocirca
888 2022 948 2063 se
978 2024 1246 2081 quemque
1277 2013 1428 2081 prius
1455 2018 1684 2079 purgare
1712 2018 1944 2079 oportet,

2120 2008 2197 2062 8’.
2234 2006 2330 2061 Διὰ
2360 2007 2517 2061 τοῦτο
2547 2007 2849 2081 καθαρτέον
2881 2007 3073 2061 ἐαυτὸν
3108 2006 3219 2078 (28)
3250 2006 3482 2078 πρῶτον,
3514 2001 3638 2058 εἶτα

375 2110 532 2168 atque
560 2100 629 2152 ita
660 2101 872 2153 demum
903 2116 1025 2155 cum
1056 2117 1193 2169 puro
1222 2102 1664 2158 consuetudinem
1697 2101 1896 2155 habere
1922 2118 1937 2165 ;

2056 2098 2125 2170 τῷ
2155 2098 2382 2171 καθαρῷ
2427 2098 2859 2172 προσομιλητέον
2886 2119 2899 2130 ·
2935 2099 3097 2169 εἴπερ
3148 2098 3222 2169 μὴ
3258 2097 3545 2168 μέλλοιμεν
3573 2096 3641 2149 τὸ

374 2204 440 2243 ne
472 2190 668 2257 alioqui
702 2192 857 2245 nobis
902 2193 1039 2245 idem
1109 2194 1250 2260 quod
1303 2191 1505 2254 lsraeli,
1559 2192 1788 2258 accidat,
1823 2192 1945 2247 vul-

2056 2190 2142 2244 τοῦ
2192 2190 2407 2261 Ἰσραὴλ
2437 2188 2740 2249 πείσεσθαι,
2795 2188 2869 2259 μὴ
2904 2187 3162 2256 φέροντος
3206 2190 3304 2257 τὴν
3333 2174 3505 2253 δόξαν’
3538 2183 3640 2239 τοῦ

371 2289 461 2335 tus
494 2280 711 2337 Mosaici
749 2282 973 2350 gloriam
1005 2298 1110 2335 non
1153 2283 1370 2349 ferenti,
1400 2298 1462 2336 ac
1491 2292 1773 2351 propterea
1807 2284 1945 2337 vela-

2056 2279 2342 2353 προσώπου
2378 2280 2639 2342 Μωσέως,
2676 2279 2770 2332 καὶ
2798 2280 2887 2333 διά
2914 2279 3072 2333 τοῦτο
3118 2278 3374 2349 δεομένου
3423 2277 3641 2348 καλύμ-

374 2373 518 2426 tuine
548 2387 682 2440 opus
706 2373 922 2426 habenti
950 2373 971 2403 ⁸
1008 2390 1022 2426 :
1056 2383 1142 2425 aut
1173 2375 1384 2436 eodem,
1413 2388 1517 2442 quo
1546 2373 1757 2439 Manue,
1792 2373 1951 2429 modo

2056 2390 2227 2444 ματος
2247 2389 2261 2403 ο
2301 2372 2334 2443 ἢ
2361 2371 2422 2424 τὸ
2449 2371 2544 2424 τοῦ
2582 2371 2803 2435 Μανωὲ,
2829 2372 2921 2425 καὶ
2955 2369 3258 2431 πείσεσθαι,
3287 2372 3380 2423 καὶ
3419 2371 3594 2437 λέξειν
3618 2388 3640 2403 ο

373 2460 689 2527 alliciamur,
725 2477 787 2514 ac
813 2462 1055 2516 dicamus
1083 2461 1394 2527 :Periimus,
1430 2464 1641 2527 mulier,
1674 2463 1843 2517 Deum
1876 2466 1951 2518 vi-

2062 2462 2496 2532 Ἀπολώ.ὶαμεν,
2523 2458 2781 2531 ὦγῦναι,
2827 2461 2976 2517 Θεὸν
3014 2461 3378 2530 ἑωράκαμεν,
3406 2464 3462 2514 ἐν
3496 2478 3637 2531 φαν-

374 2551 546 2603 dimus
568 2550 745 2611 ﬁcum
778 2549 1025 2605 videlicet
1053 2551 1144 2605 Dei
1169 2553 1378 2619 Species
1408 2553 1504 2622 ipsi
1538 2552 1751 2621 objecta
1777 2564 1945 2617 esset;

2056 2556 2214 2627 τασίᾳ
2245 2555 2380 2609 Θεοῦ
2412 2556 2704 2624 γενομένου
2726 2574 2738 2585 ο
2768 2556 2823 2625 ἢ,
2848 2556 2923 2619 ὡς
2942 2556 3169 2626 Πέτρος,
3202 2555 3294 2607 τοῦ
3326 2555 3511 2608 πλοίου
3542 2556 3640 2608 τὸν

377 2650 491 2707 aut,
533 2641 679 2695 Petri
736 2642 926 2707 instar,
978 2642 1159 2698 Jesum
1209 2660 1237 2697 a
1287 2647 1535 2700 navicula
1577 2646 1598 2677 '
1629 2628 1948 2701 submovea-

2064 2648 2270 2720 Ἰησοῦν
2319 2648 2768 2718 ἀποπέμψασθαι,
2823 2648 2899 2710 ὠς
2927 2647 3027 2699 οὐκ
3057 2644 3195 2710 ἄξιοι
3228 2646 3484 2715 τοιαύτης
3516 2648 3641 2699 ἐπι-

376 2748 518 2797 mus,
548 2741 729 2802 utpote
776 2734 866 2789 tali
918 2738 1198 2805 praesentia
1238 2738 1437 2808 indigni
1485 2736 1723 2808 (Petrum
1766 2747 1948 2792 autem

2056 2738 2273 2809 δημίας.
2310 2737 2516 2808 Πέτρον
2547 2738 2604 2790 δὲ
2637 2739 2765 2790 ὅταν
2791 2738 2950 2797 εἴπω,
2985 2737 3107 2789 τίνα
3152 2736 3325 2804 λέγω;
3363 2736 3464 2789 Τὸν
3498 2736 3643 2790 κατά

378 2840 498 2879 cum
552 2824 691 2888 dico,
745 2838 905 2894 quem
958 2826 1130 2882 virum
1189 2828 1348 2882 dico?
1398 2829 1566 2893 Eum,
1634 2829 1726 2899 qui
1782 2843 1947 2899 super

2056 2830 2319 2900 κυμάτων
2353 2828 2710 2893 πεζεύσαντα,
2738 2829 2830 2894 Ἢ,
2857 2828 2933 2891 ὡς
2967 2827 3198 2890 Παῦλος,
3231 2825 3327 2897 τὴν
3348 2827 3469 2896 ὄψιν
3499 2827 3642 2897 πλη-

375 2911 568 2970 fluctus
606 2915 938 2986 ambulavit).
991 2918 1099 2972 Aut
1144 2919 1420 2973 oculorum
1465 2934 1624 2975 sensu
1674 2920 1950 2981 orbemur,

2056 2920 2338 2995 γῆσεσθαι,
2368 2922 2498 2993 πρὶν
2531 2922 2872 2994 καθαρθῆναι
2900 2922 3011 2975 τῶν
3037 2922 3313 2992 διωγμῶν,
3342 2921 3419 2992 τῷ
3447 2922 3642 2974 διωκο-

378 3007 824 3074 quemadmodum
857 3007 1026 3062 Paulo
1077 3010 1295 3072 accidit,
1355 3025 1499 3073 Clltll,
1563 3012 1877 3081 priusquam
1923 3026 1951 3063 a

2057 3016 2206 3086 μένῳ
2236 3014 2670 3086 προσομιλήσας,
2718 3013 2917 3085 μᾶλλον
2970 3015 3027 3067 δὲ
3075 3014 3304 3086 βραχείᾳ
3330 3012 3422 3066 τοῦ
3466 3013 3643 3083 μεγά-

1436 3106 1683 3183 (ιοῳιίιιηι
1718 3118 1838 3155 cum
1864 3115 1951 3167 eo,
2053 3107 2145 3161 λου
2178 3106 2287 3177 (29)
2322 3107 2499 3175 φωτὸς
2540 3106 2885 3177 λαμπηδόνι·
2923 3106 2977 3177 ἢ,
3031 3106 3108 3168 ὼς
3140 3106 3167 3157 6
3206 3106 3602 3176 ἑκατόνταρχος
3623 3145 3640 3171 ,

378 3202 537 3257 quem
571 3188 1014 3257 persequebatur,
1045 3191 1370 3255 miscuisset,
1407 3193 1491 3247 vel
1534 3194 1731 3263 potius,
1762 3193 1951 3263 exiguo

2056 3200 2149 3270 τὴν
2176 3200 2274 3271 μὲν
2312 3199 2612 3272 θεραπείαν
2640 3201 3014 3272 ἐπιζητήσειν,
3045 3202 3109 3271 τῇ
3143 3198 3292 3271 οἰκίᾳ
3326 3198 3433 3269 (30)
3464 3198 3520 3250 δέ
3546 3198 3645 3251 τὸν

382 3279 562 3349 magni
588 3279 732 3335 illius
761 3280 979 3336 luminis
1006 3282 1289 3351 splendore
1316 3286 1635 3352 perstrictus
1666 3282 1855 3340 fuisset
1885 3289 1905 3321 ⁸
1934 3301 1950 3338 :

2056 3290 2395 3364 θεραπευτὴν
2443 3294 2543 3346 οὐκ
2595 3292 2939 3358 εἰσδέξασθαι
2969 3291 3059 3345 διὰ
3086 3292 3289 3345 δειλίαν
3321 3290 3643 3361 ἐπαινουμέ-

380 3380 469 3424 aut
502 3372 753 3440 denique,
786 3383 842 3426 ut
867 3374 1113 3429 centurio
1148 3374 1256 3439 ille,
1293 3375 1613 3429 medicinam
1660 3376 1731 3429 ita
1767 3376 1947 3445 requi-

2056 3356 2170 3453 νην.
2201 3356 2421 3450 Λεγέτω
2436 3400 2519 3446 τις
2546 3384 2639 3436 κα)¹
2673 3356 2850 3455 ἡμῶν,
2868 3383 2971 3445 ἕως
2991 3382 3142 3435 οὔπω
3158 3381 3475 3453 καθαίρεται
3501 3356 3638 3452 (δι),

381 3477 584 3529 ramus,
621 3472 678 3517 ut
719 3472 898 3519 tamen
937 3464 1187 3519 laudabili
1234 3468 1423 3520 timore
1455 3467 1742 3537 perterriti,
1778 3467 1950 3522 medi-

2057 3474 2171 3527 ἀλλ’
2203 3473 2351 3527 ἐστιν
2376 3474 2767 3545 ἑκατόνταρχος
2795 3474 2895 3537 ἐτι,
2923 3473 3184 3526 πλειόνων
3222 3475 3279 3525 ἐν
3310 3471 3477 3541 κακίᾳ
3504 3488 3639 3540 κρα-

382 3570 502 3606 (τιιιιι
552 3555 605 3608 in
638 3556 782 3610 aedes
813 3564 1027 3611 nostras
1058 3571 1162 3611 non
1193 3558 1566 3612 admittatuus.
1618 3556 1849 3614 Proinde
1873 3559 1950 3613 di-

2056 3565 2184 3628 τῶν,
2239 3566 2332 3619 καὶ
2394 3564 2747 3637 στρατεύεται
2806 3564 3067 3635 Καίσαρι,
3119 3563 3196 3634 τῷ
3237 3561 3641 3633 κοσμοκράτορι

381 3658 464 3700 cat
508 3662 720 3716 quoque
760 3662 825 3701 ex
868 3650 1025 3703 nobis
1061 3650 1353 3719 quispiam,
1417 3648 1654 3719 quandiu
1714 3652 1951 3705 nondum

2056 3655 2166 3709 τῶν
2196 3655 2345 3708 κάτω
2368 3656 2683 3728 συρομένων
2698 3671 2711 3683 ·
2734 3656 2855 3709 Οὐκ
2872 3653 2985 3724 εἰμὶ
3002 3654 3228 3719 ἱκανὸς,
3256 3654 3356 3706 ἵνα
3376 3670 3493 3722 μου
3514 3651 3638 3705 ὑπὸ

382 3749 661 3810 purgatur,
720 3741 812 3795 sed
861 3743 1040 3796 adhuc
1071 3742 1318 3798 centurio
1354 3752 1457 3805 est,
1509 3743 1560 3795 in
1610 3741 1807 3798 multos
1836 3743 1951 3796 vitii

2056 3747 2172 3816 τὴν
2201 3747 2426 3817 στέγην
2453 3747 2754 3815 εἰσέλθῃς.
2784 3748 2952 3800 Ὅταν
2996 3747 3055 3799 δὲ
3093 3745 3304 3815 Ἰησοῦν
3353 3745 3639 3814 θεάσηται,

382 3832 739 3900 principatum
799 3843 1003 3897 tenens,
1062 3850 1124 3887 ac
1182 3833 1406 3898 Cmsari,
1462 3834 1565 3889 hoc
1619 3846 1721 3902 est,
1773 3835 1951 3891 mundi

2059 3838 2234 3892 καίτοι
2265 3837 2457 3908 μικρὸς
2474 3836 2549 3889 ὢν
2577 3836 2676 3907 τὴν
2698 3837 3072 3907 πνευματικὴν
3097 3835 3332 3906 ἡλικίαν,
3364 3834 3439 3897 ὡς
3472 3835 3499 3885 6
3523 3833 3640 3903 (52)

384 3923 631 3993 principi,
673 3940 987 3996 eorumque,
1035 3927 1123 3995 qui
1174 3926 1319 3980 humi
1355 3925 1685 3991 volutantur,
1733 3927 1951 3983 domino

2061 3931 2329 4000 Ζακχαῖος
2358 3930 2581 3991 ἐκεῖνος,
2621 3928 2715 3981 καὶ
2752 3928 2891 3999 ὑπὲρ
2923 3928 3023 3998 τὴν
3064 3926 3448 3998 συκομωραίαν
3471 3924 3638 3997 ἀρθῇ,

387 4015 623 4070 militat:
684 4014 807 4069 Non
859 4032 975 4070 sum
1025 4018 1238 4085 dignus,
1297 4026 1353 4069 ut
1395 4019 1561 4072 intres
1613 4019 1706 4073 sub
1765 4028 1951 4073 tectum

2061 4019 2342 4093 νεκρώσας
2373 4019 2441 4073 τὰ
2481 4020 2614 4091 μέλη
2654 4019 2722 4073 τὰ
2761 4018 2852 4072 ἐπὶ
2877 4019 2978 4089 τῆς
3020 4020 3142 4091 γῆς,
3168 4019 3262 4072 καὶ
3288 4017 3641 4087 ὑπεραναὸἀς

386 4122 553 4160 meum
578 4109 621 4162 ".
653 4108 784 4161 Cum
832 4116 1011 4160 autem
1069 4106 1252 4161 Jesum
1302 4111 1663 4177 conspexerit,
1714 4112 1951 4180 quamvis

2057 4111 2117 4163 τὸ
2148 4111 2307 4181 σῶμα
2338 4109 2438 4181 τῆς
2478 4109 2879 4174 ταπεινώσεως,
2912 4111 3031 4163 τότε
3065 4110 3159 4163 καὶ
3202 4109 3520 4180 είσδεχέοθω
3544 4108 3641 4163 τὸν

2058 4203 2251 4270 Λόγον,
2278 4203 2372 4254 καὶ
2394 4201 2638 4255 ἀκουέτω
2653 4217 2667 4231 ο
2691 4201 2959 4269 Σήμερον
2974 4201 3236 4269 σωτηρία
3258 4200 3336 4264 τῷ
3356 4201 3498 4265 οἴκῳ
3513 4200 3641 4255 τού-

2057 4311 2156 4358 τῳ,
2184 4293 2278 4346 καὶ
2299 4291 2624 4363 λαμϐανέτω
2649 4291 2750 4363 τὴν
2774 4291 3070 4363 σωτηρίαν,
3094 4292 3189 4345 καὶ
3220 4290 3643 4362 καρποφορείτω

2056 4387 2125 4440 τά
2143 4383 2465 4457 τελεώτερα,
2514 4381 2824 4453 σκορπίζων
2863 4384 2958 4435 κα)⁵
2986 4382 3215 4453 διαχέων
3249 4382 3449 4446 καλῶς,
3478 4381 3513 4435 ἃ
3538 4398 3644 4434 κα-

2059 4476 2169 4539 κῶς
2195 4474 2546 4544 ἐτελὼνησεν.

392 4563 571 4620 audiat
602 4581 615 4617 :
654 4563 825 4620 Hodie
858 4566 1001 4619 salus
1031 4566 1152 4620 huic
1179 4566 1356 4620 domui
1386 4565 1430 4597 ὀ
1451 4606 1467 4629 ,
1501 4566 1837 4635 salutemque
1866 4567 2131 4637 accipiat,
2195 4582 2259 4621 ac
2321 4566 2671 4638 perfectiores
2706 4563 2912 4621 fructus
2957 4565 3115 4628 ferat,
3183 4565 3437 4634 praeclare
3487 4580 3644 4634 spar~

391 4670 521 4723 gens
556 4663 609 4707 et
636 4654 934 4722 eﬂ‘undens,
966 4670 1085 4724 quae
1120 4670 1187 4710 ex
1223 4656 1401 4709 telonii
1432 4656 1596 4710 lucris
1621 4654 1757 4709 male
1789 4654 2095 4726 collegerat.

461 4748 529 4802 Χ.
598 4750 739 4803 Idem
802 4750 943 4803 enim
1006 4751 1260 4815 Verbum,
1324 4761 1378 4804 et
1436 4760 1653 4820 propter
1708 4759 1951 4804 naturam

2134 4751 2190 4804 l'.
2233 4749 2292 4802 Ὀ
2324 4749 2431 4822 γάρ
2451 4749 2613 4812 αὐτὸς
2634 4748 2827 4816 Λόγος,
2857 4746 2951 4800 καὶ
2969 4746 3196 4817 φοϐερὸς
3216 4748 3324 4809 τοῖς
3342 4746 3441 4799 οὐκ
3470 4745 3642 4810 ἀξίοις

394 4856 545 4895 suam
597 4841 827 4911 indignis
882 4841 1283 4895 formidolosum
1332 4853 1433 4905 est,
1464 4852 1520 4896 et
1553 4850 1769 4910 pr0pter
1809 4842 1951 4896 beni-

2065 4841 2151 4893 διὰ
2178 4841 2277 4911 τὴν
2326 4840 2505 4908 φύσιν,
2537 4839 2632 4893 καὶ
2668 4837 2911 4910 χωρητὸς
2954 4838 3041 4891 διὰ
3088 4836 3497 4908 φιλανθρωπίαν
3528 4838 3645 4900 τοῖς

394 4933 647 5003 guitatem
684 4934 797 5002 capi
832 4942 1025 5002 potest,
1061 4934 1126 4989 iis
1154 4934 1367 5003 quidem
1397 4942 1570 4997 certe,
1595 4934 1686 5001 qui
1728 4934 1779 4985 in
1817 4933 1951 4988 hunc

2066 4931 2238 4996 οὕτως
2269 4932 2725 5003 ηὑτρεπισμένοις
2775 4930 2885 4999 (55)
2909 4948 2920 4956 ·
2958 4930 3072 4983 ὅσοι
3106 4928 3215 5000 (54)
3242 4928 3302 4981 τὸ
3332 4928 3646 4999 ἀκάθαρτον

396 5022 609 5076 modum
641 5022 837 5078 fuerint
879 5026 1158 5094 prmparati
1186 5041 1199 5090 ;
1244 5025 1366 5094 qui,
1404 5025 1615 5093 impuro
1649 5023 1839 5092 spiritu
1869 5025 1951 5077 de-

2069 5024 2163 5077 καὶ
2192 5024 2375 5077 ὑλικὸν
2410 5023 2627 5093 πνεῦμα
2650 5022 2757 5075 τῶν
2776 5021 2961 5091 ψυχῶν
2995 5020 3386 5085 ἀπελάσαντες,
3421 5021 3517 5073 καὶ
3545 5020 3646 5083 τὰς

398 5113 570 5183 pulso,
602 5116 812 5168 animas
856 5100 1128 5184 agnitione
1176 5116 1482 5168 mundarint
1529 5121 1584 5167 et
1624 5113 1956 5175 exornariut,

470 5203 489 5233 ³⁷
521 5201 678 5257 Prov.
714 5217 787 5273 tv,
822 5204 874 5255 7.
977 5207 996 5235 ²
1038 5203 1202 5257 Eccli.
1242 5219 1278 5263 ι.
1313 5201 1399 5273 l6.
1496 5201 1515 5231 ³
1567 5199 1735 5273 Exod.
1770 5215 1958 5273 xxxrv,
1990 5202 2059 5273 30
2103 5218 2224 5273 sqq.

398 5273 432 5327 4
486 5287 603 5341 sqq.
674 5274 694 5303 ⁷
729 5271 915 5327 Matth.
958 5289 1073 5336 vut,
1111 5272 1164 5326 8.
1254 5273 1275 5303 ⁸
1316 5272 1447 5325 Luc.
1480 5286 1593 5332 XIX,
1627 5270 1661 5322 2
1719 5284 1837 5338 sqq.
1915 5272 1935 5301 ⁹
1976 5270 2297 5338 (Σοιοεεξιη,
2331 5273 2384 5327 5.
2466 5274 2510 5305 ¹⁰
2538 5273 2669 5326 Luc.
2700 5289 2813 5337 xix,
2840 5273 2894 5327 9.

610 5360 855 5435 Ιςτῇσαί.
887 5362 1003 5415 Bill.
1036 5380 1050 5435 ς
1084 5381 1101 5409 ‹
1127 5361 1385 5435 collige.)
1416 5431 1424 5435 _
1531 5428 1596 5435 __
1762 5431 1782 5435 _
1852 5429 1865 5435 _

2302 5363 2490 5435 Οἰκία.
2529 5361 2619 5416 Sic
2645 5366 2821 5435 plures
2845 5362 3011 5435 Regg.
3051 5363 3107 5415 lu
3132 5362 3463 5435 εάίηοίκείᾳ.

472 5428 580 5503 (27)
622 5432 749 5503 Ίξοῖς
775 5430 892 5484 τῶν
907 5432 1244 5503 perfector:
1268 5431 1450 5503 Schol.
1488 5446 1501 5480 :
1531 5428 1644 5503 Τάς
1667 5429 1951 5503 τρεῖς-ὑπο

2145 5428 2256 5503 (51)
2285 5428 2656 5501 Καθαίρεταιξ
2686 5432 2743 5484 lu
2778 5428 3075 5503 nonnullis,
3097 5428 3451 5503 κεκάθαρται.

400 5497 614 5571 στάσεις
642 5500 730 5571 διὰ
762 5503 821 5553 τὸ
854 5497 973 5553 κατ’
994 5497 1208 5571 οὐσίαν
1224 5499 1303 5564 ἓν,
1358 5500 1450 5551 καὶ
1496 5497 1709 5571 ταυτὸν,
1752 5499 1845 5552 καὶ
1881 5518 1951 5569 μο

2145 5497 2257 5571 (32)
2298 5504 2395 5567 Ὠς
2421 5497 2484 5555 όξ
2508 5503 2598 5554 Sic
2620 5511 2823 5571 septem
2861 5501 3027 5571 [{cgg.
3055 5502 3212 5556 Deest
3244 5504 3272 5554 6
3301 5497 3352 5554 in
3375 5503 3461 5555 ed.

400 5568 613 5641 ναδικὸν
646 5570 745 5639 τῆς
791 5570 1071 5641 θεότητος·
1129 5588 1146 5621 ι
1170 5567 1302 5641 Tres
1327 5583 1602 5641 personas
1621 5568 1689 5622 ob
1723 5567 1966 5623 essentia:

399 5638 680 5708 unitatem.
705 5638 1054 5708 eamdemque
1075 5654 1137 5691 ac
1169 5638 1496 5708 singularem
1524 5639 1795 5693 deitatem.
1819 5658 1836 5689 ι

472 5706 583 5847 (28)
626 5700 890 5764 'Eathr.
918 5700 1080 5764 Deest
1108 5708 1157 5760 iu
1192 5700 1321 5775 an.
1353 5709 1443 5778 ph,
1470 5707 1562 5762 Or.
1600 5710 1627 5763 1
1660 5716 1712 5762 et
1737 5708 1877 5763 aliis.

472 5777 559 5845 (i9
611 5777 908 5845 Μεγάλου.
941 5779 1096 5832 Deest
1118 5778 1169 5831 in
1201 5778 1404 5832 duobus
1442 5779 1606 5844 Rege.

469 5777 581 5845 (i9)
611 5777 908 5845 Μεγάλου.
941 5779 1096 5832 Deest
1118 5778 1169 5831 in
1201 5777 1404 5832 duobus
1442 5779 1606 5844 Βρεμι.

379 3098 839 3165 persecutiouibus
879 3100 1125 3169 expiatus
1152 3111 1320 3164 esset,
1355 3102 1683 3170 colloquium
1718 3115 1951 3167 mineo,

386 4196 646 4262 spirituali
676 4205 882 4251 statura
920 4210 1138 4265 parvus,
1168 4209 1225 4252 ut
1266 4197 1524 4255 Zaciueus
1558 4201 1665 4264 ille,
1698 4216 1763 4255 ac
1799 4217 1962 4268 super

387 4300 724 4356 sycomorum
770 4297 989 4342 evectus
1020 4288 1182 4344 fuerit
1232 4291 1286 4355 ⁸,
1325 4292 1664 4347 mortificatis
1715 4295 1961 4348 videlicet

390 4378 665 4441 membris,
696 4393 815 4447 qua:
831 4394 991 4448 super
1020 4390 1217 4435 terram
1247 4386 1425 4448 sunt',
1457 4395 1615 4453 atque
1647 4385 1963 4440 humilitatis

389 4483 613 4538 corpore
658 4479 933 4538 superato,
988 4481 1097 4526 tum
1144 4488 1269 4529 vero
1321 4474 1553 4529 Verbum
1608 4476 1867 4544 excipiat,
1907 4486 1963 4530 et

2069 5115 2277 5168 ἐαυτῶν
2298 5114 2476 5185 ψυχάς
2503 5118 2567 5185 τῇ
2603 5116 2893 5183 ἐπιγνώσει
2922 5113 3265 5184 σαρώσαντες
3312 5113 3405 5164 καὶ
3434 5114 3647 5183 κοσμήο

2324 5204 2347 5234 ⁴
2373 5204 2496 5260 Jud.
2537 5219 2659 5267 xm,
2702 5203 2793 5259 22.
2896 5204 2914 5235 ¹
2944 5203 3074 5257 Luc.
3104 5219 3155 5269 v,
3205 5202 3257 5255 8.
3352 5202 3372 5231 °
3409 5204 3533 5256 Act.
3564 5218 3644 5267 ιι,

2145 5569 2258 5640 (35)
2280 5569 2810 5638 Ηύτρεπισμένοις.
2866 5569 3032 5640 negg.
3072 5572 3181 5636 btu,
3211 5572 3279 5640 ph
3322 5582 3372 5626 et
3404 5570 3554 5627 Colb.
3585 5570 3643 5637 5,

2073 5641 2539 5710 εὑτρεπισμένοις.

2144 5710 2255 5781 (54)
2283 5712 2475 5765 Ὅσοι.
2499 5710 2684 5765 Plures
2717 5710 2889 5777 Colb.,
2918 5711 3005 5774 ὡς.
3026 5710 3093 5764 οἱ.
