  <div class='ocr_page' id='page_1' title='image "/cluster/home/n/w/nwhite01/storage/ocr_20150623/36/hvd.32044024464877/198.png"; bbox 0 0 4010 6316; ppageno 0'>
   <div class='ocr_carea' id='block_1_1' title="bbox 180 376 273 435">
    <p class='ocr_par' dir='ltr' id='par_1_1' title="bbox 180 376 273 435">
     <span class='ocr_line' id='line_1_1' title="bbox 180 376 273 435; baseline -0.022 0"><span class='ocrx_word' id='word_1_1' title='bbox 180 376 273 435; x_wconf 69' lang='grc' dir='ltr'><strong>ἔοιό</strong></span> 
     </span>
    </p>
   </div>
   <div class='ocr_carea' id='block_1_2' title="bbox 1089 375 2487 437">
    <p class='ocr_par' dir='ltr' id='par_1_2' title="bbox 1089 375 2487 437">
     <span class='ocr_line' id='line_1_2' title="bbox 1089 375 2487 437; baseline 0.004 -5"><span class='ocrx_word' id='word_1_2' title='bbox 1089 375 1347 432; x_wconf 80' lang='lat' dir='ltr'><strong>ORATIO</strong></span> <span class='ocrx_word' id='word_1_3' title='bbox 1389 376 1627 434; x_wconf 75' lang='lat' dir='ltr'><strong>XXXIX.</strong></span> <span class='ocrx_word' id='word_1_4' title='bbox 1668 411 1738 422; x_wconf 92' lang='lat'><strong>—-</strong></span> <span class='ocrx_word' id='word_1_5' title='bbox 1776 379 1843 432; x_wconf 79' lang='lat' dir='ltr'><strong>IN</strong></span> <span class='ocrx_word' id='word_1_6' title='bbox 1890 380 2168 435; x_wconf 79' lang='lat' dir='ltr'><strong>SANCTA</strong></span> <span class='ocrx_word' id='word_1_7' title='bbox 2204 384 2487 437; x_wconf 66' lang='lat' dir='ltr'><strong>LUMINA.</strong></span> 
     </span>
    </p>
   </div>
   <div class='ocr_carea' id='block_1_3' title="bbox 3315 394 3418 444">
    <p class='ocr_par' dir='ltr' id='par_1_3' title="bbox 3315 394 3418 444">
     <span class='ocr_line' id='line_1_3' title="bbox 3315 394 3418 444; baseline 0.029 -3"><span class='ocrx_word' id='word_1_8' title='bbox 3315 394 3418 444; x_wconf 68' lang='grc' dir='ltr'><strong>διο</strong></span> 
     </span>
    </p>
   </div>
   <div class='ocr_carea' id='block_1_4' title="bbox 179 491 1758 572">
    <p class='ocr_par' dir='ltr' id='par_1_4' title="bbox 179 491 1741 567">
     <span class='ocr_line' id='line_1_4' title="bbox 179 491 1741 567; baseline 0 -18"><span class='ocrx_word' id='word_1_9' title='bbox 179 509 388 567; x_wconf 52' lang='grc' dir='ltr'>σαντες,</span> <span class='ocrx_word' id='word_1_10' title='bbox 425 491 561 563; x_wconf 70' lang='grc' dir='ltr'>μηδὲ</span> <span class='ocrx_word' id='word_1_11' title='bbox 593 492 795 563; x_wconf 81' lang='grc' dir='ltr'>ἀργὴν,</span> <span class='ocrx_word' id='word_1_12' title='bbox 833 493 967 562; x_wconf 82' lang='grc' dir='ltr'>μηδὲ</span> <span class='ocrx_word' id='word_1_13' title='bbox 1015 493 1297 566; x_wconf 82' lang='grc' dir='ltr'>ἄπρακτον</span> <span class='ocrx_word' id='word_1_14' title='bbox 1331 494 1543 561; x_wconf 78' lang='grc' dir='ltr'>εἴασαν,</span> <span class='ocrx_word' id='word_1_15' title='bbox 1600 495 1741 549; x_wconf 83' lang='grc' dir='ltr'>ὥστε</span> 
     </span>
    </p>
   </div>
   <div class='ocr_carea' id='block_1_5' title="bbox 1866 491 3418 572">
    <p class='ocr_par' dir='ltr' id='par_1_5' title="bbox 1866 497 3418 572">
     <span class='ocr_line' id='line_1_5' title="bbox 1866 497 3418 572; baseline 0.001 -21"><span class='ocrx_word' id='word_1_16' title='bbox 1866 512 1945 553; x_wconf 72' lang='lat' dir='ltr'><strong>nec</strong></span> <span class='ocrx_word' id='word_1_17' title='bbox 1976 512 2068 552; x_wconf 87' lang='lat' dir='ltr'><strong>eas</strong></span> <span class='ocrx_word' id='word_1_18' title='bbox 2097 497 2309 553; x_wconf 82' lang='lat' dir='ltr'><strong>desides</strong></span> <span class='ocrx_word' id='word_1_19' title='bbox 2338 511 2392 553; x_wconf 92' lang='lat' dir='ltr'><strong>et</strong></span> <span class='ocrx_word' id='word_1_20' title='bbox 2432 498 2634 554; x_wconf 88' lang='lat' dir='ltr'><strong>otiosas</strong></span> <span class='ocrx_word' id='word_1_21' title='bbox 2680 500 2845 572; x_wconf 78' lang='lat'><strong>683</strong></span> <span class='ocrx_word' id='word_1_22' title='bbox 2887 500 3223 570; x_wconf 88' lang='lat' dir='ltr'><strong>reliquerint,</strong></span> <span class='ocrx_word' id='word_1_23' title='bbox 3257 501 3333 556; x_wconf 91' lang='lat' dir='ltr'><strong>ita</strong></span> <span class='ocrx_word' id='word_1_24' title='bbox 3362 511 3418 555; x_wconf 86' lang='lat' dir='ltr'><strong>ut</strong></span> 
     </span>
    </p>
   </div>
   <div class='ocr_carea' id='block_1_6' title="bbox 181 581 1736 659">
    <p class='ocr_par' dir='ltr' id='par_1_6' title="bbox 181 581 1736 659">
     <span class='ocr_line' id='line_1_6' title="bbox 181 581 1736 659; baseline -0.001 -19"><span class='ocrx_word' id='word_1_25' title='bbox 181 589 301 659; x_wconf 74' lang='grc' dir='ltr'>μετὰ</span> <span class='ocrx_word' id='word_1_26' title='bbox 329 585 574 647; x_wconf 83' lang='grc' dir='ltr'>πλείονος</span> <span class='ocrx_word' id='word_1_27' title='bbox 600 585 701 654; x_wconf 80' lang='grc' dir='ltr'><strong>τῆς</strong></span> <span class='ocrx_word' id='word_1_28' title='bbox 727 585 1105 656; x_wconf 79' lang='grc' dir='ltr'><strong>παρασκευῆς,</strong></span> <span class='ocrx_word' id='word_1_29' title='bbox 1142 581 1294 649; x_wconf 74' lang='grc' dir='ltr'>αὖθις</span> <span class='ocrx_word' id='word_1_30' title='bbox 1324 585 1736 656; x_wconf 80' lang='grc' dir='ltr'>καταληφθῆναι</span> 
     </span>
    </p>
   </div>
   <div class='ocr_carea' id='block_1_7' title="bbox 177 676 1738 748">
    <p class='ocr_par' dir='ltr' id='par_1_7' title="bbox 177 676 1738 748">
     <span class='ocr_line' id='line_1_7' title="bbox 177 676 1738 748; baseline 0.002 -20"><span class='ocrx_word' id='word_1_31' title='bbox 177 678 269 732; x_wconf 72' lang='grc' dir='ltr'>ὑπὸ</span> <span class='ocrx_word' id='word_1_32' title='bbox 296 678 398 731; x_wconf 86' lang='grc' dir='ltr'><strong>τῶν</strong></span> <span class='ocrx_word' id='word_1_33' title='bbox 425 676 567 730; x_wconf 80' lang='grc' dir='ltr'>ἑπτὰ</span> <span class='ocrx_word' id='word_1_34' title='bbox 600 677 698 746; x_wconf 82' lang='grc' dir='ltr'><strong>τῆς</strong></span> <span class='ocrx_word' id='word_1_35' title='bbox 732 677 930 739; x_wconf 83' lang='grc' dir='ltr'>κακίας</span> <span class='ocrx_word' id='word_1_36' title='bbox 982 677 1328 748; x_wconf 83' lang='grc' dir='ltr'><strong>πνευμάτων,</strong></span> <span class='ocrx_word' id='word_1_37' title='bbox 1365 676 1464 729; x_wconf 81' lang='grc' dir='ltr'>ὅσα</span> <span class='ocrx_word' id='word_1_38' title='bbox 1512 678 1605 730; x_wconf 75' lang='grc' dir='ltr'>καὶ</span> <span class='ocrx_word' id='word_1_39' title='bbox 1636 677 1738 747; x_wconf 85' lang='grc' dir='ltr'>τῆς</span> 
     </span>
    </p>
   </div>
   <div class='ocr_carea' id='block_1_8' title="bbox 177 766 1738 840">
    <p class='ocr_par' dir='ltr' id='par_1_8' title="bbox 177 766 1738 840">
     <span class='ocr_line' id='line_1_8' title="bbox 177 766 1738 840; baseline -0.001 -18"><span class='ocrx_word' id='word_1_40' title='bbox 177 770 359 840; x_wconf 75' lang='grc' dir='ltr'>ἀρετῆς</span> <span class='ocrx_word' id='word_1_41' title='bbox 389 766 773 839; x_wconf 82' lang='grc' dir='ltr'>ὰπηρίθμηται</span> <span class='ocrx_word' id='word_1_42' title='bbox 837 768 917 827; x_wconf 84' lang='grc' dir='ltr'><strong>(τὸ</strong></span> <span class='ocrx_word' id='word_1_43' title='bbox 954 767 1063 839; x_wconf 82' lang='grc' dir='ltr'>γάρ</span> <span class='ocrx_word' id='word_1_44' title='bbox 1090 767 1528 839; x_wconf 82' lang='grc' dir='ltr'>δυσμαχώτερον,</span> <span class='ocrx_word' id='word_1_45' title='bbox 1583 785 1738 839; x_wconf 79' lang='grc' dir='ltr'>περι-</span> 
     </span>
    </p>
   </div>
   <div class='ocr_carea' id='block_1_9' title="bbox 178 857 1738 935">
    <p class='ocr_par' dir='ltr' id='par_1_9' title="bbox 178 857 1738 935">
     <span class='ocr_line' id='line_1_9' title="bbox 178 857 1738 935; baseline 0.001 -24"><span class='ocrx_word' id='word_1_46' title='bbox 178 858 677 930; x_wconf 72' lang='grc' dir='ltr'><strong>ιιττουδαςιτότερον)⁸</strong></span> <span class='ocrx_word' id='word_1_47' title='bbox 722 857 859 910; x_wconf 86' lang='grc' dir='ltr'>άλλά</span> <span class='ocrx_word' id='word_1_48' title='bbox 897 858 1033 929; x_wconf 84' lang='grc' dir='ltr'>πρὸς</span> <span class='ocrx_word' id='word_1_49' title='bbox 1080 858 1158 929; x_wconf 82' lang='grc' dir='ltr'>τῷ</span> <span class='ocrx_word' id='word_1_50' title='bbox 1208 860 1319 930; x_wconf 79' lang='grc'><strong>(55)</strong></span> <span class='ocrx_word' id='word_1_51' title='bbox 1375 861 1594 935; x_wconf 80' lang='grc' dir='ltr'>φεύγειν</span> <span class='ocrx_word' id='word_1_52' title='bbox 1638 862 1738 932; x_wconf 82' lang='grc' dir='ltr'>τὴν</span> 
     </span>
    </p>
   </div>
   <div class='ocr_carea' id='block_1_10' title="bbox 176 948 1736 1023">
    <p class='ocr_par' dir='ltr' id='par_1_10' title="bbox 176 948 1736 1023">
     <span class='ocr_line' id='line_1_10' title="bbox 176 948 1736 1023; baseline 0.003 -22"><span class='ocrx_word' id='word_1_53' title='bbox 176 949 379 1010; x_wconf 83' lang='grc' dir='ltr'>κακίαν,</span> <span class='ocrx_word' id='word_1_54' title='bbox 414 949 511 1002; x_wconf 76' lang='grc' dir='ltr'><strong>καὶ</strong></span> <span class='ocrx_word' id='word_1_55' title='bbox 559 948 658 1019; x_wconf 81' lang='grc' dir='ltr'>τὴν</span> <span class='ocrx_word' id='word_1_56' title='bbox 692 949 893 1021; x_wconf 81' lang='grc' dir='ltr'>ἀρετὴν</span> <span class='ocrx_word' id='word_1_57' title='bbox 944 949 1287 1021; x_wconf 76' lang='grc' dir='ltr'>ἐργάζονται,</span> <span class='ocrx_word' id='word_1_58' title='bbox 1321 953 1439 1006; x_wconf 85' lang='grc' dir='ltr'>ὅλον</span> <span class='ocrx_word' id='word_1_59' title='bbox 1497 953 1588 1005; x_wconf 74' lang='grc' dir='ltr'><strong>τὸν</strong></span> <span class='ocrx_word' id='word_1_60' title='bbox 1624 952 1736 1023; x_wconf 70' lang='grc'>(36)</span> 
     </span>
    </p>
   </div>
   <div class='ocr_carea' id='block_1_11' title="bbox 177 1040 1738 1112">
    <p class='ocr_par' dir='ltr' id='par_1_11' title="bbox 177 1040 1738 1112">
     <span class='ocr_line' id='line_1_11' title="bbox 177 1040 1738 1112; baseline 0.002 -18"><span class='ocrx_word' id='word_1_61' title='bbox 177 1043 413 1112; x_wconf 81' lang='grc' dir='ltr'>Χριστὸν,</span> <span class='ocrx_word' id='word_1_62' title='bbox 449 1042 482 1111; x_wconf 80' lang='grc' dir='ltr'><strong>ἢ</strong></span> <span class='ocrx_word' id='word_1_63' title='bbox 518 1042 601 1094; x_wconf 81' lang='grc' dir='ltr'><strong>δτι</strong></span> <span class='ocrx_word' id='word_1_64' title='bbox 640 1040 896 1111; x_wconf 87' lang='grc' dir='ltr'>μάλιστα,</span> <span class='ocrx_word' id='word_1_65' title='bbox 926 1043 1136 1105; x_wconf 80' lang='grc' dir='ltr'><strong>ἑαυτοῖς</strong></span> <span class='ocrx_word' id='word_1_66' title='bbox 1167 1044 1577 1109; x_wconf 82' lang='grc' dir='ltr'>εἰσοικίσαντες,</span> <span class='ocrx_word' id='word_1_67' title='bbox 1599 1043 1738 1097; x_wconf 79' lang='grc' dir='ltr'>ὥστε</span> 
     </span>
    </p>
   </div>
   <div class='ocr_carea' id='block_1_12' title="bbox 180 1132 1740 1205">
    <p class='ocr_par' dir='ltr' id='par_1_12' title="bbox 180 1132 1740 1205">
     <span class='ocr_line' id='line_1_12' title="bbox 180 1132 1740 1205; baseline 0.003 -22"><span class='ocrx_word' id='word_1_68' title='bbox 180 1132 351 1201; x_wconf 75' lang='grc' dir='ltr'>μηδενὶ</span> <span class='ocrx_word' id='word_1_69' title='bbox 381 1132 528 1202; x_wconf 87' lang='grc' dir='ltr'>κενῷ</span> <span class='ocrx_word' id='word_1_70' title='bbox 559 1132 656 1204; x_wconf 79' lang='grc' dir='ltr'><strong>τὴν</strong></span> <span class='ocrx_word' id='word_1_71' title='bbox 683 1132 928 1203; x_wconf 73' lang='grc' dir='ltr'>πονηρὰν</span> <span class='ocrx_word' id='word_1_72' title='bbox 967 1132 1199 1205; x_wconf 74' lang='grc' dir='ltr'>δύναμιν</span> <span class='ocrx_word' id='word_1_73' title='bbox 1222 1135 1581 1205; x_wconf 80' lang='grc' dir='ltr'>ὀμιλήσασαν,</span> <span class='ocrx_word' id='word_1_74' title='bbox 1615 1137 1740 1188; x_wconf 90' lang='grc' dir='ltr'>ἑαυ-</span> 
     </span>
    </p>
   </div>
   <div class='ocr_carea' id='block_1_13' title="bbox 176 1223 1743 1297">
    <p class='ocr_par' dir='ltr' id='par_1_13' title="bbox 176 1223 1743 1297">
     <span class='ocr_line' id='line_1_13' title="bbox 176 1223 1743 1297; baseline 0.003 -21"><span class='ocrx_word' id='word_1_75' title='bbox 176 1224 264 1292; x_wconf 80' lang='grc' dir='ltr'>τῆς</span> <span class='ocrx_word' id='word_1_76' title='bbox 295 1223 453 1276; x_wconf 84' lang='grc' dir='ltr'>πάλιν</span> <span class='ocrx_word' id='word_1_77' title='bbox 488 1223 796 1295; x_wconf 80' lang='grc' dir='ltr'>πληρῶσαι,</span> <span class='ocrx_word' id='word_1_78' title='bbox 846 1224 939 1278; x_wconf 78' lang='grc' dir='ltr'>καὶ</span> <span class='ocrx_word' id='word_1_79' title='bbox 984 1224 1234 1293; x_wconf 86' lang='grc' dir='ltr'>γενέσθαι</span> <span class='ocrx_word' id='word_1_80' title='bbox 1282 1226 1350 1279; x_wconf 71' lang='grc' dir='ltr'>τὰ</span> <span class='ocrx_word' id='word_1_81' title='bbox 1394 1226 1597 1297; x_wconf 79' lang='grc' dir='ltr'>ἔσχατα</span> <span class='ocrx_word' id='word_1_82' title='bbox 1628 1227 1743 1296; x_wconf 78' lang='grc' dir='ltr'>χείο</span> 
     </span>
    </p>
   </div>
   <div class='ocr_carea' id='block_1_14' title="bbox 179 1312 1742 1389">
    <p class='ocr_par' dir='ltr' id='par_1_14' title="bbox 179 1312 1742 1389">
     <span class='ocr_line' id='line_1_14' title="bbox 179 1312 1742 1389; baseline 0.001 -21"><span class='ocrx_word' id='word_1_83' title='bbox 179 1331 293 1387; x_wconf 73' lang='grc' dir='ltr'>ρςνα</span> <span class='ocrx_word' id='word_1_84' title='bbox 309 1313 416 1367; x_wconf 84' lang='grc' dir='ltr'><strong>τῶν</strong></span> <span class='ocrx_word' id='word_1_85' title='bbox 457 1312 713 1387; x_wconf 80' lang='grc' dir='ltr'>πρώτων,</span> <span class='ocrx_word' id='word_1_86' title='bbox 749 1315 838 1368; x_wconf 76' lang='grc' dir='ltr'>διὰ</span> <span class='ocrx_word' id='word_1_87' title='bbox 864 1317 925 1369; x_wconf 85' lang='grc' dir='ltr'><strong>τὸ</strong></span> <span class='ocrx_word' id='word_1_88' title='bbox 959 1316 1057 1386; x_wconf 81' lang='grc' dir='ltr'>τῆς</span> <span class='ocrx_word' id='word_1_89' title='bbox 1088 1316 1199 1387; x_wconf 81' lang='grc'><strong>(37)</strong></span> <span class='ocrx_word' id='word_1_90' title='bbox 1230 1317 1580 1389; x_wconf 75' lang='grc' dir='ltr'>καταδρομῆς</span> <span class='ocrx_word' id='word_1_91' title='bbox 1612 1335 1742 1386; x_wconf 87' lang='grc' dir='ltr'>σφο-</span> 
     </span>
    </p>
   </div>
   <div class='ocr_carea' id='block_1_15' title="bbox 175 1408 1741 1480">
    <p class='ocr_par' dir='ltr' id='par_1_15' title="bbox 175 1408 1741 1480">
     <span class='ocr_line' id='line_1_15' title="bbox 175 1408 1741 1480; baseline -0.001 -19"><span class='ocrx_word' id='word_1_92' title='bbox 175 1409 432 1479; x_wconf 86' lang='grc' dir='ltr'>δρότερον,</span> <span class='ocrx_word' id='word_1_93' title='bbox 451 1409 550 1460; x_wconf 78' lang='grc' dir='ltr'>καὶ</span> <span class='ocrx_word' id='word_1_94' title='bbox 575 1409 635 1461; x_wconf 82' lang='grc' dir='ltr'>τὸ</span> <span class='ocrx_word' id='word_1_95' title='bbox 663 1408 765 1478; x_wconf 81' lang='grc' dir='ltr'>τῆς</span> <span class='ocrx_word' id='word_1_96' title='bbox 798 1409 1039 1479; x_wconf 77' lang='grc' dir='ltr'>φρουρᾶς</span> <span class='ocrx_word' id='word_1_97' title='bbox 1071 1408 1472 1480; x_wconf 82' lang='grc' dir='ltr'>ἀσφαλέστερον</span> <span class='ocrx_word' id='word_1_98' title='bbox 1496 1409 1589 1462; x_wconf 68' lang='grc' dir='ltr'>καὶ</span> <span class='ocrx_word' id='word_1_99' title='bbox 1613 1408 1741 1461; x_wconf 85' lang='grc' dir='ltr'>δυσ-</span> 
     </span>
    </p>
   </div>
   <div class='ocr_carea' id='block_1_16' title="bbox 176 1500 1743 1572">
    <p class='ocr_par' dir='ltr' id='par_1_16' title="bbox 176 1500 1743 1572">
     <span class='ocr_line' id='line_1_16' title="bbox 176 1500 1743 1572; baseline 0.001 -21"><span class='ocrx_word' id='word_1_100' title='bbox 176 1500 520 1570; x_wconf 83' lang='grc' dir='ltr'>αλωτότερον.</span> <span class='ocrx_word' id='word_1_101' title='bbox 574 1500 744 1553; x_wconf 87' lang='grc' dir='ltr'>Ὅταν</span> <span class='ocrx_word' id='word_1_102' title='bbox 799 1500 856 1552; x_wconf 83' lang='grc' dir='ltr'>δὲ</span> <span class='ocrx_word' id='word_1_103' title='bbox 918 1500 1065 1570; x_wconf 81' lang='grc' dir='ltr'>πάσῃ</span> <span class='ocrx_word' id='word_1_104' title='bbox 1136 1500 1350 1571; x_wconf 81' lang='grc' dir='ltr'>φυλακῇ</span> <span class='ocrx_word' id='word_1_105' title='bbox 1405 1501 1743 1572; x_wconf 77' lang='grc' dir='ltr'>τηρήσαντες</span> 
     </span>
    </p>
   </div>
   <div class='ocr_carea' id='block_1_17' title="bbox 177 1590 1742 1664">
    <p class='ocr_par' dir='ltr' id='par_1_17' title="bbox 177 1590 1742 1664">
     <span class='ocr_line' id='line_1_17' title="bbox 177 1590 1742 1664; baseline 0.001 -21"><span class='ocrx_word' id='word_1_106' title='bbox 177 1593 263 1662; x_wconf 74' lang='grc' dir='ltr'><strong>τὴν</strong></span> <span class='ocrx_word' id='word_1_107' title='bbox 293 1591 505 1645; x_wconf 80' lang='grc' dir='ltr'>ἑαυτῶν</span> <span class='ocrx_word' id='word_1_108' title='bbox 534 1590 733 1663; x_wconf 74' lang='grc' dir='ltr'>ψυχὴν,</span> <span class='ocrx_word' id='word_1_109' title='bbox 764 1592 857 1646; x_wconf 75' lang='grc' dir='ltr'><strong>καὶ</strong></span> <span class='ocrx_word' id='word_1_110' title='bbox 888 1592 1181 1656; x_wconf 75' lang='grc' dir='ltr'>ἀναϐάσεις</span> <span class='ocrx_word' id='word_1_111' title='bbox 1206 1594 1264 1645; x_wconf 84' lang='grc' dir='ltr'>ὲν</span> <span class='ocrx_word' id='word_1_112' title='bbox 1296 1596 1358 1664; x_wconf 80' lang='grc' dir='ltr'>τῇ</span> <span class='ocrx_word' id='word_1_113' title='bbox 1388 1591 1583 1664; x_wconf 81' lang='grc' dir='ltr'>καρδίᾳ</span> <span class='ocrx_word' id='word_1_114' title='bbox 1625 1592 1742 1646; x_wconf 87' lang='grc' dir='ltr'>δια-</span> 
     </span>
    </p>
   </div>
   <div class='ocr_carea' id='block_1_18' title="bbox 178 1681 1747 1752">
    <p class='ocr_par' dir='ltr' id='par_1_18' title="bbox 178 1681 1747 1752">
     <span class='ocr_line' id='line_1_18' title="bbox 178 1681 1747 1752; baseline 0.001 -18"><span class='ocrx_word' id='word_1_115' title='bbox 178 1683 397 1752; x_wconf 76' lang='grc' dir='ltr'><strong>θέμενοι,</strong></span> <span class='ocrx_word' id='word_1_116' title='bbox 435 1684 537 1737; x_wconf 67' lang='lat' dir='ltr'><strong>xui</strong></span> <span class='ocrx_word' id='word_1_117' title='bbox 570 1682 870 1746; x_wconf 86' lang='grc' dir='ltr'>νεώσαντες</span> <span class='ocrx_word' id='word_1_118' title='bbox 896 1683 1107 1745; x_wconf 76' lang='grc' dir='ltr'>ἑαυτοῖς</span> <span class='ocrx_word' id='word_1_119' title='bbox 1142 1681 1421 1752; x_wconf 87' lang='grc' dir='ltr'>νεώματα.</span> <span class='ocrx_word' id='word_1_120' title='bbox 1454 1685 1550 1736; x_wconf 75' lang='grc' dir='ltr'><strong>καὶ</strong></span> <span class='ocrx_word' id='word_1_121' title='bbox 1595 1683 1747 1735; x_wconf 83' lang='grc' dir='ltr'>σπεί-</span> 
     </span>
    </p>
   </div>
   <div class='ocr_carea' id='block_1_19' title="bbox 181 1772 1743 1846">
    <p class='ocr_par' dir='ltr' id='par_1_19' title="bbox 181 1772 1743 1846">
     <span class='ocr_line' id='line_1_19' title="bbox 181 1772 1743 1846; baseline 0.001 -21"><span class='ocrx_word' id='word_1_122' title='bbox 181 1792 355 1843; x_wconf 83' lang='grc' dir='ltr'>ραντες</span> <span class='ocrx_word' id='word_1_123' title='bbox 405 1777 491 1838; x_wconf 80' lang='grc' dir='ltr'><strong>εἱς</strong></span> <span class='ocrx_word' id='word_1_124' title='bbox 521 1772 893 1846; x_wconf 81' lang='grc' dir='ltr'>δικαιοσύνην,</span> <span class='ocrx_word' id='word_1_125' title='bbox 944 1773 1019 1837; x_wconf 84' lang='grc' dir='ltr'>ὼς</span> <span class='ocrx_word' id='word_1_126' title='bbox 1053 1774 1382 1845; x_wconf 83' lang='grc' dir='ltr'>Σολομῶντι,</span> <span class='ocrx_word' id='word_1_127' title='bbox 1417 1774 1512 1827; x_wconf 73' lang='grc' dir='ltr'><strong>καὶ</strong></span> <span class='ocrx_word' id='word_1_128' title='bbox 1544 1774 1708 1828; x_wconf 74' lang='grc' dir='ltr'>Δαϐὶδ</span> <span class='ocrx_word' id='word_1_129' title='bbox 1728 1817 1743 1840; x_wconf 93' lang='grc'><strong>,</strong></span> 
     </span>
    </p>
   </div>
   <div class='ocr_carea' id='block_1_20' title="bbox 1844 587 3421 660">
    <p class='ocr_par' dir='ltr' id='par_1_20' title="bbox 1844 587 3421 660">
     <span class='ocr_line' id='line_1_20' title="bbox 1844 587 3421 660; baseline 0.004 -21"><span class='ocrx_word' id='word_1_130' title='bbox 1844 600 1963 640; x_wconf 89' lang='lat' dir='ltr'><strong>cum</strong></span> <span class='ocrx_word' id='word_1_131' title='bbox 1997 587 2181 655; x_wconf 86' lang='lat' dir='ltr'><strong>majori</strong></span> <span class='ocrx_word' id='word_1_132' title='bbox 2218 599 2474 656; x_wconf 84' lang='lat' dir='ltr'><strong>apparatu</strong></span> <span class='ocrx_word' id='word_1_133' title='bbox 2505 604 2534 640; x_wconf 93' lang='lat' dir='ltr'><strong>a</strong></span> <span class='ocrx_word' id='word_1_134' title='bbox 2576 596 2782 659; x_wconf 86' lang='lat' dir='ltr'><strong>septem</strong></span> <span class='ocrx_word' id='word_1_135' title='bbox 2835 591 2946 644; x_wconf 94' lang='lat' dir='ltr'><strong>vitii</strong></span> <span class='ocrx_word' id='word_1_136' title='bbox 2982 591 3284 660; x_wconf 83' lang='lat' dir='ltr'><strong>spiritibus,</strong></span> <span class='ocrx_word' id='word_1_137' title='bbox 3323 592 3421 647; x_wconf 82' lang='lat' dir='ltr'><strong>hoc</strong></span> 
     </span>
    </p>
   </div>
   <div class='ocr_carea' id='block_1_21' title="bbox 1844 678 3424 748">
    <p class='ocr_par' dir='ltr' id='par_1_21' title="bbox 1844 678 3424 748">
     <span class='ocr_line' id='line_1_21' title="bbox 1844 678 3424 748; baseline 0.003 -18"><span class='ocrx_word' id='word_1_138' title='bbox 1844 686 1945 742; x_wconf 86' lang='lat' dir='ltr'><strong>est,</strong></span> <span class='ocrx_word' id='word_1_139' title='bbox 1986 678 2226 738; x_wconf 87' lang='lat' dir='ltr'><strong>totidem.</strong></span> <span class='ocrx_word' id='word_1_140' title='bbox 2273 688 2401 746; x_wconf 86' lang='lat' dir='ltr'><strong>quot</strong></span> <span class='ocrx_word' id='word_1_141' title='bbox 2453 679 2664 734; x_wconf 88' lang='lat' dir='ltr'><strong>virtutis</strong></span> <span class='ocrx_word' id='word_1_142' title='bbox 2711 681 2974 735; x_wconf 77' lang='lat' dir='ltr'><strong>numerati</strong></span> <span class='ocrx_word' id='word_1_143' title='bbox 3021 693 3169 748; x_wconf 88' lang='lat' dir='ltr'><strong>sunt,</strong></span> <span class='ocrx_word' id='word_1_144' title='bbox 3232 697 3424 736; x_wconf 77' lang='lat' dir='ltr'><strong>rursus</strong></span> 
     </span>
    </p>
   </div>
   <div class='ocr_carea' id='block_1_22' title="bbox 1846 768 3400 842">
    <p class='ocr_par' dir='ltr' id='par_1_22' title="bbox 1846 768 3400 842">
     <span class='ocr_line' id='line_1_22' title="bbox 1846 768 3400 842; baseline 0.001 -19"><span class='ocrx_word' id='word_1_145' title='bbox 1846 778 2138 836; x_wconf 77' lang='lat' dir='ltr'><strong>occupetur</strong></span> <span class='ocrx_word' id='word_1_146' title='bbox 2189 769 2355 837; x_wconf 89' lang='lat' dir='ltr'><strong>(quod</strong></span> <span class='ocrx_word' id='word_1_147' title='bbox 2411 770 2551 822; x_wconf 91' lang='lat' dir='ltr'><strong>enim</strong></span> <span class='ocrx_word' id='word_1_148' title='bbox 2603 768 2870 826; x_wconf 80' lang='lat' dir='ltr'><strong>diilicilins</strong></span> <span class='ocrx_word' id='word_1_149' title='bbox 2905 782 3263 842; x_wconf 74' lang='lat' dir='ltr'><strong>expugnatur,</strong></span> <span class='ocrx_word' id='word_1_150' title='bbox 3315 782 3400 826; x_wconf 89' lang='lat' dir='ltr'><strong>stu</strong></span> 
     </span>
    </p>
   </div>
   <div class='ocr_carea' id='block_1_23' title="bbox 1844 859 3421 932">
    <p class='ocr_par' dir='ltr' id='par_1_23' title="bbox 1844 859 3421 932">
     <span class='ocr_line' id='line_1_23' title="bbox 1844 859 3421 932; baseline 0.004 -20"><span class='ocrx_word' id='word_1_151' title='bbox 1844 859 2048 913; x_wconf 83' lang='lat' dir='ltr'><strong>diosius</strong></span> <span class='ocrx_word' id='word_1_152' title='bbox 2078 869 2239 929; x_wconf 88' lang='lat' dir='ltr'><strong>atque</strong></span> <span class='ocrx_word' id='word_1_153' title='bbox 2268 861 2544 915; x_wconf 74' lang='lat' dir='ltr'><strong>ardentius</strong></span> <span class='ocrx_word' id='word_1_154' title='bbox 2590 862 2917 932; x_wconf 89' lang='lat' dir='ltr'><strong>appetitur);</strong></span> <span class='ocrx_word' id='word_1_155' title='bbox 2962 879 3147 918; x_wconf 86' lang='lat' dir='ltr'><strong>verum</strong></span> <span class='ocrx_word' id='word_1_156' title='bbox 3192 866 3259 918; x_wconf 89' lang='lat' dir='ltr'><strong>ad</strong></span> <span class='ocrx_word' id='word_1_157' title='bbox 3303 862 3421 918; x_wconf 81' lang='lat' dir='ltr'><strong>vitii</strong></span> 
     </span>
    </p>
   </div>
   <div class='ocr_carea' id='block_1_24' title="bbox 1848 950 3418 1022">
    <p class='ocr_par' dir='ltr' id='par_1_24' title="bbox 1848 950 3418 1022">
     <span class='ocr_line' id='line_1_24' title="bbox 1848 950 3418 1022; baseline 0.002 -18"><span class='ocrx_word' id='word_1_158' title='bbox 1848 950 2023 1021; x_wconf 76' lang='lat' dir='ltr'><strong>fugam</strong></span> <span class='ocrx_word' id='word_1_159' title='bbox 2057 953 2272 1007; x_wconf 90' lang='lat' dir='ltr'><strong>virtutis</strong></span> <span class='ocrx_word' id='word_1_160' title='bbox 2297 953 2501 1007; x_wconf 89' lang='lat' dir='ltr'><strong>cultum</strong></span> <span class='ocrx_word' id='word_1_161' title='bbox 2533 953 2851 1022; x_wconf 85' lang='lat' dir='ltr'><strong>adjungunt,</strong></span> <span class='ocrx_word' id='word_1_162' title='bbox 2897 962 3067 1009; x_wconf 90' lang='lat' dir='ltr'><strong>totum</strong></span> <span class='ocrx_word' id='word_1_163' title='bbox 3101 956 3418 1019; x_wconf 87' lang='lat' dir='ltr'><strong>Christum,</strong></span> 
     </span>
    </p>
   </div>
   <div class='ocr_carea' id='block_1_25' title="bbox 1846 1045 3409 1115">
    <p class='ocr_par' dir='ltr' id='par_1_25' title="bbox 1846 1045 3409 1115">
     <span class='ocr_line' id='line_1_25' title="bbox 1846 1045 3409 1115; baseline 0.003 -18"><span class='ocrx_word' id='word_1_164' title='bbox 1846 1045 1928 1099; x_wconf 87' lang='lat' dir='ltr'><strong>vel</strong></span> <span class='ocrx_word' id='word_1_165' title='bbox 1956 1055 2103 1100; x_wconf 89' lang='lat' dir='ltr'><strong>certe</strong></span> <span class='ocrx_word' id='word_1_166' title='bbox 2125 1061 2283 1115; x_wconf 89' lang='lat' dir='ltr'><strong>quam</strong></span> <span class='ocrx_word' id='word_1_167' title='bbox 2313 1045 2567 1111; x_wconf 81' lang='lat' dir='ltr'><strong>maxime,</strong></span> <span class='ocrx_word' id='word_1_168' title='bbox 2601 1046 2652 1099; x_wconf 92' lang='lat' dir='ltr'><strong>in</strong></span> <span class='ocrx_word' id='word_1_169' title='bbox 2679 1046 2841 1099; x_wconf 90' lang='lat' dir='ltr'><strong>animi</strong></span> <span class='ocrx_word' id='word_1_170' title='bbox 2873 1047 3202 1103; x_wconf 85' lang='lat' dir='ltr'><strong>domicilium</strong></span> <span class='ocrx_word' id='word_1_171' title='bbox 3229 1048 3409 1101; x_wconf 88' lang='lat' dir='ltr'><strong>admit-</strong></span> 
     </span>
    </p>
   </div>
   <div class='ocr_carea' id='block_1_26' title="bbox 1849 1137 3420 1207">
    <p class='ocr_par' dir='ltr' id='par_1_26' title="bbox 1849 1137 3420 1207">
     <span class='ocr_line' id='line_1_26' title="bbox 1849 1137 3420 1207; baseline 0.001 -18"><span class='ocrx_word' id='word_1_172' title='bbox 1849 1145 2044 1203; x_wconf 82' lang='lat' dir='ltr'><strong>tentes,</strong></span> <span class='ocrx_word' id='word_1_173' title='bbox 2077 1152 2142 1191; x_wconf 90' lang='lat' dir='ltr'><strong>ue</strong></span> <span class='ocrx_word' id='word_1_174' title='bbox 2191 1152 2352 1207; x_wconf 88' lang='lat' dir='ltr'><strong>prava</strong></span> <span class='ocrx_word' id='word_1_175' title='bbox 2411 1148 2671 1207; x_wconf 85' lang='lat' dir='ltr'><strong>potestas,</strong></span> <span class='ocrx_word' id='word_1_176' title='bbox 2722 1152 2947 1191; x_wconf 87' lang='lat' dir='ltr'><strong>vacuum</strong></span> <span class='ocrx_word' id='word_1_177' title='bbox 3006 1138 3205 1206; x_wconf 87' lang='lat' dir='ltr'><strong>aliquid</strong></span> <span class='ocrx_word' id='word_1_178' title='bbox 3254 1137 3420 1192; x_wconf 82' lang='lat' dir='ltr'><strong>otl&#39;en-</strong></span> 
     </span>
    </p>
   </div>
   <div class='ocr_carea' id='block_1_27' title="bbox 1849 1227 3421 1297">
    <p class='ocr_par' dir='ltr' id='par_1_27' title="bbox 1849 1227 3421 1297">
     <span class='ocr_line' id='line_1_27' title="bbox 1849 1227 3421 1297; baseline -0.001 -15"><span class='ocrx_word' id='word_1_179' title='bbox 1849 1227 1998 1291; x_wconf 88' lang='lat' dir='ltr'><strong>dens,</strong></span> <span class='ocrx_word' id='word_1_180' title='bbox 2028 1228 2243 1281; x_wconf 90' lang='lat' dir='ltr'><strong>domum</strong></span> <span class='ocrx_word' id='word_1_181' title='bbox 2276 1243 2463 1281; x_wconf 87' lang='lat' dir='ltr'><strong>rursus</strong></span> <span class='ocrx_word' id='word_1_182' title='bbox 2510 1227 2750 1296; x_wconf 84' lang='lat' dir='ltr'><strong>impleat,</strong></span> <span class='ocrx_word' id='word_1_183' title='bbox 2785 1242 2849 1281; x_wconf 89' lang='lat' dir='ltr'><strong>ac</strong></span> <span class='ocrx_word' id='word_1_184' title='bbox 2891 1227 3180 1282; x_wconf 88' lang='lat' dir='ltr'><strong>novissima</strong></span> <span class='ocrx_word' id='word_1_185' title='bbox 3229 1227 3421 1297; x_wconf 84' lang='lat' dir='ltr'><strong>priori-</strong></span> 
     </span>
    </p>
   </div>
   <div class='ocr_carea' id='block_1_28' title="bbox 1849 1318 3424 1389">
    <p class='ocr_par' dir='ltr' id='par_1_28' title="bbox 1849 1318 3424 1389">
     <span class='ocr_line' id='line_1_28' title="bbox 1849 1318 3424 1389; baseline -0.001 -15"><span class='ocrx_word' id='word_1_186' title='bbox 1849 1320 1948 1374; x_wconf 94' lang='lat' dir='ltr'><strong>bus</strong></span> <span class='ocrx_word' id='word_1_187' title='bbox 1975 1319 2241 1374; x_wconf 87' lang='lat' dir='ltr'><strong>deteriora</strong></span> <span class='ocrx_word' id='word_1_188' title='bbox 2285 1318 2417 1373; x_wconf 84' lang='lat' dir='ltr'><strong>ﬁant</strong></span> <span class='ocrx_word' id='word_1_189' title='bbox 2445 1320 2487 1351; x_wconf 85' lang='grc'>¹¹</span> <span class='ocrx_word' id='word_1_190' title='bbox 2509 1360 2525 1385; x_wconf 88' lang='grc'><strong>,</strong></span> <span class='ocrx_word' id='word_1_191' title='bbox 2561 1328 2670 1374; x_wconf 91' lang='lat' dir='ltr'><strong>tum</strong></span> <span class='ocrx_word' id='word_1_192' title='bbox 2701 1328 2919 1389; x_wconf 87' lang='lat' dir='ltr'><strong>propter</strong></span> <span class='ocrx_word' id='word_1_193' title='bbox 2943 1320 3221 1375; x_wconf 84' lang='lat' dir='ltr'><strong>acriorem&#39;</strong></span> <span class='ocrx_word' id='word_1_194' title='bbox 3248 1334 3311 1374; x_wconf 91' lang='lat' dir='ltr'><strong>ac</strong></span> <span class='ocrx_word' id='word_1_195' title='bbox 3334 1334 3424 1373; x_wconf 87' lang='lat' dir='ltr'><strong>ve-</strong></span> 
     </span>
    </p>
   </div>
   <div class='ocr_carea' id='block_1_29' title="bbox 1850 1410 3425 1481">
    <p class='ocr_par' dir='ltr' id='par_1_29' title="bbox 1850 1410 3425 1481">
     <span class='ocr_line' id='line_1_29' title="bbox 1850 1410 3425 1481; baseline -0.001 -15"><span class='ocrx_word' id='word_1_196' title='bbox 1850 1411 2239 1467; x_wconf 90' lang='lat' dir='ltr'><strong>hementiorem</strong></span> <span class='ocrx_word' id='word_1_197' title='bbox 2290 1410 2650 1467; x_wconf 90' lang='lat' dir='ltr'><strong>incursionem</strong></span> <span class='ocrx_word' id='word_1_198' title='bbox 2681 1453 2696 1479; x_wconf 93' lang='lat'><strong>,</strong></span> <span class='ocrx_word' id='word_1_199' title='bbox 2746 1421 2856 1465; x_wconf 89' lang='lat' dir='ltr'><strong>tum</strong></span> <span class='ocrx_word' id='word_1_200' title='bbox 2904 1423 3122 1481; x_wconf 88' lang='lat' dir='ltr'><strong>propter</strong></span> <span class='ocrx_word' id='word_1_201' title='bbox 3168 1410 3425 1478; x_wconf 85' lang='lat' dir='ltr'><strong>majorem</strong></span> 
     </span>
    </p>
   </div>
   <div class='ocr_carea' id='block_1_30' title="bbox 1851 1502 3423 1574">
    <p class='ocr_par' dir='ltr' id='par_1_30' title="bbox 1851 1502 3423 1574">
     <span class='ocr_line' id='line_1_30' title="bbox 1851 1502 3423 1574; baseline 0.003 -18"><span class='ocrx_word' id='word_1_202' title='bbox 1851 1502 1990 1557; x_wconf 89' lang='lat' dir='ltr'><strong>arcis</strong></span> <span class='ocrx_word' id='word_1_203' title='bbox 2024 1503 2354 1569; x_wconf 73' lang='lat' dir='ltr'><strong>firmitatem,</strong></span> <span class='ocrx_word' id='word_1_204' title='bbox 2387 1502 2615 1573; x_wconf 78' lang='lat' dir='ltr'><strong>ejusque</strong></span> <span class='ocrx_word' id='word_1_205' title='bbox 2643 1503 3011 1574; x_wconf 65' lang='lat' dir='ltr'><strong>expugnandae</strong></span> <span class='ocrx_word' id='word_1_206' title='bbox 3040 1502 3423 1560; x_wconf 72' lang='lat' dir='ltr'><strong>difﬁcultatem.</strong></span> 
     </span>
    </p>
   </div>
   <div class='ocr_carea' id='block_1_31' title="bbox 1851 1596 3425 1666">
    <p class='ocr_par' dir='ltr' id='par_1_31' title="bbox 1851 1596 3425 1666">
     <span class='ocr_line' id='line_1_31' title="bbox 1851 1596 3425 1666; baseline -0.001 -14"><span class='ocrx_word' id='word_1_207' title='bbox 1851 1596 2208 1666; x_wconf 85' lang='lat' dir='ltr'><strong>Posteaquam</strong></span> <span class='ocrx_word' id='word_1_208' title='bbox 2266 1605 2471 1661; x_wconf 92' lang='lat' dir='ltr'><strong>autem,</strong></span> <span class='ocrx_word' id='word_1_209' title='bbox 2531 1598 2713 1651; x_wconf 88' lang='lat' dir='ltr'><strong>anima</strong></span> <span class='ocrx_word' id='word_1_210' title='bbox 2760 1606 2945 1653; x_wconf 87' lang='lat' dir='ltr'><strong>nostra</strong></span> <span class='ocrx_word' id='word_1_211' title='bbox 2998 1597 3141 1652; x_wconf 89' lang='lat' dir='ltr'><strong>omni</strong></span> <span class='ocrx_word' id='word_1_212' title='bbox 3183 1597 3425 1652; x_wconf 90' lang='lat' dir='ltr'><strong>custodia</strong></span> 
     </span>
    </p>
   </div>
   <div class='ocr_carea' id='block_1_32' title="bbox 1853 1686 3428 1756">
    <p class='ocr_par' dir='ltr' id='par_1_32' title="bbox 1853 1686 3428 1756">
     <span class='ocr_line' id='line_1_32' title="bbox 1853 1686 3428 1756; baseline 0 -15"><span class='ocrx_word' id='word_1_213' title='bbox 1853 1696 2063 1741; x_wconf 89' lang='lat' dir='ltr'><strong>servata</strong></span> <span class='ocrx_word' id='word_1_214' title='bbox 2118 1688 2189 1751; x_wconf 82' lang='lat'><strong>“,</strong></span> <span class='ocrx_word' id='word_1_215' title='bbox 2243 1695 2405 1756; x_wconf 89' lang='lat' dir='ltr'><strong>atque</strong></span> <span class='ocrx_word' id='word_1_216' title='bbox 2443 1686 2853 1742; x_wconf 82' lang='lat' dir='ltr'><strong>ascensionlbus</strong></span> <span class='ocrx_word' id='word_1_217' title='bbox 2901 1687 2955 1740; x_wconf 90' lang='lat' dir='ltr'><strong>in</strong></span> <span class='ocrx_word' id='word_1_218' title='bbox 3008 1687 3170 1741; x_wconf 89' lang='lat' dir='ltr'><strong>corde</strong></span> <span class='ocrx_word' id='word_1_219' title='bbox 3204 1686 3428 1756; x_wconf 84' lang='lat' dir='ltr'><strong>disposi-</strong></span> 
     </span>
    </p>
   </div>
   <div class='ocr_carea' id='block_1_33' title="bbox 1858 1778 3430 1848">
    <p class='ocr_par' dir='ltr' id='par_1_33' title="bbox 1858 1778 3430 1848">
     <span class='ocr_line' id='line_1_33' title="bbox 1858 1778 3430 1848; baseline -0.001 -17"><span class='ocrx_word' id='word_1_220' title='bbox 1858 1778 1925 1833; x_wconf 86' lang='lat' dir='ltr'><strong>tis</strong></span> <span class='ocrx_word' id='word_1_221' title='bbox 1973 1780 2051 1843; x_wconf 82' lang='grc'>¹³,</span> <span class='ocrx_word' id='word_1_222' title='bbox 2085 1780 2472 1848; x_wconf 87' lang='lat' dir='ltr'><strong>novalibusque</strong></span> <span class='ocrx_word' id='word_1_223' title='bbox 2521 1779 2573 1832; x_wconf 94' lang='lat' dir='ltr'><strong>in</strong></span> <span class='ocrx_word' id='word_1_224' title='bbox 2617 1778 2906 1847; x_wconf 84' lang='lat' dir='ltr'><strong>nobisipsis</strong></span> <span class='ocrx_word' id='word_1_225' title='bbox 2952 1778 3220 1833; x_wconf 90' lang='lat' dir='ltr'><strong>innovatis</strong></span> <span class='ocrx_word' id='word_1_226' title='bbox 3264 1778 3335 1844; x_wconf 71' lang='lat'><strong>“,</strong></span> <span class='ocrx_word' id='word_1_227' title='bbox 3366 1793 3430 1831; x_wconf 87' lang='lat' dir='ltr'><strong>ac</strong></span> 
     </span>
    </p>
   </div>
   <div class='ocr_carea' id='block_1_34' title="bbox 177 1862 1758 1940">
    <p class='ocr_par' dir='ltr' id='par_1_34' title="bbox 177 1865 1747 1939">
     <span class='ocr_line' id='line_1_34' title="bbox 177 1865 1747 1939; baseline 0 -20"><span class='ocrx_word' id='word_1_228' title='bbox 177 1870 260 1920; x_wconf 69' lang='grc' dir='ltr'><strong>καὶ</strong></span> <span class='ocrx_word' id='word_1_229' title='bbox 299 1867 545 1939; x_wconf 73' lang='grc' dir='ltr'>Ἱερεμίᾳ</span> <span class='ocrx_word' id='word_1_230' title='bbox 570 1868 735 1930; x_wconf 89' lang='grc' dir='ltr'>δοκεῖ,</span> <span class='ocrx_word' id='word_1_231' title='bbox 768 1866 1094 1938; x_wconf 85' lang='grc' dir='ltr'>φωτίσωμεν</span> <span class='ocrx_word' id='word_1_232' title='bbox 1111 1868 1321 1929; x_wconf 81' lang='grc' dir='ltr'>ἑαυτοῖς</span> <span class='ocrx_word' id='word_1_233' title='bbox 1344 1865 1458 1935; x_wconf 83' lang='grc' dir='ltr'><strong>φῶς</strong></span> <span class='ocrx_word' id='word_1_234' title='bbox 1474 1865 1747 1934; x_wconf 80' lang='grc' dir='ltr'>γνώσεως·</span> 
     </span>
    </p>
   </div>
   <div class='ocr_carea' id='block_1_35' title="bbox 1866 1862 3426 1940">
    <p class='ocr_par' dir='ltr' id='par_1_35' title="bbox 1866 1869 3426 1940">
     <span class='ocr_line' id='line_1_35' title="bbox 1866 1869 3426 1940; baseline -0.003 -15"><span class='ocrx_word' id='word_1_235' title='bbox 1866 1872 2091 1940; x_wconf 83' lang='lat' dir='ltr'><strong>denique</strong></span> <span class='ocrx_word' id='word_1_236' title='bbox 2137 1871 2345 1925; x_wconf 84' lang='lat' dir='ltr'><strong>semine</strong></span> <span class='ocrx_word' id='word_1_237' title='bbox 2396 1871 2461 1924; x_wconf 89' lang='lat' dir='ltr'><strong>ad</strong></span> <span class='ocrx_word' id='word_1_238' title='bbox 2492 1870 2757 1939; x_wconf 85' lang='lat' dir='ltr'><strong>justitiam</strong></span> <span class='ocrx_word' id='word_1_239' title='bbox 2809 1885 3017 1937; x_wconf 83' lang='lat' dir='ltr'><strong>sparso,</strong></span> <span class='ocrx_word' id='word_1_240' title='bbox 3073 1869 3426 1938; x_wconf 81' lang='lat' dir='ltr'><strong>quemadmo-</strong></span> 
     </span>
    </p>
   </div>
   <div class='ocr_carea' id='block_1_36' title="bbox 176 1958 1752 2030">
    <p class='ocr_par' dir='ltr' id='par_1_36' title="bbox 176 1958 1752 2030">
     <span class='ocr_line' id='line_1_36' title="bbox 176 1958 1752 2030; baseline 0 -19"><span class='ocrx_word' id='word_1_241' title='bbox 176 1958 468 2027; x_wconf 78' lang='grc' dir='ltr'>τηνικαῦτα</span> <span class='ocrx_word' id='word_1_242' title='bbox 503 1958 755 2029; x_wconf 81' lang='grc' dir='ltr'>λαλῶμεν</span> <span class='ocrx_word' id='word_1_243' title='bbox 802 1958 937 2012; x_wconf 83' lang='grc' dir='ltr'>Θεοῦ</span> <span class='ocrx_word' id='word_1_244' title='bbox 986 1962 1176 2026; x_wconf 81' lang='grc' dir='ltr'>σοφίαν</span> <span class='ocrx_word' id='word_1_245' title='bbox 1226 1960 1284 2011; x_wconf 84' lang='grc' dir='ltr'><strong>ἑν</strong></span> <span class='ocrx_word' id='word_1_246' title='bbox 1341 1959 1623 2030; x_wconf 79' lang='grc' dir='ltr'>μυστηρίῳ</span> <span class='ocrx_word' id='word_1_247' title='bbox 1655 1958 1752 2029; x_wconf 84' lang='grc' dir='ltr'><strong>τὴν</strong></span> 
     </span>
    </p>
   </div>
   <div class='ocr_carea' id='block_1_37' title="bbox 178 2049 1753 2122">
    <p class='ocr_par' dir='ltr' id='par_1_37' title="bbox 178 2049 1753 2122">
     <span class='ocr_line' id='line_1_37' title="bbox 178 2049 1753 2122; baseline -0.001 -18"><span class='ocrx_word' id='word_1_248' title='bbox 178 2052 696 2122; x_wconf 80' lang='grc' dir='ltr'>ἀποκεκρυμμένην,</span> <span class='ocrx_word' id='word_1_249' title='bbox 723 2051 817 2104; x_wconf 72' lang='grc' dir='ltr'><strong>καὶ</strong></span> <span class='ocrx_word' id='word_1_250' title='bbox 846 2052 960 2114; x_wconf 84' lang='grc' dir='ltr'>τοῖς</span> <span class='ocrx_word' id='word_1_251' title='bbox 981 2050 1160 2113; x_wconf 84' lang='grc' dir='ltr'>ἄλλοις</span> <span class='ocrx_word' id='word_1_252' title='bbox 1187 2049 1577 2121; x_wconf 84' lang='grc' dir='ltr'>ἑκλάμπωμεν.</span> <span class='ocrx_word' id='word_1_253' title='bbox 1604 2050 1753 2112; x_wconf 90' lang='grc' dir='ltr'>Τέως</span> 
     </span>
    </p>
   </div>
   <div class='ocr_carea' id='block_1_38' title="bbox 176 2140 1753 2213">
    <p class='ocr_par' dir='ltr' id='par_1_38' title="bbox 176 2140 1753 2213">
     <span class='ocr_line' id='line_1_38' title="bbox 176 2140 1753 2213; baseline -0.001 -17"><span class='ocrx_word' id='word_1_254' title='bbox 176 2144 226 2196; x_wconf 69' lang='grc' dir='ltr'>δὲ</span> <span class='ocrx_word' id='word_1_255' title='bbox 246 2141 644 2213; x_wconf 83' lang='grc' dir='ltr'>καθαιρώμεθα</span> <span class='ocrx_word' id='word_1_256' title='bbox 673 2142 785 2212; x_wconf 76' lang='lat'><strong>(58)</strong></span> <span class='ocrx_word' id='word_1_257' title='bbox 818 2142 912 2196; x_wconf 70' lang='grc' dir='ltr'><strong>καὶ</strong></span> <span class='ocrx_word' id='word_1_258' title='bbox 941 2140 1334 2213; x_wconf 82' lang='grc' dir='ltr'>προτελώμεθα</span> <span class='ocrx_word' id='word_1_259' title='bbox 1364 2141 1444 2212; x_wconf 82' lang='grc' dir='ltr'><strong>τῷ</strong></span> <span class='ocrx_word' id='word_1_260' title='bbox 1474 2142 1652 2213; x_wconf 82' lang='grc' dir='ltr'>Λόγῳ,</span> <span class='ocrx_word' id='word_1_261' title='bbox 1689 2142 1753 2194; x_wconf 77' lang='grc' dir='ltr'><strong>ἵν’</strong></span> 
     </span>
    </p>
   </div>
   <div class='ocr_carea' id='block_1_39' title="bbox 177 2234 1757 2305">
    <p class='ocr_par' dir='ltr' id='par_1_39' title="bbox 177 2234 1757 2305">
     <span class='ocr_line' id='line_1_39' title="bbox 177 2234 1757 2305; baseline -0.001 -17"><span class='ocrx_word' id='word_1_262' title='bbox 177 2236 250 2288; x_wconf 74' lang='grc' dir='ltr'>ὅτι</span> <span class='ocrx_word' id='word_1_263' title='bbox 283 2235 522 2305; x_wconf 81' lang='grc' dir='ltr'>μάλιστα</span> <span class='ocrx_word' id='word_1_264' title='bbox 557 2235 755 2297; x_wconf 71' lang='grc' dir='ltr'>αὐτοὺς</span> <span class='ocrx_word' id='word_1_265' title='bbox 787 2235 934 2305; x_wconf 78' lang='grc' dir='ltr'>ἡμᾶς</span> <span class='ocrx_word' id='word_1_266' title='bbox 961 2234 1363 2305; x_wconf 82' lang='grc' dir='ltr'>εὐεργετῶμεν,</span> <span class='ocrx_word' id='word_1_267' title='bbox 1388 2234 1640 2296; x_wconf 82' lang='grc' dir='ltr'>θεοειδεῖς</span> <span class='ocrx_word' id='word_1_268' title='bbox 1666 2235 1757 2303; x_wconf 81' lang='grc' dir='ltr'>ἑρ-</span> 
     </span>
    </p>
   </div>
   <div class='ocr_carea' id='block_1_40' title="bbox 177 2324 1754 2397">
    <p class='ocr_par' dir='ltr' id='par_1_40' title="bbox 177 2324 1754 2397">
     <span class='ocr_line' id='line_1_40' title="bbox 177 2324 1754 2397; baseline 0 -18"><span class='ocrx_word' id='word_1_269' title='bbox 177 2324 485 2397; x_wconf 81' lang='grc' dir='ltr'>γαζόμενοι,</span> <span class='ocrx_word' id='word_1_270' title='bbox 521 2326 618 2378; x_wconf 73' lang='grc' dir='ltr'>καὶ</span> <span class='ocrx_word' id='word_1_271' title='bbox 649 2327 852 2396; x_wconf 75' lang='grc' dir='ltr'>ἥκοντα</span> <span class='ocrx_word' id='word_1_272' title='bbox 898 2326 988 2379; x_wconf 72' lang='grc' dir='ltr'><strong>τὸν</strong></span> <span class='ocrx_word' id='word_1_273' title='bbox 1020 2327 1190 2395; x_wconf 81' lang='grc' dir='ltr'>Λόγον</span> <span class='ocrx_word' id='word_1_274' title='bbox 1242 2327 1654 2396; x_wconf 81' lang='grc' dir='ltr'>ὑποδεχόμενοι·</span> <span class='ocrx_word' id='word_1_275' title='bbox 1693 2327 1754 2379; x_wconf 84' lang='grc' dir='ltr'><strong>οὐ</strong></span> 
     </span>
    </p>
   </div>
   <div class='ocr_carea' id='block_1_41' title="bbox 181 2416 1756 2491">
    <p class='ocr_par' dir='ltr' id='par_1_41' title="bbox 181 2416 1756 2491">
     <span class='ocr_line' id='line_1_41' title="bbox 181 2416 1756 2491; baseline 0 -19"><span class='ocrx_word' id='word_1_276' title='bbox 181 2420 335 2490; x_wconf 86' lang='grc' dir='ltr'>μόνον</span> <span class='ocrx_word' id='word_1_277' title='bbox 361 2420 444 2483; x_wconf 82' lang='grc' dir='ltr'>δὲ,</span> <span class='ocrx_word' id='word_1_278' title='bbox 478 2416 618 2472; x_wconf 84' lang='grc' dir='ltr'>ἀλλὰ</span> <span class='ocrx_word' id='word_1_279' title='bbox 640 2419 736 2471; x_wconf 76' lang='grc' dir='ltr'><strong>καὶ</strong></span> <span class='ocrx_word' id='word_1_280' title='bbox 770 2418 1120 2491; x_wconf 79' lang='grc' dir='ltr'>κρατοῦντες,</span> <span class='ocrx_word' id='word_1_281' title='bbox 1150 2419 1241 2473; x_wconf 67' lang='grc' dir='ltr'><strong>καὶ</strong></span> <span class='ocrx_word' id='word_1_282' title='bbox 1273 2422 1384 2483; x_wconf 83' lang='grc' dir='ltr'>τοῖς</span> <span class='ocrx_word' id='word_1_283' title='bbox 1418 2419 1597 2483; x_wconf 84' lang='grc' dir='ltr'>ἄλλοις</span> <span class='ocrx_word' id='word_1_284' title='bbox 1629 2436 1756 2487; x_wconf 84' lang='grc' dir='ltr'>προ-</span> 
     </span>
    </p>
   </div>
   <div class='ocr_carea' id='block_1_42' title="bbox 178 2511 474 2581">
    <p class='ocr_par' dir='ltr' id='par_1_42' title="bbox 178 2511 474 2581">
     <span class='ocr_line' id='line_1_42' title="bbox 178 2511 474 2581; baseline -0.007 -16"><span class='ocrx_word' id='word_1_285' title='bbox 178 2511 474 2581; x_wconf 73' lang='grc' dir='ltr'>φαίνοντες.</span> 
     </span>
    </p>
   </div>
   <div class='ocr_carea' id='block_1_43' title="bbox 242 2767 1761 2841">
    <p class='ocr_par' dir='ltr' id='par_1_43' title="bbox 242 2767 1761 2841">
     <span class='ocr_line' id='line_1_43' title="bbox 242 2767 1761 2841; baseline 0 -19"><span class='ocrx_word' id='word_1_286' title='bbox 242 2771 345 2823; x_wconf 80' lang='lat' dir='ltr'><strong>IA&#39;.</strong></span> <span class='ocrx_word' id='word_1_287' title='bbox 391 2768 552 2821; x_wconf 74' lang='grc' dir='ltr'>Ἐπεὶ</span> <span class='ocrx_word' id='word_1_288' title='bbox 581 2767 637 2821; x_wconf 83' lang='grc' dir='ltr'>δὲ</span> <span class='ocrx_word' id='word_1_289' title='bbox 664 2768 1085 2840; x_wconf 78' lang='grc' dir='ltr'>άνεκᾳθήραμεν</span> <span class='ocrx_word' id='word_1_290' title='bbox 1130 2769 1239 2841; x_wconf 71' lang='lat'><strong>(&#39;59)</strong></span> <span class='ocrx_word' id='word_1_291' title='bbox 1272 2768 1349 2840; x_wconf 80' lang='grc' dir='ltr'><strong>τῷ</strong></span> <span class='ocrx_word' id='word_1_292' title='bbox 1376 2770 1518 2840; x_wconf 80' lang='grc' dir='ltr'>λόγῳ</span> <span class='ocrx_word' id='word_1_293' title='bbox 1548 2770 1607 2822; x_wconf 74' lang='grc' dir='ltr'>τὸ</span> <span class='ocrx_word' id='word_1_294' title='bbox 1636 2768 1761 2822; x_wconf 87' lang='grc' dir='ltr'>θέα-</span> 
     </span>
    </p>
   </div>
   <div class='ocr_carea' id='block_1_44' title="bbox 176 2861 1757 2933">
    <p class='ocr_par' dir='ltr' id='par_1_44' title="bbox 176 2861 1757 2933">
     <span class='ocr_line' id='line_1_44' title="bbox 176 2861 1757 2933; baseline 0 -18"><span class='ocrx_word' id='word_1_295' title='bbox 176 2880 318 2932; x_wconf 79' lang='grc' dir='ltr'>τρον,</span> <span class='ocrx_word' id='word_1_296' title='bbox 352 2862 491 2932; x_wconf 87' lang='grc' dir='ltr'>φέρε</span> <span class='ocrx_word' id='word_1_297' title='bbox 537 2878 590 2913; x_wconf 87' lang='grc' dir='ltr'><strong>τι</strong></span> <span class='ocrx_word' id='word_1_298' title='bbox 614 2861 757 2931; x_wconf 73' lang='grc' dir='ltr'><strong>⁸περὶ</strong></span> <span class='ocrx_word' id='word_1_299' title='bbox 784 2862 883 2931; x_wconf 76' lang='grc' dir='ltr'><strong>τῆς</strong></span> <span class='ocrx_word' id='word_1_300' title='bbox 930 2862 1124 2932; x_wconf 82' lang='grc' dir='ltr'>ἑορτῆς</span> <span class='ocrx_word' id='word_1_301' title='bbox 1162 2862 1261 2933; x_wconf 67' lang='grc' dir='ltr'><strong>ἤδη</strong></span> <span class='ocrx_word' id='word_1_302' title='bbox 1286 2862 1757 2933; x_wconf 80' lang='grc' dir='ltr'>φιλοσοφήσωμεν,</span> 
     </span>
    </p>
   </div>
   <div class='ocr_carea' id='block_1_45' title="bbox 178 2952 1819 3024">
    <p class='ocr_par' dir='ltr' id='par_1_45' title="bbox 178 2952 1819 3024">
     <span class='ocr_line' id='line_1_45' title="bbox 178 2952 1819 3024; baseline -0.002 -16"><span class='ocrx_word' id='word_1_303' title='bbox 178 2956 265 3008; x_wconf 71' lang='grc' dir='ltr'><strong>καὶ</strong></span> <span class='ocrx_word' id='word_1_304' title='bbox 296 2953 750 3024; x_wconf 81' lang='grc' dir='ltr'>συνεορτάσωμεν</span> <span class='ocrx_word' id='word_1_305' title='bbox 779 2956 897 3013; x_wconf 88' lang='grc' dir='ltr'>ταῖς</span> <span class='ocrx_word' id='word_1_306' title='bbox 921 2952 1221 3023; x_wconf 87' lang='grc' dir='ltr'>φιλεόρτοις</span> <span class='ocrx_word' id='word_1_307' title='bbox 1245 2953 1339 3005; x_wconf 52' lang='grc' dir='ltr'><strong>καί¹</strong></span> <span class='ocrx_word' id='word_1_308' title='bbox 1370 2952 1636 3021; x_wconf 84' lang='grc' dir='ltr'>φιλοθέοις</span> <span class='ocrx_word' id='word_1_309' title='bbox 1660 2953 1761 3023; x_wconf 74' lang='grc' dir='ltr'><strong>ψυ-</strong></span> <span class='ocrx_word' id='word_1_310' title='bbox 1808 2958 1819 2971; x_wconf 88' lang='grc'><strong><em>⁸</em></strong></span> 
     </span>
    </p>
   </div>
   <div class='ocr_carea' id='block_1_46' title="bbox 179 3045 1761 3117">
    <p class='ocr_par' dir='ltr' id='par_1_46' title="bbox 179 3045 1761 3117">
     <span class='ocr_line' id='line_1_46' title="bbox 179 3045 1761 3117; baseline -0.001 -18"><span class='ocrx_word' id='word_1_311' title='bbox 179 3050 313 3117; x_wconf 87' lang='grc' dir='ltr'>χαῖς.</span> <span class='ocrx_word' id='word_1_312' title='bbox 361 3046 523 3099; x_wconf 75' lang='grc' dir='ltr'>Ἐπεὶ</span> <span class='ocrx_word' id='word_1_313' title='bbox 550 3045 606 3098; x_wconf 86' lang='grc' dir='ltr'>δὲ</span> <span class='ocrx_word' id='word_1_314' title='bbox 632 3045 929 3114; x_wconf 89' lang='grc' dir='ltr'>κεφάλαιον</span> <span class='ocrx_word' id='word_1_315' title='bbox 956 3046 1149 3116; x_wconf 81' lang='grc' dir='ltr'>ἑορτῆς</span> <span class='ocrx_word' id='word_1_316' title='bbox 1195 3046 1381 3116; x_wconf 82' lang='grc' dir='ltr'>μνήμη</span> <span class='ocrx_word' id='word_1_317' title='bbox 1409 3045 1542 3098; x_wconf 82' lang='grc' dir='ltr'>Θεοῦ</span> <span class='ocrx_word' id='word_1_318' title='bbox 1569 3085 1583 3109; x_wconf 93' lang='grc'><strong>,</strong></span> <span class='ocrx_word' id='word_1_319' title='bbox 1626 3045 1761 3098; x_wconf 85' lang='grc' dir='ltr'>Θεοῦ</span> 
     </span>
    </p>
   </div>
   <div class='ocr_carea' id='block_1_47' title="bbox 182 3137 1764 3210">
    <p class='ocr_par' dir='ltr' id='par_1_47' title="bbox 182 3137 1764 3210">
     <span class='ocr_line' id='line_1_47' title="bbox 182 3137 1764 3210; baseline -0.001 -19"><span class='ocrx_word' id='word_1_320' title='bbox 182 3138 668 3210; x_wconf 77' lang='grc' dir='ltr'>μνημονεύσωμεν.</span> <span class='ocrx_word' id='word_1_321' title='bbox 706 3138 818 3190; x_wconf 73' lang='grc' dir='ltr'>Καὶ</span> <span class='ocrx_word' id='word_1_322' title='bbox 849 3137 958 3209; x_wconf 79' lang='grc' dir='ltr'>γὰρ</span> <span class='ocrx_word' id='word_1_323' title='bbox 983 3137 1073 3189; x_wconf 73' lang='grc' dir='ltr'><strong>τον</strong></span> <span class='ocrx_word' id='word_1_324' title='bbox 1098 3138 1307 3189; x_wconf 79' lang='grc' dir='ltr'>ἐκεῖθεν</span> <span class='ocrx_word' id='word_1_325' title='bbox 1344 3137 1449 3189; x_wconf 84' lang='grc' dir='ltr'><strong>τῶν</strong></span> <span class='ocrx_word' id='word_1_326' title='bbox 1482 3137 1764 3209; x_wconf 72' lang='grc' dir='ltr'>ἑορταζόν-</span> 
     </span>
    </p>
   </div>
   <div class='ocr_carea' id='block_1_48' title="bbox 333 3228 359 3247">
    <p class='ocr_par' dir='ltr' id='par_1_48' title="bbox 333 3228 359 3247">
     <span class='ocr_line' id='line_1_48' title="bbox 333 3228 359 3247; baseline 0 0"><span class='ocrx_word' id='word_1_327' title='bbox 333 3228 359 3247; x_wconf 66' lang='grc' dir='ltr'><strong><em>τ</em></strong></span> 
     </span>
    </p>
   </div>
   <div class='ocr_carea' id='block_1_49' title="bbox 1854 1960 3425 2027">
    <p class='ocr_par' dir='ltr' id='par_1_49' title="bbox 1854 1960 3425 2027">
     <span class='ocr_line' id='line_1_49' title="bbox 1854 1960 3425 2027; baseline -0.003 -11"><span class='ocrx_word' id='word_1_328' title='bbox 1854 1963 2002 2024; x_wconf 90' lang='lat' dir='ltr'><strong>dum,</strong></span> <span class='ocrx_word' id='word_1_329' title='bbox 2034 1974 2087 2016; x_wconf 90' lang='lat' dir='ltr'><strong>et</strong></span> <span class='ocrx_word' id='word_1_330' title='bbox 2120 1961 2396 2027; x_wconf 88' lang='lat' dir='ltr'><strong>Salomon,</strong></span> <span class='ocrx_word' id='word_1_331' title='bbox 2432 1972 2485 2017; x_wconf 91' lang='lat' dir='ltr'><strong>et</strong></span> <span class='ocrx_word' id='word_1_332' title='bbox 2516 1962 2700 2026; x_wconf 83' lang='lat' dir='ltr'><strong>David,</strong></span> <span class='ocrx_word' id='word_1_333' title='bbox 2727 1971 2782 2015; x_wconf 91' lang='lat' dir='ltr'><strong>et</strong></span> <span class='ocrx_word' id='word_1_334' title='bbox 2810 1960 3075 2015; x_wconf 78' lang='lat' dir='ltr'><strong>Jeremias</strong></span> <span class='ocrx_word' id='word_1_335' title='bbox 3112 1961 3425 2023; x_wconf 89' lang='lat' dir='ltr'><strong>admonent,</strong></span> 
     </span>
    </p>
   </div>
   <div class='ocr_carea' id='block_1_50' title="bbox 1854 2053 3427 2117">
    <p class='ocr_par' dir='ltr' id='par_1_50' title="bbox 1854 2053 3427 2117">
     <span class='ocr_line' id='line_1_50' title="bbox 1854 2053 3427 2117; baseline -0.003 -9"><span class='ocrx_word' id='word_1_336' title='bbox 1854 2053 2093 2108; x_wconf 76' lang='lat' dir='ltr'><strong>scientia:</strong></span> <span class='ocrx_word' id='word_1_337' title='bbox 2141 2053 2320 2115; x_wconf 90' lang='lat' dir='ltr'><strong>lumen</strong></span> <span class='ocrx_word' id='word_1_338' title='bbox 2368 2053 2521 2107; x_wconf 90' lang='lat' dir='ltr'><strong>nobis</strong></span> <span class='ocrx_word' id='word_1_339' title='bbox 2559 2053 3008 2117; x_wconf 76' lang='lat' dir='ltr'><strong>excitaverimus;</strong></span> <span class='ocrx_word' id='word_1_340' title='bbox 3054 2061 3164 2105; x_wconf 91' lang='lat' dir='ltr'><strong>tum</strong></span> <span class='ocrx_word' id='word_1_341' title='bbox 3216 2054 3427 2104; x_wconf 87' lang='lat' dir='ltr'><strong>demum</strong></span> 
     </span>
    </p>
   </div>
   <div class='ocr_carea' id='block_1_51' title="bbox 1858 2142 3431 2217">
    <p class='ocr_par' dir='ltr' id='par_1_51' title="bbox 1858 2142 3431 2217">
     <span class='ocr_line' id='line_1_51' title="bbox 1858 2142 3431 2217; baseline -0.004 -17"><span class='ocrx_word' id='word_1_342' title='bbox 1858 2146 1909 2200; x_wconf 92' lang='lat' dir='ltr'><strong>in</strong></span> <span class='ocrx_word' id='word_1_343' title='bbox 1966 2146 2228 2217; x_wconf 87' lang='lat' dir='ltr'><strong>mysterio</strong></span> <span class='ocrx_word' id='word_1_344' title='bbox 2284 2145 2656 2199; x_wconf 83' lang='lat' dir='ltr'><strong>absconditam</strong></span> <span class='ocrx_word' id='word_1_345' title='bbox 2717 2144 2808 2198; x_wconf 86' lang='lat' dir='ltr'><strong>Dei</strong></span> <span class='ocrx_word' id='word_1_346' title='bbox 2867 2143 3185 2213; x_wconf 83' lang='lat' dir='ltr'><strong>sapientiam</strong></span> <span class='ocrx_word' id='word_1_347' title='bbox 3242 2142 3431 2209; x_wconf 83' lang='lat' dir='ltr'><strong>loqua-</strong></span> 
     </span>
    </p>
   </div>
   <div class='ocr_carea' id='block_1_52' title="bbox 1856 2228 3433 2304">
    <p class='ocr_par' dir='ltr' id='par_1_52' title="bbox 1856 2228 3433 2304">
     <span class='ocr_line' id='line_1_52' title="bbox 1856 2228 3433 2304; baseline -0.004 -15"><span class='ocrx_word' id='word_1_348' title='bbox 1856 2251 1977 2289; x_wconf 93' lang='lat' dir='ltr'><strong>mur</strong></span> <span class='ocrx_word' id='word_1_349' title='bbox 2006 2235 2049 2267; x_wconf 72' lang='grc'><strong>’⁵</strong></span> <span class='ocrx_word' id='word_1_350' title='bbox 2071 2276 2087 2302; x_wconf 89' lang='grc'><strong>,</strong></span> <span class='ocrx_word' id='word_1_351' title='bbox 2120 2236 2346 2304; x_wconf 84' lang='lat' dir='ltr'><strong>aliisque</strong></span> <span class='ocrx_word' id='word_1_352' title='bbox 2379 2228 2788 2303; x_wconf 59' lang='lat' dir='ltr'><strong>praeluceamus.</strong></span> <span class='ocrx_word' id='word_1_353' title='bbox 2830 2233 3051 2287; x_wconf 88' lang='lat' dir='ltr'><strong>Interim</strong></span> <span class='ocrx_word' id='word_1_354' title='bbox 3086 2248 3211 2287; x_wconf 87' lang='lat' dir='ltr'><strong>vero</strong></span> <span class='ocrx_word' id='word_1_355' title='bbox 3235 2247 3433 2301; x_wconf 80' lang='lat' dir='ltr'><strong>purge—</strong></span> 
     </span>
    </p>
   </div>
   <div class='ocr_carea' id='block_1_53' title="bbox 1857 2323 3431 2393">
    <p class='ocr_par' dir='ltr' id='par_1_53' title="bbox 1857 2323 3431 2393">
     <span class='ocr_line' id='line_1_53' title="bbox 1857 2323 3431 2393; baseline -0.002 -12"><span class='ocrx_word' id='word_1_356' title='bbox 1857 2343 1998 2391; x_wconf 90' lang='lat' dir='ltr'><strong>mur,</strong></span> <span class='ocrx_word' id='word_1_357' title='bbox 2036 2340 2099 2382; x_wconf 88' lang='lat' dir='ltr'><strong>ac</strong></span> <span class='ocrx_word' id='word_1_358' title='bbox 2129 2326 2305 2381; x_wconf 84' lang='lat' dir='ltr'><strong>Verbo</strong></span> <span class='ocrx_word' id='word_1_359' title='bbox 2343 2336 2471 2381; x_wconf 88' lang='lat' dir='ltr'><strong>ante</strong></span> <span class='ocrx_word' id='word_1_360' title='bbox 2519 2326 2813 2388; x_wconf 89' lang='lat' dir='ltr'><strong>initiemur,</strong></span> <span class='ocrx_word' id='word_1_361' title='bbox 2855 2334 3100 2393; x_wconf 88' lang='lat' dir='ltr'><strong>utquam</strong></span> <span class='ocrx_word' id='word_1_362' title='bbox 3133 2323 3431 2391; x_wconf 64' lang='lat' dir='ltr'><strong>praeclaris-</strong></span> 
     </span>
    </p>
   </div>
   <div class='ocr_carea' id='block_1_54' title="bbox 1858 2415 3425 2488">
    <p class='ocr_par' dir='ltr' id='par_1_54' title="bbox 1858 2415 3425 2488">
     <span class='ocr_line' id='line_1_54' title="bbox 1858 2415 3425 2488; baseline -0.006 -14"><span class='ocrx_word' id='word_1_363' title='bbox 1858 2419 1993 2475; x_wconf 89' lang='lat' dir='ltr'><strong>sime</strong></span> <span class='ocrx_word' id='word_1_364' title='bbox 2022 2419 2090 2473; x_wconf 90' lang='lat' dir='ltr'><strong>de</strong></span> <span class='ocrx_word' id='word_1_365' title='bbox 2119 2418 2273 2473; x_wconf 89' lang='lat' dir='ltr'><strong>nobis</strong></span> <span class='ocrx_word' id='word_1_366' title='bbox 2323 2418 2452 2488; x_wconf 91' lang='lat' dir='ltr'><strong>ipsis</strong></span> <span class='ocrx_word' id='word_1_367' title='bbox 2484 2432 2810 2481; x_wconf 84' lang='lat' dir='ltr'><strong>mereamur,</strong></span> <span class='ocrx_word' id='word_1_368' title='bbox 2849 2416 2956 2471; x_wconf 92' lang='lat' dir='ltr'><strong>Deo</strong></span> <span class='ocrx_word' id='word_1_369' title='bbox 3004 2416 3209 2469; x_wconf 85' lang='lat' dir='ltr'><strong>similes</strong></span> <span class='ocrx_word' id='word_1_370' title='bbox 3255 2415 3425 2483; x_wconf 81' lang='lat' dir='ltr'><strong>nosip-</strong></span> 
     </span>
    </p>
   </div>
   <div class='ocr_carea' id='block_1_55' title="bbox 1858 2505 3433 2573">
    <p class='ocr_par' dir='ltr' id='par_1_55' title="bbox 1858 2505 3433 2573">
     <span class='ocr_line' id='line_1_55' title="bbox 1858 2505 3433 2573; baseline -0.003 -9"><span class='ocrx_word' id='word_1_371' title='bbox 1858 2523 1949 2564; x_wconf 89' lang='lat' dir='ltr'><strong>sos</strong></span> <span class='ocrx_word' id='word_1_372' title='bbox 1989 2508 2291 2572; x_wconf 86' lang='lat' dir='ltr'><strong>reddentes,</strong></span> <span class='ocrx_word' id='word_1_373' title='bbox 2353 2522 2417 2561; x_wconf 89' lang='lat' dir='ltr'><strong>ac</strong></span> <span class='ocrx_word' id='word_1_374' title='bbox 2465 2506 2701 2560; x_wconf 82' lang='lat' dir='ltr'><strong>Verbum</strong></span> <span class='ocrx_word' id='word_1_375' title='bbox 2758 2506 2977 2560; x_wconf 90' lang='lat' dir='ltr'><strong>veniens</strong></span> <span class='ocrx_word' id='word_1_376' title='bbox 3034 2505 3433 2573; x_wconf 88' lang='lat' dir='ltr'><strong>suscipientes:</strong></span> 
     </span>
    </p>
   </div>
   <div class='ocr_carea' id='block_1_56' title="bbox 1860 2595 3435 2665">
    <p class='ocr_par' dir='ltr' id='par_1_56' title="bbox 1860 2595 3435 2665">
     <span class='ocr_line' id='line_1_56' title="bbox 1860 2595 3435 2665; baseline -0.003 -12"><span class='ocrx_word' id='word_1_377' title='bbox 1860 2612 1961 2653; x_wconf 88' lang='lat' dir='ltr'><strong>nec</strong></span> <span class='ocrx_word' id='word_1_378' title='bbox 2006 2598 2179 2652; x_wconf 91' lang='lat' dir='ltr'><strong>solum</strong></span> <span class='ocrx_word' id='word_1_379' title='bbox 2216 2597 2593 2665; x_wconf 83' lang='lat' dir='ltr'><strong>suscipientes,</strong></span> <span class='ocrx_word' id='word_1_380' title='bbox 2645 2610 2837 2650; x_wconf 89' lang='lat' dir='ltr'><strong>verum</strong></span> <span class='ocrx_word' id='word_1_381' title='bbox 2898 2595 3061 2650; x_wconf 88' lang='lat' dir='ltr'><strong>etiam</strong></span> <span class='ocrx_word' id='word_1_382' title='bbox 3113 2595 3435 2661; x_wconf 78' lang='lat' dir='ltr'><strong>retinentes,</strong></span> 
     </span>
    </p>
   </div>
   <div class='ocr_carea' id='block_1_57' title="bbox 1861 2690 2624 2758">
    <p class='ocr_par' dir='ltr' id='par_1_57' title="bbox 1861 2690 2624 2758">
     <span class='ocr_line' id='line_1_57' title="bbox 1861 2690 2624 2758; baseline -0.004 -14"><span class='ocrx_word' id='word_1_383' title='bbox 1861 2690 2089 2758; x_wconf 87' lang='lat' dir='ltr'><strong>aliisque</strong></span> <span class='ocrx_word' id='word_1_384' title='bbox 2122 2697 2624 2757; x_wconf 86' lang='lat' dir='ltr'><strong>praemonstrantes.</strong></span> 
     </span>
    </p>
   </div>
   <div class='ocr_carea' id='block_1_58' title="bbox 1938 2778 3436 2847">
    <p class='ocr_par' dir='ltr' id='par_1_58' title="bbox 1938 2778 3436 2847">
     <span class='ocr_line' id='line_1_58' title="bbox 1938 2778 3436 2847; baseline -0.003 -14"><span class='ocrx_word' id='word_1_385' title='bbox 1938 2780 2024 2834; x_wconf 78' lang='lat' dir='ltr'><strong>XI.</strong></span> <span class='ocrx_word' id='word_1_386' title='bbox 2083 2778 2349 2845; x_wconf 83' lang='lat' dir='ltr'><strong>Quoniam</strong></span> <span class='ocrx_word' id='word_1_387' title='bbox 2386 2789 2567 2831; x_wconf 86' lang='lat' dir='ltr'><strong>autem</strong></span> <span class='ocrx_word' id='word_1_388' title='bbox 2598 2791 2850 2831; x_wconf 89' lang='lat' dir='ltr'><strong>sermone</strong></span> <span class='ocrx_word' id='word_1_389' title='bbox 2878 2778 3144 2831; x_wconf 84' lang='lat' dir='ltr'><strong>theatrum</strong></span> <span class='ocrx_word' id='word_1_390' title='bbox 3170 2780 3436 2847; x_wconf 74' lang='lat' dir='ltr'><strong>repurga-</strong></span> 
     </span>
    </p>
   </div>
   <div class='ocr_carea' id='block_1_59' title="bbox 1864 2866 3442 2939">
    <p class='ocr_par' dir='ltr' id='par_1_59' title="bbox 1864 2866 3442 2939">
     <span class='ocr_line' id='line_1_59' title="bbox 1864 2866 3442 2939; baseline -0.002 -17"><span class='ocrx_word' id='word_1_391' title='bbox 1864 2872 2059 2936; x_wconf 82' lang='lat' dir='ltr'><strong>vimus,</strong></span> <span class='ocrx_word' id='word_1_392' title='bbox 2091 2884 2209 2939; x_wconf 80' lang='lat' dir='ltr'><strong>age,</strong></span> <span class='ocrx_word' id='word_1_393' title='bbox 2255 2868 2364 2936; x_wconf 87' lang='lat' dir='ltr'><strong>jam</strong></span> <span class='ocrx_word' id='word_1_394' title='bbox 2418 2867 2482 2921; x_wconf 92' lang='lat' dir='ltr'><strong>de</strong></span> <span class='ocrx_word' id='word_1_395' title='bbox 2524 2866 2662 2920; x_wconf 83' lang='lat' dir='ltr'><strong>festo</strong></span> <span class='ocrx_word' id='word_1_396' title='bbox 2697 2866 2942 2920; x_wconf 85' lang='lat' dir='ltr'><strong>nonnihil</strong></span> <span class='ocrx_word' id='word_1_397' title='bbox 2989 2867 3343 2931; x_wconf 85' lang='lat' dir='ltr'><strong>disseramus,</strong></span> <span class='ocrx_word' id='word_1_398' title='bbox 3388 2874 3442 2921; x_wconf 85' lang='lat' dir='ltr'><strong>et</strong></span> 
     </span>
    </p>
   </div>
   <div class='ocr_carea' id='block_1_60' title="bbox 1863 2957 3439 3029">
    <p class='ocr_par' dir='ltr' id='par_1_60' title="bbox 1863 2957 3439 3029">
     <span class='ocr_line' id='line_1_60' title="bbox 1863 2957 3439 3029; baseline -0.003 -12"><span class='ocrx_word' id='word_1_399' title='bbox 1863 2978 1984 3017; x_wconf 91' lang='lat' dir='ltr'><strong>cum</strong></span> <span class='ocrx_word' id='word_1_400' title='bbox 2042 2960 2145 3029; x_wconf 86' lang='lat' dir='ltr'><strong>piis</strong></span> <span class='ocrx_word' id='word_1_401' title='bbox 2200 2959 2398 3013; x_wconf 91' lang='lat' dir='ltr'><strong>animis</strong></span> <span class='ocrx_word' id='word_1_402' title='bbox 2456 2957 2689 3025; x_wconf 80' lang='lat' dir='ltr'><strong>festique</strong></span> <span class='ocrx_word' id='word_1_403' title='bbox 2762 2957 3064 3012; x_wconf 86' lang='lat' dir='ltr'><strong>celebrandi</strong></span> <span class='ocrx_word' id='word_1_404' title='bbox 3138 2959 3439 3024; x_wconf 87' lang='lat' dir='ltr'><strong>studiosis,</strong></span> 
     </span>
    </p>
   </div>
   <div class='ocr_carea' id='block_1_61' title="bbox 1864 3047 3439 3116">
    <p class='ocr_par' dir='ltr' id='par_1_61' title="bbox 1864 3047 3439 3116">
     <span class='ocr_line' id='line_1_61' title="bbox 1864 3047 3439 3116; baseline -0.002 -9"><span class='ocrx_word' id='word_1_405' title='bbox 1864 3055 2004 3107; x_wconf 87' lang='lat' dir='ltr'><strong>diem</strong></span> <span class='ocrx_word' id='word_1_406' title='bbox 2040 3053 2183 3107; x_wconf 86' lang='lat' dir='ltr'><strong>hunc</strong></span> <span class='ocrx_word' id='word_1_407' title='bbox 2240 3065 2458 3105; x_wconf 87' lang='lat' dir='ltr'><strong>sacrum</strong></span> <span class='ocrx_word' id='word_1_408' title='bbox 2512 3048 2868 3103; x_wconf 87' lang='lat' dir='ltr'><strong>celebremus.</strong></span> <span class='ocrx_word' id='word_1_409' title='bbox 2920 3047 2987 3101; x_wconf 90' lang='lat' dir='ltr'><strong>Et</strong></span> <span class='ocrx_word' id='word_1_410' title='bbox 3034 3049 3286 3116; x_wconf 90' lang='lat' dir='ltr'><strong>quoniam</strong></span> <span class='ocrx_word' id='word_1_411' title='bbox 3343 3050 3439 3105; x_wconf 81' lang='lat' dir='ltr'><strong>Dei</strong></span> 
     </span>
    </p>
   </div>
   <div class='ocr_carea' id='block_1_62' title="bbox 1868 3139 3445 3212">
    <p class='ocr_par' dir='ltr' id='par_1_62' title="bbox 1868 3139 3445 3212">
     <span class='ocr_line' id='line_1_62' title="bbox 1868 3139 3445 3212; baseline -0.004 -13"><span class='ocrx_word' id='word_1_412' title='bbox 1868 3144 2125 3199; x_wconf 71' lang='lat' dir='ltr'><strong>memoria</strong></span> <span class='ocrx_word' id='word_1_413' title='bbox 2161 3142 2487 3212; x_wconf 72' lang='lat' dir='ltr'><strong>prtecipuum</strong></span> <span class='ocrx_word' id='word_1_414' title='bbox 2533 3140 2658 3195; x_wconf 84' lang='lat' dir='ltr'><strong>festi</strong></span> <span class='ocrx_word' id='word_1_415' title='bbox 2696 3150 2855 3209; x_wconf 89' lang='lat' dir='ltr'><strong>caput</strong></span> <span class='ocrx_word' id='word_1_416' title='bbox 2883 3149 2983 3204; x_wconf 84' lang='lat' dir='ltr'><strong>est,</strong></span> <span class='ocrx_word' id='word_1_417' title='bbox 3022 3139 3188 3194; x_wconf 90' lang='lat' dir='ltr'><strong>Deum</strong></span> <span class='ocrx_word' id='word_1_418' title='bbox 3238 3153 3445 3193; x_wconf 88' lang='lat' dir='ltr'><strong>memo-</strong></span> 
     </span>
    </p>
   </div>
   <div class='ocr_carea' id='block_1_63' title="bbox 178 3204 1758 3302">
    <p class='ocr_par' dir='ltr' id='par_1_63' title="bbox 178 3204 1758 3302">
     <span class='ocr_line' id='line_1_63' title="bbox 178 3204 1758 3302; baseline -0.003 -17"><span class='ocrx_word' id='word_1_419' title='bbox 331 3228 467 3302; x_wconf 81' lang='grc' dir='ltr'>ἦχον</span> <span class='ocrx_word' id='word_1_420' title='bbox 492 3272 505 3294; x_wconf 91' lang='grc'><strong>,</strong></span> <span class='ocrx_word' id='word_1_421' title='bbox 542 3204 672 3282; x_wconf 73' lang='grc' dir='ltr'>ένθα</span> <span class='ocrx_word' id='word_1_422' title='bbox 719 3204 1164 3301; x_wconf 74' lang='grc' dir='ltr'>εὐφραινομένων</span> <span class='ocrx_word' id='word_1_423' title='bbox 1223 3226 1438 3281; x_wconf 82' lang='grc' dir='ltr'>πάντων</span> <span class='ocrx_word' id='word_1_424' title='bbox 1486 3204 1758 3300; x_wconf 25' lang='grc' dir='ltr'>ήγκατοι-</span> 
     </span>
    </p>
   </div>
   <div class='ocr_carea' id='block_1_64' title="bbox 1866 3204 3446 3302">
    <p class='ocr_par' dir='ltr' id='par_1_64' title="bbox 1871 3229 3446 3298">
     <span class='ocr_line' id='line_1_64' title="bbox 1871 3229 3446 3298; baseline -0.006 -10"><span class='ocrx_word' id='word_1_425' title='bbox 1871 3236 1946 3289; x_wconf 89' lang='lat' dir='ltr'><strong>ria</strong></span> <span class='ocrx_word' id='word_1_426' title='bbox 1982 3234 2242 3288; x_wconf 87' lang='lat' dir='ltr'><strong>colamus.</strong></span> <span class='ocrx_word' id='word_1_427' title='bbox 2276 3230 2407 3284; x_wconf 85' lang='lat' dir='ltr'><strong>Nam</strong></span> <span class='ocrx_word' id='word_1_428' title='bbox 2440 3244 2538 3285; x_wconf 92' lang='lat' dir='ltr'><strong>nec</strong></span> <span class='ocrx_word' id='word_1_429' title='bbox 2573 3245 2762 3285; x_wconf 91' lang='lat' dir='ltr'><strong>sonum</strong></span> <span class='ocrx_word' id='word_1_430' title='bbox 2805 3244 3015 3293; x_wconf 89' lang='lat' dir='ltr'><strong>eorum,</strong></span> <span class='ocrx_word' id='word_1_431' title='bbox 3064 3229 3158 3298; x_wconf 88' lang='lat' dir='ltr'><strong>qui</strong></span> <span class='ocrx_word' id='word_1_432' title='bbox 3188 3230 3239 3283; x_wconf 90' lang='lat' dir='ltr'><strong>in</strong></span> <span class='ocrx_word' id='word_1_433' title='bbox 3272 3229 3446 3282; x_wconf 79' lang='lat' dir='ltr'><strong>altera</strong></span> 
     </span>
    </p>
   </div>
   <div class='ocr_carea' id='block_1_65' title="bbox 179 3315 1762 3395">
    <p class='ocr_par' dir='ltr' id='par_1_65' title="bbox 179 3315 1762 3395">
     <span class='ocr_line' id='line_1_65' title="bbox 179 3315 1762 3395; baseline -0.003 -18"><span class='ocrx_word' id='word_1_434' title='bbox 179 3323 268 3377; x_wconf 86' lang='grc' dir='ltr'><strong>κία</strong></span> <span class='ocrx_word' id='word_1_435' title='bbox 323 3323 464 3395; x_wconf 67' lang='grc'>(40),</span> <span class='ocrx_word' id='word_1_436' title='bbox 514 3322 617 3375; x_wconf 80' lang='grc' dir='ltr'><strong>οὐκ</strong></span> <span class='ocrx_word' id='word_1_437' title='bbox 666 3321 795 3374; x_wconf 78' lang='grc' dir='ltr'>ἄλλο</span> <span class='ocrx_word' id='word_1_438' title='bbox 822 3337 877 3373; x_wconf 85' lang='grc' dir='ltr'><strong>τι</strong></span> <span class='ocrx_word' id='word_1_439' title='bbox 928 3320 960 3390; x_wconf 83' lang='grc' dir='ltr'>ἢ</span> <span class='ocrx_word' id='word_1_440' title='bbox 1006 3318 1166 3373; x_wconf 85' lang='grc' dir='ltr'>τοῦτο</span> <span class='ocrx_word' id='word_1_441' title='bbox 1194 3315 1331 3373; x_wconf 76' lang='grc' dir='ltr'>εἶναι</span> <span class='ocrx_word' id='word_1_442' title='bbox 1377 3319 1601 3389; x_wconf 76' lang='grc' dir='ltr'>νομίζω,</span> <span class='ocrx_word' id='word_1_443' title='bbox 1632 3319 1762 3373; x_wconf 76' lang='grc' dir='ltr'>Θεὸν</span> 
     </span>
    </p>
   </div>
   <div class='ocr_carea' id='block_1_66' title="bbox 181 3405 1764 3482">
    <p class='ocr_par' dir='ltr' id='par_1_66' title="bbox 181 3405 1764 3482">
     <span class='ocr_line' id='line_1_66' title="bbox 181 3405 1764 3482; baseline -0.003 -18"><span class='ocrx_word' id='word_1_444' title='bbox 181 3409 520 3482; x_wconf 80' lang='grc' dir='ltr'>ὑμνούμενόν</span> <span class='ocrx_word' id='word_1_445' title='bbox 562 3426 623 3461; x_wconf 86' lang='grc' dir='ltr'><strong>τε</strong></span> <span class='ocrx_word' id='word_1_446' title='bbox 655 3409 749 3461; x_wconf 73' lang='grc' dir='ltr'><strong>καὶ</strong></span> <span class='ocrx_word' id='word_1_447' title='bbox 780 3405 1137 3477; x_wconf 76' lang='grc' dir='ltr'>δοξαζόμενον</span> <span class='ocrx_word' id='word_1_448' title='bbox 1184 3410 1296 3469; x_wconf 87' lang='grc' dir='ltr'>τοῖς</span> <span class='ocrx_word' id='word_1_449' title='bbox 1331 3406 1431 3476; x_wconf 80' lang='grc' dir='ltr'><strong>τῆς</strong></span> <span class='ocrx_word' id='word_1_450' title='bbox 1461 3408 1637 3459; x_wconf 84' lang='grc' dir='ltr'>ἐκεῖσε</span> <span class='ocrx_word' id='word_1_451' title='bbox 1668 3425 1764 3459; x_wconf 84' lang='grc' dir='ltr'>πο-</span> 
     </span>
    </p>
   </div>
   <div class='ocr_carea' id='block_1_67' title="bbox 181 3495 1765 3570">
    <p class='ocr_par' dir='ltr' id='par_1_67' title="bbox 181 3495 1765 3570">
     <span class='ocr_line' id='line_1_67' title="bbox 181 3495 1765 3570; baseline -0.004 -17"><span class='ocrx_word' id='word_1_452' title='bbox 181 3502 379 3564; x_wconf 75' lang='grc' dir='ltr'>λιτείας</span> <span class='ocrx_word' id='word_1_453' title='bbox 402 3499 752 3570; x_wconf 66' lang='grc' dir='ltr'>ἠξιωμένοις.</span> <span class='ocrx_word' id='word_1_454' title='bbox 776 3498 837 3550; x_wconf 86' lang='grc' dir='ltr'><strong>Εἰ</strong></span> <span class='ocrx_word' id='word_1_455' title='bbox 862 3497 919 3549; x_wconf 86' lang='grc' dir='ltr'><strong>δέ</strong></span> <span class='ocrx_word' id='word_1_456' title='bbox 954 3514 1006 3548; x_wconf 85' lang='grc' dir='ltr'><strong>τι</strong></span> <span class='ocrx_word' id='word_1_457' title='bbox 1036 3496 1143 3548; x_wconf 85' lang='grc' dir='ltr'><strong>τῶν</strong></span> <span class='ocrx_word' id='word_1_458' title='bbox 1170 3495 1267 3567; x_wconf 73' lang='grc' dir='ltr'><strong>ἤδη</strong></span> <span class='ocrx_word' id='word_1_459' title='bbox 1296 3496 1707 3567; x_wconf 81' lang='grc' dir='ltr'>προειρημένων</span> <span class='ocrx_word' id='word_1_460' title='bbox 1737 3497 1765 3547; x_wconf 85' lang='grc' dir='ltr'><strong>ό</strong></span> 
     </span>
    </p>
   </div>
   <div class='ocr_carea' id='block_1_68' title="bbox 182 3587 1765 3662">
    <p class='ocr_par' dir='ltr' id='par_1_68' title="bbox 182 3587 1765 3662">
     <span class='ocr_line' id='line_1_68' title="bbox 182 3587 1765 3662; baseline -0.004 -14"><span class='ocrx_word' id='word_1_461' title='bbox 182 3596 271 3648; x_wconf 81' lang='grc' dir='ltr'><strong>νῦν</strong></span> <span class='ocrx_word' id='word_1_462' title='bbox 292 3595 406 3661; x_wconf 80' lang='grc' dir='ltr'>ἑξει</span> <span class='ocrx_word' id='word_1_463' title='bbox 438 3593 617 3662; x_wconf 83' lang='grc' dir='ltr'>λόγος,</span> <span class='ocrx_word' id='word_1_464' title='bbox 667 3589 996 3660; x_wconf 76' lang='grc' dir='ltr'>θαυμαζέτω</span> <span class='ocrx_word' id='word_1_465' title='bbox 1049 3589 1257 3661; x_wconf 81' lang='grc' dir='ltr'>μηδείς.</span> <span class='ocrx_word' id='word_1_466' title='bbox 1295 3589 1369 3642; x_wconf 77' lang='grc' dir='ltr'><strong>Οὐ</strong></span> <span class='ocrx_word' id='word_1_467' title='bbox 1393 3588 1500 3659; x_wconf 77' lang='grc' dir='ltr'>γὰρ</span> <span class='ocrx_word' id='word_1_468' title='bbox 1536 3587 1603 3640; x_wconf 84' lang='grc' dir='ltr'><strong>τὰ</strong></span> <span class='ocrx_word' id='word_1_469' title='bbox 1627 3588 1765 3641; x_wconf 82' lang='grc' dir='ltr'>αὐτὰ</span> 
     </span>
    </p>
   </div>
   <div class='ocr_carea' id='block_1_69' title="bbox 184 3678 1762 3756">
    <p class='ocr_par' dir='ltr' id='par_1_69' title="bbox 184 3678 1762 3756">
     <span class='ocr_line' id='line_1_69' title="bbox 184 3678 1762 3756; baseline -0.006 -16"><span class='ocrx_word' id='word_1_470' title='bbox 184 3688 273 3740; x_wconf 74' lang='grc' dir='ltr'><strong>καὶ</strong></span> <span class='ocrx_word' id='word_1_471' title='bbox 308 3686 424 3756; x_wconf 67' lang='grc'><strong>(41)</strong></span> <span class='ocrx_word' id='word_1_472' title='bbox 453 3683 760 3753; x_wconf 73' lang='grc' dir='ltr'>φθέγξομαι</span> <span class='ocrx_word' id='word_1_473' title='bbox 799 3682 977 3753; x_wconf 83' lang='grc' dir='ltr'>μόνον,</span> <span class='ocrx_word' id='word_1_474' title='bbox 1002 3679 1137 3733; x_wconf 76' lang='grc' dir='ltr'>ἀλλὰ</span> <span class='ocrx_word' id='word_1_475' title='bbox 1171 3679 1264 3732; x_wconf 75' lang='grc' dir='ltr'><strong>καὶ</strong></span> <span class='ocrx_word' id='word_1_476' title='bbox 1286 3679 1412 3750; x_wconf 79' lang='grc' dir='ltr'>περὶ</span> <span class='ocrx_word' id='word_1_477' title='bbox 1432 3678 1541 3730; x_wconf 81' lang='grc' dir='ltr'><strong>τῶν</strong></span> <span class='ocrx_word' id='word_1_478' title='bbox 1565 3678 1762 3743; x_wconf 75' lang='grc' dir='ltr'>αὐτῶν,</span> 
     </span>
    </p>
   </div>
   <div class='ocr_carea' id='block_1_70' title="bbox 185 3768 1764 3851">
    <p class='ocr_par' dir='ltr' id='par_1_70' title="bbox 185 3768 1764 3851">
     <span class='ocr_line' id='line_1_70' title="bbox 185 3768 1764 3851; baseline -0.005 -22"><span class='ocrx_word' id='word_1_479' title='bbox 185 3779 427 3851; x_wconf 79' lang='grc' dir='ltr'>φρίττων</span> <span class='ocrx_word' id='word_1_480' title='bbox 462 3776 557 3829; x_wconf 78' lang='grc' dir='ltr'>καὶ</span> <span class='ocrx_word' id='word_1_481' title='bbox 591 3775 866 3843; x_wconf 82' lang='grc' dir='ltr'>γλῶσσαν,</span> <span class='ocrx_word' id='word_1_482' title='bbox 895 3772 990 3825; x_wconf 72' lang='grc' dir='ltr'><strong>καὶ</strong></span> <span class='ocrx_word' id='word_1_483' title='bbox 1024 3768 1149 3825; x_wconf 88' lang='grc' dir='ltr'>νοῦν</span> <span class='ocrx_word' id='word_1_484' title='bbox 1183 3772 1317 3842; x_wconf 66' lang='grc'>(42),</span> <span class='ocrx_word' id='word_1_485' title='bbox 1354 3771 1448 3823; x_wconf 78' lang='grc' dir='ltr'><strong>καὶ</strong></span> <span class='ocrx_word' id='word_1_486' title='bbox 1486 3770 1724 3823; x_wconf 83' lang='grc' dir='ltr'>διάνοιαν</span> <span class='ocrx_word' id='word_1_487' title='bbox 1749 3810 1764 3834; x_wconf 94' lang='grc'><strong>,</strong></span> 
     </span>
    </p>
   </div>
   <div class='ocr_carea' id='block_1_71' title="bbox 185 3861 1769 3942">
    <p class='ocr_par' dir='ltr' id='par_1_71' title="bbox 185 3861 1769 3942">
     <span class='ocr_line' id='line_1_71' title="bbox 185 3861 1769 3942; baseline -0.008 -17"><span class='ocrx_word' id='word_1_488' title='bbox 185 3872 310 3924; x_wconf 78' lang='grc' dir='ltr'>ὅταν</span> <span class='ocrx_word' id='word_1_489' title='bbox 340 3872 470 3942; x_wconf 74' lang='grc' dir='ltr'><strong>περῖ¹</strong></span> <span class='ocrx_word' id='word_1_490' title='bbox 500 3867 637 3922; x_wconf 86' lang='grc' dir='ltr'>Θεοῦ</span> <span class='ocrx_word' id='word_1_491' title='bbox 691 3867 1049 3938; x_wconf 77' lang='grc' dir='ltr'>φθέγγωμαι</span> <span class='ocrx_word' id='word_1_492' title='bbox 1106 3864 1197 3918; x_wconf 73' lang='grc' dir='ltr'><strong>καὶ</strong></span> <span class='ocrx_word' id='word_1_493' title='bbox 1246 3865 1372 3933; x_wconf 86' lang='grc' dir='ltr'>ὑμῖν</span> <span class='ocrx_word' id='word_1_494' title='bbox 1421 3862 1585 3915; x_wconf 83' lang='grc' dir='ltr'>ταυτὸ</span> <span class='ocrx_word' id='word_1_495' title='bbox 1613 3861 1769 3915; x_wconf 82' lang='grc' dir='ltr'>τοῦτο</span> 
     </span>
    </p>
   </div>
   <div class='ocr_carea' id='block_1_72' title="bbox 187 3948 1767 4033">
    <p class='ocr_par' dir='ltr' id='par_1_72' title="bbox 187 3948 1767 4033">
     <span class='ocr_line' id='line_1_72' title="bbox 187 3948 1767 4033; baseline -0.009 -16"><span class='ocrx_word' id='word_1_496' title='bbox 187 3963 581 4033; x_wconf 82' lang='grc' dir='ltr'>συνευχόμενος</span> <span class='ocrx_word' id='word_1_497' title='bbox 603 3959 663 4011; x_wconf 82' lang='grc' dir='ltr'><strong>τδ</strong></span> <span class='ocrx_word' id='word_1_498' title='bbox 686 3956 968 4012; x_wconf 74' lang='grc' dir='ltr'>ἐπαινετὸν</span> <span class='ocrx_word' id='word_1_499' title='bbox 997 3953 1168 4017; x_wconf 82' lang='grc' dir='ltr'>πάθος</span> <span class='ocrx_word' id='word_1_500' title='bbox 1197 3953 1291 4006; x_wconf 70' lang='grc' dir='ltr'><strong>καὶ</strong></span> <span class='ocrx_word' id='word_1_501' title='bbox 1319 3952 1607 4023; x_wconf 90' lang='grc' dir='ltr'>μακάριον.</span> <span class='ocrx_word' id='word_1_502' title='bbox 1635 3948 1767 4004; x_wconf 88' lang='grc' dir='ltr'>Θεοῦ</span> 
     </span>
    </p>
   </div>
   <div class='ocr_carea' id='block_1_73' title="bbox 188 4041 1765 4119">
    <p class='ocr_par' dir='ltr' id='par_1_73' title="bbox 188 4041 1765 4119">
     <span class='ocr_line' id='line_1_73' title="bbox 188 4041 1765 4119; baseline -0.01 -11"><span class='ocrx_word' id='word_1_503' title='bbox 188 4055 242 4108; x_wconf 78' lang='grc' dir='ltr'>δὲ</span> <span class='ocrx_word' id='word_1_504' title='bbox 269 4058 399 4108; x_wconf 75' lang='grc' dir='ltr'>ὅταν</span> <span class='ocrx_word' id='word_1_505' title='bbox 440 4053 601 4117; x_wconf 82' lang='grc' dir='ltr'>εἴπω,</span> <span class='ocrx_word' id='word_1_506' title='bbox 653 4051 734 4102; x_wconf 73' lang='grc' dir='ltr'>ἑνὶ</span> <span class='ocrx_word' id='word_1_507' title='bbox 764 4049 904 4119; x_wconf 76' lang='grc' dir='ltr'>φωτὶ</span> <span class='ocrx_word' id='word_1_508' title='bbox 956 4044 1436 4119; x_wconf 82' lang='grc' dir='ltr'>περιαστράφθητε</span> <span class='ocrx_word' id='word_1_509' title='bbox 1468 4044 1560 4096; x_wconf 64' lang='grc' dir='ltr'><strong>καλ⁸</strong></span> <span class='ocrx_word' id='word_1_510' title='bbox 1589 4041 1765 4114; x_wconf 74' lang='grc' dir='ltr'>τρισί·</span> 
     </span>
    </p>
   </div>
   <div class='ocr_carea' id='block_1_74' title="bbox 188 4136 1769 4219">
    <p class='ocr_par' dir='ltr' id='par_1_74' title="bbox 188 4136 1769 4219">
     <span class='ocr_line' id='line_1_74' title="bbox 188 4136 1769 4219; baseline -0.009 -18"><span class='ocrx_word' id='word_1_511' title='bbox 188 4147 335 4219; x_wconf 69' lang='grc' dir='ltr'>τρισὶ</span> <span class='ocrx_word' id='word_1_512' title='bbox 353 4146 476 4216; x_wconf 75' lang='grc' dir='ltr'>μὲν,</span> <span class='ocrx_word' id='word_1_513' title='bbox 497 4143 640 4197; x_wconf 74' lang='grc' dir='ltr'>κατὰ</span> <span class='ocrx_word' id='word_1_514' title='bbox 654 4141 753 4205; x_wconf 72' lang='grc' dir='ltr'>τὰς</span> <span class='ocrx_word' id='word_1_515' title='bbox 774 4141 1064 4210; x_wconf 75' lang='grc' dir='ltr'>ἰδιότητας,</span> <span class='ocrx_word' id='word_1_516' title='bbox 1093 4138 1268 4191; x_wconf 80' lang='grc' dir='ltr'>εἴτουν</span> <span class='ocrx_word' id='word_1_517' title='bbox 1295 4137 1402 4208; x_wconf 72' lang='grc'><strong>(45)</strong></span> <span class='ocrx_word' id='word_1_518' title='bbox 1424 4136 1769 4201; x_wconf 84' lang='grc' dir='ltr'>ὑποστάσεις,</span> 
     </span>
    </p>
   </div>
   <div class='ocr_carea' id='block_1_75' title="bbox 193 4227 1772 4307">
    <p class='ocr_par' dir='ltr' id='par_1_75' title="bbox 193 4227 1772 4307">
     <span class='ocr_line' id='line_1_75' title="bbox 193 4227 1772 4307; baseline -0.008 -15"><span class='ocrx_word' id='word_1_519' title='bbox 193 4241 243 4294; x_wconf 83' lang='grc' dir='ltr'>εἰ</span> <span class='ocrx_word' id='word_1_520' title='bbox 257 4257 364 4293; x_wconf 84' lang='grc' dir='ltr'>τινι</span> <span class='ocrx_word' id='word_1_521' title='bbox 389 4237 541 4307; x_wconf 81' lang='grc' dir='ltr'>φίλον</span> <span class='ocrx_word' id='word_1_522' title='bbox 556 4235 763 4299; x_wconf 87' lang='grc' dir='ltr'>καλεῖν,</span> <span class='ocrx_word' id='word_1_523' title='bbox 780 4233 890 4286; x_wconf 82' lang='grc' dir='ltr'>εἴτε</span> <span class='ocrx_word' id='word_1_524' title='bbox 920 4233 1187 4303; x_wconf 83' lang='grc' dir='ltr'>πρόσωπα</span> <span class='ocrx_word' id='word_1_525' title='bbox 1204 4231 1375 4303; x_wconf 73' lang='grc' dir='ltr'>(οὐδὲν</span> <span class='ocrx_word' id='word_1_526' title='bbox 1392 4228 1500 4301; x_wconf 79' lang='grc' dir='ltr'>γὰρ</span> <span class='ocrx_word' id='word_1_527' title='bbox 1523 4227 1772 4298; x_wconf 71' lang='grc' dir='ltr'>περὶτῶν</span> 
     </span>
    </p>
   </div>
   <div class='ocr_carea' id='block_1_76' title="bbox 192 4320 1774 4401">
    <p class='ocr_par' dir='ltr' id='par_1_76' title="bbox 192 4320 1774 4401">
     <span class='ocr_line' id='line_1_76' title="bbox 192 4320 1774 4401; baseline -0.008 -17"><span class='ocrx_word' id='word_1_528' title='bbox 192 4331 472 4401; x_wconf 76' lang='grc' dir='ltr'>ὀνομάτων</span> <span class='ocrx_word' id='word_1_529' title='bbox 532 4328 1013 4399; x_wconf 80' lang='grc' dir='ltr'>ζυγομαχήσομεν,</span> <span class='ocrx_word' id='word_1_530' title='bbox 1056 4324 1162 4388; x_wconf 79' lang='grc' dir='ltr'>ἕως</span> <span class='ocrx_word' id='word_1_531' title='bbox 1207 4323 1274 4377; x_wconf 81' lang='grc' dir='ltr'><strong>ἂν</strong></span> <span class='ocrx_word' id='word_1_532' title='bbox 1307 4322 1445 4394; x_wconf 74' lang='grc' dir='ltr'>πρὸς</span> <span class='ocrx_word' id='word_1_533' title='bbox 1476 4320 1574 4391; x_wconf 80' lang='grc' dir='ltr'>τὴν</span> <span class='ocrx_word' id='word_1_534' title='bbox 1602 4320 1774 4391; x_wconf 79' lang='grc' dir='ltr'>αὐτὴν</span> 
     </span>
    </p>
   </div>
   <div class='ocr_carea' id='block_1_77' title="bbox 195 4412 1774 4490">
    <p class='ocr_par' dir='ltr' id='par_1_77' title="bbox 195 4412 1774 4490">
     <span class='ocr_line' id='line_1_77' title="bbox 195 4412 1774 4490; baseline -0.007 -14"><span class='ocrx_word' id='word_1_535' title='bbox 195 4422 401 4476; x_wconf 72' lang='grc' dir='ltr'>ἔννοιαν</span> <span class='ocrx_word' id='word_1_536' title='bbox 426 4422 482 4475; x_wconf 81' lang='grc' dir='ltr'>αἱ</span> <span class='ocrx_word' id='word_1_537' title='bbox 522 4419 787 4474; x_wconf 71' lang='grc' dir='ltr'>συλλαϐαὶ</span> <span class='ocrx_word' id='word_1_538' title='bbox 823 4418 1086 4490; x_wconf 83' lang='grc' dir='ltr'>φέρωσιν)</span> <span class='ocrx_word' id='word_1_539' title='bbox 1106 4435 1118 4447; x_wconf 90' lang='grc'><strong>·</strong></span> <span class='ocrx_word' id='word_1_540' title='bbox 1160 4416 1240 4469; x_wconf 75' lang='grc' dir='ltr'><strong>ἑνὶ</strong></span> <span class='ocrx_word' id='word_1_541' title='bbox 1270 4414 1348 4477; x_wconf 82' lang='grc' dir='ltr'><strong>δὲ,</strong></span> <span class='ocrx_word' id='word_1_542' title='bbox 1391 4413 1533 4467; x_wconf 87' lang='grc' dir='ltr'>κατὰ</span> <span class='ocrx_word' id='word_1_543' title='bbox 1557 4412 1648 4466; x_wconf 78' lang='grc' dir='ltr'><strong>τὸν</strong></span> <span class='ocrx_word' id='word_1_544' title='bbox 1675 4413 1774 4480; x_wconf 72' lang='grc' dir='ltr'>τῆς</span> 
     </span>
    </p>
   </div>
   <div class='ocr_carea' id='block_1_78' title="bbox 1867 3320 3442 3390">
    <p class='ocr_par' dir='ltr' id='par_1_78' title="bbox 1867 3320 3442 3390">
     <span class='ocr_line' id='line_1_78' title="bbox 1867 3320 3442 3390; baseline -0.004 -12"><span class='ocrx_word' id='word_1_545' title='bbox 1867 3324 2087 3388; x_wconf 67' lang='lat' dir='ltr'><strong>saeculo,</strong></span> <span class='ocrx_word' id='word_1_546' title='bbox 2126 3323 2177 3377; x_wconf 91' lang='lat' dir='ltr'><strong>in</strong></span> <span class='ocrx_word' id='word_1_547' title='bbox 2213 3336 2317 3390; x_wconf 89' lang='lat' dir='ltr'><strong>quo</strong></span> <span class='ocrx_word' id='word_1_548' title='bbox 2345 3320 2639 3374; x_wconf 82' lang='lat' dir='ltr'><strong>laetantium</strong></span> <span class='ocrx_word' id='word_1_549' title='bbox 2672 3321 2910 3375; x_wconf 87' lang='lat' dir='ltr'><strong>omnimn</strong></span> <span class='ocrx_word' id='word_1_550' title='bbox 2947 3320 3209 3375; x_wconf 88' lang='lat' dir='ltr'><strong>habitatio</strong></span> <span class='ocrx_word' id='word_1_551' title='bbox 3253 3330 3339 3374; x_wconf 89' lang='lat' dir='ltr'><strong>est</strong></span> <span class='ocrx_word' id='word_1_552' title='bbox 3365 3320 3442 3386; x_wconf 74' lang='grc' dir='ltr'>η,</span> 
     </span>
    </p>
   </div>
   <div class='ocr_carea' id='block_1_79' title="bbox 1868 3409 3440 3478">
    <p class='ocr_par' dir='ltr' id='par_1_79' title="bbox 1868 3409 3440 3478">
     <span class='ocr_line' id='line_1_79' title="bbox 1868 3409 3440 3478; baseline -0.003 -10"><span class='ocrx_word' id='word_1_553' title='bbox 1868 3414 2064 3468; x_wconf 79' lang='lat' dir='ltr'><strong>festum</strong></span> <span class='ocrx_word' id='word_1_554' title='bbox 2115 3411 2415 3472; x_wconf 84' lang='lat' dir='ltr'><strong>celebrant.</strong></span> <span class='ocrx_word' id='word_1_555' title='bbox 2466 3409 2756 3478; x_wconf 83' lang='lat' dir='ltr'><strong>quidquam</strong></span> <span class='ocrx_word' id='word_1_556' title='bbox 2806 3409 2949 3464; x_wconf 87' lang='lat' dir='ltr'><strong>aliud</strong></span> <span class='ocrx_word' id='word_1_557' title='bbox 2996 3424 3115 3465; x_wconf 87' lang='lat' dir='ltr'><strong>esse</strong></span> <span class='ocrx_word' id='word_1_558' title='bbox 3168 3409 3440 3475; x_wconf 78' lang='lat' dir='ltr'><strong>existimo,</strong></span> 
     </span>
    </p>
   </div>
   <div class='ocr_carea' id='block_1_80' title="bbox 1867 3500 3447 3575">
    <p class='ocr_par' dir='ltr' id='par_1_80' title="bbox 1867 3500 3447 3575">
     <span class='ocr_line' id='line_1_80' title="bbox 1867 3500 3447 3575; baseline -0.003 -17"><span class='ocrx_word' id='word_1_559' title='bbox 1867 3520 2027 3575; x_wconf 89' lang='lat' dir='ltr'><strong>quam</strong></span> <span class='ocrx_word' id='word_1_560' title='bbox 2070 3503 2254 3557; x_wconf 85' lang='lat' dir='ltr'><strong>laudes</strong></span> <span class='ocrx_word' id='word_1_561' title='bbox 2285 3516 2396 3564; x_wconf 85' lang='lat' dir='ltr'><strong>eas,</strong></span> <span class='ocrx_word' id='word_1_562' title='bbox 2430 3502 2627 3570; x_wconf 88' lang='lat' dir='ltr'><strong>quibus</strong></span> <span class='ocrx_word' id='word_1_563' title='bbox 2658 3501 2800 3555; x_wconf 90' lang='lat' dir='ltr'><strong>Deus</strong></span> <span class='ocrx_word' id='word_1_564' title='bbox 2834 3500 2901 3554; x_wconf 87' lang='lat' dir='ltr'><strong>ab</strong></span> <span class='ocrx_word' id='word_1_565' title='bbox 2932 3501 3057 3566; x_wconf 91' lang='lat' dir='ltr'><strong>illis,</strong></span> <span class='ocrx_word' id='word_1_566' title='bbox 3090 3503 3178 3570; x_wconf 89' lang='lat' dir='ltr'><strong>qui</strong></span> <span class='ocrx_word' id='word_1_567' title='bbox 3210 3503 3261 3554; x_wconf 93' lang='lat' dir='ltr'><strong>in</strong></span> <span class='ocrx_word' id='word_1_568' title='bbox 3304 3515 3447 3554; x_wconf 89' lang='lat' dir='ltr'><strong>rem-</strong></span> 
     </span>
    </p>
   </div>
   <div class='ocr_carea' id='block_1_81' title="bbox 1869 3592 3447 3670">
    <p class='ocr_par' dir='ltr' id='par_1_81' title="bbox 1869 3592 3447 3670">
     <span class='ocr_line' id='line_1_81' title="bbox 1869 3592 3447 3670; baseline -0.005 -17"><span class='ocrx_word' id='word_1_569' title='bbox 1869 3599 2134 3670; x_wconf 88' lang='lat' dir='ltr'><strong>publicam</strong></span> <span class='ocrx_word' id='word_1_570' title='bbox 2173 3596 2316 3649; x_wconf 89' lang='lat' dir='ltr'><strong>illam</strong></span> <span class='ocrx_word' id='word_1_571' title='bbox 2368 3595 2590 3648; x_wconf 87' lang='lat' dir='ltr'><strong>admissi</strong></span> <span class='ocrx_word' id='word_1_572' title='bbox 2626 3601 2772 3660; x_wconf 86' lang='lat' dir='ltr'><strong>sunt,</strong></span> <span class='ocrx_word' id='word_1_573' title='bbox 2823 3594 3154 3649; x_wconf 87' lang='lat' dir='ltr'><strong>celebratur.</strong></span> <span class='ocrx_word' id='word_1_574' title='bbox 3202 3594 3354 3660; x_wconf 83' lang='lat' dir='ltr'><strong>Quod</strong></span> <span class='ocrx_word' id='word_1_575' title='bbox 3402 3592 3447 3648; x_wconf 89' lang='lat' dir='ltr'><strong>si</strong></span> 
     </span>
    </p>
   </div>
   <div class='ocr_carea' id='block_1_82' title="bbox 1869 3686 3446 3762">
    <p class='ocr_par' dir='ltr' id='par_1_82' title="bbox 1869 3686 3446 3762">
     <span class='ocr_line' id='line_1_82' title="bbox 1869 3686 3446 3762; baseline -0.005 -16"><span class='ocrx_word' id='word_1_576' title='bbox 1869 3691 1996 3762; x_wconf 87' lang='lat' dir='ltr'><strong>quid</strong></span> <span class='ocrx_word' id='word_1_577' title='bbox 2036 3703 2247 3751; x_wconf 88' lang='lat' dir='ltr'><strong>eorum,</strong></span> <span class='ocrx_word' id='word_1_578' title='bbox 2278 3701 2399 3757; x_wconf 71' lang='lat' dir='ltr'><strong>qua:</strong></span> <span class='ocrx_word' id='word_1_579' title='bbox 2432 3686 2543 3754; x_wconf 85' lang='lat' dir='ltr'><strong>jam</strong></span> <span class='ocrx_word' id='word_1_580' title='bbox 2571 3700 2601 3738; x_wconf 89' lang='lat' dir='ltr'><strong>a</strong></span> <span class='ocrx_word' id='word_1_581' title='bbox 2633 3686 2786 3740; x_wconf 91' lang='lat' dir='ltr'><strong>nobis</strong></span> <span class='ocrx_word' id='word_1_582' title='bbox 2821 3687 2961 3742; x_wconf 91' lang='lat' dir='ltr'><strong>dicta</strong></span> <span class='ocrx_word' id='word_1_583' title='bbox 2990 3695 3134 3753; x_wconf 91' lang='lat' dir='ltr'><strong>sunt,</strong></span> <span class='ocrx_word' id='word_1_584' title='bbox 3175 3689 3289 3741; x_wconf 60' lang='lat' dir='ltr'><strong>haec</strong></span> <span class='ocrx_word' id='word_1_585' title='bbox 3323 3701 3446 3739; x_wconf 86' lang='lat' dir='ltr'><strong>ora-</strong></span> 
     </span>
    </p>
   </div>
   <div class='ocr_carea' id='block_1_83' title="bbox 1871 3778 3444 3847">
    <p class='ocr_par' dir='ltr' id='par_1_83' title="bbox 1871 3778 3444 3847">
     <span class='ocr_line' id='line_1_83' title="bbox 1871 3778 3444 3847; baseline -0.005 -9"><span class='ocrx_word' id='word_1_586' title='bbox 1871 3786 1948 3840; x_wconf 91' lang='lat' dir='ltr'><strong>tio</strong></span> <span class='ocrx_word' id='word_1_587' title='bbox 1987 3781 2238 3838; x_wconf 87' lang='lat' dir='ltr'><strong>habitura</strong></span> <span class='ocrx_word' id='word_1_588' title='bbox 2264 3789 2370 3845; x_wconf 88' lang='lat' dir='ltr'><strong>est,</strong></span> <span class='ocrx_word' id='word_1_589' title='bbox 2408 3779 2461 3833; x_wconf 91' lang='lat' dir='ltr'><strong>id</strong></span> <span class='ocrx_word' id='word_1_590' title='bbox 2497 3780 2698 3834; x_wconf 90' lang='lat' dir='ltr'><strong>nemini</strong></span> <span class='ocrx_word' id='word_1_591' title='bbox 2733 3779 2928 3833; x_wconf 92' lang='lat' dir='ltr'><strong>mirum</strong></span> <span class='ocrx_word' id='word_1_592' title='bbox 2960 3779 3227 3834; x_wconf 88' lang='lat' dir='ltr'><strong>videatur.</strong></span> <span class='ocrx_word' id='word_1_593' title='bbox 3260 3778 3444 3847; x_wconf 83' lang='lat' dir='ltr'><strong>Neque</strong></span> 
     </span>
    </p>
   </div>
   <div class='ocr_carea' id='block_1_84' title="bbox 1871 3868 3452 3938">
    <p class='ocr_par' dir='ltr' id='par_1_84' title="bbox 1871 3868 3452 3938">
     <span class='ocr_line' id='line_1_84' title="bbox 1871 3868 3452 3938; baseline -0.003 -9"><span class='ocrx_word' id='word_1_594' title='bbox 1871 3876 2015 3929; x_wconf 90' lang='lat' dir='ltr'><strong>enim</strong></span> <span class='ocrx_word' id='word_1_595' title='bbox 2048 3872 2234 3928; x_wconf 89' lang='lat' dir='ltr'><strong>eadem</strong></span> <span class='ocrx_word' id='word_1_596' title='bbox 2282 3869 2453 3925; x_wconf 88' lang='lat' dir='ltr'><strong>solum</strong></span> <span class='ocrx_word' id='word_1_597' title='bbox 2488 3868 2800 3938; x_wconf 83' lang='lat' dir='ltr'><strong>proloquar,</strong></span> <span class='ocrx_word' id='word_1_598' title='bbox 2837 3871 2930 3926; x_wconf 89' lang='lat' dir='ltr'><strong>sed</strong></span> <span class='ocrx_word' id='word_1_599' title='bbox 2980 3870 3045 3925; x_wconf 86' lang='lat' dir='ltr'><strong>de</strong></span> <span class='ocrx_word' id='word_1_600' title='bbox 3094 3870 3283 3925; x_wconf 88' lang='lat' dir='ltr'><strong>iisdem</strong></span> <span class='ocrx_word' id='word_1_601' title='bbox 3320 3884 3452 3938; x_wconf 89' lang='lat' dir='ltr'><strong>quo-</strong></span> 
     </span>
    </p>
   </div>
   <div class='ocr_carea' id='block_1_85' title="bbox 1872 3953 3454 4030">
    <p class='ocr_par' dir='ltr' id='par_1_85' title="bbox 1872 3953 3454 4030">
     <span class='ocr_line' id='line_1_85' title="bbox 1872 3953 3454 4030; baseline -0.001 -20"><span class='ocrx_word' id='word_1_602' title='bbox 1872 3974 1977 4030; x_wconf 88' lang='lat' dir='ltr'><strong>que</strong></span> <span class='ocrx_word' id='word_1_603' title='bbox 2001 3959 2179 4023; x_wconf 68' lang='lat' dir='ltr'><strong>rebus,</strong></span> <span class='ocrx_word' id='word_1_604' title='bbox 2219 3953 2519 4024; x_wconf 90' lang='lat' dir='ltr'><strong>etquidem</strong></span> <span class='ocrx_word' id='word_1_605' title='bbox 2570 3954 2772 4025; x_wconf 77' lang='lat' dir='ltr'><strong>lingua,</strong></span> <span class='ocrx_word' id='word_1_606' title='bbox 2824 3964 2880 4010; x_wconf 87' lang='lat' dir='ltr'><strong>et</strong></span> <span class='ocrx_word' id='word_1_607' title='bbox 2925 3965 3124 4019; x_wconf 87' lang='lat' dir='ltr'><strong>mente,</strong></span> <span class='ocrx_word' id='word_1_608' title='bbox 3162 3965 3217 4009; x_wconf 81' lang='lat' dir='ltr'><strong>et</strong></span> <span class='ocrx_word' id='word_1_609' title='bbox 3248 3955 3454 4025; x_wconf 83' lang='lat' dir='ltr'><strong>cogita-</strong></span> 
     </span>
    </p>
   </div>
   <div class='ocr_carea' id='block_1_86' title="bbox 1876 4047 3449 4117">
    <p class='ocr_par' dir='ltr' id='par_1_86' title="bbox 1876 4047 3449 4117">
     <span class='ocr_line' id='line_1_86' title="bbox 1876 4047 3449 4117; baseline -0.004 -10"><span class='ocrx_word' id='word_1_610' title='bbox 1876 4054 2020 4107; x_wconf 90' lang='lat' dir='ltr'><strong>tione</strong></span> <span class='ocrx_word' id='word_1_611' title='bbox 2046 4050 2393 4116; x_wconf 77' lang='lat' dir='ltr'><strong>horrescens,</strong></span> <span class='ocrx_word' id='word_1_612' title='bbox 2417 4047 2634 4117; x_wconf 90' lang='lat' dir='ltr'><strong>quoties</strong></span> <span class='ocrx_word' id='word_1_613' title='bbox 2661 4048 2729 4103; x_wconf 92' lang='lat' dir='ltr'><strong>de</strong></span> <span class='ocrx_word' id='word_1_614' title='bbox 2761 4048 2869 4102; x_wconf 87' lang='lat' dir='ltr'><strong>Deo</strong></span> <span class='ocrx_word' id='word_1_615' title='bbox 2895 4062 3199 4102; x_wconf 89' lang='lat' dir='ltr'><strong>sermonem</strong></span> <span class='ocrx_word' id='word_1_616' title='bbox 3237 4047 3449 4114; x_wconf 86' lang='lat' dir='ltr'><strong>habeo;</strong></span> 
     </span>
    </p>
   </div>
   <div class='ocr_carea' id='block_1_87' title="bbox 1874 4137 3453 4213">
    <p class='ocr_par' dir='ltr' id='par_1_87' title="bbox 1874 4137 3453 4213">
     <span class='ocr_line' id='line_1_87' title="bbox 1874 4137 3453 4213; baseline -0.003 -15"><span class='ocrx_word' id='word_1_617' title='bbox 1874 4158 2035 4213; x_wconf 90' lang='lat' dir='ltr'><strong>quem</strong></span> <span class='ocrx_word' id='word_1_618' title='bbox 2063 4141 2229 4197; x_wconf 87' lang='lat' dir='ltr'><strong>etiam</strong></span> <span class='ocrx_word' id='word_1_619' title='bbox 2273 4139 2593 4212; x_wconf 64' lang='lat' dir='ltr'><strong>praeclarum</strong></span> <span class='ocrx_word' id='word_1_620' title='bbox 2634 4154 2699 4194; x_wconf 90' lang='lat' dir='ltr'><strong>ac</strong></span> <span class='ocrx_word' id='word_1_621' title='bbox 2740 4139 2956 4194; x_wconf 88' lang='lat' dir='ltr'><strong>beatum</strong></span> <span class='ocrx_word' id='word_1_622' title='bbox 3008 4137 3261 4193; x_wconf 77' lang='lat' dir='ltr'><strong>all’ectum</strong></span> <span class='ocrx_word' id='word_1_623' title='bbox 3299 4138 3453 4193; x_wconf 85' lang='lat' dir='ltr'><strong>vobis</strong></span> 
     </span>
    </p>
   </div>
   <div class='ocr_carea' id='block_1_88' title="bbox 1878 4229 3453 4305">
    <p class='ocr_par' dir='ltr' id='par_1_88' title="bbox 1878 4229 3453 4305">
     <span class='ocr_line' id='line_1_88' title="bbox 1878 4229 3453 4305; baseline -0.005 -14"><span class='ocrx_word' id='word_1_624' title='bbox 1878 4237 2056 4292; x_wconf 85' lang='lat' dir='ltr'><strong>inesse</strong></span> <span class='ocrx_word' id='word_1_625' title='bbox 2094 4233 2348 4305; x_wconf 88' lang='lat' dir='ltr'><strong>optarim.</strong></span> <span class='ocrx_word' id='word_1_626' title='bbox 2386 4232 2553 4287; x_wconf 89' lang='lat' dir='ltr'><strong>Deum</strong></span> <span class='ocrx_word' id='word_1_627' title='bbox 2584 4247 2747 4302; x_wconf 91' lang='lat' dir='ltr'><strong>porro</strong></span> <span class='ocrx_word' id='word_1_628' title='bbox 2773 4246 2892 4285; x_wconf 90' lang='lat' dir='ltr'><strong>cum</strong></span> <span class='ocrx_word' id='word_1_629' title='bbox 2930 4231 3069 4295; x_wconf 86' lang='lat' dir='ltr'><strong>dico,</strong></span> <span class='ocrx_word' id='word_1_630' title='bbox 3100 4245 3207 4285; x_wconf 84' lang='lat' dir='ltr'><strong>uno</strong></span> <span class='ocrx_word' id='word_1_631' title='bbox 3237 4229 3453 4284; x_wconf 86' lang='lat' dir='ltr'><strong>eodem-</strong></span> 
     </span>
    </p>
   </div>
   <div class='ocr_carea' id='block_1_89' title="bbox 1875 4319 3453 4397">
    <p class='ocr_par' dir='ltr' id='par_1_89' title="bbox 1875 4319 3453 4397">
     <span class='ocr_line' id='line_1_89' title="bbox 1875 4319 3453 4397; baseline -0.006 -16"><span class='ocrx_word' id='word_1_632' title='bbox 1875 4341 1981 4397; x_wconf 91' lang='lat' dir='ltr'><strong>que</strong></span> <span class='ocrx_word' id='word_1_633' title='bbox 2002 4326 2195 4396; x_wconf 93' lang='lat' dir='ltr'><strong>triplici</strong></span> <span class='ocrx_word' id='word_1_634' title='bbox 2231 4325 2431 4379; x_wconf 91' lang='lat' dir='ltr'><strong>lumine</strong></span> <span class='ocrx_word' id='word_1_635' title='bbox 2458 4322 2937 4393; x_wconf 80' lang='lat' dir='ltr'><strong>perstringamini:</strong></span> <span class='ocrx_word' id='word_1_636' title='bbox 2979 4322 3175 4390; x_wconf 88' lang='lat' dir='ltr'><strong>triplici</strong></span> <span class='ocrx_word' id='word_1_637' title='bbox 3212 4319 3453 4390; x_wconf 86' lang='lat' dir='ltr'><strong>quidem,</strong></span> 
     </span>
    </p>
   </div>
   <div class='ocr_carea' id='block_1_90' title="bbox 1878 4405 3454 4488">
    <p class='ocr_par' dir='ltr' id='par_1_90' title="bbox 1878 4405 3454 4488">
     <span class='ocr_line' id='line_1_90' title="bbox 1878 4405 3454 4488; baseline -0.008 -15"><span class='ocrx_word' id='word_1_638' title='bbox 1878 4426 2138 4488; x_wconf 89' lang='lat' dir='ltr'><strong>quantum</strong></span> <span class='ocrx_word' id='word_1_639' title='bbox 2167 4413 2335 4486; x_wconf 68' lang='grc'><strong>684</strong></span> <span class='ocrx_word' id='word_1_640' title='bbox 2369 4417 2433 4468; x_wconf 93' lang='lat' dir='ltr'><strong>ad</strong></span> <span class='ocrx_word' id='word_1_641' title='bbox 2466 4413 2846 4483; x_wconf 81' lang='lat' dir='ltr'><strong>prOprietates,</strong></span> <span class='ocrx_word' id='word_1_642' title='bbox 2887 4412 3001 4466; x_wconf 88' lang='lat' dir='ltr'><strong>sive</strong></span> <span class='ocrx_word' id='word_1_643' title='bbox 3031 4410 3372 4479; x_wconf 86' lang='lat' dir='ltr'><strong>hypostases,</strong></span> <span class='ocrx_word' id='word_1_644' title='bbox 3406 4405 3454 4461; x_wconf 91' lang='lat' dir='ltr'><strong>si</strong></span> 
     </span>
    </p>
   </div>
   <div class='ocr_carea' id='block_1_91' title="bbox 195 4499 1758 4593">
    <p class='ocr_par' dir='ltr' id='par_1_91' title="bbox 195 4504 1758 4581">
     <span class='ocr_line' id='line_1_91' title="bbox 195 4504 1758 4581; baseline -0.006 -16"><span class='ocrx_word' id='word_1_645' title='bbox 195 4513 377 4576; x_wconf 70' lang='grc' dir='ltr'>οὐσίας</span> <span class='ocrx_word' id='word_1_646' title='bbox 412 4512 591 4581; x_wconf 75' lang='grc' dir='ltr'>λόγον,</span> <span class='ocrx_word' id='word_1_647' title='bbox 616 4511 793 4563; x_wconf 81' lang='grc' dir='ltr'>είτουν</span> <span class='ocrx_word' id='word_1_648' title='bbox 828 4508 1101 4580; x_wconf 81' lang='grc' dir='ltr'>θεότητος.</span> <span class='ocrx_word' id='word_1_649' title='bbox 1132 4508 1430 4576; x_wconf 88' lang='grc' dir='ltr'>Διαιρεῖται</span> <span class='ocrx_word' id='word_1_650' title='bbox 1463 4504 1571 4575; x_wconf 82' lang='grc' dir='ltr'><strong>γὰρ</strong></span> <span class='ocrx_word' id='word_1_651' title='bbox 1610 4504 1758 4557; x_wconf 78' lang='grc' dir='ltr'>ἀδιαι·</span> 
     </span>
    </p>
   </div>
   <div class='ocr_carea' id='block_1_92' title="bbox 1866 4499 3459 4593">
    <p class='ocr_par' dir='ltr' id='par_1_92' title="bbox 1880 4499 3459 4575">
     <span class='ocr_line' id='line_1_92' title="bbox 1880 4499 3459 4575; baseline -0.008 -11"><span class='ocrx_word' id='word_1_652' title='bbox 1880 4510 1964 4565; x_wconf 91' lang='lat' dir='ltr'><strong>cui</strong></span> <span class='ocrx_word' id='word_1_653' title='bbox 1997 4509 2098 4562; x_wconf 89' lang='lat' dir='ltr'><strong>hoc</strong></span> <span class='ocrx_word' id='word_1_654' title='bbox 2124 4506 2347 4561; x_wconf 89' lang='lat' dir='ltr'><strong>verbum</strong></span> <span class='ocrx_word' id='word_1_655' title='bbox 2374 4504 2546 4575; x_wconf 81' lang='lat' dir='ltr'><strong>magis</strong></span> <span class='ocrx_word' id='word_1_656' title='bbox 2575 4502 2798 4569; x_wconf 87' lang='lat' dir='ltr'><strong>arridet,</strong></span> <span class='ocrx_word' id='word_1_657' title='bbox 2826 4502 2940 4556; x_wconf 88' lang='lat' dir='ltr'><strong>sive</strong></span> <span class='ocrx_word' id='word_1_658' title='bbox 2976 4515 3231 4570; x_wconf 87' lang='lat' dir='ltr'><strong>personas</strong></span> <span class='ocrx_word' id='word_1_659' title='bbox 3262 4499 3459 4570; x_wconf 88' lang='lat' dir='ltr'><strong>(neque</strong></span> 
     </span>
    </p>
   </div>
   <div class='ocr_carea' id='block_1_93' title="bbox 202 4593 1772 4675">
    <p class='ocr_par' dir='ltr' id='par_1_93' title="bbox 202 4593 1772 4675">
     <span class='ocr_line' id='line_1_93' title="bbox 202 4593 1772 4675; baseline -0.008 -18"><span class='ocrx_word' id='word_1_660' title='bbox 202 4605 388 4675; x_wconf 85' lang='grc' dir='ltr'>ρέτως,</span> <span class='ocrx_word' id='word_1_661' title='bbox 421 4602 487 4655; x_wconf 81' lang='grc' dir='ltr'>ἵν’</span> <span class='ocrx_word' id='word_1_662' title='bbox 526 4601 698 4665; x_wconf 70' lang='grc' dir='ltr'>οὕτως</span> <span class='ocrx_word' id='word_1_663' title='bbox 732 4601 888 4662; x_wconf 82' lang='grc' dir='ltr'>εἴπω,</span> <span class='ocrx_word' id='word_1_664' title='bbox 912 4600 1006 4651; x_wconf 70' lang='grc' dir='ltr'><strong>καὶ</strong></span> <span class='ocrx_word' id='word_1_665' title='bbox 1038 4596 1364 4650; x_wconf 80' lang='grc' dir='ltr'>συνάπτεται</span> <span class='ocrx_word' id='word_1_666' title='bbox 1408 4593 1772 4665; x_wconf 82' lang='grc' dir='ltr'>διῃρημένως.</span> 
     </span>
    </p>
   </div>
   <div class='ocr_carea' id='block_1_94' title="bbox 204 4673 1776 4766">
    <p class='ocr_par' dir='ltr' id='par_1_94' title="bbox 204 4673 1776 4766">
     <span class='ocr_line' id='line_1_94' title="bbox 204 4673 1776 4766; baseline -0.006 -19"><span class='ocrx_word' id='word_1_667' title='bbox 204 4673 298 4747; x_wconf 79' lang='grc' dir='ltr'>Ἓν</span> <span class='ocrx_word' id='word_1_668' title='bbox 316 4695 425 4766; x_wconf 81' lang='grc' dir='ltr'><strong>γὰρ</strong></span> <span class='ocrx_word' id='word_1_669' title='bbox 465 4697 522 4747; x_wconf 88' lang='grc' dir='ltr'><strong>ἑν</strong></span> <span class='ocrx_word' id='word_1_670' title='bbox 562 4694 746 4764; x_wconf 77' lang='grc' dir='ltr'>τρισὶν</span> <span class='ocrx_word' id='word_1_671' title='bbox 778 4692 888 4762; x_wconf 60' lang='lat' dir='ltr'><strong>(Mx)</strong></span> <span class='ocrx_word' id='word_1_672' title='bbox 912 4694 946 4762; x_wconf 77' lang='grc' dir='ltr'><strong>ἡ</strong></span> <span class='ocrx_word' id='word_1_673' title='bbox 975 4688 1187 4760; x_wconf 81' lang='grc' dir='ltr'>θεότης,</span> <span class='ocrx_word' id='word_1_674' title='bbox 1232 4688 1325 4741; x_wconf 71' lang='grc' dir='ltr'><strong>καὶ</strong></span> <span class='ocrx_word' id='word_1_675' title='bbox 1354 4686 1421 4739; x_wconf 77' lang='grc' dir='ltr'>τὰ</span> <span class='ocrx_word' id='word_1_676' title='bbox 1442 4685 1567 4755; x_wconf 84' lang='grc' dir='ltr'>τρία</span> <span class='ocrx_word' id='word_1_677' title='bbox 1590 4684 1648 4738; x_wconf 75' lang='grc' dir='ltr'><strong>ἑν</strong></span> <span class='ocrx_word' id='word_1_678' title='bbox 1670 4703 1684 4716; x_wconf 89' lang='grc'><strong>·</strong></span> <span class='ocrx_word' id='word_1_679' title='bbox 1708 4673 1776 4738; x_wconf 77' lang='grc' dir='ltr'>τὰ</span> 
     </span>
    </p>
   </div>
   <div class='ocr_carea' id='block_1_95' title="bbox 199 4778 1776 4856">
    <p class='ocr_par' dir='ltr' id='par_1_95' title="bbox 199 4778 1776 4856">
     <span class='ocr_line' id='line_1_95' title="bbox 199 4778 1776 4856; baseline -0.003 -20"><span class='ocrx_word' id='word_1_680' title='bbox 199 4785 257 4836; x_wconf 87' lang='grc' dir='ltr'><strong>ἑν</strong></span> <span class='ocrx_word' id='word_1_681' title='bbox 283 4780 361 4849; x_wconf 79' lang='grc' dir='ltr'><strong>οἷς</strong></span> <span class='ocrx_word' id='word_1_682' title='bbox 390 4789 423 4856; x_wconf 82' lang='grc' dir='ltr'>ἡ</span> <span class='ocrx_word' id='word_1_683' title='bbox 472 4786 683 4856; x_wconf 83' lang='grc' dir='ltr'>θεότης,</span> <span class='ocrx_word' id='word_1_684' title='bbox 732 4785 788 4856; x_wconf 79' lang='grc' dir='ltr'>ἦ,</span> <span class='ocrx_word' id='word_1_685' title='bbox 833 4784 895 4835; x_wconf 85' lang='grc' dir='ltr'><strong>τό</strong></span> <span class='ocrx_word' id='word_1_686' title='bbox 934 4800 998 4852; x_wconf 85' lang='grc' dir='ltr'>γε</span> <span class='ocrx_word' id='word_1_687' title='bbox 1030 4781 1418 4853; x_wconf 80' lang='grc' dir='ltr'>ἀκριϐέστερον</span> <span class='ocrx_word' id='word_1_688' title='bbox 1460 4781 1654 4843; x_wconf 87' lang='grc' dir='ltr'>εἰπεῖν,</span> <span class='ocrx_word' id='word_1_689' title='bbox 1685 4778 1776 4850; x_wconf 81' lang='grc' dir='ltr'><strong>ἃή</strong></span> 
     </span>
    </p>
   </div>
   <div class='ocr_carea' id='block_1_96' title="bbox 203 4872 1782 4958">
    <p class='ocr_par' dir='ltr' id='par_1_96' title="bbox 203 4872 1782 4958">
     <span class='ocr_line' id='line_1_96' title="bbox 203 4872 1782 4958; baseline -0.003 -28"><span class='ocrx_word' id='word_1_690' title='bbox 203 4877 413 4950; x_wconf 79' lang='grc' dir='ltr'>θεότης.</span> <span class='ocrx_word' id='word_1_691' title='bbox 462 4878 661 4958; x_wconf 50' lang='grc' dir='ltr'>Τάς.δὲ</span> <span class='ocrx_word' id='word_1_692' title='bbox 713 4876 1020 4949; x_wconf 80' lang='grc' dir='ltr'>ὑπερϐολάς</span> <span class='ocrx_word' id='word_1_693' title='bbox 1070 4876 1164 4928; x_wconf 74' lang='grc' dir='ltr'><strong>καὶ</strong></span> <span class='ocrx_word' id='word_1_694' title='bbox 1208 4873 1475 4942; x_wconf 76' lang='grc' dir='ltr'>ἐλλείψεις</span> <span class='ocrx_word' id='word_1_695' title='bbox 1525 4872 1782 4942; x_wconf 72' lang='grc' dir='ltr'>ἐλλείψω-</span> 
     </span>
    </p>
   </div>
   <div class='ocr_carea' id='block_1_97' title="bbox 1882 4591 3459 4663">
    <p class='ocr_par' dir='ltr' id='par_1_97' title="bbox 1882 4591 3459 4663">
     <span class='ocr_line' id='line_1_97' title="bbox 1882 4591 3459 4663; baseline -0.008 -7"><span class='ocrx_word' id='word_1_696' title='bbox 1882 4601 2025 4656; x_wconf 90' lang='lat' dir='ltr'><strong>enim</strong></span> <span class='ocrx_word' id='word_1_697' title='bbox 2057 4600 2124 4654; x_wconf 89' lang='lat' dir='ltr'><strong>de</strong></span> <span class='ocrx_word' id='word_1_698' title='bbox 2172 4597 2450 4653; x_wconf 87' lang='lat' dir='ltr'><strong>vocabulis</strong></span> <span class='ocrx_word' id='word_1_699' title='bbox 2500 4595 2906 4661; x_wconf 81' lang='lat' dir='ltr'><strong>dissidebimns,</strong></span> <span class='ocrx_word' id='word_1_700' title='bbox 2956 4592 3192 4662; x_wconf 89' lang='lat' dir='ltr'><strong>quandiu</strong></span> <span class='ocrx_word' id='word_1_701' title='bbox 3241 4591 3459 4663; x_wconf 70' lang='lat' dir='ltr'><strong>syllaba:</strong></span> 
     </span>
    </p>
   </div>
   <div class='ocr_carea' id='block_1_98' title="bbox 1886 4682 3459 4754">
    <p class='ocr_par' dir='ltr' id='par_1_98' title="bbox 1886 4682 3459 4754">
     <span class='ocr_line' id='line_1_98' title="bbox 1886 4682 3459 4754; baseline -0.007 -11"><span class='ocrx_word' id='word_1_702' title='bbox 1886 4693 1952 4743; x_wconf 84' lang='lat' dir='ltr'><strong>ad</strong></span> <span class='ocrx_word' id='word_1_703' title='bbox 1996 4688 2242 4744; x_wconf 89' lang='lat' dir='ltr'><strong>eamdem</strong></span> <span class='ocrx_word' id='word_1_704' title='bbox 2277 4686 2601 4741; x_wconf 88' lang='lat' dir='ltr'><strong>sententiam</strong></span> <span class='ocrx_word' id='word_1_705' title='bbox 2654 4682 2880 4754; x_wconf 83' lang='lat' dir='ltr'><strong>ferent);</strong></span> <span class='ocrx_word' id='word_1_706' title='bbox 2914 4697 3019 4734; x_wconf 91' lang='lat' dir='ltr'><strong>uno</strong></span> <span class='ocrx_word' id='word_1_707' title='bbox 3058 4692 3259 4744; x_wconf 86' lang='lat' dir='ltr'><strong>autem,</strong></span> <span class='ocrx_word' id='word_1_708' title='bbox 3290 4694 3459 4748; x_wconf 86' lang='lat' dir='ltr'><strong>quan-</strong></span> 
     </span>
    </p>
   </div>
   <div class='ocr_carea' id='block_1_99' title="bbox 1888 4769 3458 4841">
    <p class='ocr_par' dir='ltr' id='par_1_99' title="bbox 1888 4769 3458 4841">
     <span class='ocr_line' id='line_1_99' title="bbox 1888 4769 3458 4841; baseline -0.008 -7"><span class='ocrx_word' id='word_1_709' title='bbox 1888 4789 2001 4835; x_wconf 88' lang='lat' dir='ltr'><strong>tum</strong></span> <span class='ocrx_word' id='word_1_710' title='bbox 2034 4779 2098 4832; x_wconf 86' lang='lat' dir='ltr'><strong>ad</strong></span> <span class='ocrx_word' id='word_1_711' title='bbox 2144 4776 2479 4841; x_wconf 62' lang='lat' dir='ltr'><strong>substantim,</strong></span> <span class='ocrx_word' id='word_1_712' title='bbox 2528 4775 2628 4829; x_wconf 88' lang='lat' dir='ltr'><strong>hoc</strong></span> <span class='ocrx_word' id='word_1_713' title='bbox 2673 4783 2776 4837; x_wconf 89' lang='lat' dir='ltr'><strong>est,</strong></span> <span class='ocrx_word' id='word_1_714' title='bbox 2833 4770 3138 4825; x_wconf 89' lang='lat' dir='ltr'><strong>Divinitatis</strong></span> <span class='ocrx_word' id='word_1_715' title='bbox 3173 4769 3458 4823; x_wconf 89' lang='lat' dir='ltr'><strong>rationem.</strong></span> 
     </span>
    </p>
   </div>
   <div class='ocr_carea' id='block_1_100' title="bbox 1890 4860 3460 4939">
    <p class='ocr_par' dir='ltr' id='par_1_100' title="bbox 1890 4860 3460 4939">
     <span class='ocr_line' id='line_1_100' title="bbox 1890 4860 3460 4939; baseline -0.01 -15"><span class='ocrx_word' id='word_1_716' title='bbox 1890 4869 2248 4939; x_wconf 78' lang='lat' dir='ltr'><strong>Distinguitur</strong></span> <span class='ocrx_word' id='word_1_717' title='bbox 2289 4867 2433 4922; x_wconf 89' lang='lat' dir='ltr'><strong>enim</strong></span> <span class='ocrx_word' id='word_1_718' title='bbox 2486 4864 2864 4926; x_wconf 76' lang='lat' dir='ltr'><strong>indistinctim,</strong></span> <span class='ocrx_word' id='word_1_719' title='bbox 2912 4862 3088 4921; x_wconf 78' lang='lat' dir='ltr'><strong>utsic</strong></span> <span class='ocrx_word' id='word_1_720' title='bbox 3147 4860 3356 4928; x_wconf 89' lang='lat' dir='ltr'><strong>loquar,</strong></span> <span class='ocrx_word' id='word_1_721' title='bbox 3408 4863 3460 4910; x_wconf 89' lang='lat' dir='ltr'><strong>et</strong></span> 
     </span>
    </p>
   </div>
   <div class='ocr_carea' id='block_1_101' title="bbox 276 4947 1758 5033">
    <p class='ocr_par' dir='ltr' id='par_1_101' title="bbox 276 4947 1758 5033">
     <span class='ocr_line' id='line_1_101' title="bbox 276 4947 1758 5033; baseline -0.003 -10"><span class='ocrx_word' id='word_1_722' title='bbox 276 4973 314 5003; x_wconf 76' lang='grc' dir='ltr'><strong>ιι</strong></span> <span class='ocrx_word' id='word_1_723' title='bbox 347 4947 538 5024; x_wconf 59' lang='lat' dir='ltr'><strong>unum.</strong></span> <span class='ocrx_word' id='word_1_724' title='bbox 579 4947 679 5033; x_wconf 61' lang='lat' dir='ltr'><strong>in,</strong></span> <span class='ocrx_word' id='word_1_725' title='bbox 709 4947 834 5024; x_wconf 53' lang='grc' dir='ltr'><strong>ιδ(</strong></span> <span class='ocrx_word' id='word_1_726' title='bbox 878 4971 920 5000; x_wconf 76' lang='grc' dir='ltr'><strong><em>η</em></strong></span> <span class='ocrx_word' id='word_1_727' title='bbox 964 4969 1121 5023; x_wconf 73' lang='grc' dir='ltr'>Ριον.</span> <span class='ocrx_word' id='word_1_728' title='bbox 1182 4981 1255 5029; x_wconf 76' lang='grc' dir='ltr'><strong>ιν,</strong></span> <span class='ocrx_word' id='word_1_729' title='bbox 1291 4966 1381 5019; x_wconf 72' lang='lat'><strong>25.</strong></span> <span class='ocrx_word' id='word_1_730' title='bbox 1461 4965 1504 4995; x_wconf 74' lang='grc' dir='ltr'>η</span> <span class='ocrx_word' id='word_1_731' title='bbox 1556 4966 1698 5020; x_wconf 83' lang='lat' dir='ltr'><strong>Psal.</strong></span> <span class='ocrx_word' id='word_1_732' title='bbox 1755 4983 1758 5019; x_wconf 75' lang='grc'><em>;</em></span> 
     </span>
    </p>
   </div>
   <div class='ocr_carea' id='block_1_102' title="bbox 1866 4947 3460 5033">
    <p class='ocr_par' dir='ltr' id='par_1_102' title="bbox 1868 4947 3460 5029">
     <span class='ocr_line' id='line_1_102' title="bbox 1868 4947 3460 5029; baseline -0.012 -11"><span class='ocrx_word' id='word_1_733' title='bbox 1868 4978 1987 5029; x_wconf 71' lang='grc' dir='ltr'>χιιι,</span> <span class='ocrx_word' id='word_1_734' title='bbox 2025 4963 2076 5017; x_wconf 85' lang='lat'><strong>6.</strong></span> <span class='ocrx_word' id='word_1_735' title='bbox 2159 4958 2403 5014; x_wconf 76' lang='lat' dir='ltr'><strong>“Jerem.</strong></span> <span class='ocrx_word' id='word_1_736' title='bbox 2453 4973 2525 5021; x_wconf 86' lang='lat' dir='ltr'><strong>tv,</strong></span> <span class='ocrx_word' id='word_1_737' title='bbox 2560 4957 2611 5010; x_wconf 78' lang='grc'><strong>5.</strong></span> <span class='ocrx_word' id='word_1_738' title='bbox 2694 4954 2784 5008; x_wconf 79' lang='grc' dir='ltr'><strong>¹⁸Ι</strong></span> <span class='ocrx_word' id='word_1_739' title='bbox 2834 4954 2958 5008; x_wconf 86' lang='lat' dir='ltr'><strong>Cor.</strong></span> <span class='ocrx_word' id='word_1_740' title='bbox 3003 4967 3077 5019; x_wconf 90' lang='grc' dir='ltr'><strong>ιι,</strong></span> <span class='ocrx_word' id='word_1_741' title='bbox 3113 4954 3166 5008; x_wconf 86' lang='lat'><strong>7.</strong></span> <span class='ocrx_word' id='word_1_742' title='bbox 3246 4951 3287 4981; x_wconf 76' lang='lat'><strong>‘°</strong></span> <span class='ocrx_word' id='word_1_743' title='bbox 3320 4947 3460 5001; x_wconf 78' lang='lat' dir='ltr'><strong>l’sal-</strong></span> 
     </span>
    </p>
   </div>
   <div class='ocr_carea' id='block_1_103' title="bbox 207 5041 497 5105">
    <p class='ocr_par' dir='ltr' id='par_1_103' title="bbox 207 5041 497 5105">
     <span class='ocr_line' id='line_1_103' title="bbox 207 5041 497 5105; baseline -0.007 -8"><span class='ocrx_word' id='word_1_744' title='bbox 207 5041 497 5105; x_wconf 62' lang='lat' dir='ltr'><strong>uxxvrﬂ.</strong></span> 
     </span>
    </p>
   </div>
   <div class='ocr_carea' id='block_1_104' title="bbox 276 5123 1507 5201">
    <p class='ocr_par' dir='ltr' id='par_1_104' title="bbox 276 5123 1507 5201">
     <span class='ocr_line' id='line_1_104' title="bbox 276 5123 1507 5201; baseline -0.011 -11"><span class='ocrx_word' id='word_1_745' title='bbox 276 5136 386 5201; x_wconf 70' lang='lat'><strong>(35)</strong></span> <span class='ocrx_word' id='word_1_746' title='bbox 409 5132 565 5201; x_wconf 81' lang='grc' dir='ltr'>Πρὸς</span> <span class='ocrx_word' id='word_1_747' title='bbox 590 5128 690 5195; x_wconf 86' lang='grc' dir='ltr'><strong>τῷ.</strong></span> <span class='ocrx_word' id='word_1_748' title='bbox 723 5129 816 5185; x_wconf 86' lang='lat' dir='ltr'><strong>Or.</strong></span> <span class='ocrx_word' id='word_1_749' title='bbox 846 5127 1070 5201; x_wconf 53' lang='grc' dir='ltr'><strong>1,,168.ὲ</strong></span> <span class='ocrx_word' id='word_1_750' title='bbox 1103 5125 1249 5187; x_wconf 68' lang='lat' dir='ltr'><strong>Pan,</strong></span> <span class='ocrx_word' id='word_1_751' title='bbox 1272 5125 1408 5201; x_wconf 75' lang='grc' dir='ltr'>πρὸς</span> <span class='ocrx_word' id='word_1_752' title='bbox 1428 5123 1507 5201; x_wconf 75' lang='grc' dir='ltr'>τό.</span> 
     </span>
    </p>
   </div>
   <div class='ocr_carea' id='block_1_105' title="bbox 278 5194 1477 5273">
    <p class='ocr_par' dir='ltr' id='par_1_105' title="bbox 278 5194 1477 5273">
     <span class='ocr_line' id='line_1_105' title="bbox 278 5194 1477 5273; baseline -0.011 -15"><span class='ocrx_word' id='word_1_753' title='bbox 278 5194 385 5273; x_wconf 77' lang='lat'><strong>(56)</strong></span> <span class='ocrx_word' id='word_1_754' title='bbox 422 5194 554 5257; x_wconf 69' lang='grc' dir='ltr'><strong>Τόνξ</strong></span> <span class='ocrx_word' id='word_1_755' title='bbox 578 5194 739 5273; x_wconf 81' lang='lat' dir='ltr'><strong>Deest</strong></span> <span class='ocrx_word' id='word_1_756' title='bbox 763 5201 817 5273; x_wconf 90' lang='lat' dir='ltr'><strong>i_u</strong></span> <span class='ocrx_word' id='word_1_757' title='bbox 848 5199 1018 5273; x_wconf 77' lang='lat' dir='ltr'><strong>tribus</strong></span> <span class='ocrx_word' id='word_1_758' title='bbox 1039 5197 1201 5273; x_wconf 47' lang='lat' dir='ltr'><strong>nega.</strong></span> <span class='ocrx_word' id='word_1_759' title='bbox 1224 5206 1278 5250; x_wconf 90' lang='lat' dir='ltr'><strong>et</strong></span> <span class='ocrx_word' id='word_1_760' title='bbox 1305 5195 1396 5248; x_wconf 87' lang='lat' dir='ltr'><strong>Or.</strong></span> <span class='ocrx_word' id='word_1_761' title='bbox 1427 5194 1477 5246; x_wconf 81' lang='grc'><strong>1.</strong></span> 
     </span>
    </p>
   </div>
   <div class='ocr_carea' id='block_1_106' title="bbox 279 5264 1781 5342">
    <p class='ocr_par' dir='ltr' id='par_1_106' title="bbox 279 5264 1781 5342">
     <span class='ocr_line' id='line_1_106' title="bbox 279 5264 1781 5342; baseline -0.005 -14"><span class='ocrx_word' id='word_1_762' title='bbox 279 5264 388 5342; x_wconf 70' lang='lat'><strong>(37)</strong></span> <span class='ocrx_word' id='word_1_763' title='bbox 435 5273 544 5328; x_wconf 82' lang='grc' dir='ltr'><strong>Καὶ</strong></span> <span class='ocrx_word' id='word_1_764' title='bbox 596 5271 662 5342; x_wconf 66' lang='grc' dir='ltr'><strong>τὸ</strong></span> <span class='ocrx_word' id='word_1_765' title='bbox 715 5269 846 5342; x_wconf 66' lang='grc' dir='ltr'><strong>τῆς,</strong></span> <span class='ocrx_word' id='word_1_766' title='bbox 910 5264 1349 5335; x_wconf 73' lang='lat' dir='ltr'><strong>Sicsex‘uegg.,</strong></span> <span class='ocrx_word' id='word_1_767' title='bbox 1405 5264 1696 5318; x_wconf 79' lang='lat' dir='ltr'><strong>tresColh.</strong></span> <span class='ocrx_word' id='word_1_768' title='bbox 1727 5275 1781 5320; x_wconf 87' lang='lat' dir='ltr'><strong>et</strong></span> 
     </span>
    </p>
   </div>
   <div class='ocr_carea' id='block_1_107' title="bbox 216 5340 863 5400">
    <p class='ocr_par' dir='ltr' id='par_1_107' title="bbox 216 5340 863 5400">
     <span class='ocr_line' id='line_1_107' title="bbox 216 5340 863 5400; baseline -0.014 0"><span class='ocrx_word' id='word_1_769' title='bbox 216 5340 302 5400; x_wconf 64' lang='lat' dir='ltr'><strong>Or.</strong></span> <span class='ocrx_word' id='word_1_770' title='bbox 330 5340 381 5399; x_wconf 72' lang='lat'><strong>1.</strong></span> <span class='ocrx_word' id='word_1_771' title='bbox 415 5344 572 5397; x_wconf 75' lang='lat' dir='ltr'><strong>Deest</strong></span> <span class='ocrx_word' id='word_1_772' title='bbox 602 5341 662 5393; x_wconf 84' lang='grc' dir='ltr'><strong>τό</strong></span> <span class='ocrx_word' id='word_1_773' title='bbox 693 5342 743 5393; x_wconf 84' lang='grc' dir='ltr'>ἱιι</span> <span class='ocrx_word' id='word_1_774' title='bbox 776 5340 863 5392; x_wconf 87' lang='lat' dir='ltr'><strong>ed.</strong></span> 
     </span>
    </p>
   </div>
   <div class='ocr_carea' id='block_1_108' title="bbox 283 5406 1397 5483">
    <p class='ocr_par' dir='ltr' id='par_1_108' title="bbox 283 5406 1397 5483">
     <span class='ocr_line' id='line_1_108' title="bbox 283 5406 1397 5483; baseline -0.009 -13"><span class='ocrx_word' id='word_1_775' title='bbox 283 5415 390 5483; x_wconf 77' lang='lat'><strong>(38)</strong></span> <span class='ocrx_word' id='word_1_776' title='bbox 440 5410 879 5483; x_wconf 68' lang='grc' dir='ltr'>Καθαιρώμεᾷα,</span> <span class='ocrx_word' id='word_1_777' title='bbox 933 5416 1038 5462; x_wconf 77' lang='lat' dir='ltr'><strong>etc.</strong></span> <span class='ocrx_word' id='word_1_778' title='bbox 1095 5406 1330 5483; x_wconf 63' lang='grc' dir='ltr'><strong>ΔΙξιιιίαιιις</strong></span> <span class='ocrx_word' id='word_1_779' title='bbox 1380 5421 1397 5460; x_wconf 89' lang='lat'><strong>:</strong></span> 
     </span>
    </p>
   </div>
   <div class='ocr_carea' id='block_1_109' title="bbox 221 5477 1365 5553">
    <p class='ocr_par' dir='ltr' id='par_1_109' title="bbox 221 5477 1365 5553">
     <span class='ocr_line' id='line_1_109' title="bbox 221 5477 1365 5553; baseline -0.009 -15"><span class='ocrx_word' id='word_1_780' title='bbox 221 5477 329 5548; x_wconf 82' lang='lat' dir='ltr'><strong>nos,</strong></span> <span class='ocrx_word' id='word_1_781' title='bbox 363 5477 634 5553; x_wconf 83' lang='lat' dir='ltr'><strong>purosque</strong></span> <span class='ocrx_word' id='word_1_782' title='bbox 659 5477 718 5553; x_wconf 50' lang='lat' dir='ltr'><strong>et:</strong></span> <span class='ocrx_word' id='word_1_783' title='bbox 754 5480 974 5533; x_wconf 84' lang='lat' dir='ltr'><strong>idoneos</strong></span> <span class='ocrx_word' id='word_1_784' title='bbox 1016 5477 1319 5553; x_wconf 71' lang='lat' dir='ltr'><strong>reddamus.</strong></span> <span class='ocrx_word' id='word_1_785' title='bbox 1347 5496 1365 5528; x_wconf 75' lang='grc' dir='ltr'><strong>ι</strong></span> 
     </span>
    </p>
   </div>
   <div class='ocr_carea' id='block_1_110' title="bbox 283 5543 1786 5623">
    <p class='ocr_par' dir='ltr' id='par_1_110' title="bbox 283 5543 1786 5623">
     <span class='ocr_line' id='line_1_110' title="bbox 283 5543 1786 5623; baseline -0.009 -16"><span class='ocrx_word' id='word_1_786' title='bbox 283 5543 393 5623; x_wconf 66' lang='grc'>(59)</span> <span class='ocrx_word' id='word_1_787' title='bbox 434 5543 935 5619; x_wconf 77' lang='grc' dir='ltr'>Ἀνὲκαθήραμεν,</span> <span class='ocrx_word' id='word_1_788' title='bbox 961 5557 1064 5603; x_wconf 89' lang='lat' dir='ltr'><strong>etc.</strong></span> <span class='ocrx_word' id='word_1_789' title='bbox 1095 5546 1306 5623; x_wconf 69' lang='lat' dir='ltr'><strong>NiceIas</strong></span> <span class='ocrx_word' id='word_1_790' title='bbox 1337 5546 1555 5613; x_wconf 83' lang='lat' dir='ltr'><strong>exponit</strong></span> <span class='ocrx_word' id='word_1_791' title='bbox 1589 5562 1602 5598; x_wconf 89' lang='lat'>:</span> <span class='ocrx_word' id='word_1_792' title='bbox 1638 5562 1655 5594; x_wconf 79' lang='grc' dir='ltr'><strong>ι</strong></span> <span class='ocrx_word' id='word_1_793' title='bbox 1683 5543 1786 5595; x_wconf 85' lang='lat' dir='ltr'><strong>Au-</strong></span> 
     </span>
    </p>
   </div>
   <div class='ocr_carea' id='block_1_111' title="bbox 220 5617 1498 5686">
    <p class='ocr_par' dir='ltr' id='par_1_111' title="bbox 220 5617 1498 5686">
     <span class='ocr_line' id='line_1_111' title="bbox 220 5617 1498 5686; baseline -0.009 -7"><span class='ocrx_word' id='word_1_794' title='bbox 220 5617 446 5679; x_wconf 70' lang='lat' dir='ltr'><strong>ditorum</strong></span> <span class='ocrx_word' id='word_1_795' title='bbox 483 5617 974 5676; x_wconf 62' lang='lat' dir='ltr'><strong>animasSermoue</strong></span> <span class='ocrx_word' id='word_1_796' title='bbox 1010 5617 1431 5686; x_wconf 67' lang='lat' dir='ltr'><strong>praeparavimus</strong></span> <span class='ocrx_word' id='word_1_797' title='bbox 1481 5634 1498 5667; x_wconf 79' lang='grc' dir='ltr'><strong>ι</strong></span> 
     </span>
    </p>
   </div>
   <div class='ocr_carea' id='block_1_112' title="bbox 288 5684 1781 5761">
    <p class='ocr_par' dir='ltr' id='par_1_112' title="bbox 288 5684 1781 5761">
     <span class='ocr_line' id='line_1_112' title="bbox 288 5684 1781 5761; baseline -0.007 -12"><span class='ocrx_word' id='word_1_798' title='bbox 288 5694 394 5761; x_wconf 69' lang='grc'>(40)</span> <span class='ocrx_word' id='word_1_799' title='bbox 429 5692 679 5746; x_wconf 80' lang='grc' dir='ltr'>Πάντων</span> <span class='ocrx_word' id='word_1_800' title='bbox 708 5692 740 5760; x_wconf 73' lang='grc' dir='ltr'><em>ἡ</em></span> <span class='ocrx_word' id='word_1_801' title='bbox 771 5684 1059 5743; x_wconf 72' lang='grc' dir='ltr'>κατοικία.</span> <span class='ocrx_word' id='word_1_802' title='bbox 1096 5686 1184 5741; x_wconf 90' lang='lat' dir='ltr'><strong>Sic</strong></span> <span class='ocrx_word' id='word_1_803' title='bbox 1213 5702 1305 5741; x_wconf 88' lang='lat' dir='ltr'><strong>sex</strong></span> <span class='ocrx_word' id='word_1_804' title='bbox 1340 5685 1508 5756; x_wconf 79' lang='lat' dir='ltr'><strong>Regg.</strong></span> <span class='ocrx_word' id='word_1_805' title='bbox 1532 5694 1585 5740; x_wconf 88' lang='lat' dir='ltr'><strong>et</strong></span> <span class='ocrx_word' id='word_1_806' title='bbox 1605 5684 1698 5740; x_wconf 90' lang='lat' dir='ltr'><strong>Or.</strong></span> <span class='ocrx_word' id='word_1_807' title='bbox 1734 5686 1781 5738; x_wconf 88' lang='lat' dir='ltr'><strong>l.</strong></span> 
     </span>
    </p>
   </div>
   <div class='ocr_carea' id='block_1_113' title="bbox 223 5763 619 5818">
    <p class='ocr_par' dir='ltr' id='par_1_113' title="bbox 223 5763 619 5818">
     <span class='ocr_line' id='line_1_113' title="bbox 223 5763 619 5818; baseline -0.008 0"><span class='ocrx_word' id='word_1_808' title='bbox 223 5763 372 5818; x_wconf 73' lang='lat' dir='ltr'><strong>Deest</strong></span> <span class='ocrx_word' id='word_1_809' title='bbox 394 5766 426 5818; x_wconf 79' lang='grc' dir='ltr'><strong>ἡ</strong></span> <span class='ocrx_word' id='word_1_810' title='bbox 460 5767 512 5816; x_wconf 91' lang='lat' dir='ltr'><strong>in</strong></span> <span class='ocrx_word' id='word_1_811' title='bbox 535 5764 619 5816; x_wconf 91' lang='lat' dir='ltr'><strong>ed.</strong></span> 
     </span>
    </p>
   </div>
   <div class='ocr_carea' id='block_1_114' title="bbox 289 5766 1285 5894">
    <p class='ocr_par' dir='ltr' id='par_1_114' title="bbox 289 5766 1285 5894">
     <span class='ocr_line' id='line_1_114' title="bbox 289 5766 619 5833; baseline -0.003 -17"><span class='ocrx_word' id='word_1_812' title='bbox 289 5775 372 5817; x_wconf 81' lang='lat' dir='ltr'><strong>est</strong></span> <span class='ocrx_word' id='word_1_813' title='bbox 394 5766 427 5833; x_wconf 78' lang='grc' dir='ltr'>ἡ</span> <span class='ocrx_word' id='word_1_814' title='bbox 460 5767 512 5816; x_wconf 91' lang='lat' dir='ltr'><strong>in</strong></span> <span class='ocrx_word' id='word_1_815' title='bbox 535 5766 619 5816; x_wconf 92' lang='lat' dir='ltr'><strong>ed.</strong></span> 
     </span>
     <span class='ocr_line' id='line_1_115' title="bbox 289 5826 1285 5894; baseline -0.007 -7"><span class='ocrx_word' id='word_1_816' title='bbox 289 5834 394 5892; x_wconf 73' lang='grc' dir='ltr'>ιιι)</span> <span class='ocrx_word' id='word_1_817' title='bbox 424 5834 557 5889; x_wconf 74' lang='grc' dir='ltr'>Καί.</span> <span class='ocrx_word' id='word_1_818' title='bbox 586 5833 740 5887; x_wconf 86' lang='lat' dir='ltr'><strong>Deest</strong></span> <span class='ocrx_word' id='word_1_819' title='bbox 775 5832 826 5886; x_wconf 93' lang='lat' dir='ltr'><strong>in</strong></span> <span class='ocrx_word' id='word_1_820' title='bbox 856 5829 1022 5894; x_wconf 59' lang='lat' dir='ltr'><strong>Reae.</strong></span> <span class='ocrx_word' id='word_1_821' title='bbox 1057 5828 1168 5891; x_wconf 77' lang='lat' dir='ltr'><strong>bin,</strong></span> <span class='ocrx_word' id='word_1_822' title='bbox 1198 5826 1285 5893; x_wconf 84' lang='lat' dir='ltr'><strong>pb.</strong></span> 
     </span>
    </p>
   </div>
   <div class='ocr_carea' id='block_1_115' title="bbox 1455 5405 1790 5474">
    <p class='ocr_par' dir='ltr' id='par_1_115' title="bbox 1455 5405 1790 5474">
     <span class='ocr_line' id='line_1_116' title="bbox 1455 5405 1790 5474; baseline 0.009 -17"><span class='ocrx_word' id='word_1_823' title='bbox 1455 5423 1474 5457; x_wconf 76' lang='grc' dir='ltr'><strong>ι</strong></span> <span class='ocrx_word' id='word_1_824' title='bbox 1504 5405 1790 5474; x_wconf 83' lang='lat' dir='ltr'><strong>Expicmus</strong></span> 
     </span>
    </p>
   </div>
   <div class='ocr_carea' id='block_1_116' title="bbox 1963 5112 3464 5197">
    <p class='ocr_par' dir='ltr' id='par_1_116' title="bbox 1963 5112 3464 5197">
     <span class='ocr_line' id='line_1_117' title="bbox 1963 5112 3464 5197; baseline -0.009 -16"><span class='ocrx_word' id='word_1_825' title='bbox 1963 5128 2076 5197; x_wconf 68' lang='grc'><strong>(42)</strong></span> <span class='ocrx_word' id='word_1_826' title='bbox 2100 5123 2209 5181; x_wconf 77' lang='grc' dir='ltr'><strong>Καὶ</strong></span> <span class='ocrx_word' id='word_1_827' title='bbox 2235 5123 2403 5181; x_wconf 71' lang='grc' dir='ltr'>γοῦν.</span> <span class='ocrx_word' id='word_1_828' title='bbox 2434 5123 2558 5197; x_wconf 57' lang='lat' dir='ltr'><strong>Haec</strong></span> <span class='ocrx_word' id='word_1_829' title='bbox 2591 5123 2781 5177; x_wconf 89' lang='lat' dir='ltr'><strong>desunt</strong></span> <span class='ocrx_word' id='word_1_830' title='bbox 2818 5120 2867 5173; x_wconf 89' lang='lat' dir='ltr'><strong>in</strong></span> <span class='ocrx_word' id='word_1_831' title='bbox 2893 5119 3132 5197; x_wconf 77' lang='lat' dir='ltr'><strong>quinque</strong></span> <span class='ocrx_word' id='word_1_832' title='bbox 3164 5118 3329 5197; x_wconf 68' lang='lat' dir='ltr'><strong>Regg.</strong></span> <span class='ocrx_word' id='word_1_833' title='bbox 3359 5112 3464 5197; x_wconf 69' lang='lat' dir='ltr'><strong>Alii</strong></span> 
     </span>
    </p>
   </div>
   <div class='ocr_carea' id='block_1_117' title="bbox 1891 5189 3465 5265">
    <p class='ocr_par' dir='ltr' id='par_1_117' title="bbox 1891 5189 3465 5265">
     <span class='ocr_line' id='line_1_118' title="bbox 1891 5189 3465 5265; baseline -0.004 -15"><span class='ocrx_word' id='word_1_834' title='bbox 1891 5189 2092 5261; x_wconf 80' lang='lat' dir='ltr'><strong>autem,</strong></span> <span class='ocrx_word' id='word_1_835' title='bbox 2118 5209 2171 5252; x_wconf 90' lang='lat' dir='ltr'><strong>et</strong></span> <span class='ocrx_word' id='word_1_836' title='bbox 2203 5197 2416 5265; x_wconf 87' lang='lat' dir='ltr'><strong>quidem</strong></span> <span class='ocrx_word' id='word_1_837' title='bbox 2444 5196 2659 5263; x_wconf 69' lang='grc' dir='ltr'>ουιὶιιιω</span> <span class='ocrx_word' id='word_1_838' title='bbox 2696 5202 2854 5254; x_wconf 72' lang='lat' dir='ltr'><strong>noue,</strong></span> <span class='ocrx_word' id='word_1_839' title='bbox 2890 5190 3110 5252; x_wconf 87' lang='lat' dir='ltr'><strong>habent,</strong></span> <span class='ocrx_word' id='word_1_840' title='bbox 3140 5189 3235 5242; x_wconf 82' lang='grc' dir='ltr'><strong>καὶ</strong></span> <span class='ocrx_word' id='word_1_841' title='bbox 3272 5189 3465 5259; x_wconf 81' lang='grc' dir='ltr'>ἀκοήν,</span> 
     </span>
    </p>
   </div>
   <div class='ocr_carea' id='block_1_118' title="bbox 1894 5279 3465 5416">
    <p class='ocr_par' dir='ltr' id='par_1_118' title="bbox 1894 5279 3465 5416">
     <span class='ocr_line' id='line_1_119' title="bbox 1894 5279 3465 5416; baseline -0.006 -24"><span class='ocrx_word' id='word_1_842' title='bbox 1894 5279 2354 5416; x_wconf 48' lang='grc' dir='ltr'><strong>Ῐρᾷἒριῖΐὲῑὲαυν.</strong></span> <span class='ocrx_word' id='word_1_843' title='bbox 2404 5335 2495 5389; x_wconf 92' lang='lat' dir='ltr'><strong>Sic</strong></span> <span class='ocrx_word' id='word_1_844' title='bbox 2544 5342 2651 5387; x_wconf 87' lang='lat' dir='ltr'><strong>tres</strong></span> <span class='ocrx_word' id='word_1_845' title='bbox 2689 5331 2878 5402; x_wconf 79' lang='lat' dir='ltr'><strong>Regg.,</strong></span> <span class='ocrx_word' id='word_1_846' title='bbox 2921 5345 3015 5384; x_wconf 79' lang='lat' dir='ltr'><strong>sex</strong></span> <span class='ocrx_word' id='word_1_847' title='bbox 3039 5328 3191 5383; x_wconf 89' lang='lat' dir='ltr'><strong>Colb.</strong></span> <span class='ocrx_word' id='word_1_848' title='bbox 3223 5326 3387 5382; x_wconf 89' lang='lat' dir='ltr'><strong>etOr.</strong></span> <span class='ocrx_word' id='word_1_849' title='bbox 3414 5328 3465 5383; x_wconf 82' lang='lat' dir='ltr'><strong>l.</strong></span> 
     </span>
    </p>
   </div>
   <div class='ocr_carea' id='block_1_119' title="bbox 1895 5406 3468 5549">
    <p class='ocr_par' dir='ltr' id='par_1_119' title="bbox 1895 5406 3468 5549">
     <span class='ocr_line' id='line_1_120' title="bbox 1895 5406 2321 5477; baseline 0 -18"><span class='ocrx_word' id='word_1_850' title='bbox 1895 5406 1951 5461; x_wconf 91' lang='lat' dir='ltr'><strong>lu</strong></span> <span class='ocrx_word' id='word_1_851' title='bbox 1973 5408 2081 5471; x_wconf 87' lang='lat' dir='ltr'><strong>ed.,</strong></span> <span class='ocrx_word' id='word_1_852' title='bbox 2108 5407 2140 5477; x_wconf 81' lang='grc' dir='ltr'>ἦ</span> <span class='ocrx_word' id='word_1_853' title='bbox 2175 5407 2321 5474; x_wconf 86' lang='grc' dir='ltr'>γοῦν.</span> 
     </span>
     <span class='ocr_line' id='line_1_121' title="bbox 1970 5466 3468 5549; baseline -0.008 -19"><span class='ocrx_word' id='word_1_854' title='bbox 1970 5477 2080 5549; x_wconf 72' lang='grc'><strong>(44)</strong></span> <span class='ocrx_word' id='word_1_855' title='bbox 2115 5476 2353 5549; x_wconf 12' lang='grc' dir='ltr'><strong>Ἓνᾼγὰρ</strong></span> <span class='ocrx_word' id='word_1_856' title='bbox 2379 5472 2707 5549; x_wconf 41' lang='grc' dir='ltr'><strong>ἐνητρισίν.</strong></span> <span class='ocrx_word' id='word_1_857' title='bbox 2746 5468 3121 5549; x_wconf 72' lang='lat' dir='ltr'><strong>Observatltic</strong></span> <span class='ocrx_word' id='word_1_858' title='bbox 3153 5466 3468 5547; x_wconf 77' lang='lat' dir='ltr'><strong>scholiastes</strong></span> 
     </span>
    </p>
   </div>
   <div class='ocr_carea' id='block_1_120' title="bbox 1898 5543 3469 5621">
    <p class='ocr_par' dir='ltr' id='par_1_120' title="bbox 1898 5543 3469 5621">
     <span class='ocr_line' id='line_1_122' title="bbox 1898 5543 3469 5621; baseline -0.008 -20"><span class='ocrx_word' id='word_1_859' title='bbox 1898 5543 2210 5621; x_wconf 75' lang='lat' dir='ltr'><strong>accuratam</strong></span> <span class='ocrx_word' id='word_1_860' title='bbox 2234 5543 2496 5621; x_wconf 76' lang='lat' dir='ltr'><strong>loquendi</strong></span> <span class='ocrx_word' id='word_1_861' title='bbox 2509 5543 2770 5621; x_wconf 63' lang='lat' dir='ltr'><strong>rationein</strong></span> <span class='ocrx_word' id='word_1_862' title='bbox 2794 5543 3060 5621; x_wconf 50' lang='lat' dir='ltr'><strong>gregarii,</strong></span> <span class='ocrx_word' id='word_1_863' title='bbox 3087 5543 3180 5621; x_wconf 69' lang='lat' dir='ltr'><strong>qui</strong></span> <span class='ocrx_word' id='word_1_864' title='bbox 3200 5552 3469 5621; x_wconf 63' lang='lat' dir='ltr'><strong>nunquam</strong></span> 
     </span>
    </p>
   </div>
   <div class='ocr_carea' id='block_1_121' title="bbox 1895 5606 3472 5687">
    <p class='ocr_par' dir='ltr' id='par_1_121' title="bbox 1895 5606 3472 5687">
     <span class='ocr_line' id='line_1_123' title="bbox 1895 5606 3472 5687; baseline -0.008 -18"><span class='ocrx_word' id='word_1_865' title='bbox 1895 5617 2086 5684; x_wconf 88' lang='lat' dir='ltr'><strong>Deum,</strong></span> <span class='ocrx_word' id='word_1_866' title='bbox 2118 5616 2265 5687; x_wconf 79' lang='grc' dir='ltr'>τρία,</span> <span class='ocrx_word' id='word_1_867' title='bbox 2300 5606 2422 5687; x_wconf 62' lang='lat' dir='ltr'><strong>vel,</strong></span> <span class='ocrx_word' id='word_1_868' title='bbox 2450 5615 2510 5687; x_wconf 64' lang='grc' dir='ltr'><strong>τό</strong></span> <span class='ocrx_word' id='word_1_869' title='bbox 2539 5612 2620 5687; x_wconf 68' lang='grc' dir='ltr'><strong>ἓνΔ</strong></span> <span class='ocrx_word' id='word_1_870' title='bbox 2645 5610 2772 5687; x_wconf 77' lang='grc' dir='ltr'>τρία</span> <span class='ocrx_word' id='word_1_871' title='bbox 2803 5606 3045 5687; x_wconf 58' lang='lat' dir='ltr'><strong>dixerit,</strong></span> <span class='ocrx_word' id='word_1_872' title='bbox 3092 5607 3182 5687; x_wconf 69' lang='lat' dir='ltr'><strong>sed</strong></span> <span class='ocrx_word' id='word_1_873' title='bbox 3217 5606 3277 5687; x_wconf 51' lang='grc' dir='ltr'><strong>τό</strong></span> <span class='ocrx_word' id='word_1_874' title='bbox 3318 5606 3387 5687; x_wconf 45' lang='grc' dir='ltr'>,ἓν</span> <span class='ocrx_word' id='word_1_875' title='bbox 3415 5607 3472 5658; x_wconf 78' lang='grc' dir='ltr'><strong>ἑν</strong></span> 
     </span>
    </p>
   </div>
   <div class='ocr_carea' id='block_1_122' title="bbox 1893 5674 3471 5818">
    <p class='ocr_par' dir='ltr' id='par_1_122' title="bbox 1893 5674 3471 5818">
     <span class='ocr_line' id='line_1_124' title="bbox 1893 5674 3471 5775; baseline -0.008 -36"><span class='ocrx_word' id='word_1_876' title='bbox 1893 5674 2184 5775; x_wconf 72' lang='grc' dir='ltr'>τρισῖ,’κοί“ι</span> <span class='ocrx_word' id='word_1_877' title='bbox 2215 5674 2283 5739; x_wconf 70' lang='grc' dir='ltr'><strong>τά</strong></span> <span class='ocrx_word' id='word_1_878' title='bbox 2334 5674 2461 5754; x_wconf 79' lang='grc' dir='ltr'>τρία</span> <span class='ocrx_word' id='word_1_879' title='bbox 2489 5684 2565 5747; x_wconf 77' lang='grc' dir='ltr'>ἓν,</span> <span class='ocrx_word' id='word_1_880' title='bbox 2609 5674 2793 5745; x_wconf 69' lang='grc' dir='ltr'><strong>Μ’ρδι,</strong></span> <span class='ocrx_word' id='word_1_881' title='bbox 2846 5681 2914 5732; x_wconf 73' lang='grc' dir='ltr'>τὰ</span> <span class='ocrx_word' id='word_1_882' title='bbox 2958 5678 3085 5749; x_wconf 84' lang='grc' dir='ltr'>τρία</span> <span class='ocrx_word' id='word_1_883' title='bbox 3117 5676 3213 5748; x_wconf 81' lang='grc' dir='ltr'><strong>τὴν</strong></span> <span class='ocrx_word' id='word_1_884' title='bbox 3245 5674 3471 5746; x_wconf 82' lang='grc' dir='ltr'>Θεότητα</span> 
     </span>
     <span class='ocr_line' id='line_1_125' title="bbox 1894 5749 2907 5818; baseline -0.006 -10"><span class='ocrx_word' id='word_1_885' title='bbox 1894 5774 2051 5818; x_wconf 86' lang='grc' dir='ltr'>ειναι,</span> <span class='ocrx_word' id='word_1_886' title='bbox 2086 5773 2188 5812; x_wconf 92' lang='lat' dir='ltr'><strong>non</strong></span> <span class='ocrx_word' id='word_1_887' title='bbox 2221 5774 2249 5811; x_wconf 87' lang='lat' dir='ltr'><strong>e</strong></span> <span class='ocrx_word' id='word_1_888' title='bbox 2276 5771 2552 5818; x_wconf 86' lang='lat' dir='ltr'><strong>converso,</strong></span> <span class='ocrx_word' id='word_1_889' title='bbox 2581 5754 2637 5806; x_wconf 81' lang='grc' dir='ltr'>’έν</span> <span class='ocrx_word' id='word_1_890' title='bbox 2671 5752 2739 5806; x_wconf 80' lang='grc' dir='ltr'><strong>τά</strong></span> <span class='ocrx_word' id='word_1_891' title='bbox 2762 5749 2907 5802; x_wconf 83' lang='grc' dir='ltr'>τοία.</span> 
     </span>
    </p>
   </div>
  </div>
