4010 6316
611 310 713 365 ὅοἹ

1807 313 1865 370 S.
1909 313 2232 371 GREGORII
2268 317 2612 376 THEOLOGI
3724 326 3817 380 548

615 425 905 482 distinctim
934 425 1288 482 connectitur.
1325 427 1496 482 Unum
1524 428 1665 482 enim
1703 429 1754 482 in
1802 430 2004 495 tribus,
2038 432 2174 486 divi-

2281 453 2376 506 μεν
2402 435 2512 506 (45)
2537 453 2549 466 ·
2579 435 2700 490 οὔτε
2732 436 2828 506 τὴν
2867 437 3060 492 ἕνωσιν
3107 437 3218 509 (46)
3254 438 3512 506 σύγχυσιν
3542 437 3818 510 ἐργαζόμε-

615 520 757 573 nitas
781 527 881 582 est,
913 527 967 573 et
1007 518 1105 572 tria
1135 533 1339 584 unum;
1373 533 1457 583 ea,
1489 519 1730 589 inquam,
1757 520 1809 574 in
1845 523 2066 590 quibus,
2105 522 2178 576 di-

614 610 812 665 vinitas
840 621 942 675 est,
975 610 1077 677 vel,
1123 618 1180 664 ut
1209 609 1378 680 magis
1426 613 1640 680 pr0prie
1676 613 1868 678 dicam,
1903 629 2050 683 quae,
2102 615 2177 668 di-

615 700 811 754 vinitas
838 714 940 757 est.
983 703 1248 760 Excessus
1282 714 1459 759 autem
1503 718 1565 757 ac
1599 703 1836 758 defectus
1867 705 2059 759 missos
2093 703 2174 759 fa-

616 787 839 854 ciamus,
884 807 981 846 nec
1021 809 1115 862 per
1153 794 1404 850 unionem
1437 793 1829 852 confusionem.
1860 809 1958 848 nec
1989 810 2174 848 rursus

614 890 712 943 per
733 877 1046 934 divisionem
1075 881 1462 949 sejunctionem
1494 879 1802 935 efﬁcientes.
1830 881 2005 949 Equo
2029 884 2170 936 enim

2283 531 2382 586 νοι,
2411 523 2532 578 οὒτε
2555 527 2652 596 τὴν
2693 526 2974 599 διαίρεσιν,
3019 529 3386 600 ἀλλοτρίωσιν.
3444 529 3679 580 Ἀπέστω
3725 529 3820 598 γὰρ

2281 613 2434 684 ἡμῶν
2486 615 2544 678 ἐξ
2595 616 2732 680 ἴσου,
2769 619 2862 670 καὶ
2895 619 2926 688 ἡ
2962 618 3247 671 Σαϐελλίου
3306 617 3627 688 συναίρεσις,
3679 620 3820 690 καὶὴ

2294 702 2498 771 Ἀρείου
2518 701 2798 773 διαίρεσις,
2821 703 2890 756 τὰ
2911 705 2972 756 ἐκ
2990 704 3284 776 διαμέτρου
3312 701 3476 765 κακὰ,
3501 703 3592 756 καὶ
3608 703 3823 773 ὀμότιμα

2277 791 2376 862 τὴν
2406 793 2656 845 ἀσέϐειαν
2674 812 2686 824 ·
2715 793 2768 844 τί
2797 793 2903 865 γὰρ
2929 795 3009 846 δεῖ
3039 795 3190 860 Θεὸν,
3219 797 3251 866 ἢ
3275 795 3609 865 συναλείφειν
3633 797 3818 861 κακῶς,

2281 883 2312 952 ἢ
2336 883 2692 952 κατατέμνειν
2721 886 2798 946 είς
2826 885 3144 956 άνισὸτητα;

616 965 894 1022 intervallo
940 984 969 1022 a
1016 972 1168 1024 nobis
1210 971 1407 1035 absint,
1457 980 1510 1024 et
1539 969 1752 1023 Sabellii
1783 971 2096 1036 contractio,
2127 979 2178 1024 et
2217 971 2328 1024 Arii
2366 971 2579 1038 divisio,
2629 972 2767 1024 mala
2832 988 2896 1025 ex
2945 973 3209 1026 diametro
3273 973 3542 1042 Opposita,
3577 982 3629 1025 et
3656 972 3823 1040 inpie'

617 1068 724 1114 tate
767 1063 934 1130 paria.
981 1063 1118 1128 Quid
1153 1065 1296 1118 enim
1351 1077 1567 1118 necesse
1598 1072 1680 1116 est
1715 1063 1879 1116 Deum
1915 1063 1995 1118 vel
2045 1063 2183 1119 male
2221 1066 2564 1130 contrahere,
2597 1066 2679 1119 vel
2712 1065 2764 1118 iu
2803 1066 3216 1136 inaequalitatem
3247 1067 3536 1120 scindere?

686 1156 800 1210 XII.
861 1155 1028 1211 Nobis
1068 1160 1252 1227 quippe
1285 1175 1420 1212 unus
1456 1159 1590 1212 Deus
1637 1157 1812 1225 Pater,
1851 1174 1913 1212 ex
1937 1175 2036 1228 quo
2065 1176 2177 1212 om-

617 1248 725 1311 nia,
755 1256 802 1300 et
840 1264 974 1301 unus
1014 1247 1266 1302 Dominus
1301 1247 1458 1302 Jesus
1495 1247 1752 1311 Christus,
1777 1264 1867 1318 per
1898 1265 2044 1318 quem
2069 1266 2180 1302 om-

617 1338 705 1390 nia
740 1339 781 1368 "
803 1378 818 1405 ,
851 1348 906 1391 et
935 1354 1073 1394 unus
1104 1339 1337 1410 Spiritus
1379 1348 1617 1402 sanctus,
1655 1341 1705 1392 iu
1751 1355 1856 1408 quo
1885 1340 2086 1394 omnia.
2119 1339 2178 1394 In

617 1428 811 1496 quibus
839 1428 920 1483 ita:
957 1429 1256 1498 particular,
1291 1445 1355 1483 ex
1387 1446 1510 1498 quo,
1541 1445 1630 1494 per
1669 1446 1840 1498 quem,
1871 1438 1925 1483 et
1970 1431 2022 1483 in
2052 1446 2172 1500 quo,

620 1532 729 1570 non
786 1529 1009 1572 naturas
1061 1528 1246 1572 secant
1306 1519 1526 1589 (alioqui
1584 1519 1726 1572 enim
1786 1519 2174 1586 propositiones

617 1606 732 1660 ista;
757 1609 1140 1677 nominumqne
1167 1611 1380 1663 ordines
1413 1623 1681 1677 nunquam
1718 1607 2171 1676 immutarentur);

2354 1161 2452 1215 IB'.
2487 1161 2648 1230 Ἡμῖν
2664 1161 2750 1225 δὲ,
2783 1157 2867 1227 εἷς
2895 1163 3038 1228 Θεὸς
3058 1167 3089 1216 ό
3106 1162 3407 1230 Πατὶιρ,ὲξ
3428 1157 3499 1218 οὗ
3525 1161 3594 1214 τὰ
3615 1162 3820 1226 πάντα,

2286 1250 2380 1303 καὶ
2410 1247 2496 1316 εἷς
2524 1253 2737 1319 Κύριος
2778 1252 3013 1318 Ἰησοῦς
3033 1251 3303 1320 Χριστὸς,
3333 1251 3407 1304 δι’
3438 1247 3508 1306 οὗ
3539 1251 3608 1304 τὰ
3629 1251 3824 1314 πάντα,

2284 1343 2376 1394 καὶ
2415 1343 2472 1396 ἓν
2507 1344 2729 1413 Πνεῦμα
2778 1343 2961 1411 ἅγιον,
3008 1345 3066 1398 ὲν
3100 1336 3143 1410 ᾧ
3182 1343 3247 1395 τὰ
3280 1343 3485 1395 πάντα·
3515 1341 3606 1395 τοῦ
3651 1341 3716 1405 ἐξ
3741 1337 3824 1405 οὗ,

2284 1433 2376 1485 καὶ
2401 1433 2473 1484 δι’
2505 1429 2598 1498 οὗ,
2628 1435 2720 1487 καὶ
2747 1434 2816 1488 ἐν
2835 1427 2901 1500 ᾧ,
2937 1434 3010 1504 μὴ
3035 1432 3222 1502 φύσεις
3238 1433 3540 1504 τεμνόντων
3569 1432 3706 1503 (οὐδὲ
3731 1432 3826 1502 γὰρ

2281 1523 2347 1576 ἂν
2379 1523 2707 1594 μετέπιπτον
2731 1526 2785 1577 αἱ
2812 1524 3116 1594 προθέσεις,
3150 1523 3181 1593 ἢ
3220 1525 3274 1577 αἱ
3307 1523 3488 1589 τάξεις
3510 1521 3618 1574 τῶν
3643 1521 3824 1589 ὀνομά-

2280 1616 2430 1683 των),
2452 1615 2585 1668 ἀλλὰ
2617 1615 3123 1686 χαρακτηριζόντων
3149 1617 3274 1686 μιᾶς
3303 1614 3397 1667 καὶ
3419 1612 3714 1682 ἀσυγχύτον
3734 1610 3826 1681 φύ-

616 1713 801 1752 verum
847 1699 1004 1753 unius
1041 1708 1093 1753 et
1145 1699 1434 1754 ineonl‘usae
1465 1707 1669 1752 natura:
1714 1701 2065 1768 proprietates
2096 1714 2178 1753 ex-

2287 1723 2421 1769 σεως
2455 1706 2743 1776 ἰδιότητας.
2785 1707 2894 1759 Καὶ
2927 1705 3084 1759 τοῦτο
3103 1706 3280 1775 δῆλον,
3314 1704 3372 1769 ἐξ
3418 1698 3492 1757 ὧν
3530 1705 3609 1766 εἰς
3639 1703 3692 1755 ἓν
3721 1721 3828 1755 συν-

617 1791 873 1858 primunt.
915 1789 1075 1858 idque
1103 1806 1166 1844 ex
1199 1806 1264 1844 eo
1304 1790 1580 1858 perspicue
1613 1798 1841 1856 constat,
1879 1790 2020 1858 quod
2056 1805 2178 1842 rur-

621 1896 711 1934 sus
736 1881 786 1935 iu
823 1897 984 1934 unum
1021 1882 1428 1942 contrahuntur,
1467 1881 1510 1933 si
1549 1883 1704 1934 modo
1735 1881 1855 1948 quis
1888 1880 2012 1933 illud
2039 1881 2178 1948 apud

617 1972 862 2025 eumdem
901 1972 1194 2040 apostolum
1239 1987 1340 2024 non
1379 1971 1663 2040 neglectim
1698 1980 1857 2038 atque
1887 1971 2180 2025 oscitanter

618 2063 756 2132 legat
783 2082 794 2116 :
835 2063 913 2116 Ex
947 2064 1078 2130 ipso,
1107 2072 1152 2115 et
1184 2079 1271 2129 per
1303 2064 1490 2129 ipsum,
1515 2072 1560 2114 et
1589 2065 1639 2114 in
1671 2063 1782 2129 ipso
1814 2073 1930 2115 sum
1958 2064 2131 2116 omnia
2159 2079 2178 2116 :

617 2156 713 2221 ipsi
747 2155 914 2224 gloria
948 2157 1000 2208 in
1035 2157 1248 2221 swrula,
1292 2158 1450 2210 Amen
1495 2156 1555 2208 ¹⁸.
1605 2156 1764 2208 Pater
1813 2167 1962 2223 pater
1992 2165 2094 2218 est,
2127 2165 2180 2210 et

551 2285 558 2287 »
615 2248 863 2316 principii
910 2263 1103 2316 expers
1141 2263 1354 2315 :ucque
1399 2248 1540 2300 enim
1593 2263 1654 2300 ex
1707 2247 1813 2300 ullo
1862 2257 1963 2300 est.
2009 2247 2178 2300 Filius

617 2338 757 2393 tilius
784 2347 885 2401 est,
924 2352 987 2391 ac
1015 2353 1117 2391 non
1160 2338 1405 2406 principii
1443 2352 1635 2406 expers
1664 2359 1675 2391 :
1709 2353 1771 2391 ex
1812 2337 1971 2392 Patre
2006 2339 2177 2407 siqui-

614 2427 756 2481 dem.
791 2428 941 2494 Quod
976 2428 1018 2482 si
1053 2427 1307 2496 temporis
1346 2428 1662 2496 principium
1708 2429 1928 2496 accipis,
1977 2429 2176 2498 princi-

615 2519 702 2586 pio
745 2520 908 2573 etiam
945 2528 1126 2583 caret;
1193 2533 1364 2586 neque
1413 2520 1553 2571 enim
1609 2529 1904 2587 temporum
1959 2517 2179 2574 elicctor

621 2611 850 2678 tempori
887 2611 1090 2665 subest.
1130 2611 1361 2679 Spiritus
1415 2619 1634 2665 sanctus
1659 2625 1783 2665 vere
1811 2613 2031 2681 spiritus
2073 2621 2176 2676 est,

621 2703 916 2768 procedens
962 2688 1174 2770 quidem
1207 2717 1270 2755 ex
1320 2701 1501 2765 Patre,
1533 2717 1636 2754 non
1673 2712 1848 2756 tamen
1906 2704 2175 2757 liliationis

616 2794 792 2857 modo,
824 2801 879 2845 ut
909 2809 1003 2846 nec
1032 2793 1409 2861 generationis,
1447 2808 1628 2846 verum
1675 2795 2031 2862 processiouis
2058 2813 2071 2860 ;
2113 2795 2174 2847 li-

617 2891 738 2936 ceat
763 2884 902 2936 enim
927 2883 1321 2950 perspicuitatis
1349 2897 1507 2937 causa
1549 2899 1684 2938 nova
1711 2884 1922 2937 nomina
1956 2883 2173 2952 lingere.
2217 2933 2232 2948 ,

614 2971 796 3040 Neque
829 2973 968 3026 enim
1001 2971 1162 3026 Pater
1205 2989 1268 3027 eo
1305 2974 1574 3044 ingenitus
1618 2987 1736 3026 esse
1779 2973 2000 3037 destitit,
2049 2975 2174 3041 quia

609 3049 834 3132 genuit;
868 3078 965 3116 nec
1005 3062 1170 3116 Filius
1205 3063 1415 3131 genitus
1443 3077 1562 3118 esse
1591 3063 1807 3124 desinit,
1843 3063 1965 3128 quia
2000 3077 2063 3114 ex
2093 3061 2172 3114 iu-

615 3155 794 3224 genito
821 3164 921 3208 es'.
956 3153 1199 3221 Quonam
1232 3156 1374 3208 enim
1409 3155 1564 3209 modo
1595 3155 1900 3208 desineret?
1926 3151 2032 3206 Nec
2058 3151 2178 3221 Spi-

607 3245 755 3301 ritus
787 3247 1004 3309 idcirco,
1052 3247 1133 3299 vel
1166 3249 1215 3301 in
1250 3247 1488 3309 Patrem,
1520 3246 1603 3299 vel
1635 3247 1685 3299 iu
1720 3245 1911 3298 Filium
1960 3244 2172 3312 migrat,

613 3337 737 3406 quia
764 3336 1045 3404 processit,
1071 3352 1133 3390 ac
1160 3338 1298 3391 Deus
1321 3346 1423 3402 est,
1450 3337 1612 3390 etiam
1650 3335 1694 3388 si
1737 3334 1910 3402 impiis
1942 3326 2175 3387 hominii

613 3429 713 3481 bus
745 3426 900 3481 aliter
955 3427 1242 3480 videatur:
1291 3427 1590 3495 proprietas
1632 3425 1772 3478 enim
1821 3423 2022 3477 moveri
2069 3438 2173 3476 non

615 3524 808 3583 potest.
847 3515 976 3567 Nam
1013 3515 1210 3584 alioqui
1257 3529 1488 3584 quonam
1532 3521 1689 3580 pacto
1732 3513 2030 3579 proprietas
2065 3527 2178 3564 ma-

615 3616 789 3671 neret,
828 3607 871 3660 si
908 3616 1211 3660 moveretur
1239 3615 1294 3660 et
1331 3604 1669 3657 mutaretur?
1698 3603 1796 3669 Qui
1825 3611 2003 3655 autem
2037 3603 2180 3673 inge-

615 3699 870 3761 nituram,
913 3707 968 3751 ct
1019 3698 1435 3767 generationem,
1473 3695 1690 3748 deorum
1735 3695 2176 3763 homonymorum

615 3799 836 3843 naturas
860 3803 980 3842 esse
1008 3795 1265 3850 statuunt,
1299 3787 1480 3850 iidem,
1514 3785 1678 3857 635
1705 3785 1882 3848 credo,
1915 3784 2176 3836 Adamum

2281 1798 2502 1864 άγονται
2534 1796 2714 1859 πάλιν,
2747 1796 2800 1848 εἴ
2835 1814 2911 1866 τῳ
2939 1797 3011 1868 μὴ
3040 1797 3330 1867 παρέργως
3360 1797 3534 1848 ἐκεῖνο
3585 1793 3828 1861 ἀναγινώ-

2283 1888 2593 1958 σκεται.
2610 1888 2757 1958 παρὰ
2791 1887 2866 1957 τῷ
2892 1889 3037 1958 αὐτῷ
3064 1889 3360 1959 ἁποστόλῳ,
3384 1889 3462 1951 τὸ,
3503 1889 3605 1951 Ἐξ
3637 1885 3826 1948 αὐτοῦς

2281 1979 2377 2031 καὶ
2408 1978 2480 2030 δι’
2512 1979 2719 2041 αὑτοῦ,
2762 1980 2858 2032 καὶ
2897 1982 2983 2045 εἰς
3009 1979 3194 2033 αὑτὸν
3224 1981 3293 2032 τὰ
3339 1978 3535 2032 πάντα
3564 1995 3579 2007 ο
3615 1976 3766 2041 αὐτῷ
3795 1978 3826 2043 ἠ

2279 2069 2426 2131 δόξα
2459 2071 2540 2134 εἰς
2582 2069 2718 2134 τοὺς
2779 2068 3015 2133 αἰῶνας.
3065 2069 3268 2138 Ἀμήν.
3328 2068 3516 2140 Πατὴρ
3559 2070 3586 2120 ὁ
3643 2067 3826 2137 πατὴρ,

2281 2163 2372 2213 καὶ
2403 2163 2664 2231 ἄναρχος·
2701 2161 2760 2212 οὐ
2802 2161 2906 2233 γὰρ
2935 2160 2997 2213 ἔκ
3023 2177 3184 2222 τινος.
3219 2159 3343 2221 Υἱὸς
3375 2161 3402 2212 ό
3435 2159 3570 2221 υἱὸς,
3623 2159 3713 2210 καὶ
3743 2157 3832 2209 οὐκ

2280 2252 2542 2320 ἄναρχος·
2579 2254 2641 2304 ὲκ
2675 2251 2767 2304 τοῦ
2801 2253 3010 2322 Πατρὺς
3038 2251 3163 2320 γάρ.
3218 2251 3278 2302 Εἰ
3309 2249 3365 2301 δὲ
3389 2249 3486 2318 τὴν
3515 2247 3622 2300 ἀπὸ
3654 2248 3827 2318 χρόνου

2279 2342 2573 2411 λαμϐάνοις
2593 2342 2786 2412 ἀρχὴν,
2817 2342 2909 2394 καὶ
2938 2342 3171 2412 ἄναρχος
3192 2357 3204 2370 ·
3244 2339 3469 2410 ποιητὴς
3486 2339 3590 2408 γὰρ
3617 2339 3828 2408 χρόνων,

2279 2433 2373 2501 οὐχ
2395 2433 2497 2483 ὑπὸ
2524 2432 2712 2502 χρόνον
2731 2431 2860 2501 (48).
2883 2431 3102 2501 Πνεῦμα
3129 2431 3278 2498 ἆγιον
3301 2429 3511 2498 άληθῶς
3533 2429 3591 2481 τὺ
3609 2429 3827 2498 πνεῦμα,

2282 2523 2465 2593 προϊὸν
2517 2523 2613 2592 μὲν
2657 2523 2720 2574 ἐκ
2749 2520 2841 2574 τοῦ
2877 2521 3110 2592 Πατρὺς,
3142 2522 3239 2589 οὐχ
3274 2520 3436 2583 ὐῖκῶς
3467 2520 3541 2584 δὲ,
3581 2519 3701 2572 οὐδὲ
3733 2519 3828 2588 γὰρ

2277 2610 2570 2679 γεννητῶς,
2606 2610 2720 2662 ἀλλ’
2755 2609 3099 2680 ὲκπορευτῶς
3124 2625 3137 2638 ·
3173 2611 3220 2661 εί
3255 2610 3334 2661 δεῖ
3370 2625 3422 2660 τι
3456 2607 3550 2659 καὶ
3601 2622 3828 2660 καινοτο-

2286 2700 2452 2768 μῆσαι
2478 2701 2604 2770 περὶ
2631 2699 2700 2751 τὰ
2739 2699 2976 2769 ὀνόματα
3007 2699 3298 2769 σαφηνείας
3332 2698 3534 2750 ἕνεκεν.
3566 2695 3702 2750 Οὔτε
3744 2693 3826 2747 τοῦ

2283 2790 2492 2858 Πατρός
2521 2791 2808 2853 ἐκστάντος
2838 2791 2936 2861 τῆς
2961 2790 3303 2859 ἀγεννησίας,
3328 2790 3458 2842 διότι
3482 2789 3796 2858 γεγέννηκεν
3814 2799 3826 2814 ⁸

2280 2877 2399 2931 οὔτε
2429 2879 2519 2930 τοῦ
2550 2879 2677 2931 Υίοῦ
2706 2879 2805 2948 τῆς
2834 2881 3159 2950 γεννήσεως,
3191 2880 3270 2932 ὅτι
3307 2881 3369 2931 ἐκ
3398 2877 3490 2931 τοῦ
3527 2878 3824 2947 άγεννήτου.

2279 2972 2402 3035 Πῶς
2425 2972 2532 3042 γάρ
2555 2989 2567 3036 ;
2603 2972 2722 3024 οὔτε
2749 2973 2840 3024 τοῦ
2867 2971 3199 3042 Πνεῦματος,
3226 2971 3258 3041 ἣ
3281 2971 3369 3033 ,εἰς
3403 2969 3622 3039 Πατέρα
3683 2984 3828 3037 μετα-

2285 3064 2594 3126 πίπτοντος,
2644 3063 2676 3133 ἣ
2733 3067 2810 3126 εἰς
2846 3063 2994 3127 Υίδν,
3030 3062 3552 3133 ὅτιὲκπεπόρευται,
3617 3062 3708 3113 καὶ
3758 3059 3826 3110 ὅτι

2283 3153 2432 3216 Θεὸς,
2466 3153 2568 3207 κᾶν
2597 3154 2670 3224 μὴ
2698 3155 2826 3224 δοκῇ
2861 3157 2969 3216 τοῖς
3004 3153 3180 3216 ἀθέοις
3202 3169 3216 3182 ·
3249 3154 3281 3223 ὴ
3309 3153 3414 3222 γὰρ
3443 3152 3640 3220 ἰδιότης
3664 3149 3831 3218 ἀκίνη-

2282 3259 2392 3306 τος.
2422 3245 2490 3294 Ἢ
2525 3244 2640 3306 πῶς
2682 3243 2745 3296 ἂν
2788 3244 2986 3313 ἰδιότης
3033 3242 3202 3312 μένοι,
3227 3242 3517 3311 κινουμένη
3547 3240 3642 3292 καὶ
3677 3255 3827 3310 μετα-

2282 3333 2586 3396 πίπτουσας
2623 3334 2686 3385 Οἱ
2725 3333 2780 3385 δὲ
2823 3333 2920 3403 τὴν
2952 3332 3295 3402 ἁγεννησίαν,
3341 3333 3432 3384 καὶ
3464 3330 3560 3402 τὴν
3593 3330 3830 3398 γέννησιν

2283 3424 2472 3492 φύσεις
2514 3424 2660 3476 Θεῶν
2695 3422 3000 3493 ὁμωνύμων
3037 3421 3330 3491 τιθέμενοι,
3373 3419 3512 3488 τάχα
3539 3417 3606 3470 ἂν
3633 3417 3722 3470 καὶ
3749 3415 3828 3466 τὸν

2297 3514 2488 3585 Ἀδὰμ,
2519 3517 2610 3568 καὶ
2639 3517 2728 3568 τὸν
2760 3515 2863 3586 Σὴθ
2893 3517 2993 3585 (ὅτι
3015 3516 3043 3566 ὁ
3067 3516 3164 3585 μὲν
3194 3515 3304 3586 (49)
3338 3515 3436 3566 οῦκ
3467 3512 3574 3566 ἀπὸ
3604 3509 3793 3582 σαρκός
3812 3522 3827 3537 ·

2286 3607 2508 3678 πλάσμα
2538 3609 2676 3678 γάρ’
2713 3611 2740 3662 ὁ
2766 3609 2822 3662 δὲ
2851 3608 2957 3661 ἀπὸ
2987 3607 3079 3660 τοῦ
3123 3607 3293 3677 Ἀδάμ
3324 3607 3416 3660 καὶ
3437 3608 3533 3674 τῆς
3561 3603 3722 3671 Εὔας)
3745 3601 3826 3653 ἀλ·

2281 3699 2455 3769 λήλων
2486 3701 2623 3753 κατὰ
2651 3700 2748 3770 τὴν
2781 3701 2938 3768 φύσιν
2969 3697 3444 3771 ἀλλοτριώσουσιν.’
3467 3693 3560 3760 Εἷς
3595 3692 3687 3750 οῦν
3714 3692 3831 3754 Θεδς

2284 3790 2339 3840 ὲν
2373 3791 2534 3859 τρισὶ,
2572 3790 2667 3842 καὶ
2696 3790 2763 3843 τὰ
2790 3789 2916 3859 τρία
2949 3787 3028 3852 ἓν,
3054 3789 3242 3859 ὥσπερ
3270 3788 3491 3858 ἔφαμεν.

613 3893 826 3948 quoque
856 3886 910 3930 et
939 3875 1065 3929 Seth
1099 3875 1370 3943 (quoniam
1401 3874 1506 3939 ille,
1549 3890 1651 3926 non
1677 3888 1742 3926 ex
1805 3887 1988 3937 carne,
2047 3880 2230 3940 utpote
2269 3891 2298 3927 a
2365 3877 2471 3932 Deo
2513 3877 2738 3944 eliictus,
2789 3881 2874 3934 hic
2917 3889 3092 3934 autem
3143 3881 3209 3933 ab
3239 3879 3442 3932 Adamo
3470 3887 3523 3931 et
3563 3877 3670 3930 Eva
3720 3888 3832 3943 pro-

616 3981 830 4027 creatus
867 3969 992 4040 est),
1033 3969 1242 4022 diversa
1302 3976 1491 4021 natura
1561 3967 1811 4036 przeditos
1885 3979 2003 4020 esse
2077 3971 2422 4025 contendent.
2463 3973 2609 4029 linus
2665 3975 2825 4044 igitur
2888 3973 3027 4027 Deus
3072 3974 3124 4027 in
3193 3972 3382 4037 tribus,
3435 3979 3486 4023 ct
3527 3970 3629 4024 tria
3682 3981 3830 4021 unum

614 4074 757 4128 sunt,
786 4073 844 4116 ut
882 4063 1129 4115 diximus.

672 4161 818 4218 .Xlll.
853 4162 980 4228 Quae
1014 4179 1133 4217 cum
1183 4162 1252 4216 ita
1295 4177 1353 4216 se
1383 4161 1634 4224 habeant,
1667 4159 1775 4212 imo
1815 4170 1936 4212 cum
1967 4157 2071 4211 hoc
2103 4157 2171 4210 ita
2207 4165 2249 4217 1)

615 4268 672 4308 se
697 4255 909 4317 habeat,
953 4263 1110 4321 atque
1139 4252 1504 4306 adorationem
1554 4262 1889 4317 nequaquam
1929 4246 2178 4314 supernis

617 4353 822 4396 tantmn
863 4342 1155 4408 Spiritibus
1177 4340 1452 4394 delinitam
1479 4345 1532 4391 et
1566 4335 2028 4404 circumscriptam
2051 4347 2172 4388 esse

613 4435 942 4497 conveniret,
978 4432 1070 4486 sed
1101 4441 1155 4484 et
1183 4429 1384 4482 inferos
1413 4428 1670 4496 quosdam
1713 4427 2029 4477 adoratores
2057 4437 2176 4477 esse

611 4527 844 4585 deceret,
906 4533 962 4576 ut
1005 4524 1185 4575 ornnia
1217 4521 1307 4574 Dei
1346 4519 1512 4586 gloria
1567 4517 2026 4586 (quandoquidem
2083 4515 2174 4568 Dei

609 4615 787 4667 omnia
821 4615 965 4682 sunt)
1019 4613 1400 4681 implereutur;
1449 4625 1566 4663 eam
1629 4610 1698 4662 ob
1756 4623 1972 4663 causam
2021 4607 2178 4660 homo

610 4715 844 4766 creatur,
898 4705 1074 4758 divina
1129 4719 1289 4757 manu
1343 4712 1397 4756 et
1440 4701 1672 4771 imagine
1726 4708 1968 4754 ornatus.
2023 4697 2174 4752 Hunc

611 4806 792 4850 autem
836 4795 1034 4849 invidia
1065 4794 1282 4859 diaboli,
1319 4802 1478 4862 atque
1527 4793 1719 4846 acerbo
1743 4791 1944 4860 peccati
1989 4797 2170 4858 gustu,

609 4905 638 4942 a
684 4888 794 4941 Deo
849 4887 1127 4940 conditore
1185 4888 1380 4940 misere
1434 4893 1739 4952 separatum
1794 4881 2093 4948 deSpicere,
2142 4892 2171 4931 a

611 4976 720 5029 Deo
773 4974 1004 5028 alienum
1053 4985 1189 5030 erat.
1223 4973 1360 5040 Quid
1399 4973 1560 5042 igitur
1612 4971 1710 5024 lit?
1752 4969 2027 5036 Quamque
2061 4981 2173 5019 ma-

608 5079 768 5132 gnum
806 5067 949 5119 circa
982 5080 1079 5119 nos
1107 5067 1424 5136 mysterium
1464 5059 1813 5130 designatur?
1851 5057 2175 5110 lunovantur

689 5203 729 5232 ¹⁷
776 5201 796 5254 l
831 5201 953 5255 Cor.
993 5218 1113 5266 vm,
1147 5200 1199 5256 6.
1279 5201 1322 5232 ¹⁸
1352 5201 1503 5254 nutu.
1527 5215 1579 5251 XI
1601 5238 1614 5262 ,
1647 5196 1734 5250 56.

681 5339 793 5411 (45)
834 5340 1259 5411 Ellam-omen
1312 5338 1402 5393 Sic
1430 5338 1559 5409 Reg.
1594 5340 1704 5403 bm,
1739 5345 1847 5390 tres
1869 5335 2040 5400 Coll)”
2071 5343 2172 5388 etc.

611 5407 667 5464 In
692 5407 782 5464 'ed.
793 5451 807 5466 .
831 5409 1158 5477 éit).e£'.;0pev.

687 5479 796 5545 (46)
826 5475 1107 5543 Οὕτετὴν
1129 5476 1368 5539 ἕνωσιν,
1400 5487 1502 5530 etc.
1537 5496 1554 5526 ι
1581 5477 1687 5532 Nec
1712 5475 1849 5544 quod
1874 5475 2028 5527 unius
2051 5488 2180 5545 cou-

614 5541 920 5610 funde'ntes,
946 5565 963 5597 ι
997 5541 1270 5607 nimirum,
1301 5565 1318 5596 ι
1345 5562 1628 5613 personas;
1659 5541 1776 5608 nec,
1801 5541 2178 5610 distinguendo

614 5615 759 5672 inter
789 5631 846 5670 se
872 5630 1149 5682 personas,
1177 5615 1379 5668 alienas
1410 5616 1722 5668 inducamus
1753 5625 1993 5668 naturas.
2021 5632 2038 5663 ι

689 5684 800 5752 (47)
837 5683 1345 5754 Ἀναγινώσκεται.
1393 5685 1520 5754 Reg.
1547 5685 1638 5753 ph,
1673 5695 1723 5740 et
1753 5683 1844 5740 0r.
1881 5686 1928 5750 l,
1990 5685 2175 5742 ἀνα-υἰ-

2350 4157 2447 4210 ῙΓ’.
2495 4157 2642 4208 Ἐπεὶ
2667 4156 2720 4208 δὲ
2755 4154 2897 4208 οὕτω
2928 4157 3118 4217 ταῦτα,
3145 4153 3177 4223 ἢ
3206 4152 3381 4214 τοῦτο,
3413 4150 3518 4202 ἔδει
3551 4149 3609 4201 δὲ
3635 4147 3708 4218 μὴ
3733 4147 3832 4207 τοῖς

2275 4248 2386 4302 ἄνω
2425 4248 2582 4317 μόνον
2614 4246 2710 4316 τὴν
2749 4245 3116 4317 προσκύνησιν
3146 4240 3596 4313 περιγράφεσθαι,
3626 4237 3736 4290 ἀλλ’
3761 4229 3832 4288 εἷ-

2274 4337 2361 4389 ναί
2409 4353 2559 4398 τινας
2589 4336 2683 4388 καὶ
2713 4336 2861 4388 κάτω
2895 4333 3296 4404 προσκυνητάς,
3331 4332 3417 4384 ἵνα
3463 4328 3721 4400 πληρωθῇ
3772 4327 3832 4382 τὰ

2276 4428 2452 4481 πάντα
2511 4427 2667 4498 δόξης
2713 4427 2870 4490 Θεοῦ,
2910 4425 3032 4477 ἐπεὶ
3069 4424 3161 4478 καὶ
3204 4421 3372 4476 Θεοῦο
3421 4423 3514 4474 καὶ
3561 4419 3650 4474 διὰ
3690 4417 3834 4470 τοῦτο

2276 4518 2514 4580 κτίζεται
2544 4517 2846 4587 ἄνθρωπος,
2882 4516 3024 4587 χειρὶ
3075 4511 3210 4566 Θεοῦ
3242 4511 3492 4582 τιμηθεὶς
3530 4511 3624 4562 καὶ
3656 4508 3833 4560 εἰκόνι.

2277 4610 2478 4663 Τοῦτον
2526 4610 2580 4661 δὲ
2637 4609 2814 4678 φθόνῳ
2861 4606 3127 4670 διαϐόλου,
3179 4606 3273 4658 καὶ
3305 4605 3474 4674 πικρᾷ
3512 4601 3697 4671 γεύσει
3747 4599 3834 4666 τῆς

2279 4701 2572 4770 ἁμαρτίας,
2605 4699 2738 4751 Θεοῦ
2783 4697 2876 4751 τοῦ
2917 4697 3279 4767 πεποιηκότος
3321 4694 3565 4755 ἐλεεινῶς
3595 4693 3705 4762 (50)
3737 4708 3833 4759 χω·

2284 4791 2562 4860 ριζόμενον
2597 4790 2858 4860 παριδεῖν,
2901 4791 2959 4842 οὑ
3001 4788 3158 4842 Θεοῦ.
3196 4788 3260 4840 Τί
3297 4787 3539 4854 γίνεται;
3571 4784 3667 4838 καὶ
3697 4782 3748 4834 τί
3779 4777 3832 4830 τὸ

2283 4881 2423 4951 μέγα
2455 4883 2582 4951 περὶ
2603 4883 2748 4951 ἡμᾶς
2785 4882 3112 4952 μυστήριονς
3142 4878 3600 4949 Καινοτομοῦνται
3630 4874 3826 4944 φύσεις.

2279 4973 2372 5024 καὶ
2409 4971 2540 5034 Θεὸς
2569 4971 2854 5042 ἄνθρωπος
2898 4972 3142 5040 γίνεται·
3171 4972 3264 5024 καὶ
3307 4971 3335 5022 ὁ
3381 4964 3723 5034 ἐπιϐεϐηκὼς
3748 4961 3830 5014 ἐπὶ

2279 5056 2368 5109 τὸν
2400 5058 2627 5128 οὐρανὸν
2660 5058 2752 5110 τοῦ
2805 5059 3036 5130 οὐρανοῦ
3077 5059 3218 5114 κατὰ
3263 5057 3527 5120 ἀνατολὰς
3568 5056 3667 5124 τῆς
3707 5050 3828 5110 ἰδίας

2283 5349 2576 5398 νωσκτ,ται.

2357 5395 2465 5468 (Ilii)
2497 5402 2735 5465 Χρόνον.
2771 5397 2898 5463 Reg.
2925 5398 3016 5464 ph.
3047 5395 3271 5468 χρόνωνΣ

2359 5455 2468 5542 (li-Ui)
2496 5455 2624 5542 "by
2645 5472 2676 5521 ὀ
2704 5455 2962 5542 μέν.ᾞῄ
2993 5455 3436 5542 quatitur-Reg”
3462 5473 3646 5514 novem
3661 5455 3822 5515 Colb._.

2287 5533 2461 5599 Coisl.
2490 5542 2538 5601 l,
2568 5540 2658 5593 Or.
2699 5533 2746 5601 ἱ,
2783 5550 2886 5591 etc.
2925 5536 3090 5589 Deest-
3120 5535 3201 5586 ὅτι
3233 5533 3284 5586 in
3316 5535 3399 5584 ed.

2354 5612 2464 5682 (Ξιθ)
2499 5592 2836 5682 Ἑλεειιςῶςη
2857 5606 2944 5682 Sic
2975 5613 3202 5682 quatuor
3228 5603 3417 5682 Regg.,
3450 5612 3636 5656 novem
3665 5592 3821 5653 Colb..

2285 5673 2388 5739 duo
2421 5680 2582 5735 Coisl.
2609 5693 2659 5733 et
2694 5678 2784 5733 Or.
2822 5679 2867 5731 l.
2895 5675 2948 5731 In
2975 5673 3355 5739 ει1.,ὲλεεινόν.
