4010 6316
195 332 288 391 ὅζθ
1115 339 1372 398 ORATIO
1415 343 1662 401 XXXIX.
1705 377 1773 389 —
1815 350 1882 404 IN
1926 351 2199 410 SANCTA
2239 354 2524 413 LUMINA.

3355 367 3450 416 550

194 451 348 548 δόξης
367 468 428 504 τε
467 451 570 548 ara!
624 453 1030 548 λαμπρότητος,
1083 458 1176 512 ἐπὶ
1231 460 1448 528 δυσμῶν
1495 464 1782 530 δοξάζεται

1897 480 2114 537 uaturte,
2148 489 2210 528 ac
2252 475 2390 529 Deus
2429 475 2587 530 homo
2622 475 2887 532 edicitur:
2932 484 2984 532 et
3025 477 3113 547 qui
3143 492 3307 548 super
3343 493 3427 533 etB

191 544 282 612 τῆς
323 544 618 614 ἡμετέρας
672 546 950 611 εὐτελείας
1003 549 1098 602 καὶ
1147 553 1562 624 ταπεινότητος,
1626 558 1718 610 καὶ
1749 560 1776 611 6

192 633 310 694 Υἱὸς
341 633 434 686 τοῦ
479 634 627 687 Θεοῦ
654 635 868 706 δέχεται
906 637 999 692 καὶ
1039 639 1152 703 υἱὸς
1188 640 1476 713 ἀνθρώπου
1524 645 1776 712 γενέσθαι

191 741 242 776 τε
277 725 366 776 καὶ
391 725 704 796 κληθῆναι·
731 727 828 798 οὐχ
856 728 884 781 ὃ
912 725 980 800 ἦν
1007 732 1328 800 μεταϐαλὼν
1358 733 1645 806 (ἄτρεπτον
1665 738 1776 810 (51)

191 814 332 884 γὰρ),
368 816 487 867 ἀλλ’
527 818 558 869 ὃ
587 819 688 870 οὐκ
716 815 783 889 ἦν
823 821 1148 890 προσλαϐὼν
1183 823 1588 896 (φιλάνθρωπος
1621 828 1775 900 γὰρ),

195 906 271 958 ἵνα
299 907 532 978 χωρηθῇ
569 909 599 960 6
631 910 935 981 ἀχωρητος,
984 912 1070 966 διὰ
1111 915 1284 986 μέσης
1326 918 1546 988 σαρκὸς,
1589 919 1780 990 ὁμιλή-

193 1013 282 1059 σας
311 1001 470 1068 ἡμῖν,
503 1000 586 1063 ὡς
636 1000 748 1071 (52)
785 1005 1290 1076 παραπετάσματος
1312 1024 1324 1036 ·
1375 1009 1562 1081 ἐπειδὴ
1613 1011 1779 1066 καθα-

193 1089 284 1160 ράν
330 1090 508 1142 αὐτοῦ
550 1093 654 1160 τὴν
709 1092 937 1164 θεότητα
972 1097 1177 1168 φέρειν,
1225 1099 1285 1150 οὐ
1316 1100 1414 1170 τῆς
1459 1103 1517 1154 ὲν
1567 1103 1778 1170 γενέσει

192 1181 276 1233 καὶ
313 1181 495 1252 φθορᾷ
529 1183 768 1251 φύσεως.
807 1185 904 1238 Διὰ
933 1187 1092 1240 τοῦτο
1122 1188 1188 1241 τὰ
1232 1189 1438 1259 ἄμικτα
1470 1192 1724 1262 μίγνυται
1760 1211 1774 1225 ·

191 1272 244 1324 οὐ
271 1273 488 1338 γενέσει
542 1275 704 1344 μόνον
731 1276 884 1341 Θεὸς,
917 1279 1036 1331 οὐδὲ
1074 1282 1237 1350 σαρκὶ
1267 1279 1411 1346 νοῦς,
1447 1283 1568 1336 οὐδὲ
1601 1285 1779 1358 χρόνῳ

191 1363 243 1413 τὸ
261 1363 516 1432 ἄχρονον,
557 1365 678 1419 οὐδὲ
721 1367 906 1438 μέτρῳ
939 1369 998 1421 τὸ
1033 1371 1443 1442 ἀπερίγραπτον
1467 1391 1481 1406 °
1514 1376 1652 1430 ἀλλὰ
1685 1379 1780 1433 καὶ

189 1452 455 1525 παρθενίᾳ
476 1455 760 1526 γέννησις,
797 1459 890 1510 καὶ
915 1458 1109 1531 ἀτιμίᾳ
1137 1462 1214 1532 τῷ
1240 1465 1334 1516 καὶ
1359 1467 1524 1538 τιμῆς
1558 1469 1778 1542 ἁπάσης

192 1547 531 1618 ὑψηλοτέρῳ,
561 1551 657 1601 καὶ
693 1549 855 1603 πάθει
882 1550 944 1602 τὸ
981 1551 1209 1620 ἀπαθὲς,
1237 1555 1332 1608 καὶ
1358 1556 1436 1626 τῷ
1464 1558 1686 1632 φθαρτῷ
1718 1562 1779 1614 τὸ

189 1638 473 1691 ἀθάνατον.
508 1640 732 1712 Ἐπειδὴ
759 1643 866 1715 γὰρ
911 1641 1047 1713 ᾤετο
1091 1645 1360 1717 ἀήττητος
1389 1644 1526 1702 εἶναι
1558 1651 1656 1722 τῆς
1681 1670 1779 1706 κα-

191 1729 304 1796 κίας
351 1733 380 1784 ό
446 1733 737 1804 σοφιστὴς,
789 1733 1042 1804 θεότητος
1079 1735 1254 1790 ἐλπίδι
1314 1738 1573 1804 δελεάσας
1605 1745 1774 1813 ἡμᾶς,

1887 561 1995 615 lum
2050 563 2172 619 coeli
2220 566 2286 620 ad
2332 566 2516 636 gloriae
2570 582 2680 622 sua:
2735 577 2786 622 et
2835 569 3142 639 splendoris
3186 571 3453 625 orientem

1887 655 2129 709 ascendit
2163 657 2229 722 ι’,
2261 657 2314 710 in
2351 658 2571 712 vilitatis
2597 668 2651 714 et
2681 660 3017 716 humilitatis
3039 669 3235 716 nostrae
3257 677 3453 715 occasu

1887 744 2209 810 celebratur,
2243 747 2444 816 Deique
2470 747 2658 815 Filius,
2684 750 2915 806 hominis
2957 767 3170 822 quoque
3231 753 3371 807 filius
3402 761 3450 806 el

1889 846 2011 886 esse
2065 843 2117 887 et
2143 835 2320 888 vocari
2357 836 2616 900 sustinet;
2648 851 2776 899 non,
2810 837 2950 904 quod
2992 846 3126 904 erat,
3161 838 3452 891 immutans

1887 921 2081 992 (neque
2137 923 2281 977 enim
2335 925 2564 978 mutatio
2616 924 2668 978 in
2718 939 2839 978 eum
2870 924 3069 997 .cadit),
3099 927 3190 980 sed
3230 941 3326 995 pro
3357 938 3453 979 suo

1887 1027 2015 1082 erga
2051 1015 2298 1069 homines
2320 1030 2526 1080 arnore,
2561 1015 2634 1079 id,
2662 1015 2802 1086 quod
2833 1030 2935 1069 non
2966 1029 3104 1083 erat,
3149 1030 3449 1080 assumens.

1890 1113 1950 1156 ut
1987 1105 2076 1172 qni
2132 1116 2320 1158 natura
2371 1120 2466 1159 sua
2497 1107 2876 1176 comprehendi
2899 1116 3018 1176 ;non
3057 1115 3251 1174 potest,
3303 1123 3454 1163 com-

1886 1193 2287 1263 prehendatur,
2376 1193 2697 1248 intermedia
2765 1210 2954 1261 carne,
3019 1204 3268 1264 tanquam
3336 1195 3456 1251 velo

1889 1282 2121 1351 quodam
2157 1281 2458 1350 interiecto,
2489 1282 2784 1351 nobiscum
2817 1299 3070 1338 versans:
3115 1283 3455 1352 quandoqui-

1887 1375 2006 1428 dem
2039 1383 2324 1442 procreata
2375 1385 2568 1430 natura
2614 1383 2668 1429 et
2718 1374 2958 1430 interitui
3005 1375 3256 1438 obnoxia,
3287 1374 3457 1428 imbe-

1891 1463 2066 1518 cillior
2093 1472 2193 1528 est,
2239 1480 2402 1534 quam
2429 1473 2483 1517 ut
2511 1480 2699 1536 puram
2741 1465 2908 1536 ipsius
2942 1464 3276 1519 divinitatem
3318 1463 3460 1518 ferre

1886 1563 2067 1624 queat.
2110 1555 2314 1609 Idcirco
2363 1571 2452 1621 ea,
2499 1571 2618 1625 quae
2655 1571 2686 1610 a
2741 1556 2999 1610 mixtione
3051 1555 3226 1610 aliena
3273 1561 3456 1620 erant,

1887 1647 2218 1714 miscentur;
2255 1663 2316 1702 ac
2356 1662 2462 1702 non
2505 1648 2662 1701 modo
2713 1648 2851 1702 Deus
2906 1647 3199 1712 nativitati,
3223 1655 3277 1700 et
3311 1661 3460 1700 mens

1886 1737 2060 1802 carui,
2105 1747 2158 1791 et
2211 1738 2468 1806 temporis
2508 1753 2708 1809 expers
2740 1739 2988 1809 tempori,
3015 1747 3069 1792 et
3098 1738 3150 1792 id
3183 1737 3323 1806 quod
3349 1737 3460 1789 cir-

193 1824 388 1893 σαρκος
426 1824 784 1895 προϐλήματι
833 1825 1180 1890 δελεάζεταιο
1219 1828 1311 1893 ἵν’,
1344 1831 1420 1894 ὡς
1477 1833 1552 1904 τῷ
1611 1835 1782 1906 Ἀδὰμ

1897 1830 2176 1885 cumscribi
2214 1846 2318 1884 non
2352 1840 2546 1900 potest,
2589 1846 2858 1886 mensurae
2878 1829 3150 1899 jungitur;
3183 1829 3275 1882 sed
3295 1825 3461 1895 virgi-

192 1911 539 1981 προσϐαλὼν,
589 1913 668 1983 τῷ
712 1913 832 1985 Θεῷ
868 1916 1172 1988 περιπέσῃ,
1228 1920 1322 1971 καὶ
1368 1919 1538 1986 οὕτως
1589 1925 1616 1975 ό
1661 1926 1781 1988 νέος

203 2002 370 2071 Ἀδὰμ
423 2002 520 2055 τὸν
557 2003 788 2059 παλαιὸν
817 2005 1186 2076 ἀνασώσηται,
1229 2010 1322 2062 καὶ
1350 2010 1482 2082 λυθῇ
1514 2012 1574 2064 τὸ
1606 2017 1778 2070 κατά-

194 2109 360 2164 κριμα
389 2093 497 2164 τῆς
531 2095 756 2166 σαρκὸς,
797 2097 960 2168 σαρκὶ
1003 2097 1098 2151 τοῦ
1155 2099 1388 2154 θανάτου
1442 2102 1778 2162 θανατωθέν-

193 2199 298 2246 τος.

1889 1923 2049 1978 nitati
2090 1939 2307 1993 quoque
2355 1923 2686 1993 procreatio;
2709 1932 2762 1977 et
2806 1923 2878 1988 ei,
2911 1923 3051 1992 quod
3077 1920 3221 1974 omni
3250 1920 3457 1973 honore

1886 2018 2233 2085 praestantius
2281 2026 2384 2082 est,
2427 1995 2757 2086 ignominia;
2789 2025 2842 2070 et
2872 2015 3172 2082 affectibus,
3216 2015 3288 2081 id,
3317 2012 3460 2082 quod

1889 2105 2170 2162 affectibus
2195 2118 2385 2174 vacat;
2417 2115 2470 2160 et
2491 2107 2848 2175 corruptibili,
2876 2106 2952 2170 id,
2986 2105 3127 2175 quod
3157 2101 3461 2158 immortale

1881 2206 1986 2254 est.
2035 2197 2299 2264 Quoniam
2363 2199 2509 2251 enim
2565 2197 2652 2251 ille
2703 2197 2814 2250 vitii
2870 2211 3064 2264 parens
3106 2203 3160 2248 et
3204 2193 3446 2259 ell'ector,

194 2278 310 2332 ideo
357 2293 418 2334 se
477 2281 688 2335 invicto
744 2282 976 2350 quodam
1039 2283 1230 2338 robore
1294 2288 1587 2355 iprmditum
1647 2305 1766 2347 esse
1841 2291 2206 2356 existimabat,
2273 2291 2395 2360 quia
2462 2305 2579 2356 nos,
2632 2304 2727 2360 spe
2765 2289 3060 2344 divinitatis
3102 2289 3310 2358 objecta
3345 2296 3461 2340 tan-

195 2384 350 2438 quam
402 2369 662 2424 illecebra
723 2373 999 2441 quadam,
1081 2372 1134 2426 in
1193 2371 1431 2429 fraudem
1487 2377 1812 2448 induxerat;
1857 2383 1976 2437 ideo
2021 2381 2134 2450 ipse
2193 2394 2407 2449 quoque
2467 2390 2648 2434 carnis
2691 2365 2965 2447 hprzctextu
3025 2379 3316 2455 inescatur,
3365 2386 3444 2440 ut,

196 2463 313 2516 dum
358 2465 516 2532 quasi
570 2465 623 2518 in
667 2466 928 2520 Adamum
982 2466 1234 2535 impetum
1279 2466 1426 2536 facit,
1471 2470 1526 2524 in
1574 2473 1738 2527 Deum
1812 2477 2074 2540 incurrat,
2137 2483 2297 2542 atque
2358 2473 2433 2527 ita
2499 2486 2668 2527 novus
2732 2470 2970 2526 Adamus
3019 2469 3259 2541 pristinae
3302 2468 3462 2524 saluti
3500 2456 3596 2511 Γ

1407 2567 1784 2637 sententiaque
1859 2575 2118 2625 adversus
2189 2583 2408 2624 carnem
2464 2565 2811 2638 pronuntiata
2853 2565 3228 2630 rcscindatur,
3288 2574 3464 2620 morte

194 2567 245 2612 et
314 2557 712 2628 incolumitati.
756 2568 989 2612 veterem
1081 2572 1331 2626 asserat,

195 2649 450 2704 nimirum
485 2665 514 2702 a
542 2664 707 2703 carne
724 2664 979 2718 oppressa
1009 2660 1062 2706 et
1090 2651 1434 2721 interempta.

263 2744 356 2797 IA'.
394 2744 476 2815 Τῇ
511 2744 610 2814 μὲν
647 2740 739 2797 οὖν
771 2743 879 2814 (55)
915 2747 1164 2817 γεννήσει
1206 2748 1274 2800 τά
1321 2748 1507 2802 εἰκότα
1554 2767 1784 2822 προεορ-

195 2835 439 2906 τάσαμεν
502 2834 640 2906 (54),
677 2834 786 2904 ἐγώ
833 2853 893 2888 τε
946 2838 974 2888 ὁ
1006 2838 1105 2908 τῆς
1151 2841 1345 2910 ἑορτῆς
1405 2840 1653 2912 ἔξαρχος,
1690 2844 1782 2896 καὶ

1971 2745 2113 2803 XIV.
2147 2745 2266 2801 Jam
2317 2745 2516 2801 Christi
2552 2758 2766 2814 quruem
2809 2742 3073 2798 Nativitas
3119 2743 3286 2814 686
3333 2757 3471 2797 cen-

1892 2856 2024 2911 grua
2081 2837 2423 2892 solemnitate
2484 2834 2652 2904 prius,
2697 2844 2808 2888 tum
2860 2848 2888 2886 a
2928 2849 3013 2888 me
3052 2833 3174 2888 festi
3225 2838 3358 2888 duce
3414 2844 3470 2889 et

199 2928 374 2998 ὑμεῖς,
420 2929 519 2981 καὶ
572 2930 680 2981 πᾶν
742 2929 866 2981 ὅσον
909 2929 1200 3000 ὲγκόσμιόν
1247 2949 1306 2984 τε
1372 2934 1466 2985 καὶ
1527 2935 1780 3006 ὑπερκό-

1897 2932 2127 3002 auspice,
2163 2939 2272 2983 ιιιιιι
2310 2943 2339 2982 a
2381 2927 2561 3008 vobis,
2592 2937 2754 2997 atque
2783 2927 2918 2982 adeo
2950 2927 3017 2980 ab
3051 2927 3320 2989 omnibus,
3357 2937 3466 2980 tam

201 3036 381 3091 σμιον.
415 3020 577 3073 Μετὰ
633 3020 862 3091 ἀστέρος
904 3021 1234 3093 ὲδράμομεν,
1271 3025 1363 3077 καὶ
1403 3026 1541 3096 μετὰ
1582 3028 1785 3095 Μάγων

201 3112 716 3182 προσεκυνήσαμεν,
773 3113 910 3182 μετὰ
967 3115 1242 3185 ποιμένων
1291 3118 1403 3187 (55)
1455 3120 1786 3191 περιελλάμ-

202 3201 435 3272 φθημεν,
486 3203 582 3254 καὶ
630 3202 767 3272 μετά
819 3204 1066 3273 ἀγγέλων
1124 3205 1478 3278 ὲδοξάσαμεν,
1516 3211 1652 3280 μετὰ
1687 3211 1787 3263 Συ-

205 3293 346 3365 μεὼν
380 3294 887 3366 ὲνηγκαλισάμεθα,
923 3298 1017 3349 καὶ
1063 3298 1202 3368 μετὰ
1236 3301 1435 3369 Ἀννης
1475 3301 1786 3372 ἀνθωμολο-

202 3385 493 3455 γησάμεθα
533 3385 670 3455 (56),
703 3387 804 3456 τῆς
833 3388 1063 3458 γεραιᾶς
1096 3388 1191 3441 καὶ
1220 3386 1529 3458 σώφρονοςο
1559 3391 1653 3442 καὶ
1687 3391 1787 3460 χά-

207 3494 286 3545 ρις
309 3476 388 3546 τῷ
419 3480 502 3540 εἰς
555 3478 622 3531 τὰ
667 3478 773 3531 ἴδια
807 3478 1012 3532 ἐλθόντι
1048 3477 1360 3550 ἀλλοτρίως,
1404 3481 1484 3533 ὅτι
1520 3480 1609 3534 τὸν
1641 3480 1788 3544 ξένον

205 3568 476 3634 ἐδόξασεν.
511 3569 646 3622 Νυνὶ
696 3570 751 3622 δὲ
799 3571 996 3642 πρᾶξις
1047 3572 1181 3642 ἄλλη
1228 3573 1488 3645 Χριστοῦ,
1525 3575 1618 3626 καὶ
1663 3573 1790 3627 ἄλλο

210 3662 528 3732 μυστήριον.
578 3661 651 3715 Οὔ
684 3661 916 3733 δύναμαι
959 3665 1207 3734 κατέχειν
1263 3665 1360 3734 τὴν
1423 3665 1614 3737 ἡδονὴν
1646 3704 1662 3731 ,
1708 3666 1792 3719 ἔν-

211 3751 323 3815 θεος
349 3753 467 3824 (57)
509 3753 756 3824 γίνομαι,
791 3756 1008 3826 ’μικροῦ
1040 3756 1155 3820 καὶ,
1185 3756 1259 3819 ὼς
1302 3757 1576 3828 Ἰωάννης,
1626 3760 1791 3828 εὐαγ-

211 3845 515 3916 ’ίελὶζομαιν
553 3849 600 3899 εξ
634 3847 728 3899 καὶ
764 3847 839 3918 μὴ
876 3847 1215 3919 πρόδρομος›
1251 3847 1363 3902 ἀλλ’
1391 3850 1497 3903 ἀπὸ
1519 3851 1615 3919 τῆς
1666 3852 1794 3923 ἐρη·

215 3937 358 4004 μίας.
391 3938 630 4009 Χριστὸς
676 3939 969 4008 φωτίζεται
993 3980 1006 4004 ,
1057 3942 1594 4012 συναναστράιξσωμεν
1630 3943 1741 4013 (58)
1775 3961 1788 3974 °

213 4030 444 4101 Χριστὸς
467 4032 812 4102 βαπτίζεται,
831 4033 1309 4105 συγκατέλθωμεν,
1329 4036 1415 4092 ἵνα
1439 4037 1532 4089 καὶ
1550 4037 1795 4089 συνανέλ-

215 4121 411 4193 θωμεν.
450 4124 781 4188 Βαπτίςεται
852 4126 1060 4196 Ἰησοῦς
1093 4145 1105 4157 ·
1163 4127 1320 4181 τοῦτο
1366 4129 1558 4198 μόνον;
1616 4129 1648 4200 ἢ
1701 4131 1794 4183 καὶ

214 4215 278 4267 τὰ
307 4217 440 4269 ἄλλα
473 4217 582 4286 (59)
630 4220 815 4289 τηρεῖν
860 4217 1132 4288 ἐπιμελῶς
1163 4219 1494 4287 ἀναγκαῖον;
1531 4221 1626 4284 Τίς
1673 4220 1747 4273 ὢν
1777 4239 1790 4285 ;

217 4306 306 4357 καὶ
327 4307 483 4379 παρὰ
511 4306 685 4370 τίνοςς
731 4308 825 4362 καὶ
851 4307 990 4360 κατὰ
1033 4308 1273 4379 πηνίκα;
1323 4309 1379 4362 'O
1407 4310 1668 4382 καθαρὸς,
1699 4313 1792 4367 καὶ

216 4399 360 4468 ππρᾶ
405 4399 695 4460 Ἰωάννου,“
723 4400 816 4452 καὶ
854 4399 962 4452 τῶν
1021 4400 1263 4470 σημείων
1305 4400 1640 4472 ἀρχόμενος;
1679 4404 1794 4456 Ἵνα

218 4489 266 4540 τί
298 4485 583 4560 μάθωμεν,
621 4493 716 4543 καὶ
762 4491 814 4543 τί
848 4490 1263 4562 παιδευθῶμεν;
1299 4492 1792 4564 Προκαθαίρεσθαι,

219 4583 308 4633 καὶ
333 4585 798 4654 ταπεινοφρονεῖν,
831 4584 924 4636 καὶ
951 4583 1247 4654 κηρύσσειν
1274 4585 1331 4638 ὲν
1359 4583 1673 4654 τελειότητι,
1699 4585 1792 4638 καὶ

219 4673 310 4740 τῆς
365 4677 784 4745 πνευματικῆς,
841 4676 936 4727 καὶ
996 4674 1095 4744 τῆς
1165 4675 1486 4745 σωματικῆς
1552 4675 1789 4745 ἡλικίας.

231 4761 431 4816 Ἐκεῖνο
461 4765 598 4834 πρὸς
622 4766 748 4828 τοὺς
773 4765 833 4817 τὸ
863 4765 1146 4835 βάπτισμα
1172 4765 1571 4836 σχεδιάζοντας,
1595 4767 1687 4818 καὶ
1721 4766 1794 4836 μὴ

221 4856 832 4926 προευτρεπιζομένους,
867 4856 999 4925 μηδὲ
1036 4855 1094 4908 τὸ
1125 4855 1368 4925 ἀσφαλὲς
1415 4860 1482 4927 τῇ
1531 4854 1794 4926 λυτρώσει

290 4948 329 4978 ¹⁹
355 4947 442 5001 Ps.
473 4963 642 5011 van,
670 4947 757 5003 5-1.
836 4948 879 4978 ³ο
910 4947 1098 5020 Matth.
1138 4963 1198 5013 ιι,
1240 4947 1264 5000 1
1302 4963 1424 5016 sqq.

225 5133 257 5188 ᾇ
291 5062 397 5129 (51)
440 5064 762 5128 Ἀτρεπτον
846 5061 976 5117 Tres
1041 5062 1230 5132 Regg.,
1285 5053 1506 5116 Coislal
1553 5073 1604 5117 et
1628 5063 1720 5118 Or.
1750 5064 1799 5128 1,

259 5149 508 5188 τοεπτος.
1615 5156 1622 5162 -

259 5149 346 5186 τοε
357 5149 508 5186 πτος.
1615 5156 1622 5162 ’

619 5201 750 5272 Reg-
784 5202 872 5271 ph,
921 5218 1016 5257 sex
1064 5201 1220 5259 Colb.
1271 5212 1324 5258 et
1367 5201 1514 5258 Or.l
1575 5203 1800 5266 addunt,

225 5287 302 5326 εκ.

259 5411 267 5420 ,
295 5341 407 5408 (53)
439 5341 520 5420 Τῇ
678 5339 812 5408 οὖν,
841 5357 945 5399 etc.
977 5343 1176 5420 _B_i|lius
1228 5343 1280 5397 in
1324 5346 1505 5420 prima
1543 5342 1800 5420 editione,

229 5412 302 5463 sic
338 5415 506 5481 magis
534 5414 600 5464 ad
631 5412 864 5467 litteram
899 5413 1209 5469 reddiderat
1254 5431 1269 5469 :
1306 5433 1325 5464 ι
1353 5415 1420 5468 At
1448 5413 1650 5467 Christi
1685 5414 1803 5480 qui-

233 5483 342 5532 dem
373 5480 725 5535 Nativitatem
763 5484 1084 5550 congruenti
1135 5483 1478 5538 solemnitate
1532 5481 1800 5549 prosecuti

233 5564 430 5672 :tlmtus,
495 5561 606 5606 tum
661 5566 761 5619 ego
807 5553 940 5614 festi
986 5556 1091 5609 dux
1145 5563 1199 5606 et
1236 5569 1458 5624 auspex,
1493 5565 1603 5608 tum
1639 5567 1750 5615 vos,
1779 5571 1797 5602 ι

285 5634 330 5672 c.

285 5634 330 5672 (⁸.

443 5692 950 5765 Προεορτάσαμεν.
987 5695 1080 5750 Or.
1121 5697 1172 5759 1,
1211 5694 1696 5765 προεωρτάσαμεν.

301 5759 407 5814 (35)
449 5763 606 5818 Μετὰ
628 5759 950 5823 ’ποιιιέὧωικ
979 5767 1129 5820 Plin“
1156 5789 1160 5792 ·
1191 5759 1370 5822 codd..
1397 5759 1490 5818 Ξιαὶ
1519 5759 1654 5815 μετὰ
1681 5777 1801 5816 ποι-

1499 4947 1543 4978 ²¹
1582 4946 1715 5000 Luc.
1748 4962 1808 5010 ιι,
1839 4944 1872 5000 9
1902 4960 2026 5014 sqq.

1890 3023 1983 3092 qui
2036 3022 2088 3076 in
2146 3020 2346 3074 mundo
2400 3025 2704 3084 versantur,
2753 3033 2910 3085 quam
2953 3016 3044 3086 qui
3077 3016 3276 3070 mundo
3309 3015 3472 3070 subli-

1890 3116 2090 3170 miores
2165 3123 2310 3178 sunt,
2381 3111 2651 3166 celebrata
2712 3119 2813 3165 est.
2858 3108 2990 3165 Cum
3061 3109 3216 3164 stella
3276 3124 3470 3163 cucur-

1893 3210 2078 3272 rimus,
2135 3222 2254 3261 cum
2299 3205 2468 3268 Magis
2526 3203 3112 3266 adoravimus”,cum
3171 3201 3473 3271 pastoribus

1891 3301 2008 3356 luce
2041 3299 2352 3356 circumfusi
2386 3313 2594 3359 sumus,
2628 3313 2750 3352 cum
2811 3297 3017 3365 angelis
3057 3295 3293 3348 divinam
3352 3293 3473 3362 εισ-

1893 3398 2026 3449 riam
2063 3393 2502 3462 praedicavimus,
2551 3406 2672 3446 cum
2729 3389 3058 3444 Simeonein
3089 3387 3214 3442 ulna
3261 3385 3473 3455 accepi—

1893 3499 2032 3548 mus,
2096 3498 2218 3537 cum
2277 3482 2453 3546 Anna,
2509 3479 2631 3543 illa,
2673 3478 2926 3548 inquam,
2970 3476 3150 3531 vetula
3206 3485 3260 3530 et
3322 3484 3473 3528 casta

1893 3575 2113 3640 femina,
2138 3572 2373 3628 confessi
2411 3571 2688 3636 sumus“;
2718 3569 2766 3623 ei
2793 3583 3029 3638 quoque,
3069 3567 3156 3636 qui
3186 3574 3241 3619 ut
3267 3565 3476 3620 alienus

1894 3670 1945 3725 in
1975 3668 2190 3738 proin-ia
2227 3667 2372 3722 venit
2399 3667 2464 3730 ¹¹,
2496 3665 2668 3734 gratia
2712 3664 2996 3724 habeatur,
3039 3659 3182 3729 quod
3223 3669 3472 3712 exterum

1885 3761 2168 3817 hominem
2216 3769 2271 3814 et
2310 3758 2652 3830 peregrinum
2691 3755 2856 3824 gloria
2909 3752 3106 3807 ail'ecit.
3162 3750 3316 3806 Nunc
3343 3762 3475 3804 vero

1895 3855 1998 3909 alia
2052 3853 2256 3910 Christi
2303 3853 2482 3920 actio,
2533 3850 2786 3920 aliudque
2837 3847 3152 3918 mysterium
3207 3843 3474 3913 sequitur.

1895 3946 2074 4000 Animi
2122 3945 2452 4014 voluptatem
2504 3951 2687 3996 tenere
2733 3955 2941 4008 nequeo
2970 3979 2985 4005 ,
3048 3935 3232 3991 divino
3291 3933 3476 3988 furore

1896 4036 2201 4105 corripior;
2268 4033 2654 4105 propemodum
2727 4033 2928 4095 etiam,
2981 4027 3203 4084 Joannis
3265 4027 3474 4091 instar,

1901 4126 2140 4180 faustum
2191 4125 2446 4180 nuncium
2491 4123 2729 4194 profero,
2761 4137 2866 4176 non
2905 4134 3206 4192 praecursor
3234 4118 3474 4188 quidem,

1900 4233 1957 4276 ut
2012 4220 2138 4286 ille,
2179 4229 2433 4275 cancrum
2482 4232 2511 4270 a
2568 4216 2858 4271 solitudine
2915 4215 3159 4270 veniens.
3229 4211 3476 4266 Christus

1901 4313 2261 4376 illuminatur,
2300 4309 2460 4364 simul
2495 4309 2864 4372 illustremur;
2919 4306 3166 4360 Christus
3233 4303 3478 4372 baptiza-

1904 4395 2075 4461 tur”,
2119 4394 2278 4450 simul
2311 4391 2720 4456 descendainus,
2776 4401 2832 4441 ut
2875 4388 3038 4442 simul
3089 4388 3251 4442 etiam
3284 4399 3475 4439 ascen-

1911 4487 2121 4542 damus.
2160 4483 2316 4537 Jesus
2365 4483 2692 4549 baptizatur.
2736 4477 2872 4532 Num
2923 4478 2974 4530 id
3031 4475 3202 4531 solum
3228 4484 3476 4545 spectan-

1900 4579 2024 4632 dum
2052 4575 2180 4632 est?
2243 4574 2434 4640 Nonne
2464 4582 2518 4626 et
2566 4571 2668 4626 alia
2725 4571 2887 4626 etiam
2949 4567 3135 4624 sedulo
3189 4567 3478 4621 observare

1896 4671 2085 4740 juvat?
2110 4669 2370 4723 Nimirum
2410 4667 2552 4735 quis,
2580 4676 2634 4719 et
2679 4681 2707 4718 a
2737 4678 2865 4733 quo,
2906 4671 2962 4718 et
3012 4659 3264 4731 quando?
3303 4660 3480 4714 Purus

1904 4759 2198 4823 videlicet,
2256 4767 2310 4812 et
2367 4772 2394 4810 ιι
2450 4755 2677 4817 Joanne,
2736 4763 2790 4808 et
2819 4761 2953 4818 tum,
3019 4765 3140 4805 cum
3201 4749 3477 4819 signoruni

1905 4852 2236 4908 edendorum
2267 4852 2475 4905 initium
2517 4847 2760 4903 fumaret?
2787 4845 2924 4912 Quid
2954 4853 3010 4899 ut
3051 4843 3174 4900 inde
3201 4843 3476 4900 discamus

2108 4945 2152 4974 ²¹
2196 4943 2348 4998 Joan.
2380 4958 2417 5006 ι,
2467 4940 2552 4992 11.
2630 4939 2675 4970 ³³
2705 4938 2874 4992 Marc.
2907 4952 2948 5003 ι,
2978 4936 3010 4992 8
3039 4950 3159 5006 sqq.

1955 5061 2109 5115 ένων.

1914 5081 2109 5201 “52%
2144 5125 2798 5201 Ὰνθωμολογησᾴμεθα,
2831 5131 2943 5201 etc.
3011 5122 3186 5201 «Cum
3213 5123 3365 5201 anna
3399 5120 3480 5175 vi-

1912 5192 2094 5256 cissim
2139 5211 2194 5254 et
2241 5192 2402 5252 veluti
2459 5192 2788 5251 succinendo
2829 5193 3068 5247 Simeoni
3123 5192 3354 5246 confessi
3389 5207 3479 5246 su-

1911 5288 2050 5328 mus.
2085 5291 2102 5322 ι
2149 5267 2244 5321 Vel
2293 5270 2478 5332 etiam,
2510 5277 2566 5319 ut
2608 5264 2826 5332 exponit
2873 5261 3109 5326 Nicetas,
3146 5278 3164 5312 ι
3193 5277 3288 5332 pro
3327 5274 3483 5315 acce-

1913 5343 2020 5412 ptis
2044 5339 2330 5412 heneiiciis
2351 5339 2550 5412 gratias
2571 5337 2799 5412 egimus.
2828 5352 2846 5384 ι

1982 5410 2092 5480 (57)
2125 5397 2393 5472 Ἕνθεοξ.
2441 5397 2688 5473 Οιιίιιίῇιθ
2717 5402 2884 5474 chg.
2939 5413 2994 5457 et
3035 5413 3142 5456 tres
3173 5397 3351 5464 Colb.,
3398 5397 3484 5452 ἒν-

1903 5481 2043 5544 θους.
2213 5515 2216 5520 -

1979 5540 2089 5618 (38)
2149 5545 2770 5618 Συναναστρὰψωμεν.
2832 5543 3018 5598 Plures
3063 5540 3280 5610 optima:
3346 5549 3483 5594 noun

1903 5615 2142 5675 codd.'et
2165 5620 2310 5678 Bas.,
2340 5615 2823 5686 συναστράψωμεν.

1973 5690 2084 5759 (59)
2116 5691 2188 5743 Ἢ
2215 5689 2312 5741 καὶ
2342 5687 2413 5741 τὰ
2453 5677 2641 5740 (illa:
2684 5677 2771 5740 Sic
2809 5697 2903 5738 sex
2941 5681 3106 5751 chg.
3138 5681 3296 5736 Deest
3326 5679 3394 5733 τά
3429 5677 3480 5732 in

1903 5764 1990 5817 ed.
