4010 6316
560 277 656 330 551

1756 278 1818 331 S.
1860 275 2184 332 GREGORII
2228 272 2569 332 τηεοιοοι

3691 268 3790 321 ’552

559 399 616 444 et
645 389 711 444 do
744 390 969 443 e'imur?
999 388 1197 459 Nempe
1246 392 1643 463 purgationem,
1684 393 1956 463 animique
1982 410 2130 448 sum-

2247 394 2638 466 (αριζομένους,
2665 390 2752 444 διὰ
2788 389 2886 459 τῆς
2929 390 3007 451 εἰς
3052 386 3111 440 τὸ
3159 385 3317 440 καλὸν
3338 384 3522 450 ἕξεως.
3557 384 3662 437 Καὶ
3688 385 3790 455 γὰρ

560 480 875 534 missionem
911 482 1060 551 prius
1093 481 1449 536 adhibendam
1476 498 1618 543 esse,
1647 498 1743 538 nec
1772 484 2127 539 concionandi

560 571 908 639 provinciam,
935 581 1059 625 ante
1084 572 1279 640 suscipi
1305 573 1521 633 debere,
1551 589 1711 641 quam
1738 575 1802 626 ad
1824 572 2128 642 spiritualis

561 670 618 715 et
646 676 916 731 corporeze
945 662 1122 716 anatis
1150 662 1535 733 perfectionem
1561 674 1777 716 ventum
1810 663 1988 717 fuerit.
2018 663 2129 718 Hoc

561 752 629 802 ad
656 763 748 803 eos
778 749 979 803 dictum
1025 751 1207 814 velim,
1243 754 1333 820 qni
1386 753 1565 806 subito
1596 762 1648 805 et
1680 762 1877 806 lemcre
1904 753 1969 805 ad
2001 752 2130 821 bap-

565 838 778 892 tismum
832 843 1116 906 accedunt,
1174 858 1273 895 nec
1321 844 1384 894 ad
1416 857 1536 896 eum
1597 851 1989 911 praeparantur,
2033 856 2134 895 nec

563 943 659 997 per
690 929 852 983 animi
891 932 1353 997 constitutionem,
1390 933 1455 985 ad
1494 932 1708 985 virtutis
1738 932 1975 985 habitum
2013 945 2135 999 per-

564 1030 793 1094 vectam,
832 1022 882 1075 id
916 1033 1103 1093 agunt,
1146 1034 1200 1078 ut
1240 1026 1531 1093 redemptio
1590 1023 1719 1093 ipsis
1779 1032 1922 1076 certa
1971 1033 2134 1091 atque

565 1111 846 1168 incolumis
904 1126 1139 1169 maneat.
1204 1115 1519 1184 Quanquam
1586 1116 1727 1170 enim
1789 1114 1889 1168 hoc
1959 1116 2131 1184 gratia

568 1201 748 1266 affert,
782 1212 838 1257 ut
867 1207 1151 1273 praeteritm
1180 1222 1332 1261 noxa:
1385 1208 1734 1261 remittantur
1758 1206 1951 1274 (gratia
1990 1205 2132 1259 enim

567 1293 695 1360 est),
716 1292 840 1347 hinc
875 1295 1044 1363 magis
1065 1297 1381 1360 cavendum,
1405 1312 1470 1351 ne
1506 1296 1570 1349 ad
1598 1296 1843 1349 eumdem
1876 1296 2132 1349 vomitum

570 1382 871 1436 redeamus.
908 1383 1020 1437 Hoc
1051 1400 1263 1454 quoque
1300 1386 1351 1439 in
1391 1401 1483 1440 eos
1523 1386 1719 1451 valeat,
1748 1385 1836 1453 qui
1878 1385 2135 1439 adversus

570 1473 811 1542 mysterii
859 1475 1259 1543 dispensatores
1329 1476 1648 1530 insolentius
1708 1474 2040 1539 efferuntur,
2089 1474 2135 1529 si

569 1562 828 1632 dignitate
886 1564 1114 1632 quadam
1163 1573 1443 1633 prtestent.
1475 1565 1715 1619 Tertium
1754 1566 1820 1617 ad
1859 1579 1951 1618 eos
1984 1577 2136 1633 spec—

572 1663 681 1719 tat,
726 1653 815 1723 qni
866 1654 1089 1723 juvenili
1150 1666 1308 1711 aetate
1348 1657 1656 1721 confidunt,
1706 1666 1866 1724 atque
1911 1656 2135 1725 quodvis

2234 489 2280 540 εἰ
2308 489 2499 556 ἄφεσιν
2529 485 2640 554 ἔχει
2660 484 2769 537 τῶν
2792 481 3166 553 παρελθόντων
3186 479 3247 531 τὸ
3278 477 3517 547 χάρισμα
3539 474 3793 545 (χάρισμα

2232 577 2384 646 γὰρ),
2409 574 2543 628 ἀλλὰ
2568 575 2686 628 τότε
2726 572 2925 644 μᾶλλον
2953 570 3235 632 εὐλαϐείας
3268 567 3435 632 ἄξιον,
3458 566 3531 638 μὴ
3554 567 3685 637 πρὸς
3710 568 3793 618 τὸν

2232 668 2392 721 αὑτὸν
2427 667 2617 737 ἔμετον
2638 664 3043 734 ἐπανέλθωμεν.
3080 660 3249 713 Τοῦτο
3289 660 3422 730 πρὸς
3442 658 3567 722 τοὺς
3582 660 3796 725 ἐπαιροσ

2236 758 2429 828 μένους
2448 758 2587 810 κατὰ
2619 756 2726 809 τῶν
2763 754 3061 824 οἰκονόμων
3096 750 3188 803 τοῦ
3226 748 3545 819 μυστηρίου,
3584 747 3649 799 ἂν
3678 746 3794 817 ἀξίᾳ

2231 848 2336 900 τινὶ
2363 847 2684 919 προέχωσιν.
2716 846 2788 898 Τὸ
2811 844 2990 915 τρίτον
3018 841 3151 913 πρὸς
3171 842 3296 903 τοὺς
3326 839 3662 911 θαρροῦντας
3686 840 3791 891 νεός

2231 953 2375 1006 τητι,
2411 936 2503 988 καὶ
2534 934 2709 987 πάντα
2743 933 2930 1001 καιρὸν
2954 932 3233 1001 οἰομένους
3271 924 3409 982 εἶναι
3436 928 3791 990 διδασκαλίας,

2233 1027 2266 1098 ἦ
2302 1026 2608 1098 προεδρίας.
2650 1025 2856 1095 Ἰησοῦς
2906 1024 3253 1093 καθαίρεται·
3292 1021 3387 1074 καὶ
3426 1022 3488 1074 σὺ
3534 1037 3794 1089 καταφρο-

2234 1121 2344 1180 νεῖς
2370 1118 2468 1186 τῆς
2501 1118 2854 1186 καθάρσεως
2904 1114 3041 1167 ’Υπὸ
3092 1112 3368 1166 Ἰωάννου·
3420 1111 3513 1163 καὶ
3564 1112 3626 1163 σὺ
3672 1126 3795 1161 κατη

2236 1208 2575 1271 εξανίστασαι
2614 1206 2707 1260 τοῦ
2765 1206 2856 1259 σοῦ
2883 1207 3152 1277 κήρυκοςς
3202 1201 3634 1275 Τριακονταέτης
3681 1200 3751 1252 ὢν
3779 1218 3792 1230 ·

2237 1300 2328 1352 καὶ
2356 1300 2418 1352 σὺ
2450 1300 2554 1370 πρὸ
2588 1300 2685 1369 τῆς
2714 1299 2985 1367 γενειάδος
3012 1298 3280 1359 διδάσκεις
3308 1296 3432 1356 τοὺς
3461 1293 3735 1364 γέροντας,
3764 1292 3794 1362 ἦ

2238 1392 2298 1444 τὸ
2322 1392 2589 1444 διδάσκειν
2626 1390 2738 1462 (60)
2775 1389 3071 1451 πιστεύεις,
3100 1387 3224 1440 οὔτε
3266 1384 3416 1455 παρὰ
3443 1384 3540 1453 τῆς
3569 1382 3795 1452 ἡλικίας,

2237 1480 2356 1535 οὔτε
2390 1481 2539 1552 παρὰ
2586 1481 2678 1533 τοῦ
2737 1480 2939 1551 τρόπου
2987 1480 3149 1549 τυχὸν
3190 1478 3327 1547 ἔχων
3380 1475 3438 1528 τὸ
3486 1474 3795 1542 αἱδέσιμον;

2238 1566 2369 1623 Εἶτα
2412 1572 2440 1623 6
2487 1568 2683 1639 Δανιὴλ
2726 1568 2980 1632 ἐνταῦθα,
3043 1568 3133 1620 καὶ
3182 1569 3209 1620 6
3263 1566 3428 1627 δεῖνα,
3461 1563 3571 1615 νέοι
3603 1563 3795 1633 κριταὶ,

2239 1657 2333 1710 καὶ
2386 1657 2451 1710 τά
2509 1656 2925 1729 παραδείγματα
3002 1655 3094 1707 ἐπὶ
3167 1653 3439 1723 γλώσσης.
3501 1654 3616 1713 Πᾶς
3698 1650 3798 1720 γὰρ

574 1754 780 1814 tempus
819 1747 884 1799 ad
927 1747 1251 1812 docendum,
1286 1757 1380 1802 aut
1408 1748 1665 1803 antistitis
1697 1763 1889 1800 munus
1932 1748 2135 1801 obeun-

2247 1748 2440 1802 ἀδικῶν
2496 1748 2576 1809 εἰς
2634 1746 2925 1813 ἀπολογίαν
3003 1744 3239 1814 ἕτοιμος.
3317 1743 3452 1795 Ἀλλ’
3523 1745 3585 1795 οὐ
3649 1741 3799 1810 νόμος

571 1837 718 1900 dum,
750 1838 995 1892 idoneum
1033 1853 1155 1894 esse
1178 1840 1531 1894 arbitrantur.
1578 1839 1734 1895 Iesus
1763 1849 2049 1908 purgatur;
2080 1847 2135 1891 et

573 1935 627 1979 tu
658 1929 1027 1997 purgationem
1060 1933 1403 1985 contemnis?
1433 1932 1471 1983 A
1504 1930 1748 1996 Joanne;
1784 1941 1836 1985 et
1869 1942 1919 1984 tu
1947 1930 2137 1984 adver-

573 2031 665 2071 sus
691 2032 986 2085 prmconem
1025 2032 1169 2074 tuum
1200 2020 1486 2088 insurgis?
1534 2018 1893 2074 Tricesimnm
1933 2034 2131 2073 annum

2254 1836 2602 1906 Ἑκκλησίας,
2633 1836 2694 1888 τὸ
2724 1834 2985 1887 σπάνιον’
3046 1833 3204 1905 εἴπερ
3263 1831 3395 1901 μηδὲ
3443 1829 3542 1900 μία
3590 1827 3799 1899 χελιδὼν

2240 1927 2340 2000 ἔαρ
2383 1930 2543 1991 ποιεῖ,
2584 1927 2721 1999 μηδὲ
2779 1925 3013 1997 γραμμὴ
3070 1924 3169 1995 μία
3219 1925 3308 1977 τὸν
3361 1921 3716 1991 γεωμέτρην,
3766 1915 3798 1984 ἢ

2239 2019 2403 2083 πλοῦς
2435 2014 2514 2083 εἷς
2554 2020 2641 2072 τὸν
2673 2018 2979 2073 Θαλάττιον.

572 2120 861 2177 agens;et
912 2124 963 2166 tu
1023 2123 1147 2167 ante
1208 2113 1513 2181 lanuginem
1568 2129 1727 2170 senes
1781 2115 1979 2181 doces,
2042 2126 2130 2169 aut
2175 2115 2366 2169 docere
2386 2124 2436 2168 te
2461 2129 2618 2182 posse
2642 2116 2837 2176 credis,
2864 2128 2962 2166 nec
2993 2112 3057 2165 ab
3086 2119 3263 2173 aetate,
3323 2124 3423 2163 nec
3478 2122 3504 2160 a
3567 2103 3799 2186 moribus

573 2198 841 2267 fortasse,
895 2207 1271 2260 auctoritatem
1343 2207 1585 2261 habens?
1635 2209 1711 2262 Ac
1783 2208 1974 2263 deinde
2042 2209 2126 2262 hic
2171 2208 2352 2262 Daniel
2411 2209 2701 2278 profertur,
2758 2218 2866 2261 tum
2910 2209 3049 2273 iste,
3111 2218 3218 2259 tmn
3297 2204 3431 2267 ille,
3493 2202 3547 2254 in
3595 2195 3803 2281 juveuili

571 2301 729 2346 aetate
773 2296 1003 2363 jndices,
1051 2305 1102 2349 et
1182 2296 1294 2349 haec
1337 2296 1578 2364 exempla
1632 2297 1685 2350 in
1739 2312 1833 2350 ore
1908 2307 2210 2351 versantur.
2253 2296 2508 2367 Quisquis
2556 2297 2697 2351 enim
2759 2297 2938 2364 inique
2989 2295 3131 2364 agit,
3185 2294 3249 2348 ad
3305 2292 3388 2346 sui
3440 2290 3796 2345 defensionem

575 2393 850 2450 promptus
889 2394 937 2438 et
969 2397 1188 2453 paratus
1213 2394 1313 2439 est.
1349 2385 1510 2454 687
1536 2385 1639 2439 Sed
1674 2402 1778 2441 non
1818 2387 2042 2440 habetur
2080 2399 2135 2440 ut
2174 2386 2426 2441 Ecclesia.-
2451 2387 2560 2447 lex,
2584 2386 2723 2456 quod
2758 2401 2877 2439 rarc
2935 2386 3127 2439 accidit
3165 2401 3177 2437 :
3243 2379 3674 2451 quandoquidem
3714 2393 3804 2433 nec

576 2473 805 2527 hirundo
833 2491 937 2528 una
980 2491 1073 2530 ver
1107 2475 1285 2540 eflicil,
1324 2493 1421 2530 nec
1459 2488 1787 2544 geometram
1821 2493 1925 2531 una
1968 2479 2129 2542 linea,
2175 2493 2273 2531 nec
2305 2479 2537 2547 denique
2566 2486 2781 2530 nautam
2810 2490 2911 2528 una
2947 2474 3235 2543 navigatio.

644 2560 761 2615 XV.
794 2561 1056 2622 Cmterum
1105 2564 1337 2634 baptizat
1380 2564 1641 2630 Joannes,
1689 2566 1847 2623 Jesus
1894 2569 2134 2633 accedit;

579 2651 756 2705 forsan
785 2652 996 2718 quidem
1029 2653 1277 2722 utipsum
1335 2670 1569 2723 quoque,
1600 2672 1626 2707 a
1659 2671 1765 2724 quo
1805 2657 2138 2726 baptizatur,

576 2742 862 2797 sanctitate
907 2743 1138 2811 alliciat;
1188 2746 1537 2814 proculdubio
1596 2757 1816 2813 autem,
1865 2757 1922 2801 ut
1973 2758 2140 2803 totum

586 2841 819 2887 veterem
855 2833 1116 2888 Adamum
1142 2836 1193 2889 in
1235 2838 1386 2905 aquis
1424 2839 1674 2907 sepeliat:
1710 2849 1832 2893 ante
1864 2840 1959 2893 hos
1992 2854 2143 2903 vero,

574 2933 629 2976 et
652 2934 869 2993 propter
892 2927 1013 2992 hos,
1052 2925 1340 2982 Jordanem
1364 2931 1746 2995 sanctificans;
1778 2940 1855 2995 nt,
1888 2930 2144 2998 quemad-

2323 2568 2423 2621 IE'.
2460 2566 2604 2637 Πλὴν
2648 2564 2896 2635 Ἰωάννης
2928 2562 3202 2635 βαπτίζει,
3256 2563 3531 2635 πρόσεισιν
3571 2558 3802 2629 Ἰησοῦςο

2250 2638 2489 2726 ἁιίιάσων
2516 2657 2673 2728 τυχὸν
2708 2658 2803 2727 μὲν
2835 2657 3042 2709 καὶτὸν
3083 2656 3414 2727 βαπτιστήν
3449 2655 3510 2705 τὸ
3541 2654 3600 2706 δὲ
3624 2650 3806 2722 πρόδη-

2249 2749 2359 2811 λον,
2388 2750 2563 2803 πάντα
2593 2750 2683 2801 τὸν
2718 2748 2945 2801 παλαιὸν
2977 2748 3169 2818 Ἀδὰμ,
3210 2748 3274 2798 ἶν’
3300 2744 3505 2817 ἐνθάψῃ
3536 2744 3616 2813 τῷ
3646 2742 3803 2795 ὕδατι*

2251 2838 2359 2908 πρὸ
2387 2838 2443 2891 δὲ
2476 2839 2678 2892 τούτων
2714 2840 2807 2892 καὶ
2834 2839 2920 2891 διὰ
2956 2837 3176 2899 τούτους
3211 2835 3341 2903 (61),
3370 2833 3459 2886 τὸν
3506 2834 3803 2910 Ἰορδάνην

2252 2930 2441 3000 ὥσπερ
2472 2927 2541 2999 ἦν
2576 2931 2789 3000 πνεῦμα
2816 2930 2908 2983 καὶ
2936 2930 3091 3000 σὰρξ,
3127 2925 3269 2979 οὕτω
3300 2925 3576 2995 Πνεύματι
3603 2921 3805 2977 τελειιῖιν

577 3014 792 3067 modum
824 3016 1045 3084 Spiritus
1069 3026 1121 3070 et
1144 3032 1272 3071 caro
1296 3026 1441 3080 erat,
1464 3018 1541 3072 sic
1567 3018 1730 3072 etiam
1760 3033 1853 3087 per
1882 3018 2141 3086 Spiritum

2251 3021 2342 3073 καὶ
2368 3020 2538 3074 ὖδατι.
2578 3021 2651 3072 0-3
2691 3020 2898 3090 δέχεται
2931 3022 2959 3072 6
3003 3018 3311 3086 Βατττιστής
3336 3034 3348 3046 ο
3376 3015 3405 3068 6
3443 3013 3805 3084 ’ῐησοῦςσὰγω-

577 3116 631 3162 ct
673 3122 863 3177 aquam
896 3110 1156 3163 initiaret.
1214 3110 1452 3181 Baptista
1512 3126 1615 3165 non
1663 3111 1933 3165 admittit:
1989 3109 2147 3166 Jesus

577 3209 771 3253 certat.
820 3199 987 3254 Tum:
1023 3200 1130 3271 Ego
1181 3220 1212 3256 a
1263 3212 1311 3256 te
1355 3203 1613 3271 baptizari
1676 3204 1831 3257 debeo
1860 3203 1929 3269 ",
1978 3204 2151 3270 inquit

579 3287 796 3343 lucerna
850 3290 985 3355 Soli,
1043 3306 1144 3345 Vox
1191 3292 1387 3355 Verbo,
1441 3292 1645 3346 amicus
1698 3293 1928 3361 Sponso,
1981 3292 2151 3360 major

578 3380 719 3435 inter
767 3397 955 3437 omnes
1010 3393 1168 3438 natos
1217 3385 1503 3439 mulierum
1538 3385 1608 3448 ",
1661 3385 1838 3438 omnis
1886 3394 2150 3439 creaturae

579 3470 937 3542 Primogcnito
958 3476 1024 3537 ",
1055 3477 1120 3539 is,
1154 3476 1242 3545 qui
1288 3492 1315 3530 a
1374 3484 1616 3531 materno
1644 3484 1830 3529 ventre
1867 3475 2149 3544 praesulta-

583 3571 687 3623 rat,
718 3563 766 3617 ei
797 3566 887 3632 qni
918 3565 969 3619 in
1000 3575 1187 3621 ventre
1222 3568 1471 3621 adoratus
1509 3567 1678 3621 fuerat
1705 3605 1722 3633 ,
1762 3582 2063 3636 prmcursor
2097 3575 2151 3621 et

584 3666 969 3718 prmcursurus,
1001 3657 1049 3709 ei
1102 3658 1192 3725 qui
1255 3666 1577 3726 apparuerat
1617 3668 1779 3727 atque
1838 3658 2140 3728 apparebit.

584 3740 696 3809 Ego
716 3760 747 3795 a
779 3754 826 3797 te
855 3744 1114 3812 baptizari
1145 3746 1301 3801 debeo
1330 3763 1346 3800 :
1372 3748 1528 3814 adde,
1554 3757 1603 3803 et
1645 3764 1740 3817 pro
1785 3758 1857 3803 te.
1893 3747 2153 3817 Explora-

585 3841 697 3886 tum
742 3836 883 3889 enim
917 3838 1147 3892 habebat
1193 3838 1328 3903 fore,
1360 3848 1417 3893 ut
1450 3841 1706 3912 martyrio
1741 3841 2146 3910 baptizaretur;

585 3933 697 3989 aut,
721 3933 778 3978 ut
812 3925 1023 3992 Petrus,
1075 3946 1177 3984 non
1224 3930 1449 4000 pedibus
1490 3930 1756 3985 duntaxat
1804 3941 2149 4002 purgaretur.

587 4012 652 4065 Et
705 4023 761 4067 tu
812 4019 949 4071 venis
989 4020 1057 4072 ad
1106 4019 1421 4076 me”?lloc
1477 4036 1688 4091 quoque
1748 4024 2149 4091 propheticum.

585 4102 844 4160 Futurum
870 4109 1011 4163 enim
1050 4122 1220 4175 norat,
1256 4123 1309 4166 ut
1341 4116 1796 4183 quemadmodum
1831 4126 1959 4186 post
1986 4115 2153 4170 Hero-

585 4196 705 4249 dem
758 4197 961 4257 Pilatus
1018 4203 1241 4272 fureret,
1292 4206 1364 4259 ita
1404 4222 1525 4261 eum
1578 4223 1791 4278 quoque
1841 4208 1990 4275 prius
2046 4209 2151 4263 vita

586 4284 826 4341 functum
875 4290 1121 4348 Christus
1158 4308 1498 4364 sequeretur.
1549 4298 1684 4364 Quid
1740 4308 1918 4352 autem
1957 4297 2153 4353 Jesus?

2248 3114 2454 3178 νίζεται
2476 3131 2488 3143 ο
2518 3112 2667 3181 Ἐγὼ
2702 3113 2909 3180 χρείαν
2936 3112 3053 3180 ἔχω
3084 3110 3199 3165 ὑπὸ
3230 3108 3346 3161 σοῦ
3383 3105 3804 3172 βαπτισθῆναι,

2250 3206 2278 3258 ὁ
2309 3204 2499 3274 λύχνος
2528 3204 2603 3275 τῷ
2652 3205 2813 3274 Ἡλίῳ
2850 3204 3033 3275 φησὶν,
3080 3205 3112 3273 ή
3158 3200 3307 3270 φωνὴ
3339 3198 3415 3268 τῷ
3450 3198 3630 3267 Λόγῳ,
3674 3199 3700 3249 ὁ
3727 3196 3805 3266 φί-

2250 3298 2339 3359 λος
2366 3295 2443 3366 τῷ
2471 3297 2724 3366 Νυμφίῳ,
2759 3298 2787 3348 6
2819 3298 2875 3347 ἐν
2897 3297 3171 3365 γεννητοῖς
3193 3290 3465 3361 γυναικῶν
3486 3290 3629 3360 ὑπὲρ
3653 3289 3807 3341 ᾶπαν-

2250 3406 2365 3451 τας,
2395 3387 2828 3458 τῷθΠρωτοτόκῳ
2856 3387 3036 3455 πάσης
3068 3385 3317 3445 κτίσεως,
3354 3384 3382 3435 6
3412 3379 3805 3451 προσκιρτήσας

2251 3479 2358 3532 ἀπὸ
2389 3479 2644 3547 γαστρὸς,
2674 3478 2752 3546 τῷ
2800 3480 2855 3530 ἐν
2898 3476 3096 3545 γαστρὶ
3131 3472 3584 3544 προσκυνηθέντι,
3619 3472 3647 3522 6
3694 3484 3811 3537 προ-

2250 3570 2471 3643 δραμὼν
2520 3570 2629 3639 (ϐΞ)
2673 3570 2767 3622 καὶ
2818 3566 3321 3639 προδραμούμενος,
3376 3562 3451 3633 τῷ
3485 3561 3702 3631 φανέντι
3726 3558 3808 3611 καὶ

2252 3660 2628 3731 φανησομένῳ.
2674 3657 2821 3728 Ἐγὼ
2885 3658 3090 3727 χρείαν
3146 3658 3262 3726 ἔχω
3306 3654 3423 3709 ὑπὸ
3462 3653 3579 3706 σοῦ
3612 3652 3809 3717 ,βαπτι-

2252 3752 2495 3820 σθῆνιιυ
2515 3748 2746 3821 πρόσθες
2767 3750 2855 3802 καὶ
2873 3749 2953 3811 τὸ,
2970 3748 3107 3819 ὑπὲρ
3123 3744 3513 3817 σοῦβῌδειγάρ
3527 3742 3606 3812 τῷ
3620 3757 3807 3811 μαρτυ-

2255 3844 2355 3916 ρίῳ
2383 3842 2913 3913 βαπτισοησόμενος’
2947 3838 3001 3909 ἢ,
3051 3838 3127 3901 ὼς
3160 3837 3382 3907 Πέτρος,
3437 3835 3510 3905 μὴ
3567 3834 3690 3895 τοὺς
3724 3830 3806 3882 πό-

2252 3936 2348 3998 δας
2378 3934 2533 4005 μόνον
2560 3930 3053 4001 καθαρϐησόμενος.
3089 3928 3198 3982 Καὶ
3240 3926 3319 3981 σὺ
3349 3926 3493 3994 ἔρχῃ
3520 3924 3671 3991 πρὸς
3707 3921 3807 3990 ab;

2253 4027 2363 4078 Καὶ
2394 4024 2553 4077 τοῦτο
2600 4022 2959 4096 προφητικόν.
3001 4020 3155 4092 ’ᾙδει
3200 4019 3306 4089 γὰρ
3353 4018 3427 4080 ὡς
3475 4015 3614 4085 μετὰ
3656 4011 3810 4084 ’Πρώ-

2253 4121 2371 4191 δην,
2421 4119 2650 4172 Πιλᾶτον
2709 4114 3103 4186 μανησόμενον,
3141 4110 3313 4172 οὓτως
3357 4106 3505 4178 αὐτῷ
3546 4104 3807 4177 προαπελ-

2256 4211 2400 4264 Θόντι
2428 4209 2657 4282 Χριστὸν
2679 4209 2957 4277 ἑψόμενον.
2992 4206 3056 4257 Τί
3088 4203 3145 4256 δὲ
3189 4200 3395 4271 Ἰησοῦς
3416 4218 3431 4265 ;
3454 4200 3641 4266 "Aget;
3668 4196 3802 4264 ἄρτι·

2254 4300 2410 4353 τοῦτο
2444 4299 2608 4370 γὰρὴ
2643 4297 2948 4368 οἰκονομία.
2983 4294 3137 4367 ’ᾘδει
3177 4289 3284 4361 γὰρ
3338 4290 3452 4359 μετ’
3498 4288 3696 4356 ὀλίγον,
3726 4285 3810 4337 αὐ-

584 4373 712 4430 Sine
743 4394 878 4433 nunc
901 4382 965 4434 ’⁸.
1000 4382 1114 4441 Hoc
1140 4387 1285 4440 enim
1315 4397 1463 4444 certo
1507 4390 1733 4443 consilio
1773 4399 1827 4444 et
1864 4390 2142 4456 dispensa-

2258 4390 2346 4452 τὸς
2378 4389 2655 4459 βαπτίσων
2706 4387 2796 4439 τὸν
2836 4384 3170 4453 Βαπτιστήν.
3203 4381 3267 4432 Τί
3304 4380 3360 4432 δὲ
3412 4379 3471 4432 τὸ
3505 4377 3707 4441 πτύον;
3752 4373 3809 4426 Ἥ

583 4468 727 4521 tione
772 4473 848 4525 fit.
896 4472 1112 4530 Sciebat
1148 4494 1380 4547 namque
1421 4481 1581 4550 paulo
1634 4492 1754 4549 post
1801 4480 2064 4548 futurum,
2088 4493 2148 4536 ttt

584 4558 699 4627 ipse
754 4560 1047 4631 Baptistatn
1101 4570 1415 4637 baptizaret.
1460 4569 1597 4636 Jam,
1638 4572 1762 4642 quid
1785 4571 2140 4625 ventilabrum

585 4650 855 4717 significat
877 4655 963 4707 "?
994 4655 1392 4727 Purgationcm.
1441 4661 1576 4726 Quid
1629 4663 1767 4732 ignis
1785 4662 1869 4715 ὀἳ
1903 4661 2158 4717 Levitatis

584 4745 1067 4814 consumptionem,
1117 4759 1172 4803 et
1226 4751 1458 4821 Spiritus
1489 4753 1775 4807 fervorem.
1835 4754 1971 4819 Quid
2000 4770 2157 4808 secu-

587 4833 662 4885 ris
689 4832 769 4885 "?
828 4834 1142 4893 Insatiabilis
1187 4841 1394 4907 animi,
1454 4844 1618 4895 etiam
1680 4851 1798 4910 pust
1852 4842 2148 4895 adhibitum

585 4918 793 4988 ﬁmum,
840 4926 1186 4983 excisionem.
1241 4928 1378 4994 Quid
1437 4930 1737 4997 gladius"?
1777 4931 1931 4984 Verbi
1988 4931 2151 4983 divini

586 5014 902 5081 sectionem,
936 5019 1133 5073 bonum
1156 5037 1183 5074 a
1209 5022 1348 5073 malo
1373 5022 1722 5085 dividentem,
1749 5031 1907 5089 atque
1942 5022 2148 5076 fidelem

656 5120 910 5195 'fblatth.
955 5143 1036 5190 ιιι,
1080 5128 1167 5184 14.
1308 5131 1354 5161 ’⁸
1392 5130 1576 5186 Matth.
1626 5146 1701 5195 XI,
1750 5131 1830 5183 11.

589 5187 633 5219 ³ο
666 5191 793 5247 ibid.
832 5195 914 5248 ιο.
993 5187 1032 5229 πί
1066 5200 1192 5252 ibid.
1268 5199 1311 5229 ι’
1340 5199 1528 5253 Matth.
1569 5218 1621 5264 χ,
1657 5187 1744 5254 at.

655 5307 766 5377 (60)
795 5310 868 5362 Ἢ
914 5310 978 5383 τὸ
1027 5308 1352 5383 διδάσκειν.
1417 5316 1507 5368 Sic
1560 5325 1668 5367 tres
1712 5314 1876 5383 llegg.

585 5373 894 5452 Ρειτκξιξιιι.Δ
917 5381 973 5431 lu
1006 5384 1114 5452 ed.,
1140 5382 1172 5451 ἢ
1202 5384 1280 5452 τῷ
1303 5383 1593 5437 διδάσκειν.

658 5447 910 5514 (61)Διὰ
964 5447 1513 5516 τούτούςᾞΝἰωιωβ,
1571 5454 1659 5505 διὰ
1712 5454 1931 5507 τούτων.
1990 5473 2007 5505 ‹
2060 5454 2156 5507 l’et‘

587 5513 1118 5639 hosrisanctilicans
1145 5513 1459 5587 Jordanem;
1498 5525 1602 5576 vim
1638 5524 1845 5578 scilicet
1878 5526 2035 5594 aquis
2059 5524 2160 5577 im-

593 5598 686 5639 Der
716 5599 797 5639 ten
837 5602 891 5639 ο.

593 5595 891 5651 perttendo.

663 5654 772 5725 (62)
826 5655 878 5707 Ὀ
906 5657 1275 5728 προδραμὼν.
1311 5656 1402 5715 Sic
1431 5676 1523 5715 sex
1555 5661 1718 5731 Regg.
1759 5661 1917 5716 Deest
1945 5664 1972 5715 6
1996 5663 2045 5717 in
2071 5664 2153 5717 ed.

1888 5356 1901 5380 ,
1935 5316 2152 5385 Cltrys.,

1937 5133 1983 5163 ’⁸
2022 5130 2225 5186 Coloss.
2248 5146 2282 5198 t,
2297 5134 2312 5186 ι
2328 5132 2370 5187 5.

2261 4479 2544 4549 κάθαρσις.
2572 4476 2636 4530 Τί
2664 4478 2719 4530 δὲ
2743 4476 2801 4529 τὸ
2828 4475 2975 4545 πῦρ;
3020 4475 3082 4526 Ἡ
3115 4472 3208 4525 τοῦ
3234 4469 3434 4537 κούφου
3464 4468 3696 4537 δαπάνη,
3731 4464 3809 4517 καὶ

2256 4572 2289 4641 ἡ
2321 4569 2470 4633 ζέσις
2500 4569 2591 4621 τοῦ
2620 4567 2957 4637 Πνεύματος.
2996 4565 3059 4617 Τί
3090 4564 3147 4616 δὲ
3185 4565 3217 4634 ἡ
3249 4562 3447 4631 ἀξίνη;
3490 4560 3601 4629 Τῆς
3627 4558 3808 4641 ἀθερα-

2260 4640 2458 4713 πεύτου
2492 4659 2670 4729 ψυχῆς
2721 4660 2753 4728 η
2806 4654 3031 4725 ἐκτομὴ,
3078 4654 3172 4707 καὶ
3210 4650 3350 4721 μετὰ
3382 4650 3480 4720 τὴν
3507 4650 3725 4717 κόπρον.
3751 4640 3808 4692 Τί

2256 4752 2369 4821 δὲή
2414 4750 2691 4821 μάχαιρα;
2728 4749 2794 4801 Ἥ
2823 4746 2963 4816 τομὴ
2991 4744 3083 4797 τοῦ
3131 4743 3325 4810 Λόγου,
3382 4742 3415 4810 ἡ
3453 4736 3728 4809 διαιροῦσα
3754 4730 3805 4782 τὸ

2255 4842 2435 4909 χεῖρον
2458 4838 2567 4891 ἀπὸ
2589 4835 2684 4890 τοῦ
2713 4836 3037 4907 κρείττονος,
3074 4834 3165 4885 καὶ
3200 4828 3554 4901 διχοτομοῦσα
3601 4826 3687 4878 τὸν
3730 4839 3807 4873 πι-

2263 4929 2384 4982 στὸν
2415 4930 2507 4981 καὶ
2530 4929 2619 4980 τὸν
2640 4927 2887 4991 ἄπιστον,
2912 4925 3005 4977 καὶ
3046 4922 3401 4991 ἐπεγείρουσα
3439 4918 3530 4971 τὸν
3561 4916 3692 4977 υἱὸν,
3726 4909 3804 4963 καὶ

2254 5020 2351 5091 τὴν
2404 5020 2694 5091 θυγατέρα,
2746 5018 2839 5071 καὶ
2880 5016 2978 5086 τὴν
3012 5014 3250 5084 νύμφην,
3291 5011 3369 5081 τῷ
3408 5009 3593 5079 πατρὶ,
3625 5004 3714 5057 καὶ
3744 5001 3801 5068 τῇ

2492 5133 2534 5163 ²⁷
2564 5130 2753 5185 Matth.
2781 5144 2866 5190 ιιι,
2906 5128 2990 5180 Η.
3087 5127 3131 5158 ’⁸
3164 5127 3290 5178 ibid.
3334 5123 3417 5177 15.
3492 5124 3535 5154 ¹⁹
3565 5120 3692 5173 ibid.
3722 5113 3797 5169 l2.

2256 5315 2433 5369 Srhol.
2466 5328 2480 5367 :
2518 5310 2854 5383 Προδραμῲν
2884 5312 2967 5383 Eva
2990 5308 3066 5378 τῷ
3105 5307 3318 5383 κόσμῳ1
3343 5302 3799 5383 προδραμούμενος

2255 5388 2311 5437 ὲν
2336 5384 2411 5453 τῷ
2432 5385 2530 5454 ᾄδῃ
2565 5372 2642 5451 τῷ
2659 5372 2892 5454 ξ’φαῖνέντι
2927 5372 3143 5449 Χριστῴ
3173 5372 3228 5454 εὐ
3252 5372 3329 5446 τῷ
3361 5372 3565 5454 κόσμῳ,
3601 5372 3690 5424 καὶ
3710 5385 3799 5454 φα-

2255 5447 2397 5506 νέντὶ
2427 5447 2483 5505 ἐν
2505 5447 2586 5522 τῷ
2786 5469 2826 5522 ιν
2850 5447 3155 5522 Prmcursor
3187 5451 3235 5499 in
3271 5447 3485 5522 mundo,
3526 5452 3800 5522 praecursuf

2260 5541 2347 5576 rus
2385 5526 2436 5576 in
2476 5515 2939 5580 infert'to'Christo,
2966 5520 3053 5590 qui
3083 5532 3233 5590 suam
3264 5515 3460 5569 mundo
3477 5515 3795 5590 prmsentiam

2256 5593 2519 5657 exhibuit,
2557 5605 2787 5656 eamque
2824 5581 2999 5642 etiam.
3021 5586 3227 5641 inferno
3256 5596 3371 5640 erat
3406 5581 3744 5638 exhibiturus.
3775 5590 3793 5624 ι

2260 5664 2348 5717 Sic
2372 5663 2533 5716 etiam
2558 5659 2795 5715 concinit
2826 5658 2991 5711 Elius.
