4010 6316
169 277 263 332 553

1084 266 1343 323 ORATIO
1390 265 1629 321 XXXIX.
1671 295 1739 306 —
1779 266 1846 321 IN
1887 266 2155 324 SANCTA
2196 268 2486 326 LUMINA.

3303 276 3409 332 εει

169 384 342 455 μητρὶ,
396 382 495 437 καὶ
555 387 620 455 τῇ
684 382 944 453 πενθερᾷ,
1000 379 1069 433 τὰ
1128 380 1224 433 νέα
1273 383 1368 434 καὶ
1421 381 1735 452 πρόσφατα.

1841 383 1907 436 ab
1936 382 2134 438 inﬁdeli
2162 394 2456 452 secantem,
2492 404 2556 443 ac
2591 386 2778 454 ﬁlium,
2803 397 2858 445 et
2890 390 3075 455 ﬁliam,
3110 400 3164 447 et
3182 408 3400 455 nurum,

166 480 266 538 τοῖς
318 475 578 540 παλαιοῖς
634 476 727 529 καὶ
786 473 1061 526 σκιώδεσι.
1119 473 1183 524 Τί
1228 473 1285 526 δὲ
1336 474 1364 525 6
1411 472 1730 544 σφαιρωτὴρ

163 564 246 616 τοῦ
303 564 657 635 ὑποδήματος
690 604 705 626 ,
759 563 818 616 ὃν
870 563 931 614 οὐ
984 560 1133 625 λύεις
1190 563 1218 613 6
1279 561 1559 632 βαπτίζων
1632 563 1736 633 Ἰη-

168 655 297 717 σοῧν,
323 659 352 710 6
384 658 485 728 τῆς
525 657 764 728 ἐρημίας
808 658 903 709 καὶ
944 655 1197 726 ἄτροφος,
1244 658 1271 708 6
1316 655 1437 717 νέος
1470 654 1676 718 Ἠλίας,
1706 656 1735 706 6

165 751 430 821 προοήτου
485 749 899 820 περισσότερος,
948 750 1057 819 ὅσῳ
1103 748 1212 817 (65)
1261 747 1354 800 καὶ
1403 747 1494 801 τὸν
1527 764 1738 817 προφη-

163 841 437 910 τευόμενον
485 837 647 904 εἶδες,
698 842 726 893 6
760 840 1003 903 Παλαιᾶς
1046 840 1140 893 καὶ
1194 838 1333 901 Νέας
1368 838 1595 909 μεσίτης
1624 856 1637 902 ;
1670 839 1734 890 Τί

163 930 330 995 colito;
369 932 555 1001 Τυχὸν
605 934 634 985 6
678 932 778 1001 τῆς
815 930 1111 1001 ἐπιδημίας
1144 929 1321 998 λόγος,
1350 929 1569 997 καὶτῆς
1597 946 1731 1000 σαρ-

161 1023 245 1085 κὸς
274 1023 409 1093 (οι),
454 1019 521 1078 οὗ
556 1023 692 1094 μηδὲ
729 1025 791 1076 τὸ
831 1022 1130 1093 ἀκρότατον
1165 1021 1494 1084 εὐδιάλυτον,
1547 1020 1616 1092 μὴ
1650 1022 1732 1074 ὅτι

161 1116 255 1176 τοῖς
277 1112 384 1183 (65)
416 1116 707 1183 σαρκικοῖς
736 1112 838 1176 ἔτι,
874 1114 968 1167 κα)⁸
994 1112 1209 1183 νηπίοις
1247 1115 1305 1165 ὲν
1351 1112 1591 1185 Χριστῷ,
1618 1113 1731 1166 ἀλλ’

159 1202 263 1254 οὐδὲ
290 1206 402 1266 τοῖς
428 1202 581 1255 κατὰ
618 1202 872 1273 Ἰωάννην
909 1203 988 1273 τῷ
1014 1203 1313 1273 Πνεύματι.

1842 475 2100 529 adversus
2155 487 2379 545 patrem,
2438 488 2493 533 et
2546 489 2793 546 matrem,
2837 490 2892 535 et
2922 489 3132 536 socrum
3164 484 3406 537 excitau-

1845 572 1949 618 tem
1982 564 2048 630 ³⁸,
2095 580 2341 634 noraque
2385 576 2441 621 et
2495 570 2752 635 recentia,
2817 571 3074 625 adversus
3131 572 3304 640 prisca
3353 581 3410 626 et

1845 655 2166 709 umbratica.
2232 655 2371 721 Quid
2433 667 2610 711 autem
2665 659 3013 715 calceamenti
3073 662 3402 730 corrigia”,

1843 761 2004 813 quam
2058 762 2162 800 non
2204 746 2387 813 solvis,
2433 750 2520 815 qui
2550 748 2732 803 Jesum
2765 752 3026 819 haptizas,
3051 761 3129 817 tu,
3157 753 3400 821 inquam,

1840 837 2144 892 solitudinis
2171 839 2403 903 alumne,
2450 856 2511 895 ac
2549 840 2745 893 nullius
2787 842 2892 895 cibi
2939 844 3116 907 homo,
3163 851 3216 897 tu
3260 858 3399 898 nove

1839 929 1974 994 Elia,
2000 929 2120 998 plus
2145 944 2303 998 quam
2352 932 2609 1000 pr0pheta
2627 933 2695 997 ",
2727 942 2910 1002 utpote
2935 933 3022 1001 qui
3055 949 3176 988 eum
3212 934 3397 1001 etiam,

1839 1021 1927 1090 qui
1963 1021 2369 1091 praedicebatur,
2399 1022 2598 1087 vidisti,
2641 1033 2693 1076 tu
2735 1024 2876 1079 inter
2918 1024 3082 1079 Vetus
3109 1033 3163 1080 et
3193 1024 3401 1079 Novum

1840 1110 2244 1165 Testamentum
2277 1110 2594 1181 iuterjecte?
2623 1113 2898 1167 Adventus
2932 1114 3110 1169 forsan
3152 1124 3205 1170 et
3225 1116 3405 1171 carnis

1841 1203 2138 1269 rationem,
2201 1202 2355 1270 cujus
2393 1217 2458 1257 ne
2496 1214 2739 1259 extrema
2795 1206 3010 1274 quidem
3065 1205 3220 1261 facile
3269 1206 3404 1260 solvi

161 1306 308 1363 atque
358 1294 635 1363 explicari
701 1302 949 1363 possunt,
1009 1309 1116 1348 non
1173 1294 1347 1349 dicam
1401 1295 1469 1349 ab
1515 1295 1601 1359 iis,
1671 1293 1762 1363 qui
1802 1293 1976 1347 adhuc
2019 1293 2186 1346 crassi
2228 1302 2284 1347 et
2340 1294 2589 1350 carnales
2668 1304 2827 1360 sunt,
2878 1304 3039 1365 atque
3090 1297 3144 1351 in
3189 1296 3406 1352 Christo

162 1384 374 1453 parvuli,
405 1386 505 1438 sed
544 1399 611 1439 ne
646 1392 713 1438 ab
747 1386 812 1440 iis
843 1386 1080 1454 quidem,
1115 1386 1201 1454 qui
1236 1386 1437 1457 Spiritu
1464 1387 1723 1443 Joannem
1766 1387 2025 1442 referunt.

222 1478 335 1545 ἰῷ.
378 1476 551 1529 Ἀλλὰ
572 1478 668 1531 καὶ
688 1477 891 1531 ἄνεισιν
928 1477 1133 1548 Ἰησοῦς
1167 1481 1231 1532 ὲκ
1251 1479 1346 1533 τοῦ
1372 1480 1581 1545 ὓδατος.
1609 1483 1735 1534 Συν-

158 1570 401 1639 αναφέρει
466 1568 583 1639 γάρ
631 1568 809 1639 ἑαυτῷ
839 1568 930 1623 τὸν
966 1569 1188 1640 κόσμον,
1233 1572 1326 1624 καὶ
1356 1574 1458 1645 ὁρᾷ
1485 1572 1733 1644 σχιζομέ-

1914 1481 2083 1550 688
2124 1479 2261 1535 XVI.
2294 1480 2362 1534 At
2401 1480 2564 1534 etiam
2603 1477 2759 1534 Jesus
2799 1495 2865 1533 ex
2915 1479 3070 1549 aquis
3130 1481 3403 1546 ascendit;

1845 1578 2101 1624 mundum
2151 1571 2295 1625 enim
2341 1585 2523 1625 secum
2569 1570 2623 1623 in
2667 1569 2829 1623 altum
2872 1568 3044 1635 eﬁ‘erl,
3100 1585 3165 1625 ac
3214 1572 3404 1640 caelos,

159 1676 267 1721 νους
307 1659 432 1721 τοὺς
465 1660 757 1729 οὐρανοὺς,
800 1658 894 1721 οὓς
931 1660 959 1711 6
993 1658 1163 1730 Ἀδὰμ
1194 1659 1435 1714 ἔκλεισεν
1467 1662 1644 1732 ἑαυτῷ
1670 1680 1729 1715 τε

1843 1672 1977 1725 quos
2023 1658 2275 1722 Adamus,
2315 1668 2369 1713 et
2395 1658 2519 1725 sibi,
2548 1667 2603 1713 et
2642 1658 2906 1729 posteris,
2951 1662 3403 1728 quemadmodum

158 1751 241 1803 nl
267 1751 377 1811 τοῖς
406 1750 531 1819 μετ’
559 1750 741 1810 αὑτὸν,
766 1748 959 1818 ὥσπερ
996 1752 1090 1803 καὶ
1136 1753 1202 1821 τῇ
1232 1750 1458 1825 φλογίνῃ
1491 1753 1735 1824 ῥομφαίᾳ

157 1842 239 1892 τὸν
266 1841 622 1911 παράδεισον.
660 1840 764 1894 Καὶ
792 1842 853 1895 τὸ
883 1842 1108 1913 Πνεῦμα
1158 1849 1431 1915 μαρτυρεί
1476 1846 1572 1915 τὴν
1616 1846 1734 1899 θεό-

159 1949 284 1999 τητα
303 1949 317 1961 σ
346 1930 427 2001 τῷ
455 1931 571 2002 γάρ
599 1932 769 2002 ὁμοίῳ
795 1934 1122 2003 προστρέχει
1155 1951 1169 1965 ’
1223 1934 1316 1986 καὶ
1343 1935 1375 2005 ἡ
1410 1936 1467 2001 ἐξ
1494 1937 1736 2008 οὐρανῶν

158 2022 331 2091 φωνήσ
382 2021 601 2075 ἐκεῖθεν
632 2022 740 2091 γὰρ
773 2024 800 2074 6
839 2022 1283 2093 μαρτυρούμενος
1304 2041 1316 2054 ο
1354 2025 1448 2077 καὶ
1471 2025 1545 2089 ὡς
1579 2044 1736 2097 περι-

162 2112 335 2179 στερὰ,
356 2114 497 2182 τιμᾷ
528 2112 640 2183 γάρ
660 2113 720 2165 τὸ
752 2112 933 2183 σῶμα,
964 2114 1086 2165 ἐπεὶ
1116 2113 1391 2168 καὶτοῦτο
1425 2117 1490 2186 τῇ
1545 2115 1735 2169 θεώσει

158 2202 301 2266 Θεὸς,
353 2204 694 2272 σωματικῶς
734 2204 1005 2275 ὁρωμένη.
1056 2205 1166 2258 Καὶ
1198 2205 1314 2276 ἅμα
1346 2206 1628 2277 πόρρωθεν
1658 2208 1737 2259 εἴ-

160 2294 326 2346 θισται
379 2294 690 2366 περιστερὰ
734 2295 1121 2366 κατακλυσμοῦ
1180 2296 1333 2350 λύσιν
1393 2298 1738 2365 εὐαγγελίζε-

162 2384 298 2437 σθαι.
328 2386 390 2437 Εἰ
413 2385 473 2437 δὲ
500 2387 689 2453 ὄγκοις
716 2386 809 2438 καὶ
838 2385 1097 2456 σταθμοῖς
1125 2386 1328 2457 κρίνεις
1362 2386 1610 2456 θεότητα,
1644 2390 1737 2441 καὶ

160 2475 237 2529 διὰ
264 2475 423 2528 τοῦτο
459 2477 658 2547 μικρόν
691 2493 771 2529 σοι
802 2476 863 2529 τὸ
879 2476 1121 2546 Πνεῦμα,
1146 2478 1226 2529 ὅτι
1249 2479 1305 2529 ὲν
1328 2478 1457 2532 εἴδει
1492 2496 1739 2550 περιστε-

165 2567 272 2635 ρᾶς,
294 2560 339 2619 ὦ
371 2567 670 2636 μικρόλογε
708 2569 839 2638 περὶ
867 2568 936 2620 τά
972 2569 1225 2639 μέγιστα,
1255 2567 1370 2639 ὥρα
1401 2586 1481 2622 σοι
1513 2572 1603 2623 καὶ
1643 2570 1739 2640 βα-

164 2658 352 2710 σιλείαν
398 2658 651 2728 οὐρανῶν
698 2659 988 2728 ἀτιμάζειν
1021 2702 1035 2725 ,
1090 2660 1171 2711 ὅτι
1231 2658 1417 2728 κόκκῳ
1472 2661 1739 2724 σινάπεως

163 2754 548 2820 ἀπεικάζεται·
604 2755 836 2823 καὶτῆς
883 2752 1057 2823 Ἰησοῦ
1106 2751 1521 2824 μεγαλειότητος
1571 2753 1739 2822 ὑπερ-

163 2847 327 2917 αίρειν
365 2850 461 2901 τὸν
504 2847 901 2917 ἀντικείμενον.
931 2848 1063 2900 ὄτιὸ
1096 2848 1194 2917 μὲν
1222 2846 1346 2917 ὅρος
1379 2845 1523 2915 μέγα
1555 2843 1736 2897 καλεῖ-

163 2954 261 3001 ται,
293 2941 386 2992 κα)⁵
418 2938 698 3002 λευῖαθὰν,
741 2938 832 2989 καὶ
860 2936 1110 3006 βασιλεὺς
1140 2935 1245 2988 τῶν
1276 2937 1333 2987 έν
1361 2937 1471 2998 τοῖς
1502 2932 1690 2986 ὕδασιν
1720 2946 1732 2957 ·

1846 1761 1899 1803 et
1948 1748 2194 1803 ﬂammeo
2238 1749 2415 1819 gladio
2459 1751 2762 1818 paradisum
2790 1790 2803 1815 ,
2840 1749 3109 1805 clauserat
3152 1752 3217 1819 ³⁸,
3274 1753 3404 1810 ﬁndi

1837 1849 1998 1909 atque
2038 1840 2234 1909 aperiri
2258 1839 2450 1893 cernit.
2478 1844 2556 1894 Ac
2579 1838 2812 1907 Spiritus
2868 1838 3124 1895 deitatem
3153 1850 3402 1906 testatur,

1837 1933 2089 1987 nimirum
2126 1932 2191 1984 ad
2230 1946 2412 2001 parem
2452 1945 2775 1996 accnrrens;
2807 1939 2859 1985 et
2890 1947 2991 1987 vox
3024 1932 3240 1987 caelitus
3280 1932 3404 1986 mit-

1841 2023 1970 2077 titur
1998 2024 2067 2089 "’;
2105 2024 2251 2077 illinc
2279 2024 2422 2077 enim
2448 2023 2493 2076 is
2525 2032 2661 2089 erat,
2687 2025 2771 2077 cui
2790 2024 3153 2078 testimonium
3181 2023 3403 2079 diccba-

1839 2124 1957 2180 tur;
1996 2124 2047 2169 et
2085 2126 2138 2167 ut
2179 2113 2508 2178 columba“,
2532 2129 2730 2183 corpus
2779 2115 2922 2169 enim
2968 2115 3173 2169 honore
3219 2114 3400 2182 allicit,

1836 2205 2268 2277 quandoquidem
2322 2206 2422 2259 hoc
2472 2207 2636 2259 etiam
2686 2220 2780 2275 per
2831 2202 3226 2260 deiﬁcationem
3262 2207 3403 2260 Deus

1837 2307 1953 2361 est,
1999 2309 2258 2365 corporeo
2309 2294 2469 2349 modo
2529 2304 2843 2363 conspecta.
2893 2297 2969 2349 Ac
3021 2294 3179 2350 simul
3221 2293 3407 2349 multis

1838 2397 1983 2441 retro
2011 2385 2221 2439 sarculis
2262 2384 2508 2437 columba
2568 2384 2750 2437 diluvii
2795 2384 2953 2438 ﬁnem
2983 2384 3231 2438 nuntiare
3276 2398 3406 2438 con-

1837 2478 2093 2534 suevit”.
2131 2477 2281 2543 Quod
2307 2477 2353 2531 si
2388 2476 2528 2530 mole
2573 2490 2636 2530 ac
2685 2478 2920 2545 pondere
2963 2476 3218 2530 deitatem
3261 2475 3406 2530 acsti-

1840 2586 1976 2636 mas,
2011 2584 2074 2623 ac
2109 2578 2393 2638 propterea
2434 2567 2697 2640 Spiritum
2746 2583 2969 2637 parvum
3015 2582 3137 2623 esse
3175 2581 3403 2632 censes,

1837 2662 1960 2731 quia
1997 2662 2047 2713 in
2080 2660 2343 2714 columbae
2387 2659 2561 2714 I‘ornta
2595 2660 2856 2724 cernitur,
2883 2675 2915 2714 ο
2943 2661 3105 2715 homo
3145 2660 3196 2714 in
3229 2658 3407 2714 maxi-

1840 2754 1940 2806 mis
1970 2754 2127 2807 rebus
2185 2752 2390 2805 minute
2426 2767 2488 2806 ac
2528 2752 2731 2821 jejune,
2756 2750 2865 2820 jam
2902 2751 2993 2805 tibi
3021 2766 3242 2821 regnum
3267 2766 3404 2822 quo-

1837 2859 1940 2911 quc
1980 2842 2245 2896 caelorum
2276 2841 2727 2895 contemnendum
2766 2848 2820 2893 et
2850 2855 2947 2910 pro
2990 2841 3157 2895 nihilo
3203 2850 3403 2909 putan-

1837 2933 1961 2986 dum
2019 2942 2130 2997 est,
2180 2932 2305 3000 quia
2368 2932 2571 3001 sinapis
2635 2947 2804 3003 grano
2862 2941 3205 3001 comparatur
3231 2932 3304 2997 ⁸⁸,
3342 2948 3406 2989 ac

163 3030 188 3079 6
214 3030 268 3082 δὲ
309 3032 507 3103 ἀμνὸς,
565 3031 659 3083 καὶ
706 3028 1078 3100 μαργαρίτης,
1126 3028 1222 3081 καὶ
1259 3024 1499 3096 σταγὼν,
1534 3026 1629 3078 καὶ
1665 3023 1734 3077 τὰ

1841 3024 2105 3094 majestati
2131 3022 2257 3079 .lesu
2287 3022 2657 3092 prarl'erendus
2681 3023 3020 3078 adVersarius
3049 3023 3115 3087 δι,
3148 3024 3404 3093 quoniam

165 3122 374 3176 τοιαῦτα
409 3121 899 3196 προσαγορεύεται.

1841 3114 1927 3168 hic
1956 3114 2171 3183 quidem
2215 3128 2368 3168 mons
2392 3128 2616 3181 magnus
2658 3122 2877 3169 vocatur
2901 3115 2966 3180 δ’,
3002 3123 3056 3168 et
3106 3114 3402 3177 Ieviathan,

166 3225 213 3265 et
256 3230 342 3267 rex
372 3231 564 3268 eorum
619 3228 737 3279 qua:
788 3210 841 3264 iu
883 3210 1036 3280 aquis
1064 3208 1364 3280 degunt“:
1417 3206 1504 3260 ille
1546 3215 1722 3259 autem
1760 3205 2006 3274 agnus“,
2029 3215 2081 3259 et
2119 3204 2410 3274 margarita
2463 3204 2530 3271 ⁸³,
2569 3212 2622 3259 et
2668 3213 2840 3274 gutta,
2919 3212 3079 3271 atque
3151 3202 3204 3257 id
3240 3218 3406 3272 genus

169 3306 464 3359 nominibus
506 3305 826 3371 appellatur.

238 3398 335 3449 IZ’.
381 3396 540 3449 Ἐπεὶ
575 3394 632 3446 δὲ
692 3392 1066 3463 βαπτίσματος
1097 3390 1130 3459 ἡ
1176 3389 1501 3457 πανήγυρις,
1537 3386 1629 3439 κα).
1658 3385 1737 3438 δεῖ

172 3489 349 3560 μικρόν
378 3505 437 3540 τι
480 3482 1009 3556 προσκακοπαθῆσαι
1044 3480 1122 3551 τῷ
1162 3479 1272 3552 (66)
1314 3480 1382 3531 δι’
1422 3480 1567 3549 ἡμᾶς
1603 3494 1735 3548 μορ-

170 3578 408 3646 φωθέντι,
464 3577 557 3630 καὶ
600 3574 972 3646 βαπτισθέντι,
1009 3574 1102 3627 καὶ
1138 3570 1527 3643 σταυρωθέντι,
1581 3568 1735 3639 φέρε,

174 3671 220 3721 τὶ
246 3672 369 3740 περ).
397 3669 667 3739 διαφορᾶς
710 3664 1103 3737 βαπτισμάτων
1159 3663 1630 3733 φιλοσοφήσωμεν,
1673 3658 1736 3714 ἵν’

172 3760 484 3830 ἀπέλθωμεν
514 3757 765 3811 ἐντεῦθεν
790 3754 1213 3825 κεκαθαρμένοι.
1259 3752 1551 3805 Ἐὅάπτισε
1586 3749 1741 3803 Μωῦ-

176 3852 281 3923 σῆς,
312 3853 429 3905 ἀλλ’
459 3856 516 3906 ὲν
552 3851 706 3905 ὕδατι
728 3869 741 3881 ·
775 3851 869 3904 καὶ
916 3850 1021 3919 πρὸ
1061 3849 1276 3912 τούτου,
1314 3850 1371 3901 ὲν
1399 3845 1597 3918 νεφέλῃ
1648 3844 1740 3897 καὶ

174 3943 224 3995 ὲν
250 3942 490 4012 θαλάσσῃ
516 3942 649 4011 (67).
675 3941 934 4003 Τυπικῶς
961 3940 1018 4017 δέ
1040 3938 1197 3992 τοῦτο
1218 3934 1307 4008 ἦν,
1332 3936 1406 3999 ὡς
1428 3936 1521 3989 καὶ
1546 3932 1741 4002 Παύλῳ

176 4033 340 4086 δοκεῖ·
368 4036 404 4104 ή
437 4033 702 4099 θάλασσα,
734 4031 829 4084 τοῦ
872 4030 1062 4093 ὕδατος
1083 4045 1097 4059 ο
1134 4031 1167 4100 ἡ
1198 4027 1417 4098 νεφέλη,
1447 4025 1541 4078 τοῦ
1572 4023 1743 4077 Πνεύ-

181 4142 364 4194 ματος·
394 4125 457 4177 τὸ
488 4124 686 4195 μάννα,
742 4121 836 4176 τοῦ
887 4122 987 4191 τῆς
1036 4119 1182 4189 ζωῆς
1232 4118 1433 4189 ἄρτου·
1471 4115 1530 4168 τὸ
1569 4114 1738 4183 πόμα,

176 4215 257 4269 τοῦ
304 4217 449 4269 θείου
510 4216 774 4285 πόματος.
821 4212 1114 4265 Ἐὀάπτισε
1169 4209 1263 4264 καὶ
1309 4207 1580 4278 Ἰωάννης,
1644 4207 1743 4259 οὐκ

179 4304 249 4357 ἔτι
278 4307 369 4376 μὲν
407 4305 714 4367 Ἰουδαϊκῶς
735 4322 747 4335 ·
785 4305 845 4356 οὐ
872 4302 981 4373 γὰρ
1005 4302 1063 4354 ὲν
1100 4300 1253 4354 ὕδατι
1287 4300 1468 4370 μόνον,
1492 4298 1626 4351 ἀλλὰ
1650 4299 1742 4352 καὶ

180 4397 251 4459 εἰς
271 4398 589 4467 μετάνοιαν’
642 4394 795 4448 οὔπω
826 4394 883 4447 δὲ
916 4394 1034 4447 ὅλον
1082 4390 1468 4461 πνευματικῶς
1489 4404 1502 4418 ⁸
1539 4391 1599 4442 οὐ
1635 4388 1743 4459 γὰρ

182 4488 488 4558 προστίθησι
523 4486 604 4550 τὸ,
630 4488 696 4538 ’ὲν
726 4484 1025 4555 Πνεύματι.
1084 4481 1347 4545 Βαπτίξει
1382 4480 1477 4534 καὶ
1513 4480 1741 4551 Ἰησοῦς,

183 4573 282 4626 ἀλλ’
307 4579 362 4627 ὲν
403 4575 707 4645 Πνεύματι.
754 4572 926 4625 Τοῦτο
968 4574 1002 4642 ὴ
1050 4570 1347 4641 τελειότης.
1393 4569 1505 4623 Kal
1540 4568 1653 4632 πῶς
1682 4569 1741 4620 οὐ

1911 3379 2074 3435 XVII.
2105 3377 2370 3444 Quoniam
2414 3388 2592 3431 autem
2639 3376 2888 3446 baptismi
2933 3377 3034 3432 hoc
3068 3376 3263 3432 festum
3291 3387 3395 3443 est,

1838 3487 1935 3541 pro
1966 3486 2031 3525 eo
2065 3470 2158 3540 qui
2209 3479 2394 3523 nostra
2427 3483 2589 3523 causa
2638 3468 2936 3533 formatus,
2976 3478 3029 3521 et
3058 3469 3363 3538 baptizatus
3386 3510 3402 3536 ,

1840 3576 2000 3632 atque
2043 3564 2094 3616 in
2147 3576 2364 3616 crucem
2417 3561 2666 3615 sublatus
2717 3571 2817 3623 est,
2873 3560 3110 3614 nonnihil
3155 3576 3407 3617 aerumna:

1840 3653 2067 3708 suﬂ‘erre
2125 3651 2410 3715 convenit,
2465 3666 2605 3719 age,
2658 3650 2724 3704 de
2786 3650 2953 3703 variis
3013 3650 3402 3718 baptismorum

1840 3746 2127 3814 generibus
2162 3743 2364 3813 aliquid
2408 3743 2758 3806 disseramus,
2786 3750 2846 3794 ut
2873 3742 2999 3796 hinc
3048 3743 3257 3811 purgati
3294 3743 3411 3796 dis-

1840 3838 2119 3890 cedamus.
2164 3832 2706 3902 Baptizavitbloyses,
2734 3845 2917 3885 verum
2950 3832 3003 3885 in
3034 3846 3195 3899 aqua,
3228 3834 3408 3900 prius-

1840 3941 1945 3996 que
1971 3926 2133 3981 etiam
2166 3926 2217 3979 iu
2254 3927 2394 3978 nube
2428 3932 2480 3976 et
2510 3923 2562 3976 in
2601 3921 2736 3977 mari
2758 3921 2826 3976 “.
2857 3921 3120 3977 Caeterum
3175 3922 3276 3976 hoc
3314 3938 3410 3991 per

1842 4017 2069 4086 ﬁguram
2104 4016 2388 4086 agebatur,
2429 4014 2883 4083 quemadmodum
2928 4024 2982 4067 et
3009 4013 3173 4067 Paulo
3212 4013 3417 4082 placet.

1842 4107 1993 4161 Mare
2023 4106 2167 4160 enim
2201 4121 2418 4175 aquam,
2472 4106 2642 4159 nubes
2677 4103 2958 4173 Spiritum,
2989 4121 3182 4159 manna
3216 4120 3414 4172 panem

1844 4194 1990 4248 illum
2024 4196 2164 4262 vitae,
2205 4194 2352 4264 potio
2395 4194 2630 4248 divinam
2682 4196 2954 4263 potionem
3028 4195 3408 4250 adumbrabat.

1845 4287 2143 4356 Baptizavit
2183 4286 2346 4340 etiam
2394 4283 2663 4349 Joannes,
2721 4301 2825 4338 non
2866 4288 2977 4353 jam
3040 4284 3127 4338 ille
3182 4284 3396 4352 quidem

1843 4376 2067 4433 Judaico
2096 4392 2267 4441 more,
2301 4391 2405 4429 non
2452 4375 2594 4429 enim
2638 4375 2689 4428 in
2728 4389 2864 4443 aqua
2892 4374 3089 4438 solum,
3122 4376 3215 4427 sed
3244 4376 3409 4429 etiam

1844 4468 1911 4521 ad
1946 4466 2312 4536 paenitentiam
2343 4481 2358 4528 ;
2401 4465 2637 4517 nondum
2678 4474 2856 4517 tamen
2903 4479 3127 4533 prorsus
3152 4464 3408 4533 spiritua-

1847 4559 1989 4624 liter,
2034 4572 2132 4612 nec
2184 4556 2327 4610 enim
2362 4557 2528 4621 addit,
2573 4557 2624 4608 in
2666 4556 2891 4625 Spiritu.
2925 4555 3172 4624 Baptizat
3194 4571 3410 4626 quoque

185 4665 320 4730 Θεὸς,
341 4668 427 4720 ἵνα
452 4684 507 4719 τι
537 4665 952 4737 παῳθαρῤήσω
977 4662 1089 4733 (68)
1133 4662 1347 4733 μικρὸν,
1379 4659 1438 4725 ὲξ
1462 4652 1522 4714 οὗ
1552 4660 1644 4714 καὶ
1679 4662 1736 4713 σὺ

1848 4651 2027 4716 Jesus,
2077 4649 2172 4706 sed
2224 4650 2277 4704 in
2335 4649 2561 4719 Spiritu.
2614 4648 3061 4718 Quandoquidem
3110 4649 3408 4704 perfectqu

243 4800 285 4832 ⁸³
308 4799 495 4855 Μ.ιιι1ι.
532 4816 586 4863 ιι,
616 4797 704 4852 55.
788 4796 833 4827 “
860 4795 1051 4849 Matth.
1087 4811 1167 4855 ιιι,
1195 4794 1285 4850 II.
1360 4792 1405 4825 ³⁸
1441 4791 1628 4863 Matth.
1660 4806 1735 4849 ιι.

1841 4856 1868 4863 _
1892 4786 1936 4817 ³⁸
1964 4783 2219 4863 (ξςιιηιιιι,
2240 4781 2330 4836 24.
2409 4780 2469 4863 ξζ
2489 4780 2676 4863 Matth.
2704 4779 2892 4863 1",”.
2944 4777 3013 4863 ﬁ"
3041 4777 3169 4863 Luc.
3188 4794 3271 4863 ιιι,
3318 4778 3408 4835 9.2.

188 4868 224 4900 "
255 4870 381 4924 Gen.
418 4887 533 4927 \'lll.
578 4870 660 4923 10.
772 4866 817 4897 ⁸⁸³
863 4866 1048 4917 Matth.
1108 4880 1227 4925 ιιιιι,
1268 4864 1356 4917 51.

1463 4862 1504 4893 ⁸¹
1537 4862 1575 4913 Ζ
1597 4863 1703 4913 tclt.
1736 4876 1809 4919 tv,
1838 4856 1889 4910 7.

1992 4856 2036 4885 "
2101 4855 2234 4907 Dan.
2287 4868 2358 4915 ιι,
2408 4851 2496 4905 45.
2609 4850 2657 4883 ’⁵³
2696 4849 2795 4904 .Iob
2828 4864 2910 4915 ιιι,
2942 4847 2995 4902 8.

3094 4848 3140 4879 ⁸⁸
3178 4848 3332 4904 Joan.
3368 4866 3407 4917 ι,

189 4937 263 4993 29.
333 4942 375 4972 ⁵⁸
397 4941 586 4995 Matth.
612 4954 733 5001 xm,
760 4936 848 4989 46.
926 4935 971 4965 ’⁵⁸
1000 4935 1167 4987 Exod.
1200 4949 1320 4997 ιιιιι,
1348 4933 1441 4985 9.5.
1495 4932 1508 4983 Ι
1542 4931 1671 4984 Cor.
1698 4944 1750 4994 ιι,
1784 4930 1807 4983 1
1843 4941 1963 4995 sqq.

251 5071 354 5141 (65)
392 5067 761 5141 Ὅσῳεεοιει.
788 5067 845 5129 2,
873 5067 1011 5119 ὅσον.

390 5140 635 5216 Σιῳκρς.
670 5138 800 5216 Reg.
839 5133 1262 5216 eLaapxtbcewg.

388 5200 487 5278 Μῆ
537 5200 816 5280 ὄέιᾼτοῖς.
874 5200 1002 5280 Reg.
1069 5220 1136 5280 c,_
1182 5203 1254 5280 μη
1320 5201 1401 5253 ὅτι
1469 5216 1547 5280 γε.
1604 5200 1734 5271 ἡμῖν

199 5269 307 5342 τοῖς,
336 5269 356 5332 'i
392 5269 495 5336 non
528 5278 744 5347 quidem
783 5294 811 5328 a
846 5269 1019 5340 nobis,
1048 5274 1138 5339 qui
1170 5269 1342 5324 adhuc
1368 5269 1737 5324 carnales'Su-

194 5365 317 5407 lllllS.
347 5369 364 5401 1
396 5362 499 5404 etc.

253 5419 356 5491 (66)
391 5412 970 5491 Προσκακοπαθῆσαι
998 5410 1096 5475 τῷ,
1123 5407 1475 5491 etcLBudznus
1505 5406 1556 5491 in
1584 5406 1739 5491 Coin-

196 5477 352 5545 tnc'nl.’
377 5477 539 5559 μ’Ἱᾶ
570 5489 649 5542 sic
682 5477 1062 5559 interpretatur
1093 5496 1107 5531 :
1141 5500 1157 5530 ι
1207 5480 1381 5559 I‘Estiu
1412 5477 1737 5559 contempla-

198 5559 323 5613 tione
371 5547 420 5613 et
473 5547 980 5612 conunetnoratione
1030 5549 1375 5602 humanitatis
1432 5561 1462 5600 a
1521 5547 1737 5601 Christo

200 5623 452 5682 Salvatore
480 5638 726 5694 sumptaa,
746 5624 890 5695 Aallici
922 5620 1123 5695 dolore,
1154 5629 1207 5695 et
1240 5616 1522 5695 macerari,
1545 5627 1607 5695 _et
1638 5632 1735 5684 pec

202 5712 257 5750 ne
300 5685 638 5753 intabescere.
682 5685 721 5746 ι’
743 5693 893 5747 Unde
928 5692 1006 5746 sic
1043 5688 1175 5743 verti
1211 5695 1384 5750 potest
1428 5687 1511 5742 hic
1544 5685 1690 5773 locus
1720 5698 1734 5737 :

1848 5079 1865 5111 ι
1900 5059 2161 5127 Quoniam
2184 5058 2345 5128 igitur
2367 5054 2615 5125 baptismi
2637 5054 2835 5128 festum
2859 5061 3157 5128 est,_oper:e
3179 5052 3408 5120 pretium

1845 5125 2024 5192 fuerit,
2061 5139 2118 5181 ut
2145 5125 2346 5194 in'ejus
2378 5125 3002 5194 ρυιιιθιιψΙειιιυιιρ,ν‹ιιιιΑ
3028 5131 3211 5175 nostra
3248 5137 3410 5176 causa

1841 5191 2129 5252 Innnanam
2161 5191 2405 5249 naturam
2435 5194 2747 5258 assumpsit,
2778 5205 2831 5245 et
2861 5191 3161 5258 baptizatus
3194 5207 3258 5244 ac
3289 5207 3411 5244 cru—

1843 5269 2034 5321 ciﬁxus
2056 5277 2157 5332 est,
2191 5283 2296 5320 nou
2334 5264 2466 5318 nihil
2509 5263 2709 5316 laboris
2738 5273 2898 5331 atque
2925 5275 3281 5314 arutiinarum
3320 5275 3411 5329 pa-

1846 5340 2062 5398 tiamur,
2093 5356 2109 5387 ι
2144 5347 2247 5391 etc.

1935 5407 2022 5473 67)
2053 5397 2178 5460 “Er
2209 5403 2514 5469 θαλάσσῃ.
2554 5399 2710 5473 [locst
2740 5399 2880 5473 évhin
2906 5400 3141 5473 quinque
3171 5397 3338 5473 ﬂeas.

1935 5412 2022 5473 67)
2076 5412 2178 5460 Ἐν
2209 5412 2514 5469 θαλάσσῃ.
2554 5412 2710 5454 ueest
2740 5412 2797 5452 εν
2828 5414 2880 5452 In
2906 5413 3141 5468 qumque
3171 5412 3338 5466 neag.

1848 5478 1851 5479 ⁷
1911 5412 2021 5547 (68)
2059 5473 2521 5547 Παραθαρῤήσω.
2570 5468 2758 5524 Plures
2793 5470 2983 5547 μιθέων
3024 5469 3205 5547 plures
3228 5466 3411 5547 Go'lb.,

1841 5535 1947 5600 ιΙιιὺ
1993 5535 2180 5610 ΟοίδΙῘ,
2230 5535 2428 5605 Diom,
2467 5556 2596 5604 etc.,
2638 5535 3199 5610 napaeacdpqqtu._8ic
3248 5536 3410 5610 etiam

1842 5617 1969 5684 legit
2020 5607 2206 5669 Billius
2237 5629 2300 5668 ac
2336 5614 2494 5669 vertit
2545 5629 2558 5663 :
2606 5628 2624 5661 ι
2667 5607 2930 5664 ιιιόιιιιυι
2958 5607 3105 5663 illud
3163 5607 3412 5662 conside-

1844 5700 1977 5741 rem.
2018 5704 2037 5736 ι
