4010 6316
602 286 710 343 555

1837 279 1895 334 S.
1938 277 2263 334 GREGORII
2304 277 2651 334 THEOLOGI

3761 277 3861 333 356

608 394 955 464 numerisque
990 391 1240 446 omniuus
1285 387 1594 444 absolutum
1620 388 1951 457 baptismum
1981 390 2176 445 reddit.

2286 392 2405 461 γίνῃ
2434 389 2597 455 Θεός;
2628 386 2756 443 Οἶδα
2788 388 2884 442 καὶ
2910 390 3172 459 τέταρτον
3201 388 3506 458 βάπτισμα,
3529 388 3591 441 τὸ
3606 389 3693 442 διὰ
3722 406 3862 463 μαρ-

605 488 745 557 Quid
771 494 969 548 autem,
997 494 1055 537 ut
1084 482 1241 550 paulo
1272 480 1523 535 ﬁdentius
1554 481 1729 536 obiter
1751 481 1953 551 aliquid
1983 482 2180 544 dicam,

609 578 789 634 aITerri
827 584 1027 646 potest,
1067 575 1195 642 quin
1232 573 1321 627 ille
1353 572 1497 627 Deus
1531 588 1634 626 non
1682 574 1773 639 sit,
1814 588 1909 643 per
1940 588 2100 642 quem
2127 581 2180 625 tu

612 672 752 725 Deus
788 667 1015 721 elﬁceris
1044 667 1066 719 ?
1091 667 1347 731 Quartum
1369 665 1530 718 etiam
1560 664 1810 733 baptismi
1841 680 2011 735 genus
2036 666 2179 727 novi,

607 774 799 829 nempe
823 759 964 827 quod
992 756 1251 826 martyrio
1286 765 1339 810 et
1376 756 1639 824 sanguine
1677 766 2043 826 comparatur,
2066 771 2174 825 quo

607 853 722 919 ipse
747 865 959 918 quoque
1004 850 1250 902 Christus
1294 847 1602 917 baptizatus
1657 857 1761 915 est,
1790 857 1844 902 et
1870 847 2083 916 quidem
2116 862 2182 902 eo

609 942 822 996 caeteris
856 942 1163 1009 augustius,
1189 940 1332 1009 quod
1365 939 1526 993 nullis
1558 948 1741 1006 postea
1779 939 2027 994 sordibus
2050 954 2180 993 con-

610 1034 921 1085 taminatur.
961 1031 1218 1097 Quintum
1267 1031 1440 1085 locum
1482 1030 1839 1099 lacrymarum
1879 1031 2180 1099 baptismus

611 1131 785 1178 tenet:
816 1138 1002 1176 verum
1040 1123 1299 1191 martyrio
1342 1124 1581 1189 asperior
1630 1134 1684 1176 et
1728 1124 2049 1177 laboriosior
2072 1133 2175 1187 est,

605 1220 791 1279 utpote
816 1210 983 1280 689
1016 1212 1105 1280 qui
1136 1220 1230 1279 per
1257 1211 1495 1279 singulas
1545 1221 1729 1265 noctes
1771 1212 1965 1264 lectum
1999 1228 2155 1265 suum

607 1317 673 1355 ac
703 1311 929 1355 stratum
962 1302 1212 1370 lacrymis
1248 1301 1477 1363 lavat",
1503 1300 1592 1354 cui
1633 1302 1758 1369 ipsa:
1805 1316 2017 1370 quoque
2052 1302 2168 1355 vitii

611 1394 893 1447 cicatrices
946 1394 1111 1447 fcteut
1148 1392 1192 1423 ‘8
1218 1409 1231 1457 ;
1260 1393 1348 1460 qui
1381 1392 1567 1461 lugens
1611 1402 1667 1446 et
1694 1393 2045 1447 contristatus
2081 1395 2164 1446 in-

608 1484 847 1550 greditur
868 1484 935 1549 ",
963 1493 1017 1537 et
1069 1484 1156 1552 qui
1210 1482 1476 1537 Manassis
1521 1483 1951 1552 resipiscentiam
1985 1486 2066 1549 °°,
2102 1501 2164 1540 ac

607 1572 962 1627 Ninivitarum
1006 1573 1358 1627 humilitatem
1406 1574 1473 1637 δι,
1506 1574 1592 1626 cui
1655 1574 2027 1630 misericordia
2079 1578 2179 1630 im-

609 1665 804 1732 pertita
832 1673 932 1727 est,
962 1665 1233 1730 imitatur;
1267 1665 1356 1732 qui
1402 1664 1678 1719 Publicaui
1712 1666 1892 1719 verbis
1940 1667 1992 1719 in
2040 1676 2180 1722 tem-

607 1757 695 1824 plo
754 1758 1009 1823 utitur“,
1063 1773 1125 1809 ac
1172 1772 1330 1825 supra
1386 1756 1707 1810 insolentem
1770 1764 1824 1809 et
1879 1761 2167 1826 superbum
2245 1762 2574 1818 Pharisreum
2613 1762 2977 1833 justiﬁcatur;

2290 483 2476 552 τυρίου
2512 483 2605 534 καὶ¹
2657 482 2909 552 αἵματος,
2952 481 2980 533 ὃ
3019 481 3111 533 καὶ
3166 480 3329 542 αὐτὸς
3378 480 3610 549 Χριστὸς
3644 480 3863 535 ἐϐαπτί-

2293 592 2438 639 σατο,
2473 576 2566 627 καὶ
2600 574 2731 627 πολύ
2765 591 2829 642 γε
2873 573 2983 626 τῶν
3037 572 3213 626 ἄλλων
3262 571 3705 643 αἱδεσιμώτερον,
3758 574 3863 643 ὅσῳ

2288 666 2559 737 δευτέροις
2586 665 2773 735 ῥύποις
2827 667 2887 717 ού
2940 663 3244 735 μολύνεται.
3281 658 3413 715 Οἶδα
3460 661 3554 715 καὶ
3615 662 3861 733 πέμπτον

2290 757 2391 820 ἔτι,
2426 756 2487 810 τὸ
2512 756 2619 809 τῶν
2658 755 2769 827 (69)
2801 755 3077 825 δακρύων’
3131 752 3243 806 ἀλλ’
3279 751 3698 821 ἐπιπονώτερον,
3727 752 3807 814 ὡς
3837 755 3862 806 δ

2288 848 2458 901 λούων
2491 847 2615 900 καθ’
2642 846 2878 916 ἑκάστην
2904 844 3075 897 νύκτα
3101 844 3201 914 τὴν
3247 842 3433 913 κλίνην
3453 840 3616 893 αὑτοῦ
3643 842 3738 894 καὶ
3767 841 3862 910 τὴν

2290 937 2578 1008 στρωμνὴν
2633 939 2746 998 τοῖς
2801 935 3085 1005 δάκρυσιν,
3130 928 3173 1000 ᾧ
3218 932 3319 1001 τῆς
3352 930 3552 992 κακίας
3586 928 3858 1001 προσῶζε-

2290 1048 2386 1084 σαν
2428 1029 2538 1100 (70)
2573 1030 2665 1081 καὶ
2695 1031 2743 1081 οἱ
2777 1026 3079 1098 μώλωπες·
3115 1026 3172 1088 ὃς
3215 1023 3426 1078 πενθῶν
3484 1023 3574 1075 καὶ
3618 1021 3861 1091 σκυθρω⁴

2289 1122 2475 1186 πὰζων
2518 1120 2827 1192 πορεύεται,
2862 1120 2958 1172 καὶ
2981 1120 3039 1182 ὃς
3060 1118 3170 1188 (71)
3207 1121 3453 1187 μιμεῖται
3485 1116 3580 1187 τὴν
3609 1119 3861 1184 ἐπιστρο-

2287 1214 2393 1284 φὴν
2427 1213 2716 1282 Μανασσῆ,
2754 1212 2846 1264 καὶ
2877 1210 2974 1281 τὴν
3021 1210 3128 1262 τῶν
3190 1208 3300 1277 (72)
3353 1207 3650 1261 Νινευῖτῶν
3696 1207 3860 1277 ἠλεη-

2290 1305 2459 1375 μὲνην
2491 1303 2601 1375 (75)
2637 1302 2963 1356 ταπείνωσιν
2984 1317 2998 1329 ·
3045 1300 3102 1364 ὃς
3132 1301 3426 1369 φθέγγεται
3449 1299 3548 1361 τὰς
3576 1298 3671 1351 τοῦ
3698 1296 3864 1351 τελῶ·

2287 1416 2378 1451 νου
2403 1398 2584 1467 φωνὰς
2610 1398 2667 1450 ἐν
2697 1396 2775 1467 τῷ
2808 1396 2956 1467 ἱερῷ,
2992 1395 3085 1447 καὶ
3114 1392 3415 1446 δικαιοῦται
3456 1392 3604 1463 παρὰ
3636 1392 3728 1444 τὸν
3767 1408 3860 1460 με·

2287 1491 2556 1560 γάλαυχον
2583 1492 2874 1561 Φαρισαῖον
2895 1504 2908 1517 ·
2942 1489 3000 1551 ὃς
3031 1484 3331 1554 συγκύπτει
3372 1484 3515 1537 κατὰ
3550 1484 3646 1554 τὴν
3677 1484 3859 1535 Χαναε-

2287 1582 2463 1647 ναίαν,
2526 1582 2618 1634 καὶ
2655 1579 2807 1650 ζητεῖ
2864 1577 3301 1649 φιλανθρωπίαν,
3340 1577 3434 1630 καὶ
3478 1575 3660 1645 ψίχας,
3701 1575 3860 1636 κυνὸς

2287 1674 2492 1746 τροφὴν
2514 1675 2652 1741 ἄγαν
2681 1672 3043 1742 λιμώττοντος

3059 1761 3151 1831 qui
3233 1761 3490 1829 denique,
3544 1758 3863 1812 Chananazaa

606 1849 861 1913 inslal‘”.
901 1847 1248 1917 (ἷῡρνὶιιιίιυΐν
1287 1856 1341 1901 el
1372 1846 1793 1901 misericordiam
1850 1847 2121 1919 implorat,
2151 1868 2212 1908 ac
2252 1857 2438 1918 micas.
2466 1857 2565 1910 hoc
2598 1856 2747 1909 canis
2774 1854 3076 1909 vehementi
3112 1853 3252 1909 fame
3283 1852 3517 1921 correpti
3559 1850 3817 1921 pabulum
3844 1890 3858 1915 ,

604 1939 869 2009 exposcit.

682 2030 861 2085 XVIII.
887 2030 1002 2098 Ipse
1024 2031 1236 2100 quidem
1262 2030 1405 2100 (nam
1440 2031 1710 2085 hominem
1746 2047 1829 2086 me
1854 2047 1971 2088 esse
1993 2036 2180 2099 fateor,
2218 2056 2259 2113 Β

606 2122 807 2177 animal
843 2124 1122 2186 mutabile,
1143 2121 1403 2189 ﬂuxa-que
1430 2132 1481 2174 et
1518 2123 1724 2191 fragilis
1755 2124 2004 2191 naturai),
2037 2128 2179 2181 hunc

605 2226 819 2281 quoque
876 2211 1207 2281 baptismum
1263 2211 1494 2265 libenter
1555 2211 1885 2280 amplector,
1957 2213 2181 2283 ejusque

604 2306 850 2358 datorem
905 2305 1095 2367 adoro,
1127 2304 1352 2371 aliisque
1401 2303 1599 2366 tribuo,
1647 2318 1711 2354 ac
1755 2304 2178 2360 misericordiam

609 2410 794 2466 erogo,
836 2405 892 2449 ut
926 2393 1352 2448 miscricordiam
1389 2408 1712 2462 consequar.
1748 2394 1881 2447 Nam
1927 2412 2008 2450 ure
2045 2412 2177 2465 quo-

601 2503 707 2553 que
762 2487 1085 2548 inﬁrmitate
1134 2488 1528 2541 circumdatum
1589 2502 1709 2541 esse
1753 2489 1897 2552 scio,
1945 2489 2181 2560 illudque

602 2579 738 2643 fore,
772 2589 827 2635 ut
862 2596 967 2650 qua
1006 2594 1255 2634 mensura
1303 2595 1520 2634 mensus
1564 2580 1799 2646 fuero“,
1838 2584 2024 2639 eadem
2055 2601 2181 2654 quo-

602 2687 705 2740 que
740 2672 868 2725 mihi
912 2672 1146 2725 vicissim
1194 2671 1333 2724 Deus
1386 2671 1720 2728 remetiatur.
1765 2673 1843 2726 Tu
1884 2689 2009 2730 vero
2050 2678 2176 2745 quid

603 2763 725 2815 ais?
754 2763 922 2828 Quam
957 2762 1125 2828 legem
1156 2762 1419 2827 statuis,o
1442 2777 1576 2815 nove
1605 2762 1899 2829 Pharisaee,
1927 2781 1989 2820 ac
2010 2768 2180 2820 nomi-

604 2870 693 2919 ne,
728 2868 830 2908 nou
882 2863 1061 2908 autem
1116 2853 1279 2906 animi
1343 2854 1643 2922 proposito,
1694 2871 1848 2922 pure,
1888 2873 1951 2910 ac
1988 2856 2177 2911 Novati

601 2944 851 3013 dogmata
873 2958 994 2996 cum
1018 2944 1204 2996 eadem
1230 2942 1543 2997 inﬁrmitate
1566 2946 1720 2998 nobis
1740 2943 1928 2999 eﬁlaus
1955 2946 1978 2999 Ἰ
2002 2947 2179 3001 Paeni-

608 3038 833 3092 tentiam
905 3051 1011 3089 non
1075 3036 1352 3090 admittis?
1415 3036 1673 3091 Luctibus
1720 3038 1896 3091 locum
1960 3041 2169 3106 negas?

607 3129 899 3200 Lacrymas
924 3128 1176 3199 lacrymis
1208 3144 1313 3182 non
1344 3128 1689 3197 prosequeris
1724 3130 1746 3181 ?
1774 3128 1990 3183 Utinam
2020 3132 2177 3185 talem

599 3220 949 3288 tibijudicem
986 3220 1221 3289 experiri
1260 3235 1364 3274 non
1415 3221 1717 3290 contingat.
1754 3221 1881 3275 Iesu
1934 3222 2178 3292 benigni-

601 3323 708 3368 tate
734 3329 840 3368 non
873 3314 1129 3376 moveris,
1161 3312 1253 3380 qui
1286 3312 1630 3367 inﬁrmitates
1659 3322 1872 3367 nostras
1913 3316 2175 3384 suscepit,

2360 2041 2464 2092 IH'.
2511 2037 2651 2106 Ἐγὼ
2691 2039 2788 2107 μὲν
2821 2030 2912 2090 οὖν
2947 2036 3254 2105 (ἄνθρωπος
3286 2032 3424 2087 εἶναι
3454 2033 3563 2104 γὰρ
3591 2031 3701 2100 (74)
3731 2032 3863 2101 ὀμο-

2282 2130 2444 2198 λογῶ,
2475 2129 2609 2193 ζῶον
2635 2127 2865 2198 τρεπτὸν
2895 2129 2990 2181 καὶ
3013 2127 3242 2197 ῥευστῆς
3291 2124 3548 2194 φύσεως),
3582 2125 3675 2176 καὶ
3711 2123 3863 2193 δέχο-

2286 2238 2384 2291 μαι
2412 2219 2568 2272 τοῦτο
2606 2216 2921 2287 προθύμως,
2966 2219 3061 2271 καὶ
3098 2217 3388 2287 προσκυνῶ
3418 2216 3507 2268 τὸν
3564 2215 3856 2276 δεδωκότα,

2282 2312 2517 2373 καὶτοῖς
2570 2309 2750 2372 ἄλλοις
2814 2309 3168 2380 μεταδίδωμι,
3217 2309 3310 2361 καὶ
3370 2308 3714 2379 προεισφέρω
3766 2306 3859 2358 τοῦ

2282 2400 2431 2454 ἐλέου
2458 2401 2549 2453 τὸν
2580 2400 2749 2454 ἔλεον.
2784 2396 2916 2454 Οἶδα
2944 2400 3055 2472 γὰρ
3106 2400 3199 2453 καὶ
3242 2398 3403 2462 αὐτὸς
3438 2399 3722 2451 ἀσθένειαν
3769 2414 3862 2473 περ

2286 2491 2609 2563 ρικείμεννς,
2645 2493 2741 2545 καὶ
2788 2492 2863 2555 ὼς
2912 2491 2978 2545 ἂν
3031 2492 3305 2563 μετρήσω,
3362 2488 3857 2560 μετρηθησόμενος.

2282 2584 2353 2636 Σὺ
2379 2583 2435 2635 δὲ
2457 2601 2507 2635 τι
2532 2582 2744 2650 Αέτεις;
2779 2581 2833 2633 τί
2870 2581 3203 2651 νομοθετεῖς,
3250 2575 3294 2632 ὦ
3327 2582 3412 2633 νέε
3454 2582 3736 2651 Φαρισαῖε,
3773 2581 3861 2633 καὶ

2281 2674 2487 2744 καθαρὲ
2515 2674 2614 2744 τὴν
2643 2672 3035 2744 προσηγορίαν,
3063 2673 3123 2723 ού
3156 2671 3252 2741 τὴν
3278 2672 3613 2742 προαίρεσιν,
3644 2671 3742 2722 καὶ
3767 2689 3860 2739 φυ-

2282 2766 2389 2818 σῶν
2419 2767 2551 2836 ἡμῖν
2580 2764 2648 2817 τὰ
2692 2765 2941 2817 Ναυάτου
2981 2762 3120 2833 μετὰ
3169 2763 3265 2833 τῆς
3315 2763 3486 2832 αὐτῆς
3528 2761 3857 2826 ἁσθενείαςς

2281 2860 2354 2912 Ού
2380 2859 2507 2929 δέχῃ
2560 2858 2884 2929 μετάνοιαν;
2925 2859 2985 2910 ού
3024 2856 3180 2919 δίδως
3234 2856 3486 2926 ὀδυρμοῖς
3534 2854 3716 2926 χώραν
3749 2875 3767 2922 ;
3798 2856 3856 2908 οὐ

2278 2948 2535 3019 δακρύεις
2569 2948 2679 3018 (75)
2736 2946 3006 3018 δάκρυον;
3046 2945 3128 3015 Μὴ
3165 2944 3227 2997 σύ
3268 2961 3329 3012 γε
3370 2942 3612 2996 τοιούτου
3663 2944 3853 3014 κριτοῦ

2281 3039 2486 3109 τύχοις.
2515 3039 2627 3091 Οὐκ
2681 3039 2801 3109 αἰδῇ
2851 3038 2911 3090 τὸ
2968 3037 3142 3107 Ἰησοῦ
3180 3034 3581 3109 φιλᾲνθρωῇρν,
3629 3034 3723 3086 τοῦ
3766 3036 3861 3097 τὰς

2280 3106 2566 3192 ἀσθενείας
2617 3106 3067 3200 ημῶν-*λαϐόντος
3102 3110 3243 3198 (76),
3276 3127 3371 3180 καὶ
3416 3126 3514 3189 τὰς
3534 3106 3735 3189 Ἐσους
3768 3127 3861 3196 βα-

2281 3221 2593 3285 στάσαντος,
2636 3220 2728 3274 τοῦ
2774 3220 2849 3290 μὴ
2883 3219 3109 3281 δικαίοις
3145 3217 3420 3282 ἐλθόντος,
3458 3218 3571 3271 ἀλλ’
3603 3218 3860 3288 ἀμαρτω-

2278 3312 2387 3376 λοῖς
2410 3315 2489 3375 εἰς
2527 3313 2836 3384 μετάνοιαν,
2883 3312 2989 3365 τοῦ
3027 3314 3204 3364 ἔλεον
3242 3311 3525 3377 θέλοντος
3550 3311 3796 3380 μᾶλλον
3818 3314 3854 3379 ἦ

598 3413 651 3458 et
686 3406 899 3460 morbos
946 3414 1159 3459 nostros
1187 3405 1507 3473 portavit",
1543 3406 1631 3473 qui
1666 3422 1769 3461 non
1805 3409 1951 3462 venit
1982 3424 2176 3464 vocare

2286 3405 2523 3466 θυσίαν,
2574 3403 2668 3457 τοῦ
2702 3402 3163 3475 ἑϐδομηκοντάκις
3193 3403 3331 3455 ἑπτὰ
3357 3404 3766 3475 συγχωροῦντος
3794 3405 3859 3457 τὰ

598 3496 787 3567 iustos,
823 3496 919 3551 sed
947 3506 1259 3565 peccatores
1287 3498 1351 3550 ad
1392 3498 1763 3566 paenitentiam
1790 3500 1859 3564 ",
1888 3501 1977 3569 qui
2019 3502 2176 3555 mire-

598 3588 884 3641 ricordiam
907 3588 1125 3651 mavult,
1169 3604 1327 3655 quam
1364 3590 1683 3655 sacri/icium
1710 3590 1785 3657 ⁵⁷,
1818 3595 1913 3660 qui
1951 3603 2174 3663 septua-

599 3678 711 3748 gies
744 3677 944 3745 septies
972 3688 1193 3748 peccata
1239 3680 1568 3733 condonat“
1592 3680 1614 3733 ?
1640 3681 1810 3747 Quam
1836 3682 1997 3737 beata
2034 3693 2177 3739 esset

598 3767 902 3821 sublimitas
926 3777 1039 3834 tua,
1059 3769 1101 3823 si
1130 3771 1335 3837 puritas
1370 3784 1432 3824 ea
1460 3779 1624 3836 esset,
1642 3786 1743 3826 non
1769 3785 1947 3827 autem
1980 3774 2173 3840 fastus,

599 3857 745 3927 leges
767 3860 1203 3927 supraohomiuis
1244 3869 1460 3929 captum
1506 3861 1812 3929 instituens,
1860 3880 1923 3919 ac
1957 3880 2169 3919 morum

597 3949 986 4003 correctionem
1022 3963 1117 4018 per
1170 3950 1596 4017 desperationem
1636 3953 1849 4009 tollens.
1890 3954 1948 4010 In
1982 3958 2173 4011 eodem

597 4037 740 4092 enim
766 4037 895 4091 vitio
918 4049 1063 4103 sunt,
1094 4038 1428 4108 indulgentia
1462 4055 1567 4096 nou
1601 4044 1903 4113 corrigens,
1934 4053 1987 4100 et
2016 4061 2170 4101 seve-

598 4128 734 4183 ritas
785 4143 890 4183 non
918 4128 1286 4188 fcondonaus:
1334 4129 1422 4185 illa
1466 4145 1670 4188 omnes
1720 4134 1962 4189 habenas
2006 4136 2171 4202 laxat,

602 4219 717 4273 haec
760 4220 830 4274 ob
873 4219 1271 4275 vehementiam
1316 4221 1639 4292 strangulat.
1696 4222 1957 4280 Puritatis
1998 4228 2175 4295 speci-

599 4329 722 4367 men
744 4312 864 4379 ede,
897 4322 952 4366 et
977 4324 1086 4366 tum
1130 4314 1414 4369 audaciam
1446 4322 1592 4368 tuam
1641 4316 1901 4384 probabo.
1933 4317 2003 4371 At
2032 4334 2174 4374 nunc

596 4420 809 4471 vereor,
836 4421 902 4460 ne
926 4406 1039 4473 ipse
1066 4404 1336 4460 ulceribus
1376 4414 1607 4470 scatens,
1636 4407 1884 4461 medendi
1916 4409 2168 4477 impossi-

595 4494 857 4551 bilitatem
910 4497 1157 4551 inducas.
1218 4495 1397 4561 Quid?
1437 4493 1513 4549 Ne
1558 4495 1911 4563 ptenitentem
1960 4499 2172 4566 quidem

596 4585 851 4642 Davidem
882 4588 1145 4652 admittis,
1168 4587 1255 4641 cui
1294 4586 1666 4655 propheticam
1692 4601 1910 4656 quoque
1939 4590 2171 4658 gratiam

596 4680 910 4747 paenitentia
948 4678 1287 4732 conservavit
1309 4678 1396 4730 5’?
1442 4677 1551 4733 Nec
1582 4693 1833 4745 magnum
1887 4680 2035 4733 illum
2073 4680 2175 4735 Pe-

2281 3495 2684 3565 ἁμαρτὴματα;
2724 3496 2813 3556 Ὠς
2848 3495 3123 3566 μακάριόν
3150 3511 3240 3546 σου
3265 3494 3326 3547 τὸ
3362 3494 3582 3565 ὑψηλὸν,
3618 3497 3666 3547 εί
3696 3494 3861 3549 καθαο

2282 3587 2445 3656 ρότης
2473 3582 2561 3656 ἦν,
2593 3585 2729 3640 ἀλλὰ
2770 3586 2843 3657 μὴ
2876 3585 3043 3652 τῦφος
3064 3625 3078 3647 ,
3128 3584 3433 3655 νομοθετῶν
3475 3586 3612 3655 ὑπὲρ
3647 3585 3860 3656 ἄνθρωη

2280 3694 2399 3741 πον,
2428 3679 2522 3731 καὶ
2546 3677 2686 3731 λύων
2713 3680 2778 3748 τῇ
2804 3676 3108 3746 ἀπογνώσει
3143 3676 3240 3748 τὴν
3262 3676 3651 3748 ἐπανόρθωσιν.
3680 3677 3862 3746 Ὀμοξ-
3916 3666 3933 3683 ¹

2278 3787 2355 3832 ως
2411 3771 2519 3841 γάρ
2566 3772 2683 3822 ἐστι
2732 3769 2918 3833 κακὸν,
2962 3769 3056 3821 καὶ
3085 3767 3267 3830 ἄνεσις
3316 3768 3737 3838 ἁσωφρόνιστος,
3766 3766 3863 3820 καὶ

2279 3864 2621 3931 κατάγνωσις
2655 3861 3083 3932 ἀσυγχώρητος·
3120 3863 3151 3931 ἡ
3190 3862 3289 3931 μὲν
3330 3860 3457 3930 ὃλην
3502 3862 3719 3929 ἐφιεῖσα
3762 3860 3862 3930 τὴν

2278 3956 2455 4026 ἡνίαν,
2483 3956 2514 4025 ἡ
2540 3954 2596 4007 δέ
2620 3954 2698 4025 τῷ
2735 3952 2950 4025 σφοδρῷ
2990 3955 3358 4023 κατάγχουσα.
3399 3951 3581 4017 Δεῖξόν
3623 3968 3713 4021 μοι
3760 3950 3861 4019 τὴν

2278 4046 2645 4118 καθαρότητα,
2699 4046 2794 4099 καὶ
2844 4044 3068 4115 δέχομαί
3120 4061 3213 4097 σου
3245 4044 3344 4113 τὴν
3373 4042 3707 4113 θρασύτητα.
3742 4040 3860 4093 Νῦν

2276 4140 2332 4193 δέ
2359 4140 2591 4206 δέδοικα,
2627 4139 2699 4209 μὴ
2741 4135 2921 4209 βρύων
2952 4137 3185 4200 ἕλκεσιν,
3232 4137 3457 4207 εἰσάγῃς
3486 4134 3548 4186 τὸ
3575 4134 3863 4201 ἀνιάτρευο

2274 4248 2367 4284 τον
2395 4231 2529 4302 (77).
2572 4230 2707 4283 Ούδέ
2735 4230 2825 4282 τὸν
2858 4227 3022 4281 Δαϐὶδ
3049 4227 3177 4297 δέχῃ
3211 4223 3592 4297 μετανοοῦντα,
3681 4224 3774 4275 καὶ
3799 4221 3860 4273 τὺ

2277 4322 2613 4394 προφητικὸν
2639 4321 2884 4391 χάρισμα
2926 4320 2959 4389 ἡ
2999 4316 3255 4388 μετάνοια
3295 4315 3691 4384 συνετήρησεν;
3721 4310 3859 4363 Οὐδὲ

2276 4416 2480 4485 Πέτρον
2510 4415 2601 4466 τὸν
2654 4414 2824 4483 μέγαν
2882 4410 3121 4463 παθόντα
3167 4425 3219 4459 τι
3269 4404 3607 4476 ἀνθρώπινον
3642 4402 3765 4473 περὶ
3799 4401 3860 4452 τὸ

2278 4508 2540 4577 σωτήριον
2566 4504 2768 4567 πάθος;
2797 4500 3005 4571 Ἰησοῦς
3037 4499 3094 4551 δὲ
3127 4496 3363 4561 ἐδέξατο,
3406 4495 3499 4548 καὶ
3539 4495 3618 4565 τῷ
3650 4490 3860 4565 τρισσῴ

2275 4596 2371 4665 τῆς
2399 4595 2717 4665 ἐρωτήσεως
2755 4592 2847 4644 καλ⁸
2892 4590 2993 4659 τῆς
3024 4587 3333 4658 ὁμολογίας,
3390 4584 3451 4637 τὸ
3496 4584 3713 4655 τρισσὸν
3757 4583 3860 4652 τῆς

2278 4686 2557 4755 ἀρνήσεως
2591 4682 2974 4752 ἐθεράπευσεν.
3031 4679 3102 4730 ’Ἢ
3153 4678 3275 4730 οὐδὲ
3327 4675 3678 4727 τελειωθέντα
3720 4672 3858 4743 δέχῃ

599 4783 760 4834 trum,
798 4771 887 4839 qui
940 4770 1081 4823 circa
1114 4768 1417 4825 Salvatoris
1469 4770 1776 4841 passionem
1800 4772 2022 4826 humani
2054 4773 2168 4827 .ali-

2286 4778 2335 4828 it'
2374 4776 2636 4847 αἵματοςς
2669 4775 2824 4827 Ἔστι
2864 4772 2971 4843 γὰρ
3006 4771 3100 4823 κα).
3133 4768 3291 4822 τοῦτο
3316 4768 3413 4837 τῆς
3447 4765 3557 4836 (78)
3593 4767 3687 4835 σῆς
3717 4764 3861 4816 ἀπο-

662 4936 704 4964 "
732 4934 875 4987 Psal.
907 4950 982 4997 vr,
1025 4934 1075 4989 7.
1178 4935 1221 4966 ‘8
1263 4934 1353 4989 Ps.
1397 4950 1607 4999 xxxv",
1650 4936 1703 4990 6.
1810 4936 1854 4968 ‘9
1893 4935 2022 4989 ibid.
2076 4936 2125 4989 7.

597 5006 858 5075 x_\‘ttt,15.
970 5006 1017 5036 ⁸³
1049 5004 1234 5059 Matth.
1298 5021 1384 5071 xv,
1448 5008 1519 5059 ‘22
1570 5022 1688 5075 sqq.

597 5073 853 5128 “Matth.
898 5091 1051 5139 xvnt,
1091 5075 1181 5128 22.
1283 5078 1329 5106 ⁸⁸
1391 5076 1433 5130 Il
1480 5073 1740 5146 Regfitn,
1788 5077 1873 5129 15.

667 5166 775 5237 (69)
816 5168 962 5230 Ἔτι,
990 5167 1056 5219 τὸ
1083 5166 1219 5225 τῶν.
1253 5167 1342 5221 Sic
1365 5168 1599 5236 quinque
1628 5164 1822 5235 Regg.,
1848 5164 1983 5218 Tres
2010 5163 2161 5217 Coll).

596 5247 645 5291 et
681 5238 772 5291 Or.
804 5237 853 5290 I.
888 5239 1040 5290 Deest
1064 5237 1123 5289 τό
1157 5240 1207 5291 in
1234 5239 1323 5291 ed.

664 5306 774 5376 (70)
813 5306 1221 5374 Προσώζεσαν.
1274 5307 1521 5375 Quinque
1572 5304 1764 5375 Regg.,
1827 5304 1929 5358 duo
1978 5302 2162 5367 CoisL,

595 5385 721 5447 βία,
759 5376 1099 5447 προσάξουσι.

597 5443 603 5448 ’
666 5447 777 5515 (71)
803 5442 926 5499 ’Καὶ
959 5447 1045 5511 ὅς.
1078 5448 1167 5501 Sic
1212 5445 1376 5514 Regg.
1409 5445 1516 5509 bm,
1554 5446 1646 5515 ph,
1686 5445 1779 5501 Or.
1813 5443 1864 5509 I,
1900 5442 2074 5499 Nicet.
2110 5451 2163 5497 et

596 5515 781 5572 Collil).
812 5517 971 5570 Deest
995 5518 1086 5569 καί
1119 5517 1170 5568 in
1206 5516 1291 5567 ed.

666 5586 775 5653 (72)
819 5585 963 5641 Τῶν.
992 5585 1150 5639 Deest
1172 5585 1223 5637 in
1249 5586 1483 5652 quinque
1510 5586 1670 5654 Regg.
1704 5594 1755 5638 et
1781 5583 1873 5638 Or.
1918 5585 1965 5638 I.

666 5656 775 5725 (75)
826 5654 1208 5722 Ἠλεημένην.
1242 5654 1334 5707 Or.
1372 5655 1423 5717 1,
1454 5655 1787 5725 ἠλεημένων.

667 5724 779 5791 (74)
814 5725 957 5791 Γάρ.
996 5727 1150 5777 Deest
1183 5725 1234 5777 in
1269 5732 1497 5791 quatuor
1528 5724 1692 5794 Regg.

2228 4940 2273 4971 ⁸⁰
2315 4938 2379 4992 II.
2434 4938 2607 4991 Paral.
2669 4935 2982 4999 xxxrn,13.

1790 5006 1835 5037 ’δ
1860 5006 2045 5060 Matth.
2070 5008 2240 5072 vn,‘2.

3085 4933 3129 4964 '”
3169 4930 3291 4985 Jon.
3336 4945 3417 4993 ιιι,
3458 4928 3511 4981 5.
3630 4925 3673 4956 "
3712 4920 3854 4977 Luc.

2345 5010 2389 5039 "
2419 5010 2521 5063 lsa.
2557 5023 2672 5071 LIII,
2718 5006 2772 5058 4.
2851 4993 2919 5035 ’⁵⁸
2950 5002 3081 5057 Luc.
3118 5019 3173 5064 ν,
3199 5001 3287 5054 5‘2.
3423 4998 3466 5030 ⁸⁷
3494 4997 3619 5052 Ose.
3659 5008 3735 5056 γι,
3797 4993 3849 5046 6.

2343 5164 2455 5233 (75)
2499 5164 2579 5215 Οὐ
2610 5161 2906 5234 δακρύεις,
2957 5166 3081 5234 etc..
3112 5154 3283 5208 Nicet.
3320 5170 3332 5234 ξ
3372 5173 3388 5203 ι
3432 5152 3547 5208 Non
3590 5154 3854 5234 lacrynias

2272 5226 2524 5302 lacrymis
2584 5226 2963 5301 paenitendum
3016 5226 3233 5288 misces,
3285 5226 3456 5277 vicem
3510 5239 3685 5278 eorum
3753 5227 3853 5274 do-

2270 5304 2422 5358 lens?
2454 5321 2473 5354 ι

2343 5372 2454 5439 (76)
2493 5372 2813 5439 Λαϐόντος.
2843 5362 3481 5439 [ἰθεᾎς-,Αάναλαδόντοςει
3512 5432 3523 5439 _
3588 5430 3599 5439 _

2345 5373 2432 5438 (76
2493 5372 2813 5435 Ααϐὀντος.
2843 5372 2975 5433 Reg.
3004 5381 3054 5429 c,
3083 5372 3462 5424 ἁναλαδόντος.
3678 5428 3688 5438 _
3736 5428 3749 5439 ν

2345 5372 2458 5513 (77)
2494 5438 2931 5513 Δᾉνιάηοευτον.
2967 5435 3089 5513 βίη.
3125 5452 3143 5513 :_
3187 5453 3205 5485 ι
3237 5432 3482 5513 Medendi
3512 5427 3847 5513 imbecillita-

2277 5496 2407 5565 tem.
2440 5496 2459 5562 ί
2494 5496 2742 5563 Verterat
2776 5518 2952 5560 tamen
2978 5505 3032 5559 in
3066 5506 3239 5574 prima
3261 5502 3538 5558 editione:
3577 5518 3593 5550 ι
3631 5496 3701 5551 Ne
3737 5498 3848 5550 im-

2276 5581 2609 5636 medicabilis
2636 5577 2838 5647 peccati
2871 5573 3169 5647 doctritiam
3199 5573 3511 5647 inducas.)

2349 5633 2609 5723 V("778;)777Kal
2636 5633 2811 5723 τοῦτο
2852 5643 2985 5723 τῆς.
3037 5645 3127 5700 Sic
3170 5643 3406 5712 quinque
3441 5639 3623 5711 Begg.,
3657 5633 3750 5690 0r.
3792 5635 3846 5702 1,

2242 5696 2248 5711 ·
2277 5696 2767 5779 messanae.
2784 5696 2845 5771 in
2880 5696 2974 5797 ea:
