4010 6316
167 242 252 297 337
1103 235 1360 294 ORAT-IO
1401 235 1644 294 XXXIX.
1685 270 1752 282 —-
1787 239 1857 296 IN
1896 241 2168 297 SANCTA
2209 243 2492 301 LUMINA.

3309 254 3414 309 558

165 362 310 421 νοίας.
351 355 486 410 Οὖδέ
531 357 625 411 τὸν
665 359 723 412 ἐν
765 359 1015 431 Κορίνθῳ
1063 332 1529 428 παρανομήσαντα
1572 356 1725 426 (79);

1837 361 1960 430 quid
1983 375 2271 432 perpessus
2314 372 2398 419 est
2427 363 2518 416 “‘l
2555 364 2626 418 At
2670 363 2826 420 Jesus
2868 380 2991 420 eum
3041 368 3313 438 suscepit,
3353 385 3418 426 ac

165 450 351 512 Παῦλος
387 449 444 502 δὲ
476 451 574 503 καὶ
615 450 834 520 ἀγάπην
885 451 1180 521 ἐκύρωσεν,
1225 447 1412 518 ἐπειδὴ
1452 447 1549 518 τὴν
1581 447 1732 520 διόρ-

167 545 309 596 Θωσιν
335 537 442 595 εἶδε
461 559 474 572 ·
520 541 621 595 καὶ
646 543 704 596 τὸ
739 543 938 596 αἴτιον·
977 543 1102 596 Ἵνα
1123 541 1208 611 μὴ
1231 540 1304 610 τῇ
1328 541 1732 608 περισσοτέρᾳ

164 635 306 698 λύπῃ
339 631 449 701 (80)
487 631 801 702 καταποθῇ
832 636 866 686 ὁ
897 632 1168 697 τοιοῦτος
1199 630 1333 700 (8|),
1381 629 1640 701 βαρηθεὶς
1666 632 1734 701 τῇ

165 721 378 793 ἀμετρία
423 722 529 794 τῆς
581 724 942 795 επιπλήξεως.
984 725 1120 777 Οὑδέ
1151 723 1250 787 τὰς
1301 724 1428 787 νέας
1474 724 1731 794 γαμίζεις

165 817 334 884 χήρας,
367 814 457 867 διὰ
476 815 540 868 τὸ
563 816 664 886 τῆς
686 816 905 887 ἡλικίας
931 817 1201 872 εὐάλωτον
1223 833 1238 882 ;
1259 817 1471 880 Παῦλος
1493 817 1549 870 δὲ
1576 817 1732 870 τοῦτο

165 905 458 977 ἐτόλμησεν,
494 900 560 958 οὗ
593 909 655 961 σὺ
686 907 886 980 δηλαδὴ
925 909 1262 974 διδάσκαλος,
1291 907 1367 972 ὡς
1400 909 1493 961 ἐπὶ
1535 909 1731 980 τέταρ-

165 1015 238 1051 τον
282 998 510 1069 οὐρανὸν
570 1000 804 1070 φθάσας,
851 1002 946 1054 καὶ
997 1001 1154 1055 ἄλλον
1210 1001 1539 1072 παράδεισον
1575 1043 1589 1066 ,
1637 1002 1732 1055 καὶ

165 1089 606 1164 ἁποῤῥητοτέρων
645 1092 888 1156 ἀκούσας
917 1093 1177 1163 ῥημάτων
1204 1093 1335 1164 (82),
1367 1094 1461 1147 καὶ
1511 1091 1733 1164 μείζονα

166 1180 337 1233 κύκλον
376 1182 455 1253 τῷ
492 1183 816 1254 Εὐαγγελίῳ
848 1183 1177 1254 περιλαϐών.

1839 465 1934 519 per
1991 451 2251 521 triplicem
2301 453 2780 525 interrogationem
2818 465 2872 511 ct
2909 455 3297 512 confessionem
3339 460 3414 524 “,

1841 541 2110 610 triplicem
2143 544 2537 610 abjurationem
2569 548 2800 600 sanavit.
2833 547 3010 614 Quid?
3038 547 3118 603 Ne
3152 553 3414 622 martyrio

1839 632 2056 702 quidem
2085 633 2428 704 perfunctum
2466 637 2757 692 admittis?
2791 638 2948 708 (Nam
2981 641 3030 694 id
3071 655 3286 710 quoque
3313 651 3416 696 tua:

1840 727 2164 795 arrogantiae
2189 727 2319 787 est).
2352 726 2463 782 Nec
2487 743 2634 792 eum,
2657 729 2747 798 qui
2776 729 2981 784 scelere
3001 744 3122 785 sese
3146 732 3196 784 in
3215 730 3416 785 Coriu-

1842 817 1933 871 tho
1961 818 2291 873 devinxit"?
2329 823 2400 876 At
2432 821 2626 878 Paulus
2693 826 3012 880 charitatem
3073 828 3238 882 etiam
3285 839 3413 895 erga

1839 923 1960 962 eum
1994 911 2256 977 ﬁrmavit,
2286 912 2452 983 690
2481 915 2638 969 sinml
2683 927 2844 985 atque
2887 933 3004 972 eum
3035 921 3097 972 ad
3137 919 3414 976 meliorem

1837 1003 1964 1055 vita:
2018 1000 2225 1072 frugem
2268 1005 2494 1058 rediisse
2530 1006 2842 1074 perspexit;
2882 1008 3144 1076 istamqne
3193 1023 3410 1062 causam

1836 1091 2022 1146 aﬂert:
2073 1093 2156 1146 Ne
2193 1092 2566 1147 abundantiori
2614 1097 2837 1149 tristitia
2884 1097 3262 1162 absorbeatur,
3316 1100 3409 1166 qui

1835 1185 2094 1253 ejusmodi
2118 1193 2192 1237 est
2224 1185 2294 1246 ⁸³,
2329 1186 2616 1241 immodica
2657 1188 3031 1258 objurgatione
3076 1201 3330 1259 gravatus
3356 1199 3413 1243 et

165 1277 565 1343 oppressus.An
598 1293 666 1332 ne
723 1278 1014 1346 juvenibus
1061 1279 1278 1348 quidem
1320 1280 1517 1345 viduis,
1582 1290 1804 1352 propter
1842 1280 2019 1336 astatis
2083 1278 2382 1346 lubricum,
2437 1281 2661 1335 ineundi
2703 1283 3031 1337 matrimonii
3091 1293 3408 1353 potestatem

166 1367 315 1418 lacis?
341 1368 409 1420 At
439 1367 640 1422 Paulus
680 1369 778 1424 hoc
811 1368 990 1424 facere
1017 1369 1238 1424 minime
1269 1371 1558 1438 dubitavit,
1605 1372 1758 1440 cujus
1797 1383 1848 1426 te
1920 1371 2127 1426 scilicet
2173 1371 2488 1440 magistrum
2540 1373 2831 1441 profiteris,
2875 1373 3096 1442 perinde
3139 1383 3298 1443 atque
3337 1374 3406 1428 ad

164 1465 388 1524 quartum
443 1459 674 1522 coelum,
729 1460 1004 1529 aliumque
1046 1462 1352 1530 paradisum
1394 1465 1730 1532 perveneris,
1772 1479 1837 1519 ac
1899 1464 2060 1518 verba
2125 1466 2296 1534 magis
2339 1478 2534 1518 arcana
2577 1465 2871 1531 audiveris,
2909 1466 3276 1536 majoremque
3301 1466 3411 1521 cir-

163 1549 317 1601 culum
350 1549 652 1617 Evangelio
687 1552 1188 1619 comprehenderis.

219 1640 313 1692 16'.
367 1641 512 1692 Ἀλλ’
549 1643 612 1693 οὐ

164 1730 297 1799 Τίςή
328 1729 650 1794 ἀπόδειξιςς
699 1732 731 1801 ἢ
783 1732 1039 1803 δεῖξον,ἢ
1084 1733 1158 1805 μὴ
1211 1735 1529 1805 κατάκρινε.
1575 1736 1638 1788 Εἰ
1671 1736 1727 1788 δὲ

161 1821 458 1890 ἀμφίϐολον,
492 1823 703 1875 νικάτω
739 1823 800 1876 τὸ
835 1823 1238 1905 (ἐεὶλᾲ-’νρρερειεονΣ
1272 1826 1432 1878 ’Λλλά
1455 1827 1727 1892 Ναυάτος,

164 1915 323 1982 φησὶν,
353 1914 453 1966 οὐκ
487 1913 711 1980 ἐδέξατο
747 1917 872 1978 τοὺς
903 1917 962 1969 ἐν
1004 1916 1082 1987 τῷ
1126 1917 1354 1988 διωγμῷ
1389 1921 1730 1988 παραπεσόν-

163 2021 263 2066 τας.
295 2005 356 2056 Τί
377 2005 538 2060 τοῦτο
565 2007 710 2078 (84);
743 2007 802 2059 Εἰ
832 2008 930 2077 μὲν
960 2009 1021 2061 οὐ
1060 2009 1449 2079 μεταγνόντας,
1484 2010 1726 2075 δικαίωςο

162 2096 266 2149 οὐδὲ
295 2095 400 2164 ἐγὼ
449 2098 684 2168 δέχομαι
731 2099 876 2163 τοὺς,
912 2100 944 2170 ἢ
981 2100 1058 2170 μὴ
1103 2101 1543 2171 καμπτομένους,
1577 2103 1609 2174 ἢ
1655 2105 1729 2174 μὴ

163 2185 327 2251 ἀξίως,
362 2189 497 2259 μηδὲ
533 2189 965 2260 ἀντισηκοῦντας
1007 2190 1081 2261 τῷ
1115 2192 1270 2264 κακῷ
1294 2191 1392 2263 τὴν
1422 2193 1726 2265 διόρθωσιν·

164 2278 245 2328 καὶ
265 2278 384 2331 ὅταν
417 2279 690 2350 δέεωμαι,
721 2281 816 2350 τὴν
844 2282 1229 2352 ’προσήκουσαν
1263 2283 1444 2346 αὐτοῖς
1475 2285 1731 2356 ἀπονέμω

164 2368 344 2438 χώραν.
365 2373 426 2424 Ei
443 2371 500 2424 δὲ
529 2374 661 2436 τοὺς
682 2373 1017 2437 ἐκτακέντας
1041 2376 1153 2438 τοῖς
1177 2376 1457 2446 δάκρυσιν,
1473 2378 1534 2430 οὐ
1567 2379 1731 2451 μιμή.

167 2465 455 2530 repudiati.
486 2464 574 2526 τίς
593 2480 686 2534 μοι
720 2466 884 2536 νόμος
911 2467 943 2532 ἡ
970 2465 1219 2519 Ναυάτου
1249 2467 1652 2538 μισανθρωπία,
1671 2470 1730 2533 ὃς

165 2553 454 2620 πλεονεξίαν
486 2557 588 2626 μὲν
645 2557 746 2609 οὐκ
803 2557 1028 2610 ἐκόλασε
1051 2600 1064 2623 ,
1114 2559 1213 2628 τὴν
1263 2559 1522 2629 δευτέραν
1577 2559 1730 2612 εἰδω-

163 2644 452 2718 λολατρείαν
489 2666 501 2678 ·
543 2650 806 2721 πορνείαν
841 2649 897 2702 δὲ
932 2648 1076 2703 οὕτω
1106 2651 1316 2722 πικρῶς
1355 2651 1724 2717 κατεδίκασεν,

165 2737 227 2798 ὠς
259 2739 490 2810 ἄσαρκος
507 2741 602 2793 καὶ
623 2740 913 2811 ἀσώματος
939 2760 952 2808 ;
991 2742 1056 2794 Τί
1086 2759 1224 2811 φατε
1249 2759 1262 2807 ;
1288 2742 1556 2814 Πείθομεν
1581 2745 1726 2814 ὑμᾶς

165 2829 260 2889 τοῖς
290 2827 464 2896 λόγοις
491 2830 746 2894 τούτοιςς
781 2831 971 2901 Δεῦρο,
1025 2831 1186 2900 στῆτε
1240 2832 1359 2904 μεθ’
1409 2833 1568 2904 ἡμῶν
1618 2834 1726 2887 τῶν

165 2917 459 2986 ἀνθρώπων.
492 2920 900 2991 Μεγαλὺνωμεν
925 2921 1040 2991 ἅμα
1068 2921 1158 2975 τὸν
1218 2921 1444 2993 Κύριον.
1499 2925 1588 2994 Μή
1638 2941 1725 2988 τις

166 3007 298 3076 ὑμῶν
320 3012 490 3064 είπεῐν
521 3012 796 3085 τολμήσῃ,
821 3012 954 3082 μηδὲ
982 3011 1161 3066 είλίαν
1195 3013 1371 3084 ἐαυτῷ
1396 3013 1720 3088 τεθάρρηκε·
1755 3006 1796 3064 C

166 3100 215 3148 Μ
220 3099 245 3162 ἡ
253 3116 363 3166 μου
375 3093 855 3170 ᾶπτου,κάθαρὸς
873 3101 983 3171 γάρ
995 3104 1132 3171 ειμι,
1151 3103 1244 3156 καὶ
1258 3103 1338 3166 τίς
1353 3103 1523 3168 οὕτως
1537 3104 1725 3175 ὥσπερ

167 3186 294 3253 ὲγώς
333 3193 590 3260 μετάδοτε
626 3195 719 3247 καὶ
743 3195 873 3264 ἡμῖν
902 3193 1002 3262 τῆς
1035 3192 1438 3264 λαμπρότητος.
1479 3192 1616 3248 Ἀλλ’
1664 3196 1724 3248 οὐ

168 3279 433 3349 πείθομεν;
490 3286 587 3338 καὶ
642 3285 784 3356 ὑπὲρ
829 3286 982 3355 ὑμῶν
1018 3284 1126 3354 (85)
1167 3284 1531 3355 δακρύσομεν.
1565 3279 1726 3338 Οὗτοι

171 3370 253 3436 μὲν
293 3369 399 3436 οὖν,
429 3378 476 3428 εἰ
540 3377 642 3447 μὲν
696 3375 968 3446 βούλοιντο
1005 3374 1138 3445 (86),
1173 3375 1272 3446 τὴν
1304 3375 1579 3447 ἡμετέραν
1607 3375 1724 3428 ὁδὸν

170 3460 246 3511 καὶ
271 3462 519 3534 Χριστοῦ,
579 3468 628 3519 ει
683 3466 738 3519 δὲ
790 3466 883 3537 μὴ,
914 3465 1012 3537 τὴν
1045 3464 1253 3519 ἑαυτῶν
1287 3465 1725 3537 πορευέσοωσαν.

170 3550 318 3621 Τυχδν
341 3557 456 3609 ἐκεῖ
498 3559 580 3629 τῷ
629 3559 763 3630 τιτυρλ⁵
817 3558 1300 3629 βαπτισθήσονται,
1331 3557 1408 3628 τῷ
1433 3557 1725 3629 τελευταίῳ

173 3641 495 3718 βαπτίσματι,
531 3652 612 3722 τῷ
665 3652 1054 3722 ἐπιπονωτέρῳ
1088 3667 1148 3702 τε
1205 3651 1316 3720 (87)
1372 3651 1467 3703 καὶ
1517 3667 1726 3722 μακρο-

170 3736 306 3807 τέρῳ,
328 3739 355 3790 ὃ
380 3743 551 3796 ἐσθίει
584 3744 659 3806 ὡς
689 3744 878 3814 χόρτον
910 3743 1012 3813 τὴν
1058 3741 1190 3812 ὓλην
1217 3741 1348 3812 (88),
1389 3741 1482 3794 καὶ
1511 3742 1727 3814 δαπανᾷ

171 3828 325 3901 πάσης
353 3836 552 3899 κακίας
589 3836 920 3907 κουφότητα.

689 1642 827 1712 μετὰ
914 1644 973 1696 τὸ
1011 1643 1297 1715 ’βάπτισμα
1371 1644 1544 1700 ταῦτα
1596 1646 1726 1715 (85).

1907 1643 2050 1698 XIX.
2087 1641 2305 1708 Verum,
2359 1641 2558 1712 inquis,
2620 1642 2733 1697 haec
2769 1643 2991 1698 minime
3037 1652 3156 1712 post
3235 1643 3413 1714 bapti-

1839 1751 2039 1789 summ.
2083 1735 2199 1801 Quo
2222 1745 2538 1804 argumento
2589 1735 2640 1788 id
2679 1735 3012 1789 confirmas?
3043 1734 3147 1787 Aut
3176 1749 3286 1788 rem
3337 1733 3411 1788 ita

1834 1837 1892 1878 se
1919 1823 2118 1878 habere
2155 1824 2362 1893 proba:
2394 1833 2506 1887 aut,
2533 1823 2576 1877 si
2615 1823 2664 1877 id
2707 1826 2919 1894 nequis,
2954 1839 3020 1878 ne
3055 1826 3406 1879 condemnes.

1833 1911 1982 1978 Quod
2011 1912 2053 1964 si
2085 1926 2170 1966 res
2193 1911 2356 1965 dubia
2386 1913 2689 1978 est,vincat
2725 1912 3031 1966 humanitas
3053 1921 3106 1966 et
3142 1911 3402 1967 facilitas.

1830 2003 1903 2056 At
1933 2001 2192 2065 Novatus.
2243 2003 2452 2072 inquis,
2495 2004 2889 2071 persecutionis
2937 2013 3179 2072 tempore
3228 2004 3408 2073 lapsos

1832 2109 1941 2148 non
1975 2094 2195 2164 recepit.
2233 2094 2372 2161 Quid
2416 2095 2560 2149 hoc?
2605 2096 2662 2149 Si
2701 2095 2916 2164 quidem
2962 2097 3034 2151 illi
3089 2097 3406 2164 pmnitentia

1831 2187 2055 2242 minime
2101 2189 2454 2251 ducebantur,
2509 2188 2714 2257 optimo
2741 2187 2866 2256 jure
2897 2202 2989 2242 eos
3039 2188 3232 2256 repulit
3259 2188 3407 2258 (nam

1831 2292 1898 2332 ne
1929 2277 2041 2346 ipse
2093 2278 2308 2348 quidem
2357 2292 2453 2332 eos
2503 2278 2729 2346 recipio,
2777 2278 2868 2348 qui
2923 2279 3004 2331 vel
3042 2279 3183 2332 nullo
3216 2279 3397 2343 modo,

1830 2366 1915 2421 vel
1961 2382 2068 2420 non
2119 2367 2256 2422 satis
2307 2368 2720 2438 deprimuntur,
2784 2383 2886 2422 nec
2938 2377 3148 2438 patrato
3189 2369 3406 2422 crimini

1830 2474 2012 2528 parem
2059 2461 2182 2513 vita:
2210 2461 2645 2515 emendationem
2679 2459 2952 2526 all‘erunt;
2995 2476 3228 2528 cumque
3264 2461 3404 2514 reci-

1829 2551 1938 2620 pio,
1970 2552 2379 2606 convenientem
2416 2553 2548 2621 ipsis
2593 2552 2767 2608 locum
2801 2553 3077 2623 assigno);
3115 2555 3198 2608 sin
3230 2562 3410 2606 autem

1830 2642 2091 2714 lacrymis
2135 2643 2432 2711 conlectos,
2473 2646 2886 2716 haudquaquam
2941 2647 3081 2701 istud
3125 2647 3401 2703 imitabor.

1828 2733 1964 2799 Quid
2001 2744 2180 2789 autem
2217 2735 2412 2789 Novati
2449 2736 2824 2792 crudelitatem
2867 2754 2962 2806 pro
3003 2738 3119 2805 lege
3145 2739 3396 2805 habeam,

1828 2825 1918 2894 qui
1964 2826 2246 2880 avaritiam
2288 2826 2786 2896 quidem,alterum
2812 2829 3020 2882 scilicet
3072 2828 3395 2883 idololatriae

1829 2931 1996 2986 genus
2029 2915 2098 2980 “,
2128 2915 2273 2969 nulla
2301 2928 2461 2985 ptena
2487 2914 2782 2970 vindicavit
2807 2931 2822 2980 ;
2859 2927 3104 2986 stuprum
3135 2926 3312 2972 autem
3336 2919 3408 2972 ita

1833 3021 1974 3062 saeve
2016 3007 2313 3078 acerbeque
2366 3007 2768 3072 condemnavit,
2801 3009 2953 3076 quasi
2999 3009 3113 3078 ipse
3144 3009 3323 3063 carnis
3356 3019 3410 3062 et

1835 3100 2080 3170 corporis
2123 3115 2316 3168 expers
2363 3099 2708 3165 esset?Qnid
2766 3099 2990 3154 dicitis?
3035 3100 3118 3154 An
3169 3116 3264 3157 vos
3323 3100 3408 3154 his

1834 3191 2012 3246 verbis
2050 3191 2475 3262 permovelnus?
2507 3192 2772 3260 Agedum,
2801 3207 2833 3246 a
2878 3191 3054 3256 nobis,
3083 3192 3184 3247 hoc
3207 3201 3309 3254 est,
3343 3193 3411 3246 ab

1832 3281 2110 3336 hominum
2147 3282 2408 3352 partibus,
2439 3292 2600 3336 state.
2642 3283 2925 3336 Dominum
2967 3299 3070 3336 una
3099 3283 3410 3352 magniﬁce-

1833 3388 1969 3428 mus.
2007 3372 2084 3428 Ne
2108 3375 2232 3444 quis
2257 3383 2518 3441 vestrum,
2546 3374 2844 3444 quantlibet
2865 3375 3061 3428 virtute
3088 3389 3184 3428 sua
3218 3373 3408 3437 fretus,

1830 3480 1896 3520 eo
1933 3465 2172 3520 audaciae
2217 3476 2562 3536 prorumpat,
2609 3477 2665 3520 ut
2713 3467 2886 3520 dicat:
2918 3463 3043 3518 Noli
3073 3482 3151 3520 me
3169 3474 3401 3534 tangere,

1828 3573 1994 3626 purus
2025 3558 2162 3612 enim
2188 3575 2306 3613 sum
2339 3559 2406 3625 ⁸⁸,
2432 3568 2488 3613 et
2511 3559 2631 3628 quis
2673 3558 2802 3612 mihi
2843 3558 2978 3626 par?
3012 3557 3194 3611 Facite
3221 3569 3279 3612 ut
3307 3572 3407 3612 ncs

1829 3666 2042 3720 quoque
2087 3651 2141 3705 in
2187 3650 2490 3720 splendoris
2527 3650 2690 3705 vestri
2740 3659 2947 3719 partem
3002 3649 3302 3704 veniamus.
3337 3648 3409 3700 At

1831 3756 1937 3794 non
1997 3743 2306 3797 ﬂectimus?
2341 3741 2636 3814 Lacrymas
2717 3758 2814 3812 pro
2874 3743 3026 3797 vobis
3092 3740 3402 3796 laudemus.

1829 3836 2006 3903 Atque
2051 3835 2104 3889 hi
2147 3835 2363 3906 quidem
2419 3845 2602 3889 nostra
2635 3876 2649 3902 ,
2688 3835 2734 3890 si
2789 3834 2996 3901 velint,
3038 3845 3202 3903 atque
3267 3833 3408 3886 adeo

171 3917 363 3991 Christi,
389 3928 497 3992 via,
525 3927 608 3980 sin
646 3927 845 3992 minus,
881 3939 977 3980 sua
1048 3922 1330 3979 insistant.
1394 3922 1450 3977 In
1476 3923 1644 3979 altero
1673 3939 1790 3980 aevo
1828 3925 1938 3995 igni
1991 3925 2234 3993 fortasse
2303 3926 2761 3996 baptizabantur;
2811 3927 2902 3996 qui
2973 3937 3281 3996 postremus
3327 3937 3410 3981 est

171 4011 462 4083 baptismus,
517 4030 617 4070 nec
663 4015 837 4069 solum
900 4014 1148 4070 acerbior
1174 4013 1268 4070 sed
1333 4021 1386 4069 et
1461 4013 1785 4083 diuturnior,
1826 4015 1916 4086 qui
1960 4032 2198 4073 crassam
2250 4018 2535 4073 materiam
2589 4018 2762 4074 instar
2812 4017 2920 4072 feni
2965 4018 3292 4089 depascitur,
3347 4034 3411 4074 ac

171 4107 324 4162 omnis
348 4109 456 4163 vitii
495 4108 770 4162 levitatem
803 4105 1058 4162 absumit.

231 4198 304 4251 ΚΩ
341 4199 527 4269 Ἡμεῖς
580 4197 637 4249 δὲ
689 4197 1010 4266 τιμήσωμεν
1043 4194 1106 4248 τὸ
1146 4193 1386 4268 Χριστοῦ
1441 4193 1723 4265 βάπτισμα

1897 4192 2016 4247 XX.
2047 4191 2157 4247 Nos
2181 4199 2362 4246 autem
2390 4191 2547 4246 hodie
2577 4191 2777 4247 Christi
2834 4191 3154 4261 baptismum
3200 4194 3408 4250 honore

175 4287 401 4359 σήμερον,
433 4290 529 4341 καὶ
558 4286 741 4350 καλῶς
788 4287 1158 4358 ἐορτάσωμεν,
1219 4287 1293 4359 μὴ
1343 4285 1542 4356 γαστρὶ
1587 4301 1720 4354 τρυ-

175 4378 374 4445 φῶντες,
404 4380 542 4433 ἀλλὰ
595 4378 981 4449 πνευματικῶς
1015 4377 1448 4449 εὐφραινόμενοι.
1500 4378 1722 4448 Τρυφή-

176 4483 329 4536 σωμεν
351 4469 458 4539 (89)
487 4469 546 4522 δὲ
594 4467 745 4533 πῶς;
778 4468 1119 4530 Λούσασθε,
1168 4467 1414 4536 καθαροὶ
1455 4468 1718 4536 γίνεσθε.

174 4556 225 4607 Ei
252 4559 337 4626 μὲν
365 4559 652 4628 φοινικικοὶ
678 4557 775 4630 τὴν
820 4559 1096 4630 ἁμαρτίαν
1127 4559 1272 4623 ἐστὲ,
1305 4561 1399 4613 καὶ
1441 4556 1604 4630 ἦττον
1635 4560 1720 4612 αἱ·

178 4647 434 4715 ματώδεις,
474 4649 810 4719 λευκάνθητε
851 4649 926 4712 ὡς
969 4649 1140 4719 χιώνῖ
1167 4651 1217 4703 εί
1263 4650 1319 4703 δὲ
1357 4650 1600 4704 κόκκινοι
1629 4651 1722 4703 καὶ

175 4737 335 4810 ἄνδρες
363 4743 608 4814 αἱμάτων
663 4741 879 4806 τέλειοι,
940 4744 1043 4795 κᾶν
1090 4743 1171 4806 είς
1217 4742 1364 4814 ἐρίου
1420 4742 1718 4814 λευκότητα

179 4827 408 4895 φθάσατε.
440 4835 666 4896 Πάντως
697 4832 753 4886 δὲ
786 4832 1097 4904 καθάρθητε
1129 4833 1224 4886 καὶ
1247 4833 1596 4904 καθαίρεσθε.
1635 4833 1720 4897 Ὠς

234 4984 272 5054 ξ’
297 4984 472 5043 Matth.
522 5005 670 5050 xxvi,
721 4989 809 5042 70.
912 4986 1278 5054 “Joan.xxr,
1315 4989 1400 5043 15.

180 5048 215 5080 ⁸⁸
238 5052 326 5108 lsa.
355 5060 542 5123 va,5.
620 5048 666 5089 ⁸⁸
694 5057 798 5112 lsa.
835 5075 872 5122 ι,
909 5057 994 5112 l6.
1074 5057 1117 5088 "
1150 5048 1308 5124 ibtd.,
1338 5059 1423 5112 18.

369 5192 902 5266 Παρανομήσαντα.
938 5193 1031 5249 0r.
1065 5193 1572 5266 1,7wenopvsuxotat.

180 5259 335 5390 θεὲξθ)
369 5259 555 5332 Adam.
593 5259 779 5319 Plures
814 5265 982 5335 Regg.
1015 5274 1067 5319 et
1093 5265 1246 5320 Colb.
1294 5259 1517 5331 addunt,
1545 5263 1718 5336 βαρη-

383 5403 442 5474 ῘΟ
469 5403 754 5470 τοιοῦτος.
789 5404 945 5474 Deest
983 5405 1034 5458 in
1071 5404 1236 5474 Regg.
1270 5404 1380 5469 bm,
1409 5404 1500 5473 ph.

240 5468 335 5533 (εἳ)
381 5473 666 5540 Ἀκούσας
682 5468 984 5544 ῥημάτων.
1016 5476 1107 5531 Sic
1136 5468 1268 5538 Ιὶἑαο
1297 5468 1390 5544 Phr-
1411 5468 1583 5530 Dee“
1614 5478 1714 5547 ρη-

186 5538 342 5606 μάτων
365 5541 413 5594 in
440 5545 525 5598 ed.

381 5612 578 5687 ζαῦτα.
612 5613 742 5687 Reg.
772 5628 803 5670 c
831 5625 884 5670 et
910 5615 1061 5687 0r._i
1093 5615 1499 5687 addunt,7<pqal
1533 5633 1638 5679 τις.

244 5631 338 5678 (σοι
381 5631 578 5666 (avra.
612 5631 688 5669 tte
726 5653 742 5669 .
772 5631 803 5670 c
831 5631 884 5670 et
910 5631 1002 5670 ur.
1036 5631 1061 5669 ι
1093 5631 1332 5680 auuunt,
1365 5631 1499 5687 φησι
1533 5633 1637 5679 τις.

244 5679 338 5747 (84)
379 5683 432 5735 Τί
462 5683 655 5738 τοῦτο.
689 5631 826 5755 fies.
861 5701 890 5742 c
923 5695 974 5742 et
1002 5685 1219 5754 C0tnb.,
1250 5686 1358 5741 Καί
1385 5704 1436 5740 τι
1461 5687 1637 5740 τοῦτο.

1529 4989 1574 5020 ⁶²
1604 4989 1620 5042 l
1675 4988 1800 5043 nm.

1830 4286 2275 4357 complectamur,
2318 4300 2380 4340 ac
2409 4286 2605 4340 festum
2647 4285 2869 4339 honeste
2910 4284 3266 4352 celebremus,
3298 4304 3402 4343 non

1829 4379 2036 4434 ventris
2087 4379 2294 4433 deliciis
2349 4392 2570 4446 operam
2640 4378 2848 4441 dantes,
2893 4377 2988 4432 sed
3055 4377 3405 4446 spiritualitcr

1832 4472 2077 4540 nosipsos
2119 4469 2475 4524 obiectantes.
2506 4466 2747 4533 Quonam
2790 4473 2967 4521 autem
3012 4468 3170 4521 modo
3197 4469 3404 4524 deliciis

1831 4562 2268 4631 indulgebitnus?
2309 4559 2610 4623 Lavamini,
2657 4560 2842 4612 mundi
2876 4559 3108 4613 estote“.
3148 4559 3202 4614 Si
3238 4561 3398 4632 691

1830 4660 2050 4722 peccato
2078 4651 2223 4706 rubri
2253 4651 2405 4714 estis,
2435 4650 2717 4720 minusque
2739 4651 3054 4720 sanguinei,
3105 4655 3260 4721 quasi
3312 4656 3401 4708 nix

1830 4743 2153 4799 dealbernini
2198 4743 2278 4797 ⁶⁷ε
2311 4742 2355 4797 si
2402 4753 2580 4796 autem
2638 4743 2874 4799 coccinei
2922 4759 2986 4797 ac
3039 4743 3263 4812 perfecti
3303 4747 3399 4802 viri

1829 4833 2364 4904 sanguinum,etiam
2403 4849 2576 4904 usque
2614 4834 2680 4888 ad
2717 4833 2852 4888 lanae
2890 4837 3181 4891 candorem
3211 4855 3399 4909 perve-

1860 5008 1910 5057 v,
1945 4992 1968 5046 1
2018 5001 2073 5048 et
2113 5008 2232 5064 sqq.
2343 4992 2452 5046 “ll
2523 4991 2649 5047 Cor.
2680 5007 2742 5046 ll.
2772 4992 2824 5045 7.
2937 4991 2981 5024 ⁸⁵
3032 4993 3227 5063 Ephes.
3259 5011 3312 5060 v,
3345 4997 3400 5052 5.

1897 5194 2011 5269 (85)
2061 5193 2266 5263 Ὑμῶν.
2307 5193 2498 5269 Plures
2532 5194 2708 5258 Colb.,
2753 5193 2928 5263 ἡμῶν.
2963 5193 3106 5262 Mox,
3135 5195 3402 5269 δακρύσο⁴

1827 5282 1945 5335 μεν.
1967 5265 2090 5336 ΑΙ)υο
2119 5269 2306 5334 ltegg.,
2329 5264 2708 5336 δακρύσωμεν.

1898 5334 2010 5405 (86)
2054 5332 2406 5388 Hodierno.
2439 5332 2572 5402 Reg.
2596 5332 2708 5405 hut,
2747 5332 3044 5405 βούλονται2

1895 5401 2024 5475 (87)
2055 5405 2493 5472 Ἐπιπονωτέρῳ
2525 5401 2608 5458 τε.
2635 5401 2725 5458 Sic
2749 5401 2988 5472 quatuor
3023 5402 3192 5475 Regg.
3217 5412 3272 5460 et
3297 5405 3402 5460 duo

1823 5474 2167 5530 Culh.'Deest
2187 5491 2246 5525 τε
2281 5475 2333 5526 in
2366 5489 2452 5529 ed.

1898 5545 2010 5615 (88)
2047 5546 2276 5612 Χόρτον
2313 5543 2426 5611 τὴν
2449 5543 2626 5611 ὓλην.
2661 5543 2830 5600 Nicct.
2875 5564 2893 5597 ι
2937 5553 3178 5598 terrenos
3203 5553 3253 5600 et
3280 5558 3405 5600 car-

1826 5617 1973 5670 nales
2008 5615 2235 5668 allectus
2270 5633 2290 5664 ι
2337 5615 2602 5682 intelligit.
2706 5655 2711 5661 .

1896 5685 2007 5758 (89)
2053 5686 2475 5753 Τρυφήσωμεν.
2510 5683 2644 5742 Tres
2678 5683 2869 5756 Regg.,
2895 5683 3269 5756 τρυφὴσομεν.
