4050 6298
622 272 728 328 359

1860 263 1917 318 S.
1961 261 2289 317 GREGORII
2324 258 2667 316 THEOLOGI
2770 307 2778 316 .

3755 258 3847 310 360

627 387 753 440 nite.
793 383 1025 439 Omnino
1063 390 1240 437 autem
1296 381 1505 449 purgati
1559 378 1712 441 sitis,
1756 393 1819 432 ac
1872 380 2187 448 purgemini.

2299 377 2465 430 οὐδενὶ
2488 373 2739 429 τοσοῦτον
2766 373 2943 444 χαίρει
2966 370 3117 433 Θεὸς,
3147 371 3270 423 ὅσον
3309 368 3595 441 ἀνθρώπου
3624 368 3851 440 διορθώ-

630 475 781 531 Nnna
813 477 953 529 cnim
985 489 1042 529 re
1073 474 1210 528 Deus
1233 473 1452 541 perinde
1494 471 1816 536 delectatur,
1855 482 1911 525 ut
1937 472 2188 533 hominis,

627 584 724 636 pro
751 582 856 635 quo
870 565 1044 619 omnis
1068 576 1243 618 sermo
1265 571 1318 616 et
1337 563 1515 616 omnia
1548 562 1823 632 mysteria,
1848 562 2195 631 resispiscen-

634 659 704 711 tia
753 667 807 710 et
848 655 1054 720 salute;
1114 663 1170 707 ut
1227 651 1565 715 efﬁciamini,
1617 653 1757 707 sicut
1805 652 2089 706 luminaria
2139 651 2191 704 in

632 750 830 801 mundo
860 745 924 809 ⁸⁸,
952 744 1033 799 vis
1062 742 1309 812 quaedam
1359 742 1540 797 vitalis
1592 742 1814 810 reliquis
1849 740 2184 804 hominibus,

627 851 733 907 quo
766 835 1005 906 perfecta
1053 832 1252 888 lumina
1309 846 1503 902 magno
1565 832 1643 886 illi
1700 832 1885 886 lumini
1932 840 2194 894 astantes,

626 930 745 998 ejus
799 926 997 994 ipsius,
1052 939 1171 993 qua!
1215 923 1266 976 in
1324 923 1461 978 rtelo
1498 932 1598 986 est,
1646 923 1779 978 lucis
1827 922 2197 992 splendoribus

627 1016 966 1080 itnhuatnini,
993 1014 1179 1085 purius
1212 1023 1265 1068 et
1284 1014 1486 1069 clarius
1524 1029 1553 1067 a
1596 1012 1859 1068 Trinitate
1889 1013 2195 1080 illuminati,

626 1110 779 1180 cujus
819 1123 962 1163 nunc
985 1107 1194 1161 radium
1237 1121 1401 1160 unum
1430 1122 1494 1159 ex
1527 1121 1629 1159 una
1664 1105 1862 1159 deitate
1892 1114 2197 1158 manantem

628 1202 805 1254 minus
818 1199 975 1268 plene
992 1198 1293 1270 accepistis,
1316 1195 1595 1251 inChristo
1611 1192 1734 1250 Jcsu
1753 1195 1979 1250 Domino
1993 1203 2194 1261 nostro,

627 1292 710 1346 cui
734 1291 900 1362 gloria
923 1301 977 1346 et
999 1290 1281 1360 imperium
1321 1288 1375 1343 in
1411 1287 1601 1343 saecula
1638 1286 1974 1341 sarculorum.
2000 1286 2191 1341 Amen.

701 1446 746 1478 σε
770 1444 965 1515 Philip.
1012 1460 1078 1507 ιι,
1127 1444 1216 1498 ιε’).

699 1536 811 1605 (90)
861 1534 1257 1605 Ὑποδέὸεχθε.
1296 1531 1441 1596 Bas.,
1473 1525 1892 1599 ὑποδεδεγμεθα,
1932 1543 1951 1577 r
1984 1522 2194 1593 accepi-

630 1623 767 1663 mus.
805 1625 824 1658 Ι

1116 1880 1500 1958 ORATIO
1556 1877 1719 1955 XL“

1097 2058 1160 2111 In
1193 2067 1429 2112 sanctum
1451 2056 1728 2126 baptisma.

695 2168 735 2223 1.
767 2168 1028 2236 Quoniam
1060 2166 1175 2222 heri
1202 2166 1535 2236 splendidum
1558 2164 1845 2218 Luminum
1872 2165 2012 2219 diem
2046 2164 2192 2220 cele-

623 2261 895 2316 bravimus
921 2259 1174 2329 (salutem
1205 2257 1404 2311 etenim
1450 2265 1687 2310 nostram
1731 2255 1913 2309 laetitia
1940 2256 2194 2325 prosequi

625 2348 1007 2412 conveniebat,
1044 2362 1108 2400 ac
1134 2346 1302 2399 multo
1324 2345 1537 2414 quidem
1589 2344 1780 2413 magis,
1814 2360 1973 2414 quam
2016 2345 2196 2399 carnis

625 2441 809 2501 amici,
835 2440 923 2508 qui
958 2440 1072 2491 dies
1100 2451 1195 2492 eos
1226 2436 1515 2506 quotannis
1538 2436 1833 2501 celebrant,
1882 2435 2079 2505 quibus
2109 2436 2194 2491 vel

627 2531 760 2595 nati,
787 2530 867 2582 vel
900 2527 1241 2581 matrimonio
1264 2525 1433 2592 iuueti
1489 2534 1635 2588 sunt,
1686 2524 1767 2578 vel
1799 2539 1997 2578 nomen
2033 2540 2193 2579 acceo

627 2626 844 2687 perunt,
873 2617 954 2671 vel
998 2622 1142 2669 certe
1181 2616 1319 2668 inter
1353 2614 1580 2684 juvenes
1630 2614 1834 2668 censeri
1884 2625 2193 2682 coeperunt,

625 2709 711 2764 vel
759 2708 931 2762 locum
976 2706 1204 2776 aliquem
1271 2707 1497 2775 primum
1554 2705 1915 2770 incoluerunt,
1946 2704 2029 2759 vel
2070 2721 2197 2774 qna-

628 2813 842 2868 cunque
895 2798 1108 2852 tandem
1151 2796 1252 2849 alia
1299 2797 1363 2849 de
1412 2811 1593 2858 causa,
1622 2811 1743 2865 quae
1775 2795 1842 2849 ah
1876 2796 2185 2849 hominibus

626 2890 996 2958 celebratur);
1028 2888 1184 2942 hodie
1233 2889 1297 2941 de
1334 2888 1619 2955 baptismo,
1652 2902 1716 2942 ac
1771 2886 2030 2941 beneficio
2069 2886 2195 2943 hinc

627 2983 693 3035 ad
749 2997 845 3037 nos
908 2989 1195 3045 manante,
1254 2980 1489 3033 breviter
1559 2980 1924 3035 disseremus:
1983 2979 2194 3033 tametsi

629 3073 881 3127 hesterna
918 3071 1034 3124 luce
1066 3085 1164 3124 nos
1208 3069 1382 3123 oratio
1417 3068 1684 3139 elfugerit,
1724 3080 1834 3123 tum
1883 3072 2005 3138 quia
2059 3082 2196 3125 tem-

625 3162 772 3231 poris
799 3161 1041 3229 angustia
1074 3161 1479 3228 premebamur,
1527 3170 1635 3213 tum
1680 3161 1801 3227 quia
1832 3174 2013 3213 sermo
2044 3172 2197 3215 satu-

626 3254 837 3308 ritatem
898 3267 960 3306 ac
1016 3252 1289 3306 fastidium
1352 3249 1606 3318 fugiebat.
1675 3249 1951 3305 Sermonis
1999 3253 2195 3320 quippe

2303 483 2383 522 σει
2408 467 2503 520 «καὶ
2535 465 2797 536 σωτηρίᾳ,
2834 463 2973 535 ὑπὲρ
2997 456 3057 515 οὗ
3079 461 3234 529 λόγος
3263 460 3407 523 ἅπας
3434 461 3527 513 καὶ
3552 458 3695 512 ἆπαν
3723 477 3849 530 μυσ-

2299 561 2517 629 τήριονο
2552 557 2638 610 ἴνα
2672 553 2900 626 γένησθε
2946 552 3021 615 ὡς
3077 550 3363 622 φωστῆρες
3401 551 3458 602 ὲν
3510 550 3715 619 κόσμῳ,
3759 549 3854 613 ζωο

2299 650 2423 720 τικὴ
2456 651 2567 711 τοῖς
2592 647 2771 710 ἄλλοις
2816 643 3121 715 ἀνθρώποις
3152 641 3401 711 δύναμις,
3448 641 3534 694 ἶνα
3583 641 3735 709 φῶτα
3768 641 3851 692 τέ-

2300 742 2419 794 λεια
2451 739 2526 810 τῷ
2563 736 2781 810 μεγάλῳ
2816 736 2954 805 φωτὶ
3003 732 3400 803 παραστάντες,
3429 732 3522 784 καὶ
3553 730 3649 800 τὴν
3683 733 3849 783 ἐκεῖσε

2307 831 2549 903 μυηθῆτε
2586 826 2967 901 φωταγωγίαν,
3005 824 3400 894 ἐλλαμπόμενοι
3438 824 3504 892 τῇ
3548 821 3733 892 Τριάδι
3757 838 3851 872 κα-

2305 923 2610 995 θαρώτερον
2661 921 2751 975 καὶ
2804 918 3144 991 τρανότερον,
3185 912 3251 986 ἦς
3284 914 3379 968 νῦν
3409 913 3641 986 μετρίως
3677 913 3856 966 ὑποδέ-

2302 1013 2458 1082 δεχθε
2497 1010 2606 1082 (90)
2643 1008 2740 1081 τὴν
2774 1007 2902 1078 μίαν
2955 1005 3125 1076 αὐγὴν
3175 1006 3241 1057 ὲκ
3295 1006 3421 1075 μιᾶς
3455 1004 3554 1074 τῆς
3594 1002 3856 1072 θεότητος,

2304 1105 2361 1157 ὲν
2387 1102 2607 1174 Χριστῷ
2640 1098 2815 1171 Ἰησοῦ
2848 1098 2924 1170 τῷ
2950 1097 3132 1169 Κυρίῳ
3164 1095 3342 1168 ἡμῶν,
3381 1089 3425 1162 ᾧ
3448 1096 3482 1166 ἡ
3508 1093 3654 1161 δόξα,
3678 1095 3769 1147 καὶ
3800 1092 3860 1146 τὸ

2302 1193 2499 1265 κράτος
2532 1192 2639 1263 (9|)
2668 1193 2748 1254 είς
2774 1189 2900 1252 τοὺς
2930 1188 3130 1252 αίῶνας
3157 1185 3264 1240 τῶν
3301 1184 3531 1240 αἰώνων.
3567 1185 3757 1256 ’Δμήν.

2375 1524 2485 1593 (91)
2529 1525 2635 1579 Καὶ
2672 1524 2737 1577 τὸ
2762 1524 2993 1593 κράτος.
3033 1524 3123 1580 Sic
3154 1523 3316 1578 Coisl.
3362 1523 3398 1577 2
3435 1530 3489 1578 el
3525 1521 3617 1578 Or.
3672 1522 3724 1577 1.
3772 1523 3864 1579 Sic

2303 1597 2465 1652 etiam
2492 1596 2617 1665 legit
2648 1594 2855 1650 Billius.
2886 1596 3009 1650 Hmc
3037 1598 3230 1649 desunt
3254 1595 3307 1648 in
3328 1594 3417 1650 ed.

2814 1811 3376 1958 A01‘02'M'.

2700 2053 2805 2117 Εἰς
2842 2052 2907 2105 τὸ
2936 2051 3109 2121 ἅγιον
3131 2050 3468 2121 βάπτισμα.

2368 2171 2447 2219 A'.
2483 2162 2624 2226 Χθὲς
2672 2166 2737 2234 τῇ
2770 2163 2998 2233 λαμπρᾷ
3042 2162 3150 2214 τῶν
3174 2160 3373 2214 Φὼτων
3408 2162 3595 2234 ἡμέρα
3624 2178 3871 2233 πανηγυ-

2302 2256 2549 2329 ρίσαντες
2599 2256 2615 2314 (
2639 2255 2732 2307 καὶ
2776 2253 2883 2325 γὰρ
2945 2253 3150 2325 ἔπρεπε
3180 2253 3496 2325 χαρμόσυνα
3548 2252 3735 2307 θέσθαι
3768 2255 3871 2326 τῆς

2300 2347 2573 2418 σωτηρίας
2600 2346 2700 2415 τῆς
2738 2344 3030 2416 ἡμετέρας,
3082 2345 3176 2398 καὶ
3218 2344 3397 2415 πολλῷ
3448 2344 3646 2416 μᾶλλον
3680 2344 3791 2415 (92)
3829 2346 3870 2415 ἢ

2298 2440 2566 2510 γαμήλια,
2610 2440 2703 2491 καὶ
2738 2436 3008 2505 γενέθλια,
3048 2438 3142 2491 καὶ
3174 2438 3563 2509 ὀνομαστήρια,
3593 2441 3705 2500 τοῖς
3731 2454 3872 2509 σαρ-

2298 2529 2394 2593 κὸς
2432 2529 2626 2596 φίλοις,
2661 2526 2963 2597 κουρόσυνά
2989 2527 3101 2597 (95)
3143 2544 3202 2579 τε
3248 2527 3342 2580 καὶ
3385 2526 3699 2580 κατοικέσια
3730 2525 3870 2597 (94),

2298 2622 2392 2674 καὶ
2435 2621 2625 2689 ἐτήσια
2656 2618 2806 2688 (95),
2841 2618 2944 2672 ὅσα
2986 2634 3043 2670 τε
3094 2617 3229 2672 ἄλλα
3275 2617 3737 2689 πανηγυρίζουσιν
3775 2618 3869 2671 ἆν-

2300 2710 2564 2785 θρωποι),
2620 2712 2860 2779 σήμερον
2922 2710 3052 2781 περὶ
3102 2708 3194 2762 τοῦ
3246 2709 3616 2779 βαπτίσματος
3662 2709 3875 2781 βραχέα

2298 2799 2655 2870 διαλεξόμεθα
2688 2800 2824 2871 (96),
2857 2800 2949 2853 καὶ
2982 2801 3080 2870 τῆς
3127 2799 3375 2854 ἐντεῦθεν
3421 2802 3553 2871 ἡμῖν
3591 2799 3874 2871 ὑπαρχού-

2304 2908 2403 2962 σης
2430 2890 2745 2959 εὐεργεσίας
2764 2907 2776 2919 ·
2808 2890 2856 2941 εί
2891 2889 2985 2942 καὶ
3018 2888 3144 2960 χθὲς
3190 2890 3336 2960 ἡμᾶς
3359 2892 3387 2943 ὁ
3417 2890 3573 2957 λόγος
3597 2890 3874 2960 παρέδρα-

2306 2999 2393 3051 με,
2426 2982 2523 3051 τῆς
2571 2979 2718 3050 ὥρας
2753 2978 3203 3050 κατεπειγούσης,
3254 2981 3349 3032 καὶ
3404 2980 3519 3049 ἅμα
3555 2979 3649 3031 τοῦ
3704 2978 3871 3046 λόγου

2300 3074 2390 3126 τὸν
2415 3074 2574 3143 κόρον
2603 3072 2910 3141 φεύγοντος.
2956 3073 3133 3145 Κόρος
3165 3074 3221 3126 δὲ
3256 3072 3366 3142 (97)
3402 3072 3560 3140 λόγου
3612 3073 3872 3143 πολέμιος

2300 3163 2509 3227 ἀκοαῖς,
2549 3162 2623 3227 ὼς
2661 3161 3070 3233 ὑπερϐάλλουσα
3102 3163 3275 3234 τροφὴ
3293 3162 3505 3233 σώμασι
3530 3163 3660 3231 (98).
3696 3166 3871 3234 Προσ-

2305 3254 2448 3323 έχειν
2480 3253 2534 3306 δὲ
2586 3252 2735 3319 ἄξιον
2779 3255 2889 3316 τοῖς
2920 3251 3255 3323 λεγομένοις,
3290 3254 3382 3304 καὶ
3419 3253 3493 3324 μὴ
3524 3254 3822 3323 παρέργως
3852 3292 3868 3318 ,

626 3345 882 3397 saturitas
926 3360 1029 3397 non
1085 3345 1264 3396 minus
1329 3342 1548 3397 auribus
1611 3342 1827 3395 inimica
1878 3352 1980 3405 est,
2029 3356 2190 3411 quam

2299 3345 2434 3399 ἀλλὰ
2480 3344 2773 3415 προθύμως
2799 3345 2892 3397 τὸν
2929 3345 3060 3414 περὶ
3102 3343 3432 3413 τηλικούτων
3479 3344 3732 3408 δέξασθαι
3780 3344 3868 3397 λόο

624 3434 945 3489 ἰιηηιοιιῐειιε
993 3436 1145 3487 cibus
1214 3434 1449 3503 corpori.
1498 3432 1685 3501 Opera:
1720 3434 1950 3502 pretium
2012 3444 2188 3488 autem

2299 3452 2421 3505 γον·
2458 3436 2641 3505 ἐπειδὴ
2671 3438 2764 3489 καὶ
2795 3435 2952 3488 τοῦτό
2981 3438 3097 3489 ὲστι
3126 3437 3421 3506 φωτισμὸς,
3455 3436 3736 3505 τὸγνῶναι
3774 3437 3868 3489 τοῦ

625 3525 782 3580 fuerit
812 3541 907 3580 vos
944 3527 1010 3580 ad
1031 3542 1113 3591 ea,
1147 3542 1266 3594 qua:
1297 3526 1491 3579 dicturi
1524 3540 1729 3589 sumus,
1754 3525 2188 3578 animumatten-

2301 3527 2601 3599 μυστηρίου
2630 3529 2727 3599 τὴν
2748 3526 2997 3599 δύναμιν.
3088 3554 3101 3566 -υ

629 3630 738 3672 tmn
774 3619 985 3684 all‘erre,
1016 3628 1173 3687 atque
1216 3620 1512 3671 oralionem
1552 3618 1617 3672 de
1666 3618 1825 3671 tantis
1858 3618 2361 3683 rebusinstitutani,
2419 3637 2524 3674 non
2570 3621 2934 3690 perfunctorie
2991 3630 3045 3675 et
3082 3621 3398 3684 oscitanter,
3466 3622 3558 3675 sed
3624 3632 3868 3692 prompte

625 3721 677 3764 et
709 3710 960 3764 alacriter
1014 3711 1314 3779 excipere:
1370 3710 1799 3779 quandoquidem
1848 3711 1949 3766 hoc
2010 3725 2229 3781 quoque
2308 3714 2560 3781 splendor
2594 3722 2730 3778 est,
2776 3712 2884 3767 vim
2948 3713 3169 3783 hujusce
3236 3714 3472 3783 mysterii
3531 3728 3863 3782 perspecmm

627 3803 847 3858 habere.
891 3809 903 3825 '

696 3895 861 3966 692
937 3893 997 3948 ll.
1052 3890 1269 3962 Triplex
1336 3893 1631 3948 nativitatis
1717 3908 1882 3960 genus
1944 3893 2189 3962 agnoscit

628 3989 902 4056 Scriptura
933 4006 944 4040 :
981 3987 1209 4053 primum
1241 4001 1304 4040 ex
1344 3986 1680 4053 corporibus,
1706 3985 1931 4038 alterum
1962 4001 2028 4039 ex
2057 3985 2188 4053 hap-

624 4081 805 4145 tismo,
855 4083 1071 4133 tertium
1122 4093 1185 4132 ex
1240 4078 1651 4132 resurrectione.
1704 4075 1903 4131 Horum
1935 4077 2186 4146 primum,

627 4161 948 4225 nocturnum
1007 4180 1062 4224 et
1116 4184 1327 4224 servum
1372 4178 1477 4234 est,
1527 4184 1590 4221 ac
1642 4184 1766 4221 cum
1804 4168 2027 4223 libidine
2056 4182 2188 4221 con-

621 4262 869 4333 junctunt
902 4285 913 4317 :
953 4261 1203 4326 alterum,
1254 4261 1506 4314 diurnum
1556 4268 1609 4314 et
1648 4260 1985 4321 liberntn,ac
2018 4257 2190 4329 depel-

624 4352 899 4407 lendarum
984 4353 1294 4407 vitiosarum
1362 4349 1707 4405 aﬂectionum
1772 4350 1878 4403 vim
1944 4349 2185 4418 habens,

2366 3888 2439 3940 B'.
2471 3886 2711 3958 Τρισσὴν
2739 3886 2992 3957 γέννησιν
3030 3889 3163 3959 ἡμῖν
3207 3884 3347 3941 οἶδεν
3383 3890 3412 3941 ὁ
3440 3888 3627 3957 Λόγος·
3664 3890 3764 3961 τὴν
3802 3892 3864 3943 ἐκ

2298 3980 2585 4052 σωμάτων,
2621 3979 2718 4051 τὴν
2740 3981 2804 4032 ἐκ
2830 3980 3221 4051 βαπτίσματος,
3253 3982 3348 4035 καὶ
3375 3981 3485 4051 (99)
3514 3983 3612 4053 τὴν
3644 3983 3703 4048 ἐξ
3736 3984 3862 4036 ἀνα-

2297 4074 2557 4136 στάσεως.
2611 4072 2829 4125 Τούτων
2857 4073 2912 4125 δὲ
2951 4072 3049 4144 (l),
3090 4076 3123 4145 ἡ
3158 4076 3256 4144 μὲν
3291 4078 3574 4146 νυκτερινή
3628 4076 3687 4128 τέ
3726 4077 3858 4135 ἐστι,

2295 4167 2389 4220 καὶ
2428 4164 2611 4235 δούλη,
2643 4166 2737 4218 καὶ
2768 4164 3023 4236 έμπαθής
3043 4182 3057 4196 ο
3107 4168 3141 4237 ή
3191 4167 3249 4219 δὲ
3278 4167 3538 4238 ἡμερινὴ,
3585 4168 3676 4219 καὶ
3707 4166 3859 4218 ἑλευο

2294 4256 2449 4328 θέρα,
2486 4257 2581 4309 καὶ
2605 4254 2795 4327 λυτικὴ
2830 4256 3038 4319 παθῶν,
3075 4258 3183 4310 πᾶν
3215 4257 3276 4309 τὸ
3321 4257 3427 4310 ἀπὸ
3457 4257 3721 4325 γενέσεως
3763 4257 3859 4309 κά-

2290 4350 2482 4421 λυμμα
2520 4348 2940 4419 περιτέμνουσα,
2984 4350 3077 4403 καὶ
3104 4350 3238 4421 πρὸς
3264 4350 3362 4421 τὴν
3386 4350 3497 4403 ἄνω
3526 4349 3670 4421 ζωὴν
3698 4351 3862 4403 suav-

694 4527 719 4585 ξ
760 4514 927 4578 Alias,
960 4524 1009 4565 et
1039 4530 1178 4568 ntmc
1220 4512 1331 4567 ιιι.
1363 4544 1432 4553 ——
1469 4512 1660 4567 llabita
1694 4510 2157 4581 Constantitmpoli
2216 4518 2261 4572 D
2290 4511 2502 4585 primus
2529 4529 2633 4568 non
2663 4524 2746 4570 est
2781 4515 3072 4578 habendus,
3108 4517 3220 4585 qui,
3249 4529 3304 4571 ut
3329 4517 3441 4584 ipse
3485 4518 3587 4569 sibi
3635 4517 3857 4578 videtur,

618 4587 650 4640 7
687 4584 927 4639 Januarii
959 4585 1082 4637 56L

697 4652 1063 4724 (92)_Ho.1.1tb
1098 4653 1360 4724 μᾶλλον.
1391 4652 1652 4724 Quatuor
1700 4651 1888 4724 Regg.,
1913 4649 2103 4724 _Cois_l._
2134 4650 2189 4704 2.

621 4720 769 4779 Par..
791 4720 1003 4785 'Oxon.,
1027 4720 1156 4783 elc.,
1188 4722 1320 4775 πολὺ
1349 4721 1548 4775 πλεῖον.
1573 4723 1701 4790 lieg.
1736 4720 1800 4785 d,
1824 4720 1975 4773 πολὺ
2003 4720 2188 4775 πλέον.

694 4792 805 4861 (95)
844 4793 1222 4861 Κοιερόσυνα.
1258 4793 1441 4846 Srhol.
1478 4810 1490 4844 :
1532 4793 1659 4843 Ὄτε
1694 4792 1818 4854 τοὺς
1859 4791 2076 4853 ὀδόντας
2103 4794 2194 4843 ὲκ-

623 4860 827 4932 φέρωσι
849 4860 931 4933 τὲ
942 4864 1129 4931 νήπια,
1154 4862 1352 4933 (ἑορτὴν
1373 4862 1657 4914 ἐπετέλουν
1677 4878 1693 4892 ·
1717 4861 1921 4933 illum
1958 4862 2191 4933 infantes

624 4930 811 4985 dentes
855 4930 1105 5001 eliierunt,
1144 4930 1335 4986 festum
1372 4933 1621 5001 agebant.
1659 4948 1677 4981 ι
1716 4930 1931 5001 Nicetas
1970 4932 2049 4984 sic
2088 4945 2185 4984 ex-

624 5001 817 5083 ponit:
852 5019 871 5051 ι
907 4999 1153 5083 Quando,
1202 4999 1530 5083 decursaet
1566 5011 1752 5083 eatacta
1806 5000 2190 5083 adolescentia,

623 5070 678 5124 in
709 5070 964 5137 iuvenum
997 5072 1235 5125 ordinem
1266 5071 1482 5140 ascripti
1507 5080 1664 5132 sunt;
1699 5088 1717 5121 ι
1764 5079 1874 5133 aut,
1917 5087 1936 5120 ι
1981 5070 2193 5138 quando

625 5140 857 5209 primum
894 5139 1022 5207 ipsis
1046 5155 1200 5194 coma
1234 5143 1285 5194 in
1316 5139 1640 5210 superﬂuum
1667 5154 1986 5193 excrescens
2015 5147 2193 5210 atton-

620 5207 682 5263 σε
711 5218 811 5263 est.
839 5229 868 5280 ί»
908 5210 1100 5265 Suidas
1139 5207 1522 5280 interpreiatur
1547 5210 1890 5280 κουρόσυνον,
1924 5226 1942 5257 ι
1982 5207 2193 5280 :acriii-

620 5280 762 5348 cium
800 5279 928 5332 olim
968 5296 1063 5347 pro
1092 5277 1546 5348 comm-primitiis
1577 5277 1759 5348 offerri
1807 5280 2041 5343 solitum,
2078 5294 2097 5327 ι
2132 5277 2193 5328 τὸ

619 5347 762 5419 ὑπὲρ
801 5352 1004 5421 κουρᾶς
1040 5347 1315 5421 θυόμενον.
1358 5349 1650 5417 Gregorius
1682 5347 1880 5421 forsan
1908 5349 2190 5421 hac_voce,

618 5416 740 5472 tam
779 5438 797 5469 ι
848 5416 1029 5474 barba
1070 5439 1088 5472 ι
1142 5416 1304 5489 quam
1356 5438 1374 5469 ι
1421 5416 1587 5472 coma:
1627 5418 1946 5489 rpritnitias
1987 5416 2192 5485 signiti—

618 5500 723 5541 cat.
758 5488 1189 5543 Barbatoriarum
1224 5489 1600 5556 antiquitatum
1631 5488 1813 5553 ritum,
1833 5502 2187 5555 πωγωνοκου-

656 5557 771 5619 ίων,
804 5561 1012 5613 erudite
1035 5558 1268 5627 explicat
1302 5558 1572 5612 Adrianus
1596 5557 1844 5612 Valesius
1879 5558 1931 5611 in
1967 5556 2081 5610 suis
2118 5556 2182 5609 ad

663 5631 926 5691 ercngarii
962 5626 1338 5697 panegyricum
1369 5627 1529 5695 notis,
1562 5642 1683 5697 pag.
1714 5626 1846 5692 195;
1882 5626 1975 5681 sed
2008 5634 2203 5701 tamen.

2297 4583 2653 4676 ritu-multum:
2687 4599 2893 4641 comam
2932 4583 3180 4641 tondendi
3216 4596 3269 4642 et
3304 4583 3581 4642 dedicandi
3614 4587 3860 4639 animad-

2294 4662 2891 4792 ι(ἓὶἒῖῗῖιὶζανετοικέσνια.
2938 4724 3121 4781 Schol.
3152 4739 3169 4780 :
3205 4726 3286 4780 Τὰ
3334 4726 3427 4779 τοῦ
3474 4727 3618 4779 οἴκου
3670 4722 3857 4791 ἐγκαι-

2292 4807 2382 4845 νια
2401 4809 2415 4821 ·
2450 4811 2466 4843 ι
2500 4792 2856 4850 Hahitationis
2879 4798 3135 4862 enraenia,
3161 4813 3309 4851 nova:
3327 4800 3516 4851 domus
3547 4795 3812 4850 habitatio.
3829 4812 3852 4845 ι

2364 4862 2479 4933 (95)
2528 4864 2797 4943 Ἐτῄσιςζί
2842 4866 3048 4943 «Quae
3101 4882 3275 4920 annua
3318 4867 3627 4943 celebritate
3667 4878 3854 4943 recur-

2296 4932 2500 5004 runt.)
2540 4932 2788 4988 No'nnulli
2829 4936 2989 4988 etiam
3027 4938 3447 5004 interpretantur
3484 4938 3550 4990 de
3584 4935 3854 5003 pneludio,

2294 5015 2385 5075 seu
2440 5001 2683 5075 tirocinio
2726 5006 3058 5075 consulatus,
3093 5001 3338 5064 militaris
3382 5001 3851 5075 prazfeciuremtc.

2294 5069 2511 5126 Nicetas
2535 5074 2583 5125 id
2615 5073 2861 5144 intelligit
2885 5076 2951 5130 de
2980 5076 3087 5140 die,
3112 5090 3218 5146 quo
3249 5069 3679 5145 quis'maximum
3704 5072 3853 5142 peri-

2296 5142 2472 5194 culum
2504 5140 2703 5194 elIuait.

2296 5152 2472 5194 cutnm
2504 5152 2703 5197 enutrit.

2504 5159 2932 5285 ἷυιὲἓιέξόμεθα.
2970 5214 3083 5270 Duo
3117 5213 3308 5285 Regg.,
3337 5212 3708 5285 διαλεξιῖῳεθα.
3738 5207 3848 5262 Alii

2297 5281 2709 5353 ἀυο,ᾃφιλοσοφή
2719 5281 2902 5353 σομεν.

2389 5351 2476 5427 9.7)
2516 5351 2707 5427 ξςεξρος
2737 5351 2828 5427 θέο,
2854 5354 2986 5425 ιὶοςο
3020 5355 3112 5427 ph.
3137 5355 3294 5427 x6905
3319 5356 3447 5426 γάρ.

2389 5421 2479 5495 98)
2520 5423 2777 5492 Σὼμασι.
2811 5422 2868 5478 lu
2893 5421 3180 5489 ttonuullis,
3203 5421 3438 5495 σώματι.

2389 5491 2477 5563 99)
2517 5494 2647 5563 Καί.
2678 5495 2837 5548 Deest
2870 5496 2921 5548 in
2945 5495 3206 5563 pluribus.

2366 5562 2575 5635 (1)⁷Δέ.
2598 5562 2757 5619 Deest
2778 5565 2831 5619 iu
2865 5562 3038 5621 tribus
3058 5563 3224 5637 Regg.
3251 5574 3304 5621 et
3327 5562 3419 5621 0r.
3445 5565 3498 5620 1.
