4050 6298
210 272 286 333 εει
1097 260 1352 320 ORATIO
1390 264 1504 321 XL.
1544 293 1612 305 -
1649 261 1720 319 IN
1761 264 1809 320 s.

1839 263 2088 322 .NCTUM
2125 261 2499 327 mensam;
2762 252 2763 255 γ
3332 280 3438 338 562

109 444 115 450 ,
210 388 388 456 άγουσα
438 378 556 452 (‘2)'
612 378 645 450 ἡ
692 376 750 432 δὲ
802 375 1157 448 φοϐερωτέρα
1214 378 1310 429 καὶ
1351 376 1708 448 συντομωτέρ.

1865 393 2050 446 omne,
2087 381 2230 449 quod
2284 395 2313 432 a
2361 382 2638 439 nativitate
2676 393 3016 443 contractum
3057 399 3160 455 est,
3194 388 3441 450 velamen

212 481 291 533 πᾶν
316 475 375 530 τὸ
400 473 630 542 πλάσμα
658 470 735 540 (5)
773 466 1080 537 συνάγουσα
1122 470 1179 521 ἐν
1226 467 1417 538 βραχεῖ
1442 466 1518 536 τῷ
1546 466 1761 539 πλάστῃ

1871 478 2175 537 amputans.
2222 482 2278 523 et
2324 472 2390 524 ad
2435 486 2722 540 supernam
2776 478 2941 533 vitam
2995 494 3091 533 nos
3141 494 3433 537 revocans:

212 566 685 642 παραστησόμενον,
711 560 807 614 καὶ
837 559 994 628 λόγον
1023 558 1219 627 ὑφέξον
1254 559 1354 629 τῆς
1389 558 1620 611 ἐνταῦθα
1636 558 1760 610 δου-

1866 568 2218 625 postremum,
2265 558 2657 617 formidabilius
2693 578 2757 618 ae
2795 565 3037 635 brevius,
3072 583 3231 622 omne
3266 571 3441 625 homi-

210 662 347 723 λείας,
391 658 488 710 καὶ
521 653 817 716 πολιτείας,
858 652 969 703 εἴτε
1016 652 1082 720 τῇ
1145 650 1310 721 σαρκὶ
1352 648 1512 719 μόνον
1552 650 1759 718 ἐπηκο-

1866 662 1991 700 num
2039 661 2208 717 genus
2264 651 2521 719 temporis
2575 662 2848 710 momento
2897 656 2949 711 in
3001 673 3161 711 unum
3213 674 3432 729 cogens,

209 747 459 817 λούθησεν,
502 744 612 796 εἴτε
650 742 729 812 τῷ
754 738 1029 809 Πνεύματι
1058 737 1357 808 συνανῆλθε
1388 738 1486 809 (ιι),
1531 738 1624 790 καὶ
1657 738 1760 808 τὴν

1866 746 1926 791 ιιι
1969 738 2211 792 Creatori
2269 739 2567 806 sistantur,
2623 758 2840 813 sumque
2896 748 3190 815 servitutis,
3220 757 3275 803 et
3318 750 3439 803 vitae

208 841 338 911 χάριν
374 834 575 906 ᾐδέσθη
599 833 701 903 τῆς
731 830 1109 893 ἀναπλάσεως.
1144 828 1363 893 Ταύτας
1404 829 1469 900 δὴ
1498 829 1598 893 τὰς
1646 845 1763 897 γεν-

1865 835 1999 881 aeta:
2044 827 2306 882 rationem
2354 828 2603 893 reddant,
2633 831 2747 887 sive
2786 845 3000 887 carnem
3036 834 3209 889 solum
3242 844 3441 890 secuta:

208 932 362 1002 νήσεις
385 926 603 999 ἀπάσας
629 923 761 994 παρ’
789 920 982 977 ἑαυτοῦ
1012 922 1250 993 τιμήσας
1284 921 1313 974 ὁ
1346 921 1479 991 ὲμὸς
1524 920 1761 992 Χριστὸς

1864 916 2086 983 fuerim,
2116 917 2230 974 sive
2253 932 2374 974 sese
2415 934 2519 974 una
2545 934 2668 975 cum
2707 922 2907 991 Spiritu
2962 926 3011 978 in
3042 927 3208 979 altum
3239 941 3440 981 evexe-

207 1021 464 1091 φαίνεται·
526 1016 625 1087 τὴν
657 1015 779 1084 μὲν,
827 1014 907 1082 τῷ
940 1014 1300 1084 ὲμφυσήματι
1331 1012 1408 1083 (5)
1443 1011 1521 1081 τῷ
1552 1009 1759 1083 πρώτῳ

1867 1008 1996 1076 rint,
2039 1018 2201 1080 atque
2252 1010 2661 1068 instaurationis
2710 1014 2938 1083 gratiam
2990 1016 3273 1073 coluerint.
3332 1016 3441 1071 llas

207 1113 278 1166 xui.
312 1106 531 1177 ζωτικῷ
555 1123 568 1138 ·
604 1107 706 1175 τὴν
737 1105 815 1168 δὲ,
880 1107 944 1176 τῇ
995 1103 1292 1175 σαρκώσει,
1325 1103 1422 1157 καὶ
1459 1102 1537 1175 τῷ
1572 1101 1766 1172 βαπτί-

1864 1113 2030 1169 porro
2085 1109 2310 1156 cunctas
2364 1101 2674 1157 nativitates
2730 1104 2933 1158 honore
2983 1121 3011 1158 a
3054 1106 3270 1160 Christo
3322 1122 3442 1160 meo

184 1220 372 1274 -σματι,
406 1202 547 1269 ὅπερ
580 1198 741 1260 αὐτὸς
770 1194 1105 1249 ὲδαπτίσατο
1125 1212 1139 1226 ’
1168 1194 1267 1267 τὴν
1315 1194 1395 1258 δὲ,
1427 1196 1493 1265 τῇ
1525 1194 1767 1247 ἀναστά-

1875 1190 2096 1245 alTeetas
2147 1190 2314 1246 fuisse
2369 1201 2619 1260 constat;
2669 1193 2896 1262 primam
2933 1196 3171 1263 quidem,
3200 1210 3296 1265 per
3334 1196 3442 1264 pri-

207 1311 285 1358 σει,
310 1285 382 1361 ἦς
427 1288 595 1351 αὐτὸς
627 1287 740 1356 ἀπή
752 1286 912 1357 ρξατο
936 1303 949 1316 ·
985 1286 1061 1349 ὡς
1091 1287 1309 1361 ἐγένετο
1338 1286 1680 1357 πρωτότοκος
1709 1286 1768 1338 ὲν

1877 1295 2017 1334 mam
2055 1280 2198 1335 illam
2238 1290 2293 1336 et
2335 1282 2552 1338 vitalem
2590 1283 3010 1340 insumationem
3034 1287 3113 1349 °’;
3146 1287 3441 1341 secundam

204 1383 395 1444 πολλοῖς
439 1379 715 1446 ἀδελφοῖς,
765 1376 909 1430 οὕτω
942 1377 1037 1431 καὶ
1066 1379 1414 1448 πρωτότοκος
1452 1378 1517 1429 ὲκ
1559 1376 1769 1451 νεκρῶν

1874 1386 2045 1438 vero,
2097 1387 2192 1441 per
2247 1372 2739 1429 incarnationem”
2787 1385 2843 1430 et
2891 1376 3305 1446 baptismum“,
3338 1392 3445 1446 quo

204 1472 432 1542 γενέσθαι
477 1466 844 1534 καταξιώσας.

1876 1462 1991 1531 ipse
2023 1461 2327 1531 baptizatus
2361 1475 2480 1531 est;
2513 1466 2725 1519 tertiam
2764 1467 3012 1534 denique,
3046 1482 3145 1537 per
3205 1482 3446 1522 resurre-

202 1562 504 1625 ctionem",
547 1575 708 1628 quam
736 1559 852 1628 ipse
893 1559 1205 1630 auspicatus
1232 1567 1356 1624 est;
1392 1558 1647 1614 nimirum
1706 1557 1846 1613 sicut
1879 1555 2269 1626 primogenitus
2315 1556 2369 1609 in
2407 1555 2589 1612 multis
2612 1555 2868 1614 fratribus
2891 1559 2937 1591 ⁷³
2964 1560 3189 1628 exstitit,
3231 1559 3303 1614 ita
3331 1560 3445 1628 pri-

204 1651 486 1720 mogenitus
530 1664 743 1719 quoque
771 1664 839 1703 ex
868 1649 1095 1704 mortuis
1129 1647 1176 1680 ⁷⁵
1212 1648 1327 1702 lieri
1357 1663 1462 1704 non
1500 1649 1842 1719 dedignatus.

262 1743 333 1795 1".
354 1740 495 1812 Περὶ
523 1738 624 1811 μὲν
654 1740 718 1811 δὴ
745 1739 853 1794 τῶν
872 1738 965 1793 δύο
993 1741 1322 1811 γεννήσεων,
1344 1741 1441 1811 τῆς
1472 1739 1695 1813 πρώτης
1712 1740 1769 1793 τε
1801 1749 1843 1804 Β

1942 1735 2029 1793 Ill.
2059 1739 2138 1793 Ac
2173 1738 2240 1792 de
2275 1739 2480 1792 dnalms
2517 1741 2732 1809 quidem
2765 1742 3158 1811 nativitatihus,
3197 1745 3297 1800 hoc
3336 1753 3446 1811 est,

203 1851 347 1906 φημι,
368 1834 462 1887 καὶ
475 1833 577 1903 τῆς
589 1832 664 1903 (6)
678 1831 1015 1897 τελευταίας,
1031 1831 1359 1901 φιλοσοφεῖν,
1381 1833 1441 1885 οὐ
1459 1833 1550 1886 τοῦ
1572 1832 1767 1903 παρόν-

1880 1828 1947 1883 de
1979 1830 2153 1897 prima
2185 1837 2240 1883 et
2280 1829 2487 1893 ultima,
2509 1846 2611 1884 non
2640 1840 2722 1885 est
2751 1848 2890 1887 nunc
2920 1833 3229 1902 disputandi
3260 1836 3445 1891 locus:

96 1928 99 1931 ’
202 1944 278 1990 τος
300 1924 517 1998 καιροῦο
536 1924 665 1995 περ).
691 1923 747 1976 δὲ
762 1923 863 1995 τῆς
887 1922 1079 1995 μέσης,
1096 1923 1190 1977 καὶ
1210 1922 1311 1993 τῆς
1337 1922 1432 1977 νῦν
1454 1924 1590 1994 ημῖν
1607 1924 1695 1976 ἀνο

1870 1933 2054 1973 verum
2092 1920 2157 1973 de
2181 1921 2375 1986 media,
2410 1930 2464 1974 et
2484 1922 2583 1976 hoc
2614 1932 2854 1993 tempore
2874 1926 3028 1980 nobis
3054 1928 3384 1992 necessaria,
3417 1946 3447 1982 a

203 2017 371 2080 καίας,
384 2010 453 2089 ἦς
475 2013 810 2084 ὲπώνυμοςή
828 2012 938 2066 τῶν
957 2012 1150 2082 φώτων
1167 2013 1373 2084 ἡμέρα,
1394 2012 1769 2084 φιλοσοφήσει-

1868 2023 1970 2078 qua
1990 2008 2248 2064 luminum
2275 2012 2388 2065 dies
2406 2026 2597 2066 nomen
2625 2016 2850 2084 accepit,
2876 2017 3447 2089 tractabimus.Bapti-

205 2106 387 2178 μενί7)
410 2122 424 2137 ·
461 2104 535 2158 To
564 2103 843 2174 φώτισμα,
883 2102 1206 2175 λαμπρότης
1240 2102 1359 2155 ἐστὶ
1404 2100 1612 2172 ψυχῶν,
1651 2099 1767 2171 βίου

1869 2114 2017 2154 smus
2054 2100 2232 2168 igitur,
2261 2100 2514 2169 splendor
2536 2115 2622 2157 est
2661 2105 2987 2169 animarum,
3011 2107 3132 2160 vitze
3153 2106 3212 2161 in
3252 2108 3448 2163 melius

205 2198 503 2268 μετάθεσις,
525 2194 862 2267 ἐπερώτημα
888 2194 963 2265 (8)
986 2196 1085 2266 τῆς
1114 2196 1193 2259 εἰς
1221 2193 1354 2246 Θεὸν
1388 2192 1767 2261 συνειδήσεωςσ

1871 2187 2133 2252 mutatio,
2202 2189 2556 2243 conscientia:
2640 2192 2706 2244 ad
2765 2190 2929 2245 Deum
2994 2192 3350 2262 interrogatio
3377 2193 3444 2247 ⁷⁵.

203 2289 255 2339 τὸ
286 2285 564 2356 φώτισμα,
598 2282 819 2353 βοήθεια
854 2283 952 2353 τῆς
978 2281 1259 2345 ἀσθενείας
1305 2281 1405 2351 τῆς
1439 2280 1715 2352 ἡμετέρας
1749 2292 1767 2311 ο

1868 2274 2210 2345 Baptismus,
2256 2279 2585 2335 infirmitatis
2630 2290 2828 2336 nostra:
2886 2281 3279 2351 adjumentum.
3337 2282 3445 2337 Ba—

201 2376 254 2430 τὸ
276 2376 554 2447 φώτισμα,
587 2374 790 2445 σαρκὸς
810 2373 1089 2437 ἀπόθεσις,
1124 2370 1441 2442 Πνεύματος
1471 2369 1771 2441 ἀκολούθη-

1871 2368 2099 2437 ptismus
2127 2407 2143 2434 ,
2196 2368 2377 2424 carnis
2430 2380 2515 2425 est
2562 2370 2817 2440 abjeetio,
2850 2371 3080 2443 Spiritus
3129 2374 3444 2438 assectatio,

205 2484 298 2533 σις,
326 2468 502 2535 Λόγου
536 2465 817 2529 κοινωνία,
853 2464 1172 2535 πλάσματος
1219 2461 1614 2534 ἐπανόρθωσις,
1668 2477 1769 2515 κα-

1871 2456 2037 2514 Verbi
2078 2458 2442 2528 partieipatio’,
2491 2462 2729 2530 ﬁgmenti
2755 2463 3043 2528 correctio,
3076 2465 3282 2534 peccati
3318 2465 3450 2519 dilu-

201 2557 500 2627 ταχλυσμὺς
526 2556 822 2629 ἁμαρτίας,
858 2556 1036 2626 φωτὸς
1068 2555 1349 2626 μετουσία,
1409 2554 1633 2617 σκότους
1665 2570 1771 2607 κα-

1871 2550 2040 2615 vium,
2093 2551 2229 2606 lucis
2288 2552 2732 2619 communicatio,
2772 2555 3112 2611 tenebrarum
3148 2558 3445 2627 oppressit).

201 2648 412 2711 τάλυσις
434 2664 448 2677 ·
480 2646 545 2700 τὸ
574 2645 854 2716 φώτισμα,
909 2645 1094 2716 δχημα
1126 2643 1265 2715 πρὸς
1305 2642 1460 2707 Θεὸν,
1513 2642 1773 2714 συνεκδη-

1872 2640 2199 2711 Baptismus,
2232 2642 2537 2698 vehiculum
2578 2644 2644 2699 ad
2682 2645 2872 2711 Deum,
2928 2649 3297 2716 peregrinatio
3323 2664 3444 2704 cum

204 2741 294 2812 μία
341 2738 579 2810 Χριστοῦ
633 2737 731 2809 (9),
775 2736 1005 2808 ἔρεισμα
1052 2734 1311 2800 πίστεως,
1347 2734 1439 2787 νοῦ
1469 2733 1769 2799 τελείωσις,

1872 2731 2248 2797 Cltristo,ﬂdei
2282 2732 2691 2800 adminiculum,
2716 2736 2911 2793 mentis
2968 2737 3251 2808 perfectio,
3279 2740 3445 2796 caele-

202 2830 341 2893 κλεὶς
383 2827 630 2899 οὐρανῶν
672 2825 970 2897 βασιλείας,
1031 2824 1179 2894 ζωῆς
1229 2824 1473 2895 ἄμειψις,
1532 2822 1773 2886 δουλείας

1874 2821 1972 2875 Stis
2001 2821 2149 2888 regni
2181 2820 2370 2887 clavis,
2395 2820 2518 2875 vitae
2540 2825 2908 2887 commutatio,
2947 2824 3228 2881 servitutis
3258 2827 3445 2897 depul-

200 2919 491 2990 ἀναίρεσις,
547 2916 761 2987 δεσμῶν
816 2914 1056 2979 ἔκλυσις,
1110 2914 1414 2977 συνθέσεως
1482 2913 1776 2983 μεταποίη-

1875 2911 1976 2977 sio,
2015 2911 2348 2965 vinculorum
2386 2911 2597 2976 solutio,
2649 2915 3054 2984 compositionis
3083 2919 3137 2970 in
3172 2917 3449 2973 meliorem

203 3028 280 3074 σις
311 3009 424 3081 (11))
451 3026 466 3041 ·
489 3007 551 3061 τὸ
585 3006 845 3078 φώτισμα
888 3006 976 3076 (τι
1022 3004 1106 3058 δεῖ
1147 3005 1318 3057 πλείω
1349 3002 1770 3076 καταριθμεῖν),

1876 3012 2072 3056 statum
2103 3004 2403 3058 conversio.
2426 3002 2563 3070 Quid
2601 3004 2753 3073 plura
2774 3020 3200 3063 commemorare
3221 2998 3454 3066 attinet?

202 3100 301 3155 τῶν
326 3080 421 3153 τοῦ
451 3098 589 3152 Θεοῦ
607 3096 809 3168 ⁸δώρων
845 3097 956 3167 (11)
1000 3095 1061 3149 τὸ
1094 3094 1380 3150 κάλλιστον
1415 3095 1510 3148 καὶ
1542 3092 1801 3165 μεγαλο-⁴

1873 3094 2209 3163 Baptismus,
2263 3096 2500 3149 omnium
2527 3094 2620 3150 Dei
2664 3095 3051 3151 beneficiorum
3096 3099 3452 3168 praeclarissi-

202 3191 591 3263 πρεπέστατον.
628 3190 836 3260 Ὠσπερ
872 3189 981 3259 γάρ
1015 3187 1125 3258 (l2)
1160 3188 1327 3254 ’Ἅγια
1367 3186 1537 3254 ἁγίων
1593 3185 1775 3240 καλεῖ-

1878 3202 2023 3241 mum
2054 3197 2139 3243 est
2191 3196 2245 3244 et
2280 3190 2810 3259 prtestantissimum.
2848 3190 3081 3260 Etenim,
3118 3202 3175 3249 ut
3206 3197 3451 3263 quaedam

201 3283 287 3336 ταί
311 3299 448 3347 τινα,
490 3283 585 3335 κα)⁵
610 3281 869 3352 ᾏσματα
919 3279 1030 3348 (15)
1078 3278 1338 3350 ᾀσμάτων
1383 3275 1777 3348 (ὲμπεριεκτι-

1851 3277 2082 3333 -Saneta
2111 3288 2422 3333 sanctorum
2462 3289 2743 3347 vocantur,
2776 3290 2830 3336 et
2858 3281 3080 3337 Cantica
3115 3286 3450 3342 canticorum

201 3371 421 3443 κώτεραο
448 3370 558 3442 γάρ
587 3371 701 3423 ἐστι
752 3369 848 3422 καὶ
889 3366 1257 3439 κυριώτερα)·
1314 3365 1457 3419 οὕτω
1506 3365 1599 3419 καὶ
1648 3364 1777 3418 αὐτὸ

1880 3366 2043 3439 (quod
2077 3367 2286 3422 scilicet
2314 3368 2473 3422 latius
2493 3378 2711 3437 pateant
2733 3385 2795 3424 ac
2823 3371 2972 3441 plura
2994 3373 3449 3442 complectantur,

203 3463 411 3527 παντὸς,
427 3463 590 3518 ἄλλου
644 3460 755 3514 τῶν
789 3461 919 3532 παρ’
962 3461 1098 3530 ημῖν
1145 3456 1442 3529 φωτισμῶν
1490 3456 1551 3510 ὃν
1604 3455 1776 3525 ἁγιώ-

1880 3456 2312 3526 ριωείρυιιηιψιε
2363 3459 2675 3529 dignitatem
2734 3460 3023 3532 habeant);
3062 3464 3250 3519 eodem
3295 3468 3455 3520 modo

200 3572 375 3627 τερον,
1879 3547 2183 3616 baptismus
2214 3563 2425 3618 quoque
2454 3549 2776 3604 illuminatio
2821 3551 3018 3607 dicitur
3041 3592 3056 3618 ,
3090 3556 3230 3624 quod
3264 3569 3457 3621 omnes

1825 3692 1834 3703 ,
1881 3637 2015 3691 alias
2043 3637 2461 3694 illuminationes
2499 3641 3055 3710 sanctitatesuperet.

268 3732 344 3787 A'.
375 3733 639 3787 Καλεῖται
676 3746 754 3794 νε,
795 3726 987 3797 ὥσπερ
1026 3724 1261 3796 Χριστὸς
1300 3726 1329 3777 ὁ
1367 3722 1558 3777 τούτου
1588 3723 1777 3795 δοτὴρ,

2150 3726 2239 3782 IV.
2277 3730 2735 3796 Quemadmodum
2777 3742 2955 3788 autem
2982 3733 3253 3801 Christus,
3289 3736 3450 3807 hujus

206 3826 417 3889 πολλοῖς
442 3825 539 3879 καὶ
576 3822 852 3893 διαφόροις
883 3820 1160 3891 ὀνόμασιν,
1192 3815 1335 3871 οὕτω
1365 3815 1424 3869 δὲ
1456 3816 1551 3868 καὶ
1584 3814 1645 3869 τὸ
1676 3814 1780 3867 δώ-

1890 3821 2013 3873 doni
2052 3806 2228 3885 dator,
2275 3822 2458 3877 multis
2502 3837 2566 3878 ae
2598 3823 2829 3879 diversis
2874 3826 3186 3881 nominibus
3225 3806 3460 3900 appella-

210 3933 387 3989 ρημα’
430 3917 541 3969 εἴτε
573 3915 661 3969 διὰ
698 3913 759 3967 τὸ
790 3909 1090 3983 περιχαρὲς
1126 3907 1223 3961 τοῦ
1264 3908 1586 3978 πράγματος
1624 3904 1787 3967 τοῦτο

1889 3920 1996 3975 tur,
2030 3912 2104 3965 ita
2140 3911 2316 3980 ipsum
2349 3924 2567 3981 quoque
2603 3911 2801 3966 donum
2847 3914 2994 3968 varia
3043 3916 3260 3971 nomina
3295 3920 3459 3972 sorti-

210 4008 482 4067 παθόντων
506 4005 665 4077 ήμῶν
699 4003 936 4073 (φιλοῦσι
965 4001 1076 4071 γὰρ
1104 4001 1152 4053 οί
1186 3998 1389 4067 σφόδρα
1420 3997 1547 4067 περί
1569 4012 1621 4048 τι
1643 3997 1782 4066 ἐρω-

1888 4010 2013 4055 tur:
2038 4001 2153 4056 sive
2182 4002 2234 4055 id
2270 3999 2423 4056 nobis
2464 4002 2533 4056 ob
2565 4002 2758 4056 miram
2788 4005 3081 4073 quamdam
3109 4007 3188 4060 rei
3213 4007 3456 4063 laetitiam

209 4100 370 4163 τικῶς
392 4098 743 4169 διακείμενοι,
766 4095 936 4166 ἡδέως
959 4094 1196 4145 συνεῖναι
1226 4091 1319 4143 καὶ
1348 4090 1461 4151 τοῖς
1481 4084 1782 4157 ὀνόμασιν),

1888 4092 2100 4148 accidat
2154 4090 2235 4161 (ﬁt
2261 4093 2405 4146 enim
2438 4091 2573 4157 fere,
2611 4102 2671 4147 ut
2695 4093 2787 4162 qui
2824 4108 2935 4148 rem
2975 4094 3210 4165 aliquam
3260 4096 3463 4167 impen-

209 4193 319 4245 εἴτε
347 4190 439 4244 τοῦ
470 4188 786 4252 πολυειδοῦς
812 4186 910 4256 τῆς
956 4181 1276 4255 εὐεργεσίας
1323 4178 1523 4242 πολλάς
1561 4178 1656 4231 καὶ
1687 4177 1787 4240 τάς

1888 4183 2105 4240 sissime
2146 4193 2351 4248 amant,
2385 4184 2603 4239 nomina
2635 4199 2850 4253 quoque
2889 4186 3001 4253 ipsa
3043 4184 3276 4240 libenter
3303 4204 3462 4242 usur-

211 4282 423 4354 κλήσεις
440 4284 575 4353 ἡμῖν
595 4277 1096 4352 δημιουργήσαντος
1125 4271 1255 4342 (lli).
1288 4271 1470 4343 Δῶρον
1492 4267 1656 4322 καλοῦ
1666 4285 1784 4339 μεν,

1890 4273 2068 4343 pent);
2119 4273 2233 4328 sive
2264 4273 2405 4342 quod
2441 4273 2723 4341 multiplex
2757 4273 2918 4341 hujus
2950 4275 3194 4329 benelicii
3229 4275 3455 4337 utilitas.

211 4372 483 4443 χάρισμα,
524 4369 825 4440 βάπτισμα,
872 4364 1114 4435 χρίσμα,
1160 4362 1446 4432 φώτισμα,
1480 4357 1788 4429 ἀφθαρσίας

1895 4364 2092 4418 multas
2129 4377 2344 4431 quoque
2394 4362 2779 4431 appellationes
2827 4361 2984 4415 nobis
3026 4364 3319 4432 pepererit.
3356 4365 3461 4417 Do-

213 4432 430 4532 ἱνδυμα,
463 4432 687 4533 λουτρὸν
722 4432 1161 4527 παλιγγενεσίας,
1208 4452 1502 4525 σφραγῖδα,
1535 4452 1643 4505 πᾶν
1673 4450 1701 4502 ὅ
1734 4466 1786 4501 τι

1861 4457 2021 4506 ‘nnm
2077 4467 2355 4516 vocamus,
2404 4451 2657 4520 gratiam,
2712 4450 3068 4519 baptismum,
3127 4444 3460 4518 unctionem,

210 4551 415 4623 τίμιον·
448 4552 621 4623 δῶρον
670 4550 789 4621 μὲν,
831 4549 907 4613 ώς
959 4550 1053 4603 καὶ
1099 4546 1264 4618 μηδὲν
1305 4538 1787 4613 προεισενεγκοῦσι

1895 4539 2366 4607 illuminationem,
2404 4538 2830 4607 ineorruptionis
2859 4538 3256 4603 indumentum,
3309 4555 3464 4608 rege-

285 4686 326 4719 "
365 4686 501 4741 Gen.
542 4702 602 4747 ιι,
629 4684 679 4736 7.
757 4683 801 4715 ⁷⁸
840 4682 968 4736 an.
1013 4698 1074 4747 tt,
1242 4678 1284 4707 ⁷¹
1320 4675 1444 4730 Luc.
1493 4691 1572 4735 ιιι,
1613 4674 1703 4728 21.
1782 4676 1814 4706 ⁷τ

215 4754 303 4809 "l
347 4756 489 4810 Petr.
530 4771 613 4810 ιιι.
643 4754 733 4807 9-1.

1869 4673 2032 4728 Marc.
2078 4688 2189 4740 xvt,
2214 4672 2266 4727 6.
2343 4674 2388 4704 ⁷³
2425 4671 2582 4726 Rom.
2636 4688 2751 4736 vm,
2790 4669 2882 4724 29.
2989 4671 3035 4703 7"
3066 4670 3271 4727 Coloss.
3304 4688 3341 4737 ι,
3378 4674 3460 4728 18.

390 4766 489 4811 elr.
530 4771 613 4817 ιιι,
643 4766 733 4807 :I.

290 4869 356 4934 (Ξ)
424 4860 849 4934 Επανὰγουτῖα.
891 4860 1003 4927 Reg
1037 4876 1099 4934 ς,
1132 4855 1602 4934 παραπέμπουσα.
1639 4922 1652 4933 .

2079 4845 2607 4934 (gillocropriawpﬁr.
2636 4850 2730 4904 Or.
2766 4852 2815 4934 1,
2850 4849 3300 4934 φιλοσοφήσομεν,

290 4918 356 5005 (ᾗ)
394 4918 523 4990 ιῖᾶν
554 4936 621 4987 τὸ
645 4918 1001 5005 ’πλάσμα-ξ’
1029 4918 1229 4982 Omnes
1251 4918 1529 5005 homines,
1564 4922 1781 4976 univer-

1778 4953 1781 4962 ι
2088 4918 2646 5005 Ἐπερώτηιιακβεε.
2678 4935 2741 5001 c.~
2764 4918 3120 5005 ἐπερώτησις.
3375 4922 3377 4925 ’

217 4987 629 5061 suiﬁ’héh'iimm
666 4987 854 5071 genus.
886 5019 915 5071 ιθ
942 4997 1057 5052 Non
1087 4995 1396 5071 recte_Bil|.,
1436 5011 1453 5042 ι
1479 5008 1565 5048 res
1598 5006 1785 5071 omnes

1890 4987 2037 5071 __(9)
2077 4988 2762 5071 ξζργεθςῖδημία.Χριστοῦζ
2800 5009 2817 5040 ι
2855 4987 3406 5071 ᾏοιε⁷.ειιιιιριιιθίξιιρ
3442 5009 3461 5039 ι

215 5056 707 5129 ὸτρξίείὲῖῖιιοὴῐό
744 5069 1090 5137 singulariter
1141 5064 1370 5135 πλάσμα
1407 5071 1650 5137 vocatur,
1690 5060 1782 5116 Dei

1889 5056 1981 5137 Sic
2018 5056 2177 5113 'alibi
2248 5056 2563 5126 Gregorius.
2637 5059 2775 5129 μετά
2848 5057 2945 5128 τὴν
3005 5056 3252 5111 ἐντεῦθεν
3308 5058 3467 5128 ἐκδη-

219 5159 375 5197 manu
402 5145 685 5205 formatus,
723 5130 975 5206 solusque
998 5136 1241 5191 Creatori
1267 5130 1531 5188 anteacta:
1556 5132 1678 5185 vita
1700 5145 1786 5183 ra-
1892 5130 2096 5206 μίανλι
2127 5137 2531 5206 postAmortem.
2575 5147 2594 5178 ι

220 5196 417 5269 tionem
432 5196 515 5267 in
530 5196 775 5265 extremo
799 5196 905 5261 die'
918 5206 1248 5261 redditurus.

1893 5196 1907 5201 ⁷
1963 5199 2075 5267 (10)
2117 5197 2465 5269 Συνθέσεως
2499 5198 2905 5266 μεταποίησις.
2950 5215 2971 5249 ι
3013 5196 3201 5252 Totius
3234 5198 3468 5253 hominis

290 5284 360 5353 (4)
397 5281 770 5349 Συνανῆλθε.
810 5276 976 5332 Coisl.
1020 5275 1073 5342 1,
1126 5275 1269 5340 Bas.,
1314 5272 1528 5337 Cdmb.,
1581 5284 1786 5323 συναπ-

1581 5284 1786 5323 συναπ-
1894 5270 2232 5353 instauratio,
2262 5269 2313 5319 in
2342 5268 2619 5353 III‘Q‘BIIIOI'em
2641 5276 2839 5353 statum
2879 5268 3123 5349 mutatio.
3157 5286 3176 5319 ι

220 5334 533 5419 ῆλὸὲίνίί
762 5334 773 5419 ζ
986 5334 1071 5419 ,⁷
1251 5334 1282 5419 ᾲ
1403 5411 1424 5419 -
1511 5334 1543 5419 ’.
1649 5408 1746 5419 ..

1511 5334 1543 5419 ’³
1649 5408 1662 5419 .
1733 5409 1746 5419 _
2115 5337 2341 5419 édapwr.
2381 5334 2774 5419 Pl'ures‘cod'd”
2801 5336 3037 5419 δωρεῶνἸ

406 5420 490 5487 Τῷ
534 5417 937 5490 ἐμφυσήματι.
976 5413 1112 5490 Gen.
1166 5428 1239 5490 ιιι
1251 5405 1313 5467 7:
1354 5431 1372 5464 ι
1403 5408 1690 5490 Inspiravit
1731 5409 1785 5490 in

1896 5402 2080 5490 mit?)
2122 5402 2349 5490 ’ρὰπτερ
2379 5405 2510 5490 (πάρ.
2549 5404 2640 5490 sig
2678 5406 2810 5478 Reg.
2874 5402 2984 5462 hm.
3028 5405 3119 5462 Sic
3150 5404 3309 5460 etiam
3342 5402 3469 5473 legit

222 5475 918 5560 faciemejus's'pirac'ulum
958 5486 1103 5551 vitat,
1129 5492 1182 5539 et
1212 5481 1389 5539 factus
1425 5475 1510 5539 est
1540 5483 1700 5537 homo
1734 5479 1788 5534 in
1893 5475 2304 5560 Bi|;|_il_l';S.-l‘)eesl
2342 5476 2537 5560 ydpmin
2558 5475 2643 5560 ed;

227 5542 448 5613 imula—nt
468 5542 764 5613 'viven'tent.
809 5576 829 5609 ι
1088 5542 1101 5551 ⁷

1966 5548 2078 5621 (ηρ)
2114 5542 2431 5621 ν”ᾼσματαε⁷
2447 5544 2579 5599 Tres
2609 5542 3016 5621 Βθὲςη-ᾇσμα,
3293 5609 3318 5621 _

295 5630 371 5698 (6)
413 5630 545 5697 Τῆς.
582 5630 741 5682 Deest
772 5628 823 5681 in
847 5625 1055 5681 duobus
1075 5622 1232 5678 codd.

1966 5613 2077 5689 (M)
2093 5613 2671 5686 Δήμιὸυργήσαντος.
2685 5613 2964 5683 Basili—en},
2990 5616 3054 5685 δη
3064 5613 3466 5684 μιουργοῦντος.

499 5740 771 5799 Ριτιιοι..
807 5737 925 5796 ϐπ.
960 5726 1257 5794 XXXVI.

3042 5723 3118 5784 12
