4050 6298
615 233 721 294 365

1796 221 1853 278 S.
1895 218 2223 276 GREGORII
2263 214 2607 274 THEOLOGI

3757 211 3850 267 τοι

612 347 907 405 nerationis
953 346 1247 408 lavacrum,
1299 340 1551 413 sigillum,
1609 352 1671 393 ac
1717 336 1951 407 denique
1987 336 2165 391 excel-

2295 334 2575 402 ἰιδόμενον’
2611 330 2855 401 χάρισμα
2892 328 2969 391 δὲ,
3011 329 3086 392 ὡς
3135 330 3227 381 καὶ
3254 323 3541 395 ὀφείλουσι
3574 325 3683 396 (15)
3711 343 3723 355 ·
3761 326 3850 395 βά-

614 439 910 495 lentissimo
932 435 1122 505 quovis
1148 432 1364 491 nomine
1405 429 1757 500 appellamus.
1796 427 2003 481 Donum
2028 426 2167 480 dici-

617 540 725 595 tur,
770 529 896 598 quia
941 527 1027 593 iis,
1073 526 1165 595 qui
1209 524 1342 579 nihil
1392 522 1541 592 prius
1581 519 1951 581 contulerunt,
1994 517 2172 580 datur;

618 618 808 689 gratia,
867 617 988 685 quia
1036 616 1204 670 etiam
1256 609 1612 673 debentibus;
1676 607 2005 676 baptismus,
2045 605 2169 673 quia

620 718 899 777 peccatum
931 706 983 759 in
1014 719 1151 773 aqua
1189 702 1481 771 sepelitur;
1517 699 1725 764 unctio,
1763 697 1888 764 quia
1934 710 2086 749 sacer
2110 703 2167 747 et

621 798 799 866 regius
839 797 975 864 (lucc
1024 793 1167 847 enim
1217 797 1393 852 erant,
1434 803 1555 856 quae
1598 783 1996 854 angebantur);
2053 782 2176 836 illu-

621 886 862 946 ntinatio.
911 883 1035 952 quia
1077 881 1328 950 splendor
1372 888 1429 932 et
1469 877 1727 939 claritas;
1786 874 2180 933 indumentum,

620 977 743 1045 quia
786 973 1089 1043 ignominiae
1140 979 1341 1024 nostra:
1402 966 1646 1021 velamen
1705 973 1827 1027 est;
1888 961 2181 1021 lavacrum,

621 1064 747 1131 quia
778 1059 980 1125 abluit;
1022 1058 1278 1129 sigillum,
1326 1056 1451 1122 quia
1494 1050 1838 1108 conservatio
1861 1058 1964 1110 est,
1993 1062 2056 1101 ac
2086 1049 2183 1102 do-

624 1152 936 1206 minationis
959 1149 1281 1219 obsignatin.
1319 1145 1451 1199 llnic
1479 1142 1816 1214 gratulantur
1844 1139 2001 1202 caeli;
2045 1138 2186 1192 hunc

622 1236 794 1311 angeli
844 1250 1062 1310 propter
1110 1236 1411 1309 splendoris
1457 1233 1831 1303 cognationem
1863 1228 2179 1284 celebrant:

2273 438 2484 491 πτισμα
2518 420 2596 483 δὲ,
2644 420 2720 481 ὡς
2764 418 3208 489 συνθαπτομένης
3258 417 3378 487 (16)
3437 415 3519 485 τῷ
3571 414 3722 469 ῦδατι
3759 415 3852 486 τῆς

2274 512 2547 581 ἁμαρτίας
2571 528 2583 539 ·
2626 509 2831 579 χρίσμα
2863 507 2940 572 δὲ,
2970 508 3044 571 ὡς
3080 508 3221 579 ἱερὸν
3260 508 3357 560 καὶ
3403 505 3684 575 βασιλικὸν
3711 505 3850 571 (ταῦ-

2274 616 2343 651 τα
2380 596 2491 668 [17]
2533 597 2640 667 γὰρ
2664 593 2730 666 ἦν
2765 596 2832 648 τὰ
2868 596 3148 666 χριόμενα)
3170 613 3182 625 ·
3219 596 3485 664 φώτισμα
3512 594 3590 655 δὲ,
3620 594 3693 657 ὡς
3728 594 3856 663 λαμ-

2278 690 2555 758 πρότητα·
2611 687 2811 755 ἔνδυμα
2863 685 2941 749 δὲ,
2982 685 3056 747 ὡς
3095 685 3360 754 αἰσχύνης
3407 680 3676 753 κάλυμμα
3714 683 3851 753 (lSl'

2240 776 2265 791 "
2293 776 2510 845 λουτρὸν
2544 776 2621 836 δὲ,
2648 774 2722 836 ὼς
2752 772 3008 825 ἐκπλυσιν
3032 789 3044 803 ·
3080 775 3349 842 σφραγῖδα
3382 771 3464 832 δὲ,
3502 769 3577 833 ὡς
3611 772 3857 842 συντήρη-

2295 883 2397 927 σιν,
2430 867 2522 918 ml.
2566 865 2667 934 τῆς
2702 864 3017 926 δεσποτείας
3062 864 3387 931 σημείωσιν.
3426 861 3618 931 Τούτῳ
3655 864 3859 931 συγχαί-

2289 973 2470 1027 ρουσιν
2514 955 2761 1025 οὐρανοί*
2815 956 2974 1008 τοῦτο
3027 952 3338 1017 δοξάζουσιν
3388 953 3638 1020 ἄγγελοι,
3692 952 3773 1004 διὰ
3804 954 3859 1006 τὸ

2286 1049 2543 1115 συγγενὲς
2577 1048 2675 1116 τῆς
2705 1048 3087 1117 λαμπρότητος
3109 1063 3121 1075 ·
3155 1046 3312 1098 τοῦτο
3344 1043 3644 1113 εἰκὼν-τῆς
3667 1044 3858 1098 ἐκεῖθεν

2291 1138 2719 1207 μακαριότητος’
2749 1136 2906 1190 τοῦτο
2929 1139 3090 1206 ἡμεῖς
3118 1135 3367 1206 ὲξυμνείν
3405 1134 3715 1205 βουλόμεθα
3748 1135 3855 1204 μὲν,

2288 1229 2349 1280 οὐ
2377 1228 2654 1299 δυνάμεθα
2682 1229 2741 1283 δὲ
2770 1230 2892 1282 ὅσον
2917 1229 3085 1293 ἄξιον.

622 1333 713 1387 hic
780 1331 1127 1387 beatitudinis
1187 1328 1329 1383 illius
1401 1324 1685 1392 imaginem
1722 1321 1896 1390 gerit;
1967 1318 2113 1373 hunc
2171 1316 2419 1374 laudibus
2463 1318 2679 1389 quidem
2717 1328 2770 1374 et
2805 1320 3017 1390 hymnis
3057 1317 3331 1372 celebrare
3378 1333 3653 1382 vommus,
3688 1332 3856 1373 verum

620 1438 722 1495 pro
748 1423 823 1478 rei
857 1419 1116 1491 dignitate
1156 1433 1258 1471 non
1286 1426 1597 1491 possumus.

692 1512 759 1567 ν.
812 1512 893 1567 Ac
914 1474 1163 1579 uquidem
1204 1474 1341 1560 Dens
1398 1515 1665 1559 summum
1718 1507 1773 1553 et
1819 1494 2189 1551 inaccessibile

2360 1495 2435 1548 E'.
2464 1492 2593 1555 Θεὸς
2623 1492 2721 1563 μέν
2764 1494 2880 1545 ἐστι
2913 1491 3026 1560 φῶς
3058 1492 3118 1544 τὸ
3156 1492 3481 1562 ἀκρότατον,
3529 1492 3625 1545 καὶ
3653 1494 3858 1563 ἀπρόσι-

624 1618 689 1658 ac
720 1598 988 1657 inellabile
1034 1599 1216 1651 lumen
1265 1604 1367 1658 εει,
1417 1592 1558 1662 quod
1614 1603 1711 1643 nec
1755 1596 1939 1642 mente
1962 1586 2184 1656 percipi,

623 1706 726 1748 nec
766 1690 946 1745 verbis
987 1685 1241 1755 explicari
1294 1691 1490 1750 potest,
1540 1689 1789 1740 naturam
1841 1691 2057 1731 omnem
2101 1692 2189 1729 ra-

625 1780 775 1834 tione
802 1775 1076 1847 praeditam
1130 1770 1454 1823 illuminaus.
1496 1766 1605 1821 lloc
1649 1766 1701 1818 in
1745 1761 2189 1831 intelligibilibus,

624 1869 768 1938 quod
798 1866 879 1924 sol
914 1865 971 1917 in
1008 1861 1395 1925 sensibilibus;
1433 1873 1495 1912 eo
1528 1872 1583 1911 se
1618 1855 1787 1923 magis
1815 1853 2187 1921 contemplan-

626 1961 752 2014 dum
794 1957 949 2010 nobis
978 1954 1243 2023 praebens,
1276 1964 1380 2019 quo
1434 1946 1739 2001 accuratius
1767 1942 1976 1998 animos
2000 1956 2193 2010 purga-

624 2045 900 2109 verimus;
944 2057 1008 2097 eo
1054 2056 1242 2096 rursus
1297 2040 1465 2107 magis
1519 2034 1829 2097 amandum,
1884 2048 1991 2101 quo
2022 2030 2189 2099 magis

626 2134 975 2209 contemplati
1028 2132 1323 2191 fuerimus;
1383 2142 1447 2181 eo
1493 2124 1723 2192 denique
1772 2124 1939 2190 magis
1997 2136 2195 2191 cogno-

626 2230 909 2291 scendum,
939 2240 1045 2295 quo
1086 2223 1261 2290 magis
1299 2216 1681 2277 amaverimns,
1717 2229 1835 2267 sese
1875 2214 1985 2280 ipse
2010 2227 2198 2280 specu-

624 2320 745 2375 lans
767 2328 819 2374 et
844 2311 1324 2383 comprehendens,
1349 2323 1409 2362 ac
1429 2306 1714 2376 perexigue
1737 2304 1800 2355 ad
1832 2310 2055 2355 externa
2089 2300 2191 2353 dif—

626 2410 877 2465 fundens.
917 2406 1122 2460 Lumen
1148 2415 1309 2471 porro
1339 2400 1439 2454 hoc
1481 2396 1623 2457 dico,
1665 2393 1805 2463 quod
1844 2393 1897 2445 in
1934 2392 2112 2454 Patre,
2144 2399 2198 2444 et

629 2493 784 2554 Filio,
815 2500 867 2544 et
900 2490 1102 2559 Spiritu
1142 2494 1328 2542 sancto
1354 2485 1724 2539 consideratur
1751 2498 1763 2533 :
1796 2495 2025 2548 quorum
2058 2494 2195 2548 opu-

628 2582 819 2645 lentia,
872 2590 1074 2634 natura:
1119 2578 1375 2631 identitas
1410 2584 1513 2639 est,
1550 2582 1710 2640 atque
1746 2586 1851 2624 una
1895 2571 2197 2638 eademque

632 2670 933 2741 splendoris
971 2666 1311 2740 prosultatio.
1376 2664 1683 2720 Secundum
1726 2663 1901 2715 lumen
1927 2670 2010 2714 est
2036 2674 2199 2730 ange-

632 2764 736 2828 lus,
770 2762 925 2832 primi
967 2761 1108 2815 illius
1150 2758 1369 2813 luminis
1426 2754 1569 2810 velut
1626 2752 1829 2806 rivulus
1854 2753 2072 2819 quidam
2104 2758 2196 2805 aut

2290 1602 2401 1649 τον,
2450 1584 2540 1638 καὶ
2592 1585 2826 1655 ἄρρητον
2870 1583 3002 1653 (l9),
3053 1582 3175 1635 οὔτε
3225 1582 3298 1652 νῷ
3348 1583 3720 1652 καταληπτὸν,
3750 1584 3858 1637 οὔτε

2291 1674 2432 1743 λόγῳ
2484 1673 2675 1744 ῥητὸν,
2731 1673 2909 1742 πάσης
2975 1671 3298 1741 φωτιστικδν
3360 1673 3595 1744 λογικῆς
3643 1673 3856 1743 φύσεως.

2293 1764 2465 1818 Τοῦτο
2494 1766 2548 1816 ὲν
2574 1766 2802 1834 νοητοῖς,
2833 1764 2970 1833 ὅπερ
3011 1766 3068 1816 ὲν
3107 1763 3390 1834 αἰσθητοῖς
3430 1763 3585 1833 ἣλιος
3606 1780 3621 1793 ⁸
3662 1764 3778 1815 ὅσον
3803 1762 3859 1816 ἂν

2290 1852 2707 1924 καθαιρώμεοα,
2760 1851 3190 1923 φανταζόμενον·
3247 1854 3342 1906 καὶ
3392 1854 3521 1906 ὅσον
3562 1854 3628 1907 ἂν
3673 1870 3859 1921 φαντα-

2296 1944 2509 2015 σοῶμεν
2534 1985 2547 2008 ,
2608 1943 3000 2014 ἀγαπώμενον·
3044 1945 3137 1997 καὶ
3187 1945 3310 1997 ὅσον
3363 1945 3432 1997 ἂν
3480 1946 3857 2016 ἀγαπήσωμεν,

2295 2032 2451 2097 αὖθις
2482 2034 2795 2104 νοούμενονσ
2823 2034 2952 2086 αὐτὸ
2976 2034 3166 2087 ἑαυτοῦ
3197 2034 3537 2105 θεωρητικόν
3569 2052 3625 2087 τε
3652 2036 3739 2087 καὶ
3771 2052 3858 2088 κα-

2295 2126 2644 2194 ταληπτικδν,
2677 2124 2832 2192 ὀλίγα
2864 2127 2974 2187 τοῖς
3008 2124 3111 2189 ἔξω
3153 2125 3433 2194 χεόμενον.
3468 2125 3589 2186 Φῶς
3620 2125 3675 2178 δὲ
3710 2126 3858 2193 λέγω,

2297 2213 2357 2267 τὸ
2380 2216 2436 2266 ὲν
2471 2216 2666 2286 Πατρὶ,
2696 2216 2789 2267 καὶ
2828 2214 2958 2283 Υἱῷ,
2992 2215 3085 2267 καὶ
3134 2215 3274 2284 ἁγίῳ
3322 2216 3608 2285 Πνεύματι
3651 2215 3861 2286 Θεωροιὶ-

2300 2321 2487 2375 μενοψ
2525 2297 2598 2357 ὧν
2633 2303 2858 2367 πλοῦτός
2886 2306 3029 2357 ἐστιν
3069 2305 3178 2373 (20)
3212 2307 3246 2371 ἡ
3289 2304 3561 2375 συμφυΐα,
3601 2307 3692 2358 xal.
3723 2307 3779 2358 τὸ
3810 2305 3860 2357 ἓν

2299 2394 2505 2464 ἕξαλμα
2546 2395 2645 2463 τῆς
2671 2396 3069 2465 λαμπρότητος.
3102 2396 3359 2466 Δεύτερον
3396 2396 3454 2448 δὲ
3483 2396 3601 2463 φῶς
3634 2395 3857 2465 ἄγγελος,

2299 2483 2393 2535 τοῦ
2423 2484 2637 2553 πρώτου
2669 2485 2844 2551 φωτὸς
2870 2484 3110 2555 ἀπορροή
3143 2501 3245 2549 τις,
3271 2486 3303 2556 ἢ
3332 2488 3623 2556 μετουσία,
3648 2490 3712 2557 τῇ
3742 2487 3857 2558 πρὸς

2302 2574 2431 2627 αὐτὸ
2474 2573 2651 2625 νεύσει
2710 2575 2805 2628 καὶ
2853 2575 3127 2646 ὑπουργία
3167 2576 3259 2628 τὸν
3300 2577 3587 2648 φωτισμὸν
3641 2578 3820 2647 ἔχουσα
3846 2593 3857 2605 ·

2303 2667 2402 2717 οὐκ
2446 2660 2581 2726 οῖδα,
2638 2665 2745 2717 εἴτε
2791 2668 2855 2735 τῇ
2906 2666 3056 2730 τάξει
3107 2670 3206 2737 τῆς
3253 2668 3502 2731 στάσεως
3555 2667 3859 2739 μεριζομένη

2305 2755 2394 2806 τὸν
2433 2753 2731 2823 φωτισμὸν,
2775 2752 2882 2806 εἴτε
2917 2757 3027 2816 τοῖς
3076 2757 3292 2827 μέτροις
3330 2756 3429 2809 τοῦ
3472 2757 3748 2827 φωτισμοῦ
3773 2757 3860 2825 τὴν

633 2826 999 2921 participatio,
1040 2861 1138 2917 per
1171 2844 1579 2916 propensionem
1608 2841 1673 2894 ad
1705 2840 1831 2894 illud
1860 2853 1924 2893 ac
1950 2838 2191 2893 ministe-

2299 2843 2450 2907 τάξιν
2474 2844 2840 2913 λαμϐάνουσα.
2874 2846 3067 2915 Τρίτον
3099 2847 3213 2913 φῶς
3246 2847 3556 2918 ἄνθρωπος,
3586 2847 3613 2899 ὃ
3643 2847 3731 2899 καὶ
3762 2849 3859 2907 τοῖς

633 2942 798 3006 rium,
841 2938 1285 2995 illuminationem
1321 2935 1522 2988 habens
1551 2949 1565 2985 :
1600 2931 1665 2983 de
1692 2945 1796 2998 quo
1831 2938 2068 2983 statuere
2099 2941 2192 2982 ne-

632 3047 790 3101 queo,
844 3040 1023 3085 utrum
1077 3043 1172 3099 pro
1223 3026 1412 3081 classis
1474 3038 1581 3077 sure
1626 3020 1939 3088 ordinisque
1990 3020 2197 3073 ratione

633 3122 886 3193 splendor
915 3120 964 3174 ei
992 3118 1350 3187 impertiatur,
1379 3129 1444 3167 an
1480 3112 1657 3181 potius
1686 3124 1778 3178 pro
1830 3107 2023 3161 divinae
2071 3105 2196 3161 illu-

633 3211 944 3267 minationis
992 3208 1150 3263 modo
1200 3207 1339 3260 hanc
1388 3202 1471 3256 vel
1515 3202 1659 3255 illam
1707 3198 1888 3253 sedem
1937 3195 2188 3265 accipiat.

633 3304 875 3359 Tertium
906 3302 1084 3356 lumen
1115 3299 1276 3352 homo
1303 3305 1406 3359 est,
1438 3294 1577 3363 quod
1605 3290 1841 3345 externis
1866 3290 2027 3343 etiam
2075 3302 2200 3357 per-

633 3397 877 3463 spicuum
918 3401 972 3446 et
1016 3389 1359 3443 manifestum
1405 3393 1505 3439 est.
1539 3383 1657 3445 Φῶς
1692 3382 1857 3443 enim,
1892 3379 1943 3432 id
1978 3370 2079 3443 est,
2112 3378 2199 3431 lu-

631 3501 774 3549 men,
816 3482 1087 3539 hominem
1112 3477 1277 3550 694
1307 3485 1521 3537 vocant,
1550 3484 1767 3543 propter
1792 3470 2017 3524 rationis
2044 3470 2199 3525 nobis

2303 2933 2407 2998 ἔξω
2432 2933 2586 3002 δῆλόν
2614 2935 2746 2987 ἐστι.
2777 2933 2895 2996 Φῶς
2929 2934 3037 3004 γὰρ
3079 2937 3171 2988 τὸν
3216 2936 3507 3006 ἄνθρωπον
3535 2936 3856 3006 ὀνομάζουσι,

2303 3022 2392 3075 διὰ
2414 3025 2512 3093 τὴν
2537 3022 2628 3075 τοῦ
2656 3025 2712 3075 ἐν
2744 3026 2872 3093 ἡμῖν
2901 3023 3060 3091 λόγου
3095 3025 3319 3096 δύναμιν
3343 3043 3357 3056 ·
3394 3028 3492 3080 καὶ
3517 3026 3669 3097 ἡμῶν
3700 3025 3858 3078 αὐτῶν

2305 3112 2467 3165 πάλιν
2496 3106 2544 3165 οἱ
2572 3112 2970 3184 Οεοειδέστεροι,
2992 3116 3085 3168 καὶ
3108 3117 3305 3185 μᾶλλον
3330 3117 3451 3188 Θεῷ
3474 3117 3855 3187 πλησιάζοντες.

2306 3200 2437 3257 Οἶδα
2479 3203 2572 3257 καὶ
2606 3203 2731 3257 ἄλλο
2764 3205 2897 3273 φῶς,
2945 3198 2990 3273 ᾧ
3035 3206 3095 3259 τὸ
3130 3208 3427 3278 ἀρχέγονον
3459 3209 3631 3279 ἠλάθη
3668 3210 3853 3271 σκότος,

2304 3293 2605 3366 ἢδιεκόπη,
2637 3296 2850 3368 πρῶτον
2881 3297 3119 3351 ὑποστὰν
3151 3298 3249 3369 τῆς
3273 3300 3479 3369 ὁρατῆς
3502 3301 3743 3361 κτίσεως,
3773 3298 3859 3366 τήν

2305 3400 2365 3435 τε
2397 3385 2658 3457 κυκλικὴν
2686 3385 2794 3439 τῶν
2825 3388 3071 3458 ἀστέρων
3099 3389 3369 3459 περίοδον,
3414 3391 3509 3445 καὶ
3557 3391 3654 3444 τὴν
3677 3387 3860 3443 ἄνωθεν

2307 3477 2676 3546 φρυκτωρίαν,
2705 3478 2907 3547 κόσμον
2929 3478 3048 3532 ὅλον
3074 3479 3444 3547 αὐγάζουσαν.

633 3577 811 3631 insita:
852 3573 961 3627 vim
1012 3579 1065 3625 et
1103 3570 1434 3623 facultatem.
1482 3565 1598 3630 Quo
1643 3564 1803 3617 etiam
1862 3574 2046 3613 rursus
2099 3561 2314 3617 nomine
2379 3565 2413 3618 ii
2482 3568 2621 3619 inter
2701 3584 2799 3623 nos
2874 3572 3224 3638 appellantur,
3283 3572 3371 3640 qui
3426 3572 3541 3626 Deo
3597 3569 3858 3625 similiores

634 3676 781 3731 sunt,
814 3662 1137 3733 propiusque
1164 3662 1229 3713 ad
1300 3661 1463 3712 Deum
1501 3656 1777 3710 accedunt.
1817 3651 1971 3705 Aliud
2006 3666 2217 3720 quoque
2250 3652 2428 3708 lumen
2482 3671 2736 3724 agnosco,
2766 3674 2957 3728 nempe
2989 3662 3138 3730 illud,
3210 3677 3317 3731 quo
3381 3663 3695 3732 primigena:
3723 3668 3856 3713 tene-

634 3761 745 3811 brae
786 3754 1038 3824 depulsae,
1088 3760 1177 3805 aut
1225 3758 1368 3803 certe
1422 3746 1690 3801 intercisa!
1719 3752 1866 3806 sunt,
1926 3741 2069 3810 quod
2132 3752 2257 3798 ante
2294 3760 2383 3800 res
2425 3761 2517 3802 eas
2564 3764 2752 3806 omnes
2797 3762 3030 3816 creatas,
3103 3770 3222 3825 quae
3276 3764 3505 3823 aspectu
3556 3753 3856 3815 sentiuntur,

634 3847 955 3919 productum
996 3851 1112 3907 est;
1144 3841 1571 3906 circularemque
1601 3836 1727 3889 item
1790 3834 1934 3890 illam
2008 3833 2247 3890 siderum
2317 3839 2766 3908 conversionem,
2814 3855 2866 3898 et
2910 3860 3199 3915 supernum
3244 3847 3608 3917 splendorem,
3656 3843 3856 3899 univer-

636 3954 756 3996 sum
786 3936 971 3991 orbem
1001 3932 1375 3986 illustrantem.

711 4023 795 4079 VI.
830 4022 947 4079 Jam
976 4022 1153 4076 lumen
1181 4021 1343 4074 etiam
1367 4027 1485 4072 erat
1508 4016 1859 4086 primigenum
1887 4017 2013 4074 illud
2044 4034 2191 4073 man-

2372 4017 2597 4082 ζῖ¹.σι)ὦς
2621 4018 2718 4087 μὲν
2746 4014 2813 4090 ἦν
2842 4021 2932 4073 καὶ
2970 4023 3001 4092 ἡ
3034 4021 3111 4091 τῷ
3141 4023 3471 4094 πρωτογόνῳ
3499 4022 3706 4076 δοθεῖσα
3729 4034 3857 4089 πρω-

635 4115 841 4179 datum,
874 4109 1014 4181 quod
1042 4109 1340 4178 primigeno
1387 4108 1591 4161 homini
1634 4108 1814 4161 datum
1858 4118 1943 4163 est
1995 4110 2195 4179 (quan-

636 4203 921 4272 doquidem
968 4200 1091 4269 legis
1121 4198 1426 4251 mandatum
1463 4196 1674 4250 lucerna
1718 4206 1765 4249 et
1815 4196 1989 4251 lumen
2018 4208 2090 4252 est
2116 4198 2197 4266 7‘;

636 4304 690 4350 et
721 4280 931 4356 rursus,
971 4289 1163 4342 Lumen
1194 4297 1449 4356 prwcepta
1482 4298 1569 4339 tua
1602 4289 1654 4340 in
1686 4276 1947 4357 terra");
1986 4293 2201 4343 tametsi

635 4383 817 4441 invida
868 4381 955 4435 illa
1006 4380 1178 4449 caligo
1221 4380 1461 4448 irrepens
1507 4379 1695 4432 vitium
1739 4380 2057 4447 procrearit.
2093 4374 2199 4433 Lu-

636 4491 759 4530 men
799 4473 961 4528 etiam
998 4471 1254 4541 typicum,
1295 4481 1456 4540 atque
1484 4470 1550 4523 ad
1582 4470 1853 4524 modulum
1880 4485 2084 4534 eorum,
2109 4470 2200 4540 qui

634 4565 996 4633 excipiebant,
1030 4562 1365 4626 admensum,
1419 4560 1531 4614 Lex
1578 4560 1777 4629 scripta
1824 4570 1958 4623 erat,
2004 4564 2203 4615 verita-

639 4669 743 4711 tem
776 4654 1200 4716 adumbrans,ac
1227 4651 1404 4722 magni
1434 4651 1576 4707 illius
1608 4652 1824 4706 luminis
1850 4653 2199 4721 mysterium:

638 4746 833 4814 quippe
873 4751 927 4796 et
968 4739 1167 4809 Moysis
1203 4742 1400 4805 vultus,
1432 4756 1498 4797 eo
1532 4740 1799 4810 perfusus,
1836 4740 2005 4808 gloria
2037 4738 2203 4796 allici-

710 4896 920 4951 "Psal.
959 4912 1149 4961 cum,
1194 4899 1316 4953 105.
1392 4896 1435 4926 '"
1471 4895 1634 4951 Prov.
1674 4911 1749 4958 Vl,
1794 4896 1886 4949 23.

709 5013 821 5083 (15)
873 5014 1232 5082 Ὀφείλουσι.
1264 5014 1507 5083 Plerique
1529 5012 1704 5083 codd,
1737 5011 1978 5083 ὅφλουσι.

709 5080 822 5154 (16)
860 5080 1379 5154 Συξνθαπτομένης.
1416 5082 1599 5137 Plures
1621 5080 1783 5150 Regg.
1815 5092 1870 5136 et
1896 5080 2075 5145 Colb.,
2108 5081 2203 5135 Or.

638 5154 693 5217 ιο
715 5153 843 5234 salsi»
869 5153 1316 5234 ἐνθθιπτοιθένηςο.

682 5216 687 5217 “
712 5216 837 5344 g7)
869 5221 1075 5276 Ταῦτα.
1108 5216 1201 5277 Sic
1228 5216 1463 5291 quinque
1490 5216 1679 5289 Regg.,
1706 5218 1889 5274 decem
1910 5217 2083 5281 Colb.,
2109 5217 2204 5274 Or.

637 5292 691 5357 ι,
769 5307 871 5356 as.,
902 5291 1089 5345 Comb.
1132 5310 1149 5341 ι
1188 5292 1312 5346 Haec
1334 5298 1506 5353 erant,
1542 5308 1558 5339 ›
1586 5299 1714 5350 etc..
1747 5302 1938 5357 nempe
1958 5289 2211 5342 sacerdo-

640 5370 725 5417 tes
755 5370 808 5414 et
834 5374 1004 5430 reges.
1040 5378 1059 5411 ι
1102 5360 1421 5430 Sacerdotes
1470 5360 1611 5413 enim
1655 5369 1708 5430 et
1769 5372 1940 5425 reges,
1975 5358 2205 5430 D_l|l(|t_lll

638 5430 873 5500 Nicetas,
897 5425 929 5479 ἰ
952 5428 1109 5500 juxta
1138 5429 1331 5500 Moysis
1355 5429 1530 5500 legent
1562 5429 1915 5500 ungebantur.
1950 5446 1969 5479 ›
2004 5425 2060 5500 In
2086 5425 2204 5489 ed.,

639 5498 879 5633 ἒοιαῦιτα.
937 5499 1085 5622 (suod
1138 5496 1300 5555 vertit
1351 5496 1470 5553 Bill.
1524 5516 1542 5549 ι
1588 5496 1902 5567 Hujusmodi
1952 5497 2096 5552 enim
2140 5511 2205 5550 ea

680 5582 771 5621 ran
864 5586 883 5619 ι
914 5581 1020 5623 ec.

642 5578 816 5625 erant.
864 5586 883 5619 ι
914 5578 1020 5623 CIC.

2301 4108 2518 4175 τόγονος
2546 4109 2729 4180 ἐντολὴ
2761 4112 2989 4182 (ἐπειδὴ,
3029 4114 3268 4182 Λύχνος
3314 4115 3537 4181 ἐντολὴ
3567 4115 3747 4180 νόμου
3772 4106 3855 4160 καὶ

2302 4198 2462 4266 φῶς·
2519 4200 2611 4253 καὶ
2660 4201 2789 4255 διότι
2838 4202 2974 4275 [21],
3015 4205 3140 4270 Φῶς
3189 4205 3259 4258 τὰ
3298 4201 3718 4275 προστάῃιατά
3756 4214 3854 4253 σου

2301 4289 2398 4341 ἐπὶ
2430 4290 2536 4358 τῆς
2567 4290 2723 4360 γῆς),
2758 4294 2806 4345 εί
2836 4295 2928 4347 καὶ
2964 4296 3024 4347 τὸ
3064 4295 3321 4367 φθονερὸν
3352 4296 3543 4359 σκότος
3572 4289 3855 4348 ἐπεισελθδν

2292 4381 2399 4450 ,τὴν
2426 4381 2621 4435 κακίαν
2658 4383 3087 4454 ἐδημιούργησεν
3107 4403 3120 4416 ·
3153 4385 3270 4453 φῶς
3296 4385 3353 4439 δὲ
3374 4386 3603 4440 τυπικὸν
3625 4383 3714 4435 καὶ
3736 4379 3853 4447 adp.-

2315 4486 2508 4540 μετρον
2555 4475 2666 4534 τοῖς
2708 4472 3137 4543 ὑποδεχομένοις,
3182 4476 3209 4527 δ
3241 4474 3485 4543 γραπτὰς
3515 4473 3693 4543 νόμος,
3724 4483 3854 4521 σκια-

2309 4562 2535 4630 γραφῶν
2588 4562 2700 4631 (22)
2752 4564 2852 4634 τὴν
2898 4564 3188 4635 ἀλήθειαν,
3241 4567 3335 4620 καὶ
3387 4565 3445 4618 τὸ
3494 4563 3586 4617 τοῦ
3644 4559 3851 4633 μεγάλου

2312 4653 2488 4721 φωτὸς
2529 4657 2824 4725 μυστήριον
2843 4672 2855 4685 ⁸
2891 4657 3048 4728 εἴπερ
3075 4659 3169 4712 καὶ
3195 4658 3255 4711 τὸ
3284 4659 3562 4719 Μωῦσέως
3589 4655 3852 4723 πρόσωπον

2308 4740 2481 4814 τούτῳ
2524 4743 2824 4809 δοξάζεται.
2861 4749 2972 4801 Καὶ
3013 4748 3099 4801 ἵνα
3144 4748 3363 4803 πλείονα
3402 4749 3554 4818 φῶτα
3588 4746 3756 4814 δῶμεν
3784 4734 3851 4805 τῷ

2383 5013 2497 5081 (18)
2537 5012 2847 5082 [idle/ma.
2920 5009 3054 5068 Tres
3120 5011 3311 5082 Regg.,
3380 5010 3744 5077 συνκάλυμμα.
3800 4995 3848 5049 lu

2314 5082 2451 5145 aliis,
2491 5083 2879 5151 συγκάλυμμα.

2388 5100 2451 5145 Is,
2491 5100 2732 5151 συγκαλυ
2784 5100 2879 5151 μα.

2385 5154 2494 5223 (19)
2534 5153 2641 5223 Καὶ
2681 5100 2959 5223 ἅίρῃτοφῖ.
2993 5151 3153 5223 Deest
3191 5150 3243 5203 in
3271 5150 3506 5223 quinque
3536 5148 3716 5214 ltegg.,
3742 5144 3847 5191 octo

2311 5219 2490 5284 Colb.,
2523 5221 2616 5275 Or.
2648 5224 2671 5275 1
2712 5232 2763 5276 et
2795 5219 3058 5285 Combel‘.,
3090 5234 3189 5275 nec
3212 5219 3594 5273 vertitBillins.

2386 5282 2497 5360 (20)
2547 5294 2780 5360 Ἔστινζ
2805 5282 3224 5360 Βοθειίιιίιιίιιιιε
3245 5289 3413 5358 tiegg.
3449 5297 3502 5345 et
3523 5286 3613 5342 Or.
3648 5282 3697 5337 1.

2387 5358 2502 5431 (21)
2538 5362 2713 5414 Διότι.
2753 5358 2881 5431 ιῖιξίξζ
2914 5359 3100 5431 ρΙιιδϋ
3126 5359 3230 5413 ὅτι.

2387 5366 2471 5431 (2|
2538 5366 2713 5414 Διότι.
2754 5366 2881 5427 Heg.
2914 5366 3008 5428 plt,
3035 5366 3100 5411 δι’
3126 5366 3230 5413 ὅτι,

2361 5366 2502 5513 ,(Ὧί
2538 5428 2943 5500 Σκιαὶφαξριῖηκ
2968 5429 3126 5499 ‘Reg.
3177 5431 3285 5493 bm,
3320 5435 3374 5484 ct
3408 5425 3498 5483 Or.
3531 5424 3582 5489 l,
3619 5422 3843 5485 σκιεγῖια·

2312 5514 2450 5569 φων.
