4050 6298
640 271 745 330 567

1835 256 1895 312 S.
1932 246 2261 313 GREGORII
2304 248 2648 306 THEOLOGI

3790 252 3888 309 568

642 346 769 438 tidie
820 372 1016 450 ﬂagitia
1066 380 1316 436 ruentes,
1390 367 1603 437 penitus
1660 367 1872 421 tandem
1927 382 1955 420 a
2003 380 2210 421 summa

2319 362 2477 431 βάθος
2499 361 2851 433 ἐμπεσόντες,
2879 359 2904 413 ὃ
2935 359 2999 430 δὴ
3028 359 3242 428 λέγεται
3266 360 3409 431 (57),
3438 362 3885 443 καταφρονῶμεν·

641 474 804 539 bono,
849 480 1009 538 atque
1040 480 1071 519 a
1099 466 1315 527 virtute,
1337 469 1561 531 propter
1588 457 2013 528 desperationem
2058 456 2206 511 labe-

641 571 844 621 remur,
871 555 1053 621 sicque
1086 551 1140 605 in
1170 547 1489 619 profundum
1517 544 1798 608 malorum,
1830 554 1889 598 ut
1914 543 2206 613 Scriptum

640 646 823 703 verbis
866 654 1006 707 utar,
1037 640 1301 711 gurgitem
1323 638 1370 681 ⁸⁸
1393 635 1649 706 prolapsi,
1692 644 2160 690 contemneremus
2191 651 2205 687 :

642 750 827 792 verum
864 735 1062 803 potius,
1094 739 1152 786 ut
1188 730 1278 800 qui
1325 729 1541 797 longum
1587 726 1689 780 iter
1734 725 2092 788 emetiuntur,
2148 725 2204 780 in

646 823 957 879 diversoriis
986 820 1439 889 interquiescunt,
1476 814 1724 883 fessaque
1752 813 1931 867 labore
1964 815 2205 869 membra

646 922 914 975 recreant,
946 912 1017 965 ita
1049 923 1165 974 nos,
1200 908 1340 977 quod
1372 917 1621 975 superest
1655 906 1775 968 viae,
1807 903 1982 971 vegeti
2013 913 2066 957 et
2103 904 2207 958 im-

644 1005 782 1076 pigri
816 1004 1185 1060 eonﬁciamus.
1238 1001 1415 1069 Atque
1467 998 1582 1052 haec
1633 994 1884 1064 baptismi
1934 995 2106 1064 gratia
2150 1003 2205 1050 et

646 1093 872 1149 facultas
920 1102 1023 1157 est,
1069 1106 1175 1147 non
1220 1093 1406 1145 orbem
1455 1098 1744 1151 terrarum,
1771 1094 1827 1137 ut
1858 1084 2004 1146 olim,
2047 1085 2205 1153 aquis

2306 454 2423 508 ἀλλ’
2454 452 2641 523 ὥσπερ
2675 452 2725 504 οἱ
2770 451 2985 523 μακρὰν
3017 452 3135 505 ὁδὸν
3182 451 3507 522 τέμνοντες,
3558 452 3889 525 καταλύματι

2306 546 2434 608 τοὺς
2462 544 2655 607 πόνους
2694 544 3179 606 διαναπαύσαντες,
3215 542 3358 596 οὕτω
3392 542 3457 596 τὸ
3492 542 3625 613 ὲξῆς
3662 544 3757 615 τῆς
3780 547 3889 601 ὀδοῦ

2307 635 2490 705 νεαροὶ
2542 636 2637 688 καὶ
2682 634 2949 705 πρόθυμοι
2994 634 3349 704 διανύσωμεν.
3395 635 3552 705 Αὕτη
3599 637 3696 705 μὲν
3734 640 3763 699 ἡ
3806 639 3889 693 τοῦ

2313 725 2687 795 βαπτίσματος
2742 724 2903 796 χάρις
2955 726 3049 777 καὶ
3099 724 3347 795 δύναμις,
3386 725 3452 777 οὐ
3500 726 3706 797 κόσμου
3740 747 3878 785 κατα·

2312 818 2549 888 κλυσμὸν
2581 817 2656 880 ὡς
2690 817 2876 882 πάλαι,
2922 817 3019 887 τῆς
3067 818 3125 871 δὲ
3156 816 3250 869 τοῦ
3293 817 3422 871 καθ’
3464 819 3700 872 ἕκαστον
3727 822 3888 892 ἁμαρ-

2310 906 2431 971 τίας
2482 906 2749 977 κάθαρσιν
2807 906 3038 976 ἔχουσα,
3100 908 3191 960 καὶ
3259 906 3511 978 παντελῆ
3575 908 3735 979 {iud/tv
3794 911 3890 964 τῶν

2310 996 2418 1050 ἀπὸ
2467 998 2665 1061 κακίας
2711 997 3130 1052 ἐπεισελθόντων
3188 999 3611 1070 συγχωσμάτων
3661 1000 3695 1071 ἢ
3746 999 3886 1069 μολυ⁹

2312 1088 2553 1158 σμάτων.

643 1187 899 1247 obruens,
925 1184 1017 1238 sed
1078 1180 1503 1251 uniuscujusque
1573 1175 1808 1231 hominis
1866 1184 2145 1244 peccatum
2214 1192 2472 1249 purgans,
2503 1192 2701 1249 easque
2728 1181 3127 1236 obstructiones
3159 1180 3239 1235 vel
3275 1181 3547 1247 maculas,
3594 1197 3725 1252 ,qum
3770 1184 3888 1238 vitio

644 1275 1057 1338 contrahuntur,
1094 1286 1318 1343 prorsus
1349 1271 1691 1338 abstergens.

713 1364 849 1422 Vill.
916 1362 1351 1431 Quandoquidem
1415 1368 1593 1413 autem
1666 1355 1874 1410 duabus
1930 1354 2194 1424 partibus,

644 1458 752 1516 hoc
774 1464 875 1519 est,
908 1453 1089 1509 animo
1121 1461 1175 1507 et
1196 1463 1442 1520 corpore,
1486 1452 1818 1509 constamus,
1865 1460 2093 1513 quarum
2130 1445 2209 1498 al-

648 1557 761 1603 tera
777 1544 830 1599 in
848 1550 1123 1612 aspectum
1138 1540 1299 1604 cadit,
1316 1538 1482 1593 altera
1500 1537 1779 1591 oculorum
1803 1549 2020 1589 sensum
2050 1534 2202 1603 fugit:

2382 1353 2464 1407 H'.
2500 1353 2699 1407 Διττῶν
2744 1354 2799 1408 δὲ
2849 1354 3018 1409 ὄντων
3063 1356 3241 1425 ἡμῶν,
3282 1357 3349 1409 ὲκ
3394 1356 3582 1427 ψυχῆς
3626 1357 3765 1427 λέγω
3804 1359 3887 1413 καὶ

2317 1443 2587 1515 σώματος,
2618 1447 2712 1499 καὶ
2746 1446 2845 1515 τῆς
2882 1447 2980 1517 μὲν
3018 1449 3236 1519 ὁρατῆς,
3282 1451 3381 1519 τῆς
3430 1450 3490 1502 δὲ
3539 1449 3771 1520 ἀοράτου
3799 1451 3887 1521 φύε

2316 1552 2495 1599 σεωςο
2532 1536 2683 1607 διττὴ
2744 1538 2835 1589 καὶ
2887 1539 2922 1608 ἡ
2974 1538 3240 1610 κάθαρσις
3295 1539 3436 1610 (58),
3492 1541 3565 1593 δι’
3616 1540 3798 1605 ὕδατός
3833 1544 3885 1596 τὲ

649 1634 858 1691 duabus
891 1641 1108 1701 quoque
1133 1627 1293 1681 rebus
1322 1631 1535 1678 constat
1562 1621 1878 1691 haptismus,
1905 1634 2040 1688 aqua
2063 1619 2209 1673 scili-

2314 1638 2455 1696 φημι
2483 1626 2577 1679 καὶ
2615 1625 2952 1695 Πνεῦματος,
2992 1626 3086 1679 τοῦ
3118 1628 3214 1698 μὲν
3247 1629 3549 1700 θεωρητῶς
3584 1648 3644 1683 τε
3674 1632 3765 1684 καὶ
3796 1650 3885 1685 σω-

647 1732 735 1779 cet
759 1730 816 1778 et
838 1720 1061 1790 Spiritu,
1089 1716 1179 1773 illa
1205 1714 1397 1769 visibili
1421 1723 1475 1766 ct
1500 1725 1761 1780 corporeo
1784 1712 1943 1764 modo
1965 1719 2205 1777 accepta,

647 1814 753 1869 hoc
772 1824 902 1865 vero
918 1811 1232 1876 incorporeo
1254 1814 1306 1860 et
1326 1801 1580 1858 invisibili
1606 1807 1958 1854 concurrente
1981 1816 1994 1852 :
2021 1798 2109 1852 illa
2135 1807 2209 1869 ty-

645 1901 791 1971 pica,
809 1900 911 1954 hoc
939 1910 1086 1962 vero,
1113 1908 1166 1949 et
1194 1894 1411 1948 intimos
1439 1889 1604 1944 animi
1646 1889 1778 1944 lines
1805 1896 2083 1957 purgante.
2107 1888 2207 1955 Qui

649 1991 839 2063 primae
884 1984 1148 2040 nativitati
1196 1997 1350 2053 opem
1398 1991 1452 2035 et
1497 1978 1863 2047 adiumentum
1900 1977 2101 2043 ferens,
2140 1991 2207 2031 ex

646 2078 920 2137 veteribus
948 2088 1137 2138 novos,
1157 2086 1225 2128 ex
1256 2070 1506 2126 humanis
1545 2069 1759 2123 divinos
1793 2066 1975 2133 eliicit,
2008 2067 2209 2135 absque

645 2172 771 2242 igne
815 2180 916 2221 nos
974 2178 1161 2220 rursus
1212 2158 1527 2226 conllat,‘et
1590 2158 1793 2226 absque
1844 2157 2210 2212 confraelioue

645 2273 832 2318 rursus
855 2255 1075 2326 etﬁngit.
1100 2253 1232 2306 Nam
1257 2260 1315 2305 ut
1337 2249 1652 2318 compendio
1674 2249 1871 2309 dicam,
1905 2249 2038 2302 nihil
2062 2249 2207 2303 aliud

645 2365 770 2408 esse
820 2349 929 2401 vim
967 2354 1022 2401 et
1066 2342 1374 2397 facultatem
1418 2340 1671 2409 baptismi
1706 2341 2021 2395 existimare
2048 2340 2209 2394 debe-

646 2456 790 2503 mus,
843 2450 1003 2504 quam
1057 2434 1305 2488 secundm
1348 2431 1471 2483 vitae
1516 2444 1579 2483 ac
1618 2430 1850 2497 purioris
1907 2430 2073 2500 696
2122 2429 2206 2483 vi-

647 2530 808 2586 vendi
846 2524 1069 2581 rationis
1106 2531 1321 2591 pactum
1348 2519 1607 2575 cumDeo
1636 2520 1848 2574 initum.
1878 2522 1954 2573 Ac
1980 2519 2208 2589 proinde

647 2620 735 2678 vel
767 2617 1001 2674 maximo
1027 2614 1079 2669 in
1114 2621 1254 2667 metu
1282 2626 1470 2665 omnes
1497 2624 1635 2675 esse,
1664 2620 1822 2681 atque
1846 2613 1988 2666 omni
2021 2621 2209 2667 custo-

650 2709 738 2761 dia
778 2714 992 2761 nostras
1024 2702 1231 2756 animas
1270 2713 1488 2753 servare
1516 2701 1797 2765 debemus,
1832 2715 1897 2753 ne
1928 2700 2207 2755 mendacio

650 2794 811 2853 iidem
854 2798 1177 2860 pactumque
1217 2787 1448 2842 violasse
1475 2786 1890 2853 comperiantur.
1919 2786 2054 2840 Nam
2082 2800 2204 2842 cum

651 2886 717 2939 ad
754 2892 935 2937 mutua
962 2880 1235 2935 hominum
1277 2887 1429 2947 pacta
1480 2878 1741 2932 ﬁrmanda
1802 2878 1942 2931 Deus
2000 2877 2209 2933 medius

2318 1715 2559 1786 ματικῶς
2582 1715 3013 1787 λαμϐανομένου,
3047 1714 3137 1771 τοῦ
3178 1716 3243 1770 δὲ
3269 1721 3587 1790 ἀσωμάτως
3608 1722 3702 1773 καὶ
3733 1721 3883 1775 ἀθεω-

2317 1805 2495 1875 ρήτως
2527 1804 2935 1875 συντρέχοντοςο
2983 1807 3076 1860 καὶ
3114 1806 3207 1859 τοῦ
3265 1809 3364 1878 μὲν
3408 1809 3667 1873 τυπικοῦ,
3708 1795 3803 1863 τοῖς
3832 1811 3883 1864 δὲ

2314 1894 2591 1965 ἀληθινοῦ,
2629 1895 2723 1947 καὶ
2754 1893 2824 1947 τὰ
2873 1894 3010 1964 βάθη
3056 1896 3410 1968 καθαίροντος
3440 1915 3459 1928 ⁸
3486 1898 3515 1951 ὅ
3547 1896 3646 1968 τῆς
3678 1899 3881 1971 πρώτης

2314 1982 2579 2050 γενέσεως
2606 1983 2889 2054 ἐπικουρία
2918 1985 3200 2056 τυγχάνον,
3236 1989 3461 2051 καινοὺς
3490 1989 3612 2042 ἀντὶ
3634 1990 3877 2053 παλαιῶν,

2314 2072 2408 2124 καὶ
2461 2072 2711 2135 θεοειδεῖς
2760 2074 2880 2127 ἀντὶ
2929 2073 3034 2128 τῶν
3084 2074 3177 2128 νῦν
3223 2076 3393 2129 ὄντων
3435 2078 3747 2148 ἐργάζεται,
3786 2097 3879 2149 χω·

2316 2166 2399 2235 ρἰς
2430 2163 2542 2230 (59)
2576 2166 2744 2236 πυρὸς
2783 2166 3137 2237 ἀναχωνεῦον,
3168 2169 3262 2221 καὶ
3292 2170 3586 2233 ἀνακτίζον
3618 2169 3735 2240 δίχα
3766 2188 3876 2224 συν·

2312 2254 2567 2325 τρίψεως.
2596 2256 2657 2307 Εἰ
2682 2255 2791 2326 γὰρ
2817 2256 2897 2309 δεῖ
2924 2258 3200 2328 συντόμως
3229 2261 3426 2324 εἰπεῖν,
3459 2261 3730 2332 συνθήκας
3757 2262 3877 2333 πρὸς

2315 2341 2444 2395 Θεὸν
2465 2342 2720 2411 δευτέρου
2746 2343 2857 2413 βίου
2884 2346 2977 2397 καὶ
3005 2346 3277 2409 πολιτείας
3309 2348 3725 2420 καθαρωτέρας.
3761 2351 3875 2401 ὑπο-

2314 2431 2547 2501 ληπτέον
2593 2432 2691 2501 τὴν
2741 2433 2834 2485 τοῦ
2881 2433 3254 2505 βαπτίσματος
3302 2436 3560 2508 δύναμιν.
3596 2440 3661 2491 Ὃ
3699 2437 3757 2509 δὴ
3795 2439 3876 2490 καὶ

2320 2522 2553 2593 μάλιστα
2585 2523 2864 2594 φοϐητέον,
2895 2524 2988 2577 καὶ
3027 2526 3175 2596 πάσῃ
3216 2526 3431 2599 φυλακῇ
3488 2528 3600 2598 (40)
3631 2528 3870 2598 τηρητέον

2314 2614 2413 2684 τὴν
2442 2613 2635 2666 ἑαυτοῦ
2677 2613 2852 2685 ψυχὴν
2884 2616 3130 2681 ἕκαστον,
3183 2619 3256 2689 μὴ
3305 2619 3543 2688 ψεῦσται
3587 2619 3682 2689 τῆς
3704 2618 3870 2686 ὁμολο-

2316 2703 2437 2771 γίας
2459 2703 2660 2774 ταύτης
2692 2704 3027 2776 φαινώμεθα.
3059 2708 3121 2759 Εἰ
3147 2707 3256 2778 γὰρ
3283 2709 3385 2771 τὰς
3416 2709 3553 2779 πρὸς
3578 2707 3869 2779 ἀνθρώπους

2316 2793 2602 2862 ὁμολογίας
2640 2795 2863 2862 ἐμπεδοῖ
2908 2795 3038 2859 Θεὸς
3081 2798 3240 2867 μέσος
3288 2799 3690 2870 παραληφθεὶς,
3724 2798 3869 2858 πόσος

2317 2883 2346 2934 ὁ
2367 2882 2627 2948 κίνδυνος,
2657 2877 2733 2936 ὧν
2761 2884 2897 2954 πρὸς
2934 2885 3095 2938 αὑτὸν
3138 2887 3371 2957 ἐθέμεθα
3414 2890 3509 2942 τὸν
3544 2889 3673 2942 Θεὸν
3695 2888 3868 2957 συνθη-

655 2972 897 3028 adhiberi
923 2970 1115 3033 soleat,
1144 2979 1425 3039 quantum,
1449 2982 1651 3037 quaeso,
1685 2968 1981 3035 periculum
2005 2976 2108 3034 est,
2146 2982 2210 3023 ne

2314 2972 2451 3037 κῶν,
2473 2972 2681 3025 τούτων
2713 2975 3035 3045 παραϐάτας
3066 2977 3573 3047 εὑρίσκεσθαι’.καὶ
3624 2978 3695 3050 μὴ
3727 2977 3867 3048 μόνον

651 3063 854 3119 hedera
901 3076 1025 3117 cum
1058 3060 1167 3114 Deo
1198 3060 1315 3128 ipso
1362 3068 1635 3113 contracta
1684 3057 2007 3127 perfregisse
2058 3072 2213 3127 repe-

656 3154 893 3218 riamur;
954 3165 1040 3215 ac,
1097 3158 1292 3220 prmter
1341 3148 1445 3202 alia
1495 3157 1735 3216 peccata,
1790 3148 1959 3216 ipsius
2002 3162 2214 3218 quoque

653 3241 917 3297 mendacii
971 3242 1138 3310 apud]
1166 3240 1410 3294 veritatis
1460 3238 1694 3292 tribunal
1732 3238 1807 3292 rei
1853 3238 2216 3307 peragamur?

654 3331 823 3399 quue
848 3343 971 3385 cum
995 3328 1138 3383 nulla
1158 3327 1268 3397 jam
1303 3327 1530 3396 posthac
1551 3325 1719 3380 altera
1750 3326 2088 3394 regeneratio
2120 3327 2211 3393 sit,

652 3433 752 3474 nec
794 3420 1138 3484 instauratio,
1173 3432 1272 3472 nec
1304 3416 1356 3469 in
1392 3426 1627 3470 veterem
1674 3423 1873 3469 statum
1920 3414 2213 3480 restitutio,

650 3512 945 3581 quamlibet
988 3508 1219 3564 maxime
1266 3522 1387 3562 eam
1442 3505 1622 3559 multis
1661 3519 1783 3559 cum
1835 3505 2123 3572 gemitibus
2160 3511 2215 3557 et

651 3602 904 3672 lacrymis
951 3601 1327 3668 requiramus:
1378 3597 1572 3665 quibus
1626 3597 1750 3650 licet
1791 3596 2019 3649 cicatrix
2070 3609 2215 3663 aegre

655 3693 872 3746 tandem
912 3689 1231 3752 obducatur,
1266 3697 1321 3739 ut
1344 3687 1558 3753 quidem
1594 3690 1711 3753 ipse
1757 3694 1935 3740 statuo
1982 3685 2216 3754 (obduci-

655 3789 740 3833 tur
777 3777 943 3845 enim,
997 3776 1158 3845 idque
1194 3789 1509 3844 persuasum
1555 3773 1840 3839 habemus,
1871 3788 1933 3827 ac
1960 3772 2215 3843 praeclare

652 3881 862 3924 mecum
887 3864 972 3935 agi
1003 3876 1267 3935 putarem,
1302 3862 1346 3915 si
1372 3863 1498 3931 ipsae
1520 3876 1735 3930 quoque
1760 3862 2041 3916 vulnerum
2076 3870 2215 3917 notae

653 3956 981 4017 delerentur,
1008 3951 1442 4022 quandoquidem
1462 3960 1515 4004 et
1536 3952 1651 4019 ipse
1677 3950 2046 4004 misericordia
2079 3964 2216 4019 opus

652 4046 877 4113 habeo);
914 4050 1132 4114 praestat
1164 4052 1342 4095 tamen
1366 4040 1599 4095 secunda
1636 4044 1954 4109 purgatione
1995 4040 2217 4094 minime

658 4135 919 4206 indigere,
963 4146 1147 4188 verum
1210 4131 1263 4184 in
1307 4130 1475 4200 prima
1527 4131 1841 4196 consistere,
1872 4144 1991 4199 qua:
2042 4132 2217 4185 omni-

653 4224 756 4279 bus
817 4222 1119 4277 communis
1185 4230 1314 4287 est,
1401 4230 1459 4275 et
1545 4220 1729 4277 labore
1809 4235 2011 4285 vacua,
2079 4236 2214 4275 cun-

2314 3064 2420 3117 τῶν
2450 3064 2625 3119 ἄλλων
2673 3066 3103 3138 ἁμαρτημάτων,
3138 3069 3273 3122 ἀλλὰ
3319 3072 3415 3125 καὶ
3453 3070 3615 3125 αὖτοῦ
3642 3070 3729 3123 τοῦ
3748 3069 3863 3139 ψεύ-

2313 3156 2438 3220 δους
2475 3156 2763 3221 ὑποδίκους
2809 3152 2949 3210 εἶναι
3000 3161 3066 3229 τῇ
3120 3160 3376 3232 ἀληθείῃ
3420 3162 3532 3215 Καὶ
3576 3160 3739 3214 ταῦτα
3779 3160 3864 3212 οὐκ

2314 3244 2479 3315 οὔσης
2528 3246 2787 3318 δευτέρας
2838 3249 3277 3320 ἀναγεννήσεως,
3331 3253 3456 3307 οὐδὲ
3518 3253 3858 3315 ἀναπλάσεως,

2314 3335 2434 3388 οὐδὲ
2476 3338 2555 3399 είς
2597 3336 2658 3389 τὸ
2705 3338 2927 3408 ἀρχαῖον
2970 3340 3487 3408 ἀποκαταστάσεως,
3526 3345 3627 3397 κᾶν
3661 3344 3737 3396 ὅτι
3774 3340 3864 3410 μά-

2314 3425 2471 3479 λιστα
2517 3427 2860 3500 ὲπιζητῶμεν
2891 3430 3092 3503 ταύτην
3128 3434 3187 3485 ὲν
3221 3434 3433 3498 πολλοῖς
3475 3436 3780 3505 στεναγμοῖς
3815 3448 3863 3484 τε

2316 3517 2411 3570 καὶ
2438 3517 2718 3588 δάκρυσιν,
2768 3520 2827 3584 ἐξ
2876 3514 2950 3574 ὧν
2978 3523 3303 3587 συνούλωσις
3348 3526 3451 3596 μὲν
3485 3526 3697 3597 ἔρχεται
3729 3524 3864 3596 μόγις

2316 3607 2459 3661 κατά
2486 3626 2548 3676 γε
2584 3610 2674 3662 τὸν
2720 3611 2851 3680 ἐμὸν
2896 3613 3021 3683 ὅρον
3061 3614 3153 3667 καὶ
3197 3615 3359 3685 νόμον
3394 3617 3633 3689 (ἔρχεται
3665 3614 3765 3685 γὰρ
3785 3613 3862 3667 καὶ

2318 3699 2643 3771 πιστεύομεν
2664 3718 2679 3733 ο
2710 3704 2757 3754 εἰ
2796 3703 2852 3756 δὲ
2892 3706 2987 3758 καὶ
3023 3705 3120 3770 τὰς
3150 3706 3312 3771 οὐλὰς
3353 3707 3719 3779 ὲξαλείφωμεν
3741 3701 3860 3777 [41],

2316 3786 2579 3858 ἀγαπῴην
2602 3789 2687 3855 ἂν,
2711 3791 2895 3862 ἐπειδὴ
2917 3794 3011 3847 καὶ
3036 3794 3195 3860 αὐτὸς
3219 3796 3404 3868 χρῄζω
3432 3792 3887 3871 φιλανθρωξίᾞι

2318 3878 2456 3949 πλὴν
2489 3879 2563 3951 μὴ
2595 3880 2852 3953 δευτέρας
2875 3884 3131 3956 δεηθῆναι
3160 3876 3505 3959 καθάρσεως,
3535 3868 3859 3954 ἀλλὰστῆνάἶ

2321 3969 2480 4041 μέχρι
2510 3972 2611 4041 τῆς
2648 3973 2869 4046 πρώτης
2902 3976 3141 4047 ἄμεινον,
3170 3981 3236 4051 ἢν
3276 3980 3462 4052 κοινὴν
3492 3977 3606 4035 οἴδα
3633 3980 3754 4033 πᾶσι
3780 3974 3858 4029 καὶ

2316 4058 2552 4128 ἇμοχθρν
2604 4063 2697 4114 καὶ
2725 4063 3003 4134 ὁμότιμον,
3050 4067 3273 4133 δούλοις,
3319 4069 3625 4136 δεσπόταις,
3666 4066 3854 4133 πένησι,

2318 4148 2606 4214 πλουσίοις,
2642 4157 2942 4220 ταπεινοῖς,
2987 4156 3236 4225 ὑψηλοῖς,
3282 4158 3699 4229 εὐγενεστέροις,
3744 4155 3853 4220 ἀτί·

2317 4237 2608 4307 νεστέροις,
2635 4240 2935 4308 ὀφείλουσιν
2976 4246 3109 4315 (42),
3144 4249 3243 4301 οὐκ
3271 4248 3592 4317 ὀφείλουσιν,
3624 4248 3695 4309 ὡς
3716 4244 3854 4314 ἀέρος

654 4316 863 4383 ctisque
915 4330 981 4368 ex
1020 4327 1174 4383 atquo
1216 4320 1394 4381 patet,
1439 4322 1543 4365 tam
1594 4312 1766 4367 servis
1833 4326 1995 4380 quam
2048 4312 2210 4376 heris,

2319 4327 2564 4393 πνεῦσιν,
2597 4333 2690 4383 καὶ
2725 4334 2899 4400 φωτὸς
2946 4337 3125 4404 χύσιν,
3165 4340 3257 4392 καὶ
3303 4340 3461 4412 ὡρῶν
3494 4338 3738 4405 ἀλλαγὰς,
3776 4332 3852 4385 καὶ

659 4412 770 4458 tam
860 4403 1143 4475 egentibus
1230 4417 1389 4472 quam
1479 4403 1745 4473 copiosis,
1827 4413 1933 4485 tam
1995 4402 2218 4470 abjectis

656 4510 819 4565 quam
862 4495 1199 4559 sublimibus,
1237 4505 1343 4548 tam
1375 4510 1571 4564 genere
1623 4494 1781 4548 claris
1818 4509 1977 4562 quam
2006 4494 2213 4564 ignobi-

2321 4417 2548 4482 κτίσεως
2585 4419 2731 4485 θέαν,
2767 4423 2859 4475 τοῦ
2906 4428 3142 4495 μεγάλου
3188 4430 3283 4483 καὶ
3325 4430 3505 4485 κοινοῦ
3540 4431 3696 4484 πᾶσιν
3741 4423 3852 4493 ἡμῖν

2319 4507 2747 4579 ὲντρυφήματος,
2780 4515 2873 4566 καὶ
2904 4518 3203 4588 ἰσομοιρίαν
3233 4520 3465 4585 πίστεως

664 4589 807 4641 libus
848 4594 901 4639 et
930 4584 1200 4649 ob5curis,
1247 4593 1354 4636 tam
1397 4598 1503 4636 aere
1546 4581 1721 4636 alieno
1758 4581 2032 4635 obstrictis
2073 4597 2232 4651 quam
2273 4587 2340 4644 iis
2366 4595 2456 4660 qui
2486 4596 2618 4649 nihil
2651 4600 2775 4653 aeris
2805 4600 2962 4655 alieni
2990 4581 3316 4673 cannarum,
3345 4581 3458 4664 non
3502 4581 3663 4665 ‘secus
3708 4613 3847 4671 atque

638 4677 796 4731 sacris
874 4676 1118 4737 haustus,
1198 4679 1254 4727 et
1302 4671 1438 4726 lucis
1477 4671 1757 4739 profusio,
1809 4679 1865 4725 et
1933 4683 2229 4740 temporum
2295 4680 2712 4752 vicissitudines,
2755 4699 2810 4744 et
2861 4707 3038 4746 rerum
3080 4671 3407 4763 creatarum,
3452 4699 3505 4755 id
3549 4707 3647 4763 est,
3696 4689 3846 4762 magni

654 4765 796 4821 illius
825 4766 1182 4833 omnibusque
1217 4766 1521 4818 communis
1564 4764 1970 4831 oblectamenti,
2001 4768 2389 4839 spectaculum,
2427 4788 2491 4829 ac
2514 4777 2742 4847 denique
2776 4796 2930 4851 mqua
2957 4784 3077 4839 ﬁdei
3104 4789 3301 4856 portio.

756 4943 803 4975 ⁸⁸
834 4944 990 4997 Prov.
1023 4957 1174 5005 xvm,
1210 4941 1262 4994 5.

723 5098 835 5169 ('57)
879 5099 949 5151 Ὃ
988 5098 1063 5169 δὴ
1094 5097 1343 5166 λέγεται.
1373 5094 1599 5169 {Alludit
1647 5095 1711 5149 ad
1743 5096 1855 5169 ltzec
1893 5098 2213 5157 Pruvet'bio-

2380 5104 2492 5181 (40)
2531 5106 2703 5175 Udo?)
2742 5108 3008 5179 φυλακῇ.
3042 5114 3094 5165 lu
3122 5112 3279 5167 Prov.
3312 5115 3503 5181 tv,.25,
3542 5133 3561 5167 ι
3591 5111 3731 5169 Omni
3762 5122 3842 5161 cu-

654 5162 771 5237 rum
811 5162 963 5235 imu,
998 5162 1060 5231 '5,
1088 5162 1249 5237 verba
1282 5182 1294 5215 :
1333 5182 1351 5216 ι
1388 5162 1607 5237 impius,
1649 5181 1768 5219 cum
1807 5167 1858 5221 in
1888 5168 2208 5237 profundum
2308 5162 2782 5231 stddia'serva'ch
2809 5162 3043 5233 tuum?)

651 5236 914 5300 malorum
942 5234 1163 5300 venerit,
1189 5234 1501 5289 contemnit.
1538 5252 1557 5284 ι

2379 5245 2489 5322 (4η
2540 5246 2988 5316 Ἐξα-λείφωμεν.
3025 5251 3153 5320 Reg.
3193 5252 3284 5322 ph,
3315 5252 3475 5310 Coisl.
3516 5255 3541 5309 ί
3582 5260 3632 5306 et
3653 5245 3835 5305 Comlm

725 5296 1045 5383 (58)·Διττὴ
1100 5296 1199 5357 καὶ
1248 5302 1647 5383 ήηξιάθαρσις.
1704 5323 1722 5356 ι
1761 5304 1962 5374 Duplex
2002 5324 2210 5376 quoque

2314 5296 2678 5383 igaleicpougv.

689 5371 898 5444 urga'tio
939 5371 1044 5445 est,
1092 5389 1211 5442 quae
1246 5371 1465 5445 scilicet
1487 5387 1580 5441 per
1606 5387 1821 5441 aquam,
1841 5371 1913 5430 'et
1951 5371 2072 5445 quin
2120 5371 2213 5443 per

693 5441 974 5523 piritum.)
1007 5441 1159 5499 Unde
1185 5446 1388 5513 Aug.”
1426 5441 1634 5513 Corpus
1670 5448 1859 5516 tangit,
1891 5455 1945 5500 et
1969 5441 2205 5504 animam

650 5516 838 5567 abluit.
875 5532 893 5563 ι

722 5582 833 5652 (59)
871 5584 1073 5652 Χωρίς.
1112 5582 1325 5649 Comm,
1361 5582 1502 5649 δίχα.

2379 5383 2491 5461 (έὲ)
2545 5384 3216 5461 Ὠρείλουσινζῐηοτίίιιιο
3239 5393 3417 5457 codd.,
3451 5392 3705 5461 ὄφλουσιν.

2386 5449 2497 5522 (45)
2534 5449 2819 5521 Πίστεως.
2850 5476 2866 5506 ι
2910 5456 3074 5513 Fidei.
3115 5449 3144 5508 ι’
3167 5460 3348 5526 Forte,
3390 5449 3446 5518 ύι
3472 5449 3587 5518 eum
3616 5449 3832 5513 άοοιίεεὶο

2314 5536 2403 5578 mo
2440 5537 2660 5579 censore
2685 5526 3053 5593 conﬁciemus,
3083 5528 3315 5597 φύσεως,
3350 5551 3368 5585 ι
3410 5543 3623 5589 natum.
3665 5544 3683 5578 ι
