4050 6298
182 278 268 336 569
1097 288 1356 349 ORATIO
1395 294 1506 352 XL.
1549 328 1620 339 —
1658 299 1727 355 IN
1770 302 2098 366 SANCTUM
2134 310 2501 372 BAPTISMA.
3316 326 3422 389 370

229 398 298 454 α.
342 400 535 455 Δεινὺν
594 402 714 475 γὰρ
770 404 893 457 ἀντὶ
940 404 1181 479 ἰατρείας
1234 412 1604 488 ἀπονωτέρας,
1652 418 1732 491 τὴι

229 488 566 516 ,μωηιηη
618 492 950 516 bubuli---
1014 497 1099 516 “ut
1643 506 1655 516 -

1921 424 2014 482 IX.
2070 427 2247 487 Grave
2291 433 2437 488 enim
2492 440 2577 489 est
2631 433 2891 493 facilioris
2946 439 3229 499 medicinae
3278 445 3420 516 loco,

174 488 566 560 ἐπιπονοηέραν
615 492 977 562 ἐργάσασθαι,
1011 497 1107 550 καὶ
1154 498 1571 573 ἀπορρίψαντας
1593 488 1732 578 χάρζς

174 582 321 608 -ι......
352 584 673 608 ..--.,._-~.--.
711 584 931 608 μέλη--.
995 587 1082 608 ---ι
1131 589 1218 608 ,με
1423 598 1440 608 .
1520 599 1532 608 .
1703 601 1713 608 .

1853 516 2206 577 diliiciliorem
2240 530 2296 578 et
2331 524 2697 583 molestiorem
2745 528 3026 597 adhibere,
3065 548 3131 588 ac
3179 488 3420 608 projectz;

172 582 323 635 οίιιτου
352 584 673 650 χρεωστείν
711 584 955 651 κόλασιν,
994 587 1088 640 καὶ
1124 589 1469 665 ἀντιμετρείν
1509 599 1732 671 ἀμαρτίς

2628 582 2631 583 ν
2790 582 3026 597 μνη--.
3066 582 3129 588 _-.
3180 582 3271 604 ι..-
3305 582 3420 595 νυ...

1855 608 2248 669 misericordia:
2292 617 2484 685 gratia,
2536 618 2811 688 suppliciis
2857 622 3092 692 seipsum
3125 582 3421 684 obno;ium

168 670 444 742 διόρθωσιν.
498 672 687 726 Πόσον
727 675 836 749 γὰρ
878 679 1184 753 εἰσοίσομεν
1227 685 1480 756 δάκρυον,
1514 690 1580 743 ἵν’
1605 670 1751 746 ἀντι-

170 762 288 854 Mf]
314 764 377 831 τῇ
405 766 566 833 πηγῇ
603 762 703 817 τοῦ
734 765 1148 841 βαπτίσματοςς
1181 776 1267 841 τίς
1304 777 1361 831 δὲ
1384 780 1414 834 6
1453 781 1746 854 ἐγγυητὴς,

166 853 229 904 ὅτι
253 857 400 921 μενεῖ
417 853 522 924 τὴν
550 854 858 927 θεραπείαν
884 860 947 913 τὸ
974 862 1149 930 τέλος,
1174 866 1287 920 ἀλλ’
1309 868 1410 923 οὐκ
1437 853 1748 938 ὀφείλοντας

166 945 288 1013 ἡμᾶς
310 943 422 1013 (44)
448 944 536 998 ἔτι
565 945 637 998 τὸ
659 950 941 1020 κριτήριον
960 953 1295 1025 ὑποδέξεται,
1320 959 1414 1013 καὶ
1438 961 1536 1030 τῆς
1566 963 1747 1017 ἐκεῖσε

68 1058 69 1061 η
163 1033 421 1102 δεομένους
451 1036 805 1108 πυρώσεως;
832 1042 906 1096 Σὺ
950 1044 1049 1115 μὲν
1072 1044 1238 1120 δεήσῃ
1274 1049 1389 1122 (45)
1419 1050 1514 1104 τοῦ
1538 1054 1746 1107 Δεσπό-

162 1140 238 1176 sou
268 1125 456 1211 τυχὸν,
502 1128 535 1180 6
595 1129 764 1195 καλὸς
807 1133 903 1187 καὶ
926 1134 1337 1221 ~{pthcitxillifptgmgg.
1363 1142 1628 1212 γεωργὸς,
1662 1142 1744 1196 ἔτι

161 1218 423 1286 φείσασθαι
472 1221 585 1291 τῆς
645 1223 836 1294 συκῆς,
892 1214 1207 1297 καῖ”μῆπῖυ
1247 1228 1448 1301 ταύτην
1494 1232 1744 1303 ἐκτεμεῖν

161 1312 558 1382 ὲγκαλουμένην
588 1312 657 1365 τὸ
682 1313 950 1384 ἄκαρπον,
988 1316 1124 1370 ἀλλὰ
1155 1320 1571 1391 συγχωρηθῆναι
1597 1339 1747 1393 περιο

161 1401 318 1454 ϐαλεῖν
350 1402 591 1474 κόπρια,
621 1403 852 1474 δάκρυα,
877 1408 1234 1479 στεναγμοὺς,
1261 1410 1585 1482 ἀνακλήσεις
1607 1412 1738 1484 (46),

161 1492 459 1562 χαμευνίας,
516 1495 858 1565 ἀγρυπνίας,
912 1498 1069 1568 τῆξιν
1118 1498 1295 1571 ψυχῆς
1341 1502 1434 1555 καὶ
1469 1501 1736 1573 σώματος,

158 1585 239 1653 τὴν
265 1583 328 1636 δι’
350 1584 800 1657 ὲξαγορεύσεως,
831 1590 924 1642 καὶ
953 1591 1280 1666 ἀτιμοτέρας
1309 1594 1532 1664 ἀγωγῆς
1570 1597 1737 1649 ἐπαν-

158 1676 363 1746 όρθωσιν
381 1696 393 1709 ·
436 1678 648 1751 ἄδηλον
678 1680 756 1745 δὲ,
812 1681 863 1735 εἰ
887 1681 1130 1750 φείσεται
1159 1687 1360 1756 ταύτης
1390 1687 1418 1737 6
1442 1686 1733 1758 Δεσπότης,

157 1765 220 1828 ὡς
266 1768 667 1841 καταργούσης
717 1769 808 1823 τὸν
861 1771 1060 1838 τόπον,
1114 1774 1274 1828 ἄλλου
1318 1753 1433 1847 (47)
1481 1753 1732 1845 δεομένου
1769 1753 1811 1813 Β

159 1856 594 1930 φιλανθρωπίας,
643 1862 739 1916 καὶ
784 1863 1069 1934 γινομένου
1112 1867 1353 1939 χείρονος
1405 1869 1469 1920 ὲκ
1511 1868 1610 1937 τῆς
1653 1869 1733 1932 είς

156 1947 321 2002 τοῦτον
355 1951 776 2022 μακροθυμίας.
832 1954 1200 2027 Συνταφῶμεν
1243 1952 1336 2010 οὖν
1382 1955 1603 2029 Χριστῷ
1643 1957 1734 2013 διὰ

157 2037 236 2091 τοῦ
284 2039 692 2112 βαπτίσματος,
733 2044 821 2099 ἵνα
870 2046 965 2098 καὶ
999 2046 1448 2118 συναναστῶμενσ
1494 2065 1734 2117 συγκατ-

158 2128 402 2199 έλθωμεν,
463 2133 558 2185 ἴνα
594 2134 691 2186 καὶ
718 2134 1150 2207 συνυψωθῶμεν·
1186 2138 1613 2210 συνανέλθωμεν,
1645 2140 1733 2195 ἵνα

160 2221 242 2272 καὶ
266 2222 744 2295 συνδοξασθῶμεν.

1850 701 2095 766 reddere,
2156 712 2318 772 atque
2373 721 2438 760 ex
2481 707 2665 763 delicti
2720 709 2930 766 ratione
2984 715 3419 773 emendationem

1849 802 2085 859 requare.
2111 792 2383 859 Quantam
2434 798 2577 850 enim
2619 796 2977 869 lacrymarum
3005 804 3111 857 vim
3142 804 3421 875 impende-

1847 894 1989 946 mus,
2042 890 2101 938 ut
2137 897 2202 938 ea
2250 899 2375 938 cum
2424 886 2673 955 baptismi
2727 888 2874 945 fonte
2911 895 3421 963 exmquaripossit?

1855 967 1989 1034 Quis
2011 978 2196 1026 autem
2240 987 2471 1043 sponsor
2518 977 2644 1044 erit,
2697 976 2831 1044 fore,
2866 990 2925 1036 ut
2951 982 3073 1038 vitae
3095 983 3216 1041 linis
3253 1002 3417 1043 cura-

1848 1057 2046 1114 tionem
2072 1072 2365 1132 exspectet,
2393 1080 2457 1121 ac
2506 1082 2611 1120 non
2659 1070 2838 1137 potius
2884 1071 3059 1128 adhuc
3091 1088 3199 1130 tere
3224 1075 3406 1132 alieno

1846 1161 2097 1216 pressos,
2136 1161 2298 1222 atque
2342 1156 2480 1223 ignis
2532 1156 2675 1213 illius
2711 1160 2904 1216 ardore
2927 1176 3062 1231 opus
3113 1163 3373 1222 habentes
3397 1206 3414 1232 ,

1847 1238 2085 1294 tribunal
2115 1241 2241 1297 illud
2271 1247 2571 1316 suscipiat?
2594 1247 2673 1304 Tu
2706 1252 2922 1320 quidem
2970 1253 3221 1321 fortasse,
3274 1256 3416 1312 bone

1841 1336 1895 1383 et
1920 1330 2153 1387 humane
2189 1335 2446 1403 agricola,
2494 1337 2779 1395 Dominum
2809 1342 3037 1413 supplex
3086 1345 3323 1415 rogabis,
3357 1356 3417 1401 ut

1843 1420 2083 1479 ﬁculneae
2106 1425 2286 1481 adhuc
2312 1437 2502 1496 parcat
2525 1430 2591 1495 ⁸⁷,
2625 1446 2723 1487 nec
2752 1448 2870 1487 eam
2902 1435 3203 1491 sterilitatis
3234 1452 3417 1493 accu-'

1841 1522 2014 1568 satam
2066 1516 2246 1571 adhuc
2292 1519 2556 1585 succidat,
2604 1537 2791 1578 verum
2851 1524 2946 1593 tibi
2999 1529 3298 1596 permittat,
3354 1536 3415 1583 ut

1839 1613 2077 1662 stercora
2112 1608 2344 1679 undique
2389 1610 2441 1665 iu
2483 1626 2601 1666 eam
2654 1613 2887 1682 injicias,
2934 1616 3037 1671 hoc
3080 1626 3187 1683 est,
3232 1617 3412 1689 lacry-

1838 1709 1978 1760 mas,
2006 1699 2263 1767 gemitus,
2296 1713 2507 1768 preces,
2544 1702 2916 1770 chameunias,
2945 1706 3180 1775 vigilias,
3214 1706 3412 1763 animte

1848 1794 1904 1841 et
1945 1788 2188 1855 corporis
2239 1792 2682 1857 macerationem,
2739 1786 2805 1848 ac
2849 1795 3081 1866 denique
3111 1797 3408 1853 correctio-
3438 1782 3451 1792 ’

1841 1891 1966 1932 ncm
2022 1893 2164 1940 eam.
2210 1896 2330 1950 quae
2377 1898 2443 1938 ex
2486 1884 2693 1951 peccati
2746 1885 3109 1953 confessione,
3161 1896 3404 1942 contem-

1834 1968 2102 2039 ptiorique
2117 1972 2279 2043 697
2304 1974 2426 2029 vita:
2446 1989 2640 2045 genere
2660 1976 2869 2033 exsistit
2890 1993 2905 2045 ;
2928 1986 2984 2033 at
3009 1977 3269 2035 incertum
3299 1984 3407 2045 est,

1836 2071 1905 2113 an
1954 2059 2214 2117 Dominus
2261 2062 2337 2118 illi
2388 2075 2592 2134 parcet,
2644 2076 2827 2136 utpote
2872 2082 2990 2136 quae
3027 2067 3189 2124 etiam
3228 2068 3404 2123 locum

1832 2149 2009 2206 otiose
2074 2164 2340 2223 occupet,
2396 2170 2519 2209 cum
2573 2156 2792 2211 interim
2846 2157 2985 2213 alius
3029 2159 3402 2215 misericordia

1834 2250 2010 2309 egeat,
2069 2252 2231 2311 atque
2271 2245 2340 2299 ob
2382 2246 2870 2317 longanimitatem,
2903 2264 3022 2317 quae
3046 2249 3145 2318 ipsi
3175 2250 3402 2304 exhibe-

167 2319 259 2374 tur,
302 2311 547 2368 deterior
576 2314 692 2368 ﬁat.
724 2314 976 2385 Proinde,
1014 2331 1139 2374 cum
1167 2317 1388 2376 Christo
1420 2336 1519 2392 per
1540 2324 1868 2393 baptismum
1915 2333 2261 2401 sepeliamur,
2327 2345 2387 2391 ut
2448 2311 2503 2392 et
2538 2353 2660 2393 cum
2700 2353 2766 2394 eo
2796 2311 3142 2407 resurgamus
3160 2340 3207 2373 ⁸⁸
3235 2358 3250 2409 ;
3278 2355 3400 2396 cum

156 2414 210 2453 eo
239 2402 655 2471 descendamus,
692 2415 759 2461 .ut
801 2407 964 2463 simul
1002 2408 1166 2464 etiam
1234 2411 1595 2480 extollamur,
1625 2429 1747 2471 cum
1790 2433 1856 2475 eo
1904 2423 2299 2491 ascendamus,
2350 2432 2409 2480 ut
2488 2425 2651 2481 simul
2702 2441 2913 2497 quoque
2956 2402 3129 2497 gloria
3193 2402 3399 2487 allicia-

158 2511 285 2549 mur.

216 2590 267 2640 l'.
317 2589 443 2643 Ἐάν
494 2606 580 2643 σοι
630 2588 914 2663 προσϐάλῃ
954 2594 1091 2663 μετά
1130 2594 1192 2649 τὸ
1217 2594 1504 2668 ’βάπτισμα
1550 2599 1580 2652 6
1626 2598 1720 2653 τοῦ

158 2684 315 2750 φωτὸς
358 2685 603 2758 διώκτης
648 2686 745 2741 καὶ
790 2687 1090 2759 πειραστης
1138 2686 1457 2757 (προσϐαλεί
1498 2687 1587 2742 δέ·
1631 2689 1724 2743 καὶ

157 2771 268 2841 γὰρ,
297 2775 390 2827 καὶ
426 2776 543 2848 (48)
599 2776 678 2847 τῷ
712 2776 893 2847 Λόγῳ,
945 2777 1040 2830 καὶ
1091 2775 1212 2847 Θεῷ
1263 2793 1365 2846 μου
1418 2778 1722 2850 προσέϐαλε

160 2861 234 2915 διὰ
263 2864 320 2917 τδ
346 2866 638 2938 κάλυμμα,
680 2867 759 2937 τῷ
806 2868 1037 2940 κρυπτῷ
1068 2867 1207 2937 φωτὶ
1245 2868 1332 2922 διὰ
1367 2869 1431 2922 τὸ
1465 2870 1724 2942 φαινόμε-

159 2953 275 3023 νον),
323 2956 468 3028 ἔχεις
514 2951 561 3025 ᾧ
614 2959 887 3030 νικήσεις·
933 2960 1007 3030 μὴ
1059 2959 1303 3031 φοϐηθῇς
1351 2959 1443 3014 τὸν
1511 2961 1719 3030 ἀγῶνα.

1899 2596 1967 2652 Χ.
2001 2596 2059 2653 Si
2091 2605 2143 2652 te
2171 2596 2389 2655 luminis
2436 2610 2750 2669 persecutor
2782 2612 2837 2657 et
2874 2612 3109 2661 tentator
3145 2614 3266 2676 post
3298 2609 3399 2662 ba-
3500 2610 3517 2620 ‘

1828 2690 2081 2760 ptismum
2108 2690 2331 2746 adortus
2357 2690 2523 2747 fuerit
2555 2693 2634 2764 (et
2668 2703 2816 2751 certe
2843 2697 3151 2764 adorietur;
3184 2714 3307 2753 nam
3347 2708 3404 2755 et

1832 2777 2095 2845 Verbum,
2127 2787 2181 2833 et
2232 2779 2401 2834 Deum
2441 2795 2641 2849 meum,
2679 2792 2897 2854 propter
2929 2788 3110 2843 carnis
3156 2788 3399 2843 velamen

1828 2882 2138 2938 Oppugnare
2162 2884 2448 2940 aggressus
2476 2881 2579 2937 est,
2606 2872 2806 2941 lumen,
2837 2876 3075 2944 inquam,
3103 2875 3231 2932 illud
3267 2878 3396 2933 abs-

1826 2960 2131 3025 conditum,
2174 2971 2396 3032 propter
2439 2964 2825 3020 humanitatem
2874 2979 2993 3034 quae
3039 2965 3095 3020 in
3122 2976 3399 3036 aspectum

162 3021 418 3113 Προϐαλοῦ
444 3021 509 3103 τὸ
532 3021 699 3120 ὓδωρ,
724 3021 1007 3121 προϐαλόἰί
1029 3021 1091 3103 τό
1118 3021 1365 3121 Πνεὶἶμα,
1397 3052 1455 3105 ἐν
1480 3043 1525 3117 ᾧ
1548 3021 1725 3106 πάντα

1834 3049 2030 3121 cadit);
2065 3051 2233 3107 habes
2259 3066 2365 3123 quo
2396 3068 2518 3108 eum
2553 3069 2812 3123 superes;
2843 3070 2910 3111 ne
2936 3065 3207 3111 certamen
3231 3054 3401 3111 refor-

165 3134 218 3185 ιὰ
256 3134 379 3207 βέλη
422 3136 521 3190 τοῦ
554 3137 799 3209 Πονηροῦ
845 3138 957 3209 (49)
987 3137 1056 3192 τὰ
1096 3138 1467 3210 πεπυρωμένα
1497 3138 1725 3211 σϐεσθῆ-

165 3240 315 3279 σεται.
336 3227 567 3300 Πνεῦμα
616 3229 715 3299 μὲν
763 3228 933 3297 ἐστιν,
969 3228 1104 3284 ἀλλά
1151 3229 1365 3284 διαλύον
1398 3230 1499 3302 ὅρη
1524 3247 1538 3262 ο
1573 3230 1725 3303 ὕδωρ

165 3312 251 3382 μὲν
301 3316 466 3385 ἔστιν,
518 3319 658 3375 ἀλλά
717 3320 888 3392 πυρὸς
951 3321 1291 3391 σϐεστήριον.
1353 3321 1480 3374 Ἐὰν
1547 3338 1721 3397 προσς

165 3402 282 3476 ϐάλῃ
305 3406 416 3479 (50)
442 3410 548 3481 τὴν
582 3410 770 3481 χρείαν
807 3409 924 3479 (καί
958 3409 1068 3481 γὰρ
1097 3409 1338 3481 κάκείνῳ
1375 3410 1721 3483 τετόλμηκε),

167 3495 243 3546 καὶ
293 3496 425 3571 ζητῇ
483 3502 614 3565 τοὺς
676 3500 858 3565 λίθους
908 3501 1106 3572 ἄρτους
1159 3500 1443 3569 γενέσθαι,
1488 3502 1549 3555 τὸ
1599 3495 1722 3555 πει-

165 3587 257 3638 νεῖν
297 3588 404 3661 (51)
459 3591 815 3662 ἐπιθέμενοςο
852 3591 926 3663 μὴ
961 3592 1241 3662 ἀγνοήσῃς
1284 3591 1450 3645 αὐτοῦ
1489 3591 1560 3645 τὰ
1597 3592 1729 3664 νοή⁴

170 3694 309 3745 ματα.
349 3684 573 3750 Δίδαξον
622 3684 657 3740 ἃ.
692 3686 768 3757 μὴ
820 3684 1132 3756 μεμάθηκε’
1167 3685 1257 3739 τὸν
1306 3685 1463 3754 λόγον
1510 3686 1723 3749 ἀντίθες

166 3768 240 3821 τὸν
259 3770 505 3840 ζωτικὸν,
534 3777 593 3838 ὃς
617 3764 766 3828 ἐστιν
800 3774 861 3839 ἐξ
892 3775 1120 3847 οὐρανοῦ
1150 3778 1506 3847 πεμπόμενος
1538 3778 1720 3848 ἄρτος.

171 3858 246 3911 καὶ
286 3864 359 3933 τῷ
400 3867 597 3935 κόσμῳ
639 3866 701 3918 τὸ
747 3866 845 3937 ζῇν
890 3865 1268 3938 χαριζόμενος.
1311 3868 1435 3922 Ἐὰν
1490 3867 1599 3936 (52)
1635 3868 1724 3922 διὰ

172 3954 450 4021 κενοδοξίας
476 3957 800 4031 ἐπιϐουλεύῃ
827 3959 937 4027 (55)
970 3975 1051 4011 σοι
1082 3959 1198 4029 (καὶ
1226 3959 1334 4031 γὰρ
1361 3959 1553 4030 ἐκείνῳ
1580 3958 1720 4030 [54],

174 4042 365 4114 ἀνάγων
422 4050 520 4103 ἐπὶ
566 4050 629 4103 τὸ
675 4050 772 4104 τοῦ
822 4050 970 4122 ἱεροῦ
1020 4051 1334 4122 πτερύγιον,
1387 4050 1510 4116 καὶ,
1563 4050 1723 4115 ,βάλε

172 4141 404 4194 σεαυτὸν
436 4141 614 4207 κάτω,
644 4143 839 4211 λέγων,
878 4145 957 4208 είς
987 4142 1244 4208 ἐπίδειξιν
1286 4143 1387 4213 τῆς
1426 4142 1718 4213 θεότητος),

176 4226 238 4297 μὴ
275 4234 601 4306 κατενεχθῇς
639 4234 727 4288 διὰ
767 4236 867 4307 τῆς
916 4235 1222 4307 ὲπάρσεως.
1252 4237 1349 4289 Ἂν
1400 4236 1560 4288 τοῦτο
1607 4235 1718 4306 (55)

172 4314 319 4392 λάϐῃ,
350 4327 413 4380 οὐ
457 4326 620 4397 μέχρι
668 4325 854 4380 τούτου
884 4327 1161 4399 στήσεται.
1191 4325 1498 4396 Ἀπληστός
1544 4328 1710 4392 ἐστιν,
1750 4352 1794 4407 D

176 4409 240 4473 εἰς
278 4416 450 4470 πάντα
487 4418 797 4489 ἐπέρχεται.
841 4418 1022 4471 Σαίνει
1059 4419 1157 4488 μὲν
1190 4417 1271 4488 τῷ
1310 4416 1532 4489 χρηστῷ
1581 4417 1716 4488 (56),

173 4501 365 4579 τελευτᾷ
403 4509 461 4561 δὲ
496 4510 575 4572 είς
608 4509 864 4580 πονηρόν.
911 4502 1080 4573 Οὗτος
1123 4507 1289 4563 αὐτοῦ
1336 4509 1436 4578 τῆς
1487 4508 1666 4578 μάχης
1690 4508 1719 4559 ὁ

172 4593 358 4661 τρόπος.
397 4599 556 4652 Ἀλλά
582 4600 674 4652 καὶ
700 4598 933 4670 Γραφῶν
960 4600 1219 4671 ἔμπειρος
1244 4601 1271 4653 6
1296 4598 1515 4670 λῃστής.
1555 4599 1743 4651 Ἐκεῖ-γ

176 4678 249 4734 θεν
281 4687 353 4755 τὸ,
392 4688 750 4757 Γέγραπται,
797 4691 926 4762 περ).
975 4689 1068 4747 τοῦ
1117 4691 1279 4760 ἄρτου
1302 4705 1314 4719 ·
1360 4686 1608 4741 ἐντεῦθεν
1636 4689 1718 4753 τὸ,

175 4770 214 4820 Γ
214 4770 510 4845 έτραπται,
556 4780 687 4850 περὶ
732 4780 841 4835 τῶν
894 4779 1160 4849 ἀγγέλων.
1202 4777 1534 4849 Γέγραπται
1584 4777 1717 4847 γὰρ,

1826 3142 2017 3197 mides.
2051 3142 2261 3214 Aquam
2289 3144 2548 3201 adversus
2577 3158 2699 3200 eum
2731 3160 2963 3216 oppone,
2992 3160 3201 3217 oppone
3228 3144 3401 3216 Spiri-

1824 3250 1959 3309 tum,
1990 3242 2043 3296 in
2084 3256 2190 3311 quo
2228 3243 2393 3313 ignita
2429 3242 2608 3300 omnia
2656 3243 2807 3313 pravi
2856 3241 3000 3298 illius
3047 3242 3150 3298 tela
3187 3243 3421 3297 exstin-’

1825 3345 2055 3403 gucntur
2082 3334 2149 3388 ⁸⁵.
2180 3334 2415 3405 Spiritus
2446 3334 2663 3406 quidem
2694 3343 2798 3399 est,
2843 3348 3031 3389 verum
3059 3334 3152 3404 qui
3184 3346 3396 3391 montes

1825 3421 2100 3476 dissolvat.
2129 3421 2298 3492 'Aqua
2343 3423 2557 3492 quidem
2590 3431 2693 3487 est,
2726 3424 2820 3479 sed
2863 3436 2983 3493 quae
3012 3422 3151 3493 ignis
3187 3424 3397 3478 exstin-

1824 3510 2016 3581 guendi
2039 3510 2144 3563 vim
2173 3510 2386 3565 habeat.
2413 3508 2471 3565 Si
2500 3509 2732 3579 inopiam
2762 3509 2855 3564 tibi
2882 3506 3218 3578 proposuerit
3246 3507 3396 3577 (nam

1823 3600 1925 3655 hoc
1968 3614 2182 3670 quoque
2227 3600 2445 3656 Christo
2488 3614 2787 3671 proponere
2831 3614 2937 3657 non
2978 3597 3285 3665 dubitavit),
3332 3612 3397 3653 ac

1825 3690 2020 3745 famem
2059 3690 2129 3748 ob
2154 3692 2337 3747 oculos
2365 3708 2598 3763 ponens,
2630 3692 2939 3762 postularit,
2979 3699 3039 3747 ut
3068 3690 3273 3759 lapides
3299 3703 3397 3759 pa-

1823 3797 1919 3838 nes
1950 3782 2176 3849 ﬁant";
2201 3798 2269 3839 ne
2296 3784 2436 3840 illius
2464 3785 2818 3855 cogitationes
2850 3784 3085 3855 ignores.
3117 3782 3258 3839 Doce
3276 3795 3397 3852 quae

1825 3888 1929 3929 non
1960 3874 2187 3940 didicit;
2235 3890 2443 3946 Oppone
2488 3876 2707 3932 vitalem
2754 3877 2902 3933 illum
2951 3889 3280 3941 sermonem,
3305 3874 3397 3945 qui

1823 3966 1979 4032 panis
2000 3975 2081 4019 est
2106 3967 2319 4024 caelitus
2344 3968 2560 4033 missus,
2578 3982 2640 4022 ac
2668 3967 2868 4022 mundo
2890 3966 3054 4021 vitam
3080 3965 3304 4037 largitur
3325 3964 3395 4021 ".

1824 4051 1880 4106 Si
1916 4052 2009 4106 tibi
2040 4068 2134 4122 per
2166 4055 2378 4110 inanem
2406 4055 2632 4126 gloriam
2659 4055 2880 4111 insidias
2909 4054 3159 4111 moliatur
3188 4054 3396 4124 (quem-

1824 4143 2108 4199 admodum
2164 4154 2219 4200 et
2274 4146 2370 4208 illi,
2406 4162 2527 4202 cum
2573 4147 2627 4201 in
2673 4146 2855 4217 templi
2883 4146 3233 4216 pinnaculum
3274 4160 3396 4202 eum

1823 4235 2039 4289 sustulit
2066 4251 2129 4290 ac
2161 4237 2295 4291 dixit.
2322 4256 2334 4291 :
2372 4236 2585 4307 Projice
2614 4247 2663 4292 te
2685 4238 2929 4291 deorsum
2950 4237 3018 4301 “,
3064 4244 3122 4291 ut
3151 4237 3399 4292 divittita‘

1825 4325 1894 4380 tis
1931 4326 2199 4395 specimen
2226 4328 2400 4398 edas),
2425 4344 2494 4383 ne
2534 4343 2632 4399 per
2669 4327 2835 4382 animi
2865 4327 3149 4384 elationem
3180 4327 3369 4396 dejicia

1828 4418 1925 4471 ris.
1963 4417 2093 4471 Nam
2138 4420 2184 4474 si
2226 4421 2326 4475 hoc
2350 4420 2593 4486 evicerit,
2625 4434 2966 4491 nequaquam
2996 4421 3084 4476 hic
3116 4419 3392 4476 consistet.

1825 4505 2165 4578 lnexplebilis
2211 4519 2314 4575 est,
2344 4511 2410 4564 ad
2458 4510 2639 4565 omnia
2683 4519 2982 4581 grassatur.
3042 4508 3393 4580 Benignitatis

1825 4600 2039 4667 quidem
2066 4602 2244 4669 specie
2276 4601 2633 4669 lenocinatur,
2652 4616 2838 4657 verum
2870 4602 2923 4656 in
2949 4601 3148 4657 malum
3177 4598 3394 4657 desinit.

1825 4687 1951 4743 Haec
1977 4700 2059 4745 est
2083 4692 2225 4747 illius
2253 4692 2527 4763 pugnandi
2558 4692 2716 4748 ratio.
2753 4693 2930 4761 Atque
2958 4692 3119 4747 etiam
3155 4688 3398 4758 Scriptu-

1826 4795 2009 4836 rarum
2037 4784 2242 4850 peritus
2276 4792 2359 4839 est
2408 4784 2497 4840 hic
2537 4782 2697 4837 latro.
2741 4782 2879 4838 Ilinc
2919 4782 3047 4837 illud
3071 4822 3087 4847 ,
3129 4781 3397 4851 Scriptum

230 4934 413 4996 "Luc.
440 4956 560 5006 xm,
601 4943 655 4997 8.
732 4942 778 4975 ⁸⁸
805 4941 963 4997 Rom.
1003 4958 1074 5008 vr,
1105 4942 1158 4997 4.
1235 4943 1279 4976 θ’
1311 4943 1506 5013 Ephes.
1526 4958 1600 5008 v1,
1637 4941 1723 4998 l6.

1834 4939 2061 5009 ’Matth.
2098 4956 2169 5005 tv,
2205 4941 2257 4995 5.
2335 4941 2377 4973 ’ί
2411 4940 2567 4997 Joan.
2595 4955 2671 5007 νι,
2698 4940 2788 4995 '55.
2851 4938 2897 4971 "
2920 4936 3108 4992 Matth.
3139 4950 3216 5004 tv,
3243 4936 3299 4991 6.

252 5068 328 5148 gf)
378 5072 577 5148 ᾘμᾶς.
612 5074 769 5148 Deest
795 5075 1118 5148 ingpluribus
1141 5078 1306 5148 chg.
1332 5087 1387 5133 et
1424 5076 1573 5134 Colb.

251 5139 328 5221 ίξξ
366 5139 586 5221 θείιῖσηε
615 5145 748 5221 βεκ-
773 5139 1110 5221 egissem.-

379 5208 784 5280 Ἀναιὲᾲλήσεις.
808 5208 974 5269 (ΣοίεἸ.
1003 5208 1415 5283 Ὶξάνακλίσεις.

231 5277 328 5351 (ﬂ)
370 5277 692 5337 "Alloan
716 5277 1056 5351 quibusdam,
1082 5286 1195 5339 ἀλλ’
1219 5287 1303 5341 οὑ.

249 5346 328 5426 ᾗ)
530 5353 684 5426 Deest
722 5346 772 5406 ἰίι
800 5354 969 5426 tribus
997 5354 1162 5426 [ἷξες.

249 5416 334 5497 49)
366 5421 537 5497 βέλη-
558 5424 675 5497 τοῦ-
698 5416 1371 5497 Hornpoﬁ._Sic'qttatuor
1396 5426 1582 5497 Βάδει..
1617 5445 1712 5482 no-

177 5490 272 5570 lent
297 5488 472 5570 quh.,
506 5488 612 5547 duo
635 5493 825 5563 QuisL,
848 5488 959 5550 Etc.
1000 5488 1174 5551 Pravé
1211 5496 1263 5551 in
1298 5498 1408 5566 ed.,
1439 5488 1576 5569 μέλη
1617 5499 1711 5553 τοῦ

112 5658 116 5664 -
177 5563 710 5771 ιᾖροονϐοίλῃ.
755 5633 925 5706 Regg.
971 5636 1081 5700 bm,
1126 5635 1195 5704 ph
1240 5644 1292 5692 et
1331 5636 1541 5706 Contb.,
1582 5657 1712 5713 προ-

1858 5078 2003 5161 _(5t)
2048 5076 2119 5157 Τὸ
2154 5076 2400 5133 «strain
2456 5076 2545 5132 Sic
2575 5076 2709 5148 Reg.
2752 5076 2821 5146 ph
2848 5082 2902 5130 et
2926 5071 3091 5129 Coisl.
3117 5073 3170 5127 l.
3194 5071 3251 5129 In
3279 5076 3390 5140 ed.,

1816 5167 1894 5221 τῳ
1924 5165 2135 5221 πεινῆν.

1888 5218 2001 5286 (52)
2055 5217 2208 5271 Ἐάν.
2236 5215 2328 5271 Or.
2368 5216 2388 5270 ι
2427 5215 2595 5286 addit,
2624 5215 2702 5269 δέ.

1889 5282 2002 5357 (55)
2055 5289 2471 5357 Ἐπιϐουλεύῃ.
2499 5284 2552 5338 In
2580 5282 2876 5357 nonnullis,
2905 5283 3285 5357 ὲπιϐουλερσῃ.

1890 5289 1977 5357 (55
2055 5289 2468 5353 Ἐπιόουλεύτῃ.
2499 5288 2552 5338 ln
2580 5288 2876 5351 (nonnullis,
2905 5288 3285 5356 ἐπιϐουλεύσῃ.

1890 5288 2002 5429 (54)
2039 5356 2306 5429 Καὶῌτὰρ
2346 5355 2574 5429 ἐκείνῳ.
2612 5355 2701 5429 Sic
2736 5354 2914 5429 plures
2948 5358 3103 5429 codd.
3158 5354 3288 5429 Reg.
3328 5368 3391 5429 _c,

1824 5421 2081 5499 κάκείνῳ.
2147 5421 2424 5490 Nuttuulli,
2493 5421 2761 5480 κάκεῖνον.
2832 5424 2886 5478 lu
2944 5425 3063 5491 ed.,
3127 5421 3395 5497 καὶγὰρ

1825 5502 2015 5554 έκεῖνο.

1893 5569 2003 5646 (ἓξ)
2048 5564 2418 5646 [viro-ﬁss-
2448 5564 2538 5646 νιῑε
2566 5562 2776 5646 satis?»
2881 5632 2908 5646 -

1890 5634 2004 5711 (56)
2043 5634 2310 5707 Χρηστῷ.
2337 5634 2470 5692 Tres
2496 5634 2671 5703 Colb.,
2697 5634 2935 5706 Χριστῷ.
