4050 6298
215 300 310 358 373

1136 307 1394 375 ORATIO
1432 309 1543 366 XL.
1584 340 1655 364 —.
1691 309 1758 365 IN
1802 308 2131 373 SANCTUM
2169 307 2542 378 BAPTISMA,

3341 307 3446 365 574

211 417 392 488 βάθους
425 418 461 486 ἡ
479 419 964 504 Meretur,
993 419 1108 481 ἀλ).’
1133 422 1288 476 οὑοτὸ
1325 424 1483 494 σῶμα
1521 425 1784 496 ὲπιτάφια

1897 426 1980 481 sed
2013 431 2328 496 argumento
2361 431 2510 477 certo
2547 428 2601 476 et
2637 420 2944 490 explorato;
2985 435 3090 484 non
3137 421 3446 478 miseratio-

206 508 405 561 λούεται
431 524 447 537 ⁸
491 509 606 572 ἓως
651 511 713 570 οὐ
753 510 964 582 δάκρυα
1005 512 1128 582 περὶ
1163 511 1222 564 σὲ
1253 514 1350 584 τῆς
1393 515 1572 582 ἐξόδου
1613 516 1783 586 μηνύ-

207 615 370 668 ματα,
425 599 532 650 καὶ
587 599 761 652 ταῦτα
816 603 896 664 εἰς
947 602 1044 672 σὴν
1095 603 1252 674 χάριν
1305 605 1465 675 τυχὸν
1519 606 1783 679 ὲπεχόμεο

203 702 261 740 να
289 683 422 752 (69),
460 685 567 738 καὶ
601 686 760 757 γυνὴ.
797 689 892 745 καὶ
939 690 1128 755 παῖδες
1159 692 1256 763 τὴν
1289 691 1552 763 ἐκδημίαν
1589 694 1781 764 μεθέλ-

203 791 377 836 κοντες
415 776 566 840 (70),
616 779 710 830 καὶ
746 779 1031 849 ζητοῦντες
1060 781 1235 848 ὲξόδια
1267 785 1519 854 ῥήματα·
1551 785 1654 849 ἕως
1683 787 1784 840 οὐκ

205 864 377 934 [ατρὸς
425 866 664 937 ἄτεχνος
702 870 827 942 περὶ
857 869 940 934 σὲ,
981 870 1133 942 ὥρας
1173 889 1252 925 σοι
1295 875 1669 945 χαριζόμενος,
1711 870 1786 931 ὢν

200 957 290 1007 οὐκ
316 955 436 1008 ἔστι
488 957 710 1029 κύριος,
739 962 830 1015 καὶ
859 961 1088 1033 νεύματι
1117 963 1454 1018 ταλαντεύων
1481 967 1579 1036 τὴν
1613 985 1787 1039 σωτη-

203 1045 337 1116 ρίαν,
370 1048 472 1098 καὶ
529 1049 849 1119 φιλοσοφῶν
882 1053 1009 1120 περὶ
1039 1052 1140 1122 τῆς
1183 1053 1337 1107 νόσου
1375 1054 1510 1124 μετὰ
1544 1055 1634 1110 τὸν
1683 1055 1783 1110 Θά-

203 1151 368 1194 νατον,
397 1137 433 1208 ἤ
470 1139 610 1202 τοὺς
659 1141 884 1208 μισθοὺς
914 1140 1158 1213 βαρύνων
1189 1145 1308 1206 ταῖς
1355 1133 1784 1218 ὑποχωρήσεσιν,

201 1224 230 1294 ἦ
269 1225 366 1294 τὴν
417 1229 748 1297 ἀπόγνωσιν
797 1233 1195 1303 αἰνιττόμενος·
1244 1233 1348 1296 ἕως
1400 1235 1460 1287 οὗ
1501 1235 1645 1305 μάχη
1689 1236 1787 1308 βα·

205 1317 418 1368 πτιστοῦ
453 1321 562 1372 καὶ
607 1321 1014 1392 χρηματιστοῦ,
1053 1323 1146 1375 τοῦ
1200 1324 1319 1394 μὲν,
1353 1324 1501 1386 ὅπως
1532 1323 1789 1397 ὲφοδιάσῃ

203 1406 666 1475 φιλονεικοῦντος,
691 1412 784 1466 τοῦ
809 1413 888 1477 δὲ,
916 1416 1065 1480 ὅπως
1091 1415 1276 1486 γραφῇ
1310 1414 1662 1486 κληρονόμος,
1690 1418 1789 1487 ἀμ-

205 1498 400 1570 φ’ἆτερα
439 1503 564 1573 (71)
595 1503 688 1555 τοῦ
719 1504 910 1575 καιροῦ
947 1504 1021 1576 μὴ
1051 1505 1474 1578 συγχωροῦντος,

1889 530 2010 569 nem
2064 529 2308 576 movens,
2337 513 2429 566 sed
2476 511 2929 580 gratulationem:
2970 511 3204 580 quandiu
3238 512 3446 581 perspi-

1889 619 2046 658 cuum
2076 603 2170 658 tibi
2209 603 2404 657 donum
2432 613 2554 666 est,
2592 615 2694 656 non
2733 609 2911 656 autem
2949 600 3235 656 obscurum
3261 610 3318 656 et
3346 603 3448 656 du-

1885 693 2070 757 bium;
2103 706 2166 747 ac
2189 690 2359 760 gratia
2392 691 2623 758 _intimos
2654 691 2846 744 animm
2887 691 3035 746 sinus
3068 691 3314 761 attingit,
3342 705 3451 747 non

1890 790 2069 836 autem
2113 795 2310 851 corpus
2341 781 2549 834 funebri
2583 795 2722 848 aqua
2767 779 3034 834 abluitur:
3066 782 3299 850 quandiu
3343 796 3450 836 non

1891 872 2096 926 circum
2142 880 2195 926 te
2237 870 2505 941 lacrymaa,
2532 871 2799 925 discessus
2845 870 3080 936 indices,
3124 885 3188 930 ac
3224 870 3456 927 fortasse

1890 963 2052 1018 etiam
2083 963 2211 1032 ipsae
2246 963 2297 1016 in
2333 962 2405 1016 tui
2434 961 2661 1031 gratiam
2693 975 3030 1030 compressae,
3051 970 3209 1031 atque
3239 977 3372 1016 uxor
3399 971 3456 1018 et

1887 1053 2056 1124 699
2099 1053 2249 1108 liberi
2309 1054 2604 1108 discessum
2660 1053 3036 1120 retrahentes,
3102 1061 3158 1106 et
3212 1061 3454 1106 extrema

1893 1143 2053 1198 verba
2101 1143 2483 1212 requirentes:
2519 1142 2756 1210 quandiu
2805 1143 2958 1194 lateri
2993 1150 3081 1204 tuo
3131 1156 3237 1196 non
3290 1142 3458 1196 haeret

1894 1237 2173 1306 imperitus
2206 1235 2462 1300 medicus,
2495 1233 2663 1288 horas
2693 1231 2787 1286 tibi
2817 1231 3069 1301 largiens,
3103 1246 3326 1300 quarum
3357 1245 3454 1300 po-

1898 1337 2063 1382 testas
2097 1341 2260 1394 penes
2293 1340 2413 1384 eum
2444 1339 2548 1384 non
2578 1333 2690 1388 est,
2736 1323 3031 1393 capitisque
3062 1333 3191 1380 nutu
3228 1322 3457 1378 salutem

1894 1419 2038 1474 velut
2063 1419 2129 1472 ad
2158 1418 2364 1474 lancem
2393 1415 2722 1484 expendens,
2761 1430 2824 1472 ac
2849 1415 2916 1469 de
2950 1415 3139 1471 morbo
3169 1422 3288 1483 post
3313 1427 3458 1468 mor-

1897 1516 2003 1562 tem
2045 1509 2346 1578 disputans,
2395 1515 2486 1560 aut
2533 1506 2835 1560 recessibus
2878 1505 2992 1560 suis
3032 1505 3330 1560 mercedem
3365 1515 3457 1558 au-

202 1604 348 1659 gens,
409 1601 516 1647 aut
572 1595 902 1664 deploratum
964 1596 1211 1651 morbum
1262 1610 1380 1652 esse
1425 1596 1784 1666 signiﬁcans:
1825 1599 2062 1666 quandiu
2131 1599 2269 1654 inter
2325 1612 2470 1663 eum,
2500 1598 2590 1666 qui
2617 1596 2919 1666 baptizandi
2950 1609 3168 1650 munere
3196 1592 3458 1663 fungitur,

204 1687 256 1732 et
317 1683 725 1748 qnmstnarium
792 1695 938 1736 ηελλ
983 1697 1157 1752 pugna
1223 1693 1340 1751 est;
1378 1684 1504 1739 dum
1538 1684 1626 1740 ille
1688 1687 2004 1743 morientem
2046 1689 2242 1743 viatico
2275 1688 2560 1754 instruere,
2605 1687 2692 1742 hic
2739 1691 2909 1744 haeres
2951 1687 3114 1742 scribi
3149 1685 3456 1742 contendit.

205 1783 299 1821 nec
327 1779 632 1838 utrumque
663 1787 757 1840 per
784 1780 994 1840 tempus
1021 1773 1166 1830 licet.

268 1859 372 1915 lB'.
395 1860 470 1912 ,Τί
505 1862 743 1932 πυρετὸν
763 1863 1052 1932 ἀναμένεις
1074 1865 1386 1936 εὐεργέτην,
1411 1867 1525 1920 ἀλλ’
1545 1868 1604 1920 οὐ
1631 1867 1792 1934 Θεὸν;

1967 1866 2082 1922 XII.
2127 1866 2263 1933 Quid
2305 1865 2532 1931 febrim,
2567 1881 2686 1937 quae
2721 1874 2782 1920 te.
2805 1865 3064 1924 beneﬂcio
3101 1864 3328 1933 alliciat,
3359 1879 3460 1921 ex-

205 1949 269 2000 Τί
297 1951 522 2020 καιρὸν,
553 1952 668 2004 ἀλλ’
697 1952 755 2004 οὐ
782 1953 1066 2023 λογισμόν;
1086 1955 1151 2008 Τί
1174 1957 1322 2026 φίλον
1345 1958 1644 2022 ἐπίϐουλον,
1675 1960 1788 2013 ἀλλ’

207 2039 263 2090 οὐ
282 2037 452 2092 πόθον
479 2043 779 2111 σωτήριον;
803 2043 866 2094 Τί
892 2044 964 2113 μὴ
986 2045 1082 2116 τὴν
1102 2045 1366 2112 ἐξουσίαν,
1381 2048 1625 2120 ἀλλὰ-τὴν
1642 2050 1790 2119 βίανς

211 2127 270 2178 Τί
295 2127 369 2200 μὴ
402 2129 508 2200 τὴν
536 2129 867 2201 ἐλευθερίαν,
895 2131 1029 2184 ἀλλὰ
1055 2132 1152 2202 τὴν
1183 2137 1540 2208 στενοχωρίαν
1555 2139 1695 2208 (72);
1729 2140 1796 2192 Τί

213 2221 338 2288 παρ’
368 2221 541 2274 ἄλλου
576 2221 670 2294 δέῃ
720 2223 910 2292 μαθεῖν
945 2225 1043 2294 τὴν
1073 2224 1269 2292 ἔξοδον,
1313 2225 1427 2280 ἀλλ’
1454 2229 1550 2300 οὐχ
1589 2229 1664 2292 ὡς
1690 2230 1792 2302 ἤδη

214 2311 498 2382 παρούσης
548 2312 840 2396 διανοήσεις
881 2315 945 2367 Τί
973 2315 1240 2386 φάρμακα
1265 2317 1538 2386 ἐπιζητεῖς
1563 2320 1696 2390 (75),
1727 2321 1796 2374 τὰ

216 2401 379 2476 μηδὲν
429 2404 730 2472 ὀνήσοντας
777 2405 842 2457 Τί
887 2406 1130 2476 κριτικὸν
1187 2405 1406 2479 ἱδρῶτα,
1465 2410 1593 2474 ἴσως
1652 2427 1793 2479 παρ-

217 2493 454 2557 εστῶτος
517 2494 611 2546 τοῦ
655 2494 891 2562 ὲξοδίου;
951 2497 1155 2550 Σαυτὸν
1232 2499 1338 2570 πρὸ
1393 2500 1493 2570 τῆς
1553 2486 1797 2570 ἀνάγκης

219 2581 542 2652 ἰάτρευσονο
590 2585 787 2646 σαυτὸν
828 2585 1070 2653 ἐλέησον,
1113 2588 1204 2641 τὸν
1236 2591 1455 2660 γνήσιον
1497 2591 1596 2661 τῆς
1638 2592 1796 2646 ἀσθε-

218 2673 363 2736 νείας
412 2675 788 2746 θεραπευτήν-
819 2677 1001 2747 σαυτῷ
1043 2679 1358 2748 προσάγαγε
1394 2680 1503 2748 (74)
1534 2682 1595 2734 τὸ
1624 2685 1796 2755 σωτή-

224 2779 332 2831 ριον
371 2766 546 2829 ὅντως
580 2767 888 2838 φάρμακον.
915 2769 1058 2831 Ἕως
1094 2769 1154 2834 ἐξ
1190 2771 1378 2841 οὐρίας
1413 2772 1592 2840 πλεῖς,
1632 2775 1798 2846 φοϐή-

221 2853 338 2921 θητι
369 2857 431 2910 τὺ
461 2859 718 2924 ναυάγιον
742 2875 756 2889 ο
799 2859 892 2911 καὶ
931 2855 1094 2930 ἦττον
1135 2863 1480 2932 ναυαγήσεις,
1515 2867 1581 2935 τῇ
1625 2863 1794 2937 δειλίᾳ

224 2942 399 3017 βοηθῷ
445 2948 748 3018 χρώμενος.
799 2949 1268 3022 Πανηγυρισθὴτω
1310 2953 1370 3004 τὸ
1421 2954 1613 3025 δῶρον,
1659 2954 1794 3014 ἀλλὰ

228 3037 298 3108 μὴ
333 3039 694 3110 θρηνηθήτω·
728 3041 1122 3113 ὲπεργασθήτω
1146 3045 1206 3096 τὸ
1242 3045 1519 3112 τάλαντον,
1553 3046 1686 3100 ἀλλὰ
1719 3048 1794 3120 μὴ

225 3130 610 3202 συγχωσθήτω.
657 3131 904 3186 Γενέσθαι
948 3149 1001 3185 τι
1049 3134 1212 3206 μέσον
1257 3136 1367 3206 (75)
1422 3137 1520 3207 τῆς
1575 3137 1795 3208 χάριτος

1896 1971 2126 2028 spectas,
2159 1975 2261 2012 non
2295 1968 2470 2014 autem
2504 1958 2711 2021 Βρυτιιῖ
2725 1958 2861 2024 Quid
2893 1968 3122 2038 tempus,
3149 1973 3251 2012 non
3277 1966 3460 2012 autem

1897 2051 2203 2106 rationem?
2225 2050 2364 2117 Quid
2395 2049 2711 2104 insidiosum
2740 2051 2994 2116 amicum,
3027 2065 3132 2104 non
3174 2060 3354 2104 autem
3379 2063 3461 2102 sa-

1895 2141 2072 2199 lutare
2105 2141 2472 2198 desiderium?
2503 2140 2640 2207 Quid
2661 2141 2769 2195 vim
2799 2140 2974 2210 potius
2997 2180 3011 2205 ,
3039 2154 3198 2209 quam
3223 2146 3460 2207 potesta-

1899 2233 2046 2289 tem?
2088 2233 2224 2300 Quid
2254 2247 2435 2288 rerum
2483 2231 2782 2301 angustiam
2809 2232 2985 2301 potius
3006 2270 3020 2296 ,
3050 2246 3208 2300 quam
3244 2229 3462 2284 liberta-

1899 2325 2044 2380 tem?
2073 2325 2212 2392 Quid
2237 2340 2372 2394 Opus
2403 2333 2508 2388 est,
2533 2333 2591 2377 ut
2619 2325 2684 2378 de
2725 2323 2872 2379 exitu
2911 2334 3001 2377 tuo
3040 2323 3106 2375 ab
3135 2321 3240 2376 alio
3264 2321 3463 2377 certior

1899 2414 2018 2476 ﬁas,
2049 2429 2114 2469 ac
2159 2429 2261 2468 non
2299 2415 2412 2482 ipse
2447 2414 2625 2484 potius
2672 2414 2740 2466 de
2766 2425 2850 2477 eo,
2881 2420 3136 2481 tanquam
3177 2411 3285 2478 iam
3321 2425 3462 2480 prm-

1897 2504 2058 2568 senti,
2086 2505 2328 2574 cogitas?
2355 2505 2491 2570 Quid
2518 2504 2908 2560 medicamenta
2933 2502 3152 2570 quaeris,
3183 2500 3314 2556 nihil
3342 2514 3466 2568 pro-

1900 2594 2118 2648 futura?
2147 2594 2284 2660 Quid
2311 2596 2557 2650 criticum
2581 2597 2855 2661 sudorem,
2881 2607 3004 2650 curn
3033 2591 3264 2650 fortasse
3291 2593 3465 2649 letha-

1899 2684 1966 2739 Ii's
2003 2685 2181 2738 adsit?
2232 2684 2350 2738 Tibi
2383 2686 2514 2754 ipsi,
2569 2686 2880 2755 priusquam
2915 2691 3101 2754 urgeat
3137 2685 3464 2748 necessitas,

1901 2774 2152 2841 medere;
2185 2773 2260 2826 tui
2286 2774 2452 2840 ipsius
2487 2774 2767 2837 miserere,
2787 2773 2875 2842 qui
2905 2787 3065 2827 verus
3100 2781 3154 2828 et
3181 2787 3467 2842 germanus

1901 2861 2232 2916 inﬁrmitatis
2284 2876 2342 2917 es
2394 2864 2670 2928 medicus;
2720 2863 2815 2916 tibi
2867 2863 2966 2931 ipsi
3005 2875 3192 2918 revera
3230 2861 3468 2918 salutare

1901 2953 2354 3012 medicamentum
2377 2954 2592 3010 adhibe.
2619 2953 2753 3006 Dum
2777 2953 3011 3008 secundo
3035 2962 3192 3007 vento
3213 2954 3464 3023 navigas,

1902 3039 2240 3112 naufragium
2277 3042 2434 3106 time;
2465 3050 2514 3096 et
2570 3041 2734 3096 tutior
2766 3057 2798 3096 a
2833 3040 3111 3112 naufragio
3147 3043 3278 3108 eris,
3309 3041 3467 3112 adju-

1903 3139 2072 3186 torem
2101 3147 2165 3186 ac
2187 3132 2391 3196 socium
2419 3133 2511 3187 tibi
2543 3133 2786 3188 timorem
2811 3133 3102 3202 asciscens.
3129 3133 3276 3189 Late
3304 3143 3469 3205 atque

225 3217 314 3268 καὶ
365 3219 468 3289 τῆς
513 3221 845 3286 ἀναλύσεως,
891 3223 976 3274 ἵνα
1012 3223 1086 3294 μὴ
1133 3223 1416 3296 ἐξαλειψθῇ
1467 3226 1534 3278 τὰ
1586 3228 1792 3297 πονηρὰ

1904 3222 2146 3276 hilariter
2178 3223 2393 3276 domum
2429 3221 2747 3286 celebretur,
2799 3236 2902 3282 non
2951 3225 3127 3285 autem
3159 3221 3461 3290 deﬂeatur;

225 3307 528 3379 γράμματα
581 3311 760 3380 μόνον,
811 3311 943 3365 ἀλλὰ
1003 3316 1096 3367 καὶ
1145 3318 1494 3392 μετεγγραφῇ
1550 3316 1619 3369 τὰ
1669 3316 1792 3386 βελ·

1903 3312 2268 3384 negotiatione
2313 3324 2590 3368 accrescat
2629 3311 2886 3368 talentum
2910 3354 2926 3380 ,
2960 3327 3066 3368 non
3106 3323 3285 3368 autem
3322 3323 3467 3368 terra

225 3399 398 3454 τίονα·
434 3401 522 3454 ἲνλι
555 3403 630 3472 μὴ
657 3403 717 3456 τὸ
754 3405 996 3476 χάρισμα
1031 3405 1188 3476 μόνον
1225 3406 1374 3477 ἔχῃς,
1408 3405 1540 3460 ἀλλὰ
1574 3408 1667 3459 καὶ
1694 3407 1792 3479 τὴν

1902 3403 2180 3459 obruatur.
2205 3404 2348 3458 Inter
2371 3404 2597 3474 gratiam
2623 3418 2686 3457 ac
2700 3413 2950 3467 mortem,
2975 3404 3229 3472 temporis
3261 3404 3468 3472 aliquid

229 3489 518 3546 ἀντίδοσιν·
565 3490 654 3546 ἵνα
701 3495 775 3564 μὴ
822 3495 884 3548 τὸ
927 3495 1038 3565 πῦρ
1087 3496 1263 3569 φύγῃς
1311 3497 1487 3567 μόνον,
1532 3497 1666 3551 ἀλλὰ
1709 3498 1792 3551 καὶ

1899 3495 2220 3560 intercedat,
2252 3504 2309 3548 ut
2345 3509 2454 3550 non
2507 3493 2680 3548 solum
2712 3507 2892 3564 prava:
2933 3495 3124 3550 litterae
3166 3495 3467 3560 deleantur,

227 3579 322 3648 τῆς
361 3582 522 3653 δόξης
570 3583 1005 3656 κληρονομήσῃς,
1053 3585 1117 3656 ῆν
1157 3585 1220 3638 τὸ
1269 3586 1676 3656 ἐπεργάσασθαι
1727 3587 1792 3660 τῷ

1901 3598 2086 3638 verum
2111 3583 2273 3644 etiam
2301 3598 2484 3637 earum
2521 3583 2640 3637 loco
2662 3584 2912 3640 meliores
2934 3585 3336 3651 inscribantur;
3370 3599 3472 3640 nec

229 3667 377 3742 δώρῳ
407 3674 521 3743 (7ti)
565 3675 868 3746 χαρίζεται.
901 3676 1057 3728 Ἔστι
1104 3675 1212 3747 γὰρ
1254 3680 1362 3738 τοῖς
1399 3677 1497 3747 μὲν
1531 3677 1792 3750 μικροψύ-

1901 3675 2073 3729 squm
2104 3675 2332 3744 gratiam
2363 3675 2586 3739 habeas,
2621 3689 2804 3729 verum
2835 3676 2997 3730 etiam
3021 3676 3303 3747 praemium
3335 3690 3469 3732 con-

230 3779 337 3830 χοις
387 3767 550 3834 μέγα,
592 3766 656 3819 τὸ
702 3771 889 3835 φυγεῖν
935 3767 1192 3838 βάσανον·
1234 3771 1345 3832 τοῖς
1386 3769 1442 3821 δὲ
1495 3753 1792 3842 μεγαλοψύ-

1898 3767 2178 3836 sequaris;
2218 3781 2317 3822 nec
2342 3767 2481 3837 ignis
2521 3775 2724 3821 tantum
2765 3767 3080 3838 supplicium
3107 3766 3471 3840 eﬂ'ugias,ve-

231 3869 360 3921 χοις,
387 3857 449 3908 τὸ
477 3859 568 3910 καὶ
600 3863 783 3930 τυχεῖν
813 3859 1150 3922 ἀντιδόσεως.

1899 3873 2017 3912 rum
2047 3857 2208 3912 etiam
2237 3856 2417 3926 gloria
2455 3857 2821 3913 bzereditatem
2861 3859 3146 3929 percipias,
3175 3875 3337 3930 quam
3375 3872 3474 3917 ne-

232 3945 449 4010 gotiatio
501 3950 642 4008 όοιιο
689 3933 938 4016 adjuncta
1004 3951 1286 4005 conciliat.
1321 3949 1452 4014 Nam
1505 3951 1683 4020 parvis
1738 3949 1954 4022 quidem
2024 3957 2187 4018 atque
2251 3949 2478 4018 abiectis
2519 3949 2715 4006 animis
2751 3949 2988 4019 amplum
3037 3965 3101 4005 ac
3147 3949 3467 4019 praeclarum

232 4037 462 4102 videtur.
511 4056 726 4110 paenam
781 4044 984 4099 vitare:
1021 4054 1077 4099 at
1121 4045 1210 4114 qui
1245 4060 1437 4114 magno
1486 4055 1540 4100 et
1583 4044 1794 4100 excelso
1837 4043 2021 4098 animo
2066 4041 2274 4112 praediti
2319 4049 2464 4110 sunt,
2499 4041 2568 4096 ad
2609 4041 2908 4098 mercedem
2958 4056 3172 4112 quoque
3200 4042 3464 4112 aspirant.

299 4155 398 4207 ﬂ".
441 4154 606 4226 Τρεῖς
667 4157 776 4228 γὰρ
854 4153 969 4210 οἶδα
1038 4157 1220 4223 τάξεις
1277 4159 1392 4227 τῶν,
1441 4157 1792 4228 σωζομένων,

1976 4154 2113 4210 XIII.
2155 4155 2290 4210 Tres
2314 4156 2458 4210 enim
2492 4169 2677 4210 eorum
2702 4196 2717 4223 ,
2749 4156 2838 4226 qui
2871 4154 3096 4210 salutem
3137 4170 3470 4228 consequun-

233 4242 486 4310 δουλείαν,
539 4247 884 4318 μισθαρνίαν,
933 4247 1176 4318 υίότητα.
1230 4249 1292 4303 Ei
1338 4250 1522 4312 δοῦλος
1572 4247 1647 4312 εἴ,
1699 4250 1797 4312 τὰς

1907 4258 2010 4312 tur,
2069 4248 2272 4304 classes
2305 4259 2425 4301 esse
2470 4245 2584 4302 scio
2605 4285 2620 4312 ,
2649 4261 2930 4302 servorum
2959 4245 3227 4312 videlicet,
3261 4263 3471 4305 merce-

235 4332 441 4405 πληγὰς
497 4337 795 4408 φοϐήθητιο
849 4340 896 4391 εἰ
956 4340 1257 4408 μισθωτὸς,
1311 4339 1448 4410 πρὸς
1505 4339 1566 4391 τὸ
1619 4338 1792 4393 λαϐεῖν

1909 4339 2186 4392 uariorum
2225 4345 2279 4390 et
2319 4335 2570 4393 Iiliorum.
2607 4335 2665 4392 Si
2706 4351 2893 4391 servus
2921 4350 3010 4401 es,
3041 4336 3226 4407 plagas
3267 4345 3471 4394 metue.

235 4425 389 4493 βλέπε
430 4429 609 4500 μόνον.
651 4431 710 4484 Ei
743 4431 800 4486 δὲ
835 4432 974 4506 ὑπὲρ
1003 4433 1111 4503 (77)
1146 4432 1385 4496 τούτους,
1414 4433 1508 4488 καὶ
1552 4431 1687 4497 υίὸς,
1723 4433 1792 4495 ὡς

1910 4427 1968 4486 Si
2017 4428 2402 4494 mercenarius,
2471 4427 2773 4482 mercedem
2825 4429 3084 4482 duntaxat
3124 4437 3330 4499 specta.
3375 4430 3473 4486 Sin

235 4519 437 4590 πατέρα
470 4520 764 4591 αἰδέσθητι.
797 4523 1064 4593 Ἐργασαι
1091 4523 1151 4576 τδ
1195 4523 1377 4588 καλὸν,
1404 4525 1485 4576 ὅτι
1517 4525 1680 4578 καλὸν
1723 4523 1792 4592 τῷ

1907 4529 2085 4574 autem
2117 4535 2281 4590 supra
2316 4520 2415 4574 hos
2459 4519 2716 4588 assurgis,
2771 4532 2834 4573 ac
2865 4517 3004 4574 Iilius
3035 4534 3127 4590 es,
3162 4528 3222 4574 ut
3263 4529 3472 4592 patrem

235 4611 394 4681 πατρὶ
427 4612 731 4676 πείθεσθαι,
772 4615 874 4669 κᾶν
914 4616 966 4667 εἶ
997 4632 1079 4668 σοι
1117 4615 1280 4685 μηδὲν
1331 4614 1549 4669 ἔσεσθαι
1595 4614 1798 4685 μέλλοι.

237 4700 398 4757 Τοῦτο
443 4706 579 4759 αὐτὸ
629 4707 841 4778 μισθὸς,
872 4707 934 4761 τὸ
961 4707 1040 4778 τῷ
1089 4708 1254 4778 πατρὶ
1302 4707 1414 4777 (78)
1461 4705 1798 4780 χαρίζεσθαι.

300 4926 410 5001 (69)
459 4928 846 4998 Ἐπεχᾴιενα.
901 4927 1054 4984 Coll).
1104 4926 1126 4982 ῐ
1175 4938 1228 4984 et
1272 4929 1408 4996 Jes.,
1454 4930 1804 5002 ἐπιχεόμενοι,

241 5017 260 5140 τ
294 5002 789 5140 ῗξῧῖυξὲλίὲημιάν
806 5068 1223 5138 μεθέλκοντες.
1255 5087 1272 5120 ι
1309 5070 1610 5124 ῡίεςνεευιη
1643 5081 1807 5140 retra-

237 5136 435 5203 hentes,
478 5157 498 5189 ι
536 5141 585 5191 id
619 5136 721 5204 est,
771 5136 819 5189 ai
852 5141 1173 5208 baptismate
1215 5141 1524 5208 aegrotantis
1567 5139 1803 5194 animout

239 5219 542 5272 as'ocantes,
578 5219 636 5260 ut
687 5218 926 5260 extrema
979 5209 1096 5277 ejus
1149 5211 1309 5264 verba
1366 5209 1658 5264 excutiant.
1691 5227 1799 5265 non

240 5285 339 5330 tam
361 5293 526 5347 aegro,
570 5293 728 5344 quam
762 5279 862 5332 sibi
895 5278 1024 5347 ipsis
1047 5279 1407 5333 consulentes.

295 5347 413 5428 ﬁt)
465 5349 813 5428 ’ᾼέιςοᾷτςερῳ
855 5347 913 5400 In
936 5351 1022 5404 ed.
1055 5349 1299 5418 sequitur
1329 5351 1429 5428 μή,
1455 5348 1596 5420 quod
1625 5357 1804 5405 aucto-

239 5413 584 5471 ﬂl'ate'codd.
611 5413 929 5471 delevimus.
1130 5413 1144 5432 ⁷

301 5485 410 5556 (72)
439 5487 882 5557 Artsrozwplaf.
921 5487 1009 5542 Sic
1040 5486 1221 5557 plures
1245 5488 1400 5544 codd.
1449 5488 1504 5550 In
1533 5488 1644 5556 ed.,
1680 5503 1801 5554 στε-

239 5555 806 5764 ζῖἐῠέῗιαέπιξητεῖς.
857 5623 1026 5702 Begg,
1077 5626 1131 5697 b,
1175 5643 1226 5696 c,
1261 5629 1314 5695 ἀ,
1341 5631 1433 5688 0r.
1467 5631 1515 5696 l,
1547 5639 1674 5696 (δια,
1709 5630 1804 5704 ζη-

1898 5556 1965 5612 ed

1899 5696 2004 5752 0r.
2028 5696 2077 5752 l.

1909 4627 2178 4668 reverere.
2236 4610 2400 4666 Bonis
2446 4611 2694 4680 operibus
2731 4610 2906 4678 stude,
2963 4612 3089 4680 quia
3145 4613 3347 4669 bonum
3391 4624 3476 4670 est

1905 4703 2050 4781 patri
2092 4703 2497 4772 obtemperare,
2531 4701 2745 4760 etiamsi
2779 4716 2846 4758 ex
2879 4716 2942 4757 ea
2977 4716 3034 4758 re
3068 4702 3202 4758 nihil
3233 4714 3474 4775 quaestus

2125 4930 2496 5003 Hpoq‘dmrs.
2527 4929 2766 5003 Quatuor
2793 4928 2985 5003 Regg.,
3018 4933 3281 5003 πρόσαγε.

1974 5000 2084 5070 (75)
2123 5000 2426 5056 Γενέσθω
2458 5017 2512 5071 τι
2563 5000 2777 5069 μέσον.
2816 5018 2836 5051 ι
2871 5001 3011 5054 Inter
3041 5000 3368 5071 baptismum
3418 5013 3476 5058 et

1903 5069 2153 5135 mortem,
2196 5090 2214 5122 ι
2253 5073 2427 5140 inquit
2456 5069 2690 5142 Nicetas,
2730 5090 2748 5120 ι
2783 5071 2984 5142 aliquid
3006 5069 3266 5142 temporis
3303 5074 3474 5128 inter-

1900 5143 2084 5204 cedat;
2144 5151 2201 5194 ut
2252 5156 2354 5194 non
2407 5141 2998 5210 mododsacramcntum
3045 5151 3098 5196 et
3120 5141 3473 5210 peccatorum

1901 5211 2289 5273 remissionem,
2319 5225 2479 5278 quam
2523 5208 2681 5262 allert
2729 5209 3042 5278 baptismns,
3100 5208 3326 5275 habeas;
3381 5227 3475 5267 ve-

1901 5293 2017 5331 rum
2041 5280 2201 5352 etiam
2247 5279 2543 5352 mercedem
2583 5293 2662 5352 ac_
2691 5282 3178 5335 remunerationem
3215 5282 3472 5352 accipias,

1901 5358 1959 5401 ut
1985 5351 2074 5402 aui
2115 5351 2363 5401 virtutem
2391 5347 2714 5402 excolueris.
2748 5366 2768 5399 ι

1971 5416 2084 5489 (76)
2129 5416 2214 5481 Τῷ
2239 5416 2431 5489 ᾇῴρῳλ
2459 5417 2604 5489 Par},
2626 5416 2687 5470 τὸ
2717 5417 2907 5489 δῶρον.

1974 5485 2084 5559 (77)
2127 5490 2194 5541 Et
2226 5485 2294 5540 δὲ
2319 5485 2488 5556 ὑπέρ.
2528 5487 2618 5543 Sic
2655 5485 2885 5556 quatuor
2928 5487 3096 5559 Regg.
3131 5488 3289 5544 Deest
3327 5487 3387 5544 δέ
3421 5489 3474 5544 in

1970 5596 2086 5704 l7_8)
2130 5623 2213 5693 Τῷ
2266 5625 2462 5702 πατρί.
2520 5625 2678 5686 Deest
2735 5625 2810 5684 τῶ
2865 5629 2918 5684 in
2973 5627 3144 5686 tribus
3203 5625 3370 5704 Regg.
3421 5637 3477 5702 et
