4050 6298
597 210 709 271 375

1840 218 1896 277 S.
1927 220 2253 280 GREGORII
2298 221 2647 280 TllEOLOGl

3743 236 3839 290 376

602 327 673 381 ad
702 336 755 381 te
801 325 1097 380 rediturum
1149 325 1245 379 sit.
1285 325 1398 382 Hoc
1429 327 1604 397 ipsum
1652 346 1861 387 merces
1888 344 2004 400 est,
2032 344 2150 404 patr

2266 325 2370 388 ’Ὧν
2411 337 2575 406 ἡμεῖς
2608 336 2682 408 μὴ
2716 354 3179 409 καταφρονουντες
3216 340 3548 411 φαινοιμεθα
3593 342 3723 415 (79).
3758 349 3837 410 Ὡς

603 417 854 487 obsequi.
886 417 1016 483 Quae
1052 416 1253 470 utinam
1285 432 1352 471 ne
1390 429 1816 477 contemnamus.
1859 424 2164 481 Absurdum

600 508 746 563 enim
774 508 934 577 700
962 506 1157 571 fuerit,
1200 522 1322 562 cum
1369 510 1624 577 pecunias
1651 512 1804 567 avide
1848 515 2163 585 praeripias,

601 598 884 652 sanitatem
924 596 975 649 in
1003 594 1211 665 longius
1243 595 1460 653 diﬂ‘erre
1489 609 1651 669 atque
1682 603 2003 669 extrahere;
2042 619 2163 659 cum

600 700 797 756 corpus
850 701 1179 757 prtepurges,
1235 689 1430 743 animae
1498 693 1867 760 purgationem
1916 695 1969 749 in
2020 695 2163 750 aliud

599 786 810 847 tempus
838 791 1153 842 reservare;
1183 792 1304 832 cum
1340 794 1403 834 ex
1430 779 1534 835 hac
1572 790 1783 836 terrena
1824 787 2082 840 servitute
2108 786 2161 840 in

596 868 900 923 libertatem
928 867 1191 923 vindicari
1219 870 1438 925 studeas
1458 910 1473 936 ,
1499 885 1747 941 supernae
1779 873 2039 930 libertatis
2064 891 2164 930 cu-

595 955 822 1025 piditate
852 956 1072 1012 minime
1098 958 1242 1026 tangi
1270 974 1283 1023 ;
1327 973 1448 1012 cum
1480 961 1714 1016 studium
1749 970 1801 1016 et
1830 963 2159 1034 diligentiam

592 1058 808 1100 omnem
837 1046 1127 1113 adhibeas,
1169 1057 1227 1101 ut
1277 1049 1592 1119 magniﬁcas
1622 1053 1765 1107 aedes
1788 1052 2023 1120 incolas,
2069 1067 2160 1111 aut

594 1135 904 1205 splendidas
947 1145 1128 1192 vestes
1178 1152 1355 1207 geras,
1400 1140 1535 1194 nihil
1572 1156 1716 1197 curae
1752 1143 2063 1213 suscipere,
2100 1156 2159 1200 ut

593 1226 708 1295 ipse
736 1241 945 1282 summo
980 1227 1152 1297 pretio
1181 1228 1373 1299 dignus
1399 1230 1505 1297 sis;
1542 1246 1662 1286 cum
1694 1233 1760 1286 ad
1790 1234 1922 1289 bene
1950 1235 2016 1290 de
2036 1236 2157 1293 aliis

596 1316 908 1371 merendum
958 1326 1234 1387 promptus
1297 1320 1391 1382 sis,
1446 1319 1511 1373 de
1552 1319 1723 1388 teipso
1775 1322 1909 1377 bene
1960 1326 2155 1380 mereri

591 1404 755 1461 nolle.
786 1405 853 1460 Et
891 1407 1108 1476 quidem
1139 1406 1183 1461 si
1228 1408 1319 1462 tibi
1350 1409 1520 1478 pretio
1554 1411 1655 1466 hoc
1697 1413 1895 1466 bonum
1938 1429 2156 1486 compa-

592 1509 717 1551 rare
747 1495 950 1558 liceret,
974 1498 1131 1554 nullis
1164 1499 1386 1555 omnino
1420 1502 1658 1569 pecuniis
1694 1518 1942 1573 parceres
1971 1525 1984 1561 :
2016 1523 2155 1564 nunc

589 1593 770 1641 autem
800 1626 815 1653 ,
862 1588 986 1656 quia
1029 1589 1259 1660 gratuita
1293 1591 1663 1649 misericordia
1704 1600 2040 1667 proponitur,
2076 1602 2150 1655 id.

587 1676 737 1732 circo
766 1678 857 1733 tibi
886 1687 1129 1749 prompta
1157 1689 1211 1736 et
1246 1694 1562 1751 exporrecta
1602 1690 1957 1744 beneﬁcentia
1994 1699 2052 1745 et
2086 1690 2153 1745 li-
2183 1672 2227 1726 Β

590 1764 846 1820 beralitas
896 1778 1260 1839 contemptum
1301 1773 1462 1840 parit.
1510 1773 1680 1830 Omne
1716 1777 1810 1831 tibi
1845 1786 2054 1848 tempus
2087 1781 2153 1836 ad

587 1854 913 1912 ablutionem
967 1858 1214 1914 idoneum
1268 1870 1381 1929 est,
1441 1866 1874 1936 quandoquidem
1948 1870 2150 1925 nullum

589 1952 817 2015 tempus,
846 1950 1033 2003 mortis
1058 1952 1296 2019 periculo
1328 1963 1504 2031 vacat.
1530 1955 1663 2011 Cum
1698 1958 1863 2013 Paulo
1883 2000 1897 2026 ,
1937 1960 1989 2015 id
2033 1970 2110 2016 est
2130 2006 2146 2029 ,

583 2051 707 2092 cum
737 2052 927 2107 magna
953 2040 1037 2094 illa
1070 2055 1219 2110 voce,
1248 2045 1313 2099 ad
1343 2055 1394 2102 te
1421 2049 1599 2103 clamo
1629 2067 1643 2103 :
1687 2048 1820 2103 Ecce
1853 2067 1989 2105 nunc
2020 2061 2151 2107 tem-

586 2140 685 2191 pss
710 2130 1020 2196 acceptabile
1041 2169 1057 2196 ,
1092 2149 1206 2188 ecce
1238 2151 1375 2190 nunc
1405 2138 1515 2192 dies
1551 2138 1740 2193 salutis
1773 2141 1839 2194 ³³.
1874 2142 1987 2209 Qun
2033 2144 2151 2198 loco

589 2216 856 2284 particula
881 2258 895 2281 ,
926 2217 1115 2287 Nunc,
1148 2237 1254 2277 non
1283 2235 1491 2280 certum
1527 2228 1739 2297 aliquod
1785 2239 1985 2302 tempus
2013 2272 2029 2296 ,
2058 2234 2148 2288 sed

2270 424 2414 493 ἔστιν
2440 423 2657 490 ἄτοπον,
2688 427 2945 496 χρήματα
2972 428 3069 497 μὲν
3098 428 3500 499 προαρπάζειν,
3526 432 3710 499 ὑγείαν
3734 435 3830 506 (80)

2267 514 2322 567 δὲ
2377 513 2802 568 ἀναϐάλλεσθαι·
2854 516 2950 569 καὶ
2999 516 3226 587 σώματα
3280 519 3377 589 μὲν
3430 520 3832 594 προκαθαίρειν,

2265 604 2442 674 ψυχῆς
2469 605 2527 657 δὲ
2566 604 2833 676 κάθαρσιν
2877 607 3230 678 ταμιεύεσθαι
3253 624 3268 638 ·
3302 608 3396 663 καὶ
3439 610 3544 679 τῆς
3574 612 3670 679 μὲν
3694 613 3834 667 κάτω

2264 693 2506 757 δουλείας
2555 694 2866 764 ἐλευθερίαν
2915 696 3095 767 ζητεῖν
3148 697 3292 768 (81),
3346 696 3454 767 τῆς
3510 698 3624 751 ἀνω
3657 699 3712 753 δὲ
3763 702 3831 773 μὴ

2265 784 2546 853 ἐφίεσθαιο
2593 784 2687 837 καὶ
2735 786 2883 849 ὅπως
2922 786 3020 856 μὲν
3064 788 3304 857 οἰκήσεις
3337 787 3454 858 (82)
3504 788 3830 867 μεγαλοπρεο

2263 874 2400 940 πῶς,
2429 875 2462 946 ἢ
2496 876 2773 948 ἀμφιέσῃ,
2831 878 3010 931 πᾶσαν
3057 877 3327 930 ποιεῖσθαι
3385 879 3650 946 σπουδὴν,
3694 880 3829 945 ὅπως

2261 964 2316 1017 δὲ
2355 966 2518 1029 αὐτὸς
2551 966 2799 1019 πλείστου
2832 967 2979 1033 ἄξιος
3010 968 3129 1040 ἔσῃ,
3161 968 3324 1039 μηδὲν
3352 968 3466 1037 (85)
3503 972 3825 1040 φροντίζειν·

2260 1054 2353 1108 καὶ
2383 1055 2575 1119 ἄλλους
2599 1057 2698 1127 μὲν
2717 1053 2777 1110 εὖ
2811 1061 2986 1111 ποιεῖν
3014 1059 3289 1129 πρόθυμον
3317 1054 3479 1126 εἶναι,
3506 1063 3702 1115 σαυτὸν
3725 1062 3826 1133 (84)

2259 1146 2315 1200 δὲ
2346 1148 2420 1219 μὴ
2456 1148 2761 1218 βούλεσθαι.
2807 1150 2915 1203 Καὶ
2948 1151 2995 1202 εἰ
3032 1149 3129 1220 μὲν
3159 1150 3314 1204 ὢνιον
3361 1147 3430 1223 ἦν
3467 1168 3551 1204 σοι
3596 1152 3656 1205 τὸ
3701 1155 3827 1221 ἀγα-

2260 1236 2371 1303 θὸν,
2405 1240 2633 1310 μηδενὸς
2660 1240 2727 1295 ἂν
2755 1240 3029 1308 φείδεσθαι
3076 1242 3385 1312 χρήματος·
3419 1244 3469 1296 εἱ
3513 1243 3573 1296 δὲ
3617 1242 3826 1313 πρόκει-

2256 1344 2345 1381 ται
2396 1329 2457 1381 τὸ
2507 1329 2906 1409 Maiam,
2957 1335 3315 1401 καταφρονεῖς
3347 1332 3429 1403 τῷ
3490 1333 3690 1404 ἑτοίμῳ
3729 1334 3822 1405 τῆς

2257 1420 2521 1485 εὐποιῖας.
2570 1424 2685 1485 Πᾶς
2722 1440 2803 1475 σοι
2856 1423 3045 1493 καιρὸς
3098 1425 3437 1493 ἐκπλύσεως,
3491 1425 3679 1496 ἐπειδὴ
3723 1427 3823 1489 πᾶς

2254 1511 2581 1577 ἀναλύσεως.
2637 1515 2792 1568 Μετὰ
2831 1516 3045 1570 Παύλου
3112 1517 3218 1588 βοῶ
3271 1533 3391 1582 σοι,
3437 1516 3543 1587 τῆς
3593 1518 3821 1587 μεγάλης

2255 1604 2437 1675 φωνῆς
2456 1621 2470 1634 ’
2512 1604 2657 1659 Ἰδοὺ
2695 1607 2812 1661 νῦν
2840 1607 3042 1676 καιρὸς
3068 1608 3531 1677 εὐπρόσδεκτος,
3568 1608 3694 1662 ὶδοὺ
3717 1608 3823 1663 νῦν

2256 1691 2447 1761 ἡμέρα
2478 1696 2772 1763 σωτηρίας
2791 1713 2804 1726 ’
2836 1697 2931 1766 οὐχ
2963 1697 3059 1750 ἕνα
3106 1698 3315 1769 καιρὸν,
3349 1699 3490 1753 ἀλλά
3520 1699 3696 1753 πάντα
3733 1697 3817 1753 τοῦ

2254 1785 2385 1837 Νῦν
2418 1786 2709 1856 ὁρίζοντος.
2744 1788 2853 1841 Καὶ
2885 1789 3078 1844 πάλιν·
3118 1793 3393 1862 Ἔγειραι,
3428 1794 3464 1845 ὀ
3507 1791 3817 1856 καθεύδων,

2253 1874 2353 1927 καὶ
2397 1876 2630 1931 ἀνάστα
2669 1879 2738 1932 ἐκ
2778 1878 2896 1934 τῶν
2936 1879 3183 1950 νεκρῶν,
3228 1882 3326 1935 καὶ
3366 1883 3705 1951 ἐπιφαύσει·
3726 1898 3818 1937 σοι

2253 1966 2287 2018 ό
2334 1967 2605 2033 Χριστὸς,
2655 1968 2795 2023 λύων
2848 1969 2945 2042 τὴν
2981 1971 3152 2027 νύκτα
3204 1971 3315 2043 (85)
3367 1973 3471 2043 τῆς
3522 1972 3815 2043 ἁμαρτίας’

2251 2057 2477 2130 ἐπειδὴ,
2545 2054 2632 2113 Ἕν
2718 2063 2873 2116 νυκτὶ
2965 2064 3120 2128 ἐλπὶς
3203 2064 3463 2136 πονηρὰ,
3523 2064 3665 2119 κατά
3732 2063 3817 2117 τὸν

2261 2146 2507 2214 Ἡσαΐαν,
2551 2151 2644 2203 καὶ
2697 2151 2774 2222 τῷ
2830 2152 2976 2225 πρωῒ
3047 2153 3159 2224 (86)
3190 2152 3488 2226 ληφθῆναι
3552 2151 3815 2209 λυσιτελέ-

2250 2254 2458 2311 στερον.

584 2315 797 2377 tempus
826 2324 986 2366 omne
1013 2312 1277 2382 designat.
1312 2315 1377 2369 Et
1407 2332 1632 2375 rursus:
1670 2318 1836 2389 Surge
1857 2363 1872 2389 ,
1900 2323 1990 2391 qui
2017 2323 2238 2391 dormis,
2289 2338 2337 2381 et
2393 2345 2618 2402 exsurge
2675 2351 2708 2387 a
2760 2336 2995 2400 mortuis,
3016 2346 3063 2390 et
3086 2336 3401 2390 illuminabit
3426 2346 3477 2392 te
3493 2337 3733 2392 Christus
3747 2335 3810 2403 ",

584 2400 792 2467 peccati
828 2411 1040 2457 noctem
1079 2404 1372 2463 discutiens
1402 2423 1417 2462 :
1442 2413 1868 2483 quandoquidem
1902 2418 1956 2471 in
1991 2427 2145 2474 nocte
2181 2435 2306 2492 spes
2328 2427 2489 2492 mala,
2516 2439 2572 2482 ut
2606 2439 2834 2483 testatur
2862 2428 3028 2486 Isaias
3054 2431 3123 2500 ",
3150 2447 3214 2488 ac
3280 2446 3439 2492 tnane
3498 2432 3670 2503 accipi
3694 2446 3811 2487 con-

581 2489 869 2545 ducibilius
901 2501 1005 2547 est.

654 2578 796 2637 XIV.
841 2580 1007 2648 Sere,
1042 2598 1163 2639 cum
1192 2589 1407 2643 serendi
1437 2599 1644 2662 tempus
1673 2592 1853 2662 fuerit,
1881 2606 1935 2651 et
1967 2598 2148 2668 fruges

584 2680 860 2739 comporta
881 2712 898 2737 ,
925 2681 979 2727 et
1008 2673 1204 2730 horrea
1238 2677 1403 2745 solve,
1430 2696 1552 2735 cum
1584 2691 1792 2753 tempus
1823 2687 1925 2743 hoc
1958 2703 2147 2758 postu-

2325 2601 2421 2655 IA'.
2459 2600 2657 2670 Σπεῖρε
2714 2600 2826 2672 (87)
2890 2601 2989 2672 μὲν
3054 2603 3142 2656 ὅτε
3197 2603 3418 2675 καιρὸς,
3478 2603 3575 2658 καὶ
3630 2603 3812 2671 συγκό-

2259 2690 2380 2762 μιζε
2417 2690 2550 2762 (88),
2591 2692 2686 2750 καὶ
2720 2691 2815 2745 λύε
2858 2693 2958 2756 τὰς
3001 2694 3306 2765 ἀποθήκας,
3339 2696 3428 2748 ὅτε
3478 2695 3667 2748 τούτου
3701 2712 3810 2749 και.

584 2760 741 2826 larit,
771 2770 827 2817 et
870 2766 1186 2833 tempestive
1212 2769 1392 2839 planta
1418 2810 1435 2837 ,
1471 2782 1522 2828 et
1562 2790 1722 2832 uvam
1760 2790 2025 2836 maturam
2056 2784 2146 2838 de-

586 2853 744 2878 οιηιιε..
798 2861 845 2878 Α·
876 2854 1014 2878 ..η-2-
1041 2860 1291 2878 .-_-_-_2_
1329 2860 1360 2878 1-,
1390 2870 1425 2878 ε.
1479 2877 1484 2878 ,
2038 2874 2051 2878 _

2256 2760 2369 2850 ρὸς,
2397 2760 2513 2833 και
2534 2779 2731 2850 φύτευε
2757 2781 2879 2836 καθ’
2906 2782 3071 2853 ὥραν,
3100 2760 3193 2837 κα).
3219 2783 3490 2855 κειρέσθω
3516 2802 3596 2837 σοι
3628 2783 3808 2854 βότρυς

585 2853 767 2917 tonde,
796 2861 851 2907 et
876 2854 1017 2909 veris
1040 2860 1298 2927 temperie
1328 2860 1497 2919 fretus
1524 2880 1710 2921 navem
1735 2883 1764 2923 e
1794 2882 1948 2939 portu
1973 2874 2143 2940 solve,

582 2956 881 3014 rursusque
930 2946 1138 3003 oriente
1182 2949 1395 3018 hieme,
1439 2957 1683 3026 marique
1732 2963 2019 3031 saeviente,
2065 2965 2149 3021 fac

580 3046 702 3087 eam
722 3033 773 3088 in
806 3043 1015 3105 portum
1041 3039 1329 3097 subducas.
1359 3042 1497 3110 Quin
1530 3046 1627 3103 tibi
1660 3065 1891 3120 quoque,
1925 3064 1980 3109 et
2000 3056 2143 3121 belli,

580 3128 637 3176 et
667 3122 817 3189 pacis
847 3131 1058 3195 tempus
1090 3128 1182 3195 sit,
1226 3138 1283 3185 et
1333 3133 1662 3191 matrimonii
1710 3139 1970 3207 ineundi,
2014 3156 2069 3199 et
2116 3163 2143 3200 a

581 3210 913 3266 natrimonii
939 3227 1102 3282 opere
1123 3213 1449 3287 abstinendi,
1473 3229 1527 3275 et
1548 3224 1820 3291 amicitiae,
1839 3236 1891 3282 et
1916 3231 2145 3296 dissidii,

582 3300 630 3355 si
664 3302 880 3371 quidem
912 3303 985 3359 ita
1013 3319 1234 3363 necesse
1261 3308 1354 3375 sit,
1385 3321 1547 3381 atque
1576 3315 1754 3370 omnis
1781 3318 2010 3389 denique
2046 3322 2143 3388 rei,

586 3395 632 3449 si
664 3392 940 3451 Salomoni
967 3398 1376 3456 auscultandum
1415 3406 1581 3459 est”.
1611 3409 2033 3468 Auscultandum
2064 3424 2146 3471 est

582 3494 802 3553 autem;
833 3486 961 3543 utile
1004 3490 1147 3546 enim
1185 3494 1464 3550 consilium
1497 3499 1764 3568 proponit.
1800 3501 1872 3557 At
1900 3517 2026 3558 vero
2055 3519 2144 3560 sa-

578 3574 709 3629 lutis
740 3584 844 3630 tum
869 3580 1139 3648 negotium
1161 3594 1376 3659 semper
1406 3599 1526 3655 age,
1562 3602 1625 3642 ac
1652 3589 1903 3659 quaelibet
1934 3596 2145 3652 occasio

579 3662 657 3717 sit
693 3662 786 3718 tibi
834 3672 1046 3736 tempus
1086 3651 1411 3740 suscipiendi
1444 3651 1820 3745 baptismatis.
1861 3678 1918 3733 Si
1964 3651 2142 3738 autem

580 3764 799 3819 semper
823 3753 1141 3811 hodiernum
1167 3757 1307 3813 diem
1344 3765 1677 3830 praeteriens,
1719 3769 2013 3823 crastinum
2042 3771 2144 3826 ob-

579 3854 787 3906 serves,
825 3844 1082 3913 paulatim
1113 3847 1437 3917 diﬂ‘erendo,
1474 3868 1578 3908 non
1617 3856 2003 3930 animadvertis
2035 3871 2085 3916 te
2111 3877 2143 3917 a

577 3950 745 4005 pravo
772 3936 863 3990 illo
895 3937 1105 4005 deludi,
1146 3950 1200 3993 ut
1241 3941 1317 3995 ita
1364 3942 1469 3999 fert
1507 3945 1652 4001 illius
1679 3938 2033 4008 consuetudo.
2065 3955 2142 4009 Da

577 4027 709 4082 mihi
741 4042 999 4096 praesens,
1032 4030 1243 4101 inquit,
1273 4032 1510 4090 futurum
1539 4036 1678 4106 Deo;
1719 4041 1849 4095 mihi
1875 4043 2142 4112 juveniles

2247 2870 2474 2942 ὥριμος,
2506 2872 2599 2924 καὶ
2632 2873 2833 2941 ἀνάγου
2869 2874 3148 2946 θαρρήσας
3190 2873 3330 2947 ἔαρι,
3359 2876 3453 2930 καὶ
3485 2875 3673 2930 ἄνελκε
3720 2874 3806 2945 τὴν

2245 2961 2399 3026 ναῦν,
2431 2962 2590 3016 πάλιν
2630 2964 2931 3035 ἀρχομένου
2972 2966 3260 3036 χειμῶνος,
3288 2967 3515 3037 καὶτῆς
3548 2965 3806 3036 Θαλάσσης

2244 3053 2630 3126 ἀγριουμένης.
2660 3056 2769 3108 Καὶ
2797 3056 3033 3127 πολέμου
3070 3058 3261 3129 καιρὸς
3297 3058 3436 3113 ἔστω
3468 3075 3571 3122 σοι,
3611 3057 3695 3111 κα)
3736 3058 3804 3110 el-

2246 3146 2435 3216 ρήνης,
2465 3145 2557 3198 καὶ
2602 3145 2801 3216 γάμου,
2838 3147 2931 3200 καὶ
2962 3146 3069 3200 τῶν
3116 3147 3177 3199 ού
3226 3148 3426 3217 γάμου,
3476 3148 3571 3202 καὶ
3614 3145 3802 3216 φιλίας,

2245 3231 2339 3284 καὶ
2376 3231 2726 3297 διαστάσεως,
2761 3232 2825 3286 ἂν
2863 3232 3063 3301 ταύτης
3095 3234 3281 3309 δεήσῃ,
3320 3236 3413 3289 καὶ
3453 3234 3652 3298 παντὸς
3680 3233 3803 3295 ὅλως

2244 3324 2598 3394 πράγματος,
2650 3324 2704 3375 εἴ
2763 3342 2816 3387 τι
2872 3326 2950 3398 τῷ
3002 3327 3305 3397 Σολομῶν-τι
3370 3328 3636 3382 πειστέον.
3684 3326 3799 3379 Πει-

2246 3413 2397 3467 στέον
2424 3413 2533 3485 (89)
2561 3413 2667 3474 δέ’,
2687 3416 2781 3471 καὶ
2812 3415 2918 3488 γὰρ
2947 3417 3221 3487 ὠφέλιμος
3255 3419 3287 3488 ἡ
3323 3419 3662 3490 παραίνεσις.
3700 3413 3800 3469 Ἀεὶ

2242 3502 2299 3555 δὲ
2325 3502 2425 3574 τὴν
2459 3504 2731 3575 σωτηρίαν
2765 3504 3018 3575 ἐργάζου,
3060 3507 3155 3559 καὶ
3197 3506 3303 3569 πᾶς
3346 3506 3487 3560 ἔστω
3516 3525 3596 3560 σοι
3627 3502 3800 3575 καιρὸς

2243 3592 2337 3646 τοῦ
2395 3593 2768 3665 βαπτίσματος
2813 3596 2957 3664 ὅρος.
2996 3595 3120 3649 Ἐὰν
3155 3597 3241 3649 ἀεὶ
3271 3597 3333 3649 τὸ
3371 3598 3610 3669 σήμερον
3640 3609 3800 3665 παρα·

2243 3686 2472 3756 τρέχων,
2509 3687 2774 3759 ὲπιτηρῇς
2816 3687 2875 3740 τὸ
2902 3689 2983 3750 εἰς
3010 3687 3216 3759 αὔριον,
3247 3688 3529 3753 λανθάνεις
3559 3688 3664 3758 (90)
3690 3686 3798 3753 τεαῖς

2243 3775 2385 3829 κατά
2412 3776 2603 3847 μικρὸν
2641 3777 2930 3842 ἀναϐολαῖς
2962 3778 3065 3834 ὑπὸ
3096 3778 3190 3833 τοῦ
3236 3780 3481 3851 Πονηροῦ
3515 3776 3799 3847 κλεπτόμε-

2242 3884 2351 3935 νος,
2369 3867 2564 3940 ,ὥσπερ
2600 3869 2710 3941 (91)
2736 3870 2943 3924 ἐκείνου
2970 3872 3187 3942 τρόπος.
3228 3872 3381 3943 Ἐμοὶ
3414 3873 3504 3937 δὸς
3531 3873 3591 3925 τὸ
3617 3866 3794 3941 παρὸν,

2243 3958 2360 4030 Θεῷ
2402 3959 2462 4013 τὸ
2509 3960 2699 4031 μέλλον
2720 3978 2734 3993 ⁶
2771 3964 2894 4033 ἐμοὶ
2930 3964 3030 4033 τὴν
3068 3965 3315 4035 νεότητα,
3346 3964 3464 4035 Θεῷ
3497 3964 3558 4016 τὸ
3592 3962 3759 4032 γῆρας
3778 3973 3792 3989 ⁸

2243 4051 2363 4120 ἐμοὶ
2399 4052 2498 4115 τὰς
2548 4051 2768 4121 ἡδονὰς,
2814 4053 3005 4124 ἐκείνῳ
3068 4054 3164 4126 τὴν
3209 4056 3531 4126 ἀχρηστίαν.
3574 4053 3729 4112 Ὅσος
3768 4047 3794 4100 δ

576 4130 768 4183 annos,
813 4118 923 4173 Deo
972 4121 1205 4187 seniles;
1256 4123 1386 4179 mibi
1429 4124 1753 4196 voluptates,
1788 4131 1898 4187 Deo
1946 4148 2141 4205 corpus

2252 4118 2371 4208 περὶ
2408 4138 2468 4190 σὲ
2498 4118 2770 4203 κίνδυνοςῑ
2801 4142 2901 4196 ὅσα
2936 4118 3005 4196 τά
3044 4118 3170 4214 παρ’
3412 4144 3523 4215 (92)
3551 4138 3794 4213 συμπτὼ-

573 4206 830 4275 eﬂ'etum,
879 4209 1145 4280 nullisque
1203 4214 1389 4270 usibus
1436 4225 1640 4286 aptum.
1672 4218 1905 4287 Verum,
1942 4238 2142 4294 quanto

2252 4206 2425 4299 ματαῑ
2475 4233 2545 4283 Ἠ
2598 4233 2833 4303 πόλεμος
2883 4206 3293 4308 παρανάλωσεν,
3333 4237 3365 4309 ἢ
3418 4206 3636 4306 σεισμὸς
3684 4247 3793 4284 συν·

575 4297 630 4352 in
655 4300 896 4369 periculo
917 4303 1153 4358 versaris
1178 4305 1202 4359 ?
1229 4309 1368 4371 Quot
1394 4322 1661 4379 quamque
1679 4312 1940 4382 inopinati
1960 4332 2137 4372 rerum

572 4392 767 4447 casus?
818 4393 913 4450 Vel
971 4395 1169 4451 bellum
1224 4398 1379 4468 701
1436 4404 1795 4471 oppresserit,
1846 4408 1928 4462 vel
1979 4419 2139 4467 terrae

575 4492 755 4539 motus
790 4486 1072 4555 obruerit,
1106 4490 1190 4544 vcl
1228 4506 1379 4545 mare
1407 4494 1701 4563 exceperit,
1737 4498 1819 4552 vel
1846 4498 2020 4555 bellua
2051 4516 2137 4557 ra-

675 4659 723 4690 "
756 4656 797 4713 ll
812 4658 935 4714 Cor.
970 4677 1045 4725 vt,
1073 4659 1127 4713 2.

796 4782 1165 4867 gmrplpstzq.
1197 4785 1359 4867 Βίας.
1397 4792 1484 4867 bm_
1507 4802 1557 4845 et
1583 4796 1671 4867 ph,
1703 4796 2042 4867 φαινώμεθα.

805 4848 1046 4929 relate.
1085 4848 1433 4929 :l'reshR'euggq
1464 4848 1690 4929 ύγιεῖαν.

667 4918 756 4989 81)
806 4918 1173 4989 Ἐλευθερίων
1204 4918 1584 4995 ζητεῗὶί.Ῥιιίι.,
1618 4932 2011 5023 ἐλευθεριάζειν
2042 4937 2139 5009 ζη-

570 5001 756 5145 ιῒιῗξίὲ)
791 5060 1089 5129 Οικήσεις.
1123 5064 1255 5121 Tres
1300 5066 1493 5138 Regg.,
1518 5080 1641 5125 octo
1669 5071 1822 5129 Colb.
1859 5084 1912 5129 et
1952 5075 2047 5130 Or.
2082 5078 2136 5143 1,

572 5129 1013 5281 “imbrum.
1041 5202 1131 5258 Sic
1160 5215 1391 5275 quatuor
1425 5206 1591 5281 Regg.
1615 5219 1669 5265 et
1692 5212 1873 5267 decem
1898 5213 2048 5274 Colb.
2078 5215 2137 5272 In

571 5269 1066 5460 2(9):???er
1107 5342 1210 5460 Sicl
1246 5359 1489 5460 μηδ(υοῖ
1538 5351 1701 5460 Ιῖἓςς.
1755 5352 2132 5411 θιοᾱιιοιιροῑιιι

688 5426 721 5460 1.
780 5426 809 5460 ll
882 5426 911 5460 Θ
951 5428 999 5460 L'.
1072 5428 1119 5460 IlI
1158 5430 1188 5460 ρ
1247 5432 1296 5460 Ill
1324 5432 1368 5460 ρι
1396 5457 1429 5460 -_
1478 5430 1582 5460 ‘mt-r
1618 5438 1644 5460 υ

570 5408 809 5481 C0lb.__ln
835 5409 999 5481 llegg.
1032 5411 1119 5466 bin
1158 5423 1211 5467 et
1246 5408 1296 5468 ἱιί
1324 5418 1433 5481 ed.,
1455 5408 1664 5474 ἑάυτόῧῖ

570 5546 603 5603 b
640 5478 754 5549 (85)
800 5478 933 5548 Τὴνί
968 5482 1175 5538 νύκτα.
1225 5483 1359 5556 Reg.
1400 5478 1514 5558 ⁸ιιιι,
1564 5490 1623 5543 τὸ
1670 5493 1875 5556 σκότος,
1923 5512 1944 5545 ι
1986 5504 2131 5549 tene-

609 5562 715 5602 ras.
756 5567 775 5601 ι

639 5616 753 5688 (86)
798 5618 882 5686 Τῷ
910 5624 1076 5691 πρωῒ.
1111 5624 1245 5681 Tres
1280 5624 1475 5698 Regg.,
1522 5635 1629 5687 trcs
1667 5631 1815 5688 Colb.
1851 5643 1905 5690 et
1939 5635 2030 5693 Or.
2075 5635 2124 5706 l,

2245 4318 2467 4389 έχωσεν,
2499 4322 2531 4392 ἢ
2564 4322 2804 4376 θάλασσα
2854 4325 3164 4389 ὑπεδέξατο,
3202 4326 3236 4397 ἢ
3269 4327 3454 4397 θηρίον
3481 4317 3792 4397 ἥρπασεν,ῆ

2243 4412 2395 4477 νόσος
2432 4413 2729 4481 ἀπώλεσεν,
2760 4417 2791 4487 ἢ
2820 4415 2912 4486 ψὶξ
2952 4418 3062 4487 (9'5)
3092 4417 3543 4490 παραδραμοῦσα,
3572 4416 3630 4470 τὸ
3669 4426 3791 4481 φαυ-

2241 4503 2460 4559 λότατον
2501 4506 2572 4576 (τί
2614 4507 2721 4579 γὰρ
2760 4508 2854 4561 τοῦ
2916 4508 3206 4564 ἀποθανεῖν
3242 4509 3525 4583 ἄνθρωπον
3572 4499 3790 4561 εὐκολώ-

1227 4663 1273 4694 ⁹⁶
1301 4664 1496 4734 Εριιεε.
1530 4684 1584 4733 v,
1632 4672 1718 4725 14.
1764 4712 1767 4713 ν
1813 4673 1857 4705 ’⁷
1883 4671 1989 4728 Isa.
2024 4691 2252 4741 xxxviii,
2282 4679 2366 4733 l3.
2441 4680 2487 4711 9°
2514 4678 2693 4736 Ecclc.
2720 4696 2799 4746 ιιι,
2826 4682 2850 4735 1
2881 4697 3002 4752 sqq.

2239 4801 2300 4854 τὸ
2324 4803 2481 4873 πρωί.

2463 4873 2689 4957 ξπξῖρε.
2726 4874 3068 4957 Βεςεζβιιῃοῑ
3095 4875 3243 4957 Par.,
3276 4878 3514 4957 σπεῖραι.

2335 4874 2403 4925 87
2463 4874 2689 4942 ΣπεῙρε.
2726 4874 2890 4944 Regg.
2916 4875 2985 4942 plt
3015 4885 3068 4930 ct
3095 4875 3243 4939 Par.,
3276 4878 3514 4947 σπεῖραι.

2333 4874 2571 5025 88)](α1
2614 4945 2949 5025 σιςγςκόμιζε.
2980 4944 3070 5001 Sic
3111 4948 3344 5016 quinque
3395 4950 3559 5015 ltegg.
3599 4951 3650 4998 ct
3688 4949 3783 4993 tres

2310 4943 2421 5065 (88)
2459 4944 2567 4995 Καὶ
2614 4943 2883 5025 συγςκόμιι

2239 5009 2314 5066 C0
2339 5011 2389 5065 ι».
2426 5014 2577 5066 [lecst
2606 5014 2695 5066 καί
2726 5032 2775 5067 ιιι
2800 5017 2883 5067 ed.

2312 5082 2424 5153 (89)
2462 5084 2765 5139 Πειστέον.
2805 5084 2936 5153 Reg.
2962 5086 3069 5151 bm,
3112 5082 3351 5139 πιστέον.
3741 5145 3750 5155 1

2313 5152 2439 5223 (90)
2466 5152 2814 5223 Λανθάνεις.
2862 5157 2953 5209 Sic
2994 5155 3152 5210 Cuisl.
3199 5158 3248 5223 1,
3279 5154 3389 5210 Jes.
3420 5163 3474 5209 et
3510 5150 3667 5207 Cabr.
3701 5145 3781 5199 Stc

2313 5159 2427 5223 (90)
2466 5159 2814 5219 Λανθάνεις.
2862 5159 2953 5209 Sic
2994 5159 3152 5210 Cuisl.
3199 5159 3248 5223 1,

2242 5222 2403 5275 etiam
2429 5222 2551 5289 legit
2584 5222 2787 5277 Billius.
2821 5223 2978 5278 Deest
3003 5227 3052 5279 in
3078 5227 3165 5282 ed.

2242 5431 2446 5502 μέλλον.
2719 5431 2730 5435 ’

2308 5503 2418 5587 (2?)
2460 5503 2899 5587 Elargaz‘keg.
2936 5506 2985 5570 Ι),
3021 5504 3257 5587 ἐλπίδας..

2306 5572 2419 5644 (95)
2460 5575 2528 5631 Ἡ
2562 5576 2692 5643 ψίξ.
2728 5572 2975 5643 Budaeus,
3012 5594 3030 5627 ι
3065 5587 3153 5631 aut
3181 5578 3315 5632 mica
3342 5574 3613 5630 aberrans.
3654 5585 3675 5621 ι
