4050 6298
256 289 360 350 επ

1196 281 1455 353 ΟΙὶΑἸἾΟ
1494 283 1607 353 XL.
1648 331 1714 341 _
1753 299 1821 354 IN
1869 299 2198 357 SANCTUM
2241 302 2607 358 mensam.

3416 304 3523 361 378

257 421 429 471 τερον,
474 401 585 456 κᾶν
642 403 785 474 μέγα
817 407 1020 476 φρονῇς
1064 410 1131 478 τῇ
1158 410 1484 484 είκόνι;),ῆ
1537 412 1697 477 πότος
1742 414 1852 484 (94)

1959 416 2154 485 puerit,
2186 415 2265 467 vel
2311 418 2526 469 morbus
2559 414 2908 477 exstinxerit;
2957 415 3038 468 vel
3071 415 3205 469 mica
3233 416 3403 484 panis,
3431 434 3520 476 res

258 494 587 557 πλεονάσας,
625 495 659 566 ἢ
694 495 893 565 ἄνεμος
928 500 1252 568 κρημνίσας,
1285 501 1317 572 ἢ
1354 502 1522 565 ἵππος
1573 504 1850 574 συναρπά-

257 602 371 646 σας,
412 584 446 654 ἢ
491 585 797 655 φάρμακον
846 586 954 658 (95)
1008 589 1073 641 ὲκ
1131 591 1388 662 προνοίας
1436 592 1847 658 ὲπιϐουλεῦσαν,

253 675 407 744 τυχὸν
451 675 513 727 δὲ
568 678 669 729 κα)⁵
720 677 838 730 ἀντὶ
874 679 1142 750 σωτηρίου
1199 682 1365 749 φανὲν
1420 682 1763 755 δηλητήριον,
1814 686 1847 757 ἢ

251 765 514 836 δικαστὴς
568 767 959 839 ἀπάνθρωπος,
993 770 1025 841 ἢ
1061 771 1252 842 δήμιος
1297 773 1406 843 (96)
1452 775 1846 846 ἀπαραίτητος.

1961 506 2259 571 vilissima,
2309 516 2614 561 transverse
2662 519 2755 574 per
2804 508 2987 561 fauces
3061 521 3287 561 currens
3359 508 3521 579 (quid

1956 597 2097 650 enim
2132 595 2370 650 hominis
2408 596 2626 650 interitu
2674 596 2915 660 facilius,
2954 599 3292 666 quantumvis
3331 598 3400 653 ob
3443 600 3525 654 di-

1952 687 2132 742 vinam
2168 688 2453 757 imaginem
2492 688 2818 759 glorieris?),
2854 688 2938 742 vel
2970 690 3249 744 immodica
3280 692 3520 761 crapula,

1953 778 2037 834 vel
2061 791 2250 833 ventus
2274 780 2325 833 itt
2357 793 2593 848 praeceps
2614 793 2779 848 agens
2800 817 2815 842 ,
2843 778 2926 831 vel
2950 794 3119 847 equus
3142 794 3410 835 sessorem
3438 795 3524 833 se-

251 856 361 926 ἦτι
392 856 507 909 τῶν
561 858 669 912 ὅσα
706 859 967 930 ταχίστην
1014 865 1160 914 ποιεῖ
1206 863 1304 935 τὴν
1358 864 1707 935 μετάστασιν,
1762 868 1855 922 καὶ

1959 885 2077 925 cum
2110 870 2409 938 abripiens,
2443 869 2524 922 vel
2558 869 2910 936 pltarmacum
2940 869 3005 922 de
3040 869 3299 923 industria
3335 870 3400 922 ad
3442 869 3523 922 in-

252 948 505 1018 βοηθείας
540 943 923 1021 ἰσχυροτέραν.

1957 959 2123 1013 sidias
2159 969 2559 1027 comparatum,
2595 956 2823 1011 fortasse
2853 966 3013 1009 ettam
3049 973 3143 1027 pro
3176 959 3395 1013 salutari
3426 974 3520 1027 pc-

158 1120 161 1121 ,
251 1040 506 1095 Stiferutn
536 1042 847 1107 inventum,
884 1043 965 1098 vel
996 1043 1320 1100 inhumanus
1343 1047 1530 1115 judex,
1554 1048 1664 1102 vel'
1695 1049 2043 1105 inexorabilis
2078 1048 2457 1117 carnifex,ch
2482 1049 2715 1118 denique
2774 1049 3042 1118 quidpiam
3114 1063 3332 1117 eorum,
3402 1065 3525 1119 quae

254 1128 491 1183 celerem
529 1139 791 1197 mortem,
823 1141 981 1201 atque
1008 1134 1158 1188 omni
1183 1150 1282 1204 ope
1308 1146 1361 1190 et
1388 1138 1587 1190 auxilio
1620 1139 1953 1210 validiorem,
1974 1141 2229 1199 efﬁciunt.

318 1220 420 1272 lE'.
462 1220 532 1272 El
561 1220 623 1272 δὲ
651 1222 1085 1293 προκαταλάϐοις
1110 1225 1332 1277 σεαυτὸν
1358 1228 1422 1297 τῇ
1450 1227 1726 1297 σφραγῖδι,
1755 1230 1851 1281 καὶ

251 1309 311 1362 τὸ
347 1310 554 1381 μέλλον
589 1314 918 1383 ἁσφαλίσαιο
954 1317 1031 1388 τῷ
1060 1318 1328 1390 καλλίστῳ
1351 1322 1457 1373 τῶν
1489 1321 1849 1392 βοηθημάτων

254 1402 346 1452 καὶ
387 1404 771 1476 περῤοτάτῳ,
823 1406 1150 1477 σημειωθεὶς
1195 1410 1288 1465 καὶ
1322 1410 1498 1482 ψυχὴν
1537 1412 1630 1463 καὶ
1668 1411 1847 1483 σῶμα,

253 1490 327 1561 τῷ
362 1493 644 1563 χρίσματι
692 1496 787 1549 καὶ
830 1497 907 1567 τῷ
945 1497 1241 1569 Πνεύματι,
1286 1501 1361 1564 ὡς
1401 1502 1429 1553 ὁ
1471 1502 1582 1573 (97)
1632 1502 1848 1574 Ἰσραὴλ

255 1581 423 1635 πάλαι
467 1584 555 1655 τῷ
594 1587 893 1658 νυκτερινῴ
926 1589 1022 1642 καὶ
1062 1590 1378 1661 φυλακτικῷ
1413 1592 1520 1644 τῶν
1572 1593 1847 1663 πρωτοτό-

2026 1230 2142 1286 XV.
2178 1230 2247 1285 At
2270 1228 2315 1285 si
2350 1243 2446 1299 per
2488 1226 2814 1299 baptismum
2858 1226 3085 1295 teipsum
3115 1224 3522 1294 prazmunieris,

1956 1337 2021 1378 ac
2046 1323 2417 1391 pulcherrimo
2439 1330 2493 1375 et
2518 1319 2827 1375 firmissimo
2848 1312 3052 1372 auxilio
3077 1318 3170 1372 tibi
3200 1318 3251 1371 in
3282 1316 3520 1372 futurum

1954 1414 2181 1477 caveris,
2216 1413 2453 1466 animum
2488 1411 2692 1466 scilicet
2729 1422 2783 1466 et
2814 1424 3008 1479 c0rpus
3043 1408 3291 1463 unctione
3322 1416 3377 1463 et
3406 1409 3525 1477 Spi-

1954 1505 2057 1559 ritu
2103 1504 2449 1574 consignans,
2476 1500 2923 1572 quemadmodum
2951 1500 3077 1554 olim
3110 1499 3273 1555 Israel
3305 1509 3525 1555 noctur-

1952 1609 2024 1649 no
2057 1594 2146 1647 illo
2173 1608 2387 1657 cruore,
2421 1593 2510 1662 qui
2562 1592 2891 1661 primigenos
2930 1592 3213 1655 tuebatur;
3252 1589 3380 1659 quid
3431 1590 3523 1643 tibi

257 1689 363 1725 κων
394 1675 603 1746 αἵματι
631 1679 778 1747 (98)·
810 1678 863 1730 τί
902 1697 982 1734 σοι
1013 1683 1372 1753 συμϐήσεται,
1406 1683 1501 1735 καὶ
1531 1685 1583 1735 τί
1626 1701 1706 1737 σοι
1743 1701 1841 1736 πε-

1959 1687 2183 1750 accidet,
2215 1696 2270 1741 et
2313 1686 2455 1755 quod
2506 1686 2598 1739 tibi
2638 1685 2944 1754 praesidium
2989 1692 3355 1751 comparatum
3386 1680 3531 1736 erit?

256 1766 730 1835 πραγμάτευται;
762 1767 881 1821 Τῶν
906 1771 1223 1842 Παροιμιῶν
1253 1771 1484 1825 ἄκουσον
1503 1790 1515 1801 ·
1561 1773 1701 1826 Ἐὰν
1736 1773 1844 1846 γὰρ

258 1853 433 1922 κάθῃ,
498 1858 693 1927 φησὶν,
754 1859 978 1928 ἄφοϐος
1027 1862 1177 1931 ἔσῃ·
1244 1864 1378 1918 Ἐὰν
1430 1864 1486 1917 δὲ
1532 1866 1845 1934 καθεύδῃς,

260 1944 451 2012 ἡδέως
480 1948 811 2021 ὐπνὼσεις.
840 1950 949 2005 Καὶ
980 1952 1129 2025 παρὰ
1163 1952 1255 2006 τοῦ
1278 1953 1443 2007 Δαϐὶδ
1462 1954 1850 2025 εὐαγγελίσθη-

260 2051 350 2090 τι·
394 2040 482 2091 Οὐ
522 2040 844 2110 φοϐηθήση
894 2042 1014 2096 ἀπὸ
1063 2045 1250 2112 φόϐου
1304 2027 1673 2114 νυκτερινοῦ,
1731 2046 1850 2100 ἀπὸ

261 2129 729 2199 συμπτώματος,
764 2133 860 2188 καὶ
896 2132 1203 2202 δαιμονίου
1232 2136 1662 2204 μεσημϐρινοῦ.
1714 2136 1757 2187 Τ
1759 2135 1850 2187 οῦ-

262 2218 323 2271 τό
367 2236 452 2272 σοι
482 2224 583 2275 κα)⁵
619 2222 781 2288 ζῶντι
820 2226 1077 2293 μέγιστον
1115 2227 1195 2288 εἰς
1216 2226 1533 2294 ἀσφάλειαν.
1574 2227 1851 2298 Πρόϐατον

265 2308 371 2380 γὰρ
400 2313 848 2386 ἐσφραγισμένον
888 2317 946 2369 οὑ
985 2317 1183 2388 ῥαδίως
1224 2318 1655 2383 ἐπιϐουλεύεται,
1692 2320 1753 2373 τὸ
1795 2319 1852 2372 δὲ

267 2400 585 2473 ἀσήμαντον
617 2408 877 2471 κλέπταις
902 2408 1169 2461 εὐάλωτον
1193 2425 1208 2441 ³
1240 2411 1333 2463 καὶ
1360 2409 1647 2463 ἀπελθόντι
1682 2408 1853 2474 δεξιὸν

268 2492 545 2564 ἐντάφιον,
583 2496 811 2568 ἐσθῆτος
835 2499 1230 2571 λαμπρότερον,
1270 2500 1471 2572 χρυσοῦ
1507 2500 1851 2571 τιμιώτερον,

267 2585 439 2653 τάφου
474 2588 1080 2661 μεγαλοπρεπέστερον,
1114 2592 1321 2659 ἀγόνων
1358 2591 1498 2662 χοῶν
1537 2590 1857 2645 εὐσεϐέστε-

273 2690 363 2745 ρον
397 2677 537 2747 (99),
573 2680 953 2751 ἀπαργμάτων
996 2681 1174 2752 ὡρίων
1216 2681 1591 2753 καιριώτερον,
1630 2675 1702 2735 ὧν
1742 2684 1857 2746 τοῖς

271 2773 491 2839 νεκροῖς
529 2772 578 2824 οί
611 2773 793 2843 νεκροὶ
816 2773 1149 2844 χαρίζονται,
1185 2774 1346 2844 νόμον
1378 2774 1733 2845 ποιησάμενοι
1762 2772 1857 2844 τὴν

275 2859 590 2929 συνήθειαν.
627 2861 812 2915 Πάντα
843 2864 1072 2934 οἰχέσθω
1104 2881 1204 2929 σοι,
1240 2866 1415 2917 πάντα
1452 2863 1855 2936 διαρπαζέσθω,

274 2947 561 3017 χρήματα,
620 2952 895 3023 κτήματα,
941 2953 1141 3023 θρόνοι,
1189 2954 1591 3025 λαμπρότητες,
1620 2956 1720 3009 ὅσα
1759 2956 1857 3026 τῆς

1948 1773 2086 1827 Audi
2128 1771 2430 1828 Salomonis
2489 1772 2828 1828 Proverbia:
2863 1772 2919 1826 Si
2954 1772 3174 1837 sederis,
3222 1771 3319 1836 ait,
3369 1772 3527 1825 intre-

1948 1861 2102 1930 pidus
2144 1861 2283 1924 eris;
2318 1863 2361 1914 si
2395 1861 2691 1928 dormieris,
2738 1877 2945 1915 suavem
2973 1876 3210 1914 somnum
3257 1876 3437 1929 carpes
3458 1861 3523 1916 ”.

1949 1952 2089 2005 Audi
2116 1952 2274 2005 etiam
2305 1952 2430 2021 quid
2473 1953 2563 2007 tibi
2596 1952 2702 2006 laeti
2746 1952 2954 2005 nuntiet
2982 1950 3148 2003 David
3182 1966 3197 2002 :
3230 1948 3352 2004 Non
3380 1951 3527 2003 time-

1952 2041 2029 2095 bis
2050 2080 2066 2106 ,
2101 2041 2311 2111 inquit,
2344 2058 2375 2094 a
2399 2043 2586 2095 timore
2623 2051 2895 2105 nocturno,
2931 2042 2994 2094 ab
3026 2042 3238 2093 incursu
3261 2079 3276 2103 ,
3307 2050 3352 2093 et
3413 2042 3525 2094 dae-

1952 2132 2128 2186 monio
2159 2130 2447 2186 meridiano
2478 2134 2517 2186 ¹.
2544 2131 2654 2187 lloc
2682 2132 2770 2186 tibi
2796 2144 2848 2185 et
2871 2134 3093 2198 viventi,
3136 2133 3427 2186 maximum
3458 2132 3526 2185 ad

1952 2220 2301 2276 securitatem
2350 2231 2680 2276 momentum
2707 2221 2896 2277 afferet
2926 2222 3111 2292 (pecus
3144 2225 3284 2277 enim
3318 2222 3523 2292 signata

1954 2326 2062 2367 non
2116 2312 2274 2367 facile
2326 2313 2541 2369 insidiis
2573 2315 2866 2384 appetitur,
2914 2329 3033 2383 quae
3088 2325 3264 2370 autem
3308 2315 3526 2368 minime

1955 2403 2166 2471 signata
2212 2413 2328 2471 est,
2376 2420 2407 2459 a
2456 2405 2664 2460 furibus
2697 2404 2856 2461 facile
2887 2408 3005 2475 capi
3051 2406 3287 2477 potest);
3339 2415 3394 2461 et
3418 2408 3524 2460 vita

1955 2493 2239 2564 perfuncto
2259 2538 2273 2562 ,
2299 2497 2639 2550 commodum
2670 2497 2935 2565 quoddam
2961 2537 2976 2561 ,
3012 2507 3265 2567 tanquam
3300 2496 3528 2553 funebre

1957 2600 2186 2652 munus,
2215 2584 2453 2640 futurum
2483 2596 2603 2652 est,
2631 2598 2779 2643 veste
2826 2588 3155 2657 splendidius
3179 2628 3193 2653 ,
3231 2604 3362 2643 auro
3389 2604 3528 2657 prte-

1957 2677 2211 2741 stantius,
2236 2676 2439 2731 tumulo
2463 2677 2914 2747 magnificentius,
2943 2679 3288 2733 infructuosis
3310 2679 3528 2733 libami-

1959 2767 2115 2823 nibus
2169 2768 2496 2837 religiosius,
2551 2776 2887 2824 maturorum
2950 2769 3215 2825 fructuum
3271 2769 3526 2839 primitiis

1959 2860 2359 2928 tempestivius,
2392 2860 2564 2929 iisque
2600 2860 2852 2915 omnibus
2903 2862 3102 2927 rebus,
3132 2876 3267 2928 quas
3289 2860 3514 2915 .mortui

1962 2950 2187 3006 mortuis
2230 2952 2548 3022 largiuntur,
2582 2952 3025 3007 consuetudinem
3061 2966 3158 3021 pro
3189 2951 3305 3021 lege
3327 2952 3525 3007 obser-

275 3035 426 3092 κάτω
458 3044 799 3112 περιφορᾶς·
837 3044 900 3097 σὺ
948 3043 1005 3095 δὲ
1038 3043 1113 3114 (1)
1152 3044 1451 3098 κατάλυσον
1491 3046 1550 3097 ὲν
1592 3046 1856 3116 ἀσφαλείᾳ

1960 3050 2168 3098 vantes.
2202 3040 2397 3097 Omnia
2432 3042 2523 3096 tibi
2550 3052 2814 3113 pereant,
2846 3043 3028 3098 omnia
3061 3042 3406 3114 diripiantur,
3435 3057 3529 3111 pe-

277 3127 367 3181 τδν
389 3129 529 3199 βίον,
562 3132 727 3202 μηδὲν
752 3133 1047 3205 ζημιωθεὶς
1179 3135 1287 3188 τῶν
1311 3137 1377 3189 ὲκ
1404 3135 1539 3190 Θεοῦ
1568 3153 1649 3189 σοι
1677 3136 1858 3190 δοθέν-

277 3233 384 3274 των
413 3224 496 3287 είς
537 3225 809 3295 σωτηρίαν
843 3224 1226 3298 βοηθημάτων.

1957 3133 2152 3199 cuniae,
2186 3134 2381 3203 ιιι-τεοῖο
2408 3174 2424 3200 ,
2457 3134 2635 3188 throni
2660 3173 2678 3201 ,
2709 3134 3019 3204 splendores
3038 3172 3054 3201 ,
3081 3149 3144 3189 ac
3172 3132 3390 3201 caete'ra,’
3411 3147 3531 3203 quae

1957 3238 2108 3293 vagae
2136 3234 2295 3292 atque
2330 3223 2547 3278 incertae
2571 3224 2730 3293 hujus
2758 3226 2882 3279 vita:
2908 3237 3032 3279 sunt
3057 3243 3071 3280 :
3104 3233 3159 3279 tu
3185 3238 3308 3279 vero
3338 3238 3530 3280 secura

280 3320 334 3366 et
367 3317 659 3384 tranquilla
693 3328 870 3372 mente
893 3320 1033 3374 diem
1065 3321 1311 3376 ultimum
1346 3322 1559 3386 claude,
1594 3321 1741 3377 nullo
1777 3335 1842 3378 ex
1882 3322 2156 3387 omnibus,
2211 3335 2330 3390 qua:
2379 3320 2475 3375 Dei
2525 3322 2786 3376 beneficio
2842 3322 2936 3377 tibi
3017 3324 3085 3376 ad
3138 3322 3366 3377 salutem
3398 3335 3531 3376 con-

280 3417 430 3459 cessa
457 3415 606 3471 sunt,
637 3406 840 3462 auxilio
873 3407 1184 3463 destitutus.

348 3498 467 3567 1C7.
522 3498 683 3551 Ἀλλὰ
726 3501 886 3574 φοϐῇ,
920 3503 995 3574 μὴ
1018 3502 1338 3576 διαφθείρῃς
1373 3502 1435 3555 τὸ
1468 3502 1735 3574 χάρισμα,
1771 3502 1864 3556 καὶ

281 3589 367 3643 διά
407 3590 569 3645 τοῦτο
604 3592 882 3665 ἀναϐάλλῃ
920 3593 1018 3665 τὴν
1063 3594 1349 3665 κάθαρσιν,
1373 3594 1448 3657 ὡς
1480 3593 1736 3663 δευτέραν
1764 3592 1864 3647 οὐκ

282 3680 454 3753 ἓχων;
483 3684 550 3736 Τί
584 3683 698 3748 δαί;
730 3685 803 3737 Οὐ
842 3684 1002 3755 φοϐῇ,
1035 3684 1109 3755 μὴ
1148 3684 1346 3756 διῶκτῃ
1378 3676 1559 3756 καιρῷ
1589 3683 1863 3737 κινδυνεύ-

284 3788 400 3845 σῃς,
433 3773 531 3826 καὶ
567 3773 627 3825 τὸ
653 3774 904 3844 μέγιστον
945 3768 1020 3827 ὧν
1047 3774 1210 3844 ἔχεις,
1240 3772 1542 3845 ἀφαιρεθῇς
1583 3774 1819 3843 Χριστόν
1845 3788 1859 3838 ;

282 3858 404 3935 Ἀρ*
435 3860 528 3917 οὖν
567 3864 657 3918 διὰ
693 3863 853 3918 τοῦτο
896 3864 1064 3935 φεύξῃ
1097 3864 1193 3917 καὶ
1227 3864 1288 3917 τὸ
1319 3864 1570 3934 γενέσθαι
1602 3866 1862 3935 Χριστια-

283 3953 402 4020 Ws;
435 3957 686 4023 Ἀπαγεί
720 3955 831 4026 Οὐχ
852 3955 1183 4024 ὑγιαίνοντος
1202 3955 1229 4007 ὁ
1261 3954 1422 4024 φόϐος
1449 3955 1544 4025 (5),
1577 3971 1860 4026 παραφρο-

285 4045 497 4109 νοῦντος
529 4048 558 4099 ό
582 4045 859 4116 λογισμός.
892 4046 955 4097 Ὦ
976 4048 1072 4115 τῆς
1098 4043 1426 4108 ἀνευλαϐοὖς
1463 4043 1768 4108 εὐλαϐείας,
1810 4045 1861 4097 εί

284 4134 363 4189 δεῖ
387 4136 547 4189 τοῦτο
575 4136 781 4189 είπείνί
831 4134 877 4188 ῶ
914 4134 1024 4188 τῶν
1062 4133 1157 4187 τοῦ
1194 4133 1429 4207 πονηροῦ
1475 4134 1855 4204 σοφισμάτωνί

291 4228 493 4291 Ὄντως
516 4228 707 4291 σκότος
736 4228 871 4289 ἐστὶ,
898 4226 991 4280 καὶ
1019 4226 1134 4296 φῶς
1164 4227 1529 4299 ὑποκρίνεται.
1565 4226 1729 4278 Ὅταν
1757 4244 1862 4296 μη-

288 4316 369 4372 δὲν
402 4320 597 4391 ἰσχύσῃ
645 4317 892 4390 φανερῶς
930 4317 1202 4389 πολεμῶν,
1237 4318 1460 4388 ἀφανῶς
1504 4317 1857 4372 ἐπιϐουλεύει.

350 4434 398 4467 ⁸⁸
436 4432 595 4488 Prov.
627 4447 710 4497 ttt,
746 4431 837 4487 2i.
918 4432 935 4463 ⁸
974 4428 1116 4488 Psal.
1149 4446 1238 4499 xc,
1269 4430 1325 4490 5.

2042 3496 2181 3551 XVI.
2209 3497 2276 3551 At
2313 3497 2539 3561 metuis,
2570 3512 2639 3553 ne
2667 3496 2894 3568 gratiam
2926 3512 3274 3564 corrumpas,
3303 3511 3367 3550 ac
3403 3511 3531 3566 pro-

1963 3587 2088 3641 inde
2116 3587 2417 3656 purgationi
2452 3603 2655 3641 moratn
2686 3589 2935 3656 producis
2962 3627 2977 3651 ,
3020 3597 3203 3656 utpote
3230 3588 3431 3641 nullam
3454 3589 3533 3644 al-

1963 3679 2266 3747 teratnjam
2299 3679 2436 3732 ultra
2486 3680 2728 3735 habens?
2771 3681 2931 3750 702
2971 3681 3107 3746 Quid
3152 3681 3366 3734 autem?
3415 3680 3531 3736 Non

1959 3771 2186 3838 vereris,
2223 3786 2291 3825 ne
2321 3772 2713 3840 persecutionis
2746 3782 2986 3842 tempore
3022 3774 3073 3827 in
3104 3774 3402 3843 periculum
3434 3775 3528 3827 ad-

1960 3861 2212 3929 ducaris,
2262 3876 2327 3915 ac
2367 3861 2586 3917 Christo
2613 3903 2629 3929 ,
2675 3866 3024 3933 possessione
3078 3867 3317 3918 omnium
3342 3904 3358 3929 ,
3398 3879 3535 3937 quas

1962 3952 2164 4018 habes,
2218 3954 2702 4024 praestantissima,
2744 3956 3029 4025 spolieris?
3076 3956 3210 4010 Num
3256 3957 3417 4027 igitur
3464 3958 3534 4011 ob

1963 4045 2103 4103 hanc
2125 4063 2341 4104 causam
2373 4065 2402 4105 a
2436 4052 2779 4122 suscipiendo
2813 4053 3231 4107 tibristianismo
3259 4053 3533 4123 refugies?

1962 4137 2157 4195 Absit!
2189 4139 2302 4196 Non
2342 4151 2427 4195 est
2463 4143 2582 4196 sani
2633 4143 2868 4198 hominis
2895 4144 2981 4199 hic
3016 4155 3190 4199 metus
3222 4162 3237 4198 :
3268 4144 3535 4213 desipien-

1963 4229 2034 4285 tis
2084 4240 2169 4286 est
2214 4231 2328 4287 haec
2375 4234 2654 4303 cogitatio.
2686 4233 2730 4288 Ο
2766 4233 3031 4289 incautam
3058 4275 3074 4300 ,
3113 4245 3170 4289 ut
3208 4234 3280 4288 ita
3321 4235 3532 4304 loquar,

1968 4323 2306 4379 cautionem!
2348 4323 2392 4379 0
2431 4325 2674 4394 ingentes
2700 4326 2852 4393 pravi
2896 4325 3039 4381 illius
3065 4327 3361 4382 versutiasl
3399 4326 3533 4380 Vere

356 4569 469 4641 (94)
507 4568 715 4641 Πότος.
778 4567 861 4641 ln_
886 4566 1159 4641 nonnullis
1182 4608 1231 4641 ,_
1256 4576 1311 4622 et
1367 4568 1610 4641 quidem
1649 4567 1856 4641 optima:

2030 4566 2151 4641 ((99)
2197 4566 2456 4641 Ἀγόνῳις
2484 4566 2642 4641 χοῶν
2670 4564 3118 4641 εὐσεϐέστερον.
3170 4566 3353 4625 Schol.
3409 4566 3532 4623 Τῶν

289 4637 458 4762 getae,
481 4638 747 4709 ποταμός,
790 4657 811 4690 ι
830 4637 1024 4693 ﬂuvius
1055 4639 1386 4695 exundans.»
1415 4638 1505 4695 Sic
1543 4639 1706 4693 etiam
1734 4639 1864 4709 legit

337 4720 520 4762 tcetas.

337 4720 520 4762 tcetas.

356 4778 466 4848 (95)
502 4778 571 4833 Ἢ
619 4776 957 4847 φάρμακον,
993 4784 1099 4832 etc.
1149 4775 1366 4833 Nicetas
1417 4777 1467 4832 id
1520 4776 1755 4848 exponit
1795 4776 1862 4848 de

290 4846 582 4916 pharmaco
616 4846 863 4903 consulto
919 4857 1237 4915 temperato,
1272 4863 1366 4902 seu
1407 4846 1633 4910 veneno,
1674 4846 1757 4900 vel
1795 4846 1862 4900 de

289 4918 582 5037 sharmaco
614 4918 683 4973 ad
724 4917 1099 4987 purgationem
1133 4918 1348 4985 quidem
1385 4926 1440 4971 et
1470 4917 1719 4979 salutem,
1755 4930 1863 4969 meo

326 5000 533 5037 reorum
582 4988 857 5037 oninione.
907 4995 1196 5037 porrecto:
1244 5001 1428 5037 verum
1475 4988 1595 5037 inso
1640 4995 1857 5037 eventu.

326 4986 533 5056 icorum
582 4986 857 5056 opinione,
907 4995 1196 5055 porrecto;
1244 5001 1428 5041 verum
1475 4988 1595 5055 ipso
1640 4995 1857 5051 eventu,

292 5055 505 5110 exitiale
539 5070 603 5110 ac
620 5055 831 5110 ’letbale
857 5058 1097 5111 invento.

360 5125 473 5196 (96)
501 5127 579 5181 Ἦ
601 5124 836 5195 δήμιος,
868 5134 974 5181 etc.
1010 5125 1187 5181 Nicet.
1222 5125 1255 5196 ἢ
1284 5125 1477 5196 δῆμος,
1521 5142 1543 5177 c
1585 5123 1865 5196 velifactio

292 5192 459 5260 plebis
490 5192 865 5268 inexorabilis,
894 5213 913 5248 ι
937 5210 1044 5265 qua
1066 5208 1208 5267 saepe
1229 5192 1472 5268 contigit,
1501 5203 1560 5249 ut
1592 5195 1692 5249 viri
1726 5194 1859 5250 insi-

294 5277 419 5330 gnes
451 5267 730 5330 perierint.

361 5334 613 5407 (97))ῼς
656 5338 709 5407 ὁ.
748 5334 843 5392 Sic
878 5334 1115 5406 quinque
1163 5336 1333 5407 Regg.
1374 5343 1426 5393 et
1470 5352 1661 5393 novem
1707 5336 1859 5394 Colb.

292 5396 506 5456 Deest'o
544 5396 603 5457 ili
631 5406 720 5459 ed.

372 5472 483 5541 (98)
508 5474 738 5544 Αἵματι.
768 5475 859 5532 Sic
875 5474 1055 5547 plures
1077 5475 1243 5547 Regg.
1269 5482 1323 5529 et
1342 5473 1502 5547 Colb.
1532 5475 1626 5530 0r.
1655 5478 1705 5545 l,
1728 5485 1859 5542 etc.,
1960 5518 1963 5521 ›

292 5546 871 5621 ιιιιοιςιιιηηοιιειυιιίιοιο
915 5545 1232 5621 delevimus,
1264 5546 1683 5621 ica‘txpiopam,
1740 5564 1760 5598 ι
1808 5558 1863 5603 et

293 5613 702 5685 unctionibus”
750 5631 870 5685 qua:
921 5615 978 5685 in
1022 5616 1112 5670 ed.
1162 5613 1469 5685 immediate
1517 5613 1855 5685 'sequuntur.

293 5680 399 5739 Has
429 5681 595 5739 etiam
622 5680 785 5741 voces
809 5699 910 5742 nec
933 5683 1151 5769 Hicetas
1171 5699 1271 5743 nec
1292 5684 1480 5744 Billius
1503 5680 1823 5755 agnoscunt.

1966 4640 2080 4701 τοῖς
2121 4640 2333 4707 νεκροῖς
2378 4637 2698 4707 διδομένωνο
2765 4657 2783 4690 c
2815 4636 3096 4691 Libamina
3144 4653 3263 4706 qua:
3309 4643 3534 4694 mortuis

1950 4708 2350 4765 offerebantur.
2381 4725 2400 4759 ι
2451 4707 2541 4762 Illa
2590 4722 2751 4776 porro
2802 4708 3122 4763 constabant
3172 4709 3315 4773 vino,
3350 4709 3528 4773 melle,

1966 4780 2105 4833 lacte
2133 4787 2184 4830 et
2213 4777 2350 4839 oleo,
2404 4792 2466 4830 ac
2510 4784 2840 4831 mmtuorum
2871 4776 3132 4845 sepulcris
3161 4792 3187 4829 a
3218 4778 3530 4846 parentibus

1964 4859 2019 4904 et
2040 4847 2350 4916 prOpinquis
2368 4846 2806 4901 infundebantur.
2826 4848 3081 4916 Dicuntur
3099 4866 3116 4897 ‹
3143 4847 3492 4914 inl'rttcwosa,
3507 4866 3525 4899 ι

1966 4915 2115 4987 quod
2149 4918 2501 4971 cadaveribus
2526 4917 2982 4987 impenderentur.
3013 4915 3068 4969 In
3091 4916 3175 4970 his
3208 4928 3383 4972 autem
3412 4928 3533 4972 erat

1967 4985 2429 5056 quaedampietas,
2470 4987 2627 5053 idque
2655 4995 2861 5054 spectat
2896 4985 3137 5053 Gregorii
3168 4987 3521 5055 comparatio.

1971 5055 2158 5111 Billitts
2213 5055 2264 5108 in
2323 5057 2467 5110 notis
2522 5072 2641 5110 cum
2698 5056 2982 5120 Hervagio,
3035 5058 3369 5110 commodius
3424 5057 3524 5126 legi

1968 5127 2216 5197 ἀγώνων,
2256 5142 2275 5177 ι
2298 5127 2641 5197 certamina}
2666 5126 2982 5197 arbitratur,
3012 5127 3134 5197 quia
3169 5126 3526 5197 scilicet‘olim

1968 5195 2119 5252 varia
2159 5197 2456 5250 certamina
2497 5196 2549 5247 in
2600 5195 2877 5249 funeribus
2925 5196 3347 5251 clarissimorum
3381 5195 3527 5249 viro-

1970 5283 2089 5321 rum
2135 5265 2593 5336 proponebantur.
2636 5264 2741 5317 Sed
2794 5264 2926 5319 nihil
2974 5279 3107 5332 opus
3148 5277 3227 5321 est
3279 5263 3528 5335 Gregorii

1970 5336 2371 5406 similitudinem
2396 5336 2460 5386 ad
2487 5337 2602 5406 haec
2617 5336 2916 5406 certamina
2941 5335 3361 5406 detorquere,ut
3386 5344 3532 5391 recte

1969 5405 2322 5463 Combelisius
2350 5416 2537 5457 contra
2568 5401 2779 5457 Billium
2806 5407 3076 5459 observat.

2066 5477 2116 5544 l)
2150 5473 2233 5528 Σὺ
2262 5473 2350 5526 δέ.
2389 5474 2519 5544 Reg.
2553 5474 2621 5541 plt
2647 5474 2816 5538 addit,
2858 5474 2965 5544 μοί.

2061 5547 2117 5614 2)
2155 5543 2496 5616 Ζημιωθεζς.
2530 5544 2703 5616 Cois].
2730 5544 2781 5609 1,
2808 5543 3112 5616 ζημιωθῇς.

2040 5614 2119 5672 t5)
2160 5616 2373 5684 Φόϐος.
2402 5614 2616 5682 C0tnb.,
2650 5614 2825 5681 λόγος,
2861 5614 3094 5672 isemto.
3116 5633 3137 5670 ο
