4050 6298
491 301 596 358 379
1691 295 1748 353 S.
1791 295 2123 354 GREGORII
2161 292 2514 351 THEOLOGI
3637 295 3766 352 58G

487 416 582 475 ille
637 411 813 484 caligo
855 418 957 478 est,
995 418 1051 467 et
1089 410 1266 466 lucem
1315 409 1629 464 ementitur.
1689 411 1824 466 Cum
1877 421 2063 482 aperto

2173 412 2273 464 Καὶ
2310 410 2520 479 γίνεται
2545 406 2849 480 σύμϐουλος
2870 408 2946 473 ὡς
2977 409 3212 480 χρηστὸς
3245 408 3342 481 (ι),
3372 409 3447 464 ὢν
3475 413 3712 486 πονηρός
3740 423 3765 438 ⁶

487 516 662 564 marte
692 504 821 560 nihil
850 503 1081 574 perlicit,
1113 502 1340 576 insidias
1367 504 1596 557 obscure
1621 502 1826 570 tendit;
1858 511 1912 558 et
1937 517 2058 558 cum

475 612 687 668 pravus
713 597 801 661 sit,
835 595 987 664 quasi
1021 595 1287 649 humanus
1316 607 1380 647 ac
1424 593 1564 648 bene
1591 593 1847 658 aﬁectus,
1880 593 2062 648 consi-

489 687 619 743 lium
644 689 756 752 dat,
790 697 844 740 ut
893 685 1150 740 alterutro
1185 697 1334 741 certe
1369 685 1526 740 modo
1557 687 1805 754 superior
1843 687 2092 758 omnino.

489 779 752 843 discedat,
783 791 882 831 nec
909 775 1016 831 ulla
1045 775 1255 830 ratione
1278 777 1445 844 ipsius
1475 776 1700 830 insidias
1721 775 2060 847 emugiamus.

425 893 441 911 α
489 867 547 925 ld
583 871 724 940 quod
779 870 866 924 hic
905 883 1121 937 quoque
1166 869 1448 937 perspicue
1488 868 1728 922 molitur.
1773 868 1908 921 Nam
1941 884 2061 923 cum

491 958 587 1014 tibi
646 961 698 1012 in
750 958 988 1010 animum
1047 956 1304 1010 inducere
1353 965 1609 1025 nequeat,
1649 963 1705 1008 ut
1737 955 2061 1025 baptismum

489 1051 668 1122 palam
716 1059 1009 1120 aperteque
1049 1057 1364 1103 contemnas
1404 1063 1467 1102 ac
1512 1063 1609 1116 pro
1651 1047 1818 1102 nihilo
1863 1049 2060 1114 ducas,

490 1155 590 1211 per
638 1144 818 1195 ﬁctam
867 1139 1172 1196 cautionem
1218 1148 1268 1194 te
1315 1153 1380 1193 eo
1426 1139 1693 1204 mulctat,
1724 1147 1781 1193 ut
1834 1139 1886 1194 in
1941 1153 2060 1194 eam

492 1231 734 1286 fraudem
754 1273 768 1298 ,
807 1245 967 1299 quam
1002 1229 1199 1284 metuis
1225 1269 1239 1294 ,
1279 1229 1594 1298 imprudens
1624 1244 1719 1298 per
1749 1231 2062 1284 metum-in-

471 1318 684 1384 cidas;
714 1327 768 1373 et
798 1317 926 1372 dum
958 1317 1135 1384 times,
1160 1332 1229 1373 ne
1261 1319 1458 1372 donum
1491 1333 1830 1387 corrumpas,
1859 1334 1920 1373 ea
1948 1323 2061 1387 ipsa

491 1409 560 1464 de
581 1425 744 1464 causa
781 1410 848 1466 ab
885 1409 985 1465 hoc
1015 1424 1238 1478 prorsus
1265 1409 1502 1464 excidas.
1527 1409 1702 1477 Atque
1735 1409 1822 1462 ille
1846 1410 2060 1478 quidem

493 1500 596 1557 hoc
641 1502 856 1572 ingenio
903 1512 984 1557 est
1008 1543 1022 1567 ,
1061 1517 1160 1556 nec
1194 1516 1429 1570 unquam
1459 1501 1710 1555 versutize
1755 1516 1865 1554 suae
1902 1501 2060 1554 linem

492 1599 714 1658 statuet,
744 1593 979 1662 quandiu
1010 1608 1107 1646 nos
1131 1593 1198 1647 ad
1229 1592 1428 1646 coelum
1457 1601 1810 1660 properantes
1838 1593 2060 1661 videbit,

492 1682 639 1738 unde
670 1682 787 1752 ipse
831 1683 1067 1754 dejectus
1099 1693 1200 1738 est.
1239 1682 1317 1736 Tu
1348 1691 1548 1749 autem,
1580 1698 1613 1737 o
1649 1683 1807 1737 homo
1836 1685 1951 1746 Dei.
1980 1685 2064 1738 fac

2170 506 2238 558 ἶν’
2274 505 2354 558 ἐνί
2383 503 2553 575 γε-τῷ
2581 503 2767 574 τρόπῳ
2800 503 3017 566 πάντως
3049 503 3261 574 ἰσχύσῃ,
3299 503 3391 557 καὶ
3437 505 3767 576 μηδαμοθεν
3847 496 3858 504 ”

2169 593 2333 648 αι’)τοῦ
2363 594 2463 664 τὴν
2490 593 2782 664 ἐπιϐουλὴν
2801 593 3171 664 διαφύγωμεν.
3206 592 3382 666 ’Ὅπερ
3401 592 3494 649 οὖν
3523 596 3766 652 κάνταῦ-

2169 686 2238 740 θα
2281 686 2466 755 σαφῶς
2491 683 2832 756 τεχνάζεται.
2866 685 2938 738 Τὸ
2966 685 3075 756 γὰρ
3101 687 3347 758 φανερῶς
3388 693 3766 766 καταφρονεῖν

2153 775 2260 828 τοῦ
2293 775 2671 845 βαπτίσματος
2703 774 2908 828 πείθειν
2931 775 3030 827 οὐκ
3053 774 3208 845 ἔχων,
3237 775 3422 844 ζημιοῖ
3449 793 3505 829 σε
3531 778 3622 832 διὰ
3651 778 3766 851 τῆς

2170 869 2409 938 πλαστῆς
2443 867 2761 937 ἀσφαλείας,
2810 867 2874 919 ἵν’
2917 866 2945 919 ὃ
2986 866 3122 937 φοϐῇ
3153 883 3215 935 γε
3246 867 3344 934 (5),
3383 867 3542 920 τοῦτο
3580 869 3766 938 λάθῃς

2170 958 2358 1013 παθὼν
2389 959 2476 1012 διὰ
2498 959 2592 1011 τοῦ
2625 958 2790 1026 φόϐοι.
2824 974 2835 989 ο
2855 957 2949 1011 καὶ
2975 958 3035 1009 τὸ
3061 957 3276 1028 φθεῖραι
3313 957 3409 1028 τὴν
3427 959 3636 1029 δωρεὰν
3663 961 3762 1012 δε.-

2168 1048 2380 1113 δοικὼς,
2422 1048 2572 1118 αὐτῷ
2596 1047 2770 1118 τούτῳ
2802 1047 2876 1116 (ϐ)
2899 1051 2997 1118 τῆς
3028 1048 3236 1120 δωρεᾶς
3266 1049 3524 1121 ὲκπέσῃς.
3565 1051 3622 1103 Ὁ
3652 1051 3762 1120 μὲν

2169 1136 2260 1194 οὗν
2283 1140 2518 1204 τοιοῦτός
2543 1143 2680 1203 ἐστι,
2709 1140 2800 1192 καὶ
2826 1138 3020 1194 οθποτε
3051 1139 3318 1200 παύσεται
3338 1140 3436 1208 τῆς
3457 1140 3652 1193 ἑαυτοῦ
3674 1141 3763 1193 δι·-

2169 1230 2358 1301 πλόης,
2413 1231 2517 1294 ἕως
2573 1231 2638 1284 ἂν
2687 1230 2857 1306 βλέπῃ
2903 1231 3040 1301 πρὸς
3084 1231 3307 1302 οὐρανὸν
3362 1232 3760 1302 ἐπειγομένους

2169 1322 2336 1392 ἡμᾶς,
2380 1321 2502 1374 ὅθεν
2545 1321 2707 1383 αὐτὸς
2737 1321 3089 1373 ἐκπέπτωκεν
3124 1322 3219 1390 (7).
3251 1321 3323 1374 Σὺ
3349 1320 3425 1384 δὲ,
3453 1314 3497 1373 ὦ
3538 1319 3762 1392 ἄνθρω-

2170 1427 2237 1462 πε
2275 1409 2350 1478 (8)
2379 1408 2471 1462 τοῦ
2502 1409 2661 1474 Θεοῦ,
2699 1408 2868 1477 γνῶθι
2915 1409 3014 1480 τὴν
3045 1409 3336 1480 ἐπιϐουλὴν
3379 1409 3473 1463 τοῦ
3507 1410 3764 1464 ἀντικει-

2173 1499 2354 1572 μένου.
2389 1500 2530 1572 Πρὸς
2562 1501 2670 1572 γάρ
2701 1501 2792 1552 τὸν
2837 1499 3027 1570 ἔχοντα
3063 1499 3161 1570 (9),
3198 1500 3290 1553 καὶ
3328 1500 3466 1571 ὑπὲρ
3499 1499 3606 1553 τῶν
3653 1516 3761 1570 με-

2169 1591 2390 1660 γίστων,
2429 1593 2463 1660 ἡ
2512 1590 2682 1661 μάχη.
2719 1589 2810 1660 Μὴ
2842 1589 3012 1661 λάϐῃς
3045 1587 3346 1659 σύμϐουλον
3385 1589 3476 1641 τὸν
3517 1588 3755 1659 ἐχθρόν·

2175 1683 2248 1754 μὴ
2275 1683 2699 1755 καταφρονήσῃς
2729 1680 2823 1734 τοῦ
2855 1681 3082 1734 ἀκοῦσαι
3125 1681 3218 1734 καὶ
3251 1679 3500 1748 γενέσθαι
3534 1679 3757 1742 πιστός.

493 1771 790 1826 adversarii
819 1772 1045 1827 insidias
1090 1773 1335 1842 cognitas
1374 1772 1595 1827 habeas.
1623 1773 1832 1828 Etenim
1871 1774 2064 1828 adver-

2173 1772 2314 1833 Ἐως
2345 1766 2392 1822 εἴ
2437 1770 2861 1842 κατηχούμενος,
2917 1769 2974 1826 ὲν
3019 1769 3312 1841 προθύροις
3363 1766 3414 1822 εἴ
3455 1771 3556 1840 τῆς
3603 1769 3764 1821 εὐσε-

494 1876 587 1917 sus
646 1863 971 1930 habentem,
1037 1873 1092 1916 et
1143 1864 1207 1917 de
1255 1864 1414 1918 rebus
1463 1866 1746 1928 maximis,
1791 1875 2064 1920 certamen

2173 1863 2340 1926 ϐείας.
2372 1864 2516 1916 Εἴσω
2539 1863 2793 1931 γενέσθαι
2819 1878 2878 1913 σε
2906 1860 3006 1926 δεῖ,
3049 1860 3148 1932 τὴν
3174 1861 3344 1932 αὐλὴν
3374 1861 3644 1931 διαϐῆναι,
3683 1861 3764 1914 τὰ

495 1955 686 2009 initur.
723 1953 800 2010 Ne
827 1956 1034 2010 hostem
1077 1956 1130 2010 in
1161 1956 1442 2010 consilium
1477 1957 1764 2021 adhibens;
1799 1973 1863 2011 ne
1898 1956 2067 2011 ﬁdelis

495 2047 614 2102 ﬁeri
643 2063 707 2103 ac
734 2048 999 2103 nominari
1031 2049 1411 2118 parvipendas.
1438 2048 1685 2117 Quandiu
1720 2049 1772 2103 in
1813 2051 2070 2104 catechu—

494 2151 773 2191 menorum
799 2152 1020 2192 numero
1047 2151 1139 2203 es,
1173 2138 1225 2190 in
1275 2138 1491 2206 pietatis
1517 2138 1782 2192 vestibulo
1811 2143 2064 2196 versaris.

494 2223 702 2281 Intrare
731 2234 781 2280 te
815 2235 1051 2295 oportet,
1083 2227 1280 2280 atrium
1316 2226 1671 2294 pertransire,
1718 2237 1905 2282 saneta
1937 2245 2067 2283 con-

497 2315 656 2382 tueri,
702 2316 755 2371 in
797 2315 995 2370 Sancta
1048 2325 1362 2369 sanctorum
1404 2316 1742 2385 prospicere,
1778 2333 1900 2372 cum
1946 2318 2064 2374 Tri-

497 2408 665 2461 nitate
687 2405 962 2476 conjungi.
989 2404 1178 2473 Magna
1203 2414 1326 2459 sunt
1347 2421 1435 2470 ea,
1462 2407 1530 2460 ob
1558 2421 1678 2476 quae
1703 2412 2059 2479 oppugnaris;

499 2511 698 2565 magno
736 2512 952 2567 quoque
983 2497 1236 2567 praesidio
1264 2512 1398 2566 opus
1423 2497 1606 2553 habes.
1641 2498 1905 2564 Quocirca
1940 2502 2065 2556 lidei

496 2584 740 2655 clypeum
769 2587 1026 2641 adversus
1068 2602 1189 2641 eum
1229 2588 1420 2657 objice.
1459 2587 1632 2642 Timet
1656 2599 1711 2644 te
1741 2605 1862 2644 cum
1901 2593 2068 2650 armis

2169 1955 2300 2023 ἅγια
2351 1955 2740 2018 κατοπτεῦσαι,
2787 1956 2866 2017 είς
2912 1952 2981 2006 τά
3005 1954 3168 2021 ’Ἅγια
3200 1953 3310 2007 τῶν
3374 1953 3542 2022 ἁγίων
3578 1970 3763 2024 παρα-

2169 2046 2360 2116 κύψαι.
2423 2046 2560 2117 μετά
2603 2048 2701 2118 τῆς
2749 2047 2976 2118 Τριάδος
3016 2045 3290 2116 γενέσθαι.
3343 2045 3569 2113 Μεγάλα
3601 2045 3762 2098 ἐστὶν

2171 2137 2312 2209 ὑπὲρ
2341 2131 2417 2190 ὧν
2448 2137 2659 2208 πολεμῇ
2687 2137 2794 2208 (10)
2820 2155 2833 2168 ο
2861 2137 3104 2214 μεγάλης
3127 2137 3206 2191 δεῖ
3229 2153 3307 2189 σοι
3337 2137 3431 2189 καὶ
3461 2136 3559 2206 τῆς
3581 2135 3763 2203 ἀσφα-

2170 2229 2340 2292 λείας.
2385 2229 2667 2299 Προϐαλοῦ
2720 2229 2812 2281 τὸν
2855 2229 3044 2300 θυρεὸν
3076 2229 3175 2300 τῆς
3204 2228 3457 2291 πίστεως.
3501 2225 3760 2284 Φοϐεῖταί

2172 2337 2232 2372 σε
2259 2319 2396 2390 μετὰ
2427 2319 2520 2373 τοῦ
2547 2319 2710 2373 ὅπλου
2743 2320 3044 2390 μαχόμενον
3066 2335 3079 2347 ·
3111 2320 3204 2372 καὶ
3218 2319 3304 2373 διά
3330 2319 3440 2390 (11)
3469 2317 3625 2372 τοῦτο
3653 2334 3762 2385 γύ-

2175 2421 2296 2490 μνοῖ
2356 2435 2414 2470 σε
2474 2417 2568 2472 τοῦ
2620 2418 2978 2488 χαρίσματος,
3035 2417 3122 2471 ἵνα
3173 2417 3420 2487 κρατήσῃ
3475 2415 3602 2486 ῥᾷόν
3652 2429 3754 2477 σου

2173 2510 2375 2563 ἀόπλου
2430 2510 2523 2562 καὶ
2579 2509 2910 2579 ἀφυλάκτου.
2970 2496 3159 2578 Πάσης
3221 2506 3436 2578 ήλικίας
3483 2493 3755 2572 ¹ἅπτεται,

2173 2599 2354 2670 πάσης
2379 2599 2520 2662 ίδέας
2551 2599 2688 2669 βίου.
2723 2599 2822 2652 Διά
2852 2597 3067 2652 πάντων
3099 2597 3545 2668 ἀποκρουσθήτω.

498 2677 876 2744 dimicantem;
905 2695 970 2733 ac
1003 2691 1278 2750 propterea
1313 2690 1364 2734 te
1391 2680 1717 2738 charismate
1755 2683 1968 2753 spoliat,
1998 2695 2055 2741 ut
2095 2677 2354 2746 inermem
2401 2699 2456 2745 et
2512 2691 2784 2744 incautum
2839 2689 3050 2744 facilius
3083 2689 3371 2758 opprimat.
3395 2687 3593 2743 Omnes
3622 2696 3758 2742 aeta—

501 2779 611 2826 tum
644 2773 862 2839 gradus,
896 2773 1075 2827 omnia
1106 2775 1226 2827 vitae
1257 2788 1452 2843 genera
1479 2784 1532 2827 et
1560 2775 1802 2830 instituta
1830 2779 2064 2847 attingit.
2106 2783 2284 2849 Quare
2325 2784 2471 2837 omni
2501 2783 2675 2838 studio
2707 2782 3071 2852 propulsetur.

574 2862 738 2918 XVII.
779 2861 998 2916 Juvenis
1019 2863 1118 2916 es?
1148 2866 1345 2918 Contra
1378 2879 1570 2934 pravos
1597 2865 1841 2932 aﬂ‘ectus,
1872 2869 1924 2922 in
1954 2872 2066 2925 acie

2240 2875 2336 2926 IZ'.
2374 2874 2510 2936 Νέος
2560 2869 2641 2938 εἷς
2684 2873 2845 2944 Στῆθι
2899 2871 3039 2928 κατά
3091 2871 3198 2926 τῶν
3240 2869 3428 2928 παθῶν
3480 2867 3616 2941 μετά
3651 2870 3758 2941 τῆς

500 2969 622 3009 cum
660 2954 902 3008 subsidio
925 2963 1027 3018 sta,
1058 2954 1121 3008 in'
1149 2955 1242 3008 Dei
1271 2956 1532 3027 phalange
1569 2973 1764 3014 nomen
1793 2961 2065 3029 promere,

503 3043 765 3098 adversus
811 3041 1026 3097 Goliath
1067 3053 1289 3097 strenue
1313 3060 1522 3115 pugna,
1555 3046 1700 3100 mille
1725 3086 1740 3111 ,
1775 3049 1858 3119 vel
1889 3049 2070 3105 decies

503 3137 724 3191 totidem
756 3138 941 3192 hostes
966 3153 1122 3207 cape,
1152 3153 1215 3192 ac
1244 3139 1340 3192 tibi
1371 3139 1598 3208 subiice.
1625 3139 1702 3194 ιω
1741 3140 1870 3197 ﬂore
1897 3145 2070 3200 aetatis

501 3231 528 3284 1‘
531 3245 684 3285 ruere
703 3247 717 3296 ;
737 3247 837 3284 nec
867 3240 1006 3284 tuam
1021 3232 1357 3301 iuventutem
1379 3246 1714 3288 marcescere
1731 3235 1952 3301 sustine,
1973 3235 2072 3290 im-

499 3318 735 3389 perfecta
768 3319 930 3390 703
951 3319 1055 3373 ﬁde
1100 3330 1366 3374 mortuam
1394 3327 1448 3373 et
1471 3319 1814 3376 exstinctam.
1837 3320 2068 3376 Senilem

498 3422 710 3466 aetatem
741 3415 876 3482 agis,
913 3426 1062 3466 neca
1106 3412 1412 3467 necessarie
1451 3412 1756 3482 praestituto
1799 3413 1885 3466 die
1915 3412 2072 3483 longe

500 3500 676 3556 ahes?
702 3500 880 3556 Canos
903 3514 1185 3566 reverere;
1219 3501 1583 3570 prudentiam,
1614 3515 1734 3570 qua:
1763 3516 1790 3554 a
1821 3509 1873 3556 te
1900 3504 2074 3572 requi-

499 3592 661 3660 ritur,
687 3608 783 3662 pro
811 3607 896 3658 ea,
921 3607 1027 3661 qua
1056 3607 1197 3647 nunc
1227 3592 1446 3656 teneris,
1475 3591 1810 3656 inﬁrmitate,
1841 3601 2069 3662 praesta;

504 3685 693 3756 paucis
721 3684 808 3740 his
839 3685 1028 3739 diebus
1053 3726 1068 3750 ,
1100 3698 1237 3752 quos
1271 3683 1510 3751 reliquos
1549 3684 1712 3736 habes
1733 3723 1748 3747 ,
1777 3699 2030 3738 succurre
2055 3700 2070 3749 ;

503 3776 876 3847 purgationem
927 3775 1190 3830 senectuti
1268 3775 1570 3830 committe.
1628 3774 1765 3840 Quid
1818 3775 1871 3828 in
1916 3773 2072 3829 eﬂcta

503 3875 785 3924 senectute
844 3877 1006 3935 atque
1061 3874 1306 3920 extremo
1352 3864 1478 3919 vita:
1531 3864 1761 3934 Spiritu,
1820 3865 2074 3932 juvenilis

502 3961 681 4015 aetatis
710 3959 839 4012 vitia
889 3957 1272 4026 pertimescis?
1323 3957 1404 4009 An
1451 3965 1507 4011 tu
1553 3958 1713 4012 etiam
1757 3965 2070 4026 exspectas,

501 4052 627 4104 dum
660 4060 923 4113 mortuus,
949 4063 1052 4102 non
1073 4047 1183 4117 jam
1218 4046 1642 4102 misericordiam
1674 4048 1843 4117 magis
1866 4088 1880 4112 ,
1911 4063 2071 4117 quam

505 4142 578 4196 tui
618 4142 799 4195 odium
858 4155 1080 4194 [novens
1103 4178 1120 4204 ,
1158 4137 1432 4192 abluaris?
1460 4137 1540 4191 An
1581 4139 1910 4208 voluptatum
1947 4139 2072 4192 reli-

2173 2964 2488 3034 συμμαχίας
2540 2964 2672 3033 (12),
2735 2965 2815 3026 εἰς
2861 2962 2994 3016 Θεοῦ
3051 2960 3352 3034 παράταξιν
3394 2960 3755 3032 ἀριθμήθητι,

2170 3054 2488 3125 ἁρίστευσον
2520 3054 2629 3124 (15)
2661 3054 2803 3107 κατὰ
2831 3053 2924 3106 τοῦ
2955 3053 3165 3119 romae,
3194 3053 3323 3106 λάϐε
3351 3052 3448 3116 τὰς
3482 3051 3753 3121 χιλιάδας,

2171 3147 2203 3216 ἧ
2233 3147 2329 3209 τὰς
2363 3146 2646 3217 μυριάδας.
2683 3145 2837 3198 Οὕτω
2862 3147 2958 3216 τῆς
2992 3145 3205 3217 ἡλικίας
3239 3145 3576 3202 ἀπόλαυσονι
3615 3145 3757 3199 ά).λά

2177 3240 2250 3310 μὴ
2281 3239 2488 3310 ἀνάσχῃ
2529 3237 2872 3309 μαρανθῆναί
2929 3255 3021 3290 σου
3069 3238 3167 3307 τὴν
3196 3235 3444 3307 νεότητα,
3472 3235 3548 3305 τῷ
3573 3237 3758 3290 ἀτελεῖ

2171 3327 2271 3396 τῆς
2303 3327 2538 3391 πίστεως
2563 3326 2946 3398 νεκρωθεῖσαν.
2979 3327 3206 3398 Γηραιὸς
3237 3322 3305 3390 εἷ,
3342 3327 3433 3381 καὶ
3455 3327 3550 3398 τῆς
3578 3329 3756 3395 ἀναγ-

2174 3421 2334 3482 καίας
2358 3422 2522 3489 ἐγγὺς
2553 3419 2920 3491 προθεσμίας;
2954 3419 3050 3491 τὴν
3092 3419 3280 3472 πολιὰν
3311 3419 3585 3490 αἰδέσθητι
3607 3435 3620 3450 °
3660 3418 3756 3483 δὸς

2172 3512 2238 3581 ἢν
2285 3512 2487 3580 ἀπαιτῇ
2526 3511 2638 3581 (14)
2691 3511 2975 3582 φρόνησιν,
3020 3509 3135 3564 ἀνθ’
3165 3505 3233 3582 ἧς
3277 3510 3370 3563 νῦν
3411 3510 3554 3581 ἔχεις
3590 3511 3758 3564 ἀσθε-

2173 3602 2319 3665 νείας
2337 3618 2350 3632 ’
2379 3604 2498 3664 ταῖς
2529 3600 2736 3668 ὀλίγαις
2771 3601 3004 3672 ἡμέραις
3033 3601 3294 3672 βοήθησον
3315 3619 3327 3632 ο
3361 3601 3647 3658 πίστευσον
3671 3602 3760 3672 τῷ

2172 3693 2318 3763 γήρᾳ
2359 3693 2456 3763 τήν
2486 3690 2770 3762 κάθαρσιν.
2815 3691 2878 3743 Τί
2923 3691 3059 3762 φοϐῇ
3107 3691 3173 3744 τὰ
3219 3692 3469 3762 νεότητος
3505 3694 3564 3746 ὲν
3599 3691 3760 3762 βαθεῖ

2173 3785 2342 3854 γήρᾳ,
2377 3784 2473 3836 καὶ
2514 3786 2634 3846 ταῖς
2673 3782 2927 3853 ἐσχάταις
2961 3783 3284 3849 ἁναπνοαῖς;
3315 3787 3382 3836 Ἢ
3428 3786 3520 3840 καὶ
3557 3787 3620 3839 σὺ
3657 3787 3757 3857 μέ-

2174 3893 2306 3950 νεις,
2344 3874 2536 3947 νεκρὸς
2577 3874 2854 3945 λουθῆναι,
2891 3874 2950 3926 οὐ
2990 3874 3188 3945 μᾶλλον
3223 3874 3619 3946 ἐλεούμενος,ἢ
3664 3895 3757 3946 μι-

2178 3965 2271 4018 σού
2281 3983 2439 4036 μενος
2457 3983 2469 4030 ;
2505 3967 2575 4017 Ἢ
2604 3965 2786 4028 ποθεῖς
2798 3965 2906 4019 τῶν
2924 3964 3122 4036 ἡδονῶν
3143 3965 3211 4018 τὰ
3225 3966 3280 4018 λε
3291 3966 3452 4036 ίψανα
3475 3966 3606 4038 (15),
3631 3968 3755 4038 βίου

2175 4057 2422 4126 λείψανον
2456 4056 2564 4124 ὥν;
2596 4058 2830 4128 Αἰσχρὺν
2860 4057 2958 4126 τήν
2995 4058 3091 4126 μὲν
3123 4045 3336 4127 ἡλικίαν
3372 4060 3752 4128 παρακμάσαι,

2179 4147 2252 4220 μὴ
2301 4148 2664 4220 παρακμάσαι
2709 4148 2765 4199 δὲ
2808 4147 2904 4218 τὴν
2951 4147 3267 4215 ἀσέλγειαν·
3298 4147 3476 4219 ἀλλ’ἢ
3523 4149 3755 4220 πάσχειν

501 4237 660 4304 quias
685 4234 738 4287 in
772 4233 855 4288 his
885 4234 1007 4286 vita:
1041 4231 1282 4300 reliquiis
1309 4229 1568 4303 expetis?
1600 4229 1779 4299 Turpe
1805 4239 1886 4285 est
1906 4271 1921 4294 ,
1947 4246 2067 4285 cum

2174 4236 2351 4299 τοῦτο,
2378 4237 2410 4307 ἢ
2440 4236 2637 4299 δοκεῖν,
2668 4235 3022 4306 διαμέλλοντα
3042 4236 3152 4306 (16)
3183 4236 3315 4309 πρὸς
3343 4238 3440 4306 τὴν
3463 4238 3754 4310 κάθαρσιν,

501 4335 660 4381 aetate
693 4325 1045 4382 consenueris
1103 4339 1165 4378 ac
1196 4323 1485 4378 dcﬂuxcris
1506 4364 1520 4388 ,
1558 4322 1776 4376 libidine
1810 4331 1984 4377 tamen
2017 4333 2068 4379 te

500 4421 722 4476 minime
772 4418 1156 4485 consenuisse;
1201 4417 1331 4482 sed,
1383 4416 1464 4470 vel
1507 4431 1569 4469 ea
1619 4416 1790 4480 aﬂici,
1824 4416 1904 4470 vel
1950 4432 2069 4470 eam

482 4523 646 4571 certe
669 4513 1002 4584 Opinionem,
1040 4525 1138 4581 per
1163 4509 1421 4579 baptismi
1453 4509 1800 4574 dilationem,
1835 4508 2070 4563 homini-

574 4673 651 4741 (ι)
691 4673 787 4737 Ὠς
812 4673 1097 4742 χρηστός.
1131 4673 1221 4728 Sic
1247 4672 1377 4742 Reg.
1404 4671 1506 4726 bm.
1543 4673 1708 4729 Coisl.
1742 4670 1768 4723 1
1799 4681 1853 4726 et
1887 4670 2078 4729 Comb.

499 4742 663 4797 Deest
692 4743 767 4804 ὡς
801 4747 852 4793 in
879 4744 965 4796 ed.

571 4812 650 4878 (5)
682 4811 840 4878 Φοϐᾗ
869 4828 954 4880 γε.
991 4810 1147 4866 Deest
1171 4829 1235 4880 γε
1265 4826 1318 4864 In
1345 4825 1444 4881 sexﬁ
1469 4811 1629 4881 chg.

547 4882 648 5002 '(té)
668 4881 835 4964 Ai,th
863 4883 1071 4944 τούτῳ.
1105 4881 1195 4935 Sic
1220 4881 1402 4951 plures
1427 4880 1590 4951 Begg.
1619 4890 1671 4935 et
1701 4883 1852 4938 Colb.
1885 4883 1941 4936 In
1965 4881 2077 4949 ed.,

547 4967 602 5002 υτ
664 4968 858 5002 τουτω.

501 4967 634 5004 αῡτο
664 4968 858 5003 τουτω.

575 5019 652 5090 (7)
684 5003 1096 5090 ζΕκὲτέπτωκε.
1132 5014 1299 5090 Regg.
1335 5033 1363 5071 a
1395 5027 1449 5073 et
1469 5017 1585 5090 lim,
1613 5019 1828 5075 ἔπεσεν.

576 5086 652 5159 (8)
684 5086 750 5142 Ὦ
806 5091 1098 5159 ἄνθρωπε.
1152 5086 1274 5145 su?
1301 5098 1413 5144 tres
1466 5088 1634 5160 Regg.
1691 5102 1746 5146 et
1770 5101 1880 5146 tres
1921 5089 2075 5146 Colb.

503 5159 664 5215 Deest
701 5155 749 5214 ὦ
777 5161 830 5213 ill
857 5163 943 5214 ed.

549 5155 664 5212 eest
701 5155 749 5214 ὦ
777 5161 830 5213 ill
857 5155 943 5214 ed.

575 5229 647 5298 (θ)
667 5230 820 5298 Πρὸς
835 5230 944 5302 γὰρ
964 5230 1069 5284 τὸν
1084 5231 1324 5299 ἔχοντα.
1350 5229 1517 5302 Forte
1539 5228 1837 5302 legendum,
1862 5229 2075 5302 ἐχθραί-

504 5316 687 5364 νοντα,
748 5299 1111 5353 «inimicum»
1161 5301 1415 5367 quamvis
1457 5299 1673 5353 Nicetas
1717 5299 1934 5362 innuat,
1960 5299 2073 5354 lucc

504 5369 692 5442 verba,
731 5371 868 5441 πρὸς
915 5370 1152 5442 γάρλτὸν
1200 5369 1392 5439 ἔχοντα
1423 5369 1581 5440 ἕρπει
1623 5371 1651 5422 ὁ
1689 5369 1899 5442 φθόνος,
1937 5389 1956 5442 ι
1976 5371 2074 5442 lia-

505 5438 733 5508 bentem.
755 5438 899 5493 enim
929 5438 1140 5493 invidia
1177 5438 1541 5508 persequitur,
1573 5459 1590 5490 ι
1629 5455 1700 5494 ex.
1727 5439 1992 5508 Sophocle
2018 5440 2073 5496 in

503 5507 690 5579 Ajacis
723 5511 1009 5578 tragmtlia,
1039 5526 1067 5563 ιι
1101 5510 1364 5579 Gregorio
1393 5518 1635 5579 mutuata
1669 5507 1860 5566 fuisse.

583 5578 698 5650 (Ψ.)
735 5577 998 5650 Πολεμῆε
1031 5579 1167 5650 Reg-
1203 5577 1314 5644 Βίην
1349 5577 1594 5650 ετολεμεῖι

581 5647 1070 5780 (‘11)KaioidISic
1093 5647 1323 5721 q'uatuor
1349 5647 1537 5724 seu"
1556 5659 1661 5706 etc.
1693 5648 1750 5711 lu
1775 5649 1863 5706 ed.
1895 5649 2074 5722 deest,

2170 5373 2270 5424 τεῖ.

2173 4331 2386 4400 Νήπιον
2434 4328 2548 4381 ἔστι
2593 4345 2710 4393 σοι;
2743 4328 2834 4399 Μὴ
2887 4328 3098 4381 λαϐέτω
3153 4329 3340 4400 καιρὸν
3384 4331 3416 4399 ὴ
3456 4331 3655 4384 κακία·
3686 4334 3755 4386 ἐκ

2180 4419 2411 4490 βρέφους
2465 4417 2798 4488 ἁγιασθήτω,
2856 4416 2914 4482 ἐξ
2970 4417 3175 4488 ὀνύχων
3233 4417 3620 4490 καθιερωθήτω
3672 4424 3756 4493 τῷ

2179 4511 2478 4583 Πνεύματι.
2511 4511 2582 4562 Σὺ
2616 4509 2724 4579 (17)
2751 4509 2991 4573 δέδοικας
3025 4509 3121 4579 τὴν
3153 4509 3418 4580 σφραγῖδα
3458 4510 3543 4564 διὰ
3570 4511 3629 4564 τὸ
3653 4514 3755 4583 τῆς

2259 4670 2370 4741 (1‘2)
2419 4671 2580 4725 Μετὰ
2631 4671 2742 4739 τῆς
2798 4670 3161 4741 συμμαχίας.
3208 4668 3700 4741 ιϐιιηιηειιίιεῑάῑο,
3730 4687 3749 4718 ι

2187 4739 2400 4808 nempe.
2439 4743 2797 4810 baptismatis.
2853 4741 2995 4805 Bilt.,
3028 4758 3044 4789 ι
3075 4740 3207 4794 Cum
3264 4739 3614 4810 auxiliaribus
3663 4753 3756 4810 co-

2216 4811 2299 4882 iis.
2338 4830 2355 4862 ι
2393 4809 2565 4864 Minus
2591 4823 2711 4882 apte
2739 4811 2988 4880 quidem;
3023 4811 3185 4882 David
3215 4809 3516 4882 cnitn,__non
3553 4827 3572 4856 ι
3598 4809 3756 4882 auxi-

2198 4881 2400 4934 iarihus
2433 4877 2677 4949 copiis,»
2717 4877 2809 4950 sed
2851 4882 2939 4933 Dei
2975 4880 3239 4950 prtcripue
3257 4877 3453 4950 aux_i|io
3491 4879 3754 4950 munitus,

2172 4952 2432 5019 pugnavit
2466 4947 2720 5004 adversus
2767 4947 3002 5004 Goliatlt.
3043 4949 3112 5002 Ea
3149 4957 3294 5019 certe
3327 4947 3569 5015 Gregorii
3603 4947 3755 5019 unius

2174 5018 2276 5083 est,
2310 5021 2716 5074 utChristianus
2754 5019 3094 5088 baptismatis
3119 5018 3318 5072 auxilio
3343 5019 3532 5080 fretus,
3564 5018 3756 5069 adver-

2177 5104 2270 5145 sus
2303 5091 2572 5144 diabolum
2599 5091 2650 5143 in
2681 5090 2798 5143 acie
2813 5099 2940 5143 stet.

2251 5160 2360 5230 (15)
2398 5161 2802 5230 Ἀρίστευσον.
2841 5159 2930 5214 Sic
2960 5158 3194 5228 quinque
3221 5157 3410 5228 liegg.,
3436 5155 3601 5210 Coisl.
3641 5156 3664 5209 1
3700 5163 3755 5208 et

2176 5227 2350 5284 0r.1.
2390 5227 2460 5283 Iuv
2485 5231 2595 5292 ed.,
2635 5230 2909 5300 ᾁρίστευε.

2243 5300 2352 5372 (14)
2419 5293 2689 5367 Ἀπαιτῇξ
2740 5299 2906 5370 Regg.
2961 5299 3074 5363 bm,
3110 5298 3180 5368 ph
3233 5309 3284 5351 et
3337 5293 3432 5350 0r.
3487 5295 3540 5358 1,
3583 5296 3752 5349 ἀπαι-

2247 5441 2359 5509 (15)
2437 5439 2512 5494 Τὰ
2573 5441 2858 5509 λείψανα.
2919 5437 3011 5494 Sic
3072 5447 3301 5506 quatuor
3364 5434 3530 5506 chg.
3600 5436 3756 5504 Deest

2171 5509 2241 5568 τά
2293 5511 2344 5562 in
2383 5511 2470 5564 ed.

2245 5579 2354 5649 (16)
2399 5581 2820 5651 Διαμέλλοντα.
2849 5577 3070 5651 Camb,
3100 5573 3518 5650 ἐμϐραδύνοντα.

2244 5647 2355 5720 (ιι)
2397 5647 2692 5714 meam.
2723 5653 2776 5722 ι,
2812 5649 2876 5704 σὺ
2904 5647 2981 5712 δέ.
