4050 6298
295 340 397 396 381

1219 338 1477 395 ORATIO
1512 338 1625 393 XL.
1668 367 1738 378 —
1773 337 1841 392 ΙΝ
1883 336 2209 393 SANCTUM
2249 335 2615 390 BAPTISMA.

3444 331 3551 389 582

296 452 521 523 (ῥύσεως
547 468 805 516 ασοενεςο
848 457 922 518 ὡς
959 472 1290 526 μικροψυχΟς
1335 460 1368 526 ἠ
1415 458 1597 528 μήτηρ
1626 456 1759 525 (18),
1795 455 1886 507 καὶ

1989 456 2090 509 bus
2112 455 2371 523 pra-bere.
2405 453 2586 507 Infans
2618 452 2709 505 tibi
2737 451 2858 505 est?
2887 450 2964 505 Ne
2988 446 3321 505 occasionem
3351 448 3552 518 impro-

294 543 680 613 ὀλιγόπιστοςί
728 546 793 597 Ἦ
826 547 991 598 Ἀννα
1021 546 1098 604 δὲ.
1133 548 1227 599 καὶ
1266 548 1395 616 πρὶν
1422 538 1596 618 ﬁn?)
1619 547 1880 615 γεννηθῆ-

295 652 385 688 ναι
431 635 530 687 τὸν
572 634 847 704 Σαμουὴλ,
880 634 1251 705 καθυπέσχετο
1279 637 1356 706 τῷ
1385 635 1522 706 Θεῷ,
1552 636 1646 688 καὶ
1690 652 1882 705 γεννη-

296 722 493 787 θέντα,
527 725 669 795 ἱερὸν
701 725 862 787 εὐθὺς
888 728 1051 787 ποιεῖ,
1079 727 1173 778 κα).
1200 729 1265 796 τῇ
1300 730 1542 798 ίερατικῇ
1573 726 1728 796 στολῇ
1756 742 1881 778 συν-

294 813 622 885 ανέτρεψεν,
659 815 719 867 οὗ
754 815 814 867 τὸ
845 813 1182 885 ἀνθρώπινον
1216 816 1531 883 φοϐηθεῖσα,
1557 816 1635 886 τῷ
1669 816 1725 868 δὲ
1763 813 1883 884 Θεῷ

296 904 666 959 πιστεύσασα.
692 905 856 958 Οὐδὲν
882 906 961 959 δεῖ
988 925 1069 960 σοι.
1101 908 1497 977 περιαμμάτων
1524 909 1615 960 καὶ
1640 908 1890 977 ἐπᾳσμά-

294 1009 430 1057 των,
460 989 542 1057 οἷς
567 995 596 1045 6
630 995 865 1063 πονηρὸς
910 996 1335 1065 συνεισέρχεται,
1384 996 1629 1049 κλέπτων
1663 997 1741 1057 εἰς
1769 996 1890 1047 ἑαυ-

294 1081 389 1134 τὸν
420 1083 535 1135 ἀπὸ
565 1082 661 1139 τοῦ
695 1082 828 1135 Θεοῦ
861 1084 920 1135 τὸ
945 1083 1127 1147 σέϐας,
1154 1086 1211 1138 ἐν
1239 1088 1353 1147 τοῖς
1390 1087 1758 1155 κουφοτέροις.
1790 1084 1889 1145 Δὸς

297 1171 460 1243 αὐτῷ
507 1174 607 1243 τὴν
667 1172 894 1243 Τριάδα,
939 1172 1000 1225 τὸ
1055 1175 1196 1244 μέγα
1248 1176 1342 1228 καὶ
1398 1176 1560 1229 καλὸν
1617 1176 1890 1245 φυλακτή-

300 1276 446 1329 ριον.

1987 546 2129 600 bitas
2164 545 2434 612 arripiat:
2487 547 2555 599 ab
2606 531 2828 598 infantia
2875 542 3256 605 sanctificetur,
3306 542 3374 596 ab
3421 542 3551 610 ipsis

1991 636 2295 706 unguiculis
2332 634 2555 703 Spiritui
2599 642 2964 689 consecretur.
3004 634 3074 687 At
3106 640 3321 702 propter
3346 639 3549 686 natura:

1987 726 2408 781 imbecillitatem
2464 725 2691 792 sigillum
2745 725 2982 779 metuis?
3044 723 3551 790 Quanti-imbecillis

1997 817 2159 870 animi
2207 825 2379 870 mater
2427 831 2486 871 es
2531 816 2837 883 pusillteque
2882 816 3033 868 ﬁdei!
3088 813 3242 867 Anna
3273 828 3397 868 vero
3445 813 3549 866 Sa-

1993 905 2220 960 muelem
2243 943 2259 969 ,
2288 904 2437 974 prius
2493 906 2653 958 etiam
2688 919 2846 972 quam
2884 913 3190 971 procreatus
3225 911 3407 965 esset,
3440 902 3553 957 Deo

1987 997 2162 1062 vovit;
2221 1006 2381 1063 atque
2417 996 2469 1048 in
2509 997 2678 1050 lucem
2711 994 2910 1047 editum
2965 995 3146 1048 statim
3189 993 3546 1056 consecravit,

1985 1098 2050 1138 ac
2089 1100 2224 1149 cum,
2261 1083 2579 1138 sacerdotali
2628 1082 2763 1136 stola
2814 1082 3114 1145 educavit',
3154 1081 3283 1135 nihil
3333 1079 3550 1134 humani

1988 1174 2163 1228 verita
2204 1213 2218 1237 ,
2251 1168 2353 1228 sed
2380 1175 2485 1226 Deo
2518 1174 2673 1227 ﬁdem
2709 1172 2931 1230 habens.
2975 1172 3115 1225 Nihil
3152 1172 3244 1224 tihi
3272 1171 3548 1234 amuletis,

1986 1278 2085 1318 nec
2113 1264 2531 1318 incantamentis
2564 1278 2697 1332 opus
2721 1270 2804 1316 est
2837 1301 2852 1326 ,
2888 1264 3204 1331 quibuscum
3236 1277 3431 1331 pravus
3458 1260 3546 1314 ille

302 1353 357 1405 in
391 1352 659 1408 leviorum
689 1354 968 1409 hominum
998 1356 1208 1411 animos
1274 1356 1433 1411 simul
1495 1355 1701 1424 irrepit,
1736 1353 2136 1408 venerationem
2176 1355 2286 1408 Deo
2348 1354 2583 1408 debitam
2613 1354 2798 1409 furtim
2857 1354 2925 1408 ad
2961 1369 3018 1407 se
3048 1353 3395 1408 transferens.
3427 1351 3551 1408 Tri-

299 1444 536 1498 nitatem
565 1445 670 1513 ipsi
721 1446 785 1499 da
807 1487 822 1511 ,
859 1461 1109 1516 magnum
1131 1487 1146 1510 ,
1190 1448 1405 1515 inquam
1430 1486 1444 1510 ,
1497 1447 1625 1499 illud
1676 1454 1729 1499 et
1761 1445 2039 1513 pulchrum
2074 1445 2388 1498 amuletum.

372 1536 487 1589 ΠΥ.
529 1537 595 1590 Τί
628 1538 736 1603 ἔτι;
768 1538 1070 1610 Παρθενίαν
1098 1542 1319 1605 deicere;
1350 1541 1427 1611 Τῇ
1461 1539 1573 1609 (20)
1622 1539 1884 1609 καθάρσει

303 1628 708 1699 σφραγίσθητι⁹
744 1630 948 1701 ταύτην
994 1632 1216 1702 ποίησαι
1257 1631 1367 1702 (21)
1407 1633 1501 1685 τοῦ
1533 1631 1649 1700 βίου
1698 1646 1887 1683 κοινω-

303 1718 420 1783 νὸν,
457 1721 552 1774 καὶ
583 1699 912 1791 συνόμιλονί
952 1699 1274 1792 αὔτη-(22)*
1296 1699 1600 1793 ῥυθμιζέτω
1647 1737 1749 1781 σοι,
1794 1720 1886 1771 καὶ
1917 1699 1960 1753 Β

306 1810 449 1881 βίον,
499 1813 596 1865 καὶ
639 1812 816 1880 λόγον,
848 1815 955 1866 πᾶν
1002 1814 1179 1884 μέλος,
1205 1815 1314 1865 πᾶν
1341 1813 1564 1883 κίνημα,
1598 1812 1775 1864 πᾶσαν
1801 1809 1886 1862 αἷ-

309 1902 530 1974 σθησιν.
580 1904 823 1974 Τίμησον
862 1906 1051 1975 αὐτὴν,
1090 1906 1174 1957 ἵνα
1210 1922 1268 1957 σε
1294 1905 1565 1975 κοσμήσῃ,
1592 1904 1676 1954 ἵνα
1718 1902 1793 1970 δῷ
1818 1903 1884 1971 τῇ

309 1996 379 2063 σῇ
431 1993 638 2063 κεφαλῇ
694 1994 953 2062 στέφανον
1004 1994 1257 2064 χαρίτων,
1292 1995 1537 2063 στεφάνῳ
1580 1993 1637 2047 δὲ
1675 1992 1888 2062 τρυφῆς

306 2080 783 2153 {impacatis-1135)
812 2098 926 2134 σου.
950 2082 1170 2134 Δέδεσαι
1202 2082 1398 2151 γάμῳ;
1424 2081 1532 2134 Καὶ
1560 2082 1628 2149 τῇ
1657 2081 1887 2149 σφραγῖ-

306 2170 361 2224 δι
392 2171 670 2241 συνδέθητι
690 2185 707 2203 ⁸
741 2171 941 2241 ταύτην
966 2173 1264 2224 συνοίκισον
1300 2171 1510 2241 σεαυτῷ
1543 2170 1641 2241 τῆς
1672 2187 1885 2239 σωφρο-

313 2261 478 2333 σύνης
505 2262 722 2332 φύλακα
740 2279 755 2295 ·
790 2263 970 2316 πόσων
1001 2263 1111 2333 (24)
1139 2262 1407 2332 εὐνούχων
1430 2264 1551 2327 οἴει,
1586 2262 1767 2314 πόσων
1791 2262 1885 2314 θυ-

312 2353 504 2425 ρωρῶν
546 2351 713 2407 οὖσαν
755 2354 1197 2425 ἀσφαλεστέραν;
1242 2353 1407 2407 Οὔπω
1441 2353 1602 2424 σαρκὶ
1635 2352 1886 2416 συνεζεύ-

311 2443 446 2513 χθης
474 2444 626 2515 (25);
664 2443 737 2514 μὴ
768 2443 1010 2514 φοϐηθῇς
1052 2444 1151 2514 τὴν
1180 2444 1475 2498 τελείωσιν.
1514 2443 1768 2514 Καθαρὸς
1816 2439 1883 2506 εί,

312 2534 407 2585 καὶ
463 2531 603 2601 μετὰ
635 2532 726 2585 τὸν
762 2532 938 2601 γάμον
961 2549 973 2562 ·
1012 2534 1142 2602 ἐμὸς
1188 2535 1215 2584 6
1258 2533 1516 2597 κίνδυνος,
1562 2532 1671 2601 ἐγὼ
1694 2533 1885 2585 τούτου

312 2622 712 2694 συναρμοστὴς,
745 2622 857 2691 ἐγὼ
882 2624 1264 2693 νυμφοστόλος.
1300 2624 1374 2677 Οὐ
1407 2623 1535 2694 γὰρ,
1560 2624 1680 2677 ἐπεὶ
1709 2624 1818 2693 (26)
1852 2626 1885 2695 ἡ

312 2712 581 2783 παρθενία
602 2712 924 2784 τιμιωτέρα,
952 2714 1008 2764 ὲν
1034 2714 1146 2775 τοῖς
1176 2713 1389 2782 ἀτίμοις
1423 2716 1452 2766 6
1477 2715 1668 2784 γάμος.
1704 2715 1884 2785 Μιμή-

314 2821 477 2873 σομαι
510 2805 765 2875 Χριστὸν,
798 2805 890 2857 τὸν
924 2802 1160 2873 καθαρὸν
1192 2806 1577 2874 νυμφαγωγὸν,
1615 2806 1709 2857 καὶ
1749 2822 1885 2875 νυμ-⁵

314 2895 455 2964 φίον,
484 2892 545 2957 ὃς
570 2895 664 2947 καὶ
693 2894 1096 2966 θαυματουργεῖ
1119 2896 1299 2965 γάμῳ,
1336 2897 1430 2948 καὶ
1461 2898 1597 2966 τιμᾷ
1628 2895 1887 2963 συζυγίαν

2042 1536 2251 1592 .XVlll.
2295 1538 2430 1603 Quid
2474 1538 2771 1607 praeterea?
2832 1536 3197 1608 Virginitatem
3245 1533 3408 1588 colis?
3452 1534 3553 1588 Ba-

1995 1628 2191 1697 ptismo
2217 1630 2535 1698 consignare
2568 1642 2583 1680 :
2619 1629 2760 1682 hunc
2791 1628 2883 1682 tibi
2922 1629 3038 1681 vita:
3073 1627 3272 1681 socium
3307 1634 3363 1678 et
3393 1622 3552 1678 fami-

1989 1719 2175 1773 liarem
2219 1720 2438 1773 ascisce.
2484 1719 2578 1773 llic
2611 1720 2728 1783 tibi,
2764 1728 2815 1773 et
2844 1721 3008 1771 vitam
3035 1757 3051 1781 ,
3089 1725 3145 1771 et
3176 1718 3334 1770 verba
3368 1716 3551 1770 mode-

1986 1821 2154 1874 retur,
2186 1812 2362 1863 omnia
2398 1813 2667 1874 membra,
2697 1823 2883 1864 omnes
2912 1809 3075 1861 animi
3109 1817 3316 1873 motus,
3366 1819 3555 1863 omnes

1986 1918 2194 1961 sensus.
2236 1902 2447 1956 Honore
2480 1916 2600 1955 eum
2635 1901 3015 1970 compleCtere,
3045 1908 3102 1951 ut
3162 1910 3213 1953 te
3259 1907 3433 1961 ornet,
3463 1912 3552 1952 ca-

1986 1996 2192 2065 pitiqne
2225 2002 2317 2047 tuo
2356 1991 2647 2062 gratiarum
2685 2006 2936 2045 coronam
2976 1998 3153 2042 nectat
3180 1990 3221 2052 ³,
3262 2000 3315 2043 et
3353 2003 3553 2044 corona

1988 2091 2299 2147 deliciarum
2350 2097 2401 2142 te
2448 2096 2706 2158 protegat.
2749 2085 3069 2139 Matrimonii
3119 2085 3341 2139 vinculis
3394 2083 3555 2138 astric

1978 2190 2105 2235 ctus
2157 2180 2249 2233 es?
2313 2178 2586 2246 Baptismo
2657 2190 2867 2245 quoque
2936 2174 3301 2241 constringere
3350 2190 3363 2226 :
3412 2174 3553 2228 hunc

1990 2270 2085 2325 tibi
2132 2266 2568 2324 contubernalem
2630 2265 2857 2332 adiunge
2919 2263 3184 2332 pudicitiae
3240 2261 3549 2326 custodem,

1984 2360 2283 2417 innumeris
2317 2358 2578 2412 eunuchis
2626 2365 2679 2410 ct
2708 2356 3030 2425 janitoribus
3082 2358 3352 2407 tutiorem.
3404 2351 3551 2405 Non-

1987 2452 2111 2506 dum
2137 2450 2286 2504 carui
2325 2447 2606 2517 copulatus
2646 2446 2740 2501 es?
2775 2444 2850 2499 Ne
2881 2444 3131 2513 baptismi
3169 2442 3548 2511 perfectionem

1985 2542 2326 2597 extimescas.
2381 2539 2554 2593 Purus
2609 2552 2671 2591 ac
2735 2536 2961 2590 mundus
3033 2551 3121 2602 es,
3188 2536 3318 2588 inito
3381 2534 3545 2587 etiam

1987 2632 2371 2695 matrimonio;
2422 2630 2474 2683 in
2535 2643 2620 2683 me
2681 2628 2781 2682 hoc
2836 2626 3127 2697 periculum
3174 2624 3405 2692 recipio,
3453 2638 3555 2695 ego

1987 2725 2177 2780 harutn
2226 2723 2533 2791 nuptiarum
2578 2721 2990 2788 conglutinator,
3035 2733 3134 2787 ego
3182 2732 3400 2785 auspex.
3443 2715 3554 2771 Nec

1987 2818 2168 2879 enim,
2230 2813 2356 2884 quia
2426 2813 2740 2867 honoratior
2802 2820 2884 2865 est
2964 2811 3282 2877 virginitas,
3356 2809 3556 2865 idcirco

1986 2914 2141 2973 turpe
2171 2912 2226 2957 et
2260 2903 2670 2971 ignominiosum
2699 2909 2782 2954 est
2815 2900 3241 2953 matrimonium.
3275 2899 3550 2952 Christum

270 3034 277 3037 ,
312 2990 379 3058 τῇ
410 2988 700 3058 παρουσίᾳ.
738 2989 912 3042 Μόνον
955 2987 1095 3041 ἔστω
1144 2988 1321 3058 γάμος
1362 2989 1597 3058 καθαρὸς
1629 2989 1763 3059 (27),
1791 2991 1885 3042 καὶ

1990 2992 2261 3055 imitabor,
2298 3007 2509 3061 purum,
2545 2992 2789 3059 inquam,
2820 2989 2967 3041 illum
2995 2989 3289 3055 pr0nubutn
3310 2998 3365 3042 et
3392 3002 3552 3054 spon-

314 3078 497 3142 πόθοις
532 3081 797 3150 ῥυπαροῖς
818 3080 1192 3148 ἀνεπίμικτος.
1238 3080 1332 3132 Ἓν
1366 3080 1501 3133 αἰτῶ
1533 3081 1690 3150 μόνον
1710 3097 1725 3111 ο
1755 3080 1885 3135 λάϐε

316 3167 464 3238 παρὰ
514 3166 610 3221 τοῦ
651 3166 823 3237 δώρου
869 3167 967 3237 τὴν
1012 3167 1329 3237 ἀσφάλειαν,
1367 3170 1460 3221 καὶ
1489 3169 1576 3231 δὸς
1622 3168 1698 3238 τῷ
1730 3168 1885 3239 δώρῳ

313 3258 409 3328 τὴν
442 3259 666 3327 ἁγνείαν
688 3258 828 3311 κατᾶ
862 3259 1074 3329 καιρὸν,
1109 3259 1212 3321 ἕως
1243 3259 1408 3329 εὐχῆς
1436 3260 1718 3331 πρόκειται
1751 3276 1884 3330 προ-

317 3350 533 3422 θεσμία,
578 3351 675 3404 καὶ
727 3352 985 3423 ἀσχολίας
1032 3352 1144 3421 (28)
1186 3351 1503 3423 τιμιωτέρα,
1544 3355 1637 3405 καὶ
1682 3351 1884 3421 ταύτην

314 3441 378 3494 ἐκ
419 3442 606 3511 κοινῆς
640 3440 925 3511 ὁμολογίας
955 3443 1045 3494 κα).
1070 3442 1442 3504 συναινέσεως.
1476 3442 1549 3493 Οὐ
1592 3442 1699 3511 γὰρ
1729 3457 1885 3509 νομο-

316 3530 597 3601 θετοῦμεν,
626 3530 762 3584 ἀλλὰ
796 3531 1182 3602 παραινοῦμεν,
1212 3532 1307 3584 καὶ
1337 3530 1444 3584 τῶν
1478 3532 1585 3591 σῶν
1615 3549 1667 3585 τι
1702 3532 1884 3585 λαϐεῖν

314 3623 453 3694 ὑπὲρ
475 3622 570 3675 σοῦ
603 3622 923 3693 βουλόμεθα,
952 3625 1045 3676 καὶ
1072 3625 1169 3694 τῆς
1195 3624 1378 3694 κοινῆς
1408 3624 1559 3693 ὑμῶν
1588 3622 1884 3693 ἀσφαλείας

312 3712 497 3766 ἕνεκεν
533 3712 664 3783 (29).
721 3715 811 3767 Ἐν
852 3713 1127 3785 κεφαλαίῳ
1171 3713 1229 3766 δὲ
1278 3717 1471 3779 εἰπεῖν,
1509 3714 1609 3768 οὐκ
1644 3714 1790 3768 ἐστιν
1824 3716 1881 3768 οὐ

315 3802 445 3871 βίος,
480 3804 580 3855 οὐκ
615 3802 970 3873 ἐπιτήδευμα,
1024 3798 1069 3870 ᾧ
1104 3802 1178 3874 μὴ
1226 3802 1383 3856 τοῦτο
1428 3803 1880 3876 λυσιτελέστερον.

312 3894 489 3958 Δέξαι,
530 3894 559 3944 6
603 3894 659 3946 ὲν
694 3893 910 3964 ἐξουσίᾳ
940 3894 1069 3964 (50),
1095 3894 1188 3947 τὸν
1220 3893 1465 3964 χαλινόν·
1496 3896 1526 3949 6
1564 3895 1622 3949 ἐν
1649 3895 1881 3967 δουλείᾳ,

311 3984 408 4055 τὴν
435 3984 733 4055 ίσοτιμίαψ
767 3985 794 4037 6
826 3984 1071 4055 ἀθυμῶν,
1104 3985 1202 4056 τὴν
1230 3985 1612 4056 παραμυθίαν·
1650 3989 1677 4040 6
1699 3989 1755 4039 ὲν
1793 3988 1883 4041 εὑ-

200 4138 203 4143 _
314 4073 504 4146 θυμία,
525 4076 626 4145 τὴν
656 4076 1060 4145 παιδαγωγίαν,
1092 4078 1121 4129 6
1148 4074 1333 4147 πένης,
1369 4077 1459 4130 τὸν
1491 4076 1685 4131 ἄσυλον
1718 4078 1881 4132 πλοῦο

313 4183 402 4219 τον
423 4185 437 4198 ·
466 4170 494 4219 6
516 4169 786 4240 εὐπορῶν,
808 4169 905 4240 τὴν
939 4168 1107 4237 καλὴν
1126 4164 1199 4222 ὧν
1234 4169 1376 4239 ἔχεις
1401 4172 1727 4241 οἰκονομίαν.
1759 4174 1882 4244 Μη-

314 4256 396 4311 δὲν
444 4260 662 4332 σοφίσῃ,
718 4261 883 4331 μηδὲν
934 4259 1166 4332 τεχνάσῃ
1202 4260 1340 4313 κατά
1372 4262 1471 4330 τῆς
1514 4262 1737 4315 σεαυτοῦ
1771 4264 1880 4334 (51)

1992 3098 2133 3146 sum,
2175 3082 2265 3151 qui
2314 3092 2369 3135 et
2434 3080 2749 3134 miraculum
2795 3078 2846 3130 in
2893 3078 3092 3146 nuptiis
3124 3077 3274 3141 edit,
3306 3087 3359 3129 et
3393 3075 3555 3147 705.

1991 3174 2295 3243 conjugium
2320 3171 2599 3241 prmsentia
2624 3184 2717 3222 sua
2746 3169 2989 3222 honestat
3012 3166 3051 3220 ⁸.
3079 3166 3131 3218 Ιιι
3160 3167 3212 3221 id
3238 3175 3438 3220 tanttnu
3471 3167 3554 3221 in-

1991 3265 2203 3327 cumbe,
2237 3274 2293 3316 ut
2325 3246 2512 3331 purum
2543 3262 2612 3314 sit
2634 3259 3054 3317 matrimonium,
3085 3269 3244 3326 atque
3268 3258 3336 3310 ab
3364 3257 3556 3313 obsce—

1992 3370 2182 3409 narum
2221 3354 2572 3421 cupiditatum
2606 3351 2921 3417 contagione
2967 3349 3215 3402 liberum.
3248 3348 3358 3403 lloc
3386 3365 3551 3403 unum

1990 3460 2185 3515 posco;
2242 3460 2273 3497 a
2331 3444 2471 3497 dono
2527 3442 2869 3495 securitatem
2924 3440 3146 3507 accipe,
3200 3454 3263 3493 ac
3315 3440 3552 3494 vicissim

1978 3536 2134 3591 istud
2165 3536 2304 3589 dono
2334 3532 2585 3603 repende,
2622 3541 2681 3585 ut
2703 3541 2849 3585 certo
2884 3540 3143 3598 tempore,
3174 3531 3409 3598 quaudiu
3445 3530 3552 3583 sci-

1990 3630 2118 3685 licet
2145 3629 2472 3697 assignatum
2522 3624 2685 3679 fuerit
2727 3623 2956 3678 orationi
2995 3632 3232 3690 tempus,
3269 3621 3412 3674 omni
3449 3634 3549 3675 ne-

1991 3721 2135 3792 gotio
2163 3717 2546 3789 praestabilius,
2579 3731 2609 3770 a
2655 3730 2713 3770 re
2741 3714 2923 3768 uxoria
2955 3714 3228 3768 abstineas
3250 3750 3267 3777 ,
3296 3712 3457 3781 idque
3485 3725 3555 3766 ex

1990 3811 2260 3869 connuuni
2300 3820 2456 3879 pacto
2487 3818 2541 3865 et
2587 3822 2872 3863 consensu.
2910 3804 3026 3859 Non
3055 3806 3197 3859 enim
3226 3804 3392 3873 legem
3426 3819 3555 3858 san-

1990 3904 2185 3965 cimus,
2222 3901 2316 3955 setl
2347 3899 2629 3954 consilium
2654 3898 2880 3963 damus;
2912 3911 2975 3950 ac
3018 3894 3290 3964 quidpiam
3324 3908 3510 3949 eorum
3534 3933 3552 3961 ,

1990 4008 2109 4065 qua:
2160 4001 2244 4048 tua
2297 4000 2451 4058 sunt,
2504 3990 2568 4045 ad
2612 3990 2895 4044 utilitatem
2932 3997 3076 4042 tuam
3108 4000 3554 4056 communemque

1988 4087 2270 4155 utriusque
2302 4094 2539 4139 vestrum
2578 4084 2959 4144 securitatem,
3006 4080 3252 4150 accipere
3282 4080 3547 4135 volumus.

1992 4177 2063 4233 Ut
2093 4188 2270 4232 autem
2299 4180 2351 4229 in
2376 4191 2581 4229 summa
2612 4174 2822 4237 dicam,
2852 4173 3051 4225 nullum
3095 4173 3215 4224 vitae
3254 4185 3421 4241 genus
3448 4180 3550 4235 est,

1990 4272 2191 4326 nullum
2219 4269 2452 4325 studium
2476 4279 2528 4320 et
2560 4267 2895 4330 institutum,
2925 4265 3008 4317 cui
3043 4280 3143 4317 nou
3173 4264 3274 4318 hoc
3298 4263 3552 4318 conduci-

316 4352 608 4424 σωτηρίας.
650 4353 770 4407 Κᾶν
814 4353 922 4423 γὰρ
976 4354 1103 4416 τοὺς
1140 4353 1332 4417 ἄλλους
1362 4353 1880 4426 παραλογιζώμεθα,

1989 4362 2148 4417 bilius
2175 4360 2267 4417 sit.
2297 4358 2397 4424 Qui
2425 4356 2726 4411 conditione
2747 4355 2912 4409 libera
2936 4355 3155 4421 "“gaudes
3176 4390 3192 4417 ,
3221 4350 3428 4406 frenum
3456 4365 3552 4405 ac-

382 4503 403 4532 ²
439 4502 457 4557 l
496 4502 632 4573 Reg.
672 4520 710 4570 ι,
754 4504 812 4557 11
849 4516 971 4574 sqq.
1049 4503 1071 4534 ³
1106 4502 1271 4557 Eccli.
1320 4519 1505 4569 xxxn,
1545 4504 1599 4558 5.
1676 4504 1697 4536 ⁸
1732 4504 1887 4562 Joan.
1909 4526 1967 4577 ιι,
2000 4514 2025 4569 1
2056 4529 2179 4585 sqq.

382 4616 490 4738 (ἐξ)
513 4618 925 4738 εὶέιξιθᾷξξςῖρξζμχος
954 4616 993 4687 ἡ
1026 4616 1243 4687 μήτηρ.
1270 4618 1454 4674 Plures
1481 4618 1671 4689 Regg.,
1698 4620 1891 4692 μικρός-

417 4704 476 4739 οε
513 4703 563 4739 ει
591 4703 792 4739 μῇττιο.

312 4683 480 4757 dmitos
513 4683 564 4739 εἶ
590 4683 746 4757 evita
983 4683 992 4687 ⁷
1027 4683 1041 4687 ⁷
1101 4683 1107 4684 ί
1174 4683 1197 4686 ”
1563 4683 1607 4689 ”

380 4758 490 4827 (19)
542 4757 709 4827 Πρὶν-
838 4754 997 4827 Deest
1028 4755 1062 4826 ἡ
1098 4755 1149 4809 in
1177 4756 1418 4825 pluribus
1450 4757 1607 4817 codd.

402 4825 492 4897 20)
538 4826 636 4895 Τῇ.
692 4825 824 4895 Reg.
852 4825 950 4897 ph,
980 4825 1074 4897 καὶ
1098 4828 1186 4895 τῇ.

404 4894 491 4965 21)
530 4894 814 4966 Ubinam}
848 4895 961 4947 Duo
988 4894 1181 4966 Begg.,
1216 4896 1460 4966 ποίησαν.

380 4964 493 5047 (22)
523 4966 705 5032 Αὕτη.
750 4964 973 5033 Nempe,
1008 4964 1290 5047 καθαρσις,
1332 4964 1364 5017 “ι
1401 4967 1673 5022 lavacrum
1714 4967 1879 5024 vitam

312 5033 405 5090 tibi
447 5033 500 5089 et
527 5049 807 5089 sermones
838 5033 1193 5102 componat.)

379 5105 492 5177 (‘23)
556 5101 997 5173 ’Υπερασπίσῄ.
1055 5101 1243 5169 Savil.,
1294 5102 1643 5173 ὑπερασπιεῖ,
1691 5121 1710 5157 ι
1757 5121 1882 5176 pro—

314 5182 473 5242 teget.
512 5196 531 5228 ι
923 5207 933 5217 ο

379 5240 489 5316 (24)
538 5245 774 5307 Πόσων,
811 5252 933 5316 etc.
968 5261 987 5295 ι
1019 5240 1160 5309 Quot
1204 5250 1363 5311 putas
1406 5241 1697 5312 eunuchis,
1750 5255 1885 5316 quot

312 5310 625 5383 ianitoribus
654 5313 939 5369 tutiorem?
972 5332 990 5365 ι

399 5384 489 5451 25)
528 5382 952 5450 Συνεζεύχθης.
993 5382 1204 5449 Comb.,
1231 5380 1533 5452 συνεδέτης.

400 5453 488 5522 26)
530 5454 716 5508 Ἐπεί.
756 5454 1001 5521 Quinque
1030 5453 1193 5520 Regg.
1228 5460 1283 5504 et
1328 5451 1422 5505 0r.
1450 5451 1500 5517 1⁷,
1534 5454 1600 5509 εί.

382 5522 492 5597 (27)
533 5523 824 5597 Καθαρός.
882 5524 1013 5592 Reg.
1051 5522 1164 5597 but.
1204 5523 1414 5597 _Chrys.
1453 5531 1507 5577 et
1528 5525 1622 5581 0r.
1652 5525 1706 5591 1,
1746 5523 1880 5597 λαμ-

314 5591 514 5663 πρόςμ
548 5591 880 5662 splendidum
912 5591 1386 5663 matrimonium.)

398 5660 490 5733 28)
540 5660 885 5733 ’Ᾱσχολίας.
934 5661 1096 5733 Coisl.
1126 5661 1178 5727 1,
1208 5660 1454 5733 ᾁσχολία.

400 5728 493 5805 29)
505 5728 779 5795 Ἐνεᾶὶενρ
794 5732 1016 5790 Deestin
1032 5732 1202 5790 tribus
1219 5728 1407 5809 uegg,
1421 5731 1625 5795 Coishl
1645 5740 1699 5792 et
1711 5729 1803 5791 0r.
1822 5733 1875 5793 1.

2059 4623 2171 4693 ('50)
2227 4623 2291 4675 '0
2316 4620 2679 4689 ἐνέξουσίςι.
2730 4618 2850 4675 Bill.
2876 4637 2929 4693 λίι
2984 4618 3082 4684 Qui
3118 4618 3170 4672 in
3214 4626 3474 4687 potestate
3497 4631 3553 4677 et

1986 4690 2216 4761 imperio
2243 4708 2320 4746 es.
2356 4711 2375 4743 ι
2436 4695 2709 4757 Quantum
2767 4690 3035 4761 conjicere
3086 4704 3409 4761 possumus,
3445 4708 3553 4746 non

1986 4760 2159 4831 agitur
2189 4761 2277 4814 hic
2308 4762 2372 4815 de
2402 4761 2465 4814 iis
2502 4762 2591 4831 qui
2646 4762 2866 4829 imperio
2912 4760 3205 4826 potiuntur,
3254 4760 3346 4831 sed
3384 4760 3448 4831 de
3474 4763 3554 4831 iis

1984 4829 2073 4901 qui
2106 4832 2407 4885 conditione
2437 4848 2455 4880 ι
2500 4830 2687 4895 libera,
2732 4849 2751 4880 ›
2783 4832 3032 4901 gaudent,
3069 4842 3184 4901 seu,
3220 4829 3310 4895 qui
3360 4830 3439 4882 sui
3465 4830 3553 4901 ju-

1983 4899 2060 4955 ris
2080 4911 2227 4965 sunt,
2250 4901 2441 4967 quibus
2459 4912 2822 4967 apponuntur,
2845 4899 2932 4967 qui
2958 4899 3260 4967 conditione
3286 4915 3305 4948 ι
3325 4900 3500 4967 servili
3526 4919 3546 4952 ι

1986 4965 2322 5039 premuntur,
2348 4965 2507 5031 juxta
2528 4965 2655 5024 illud
2686 4965 2873 5036 Apost.
2898 4969 2963 5021 ad
2988 4965 3161 5039 Galat.
3194 4966 3413 5032 ιιι,28,ι
3435 4968 3551 5039 Non

1988 5037 2072 5093 est
2100 5054 2285 5093 servus
2317 5054 2489 5107 neque
2517 5040 2682 5106 liber;
2705 5053 2893 5093 OlllllL'S
2918 5037 3059 5090 enim
3102 5052 3194 5093 vos
3218 5052 3384 5092 unum
3422 5038 3553 5093 estis

1986 5109 2040 5162 in
2066 5109 2280 5162 Christo
2324 5108 2469 5163 Jesu.
2503 5126 2523 5160 ι

2058 5178 2171 5249 (51)
2199 5177 2482 5249 Σεαυτοῦ.
2515 5177 2753 5243 Quatuor
2780 5175 2971 5249 Bcgg.,
3016 5184 3127 5229 tres
3152 5173 3303 5230 Coll).
3338 5185 3396 5249 et
3451 5176 3547 5234 Or.

1988 5248 2041 5313 1,
2074 5246 2193 5319 σῆς.
2226 5247 2424 5319 (Nihil
2461 5250 2715 5319 adversus
2748 5248 2940 5319 anima:
2990 5256 3113 5307 tute,
3145 5264 3163 5298 ι
3190 5254 3301 5319 etc.
3338 5246 3393 5299 ιιι
3443 5259 3546 5319 est,

1992 5315 2138 5372 nihil
2166 5317 2457 5371 callidioris
2492 5316 2697 5369 consilii
2727 5317 2986 5370 adversus
3026 5328 3169 5369 tuam
3211 5316 3374 5382 ipsius
3404 5315 3549 5368 salu-

1991 5396 2095 5442 tem
2131 5388 2393 5456 echgita,
2432 5388 2636 5456 fingens
2679 5386 2885 5456 scilicet
2943 5395 2993 5438 te
3033 5396 3248 5452 propter
3298 5385 3546 5450 baptismi

1989 5455 2342 5510 reverentiam
2380 5455 2861 5523 procrastinatione
2898 5457 2993 5514 uti,
3038 5469 3156 5508 cum
3200 5467 3381 5523 revera
3426 5468 3546 5509 eam

1988 5524 2265 5581 differendi
2322 5521 2642 5578 sacramenti
2693 5538 2911 5579 causam
2960 5524 3177 5587 habeas,
3212 5534 3268 5575 ut
3324 5521 3547 5577 liberius

1988 5597 2093 5648 tuis
2120 5593 2395 5662 indulgeas
2431 5594 2808 5661 voluptatibus.
2853 5591 2989 5647 Nam
3035 5593 3278 5658 quamvis
3310 5592 3445 5662 alios
3475 5591 3549 5645 fe-

1987 5660 2302 5726 fellerimus}
2336 5660 2675 5725 conscientiae
2704 5672 2881 5721 tamen
2932 5671 3125 5719 nostrae
3152 5663 3329 5719 fucum
3366 5660 3548 5723 facere

1986 5748 2093 5791 non
2115 5733 2422 5805 poterimus.
