4050 6298
458 290 573 351 583
1668 291 1727 349 S.
1768 290 2097 351 GREGORII
2136 293 2484 353 TllEOLOC-l
3609 291 3745 345 38f-

459 409 615 479 cipe;
668 408 763 478 qui
802 407 980 464 servili
1029 408 1292 477 premeris
1313 449 1331 477 ,
1366 407 1625 480 aequalem
1656 410 1877 468 honoris
1901 426 2017 481 gra-

2125 415 2275 484 ἡμᾶς
2304 430 2366 482 γε
2405 410 2603 475 αὐτοὺς
2640 408 2701 462 οὐ
2739 406 3113 479 δυνησόμεθασ
3157 406 3232 468 ὼς
3256 405 3319 459 τό
3346 420 3408 475 τε
3439 404 3559 459 καθ’
3586 407 3747 460 ἑαυ-

462 500 625 564 dum;
660 499 747 568 qui
779 498 831 552 in
877 513 1108 554 maerore
1156 486 1426 564 versaris,
1456 500 1742 567 solatium;
1786 502 1878 571 qui
1906 503 2017 559 item

2131 503 2225 558 τοῦ
2248 504 2488 569 παίζειν,
2517 501 2639 555 λίαν
2664 498 2963 568 ἐπισφαλὲς
2994 496 3091 551 καὶ
3117 495 3362 567 ἀνόητον.

458 598 624 658 atque
669 585 824 644 hilari
868 604 928 644 es
956 591 1158 656 animo,
1229 589 1597 661 disciplinam;
1662 592 1752 661 qui
1778 608 1957 648 rerum
2024 595 2204 666 inopia
2249 595 2498 658 laboras,
2559 605 2691 663 Opes
2737 601 2914 655 tutas,
2962 604 3062 645 nec
3103 587 3387 659 direptioni
3417 588 3736 657 obnoxias;

456 682 551 749 qui
593 681 796 735 divitiis
841 678 1051 748 aflluis,
1093 681 1407 748 prmelaram
1453 682 1765 737 facultatum
1811 694 2025 741 tuarum
2101 687 2646 742 administrationem.
2725 681 2871 737 Nihil
2922 681 3182 736 adversus
3223 681 3417 734 anima:
3464 688 3569 733 tua:
3620 670 3738 733 sa}

455 770 622 825 lutem
649 771 885 840 captiose
908 771 1337 838 comminiscere,
1367 773 1503 828 nihil
1531 775 1859 831 machinare.
1892 775 2028 831 Nam
2070 777 2199 833 licet
2231 778 2353 834 aliis
2413 776 2599 832 fucum
2655 773 2937 839 faciamus,
2970 772 3126 827 nobis
3160 771 3376 840 quidem
3405 770 3534 838 ipsis
3565 783 3730 823 nun-

454 876 617 932 quam
670 861 983 932 poterimus.
1027 861 1106 919 Ac
1167 864 1413 934 profecto
1466 865 1727 921 adversus
1780 868 2018 937 seipsum
2056 869 2262 933 ludere,
2301 869 2587 923 admodum
2619 865 2984 936 periculosum
3024 873 3078 918 et
3109 863 3363 918 stolidum
3405 870 3508 916 est:

529 951 672 1007 XIX.
705 952 774 1006 At
803 953 857 1006 in
891 953 1066 1008 media
1112 954 1387 1026 hominum
1420 955 1722 1025 frequentia
1750 958 2017 1025 versaris,

2197 959 2299 1012 16'.
2352 958 2492 1011 Ἀλλ’
2523 959 2583 1011 ὲν
2627 956 2778 1027 μέσῳ
2824 952 3055 1025 στρέφῃ,
3089 953 3184 1006 καὶ
3228 949 3429 1023 μολύνῃ
3474 952 3587 1013 τοῖς
3614 951 3685 1024 δη
3708 972 3731 992 .:

455 1057 520 1098 ac
554 1043 890 1111 publicarum
923 1059 1101 1099 rerum
1153 1060 1282 1100 cura
1332 1055 1389 1101 et
1435 1047 1902 1103 administratione
1947 1049 2017 1103 in-

2129 1052 2336 1120 μοσίοις
2356 1068 2370 1082 ο
2402 1050 2498 1103 καὶ
2523 1046 2797 1111 δεινὸν,-εῐ
2836 1063 2918 1099 σοι
2944 1040 3418 1113 δαπανηθήσεσθαι
3440 1040 3502 1093 τὸ
3527 1041 3729 1119 φιλάν-

453 1133 734 1201 quinaris:
768 1140 930 1202 atque
962 1133 1163 1188 idcirco
1192 1134 1404 1193 .metuis
1435 1177 1448 1197 .
1498 1150 1565 1190 ne
1617 1136 2017 1202 misericordia,

2128 1139 2374 1215 Optuma;
2420 1136 2655 1201 Ἀπλοῦς
2684 1138 2712 1188 ό
2736 1136 2892 1203 λόγος
2912 1150 2927 1165 ο
2950 1136 3011 1187 Et
3046 1133 3145 1204 μὲν
3186 1127 3297 1185 οἷόν
3327 1148 3410 1197 τε,
3438 1125 3789 1200 φύγεῖἷιῖΓ

454 1239 614 1293 quam
646 1238 743 1293 per
767 1223 1093 1293 baptismum
1116 1235 1438 1281 consecutus
1464 1241 1545 1290 es,
1571 1228 1861 1296 depereat?
1890 1228 2017 1284 Sim-

2123 1226 2220 1302 τῆν
2251 1216 2458 1301 ἀγορὰν
2502 1228 2639 1299 μετὰ
2683 1227 2781 1298 τῆς
2807 1224 2977 1295 καλῆς
3007 1222 3272 1288 συνοδίας,
3306 1221 3586 1291 πτέρυγας
3617 1221 3729 1274 ἀεσ-

454 1314 580 1383 plici
614 1314 862 1370 oratione
908 1323 1085 1370 tecum
1131 1331 1307 1386 agam.
1344 1315 1543 1371 Forum
1574 1333 1789 1387 quoque
1817 1319 2017 1389 ipsum,

2120 1320 2215 1375 τοῦ
2254 1319 2466 1389 σεαυτῷ
2506 1319 2769 1390 περιθεὶς,
2814 1317 2847 1389 ἢ
2896 1315 3243 1385 περιστερᾶς,
3284 1313 3349 1366 ἵν’
3382 1312 3725 1383 οἰκειότερον

454 1406 499 1459 si
531 1404 647 1460 ﬁeri
674 1414 871 1474 potest,
906 1421 1029 1460 cum
1075 1407 1301 1476 pulchro
1330 1408 1587 1463 comitatu
1616 1408 1742 1479 fuge
1763 1449 1777 1475 ,
1808 1412 2017 1480 aquilae,

2128 1410 2269 1465 εἴπω
2297 1411 2380 1481 (τί
2417 1411 2525 1482 γάρ
2557 1427 2638 1462 σοι
2675 1409 2769 1462 καὶ
2796 1407 3058 1477 Καίσαρι,
3093 1404 3125 1475 ἢ
3165 1406 3281 1466 τοῖς
3331 1402 3717 1473 Καίσαροςς).

452 1494 558 1560 νυΙ,
590 1504 650 1550 ιιι
693 1496 863 1566 magis
896 1497 1138 1567 apposite
1166 1497 1341 1552 dicam
1363 1536 1378 1561 ,
1410 1496 1673 1553 columba:
1701 1502 1895 1568 pennis
1930 1502 2017 1557 tibi

2132 1504 2277 1567 Ἕως
2304 1497 2364 1557 οῦ
2388 1502 2746 1573 καταπαύσῃς
2770 1499 2904 1568 (52),
2925 1493 2987 1552 οῦ
3021 1496 3094 1568 μὴ
3132 1496 3279 1549 ἔστιν
3301 1496 3562 1565 ἁμαρτία,
3597 1511 3719 1565 μη-

452 1586 555 1655 ipsi
601 1587 887 1655 impositis.
940 1586 1119 1655 (Quid
1169 1588 1312 1643 enim
1349 1589 1441 1643 tibi
1484 1604 1604 1644 cum
1642 1590 1888 1660 Cmsare,
1932 1602 2017 1647 aut

2128 1593 2185 1646 δὲ
2241 1592 2559 1663 μελάνωσις,
2605 1589 2739 1659 μηδὲ
2783 1587 2991 1641 δάκνων
3024 1587 3147 1656 ὄφις
3185 1585 3270 1654 ἐφ’
3303 1583 3445 1649 ὁδοῦ,
3478 1583 3720 1637 κωλύων

452 1676 683 1732 Caesaris
715 1677 948 1749 rebus?)
979 1680 1153 1748 Atque
1200 1678 1273 1733 ita
1308 1678 1458 1748 fuge,
1499 1689 1557 1733 ut
1588 1696 1693 1735 non
1734 1692 1860 1739 ante
1892 1698 2017 1738 con-

2127 1701 2219 1736 σου
2258 1682 2329 1736 τά
2368 1682 2511 1736 κατὰ
2540 1681 2672 1734 Θεὸν
2704 1678 3035 1749 διαὸήματα.
3079 1678 3361 1746 ’Ἅρπασον
3408 1676 3508 1747 τὴν
3546 1691 3719 1728 σεαυ-

450 1767 723 1837 quiescas,
745 1784 904 1838 quam
928 1784 993 1825 eo
1015 1771 1342 1837 perveneris,
1367 1772 1456 1825 ubi
1495 1784 1593 1825 nec
1615 1783 1892 1841 peccatum
1918 1783 2021 1838 est,

451 1857 553 1913 nec
578 1858 890 1925 infuscatio,
917 1875 1018 1915 nec
1043 1875 1269 1930 serpens
1298 1862 1349 1915 in
1375 1861 1458 1915 via
1490 1862 1766 1928 mordens,
1802 1864 2024 1933 piosque

452 1957 572 2005 tuos
600 1964 817 2021 gressus
860 1950 1178 2020 impediens.
1233 1951 1433 2021 Abripe
1477 1952 1712 2005 animam
1765 1964 1911 2006 tuam
1954 1968 2023 2008 ex

450 2037 556 2094 hoc
584 2040 811 2106 mundo;
844 2040 969 2110 fuge
1003 2041 1329 2107 Sodomam;
1356 2041 1658 2096 incendium
1693 2042 1846 2112 fuge;
1883 2044 2022 2098 irre-

453 2138 592 2185 torto
616 2130 770 2186 oculo
808 2133 1035 2201 gradere
1054 2170 1070 2198 ,
1099 2148 1166 2186 ne
1194 2132 1246 2186 in
1272 2132 1400 2186 salis
1424 2130 1649 2199 lapidem
1679 2147 2019 2189 concrescas.

450 2215 506 2271 lu
542 2225 777 2274 montem
808 2217 998 2273 salutis
1041 2232 1201 2273 causa
1229 2227 1280 2272 te
1310 2215 1516 2281 confer,
1551 2232 1619 2272 ne
1660 2218 1818 2273 simul
1850 2221 2023 2274 corri-

448 2308 639 2377 piaris.
692 2307 845 2374 Quod
896 2308 941 2364 si
981 2308 1095 2377 jam
1140 2316 1436 2376 occupatus
1479 2322 1570 2372 es,
1605 2322 1668 2361 ac
1700 2310 2022 2364 necessariis

447 2397 678 2454 vinculis
722 2399 997 2463 astrictus,
1032 2398 1104 2452 ita
1155 2406 1330 2452 tecum
1376 2398 1490 2464 ipse
1521 2397 1757 2468 disputa,
1792 2400 1878 2454 vel
1921 2415 2020 2468 ego

448 2489 628 2559 potius
667 2498 840 2543 tecum
875 2488 1175 2557 disputabo.
1203 2488 1432 2542 Praestat
1459 2488 1697 2558 quidem,
1731 2498 1786 2544 et
1815 2492 2014 2546 bonum

444 2579 736 2649 consequi,
770 2587 825 2634 et
854 2579 1223 2650 purgationem
1259 2580 1394 2634 tueri
1425 2594 1489 2635 ac
1524 2594 1850 2637 conservare
1882 2600 1895 2635 :
1929 2598 2021 2638 ve-

449 2686 566 2725 rum
609 2671 655 2727 si
696 2678 982 2741 utrumque
1027 2685 1132 2726 non
1172 2672 1352 2738 datur,
1403 2672 1531 2726 illud
1574 2683 1723 2728 certe
1768 2681 2016 2741 praestat,

446 2760 607 2832 705
650 2760 702 2814 in
755 2775 931 2814 rerum
987 2760 1324 2829 publicarum
1364 2760 1829 2817 administratione
1881 2778 2018 2816 non-

444 2852 581 2908 nihil
625 2852 892 2907 interdum
934 2851 1171 2906 sordium
1206 2853 1563 2917 contraxisse,
1602 2868 1763 2922 quam
1800 2854 2020 2909 omniuo

445 2957 475 2995 a
503 2943 674 3013 gratia
715 2942 1005 2998 excidere:
1054 2942 1504 3012 quemadmodum
1536 2944 1743 3000 scilicet
1794 2961 1824 2997 a
1866 2954 2017 3010 patre

2125 1774 2218 1828 τοῦ
2249 1775 2360 1845 (53)
2386 1774 2561 1844 ψυχὴν
2608 1774 2672 1825 ὲκ
2708 1770 2803 1824 τοῦ
2836 1770 3070 1840 κόσμου·
3103 1769 3242 1837 φύγε
3276 1767 3483 1838 Σόδομα
3504 1782 3519 1796 ·
3564 1766 3715 1837 φύγε

2123 1864 2215 1917 τὸν
2267 1864 2595 1934 ὲμπρησμόν
2620 1880 2634 1893 ·
2668 1862 2886 1915 ὃδευσον
2934 1858 3368 1929 ἀμεταστρεπτὶ,
3416 1856 3490 1928 μὴ
3521 1859 3715 1927 παγῇς

2123 1953 2267 2016 λίθος
2288 1953 2413 2017 ἁλός
2438 1970 2452 1983 θ
2499 1954 2579 2015 είς
2609 1952 2671 2005 τὸ
2708 1951 2832 2023 ὅρος
2871 1948 3065 2013 σώζου,
3099 1948 3174 2019 μὴ
3209 1947 3708 2018 συμπαραληφθῇς.

2124 2042 2187 2095 Et
2235 2040 2293 2093 δὲ
2342 2040 2654 2112 προκατέχη
2709 2039 2842 2108 (54),
2896 2038 2991 2092 καὶ
3032 2036 3245 2089 δέδεσαι
3275 2034 3493 2105 δεσμοῖς
3532 2035 3713 2103 ἀναγ-

2121 2131 2317 2197 καίοις,
2348 2132 2524 2184 ἐκεῖνο
2557 2130 2767 2200 σεαυτῷ
2793 2129 3121 2200 διαλέχθητι,
3155 2126 3356 2197 μᾶλλον
3386 2126 3444 2178 δὲ
3492 2125 3576 2178 σοὶ
3608 2125 3712 2178 αὒ-

2120 2222 2211 2287 τὸς
2274 2221 2698 2292 διαλεχθήσομαι
2721 2236 2736 2252 ⁸
2773 2222 3039 2292 Κρεῖσσον
3104 2220 3201 2289 μὲν
3245 2219 3340 2270 καὶ
3381 2218 3560 2285 τυχεῖν
3592 2216 3709 2284 (55)

2119 2312 2214 2365 τοῦ
2252 2311 2478 2381 ἀγαθοῦ,
2519 2314 2613 2365 καὶ
2654 2311 2948 2380 φυλάσσειν
2979 2309 3076 2380 τὴν
3103 2307 3402 2378 κάθαρσιν·
3438 2309 3487 2359 εὶ
3511 2306 3569 2359 δὲ
3597 2306 3711 2377 ἀμ-

2119 2403 2321 2474 φύτερα
2346 2403 2444 2474 μὲν
2474 2402 2766 2473 ἐνδέχεται,
2800 2401 3051 2472 κρεῖσσόν
3083 2416 3212 2452 ποτε
3248 2397 3419 2469 μικρὰ
3442 2396 3710 2467 μολυνθῆ-

2119 2512 2206 2550 ναι
2236 2497 2350 2559 τοῖς
2392 2496 2505 2558 σοῖς
2536 2492 2834 2565 δημοσίοις,
2871 2491 2903 2563 ἢ
2933 2492 3280 2545 παντάπασιν
3325 2490 3578 2542 ἐκπεσεῖν
3601 2488 3707 2558 τῆς

2119 2589 2381 2660 χάριτοςο
2439 2586 2647 2656 ὥσπερ,
2696 2584 2872 2657 οἶμαι,
2923 2587 3174 2656 κρεῖσσον
3225 2580 3613 2651 ἐπιτιμηθῆναί
3652 2596 3705 2631 τι

2118 2679 2271 2750 παρὰ
2292 2675 2497 2748 πατρὸς
2528 2676 2625 2729 καὶ
2644 2674 2923 2739 δεσπότου,
2951 2674 2985 2743 ἢ
3010 2672 3356 2743 ἀπωσθῆναι·
3386 2670 3478 2723 καὶ
3507 2670 3706 2740 μικρὸν

2118 2767 2477 2837 αὐγάζεσθαι,
2512 2767 2545 2837 ἢ
2579 2766 2853 2829 παντελῶς
2883 2762 3245 2827 σκοτίζεσθαι.
3280 2762 3578 2834 Σωφρόνων
3619 2761 3703 2826 δὲ,

2116 2857 2307 2929 ὥσπερ
2344 2858 2453 2913 τῶν
2481 2857 2702 2926 ἀγαθῶν
2740 2856 2809 2909 τὰ
2863 2855 3033 2926 μείζω
3068 2854 3161 2906 καὶ
3206 2851 3527 2922 τελεώτερα,
3558 2849 3705 2913 οὕτω

2119 2947 2214 3000 καὶ
2263 2945 2373 3014 (56)
2431 2946 2540 3000 τῶν
2589 2945 2775 2999 κακῶν
2830 2943 3099 3016 αἱρεῖσθαι
3150 2941 3217 2995 τὰ
3258 2941 3464 2994 ἐλάττω
3506 2957 3566 2992 τε
3608 2940 3703 2994 καὶ

442 3047 498 3092 et
531 3036 661 3090 hero
686 3034 1005 3104 quandoque
1037 3032 1310 3104 objurgari
1338 3035 1508 3090 satius
1532 3045 1634 3096 est.
1666 3051 1827 3104 quam
1855 3038 2013 3091 domo

2118 3038 2443 3108 κουφότερα.
2471 3038 2569 3092 Διὰ
2593 3037 2748 3090 τοῦτο
2776 3036 2849 3107 μὴ
2878 3035 2998 3089 λίαν
3022 3032 3264 3105 φοϐηθῇς
3285 3021 3384 3103 τὴν
3410 3032 3698 3102 κάθαρσιν.

444 3128 565 3198 ejici
593 3144 609 3183 :
643 3136 698 3181 et
725 3126 919 3194 exiguo
948 3124 1233 3195 splendore
1265 3125 1572 3196 perstringi,
1607 3142 1770 3197 quam
1797 3141 2016 3196 prorsus

444 3218 746 3273 obscurari.
781 3215 1107 3272 Prudentum
1138 3230 1303 3287 porro
1328 3225 1382 3271 et
1405 3219 1748 3273 cordatorum
1777 3220 2014 3273 virorum

444 3318 561 3370 est.
602 3317 662 3363 ut
709 3308 762 3363 in
813 3308 968 3362 bonis
1004 3307 1224 3363 meliora
1270 3318 1326 3364 et
1374 3309 1756 3365 excellentiora
1785 3350 1801 3377 ,
1849 3311 1923 3365 ita
1961 3312 2015 3366 in

444 3398 602 3453 malis
630 3396 836 3453 minora
870 3406 924 3451 et
954 3397 1152 3453 leviora
1179 3396 1400 3469 eligere.
1434 3400 1697 3467 Quocirca
1725 3416 1792 3456 ne
1829 3410 2012 3457 tanto-

443 3502 572 3558 pere
609 3488 982 3559 purgationem
1011 3486 1288 3545 formides.
1319 3489 1395 3545 Ea
1430 3491 1572 3545 enim
1592 3532 1609 3557 ,
1642 3508 1761 3562 qum
1790 3503 1936 3549 recte
1962 3503 2015 3549 et

444 3598 566 3639 cum
604 3581 762 3636 laude
796 3582 1032 3651 gerimus
1054 3622 1070 3648 ,
1102 3596 1132 3636 a
1158 3581 1304 3650 justo
1336 3591 1391 3639 et
1430 3585 1661 3655 benigno
1700 3601 1880 3641 rerum
1917 3603 2014 3642 no-

444 3675 680 3731 str’arum
706 3673 888 3741 judice
929 3688 1139 3742 semper
1167 3675 1235 3729 ad
1264 3674 1385 3729 vita:
1419 3685 1615 3731 nostra:
1644 3678 1822 3732 studia
1856 3688 2017 3747 atque

445 3766 712 3831 instituta,
741 3775 997 3834 tanquam
1022 3768 1090 3820 ad
1112 3766 1368 3821 amussim
1383 3769 1689 3837 quamdam,
1712 3771 2015 3840 exiguntur.

442 3856 624 3925 Atque
642 3854 716 3909 ita
750 3856 1065 3924 plerumque
1098 3855 1315 3919 accidit,
1351 3865 1410 3909 ut
1447 3857 1537 3925 qui
1571 3858 1623 3911 in
1652 3859 1792 3913 civili
1826 3860 1931 3914 vita
1961 3868 2015 3915 et

443 3948 499 4003 in
534 3948 709 4003 inedio
744 3948 917 4017 posita
941 3989 958 4013 ,
990 3947 1191 4018 aliquid
1242 3950 1467 4005 honeste
1498 3961 1551 4005 et
1582 3965 1649 4005 ex
1683 3952 1882 4007 virtute
1930 3952 2011 4007 fe-

443 4038 602 4105 cerit,
627 4038 680 4093 in
709 4038 913 4093 meliori
951 4054 1112 4093 causa
1146 4038 1236 4105 sit,
1268 4055 1426 4108 quam
1456 4041 1547 4111 qui
1577 4057 1606 4094 a
1633 4042 1862 4111 publicis
1890 4060 2014 4099 mu-

405 4128 412 4133 ’
444 4129 665 4185 neribus
698 4129 957 4196 feriatus,
994 4129 1170 4185 ofﬁcio
1206 4146 1304 4186 suo
1336 4146 1441 4186 non
1470 4148 1857 4204 usquequaque
1890 4150 2012 4213 perg

321 4222 329 4229 '
442 4219 661 4277 functus
699 4223 859 4277 fuerit
886 4241 901 4277 :
931 4224 1401 4292 quemadmodum,
1437 4233 1495 4278 ut
1525 4238 1643 4279 mea
1671 4223 1779 4281 fert
1802 4227 2004 4295 opinio,

2113 3128 2371 3199 Κρίνεται
2412 3128 2520 3199 γὰρ
2556 3129 2644 3181 ἀεὶ
2689 3127 2827 3198 μετὰ
2856 3126 2963 3179 τῶν
2991 3124 3440 3196 ἐπιτηδευμάτων
3484 3122 3544 3174 τὸ
3568 3137 3702 3174 κατ-

2112 3220 2458 3291 ορθούμενον,
2494 3218 2645 3289 παρὰ
2678 3217 2771 3272 τοῦ
2804 3218 3013 3272 δικαίου
3055 3218 3147 3271 καὶ
3181 3213 3565 3295 φιλανθρώπου
3591 3212 3701 3267 τῶν

2112 3312 2393 3384 ἡμετέρων
2426 3310 2636 3382 κριτοῦ.
2669 3310 2777 3363 Καὶ
2820 3310 3016 3381 μικρὸν
3058 3305 3409 3379 κατορθώσας
3439 3303 3699 3367 πολλάκις

2111 3404 2140 3456 ὁ
2172 3404 2229 3456 ἐν
2262 3402 2340 3474 τῷ
2376 3404 2544 3473 μέσῳ,
2578 3402 2740 3455 πλέον
2773 3401 2885 3471 (37)
2927 3400 3050 3471 ἔσχε
3078 3399 3173 3451 τοῦ
3213 3401 3271 3451 ὲν
3314 3396 3595 3467 ἐλευθερία
3623 3394 3698 3467 μὴ

2112 3493 2174 3547 τὸ
2200 3496 2304 3546 πᾶν
2333 3492 2807 3565 κατορθώσαντος’
2840 3492 3051 3564 ὥσπερ,
3072 3486 3243 3560 οἶμαι,
3272 3487 3699 3557 παραδοξότερον

2114 3588 2173 3640 ὲν
2194 3585 2385 3649 πέδαις
2411 3585 2584 3657 μικρὰ
2611 3584 2945 3655 προὸαίνειν,
2977 3583 3010 3654 ἢ
3036 3582 3248 3653 τρέχειν
3282 3579 3468 3651 μηδενὶ
3503 3576 3699 3648 βαρού-

3264 3286 3581 3301 W

2119 3694 2277 3748 μενον
2298 3695 2314 3712 ο
2357 3677 2449 3730 καὶ
2468 3676 2556 3729 διὰ
2579 3675 2840 3747 βορϐόρου
2876 3673 3046 3746 μικρά
3069 3672 3435 3745 ραντίζεσθαι,
3467 3670 3500 3741 ἦ
3524 3669 3696 3724 καθα-

2118 3766 2211 3837 ρὸν
2251 3762 2388 3818 εἶναι
2414 3764 2503 3817 διὰ
2528 3765 2778 3835 καθαρᾶς
2804 3764 2923 3817 ὁδοῦ
2951 3763 3270 3834 φερόμενον.
3298 3762 3607 3831 Τεκμήριον
3639 3760 3697 3814 δὲ

2115 3859 2210 3913 τοῦ
2253 3859 2432 3927 λόγου,
2464 3859 2558 3912 καὶ
2601 3856 2767 3911 Ῥαὰό
2796 3856 2894 3927 τὴν
2926 3857 3129 3925 πόρνην
3173 3853 3230 3906 ἒν
3270 3851 3553 3905 ἐδικαίωσε
3601 3850 3696 3921 μό-

2111 3968 2200 4006 νον
2239 3952 2369 4021 (58),
2415 3953 2449 4023 ἡ
2486 3948 2775 4020 φιλοξενία,
2811 3946 2979 4000 τᾶλλα
3004 3947 3105 3999 οὐκ
3143 3942 3571 4014 ἐπαινουμένην
3601 3941 3695 3996 καὶ

2109 4042 2199 4097 τὸν
2248 4041 2484 4114 τελώνην
2534 4041 2590 4095 ἓν
2636 4040 2870 4111 ὕψωσεν,
2909 4041 2943 4110 ἡ
2991 4037 3339 4100 ταπείνωσις,
3374 4035 3525 4090 οὐδὲν
3568 4033 3694 4088 ἄλλο

2112 4134 2561 4207 μαρτυρηθένταο
2627 4134 2715 4188 ἴνα
2773 4132 2837 4184 σὺ
2891 4129 3101 4204 μάθῃς,
3170 4126 3398 4182 σεαυτοῦ
3460 4126 3536 4197 μὴ
3591 4128 3692 4196 ρᾳ-

2106 4228 2233 4291 δίως
2260 4226 2371 4297 (59)
2398 4224 2821 4295 ἀπογινώσκειν.

440 4314 742 4372 mirabilius
772 4326 856 4373 est
884 4318 1156 4372 hominem
1179 4316 1525 4387 compedibus
1555 4318 1790 4373 vinctum
1824 4319 2066 4375 nonnihil
2097 4322 2369 4393 progredi,
2394 4336 2554 4389 quam
2600 4319 2747 4374 nullo
2806 4331 2970 4372 onere
3030 4315 3367 4387 impeditum,
3432 4325 3687 4368 currere:

440 4404 742 4460 mirabilius
774 4406 924 4472 item,
967 4422 1112 4471 eum,
1149 4406 1240 4476 qui
1277 4421 1374 4476 per
1411 4420 1625 4463 ctenum
1660 4409 1906 4475 incedat,
1970 4408 2159 4466 leviter
2218 4412 2464 4481 aspergi,
2500 4425 2661 4479 quam
2729 4423 2851 4463 eum
2877 4447 2892 4473 ,
2963 4408 3053 4478 qui
3086 4422 3219 4475 pura
3262 4407 3343 4461 via
3372 4406 3473 4459 iter
3502 4402 3686 4465 faciat,

439 4511 632 4567 purum
653 4497 720 4552 ab
741 4499 886 4552 omni
915 4497 1121 4553 macula
1145 4512 1383 4556 manere.
1423 4498 1754 4567 Argumento
1795 4510 1877 4556 est
1933 4500 2082 4557 Raab
2120 4502 2374 4561 meretrix
2399 4542 2413 4566 ,
2457 4501 2565 4567 cui,
2600 4500 2797 4568 alioqui
2829 4514 3018 4569 parum
3055 4499 3313 4561 laudate,
3357 4495 3689 4567 hospitalitas

440 4586 555 4643 sola
619 4587 846 4655 iustitia:
915 4588 1124 4643 laudem
1161 4588 1371 4654 attulit;
1432 4598 1487 4643 et
1522 4590 1875 4659 publicanus,
1923 4607 2081 4663 quem
2123 4609 2230 4649 una
2272 4603 2476 4648 tantum
2534 4591 2809 4647 humilitas
2854 4592 3082 4656 extulit,
3132 4590 3275 4645 nullo
3320 4589 3426 4643 alio
3481 4590 3691 4642 nomine

440 4681 905 4746 commendatum;
961 4689 1018 4735 ut
1061 4680 1152 4734 tibi
1195 4680 1518 4736 documento
1556 4682 1655 4749 sit,
1701 4700 1769 4738 ne
1807 4686 1872 4739 de
1920 4694 2006 4739 tua
2047 4685 2220 4740 salute
2256 4692 2455 4737 temere
2478 4682 2749 4751 desperes.

513 4770 634 4825 XX.
676 4772 907 4837 Verum,
941 4772 1082 4826 dieet
1111 4771 1376 4840 quispiam
1397 4808 1414 4836 ,
1447 4774 1573 4842 quid
1605 4775 1733 4829 mihi
1762 4788 1826 4828 ex
1861 4789 1924 4829 ea
1952 4788 2012 4831 re

2185 4776 2269 4827 K'.
2316 4772 2476 4826 Ἀλλά
2528 4772 2579 4826 τί
2627 4790 2717 4843 μοι
2766 4771 2947 4835 πλέον,
2996 4770 3159 4841 φησι,
3202 4768 3690 4841 προκατασχεθέντι

440 4862 766 4926 accesserit,
804 4863 848 4918 si
883 4876 980 4930 per
1024 4861 1346 4930 baptismum
1376 4874 1776 4933 praeoccupatus
1816 4865 1995 4929 fuero,

2116 4864 2200 4918 διὰ
2223 4863 2315 4917 τοῦ
2349 4863 2741 4935 βαπτίσματος,
2774 4863 2867 4917 καὶ
2888 4862 2948 4915 τὺ
2977 4862 3208 4934 τερπνὸν
3234 4861 3326 4913 τοῦ
3353 4861 3451 4931 ζῇν
3473 4862 3497 4911 ὲ
3507 4861 3689 4931 μαυτῴ

440 4959 605 5023 atque
628 4965 818 5008 omnes
848 4952 970 5006 vita:
997 4952 1292 5006 suavitates
1322 4951 1452 5004 mihi
1480 4951 1583 5020 ipsi
1614 4954 1682 5007 ob
1704 4951 2014 5022 hujusmodi

2116 4956 2200 5010 διὰ
2233 4956 2325 5010 τοῦ
2354 4956 2549 5026 τάχους
2577 4954 2982 5018 ἀποκλείσαντι,
3019 4953 3138 5007 ἐνὸν
3182 4954 3389 5021 ἐφεῖναι
3420 4955 3538 5015 ταῖς
3569 4952 3689 5022 ἡδο-

440 5045 772 5103 celeritatem
820 5044 1189 5115 praeclusero,
1226 5058 1349 5098 cum
1392 5044 1753 5113 voluptatibus
1794 5046 2012 5101 interim

2116 5048 2258 5111 ναῖς,
2291 5046 2385 5098 καὶ
2425 5044 2726 5117 τηνικαῦτα
2775 5045 2957 5114 τυχεῖν
3000 5042 3097 5114 τῆς
3134 5043 3380 5113 χάριτος;
3424 5040 3556 5092 Ούδὲ
3589 5040 3687 5113 γὰρ

439 5136 719 5209 indulgere
759 5137 949 5200 liceat,
977 5145 1140 5204 atque
1162 5135 1234 5190 ita
1264 5135 1476 5190 demum
1505 5136 1731 5206 gratiam
1763 5137 2012 5207 assequi?

2116 5141 2227 5203 τοῖς
2285 5139 2343 5191 ὲν
2392 5137 2471 5210 τῷ
2518 5135 2800 5209 ἀμπελῶνι
2861 5135 3304 5206 προκεκμηκόσιν
3368 5133 3577 5205 ὑπῆρξέ
3638 5148 3688 5187 τι

2126 5277 2218 5333 καί
2243 5278 2292 5330 in
2317 5280 2401 5332 ed.

997 5362 1073 5414 as-
1554 5414 1565 5416 -

2195 5348 2305 5416 (57)
2345 5345 2827 5416 lusor-.Quatuor
2879 5344 3070 5416 Ἆρες..
3101 5342 3304 5416 πλεῖ-ον.

663 5415 948 5491 {educor}
981 5410 1037 5469 in
1065 5415 1359 5491 nonnullis,
1383 5414 1599 5491 ἑαυτοῦ.

2192 5410 2308 5488 (58)
2356 5420 2467 5491 Ἓν
2519 5415 2832 5491 ἐδικαίωσε
2885 5410 3096 5491 adi/Or.
3148 5431 3194 5491 «ﬂ
3217 5412 3388 5466 Unum
3439 5410 3631 5491 solum,
3664 5430 3681 5461 ι

536 5482 627 5555 δι)
659 5484 1026 5554 Προκατέχῃ.
1070 5486 1165 5541 0r.
1203 5485 1254 5551 1,
1280 5486 1653 5557 προκατέχεις.

536 5554 621 5607 55)
654 5556 767 5607 Καὶ
797 5556 1025 5607 τυγεῐν.
1058 5556 1151 5607 Sic
1178 5570 1273 5607 sex
1290 5555 1454 5607 Reum.
1480 5567 1535 5607 et
1554 5566 1667 5607 tres
1687 5554 1837 5607 Colb.
1861 5554 2017 5607 Deest

2122 5482 2345 5557 nempe,
2378 5506 2398 5538 ι
2438 5486 2799 5607 hospitalitas.
2841 5502 2861 5536 ι
2903 5483 2993 5537 Sic
3024 5495 3131 5538 tres
3156 5482 3324 5550 Regg.
3355 5491 3410 5536 et
3440 5482 3685 5534 tredecim

2120 5556 2274 5607 Cnlb.
2303 5557 2358 5607 In
2389 5557 2502 5607 ed..
2571 5554 2888 5607 νεδικαίωσε
2918 5553 3097 5607 μόνον.

530 5553 621 5627 55)
654 5556 767 5627 καὶ
797 5553 1025 5624 τυχεῖν.
1058 5556 1151 5613 Sic
1178 5570 1273 5611 sex
1290 5553 1454 5627 Kegg.
1480 5553 1667 5611 et'tres
1687 5554 1837 5612 Colb.
1861 5554 2017 5612 Deest

2120 5553 2274 5612 Colb'.
2302 5557 2358 5610 In
2389 5557 2519 5627 ed.,?
2541 5553 2888 5627 ἐνεδικαίωσε
2918 5553 3097 5627 μόνον.

437 5618 759 5699 mihiea;
892 5618 1112 5699 ⁷,--
1198 5696 1228 5699 _
1369 5618 1435 5699 ’Ϊ
1622 5694 1652 5699 _
1747 5695 1760 5699 _
1866 5694 1895 5699 -

2178 5627 2305 5699 ,(59)
2343 5625 2440 5696 Μὴ
2490 5624 2729 5696 ῥᾳδίως.
2762 5622 2855 5682 Sic
2906 5618 3017 5680 (res
3055 5622 3222 5693 Regg.
3251 5619 3306 5677 ln
3354 5620 3465 5685 ed.,
3496 5618 3684 5692 pastio,

518 5695 627 5767 (56)
678 5693 843 5753 οὕτω
888 5695 1007 5753 καί.
1058 5695 1149 5754 Sic
1197 5696 1331 5769 Reg.
1384 5694 1455 5767 ph
1504 5703 1562 5750 et
1613 5694 1800 5752 Comb.
1863 5694 2023 5752 Deest
2125 5693 2217 5770 μήζ

509 5273 627 5348 ('52)
642 5275 1065 5348 Καταπαύο-ῃς.
1083 5272 1198 5331 Duo
1224 5275 1388 5348 Regg.
1400 5315 1415 5341 ,
1432 5272 1683 5329 καταπαύ
1692 5292 1823 5341 σεις.
1847 5274 2014 5333 Coisl.

439 5346 471 5403 1
497 5355 551 5401 et
576 5344 711 5407 Jes.,
744 5346 1073 5413 καταλύσῃς.
