4050 6298
266 213 371 270 383
1203 210 1464 272 ORATIO
1504 209 1617 270 XL.
1660 247 1729 256 —-
1766 212 1834 269 IN
1878 210 2205 270 SANCTUM
2243 211 2609 272 BAPTISMA.
3423 221 3531 282 388

267 330 450 389 πλέον,
488 326 617 381 ἴσου
643 326 735 380 τοῦ
767 324 959 398 μισθοῦ
988 325 1231 392 δοθέντος
1252 331 1345 384 κα).
1374 332 1486 393 τοῖς
1513 325 1839 392 τελευταίοις

1967 328 2151 398 Neque
2165 331 2329 393 enim,
2354 330 2445 399 qui
2467 331 2672 400 priores
2695 328 2745 384 in
2762 329 2920 386 vinea
2934 329 3301 401 laborarunt',
3317 339 3528 399 meliori

276 416 636 488 ’Δπήλλαξας
653 417 804 488 ἡμᾶς
829 418 1188 487 πραγμάτων,
1215 419 1362 481 ὅστις
1388 419 1517 473 ποτὲ
1541 415 1611 481 εἷ,
1638 421 1666 472 ό
1686 419 1845 472 ταῦτα

1964 423 2162 475 idcirco
2205 422 2809 497 couditionejuerunt,
2860 436 3011 491 requa
3046 439 3235 493 nempe
3279 435 3528 488 mercede

262 508 462 577 λέγων,
500 508 671 578 μόγις
718 508 818 577 τῆς
854 506 1119 578 ἀναϐολῆς
1153 508 1384 574 ἐξειπὼν
1416 510 1476 562 τὺ
1514 510 1845 580 ἀπόρῤητονι

1960 510 2246 579 postremis
2285 525 2499 578 quoque
2536 495 2838 579 persoluta.
2871 510 3096 582 Negotio
3126 528 3210 569 me
3248 515 3527 590 liberasti,

261 599 353 653 καί
388 617 451 653 σε
478 598 591 670 τῆς
622 596 958 670 κακουργίας
987 598 1099 667 (40)
1118 599 1217 652 οὐκ
1244 599 1501 663 ἐπαινῶν,
1531 599 1736 652 ἐπαινῶ
1762 600 1845 670 τῆς

1959 601 2203 667 quisquis
2237 600 2447 652 tandem
2477 614 2536 654 es
2558 640 2573 664 ,
2602 600 2693 670 qui
2735 600 2859 655 talia
2892 603 3122 669 profers,
3149 605 3271 659 dum
3302 622 3526 675 procra-
3559 670 3567 680 ,

261 688 707 758 ἐξαγορεθὲσεως.
760 688 920 741 Ἀλλὰ
958 687 1139 759 δεῦρο,
1174 690 1269 741 καὶ
1289 690 1388 759 τὴν
1424 689 1739 759 παραϐολὴν
1772 691 1845 761 ἐρ

1959 687 2260 741 stinatiouis
2305 686 2459 740 istius
2494 703 2748 741 arcanum
2792 703 2935 758 aegre
2966 691 3178 745 tandem
3238 696 3522 754 extulisti:

264 781 603 851 μηνεύθητι,
629 781 704 843 ῶς
734 780 799 832 ἂν
836 779 908 850 μὴ
940 779 1150 850 βλάπτῃ
1183 781 1293 849 (il)
1327 783 1437 842 τοῖς
1460 781 1845 850 γεγραμμένοις

1959 788 2013 829 et
2041 777 2284 845 quamvis
2312 777 2520 830 consilii
2556 778 2631 831 tui
2669 779 3074 846 perversitatem
3111 782 3429 853 improbem,
3459 804 3526 843 eo

259 869 319 935 ἐξ
360 869 658 940 ἀπειρίας.
695 868 917 941 Πρῶτον
955 869 1075 938 μὲν,
1105 870 1165 922 οὑ
1201 869 1450 939 περὶτοῦ
1489 869 1845 940 βαπτίσματος

1961 878 2137 921 tamen
2164 871 2378 924 nomine
2405 879 2457 923 te
2485 869 2639 924 laudo
2659 908 2675 933 ,
2700 872 2839 939 quod
2872 888 2990 927 eam
3018 886 3200 943 aperte
3234 878 3520 935 conresSus

258 960 511 1013 ἐνταῦθα
539 962 571 1013 ό
603 959 781 1028 λόγος,
804 959 940 1012 ἀλλὰ
975 960 1103 1030 περὶ
1133 960 1241 1013 τῶν
1268 960 1408 1013 κατά
1426 960 1713 1032 διαφόρους
1741 978 1845 1015 και·

1958 971 2037 1011 es.
2072 955 2266 1012 Verum
2294 960 2549 1013 adesdum
2570 998 2585 1023 ,
2632 971 2685 1014 et
2716 961 2980 1030 parabolae
3012 966 3396 1034 expositionem
3428 986 3526 1025 ac-

259 1051 387 1121 ροὺς
432 1049 835 1112 πιστευόντων,
864 1050 958 1101 καὶ
990 1050 1069 1111 είς
1103 1047 1193 1102 τὸν
1224 1049 1387 1103 καλὸν
1417 1049 1714 1119 ἀμπελῶνα
1744 1050 1845 1102 είσ·

1958 1048 2109 1115 cipe,
2156 1064 2222 1101 ne
2265 1065 2327 1104 ex
2368 1050 2469 1103 hoc
2499 1050 2791 1119 Scriptum
2824 1052 2941 1107 loco
2987 1069 3085 1122 per
3113 1056 3434 1125 imperitiam
3468 1063 3522 1117 in

1958 1137 2198 1193 fraudem
2242 1140 2463 1195 incidas.
2496 1140 2733 1194 Primum
2766 1142 2852 1197 hic
2878 1143 2943 1197 de
2972 1144 3240 1212 baptismo
3275 1165 3379 1204 non
3411 1154 3523 1222 agi-

1960 1236 2066 1292 tur,
2107 1229 2199 1283 sed
2239 1231 2306 1283 de
2349 1232 2467 1295 his,
2514 1232 2602 1299 qui
2647 1232 2768 1286 aliis
2813 1242 2975 1302 atque
3021 1235 3140 1289 aliis
3193 1243 3524 1307 temporibus

1958 1318 2115 1372 ﬁdem
2146 1321 2561 1387 amplectuntur,
2595 1329 2755 1391 atque
2786 1322 2837 1375 in
2862 1323 3139 1392 pulchram
3169 1314 3399 1391 vineam,
3422 1332 3523 1388 hoc

1962 1418 2068 1475 est,
2100 1409 2414 1476 Ecclesiam,
2449 1413 2838 1481 ingrediuntur.
2869 1414 2999 1471 Nam
3030 1431 3095 1470 ex
3123 1432 3225 1486 qua
3258 1419 3344 1474 die
3364 1432 3524 1488 atque

256 1141 610 1211 ερχομένων,
631 1140 733 1210 τὴν
766 1138 1107 1211 Ἐκκλησίαν.
1153 1141 1269 1209 Ἀφ’
1298 1136 1366 1211 ἧς
1399 1139 1507 1210 γὰρ
1535 1140 1745 1211 ἡμέρας
1766 1141 1859 1193 καὶ

255 1232 406 1303 ὧρας
436 1232 771 1285 ἐπίστευσεν
798 1233 1045 1294 ἕκαστος,
1072 1232 1165 1283 ἀπ’
1193 1232 1407 1302 ἐκείνης
1432 1232 1525 1284 καὶ
1553 1231 1667 1301 (42)
1697 1232 1859 1284 ἀπαι-

254 1324 434 1373 τεῖται
477 1321 584 1391 τὴν
614 1320 897 1392 ἐργασίαν.
925 1320 1177 1383 Ἔπειτα,
1218 1322 1265 1373 εί
1308 1322 1401 1374 κει)⁵
1439 1321 1516 1391 τῷ
1557 1320 1738 1390 μέτρῳ
1762 1319 1856 1373 τοῦ

259 1412 467 1482 μόχθου
537 1412 675 1482 (45),
741 1412 924 1465 πλεῖον
986 1413 1307 1482 εἰσήνεγκαν
1372 1413 1422 1464 οί
1482 1412 1856 1483 προεισελθόν-

255 1520 346 1566 τες
374 1502 525 1573 (44),
567 1503 681 1556 ἀλλ’
706 1503 825 1573 οὐχ).
861 1502 956 1555 καὶ
983 1502 1061 1572 τῷ
1100 1501 1280 1572 μέτρῳ
1312 1502 1410 1571 τῆς
1451 1501 1845 1572 προαιρέσεωςε

1956 1499 2087 1555 hora
2116 1502 2182 1556 ad
2218 1502 2375 1556 [idem
2411 1505 2637 1573 quisque
2680 1506 2911 1559 accessit
2935 1544 2950 1571 ,
2986 1506 3054 1560 ab
3085 1510 3270 1563 eadem
3313 1528 3524 1583 quoque

256 1595 352 1645 καὶ
398 1594 584 1663 τυχὸν
633 1596 746 1656 τοῖς
796 1592 1145 1654 τελευταίοις,
1190 1592 1253 1644 ὲκ
1296 1591 1495 1661 ταύτης
1545 1595 1638 1644 καὶ
1676 1592 1845 1645 πλεῖον

1956 1585 2060 1640 hoc
2106 1587 2174 1642 ab
2214 1603 2279 1643 eo
2329 1590 2583 1659 exigitur,
2635 1600 2694 1645 ut
2751 1594 2897 1661 operi
2953 1609 3167 1649 manum
3221 1600 3520 1658 admoveat.

257 1658 561 1753 ὠφείλετο,
620 1686 669 1737 εἰ
726 1684 818 1737 καὶ
865 1682 1163 1755 παράδοξός
1197 1699 1313 1745 πως
1352 1683 1380 1734 ὁ
1407 1658 1580 1750 λόγος.
1616 1683 1719 1736 Τοῦ
1756 1684 1845 1754 μὲν

1958 1676 2190 1744 Deinde,
2232 1658 2441 1734 tametsi
2482 1691 2740 1750 quantum
2772 1658 2837 1737 ad
2868 1683 3070 1742 laboris
3106 1691 3320 1745 modum
3346 1735 3361 1761 ,
3400 1696 3521 1765 plus

257 1776 370 1848 γὰρ
396 1777 639 1847 ὕστερον
672 1775 953 1837 εἰσελθεῖν,
974 1774 1032 1827 τὸ
1057 1775 1150 1827 καὶ
1178 1770 1402 1843 ὕστερον
1436 1772 1697 1844 κληθῆναι
1719 1774 1845 1843 πρὸς

1960 1768 2123 1840 706
2164 1770 2523 1834 contulerint,
2575 1773 2665 1842 qui
2712 1773 2921 1842 priores
2961 1776 3189 1846 ingressi
3228 1794 3385 1851 sunt,
3415 1801 3520 1840 non

255 1871 357 1942 τὴν
389 1870 814 1941 ἀμπελουργίαν
844 1869 1045 1921 αἴτιον·
1098 1866 1207 1919 τῶν
1241 1866 1413 1919 ἄλλων
1469 1866 1525 1919 δὲ
1569 1866 1629 1919 τὸ
1672 1868 1845 1937 διάφο-

1958 1869 2161 1926 tamen,
2189 1872 2446 1931 quantum
2477 1865 2543 1917 ad
2571 1864 2726 1920 bona:
2758 1866 3049 1926 voluntatis
3081 1887 3411 1933 mensuram.
3442 1876 3520 1932 Ea

263 1979 353 2033 ρον
389 1962 514 2031 (45)
555 1962 679 2012 ὅσον
733 1955 1188 2025 ὲπισκεψὼμεθω
1232 1957 1296 2008 Οἱ
1350 1956 1447 2026 μὲν
1498 1957 1559 2009 οὐ
1594 1956 1845 2028 πρότεροι

1958 1953 2119 2007 etiam
2152 1955 2393 2021 ratione,
2440 1959 2726 2026 postremis
2773 1958 3000 2015 fortasse
3038 1964 3265 2033 amplior
3313 1982 3523 2025 merces

260 2051 626 2123 ἐπίστευσαν,
682 2049 803 2102 οὐδὲ
865 2046 1130 2116 εἰσῆλθον,
1175 2045 1303 2117 πρὶν
1345 2044 1378 2116 ἢ
1435 2046 1845 2119 συμφωνηθῆναι

1957 2043 2274 2108 debebatur,
2305 2046 2407 2099 etsi
2455 2048 2849 2114 quodammodo
2878 2049 3166 2106 absurdum
3199 2055 3363 2110 videri
3398 2072 3522 2126 pos-

258 2141 453 2203 αὐτοῖς
477 2141 572 2193 τὸν
602 2138 821 2210 μισθόνο
854 2139 902 2190 οἱ
924 2136 979 2190 δὲ
1002 2135 1315 2205 ἀσύμφωνοι
1344 2137 1408 2203 τῆ
1434 2136 1662 2209 ἐργασίᾳ
1695 2154 1845 2200 προσ.

1957 2132 2047 2199 sit,
2074 2136 2215 2203 quod
2249 2135 2391 2191 dico.
2418 2135 2551 2191 Nam
2579 2139 2720 2207 quod
2758 2142 3024 2209 posterius
3048 2143 3272 2213 ingressi
3298 2123 3439 2213 sint:
3454 2164 3519 2205 ea

257 2231 452 2302 ἦλθον,
501 2231 531 2283 ὃ
586 2228 829 2301 μείζονάς
874 2230 989 2281 ἐστι
1038 2226 1322 2297 γνώρισμα
1360 2227 1615 2290 πίστεως.
1660 2228 1768 2283 Καὶ
1805 2228 1845 2281 oi

1956 2241 2121 2281 causa
2146 2226 2266 2292 fuit,
2299 2230 2420 2297 quia
2453 2231 2777 2300 posteriores
2812 2232 2876 2286 ad
2910 2234 3032 2289 vitis
3061 2237 3368 2293 excolendae
3392 2255 3521 2309 ope-

266 2321 367 2390 μὲν
398 2321 695 2390 φθονερᾶς,
726 2319 820 2371 καὶ
852 2316 1217 2386 γογγυστικῆς
1254 2316 1552 2389 εὑρέθησαν
1580 2317 1730 2381 ὄντες
1758 2318 1845 2387 φύ-

1957 2331 2071 2371 ram
2106 2320 2276 2374 vocati
2324 2331 2467 2374 sunt.
2507 2321 2563 2376 in
2613 2325 2821 2379 caeteris
2862 2334 3039 2380 autem
3074 2328 3234 2383 rebus
3264 2339 3519 2398 quantum

262 2426 405 2471 σεως
438 2409 555 2480 (46)
574 2425 589 2439 '
614 2410 662 2461 οε
688 2407 743 2459 δὲ
763 2407 911 2460 οὐδὲν
940 2404 1289 2474 ὲγκαλοῦνται
1322 2406 1578 2460 τοιοῦτον.
1611 2410 1721 2461 Καὶ
1744 2411 1845 2472 τοῖς

1956 2408 2093 2464 alios
2117 2410 2546 2476 antecelluerint,
2571 2413 2863 2467 videamus.
2894 2414 2969 2468 illi
2997 2416 3212 2484 quidem
3240 2433 3342 2473 non
3367 2421 3518 2489 prius

265 2502 365 2570 μὲν
421 2500 619 2572 μισθὸς
666 2496 733 2570 ἦν
782 2499 841 2552 τὸ
872 2498 1166 2567 διδόμενον,
1207 2496 1407 2567 καίπερ
1433 2492 1551 2550 οὖσι
1580 2500 1845 2568 πονηροῖς,

1956 2501 2297 2556 crediderunt
2319 2541 2336 2562 .
2371 2518 2470 2558 nec
2516 2503 2739 2573 ingressi
2772 2514 2913 2571 sunt,
2945 2520 3105 2575 quam
3146 2508 3276 2577 ipsis
3299 2525 3364 2565 ex
3394 2526 3522 2566 con-

260 2594 377 2654 τοῖς
410 2593 473 2645 δὲ
511 2593 544 2662 ή
573 2591 734 2662 χάρις
774 2590 884 2660 (47)
906 2607 919 2620 ’
953 2589 1095 2642 ὥστε
1128 2589 1224 2642 καὶ
1263 2590 1444 2643 ἄνοιαν
1479 2589 1845 2660 ἐγκληθέντες1

1958 2603 2117 2647 ventu
2171 2606 2378 2648 merces
2426 2596 2717 2649 constituta
2763 2595 3000 2651 fuisset:
3048 2598 3100 2651 hi
3145 2608 3322 2655 autem
3374 2602 3518 2657 nulla

264 2683 499 2747 εἰκότως
525 2682 621 2736 τοῦ
657 2682 901 2743 πλείονος
930 2680 1322 2752 ἐστερήθησαν.
1356 2680 1421 2732 Τί
1445 2679 1491 2733 δ’
1521 2680 1586 2732 ἂν
1618 2679 1711 2733 καὶ
1743 2678 1845 2749 (48]

1955 2683 2203 2738 condicta
2252 2685 2504 2739 mercede
2553 2686 2618 2739 ad
2662 2686 2897 2742 laborem
2956 2699 3337 2756 accesserunt,
3378 2694 3519 2762 quod

263 2775 454 2838 αὐτοῖς
473 2774 773 2843 ὀψισθεῖσιν
799 2774 1034 2841 ἐγένετο,
1055 2770 1460 2841 καταμάθωμεν
1478 2787 1492 2801 ο
1524 2768 1583 2823 τὸ
1616 2771 1727 2823 ἴσον
1761 2768 1845 2821 τοῦ

1954 2774 2170 2843 quidem
2222 2774 2440 2842 majoris
2491 2774 2613 2829 fidei
2656 2785 3027 2846 argumentum
3066 2789 3167 2833 est.
3220 2780 3519 2852 Praeterea,

269 2864 469 2933 μισθοῦ
505 2865 770 2935 δηλονότι.
812 2862 936 2926 Πῶς
974 2858 1065 2916 οὖν
1109 2862 1387 2916 αἰτιῶνται
1424 2860 1515 2912 τὸν
1541 2860 1851 2931 ἐργοδότην,

264 2955 342 3019 ῶς
373 2956 465 3009 διὰ
489 2956 550 3009 τὸ
577 2956 675 3025 τῆς
704 2954 945 3024 ἰσότητος
974 2954 1188 3017 ἄνισονς
1222 2950 1406 3004 Ταῦτα
1431 2950 1605 3004 πάντα
1632 2950 1728 3020 τὴν
1760 2949 1853 3002 τοῦ

1957 2864 2030 2917 illi
2066 2864 2289 2928 invida},
2335 2875 2389 2919 et
2428 2866 2495 2921 ad
2537 2869 2974 2921 murmurantium
3021 2870 3275 2938 proclivis
3308 2882 3520 2929 natura:

1954 2965 2074 3006 esse
2118 2952 2316 3007 inventi
2363 2963 2487 3007 sunt
2528 2972 2542 3008 ε
2594 2954 2680 3008 his
2729 2955 2859 3009 nihil
2904 2957 3011 3011 tale,
3052 2957 3325 3027 objicitur.
3382 2961 3519 3016 Tum

266 3045 498 3116 ἱδρῶτος
517 3046 735 3116 ὑφαιρεῖ
766 3044 874 3114 (49)
907 3043 1209 3123 χαρίενποῖς
1244 3041 1497 3113 πρώτοις,
1524 3041 1618 3092 καὶ
1644 3042 1690 3092 εί
1714 3057 1845 3109 προ-

1955 3042 2147 3105 etiam,
2184 3042 2287 3096 illis
2331 3058 2538 3097 merces
2560 3053 2677 3096 erat
2703 3044 2843 3113 quod
2888 3044 3146 3107 dabatur,
3179 3045 3390 3101 etiamsi
3422 3047 3522 3101 im-

266 3139 636 3208 κεκμήκασιν.
675 3136 762 3199 Ἐξ
791 3130 865 3190 ὧν
882 3120 1178 3205 ἧμϐαίνει
1201 3134 1295 3188 καὶ
1329 3134 1436 3203 (50)
1470 3133 1683 3186 δικαίαν
1712 3129 1849 3188 εἶναι

264 3226 366 3296 τὴν
399 3226 495 3279 τοῦ
531 3229 647 3281 ῖσου
676 3226 954 3297 διανομὴν,
980 3222 1476 3295 ἀντιμετρουμὲνης
1508 3223 1617 3294 (51)
1646 3224 1722 3295 τῷ
1752 3225 1851 3279 πό-

266 3332 344 3387 νῳ
367 3318 471 3389 τῆς
501 3318 893 3390 προαιρέσεως.

1956 3131 2169 3202 probris
2194 3141 2245 3185 et
2274 3131 2520 3202 malignis
2545 3150 2559 3186 :
2590 3135 2672 3187 his
2696 3134 2890 3204 gratia.
2919 3132 3277 3200 Quamobrem
3306 3137 3517 3191 stolidi-

1958 3224 2081 3276 tatis
2109 3224 2269 3277 etiam
2318 3231 2371 3276 et
2408 3224 2655 3277 amentiae
2682 3224 2913 3276 danmati
2934 3265 2947 3289 ,
2979 3224 3221 3293 ampliori
3273 3229 3520 3281 mercede

1954 3311 2145 3366 merito
2192 3312 2382 3380 privati
2424 3321 2567 3368 sunt.
2610 3311 2745 3379 Quid
2787 3321 2964 3365 aut-em
3010 3314 3175 3369 etiis
3222 3316 3312 3385 qui
3370 3318 3522 3370 tarde

268 3418 533 3464 venerant
579 3410 777 3464 factum
809 3410 898 3472 sit,
972 3409 1393 3463 consideremus.
1423 3408 1581 3463 Certe
1613 3408 1872 3476 mqualem
1912 3407 2009 3476 ipsi
2058 3407 2359 3459 mercedem
2399 3415 2743 3475 acceperunt.
2812 3406 2924 3473 Qua
2967 3406 3127 3476 igitur
3173 3408 3349 3462 fronte
3390 3423 3518 3477 ope-

271 3517 459 3556 rarum
508 3502 891 3557 conductorem
944 3502 1322 3563 criminantur.
1378 3499 1526 3554 velut
1578 3501 1629 3554 in
1682 3514 1848 3568 requa:
1918 3501 2181 3554 mercedis
2243 3498 2604 3567 persolutione
2629 3499 2694 3553 ab
2715 3500 2962 3567 aequitate
2990 3498 3519 3553 recedentem?llzcc

266 3595 449 3649 Omnia
486 3594 703 3649 sudoris
748 3593 974 3663 gratiam
1016 3594 1202 3660 primis
1250 3593 1610 3655 subtrahunt,
1658 3592 1868 3646 etiamsi
1908 3591 2115 3660 priores
2181 3590 2367 3645 labore
2446 3590 2649 3659 fatigati
2702 3591 2829 3644 sint.
2860 3591 2938 3644 Ex
2965 3604 3134 3659 eoque
3168 3590 3417 3657 eﬂicitur,
3461 3601 3520 3647 ut

267 3686 462 3755 :cquali
513 3685 642 3741 huic
710 3686 972 3740 mercedis
1035 3684 1394 3741 distributioni
1463 3686 1689 3756 aequitas
1741 3701 1839 3741 sua
1880 3693 2110 3749 constet,
2185 3685 2437 3738 nimirum
2497 3683 2661 3737 animi
2691 3683 2962 3740 voluntate
3000 3700 3121 3740 cum
3147 3684 3332 3740 labore
3368 3699 3517 3739 como

266 3787 515 3845 pensata.

335 3870 469 3922 KA’.
506 3868 570 3919 Ei
618 3867 675 3920 δὲ
707 3867 803 3919 καὶ
832 3866 931 3938 τὴν
962 3866 1056 3920 τοῦ
1088 3866 1311 3939 λουτροῦ
1349 3866 1574 3938 δύναμιν
1606 3870 1637 3937 ἡ
1669 3884 1847 3937 παρα-

268 3951 395 4026 ϐολὴ
432 3956 755 4023 σκιογραφεῖ
786 3953 919 4021 (52),
971 3953 1108 4006 κατὰ
1157 3953 1253 4024 τήν
1307 3956 1405 4024 σὴν
1452 3952 1709 4024 ἐξήγησιν
1734 3970 1747 3983 ’
1796 3958 1846 4010 τί

268 4044 529 4098 κωλύσειε
572 4045 684 4114 (55)
728 4045 823 4097 καὶ
872 4045 1304 4115 προεισελθόντα,
1348 4047 1441 4099 καὶ
1475 4046 1844 4100 καυσωθέντα,

271 4135 341 4206 μὴ
377 4136 689 4203 βασκαίνειν
728 4139 840 4198 τοῖς
878 4136 1223 4201 τελευταίοις,
1266 4138 1332 4191 ἵν’
1361 4138 1510 4208 αὐτῷ
1540 4138 1711 4207 τούτῳ
1736 4138 1846 4207 (51)

274 4226 425 4279 πλέον
464 4226 595 4300 ἔχῃς
626 4226 703 4297 τῷ
739 4225 1123 4297 φιλανθρώπῳ,
1150 4228 1243 4279 καὶ
1274 4228 1452 4299 χρέος,
1481 4228 1616 4281 ἀλλὰ
1647 4229 1719 4299 μὴ
1748 4229 1844 4297 χά-

2022 3862 2163 3918 XXI.
2208 3860 2311 3915 Sed
2336 3860 2551 3925 demus,
2585 3859 2783 3915 lavacri
2824 3874 3037 3931 quoque
3065 3860 3173 3915 vim
3210 3868 3263 3916 et
3291 3860 3515 3917 faculta-

1954 3964 2085 4017 tem,
2119 3953 2271 4022 juxta
2314 3953 2453 4007 hanc
2492 3951 2874 4021 expositionem
2908 3960 3049 4005 tuam
3090 3952 3340 4021 parabola
3373 3953 3517 4007 desi-

1954 4046 2141 4117 gnari;
2174 4044 2300 4114 quid
2332 4043 2613 4113 prohibet,
2637 4041 2922 4112 quominus
2951 4042 3063 4111 ipse
3087 4082 3104 4109 ,
3145 4050 3200 4095 et
3249 4042 3397 4111 prior
3430 4042 3514 4097 in-

1956 4152 2174 4206 gressus
2196 4175 2211 4199 ,
2244 4143 2299 4188 et
2340 4133 2447 4188 diei
2485 4142 2673 4188 aestum
2707 4146 2988 4201 perpessus
3010 4170 3027 4198 ,
3072 4134 3355 4201 postremis
3406 4148 3509 4186 non

1954 4228 2212 4292 invideas,
2242 4234 2303 4280 ut
2334 4226 2667 4280 humanitate
2690 4238 2900 4292 quoque
2930 4224 3039 4292 ipsa
3066 4233 3120 4279 et
3150 4225 3310 4279 animi
3338 4223 3510 4278 facili-

271 4329 348 4384 ριν
389 4316 574 4370 λαϐεῖν
607 4317 705 4387 τὴν
756 4318 1058 4373 ἁντίδοσινξ
1091 4318 1318 4371 Ἔπειτα
1355 4319 1691 4382 εἰσελθόντας
1730 4320 1845 4371 ἐκεῖ

1952 4326 2059 4373 late
2081 4333 2144 4373 ac
2176 4317 2504 4387 benignitate
2529 4313 2769 4385 superior
2794 4313 3091 4385 sis,'atque
3118 4314 3509 4370 remuneratio-

330 4438 353 4467 ⁵
392 4434 587 4490 Matth.
615 4449 708 4497 xx,
736 4435 763 4487 1
794 4450 915 4505 sqq.

333 4551 447 4619 (l0)
478 4548 593 4616 Τῆς
647 4548 1025 4617 κακοιφγίας.
1065 4547 1155 4602 Sic
1200 4546 1381 4616 plures
1425 4547 1590 4619 Regg.
1625 4558 1680 4604 et
1705 4550 1838 4607 duo-

269 4620 437 4673 decim
466 4620 618 4688 Colb.
652 4620 805 4673 Deest
835 4621 932 4688 τῆς
964 4620 1014 4670 iu
1044 4619 1128 4688 ed.

334 4689 444 4755 (41)
483 4687 754 4756 Βλάπτῃ.
798 4684 927 4757 Reg.
970 4688 1061 4755 ph,
1090 4685 1248 4757 Coisl.
1303 4686 1355 4750 1,
1391 4684 1483 4757 Or.
1536 4687 1585 4753 1,
1620 4688 1832 4755 Comb.,

270 4756 539 4838 βλαπτοιο.
580 4776 598 4808 ι
634 4759 711 4812 Ne
739 4758 864 4827 quid
886 4756 1078 4811 damni
1113 4770 1208 4822 per
1235 4756 1558 4823 imperitiam
1592 4773 1657 4813 ex
1687 4759 1833 4813 litte-

271 4842 321 4881 ra
341 4842 592 4895 accipias.
619 4845 638 4877 ι

335 4892 471 4966 (42)
492 4897 623 4949 Kal.
656 4896 813 4966 Deest
842 4895 895 4949 in
930 4893 1137 4966 duobus
1171 4892 1336 4962 Regg.
1368 4902 1423 4947 et
1447 4893 1540 4949 0r.
1572 4897 1626 4952 1.

331 4961 442 5034 (45)
478 4966 739 5034 Μόχθου.
756 4963 865 5018 Jes.
877 5003 907 5034 ,ί
925 4961 1111 5034 κόπου.

330 5030 440 5105 ut)
462 5036 526 5087 Ol
555 5030 1069 5101 εἰροεισελθόντες.
1099 5030 1188 5087 Sic
1214 5032 1446 5101 quinque
1474 5031 1639 5104 Regg.
1669 5035 1829 5091 etOr.

264 5101 314 5157 1.
350 5107 502 5158 Deest
534 5106 583 5156 oi
608 5106 659 5156 in
682 5105 768 5158 ed.

298 5143 314 5157 .
350 5119 502 5160 υοθει
534 5119 583 5156 οι
608 5121 659 5156 Ill
682 5119 768 5159 eo.

333 5172 827 5254 (5§)A4(dy0907..
866 5171 964 5254 Sic
1001 5185 1107 5254 ’sex
1150 5170 1341 5240 Regg.,
1399 5182 1602 5242 septem
1657 5172 1827 5243 Colb.,

263 5241 428 5315 Coisl.
452 5242 508 5303 2,
532 5241 652 5315 etc.
680 5243 734 5296 ln
763 5241 1209 5315 εὼηᾲδιάφορον.

330 5314 436 5381 (16)
458 5313 723 5377 Φύσεως.
752 5308 916 5368 Coisl.
955 5311 991 5363 2
1026 5308 1190 5381 etOr.
1228 5310 1277 5374 1,
1305 5308 1549 5381 γνώμης.
1660 5372 1663 5373 ν

264 5381 566 5507 artiﬁci?
620 5381 813 5451 χάρις’
876 5380 1103 5451 necs”)
1161 5380 1213 5435 in
1262 5396 1355 5435 δεῖ
1402 5380 1591 5450 “983-.
1660 5381 1827 5438 tribus

329 5461 620 5590 iisiis
654 5520 731 5574 ἂν
758 5521 879 5597 κμί,
932 5527 1041 5575 etc.
1076 5517 1283 5597 aut...
1335 5517 1694 5597 .Quid'autem
1724 5520 1826 5597 ipsi

266 5588 469 5658 queque
529 5592 803 5661 accepturi
845 5598 1022 5656 erant,
1056 5589 1102 5649 si
1132 5589 1306 5645 serius
1335 5588 1466 5658 ipsis
1496 5589 1677 5645 venire
1704 5588 1829 5647 cou-

1946 4547 2190 4617 tigissct?
2240 4546 2469 4614 Equam
2518 4545 2701 4614 utique
2753 4545 3076 4601 mercedem.
3118 4564 3138 4597 ι
3190 4543 3304 4600 Νοη
3340 4556 3505 4611 recte,

1942 4633 2062 4670 cum
2101 4619 2213 4669 haec
2242 4617 2307 4670 ad
2341 4620 2761 4671 murmuratores
2787 4618 3121 4684 detorqueat,
3154 4630 3273 4685 qua:
3298 4617 3364 4672 ad
3391 4632 3503 4682 eos,

1940 4688 2027 4755 qui
2058 4687 2206 4739 tarde
2228 4695 2501 4755 venerant,
2526 4685 2800 4755 referenda
2835 4696 2978 4739 sunt.

2011 4755 2122 4821 (49)
2192 4753 2459 4823 Ὺραιρεῖ.
2512 4755 2603 4809 Sic
2659 4754 2822 4825 Regg.
2873 4755 2985 4814 bm.
3028 4754 3118 4823 ph,
3164 4764 3273 4810 tres
3326 4754 3503 4819 Colb.,

1940 4827 2043 4880 duo
2064 4825 2235 4895 Cois].
2258 4835 2314 4895 et
2346 4827 2437 4879 Ου’.
2466 4828 2514 4879 1.
2550 4825 2602 4877 In
2622 4828 2731 4889 etl.,
2760 4827 3029 4895 ὑφαιρεῖν.

2005 4894 2114 4965 (50)
2144 4894 2251 4965 _’E£
2274 4888 2362 4947 ὧν
2386 4888 2723 4963 συμϐαίνει,
2762 4888 2965 4951 κὰίλιι
3014 4893 3303 4959 nonnullis,
3344 4895 3403 4963 ἐξ
3430 4888 3503 4950 ὧν

1930 4965 1983 5017 τί
2016 4963 2329 5034 συμϐαίνει;
2362 4965 2475 5029 καί,
2504 4976 2605 5021 etc.

1977 5033 2115 5156 έ(51)
2186 5034 2755 5105 Ἀντιμετρουμένης.
2817 5035 2981 5091 Cois].
3030 5035 3095 5101 1,
3141 5036 3500 5107 ἀντιμετρου-

2007 5122 2126 5156 νην.

2007 5122 2126 5158 νην.

1933 5120 2129 5296 με(θέὤὲ
2168 5175 2534 5245 Σκιοπραφεῖ.
2601 5177 2714 5232 Duo
2762 5177 2930 5249 Regg.
2984 5186 3037 5233 et
3093 5178 3184 5231 Or.
3241 5176 3293 5237 1,
3342 5191 3496 5229 σκια-

1933 5259 2104 5296 γοαφε
2132 5285 2148 5296 .

2004 5260 2148 5301 αφει.

1930 5259 2236 5388 _Tl_
2285 5315 2593 5388 κωλύσειε.
2645 5317 2779 5373 Tres
2833 5317 3024 5388 Regg.,
3078 5325 3186 5388 tres
3244 5314 3395 5388 (ἴση).
3445 5324 3501 5388 et

1930 5380 2035 5436 duo
2094 5380 2286 5449 Coisl.,
2345 5384 2397 5436 τί
2448 5386 2645 5440 κωλύει
2714 5405 2794 5442 σε.
2859 5380 3035 5453 ΟιῖἹ,
3072 5386 3125 5438 τί
3176 5384 3373 5439 κωλύει
3403 5384 3498 5436 καί

1929 5467 2010 5506 σε.

2162 5522 2262 5577 ”ιν’
2330 5521 2485 5588 αὑτῷ
2533 5526 2761 5609 τούτῳ.
2800 5528 2915 5583 Duo
2975 5524 3165 5592 Coisl.,
3228 5524 3316 5577 ἵνα
3364 5523 3499 5581 αὐτὸ

1924 5606 2102 5644 τουτο.
