4050 6298
529 255 638 315 387

1733 249 1794 306 S.
1833 250 2163 307 GREGOR"
2205 249 2487 305 τηεοιο
2499 249 2566 306 Gl

3683 260 3794 315 538

530 383 676 433 nem,
717 379 823 424 non
863 364 1111 422 beneficii
1151 370 1205 420 et
1236 362 1422 434 gratiae
1443 403 1456 428 ,
1490 363 1584 420 sed
1609 362 1774 419 debiti
1808 366 1927 420 loco
1968 367 2103 420 acci-

2205 365 2500 436 λαμϐάνειν
2532 364 2658 426 τοὺς
2687 362 2944 429 ἐργάτας.
2968 363 3030 417 ού
3062 365 3461 438 διαμαρτόντας
3484 373 3577 424 τοῦ
3602 371 3789 443 ἀμπε-

530 461 690 530 pias?
720 457 838 513 Huc
865 455 1028 512 etiam
1056 452 1283 517 accedit,
1307 454 1449 522 quod
1477 454 1547 507 ita
1574 453 1787 507 demum
1818 453 2098 522 operarios

531 549 834 607 mercedem
863 546 1106 612 accipere
1143 543 1257 598 vult
1299 544 1570 612 parabola,
1598 543 1641 598 si
1677 544 1731 597 in
1768 545 1981 599 vineam
2016 545 2100 597 in-

531 638 701 709 gressi
733 635 951 700 fuerint,
981 649 1044 688 ac
1070 649 1173 688 non
1203 633 1269 688 ab
1293 649 1354 688 ea
1381 634 1786 699 aberraverint;
1817 635 1960 702 quod
1989 635 2103 702 qui-

533 730 653 782 dem
702 726 798 780 tibi
841 723 1136 794 periculum
1188 723 1452 777 imminet.
1497 724 1862 788 Quamobrem
1911 724 1954 778 si
2007 724 2100 778 tibi

532 817 865 886 exploratum
893 823 1035 868 esset
1071 814 1204 878 fore,
1235 823 1293 866 ut
1319 817 1391 867 ita
1435 815 1700 878 sentiens,
1732 830 1795 867 ac
1823 815 1889 867 de
1918 813 2102 868 labore

531 905 732 974 aliquid
761 905 1028 958 malitiose
1064 904 1411 969 subtrahens,
1449 903 1774 971 baptismum
1808 918 2104 971 conseque-

531 998 689 1060 reris,
715 996 1095 1065 ignoscendum
1131 994 1225 1049 tibi
1259 1002 1401 1048 esset
1432 995 1497 1047 ad
1533 995 1836 1063 ltujusmodi
1865 995 2102 1048 rationes

530 1087 878 1156 etml'ugienti,
911 1100 976 1140 ac
1009 1085 1249 1138 nonnihil
1275 1085 1410 1139 lucri
1437 1101 1501 1139 ex
1537 1085 1747 1139 Domini
1775 1085 2102 1154 benignitate

529 1175 710 1229 facere
733 1177 1005 1243 cupienti;
1039 1185 1095 1227 ιιι
1137 1174 1264 1227 illud
1295 1190 1396 1228 non
1425 1174 1622 1239 dicant,
1652 1175 1752 1228 hoc
1783 1176 1953 1240 ipsum
1989 1190 2101 1226 am-

529 1265 669 1334 plius
709 1265 973 1330 laborare,
1024 1264 1299 1333 amplioris
1337 1266 1600 1318 mercedis
1633 1265 1752 1318 loco
1796 1264 2099 1318 habendum

530 1354 694 1426 707
722 1369 840 1409 esse
864 1394 879 1418 ,
913 1356 996 1409 his
1024 1354 1238 1422 quidem
1270 1362 1453 1417 certe,
1487 1355 1578 1423 qui
1613 1354 1793 1408 animo
1831 1363 1956 1408 sunt
1995 1369 2099 1410 non

530 1446 752 1498 omnino
779 1443 1025 1499 illiberali
1065 1454 1118 1497 et
1147 1444 1388 1500 sordido.
1419 1443 1554 1498 Cum
1587 1455 1765 1498 autem
1799 1445 2098 1512 periculum

529 1536 626 1590 tibi
658 1537 764 1603 sit,
805 1551 912 1602 ne,
964 1537 1088 1590 dum
1133 1533 1434 1602 hujusmodi
1479 1535 1629 1590 lucra
1669 1536 2039 1601 consectaris,
2070 1552 2100 1588 a

529 1630 686 1682 vinea
711 1643 934 1697 prorsus
957 1627 1196 1695 excidas,
1219 1635 1272 1681 et
1296 1625 1421 1680 dum
1446 1641 1610 1696 parva
1634 1637 1688 1681 et
1709 1625 1899 1695 exigua
1927 1626 2102 1680 obiter

2201 457 2367 519 λῶνος
2388 471 2401 484 °
2442 456 2470 508 ὅ
2505 473 2586 508 σοι
2627 457 2841 519 παθεῖν,
2885 455 3146 521 κίνδυνος.
3183 459 3342 512 Ὥστε
3375 463 3424 514 ει
3458 462 3555 532 μὲν
3593 460 3660 535 ἦν
3691 466 3795 536 δῆ-

2200 546 2309 610 λον,
2345 547 2425 598 ὅτι
2462 545 2624 616 τεύξῃ
2653 546 2753 615 τῆς
2794 547 3024 617 δωρεᾶς,
3071 548 3215 602 οὕτω
3260 553 3493 622 φρονῶν,
3526 555 3620 608 καὶ
3649 557 3794 611 67:0-

2201 634 2415 704 κρατῶν
2454 652 2506 688 τι
2535 634 2853 706 κακούργως
2880 636 2980 704 τῆς
3019 640 3299 708 ἐργασίας,
3343 647 3685 712 συγγνωστὸν
3715 644 3795 720 ἦν

2203 739 2282 776 σοι
2318 725 2453 794 πρὸς
2474 727 2600 790 τοὺς
2625 728 2896 793 τοιούτους
2921 733 3319 801 καταφεύγοντι
3349 735 3660 808 λογισμοὺς,
3689 740 3796 796 καὶ

2203 818 2658 887 παρακερδαίνειν
2684 837 2734 872 τι
2772 821 3080 892 βουλομένῳ
3106 825 3205 894 τῆς
3235 825 3328 878 τοῦ
3360 829 3630 883 Δεσπότου
3662 831 3792 900 φιλ-

2202 905 2548 975 ανθρωπίας·
2599 908 2686 973 ἵνα
2728 909 2801 978 μὴ
2832 909 2994 978 λέγω,
3044 913 3125 964 ὅτι
3177 913 3268 966 καὶ
3311 914 3440 968 αὐτὸ
3488 916 3548 969 τὸ
3588 923 3794 988 καμεῖν

2203 996 2384 1058 πλέον,
2435 998 2633 1051 πλείων
2688 1001 2876 1070 μισθὸς
2926 1001 3004 1071 τῷ
3047 1004 3120 1074 μὴ
3155 1005 3332 1076 πάντη
3369 1010 3657 1080 καπηλικῷ
3683 1012 3794 1081 τὴν

2201 1086 2455 1143 διάνοιαν.
2494 1091 2556 1142 Ei
2592 1091 2648 1143 δὲ
2682 1092 2918 1156 κίνδυνός
2954 1112 3054 1157 σοι,
3092 1095 3183 1148 τοῦ
3217 1098 3537 1168 ἀμπελῶνος
3586 1119 3796 1155 παντε-

2201 1178 2307 1241 λῶς
2348 1181 2714 1237 ὲκπεσεῖνδιά
2742 1185 2839 1254 τῆς
2866 1187 3152 1256 ἐμπορίας,
3183 1191 3276 1241 καὶ
3304 1192 3386 1252 είς
3405 1191 3465 1244 τὸ
3493 1194 3796 1261 κειράλαιον

2203 1267 2390 1338 ζημιοῖ
2419 1270 2485 1323 τὰ
2525 1273 2696 1343 μικρὰ
2730 1275 3083 1344 παρεκλέγων
3103 1293 3116 1306 ·
3155 1278 3310 1350 φέρε,
3347 1283 3459 1343 τοῖς
3490 1283 3641 1351 ἐμοῖς
3663 1284 3797 1336 πείο

2203 1359 2358 1428 σθητι
2387 1359 2564 1427 λόγοις
2589 1379 2601 1392 ·
2639 1364 2800 1433 ἀφεὶς
2836 1365 2934 1429 τὰς
2961 1367 3212 1430 τοιαύτας
3242 1370 3352 1439 (55)
3383 1369 3798 1443 παρεξηγήσεις

2202 1450 2295 1502 καὶ
2325 1451 2643 1517 ἀντιθέσεις,
2679 1455 3078 1524 ἀσυλλογίστως
3110 1458 3187 1529 τῷ
3210 1459 3366 1531 δώρῳ
3397 1463 3678 1532 πρόσελθε,
3705 1464 3795 1534 μὴ

2204 1542 2662 1614 προαναρπασθῇς
2699 1545 2812 1616 (56)
2835 1546 2943 1599 τῶν
2977 1547 3224 1613 ἐλπίδων,
3260 1551 3353 1603 καὶ
3381 1551 3522 1605 κατὰ
3556 1553 3795 1605 σεαυτοῦ

2203 1629 2372 1703 λάθῃς
2394 1633 2506 1702 (57)
2535 1634 2603 1687 τὰ
2623 1636 2849 1689 τοιαῦτα
2877 1637 3248 1708 σοφιζόμενος.

529 1722 770 1791 colligis,
828 1731 975 1778 sorte
1030 1721 1142 1789 ipsa
1192 1719 1501 1784 mulcteris;
1553 1731 1682 1787 age,
1743 1717 1920 1774 verbis
1979 1719 2114 1774 meis
2178 1723 2525 1794 obtempera,
2579 1728 2865 1798 pravisque
2951 1730 3098 1784 hisee
3148 1731 3678 1800 interpretationibus
3725 1743 3798 1791 et

531 1813 958 1886 oppositionibus
980 1810 1162 1867 missis
1191 1809 1369 1875 factis,
1395 1808 1624 1880 simplici
1653 1810 1854 1874 animo,
1876 1819 1932 1864 et
1958 1810 2096 1865 citra
2137 1819 2559 1883 argntationem,
2621 1819 2686 1872 ad
2733 1819 2932 1874 donum
2999 1822 3213 1886 accede,
3241 1839 3329 1887 ne,
3355 1835 3639 1894 antequam
3667 1825 3794 1894 spei

532 1919 638 1964 tuae
666 1921 885 1977 compos
924 1907 1043 1969 tias,
1083 1919 1146 1958 ex
1187 1904 1290 1959 hac
1321 1903 1427 1960 vita
1468 1903 1775 1974 abripiaris,
1804 1913 1966 1972 atque
2031 1903 2342 1974 imprudens
2406 1910 2458 1964 in
2491 1911 2783 1980 perniciem
2830 1921 2976 1967 tuam
3028 1913 3331 1982 liujnsmodi
3393 1917 3672 1984 captiones
3729 1925 3798 1972 et

533 1998 780 2070 argutias
809 1995 1256 2054 comminiscaris.

602 2111 917 2179 XXil.Quid
939 2121 1118 2165 autem
1136 2108 1156 2164 ί
1175 2107 1380 2174 Nonne,
1407 2110 1635 2179 inquies,
1662 2109 1924 2179 benignus
1946 2119 2000 2166 ct
2029 2109 2101 2164 fa-

2269 2110 2398 2164 KB’.
2439 2108 2505 2161 Τί
2533 2110 2655 2174 δαί;
2692 2109 2826 2180 Οὐχὶ
2851 2108 3260 2194 φιλάνθρωπον,
3296 2110 3427 2180 φησὶ
3449 2151 3464 2175 ,
3499 2109 3560 2165 τὸ
3590 2111 3797 2178 Θεῖονς

529 2205 649 2260 cilis
661 2202 924 2259 estDeus?
941 2199 1073 2254 Nam
1089 2213 1139 2254 et
1153 2201 1508 2270 cogitationes
1528 2203 1787 2255 humanas
1801 2202 2098 2269 cognoscit,

529 2307 582 2352 et
615 2295 785 2350 animi
811 2293 983 2348 nostri
1011 2292 1334 2347 desiderium
1353 2291 1622 2360 explorat,
1646 2291 2002 2360 baptismiqne
2025 2305 2110 2345 vo-

532 2401 646 2444 tum
677 2403 775 2459 pro
799 2386 1068 2455 baptismo
1107 2385 1273 2438 ducit.
1307 2382 1610 2454 Euigmati
1643 2383 1820 2438 simile
1854 2383 2106 2451 quiddam

533 2495 748 2542 narras,
781 2481 824 2533 si
855 2475 994 2546 apud
1021 2475 1211 2538 Deum,
1237 2485 1456 2544 propter
1487 2475 1652 2536 ipsius
1697 2473 2106 2542 benignitatem,

533 2573 580 2626 is
609 2585 704 2640 pro
733 2569 1033 2623 illuminato
1081 2567 1328 2633 habetur,
1389 2565 1481 2636 qui
1525 2564 1742 2618 luminis
1772 2579 1968 2633 expers
2000 2572 2104 2630 est,

528 2662 818 2718 autetiam
846 2661 982 2714 intra
1016 2673 1238 2728 regnum
1264 2656 1521 2712 crelorum
1549 2665 1650 2721 est,
1681 2656 1769 2722 qui
1799 2671 1863 2709 eo
1896 2656 1998 2708 l‘rui
2022 2669 2110 2709 ex-

531 2753 689 2824 petit,
718 2764 840 2806 eum
873 2751 1088 2806 interim
1117 2765 1178 2804 ea
1209 2748 1428 2802 minime
1458 2747 1642 2813 faciat,
1694 2759 1813 2816 qua:
1850 2748 1914 2801 ad
1944 2746 2107 2801 cmle-
2150 2793 2153 2800 .

527 2855 615 2901 ste
641 2855 868 2914 regnum
900 2842 1004 2897 iter
1034 2841 1301 2910 aperiunt.
1332 2839 1443 2908 Ego
1486 2853 1638 2903 vero,
1673 2839 1800 2908 quid
1827 2839 1892 2893 de
1919 2838 2003 2891 his
2031 2851 2110 2892 rc-

533 2937 639 2994 bus
665 2937 920 3000 sentiam,
950 2933 1116 2990 libere
1148 2934 1320 2988 dicam
1351 2949 1366 2998 ;
1394 2947 1457 2986 ac
1497 2931 1737 2986 futurum
1767 2933 2019 2996 arbitror,
2049 2938 2108 2984 ut

438 3051 442 3054 '
529 3027 824 3100 prudentes
843 3026 946 3080 viri
977 3024 1256 3080 sententia:
1276 3039 1404 3078 mea:
1425 3021 1686 3077 calculum
1711 3037 1864 3078 suum
1885 3023 2103 3077 addant.

529 3117 756 3184 Eorum,
783 3117 874 3188 qui
915 3117 1116 3172 donum
1139 3115 1410 3171 consecuti
1436 3122 1581 3180 sunt,
1606 3113 1694 3168 alii
1723 3113 1933 3182 quidem
1955 3113 2107 3182 prius

529 3229 559 3267 a
596 3213 705 3267 Deo
725 3221 780 3265 et
815 3209 990 3265 salute
1019 3223 1114 3262 sua
1145 3223 1366 3277 prorsus
1395 3207 1569 3260 aversi
1606 3215 1782 3268 erant,
1830 3207 1919 3274 qui
1954 3207 2105 3261 vide-

529 3305 657 3360 licet
681 3318 776 3372 per
795 3301 976 3358 omnia
1017 3299 1340 3370 ﬂagitiorum
1369 3313 1564 3366 genera
1591 3299 1994 3366 grassabantur,
2055 3305 2103 3352 et

529 3399 596 3452 de
631 3395 897 3450 industria
919 3392 1108 3447 vilium
1159 3391 1628 3459 amplexalntntur.
1683 3389 1787 3442 Alii
1842 3389 2106 3459 quodam-

2209 2200 2319 2254 Καὶ
2344 2200 2642 2268 γνωστικὸν
2666 2200 2772 2271 γὰρ
2796 2201 3032 2262 ἐννοιῶν,
3057 2195 3342 2269 δοκιμάζει
3365 2218 3424 2252 τε
3449 2202 3548 2272 τὴν
3575 2202 3800 2270 ἔφεσιν,

2208 2294 2302 2346 καὶ
2361 2294 2480 2345 ἀντὶ
2543 2293 2951 2362 βαπτίσματος,
3001 2296 3233 2344 ποιεῖται
3287 2293 3388 2362 τὴν
3451 2294 3628 2364 ὁρμὴν
3685 2295 3798 2348 τοῦ

2211 2385 2604 2454 βαπτίσματος.
2641 2383 2933 2454 Αἰνίγματι
2963 2383 3143 2452 λέγεις
3172 2385 3392 2453 ὅμοιον,
3429 2386 3478 2436 εί
3511 2402 3802 2454 πεφωτισ-

2212 2476 2369 2545 μένος
2406 2468 2522 2527 ἐστὶ
2556 2473 2674 2542 Θεῴ
2703 2473 2851 2545 (58),
2885 2473 2974 2526 διὰ
3008 2474 3067 2526 τὸ
3109 2473 3488 2548 φιλάνθρωπον
3508 2515 3523 2538 ,
3559 2476 3588 2526 ὁ
3631 2475 3799 2543 ἀφῶ.

2207 2579 2407 2630 τιστος,
2447 2568 2480 2637 ἢ
2532 2568 2624 2620 καὶ
2664 2567 2766 2636 τῆς
2813 2567 3085 2636 βασιλείας
3127 2567 3234 2619 τῶν
3276 2553 3518 2637 adp-Em
3562 2567 3710 2630 ἐντὸς
3764 2570 3802 2621 ὁ

2207 2659 2411 2727 ταύτης
2438 2662 2620 2728 τυχεῖν
2651 2659 2968 2721 σπουδάζων
2991 2698 3005 2719 ,
3033 2658 3156 2727 δίχα
3177 2657 3271 2710 τοῦ
3305 2658 3566 2729 πράττειν
3588 2659 3654 2713 τὰ
3683 2659 3800 2729 τῆς

2213 2749 2503 2819 βασιλείας.
2560 2739 2700 2816 Ἐγὼ
2745 2748 2834 2810 δὲ,
2868 2749 2943 2811 ὡς
2993 2747 3100 2818 ἔχω
3143 2747 3270 2818 περὶ
3319 2747 3558 2813 τούτων,
3610 2750 3800 2802 εἰπεῖν

2209 2841 2466 2913 θαρῤήσω
2487 2853 2499 2870 ο
2533 2835 2687 2910 οἶμαι
2718 2839 2774 2891 δὲ
2806 2839 2899 2892 καὶ
2925 2839 3034 2891 τῶν
3064 2837 3238 2892 ἄλλων
3271 2837 3628 2909 συνθήσεσθαι
3655 2839 3798 2902 τοὺς

2207 2931 2331 2984 νοῦν
2371 2932 2613 3001 ἔχοντας.
2665 2930 2786 2983 Τῶν
2835 2931 3110 3000 τυχόντων
3149 2929 3248 2999 τῆς
3292 2930 3536 3000 δωρεᾶς,
3586 2933 3634 2982 οἱ
3683 2931 3797 2999 μὲν

2208 3022 2486 3084 παντελῶς
2511 3019 2650 3093 ἦσαν
2673 3019 2942 3092 ἀλλότριοι
2969 3023 3060 3074 τοῦ
3088 3021 3222 3075 Θεοῦ
3247 3022 3339 3074 καὶ
3361 3022 3462 3092 τῆς
3487 3021 3794 3093 σωτηρίας,

2209 3114 2316 3168 πᾶν
2342 3110 2479 3176 εἶδος
2501 3113 2700 3176 κακίας
2725 3111 3109 3176 διεξελθόντες,
3138 3115 3230 3166 καὶ
3258 3109 3401 3166 εἶναι
3427 3112 3589 3166 κακοὶ
3617 3129 3797 3166 σπου-

2205 3203 2457 3267 δάζοντες
2501 3203 2646 3271 (59)·
2685 3203 2732 3256 oi
2771 3201 2828 3254 δὲ
2867 3202 3233 3274 ἡμιμόχθηροί
3267 3220 3418 3265 πως,
3458 3195 3562 3256 καί
3599 3203 3796 3273 μέσως

2208 3293 2423 3365 ἔχοντες
2457 3294 2659 3364 ἀρετῆς
2694 3293 2790 3347 καὶ
2830 3294 3064 3357 κακίας·
3097 3294 3146 3347 οἳ
3179 3293 3238 3347 τὸ
3274 3295 3372 3363 μὲν
3416 3295 3583 3348 κακὸν
3615 3297 3795 3366 ἔπρα-

2209 3387 2336 3451 ξαν,
2383 3386 2461 3454 τῷ
2495 3385 2857 3457 πραττομένῳ
2889 3385 2946 3437 δὲ
2980 3386 3040 3438 οὐ
3077 3385 3408 3457 συνῄνεσαν,
3443 3385 3694 3456 καθάπερ
3730 3387 3796 3440 οι

530 3484 689 3540 modo
722 3481 1012 3546 semimali,
1052 3495 1114 3535 ac
1141 3481 1319 3534 medio
1360 3479 1500 3532 inter
1531 3478 1782 3531 virtutem
1811 3489 1864 3532 et
1914 3479 2098 3532 vitium

2206 3479 2568 3551 πυρέττοντες
2599 3478 2676 3547 τῷ
2703 3479 2912 3530 ἑαυτῶν
2941 3478 3353 3547 ἀρῤωστήματι.
3387 3478 3448 3529 Οἱ
3473 3475 3530 3529 δὲ
3557 3477 3650 3529 καὶ
3675 3477 3794 3548 πρὸ

527 3575 650 3630 loco
674 3572 836 3642 positi
865 3589 880 3638 ;
914 3571 948 3625 ii
977 3584 1189 3637 nempe,
1220 3569 1308 3640 qui
1343 3568 1558 3621 tametsi
1585 3566 1782 3618 malum
1819 3579 2098 3636 perpetra-

528 3674 668 3730 rent,
700 3663 752 3717 id
793 3671 995 3724 tamen,
1027 3661 1168 3727 quod
1204 3656 1611 3728 perpetrabant,
1651 3659 1870 3710 minime
1915 3659 2101 3727 proba-

529 3756 684 3816 bant,
713 3751 1162 3822 quemadmodum
1192 3763 1291 3803 nec
1335 3749 1581 3802 morbum
1607 3765 1762 3804 suum
1809 3749 1902 3818 qui
1967 3749 2106 3804 febri

528 3844 870 3898 direxantur.
905 3838 1008 3893 Alii
1034 3838 1194 3892 etiam
1243 3845 1367 3891 ante
1419 3837 1694 3891 lustricam
1745 3836 2104 3893 initiationem

527 3932 757 3990 honeste
783 3939 842 3986 et
867 3945 988 3984 cum
1025 3928 1178 3982 laude
1207 3928 1497 3994 vivebant;
1525 3926 1598 3980 illi
1624 3928 1840 3995 quidem
1871 3944 1934 3982 ex
1965 3929 2104 3983 bona

529 4021 734 4089 indole,
776 4022 863 4076 isti
888 4035 1015 4074 vero
1043 4021 1184 4088 quod
1219 4018 1283 4071 ad
1313 4016 1637 4086 baptismum
1666 4019 1873 4087 seipsos
1918 4019 2105 4074 sedulo

528 4126 595 4166 ac
645 4110 886 4165 studiose
939 4117 1390 4177 praepurgarent:
1432 4107 1520 4175 qui
1573 4107 1734 4160 etiam
1763 4117 1883 4176 post
1932 4108 2103 4178 bapti-

527 4219 702 4260 smum
748 4202 1093 4272 prmstautius
1149 4200 1324 4252 adhuc
1360 4199 1676 4268 cautiusque
1717 4199 1883 4253 vitam
1947 4201 2097 4254 insti-

529 4303 728 4349 tuunt:
768 4293 916 4359 illud,
952 4303 1010 4347 ut
1057 4292 1258 4347 bonum
1286 4300 1782 4360 consequerentur;
1853 4291 1974 4356 hoc,
2035 4300 2097 4346 ut

507 4373 786 4442 tueantur
809 4395 972 4454 atque
1002 4391 1347 4438 conservent.
1381 4381 1437 4435 ln
1469 4381 1551 4436 bis
1582 4397 1764 4451 porro,
1807 4391 1865 4437 ut
1914 4383 2071 4437 melio

524 4492 616 4534 res
639 4478 713 4532 illi
741 4477 1015 4548 iudicandi
1043 4485 1189 4540 sunt,
1217 4475 1307 4544 qui
1332 4474 1399 4529 de
1433 4473 1776 4544 improbitate
1825 4473 2107 4542 quidpiam

2206 3571 2307 3640 τῆς
2356 3569 2684 3632 τελειώσεως
2735 3569 2846 3638 (60)
2895 3564 3036 3638 ἦσαν
3093 3567 3408 3621 ὲπαινετοίο
3466 3568 3514 3620 οἱ
3567 3567 3665 3638 μὲν
3715 3568 3797 3622 ὲκ

2208 3662 2420 3730 φύσεως
2477 3660 2622 3730 (61),
2665 3661 2716 3712 οἱ
2766 3659 2822 3712 δὲ
2856 3659 2997 3712 κατὰ
3047 3659 3278 3728 σπουδὴν
3323 3658 3796 3730 προκαθαίροντες

2206 3754 2434 3815 ἑαυτοὺς
2483 3752 2560 3821 τῷ
2607 3753 2977 3823 βαπτίσματιο
3017 3753 3110 3804 καὶ
3153 3751 3294 3822 μετὰ
3325 3752 3427 3824 τὴν
3467 3752 3796 3823 τελειότητα

2205 3845 2480 3912 πεφήνασι
2515 3843 2798 3914 κρείττους
2831 3845 2927 3896 καὶ
2957 3843 3382 3913 ἀσφαλέστερον
3424 3843 3486 3896 τὸ
3526 3843 3654 3914 μὲν,
3691 3844 3794 3900 ἵνα.

2203 3935 2406 4006 τύχωσι
2449 3934 2542 3986 τοῦ
2577 3935 2816 4002 ἀγαθοῦ,
2850 3935 2910 3988 τὸ
2935 3935 3020 4001 δὲ,
3053 3937 3139 3989 ἵνα
3177 3935 3505 4004 φυλάξωσιν.
3549 3937 3635 3990 Ἐν
3659 3937 3794 3998 τού-

2202 4041 2344 4088 τοις,
2380 4023 2624 4093 βελτίους
2663 4024 2762 4094 μὲν
2792 4024 2898 4076 τῶν
2928 4023 3040 4093 (62)
3077 4024 3395 4077 παντάπασι
3422 4023 3703 4094 πονηρῶν,
3731 4027 3792 4079 οι

2203 4115 2303 4184 τῆς
2344 4114 2545 4177 κακίας
2580 4130 2632 4168 τι
2677 4115 2995 4185 ὑφιέμενοι·
3042 4114 3284 4184 βελτίους
3327 4114 3383 4166 δὲ
3433 4113 3542 4167 τῶν
3585 4115 3794 4186 μικρόν

2205 4225 2257 4259 τι
2292 4207 2401 4276 (65)
2442 4206 2750 4277 ὑφιεμένων
2771 4247 2785 4270 ,
2826 4209 2876 4260 οἱ
2911 4207 3319 4278 σπουδαιότεροι
3360 4207 3454 4260 καὶ
3489 4207 3788 4279 προσαρώο

2208 4314 2396 4360 σαντες
2428 4297 2540 4366 (64)
2574 4300 2799 4361 ἑαυτοὺς
2849 4297 2945 4351 τοῦ
2984 4298 3365 4369 βαπτίσματος
3387 4315 3402 4330 ο
3437 4298 3619 4368 ἔχουσι
3669 4300 3791 4370 γάρ

2204 4403 2258 4439 τι
2303 4387 2463 4439 πλέον
2502 4388 2650 4455 (65),
2689 4388 2788 4458 τὴν
2837 4388 3121 4458 ἐργασίαν.
3155 4388 3228 4440 Οὐ
3267 4388 3410 4459 γάρ,
3452 4385 3638 4459 ὥσπερ
3672 4388 3792 4442 τῶν

2207 4476 2624 4548 ἁμαρτημάτων
2667 4477 2940 4546 ὲξάλειψιν
2981 4477 3093 4546 ἔχει
3130 4478 3189 4530 τὸ
3220 4476 3474 4548 λουτρὸν,
3510 4475 3652 4530 οὕτω
3684 4479 3791 4530 καὶ

523 4571 876 4635 remiserunt,
901 4583 1061 4636 quam
1094 4567 1187 4638 qui
1231 4569 1450 4626 omnino
1479 4565 1709 4636 improbi
1765 4574 1818 4620 et
1854 4565 2101 4622 scelerati

2205 4568 2314 4620 τῶν
2367 4568 2808 4640 κατορθωμάτων
2860 4569 3162 4640 ἀναίρεσιν.
3222 4567 3438 4622 Τούτων
3491 4569 3546 4624 δὲ
3598 4571 3790 4625 αὐτῶν

599 4809 712 4880 (55)
753 4809 866 4880 Td;-
904 4808 1200 4880 τοιαύτας.
1234 4807 1326 4880 Sic
1361 4809 1598 4880 quinque
1629 4809 1823 4880 Regg.,
1859 4807 2100 4880 plerique

523 4877 676 4937 C0lb.
716 4889 770 4934 et
800 4878 892 4933 Or.
919 4879 968 4930 1.
1003 4880 1150 4932 ilcest
1171 4877 1425 4940 τοιαύτας
1451 4881 1500 4930 in
1537 4878 1620 4930 ed.

596 4948 708 5020 (56)
740 4945 1279 5017 Προαναρπασθῇς.
1313 4949 1555 5014 Quinque
1582 4945 1774 5016 liegg.,
1815 4964 2104 5020 προαρπά-

525 5017 709 5159 σθῗὲἧ)
739 5085 960 5159 actam.
1017 5084 1110 5159 Sic
1153 5093 1266 5140 tres
1305 5085 1500 5154 ηερε..
1547 5086 1732 5139 decem
1775 5085 1957 5150 Colb.,
2005 5086 2099 5143 0r.

525 5160 577 5223 Ι,
607 5156 719 5212 etc.
764 5156 819 5208 III
851 5163 962 5221 etl.,

596 5228 710 5300 (58)
733 5225 872 5300 Θεῷ·
903 5225 1034 5300 ῐξθεε
1063 5225 1152 5294 rli;
1189 5225 1264 5296 τῷ
1287 5225 1435 5300 θεῷ·

595 5292 706 5368 (59)
752 5292 1247 5368 Σπουδᾴζοκτεςᾙ
1279 5292 1519 5366 Quinque
1565 5293 1756 5364 Regg.,
1805 5292 1897 5348 0r.
1960 5295 1985 5348 1
2048 5305 2102 5352 et

523 5364 714 5426 Cbmb.
725 5408 739 5429 ,
766 5366 1183 5429 σπουδάσαντες.

595 5438 705 5522 (60)
731 5435 1115 5503 Τελειώσεως.
1149 5437 1315 5522 ιὶεεε.
1347 5435 1460 5502 bm,
1488 5433 1579 5504 pb,
1609 5432 1703 5488 0r.
1744 5433 1767 5487 i
1807 5441 1860 5488 et
1883 5433 2094 5502 Comb.,

517 5510 1070 5649 ςεῖῗὶιῗτῃὲῗξούσεω
1111 5614 1122 5629 .
1157 5594 1175 5628 ι
1212 5575 1356 5631 Bona
1389 5574 1587 5638 indole,
1629 5591 1650 5624 ι
1681 5589 1798 5642 seu,
1840 5594 1859 5626 ε
1896 5588 1924 5628 a
1951 5586 2100 5631 natu-

523 5663 603 5702 ra.
639 5578 729 5702 ιίά
744 5656 847 5702 est.
887 5596 1318 5702 inauitglicetas.
1355 5663 1375 5698 ι
1419 5660 1483 5702 ea
1510 5643 1689 5702 indole
1716 5645 1947 5702 praediti.
1975 5661 2096 5702 uuae

595 5596 706 5702 (ογ
745 5596 842 5632 Ὶςκ
863 5596 1175 5702 φυσεςυςῇ]
1212 5596 1356 5631 bona
1391 5596 1587 5658 tnuoic,
1629 5596 1650 5624 ι
1681 5596 1798 5642 seu,
1840 5596 1924 5658 (βε
1951 5596 2096 5631 natu-

523 5663 603 5706 ra.
639 5665 658 5700 ι
698 5648 847 5717 dest,
887 5649 1061 5720 inquit
1131 5656 1318 5712 tcetas,
1355 5663 1375 5698 ‹
1419 5660 1483 5702 ea
1510 5643 1689 5702 indole
1713 5647 1947 5716 praediti,
1975 5661 2096 5718 quae

998 5157 1194 5228 μάθῃς,
1229 5174 1253 5228 ς
1289 5159 1584 5228 pet-discas.
1618 5173 1636 5204 ι

2179 4782 2340 4879 agre
2370 4809 2436 4864 ad
2470 4809 2667 4864 malum
2715 4813 3062 4881 propendeat.
3103 4835 3122 4868 ι
3175 4814 3342 4873 Vetus
3387 4817 3569 4873 Schol.
3607 4818 3788 4872 inter-

2238 4889 2444 4956 retatur
2475 4881 2954 4957 :_érrtrn55t6:ma,
2991 4905 3008 4937 ‹
3048 4890 3260 4957 propria
3287 4903 3350 4943 ac
3387 4889 3614 4942 naturali
3643 4905 3787 4957 qua-

2223 4953 2384 5015 itate;
2412 4968 2444 5000 -ι
2477 4951 2743 5027 simulque
2797 4951 3070 5019 observat,
3119 4951 3438 5027 Gregorium
3485 4974 3588 5012 non
3637 4951 3783 5011 mul-

2201 5029 2310 5073 tum
2344 5035 2536 5097 cura_re
2558 5025 2844 5097 verborum
2885 5025 3291 5094 proprietatem,
3324 5030 3622 5097 przesertim
3652 5043 3785 5082 eum
3815 5073 3818 5076 .

2198 5090 2512 5170 corrupto}:
2537 5092 2839 5170 quibusnest
2876 5090 3078 5170 sermo,
3103 5090 3297 5170 sensus
3324 5090 3410 5150 cst
3437 5097 3781 5170 "mnifestus.

2270 5158 2378 5228 (62)
2409 5157 2534 5238 ager
2557 5159 2694 5238 τῶνε.
2728 5161 2818 5238 S_ic
2839 5157 3078 5238 quinque
3109 5167 3302 5238 Regg.,
3326 5177 3434 5222 tres
3466 5166 3644 5232 Colb.,
3676 5169 3782 5222 0r.

2177 5227 2251 5298 ,1,
2283 5227 2393 5298 etc.
2434 5229 2593 5283 Deest
2616 5231 2723 5285 τῶν
2747 5233 2798 5285 in
2827 5227 2917 5290 ed.

2271 5297 2382 5378 (ϐξ)
2406 5300 2634 5378 Μικρόν
2671 5319 2747 5378 τι.
2775 5304 2866 5356 Sic
2888 5317 3118 5378 quatuor
3136 5305 3306 5378 Regg.
3344 5308 3404 5360 In
3432 5303 3781 5375 quibusdam,

2200 5369 2393 5444 praepes
2421 5386 2503 5444 “is.
2525 5373 2579 5424 In
2618 5374 2728 5444 ed_.,
2759 5369 2968 5444 μικρῶν
2998 5394 3072 5432 τι.

2267 5440 2376 5519 (illi)
2415 5440 3061 5519 Προσαρῴσᾲντξςτξὶε
3087 5445 3257 5519 Regg.
3292 5445 3399 5519 bm,
3430 5448 3496 5516 pb
3531 5455 3584 5501 et
3606 5442 3781 5519 (Zoisl.

2198 5507 2394 5563 i.‘Si'c
2459 5507 2632 5588 etiam
2685 5515 2810 5581 legit
2871 5507 3074 5588 Billius.
3140 5507 3781 5588 lti'ed.,'?rrpoapdcav—

2193 5594 2374 5666 τεςεηξ,
2402 5581 2556 5666 99.115}
2580 5591 2760 5666 θηξΓο
2783 5586 3189 5666 ρεσευῙηιιεειιςε
3209 5594 3263 5642 et
3286 5581 3610 5646 excolehtes.
3635 5599 3666 5642 ι

2266 5649 2378 5720 (65)
2425 5648 2641 5708 Πλέον.
2667 5648 3000 5726 υυόιὶοεεη
3029 5654 3232 5712 πλεῖον.
