4050 6298
263 229 359 286 589
1175 235 1431 294 ORATIO
1468 240 1583 296 XL.
1623 271 1696 284 --
1730 239 1801 296 ιΝ
1836 242 2166 300 SANCTUM
2205 243 2578 301 BAPTISMA.
3396 251 3502 307 590

262 341 522 412 βελτίους,
558 342 606 396 oi
638 343 734 396 καὶ
777 343 1153 413 γεωργοῦντες
1196 348 1259 401 τὸ
1292 351 1568 420 χάρισμα,
1607 352 1701 406 κα)⁵
1745 343 1826 405 δτι

1933 347 2148 409 fuerunt
2177 401 2189 409 .,
2225 358 2298 411 ita
2339 357 2424 421 iis,
2453 358 2545 428 qui
2577 371 2682 412 non
2729 359 2946 416 omnino
2978 363 3238 419 effrenate
3290 379 3353 419 ac
3382 381 3506 434 pro-

260 434 484 504 μάλιστα
509 435 592 497 είς
622 434 820 498 κάλλος
847 435 1079 499 ἑαυτοὺς
1111 438 1434 502 ἁποξέοντες
1463 439 1598 508 (66).

1933 442 2112 498 stitute
2143 455 2457 513 peccarunt,
2494 447 2566 500 illi
2597 446 2842 516 praeferri
2871 449 3087 512 debent,
3122 453 3211 518 qui
3247 453 3504 506 virtutem

255 524 548 590 coluerunt,
578 539 641 579 ac
664 525 870 592 seipsos
901 532 1025 580 ante
1078 527 1406 596 baptismum
1447 529 1592 584 velut
1621 530 1800 599 scopis
1836 532 2155 598 quibusdam
2192 545 2488 603 purgarunt
2511 535 2533 604 (
2560 536 2760 590 habent
2788 538 2928 591 enim
2973 539 3249 607 'quiddam
3311 551 3508 610 praeter

255 622 490 677 caeteros,
521 612 774 666 nimirum
817 614 1110 682 superioris
1146 618 1268 670 vita:
1293 618 1466 672 studia
1494 627 1548 672 et
1581 618 1828 681 labores;
1872 633 1976 670 non
2012 621 2176 682 enim,
2203 623 2650 689 quemadmodum
2679 627 2842 696 708
2863 627 3132 682 lavacrum
3193 631 3333 684 hanc
3399 631 3508 684 vim

255 703 426 768 habet,
457 715 518 757 ut
537 715 761 774 peccata
789 704 981 767 deleat,
1012 705 1082 757 ita
1110 705 1270 759 etiam
1331 717 1477 760 recte
1543 708 1682 760 facta
1723 707 2056 779 exstinguit).
2091 711 2266 777 Atque
2318 713 2402 764 his
2446 729 2638 767 rursus
2716 719 3077 784 anteponendi
3129 731 3275 788 sunt,
3316 721 3407 790 qui
3451 729 3508 778 et

255 797 473 866 gratiam
519 795 796 856 excolunt,
824 804 878 847 et
906 795 1114 864 seipsos
1144 800 1209 850 ad
1239 811 1455 850 omnem
1479 798 1694 851 virtutis
1724 797 2043 863 eleganliam
2076 815 2236 865 quam
2263 805 2499 857 maxime
2524 807 2816 873 expoliunt.

313 887 440 939 Kl".
477 887 642 938 Ὥστε
677 886 770 938 καὶ
806 886 912 937 τῶν
948 887 1465 955 ἀποτυγχανόντων,
1501 889 1548 940 οἱ
1585 888 1683 957 μὲν
1724 887 1830 939 εἰσ).

254 976 528 1039 παντελῶς
557 976 856 1046 κτηνώδεις
896 977 1038 1046 (67),
1073 976 1107 1044 ἢ
1145 976 1464 1047 θηριώδεις,
1499 978 1576 1040 ὡς
1607 977 1673 1030 ἂν
1709 976 1827 1045 (68)

249 1067 426 1128 ἀνοίας
457 1067 491 1135 ἦ
525 1065 796 1136 πονηρίας
821 1065 1020 1134 ἔχωσιν
1041 1073 1054 1094 ⁸
1088 1059 1167 1128 οἷς
1204 1065 1342 1135 μετά
1376 1065 1482 1118 τῶν
1521 1065 1693 1118 ἄλλων
1726 1083 1826 1118 κα-

249 1158 386 1220 κῶν,
430 1157 558 1210 οὐδὲ
600 1156 660 1208 τὸ
699 1159 980 1226 χάρισμα,
1032 1151 1216 1226 οἶμαι,
1268 1157 1474 1227 σφόδρα
1516 1157 1828 1227 αἰδέσιμον,

249 1249 356 1303 ἀλλ’
387 1249 567 1310 ὄντως
593 1247 843 1318 χάρισμα
863 1261 876 1277 ⁶
907 1249 954 1298 εἰ
985 1247 1084 1314 μὲν
1109 1247 1287 1316 δοθείη
1310 1289 1324 1313 ,
1355 1247 1716 1318 στεργόμενον
1738 1264 1750 1277 ·
1783 1249 1831 1299 εξ

245 1340 299 1396 δὲ
339 1339 413 1410 μὴ
473 1335 693 1410 δοθείη,
743 1339 1240 1408 περιφρονούμενον
1281 1340 1413 1410 (69).
1457 1342 1518 1391 Oi
1572 1340 1628 1392 δὲ
1675 1339 1837 1408 γινώ⁴

251 1448 432 1484 σκουσι
486 1431 590 1501 μὲν
611 1471 626 1494 ,
655 1431 751 1483 καὶ
791 1428 993 1498 τιμῶσι
1022 1429 1119 1500 τὴν
1149 1430 1354 1502 δωρεάν
1381 1446 1393 1459 ·
1426 1431 1822 1484 ἀναϐάλλονται

245 1521 315 1584 δὲ,
342 1524 388 1574 0i
421 1522 527 1591 μὲν
554 1521 646 1573 διὰ
677 1521 975 1592 ῥαθυμίαν,
1013 1523 1062 1574 οί
1087 1522 1142 1574 δὲ
1173 1521 1238 1572 δι’
1263 1521 1568 1592 ἀπληστίαν
1602 1522 1736 1592 (70).
1769 1523 1830 1574 Oi

245 1612 297 1664 δὲ
320 1612 442 1664 οὐδέ
481 1615 623 1664 εἰσιν
658 1614 716 1664 ὲν
753 1611 981 1682 δυνάμει
1015 1612 1108 1664 τοῦ
1149 1611 1423 1675 δέξασθαι,
1453 1612 1485 1681 ἢ
1521 1611 1608 1664 διὰ
1645 1611 1831 1682 νηπιό-

2000 889 2184 944 ΧΧΗΙ.
2227 891 2298 945 De
2333 893 2397 946 iis
2427 905 2630 958 autem,
2679 896 2772 964 qui
2829 897 3154 967 baptismum
3204 918 3307 956 non
3353 920 3505 958 assea-

1928 994 2184 1052 quunlur,
2217 984 2304 1038 alii
2341 985 2556 1052 quidem
2592 989 2854 1054 pecudum
2883 992 3128 1052 omnino,
3156 995 3235 1045 vel
3269 995 3503 1051 ferarum

1927 1074 2090 1126 vitam
2123 1076 2423 1138 imitantur,
2455 1086 2614 1143 prout
2649 1078 2732 1132 vel
2787 1083 3044 1146 amentia,
3080 1086 3158 1138 vel
3187 1088 3348 1142 animi
3376 1103 3502 1156 pra-

1933 1161 2095 1215 vitate
2132 1165 2411 1229 labnrant;
2451 1165 2542 1233 qui
2599 1165 2806 1220 scilicet
2838 1169 2902 1220 ad
2960 1181 3154 1226 cmtera
3213 1175 3352 1229 mala
3402 1177 3505 1232 hoc

1932 1267 2142 1320 quoque
2174 1253 2555 1319 adjuuxerunl,
2601 1268 2655 1307 ut
2691 1272 2792 1309 nec
2833 1257 3157 1327 baptismum
3214 1263 3410 1332 ipsum,
3448 1275 3505 1321 ut

1931 1344 2143 1412 Opinor,
2181 1360 2505 1414 magnopere
2537 1357 2886 1414 venerentur,
2921 1363 3092 1417 eoque
3143 1354 3251 1406 sint
3300 1357 3501 1421 animo,

1930 1442 2010 1494 ut,
2047 1433 2088 1486 si
2124 1435 2338 1502 quidem
2374 1437 2550 1501 detur,
2582 1451 2704 1490 eum
2736 1453 2840 1491 non
2898 1442 3162 1509 gravatim
3206 1445 3502 1514 accipiant;

1930 1523 1974 1576 si
2004 1537 2130 1576 vero
2159 1540 2263 1575 non
2298 1524 2475 1584 detur.
2509 1539 2708 1594 susque
2737 1527 2911 1595 deque
2943 1527 3136 1584 ferant.
3165 1531 3268 1585 Alii
3304 1535 3500 1589 donum

1934 1611 2149 1678 quidem
2180 1622 2495 1681 agnoscunt,
2527 1620 2687 1682 atque
2725 1619 2924 1670 honore
2954 1631 3387 1688 prosequuntur:
3415 1640 3506 1680 ve-

243 1720 375 1773 τητα
398 1703 587 1772 τυχὸν,
613 1703 647 1772 ἦ
675 1719 796 1756 τινα
819 1703 1017 1766 τελέως
1044 1702 1296 1755 ἀκούσιον
1321 1703 1670 1774 περιπέτειαν
1693 1703 1825 1773 (71),

1934 1717 2052 1755 rum
2082 1717 2260 1756 moras
2285 1704 2603 1772 producunt,
2645 1705 2716 1758 illi
2747 1707 2816 1759 ob
2851 1707 3136 1773 ignaviam,
3171 1711 3254 1764 isti
3281 1714 3348 1766 ob
3379 1713 3500 1769 inii—

245 1795 301 1859 ἐξ
341 1791 410 1866 ἧς
457 1793 585 1847 οὑδὲ
626 1793 972 1863 βουλομένοις
1014 1794 1200 1857 αὑτοῖς
1232 1793 1469 1864 ὑπάρχει
1510 1797 1690 1864 τυχεῖν
1731 1793 1827 1847 τοῦ

243 1887 612 1957 χαρίσματος.
649 1887 862 1955 Ὠσπερ
889 1881 982 1938 οὖν
1031 1887 1088 1939 ἐν
1137 1885 1364 1948 ἐκείνοις
1410 1885 1669 1954 πλείστην
1710 1885 1824 1939 δια-

249 1975 414 2046 φορὰν
440 1975 682 2047 εὕρομεν
719 1976 857 2045 (72),
893 1975 1036 2029 οὕτω
1067 1976 1170 2029 κᾶν
1199 1975 1431 2038 τούτοις.
1465 1975 1698 2046 Χείρους
1727 1976 1826 2046 μὲν

245 2070 291 2122 οἱ
324 2069 649 2121 παντάπασι
679 2067 1088 2137 καταφρονηταὶ
1118 2067 1226 2120 τῶν
1255 2066 1677 2136 ἁπληστοτέρων
1714 2063 1825 2136 (75)

246 2157 276 2228 ἢ
319 2155 746 2228 ρᾳθυμοτέρωνο
793 2154 1009 2224 χείρους
1046 2153 1101 2204 δὲ
1144 2145 1314 2216 οὗτοι,
1356 2150 1465 2202 τῶν
1504 2150 1562 2215 ἐξ
1605 2148 1827 2217 ἀγνοίας

248 2249 337 2300 καὶ
368 2247 692 2317 τυραννίδος
719 2244 1134 2297 ἀποπιπτὸντων
1175 2239 1264 2312 τῆς
1292 2241 1520 2311 δωρεᾶς.
1561 2241 1826 2308 Τυραννὶς

245 2339 350 2410 γὰρ
389 2341 495 2392 οὑκ
531 2337 660 2390 ἄλλο
693 2354 764 2399 τι,
798 2333 832 2405 ἢ
873 2334 1127 2396 ἀκούσιος
1169 2333 1491 2403 διαμαρτία.
1523 2331 1632 2383 Καὶ
1667 2330 1830 2401 ἠγοῦ-

250 2446 378 2500 μαι,
413 2431 546 2491 τοὺς
595 2429 693 2498 μὲν
739 2427 834 2478 κα).
879 2425 1036 2487 δίκας
1081 2423 1328 2492 ὑφέξειν,
1364 2423 1551 2492 ὥσπερ
1593 2423 1686 2474 καὶ
1730 2423 1828 2492 τῆς

246 2518 410 2591 ἄλλης
442 2519 730 2590 πονηρίας,
761 2515 906 2570 οὑτω
933 2516 1027 2568 καὶ
1055 2515 1154 2584 τῆς
1178 2513 1270 2566 τοῦ
1297 2513 1521 2584 λουτροῦ
1555 2528 1827 2584 περιφρο-

245 2612 456 2683 νήσεως
481 2628 493 2641 ·
531 2612 658 2672 τοὺς
686 2611 744 2662 δὲ
775 2607 994 2677 ὑφέξειν
1028 2606 1148 2676 μὲν,
1182 2601 1344 2676 ἦττον
1379 2605 1488 2675 (74)
1520 2604 1594 2660 δὲ.
1629 2605 1711 2656 ὅτι
1752 2601 1825 2673 μὴ

245 2704 414 2774 κακίᾳ
458 2701 662 2772 μᾶλλον
707 2701 740 2771 ἢ
776 2699 934 2768 ἀνοία
979 2698 1078 2768 τὴν
1121 2697 1422 2765 ἀποτυχίαν
1461 2695 1822 2766 εἰργάσαντο·

247 2794 371 2856 τοὺς
410 2790 494 2855 δὲ,
541 2792 678 2861 μήτε
713 2787 1162 2858 δοξασθήσεσθαι,
1210 2788 1345 2856 μήτε
1387 2785 1825 2855 κολασθήσεσθαι

248 2883 396 2953 παρᾶ
426 2881 542 2952 (75)
575 2877 669 2933 τοῦ
695 2879 904 2932 δικαίου
931 2877 1142 2947 κριτοῦ,
1169 2876 1244 2938 ὡς
1269 2876 1676 2946 ἀσῳραγίστους
1704 2874 1823 2944 μὲν,

249 2977 558 3048 ὰπονὴρους
585 2973 663 3037 δὲ,
695 2971 832 3026 ἀλλὰ
865 2970 1138 3064 παθόντας
1167 2966 1367 3064 μᾶλλον
1399 2968 1496 3039 τὴν
1521 2964 1824 3064 Δἐζημίανίᾳῆ
1853 3005 1899 3064 c

247 3065 576 3135 δράσαντας.
627 3065 700 3117 Οὑ
744 3061 854 3132 γὰρ
902 3061 1050 3122 ὅστις
1081 3059 1140 3112 οὑ
1188 3058 1462 3122 κολάσεως
1503 3057 1684 3123 ἄξιος,
1727 3057 1826 3127 ἤδη

249 3158 344 3210 κα)Ι
365 3155 538 3226 τιμῆς
560 3171 572 3183 ·
601 3153 788 3224 ὥσπερ
823 3151 943 3204 οὑδὲ
981 3151 1131 3212 ὅστις
1163 3149 1222 3201 οὑ
1253 3151 1442 3219 τιμῆς,
1478 3148 1577 3218 ἤδη
1616 3148 1710 3201 καὶ
1739 3164 1830 3199 κοά

247 3245 478 3310 λάσεως.
519 3245 716 3299 Σκοπῶ
763 3243 872 3312 (76)
917 3242 972 3294 δὲ
1014 3243 1236 3294 κακεῖνο
1260 3257 1273 3270 ·
1311 3238 1374 3294 Ei
1423 3239 1630 3312 κρίνεις
1669 3238 1830 3307 φόνου

247 3335 340 3392 τὸν
380 3336 603 3407 φονικὸν
653 3337 717 3387 ἐκ
754 3333 916 3404 μόνου
962 3330 1057 3385 τοῦ
1105 3329 1413 3402 βούλεσθαι,
1451 3326 1546 3384 κα).
1587 3327 1708 3400 δίχα
1738 3329 1832 3383 τοῦ

251 3428 449 3497 φόνου,
487 3424 839 3496 βεϐαπτίσθω
887 3440 968 3476 σοι
997 3421 1092 3474 καὶ
1123 3423 1150 3474 ὁ
1193 3419 1588 3489 θελήσας’(77)
1632 3419 1694 3472 τὸ
1740 3418 1835 3487 βά-

253 3535 485 3589 πτισμα,
511 3517 634 3587 δίχα
654 3515 746 3569 τοῦ
778 3515 1179 3586 βαπτίσματος·
1208 3511 1257 3563 εί
1281 3510 1336 3563 δὲ
1364 3511 1464 3562 οὑκ
1489 3510 1685 3571 ἐκεῖνο,
1715 3508 1833 3570 πῶς

251 3607 430 3671 τοῦτο,
470 3605 704 3659 συνιδεῖν
746 3604 858 3674 (78)
904 3602 1006 3656 οὑκ
1053 3601 1182 3672 ἔχω.
1223 3600 1286 3652 Εἰ
1328 3598 1506 3668 βούλει
1537 3597 1593 3649 δὲ
1625 3596 1828 3659 οὕτως’

253 3699 298 3750 εί
329 3699 492 3769 ἀρκεῖ
527 3714 609 3749 σοι
661 3695 797 3766 πρὸς
833 3693 1062 3762 δύναμιν
1094 3691 1188 3745 τοῦ
1238 3690 1614 3760 βαπτίσματος
1657 3691 1686 3742 ό
1731 3688 1830 3740 πό-

253 3789 342 3853 θος
375 3790 527 3860 (79),
554 3789 650 3841 καὶ
679 3787 767 3840 διὰ
801 3784 956 3839 τοῦτο
988 3784 1183 3857 δικάζῃ
1214 3783 1342 3854 περὶ
1375 3784 1474 3854 τῆς
1507 3783 1699 3855 δόξης,
1728 3785 1830 3856 ἀρ-

253 3882 418 3936 κείτω
442 3899 525 3935 σοι
554 3880 651 3935 καὶ
678 3878 816 3951 πρὸς
841 3878 1019 3943 δόξαν,
1107 3877 1207 3946 τῆς
1230 3876 1389 3945 δόξης
1411 3874 1697 3946 ἐπιθυμία.
1722 3877 1833 3929 Καὶ

253 3972 335 4037 τίς
363 3991 446 4027 σοι
477 3972 674 4044 βλάϐη,
704 3970 765 4024 τὸ
795 3969 871 4039 μὴ
901 3971 1085 4039 τυχεῖν
1114 3966 1224 4039 (80)
1253 3964 1480 4034 ταύτης,
1513 3965 1610 4037 τὴν
1645 3965 1831 4035 ἔφεσιν

254 4063 430 4135 ἔχοντι
452 4082 468 4130 ;

259 4185 267 4193 ’
326 4181 439 4248 (66)
479 4174 980 4248 Ἀποξέρντες.]η
1014 4170 1306 4248 nonnullis,
1337 4165 1720 4248 ἁποξὲσαντες.

326 4241 440 4320 (67)
477 4241 852 4315 Κτηνώδεις.
884 4244 1087 4310 Gloss.,
1139 4241 1346 4309 ἄλογοι,
1395 4259 1413 4290 ι
1456 4242 1682 4294 rationis
1731 4254 1829 4294 ex.

289 4326 454 4377 ertes'.
489 4335 512 4370 ι

256 4337 454 4460 vehis?
483 4337 582 4452 "Dr;
614 4385 712 4440 ἄν.
738 4384 827 4440 Sic
853 4401 944 4440 sex
971 4383 1160 4452 Regg.,
1189 4389 1299 4437 tres
1329 4378 1503 4444 Colb.,
1534 4389 1642 4434 etc.
1668 4377 1832 4434 Deest

261 4459 406 4513 ἆνίιι
441 4459 530 4510 ct].

327 4527 436 4596 (69)
493 4523 1062 4594 Περιφρονούμενον.
1121 4519 1176 4572 In
1227 4516 1520 4582 nonnullis,
1559 4531 1834 4588 καταφρο-

259 4611 940 4735 νοιίίῖὃῖῗιῖᾀπέηᾳτίωη.
985 4677 1004 4710 t
1041 4657 1129 4735 0b_
1153 4655 1362 4735 infinita
1411 4662 1466 4709 et
1492 4653 1646 4735 irrita
1689 4654 1834 4735 desi-

263 4725 432 4790 deria:
475 4753 494 4785 ι
540 4733 631 4787 Sic
653 4725 860 4804 Tullius
899 4748 916 4804 ς
955 4743 1079 4798 spes
1117 4726 1352 4804 inﬁnitas
1391 4744 1410 4775 ι
1443 4725 1718 4804 aintem”!
1754 4725 1830 4804 ἰη-

263 4806 394 4858 ritas
424 4816 571 4872 spes.
614 4800 854 4872 aBillius
900 4795 1330 4872 interpretatur:
1379 4813 1398 4872 ι
1445 4795 1836 4872 ob_ipexph:bi-

262 4872 362 4928 lem
380 4864 646 4953 peccandi
675 4869 963 4953 libidinem
983 4884 1000 4953 ξ
1044 4885 1064 4918 ι
1099 4865 1238 4953 (μιςά
1277 4871 1423 4944 certe
1452 4864 1606 4945 nobis
1635 4864 1834 4953 κῆρι-ο-

296 4932 404 4996 orii
426 4949 608 4995 mente
641 4938 875 4992 alienum
917 4932 1148 4990 videtur.
1180 4933 1441 5002 Loquitur
1471 4934 1614 4986 enim
1655 4932 1834 4987 Theo-

296 4959 394 4996 OI'II
426 4958 608 4995 mente
641 4958 875 4992 altenum
918 4958 1148 4990 Vluetur.
1180 4958 1441 5002 μυψιιιιιι·
1471 4958 1614 4986 cultu
1665 4958 1833 4987 “Icu-

263 4958 511 5081 fogusde
540 5009 623 5072 iis,
651 5008 845 5081 quibus
876 5005 1124 5081 baptismi
1152 5003 1474 5081 desiderium
1505 5003 1696 5061 inerat.
1739 5002 1833 5081 sed

267 5071 815 5148 in‘éxpletumladhuc
863 5085 915 5148 et
947 5071 1232 5140 ’iueliicax;
1263 5073 1460 5148 quique
1507 5073 1833 5134 cunctando,

267 5142 404 5204 alias‘
450 5164 518 5203 ex
543 5146 662 5201 aliis
683 5146 945 5200 nectendo
972 5157 1173 5203 moras,
1207 5151 1378 5194 morte.
1401 5142 1612 5194 demum
1639 5156 1836 5209 praaoc-

267 5218 463 5286 cupati,
494 5216 666 5287 gratia
692 5213 940 5287 baptismi
961 5213 1293 5287 excidebant.
1330 5210 1594 5263 Praeterea
1619 5211 1832 5287 eosdem

265 5281 683 5358 Gregoriusait,
729 5281 1014 5358 {leviores
1043 5296 1228 5358 pmnas
1250 5283 1494 5358 daturos,
1528 5287 1584 5358 ut
1605 5281 1694 5348 qui
1726 5295 1832 5358 non

266 5349 572 5434 tatn'animi
596 5349 881 5434 pravitate,
913 5349 1072 5434 quam
1114 5350 1402 5434 stultitiam
1430 5349 1695 5434 baptismo
1732 5350 1834 5431 ab:

266 5433 526 5481 errarent.
570 5418 610 5477 δ’
636 5427 717 5478 Au
758 5439 888 5478 vero
933 5418 986 5475 id
1020 5421 1199 5475 dicere
1237 5419 1476 5472 licuisset
1501 5421 1566 5470 de
1597 5419 1679 5478 iis,
1743 5418 1832 5487 qui

268 5491 514 5564 baptismi
538 5493 732 5564 igratia
780 5492 1105 5564 excidissent
1142 5508 1161 5542 ι
1202 5489 1270 5544 ob
1305 5487 1671 5556 inertplebilem
1716 5504 1835 5564 pec—

269 5561 424 5616 candi
457 5561 758 5628 libidinem,
794 5579 819 5632 )
857 5561 951 5632 qui
979 5568 1166 5617 contra
1208 5573 1368 5632 pmna
1398 5573 1559 5628 quam
1601 5561 1835 5616 maxima

271 5635 506 5700 protecta
533 5643 714 5688 essent
752 5631 936 5701 digni?
1217 5631 1222 5632 “
1770 5650 1772 5653 ·

1861 4327 1908 4382 Ι)

1930 1793 2037 1845 nita
2069 1791 2294 1845 etirrita
2327 1792 2610 1848 desideria.
2638 1794 2739 1846 Alii
2769 1811 2834 1848 ne
2857 1796 3102 1864 accipere
3136 1801 3349 1868 quidem
3379 1817 3503 1870 pos-ﬁ

1928 1892 2072 1947 sunt,
2105 1883 2185 1936 vel
2211 1894 2424 1952 propter
2449 1883 2728 1938 infantiam
2753 1885 3003 1952 fortasse,
3036 1891 3116 1942 vel
3149 1904 3368 1961 propter
3390 1895 3496 1948 ino-

1931 1974 2170 2044 pinatum
2201 1990 2422 2044 prorsus
2455 1985 2508 2028 et
2542 1976 2830 2030 violentum
2877 1978 3109 2047 aliquem
3145 1998 3328 2038 casum
3350 2025 3366 2049 ,
3397 2001 3506 2055 quo

1928 2061 2175 2124 eﬂicitur,
2205 2074 2262 2117 ut
2295 2079 2361 2118 ne
2387 2064 2724 2132 cupientibus
2773 2069 2986 2136 quidem
3035 2072 3205 2138 gratia
3255 2074 3411 2142 potiri
3443 2077 3506 2129 lis

1928 2162 2066 2206 ceat.
2098 2152 2555 2219 Quemadmodum
2588 2154 2751 2224 igitur
2779 2157 2830 2211 in
2859 2157 2967 2212 illis
3013 2174 3358 2231 permagnum
3390 2166 3505 2221 dis—

1927 2241 2134 2296 crimen
2193 2243 2516 2306 invenimus,
2553 2244 2625 2296 ita
2674 2245 2836 2299 etiam
2865 2245 3006 2300 inter
3054 2249 3202 2304 istos.
3249 2249 3380 2306 Nam
3411 2255 3503 2323 qui

1927 2330 2083 2399 plane
2109 2331 2433 2400 baptismum
2461 2335 2838 2402 aspernantur,
2864 2337 3242 2396 sceleratiores
3267 2352 3392 2396 sunt
3416 2345 3502 2412 iis,

1927 2423 2016 2491 qui
2041 2424 2110 2478 ob
2137 2423 2345 2477 infinita
2374 2439 2432 2478 ac
2457 2426 2606 2480 irrita
2636 2427 2924 2495 desideria,
2945 2429 3026 2483 vel
3059 2431 3128 2484 ob
3165 2435 3488 2500 socordiam,

1927 2529 1956 2567 a
1993 2514 2259 2582 baptismo
2283 2516 2626 2585 suscipiendo
2669 2519 3032 2572 retardantur.
3069 2521 3246 2590 Atque
3274 2523 3326 2576 hi
3382 2539 3505 2578 rur-

1926 2620 2017 2659 sus
2051 2605 2102 2658 in
2135 2605 2366 2674 graviori
2392 2607 2620 2661 crimine
2645 2617 2791 2670 sunt,
2817 2625 2976 2678 quam
3006 2610 3101 2678 illi,
3127 2613 3214 2680 qui
3240 2629 3334 2681 per
3356 2615 3506 2682 igno-

1929 2697 2157 2748 rantiam
2193 2712 2254 2749 ac
2287 2697 2624 2767 tyrannidem
2656 2714 2683 2751 a
2720 2700 2989 2768 baptismo
3027 2705 3362 2758 exciderunt.
3395 2705 3502 2776 Ty-

1928 2786 2112 2838 rannis
2147 2787 2286 2839 enim
2312 2785 2440 2838 nihil
2479 2787 2624 2839 aliud
2658 2797 2760 2847 est.
2788 2803 2946 2856 quam
2990 2792 3064 2845 rei
3117 2792 3342 2861 alicujus
3371 2809 3507 2849 con—

1933 2879 2218 2943 sequendm
2281 2877 2560 2944 inopinato
2611 2889 2793 2946 ert-pta
2843 2878 3089 2934 facultas.
3145 2883 3221 2937 Ae
3268 2884 3505 2941 futurum

1931 2965 2204 3027 existimo,
2235 2977 2293 3019 ut
2323 2966 2478 3033 primi
2514 2967 2752 3034 quidem,
2800 2983 2920 3022 cum
2960 2971 3186 3025 aliorum
3223 2976 3504 3044 scelerum,

1939 3067 2050 3110 tum
2074 3057 2235 3111 etiam
2270 3057 2518 3126 baptismi
2549 3061 2837 3128 contempti
2865 3075 3053 3127 prunas
3079 3062 3264 3118 luant:
3303 3065 3504 3132 aliiau-

1937 3155 2041 3201 tem
2074 3160 2260 3215 pmnas
2293 3147 2533 3216 quidem,
2563 3146 2791 3202 leviores
2819 3156 2994 3203 tamen
3046 3153 3299 3220 pendant,
3327 3155 3503 3224 utqui

1931 3253 2036 3292 non
2061 3247 2167 3290 tant
2198 3238 2358 3290 animi
2385 3239 2668 3306 pravitate,
2699 3253 2858 3306 quam
2887 3242 3138 3303 stultitia,
3160 3258 3187 3295 a
3235 3241 3504 3312 baptismo

1932 3329 2278 3383 aberrarint:
2332 3329 2587 3396 postremi
2623 3331 2875 3399 denique,
2910 3345 3010 3385 nec
3062 3333 3266 3388 caelesti
3311 3336 3503 3403 gloria,

1933 3434 2032 3474 nec
2057 3420 2334 3488 suppliciis
2369 3435 2396 3472 a
2423 3419 2766 3489 justojutlice
2815 3421 3134 3489 afﬁciantur,
3193 3435 3380 3495 utpote
3411 3426 3506 3496 qui

1929 3509 2052 3563 licet
2077 3509 2269 3576 signati
2296 3524 2399 3562 non
2434 3510 2650 3575 fuerint,
2688 3511 3027 3580 improbitate
3051 3522 3225 3568 tamen
3258 3527 3506 3577 careant,

1935 3608 2095 3667 atque
2131 3599 2552 3666 hancjacturam
2590 3599 2732 3666 passi
2761 3601 2937 3669 potius
2974 3600 3188 3663 fuerint,
3239 3619 3400 3673 quam
3432 3603 3510 3658 fe.

1938 3690 2128 3744 cerlnt.
2162 3687 2346 3756 Neque
2380 3689 2521 3740 enim
2561 3690 2806 3757 quisquis
2853 3691 3049 3756 dignus
3101 3695 3367 3762 supplicio
3402 3711 3504 3750 non

1937 3787 2040 3844 est,
2069 3779 2309 3847 protinus
2333 3778 2590 3831 honorem
2618 3792 2831 3847 quoque
2859 3790 3094 3835 meretur
3118 3799 3132 3847 ;
3167 3786 3511 3851 quemadmo-

1937 3868 2062 3922 dum
2094 3883 2161 3922 ne
2198 3869 2440 3936 quisquis
2477 3867 2683 3922 honore
2709 3869 2960 3940 indignus
2991 3881 3092 3938 est,
3134 3875 3313 3928 statim
3343 3877 3505 3930 etiam

1937 3974 2149 4030 poenam
2179 3968 2536 4029 promeretur.
2573 3959 2712 4026 Quin
2737 3962 2801 4014 ad
2852 3963 2996 4018 hunc
3044 3980 3258 4034 quoque
3292 3968 3506 4020 modum

1937 4067 2051 4106 rem
2083 4051 2346 4121 expende.
2382 4052 2436 4105 Si
2465 4065 2612 4117 eum,
2648 4052 2736 4120 qui
2775 4052 2954 4108 animo
2988 4063 3190 4109 tantum
3241 4066 3295 4111 et
3320 4057 3508 4112 volun-

1937 4239 1970 4291 6
2009 4167 2119 4240 (71)
2159 4166 2558 4236 Περιπέτειαν.
2591 4166 2792 4230 Gloss.,
2854 4164 3183 4237 σύμπτωμα,
3222 4169 3338 4238 ἦτοι
3373 4168 3510 4241 σύμ-

1973 4254 2143 4291 ασμα.

1973 4254 2143 4306 ασμα.

2009 4305 2120 4377 (72)
2171 4307 2456 4377 Εὗρομεν.
2486 4307 2617 4377 Reg.
2661 4307 2768 4377 bn),
2796 4305 3057 4377 ηὕρομεν.

2006 4374 2118 4444 (⁷75)
2169 4374 2696 4446 ξᾸπληστοτέρων.
2713 4374 2805 4446 Or.
2825 4374 2828 4375 ⁷
2847 4374 2895 4436 1⁷,
2931 4375 3330 4446 ἁπλουστέρῳν.

2007 4439 2119 4517 (74)
2168 4439 2408 4501 Ἦττοικ
2463 4439 2626 4500 Coisl.
2679 4445 2731 4510 1,
2777 4444 2993 4514 ἥττονα.
3038 4439 3214 4499 Οιίιι.’
3245 4445 3296 4510 1,
3345 4446 3508 4516 ἧσσο-

1934 4534 2020 4571 να.

2007 4585 2119 4653 (75)
2155 4583 2337 4651 Παρὰ.
2381 4583 2470 4638 Sic
2515 4597 2704 4639 omnes
2745 4582 2963 4652 optimae
3000 4591 3138 4636 notae
3166 4583 3322 4640 codd.
3354 4583 3504 4642 Men-

1935 4656 2064 4712 dose
2094 4655 2143 4707 in
2169 4657 2278 4714 eth,
2306 4653 2451 4724 περί.

2009 4724 2120 4794 (76)
2151 4721 2392 4794 Σκοπῶξ
2416 4721 2631 4794 Comi)”
2664 4723 2976 4793 σκοπῶμεν.

1980 4792 2145 4864 ,(77)
2166 4794 2228 4864 'Q
2253 4792 2655 4864 θελήσαςηδὴ
2683 4792 2864 4860 plures
2877 4794 3066 4863 ltegg.,
3099 4801 3328 4864 quatuor
3349 4794 3504 4850 Coll).

1935 4874 1990 4920 et
2015 4861 2178 4918 0r.1.
2212 4863 2267 4916 In
2285 4865 2396 4926 ed.,
2419 4863 2448 4914 ὁ
2474 4861 2735 4933 ποθήσας.

2007 4935 2117 5004 (78)
2152 4933 2444 4986 Συνιδεῖν.
2485 4931 2852 5004 ltrttonnullis,
2879 4931 3154 5004 συνειδεῖν.

2007 5001 2117 5072 (79)
2153 5006 2362 5069 Πόθος.
2423 5003 2588 5072 Coisl.
2649 5001 2699 5063 1,
2761 5002 2871 5056 Jes.
2929 5011 2986 5055 et
3027 5001 3198 5072 Orion.
3264 5003 3505 5060 addunt:

1933 5070 2028 5128 xei.
2057 5070 2145 5125 διὰ
2167 5073 2322 5127 τοῦτο
2379 5071 2636 5143 νομίζεις,
2678 5072 2911 5143 καὶῄδίχα
2938 5070 3326 5143 βαπτίσματος·
3344 5073 3509 5143 ζήσε-

1937 5143 2080 5216 σθαι,
2116 5143 2340 5216 περιττὴ
2373 5141 2492 5216 λίαν
2529 5145 2561 5211 ἠ
2589 5142 2685 5212 τῆς
2710 5141 2864 5216 δόξης
2884 5141 3200 5216 άπόλαυσις·
3233 5142 3325 5195 καὶ
3343 5141 3510 5216 είδιὰ

1934 5215 2109 5267 τοῦτο·
2148 5231 2166 5264 t
2190 5210 2417 5281 eamque
2438 5213 2507 5268 oh
2534 5210 2971 5281 reinarbitraris,
3008 5221 3079 5274 te,
3111 5215 3273 5264 etiam
3307 5210 3510 5280 absque

1933 5283 2224 5351 baptismo,
2264 5279 2425 5337 vitam
2451 5290 2888 5344 conseculurum,
2919 5279 3221 5335 frustranea
3241 5281 3402 5351 valde
3423 5279 3510 5334 est

1936 5350 2117 5424 glorim
2138 5352 2660 5424 jttcttnditas._Qt_tod
2693 5352 2736 5402 si
2779 5351 2979 5424 idcirco
3007 5352 3072 5402 de
3118 5350 3306 5424 gloria,
3345 5367 3366 5400 ι
3399 5358 3503 5403 etc.

2007 5423 2117 5493 (80)
2140 5418 2152 5422 ⁷
2190 5423 2282 5488 Τίς
2322 5438 2420 5476 σοι
2457 5420 2685 5493 βλάϐη,
2742 5419 2809 5474 τὸ
2831 5420 2938 5493 ⁸μὴ
2975 5419 3213 5493 τυχεῖν.
3268 5418 3508 5493 Quatuor

1936 5487 2129 5563 Re'ggi,
2192 5487 2438 5550 undecim
2500 5487 2656 5547 Coll).
2709 5500 2768 5550 et
2819 5487 2935 5547 σι’(
2965 5490 3019 5557 1,
3063 5487 3125 5542 τί
3181 5504 3262 5542 σοι
3302 5487 3378 5560 μὴ
3411 5504 3508 5542 τυ-

1934 5580 2070 5618 νειν.
