4050 6298
481 291 582 349 '59!

1682 289 1739 346 s.
1780 274 2109 347 GaEG‘onu
2150 287 2494 347 TllEOLOGl

3620 294 3729 350 392

484 416 615 469 tate,
639 420 743 460 non
770 414 947 460 autem
979 404 1176 475 reipsa,
1239 405 1435 460 tardem
1493 406 1861 475 perpetravit,
1890 404 2051 459 caedis
2104 404 2469 458 damnandum
2535 412 2710 475 putas,
2782 415 2849 461 stt
2883 421 3013 463 sane
3046 390 3104 475 is
3131 419 3344 477 quoque
3384 406 3525 476 apud
3560 407 3729 478 709

484 510 536 556 te
564 514 660 571 pro
692 498 981 569 baptizato,
1006 498 1096 567 qui
1140 496 1461 567 baptismum
1488 498 1621 553 citra
1674 498 1925 567 baptismi
1957 497 2352 566 susceptionem
2382 499 2638 566 expetivit
2667 517 2680 552 :
2710 499 2792 552 sin
2850 510 3030 553 autem
3087 498 3219 552 illud
3287 513 3391 552 non
3455 499 3720 565 admittis,

479 607 710 662 quonam
731 601 883 659 pacto
899 591 1001 644 hoc
1022 590 1293 656 admittas,
1312 590 1450 644 haud
1467 605 1597 644 sane
1618 588 1904 658 perspicio.
1930 588 2037 640 Aut
2079 587 2124 641 si
2158 589 2329 657 magis
2361 588 2554 657 placet,
2586 590 2688 644 hoc
2721 591 2877 644 modo
2907 604 3150 659 agamus.
3225 588 3279 643 Si
3327 590 3393 644 ad
3455 591 3563 644 vim
3625 592 3723 646 ha-

479 681 657 751 ptismi
689 677 1054 740 obtinendam,
1093 677 1255 743 ipsius
1288 677 1553 730 desiderio
1609 677 1773 730 teneri
1819 674 1949 729 satis
1979 688 2099 728 esse
2131 689 2339 740 censes,
2368 692 2430 730 ac
2496 687 2775 744 propterea
2806 678 2871 732 de
2912 678 3078 745 gloria
3108 678 3414 743 contendis,
3454 679 3549 734 tibi
3589 697 3728 751 quo-

478 786 581 839 que
610 772 673 822 ad
708 767 947 837 gloriam,
997 767 1179 837 gloria:
1229 766 1552 820 desiderium
1603 765 1850 819 sufﬁciat.
1927 764 2064 830 Quid
2103 764 2245 817 enim
2281 775 2367 819 tua
2391 765 2716 833 interfuerit,
2796 781 2856 820 ea
2899 782 3109 840 carere,
3166 770 3323 824 modo
3348 784 3467 824 eam
3521 771 3726 827 habere

478 860 828 926 concupiscas
849 858 887 924 ἲ,

549 950 733 1005 XXIV.
763 950 923 1019 Ergo,
946 952 1296 1016 posteaquam
1327 947 1423 1000 hos
1446 960 1723 1000 sermones
1747 943 2042 1007 audivistis,

2214 941 2341 992 KA'.
2376 938 2699 1012 Τοιγαροῦν,
2726 941 2911 1012 ἐπειδὴ
2936 943 3137 997 τούτων
3167 943 3437 1014 ἠκούσατε
3468 944 3578 998 τῶν
3606 964 3722 1013 φω-

478 1042 706 1095 accedite
736 1040 804 1092 ad
833 1054 973 1102 eum,
996 1047 1041 1091 et
1062 1036 1459 1099 illuminmnini,
1478 1048 1524 1089 et
1550 1036 1708 1103 [acies
1736 1044 1915 1088 vestrm
1945 1051 2046 1088 non

476 1131 862 1201 confundentur
895 1130 937 1192 ⁸,
978 1128 1301 1197 baptismum
1336 1127 1582 1181 videlicet
1627 1142 1731 1180 non
1764 1138 2044 1181 assecuta).

473 1222 649 1288 Atque
675 1219 1118 1273 illuminationem
1142 1216 1419 1285 suscipite,
1450 1215 1686 1283 quaudiu
1713 1230 1809 1284 per
1835 1226 2046 1284 tempus

477 1310 621 1375 licet,
653 1325 723 1364 ne
749 1324 843 1363 vos
873 1324 900 1361 a
928 1307 1193 1376 baptismo
1222 1307 1516 1375 disjnnctos
1543 1306 1774 1359 tenebrat
1805 1319 2048 1373 compre-

476 1400 776 1457 hcndant'.
811 1398 960 1452 Venit
996 1414 1099 1450 no.1:
1122 1398 1163 1460 ⁸,
1192 1397 1403 1465 quando
1428 1410 1582 1450 nemo
1611 1404 1783 1463 potest
1813 1395 2045 1463 operari,

478 1492 730 1545 nimirum
762 1499 880 1558 post
920 1489 1215 1541 discessum
1245 1501 1307 1539 ex
1356 1485 1455 1538 hac
1501 1484 1626 1537 vita.
1684 1483 1773 1537 Illa
1834 1482 2047 1536 Davidis

475 1599 577 1636 vox
602 1592 709 1644 est;
741 1581 851 1634 haec
874 1594 1013 1633 verm
1037 1577 1177 1631 illius
1203 1576 1361 1639 lueis,
1389 1591 1508 1644 qua:
1533 1590 1747 1629 omnem
1776 1576 2046 1630 hominem

474 1676 527 1730 in
556 1676 807 1727 mundum
841 1670 1135 1725 venientem
1172 1668 1437 1721 illuminat
1465 1669 1506 1719 θ.
1535 1666 1853 1720 Existimate
1886 1665 2045 1720 Salo-

474 1780 686 1820 munem
715 1765 799 1817 his
832 1762 1012 1815 verbis
1067 1760 1315 1812 inertiam
1348 1772 1411 1810 ac
1467 1757 1766 1811 socordiam
1810 1764 2045 1810 vestram

473 1854 674 1908 acriter
697 1851 1007 1917 insectari:
1057 1849 1337 1918 Quousque
1371 1849 1582 1902 tandem
1619 1849 1768 1916 piger
1809 1848 2049 1915 jaceois?

475 1943 699 2009 Quando
733 1958 1006 2010 consurges
1036 1957 1063 1994 e
1095 1956 1274 1993 somno
1318 1940 1398 1993 ‘°?
1431 1939 1544 1992 lloc
1577 1948 1631 1993 et.
1679 1938 1806 1992 illud
1854 1953 2046 1992 causa-

473 2036 573 2101 ris,
601 2043 764 2104 atque
798 2046 1025 2088 excusas
1069 2030 1444 2086 excusationes
1491 2030 1541 2084 in
1590 2029 1824 2097 peccatis
1848 2028 1911 2081 ιι.
1943 2028 2051 2082 Lu-

473 2127 676 2179 tuinum
718 2125 856 2178 diem
891 2132 1186 2191 exspecto;
1227 2122 1501 2175 Paschalis
1529 2119 1722 2173 festum
1758 2119 1923 2199 pluris
1966 2118 2047 2172 la-

470 2232 593 2281 cto;
621 2213 975 2268 Pentecosten
999 2212 1343 2280 exspectabo.
1371 2209 1506 2263 Cum
1529 2209 1749 2264 Christo
1785 2209 2042 2277 baptizari

2146 1031 2273 1094 νῶν,
2303 1031 2674 1099 Προσέλθετε
2700 1032 2851 1100 πρὸς
2878 1033 3065 1087 αὐτὸν
3090 1036 3185 1089 καὶ
3222 1038 3578 1105 φωτίσθητε,
3613 1040 3717 1092 καὶ

2144 1121 2217 1174 τὰ
2248 1122 2539 1188 πρόσωπα
2570 1119 2739 1189 ὑμῶν
2772 1124 2843 1175 οὐ
2886 1122 2965 1189 μὴ
3002 1126 3415 1195 καταισχυνθῇ
3438 1169 3451 1193 ,
3487 1129 3726 1200 διαμαρ-

2143 1211 2306 1264 τόντα
2349 1212 2448 1282 τῆς
2487 1212 2729 1283 χάριτος.
2775 1214 2882 1266 Καὶ
2910 1213 3133 1278 δέξασθε
3172 1216 3262 1269 τὸν
3303 1219 3581 1288 φωτισμὸν
3612 1219 3725 1283 ἕως

2145 1303 2353 1373 καιρὸς,
2395 1304 2482 1355 ἵνα
2522 1303 2595 1374 μὴ
2640 1303 2827 1356 σκοτία
2865 1304 3009 1373 ὑμᾶς
3050 1304 3388 1377 καταδιὼξῃ,
3418 1308 3513 1361 καὶ
3551 1326 3726 1362 κατα-

2144 1396 2284 1469 λάϐῃ
2308 1396 2590 1467 χωρίσασα
2614 1396 2708 1449 τοῦ
2738 1396 3086 1467 φωτίσματος
3106 1414 3119 1427 ·
3153 1400 3430 1467 Ἔρχεται
3453 1399 3569 1463 νὺξ
3588 1441 3603 1459 ,
3627 1401 3723 1452 ὅτε

2144 1489 2315 1551 οὐδεὶς
2352 1487 2571 1541 δύναται
2620 1488 2955 1558 ἐργάσασθαι
3016 1489 3150 1558 (81),
3198 1490 3336 1559 μετᾶ
3383 1492 3481 1561 τὴν
3507 1491 3721 1544 ἐνθένδε

2147 1578 2489 1649 ἀπαλλαγήν.
2540 1578 2755 1647 Ἐκείνη
2791 1578 2955 1629 Δαδὶδ
2987 1580 3018 1649 ἡ
3062 1580 3212 1649 φωνή
3238 1596 3251 1609 ο
3290 1579 3427 1650 αὕτη
3462 1580 3555 1632 τοῦ
3587 1580 3724 1651 ἀλη-

2148 1666 2291 1720 θινοῦ
2352 1667 2527 1735 φωτὸς
2553 1706 2568 1729 ,
2639 1665 2733 1718 τοῦ
2810 1666 3137 1734 φωτίζοντος
3188 1667 3367 1720 πάντα
3432 1668 3725 1740 ἄνθρωπον

2148 1758 2441 1828 ἐρχόμενον
2492 1760 2573 1821 εἰς
2625 1756 2716 1812 τὸν
2777 1756 3000 1827 κόσμον.
3053 1757 3241 1810 Οῖεσθε
3266 1757 3321 1810 δὲ
3355 1759 3466 1828 (82)
3499 1759 3721 1812 καὶτὸν

2154 1849 2477 1919 Σολομῶντα
2503 1849 2713 1918 πικρῶς
2744 1848 2871 1918 ὑμῖν
2897 1848 3175 1912 ὀνειδίζειν
3202 1853 3314 1913 τοῖς
3339 1850 3660 1922 ἀργοτέροις
3682 1850 3723 1922 ἢ

2148 1938 2504 2011 νωθεστέροις
2526 1956 2539 1969 ο
2568 1940 2718 2004 Ἕως
2742 1940 2886 1991 πότε
2908 1939 3041 2009 (85),
3075 1940 3313 2007 ὀκνηρέ,
3338 1939 3723 2008 κατάπεισαι,

2148 2027 2407 2097 λέγοντας
2446 2029 2597 2082 Πότε
2624 2027 2680 2080 δὲ
2709 2027 2778 2089 ἐξ
2808 2028 3004 2081 ὕπνου
3035 2028 3403 2098 Cimmerion;
3432 2031 3505 2084 Τὸ
3536 2034 3630 2084 καὶ
3654 2032 3726 2085 τὸ

2149 2120 2388 2189 σκήπτῃ.
2437 2120 2530 2171 καὶ
2576 2119 2887 2190 προφασίζῃ
2927 2120 3230 2190 προφάσεις
3280 2122 3337 2173 ὲν
3389 2123 3718 2193 ἁμαρτίαις.

2146 2206 2309 2259 Μένω
2334 2206 2402 2260 τὰ
2423 2206 2582 2260 Φῶτα
2603 2223 2617 2237 ·
2646 2207 2706 2260 τὸ
2736 2208 2930 2277 Πάσχα
2961 2226 3051 2280 μοι
3080 2209 3401 2282 τιμιώτερον
3421 2229 3435 2242 ⁸
3462 2213 3559 2284 τὴν
3587 2216 3725 2269 [Iav-

468 2310 721 2374 prarstat;
756 2320 876 2358 cum
907 2302 1127 2356 Christo
1153 2302 1201 2354 in
1229 2300 1641 2354 resurrectionis
1674 2299 1759 2353 die
1785 2300 1850 2353 ad
1878 2299 2040 2352 vitam

2146 2296 2416 2365 τηκοστὴν
2437 2294 2721 2366 ἐκδέξομαι
2743 2314 2757 2326 ·
2777 2297 2997 2368 Χριστῷ
3014 2316 3078 2351 συ
3087 2301 3468 2371 μφωτισθῆναι
3488 2303 3718 2373 βέλτιον

471 2396 679 2461 redire;
724 2393 957 2463 Spiritus
987 2393 1271 2445 adventum
1325 2390 1611 2444 hoaorare.
1640 2390 1775 2457 Quid
1822 2390 2045 2460 postea?

472 2484 664 2539 Veniet
696 2492 915 2553 repente
951 2482 1074 2535 vitae
1114 2482 1235 2535 linis
1286 2480 1342 2535 in
1392 2481 1476 2535 die
1528 2496 1688 2548 quam
1721 2495 1824 2534 non
1856 2495 2043 2549 exspe-

473 2583 608 2637 ctas,
636 2583 691 2630 et
731 2575 782 2628 in
839 2574 966 2627 liora
1012 2587 1175 2642 quam
1237 2573 1491 2642 ignoras:
1529 2587 1604 2626 ac-
1622 2581 1732 2626 tum
1774 2572 2044 2634 adveniet,

472 2665 625 2734 quasi
661 2664 834 2718 malus
890 2662 1087 2728 viator,
1138 2663 1325 2731 gratia:
1377 2662 1555 2731 impia
1586 2672 1748 2731 atque
1779 2662 1830 2714 in
1883 2661 2045 2716 tantis

471 2756 726 2811 bonitatis
752 2755 942 2824 opibus
970 2754 1114 2808 fame
1138 2754 1432 2810 labor-abis.
1466 2755 1570 2809 Sed
1618 2754 1918 2808 faciendum
1951 2753 2044 2808 tibi

470 2855 575 2915 est,
608 2856 666 2903 ut
718 2848 987 2902 contraria
1046 2860 1142 2916 per
1195 2848 1462 2902 contraria
1522 2848 1758 2917 colligas,
1817 2862 2043 2902 messem

473 2953 666 3009 nempe
687 2953 781 3009 per
808 2940 1141 3009 diligentiam
1169 2948 1223 2992 et
1246 2938 1585 3004 industriam,
1609 2939 1835 3007 sitisque
1856 2940 2046 2993 restin-

470 3033 703 3087 ctioncnt
739 3046 832 3102 per
864 3032 1087 3094 fontem,
1120 3040 1301 3097 atque,
1346 3031 1519 3085 instar
1544 3031 1688 3085 cervi
1728 3031 2044 3100 gravissima

471 3122 558 3175 siti
584 3120 893 3185 laborantis,
925 3134 1114 3189 magna
1142 3118 1415 3173 celeritate
1444 3119 1507 3169 ad
1533 3116 1705 3170 fontes
1724 3119 1765 3147 ¹²
1792 3131 2046 3170 accurras

473 3220 909 3279 contractamque
957 3209 1223 3263 currendo
1275 3208 1634 3278 fatigationem
1681 3222 1816 3275 aqua
1836 3206 2047 3261 exstin-

471 3319 642 3375 guas;
676 3318 783 3357 non
815 3312 1016 3365 autem,
1042 3310 1100 3355 ut
1148 3299 1355 3354 lsmaeli
1384 3299 1579 3353 accidit
1616 3298 1683 3362 ",
1741 3312 1892 3366 aqua:
1927 3298 2043 3351 ino-

470 3397 558 3463 pia
588 3408 906 3459 exareseas;
938 3401 1049 3456 aut,
1081 3392 1222 3461 quod
1271 3399 1438 3459 poetae
1478 3388 1805 3454 fabulantur,
1855 3388 1905 3442 in
1936 3403 2042 3441 me-

471 3486 559 3540 dio
592 3485 738 3539 fonte
758 3484 847 3539 siti
877 3481 1156 3538 crucieris.
1204 3478 1458 3535 Miserum
1499 3489 1601 3544 est,
1643 3492 1763 3531 cum
1796 3478 2046 3531 nundinae

470 3576 797 3639 cllluxerint,
830 3583 941 3628 tum
972 3574 1185 3628 demum
1230 3569 1640 3639 negotiationem
1658 3583 1919 3636 quaerere.
1945 3566 2043 3622 Mi-

471 3681 652 3721 serum
680 3675 780 3727 est,
808 3678 930 3717 cum
965 3677 1160 3716 manna
1198 3658 1536 3729 praeterierit,
1572 3667 1680 3711 tum
1730 3658 1909 3713 cibum
1947 3672 2043 3727 ap-

471 3767 673 3827 petere.
710 3753 963 3809 Miserum
995 3762 1098 3817 est,
1167 3766 1346 3805 serunt
1376 3749 1655 3803 consilium
1711 3764 1926 3819 capere,
1978 3763 2043 3805 ac

471 3855 583 3900 tum
625 3843 806 3898 damni
833 3858 992 3898 sensu
1018 3840 1178 3906 aﬂici,
1209 3854 1331 3894 cum
1376 3838 1519 3892 nulla
1551 3838 1663 3908 jam
1714 3840 1922 3895 ratione
1952 3854 2039 3894 ac-

470 3944 687 4006 ceptum
718 3932 1115 3989 incommodum
1146 3930 1331 3986 sarciri
1375 3938 1569 3997 potest,
1607 3931 1707 3984 hoc
1745 3939 1847 3995 est,
1885 3940 2037 4001 post-

470 4042 631 4096 quam
671 4026 797 4080 hinc
829 4023 1245 4084 cxcesserimus,
1287 4022 1587 4090 acerbeque
1619 4022 1871 4077 conclusa
1923 4022 2038 4078 fue-

470 4120 601 4185 rint,
632 4133 751 4188 quze
772 4117 1001 4187 quisque
1024 4114 1074 4167 in
1098 4114 1199 4168 bac
1220 4114 1329 4167 vita
1371 4112 1555 4182 gessit,
1581 4123 1760 4181 atque,
1791 4124 1844 4169 et
1870 4115 2039 4171 scele-

469 4212 574 4268 rati
614 4211 879 4274 bomines,
907 4206 1187 4277 supplicio,
1213 4214 1267 4259 et
1294 4207 1385 4274 qui
1418 4206 1625 4260 animos
1654 4206 1816 4276 710
1846 4222 2038 4275 purga-

472 4301 603 4366 riut,
632 4299 915 4370 splendore
944 4294 1119 4350 allecti
1150 4294 1369 4348 fuerint.
1420 4293 1683 4360 Quocirca
1715 4295 1864 4349 vobis
1914 4310 2039 4364 pro-

471 4390 759 4445 videndum
790 4396 892 4450 est.
928 4399 995 4441 ne
1027 4384 1092 4438 ad
1120 4386 1347 4455 gratiam
1375 4394 1690 4439 cunctanter
1735 4387 2035 4451 accedatis;

473 4498 659 4538 verum
691 4494 954 4535 summam
984 4477 1317 4532 celeritatem
1344 4476 1668 4539 atlhiheatis,
1696 4489 1760 4529 ne
1784 4476 1920 4530 latro
1952 4491 2042 4531 vo-

469 4573 556 4630 bis
588 4579 913 4633 antevertat,
942 4584 1010 4623 ne
1035 4567 1245 4622 adulter
1274 4582 1361 4621 vos
1395 4577 1698 4635 przetereat,
1751 4582 1817 4620 ne
1844 4582 2039 4622 avarus

2149 2385 2370 2455 Χριστῷ
2411 2389 2813 2457 συναναστῆναι
2850 2389 2992 2442 κατὰ
3031 2390 3129 2460 τὴν
3168 2392 3539 2463 ἀναστάσιμον
3580 2396 3725 2466 ἡμέ-

2148 2492 2279 2547 ραν
2318 2476 2409 2530 τοῦ
2455 2478 2771 2548 Πνεύματος
2804 2482 3032 2552 τιμῆσαι
3062 2483 3161 2554 τὴν
3211 2484 3549 2554 ἐπιφάνειαν.
3583 2484 3725 2543 Εἶτα.

2143 2568 2232 2633 ri;
2272 2566 2431 2631 ’Ἥξει
2459 2568 2519 2620 τὸ
2548 2569 2700 2633 τέλος
2727 2571 2987 2641 ἐξαίφνης
3017 2574 3074 2625 ὲν
3103 2574 3307 2646 ἡμέρᾳ,
3399 2577 3459 2629 οὐ
3489 2578 3723 2647 προσδο-

2145 2657 2266 2729 κᾷς,
2308 2660 2401 2712 καὶ
2436 2662 2491 2712 ἐν
2518 2660 2635 2731 ὥρᾳ
2724 2662 2784 2714 οὐ
2816 2662 3141 2730 γινώσκειςο
3175 2662 3295 2719 εἶτα
3332 2669 3697 2740 παραγίνεταί

2147 2765 2264 2811 σοι,
2304 2748 2491 2820 ὥσπερ
2525 2752 2692 2814 κακὸς
2729 2752 3025 2826 όδοιπόρος,
3060 2756 3093 2826 ἡ
3125 2757 3282 2810 πενία
3324 2759 3423 2829 τῆς
3450 2760 3709 2832 χάριτος,

2144 2840 2240 2892 καὶ
2282 2839 2540 2911 λιμώξεις
2577 2844 2635 2895 ὲν
2685 2844 2924 2916 τοσούτῳ
2964 2847 3074 2916 (84)
3116 2848 3329 2921 πλούτῳ
3362 2852 3461 2921 τῆς
3512 2852 3717 2921 ἀγαθό-

2144 2948 2307 3002 τητος
2331 2947 2343 2961 ⁸
2374 2931 2491 2984 δέον
2517 2933 2585 2986 τὰ
2616 2934 2835 2988 ἐναντία
2864 2936 2941 3007 τῷ
2972 2939 3199 3011 ἐναντίῳ
3229 2942 3604 3011 καρποῦσθαι,
3636 2942 3719 3015 τῷ

2146 3021 2323 3092 ἀόκνῳ
2342 3022 2432 3074 τὸν
2460 3022 2690 3093 ἄμητον,
2718 3026 2813 3077 καὶ
2833 3028 2898 3097 τῇ
2924 3031 3074 3099 πηγῇ
3100 3030 3195 3102 τὴν
3217 3031 3501 3102 ἀνάψυξιν,
3524 3032 3721 3108 ὥσπερ

2144 3110 2235 3164 τὸν
2266 3111 2693 3184 διψητικώτατον
2730 3116 2843 3186 (85)
2879 3117 3096 3186 ἔλαφον,
3133 3122 3335 3193 σπουδῇ
3366 3126 3485 3188 ταῖς
3514 3128 3719 3194 πηγαῖς

2148 3204 2574 3274 προστρέχοντα,
2610 3207 2707 3260 καὶ
2746 3208 3039 3263 σϐεννύντα
3073 3211 3166 3265 τὸν
3196 3214 3289 3267 τοῦ
3321 3216 3521 3288 δρόμου
3548 3219 3721 3272 κόποι

2144 3292 2222 3362 τῷ
2263 3293 2449 3347 ὕδατι·
2489 3295 2624 3348 ἀλλὰ
2662 3296 2737 3367 μὴ
2768 3297 2827 3350 τὸ
2856 3298 2949 3351 τοῦ
2995 3300 3219 3373 Ἰσμαὴλ
3248 3305 3459 3370 παθεῖν,
3489 3308 3721 3380 ἀνυδρίᾳ

2148 3384 2533 3457 ξηραίνεσθαι·
2577 3389 2609 3456 ἢ
2656 3390 2715 3442 τὸ
2744 3390 2837 3443 τοῦ
2885 3391 3055 3463 μύθου
3099 3394 3232 3463 (86),
3276 3398 3334 3448 ὲν
3378 3398 3517 3472 μέσῃ
3564 3405 3717 3474 πηγῇ

2145 3476 2272 3547 δίψῃ
2318 3477 2428 3547 (87)
2460 3477 2803 3543 κολάζεσθαι.
2851 3484 3034 3537 Δεινὸν
3065 3485 3355 3557 παρελθεῖν
3388 3491 3718 3561 πανήγυριν,

2146 3566 2239 3619 καὶ
2294 3568 2592 3637 τηνικαῦτα
2636 3570 2735 3641 τὴν
2798 3576 3185 3644 πραγματείαν
3236 3580 3515 3650 ἐπιζητεῖν
3572 3582 3710 3652 (88).

2146 3658 2326 3710 Δεινὸν
2354 3658 2413 3711 τὸ
2447 3660 2620 3729 μάννα
2648 3662 3045 3734 παραδραμεῖν,
3071 3668 3165 3719 καὶ
3190 3670 3490 3739 τηνικαῦτα
3510 3675 3719 3746 τροφῆς

2147 3747 2414 3816 ἐφίεσθαι.
2447 3749 2626 3803 Δεινὸν
2655 3752 3038 3825 ὑστεροϐουλία
3058 3798 3072 3821 ,
3097 3758 3193 3811 καὶ
3221 3759 3282 3811 τὸ
3301 3763 3595 3832 τηνικαῦτα
3616 3766 3721 3835 τῆς

2147 3837 2349 3908 ζημίας
2390 3840 2740 3896 αἰσθάνεσθαι
2786 3845 2932 3913 (89),
2977 3846 3064 3899 ὅτε
3114 3849 3211 3901 οὐκ
3255 3850 3371 3904 ἔστι
3413 3853 3524 3925 (90)
3563 3840 3719 3922 λῦσις

2145 3928 2367 4001 ζημίας,
2403 3932 2540 4002 μετὰ
2566 3932 2664 4003 τὴν
2692 3935 2941 3988 ἐντεῦθεν
2969 3938 3256 4009 ἐκδημίαν,
3288 3943 3383 3995 κα).
3406 3945 3497 3998 τὸν
3520 3947 3720 4017 πικρὸν

2144 4021 2504 4093 συγκλεισμὸν
2534 4023 2641 4079 τῶν
2681 4026 2897 4097 ἑκάστῳ
2937 4027 3305 4100 βεϐιωμένων,
3336 4037 3430 4089 καὶ
3467 4038 3564 4109 τὴν
3604 4040 3719 4094 τῶν

2143 4112 2482 4201 ἁμαρτωλῶν
2530 4114 2787 4179 κόλασιν,
2838 4121 2933 4169 καὶ
2974 4118 3073 4189 τὴν
3125 4121 3234 4175 τῶν
3287 4128 3719 4199 κεκαθαρμένων

2142 4202 2518 4274 λαμπρότητα.
2556 4206 2654 4258 Διὰ
2681 4206 2836 4260 τοῦτο
2864 4209 2936 4278 μὴ
2974 4210 3194 4279 μέλλετε
3230 4215 3365 4284 πρὸς
3393 4218 3491 4287 τὴν
3518 4220 3677 4290 χάριν
3695 4239 3712 4254 ο

2144 4292 2258 4345 ἀλλ’
2285 4293 2594 4361 ἐπείγεσθε,
2624 4296 2697 4366 μὴ
2724 4295 2927 4368 λῃστὴς
2954 4300 3096 4369 ὑμᾶς
3124 4302 3391 4377 προλάϐῃ,
3422 4308 3494 4378 μὴ
3527 4312 3718 4381 μοιχὸς

2145 4384 2511 4459 παραδράμῃ,
2551 4388 2627 4458 μὴ
2661 4389 2938 4458 ἄπληστος
2975 4391 3367 4467 πλεονεκτήση.
3406 4399 3479 4470 μὴ
3520 4404 3720 4469 φονεὺς

2146 4478 2476 4548 προαρπάσῃ
2510 4478 2569 4531 τὸ
2600 4480 2825 4547 ἀγαθὸν,
2859 4482 2932 4552 μὴ
2962 4482 3201 4554 τελώνης
3221 4527 3235 4547 ,
3274 4489 3347 4558 μὴ
3380 4491 3595 4561 πόρνος,
3634 4496 3711 4564 μή

2139 4588 2222 4634 τις
2248 4571 2356 4624 τῶν
2390 4570 2626 4641 βιαστῶν
2672 4573 2772 4643 τῆς
2807 4575 3084 4644 βασιλείας
3110 4578 3207 4633 καὶ
3239 4581 3557 4651 ἁρπακτῶν.
3587 4586 3720 4640 Βιά-

468 4665 731 4735 superiori
760 4662 1065 4717 conditione
1104 4663 1209 4722 sit,
1268 4674 1334 4713 ne
1392 4660 1621 4713 sicarius
1676 4660 1872 4712 bonum
1912 4660 2039 4715 illud

2146 4663 2296 4727 ζεται
2333 4663 2441 4735 γὰρ
2472 4664 2689 4730 ἑκοῦσα,
2727 4665 2821 4718 καὶ
2848 4670 3184 4737 τυραννεῖται
3211 4671 3277 4724 δι’
3311 4673 3641 4745 ἁγαθὸτηητα.

466 4765 761 4835 prmripiat,
803 4780 870 4821 ne
899 4765 1213 4835 publicanus
1236 4802 1252 4827 ,
1278 4777 1343 4816 ne
1373 4772 1663 4824 scortator,
1697 4776 1763 4816 ne
1806 4762 2039 4832 denique
2074 4765 2354 4833 quisquam
2381 4766 2554 4831 exiis,
2589 4767 2676 4834 qui
2735 4781 2829 4834 per
2852 4766 2956 4819 vim
2987 4766 3039 4820 in
3100 4784 3322 4840 regnum
3380 4773 3718 4843 irrumpunt,

471 4855 707 4924 illudque
741 4856 955 4925 rapiunt
986 4856 1048 4909 ιδ.
1078 4854 1231 4910 Ultro
1263 4854 1403 4906 enim
1436 4854 1540 4907 vim
1572 4856 1793 4922 patitur,
1822 4870 1886 4909 ac
1921 4866 2142 4927 propter
2165 4858 2458 4913 bonitatem
2496 4859 2826 4929 tyrannidem
2866 4858 3072 4915 suffert.

541 4993 563 5024 ⁸
586 4989 729 5045 Psal.
755 5007 947 5057 xum,
975 4992 1029 5045 6.
1103 4993 1124 5023 ⁷
1155 4991 1314 5045 Joan.
1354 5007 1454 5051 χιι,
1487 4992 1575 5045 55.

466 5191 673 5327 ζεὲξέξ.
713 5190 1124 5261 Ἑργάσασθαι.
1178 5195 1309 5267 Reg.
1366 5196 1437 5266 ph
1490 5207 1544 5251 et
1607 5197 1700 5252 Or.
1758 5200 1808 5262 1,
1868 5200 2033 5271 ἐργά-

537 5332 648 5406 is?)
707 5332 918 5406 Οζεσθε
942 5331 1191 5388 6é.Deest
1212 5336 1269 5389 δέ
1308 5336 1359 5389 in
1385 5336 1553 5390 tribus
1583 5336 1748 5406 Regg.

537 5403 647 5469 (85)
687 5404 856 5456 Πότε.
892 5402 946 5455 1η
977 5407 1261 5470 nonnullis,
1297 5406 1400 5471 ἕως
1427 5406 1574 5459 πότε.

538 5471 650 5547 (84)
674 5474 792 5547 μἰςν
819 5474 1104 5547 τοσούτῳ.
1137 5474 1228 5547 Sic
1253 5477 1491 5546 quinque
1520 5478 1710 5547 chg.,
1743 5488 1850 5547 tres
1872 5475 2023 5532 Colb.

460 5550 517 5596 et
670 5543 716 5597 Ι.
736 5541 793 5615 lu
818 5543 929 5605 ed.,
958 5546 1015 5615 εν
1046 5539 1310 5615 τοιούτιμῖᾼ
1404 5539 1419 5546 ’
1603 5539 1662 5547 vn
1699 5539 1704 5542 ’
1734 5544 1761 5552 ”

462 5610 646 5731 τω(85)
694 5612 1186 5680 Διψητικὼτιιτον.
1241 5610 1401 5670 ’Τῑρε
1469 5615 1671 5687 Regg.,
1736 5615 2028 5687 διψικὼτα-

1678 4994 1698 5023 ⁸
1723 4992 1876 5047 Joan.
1907 5012 1988 5060 ix,
2020 4996 2075 5050 4.

469 5064 511 5094 η
544 5060 687 5115 Psal.
720 5077 829 5125 ut,
859 5062 914 5115 2.
989 5061 1033 5093 ²³
1060 5060 1195 5117 Gen.
1223 5076 1335 5127 ut,
1381 5061 1548 5116 15-19
1650 5062 1690 5092 ¹⁸⁶
1721 5063 1908 5117 Matth.
1944 5081 2017 5130 xt,
2039 5066 2123 5119 12.

2189 4996 2395 5051 'Joan.
2448 5013 2485 5062 ι,
2520 4998 2573 5053 9.
2672 4998 2713 5029 ¹⁰
2744 4998 2898 5054 Prov.
2947 5014 3021 5065 VI,
3075 4999 3161 5055 10.
3242 5001 3445 5057 “Psal.
3509 5004 3711 5071 cn,$.

2214 5202 2325 5274 (86)
2365 5202 2475 5258 Τοῦ
2505 5204 2722 5273 μύθου.
2749 5204 2949 5259 Alludit
2974 5207 3040 5262 ad
3068 5191 3277 5260 Tantali
3295 5205 3549 5261 fabulam.

2215 5274 2327 5348 t8?)
2352 5276 2532 5348 sum.
2562 5275 2807 5348 Quintum
2855 5275 3045 5348 ιέθεεη
3072 5275 3232 5348 δίψει·

2213 5342 2326 5457 (88)
2369 5342 2704 5428 Ἑπιζητεῖν.
2724 5342 2847 5405 ’0υο
2875 5342 3042 5416 Βέέε.
3083 5342 3144 5400 ει
3169 5345 3261 5430 Οι·ζ
3288 5347 3341 5412 1,
3369 5347 3573 5417 ζητεῖν.

2217 5414 2757 5484 (δεηΑἱσθανεσθαι.
2789 5414 2921 5471 Tres
2944 5416 3109 5484 Hegg.
3147 5427 3200 5471 et
3220 5419 3431 5479 Lomh.,
3458 5419 3573 5469 ὲπαι

2217 5415 2757 5535 (39)Αἱσθάνεσθαι.
2789 5415 2921 5471 Tres
2944 5415 3109 5487 chg.
3147 5427 3200 5471 et
3220 5415 3433 5479 Cornu,
3458 5415 3719 5470 ἐπαισθόμ-

2217 5501 2233 5534 r
2270 5500 2345 5536 αι.

2133 5498 2463 5676 ιῖῖιζτὸὅῖὸὺκ
2502 5555 2654 5610 ἔστι·
2701 5555 2898 5627 Regius
2945 5557 3057 5623 bm.
3098 5555 3197 5611 οὐκ
3244 5556 3346 5623 ἔτι,
3398 5574 3417 5608 ι
3478 5554 3718 5623 non_ad-
