4050 6298
204 295 293 351 393

1098 282 1353 337 ORATIO
1394 282 1506 337 XL.
1546 315 1614 324 ——-
1651 282 1717 338 IN
1763 280 2091 338 SANCTUM
2135 278 2495 333 BAPTISMA.

3306 290 3411 343 591

254 404 365 458 κε’.
391 399 609 472 Βραδὺς
634 398 738 451 ἴσθι
764 397 898 468 πρὸς
916 397 1275 467 κακουργίαν,
1303 390 1347 449 ὦ
1375 391 1552 460 οὗτος,
1574 400 1744 468 ταχὺς

1920 393 2083 449 XXV.
2120 394 2424 454 Enimvero,
2458 392 2504 445 si
2554 394 2678 446 mihi
2723 394 3127 450 auscultandqu
3182 398 3414 464 putabis,

194 498 240 550 δὲ
272 495 396 565 πρὸς
433 491 737 562 σωτηρίαν,
770 490 893 559 ἐμοὶ
934 488 1257 559 πειθόμενος
1279 504 1295 519 ο
1331 489 1444 543 ἴσον
1480 490 1588 561 γάρ
1627 491 1743 542 ἐστι

194 585 353 646 κακὸν,
398 581 692 651 ἑτοιμότης
731 597 793 632 τε
820 579 956 651 πρὸς
1002 580 1064 632 τὸ
1105 581 1316 650 χεῖρον,
1356 582 1451 633 καὶ
1492 580 1746 651 μέλλησις

192 675 307 744 ego;
330 672 389 724 τὸ
418 671 657 741 βέλτιον.
706 670 832 722 Ἐὰν
858 671 950 722 ἐπὶ
977 668 1397 739 κῶμονκληθῇς
1418 710 1433 734 ,
1468 670 1542 740 μὴ
1581 668 1743 739 ταχύ-

190 783 304 838 νῃς”
336 764 427 817 ἐὰν
473 764 565 815 ἐπ’
610 762 870 833 ἄρνησιν,
904 760 1256 831 ἀποπήδησον
1282 778 1295 791 ο
1328 760 1423 813 ἐὰν
1464 761 1594 831 εῐπῃ
1636 761 1745 828 (91)

191 878 258 913 σοι
282 858 513 930 πονηρὸν
555 856 959 927 ἐργαστήριονο
1018 853 1186 909 Ἐλθέ
1221 854 1361 923 μεθ’
1396 851 1585 923 ἡμῶν,
1628 870 1748 905 κοι-

188 951 440 1018 ηὸνησον
484 949 775 1018 αἵματος,
812 948 1135 1015 κρύψωμεν
1180 945 1247 997 δὲ
1287 947 1375 1009 εὶς
1410 944 1527 1012 γῆν
1562 943 1750 1011 ἄνδρα

186 1045 395 1097 δίκαιον
422 1039 653 1105 ἀδίκως
681 1056 694 1069 ·
727 1039 865 1109 μηδὲ
894 1039 993 1102 τὰς
1023 1037 1194 1100 ἀκοὰς
1217 1037 1480 1108 ὑπόσχῃς.
1512 1036 1616 1089 Δύο
1641 1036 1748 1107 γὰρ

186 1136 241 1186 τὰ
269 1133 499 1204 μέγιστα
534 1131 824 1201 κερδανεῖς
844 1147 857 1160 -
889 1130 1086 1199 ἐκείνῳ
1112 1146 1172 1182 τε
1210 1132 1466 1199 γνωριεῖς
1498 1129 1609 1198 (92)
1648 1129 1747 1198 τὴν

186 1217 456 1288 ἁμαρτίαν,
484 1215 585 1269 καὶ
614 1216 811 1269 σαυτὸν
836 1211 1148 1284 ὲξαιρήσεις
1173 1214 1415 1285 πονηρᾶς
1440 1212 1743 1275 κοινωνίας.

184 1312 265 1362 Ἂν
298 1309 352 1361 δέ
382 1326 466 1361 σοι
498 1308 639 1379 λέγῃ
683 1306 797 1376 (95)
831 1306 997 1359 Δαὸὶδ
1034 1308 1062 1358 ὁ
1090 1305 1293 1376 μέγας·
1336 1305 1536 1372 Δεῦτε,
1563 1305 1749 1373 ἀγαλ-

181 1401 505 1470 λιασὼμεθα
559 1400 641 1464 τῷ
682 1397 910 1467 Κυρίῳ·
983 1398 1080 1452 ἐὰν
1149 1398 1206 1450 δὲ
1243 1398 1529 1468 προφήτης
1566 1396 1744 1459 ἄλλος’

182 1493 368 1554 Δεῦτε,
419 1487 746 1557 ἀναδῶμεν
788 1491 878 1553 εἰς
923 1486 989 1540 τὸ
1040 1486 1171 1554 ὄρος
1238 1486 1493 1554 Κυρίου”
1558 1484 1651 1537 ἐὰν
1692 1483 1783 1536 es

185 1583 324 1645 αὐτὸς
375 1584 405 1635 ὁ
449 1580 653 1651 Σωτήρ
678 1597 693 1612 ⁸
734 1580 910 1635 Δεῦτε
951 1580 1103 1646 πρός
1141 1592 1249 1646 με,
1290 1578 1514 1643 πάντες
1553 1579 1606 1629 οἱ
1653 1593 1747 1628 κο-

182 1672 413 1739 πιῶντες
471 1671 581 1725 καὶ
644 1667 1143 1739 πεφορτισμένοι,
1195 1665 1356 1735 κάγὼ
1412 1664 1747 1720 ἀναπαύσω

1847 488 1912 540 ad
1944 486 2120 541 scelus
2148 486 2364 553 quidem
2395 494 2448 538 et
2475 484 2716 537 fraudem
2760 486 2945 539 tardus
2972 486 3102 552 eris,
3136 491 3280 543 celer
3322 506 3418 543 au-

1849 586 1955 632 tem
2004 576 2070 629 ad
2107 575 2357 629 salutem.
2394 572 2515 627 Pari
2547 574 2687 627 enim
2722 575 2770 628 in
2808 574 2935 629 vitio
2979 587 3123 646 sunt,
3148 581 3414 650 prompti-

1850 667 1975 722 tudo
1999 668 2064 720 ad
2093 666 2303 729 vitium,
2337 678 2391 719 et
2422 667 2674 735 segnities
2712 668 2777 720 ad
2832 668 3106 723 virtutem.
3138 669 3196 725 Si
3224 672 3289 726 ad
3317 686 3413 725 co-

1848 757 2225 811 messationcm
2255 766 2481 811 vocatus
2508 757 2696 821 fueris,
2735 773 2799 811 ne
2823 757 3080 825 festines;
3110 760 3154 814 si
3189 762 3255 814 ad
3287 761 3411 816 ﬁdei

1849 845 2273 912 abjurationem,
2328 844 2411 900 fac
2453 846 2640 909 pedem
2689 855 2833 901 retro
2858 848 3140 904 celerrime
3172 849 3413 913 referas;

1848 938 1892 989 si
1925 937 2016 991 tibi
2044 935 2428 1005 ﬂagitiosnrum
2459 951 2521 990 ac
2548 937 2879 1005 perditorum
2909 940 3181 993 hominum
3214 942 3418 996 sodali-

1851 1031 1983 1082 timn
2021 1028 2254 1083 dixerit:
2291 1027 2421 1083 Veni
2458 1030 2748 1092 uobiscum,
2774 1030 3031 1097 particeps
3054 1041 3164 1085 esto
3206 1035 3419 1102 sangui-

1851 1119 1954 1181 nis,
1982 1119 2151 1170 virum
2172 1116 2376 1185 justum
2410 1117 2605 1186 injuste
2634 1119 2690 1170 in
2730 1128 2921 1171 terram
2950 1119 3334 1173 abscondamus
3354 1120 3419 1185 ¹¹¹;

1853 1224 1923 1263 ne
1956 1210 2178 1263 auribus
2208 1209 2424 1277 quidem
2456 1210 2554 1263 hos
2598 1223 2875 1265 sermones
2905 1212 3149 1264 admitte.
3186 1210 3259 1264 Ita
3292 1212 3437 1266 duas,

1855 1299 2121 1354 maximas
2151 1300 2413 1354 utilitates
2443 1301 2832 1370 consequeris;
2868 1315 2994 1354 nam
3025 1310 3079 1357 et
3104 1300 3209 1356 illis
3229 1316 3422 1370 pecca-

1850 1400 1961 1445 tum
1990 1406 2144 1446 suum
2198 1391 2480 1455 iudicabis,
2514 1401 2570 1446 et
2622 1392 2847 1461 teipsum
2885 1408 2913 1446 a
2964 1407 3125 1462 prava
3171 1395 3422 1449 societate

1849 1484 2071 1537 eximes.
2099 1484 2171 1536 At
2200 1482 2243 1536 si
2278 1484 2369 1536 tibi
2398 1498 2622 1551 magnus
2641 1484 2803 1537 David
2829 1483 3004 1538 dicat:
3031 1483 3233 1551 Venite,
3255 1490 3425 1541 exsut-

1852 1589 2017 1631 temus
2045 1577 2268 1633 Domino
2301 1579 2374 1642 ‘3;
2418 1582 2463 1633 si
2493 1580 2628 1632 alius
2666 1580 2923 1646 prcpbeta
2958 1598 2971 1633 :
3012 1580 3224 1645 Venite,
3247 1600 3425 1637 ascen-

1850 1668 2039 1722 damus
2069 1671 2372 1724 inmoratam
2407 1670 2617 1724 Domini
2639 1672 2712 1738 ¹⁷;
2743 1672 2785 1725 si
2839 1672 2953 1741 ipse
3004 1674 3191 1729 salutis
3232 1687 3426 1730 nostra?

183 1764 353 1834 ὑμᾶς’
387 1765 446 1835 ἢ,
490 1762 860 1831 Ἐγείρεσθε,
902 1759 1137 1828 ἄγωμεν
1163 1758 1447 1812 ἐντεῦθεν
1467 1797 1482 1819 ,
1511 1755 1749 1826 λαμπροὶ

1858 1760 2044 1813 vindex
2074 1774 2087 1810 :
2133 1758 2316 1813 Venite
2344 1761 2413 1813 ad
2446 1777 2545 1821 me,
2585 1777 2762 1815 omnes
2792 1763 2883 1829 qui
2905 1763 3178 1828 laboratis,
3227 1772 3279 1819 et
3308 1781 3427 1819 one-

182 1857 427 1929 λαμπρῶς
457 1855 610 1925 ὑπὲρ
639 1853 795 1925 χιόνα
834 1850 1182 1922 λάμψαντες,
1214 1850 1356 1921 ὑπὲρ
1394 1849 1535 1918 γάλα
1573 1866 1749 1920 rupe)-

183 1948 366 2010 θέντες,
388 1946 536 2017 ὑπὲρ
569 1944 717 1997 λίθον
743 1943 1044 2013 σάπφειρον
1072 1940 1470 2010 αὑγασθέντεςο
1499 1940 1573 2011 μὴ
1602 1943 1749 1995 ἀντι-

182 2037 466 2106 τείνωμεν,
519 2034 600 2105 μὴ
650 2032 1022 2104 βραδύνωμεν.
1062 2028 1353 2100 Γενώμεθα
1405 2029 1610 2099 Πέτρος
1652 2031 1747 2082 καὶ

184 2129 419 2196 Ἰωάννης
445 2142 459 2155 ο
483 2126 567 2188 ὡς
596 2125 689 2176 ἐπὶ
714 2124 806 2176 τὸν
839 2122 1010 2191 τάφον
1042 2122 1240 2173 ἐκεῖνοι
1265 2119 1360 2171 καὶ
1392 2120 1488 2190 τὴν
1516 2119 1753 2172 ἀνάστα-

186 2236 289 2282 σιν,
330 2219 509 2281 οὕτως
557 2217 652 2269 ἐπὶ
694 2215 755 2268 τὸ
794 2213 1018 2285 λουτρὸν
1057 2212 1168 2284 (94)
1214 2211 1370 2264 αὐτοὶ
1413 2210 1765 2281 σπεύδωμεν,

186 2311 596 2383 σνντρέχοντες,
644 2308 1095 2379 ἀντιτρέχοντες,
1138 2305 1288 2366 ὅπως
1333 2302 1399 2355 ἂν
1444 2301 1505 2354 τὸ
1550 2300 1753 2370 ἀγαθὸν

187 2403 543 2473 προλάϐωμεν
583 2400 1000 2470 ἀγωνιζόμενοι.
1044 2396 1156 2450 Καὶ
1198 2393 1274 2467 μὴ
1310 2396 1504 2466 εἴπῃς,
1560 2392 1752 2445 Ἀπελ-

190 2494 287 2547 θὼν
316 2495 428 2564 (95)
468 2494 752 2563 ἐπάνηκε,
800 2490 893 2542 καὶ
928 2487 1116 2558 αῦριον
1150 2485 1592 2556 βαπτισθήσομαι
1615 2524 1629 2549 ,
1663 2484 1754 2537 δυ-

186 2585 329 2647 νατὸς
371 2584 447 2637 ὢν
505 2583 750 2653 σήμερον
800 2575 860 2633 εὖ
913 2578 1143 2631 παθεῖν’
1193 2576 1455 2648 παρέστω
1504 2594 1594 2647 μοι
1653 2578 1756 2648 μή-

182 2690 280 2745 τηρ
303 2673 432 2743 (96),
462 2672 728 2744 παρέστω
758 2688 848 2742 μοι
873 2668 1076 2740 πατὴρ.
1105 2666 1347 2737 ἀδελφοὶ,
1374 2668 1534 2738 γυνὴ,
1562 2667 1751 2731 τέκνα,

186 2765 349 2833 φίλοι,
382 2768 494 2819 πᾶν
524 2764 557 2817 ὃ
586 2762 639 2817 τι
688 2780 777 2833 μοι
812 2762 1013 2832 τίμιον,
1049 2760 1145 2813 καὶ
1178 2758 1477 2831 τηνικαῦτα
1510 2758 1754 2830 σωθήσο-

187 2875 305 2925 μαι·
340 2858 434 2912 νῦν
482 2858 544 2910 δὲ
589 2854 745 2909 οὔπω
792 2871 883 2925 μοι
918 2854 1111 2924 καιρὸς
1152 2852 1569 2923 λαμπρύνεσθαι
1618 2851 1752 2922 (97).

184 2948 301 3012 Δέος
330 2949 462 3021 γὰρ,
502 2948 579 3020 μὴ
614 2946 909 3009 κοινωνοὺς
939 2944 1111 3015 λάϐῃς
1146 2942 1400 3006 πένθους,
1428 2941 1520 3006 οὓς
1554 2943 1758 3013 εὐφρο-

186 3040 336 3113 σύνης
378 3040 676 3102 κοινωνοὺς
705 3038 959 3106 ἦλπισας.
1005 3036 1131 3090 Ἐὰν
1160 3034 1261 3105 μὲν
1294 3034 1568 3105 παρῶσιν,
1618 3035 1755 3102 ἁγα-

1853 1853 1959 1904 rati
1988 1851 2109 1904 eslis
2150 1863 2195 1904 et
2226 1868 2319 1921 ego
2350 1868 2436 1906 vos
2465 1852 2699 1920 reficiam
2732 1852 2806 1918 ‘3;
2843 1864 2954 1920 aut,
3009 1854 3241 1925 Surgite,
3281 1857 3429 1911 abea-

1853 1957 1969 1995 mus
1991 1942 2112 1996 hinc
2143 1942 2208 2006 ¹⁹,
2244 1943 2366 1997 nive
2419 1943 2748 2013 splendidius
2778 1943 3120 2013 eil‘ulgentes,
3176 1955 3230 2001 et
3269 1963 3429 2016 super

1854 2034 1938 2087 lac
1970 2033 2255 2104 coagulati,
2285 2045 2338 2088 et
2367 2049 2528 2103 super
2575 2034 2886 2105 sapphirum
2919 2036 3216 2092 collustrati
3251 2038 3326 2105 '°;
3364 2055 3429 2091 nc

1854 2125 1906 2178 in
1934 2127 2269 2180 contrarium
2296 2126 2549 2193 nitamur,
2578 2141 2644 2180 ne
2668 2141 2870 2181 moram
2898 2126 3182 2183 faciamus.
3208 2130 3429 2185 Petrum

1852 2224 1906 2269 et
1938 2215 2200 2271 Joannem
2249 2216 2597 2283 aemulemur;
2648 2218 2713 2270 ad
2767 2218 3113 2288 baptismum,
3150 2230 3206 2275 ut
3253 2222 3329 2275 illi
3361 2223 3430 2275 ad

1854 2307 2158 2375 sepulcrum
2189 2310 2235 2341 ’ί
2266 2318 2321 2364 et
2372 2310 2845 2376 resurrectionem,
2885 2314 3028 2365 omni
3082 2312 3431 2370 festinatione

1854 2413 2224 2467 properemus,
2252 2401 2408 2455 simul
2456 2410 2757 2467 currentes,
2823 2404 3069 2458 certatim
3120 2415 3430 2471 currentes,

1853 2491 2002 2544 omni
2037 2492 2384 2546 contentione
2415 2492 2467 2546 in
2496 2493 2548 2546 id
2589 2492 2981 2556 incumbentes,
3013 2504 3071 2549 ut
3098 2497 3200 2551 hoc
3231 2497 3430 2551 bonum

1855 2581 2067 2650 priores
2101 2597 2441 2651 occupemus.
2484 2582 2562 2638 Ne
2595 2586 2798 2641 dixeris
2825 2604 2838 2640 :
2866 2587 2966 2641 Abi
2991 2597 3044 2643 et
3063 2588 3197 2652 redi,
3226 2599 3280 2642 et
3313 2605 3433 2642 cras

1857 2672 2193 2741 baptizabor,
2228 2689 2349 2726 cum
2382 2673 2539 2727 hodie
2584 2675 2845 2729 beneficio
2874 2675 3008 2731 allici
3059 2692 3242 2746 queas.
3282 2679 3437 2732 Adsit

1858 2764 1989 2817 mihi
2022 2774 2214 2829 mater,
2248 2765 2386 2819 adsit
2423 2765 2555 2818 mihi
2583 2777 2769 2834 pater,
2804 2767 3030 2833 fratres,
3056 2784 3219 2834 uxor,
3247 2769 3433 2833 liberi,

1858 2855 2038 2917 amici,
2065 2865 2228 2924 atque
2246 2871 2437 2919 omnes
2462 2871 2600 2924 quos
2629 2857 2826 2911 charos
2862 2858 3054 2922 habeo,
3081 2868 3134 2912 et
3159 2869 3270 2913 tum
3291 2859 3436 2915 salu-

1862 2958 1967 3002 tem
2002 2947 2263 3016 accipiam
2298 2964 2312 2999 :
2348 2961 2490 3001 nunc
2518 2956 2695 3001 autem
2744 2948 2979 3002 nondum
3020 2948 3151 3003 mihi
3192 2950 3434 3018 splendi-
3464 3007 3469 3012 ,

1862 3041 1986 3093 dum
2016 3038 2130 3093 fieri
2158 3046 2333 3091 vacat.
2370 3035 2673 3091 Verendum
2705 3038 2847 3092 enim
2876 3047 2978 3102 est,
3014 3054 3082 3092 ne
3121 3039 3297 3094 luctus
3346 3055 3435 3095 so-

188 3130 403 3200 πητέον·
440 3129 542 3184 ἐὰν
573 3128 631 3181 δὲ
661 3128 845 3181 ἀπῶσι
881 3125 1016 3197 (98),
1056 3125 1132 3196 μὴ
1165 3124 1486 3196 ἁναμείνῃς.
1521 3124 1752 3195 Αἱσχρὸν

1858 3131 1970 3186 cios
1995 3130 2251 3199 accipias,
2283 3144 2419 3199 quos
2445 3139 2495 3184 te
2524 3129 2722 3185 laetitiae
2751 3130 2926 3186 socios
2957 3130 3262 3185 habiturum
3315 3147 3439 3201 spe-

186 3219 285 3291 γὰρ
329 3220 440 3289 (99)
502 3219 712 3271 εἰπεῖν’
766 3215 876 3270 Ποῦ
928 3217 987 3269 δέ
1042 3233 1131 3285 μοι
1185 3215 1245 3268 τὸ
1305 3215 1758 3286 καρποφορούμε-

189 3327 267 3363 νον
296 3312 387 3365 ἐπὶ
414 3311 496 3383 τῷ
535 3309 877 3382 βαπτίσματι
905 3308 1018 3380 (l);
1049 3305 1160 3361 Ποῦ
1193 3306 1251 3359 δὲ
1277 3307 1309 3375 ἡ
1346 3304 1648 3375 ἐμφώτειος
1680 3306 1757 3376 (2)

188 3402 367 3473 ἐσθὴς,
459 3399 998 3471 λαμπρυνθήσομαις
1032 3396 1142 3449 Ποῦ
1177 3395 1233 3448 δὲ
1258 3394 1327 3447 τὰ
1354 3393 1489 3465 πρὸς
1515 3392 1759 3457 δεξίωσιν

189 3492 286 3545 τῶν
320 3493 474 3563 ἐμῶν
520 3490 855 3562 βαι-πιστῶν,
888 3488 976 3541 ἵνα
1007 3489 1110 3541 κάν
1140 3485 1350 3547 τούτοις
1383 3484 1757 3555 εὐδοκιμήσω;

191 3582 325 3635 Πάνυ
357 3583 493 3657 γὰρ,
523 3582 600 3646 ὡς
627 3582 782 3652 ὁρᾷς.
811 3579 929 3632 ἐστὶ
957 3577 1128 3631 ταῦτα
1151 3576 1260 3629 τῶν
1290 3574 1625 3643 ἀναγκαίων,
1664 3572 1761 3626 καὶ

190 3677 325 3746 παρὰ
357 3676 441 3747 (5)
472 3674 633 3728 τοῦτο
669 3676 702 3744 ἡ
734 3673 895 3743 χάρις
938 3669 1393 3741 ἐλαττωθήσεται.
1427 3669 1518 3738 Μὴ
1570 3684 1761 3739 μικρο-

191 3766 333 3835 λογοῦ
361 3767 443 3840 (4)
473 3768 599 3837 περὶ
627 3766 696 3819 τὰ
732 3763 974 3836 μεγάλα·
1015 3760 1182 3832 μηδὲν
1203 3760 1429 3828 ἀγεννὲς
1450 3761 1526 3829 (5)
1558 3759 1756 3831 πάθῃς.

192 3859 378 3924 Μεῖζον
417 3860 525 3913 τῶν
562 3858 860 3930 ὁρωμένων
904 3856 1021 3908 ἐστὶ
1059 3852 1121 3905 τὸ
1168 3852 1468 3923 μυστήριον
1493 3868 1506 3884 ο
1564 3851 1760 3904 σαυτὸν

192 3952 602 4023 καρποφόρησον
620 3966 634 3980 ’
658 3947 893 4019 Χριστὸν
919 3945 1155 4011 ἔνδυσαι,
1179 3943 1378 4015 θρέψον
1402 3960 1469 4012 με
1492 3942 1758 4012 πολιτείᾳο

194 4038 354 4107 οὕτως
388 4042 502 4111 ἐγὼ
527 4041 704 4112 χαίρω
740 4036 1260 4109 φιλοφρονούμενος·
1297 4033 1439 4087 οὕτω
1466 4034 1561 4086 καὶ
1604 4033 1756 4096 Θεὸς,

192 4132 220 4183 ὸ
261 4132 324 4186 τὰ
367 4133 607 4204 μέγιστα
644 4130 1025 4203 χαριζόμενος.
1064 4125 1229 4180 Οὐδὲν
1262 4124 1340 4194 τῷ
1377 4123 1496 4194 Θεῴ
1532 4123 1691 4194 μέγα,
1732 4124 1761 4177 ὃ

198 4222 264 4295 μὴ
292 4227 387 4279 καὶ
418 4225 590 4294 πένης
619 4223 864 4285 δίδωσιν,
901 4220 988 4273 ἵνα
1027 4217 1103 4289 μὴ
1146 4215 1426 4271 κάνταῦθα
1457 4216 1759 4287 παρωθῶν-

196 4330 278 4369 ται
302 4317 377 4389 (6)
405 4319 455 4370 oi
486 4316 750 4386 πένητες·
784 4315 845 4367 οὐ
874 4314 982 4382 γὰρ
1013 4311 1247 4381 ἔχουσιν,
1280 4310 1427 4373 ὅπως
1449 4312 1563 4373 τοῖς
1596 4309 1760 4363 πλου-

197 4405 320 4472 σίοις
362 4406 764 4479 ἁμιλληθῶσιν.
822 4405 910 4457 Ἐν
953 4402 1134 4465 ἄλλοις
1180 4402 1361 4473 μὲν,ή
1404 4402 1639 4471 διαφοοὰ
1663 4403 1757 4456 τοῦ

1865 3236 2105 3277 raveras.
2136 3220 2524 3287 Quamobrem,
2555 3221 2598 3275 si
2627 3221 2845 3291 quidem
2871 3222 3073 3285 adsint,
3104 3223 3325 3291 pulchre
3351 3233 3435 3277 te—

1858 3328 1983 3368 cum
2012 3314 2094 3381 agi
2127 3321 2288 3381 puta;
2337 3313 2420 3367 sin
2450 3322 2634 3367 autem
2665 3313 2864 3378 absint,
2920 3327 2987 3367 ne
3016 3329 3110 3368 eos
3130 3323 3449 3383 exspectes.‘

1862 3405 2039 3473 Turpe
2069 3413 2150 3458 cst
2181 3405 2323 3457 enim
2358 3404 2539 3458 dicere
2571 3422 2584 3457 :
2614 3403 2713 3458 Ubi
2766 3413 2849 3457 est
2873 3419 3089 3470 munus,
3112 3406 3255 3473 quod
3310 3419 3437 3474 pro-

1861 3509 1979 3565 pter
1998 3497 2318 3565 baptismum
2340 3495 2561 3551 offeram
2589 3496 2781 3567 i711
2814 3495 2914 3552 Ubi
2943 3498 3221 3565 splendida
3247 3501 3435 3558 vestis.

1861 3588 1915 3642 in
1974 3601 2081 3656 qua
2122 3587 2602 3656 exsplendescam?
2643 3587 2739 3643 Ubi
2779 3602 2864 3652 ea,
2898 3601 3016 3654 qua:
3038 3586 3104 3648 ad
3130 3585 3439 3642 initialores

1860 3693 2013 3733 meos
2060 3678 2403 3747 excipiendos
2440 3678 2809 3746 requiruntur,
2868 3677 3006 3731 utin
3065 3676 3150 3731 his
3216 3691 3437 3747 quoque

1862 3769 2023 3824 rebus
2052 3768 2286 3823 nominis
2318 3767 2688 3823 celebritatem
2716 3767 3055 3836 consequar?
3083 3765 3250 3822 Valde
3269 3768 3437 3830 enim,

1862 3860 1938 3914 uti
1967 3859 2135 3923 vides,
2164 3861 2279 3915 haec
2306 3860 2614 3916 necessaria
2666 3868 2829 3926 sunt;
2863 3875 2926 3914 ac
2955 3867 3237 3929 propterea
3263 3859 3439 3927 gratia

1862 3950 2225 4007 imminuelur.
2261 3951 2338 4008 Ne
2367 3953 2419 4006 in
2443 3952 2652 4021 magnis
2676 3953 2836 4006 rebus
2858 3951 3063 4005 minuta
3110 3960 3165 4005 et
3214 3950 3439 4005 levicula

1862 4040 1915 4095 in
1940 4042 2200 4097 rationem
2233 4044 2415 4099 mittas
2451 4063 2465 4099 :
2498 4059 2565 4099 ne
2584 4044 2985 4114 turpialiquuet
3015 4042 3224 4112 abiecto
3247 4042 3441 4097 affectu

1865 4141 1914 4187 te
1943 4132 2065 4188 duci
2101 4135 2343 4204 patiaris.
2380 4134 2528 4191 Istud
2563 4135 2879 4205 mysterium
2928 4133 3212 4190 sublimius
3243 4143 3324 4189 est
3356 4148 3441 4187 re-

1863 4222 1963 4277 hus
1997 4224 2084 4290 iis,
2133 4240 2255 4295 quae
2304 4226 2356 4281 in
2391 4225 2672 4283 oculorum
2706 4236 2989 4295 aspectum
3015 4226 3237 4280 cadunt.
3278 4224 3443 4294 Τείρ-

1862 4328 1979 4368 sum
2008 4316 2162 4379 offer,
2188 4316 2464 4371 Christum
2498 4317 2680 4381 indue,
2712 4318 2935 4370 honesta
2962 4325 3017 4369 et
3045 4315 3301 4369 laudabili
3333 4316 3442 4368 vita

1864 4422 1950 4461 me
1979 4408 2062 4463 ale
2096 4426 2112 4463 :
2148 4409 2230 4462 sic
2258 4424 2355 4478 ego
2377 4410 2551 4478 excipi
2582 4409 2762 4472 laetor;
2798 4408 2876 4461 sic
2927 4408 3088 4460 etiam
3121 4407 3280 4470 Deus,
3348 4407 3439 4474 qui

258 4544 298 4576 "
316 4544 473 4599 Prov.
499 4543 646 4609 t,ll.
722 4542 767 4572 “‘
784 4539 1096 4603 Psal.xcuv,
1120 4538 1173 4594 1.
1224 4534 1446 4590 "Mich.
1483 4534 1631 4599 ΜΞ.
1673 4535 2125 4605 ¹⁸Μθιι1ι.χι,28.
2164 4539 2375 4595 "Joan.
2413 4556 2525 4604 xiv,
2558 4540 2647 4594 5|.
2710 4538 3066 4602 "Threnuv,
3100 4538 3151 4589 7.
3206 4538 3249 4569 ¹¹
3280 4536 3435 4594 Joan.

197 4626 279 4681 sx,
307 4615 359 4670 5.

254 4729 363 4800 (9|)
415 4704 558 4783 ~32...
581 4726 863 4800 eixn._0r.
894 4726 945 4789 ι,
986 4724 1080 4800 est
1113 4725 1278 4777 ειποι.

259 4792 367 4871 (92)
394 4802 446 4853 Γ
449 4792 713 4867 νωριεῐςξ
733 4795 790 4850 lu
835 4796 1121 4857 nonnullis,
1158 4792 1469 4864 γνωρίσεις,
1507 4800 1583 4867 et,
1623 4808 1764 4859 γνω-

201 4867 376 4935 ρὶζεις.

262 4940 367 5010 (95)
416 4939 601 5010 item.
634 4936 767 5010 Reg.
795 4937 887 5010 ph,
919 4935 1091 5010 λέγει.

261 4999 367 5081 (94)
405 5008 476 5081 Td
496 4999 779 5081 λόὀτρόὲ.
797 4999 902 5081 "Sic
932 4999 1169 5076 quinque
1189 5003 1378 5073 Regg.,
1407 5002 1583 5072 plures
1612 4999 1763 5056 Colb.

202 5076 296 5132 etc.
327 5076 380 5132 ιη
407 5079 519 5140 ed.,
546 5077 634 5130 τὸν
659 5076 902 5147 λουτρόν.

283 5148 368 5219 95)
440 5138 754 5219 ’Asrelﬂtbr.
788 5138 894 5219 Sex
913 5145 1081 5215 Regg.
1105 5153 1161 5199 et
1186 5141 1401 5219 Contb.,
1434 5138 1765 5194 ἐπανελθών.

285 5214 370 5285 96)
436 5217 666 5285 Μήτηρ.
694 5216 749 5269 In
776 5214 1116 5283 quibusdam,
1145 5214 1346 5285 πατήρ.

239 5280 369 5368 ~(97')
411 5280 890 5357 Aajuzﬁureaéat.
925 5285 1016 5339 Sic
1049 5285 1204 5339 codd.
1249 5280 1309 5335 lu
1341 5280 1450 5346 ed.,
1484 5280 1767 5352 λαμπρυν-

435 5425 799 5495 Ἀταπητέον
861 5423 969 5478 ἐὰν
1022 5422 1091 5476 δὲ
1122 5421 1359 5495 (damon.
1395 5420 1485 5475 Sic
1530 5419 1770 5495 quinque

209 5488 384 5564 lle-ag;
432 5488 617 5549 decem
646 5488 845 5558 Colb.,
896 5498 999 5549 duo
1041 5493 1229 5553 Coisl..
1273 5492 1408 5564 .Ies.,
1440 5488 1769 5564 etafGrzeca

208 5559 520 5646 hice'desuut
549 5582 603 5619 tu
630 5565 752 5620 Par.
782 5568 869 5619 ed.
933 5565 1181 5618 ouatuvis
1208 5579 1238 5617 a
1268 5563 1419 5617 Billio
1445 5559 1636 5615 Latine
1658 5560 1773 5613 red-

207 5635 661 5778 ὡῗέίᾞΑὶσχρὸν
686 5702 814 5771 γάρ.
852 5701 943 5757 Sic
985 5703 1113 5772 lteg.
1156 5703 1265 5767 bin,
1319 5700 1516 5769 aliique
1568 5699 1765 5769 plures.

450 5797 724 5855 Ριτιιοι..
767 5795 882 5857 Gn.
932 5793 1230 5853 XXXVI.

1793 4725 1839 4780 D
1868 4721 2028 4776 Deest
2053 4718 2158 4789 γάρ
2184 4717 2239 4789 in
2266 4718 2352 4771 ed.

1939 4790 2016 4859 (l)
2047 4784 2441 4855 Βᾱπτίσματι.
2462 4785 2707 4855 Quinque
2740 4786 2930 4856 llegg.,
2962 4786 3067 4840 duo
3094 4784 3283 4847 Coisl..
3303 4798 3437 4851 etc.,

1871 4858 2204 4928 φωτίσματι,
2246 4876 2263 4928 ι
2307 4858 2710 4928 illumiuationi.
2741 4876 2760 4909 υ

1938 4929 2015 5007 (2)
2196 4926 2263 4979 δὲ
2289 4928 2342 5007 ᾐ-
2375 4924 2860 5007 ἐμςρὼτεεοςηβὶο
2903 4926 3079 5007 Regii...
3106 4926 3214 4991 bm,
3239 4929 3342 5007 .ph.
3386 4937 3440 4982 et
3550 4970 3559 4977 ,

1865 4995 2057 5053 Coiu'b.
2092 4998 2250 5068 Deest
2278 4998 2384 5068 ήίη
2404 4995 2498 5052 ὀᾶ.
2534 5006 2587 5051 et
2613 4998 2663 5050 in
2690 4996 2809 5068 aliis
2843 4995 3134 5068 nonnullis,
3161 4996 3251 5064 qui
3272 4999 3437 5068 etiam

1866 5083 1964 5138 pro
1990 5065 2523 5138 ὲμφώτειοςιιιιιιθηι
2553 5065 2864 5137 ἐμφώτεος,
2898 5085 2917 5118 ι
2958 5067 3121 5121 vestis
3152 5067 3432 5130 candida,»

1870 5135 1923 5193 id
1956 5135 2058 5201 est,
2096 5156 2113 5187 ι
2148 5135 2507 5205 Baptismalis.
2546 5154 2564 5187 ι

1940 5206 2017 5277 (5)
2044 5206 2155 5261 Kal
2182 5202 2375 5277 nepa.
2395 5207 2486 5262 Sic
2516 5205 2695 5277 plures
2734 5204 2900 5277 Begg.
2928 5214 2985 5277 et
3005 5202 3434 5270 Colb.,Coile,

1874 5275 2078 5349 Fulget
2111 5279 2298 5331 Comh.
2319 5275 2579 5349 Meudose
2613 5275 2663 5349 ill
2697 5276 2807 5340 ed.,
2830 5275 2981 5349 περί.

1947 5347 2024 5417 (4)
2065 5347 2458 5417 Μικρολόγου.
2494 5344 2585 5417 Sic
2615 5343 2785 5417 Bcgg.
2827 5342 2937 5411 hui,
2993 5346 3085 5417 ph,
3134 5348 3239 5401 duo
3274 5342 3443 5399 Coisl.

1874 5426 1929 5471 et
1953 5414 2139 5472 conm.
2176 5420 2229 5469 In
2258 5414 2368 5485 ed.,
2402 5414 2733 5485 μικρολόγει.

1950 5486 2027 5555 (5)
2063 5484 2361 5555 Ἀγεννεξς.
2394 5484 2447 5537 In
2474 5486 2815 5555 quibusdam,
2845 5484 3062 5553 ἀγενές.

1950 5549 2029 5625 (6)
2068 5549 2471 5625 Πάρῳθῶγται.
2493 5552 2582 5610 Sic
2602 5557 2836 5625 quinque
2856 5549 3043 5622 ll'egg"
3076 5552 3253 5625 plures
3270 5549 3447 5612 Colb..

1880 5626 2045 5747 goisl.
2081 5628 2130 5690 l,
2175 5624 2305 5689 Jes.,
2352 5624 2563 5691 Comb.,
2634 5635 2739 5679 etc.
2792 5624 2962 5681 Pravo
2999 5625 3053 5678 iu
3111 5624 3218 5684 ed.,
3274 5637 3454 5690 παρα·

1915 5713 2097 5747 ωνται.

1915 5713 2097 5748 ωνται.

3072 5782 3147 5843 13
