  <div class='ocr_page' id='page_1' title='image "/cluster/home/n/w/nwhite01/storage/ocr_20150623/36/hvd.32044024464877/223.png"; bbox 0 0 4050 6298; ppageno 0'>
   <div class='ocr_carea' id='block_1_1' title="bbox 613 277 3845 348">
    <p class='ocr_par' dir='ltr' id='par_1_1' title="bbox 613 277 3845 348">
     <span class='ocr_line' id='line_1_1' title="bbox 613 277 3845 348; baseline -0.006 -3"><span class='ocrx_word' id='word_1_1' title='bbox 613 288 714 348; x_wconf 63' lang='grc' dir='ltr'><strong>ὅθτ</strong></span> <span class='ocrx_word' id='word_1_2' title='bbox 1809 280 1865 335; x_wconf 85' lang='lat' dir='ltr'><strong>S.</strong></span> <span class='ocrx_word' id='word_1_3' title='bbox 1907 277 2235 339; x_wconf 78' lang='lat' dir='ltr'><strong>GREGORII</strong></span> <span class='ocrx_word' id='word_1_4' title='bbox 2278 278 2621 335; x_wconf 85' lang='lat' dir='ltr'><strong>TIIEOLOGI</strong></span> <span class='ocrx_word' id='word_1_5' title='bbox 3746 285 3845 340; x_wconf 67' lang='lat'><strong>395</strong></span> 
     </span>
    </p>
   </div>
   <div class='ocr_carea' id='block_1_2' title="bbox 614 389 2189 467">
    <p class='ocr_par' dir='ltr' id='par_1_2' title="bbox 614 390 2178 466">
     <span class='ocr_line' id='line_1_2' title="bbox 614 390 2178 466; baseline -0.008 -11"><span class='ocrx_word' id='word_1_6' title='bbox 614 399 844 455; x_wconf 80' lang='lat' dir='ltr'><strong>maxima</strong></span> <span class='ocrx_word' id='word_1_7' title='bbox 871 411 1094 466; x_wconf 80' lang='lat' dir='ltr'><strong>quaeque</strong></span> <span class='ocrx_word' id='word_1_8' title='bbox 1116 392 1370 449; x_wconf 81' lang='lat' dir='ltr'><strong>beneﬁcia</strong></span> <span class='ocrx_word' id='word_1_9' title='bbox 1398 391 1549 446; x_wconf 87' lang='lat' dir='ltr'><strong>nobis</strong></span> <span class='ocrx_word' id='word_1_10' title='bbox 1574 390 1848 462; x_wconf 85' lang='lat' dir='ltr'><strong>elargitur.</strong></span> <span class='ocrx_word' id='word_1_11' title='bbox 1879 390 2018 445; x_wconf 81' lang='lat' dir='ltr'><strong>Nihil</strong></span> <span class='ocrx_word' id='word_1_12' title='bbox 2041 393 2178 460; x_wconf 83' lang='lat' dir='ltr'><strong>apud</strong></span> 
     </span>
    </p>
   </div>
   <div class='ocr_carea' id='block_1_3' title="bbox 2293 389 3849 467">
    <p class='ocr_par' dir='ltr' id='par_1_3' title="bbox 2293 389 3849 467">
     <span class='ocr_line' id='line_1_3' title="bbox 2293 389 3849 467; baseline 0.004 -24"><span class='ocrx_word' id='word_1_13' title='bbox 2293 389 2533 443; x_wconf 79' lang='grc' dir='ltr'><strong>πλουτεῖν</strong></span> <span class='ocrx_word' id='word_1_14' title='bbox 2560 390 2652 443; x_wconf 70' lang='grc' dir='ltr'><strong>καὶ</strong></span> <span class='ocrx_word' id='word_1_15' title='bbox 2680 389 2773 442; x_wconf 90' lang='grc' dir='ltr'><strong>τοῦ</strong></span> <span class='ocrx_word' id='word_1_16' title='bbox 2810 389 3067 444; x_wconf 76' lang='grc' dir='ltr'><strong>πένεσθαι</strong></span> <span class='ocrx_word' id='word_1_17' title='bbox 3091 406 3103 420; x_wconf 69' lang='grc'>⁸</span> <span class='ocrx_word' id='word_1_18' title='bbox 3136 390 3370 445; x_wconf 77' lang='grc' dir='ltr'>ἐνταῦθα</span> <span class='ocrx_word' id='word_1_19' title='bbox 3400 392 3494 457; x_wconf 85' lang='grc' dir='ltr'><strong>δὲ,</strong></span> <span class='ocrx_word' id='word_1_20' title='bbox 3522 393 3548 444; x_wconf 95' lang='lat'><strong>6</strong></span> <span class='ocrx_word' id='word_1_21' title='bbox 3578 394 3849 467; x_wconf 86' lang='grc' dir='ltr'>προθυμό-</span> 
     </span>
    </p>
   </div>
   <div class='ocr_carea' id='block_1_4' title="bbox 618 480 2189 557">
    <p class='ocr_par' dir='ltr' id='par_1_4' title="bbox 618 483 2179 557">
     <span class='ocr_line' id='line_1_4' title="bbox 618 483 2179 557; baseline -0.007 -12"><span class='ocrx_word' id='word_1_22' title='bbox 618 490 784 545; x_wconf 81' lang='lat' dir='ltr'><strong>Deum</strong></span> <span class='ocrx_word' id='word_1_23' title='bbox 826 501 1077 557; x_wconf 88' lang='lat' dir='ltr'><strong>magnum</strong></span> <span class='ocrx_word' id='word_1_24' title='bbox 1117 494 1222 546; x_wconf 90' lang='lat' dir='ltr'><strong>est,</strong></span> <span class='ocrx_word' id='word_1_25' title='bbox 1256 484 1396 552; x_wconf 91' lang='lat' dir='ltr'><strong>quod</strong></span> <span class='ocrx_word' id='word_1_26' title='bbox 1433 496 1537 535; x_wconf 94' lang='lat' dir='ltr'><strong>non</strong></span> <span class='ocrx_word' id='word_1_27' title='bbox 1577 496 1779 551; x_wconf 85' lang='lat' dir='ltr'><strong>pauper</strong></span> <span class='ocrx_word' id='word_1_28' title='bbox 1823 497 2036 551; x_wconf 86' lang='lat' dir='ltr'><strong>quoque</strong></span> <span class='ocrx_word' id='word_1_29' title='bbox 2086 483 2179 535; x_wconf 86' lang='lat' dir='ltr'><strong>do-</strong></span> 
     </span>
    </p>
   </div>
   <div class='ocr_carea' id='block_1_5' title="bbox 2293 480 2925 557">
    <p class='ocr_par' dir='ltr' id='par_1_5' title="bbox 2293 480 2925 553">
     <span class='ocr_line' id='line_1_5' title="bbox 2293 480 2925 553; baseline 0.005 -21"><span class='ocrx_word' id='word_1_30' title='bbox 2293 497 2439 551; x_wconf 86' lang='grc' dir='ltr'>τερος</span> <span class='ocrx_word' id='word_1_31' title='bbox 2460 521 2474 544; x_wconf 93' lang='grc'><strong>,</strong></span> <span class='ocrx_word' id='word_1_32' title='bbox 2511 480 2925 553; x_wconf 79' lang='grc' dir='ltr'>πλουσιώτερος.</span> 
     </span>
    </p>
   </div>
   <div class='ocr_carea' id='block_1_6' title="bbox 617 571 3853 647">
    <p class='ocr_par' dir='ltr' id='par_1_6' title="bbox 617 571 3853 647">
     <span class='ocr_line' id='line_1_6' title="bbox 617 571 3853 647; baseline -0.001 -13"><span class='ocrx_word' id='word_1_33' title='bbox 617 596 751 635; x_wconf 87' lang='lat' dir='ltr'><strong>nare</strong></span> <span class='ocrx_word' id='word_1_34' title='bbox 785 577 1056 647; x_wconf 89' lang='lat' dir='ltr'><strong>possil,ut</strong></span> <span class='ocrx_word' id='word_1_35' title='bbox 1086 590 1151 629; x_wconf 88' lang='lat' dir='ltr'><strong>ne</strong></span> <span class='ocrx_word' id='word_1_36' title='bbox 1184 574 1283 628; x_wconf 90' lang='lat' dir='ltr'><strong>hac</strong></span> <span class='ocrx_word' id='word_1_37' title='bbox 1337 586 1555 642; x_wconf 89' lang='lat' dir='ltr'><strong>quoque</strong></span> <span class='ocrx_word' id='word_1_38' title='bbox 1614 573 1665 625; x_wconf 92' lang='lat' dir='ltr'><strong>in</strong></span> <span class='ocrx_word' id='word_1_39' title='bbox 1708 586 1769 627; x_wconf 89' lang='lat' dir='ltr'><strong>re</strong></span> <span class='ocrx_word' id='word_1_40' title='bbox 1837 572 2103 625; x_wconf 89' lang='lat' dir='ltr'><strong>tenuiores</strong></span> <span class='ocrx_word' id='word_1_41' title='bbox 2160 571 2568 641; x_wconf 87' lang='lat' dir='ltr'><strong>propellantur;</strong></span> <span class='ocrx_word' id='word_1_42' title='bbox 2633 586 2755 625; x_wconf 90' lang='lat' dir='ltr'><strong>cum</strong></span> <span class='ocrx_word' id='word_1_43' title='bbox 2811 571 3073 640; x_wconf 85' lang='lat' dir='ltr'><strong>siquidem</strong></span> <span class='ocrx_word' id='word_1_44' title='bbox 3128 586 3231 626; x_wconf 95' lang='lat' dir='ltr'><strong>non</strong></span> <span class='ocrx_word' id='word_1_45' title='bbox 3292 572 3544 639; x_wconf 85' lang='lat' dir='ltr'><strong>habeant,</strong></span> <span class='ocrx_word' id='word_1_46' title='bbox 3591 578 3853 641; x_wconf 78' lang='lat' dir='ltr'><strong>quomodo</strong></span> 
     </span>
    </p>
   </div>
   <div class='ocr_carea' id='block_1_7' title="bbox 618 661 3852 736">
    <p class='ocr_par' dir='ltr' id='par_1_7' title="bbox 618 661 3852 736">
     <span class='ocr_line' id='line_1_7' title="bbox 618 661 3852 736; baseline -0.001 -13"><span class='ocrx_word' id='word_1_47' title='bbox 618 686 739 728; x_wconf 82' lang='lat' dir='ltr'><strong>cum</strong></span> <span class='ocrx_word' id='word_1_48' title='bbox 773 665 1126 736; x_wconf 80' lang='lat' dir='ltr'><strong>locupletibus</strong></span> <span class='ocrx_word' id='word_1_49' title='bbox 1160 674 1385 718; x_wconf 83' lang='lat' dir='ltr'><strong>certent.</strong></span> <span class='ocrx_word' id='word_1_50' title='bbox 1416 662 1626 717; x_wconf 85' lang='lat' dir='ltr'><strong>Etenim</strong></span> <span class='ocrx_word' id='word_1_51' title='bbox 1651 662 1703 715; x_wconf 94' lang='lat' dir='ltr'><strong>in</strong></span> <span class='ocrx_word' id='word_1_52' title='bbox 1735 662 1943 716; x_wconf 68' lang='lat' dir='ltr'><strong>castoris</strong></span> <span class='ocrx_word' id='word_1_53' title='bbox 1972 661 2187 731; x_wconf 87' lang='lat' dir='ltr'><strong>quidem</strong></span> <span class='ocrx_word' id='word_1_54' title='bbox 2232 662 2391 716; x_wconf 88' lang='lat' dir='ltr'><strong>rebus</strong></span> <span class='ocrx_word' id='word_1_55' title='bbox 2435 662 2574 716; x_wconf 90' lang='lat' dir='ltr'><strong>inter</strong></span> <span class='ocrx_word' id='word_1_56' title='bbox 2632 661 2848 715; x_wconf 82' lang='lat' dir='ltr'><strong>divitias</strong></span> <span class='ocrx_word' id='word_1_57' title='bbox 2898 669 2952 714; x_wconf 88' lang='lat' dir='ltr'><strong>et</strong></span> <span class='ocrx_word' id='word_1_58' title='bbox 3008 670 3377 731; x_wconf 84' lang='lat' dir='ltr'><strong>paupertatem</strong></span> <span class='ocrx_word' id='word_1_59' title='bbox 3429 662 3652 718; x_wconf 87' lang='lat' dir='ltr'><strong>interest</strong></span> <span class='ocrx_word' id='word_1_60' title='bbox 3697 679 3712 717; x_wconf 91' lang='lat'><strong>:</strong></span> <span class='ocrx_word' id='word_1_61' title='bbox 3767 668 3852 721; x_wconf 90' lang='lat' dir='ltr'><strong>hic</strong></span> 
     </span>
    </p>
   </div>
   <div class='ocr_carea' id='block_1_8' title="bbox 618 750 2679 828">
    <p class='ocr_par' dir='ltr' id='par_1_8' title="bbox 618 750 2679 828">
     <span class='ocr_line' id='line_1_8' title="bbox 618 750 2679 828; baseline -0.004 -15"><span class='ocrx_word' id='word_1_62' title='bbox 618 769 816 824; x_wconf 88' lang='lat' dir='ltr'><strong>autem,</strong></span> <span class='ocrx_word' id='word_1_63' title='bbox 848 758 936 828; x_wconf 86' lang='lat' dir='ltr'><strong>qui</strong></span> <span class='ocrx_word' id='word_1_64' title='bbox 977 756 1271 825; x_wconf 89' lang='lat' dir='ltr'><strong>promptior</strong></span> <span class='ocrx_word' id='word_1_65' title='bbox 1301 763 1462 823; x_wconf 90' lang='lat' dir='ltr'><strong>atque</strong></span> <span class='ocrx_word' id='word_1_66' title='bbox 1485 752 1714 807; x_wconf 82' lang='lat' dir='ltr'><strong>alacrior</strong></span> <span class='ocrx_word' id='word_1_67' title='bbox 1734 760 1839 816; x_wconf 89' lang='lat' dir='ltr'><strong>est,</strong></span> <span class='ocrx_word' id='word_1_68' title='bbox 1865 753 2003 806; x_wconf 89' lang='lat' dir='ltr'><strong>idem</strong></span> <span class='ocrx_word' id='word_1_69' title='bbox 2036 765 2248 819; x_wconf 87' lang='lat' dir='ltr'><strong>quoque</strong></span> <span class='ocrx_word' id='word_1_70' title='bbox 2284 751 2450 806; x_wconf 89' lang='lat' dir='ltr'><strong>ditior</strong></span> <span class='ocrx_word' id='word_1_71' title='bbox 2479 750 2679 805; x_wconf 90' lang='lat' dir='ltr'><strong>evadit.</strong></span> 
     </span>
    </p>
   </div>
   <div class='ocr_carea' id='block_1_9' title="bbox 689 842 2189 917">
    <p class='ocr_par' dir='ltr' id='par_1_9' title="bbox 689 842 2188 917">
     <span class='ocr_line' id='line_1_9' title="bbox 689 842 2188 917; baseline -0.007 -12"><span class='ocrx_word' id='word_1_72' title='bbox 689 848 877 905; x_wconf 77' lang='lat' dir='ltr'><strong>XXVI.</strong></span> <span class='ocrx_word' id='word_1_73' title='bbox 924 848 1065 902; x_wconf 83' lang='lat' dir='ltr'><strong>Nihil</strong></span> <span class='ocrx_word' id='word_1_74' title='bbox 1109 860 1451 917; x_wconf 85' lang='lat' dir='ltr'><strong>progressum</strong></span> <span class='ocrx_word' id='word_1_75' title='bbox 1505 854 1649 897; x_wconf 90' lang='lat' dir='ltr'><strong>tuttm</strong></span> <span class='ocrx_word' id='word_1_76' title='bbox 1698 844 1939 898; x_wconf 82' lang='lat' dir='ltr'><strong>inhibeat</strong></span> <span class='ocrx_word' id='word_1_77' title='bbox 1992 861 2006 895; x_wconf 90' lang='lat'><strong>:</strong></span> <span class='ocrx_word' id='word_1_78' title='bbox 2056 842 2188 898; x_wconf 89' lang='lat' dir='ltr'><strong>nihil</strong></span> 
     </span>
    </p>
   </div>
   <div class='ocr_carea' id='block_1_10' title="bbox 2293 842 3855 917">
    <p class='ocr_par' dir='ltr' id='par_1_10' title="bbox 2356 842 3855 914">
     <span class='ocr_line' id='line_1_10' title="bbox 2356 842 3855 914; baseline 0.002 -18"><span class='ocrx_word' id='word_1_79' title='bbox 2356 845 2499 911; x_wconf 72' lang='lat' dir='ltr'><strong>KG&quot;.</strong></span> <span class='ocrx_word' id='word_1_80' title='bbox 2532 842 2714 914; x_wconf 80' lang='grc' dir='ltr'>Μηδὲν</span> <span class='ocrx_word' id='word_1_81' title='bbox 2744 842 2989 913; x_wconf 78' lang='grc' dir='ltr'>ἐπεχέτω</span> <span class='ocrx_word' id='word_1_82' title='bbox 3021 859 3076 895; x_wconf 87' lang='grc' dir='ltr'><strong>σε</strong></span> <span class='ocrx_word' id='word_1_83' title='bbox 3107 842 3201 896; x_wconf 87' lang='grc' dir='ltr'><strong>τοῦ</strong></span> <span class='ocrx_word' id='word_1_84' title='bbox 3226 843 3431 913; x_wconf 83' lang='grc' dir='ltr'>πρόσω·</span> <span class='ocrx_word' id='word_1_85' title='bbox 3473 843 3637 914; x_wconf 76' lang='grc' dir='ltr'>μηδὲν</span> <span class='ocrx_word' id='word_1_86' title='bbox 3664 845 3855 900; x_wconf 80' lang='grc' dir='ltr'>ἀνθελ-</span> 
     </span>
    </p>
   </div>
   <div class='ocr_carea' id='block_1_11' title="bbox 620 933 2189 1006">
    <p class='ocr_par' dir='ltr' id='par_1_11' title="bbox 620 934 2189 1005">
     <span class='ocr_line' id='line_1_11' title="bbox 620 934 2189 1005; baseline -0.006 -9"><span class='ocrx_word' id='word_1_87' title='bbox 620 942 781 996; x_wconf 89' lang='lat' dir='ltr'><strong>animi</strong></span> <span class='ocrx_word' id='word_1_88' title='bbox 808 940 1137 995; x_wconf 86' lang='lat' dir='ltr'><strong>alacritatem</strong></span> <span class='ocrx_word' id='word_1_89' title='bbox 1171 936 1447 1005; x_wconf 86' lang='lat' dir='ltr'><strong>reprimat.</strong></span> <span class='ocrx_word' id='word_1_90' title='bbox 1496 934 1742 1002; x_wconf 88' lang='lat' dir='ltr'><strong>Quandiu</strong></span> <span class='ocrx_word' id='word_1_91' title='bbox 1776 935 2067 989; x_wconf 83' lang='lat' dir='ltr'><strong>vehemens</strong></span> <span class='ocrx_word' id='word_1_92' title='bbox 2104 942 2189 988; x_wconf 93' lang='lat' dir='ltr'><strong>est</strong></span> 
     </span>
    </p>
   </div>
   <div class='ocr_carea' id='block_1_12' title="bbox 2293 933 3853 1006">
    <p class='ocr_par' dir='ltr' id='par_1_12' title="bbox 2293 933 3853 1006">
     <span class='ocr_line' id='line_1_12' title="bbox 2293 933 3853 1006; baseline 0 -17"><span class='ocrx_word' id='word_1_93' title='bbox 2293 936 2427 990; x_wconf 80' lang='grc' dir='ltr'>κέτω</span> <span class='ocrx_word' id='word_1_94' title='bbox 2457 954 2551 988; x_wconf 85' lang='grc' dir='ltr'><strong>σου</strong></span> <span class='ocrx_word' id='word_1_95' title='bbox 2591 935 2689 1005; x_wconf 82' lang='grc' dir='ltr'>τὴν</span> <span class='ocrx_word' id='word_1_96' title='bbox 2724 934 3049 1006; x_wconf 82' lang='grc' dir='ltr'><strong>προθυμίαν.</strong></span> <span class='ocrx_word' id='word_1_97' title='bbox 3075 933 3220 997; x_wconf 84' lang='grc' dir='ltr'>Ἕως</span> <span class='ocrx_word' id='word_1_98' title='bbox 3255 933 3481 1005; x_wconf 80' lang='grc' dir='ltr'>σφοδρὸς</span> <span class='ocrx_word' id='word_1_99' title='bbox 3501 935 3529 986; x_wconf 99' lang='lat'><strong>6</strong></span> <span class='ocrx_word' id='word_1_100' title='bbox 3552 934 3736 999; x_wconf 82' lang='grc' dir='ltr'>πόθος,</span> <span class='ocrx_word' id='word_1_101' title='bbox 3766 936 3853 989; x_wconf 80' lang='grc' dir='ltr'>λαο</span> 
     </span>
    </p>
   </div>
   <div class='ocr_carea' id='block_1_13' title="bbox 625 1022 2189 1098">
    <p class='ocr_par' dir='ltr' id='par_1_13' title="bbox 625 1022 2189 1095">
     <span class='ocr_line' id='line_1_13' title="bbox 625 1022 2189 1095; baseline -0.003 -12"><span class='ocrx_word' id='word_1_102' title='bbox 625 1029 973 1090; x_wconf 83' lang='lat' dir='ltr'><strong>desiderium,</strong></span> <span class='ocrx_word' id='word_1_103' title='bbox 1002 1027 1051 1080; x_wconf 93' lang='lat' dir='ltr'><strong>id</strong></span> <span class='ocrx_word' id='word_1_104' title='bbox 1072 1024 1213 1095; x_wconf 87' lang='lat' dir='ltr'><strong>quod</strong></span> <span class='ocrx_word' id='word_1_105' title='bbox 1238 1023 1514 1079; x_wconf 85' lang='lat' dir='ltr'><strong>desideras</strong></span> <span class='ocrx_word' id='word_1_106' title='bbox 1536 1024 1735 1092; x_wconf 88' lang='lat' dir='ltr'><strong>arripe.</strong></span> <span class='ocrx_word' id='word_1_107' title='bbox 1775 1022 2020 1090; x_wconf 85' lang='lat' dir='ltr'><strong>Quandiu</strong></span> <span class='ocrx_word' id='word_1_108' title='bbox 2049 1022 2189 1079; x_wconf 87' lang='lat' dir='ltr'><strong>calet</strong></span> 
     </span>
    </p>
   </div>
   <div class='ocr_carea' id='block_1_14' title="bbox 2293 1022 3858 1098">
    <p class='ocr_par' dir='ltr' id='par_1_14' title="bbox 2293 1023 3858 1098">
     <span class='ocr_line' id='line_1_14' title="bbox 2293 1023 3858 1098; baseline 0.001 -19"><span class='ocrx_word' id='word_1_109' title='bbox 2293 1027 2378 1080; x_wconf 75' lang='grc' dir='ltr'>ὃοῦ</span> <span class='ocrx_word' id='word_1_110' title='bbox 2403 1025 2494 1080; x_wconf 85' lang='grc' dir='ltr'><strong>τοῦ</strong></span> <span class='ocrx_word' id='word_1_111' title='bbox 2520 1025 2871 1096; x_wconf 78' lang='grc' dir='ltr'>ποθουμένου’</span> <span class='ocrx_word' id='word_1_112' title='bbox 2902 1024 3006 1087; x_wconf 74' lang='grc' dir='ltr'>ἕως</span> <span class='ocrx_word' id='word_1_113' title='bbox 3029 1023 3229 1096; x_wconf 74' lang='grc' dir='ltr'>θερμὸς</span> <span class='ocrx_word' id='word_1_114' title='bbox 3249 1025 3278 1076; x_wconf 88' lang='grc' dir='ltr'>ὁ</span> <span class='ocrx_word' id='word_1_115' title='bbox 3308 1023 3546 1095; x_wconf 83' lang='grc' dir='ltr'>σίδηρος,</span> <span class='ocrx_word' id='word_1_116' title='bbox 3567 1024 3645 1095; x_wconf 78' lang='grc' dir='ltr'>τῷ</span> <span class='ocrx_word' id='word_1_117' title='bbox 3671 1025 3858 1098; x_wconf 74' lang='grc' dir='ltr'>ψυχρῷ</span> 
     </span>
    </p>
   </div>
   <div class='ocr_carea' id='block_1_15' title="bbox 622 1114 2189 1191">
    <p class='ocr_par' dir='ltr' id='par_1_15' title="bbox 622 1114 2189 1189">
     <span class='ocr_line' id='line_1_15' title="bbox 622 1114 2189 1189; baseline -0.004 -13"><span class='ocrx_word' id='word_1_118' title='bbox 622 1123 844 1188; x_wconf 79' lang='lat' dir='ltr'><strong>ferrum,</strong></span> <span class='ocrx_word' id='word_1_119' title='bbox 878 1120 1066 1189; x_wconf 76' lang='lat' dir='ltr'><strong>frigida</strong></span> <span class='ocrx_word' id='word_1_120' title='bbox 1100 1118 1413 1180; x_wconf 87' lang='lat' dir='ltr'><strong>obduretur,</strong></span> <span class='ocrx_word' id='word_1_121' title='bbox 1450 1130 1516 1169; x_wconf 90' lang='lat' dir='ltr'><strong>ne</strong></span> <span class='ocrx_word' id='word_1_122' title='bbox 1559 1116 1685 1185; x_wconf 92' lang='lat' dir='ltr'><strong>quid</strong></span> <span class='ocrx_word' id='word_1_123' title='bbox 1726 1115 1939 1170; x_wconf 88' lang='lat' dir='ltr'><strong>interim</strong></span> <span class='ocrx_word' id='word_1_124' title='bbox 1980 1114 2189 1170; x_wconf 85' lang='lat' dir='ltr'><strong>accidat</strong></span> 
     </span>
    </p>
   </div>
   <div class='ocr_carea' id='block_1_16' title="bbox 2293 1114 3857 1191">
    <p class='ocr_par' dir='ltr' id='par_1_16' title="bbox 2293 1115 3857 1191">
     <span class='ocr_line' id='line_1_16' title="bbox 2293 1115 3857 1191; baseline 0.005 -27"><span class='ocrx_word' id='word_1_125' title='bbox 2293 1120 2639 1191; x_wconf 79' lang='grc' dir='ltr'>στομωθήτω,</span> <span class='ocrx_word' id='word_1_126' title='bbox 2688 1119 2761 1189; x_wconf 83' lang='grc' dir='ltr'>μή</span> <span class='ocrx_word' id='word_1_127' title='bbox 2820 1135 2873 1170; x_wconf 90' lang='grc' dir='ltr'><strong>τι</strong></span> <span class='ocrx_word' id='word_1_128' title='bbox 2912 1116 3245 1188; x_wconf 83' lang='grc' dir='ltr'>παρεμπέσῃ</span> <span class='ocrx_word' id='word_1_129' title='bbox 3292 1115 3475 1185; x_wconf 86' lang='grc' dir='ltr'>μέσον,</span> <span class='ocrx_word' id='word_1_130' title='bbox 3506 1118 3599 1169; x_wconf 74' lang='grc' dir='ltr'>καὶ</span> <span class='ocrx_word' id='word_1_131' title='bbox 3632 1118 3857 1189; x_wconf 73' lang='grc' dir='ltr'>διακόψῃ</span> 
     </span>
    </p>
   </div>
   <div class='ocr_carea' id='block_1_17' title="bbox 620 1204 2189 1283">
    <p class='ocr_par' dir='ltr' id='par_1_17' title="bbox 620 1204 2185 1283">
     <span class='ocr_line' id='line_1_17' title="bbox 620 1204 2185 1283; baseline -0.007 -17"><span class='ocrx_word' id='word_1_132' title='bbox 620 1212 762 1283; x_wconf 84' lang='lat' dir='ltr'><strong>quod</strong></span> <span class='ocrx_word' id='word_1_133' title='bbox 796 1210 958 1265; x_wconf 89' lang='lat' dir='ltr'><strong>animi</strong></span> <span class='ocrx_word' id='word_1_134' title='bbox 994 1209 1345 1277; x_wconf 86' lang='lat' dir='ltr'><strong>cupiditatem</strong></span> <span class='ocrx_word' id='word_1_135' title='bbox 1397 1204 1674 1273; x_wconf 82' lang='lat' dir='ltr'><strong>infringat.</strong></span> <span class='ocrx_word' id='word_1_136' title='bbox 1718 1204 1994 1273; x_wconf 82' lang='lat' dir='ltr'><strong>Philippus</strong></span> <span class='ocrx_word' id='word_1_137' title='bbox 2036 1219 2185 1269; x_wconf 89' lang='lat' dir='ltr'><strong>sum;</strong></span> 
     </span>
    </p>
   </div>
   <div class='ocr_carea' id='block_1_18' title="bbox 2293 1204 3859 1283">
    <p class='ocr_par' dir='ltr' id='par_1_18' title="bbox 2293 1206 3859 1279">
     <span class='ocr_line' id='line_1_18' title="bbox 2293 1206 3859 1279; baseline -0.001 -15"><span class='ocrx_word' id='word_1_138' title='bbox 2293 1211 2376 1265; x_wconf 82' lang='grc' dir='ltr'><strong>τὸν</strong></span> <span class='ocrx_word' id='word_1_139' title='bbox 2406 1210 2588 1264; x_wconf 91' lang='grc' dir='ltr'>πόθον.</span> <span class='ocrx_word' id='word_1_140' title='bbox 2621 1209 2887 1272; x_wconf 85' lang='grc' dir='ltr'>Φίλιππός</span> <span class='ocrx_word' id='word_1_141' title='bbox 2908 1210 3044 1277; x_wconf 73' lang='grc' dir='ltr'>εἰμι’</span> <span class='ocrx_word' id='word_1_142' title='bbox 3081 1206 3239 1276; x_wconf 81' lang='grc' dir='ltr'>γενοῦ</span> <span class='ocrx_word' id='word_1_143' title='bbox 3277 1208 3352 1278; x_wconf 85' lang='lat'><strong>(7)</strong></span> <span class='ocrx_word' id='word_1_144' title='bbox 3383 1208 3691 1279; x_wconf 84' lang='grc' dir='ltr'><strong>Κανδάκης.</strong></span> <span class='ocrx_word' id='word_1_145' title='bbox 3728 1210 3859 1263; x_wconf 80' lang='grc' dir='ltr'><strong>Εἰπὲ</strong></span> 
     </span>
    </p>
   </div>
   <div class='ocr_carea' id='block_1_19' title="bbox 619 1285 2189 1368">
    <p class='ocr_par' dir='ltr' id='par_1_19' title="bbox 619 1285 2186 1366">
     <span class='ocr_line' id='line_1_19' title="bbox 619 1285 2186 1366; baseline -0.009 -7"><span class='ocrx_word' id='word_1_146' title='bbox 619 1313 736 1359; x_wconf 90' lang='lat' dir='ltr'><strong>esto</strong></span> <span class='ocrx_word' id='word_1_147' title='bbox 765 1303 1057 1357; x_wconf 88' lang='lat' dir='ltr'><strong>Candaces.</strong></span> <span class='ocrx_word' id='word_1_148' title='bbox 1098 1299 1193 1354; x_wconf 90' lang='lat' dir='ltr'><strong>Dic</strong></span> <span class='ocrx_word' id='word_1_149' title='bbox 1246 1298 1360 1366; x_wconf 92' lang='lat' dir='ltr'><strong>ipse</strong></span> <span class='ocrx_word' id='word_1_150' title='bbox 1389 1285 1655 1365; x_wconf 66' lang='lat' dir='ltr'><strong>&#39;quoque:</strong></span> <span class='ocrx_word' id='word_1_151' title='bbox 1687 1293 1820 1348; x_wconf 84' lang='lat' dir='ltr'><strong>Ecce</strong></span> <span class='ocrx_word' id='word_1_152' title='bbox 1869 1311 2028 1365; x_wconf 78' lang='lat' dir='ltr'><strong>aqua,</strong></span> <span class='ocrx_word' id='word_1_153' title='bbox 2060 1294 2186 1364; x_wconf 83' lang='lat' dir='ltr'><strong>quid</strong></span> 
     </span>
    </p>
   </div>
   <div class='ocr_carea' id='block_1_20' title="bbox 2293 1285 3861 1368">
    <p class='ocr_par' dir='ltr' id='par_1_20' title="bbox 2293 1299 3861 1368">
     <span class='ocr_line' id='line_1_20' title="bbox 2293 1299 3861 1368; baseline -0.001 -13"><span class='ocrx_word' id='word_1_154' title='bbox 2293 1303 2383 1355; x_wconf 79' lang='grc' dir='ltr'>καὶ</span> <span class='ocrx_word' id='word_1_155' title='bbox 2420 1302 2601 1365; x_wconf 81' lang='grc' dir='ltr'>αὑτός·</span> <span class='ocrx_word' id='word_1_156' title='bbox 2642 1300 2798 1355; x_wconf 86' lang='grc' dir='ltr'>Ἰδοὺ</span> <span class='ocrx_word' id='word_1_157' title='bbox 2835 1300 2902 1353; x_wconf 83' lang='grc' dir='ltr'>τὸ</span> <span class='ocrx_word' id='word_1_158' title='bbox 2947 1299 3125 1367; x_wconf 82' lang='grc' dir='ltr'>ὕδωρ·</span> <span class='ocrx_word' id='word_1_159' title='bbox 3159 1299 3217 1352; x_wconf 80' lang='grc' dir='ltr'><strong>τί</strong></span> <span class='ocrx_word' id='word_1_160' title='bbox 3272 1299 3488 1352; x_wconf 81' lang='grc' dir='ltr'><strong>κωλύει</strong></span> <span class='ocrx_word' id='word_1_161' title='bbox 3542 1316 3620 1368; x_wconf 82' lang='grc' dir='ltr'><strong>με</strong></span> <span class='ocrx_word' id='word_1_162' title='bbox 3651 1300 3861 1364; x_wconf 82' lang='grc' dir='ltr'>,ϐαπτι-</span> 
     </span>
    </p>
   </div>
   <div class='ocr_carea' id='block_1_21' title="bbox 619 1385 2188 1462">
    <p class='ocr_par' dir='ltr' id='par_1_21' title="bbox 619 1385 2188 1462">
     <span class='ocr_line' id='line_1_21' title="bbox 619 1385 2188 1462; baseline -0.006 -15"><span class='ocrx_word' id='word_1_163' title='bbox 619 1406 702 1447; x_wconf 83' lang='lat' dir='ltr'><strong>me</strong></span> <span class='ocrx_word' id='word_1_164' title='bbox 732 1394 961 1462; x_wconf 81' lang='lat' dir='ltr'><strong>prohibet</strong></span> <span class='ocrx_word' id='word_1_165' title='bbox 995 1389 1247 1458; x_wconf 81' lang='lat' dir='ltr'><strong>baptizari</strong></span> <span class='ocrx_word' id='word_1_166' title='bbox 1261 1390 1306 1421; x_wconf 80' lang='grc'>²¹</span> <span class='ocrx_word' id='word_1_167' title='bbox 1330 1386 1650 1456; x_wconf 85' lang='lat' dir='ltr'><strong>?Temporis</strong></span> <span class='ocrx_word' id='word_1_168' title='bbox 1679 1386 2016 1440; x_wconf 90' lang='lat' dir='ltr'><strong>occasionem</strong></span> <span class='ocrx_word' id='word_1_169' title='bbox 2049 1385 2188 1439; x_wconf 88' lang='lat' dir='ltr'><strong>arri-</strong></span> 
     </span>
    </p>
   </div>
   <div class='ocr_carea' id='block_1_22' title="bbox 620 1468 2186 1554">
    <p class='ocr_par' dir='ltr' id='par_1_22' title="bbox 620 1468 2186 1554">
     <span class='ocr_line' id='line_1_22' title="bbox 620 1468 2186 1554; baseline -0.007 -13"><span class='ocrx_word' id='word_1_170' title='bbox 620 1500 712 1554; x_wconf 88' lang='lat' dir='ltr'><strong>pe:</strong></span> <span class='ocrx_word' id='word_1_171' title='bbox 742 1485 811 1539; x_wconf 89' lang='lat' dir='ltr'><strong>ob</strong></span> <span class='ocrx_word' id='word_1_172' title='bbox 851 1486 1045 1538; x_wconf 88' lang='lat' dir='ltr'><strong>bonum</strong></span> <span class='ocrx_word' id='word_1_173' title='bbox 1074 1468 1307 1536; x_wconf 76' lang='lat' dir='ltr'><strong>laetitiam</strong></span> <span class='ocrx_word' id='word_1_174' title='bbox 1333 1479 1558 1549; x_wconf 88' lang='lat' dir='ltr'><strong>concipe</strong></span> <span class='ocrx_word' id='word_1_175' title='bbox 1586 1493 1602 1533; x_wconf 89' lang='lat'><strong>:</strong></span> <span class='ocrx_word' id='word_1_176' title='bbox 1633 1488 1793 1547; x_wconf 70' lang='lat' dir='ltr'><strong>atque</strong></span> <span class='ocrx_word' id='word_1_177' title='bbox 1816 1479 1931 1532; x_wconf 60' lang='lat' dir='ltr'><strong>haec</strong></span> <span class='ocrx_word' id='word_1_178' title='bbox 1957 1478 2186 1542; x_wconf 87' lang='lat' dir='ltr'><strong>locutus,</strong></span> 
     </span>
    </p>
   </div>
   <div class='ocr_carea' id='block_1_23' title="bbox 618 1567 2192 1646">
    <p class='ocr_par' dir='ltr' id='par_1_23' title="bbox 618 1567 2192 1646">
     <span class='ocr_line' id='line_1_23' title="bbox 618 1567 2192 1646; baseline -0.006 -15"><span class='ocrx_word' id='word_1_179' title='bbox 618 1578 924 1646; x_wconf 83' lang='lat' dir='ltr'><strong>baptizare;</strong></span> <span class='ocrx_word' id='word_1_180' title='bbox 959 1575 1284 1645; x_wconf 76' lang='lat' dir='ltr'><strong>haptizntus,</strong></span> <span class='ocrx_word' id='word_1_181' title='bbox 1331 1571 1556 1625; x_wconf 85' lang='lat' dir='ltr'><strong>salutem</strong></span> <span class='ocrx_word' id='word_1_182' title='bbox 1599 1569 1811 1639; x_wconf 86' lang='lat' dir='ltr'><strong>accipe;</strong></span> <span class='ocrx_word' id='word_1_183' title='bbox 1844 1579 1897 1622; x_wconf 87' lang='lat' dir='ltr'><strong>et</strong></span> <span class='ocrx_word' id='word_1_184' title='bbox 1943 1567 2192 1637; x_wconf 87' lang='lat' dir='ltr'><strong>quamvis</strong></span> 
     </span>
    </p>
   </div>
   <div class='ocr_carea' id='block_1_24' title="bbox 619 1659 2190 1738">
    <p class='ocr_par' dir='ltr' id='par_1_24' title="bbox 619 1659 2190 1738">
     <span class='ocr_line' id='line_1_24' title="bbox 619 1659 2190 1738; baseline -0.006 -15"><span class='ocrx_word' id='word_1_185' title='bbox 619 1682 843 1738; x_wconf 85' lang='lat' dir='ltr'><strong>corpore</strong></span> <span class='ocrx_word' id='word_1_186' title='bbox 884 1665 1135 1735; x_wconf 64' lang='lat' dir='ltr'><strong>Ethinps</strong></span> <span class='ocrx_word' id='word_1_187' title='bbox 1172 1663 1269 1727; x_wconf 87' lang='lat' dir='ltr'><strong>sis,</strong></span> <span class='ocrx_word' id='word_1_188' title='bbox 1294 1663 1473 1717; x_wconf 89' lang='lat' dir='ltr'><strong>animo</strong></span> <span class='ocrx_word' id='word_1_189' title='bbox 1502 1659 1767 1715; x_wconf 85' lang='lat' dir='ltr'><strong>dealbare.</strong></span> <span class='ocrx_word' id='word_1_190' title='bbox 1796 1659 2034 1713; x_wconf 86' lang='lat' dir='ltr'><strong>Salutem</strong></span> <span class='ocrx_word' id='word_1_191' title='bbox 2061 1674 2190 1713; x_wconf 88' lang='lat' dir='ltr'><strong>con-</strong></span> 
     </span>
    </p>
   </div>
   <div class='ocr_carea' id='block_1_25' title="bbox 619 1752 2187 1830">
    <p class='ocr_par' dir='ltr' id='par_1_25' title="bbox 619 1752 2187 1830">
     <span class='ocr_line' id='line_1_25' title="bbox 619 1752 2187 1830; baseline -0.01 -14"><span class='ocrx_word' id='word_1_192' title='bbox 619 1775 864 1830; x_wconf 83' lang='lat' dir='ltr'><strong>sequere,</strong></span> <span class='ocrx_word' id='word_1_193' title='bbox 902 1773 1006 1827; x_wconf 90' lang='lat' dir='ltr'><strong>qua</strong></span> <span class='ocrx_word' id='word_1_194' title='bbox 1057 1755 1189 1810; x_wconf 85' lang='lat' dir='ltr'><strong>nihil</strong></span> <span class='ocrx_word' id='word_1_195' title='bbox 1242 1754 1524 1810; x_wconf 87' lang='lat' dir='ltr'><strong>sublimius</strong></span> <span class='ocrx_word' id='word_1_196' title='bbox 1572 1752 2025 1820; x_wconf 71' lang='lat' dir='ltr'><strong>prmstantiusque</strong></span> <span class='ocrx_word' id='word_1_197' title='bbox 2084 1759 2187 1816; x_wconf 87' lang='lat' dir='ltr'><strong>est,</strong></span> 
     </span>
    </p>
   </div>
   <div class='ocr_carea' id='block_1_26' title="bbox 622 1840 2188 1921">
    <p class='ocr_par' dir='ltr' id='par_1_26' title="bbox 622 1840 2188 1921">
     <span class='ocr_line' id='line_1_26' title="bbox 622 1840 2188 1921; baseline -0.007 -17"><span class='ocrx_word' id='word_1_198' title='bbox 622 1850 762 1921; x_wconf 84' lang='lat' dir='ltr'><strong>apud</strong></span> <span class='ocrx_word' id='word_1_199' title='bbox 804 1864 892 1904; x_wconf 89' lang='lat' dir='ltr'><strong>eos</strong></span> <span class='ocrx_word' id='word_1_200' title='bbox 944 1858 1113 1912; x_wconf 91' lang='lat' dir='ltr'><strong>certe,</strong></span> <span class='ocrx_word' id='word_1_201' title='bbox 1135 1846 1226 1916; x_wconf 91' lang='lat' dir='ltr'><strong>qui</strong></span> <span class='ocrx_word' id='word_1_202' title='bbox 1266 1853 1449 1899; x_wconf 90' lang='lat' dir='ltr'><strong>mente</strong></span> <span class='ocrx_word' id='word_1_203' title='bbox 1473 1842 1681 1915; x_wconf 69' lang='lat' dir='ltr'><strong>praaditi</strong></span> <span class='ocrx_word' id='word_1_204' title='bbox 1711 1851 1856 1897; x_wconf 92' lang='lat' dir='ltr'><strong>sunt.</strong></span> <span class='ocrx_word' id='word_1_205' title='bbox 1889 1840 1968 1894; x_wconf 84' lang='lat' dir='ltr'><strong>Ne</strong></span> <span class='ocrx_word' id='word_1_206' title='bbox 1996 1841 2144 1896; x_wconf 86' lang='lat' dir='ltr'><strong>dicas</strong></span> <span class='ocrx_word' id='word_1_207' title='bbox 2173 1856 2188 1893; x_wconf 89' lang='lat'><strong>:</strong></span> 
     </span>
    </p>
   </div>
   <div class='ocr_carea' id='block_1_27' title="bbox 622 1929 2192 2011">
    <p class='ocr_par' dir='ltr' id='par_1_27' title="bbox 622 1929 2192 2011">
     <span class='ocr_line' id='line_1_27' title="bbox 622 1929 2192 2011; baseline -0.006 -18"><span class='ocrx_word' id='word_1_208' title='bbox 622 1941 868 2011; x_wconf 81' lang='lat' dir='ltr'><strong>Baptizet</strong></span> <span class='ocrx_word' id='word_1_209' title='bbox 929 1953 1011 1992; x_wconf 90' lang='lat' dir='ltr'><strong>mc</strong></span> <span class='ocrx_word' id='word_1_210' title='bbox 1072 1937 1373 2004; x_wconf 74' lang='lat' dir='ltr'><strong>epiScopus,</strong></span> <span class='ocrx_word' id='word_1_211' title='bbox 1417 1941 1577 2002; x_wconf 90' lang='lat' dir='ltr'><strong>atque</strong></span> <span class='ocrx_word' id='word_1_212' title='bbox 1628 1935 1674 1987; x_wconf 90' lang='lat' dir='ltr'><strong>is</strong></span> <span class='ocrx_word' id='word_1_213' title='bbox 1724 1929 2192 1999; x_wconf 87' lang='lat' dir='ltr'><strong>metropolitanus,</strong></span> 
     </span>
    </p>
   </div>
   <div class='ocr_carea' id='block_1_28' title="bbox 620 2020 2190 2098">
    <p class='ocr_par' dir='ltr' id='par_1_28' title="bbox 620 2020 2190 2098">
     <span class='ocr_line' id='line_1_28' title="bbox 620 2020 2190 2098; baseline -0.006 -15"><span class='ocrx_word' id='word_1_214' title='bbox 620 2040 712 2085; x_wconf 89' lang='lat' dir='ltr'><strong>aut</strong></span> <span class='ocrx_word' id='word_1_215' title='bbox 747 2027 1230 2098; x_wconf 78' lang='lat' dir='ltr'><strong>Jerosolymitanus</strong></span> <span class='ocrx_word' id='word_1_216' title='bbox 1262 2024 1391 2097; x_wconf 92' lang='lat' dir='ltr'><strong>(non</strong></span> <span class='ocrx_word' id='word_1_217' title='bbox 1424 2024 1568 2079; x_wconf 93' lang='lat' dir='ltr'><strong>enim</strong></span> <span class='ocrx_word' id='word_1_218' title='bbox 1614 2022 1854 2077; x_wconf 90' lang='lat' dir='ltr'><strong>locorum</strong></span> <span class='ocrx_word' id='word_1_219' title='bbox 1883 2030 1967 2076; x_wconf 89' lang='lat' dir='ltr'><strong>est</strong></span> <span class='ocrx_word' id='word_1_220' title='bbox 1992 2020 2190 2090; x_wconf 82' lang='lat' dir='ltr'><strong>gratia,</strong></span> 
     </span>
    </p>
   </div>
   <div class='ocr_carea' id='block_1_29' title="bbox 621 2110 2194 2191">
    <p class='ocr_par' dir='ltr' id='par_1_29' title="bbox 621 2110 2194 2191">
     <span class='ocr_line' id='line_1_29' title="bbox 621 2110 2194 2191; baseline -0.01 -14"><span class='ocrx_word' id='word_1_221' title='bbox 621 2123 716 2177; x_wconf 86' lang='lat' dir='ltr'><strong>sed</strong></span> <span class='ocrx_word' id='word_1_222' title='bbox 751 2117 1005 2191; x_wconf 85' lang='lat' dir='ltr'><strong>Spiritus)</strong></span> <span class='ocrx_word' id='word_1_223' title='bbox 1033 2134 1047 2182; x_wconf 92' lang='lat'><strong>;</strong></span> <span class='ocrx_word' id='word_1_224' title='bbox 1082 2118 1236 2185; x_wconf 89' lang='lat' dir='ltr'><strong>isque</strong></span> <span class='ocrx_word' id='word_1_225' title='bbox 1268 2115 1432 2170; x_wconf 87' lang='lat' dir='ltr'><strong>etiam</strong></span> <span class='ocrx_word' id='word_1_226' title='bbox 1457 2112 1529 2167; x_wconf 85' lang='lat' dir='ltr'><strong>sit</strong></span> <span class='ocrx_word' id='word_1_227' title='bbox 1559 2110 1709 2167; x_wconf 89' lang='lat' dir='ltr'><strong>claro</strong></span> <span class='ocrx_word' id='word_1_228' title='bbox 1730 2119 1785 2165; x_wconf 87' lang='lat' dir='ltr'><strong>et</strong></span> <span class='ocrx_word' id='word_1_229' title='bbox 1814 2110 1975 2165; x_wconf 89' lang='lat' dir='ltr'><strong>nobili</strong></span> <span class='ocrx_word' id='word_1_230' title='bbox 1996 2122 2194 2179; x_wconf 82' lang='lat' dir='ltr'><strong>genere</strong></span> 
     </span>
    </p>
   </div>
   <div class='ocr_carea' id='block_1_30' title="bbox 618 2199 2188 2280">
    <p class='ocr_par' dir='ltr' id='par_1_30' title="bbox 618 2199 2188 2280">
     <span class='ocr_line' id='line_1_30' title="bbox 618 2199 2188 2280; baseline -0.009 -13"><span class='ocrx_word' id='word_1_231' title='bbox 618 2223 799 2277; x_wconf 91' lang='lat' dir='ltr'><strong>ortus;</strong></span> <span class='ocrx_word' id='word_1_232' title='bbox 853 2223 1015 2280; x_wconf 86' lang='lat' dir='ltr'><strong>grave</strong></span> <span class='ocrx_word' id='word_1_233' title='bbox 1042 2208 1187 2262; x_wconf 87' lang='lat' dir='ltr'><strong>enim</strong></span> <span class='ocrx_word' id='word_1_234' title='bbox 1227 2205 1411 2268; x_wconf 83' lang='lat' dir='ltr'><strong>fuerit,</strong></span> <span class='ocrx_word' id='word_1_235' title='bbox 1460 2201 1727 2257; x_wconf 86' lang='lat' dir='ltr'><strong>nobilitati</strong></span> <span class='ocrx_word' id='word_1_236' title='bbox 1772 2213 1902 2254; x_wconf 62' lang='lat' dir='ltr'><strong>mea:</strong></span> <span class='ocrx_word' id='word_1_237' title='bbox 1953 2199 2023 2255; x_wconf 92' lang='lat' dir='ltr'><strong>ob</strong></span> <span class='ocrx_word' id='word_1_238' title='bbox 2055 2200 2188 2270; x_wconf 74' lang='lat' dir='ltr'><strong>eius,</strong></span> 
     </span>
    </p>
   </div>
   <div class='ocr_carea' id='block_1_31' title="bbox 618 2293 2195 2375">
    <p class='ocr_par' dir='ltr' id='par_1_31' title="bbox 618 2293 2195 2375">
     <span class='ocr_line' id='line_1_31' title="bbox 618 2293 2195 2375; baseline -0.01 -16"><span class='ocrx_word' id='word_1_239' title='bbox 618 2307 708 2375; x_wconf 90' lang='lat' dir='ltr'><strong>qui</strong></span> <span class='ocrx_word' id='word_1_240' title='bbox 751 2303 1017 2373; x_wconf 83' lang='lat' dir='ltr'><strong>baptizat,</strong></span> <span class='ocrx_word' id='word_1_241' title='bbox 1058 2298 1468 2358; x_wconf 88' lang='lat' dir='ltr'><strong>obscuritatem,</strong></span> <span class='ocrx_word' id='word_1_242' title='bbox 1510 2294 1681 2348; x_wconf 89' lang='lat' dir='ltr'><strong>labem</strong></span> <span class='ocrx_word' id='word_1_243' title='bbox 1727 2307 1790 2346; x_wconf 93' lang='lat' dir='ltr'><strong>ac</strong></span> <span class='ocrx_word' id='word_1_244' title='bbox 1832 2293 2064 2346; x_wconf 89' lang='lat' dir='ltr'><strong>dedecus</strong></span> <span class='ocrx_word' id='word_1_245' title='bbox 2113 2293 2195 2345; x_wconf 91' lang='lat' dir='ltr'><strong>in-</strong></span> 
     </span>
    </p>
   </div>
   <div class='ocr_carea' id='block_1_32' title="bbox 621 2381 2190 2460">
    <p class='ocr_par' dir='ltr' id='par_1_32' title="bbox 621 2381 2190 2460">
     <span class='ocr_line' id='line_1_32' title="bbox 621 2381 2190 2460; baseline -0.008 -11"><span class='ocrx_word' id='word_1_246' title='bbox 621 2395 781 2457; x_wconf 79' lang='lat' dir='ltr'><strong>ferri;</strong></span> <span class='ocrx_word' id='word_1_247' title='bbox 814 2403 927 2455; x_wconf 85' lang='lat' dir='ltr'><strong>aut,</strong></span> <span class='ocrx_word' id='word_1_248' title='bbox 963 2392 1005 2444; x_wconf 85' lang='lat' dir='ltr'><strong>si</strong></span> <span class='ocrx_word' id='word_1_249' title='bbox 1044 2388 1349 2460; x_wconf 89' lang='lat' dir='ltr'><strong>presbyter,</strong></span> <span class='ocrx_word' id='word_1_250' title='bbox 1384 2385 1574 2441; x_wconf 89' lang='lat' dir='ltr'><strong>saltem</strong></span> <span class='ocrx_word' id='word_1_251' title='bbox 1620 2383 1711 2454; x_wconf 92' lang='lat' dir='ltr'><strong>qui</strong></span> <span class='ocrx_word' id='word_1_252' title='bbox 1758 2381 1952 2438; x_wconf 88' lang='lat' dir='ltr'><strong>caelebs</strong></span> <span class='ocrx_word' id='word_1_253' title='bbox 1982 2382 2074 2447; x_wconf 87' lang='lat' dir='ltr'><strong>sit,</strong></span> <span class='ocrx_word' id='word_1_254' title='bbox 2101 2383 2190 2451; x_wconf 91' lang='lat' dir='ltr'><strong>qui</strong></span> 
     </span>
    </p>
   </div>
   <div class='ocr_carea' id='block_1_33' title="bbox 618 2474 2190 2547">
    <p class='ocr_par' dir='ltr' id='par_1_33' title="bbox 618 2474 2190 2547">
     <span class='ocr_line' id='line_1_33' title="bbox 618 2474 2190 2547; baseline -0.008 -6"><span class='ocrx_word' id='word_1_255' title='bbox 618 2486 965 2541; x_wconf 89' lang='lat' dir='ltr'><strong>continentiae</strong></span> <span class='ocrx_word' id='word_1_256' title='bbox 1018 2480 1174 2534; x_wconf 83' lang='lat' dir='ltr'><strong>laude</strong></span> <span class='ocrx_word' id='word_1_257' title='bbox 1213 2488 1376 2546; x_wconf 89' lang='lat' dir='ltr'><strong>atque</strong></span> <span class='ocrx_word' id='word_1_258' title='bbox 1428 2475 1669 2547; x_wconf 82' lang='lat' dir='ltr'><strong>angelica</strong></span> <span class='ocrx_word' id='word_1_259' title='bbox 1718 2474 1931 2528; x_wconf 88' lang='lat' dir='ltr'><strong>vivendi</strong></span> <span class='ocrx_word' id='word_1_260' title='bbox 1980 2475 2190 2531; x_wconf 86' lang='lat' dir='ltr'><strong>ratione</strong></span> 
     </span>
    </p>
   </div>
   <div class='ocr_carea' id='block_1_34' title="bbox 620 2565 2193 2642">
    <p class='ocr_par' dir='ltr' id='par_1_34' title="bbox 620 2565 2193 2642">
     <span class='ocr_line' id='line_1_34' title="bbox 620 2565 2193 2642; baseline -0.008 -11"><span class='ocrx_word' id='word_1_261' title='bbox 620 2576 847 2641; x_wconf 84' lang='lat' dir='ltr'><strong>ﬂoreat;</strong></span> <span class='ocrx_word' id='word_1_262' title='bbox 889 2586 1054 2642; x_wconf 84' lang='lat' dir='ltr'><strong>grave</strong></span> <span class='ocrx_word' id='word_1_263' title='bbox 1089 2571 1231 2626; x_wconf 85' lang='lat' dir='ltr'><strong>enim</strong></span> <span class='ocrx_word' id='word_1_264' title='bbox 1272 2569 1453 2633; x_wconf 82' lang='lat' dir='ltr'><strong>fuerit,</strong></span> <span class='ocrx_word' id='word_1_265' title='bbox 1483 2568 1527 2621; x_wconf 93' lang='lat' dir='ltr'><strong>si</strong></span> <span class='ocrx_word' id='word_1_266' title='bbox 1555 2568 1605 2620; x_wconf 91' lang='lat' dir='ltr'><strong>in</strong></span> <span class='ocrx_word' id='word_1_267' title='bbox 1634 2565 1968 2635; x_wconf 77' lang='lat' dir='ltr'><strong>purgationis</strong></span> <span class='ocrx_word' id='word_1_268' title='bbox 1990 2574 2193 2634; x_wconf 56' lang='lat' dir='ltr'><strong>tempoo</strong></span> 
     </span>
    </p>
   </div>
   <div class='ocr_carea' id='block_1_35' title="bbox 622 2656 2195 2731">
    <p class='ocr_par' dir='ltr' id='par_1_35' title="bbox 622 2656 2195 2731">
     <span class='ocr_line' id='line_1_35' title="bbox 622 2656 2195 2731; baseline -0.005 -11"><span class='ocrx_word' id='word_1_269' title='bbox 622 2681 681 2721; x_wconf 88' lang='lat' dir='ltr'><strong>re</strong></span> <span class='ocrx_word' id='word_1_270' title='bbox 708 2664 917 2720; x_wconf 81' lang='lat' dir='ltr'><strong>inﬁciar</strong></span> <span class='ocrx_word' id='word_1_271' title='bbox 943 2670 1105 2731; x_wconf 87' lang='lat' dir='ltr'><strong>atque</strong></span> <span class='ocrx_word' id='word_1_272' title='bbox 1145 2658 1530 2716; x_wconf 89' lang='lat' dir='ltr'><strong>commaculer.</strong></span> <span class='ocrx_word' id='word_1_273' title='bbox 1567 2656 1642 2711; x_wconf 81' lang='lat' dir='ltr'><strong>Ne</strong></span> <span class='ocrx_word' id='word_1_274' title='bbox 1671 2657 2070 2711; x_wconf 90' lang='lat' dir='ltr'><strong>concionatoris</strong></span> <span class='ocrx_word' id='word_1_275' title='bbox 2102 2668 2195 2712; x_wconf 88' lang='lat' dir='ltr'><strong>aut</strong></span> 
     </span>
    </p>
   </div>
   <div class='ocr_carea' id='block_1_36' title="bbox 620 2745 2195 2826">
    <p class='ocr_par' dir='ltr' id='par_1_36' title="bbox 620 2745 2195 2826">
     <span class='ocr_line' id='line_1_36' title="bbox 620 2745 2195 2826; baseline -0.008 -14"><span class='ocrx_word' id='word_1_276' title='bbox 620 2754 946 2826; x_wconf 83' lang='lat' dir='ltr'><strong>haptizantis</strong></span> <span class='ocrx_word' id='word_1_277' title='bbox 989 2752 1372 2807; x_wconf 90' lang='lat' dir='ltr'><strong>auctoritatem</strong></span> <span class='ocrx_word' id='word_1_278' title='bbox 1423 2748 1687 2817; x_wconf 88' lang='lat' dir='ltr'><strong>inquiras.</strong></span> <span class='ocrx_word' id='word_1_279' title='bbox 1716 2745 1867 2800; x_wconf 85' lang='lat' dir='ltr'><strong>Alius</strong></span> <span class='ocrx_word' id='word_1_280' title='bbox 1896 2745 2084 2800; x_wconf 90' lang='lat' dir='ltr'><strong>horum</strong></span> <span class='ocrx_word' id='word_1_281' title='bbox 2111 2746 2195 2816; x_wconf 86' lang='lat' dir='ltr'><strong>ju-</strong></span> 
     </span>
    </p>
   </div>
   <div class='ocr_carea' id='block_1_37' title="bbox 620 2837 2163 2909">
    <p class='ocr_par' dir='ltr' id='par_1_37' title="bbox 620 2837 2163 2909">
     <span class='ocr_line' id='line_1_37' title="bbox 620 2837 2163 2909; baseline -0.007 -7"><span class='ocrx_word' id='word_1_282' title='bbox 620 2849 722 2902; x_wconf 81' lang='lat' dir='ltr'><strong>dex</strong></span> <span class='ocrx_word' id='word_1_283' title='bbox 743 2854 843 2909; x_wconf 87' lang='lat' dir='ltr'><strong>est,</strong></span> <span class='ocrx_word' id='word_1_284' title='bbox 870 2859 935 2899; x_wconf 90' lang='lat' dir='ltr'><strong>ac</strong></span> <span class='ocrx_word' id='word_1_285' title='bbox 964 2858 1142 2898; x_wconf 91' lang='lat' dir='ltr'><strong>rerum</strong></span> <span class='ocrx_word' id='word_1_286' title='bbox 1164 2842 1524 2897; x_wconf 90' lang='lat' dir='ltr'><strong>obscurarum</strong></span> <span class='ocrx_word' id='word_1_287' title='bbox 1556 2838 1866 2907; x_wconf 81' lang='lat' dir='ltr'><strong>explorator</strong></span> <span class='ocrx_word' id='word_1_288' title='bbox 1893 2853 1909 2892; x_wconf 90' lang='lat'><strong>:</strong></span> <span class='ocrx_word' id='word_1_289' title='bbox 1946 2837 2163 2907; x_wconf 89' lang='lat' dir='ltr'><strong>quando</strong></span> 
     </span>
    </p>
   </div>
   <div class='ocr_carea' id='block_1_38' title="bbox 619 2926 2191 3009">
    <p class='ocr_par' dir='ltr' id='par_1_38' title="bbox 619 2926 2191 3009">
     <span class='ocr_line' id='line_1_38' title="bbox 619 2926 2191 3009; baseline -0.007 -16"><span class='ocrx_word' id='word_1_290' title='bbox 619 2937 835 3009; x_wconf 88' lang='lat' dir='ltr'><strong>quidem</strong></span> <span class='ocrx_word' id='word_1_291' title='bbox 886 2936 1047 2990; x_wconf 89' lang='lat' dir='ltr'><strong>homo</strong></span> <span class='ocrx_word' id='word_1_292' title='bbox 1097 2933 1315 2998; x_wconf 82' lang='lat' dir='ltr'><strong>faciem,</strong></span> <span class='ocrx_word' id='word_1_293' title='bbox 1346 2931 1487 2985; x_wconf 87' lang='lat' dir='ltr'><strong>Deus</strong></span> <span class='ocrx_word' id='word_1_294' title='bbox 1517 2939 1695 2983; x_wconf 90' lang='lat' dir='ltr'><strong>autem</strong></span> <span class='ocrx_word' id='word_1_295' title='bbox 1750 2944 1846 2983; x_wconf 88' lang='lat' dir='ltr'><strong>cor</strong></span> <span class='ocrx_word' id='word_1_296' title='bbox 1876 2926 2191 2983; x_wconf 76' lang='lat' dir='ltr'><strong>intuetur”.</strong></span> 
     </span>
    </p>
   </div>
   <div class='ocr_carea' id='block_1_39' title="bbox 2293 1388 3858 1462">
    <p class='ocr_par' dir='ltr' id='par_1_39' title="bbox 2293 1388 3858 1462">
     <span class='ocr_line' id='line_1_39' title="bbox 2293 1388 3858 1462; baseline -0.002 -15"><span class='ocrx_word' id='word_1_297' title='bbox 2293 1392 2511 1462; x_wconf 80' lang='grc' dir='ltr'>σθῆναι</span> <span class='ocrx_word' id='word_1_298' title='bbox 2524 1412 2544 1458; x_wconf 89' lang='grc'><em>;</em></span> <span class='ocrx_word' id='word_1_299' title='bbox 2573 1394 2856 1462; x_wconf 81' lang='grc' dir='ltr'>’Ἀρπασον</span> <span class='ocrx_word' id='word_1_300' title='bbox 2906 1391 2996 1444; x_wconf 87' lang='grc' dir='ltr'><strong>τὸν</strong></span> <span class='ocrx_word' id='word_1_301' title='bbox 3030 1390 3237 1462; x_wconf 87' lang='grc' dir='ltr'>καιρόν·</span> <span class='ocrx_word' id='word_1_302' title='bbox 3286 1388 3367 1461; x_wconf 79' lang='grc' dir='ltr'>τῷ</span> <span class='ocrx_word' id='word_1_303' title='bbox 3410 1388 3601 1458; x_wconf 82' lang='grc' dir='ltr'>ἀγαθῷ</span> <span class='ocrx_word' id='word_1_304' title='bbox 3635 1390 3858 1461; x_wconf 66' lang='grc' dir='ltr'>περιχάα</span> 
     </span>
    </p>
   </div>
   <div class='ocr_carea' id='block_1_40' title="bbox 2298 1481 3861 1557">
    <p class='ocr_par' dir='ltr' id='par_1_40' title="bbox 2298 1481 3861 1557">
     <span class='ocr_line' id='line_1_40' title="bbox 2298 1481 3861 1557; baseline -0.003 -18"><span class='ocrx_word' id='word_1_305' title='bbox 2298 1486 2421 1557; x_wconf 86' lang='grc' dir='ltr'>ρηθι</span> <span class='ocrx_word' id='word_1_306' title='bbox 2462 1485 2558 1557; x_wconf 74' lang='lat'><strong>(8)&#39;</strong></span> <span class='ocrx_word' id='word_1_307' title='bbox 2594 1485 2689 1537; x_wconf 75' lang='grc' dir='ltr'><strong>καὶ</strong></span> <span class='ocrx_word' id='word_1_308' title='bbox 2714 1482 2903 1547; x_wconf 79' lang='grc' dir='ltr'>εἰπὼν,</span> <span class='ocrx_word' id='word_1_309' title='bbox 2932 1481 3277 1553; x_wconf 79' lang='grc' dir='ltr'>βαπτίσθητι,</span> <span class='ocrx_word' id='word_1_310' title='bbox 3304 1484 3398 1535; x_wconf 71' lang='grc' dir='ltr'><strong>καὶ</strong></span> <span class='ocrx_word' id='word_1_311' title='bbox 3423 1481 3740 1552; x_wconf 80' lang='grc' dir='ltr'><strong>βαπτισθεὶς</strong></span> <span class='ocrx_word' id='word_1_312' title='bbox 3763 1481 3861 1535; x_wconf 83' lang='grc' dir='ltr'><strong>σώ-</strong></span> 
     </span>
    </p>
   </div>
   <div class='ocr_carea' id='block_1_41' title="bbox 2296 1570 3860 1645">
    <p class='ocr_par' dir='ltr' id='par_1_41' title="bbox 2296 1570 3860 1645">
     <span class='ocr_line' id='line_1_41' title="bbox 2296 1570 3860 1645; baseline -0.001 -18"><span class='ocrx_word' id='word_1_313' title='bbox 2296 1574 2438 1645; x_wconf 84' lang='grc' dir='ltr'>θητι·</span> <span class='ocrx_word' id='word_1_314' title='bbox 2474 1573 2575 1626; x_wconf 78' lang='grc' dir='ltr'><strong>κᾶν</strong></span> <span class='ocrx_word' id='word_1_315' title='bbox 2603 1570 2669 1644; x_wconf 77' lang='grc' dir='ltr'>ᾖς</span> <span class='ocrx_word' id='word_1_316' title='bbox 2694 1571 2885 1642; x_wconf 70' lang='grc' dir='ltr'>Αἰθίοψ</span> <span class='ocrx_word' id='word_1_317' title='bbox 2905 1572 2965 1624; x_wconf 79' lang='grc' dir='ltr'><strong>τὸ</strong></span> <span class='ocrx_word' id='word_1_318' title='bbox 3000 1572 3179 1642; x_wconf 81' lang='grc' dir='ltr'>σῶμα,</span> <span class='ocrx_word' id='word_1_319' title='bbox 3208 1571 3307 1644; x_wconf 78' lang='grc' dir='ltr'><strong>τὴν</strong></span> <span class='ocrx_word' id='word_1_320' title='bbox 3330 1570 3505 1642; x_wconf 77' lang='grc' dir='ltr'>ψυχὴν</span> <span class='ocrx_word' id='word_1_321' title='bbox 3518 1570 3860 1642; x_wconf 84' lang='grc' dir='ltr'>λευκάνθητι.</span> 
     </span>
    </p>
   </div>
   <div class='ocr_carea' id='block_1_42' title="bbox 2293 1658 3862 1736">
    <p class='ocr_par' dir='ltr' id='par_1_42' title="bbox 2293 1658 3862 1736">
     <span class='ocr_line' id='line_1_42' title="bbox 2293 1658 3862 1736; baseline -0.001 -19"><span class='ocrx_word' id='word_1_322' title='bbox 2293 1666 2434 1735; x_wconf 84' lang='grc' dir='ltr'><strong>Τύχε</strong></span> <span class='ocrx_word' id='word_1_323' title='bbox 2464 1668 2562 1736; x_wconf 87' lang='grc' dir='ltr'><strong>τῆς</strong></span> <span class='ocrx_word' id='word_1_324' title='bbox 2596 1663 2889 1735; x_wconf 72' lang='grc' dir='ltr'><strong>σωτηρίας,</strong></span> <span class='ocrx_word' id='word_1_325' title='bbox 2940 1658 3008 1734; x_wconf 75' lang='grc' dir='ltr'>ἧς</span> <span class='ocrx_word' id='word_1_326' title='bbox 3044 1663 3192 1716; x_wconf 73' lang='grc' dir='ltr'>οὐδὲν</span> <span class='ocrx_word' id='word_1_327' title='bbox 3246 1662 3594 1733; x_wconf 75' lang='grc' dir='ltr'>ὑψηλότερον,</span> <span class='ocrx_word' id='word_1_328' title='bbox 3630 1663 3753 1717; x_wconf 75' lang='grc' dir='ltr'>οὐδὲ</span> <span class='ocrx_word' id='word_1_329' title='bbox 3785 1681 3862 1716; x_wconf 88' lang='grc' dir='ltr'>τι-</span> 
     </span>
    </p>
   </div>
   <div class='ocr_carea' id='block_1_43' title="bbox 2293 1754 3859 1828">
    <p class='ocr_par' dir='ltr' id='par_1_43' title="bbox 2293 1754 3859 1828">
     <span class='ocr_line' id='line_1_43' title="bbox 2293 1754 3859 1828; baseline -0.002 -18"><span class='ocrx_word' id='word_1_330' title='bbox 2293 1756 2557 1828; x_wconf 77' lang='grc' dir='ltr'>μιώτερον</span> <span class='ocrx_word' id='word_1_331' title='bbox 2580 1758 2691 1819; x_wconf 86' lang='grc' dir='ltr'>τοῖς</span> <span class='ocrx_word' id='word_1_332' title='bbox 2715 1772 2780 1824; x_wconf 88' lang='grc' dir='ltr'><strong>γε</strong></span> <span class='ocrx_word' id='word_1_333' title='bbox 2812 1755 2936 1808; x_wconf 91' lang='grc' dir='ltr'>νοῦν</span> <span class='ocrx_word' id='word_1_334' title='bbox 2967 1756 3169 1825; x_wconf 73' lang='grc' dir='ltr'>ἔχουσι.</span> <span class='ocrx_word' id='word_1_335' title='bbox 3193 1756 3285 1827; x_wconf 83' lang='grc' dir='ltr'><strong>Μὴ</strong></span> <span class='ocrx_word' id='word_1_336' title='bbox 3315 1754 3493 1826; x_wconf 81' lang='grc' dir='ltr'>εἴπης·</span> <span class='ocrx_word' id='word_1_337' title='bbox 3532 1754 3859 1820; x_wconf 80' lang='grc' dir='ltr'>Ἐπίσκοπος</span> 
     </span>
    </p>
   </div>
   <div class='ocr_carea' id='block_1_44' title="bbox 2294 1842 3863 1919">
    <p class='ocr_par' dir='ltr' id='par_1_44' title="bbox 2294 1842 3863 1919">
     <span class='ocr_line' id='line_1_44' title="bbox 2294 1842 3863 1919; baseline 0 -18"><span class='ocrx_word' id='word_1_338' title='bbox 2294 1848 2605 1919; x_wconf 86' lang='grc' dir='ltr'>βαπτισάτω</span> <span class='ocrx_word' id='word_1_339' title='bbox 2637 1865 2727 1919; x_wconf 88' lang='grc' dir='ltr'><strong>με,</strong></span> <span class='ocrx_word' id='word_1_340' title='bbox 2755 1848 2848 1902; x_wconf 80' lang='grc' dir='ltr'>καὶ</span> <span class='ocrx_word' id='word_1_341' title='bbox 2873 1842 3027 1911; x_wconf 76' lang='grc' dir='ltr'>οὗτος</span> <span class='ocrx_word' id='word_1_342' title='bbox 3063 1846 3482 1919; x_wconf 83' lang='grc' dir='ltr'>μητροπολίτης,</span> <span class='ocrx_word' id='word_1_343' title='bbox 3521 1846 3555 1917; x_wconf 79' lang='grc' dir='ltr'><strong>ἢ</strong></span> <span class='ocrx_word' id='word_1_344' title='bbox 3588 1847 3669 1915; x_wconf 82' lang='lat'><strong>(9)</strong></span> <span class='ocrx_word' id='word_1_345' title='bbox 3716 1847 3863 1919; x_wconf 75' lang='lat' dir='ltr'><strong>&#39;Iepo~</strong></span> 
     </span>
    </p>
   </div>
   <div class='ocr_carea' id='block_1_45' title="bbox 2294 1936 3862 2011">
    <p class='ocr_par' dir='ltr' id='par_1_45' title="bbox 2294 1936 3862 2011">
     <span class='ocr_line' id='line_1_45' title="bbox 2294 1936 3862 2011; baseline 0.001 -21"><span class='ocrx_word' id='word_1_346' title='bbox 2294 1937 2583 2009; x_wconf 81' lang='grc' dir='ltr'>σολυμίτης</span> <span class='ocrx_word' id='word_1_347' title='bbox 2615 1938 2697 2009; x_wconf 78' lang='grc' dir='ltr'>(οὐ</span> <span class='ocrx_word' id='word_1_348' title='bbox 2728 1939 2834 2010; x_wconf 86' lang='grc' dir='ltr'>γὰρ</span> <span class='ocrx_word' id='word_1_349' title='bbox 2867 1938 3097 2009; x_wconf 82' lang='grc' dir='ltr'>τόπωνή</span> <span class='ocrx_word' id='word_1_350' title='bbox 3130 1938 3311 2011; x_wconf 84' lang='grc' dir='ltr'>χάρις,</span> <span class='ocrx_word' id='word_1_351' title='bbox 3336 1938 3470 1992; x_wconf 84' lang='grc' dir='ltr'><strong>ἀλλά</strong></span> <span class='ocrx_word' id='word_1_352' title='bbox 3494 1938 3587 1991; x_wconf 91' lang='grc' dir='ltr'><strong>τοῦ</strong></span> <span class='ocrx_word' id='word_1_353' title='bbox 3615 1936 3862 2009; x_wconf 88' lang='grc' dir='ltr'>Πνεύμα-</span> 
     </span>
    </p>
   </div>
   <div class='ocr_carea' id='block_1_46' title="bbox 2290 2025 3862 2101">
    <p class='ocr_par' dir='ltr' id='par_1_46' title="bbox 2290 2025 3862 2101">
     <span class='ocr_line' id='line_1_46' title="bbox 2290 2025 3862 2101; baseline -0.002 -17"><span class='ocrx_word' id='word_1_354' title='bbox 2290 2032 2423 2101; x_wconf 89' lang='grc' dir='ltr'>τος),</span> <span class='ocrx_word' id='word_1_355' title='bbox 2458 2032 2551 2085; x_wconf 76' lang='grc' dir='ltr'><strong>καὶ</strong></span> <span class='ocrx_word' id='word_1_356' title='bbox 2584 2025 2735 2094; x_wconf 75' lang='grc' dir='ltr'>οὗτος</span> <span class='ocrx_word' id='word_1_357' title='bbox 2749 2030 2857 2084; x_wconf 87' lang='grc' dir='ltr'><strong>τῶν</strong></span> <span class='ocrx_word' id='word_1_358' title='bbox 2892 2025 2953 2084; x_wconf 79' lang='grc' dir='ltr'><strong>εὖ</strong></span> <span class='ocrx_word' id='word_1_359' title='bbox 2990 2031 3309 2100; x_wconf 86' lang='grc' dir='ltr'>γεγονότων.</span> <span class='ocrx_word' id='word_1_360' title='bbox 3344 2028 3523 2083; x_wconf 82' lang='grc' dir='ltr'>Δεινὸν</span> <span class='ocrx_word' id='word_1_361' title='bbox 3555 2030 3764 2101; x_wconf 68' lang='grc' dir='ltr'>γὰρ,,εί</span> <span class='ocrx_word' id='word_1_362' title='bbox 3790 2028 3862 2098; x_wconf 78' lang='grc' dir='ltr'><strong>τῷ</strong></span> 
     </span>
    </p>
   </div>
   <div class='ocr_carea' id='block_1_47' title="bbox 2293 2121 3862 2195">
    <p class='ocr_par' dir='ltr' id='par_1_47' title="bbox 2293 2121 3862 2195">
     <span class='ocr_line' id='line_1_47' title="bbox 2293 2121 3862 2195; baseline -0.001 -18"><span class='ocrx_word' id='word_1_363' title='bbox 2293 2124 2556 2195; x_wconf 84' lang='grc' dir='ltr'>βαπτιστῇ</span> <span class='ocrx_word' id='word_1_364' title='bbox 2584 2124 2644 2177; x_wconf 83' lang='grc' dir='ltr'><strong>τὸ</strong></span> <span class='ocrx_word' id='word_1_365' title='bbox 2666 2122 2884 2192; x_wconf 80' lang='grc' dir='ltr'>εὐγενές</span> <span class='ocrx_word' id='word_1_366' title='bbox 2911 2140 3011 2193; x_wconf 91' lang='grc' dir='ltr'><strong>μου</strong></span> <span class='ocrx_word' id='word_1_367' title='bbox 3030 2122 3545 2194; x_wconf 77' lang='grc' dir='ltr'>καθυϐρισθήσεται’</span> <span class='ocrx_word' id='word_1_368' title='bbox 3567 2122 3599 2190; x_wconf 81' lang='grc' dir='ltr'>ἢ</span> <span class='ocrx_word' id='word_1_369' title='bbox 3633 2121 3862 2191; x_wconf 79' lang='grc' dir='ltr'>πρεσϐύ-</span> 
     </span>
    </p>
   </div>
   <div class='ocr_carea' id='block_1_48' title="bbox 2291 2204 3858 2284">
    <p class='ocr_par' dir='ltr' id='par_1_48' title="bbox 2291 2204 3858 2284">
     <span class='ocr_line' id='line_1_48' title="bbox 2291 2204 3858 2284; baseline -0.001 -19"><span class='ocrx_word' id='word_1_370' title='bbox 2291 2229 2447 2284; x_wconf 87' lang='grc' dir='ltr'>τερος</span> <span class='ocrx_word' id='word_1_371' title='bbox 2481 2212 2597 2282; x_wconf 84' lang='grc' dir='ltr'>μὲν,</span> <span class='ocrx_word' id='word_1_372' title='bbox 2654 2211 2788 2265; x_wconf 82' lang='grc' dir='ltr'>ἀλλὰ</span> <span class='ocrx_word' id='word_1_373' title='bbox 2820 2212 2915 2265; x_wconf 76' lang='grc' dir='ltr'><strong>καὶ</strong></span> <span class='ocrx_word' id='word_1_374' title='bbox 2960 2206 3114 2276; x_wconf 73' lang='grc' dir='ltr'>οὗτος</span> <span class='ocrx_word' id='word_1_375' title='bbox 3155 2212 3262 2265; x_wconf 86' lang='grc' dir='ltr'><strong>τῶν</strong></span> <span class='ocrx_word' id='word_1_376' title='bbox 3310 2212 3559 2283; x_wconf 86' lang='grc' dir='ltr'><strong>ἀγάμων,</strong></span> <span class='ocrx_word' id='word_1_377' title='bbox 3588 2213 3686 2265; x_wconf 74' lang='grc' dir='ltr'>καὶ</span> <span class='ocrx_word' id='word_1_378' title='bbox 3714 2204 3858 2275; x_wconf 72' lang='grc' dir='ltr'>οὗτος</span> 
     </span>
    </p>
   </div>
   <div class='ocr_carea' id='block_1_49' title="bbox 2292 2289 3860 2374">
    <p class='ocr_par' dir='ltr' id='par_1_49' title="bbox 2292 2289 3860 2374">
     <span class='ocr_line' id='line_1_49' title="bbox 2292 2289 3860 2374; baseline -0.001 -19"><span class='ocrx_word' id='word_1_379' title='bbox 2292 2302 2400 2355; x_wconf 83' lang='grc' dir='ltr'><strong>τῶν</strong></span> <span class='ocrx_word' id='word_1_380' title='bbox 2437 2302 2722 2373; x_wconf 79' lang='grc' dir='ltr'>ὲγκρατῶν</span> <span class='ocrx_word' id='word_1_381' title='bbox 2764 2302 2859 2355; x_wconf 75' lang='grc' dir='ltr'><strong>καὶ</strong></span> <span class='ocrx_word' id='word_1_382' title='bbox 2898 2289 3201 2371; x_wconf 84' lang='grc' dir='ltr'>ἀγγελικῶν</span> <span class='ocrx_word' id='word_1_383' title='bbox 3239 2303 3337 2374; x_wconf 77' lang='grc' dir='ltr'><strong>τὴν</strong></span> <span class='ocrx_word' id='word_1_384' title='bbox 3369 2302 3665 2355; x_wconf 79' lang='grc' dir='ltr'>πολιτείαν·</span> <span class='ocrx_word' id='word_1_385' title='bbox 3697 2302 3860 2354; x_wconf 82' lang='grc' dir='ltr'>δεινὸν</span> 
     </span>
    </p>
   </div>
   <div class='ocr_carea' id='block_1_50' title="bbox 2292 2388 3859 2463">
    <p class='ocr_par' dir='ltr' id='par_1_50' title="bbox 2292 2388 3859 2463">
     <span class='ocr_line' id='line_1_50' title="bbox 2292 2388 3859 2463; baseline 0.001 -22"><span class='ocrx_word' id='word_1_386' title='bbox 2292 2388 2419 2458; x_wconf 87' lang='grc' dir='ltr'><strong>γάρ,</strong></span> <span class='ocrx_word' id='word_1_387' title='bbox 2447 2390 2495 2441; x_wconf 84' lang='grc' dir='ltr'><strong>εί</strong></span> <span class='ocrx_word' id='word_1_388' title='bbox 2527 2390 2585 2441; x_wconf 86' lang='grc' dir='ltr'>ὲν</span> <span class='ocrx_word' id='word_1_389' title='bbox 2618 2388 2791 2459; x_wconf 82' lang='grc' dir='ltr'>καιρῷ</span> <span class='ocrx_word' id='word_1_390' title='bbox 2814 2388 3132 2459; x_wconf 83' lang='grc' dir='ltr'>καθάρσεως</span> <span class='ocrx_word' id='word_1_391' title='bbox 3155 2389 3567 2460; x_wconf 79' lang='grc' dir='ltr'>ρυπωθήσομαι.</span> <span class='ocrx_word' id='word_1_392' title='bbox 3591 2390 3687 2463; x_wconf 84' lang='grc' dir='ltr'><strong>Μὴ</strong></span> <span class='ocrx_word' id='word_1_393' title='bbox 3718 2391 3859 2459; x_wconf 79' lang='grc' dir='ltr'>ζήτει</span> 
     </span>
    </p>
   </div>
   <div class='ocr_carea' id='block_1_51' title="bbox 2295 2479 3859 2553">
    <p class='ocr_par' dir='ltr' id='par_1_51' title="bbox 2295 2479 3859 2553">
     <span class='ocr_line' id='line_1_51' title="bbox 2295 2479 3859 2553; baseline 0.003 -21"><span class='ocrx_word' id='word_1_394' title='bbox 2295 2479 2633 2544; x_wconf 79' lang='grc' dir='ltr'>ἀξιοπιστίαν</span> <span class='ocrx_word' id='word_1_395' title='bbox 2655 2480 2749 2534; x_wconf 91' lang='grc' dir='ltr'><strong>τοῦ</strong></span> <span class='ocrx_word' id='word_1_396' title='bbox 2784 2482 3168 2552; x_wconf 83' lang='grc' dir='ltr'>κηρύσσοντος,</span> <span class='ocrx_word' id='word_1_397' title='bbox 3202 2482 3336 2553; x_wconf 80' lang='grc' dir='ltr'>μηδὲ</span> <span class='ocrx_word' id='word_1_398' title='bbox 3369 2481 3464 2534; x_wconf 86' lang='grc' dir='ltr'><strong>τοῦ</strong></span> <span class='ocrx_word' id='word_1_399' title='bbox 3494 2482 3859 2552; x_wconf 72' lang='grc' dir='ltr'>βαπτίζοντος.</span> 
     </span>
    </p>
   </div>
   <div class='ocr_carea' id='block_1_52' title="bbox 2298 2572 3913 2651">
    <p class='ocr_par' dir='ltr' id='par_1_52' title="bbox 2298 2572 3913 2651">
     <span class='ocr_line' id='line_1_52' title="bbox 2298 2572 3913 2651; baseline 0.003 -27"><span class='ocrx_word' id='word_1_400' title='bbox 2298 2572 2489 2635; x_wconf 82' lang='grc' dir='ltr'>Ἀλλος</span> <span class='ocrx_word' id='word_1_401' title='bbox 2516 2574 2546 2626; x_wconf 93' lang='lat'><strong>6</strong></span> <span class='ocrx_word' id='word_1_402' title='bbox 2577 2572 2780 2626; x_wconf 86' lang='grc' dir='ltr'>τούτων</span> <span class='ocrx_word' id='word_1_403' title='bbox 2814 2573 3026 2646; x_wconf 78' lang='grc' dir='ltr'>κριτὴς,</span> <span class='ocrx_word' id='word_1_404' title='bbox 3053 2576 3145 2627; x_wconf 72' lang='grc' dir='ltr'><strong>καὶ</strong></span> <span class='ocrx_word' id='word_1_405' title='bbox 3177 2576 3284 2627; x_wconf 82' lang='grc' dir='ltr'>τῶν</span> <span class='ocrx_word' id='word_1_406' title='bbox 3312 2575 3695 2646; x_wconf 82' lang='grc' dir='ltr'>ἀφανεστέρων</span> <span class='ocrx_word' id='word_1_407' title='bbox 3724 2576 3859 2629; x_wconf 86' lang='grc' dir='ltr'>δοκι·</span> <span class='ocrx_word' id='word_1_408' title='bbox 3898 2638 3913 2651; x_wconf 40' lang='grc' dir='ltr'><em>ι</em></span> 
     </span>
    </p>
   </div>
   <div class='ocr_carea' id='block_1_53' title="bbox 2298 2666 3863 2737">
    <p class='ocr_par' dir='ltr' id='par_1_53' title="bbox 2298 2666 3863 2737">
     <span class='ocr_line' id='line_1_53' title="bbox 2298 2666 3863 2737; baseline 0.001 -20"><span class='ocrx_word' id='word_1_409' title='bbox 2298 2667 2527 2736; x_wconf 76' lang='grc' dir='ltr'>μαστήςο</span> <span class='ocrx_word' id='word_1_410' title='bbox 2560 2666 2771 2737; x_wconf 78' lang='grc' dir='ltr'>ἐπειδὴ,</span> <span class='ocrx_word' id='word_1_411' title='bbox 2820 2666 3101 2736; x_wconf 81' lang='grc' dir='ltr'>ἄνθρωπος</span> <span class='ocrx_word' id='word_1_412' title='bbox 3144 2668 3356 2737; x_wconf 83' lang='grc' dir='ltr'>μὲν·είς</span> <span class='ocrx_word' id='word_1_413' title='bbox 3390 2666 3707 2735; x_wconf 74' lang='grc' dir='ltr'>πρόσωπον,</span> <span class='ocrx_word' id='word_1_414' title='bbox 3737 2668 3863 2729; x_wconf 82' lang='grc' dir='ltr'>Θεὸς</span> 
     </span>
    </p>
   </div>
   <div class='ocr_carea' id='block_1_54' title="bbox 2296 2756 3862 2830">
    <p class='ocr_par' dir='ltr' id='par_1_54' title="bbox 2296 2756 3862 2830">
     <span class='ocr_line' id='line_1_54' title="bbox 2296 2756 3862 2830; baseline 0.002 -22"><span class='ocrx_word' id='word_1_415' title='bbox 2296 2756 2353 2808; x_wconf 85' lang='grc' dir='ltr'><strong>δὲ</strong></span> <span class='ocrx_word' id='word_1_416' title='bbox 2382 2758 2459 2819; x_wconf 79' lang='grc' dir='ltr'><strong>εἰς</strong></span> <span class='ocrx_word' id='word_1_417' title='bbox 2490 2758 2734 2828; x_wconf 87' lang='grc' dir='ltr'>καρδίαν.</span> <span class='ocrx_word' id='word_1_418' title='bbox 2770 2758 2862 2811; x_wconf 71' lang='grc' dir='ltr'>Σοὶ</span> <span class='ocrx_word' id='word_1_419' title='bbox 2894 2758 2950 2810; x_wconf 84' lang='grc' dir='ltr'>δὲ</span> <span class='ocrx_word' id='word_1_420' title='bbox 3002 2760 3111 2822; x_wconf 78' lang='grc' dir='ltr'><strong>πᾶς</strong></span> <span class='ocrx_word' id='word_1_421' title='bbox 3154 2758 3465 2825; x_wconf 81' lang='grc' dir='ltr'>ἀξιόπιστος</span> <span class='ocrx_word' id='word_1_422' title='bbox 3494 2761 3573 2822; x_wconf 85' lang='grc' dir='ltr'><strong>είς</strong></span> <span class='ocrx_word' id='word_1_423' title='bbox 3617 2759 3722 2830; x_wconf 77' lang='grc' dir='ltr'>τὴν</span> <span class='ocrx_word' id='word_1_424' title='bbox 3755 2758 3862 2828; x_wconf 79' lang='grc'><strong>(10)</strong></span> 
     </span>
    </p>
   </div>
   <div class='ocr_carea' id='block_1_55' title="bbox 2295 2848 3864 2922">
    <p class='ocr_par' dir='ltr' id='par_1_55' title="bbox 2295 2848 3864 2922">
     <span class='ocr_line' id='line_1_55' title="bbox 2295 2848 3864 2922; baseline 0.001 -23"><span class='ocrx_word' id='word_1_425' title='bbox 2295 2848 2579 2919; x_wconf 84' lang='grc' dir='ltr'>κάθαρσιν·</span> <span class='ocrx_word' id='word_1_426' title='bbox 2616 2849 2774 2919; x_wconf 86' lang='grc' dir='ltr'>μόνον</span> <span class='ocrx_word' id='word_1_427' title='bbox 2799 2848 2939 2903; x_wconf 75' lang='grc' dir='ltr'>ἔστω</span> <span class='ocrx_word' id='word_1_428' title='bbox 2957 2867 3039 2913; x_wconf 88' lang='grc' dir='ltr'><strong>τις</strong></span> <span class='ocrx_word' id='word_1_429' title='bbox 3069 2849 3177 2904; x_wconf 84' lang='grc' dir='ltr'><strong>τῶν</strong></span> <span class='ocrx_word' id='word_1_430' title='bbox 3209 2849 3497 2920; x_wconf 83' lang='grc' dir='ltr'>ὲγκρίτων,</span> <span class='ocrx_word' id='word_1_431' title='bbox 3534 2852 3629 2903; x_wconf 75' lang='grc' dir='ltr'><strong>καὶ</strong></span> <span class='ocrx_word' id='word_1_432' title='bbox 3664 2850 3737 2922; x_wconf 81' lang='grc' dir='ltr'>μὴ</span> <span class='ocrx_word' id='word_1_433' title='bbox 3762 2850 3864 2902; x_wconf 83' lang='grc' dir='ltr'><strong>τῶν</strong></span> 
     </span>
    </p>
   </div>
   <div class='ocr_carea' id='block_1_56' title="bbox 2296 2938 3862 3014">
    <p class='ocr_par' dir='ltr' id='par_1_56' title="bbox 2296 2938 3862 3014">
     <span class='ocr_line' id='line_1_56' title="bbox 2296 2938 3862 3014; baseline 0.001 -22"><span class='ocrx_word' id='word_1_434' title='bbox 2296 2938 2576 3010; x_wconf 81' lang='grc' dir='ltr'>προδήλως</span> <span class='ocrx_word' id='word_1_435' title='bbox 2624 2941 3087 3011; x_wconf 82' lang='grc' dir='ltr'>κατεγνωσμένων</span> <span class='ocrx_word' id='word_1_436' title='bbox 3113 2981 3128 3006; x_wconf 85' lang='grc'><strong>,</strong></span> <span class='ocrx_word' id='word_1_437' title='bbox 3186 2941 3318 3013; x_wconf 83' lang='grc' dir='ltr'>μηδὲ</span> <span class='ocrx_word' id='word_1_438' title='bbox 3380 2941 3482 3011; x_wconf 78' lang='grc' dir='ltr'><strong>τῆς</strong></span> <span class='ocrx_word' id='word_1_439' title='bbox 3546 2942 3862 3014; x_wconf 80' lang='grc' dir='ltr'>Ἐκκλησίας</span> 
     </span>
    </p>
   </div>
   <div class='ocr_carea' id='block_1_57' title="bbox 620 3019 2189 3105">
    <p class='ocr_par' dir='ltr' id='par_1_57' title="bbox 620 3019 2189 3102">
     <span class='ocr_line' id='line_1_57' title="bbox 620 3019 2189 3102; baseline -0.011 -12"><span class='ocrx_word' id='word_1_440' title='bbox 620 3030 782 3102; x_wconf 79' lang='grc'><strong>712</strong></span> <span class='ocrx_word' id='word_1_441' title='bbox 807 3027 925 3084; x_wconf 81' lang='lat' dir='ltr'><strong>Tibi</strong></span> <span class='ocrx_word' id='word_1_442' title='bbox 964 3037 1142 3081; x_wconf 89' lang='lat' dir='ltr'><strong>autem</strong></span> <span class='ocrx_word' id='word_1_443' title='bbox 1172 3025 1349 3095; x_wconf 86' lang='lat' dir='ltr'><strong>quivis</strong></span> <span class='ocrx_word' id='word_1_444' title='bbox 1395 3023 1461 3077; x_wconf 89' lang='lat' dir='ltr'><strong>ad</strong></span> <span class='ocrx_word' id='word_1_445' title='bbox 1507 3021 1876 3091; x_wconf 72' lang='lat' dir='ltr'><strong>purgationem</strong></span> <span class='ocrx_word' id='word_1_446' title='bbox 1925 3019 2056 3074; x_wconf 87' lang='lat' dir='ltr'><strong>satis</strong></span> <span class='ocrx_word' id='word_1_447' title='bbox 2082 3019 2189 3074; x_wconf 91' lang='lat' dir='ltr'><strong>ido-</strong></span> 
     </span>
    </p>
   </div>
   <div class='ocr_carea' id='block_1_58' title="bbox 2293 3019 3863 3105">
    <p class='ocr_par' dir='ltr' id='par_1_58' title="bbox 2296 3029 3863 3103">
     <span class='ocr_line' id='line_1_58' title="bbox 2296 3029 3863 3103; baseline 0.004 -23"><span class='ocrx_word' id='word_1_448' title='bbox 2296 3029 2591 3100; x_wconf 82' lang='grc' dir='ltr'>ἀλλότριος.</span> <span class='ocrx_word' id='word_1_449' title='bbox 2628 3030 2720 3101; x_wconf 81' lang='grc' dir='ltr'><strong>Μὴ</strong></span> <span class='ocrx_word' id='word_1_450' title='bbox 2750 3032 2902 3101; x_wconf 76' lang='grc' dir='ltr'>κρῖνε</span> <span class='ocrx_word' id='word_1_451' title='bbox 2944 3030 3067 3093; x_wconf 76' lang='grc' dir='ltr'>τοὺς</span> <span class='ocrx_word' id='word_1_452' title='bbox 3099 3030 3313 3101; x_wconf 85' lang='grc' dir='ltr'>κριτὰς,</span> <span class='ocrx_word' id='word_1_453' title='bbox 3343 3033 3371 3084; x_wconf 89' lang='lat'><strong>6</strong></span> <span class='ocrx_word' id='word_1_454' title='bbox 3405 3031 3622 3103; x_wconf 75' lang='grc' dir='ltr'>χρῄζων</span> <span class='ocrx_word' id='word_1_455' title='bbox 3662 3033 3757 3103; x_wconf 80' lang='grc' dir='ltr'><strong>τῆς</strong></span> <span class='ocrx_word' id='word_1_456' title='bbox 3788 3035 3863 3087; x_wconf 77' lang='grc' dir='ltr'>ία-</span> 
     </span>
    </p>
   </div>
   <div class='ocr_carea' id='block_1_59' title="bbox 620 3114 2189 3184">
    <p class='ocr_par' dir='ltr' id='par_1_59' title="bbox 620 3114 2189 3184">
     <span class='ocr_line' id='line_1_59' title="bbox 620 3114 2189 3184; baseline -0.008 -9"><span class='ocrx_word' id='word_1_457' title='bbox 620 3133 754 3175; x_wconf 90' lang='lat' dir='ltr'><strong>neus</strong></span> <span class='ocrx_word' id='word_1_458' title='bbox 793 3127 897 3184; x_wconf 88' lang='lat' dir='ltr'><strong>est,</strong></span> <span class='ocrx_word' id='word_1_459' title='bbox 947 3116 1107 3172; x_wconf 91' lang='lat' dir='ltr'><strong>modo</strong></span> <span class='ocrx_word' id='word_1_460' title='bbox 1154 3115 1293 3169; x_wconf 88' lang='lat' dir='ltr'><strong>inter</strong></span> <span class='ocrx_word' id='word_1_461' title='bbox 1326 3114 1586 3182; x_wconf 88' lang='lat' dir='ltr'><strong>probatos</strong></span> <span class='ocrx_word' id='word_1_462' title='bbox 1622 3118 1929 3173; x_wconf 87' lang='lat' dir='ltr'><strong>censeatur,</strong></span> <span class='ocrx_word' id='word_1_463' title='bbox 1977 3122 2042 3163; x_wconf 89' lang='lat' dir='ltr'><strong>ac</strong></span> <span class='ocrx_word' id='word_1_464' title='bbox 2087 3123 2189 3163; x_wconf 91' lang='lat' dir='ltr'><strong>non</strong></span> 
     </span>
    </p>
   </div>
   <div class='ocr_carea' id='block_1_60' title="bbox 619 3200 2190 3282">
    <p class='ocr_par' dir='ltr' id='par_1_60' title="bbox 619 3200 2190 3282">
     <span class='ocr_line' id='line_1_60' title="bbox 619 3200 2190 3282; baseline -0.009 -14"><span class='ocrx_word' id='word_1_465' title='bbox 619 3221 803 3282; x_wconf 71' lang='lat' dir='ltr'><strong>aperte</strong></span> <span class='ocrx_word' id='word_1_466' title='bbox 833 3208 1219 3265; x_wconf 88' lang='lat' dir='ltr'><strong>condemnatus</strong></span> <span class='ocrx_word' id='word_1_467' title='bbox 1270 3204 1365 3268; x_wconf 79' lang='lat' dir='ltr'><strong>Sit,</strong></span> <span class='ocrx_word' id='word_1_468' title='bbox 1398 3213 1560 3272; x_wconf 86' lang='lat' dir='ltr'><strong>atque</strong></span> <span class='ocrx_word' id='word_1_469' title='bbox 1588 3201 1655 3257; x_wconf 90' lang='lat' dir='ltr'><strong>ab</strong></span> <span class='ocrx_word' id='word_1_470' title='bbox 1687 3201 1933 3256; x_wconf 83' lang='lat' dir='ltr'><strong>Ecclesia</strong></span> <span class='ocrx_word' id='word_1_471' title='bbox 1963 3200 2190 3256; x_wconf 89' lang='lat' dir='ltr'><strong>alienus.</strong></span> 
     </span>
    </p>
   </div>
   <div class='ocr_carea' id='block_1_61' title="bbox 610 3296 2192 3374">
    <p class='ocr_par' dir='ltr' id='par_1_61' title="bbox 610 3296 2192 3374">
     <span class='ocr_line' id='line_1_61' title="bbox 610 3296 2192 3374; baseline -0.007 -15"><span class='ocrx_word' id='word_1_472' title='bbox 610 3305 721 3374; x_wconf 84' lang='lat' dir='ltr'><strong>‘Qui</strong></span> <span class='ocrx_word' id='word_1_473' title='bbox 744 3303 1021 3360; x_wconf 87' lang='lat' dir='ltr'><strong>curatione</strong></span> <span class='ocrx_word' id='word_1_474' title='bbox 1048 3302 1275 3372; x_wconf 77' lang='lat' dir='ltr'><strong>indiges,</strong></span> <span class='ocrx_word' id='word_1_475' title='bbox 1304 3299 1359 3355; x_wconf 89' lang='lat' dir='ltr'><strong>in</strong></span> <span class='ocrx_word' id='word_1_476' title='bbox 1385 3299 1595 3369; x_wconf 88' lang='lat' dir='ltr'><strong>judices</strong></span> <span class='ocrx_word' id='word_1_477' title='bbox 1610 3296 1870 3366; x_wconf 87' lang='lat' dir='ltr'><strong>judicium</strong></span> <span class='ocrx_word' id='word_1_478' title='bbox 1899 3310 1966 3351; x_wconf 89' lang='lat' dir='ltr'><strong>ne</strong></span> <span class='ocrx_word' id='word_1_479' title='bbox 1981 3296 2192 3364; x_wconf 83' lang='lat' dir='ltr'><strong>arripe;</strong></span> 
     </span>
    </p>
   </div>
   <div class='ocr_carea' id='block_1_62' title="bbox 531 3385 2188 3465">
    <p class='ocr_par' dir='ltr' id='par_1_62' title="bbox 531 3385 2188 3465">
     <span class='ocr_line' id='line_1_62' title="bbox 531 3385 2188 3465; baseline -0.01 -7"><span class='ocrx_word' id='word_1_480' title='bbox 531 3385 545 3396; x_wconf 73' lang='grc'><em>’</em></span> <span class='ocrx_word' id='word_1_481' title='bbox 618 3415 721 3457; x_wconf 85' lang='lat' dir='ltr'><strong>nec</strong></span> <span class='ocrx_word' id='word_1_482' title='bbox 772 3413 981 3463; x_wconf 81' lang='lat' dir='ltr'><strong>eorum,</strong></span> <span class='ocrx_word' id='word_1_483' title='bbox 1020 3412 1049 3450; x_wconf 90' lang='lat' dir='ltr'><strong>a</strong></span> <span class='ocrx_word' id='word_1_484' title='bbox 1083 3394 1283 3465; x_wconf 89' lang='lat' dir='ltr'><strong>quibus</strong></span> <span class='ocrx_word' id='word_1_485' title='bbox 1329 3393 1597 3465; x_wconf 90' lang='lat' dir='ltr'><strong>purgaris,</strong></span> <span class='ocrx_word' id='word_1_486' title='bbox 1641 3391 1931 3462; x_wconf 88' lang='lat' dir='ltr'><strong>dignitates</strong></span> <span class='ocrx_word' id='word_1_487' title='bbox 1975 3397 2188 3455; x_wconf 81' lang='lat' dir='ltr'><strong>excute,</strong></span> 
     </span>
    </p>
   </div>
   <div class='ocr_carea' id='block_1_63' title="bbox 619 3479 2195 3560">
    <p class='ocr_par' dir='ltr' id='par_1_63' title="bbox 619 3479 2195 3560">
     <span class='ocr_line' id='line_1_63' title="bbox 619 3479 2195 3560; baseline -0.007 -14"><span class='ocrx_word' id='word_1_488' title='bbox 619 3506 721 3548; x_wconf 84' lang='lat' dir='ltr'><strong>nec</strong></span> <span class='ocrx_word' id='word_1_489' title='bbox 754 3493 896 3547; x_wconf 88' lang='lat' dir='ltr'><strong>inter</strong></span> <span class='ocrx_word' id='word_1_490' title='bbox 927 3490 1197 3560; x_wconf 85' lang='lat' dir='ltr'><strong>genitores</strong></span> <span class='ocrx_word' id='word_1_491' title='bbox 1222 3484 1484 3541; x_wconf 89' lang='lat' dir='ltr'><strong>delectum</strong></span> <span class='ocrx_word' id='word_1_492' title='bbox 1520 3483 1677 3539; x_wconf 86' lang='lat' dir='ltr'><strong>habe.</strong></span> <span class='ocrx_word' id='word_1_493' title='bbox 1705 3483 1797 3538; x_wconf 83' lang='lat' dir='ltr'><strong>Est</strong></span> <span class='ocrx_word' id='word_1_494' title='bbox 1821 3482 2035 3553; x_wconf 86' lang='lat' dir='ltr'><strong>quidem</strong></span> <span class='ocrx_word' id='word_1_495' title='bbox 2058 3479 2195 3535; x_wconf 88' lang='lat' dir='ltr'><strong>alius</strong></span> 
     </span>
    </p>
   </div>
   <div class='ocr_carea' id='block_1_64' title="bbox 620 3571 2194 3651">
    <p class='ocr_par' dir='ltr' id='par_1_64' title="bbox 620 3571 2194 3651">
     <span class='ocr_line' id='line_1_64' title="bbox 620 3571 2194 3651; baseline -0.01 -13"><span class='ocrx_word' id='word_1_496' title='bbox 620 3583 727 3638; x_wconf 86' lang='lat' dir='ltr'><strong>alio</strong></span> <span class='ocrx_word' id='word_1_497' title='bbox 770 3580 1129 3651; x_wconf 65' lang='lat' dir='ltr'><strong>praestantior,</strong></span> <span class='ocrx_word' id='word_1_498' title='bbox 1165 3577 1249 3631; x_wconf 87' lang='lat' dir='ltr'><strong>vel</strong></span> <span class='ocrx_word' id='word_1_499' title='bbox 1280 3575 1541 3631; x_wconf 81' lang='lat' dir='ltr'><strong>inferior:</strong></span> <span class='ocrx_word' id='word_1_500' title='bbox 1572 3583 1625 3629; x_wconf 86' lang='lat' dir='ltr'><strong>te</strong></span> <span class='ocrx_word' id='word_1_501' title='bbox 1662 3583 1843 3628; x_wconf 87' lang='lat' dir='ltr'><strong>autem</strong></span> <span class='ocrx_word' id='word_1_502' title='bbox 1903 3571 2079 3640; x_wconf 90' lang='lat' dir='ltr'><strong>quivis</strong></span> <span class='ocrx_word' id='word_1_503' title='bbox 2108 3579 2194 3625; x_wconf 88' lang='lat' dir='ltr'><strong>est</strong></span> 
     </span>
    </p>
   </div>
   <div class='ocr_carea' id='block_1_65' title="bbox 621 3664 2193 3744">
    <p class='ocr_par' dir='ltr' id='par_1_65' title="bbox 621 3664 2193 3744">
     <span class='ocr_line' id='line_1_65' title="bbox 621 3664 2193 3744; baseline -0.008 -14"><span class='ocrx_word' id='word_1_504' title='bbox 621 3675 889 3744; x_wconf 88' lang='lat' dir='ltr'><strong>superior.</strong></span> <span class='ocrx_word' id='word_1_505' title='bbox 934 3670 1026 3727; x_wconf 90' lang='lat' dir='ltr'><strong>Sic</strong></span> <span class='ocrx_word' id='word_1_506' title='bbox 1058 3681 1233 3726; x_wconf 89' lang='lat' dir='ltr'><strong>tecum</strong></span> <span class='ocrx_word' id='word_1_507' title='bbox 1281 3677 1488 3739; x_wconf 88' lang='lat' dir='ltr'><strong>reputa.</strong></span> <span class='ocrx_word' id='word_1_508' title='bbox 1535 3666 1656 3722; x_wconf 85' lang='lat' dir='ltr'><strong>Sint</strong></span> <span class='ocrx_word' id='word_1_509' title='bbox 1694 3669 1799 3722; x_wconf 91' lang='lat' dir='ltr'><strong>duo</strong></span> <span class='ocrx_word' id='word_1_510' title='bbox 1824 3664 2031 3730; x_wconf 89' lang='lat' dir='ltr'><strong>annuli,</strong></span> <span class='ocrx_word' id='word_1_511' title='bbox 2058 3664 2193 3718; x_wconf 86' lang='lat' dir='ltr'><strong>alter</strong></span> 
     </span>
    </p>
   </div>
   <div class='ocr_carea' id='block_1_66' title="bbox 621 3757 2194 3831">
    <p class='ocr_par' dir='ltr' id='par_1_66' title="bbox 621 3757 2194 3831">
     <span class='ocr_line' id='line_1_66' title="bbox 621 3757 2194 3831; baseline -0.006 -11"><span class='ocrx_word' id='word_1_512' title='bbox 621 3780 840 3831; x_wconf 85' lang='lat' dir='ltr'><strong>aureus,</strong></span> <span class='ocrx_word' id='word_1_513' title='bbox 872 3765 1011 3819; x_wconf 89' lang='lat' dir='ltr'><strong>alter</strong></span> <span class='ocrx_word' id='word_1_514' title='bbox 1031 3763 1262 3826; x_wconf 82' lang='lat' dir='ltr'><strong>ferreus,</strong></span> <span class='ocrx_word' id='word_1_515' title='bbox 1296 3770 1459 3831; x_wconf 90' lang='lat' dir='ltr'><strong>atque</strong></span> <span class='ocrx_word' id='word_1_516' title='bbox 1498 3759 1656 3814; x_wconf 89' lang='lat' dir='ltr'><strong>ambo</strong></span> <span class='ocrx_word' id='word_1_517' title='bbox 1689 3758 1933 3814; x_wconf 87' lang='lat' dir='ltr'><strong>eamdem</strong></span> <span class='ocrx_word' id='word_1_518' title='bbox 1958 3757 2194 3828; x_wconf 84' lang='lat' dir='ltr'><strong>Impera-</strong></span> 
     </span>
    </p>
   </div>
   <div class='ocr_carea' id='block_1_67' title="bbox 621 3848 2193 3924">
    <p class='ocr_par' dir='ltr' id='par_1_67' title="bbox 621 3848 2193 3924">
     <span class='ocr_line' id='line_1_67' title="bbox 621 3848 2193 3924; baseline -0.006 -14"><span class='ocrx_word' id='word_1_519' title='bbox 621 3857 757 3911; x_wconf 85' lang='lat' dir='ltr'><strong>toris</strong></span> <span class='ocrx_word' id='word_1_520' title='bbox 779 3855 1066 3924; x_wconf 85' lang='lat' dir='ltr'><strong>imaginem</strong></span> <span class='ocrx_word' id='word_1_521' title='bbox 1100 3851 1419 3922; x_wconf 87' lang='lat' dir='ltr'><strong>insculptam</strong></span> <span class='ocrx_word' id='word_1_522' title='bbox 1449 3849 1778 3916; x_wconf 87' lang='lat' dir='ltr'><strong>habeant,ac</strong></span> <span class='ocrx_word' id='word_1_523' title='bbox 1800 3848 1993 3904; x_wconf 90' lang='lat' dir='ltr'><strong>deinde</strong></span> <span class='ocrx_word' id='word_1_524' title='bbox 2013 3862 2193 3903; x_wconf 89' lang='lat' dir='ltr'><strong>ceram</strong></span> 
     </span>
    </p>
   </div>
   <div class='ocr_carea' id='block_1_68' title="bbox 620 3936 2193 4014">
    <p class='ocr_par' dir='ltr' id='par_1_68' title="bbox 620 3936 2193 4014">
     <span class='ocr_line' id='line_1_68' title="bbox 620 3936 2193 4014; baseline -0.006 -14"><span class='ocrx_word' id='word_1_525' title='bbox 620 3944 953 4014; x_wconf 84' lang='lat' dir='ltr'><strong>imprimam.</strong></span> <span class='ocrx_word' id='word_1_526' title='bbox 986 3942 1125 4009; x_wconf 83' lang='lat' dir='ltr'><strong>Quid</strong></span> <span class='ocrx_word' id='word_1_527' title='bbox 1172 3941 1383 3995; x_wconf 91' lang='lat' dir='ltr'><strong>tandem</strong></span> <span class='ocrx_word' id='word_1_528' title='bbox 1438 3939 1538 3993; x_wconf 93' lang='lat' dir='ltr'><strong>hoc</strong></span> <span class='ocrx_word' id='word_1_529' title='bbox 1592 3940 1804 4008; x_wconf 90' lang='lat' dir='ltr'><strong>signum</strong></span> <span class='ocrx_word' id='word_1_530' title='bbox 1830 3937 2010 3993; x_wconf 88' lang='lat' dir='ltr'><strong>abillo</strong></span> <span class='ocrx_word' id='word_1_531' title='bbox 2040 3936 2193 4007; x_wconf 88' lang='lat' dir='ltr'><strong>signo</strong></span> 
     </span>
    </p>
   </div>
   <div class='ocr_carea' id='block_1_69' title="bbox 619 4020 2193 4098">
    <p class='ocr_par' dir='ltr' id='par_1_69' title="bbox 619 4020 2193 4098">
     <span class='ocr_line' id='line_1_69' title="bbox 619 4020 2193 4098; baseline -0.005 -9"><span class='ocrx_word' id='word_1_532' title='bbox 619 4020 1042 4089; x_wconf 83' lang='lat' dir='ltr'><strong>diIl‘eret?Nihil.</strong></span> <span class='ocrx_word' id='word_1_533' title='bbox 1103 4031 1381 4086; x_wconf 82' lang='lat' dir='ltr'><strong>Materiam</strong></span> <span class='ocrx_word' id='word_1_534' title='bbox 1416 4029 1468 4084; x_wconf 93' lang='lat' dir='ltr'><strong>in</strong></span> <span class='ocrx_word' id='word_1_535' title='bbox 1501 4043 1624 4084; x_wconf 90' lang='lat' dir='ltr'><strong>cera</strong></span> <span class='ocrx_word' id='word_1_536' title='bbox 1655 4029 1976 4096; x_wconf 88' lang='lat' dir='ltr'><strong>internosce,</strong></span> <span class='ocrx_word' id='word_1_537' title='bbox 2005 4044 2193 4098; x_wconf 86' lang='lat' dir='ltr'><strong>quam-</strong></span> 
     </span>
    </p>
   </div>
   <div class='ocr_carea' id='block_1_70' title="bbox 616 4119 2194 4195">
    <p class='ocr_par' dir='ltr' id='par_1_70' title="bbox 616 4119 2194 4195">
     <span class='ocr_line' id='line_1_70' title="bbox 616 4119 2194 4195; baseline -0.004 -16"><span class='ocrx_word' id='word_1_538' title='bbox 616 4125 753 4180; x_wconf 87' lang='lat' dir='ltr'><strong>lihet</strong></span> <span class='ocrx_word' id='word_1_539' title='bbox 794 4122 1058 4195; x_wconf 85' lang='lat' dir='ltr'><strong>singulari</strong></span> <span class='ocrx_word' id='word_1_540' title='bbox 1113 4121 1328 4178; x_wconf 85' lang='lat' dir='ltr'><strong>solertia</strong></span> <span class='ocrx_word' id='word_1_541' title='bbox 1386 4120 1495 4175; x_wconf 87' lang='lat' dir='ltr'><strong>sis?</strong></span> <span class='ocrx_word' id='word_1_542' title='bbox 1541 4120 1657 4184; x_wconf 91' lang='lat' dir='ltr'><strong>Dic,</strong></span> <span class='ocrx_word' id='word_1_543' title='bbox 1689 4128 1865 4174; x_wconf 90' lang='lat' dir='ltr'><strong>utrum</strong></span> <span class='ocrx_word' id='word_1_544' title='bbox 1912 4134 1943 4175; x_wconf 93' lang='lat' dir='ltr'><strong>e</strong></span> <span class='ocrx_word' id='word_1_545' title='bbox 1985 4119 2194 4173; x_wconf 89' lang='lat' dir='ltr'><strong>duobus</strong></span> 
     </span>
    </p>
   </div>
   <div class='ocr_carea' id='block_1_71' title="bbox 618 4210 2190 4286">
    <p class='ocr_par' dir='ltr' id='par_1_71' title="bbox 618 4210 2190 4286">
     <span class='ocr_line' id='line_1_71' title="bbox 618 4210 2190 4286; baseline -0.003 -18"><span class='ocrx_word' id='word_1_546' title='bbox 618 4215 812 4286; x_wconf 84' lang='lat' dir='ltr'><strong>signis.</strong></span> <span class='ocrx_word' id='word_1_547' title='bbox 847 4229 1019 4270; x_wconf 90' lang='lat' dir='ltr'><strong>aureo</strong></span> <span class='ocrx_word' id='word_1_548' title='bbox 1065 4212 1277 4270; x_wconf 91' lang='lat' dir='ltr'><strong>scilicet</strong></span> <span class='ocrx_word' id='word_1_549' title='bbox 1306 4212 1526 4276; x_wconf 89' lang='lat' dir='ltr'><strong>annulo,</strong></span> <span class='ocrx_word' id='word_1_550' title='bbox 1560 4227 1627 4265; x_wconf 90' lang='lat' dir='ltr'><strong>an</strong></span> <span class='ocrx_word' id='word_1_551' title='bbox 1656 4210 1833 4266; x_wconf 80' lang='lat' dir='ltr'><strong>ferreo</strong></span> <span class='ocrx_word' id='word_1_552' title='bbox 1874 4224 2190 4279; x_wconf 84' lang='lat' dir='ltr'><strong>expressum</strong></span> 
     </span>
    </p>
   </div>
   <div class='ocr_carea' id='block_1_72' title="bbox 618 4301 2192 4376">
    <p class='ocr_par' dir='ltr' id='par_1_72' title="bbox 618 4301 2192 4376">
     <span class='ocr_line' id='line_1_72' title="bbox 618 4301 2192 4376; baseline -0.005 -15"><span class='ocrx_word' id='word_1_553' title='bbox 618 4307 711 4371; x_wconf 88' lang='lat' dir='ltr'><strong>sit,</strong></span> <span class='ocrx_word' id='word_1_554' title='bbox 758 4315 814 4361; x_wconf 89' lang='lat' dir='ltr'><strong>et</strong></span> <span class='ocrx_word' id='word_1_555' title='bbox 856 4305 1125 4376; x_wconf 90' lang='lat' dir='ltr'><strong>quomodo</strong></span> <span class='ocrx_word' id='word_1_556' title='bbox 1163 4319 1327 4358; x_wconf 90' lang='lat' dir='ltr'><strong>unum</strong></span> <span class='ocrx_word' id='word_1_557' title='bbox 1386 4303 1635 4371; x_wconf 89' lang='lat' dir='ltr'><strong>idemque</strong></span> <span class='ocrx_word' id='word_1_558' title='bbox 1682 4301 1893 4371; x_wconf 88' lang='lat' dir='ltr'><strong>signum</strong></span> <span class='ocrx_word' id='word_1_559' title='bbox 1922 4301 2192 4355; x_wconf 84' lang='lat' dir='ltr'><strong>exsistat?</strong></span> 
     </span>
    </p>
   </div>
   <div class='ocr_carea' id='block_1_73' title="bbox 2293 3120 3862 3195">
    <p class='ocr_par' dir='ltr' id='par_1_73' title="bbox 2293 3120 3862 3195">
     <span class='ocr_line' id='line_1_73' title="bbox 2293 3120 3862 3195; baseline 0.002 -20"><span class='ocrx_word' id='word_1_560' title='bbox 2293 3122 2497 3193; x_wconf 85' lang='grc' dir='ltr'>τρείας·</span> <span class='ocrx_word' id='word_1_561' title='bbox 2540 3122 2673 3191; x_wconf 78' lang='grc' dir='ltr'>μηδὲ</span> <span class='ocrx_word' id='word_1_562' title='bbox 2718 3120 3012 3195; x_wconf 77' lang='grc' dir='ltr'>φιλοκρίνει</span> <span class='ocrx_word' id='word_1_563' title='bbox 3062 3122 3171 3193; x_wconf 90' lang='lat' dir='ltr'><strong>(II)</strong></span> <span class='ocrx_word' id='word_1_564' title='bbox 3202 3140 3291 3193; x_wconf 92' lang='grc' dir='ltr'><strong>μοι</strong></span> <span class='ocrx_word' id='word_1_565' title='bbox 3329 3123 3428 3187; x_wconf 84' lang='grc' dir='ltr'>τὰς</span> <span class='ocrx_word' id='word_1_566' title='bbox 3451 3124 3607 3188; x_wconf 78' lang='grc' dir='ltr'>ἀξίας</span> <span class='ocrx_word' id='word_1_567' title='bbox 3644 3126 3750 3177; x_wconf 85' lang='grc' dir='ltr'>τῶν</span> <span class='ocrx_word' id='word_1_568' title='bbox 3808 3125 3862 3178; x_wconf 81' lang='grc' dir='ltr'>σὲ</span> 
     </span>
    </p>
   </div>
   <div class='ocr_carea' id='block_1_74' title="bbox 2293 3214 3857 3288">
    <p class='ocr_par' dir='ltr' id='par_1_74' title="bbox 2293 3214 3857 3288">
     <span class='ocr_line' id='line_1_74' title="bbox 2293 3214 3857 3288; baseline 0.001 -21"><span class='ocrx_word' id='word_1_569' title='bbox 2293 3214 2682 3284; x_wconf 85' lang='grc' dir='ltr'>καθαιρόντων,</span> <span class='ocrx_word' id='word_1_570' title='bbox 2708 3215 2842 3286; x_wconf 77' lang='grc' dir='ltr'>μηδὲ</span> <span class='ocrx_word' id='word_1_571' title='bbox 2872 3215 3155 3284; x_wconf 84' lang='grc' dir='ltr'>διακρίνου</span> <span class='ocrx_word' id='word_1_572' title='bbox 3190 3214 3326 3284; x_wconf 80' lang='grc' dir='ltr'>πρὸς</span> <span class='ocrx_word' id='word_1_573' title='bbox 3359 3216 3487 3279; x_wconf 76' lang='grc' dir='ltr'>τοὺς</span> <span class='ocrx_word' id='word_1_574' title='bbox 3518 3218 3857 3288; x_wconf 80' lang='grc' dir='ltr'>γεννήτορας.</span> 
     </span>
    </p>
   </div>
   <div class='ocr_carea' id='block_1_75' title="bbox 2297 3303 3860 3380">
    <p class='ocr_par' dir='ltr' id='par_1_75' title="bbox 2297 3303 3860 3380">
     <span class='ocr_line' id='line_1_75' title="bbox 2297 3303 3860 3380; baseline 0.004 -25"><span class='ocrx_word' id='word_1_575' title='bbox 2297 3303 2490 3367; x_wconf 80' lang='grc' dir='ltr'>Ἀλλος</span> <span class='ocrx_word' id='word_1_576' title='bbox 2534 3305 2631 3375; x_wconf 84' lang='grc' dir='ltr'>μὲν</span> <span class='ocrx_word' id='word_1_577' title='bbox 2662 3304 2821 3358; x_wconf 82' lang='grc' dir='ltr'>ἄλλου</span> <span class='ocrx_word' id='word_1_578' title='bbox 2871 3306 3163 3376; x_wconf 83' lang='grc' dir='ltr'>κρείττων,</span> <span class='ocrx_word' id='word_1_579' title='bbox 3209 3308 3241 3377; x_wconf 77' lang='grc' dir='ltr'><strong>ἢ</strong></span> <span class='ocrx_word' id='word_1_580' title='bbox 3268 3308 3674 3380; x_wconf 74' lang='grc' dir='ltr'>ταπεινότεροςο</span> <span class='ocrx_word' id='word_1_581' title='bbox 3701 3308 3788 3362; x_wconf 89' lang='grc' dir='ltr'><strong>σοῦ</strong></span> <span class='ocrx_word' id='word_1_582' title='bbox 3810 3309 3860 3361; x_wconf 80' lang='grc' dir='ltr'><strong>δὲ</strong></span> 
     </span>
    </p>
   </div>
   <div class='ocr_carea' id='block_1_76' title="bbox 2296 3396 3859 3473">
    <p class='ocr_par' dir='ltr' id='par_1_76' title="bbox 2296 3396 3859 3473">
     <span class='ocr_line' id='line_1_76' title="bbox 2296 3396 3859 3473; baseline 0.002 -23"><span class='ocrx_word' id='word_1_583' title='bbox 2296 3397 2403 3459; x_wconf 78' lang='grc' dir='ltr'>πᾶς</span> <span class='ocrx_word' id='word_1_584' title='bbox 2457 3396 2804 3467; x_wconf 79' lang='grc' dir='ltr'>ὑψηλότερος.</span> <span class='ocrx_word' id='word_1_585' title='bbox 2849 3397 3048 3451; x_wconf 81' lang='grc' dir='ltr'>Σκόπει</span> <span class='ocrx_word' id='word_1_586' title='bbox 3100 3398 3157 3451; x_wconf 85' lang='grc' dir='ltr'>δὲ</span> <span class='ocrx_word' id='word_1_587' title='bbox 3200 3397 3393 3463; x_wconf 77' lang='grc' dir='ltr'>οὕτως’</span> <span class='ocrx_word' id='word_1_588' title='bbox 3425 3400 3606 3453; x_wconf 83' lang='grc' dir='ltr'>Ἔστω</span> <span class='ocrx_word' id='word_1_589' title='bbox 3650 3400 3859 3473; x_wconf 80' lang='grc' dir='ltr'>χρυσὸς,</span> 
     </span>
    </p>
   </div>
   <div class='ocr_carea' id='block_1_77' title="bbox 2294 3485 3865 3559">
    <p class='ocr_par' dir='ltr' id='par_1_77' title="bbox 2294 3485 3865 3559">
     <span class='ocr_line' id='line_1_77' title="bbox 2294 3485 3865 3559; baseline -0.001 -23"><span class='ocrx_word' id='word_1_590' title='bbox 2294 3485 2434 3539; x_wconf 77' lang='grc' dir='ltr'>ἔστω</span> <span class='ocrx_word' id='word_1_591' title='bbox 2467 3486 2994 3556; x_wconf 84' lang='grc' dir='ltr'>σίδηρος,δακτύλιοι</span> <span class='ocrx_word' id='word_1_592' title='bbox 3032 3486 3088 3539; x_wconf 83' lang='grc' dir='ltr'>δὲ</span> <span class='ocrx_word' id='word_1_593' title='bbox 3114 3487 3431 3559; x_wconf 75' lang='grc' dir='ltr'>ἀμφότεροι,</span> <span class='ocrx_word' id='word_1_594' title='bbox 3468 3487 3557 3540; x_wconf 73' lang='grc' dir='ltr'>καὶ</span> <span class='ocrx_word' id='word_1_595' title='bbox 3585 3486 3685 3557; x_wconf 78' lang='grc' dir='ltr'><strong>τὴν</strong></span> <span class='ocrx_word' id='word_1_596' title='bbox 3705 3486 3865 3556; x_wconf 77' lang='grc' dir='ltr'>αὐτὴν</span> 
     </span>
    </p>
   </div>
   <div class='ocr_carea' id='block_1_78' title="bbox 2294 3574 3863 3650">
    <p class='ocr_par' dir='ltr' id='par_1_78' title="bbox 2294 3574 3863 3650">
     <span class='ocr_line' id='line_1_78' title="bbox 2294 3574 3863 3650; baseline 0 -21"><span class='ocrx_word' id='word_1_597' title='bbox 2294 3576 2784 3648; x_wconf 83' lang='grc' dir='ltr'>ὲγκεχαράχθωσαν</span> <span class='ocrx_word' id='word_1_598' title='bbox 2825 3578 3009 3631; x_wconf 86' lang='grc' dir='ltr'>εἰκόνα</span> <span class='ocrx_word' id='word_1_599' title='bbox 3041 3578 3347 3649; x_wconf 81' lang='grc' dir='ltr'>βασιλικὴν,</span> <span class='ocrx_word' id='word_1_600' title='bbox 3371 3574 3491 3633; x_wconf 78' lang='grc' dir='ltr'>εἶτα</span> <span class='ocrx_word' id='word_1_601' title='bbox 3524 3579 3695 3650; x_wconf 78' lang='grc' dir='ltr'>κηρὸν</span> <span class='ocrx_word' id='word_1_602' title='bbox 3721 3581 3863 3632; x_wconf 75' lang='grc' dir='ltr'>ἐντυ-</span> 
     </span>
    </p>
   </div>
   <div class='ocr_carea' id='block_1_79' title="bbox 2295 3666 3863 3741">
    <p class='ocr_par' dir='ltr' id='par_1_79' title="bbox 2295 3666 3863 3741">
     <span class='ocr_line' id='line_1_79' title="bbox 2295 3666 3863 3741; baseline 0.002 -23"><span class='ocrx_word' id='word_1_603' title='bbox 2295 3666 2579 3719; x_wconf 81' lang='grc' dir='ltr'>πούτωσαν</span> <span class='ocrx_word' id='word_1_604' title='bbox 2605 3666 2737 3736; x_wconf 68' lang='grc'>(12)·</span> <span class='ocrx_word' id='word_1_605' title='bbox 2788 3668 2838 3720; x_wconf 87' lang='grc' dir='ltr'><strong>τί</strong></span> <span class='ocrx_word' id='word_1_606' title='bbox 2866 3666 3054 3722; x_wconf 81' lang='grc' dir='ltr'>διοίσει</span> <span class='ocrx_word' id='word_1_607' title='bbox 3087 3671 3118 3739; x_wconf 83' lang='grc' dir='ltr'>ἡ</span> <span class='ocrx_word' id='word_1_608' title='bbox 3158 3670 3393 3740; x_wconf 73' lang='grc' dir='ltr'>σφραγὶς</span> <span class='ocrx_word' id='word_1_609' title='bbox 3428 3668 3538 3741; x_wconf 80' lang='lat' dir='ltr'><strong>(I5)</strong></span> <span class='ocrx_word' id='word_1_610' title='bbox 3586 3669 3725 3740; x_wconf 79' lang='grc' dir='ltr'>αῦτη</span> <span class='ocrx_word' id='word_1_611' title='bbox 3765 3667 3863 3735; x_wconf 83' lang='grc' dir='ltr'>τῆς</span> 
     </span>
    </p>
   </div>
   <div class='ocr_carea' id='block_1_80' title="bbox 2296 3755 3861 3828">
    <p class='ocr_par' dir='ltr' id='par_1_80' title="bbox 2296 3755 3861 3828">
     <span class='ocr_line' id='line_1_80' title="bbox 2296 3755 3861 3828; baseline 0 -20"><span class='ocrx_word' id='word_1_612' title='bbox 2296 3756 2585 3826; x_wconf 83' lang='grc' dir='ltr'>σφραγῖδος</span> <span class='ocrx_word' id='word_1_613' title='bbox 2616 3757 2853 3827; x_wconf 79' lang='grc' dir='ltr'>ἐκείνης;</span> <span class='ocrx_word' id='word_1_614' title='bbox 2885 3757 3070 3815; x_wconf 78' lang='grc' dir='ltr'>Οὐδέν.</span> <span class='ocrx_word' id='word_1_615' title='bbox 3108 3757 3399 3826; x_wconf 84' lang='grc' dir='ltr'>Ἐπίγνωθι</span> <span class='ocrx_word' id='word_1_616' title='bbox 3432 3756 3528 3828; x_wconf 82' lang='grc' dir='ltr'>τὴν</span> <span class='ocrx_word' id='word_1_617' title='bbox 3558 3756 3691 3828; x_wconf 79' lang='grc' dir='ltr'>ὓλην</span> <span class='ocrx_word' id='word_1_618' title='bbox 3724 3759 3777 3809; x_wconf 81' lang='grc' dir='ltr'>ὲν</span> <span class='ocrx_word' id='word_1_619' title='bbox 3790 3755 3861 3823; x_wconf 83' lang='grc' dir='ltr'>τῷ</span> 
     </span>
    </p>
   </div>
   <div class='ocr_carea' id='block_1_81' title="bbox 2294 3843 3859 3920">
    <p class='ocr_par' dir='ltr' id='par_1_81' title="bbox 2294 3843 3859 3920">
     <span class='ocr_line' id='line_1_81' title="bbox 2294 3843 3859 3920; baseline 0.001 -21"><span class='ocrx_word' id='word_1_620' title='bbox 2294 3846 2468 3917; x_wconf 82' lang='grc' dir='ltr'>κηρῷ,</span> <span class='ocrx_word' id='word_1_621' title='bbox 2491 3846 2593 3900; x_wconf 84' lang='grc' dir='ltr'><strong>κᾶν</strong></span> <span class='ocrx_word' id='word_1_622' title='bbox 2623 3843 2690 3919; x_wconf 80' lang='grc' dir='ltr'>ᾖς</span> <span class='ocrx_word' id='word_1_623' title='bbox 2721 3846 3051 3918; x_wconf 76' lang='grc' dir='ltr'>σοφώτατοςο</span> <span class='ocrx_word' id='word_1_624' title='bbox 3088 3850 3231 3914; x_wconf 76' lang='grc' dir='ltr'>εἰπὲ,</span> <span class='ocrx_word' id='word_1_625' title='bbox 3262 3849 3314 3902; x_wconf 88' lang='grc' dir='ltr'><strong>τί</strong></span> <span class='ocrx_word' id='word_1_626' title='bbox 3348 3851 3443 3920; x_wconf 86' lang='grc' dir='ltr'><strong>μὲν</strong></span> <span class='ocrx_word' id='word_1_627' title='bbox 3483 3849 3577 3901; x_wconf 89' lang='grc' dir='ltr'><strong>τοῦ</strong></span> <span class='ocrx_word' id='word_1_628' title='bbox 3627 3849 3859 3919; x_wconf 81' lang='grc' dir='ltr'>σιδήρου,</span> 
     </span>
    </p>
   </div>
   <div class='ocr_carea' id='block_1_82' title="bbox 2291 3936 3859 4012">
    <p class='ocr_par' dir='ltr' id='par_1_82' title="bbox 2291 3936 3859 4012">
     <span class='ocr_line' id='line_1_82' title="bbox 2291 3936 3859 4012; baseline 0.002 -23"><span class='ocrx_word' id='word_1_629' title='bbox 2291 3936 2344 3989; x_wconf 90' lang='grc' dir='ltr'><strong>τί</strong></span> <span class='ocrx_word' id='word_1_630' title='bbox 2375 3937 2430 3991; x_wconf 86' lang='grc' dir='ltr'>δὲ</span> <span class='ocrx_word' id='word_1_631' title='bbox 2461 3936 2556 3990; x_wconf 90' lang='grc' dir='ltr'><strong>τοῦ</strong></span> <span class='ocrx_word' id='word_1_632' title='bbox 2590 3940 2789 4010; x_wconf 78' lang='grc' dir='ltr'>χρυσοῦ</span> <span class='ocrx_word' id='word_1_633' title='bbox 2819 3939 2881 3992; x_wconf 81' lang='grc' dir='ltr'>τὸ</span> <span class='ocrx_word' id='word_1_634' title='bbox 2913 3942 3323 4012; x_wconf 81' lang='grc' dir='ltr'>ὲκσφράγισμα,</span> <span class='ocrx_word' id='word_1_635' title='bbox 3362 3942 3456 3994; x_wconf 74' lang='grc' dir='ltr'><strong>καὶ</strong></span> <span class='ocrx_word' id='word_1_636' title='bbox 3491 3941 3609 4005; x_wconf 86' lang='grc' dir='ltr'><strong>πῶς</strong></span> <span class='ocrx_word' id='word_1_637' title='bbox 3638 3941 3698 3994; x_wconf 76' lang='grc' dir='ltr'>ἓν</span> <span class='ocrx_word' id='word_1_638' title='bbox 3731 3943 3859 3993; x_wconf 72' lang='grc' dir='ltr'>ἐστι’</span> 
     </span>
    </p>
   </div>
   <div class='ocr_carea' id='block_1_83' title="bbox 2291 4029 3855 4105">
    <p class='ocr_par' dir='ltr' id='par_1_83' title="bbox 2291 4029 3855 4105">
     <span class='ocr_line' id='line_1_83' title="bbox 2291 4029 3855 4105; baseline 0.002 -24"><span class='ocrx_word' id='word_1_639' title='bbox 2291 4029 2390 4099; x_wconf 83' lang='grc' dir='ltr'>τῆς</span> <span class='ocrx_word' id='word_1_640' title='bbox 2421 4029 2529 4102; x_wconf 82' lang='grc' dir='ltr'>γὰρ</span> <span class='ocrx_word' id='word_1_641' title='bbox 2561 4029 2693 4101; x_wconf 86' lang='grc' dir='ltr'>ῦλης</span> <span class='ocrx_word' id='word_1_642' title='bbox 2741 4032 2803 4083; x_wconf 82' lang='grc' dir='ltr'><strong>τὸ</strong></span> <span class='ocrx_word' id='word_1_643' title='bbox 2827 4031 3102 4103; x_wconf 77' lang='grc' dir='ltr'>διάφορον,</span> <span class='ocrx_word' id='word_1_644' title='bbox 3135 4033 3195 4084; x_wconf 79' lang='grc' dir='ltr'><strong>οὐ</strong></span> <span class='ocrx_word' id='word_1_645' title='bbox 3224 4032 3317 4086; x_wconf 87' lang='grc' dir='ltr'><strong>τοῦ</strong></span> <span class='ocrx_word' id='word_1_646' title='bbox 3359 4034 3722 4105; x_wconf 84' lang='grc' dir='ltr'>χαρακτῆρος.</span> <span class='ocrx_word' id='word_1_647' title='bbox 3760 4030 3855 4086; x_wconf 86' lang='grc' dir='ltr'><strong>Οῦ-</strong></span> 
     </span>
    </p>
   </div>
   <div class='ocr_carea' id='block_1_84' title="bbox 2291 4119 3861 4196">
    <p class='ocr_par' dir='ltr' id='par_1_84' title="bbox 2291 4119 3861 4196">
     <span class='ocr_line' id='line_1_84' title="bbox 2291 4119 3861 4196; baseline 0.004 -25"><span class='ocrx_word' id='word_1_648' title='bbox 2291 4135 2399 4182; x_wconf 84' lang='grc' dir='ltr'><strong>τως</strong></span> <span class='ocrx_word' id='word_1_649' title='bbox 2437 4119 2577 4184; x_wconf 81' lang='grc' dir='ltr'>ἔστω</span> <span class='ocrx_word' id='word_1_650' title='bbox 2607 4138 2687 4175; x_wconf 92' lang='grc' dir='ltr'><strong>σοι</strong></span> <span class='ocrx_word' id='word_1_651' title='bbox 2711 4124 2817 4186; x_wconf 83' lang='grc' dir='ltr'><strong>πᾶς</strong></span> <span class='ocrx_word' id='word_1_652' title='bbox 2852 4123 3168 4194; x_wconf 79' lang='grc' dir='ltr'>βαπτιστής.</span> <span class='ocrx_word' id='word_1_653' title='bbox 3194 4123 3313 4177; x_wconf 85' lang='grc' dir='ltr'><strong>Κᾶν</strong></span> <span class='ocrx_word' id='word_1_654' title='bbox 3342 4127 3407 4196; x_wconf 80' lang='grc' dir='ltr'>τῇ</span> <span class='ocrx_word' id='word_1_655' title='bbox 3443 4125 3690 4196; x_wconf 71' lang='grc' dir='ltr'>πολιτεία</span> <span class='ocrx_word' id='word_1_656' title='bbox 3737 4141 3861 4196; x_wconf 86' lang='grc' dir='ltr'>προ-</span> 
     </span>
    </p>
   </div>
   <div class='ocr_carea' id='block_1_85' title="bbox 2295 4210 3857 4289">
    <p class='ocr_par' dir='ltr' id='par_1_85' title="bbox 2295 4210 3857 4289">
     <span class='ocr_line' id='line_1_85' title="bbox 2295 4210 3857 4289; baseline 0.003 -26"><span class='ocrx_word' id='word_1_657' title='bbox 2295 4210 2543 4284; x_wconf 64' lang='grc' dir='ltr'>ἐχῃῌιί),</span> <span class='ocrx_word' id='word_1_658' title='bbox 2575 4213 2737 4285; x_wconf 70' lang='grc' dir='ltr'>ἀλλ’ἢ</span> <span class='ocrx_word' id='word_1_659' title='bbox 2768 4231 2829 4283; x_wconf 87' lang='grc' dir='ltr'><strong>γε</strong></span> <span class='ocrx_word' id='word_1_660' title='bbox 2867 4214 2961 4269; x_wconf 88' lang='grc' dir='ltr'><strong>τοῦ</strong></span> <span class='ocrx_word' id='word_1_661' title='bbox 2995 4215 3362 4288; x_wconf 86' lang='grc' dir='ltr'>βαπτίσματος</span> <span class='ocrx_word' id='word_1_662' title='bbox 3379 4217 3605 4288; x_wconf 84' lang='grc' dir='ltr'>δύναμις</span> <span class='ocrx_word' id='word_1_663' title='bbox 3635 4217 3746 4289; x_wconf 74' lang='grc' dir='ltr'><strong>ἴση·</strong></span> <span class='ocrx_word' id='word_1_664' title='bbox 3772 4217 3857 4269; x_wconf 82' lang='grc' dir='ltr'>καὶ</span> 
     </span>
    </p>
   </div>
   <div class='ocr_carea' id='block_1_86' title="bbox 2292 4303 3860 4381">
    <p class='ocr_par' dir='ltr' id='par_1_86' title="bbox 2292 4303 3860 4381">
     <span class='ocr_line' id='line_1_86' title="bbox 2292 4303 3860 4381; baseline 0.006 -28"><span class='ocrx_word' id='word_1_665' title='bbox 2292 4303 2620 4369; x_wconf 86' lang='grc' dir='ltr'>τελειοποιός</span> <span class='ocrx_word' id='word_1_666' title='bbox 2655 4322 2735 4358; x_wconf 92' lang='grc' dir='ltr'><strong>σοι</strong></span> <span class='ocrx_word' id='word_1_667' title='bbox 2764 4307 2873 4369; x_wconf 80' lang='grc' dir='ltr'><strong>πᾶς</strong></span> <span class='ocrx_word' id='word_1_668' title='bbox 2887 4307 3105 4377; x_wconf 88' lang='grc' dir='ltr'>ὁμοίως,</span> <span class='ocrx_word' id='word_1_669' title='bbox 3140 4310 3168 4362; x_wconf 90' lang='lat'><strong>6</strong></span> <span class='ocrx_word' id='word_1_670' title='bbox 3188 4311 3253 4379; x_wconf 82' lang='grc' dir='ltr'>τῇ</span> <span class='ocrx_word' id='word_1_671' title='bbox 3282 4311 3416 4381; x_wconf 82' lang='grc' dir='ltr'>αὐτῇ</span> <span class='ocrx_word' id='word_1_672' title='bbox 3454 4310 3631 4362; x_wconf 83' lang='grc' dir='ltr'>πίστει</span> <span class='ocrx_word' id='word_1_673' title='bbox 3663 4324 3860 4381; x_wconf 80' lang='grc' dir='ltr'>μεμορ-</span> 
     </span>
    </p>
   </div>
   <div class='ocr_carea' id='block_1_87' title="bbox 618 4384 2554 4464">
    <p class='ocr_par' dir='ltr' id='par_1_87' title="bbox 618 4384 2554 4464">
     <span class='ocr_line' id='line_1_87' title="bbox 618 4384 2554 4464; baseline 0 -14"><span class='ocrx_word' id='word_1_674' title='bbox 618 4396 921 4453; x_wconf 85' lang='lat' dir='ltr'><strong>Discrimen</strong></span> <span class='ocrx_word' id='word_1_675' title='bbox 960 4395 1105 4451; x_wconf 87' lang='lat' dir='ltr'><strong>enim</strong></span> <span class='ocrx_word' id='word_1_676' title='bbox 1138 4394 1191 4448; x_wconf 92' lang='lat' dir='ltr'><strong>in</strong></span> <span class='ocrx_word' id='word_1_677' title='bbox 1244 4393 1467 4448; x_wconf 88' lang='lat' dir='ltr'><strong>materia</strong></span> <span class='ocrx_word' id='word_1_678' title='bbox 1516 4400 1618 4459; x_wconf 88' lang='lat' dir='ltr'><strong>est,</strong></span> <span class='ocrx_word' id='word_1_679' title='bbox 1670 4405 1775 4446; x_wconf 94' lang='lat' dir='ltr'><strong>non</strong></span> <span class='ocrx_word' id='word_1_680' title='bbox 1806 4391 1859 4445; x_wconf 91' lang='lat' dir='ltr'><strong>in</strong></span> <span class='ocrx_word' id='word_1_681' title='bbox 1890 4389 2063 4459; x_wconf 87' lang='lat' dir='ltr'><strong>signo.</strong></span> <span class='ocrx_word' id='word_1_682' title='bbox 2093 4389 2185 4445; x_wconf 89' lang='lat' dir='ltr'><strong>Sic</strong></span> <span class='ocrx_word' id='word_1_683' title='bbox 2213 4384 2261 4442; x_wconf 91' lang='lat' dir='ltr'><strong>D</strong></span> <span class='ocrx_word' id='word_1_684' title='bbox 2287 4394 2554 4464; x_wconf 80' lang='grc' dir='ltr'>φωμένος.</span> 
     </span>
    </p>
   </div>
   <div class='ocr_carea' id='block_1_88' title="bbox 619 4480 3855 4570">
    <p class='ocr_par' dir='ltr' id='par_1_88' title="bbox 619 4480 3855 4570">
     <span class='ocr_line' id='line_1_88' title="bbox 619 4480 3855 4570; baseline 0.001 -27"><span class='ocrx_word' id='word_1_685' title='bbox 619 4489 715 4544; x_wconf 90' lang='lat' dir='ltr'><strong>tibi</strong></span> <span class='ocrx_word' id='word_1_686' title='bbox 743 4503 957 4560; x_wconf 89' lang='lat' dir='ltr'><strong>quoque</strong></span> <span class='ocrx_word' id='word_1_687' title='bbox 994 4484 1203 4556; x_wconf 84' lang='lat' dir='ltr'><strong>omnes,</strong></span> <span class='ocrx_word' id='word_1_688' title='bbox 1269 4486 1359 4556; x_wconf 90' lang='lat' dir='ltr'><strong>qui</strong></span> <span class='ocrx_word' id='word_1_689' title='bbox 1431 4484 1741 4555; x_wconf 83' lang='lat' dir='ltr'><strong>baptizandi</strong></span> <span class='ocrx_word' id='word_1_690' title='bbox 1803 4495 2027 4570; x_wconf 87' lang='lat' dir='ltr'><strong>munere</strong></span> <span class='ocrx_word' id='word_1_691' title='bbox 2083 4480 2393 4552; x_wconf 82' lang='lat' dir='ltr'><strong>Iunguntur,</strong></span> <span class='ocrx_word' id='word_1_692' title='bbox 2433 4489 2607 4543; x_wconf 90' lang='lat' dir='ltr'><strong>idonei</strong></span> <span class='ocrx_word' id='word_1_693' title='bbox 2660 4490 2978 4548; x_wconf 87' lang='lat' dir='ltr'><strong>habeantur.</strong></span> <span class='ocrx_word' id='word_1_694' title='bbox 3038 4493 3294 4561; x_wconf 88' lang='lat' dir='ltr'><strong>Quamvis</strong></span> <span class='ocrx_word' id='word_1_695' title='bbox 3330 4494 3471 4549; x_wconf 89' lang='lat' dir='ltr'><strong>enim</strong></span> <span class='ocrx_word' id='word_1_696' title='bbox 3515 4493 3650 4548; x_wconf 89' lang='lat' dir='ltr'><strong>alius</strong></span> <span class='ocrx_word' id='word_1_697' title='bbox 3700 4492 3855 4548; x_wconf 90' lang='lat' dir='ltr'><strong>alium</strong></span> 
     </span>
    </p>
   </div>
   <div class='ocr_carea' id='block_1_89' title="bbox 618 4571 3855 4657">
    <p class='ocr_par' dir='ltr' id='par_1_89' title="bbox 618 4571 3855 4657">
     <span class='ocr_line' id='line_1_89' title="bbox 618 4571 3855 4657; baseline 0.002 -25"><span class='ocrx_word' id='word_1_698' title='bbox 618 4580 743 4633; x_wconf 80' lang='lat' dir='ltr'><strong>vitae</strong></span> <span class='ocrx_word' id='word_1_699' title='bbox 792 4578 1061 4647; x_wconf 87' lang='lat' dir='ltr'><strong>probitate</strong></span> <span class='ocrx_word' id='word_1_700' title='bbox 1119 4574 1422 4641; x_wconf 86' lang='lat' dir='ltr'><strong>antecellat,</strong></span> <span class='ocrx_word' id='word_1_701' title='bbox 1455 4574 1641 4629; x_wconf 88' lang='lat' dir='ltr'><strong>eadem</strong></span> <span class='ocrx_word' id='word_1_702' title='bbox 1701 4582 1878 4627; x_wconf 89' lang='lat' dir='ltr'><strong>tamen</strong></span> <span class='ocrx_word' id='word_1_703' title='bbox 1939 4571 2191 4642; x_wconf 85' lang='lat' dir='ltr'><strong>baptismi</strong></span> <span class='ocrx_word' id='word_1_704' title='bbox 2230 4574 2311 4630; x_wconf 78' lang='lat' dir='ltr'><strong>vis</strong></span> <span class='ocrx_word' id='word_1_705' title='bbox 2340 4588 2449 4643; x_wconf 89' lang='lat' dir='ltr'><strong>est;</strong></span> <span class='ocrx_word' id='word_1_706' title='bbox 2483 4594 2547 4635; x_wconf 91' lang='lat' dir='ltr'><strong>ac</strong></span> <span class='ocrx_word' id='word_1_707' title='bbox 2607 4582 2784 4651; x_wconf 86' lang='lat' dir='ltr'><strong>quivis</strong></span> <span class='ocrx_word' id='word_1_708' title='bbox 2803 4584 2897 4637; x_wconf 87' lang='lat' dir='ltr'><strong>tibi</strong></span> <span class='ocrx_word' id='word_1_709' title='bbox 2957 4585 3194 4640; x_wconf 90' lang='lat' dir='ltr'><strong>initiator</strong></span> <span class='ocrx_word' id='word_1_710' title='bbox 3228 4586 3320 4652; x_wconf 89' lang='lat' dir='ltr'><strong>sit,</strong></span> <span class='ocrx_word' id='word_1_711' title='bbox 3351 4586 3444 4657; x_wconf 88' lang='lat' dir='ltr'><strong>qui</strong></span> <span class='ocrx_word' id='word_1_712' title='bbox 3479 4585 3636 4640; x_wconf 90' lang='lat' dir='ltr'><strong>modo</strong></span> <span class='ocrx_word' id='word_1_713' title='bbox 3671 4586 3855 4640; x_wconf 83' lang='lat' dir='ltr'><strong>cadent</strong></span> 
     </span>
    </p>
   </div>
   <div class='ocr_carea' id='block_1_90' title="bbox 621 4669 1211 4723">
    <p class='ocr_par' dir='ltr' id='par_1_90' title="bbox 621 4669 1211 4723">
     <span class='ocr_line' id='line_1_90' title="bbox 621 4669 1211 4723; baseline -0.003 0"><span class='ocrx_word' id='word_1_714' title='bbox 621 4670 726 4723; x_wconf 88' lang='lat' dir='ltr'><strong>lide</strong></span> <span class='ocrx_word' id='word_1_715' title='bbox 756 4669 1076 4723; x_wconf 77' lang='lat' dir='ltr'><strong>informatus</strong></span> <span class='ocrx_word' id='word_1_716' title='bbox 1105 4676 1211 4721; x_wconf 89' lang='lat' dir='ltr'><strong>est.</strong></span> 
     </span>
    </p>
   </div>
   <div class='ocr_carea' id='block_1_91' title="bbox 691 4740 2184 4828">
    <p class='ocr_par' dir='ltr' id='par_1_91' title="bbox 691 4740 2184 4828">
     <span class='ocr_line' id='line_1_91' title="bbox 691 4740 2184 4828; baseline -0.005 -11"><span class='ocrx_word' id='word_1_717' title='bbox 691 4760 897 4817; x_wconf 79' lang='lat' dir='ltr'><strong>XXVII.</strong></span> <span class='ocrx_word' id='word_1_718' title='bbox 926 4740 1013 4816; x_wconf 24' lang='lat' dir='ltr'><strong>&#39;Ne</strong></span> <span class='ocrx_word' id='word_1_719' title='bbox 1055 4770 1144 4815; x_wconf 90' lang='lat' dir='ltr'><strong>tua</strong></span> <span class='ocrx_word' id='word_1_720' title='bbox 1182 4757 1441 4828; x_wconf 84' lang='lat' dir='ltr'><strong>dignitate</strong></span> <span class='ocrx_word' id='word_1_721' title='bbox 1502 4757 1735 4827; x_wconf 69' lang='lat' dir='ltr'><strong>alienun}</strong></span> <span class='ocrx_word' id='word_1_722' title='bbox 1794 4763 1983 4825; x_wconf 90' lang='lat' dir='ltr'><strong>putes,</strong></span> <span class='ocrx_word' id='word_1_723' title='bbox 2024 4750 2184 4810; x_wconf 85' lang='lat' dir='ltr'><strong>simul</strong></span> 
     </span>
    </p>
   </div>
   <div class='ocr_carea' id='block_1_92' title="bbox 616 4847 2182 4920">
    <p class='ocr_par' dir='ltr' id='par_1_92' title="bbox 616 4847 2182 4920">
     <span class='ocr_line' id='line_1_92' title="bbox 616 4847 2182 4920; baseline -0.004 -12"><span class='ocrx_word' id='word_1_724' title='bbox 616 4868 737 4908; x_wconf 92' lang='lat' dir='ltr'><strong>cum</strong></span> <span class='ocrx_word' id='word_1_725' title='bbox 761 4865 993 4920; x_wconf 89' lang='lat' dir='ltr'><strong>paupere</strong></span> <span class='ocrx_word' id='word_1_726' title='bbox 1034 4849 1315 4919; x_wconf 89' lang='lat' dir='ltr'><strong>baptizari,</strong></span> <span class='ocrx_word' id='word_1_727' title='bbox 1351 4848 1441 4916; x_wconf 91' lang='lat' dir='ltr'><strong>qui</strong></span> <span class='ocrx_word' id='word_1_728' title='bbox 1481 4848 1630 4902; x_wconf 87' lang='lat' dir='ltr'><strong>dives</strong></span> <span class='ocrx_word' id='word_1_729' title='bbox 1657 4862 1739 4910; x_wconf 91' lang='lat' dir='ltr'><strong>es,</strong></span> <span class='ocrx_word' id='word_1_730' title='bbox 1778 4847 2035 4916; x_wconf 87' lang='lat' dir='ltr'><strong>patricius</strong></span> <span class='ocrx_word' id='word_1_731' title='bbox 2059 4862 2182 4902; x_wconf 89' lang='lat' dir='ltr'><strong>cum</strong></span> 
     </span>
    </p>
   </div>
   <div class='ocr_carea' id='block_1_93' title="bbox 2361 4758 3856 4832">
    <p class='ocr_par' dir='ltr' id='par_1_93' title="bbox 2361 4758 3856 4832">
     <span class='ocr_line' id='line_1_93' title="bbox 2361 4758 3856 4832; baseline 0 -20"><span class='ocrx_word' id='word_1_732' title='bbox 2361 4760 2487 4814; x_wconf 85' lang='lat' dir='ltr'><strong>KZ&#39;.</strong></span> <span class='ocrx_word' id='word_1_733' title='bbox 2516 4758 2608 4830; x_wconf 80' lang='grc' dir='ltr'>Μὴ</span> <span class='ocrx_word' id='word_1_734' title='bbox 2636 4758 2953 4831; x_wconf 81' lang='grc' dir='ltr'>ἀπαξιώσῃς</span> <span class='ocrx_word' id='word_1_735' title='bbox 2976 4759 3447 4832; x_wconf 77' lang='grc' dir='ltr'>συμϐαπτισθῆναι</span> <span class='ocrx_word' id='word_1_736' title='bbox 3479 4760 3691 4832; x_wconf 79' lang='grc' dir='ltr'>πένητι,</span> <span class='ocrx_word' id='word_1_737' title='bbox 3710 4758 3856 4813; x_wconf 72' lang='grc' dir='ltr'><strong>πλοῦ⁴</strong></span> 
     </span>
    </p>
   </div>
   <div class='ocr_carea' id='block_1_94' title="bbox 2292 4849 3856 4924">
    <p class='ocr_par' dir='ltr' id='par_1_94' title="bbox 2292 4849 3856 4924">
     <span class='ocr_line' id='line_1_94' title="bbox 2292 4849 3856 4924; baseline 0.002 -24"><span class='ocrx_word' id='word_1_738' title='bbox 2292 4865 2406 4913; x_wconf 87' lang='grc' dir='ltr'>σιος</span> <span class='ocrx_word' id='word_1_739' title='bbox 2440 4849 2537 4915; x_wconf 84' lang='grc' dir='ltr'><strong>ὢν,</strong></span> <span class='ocrx_word' id='word_1_740' title='bbox 2572 4852 2601 4903; x_wconf 92' lang='lat'><strong>6</strong></span> <span class='ocrx_word' id='word_1_741' title='bbox 2646 4852 2976 4923; x_wconf 77' lang='grc' dir='ltr'>εὐπατρίδης</span> <span class='ocrx_word' id='word_1_742' title='bbox 3003 4852 3082 4923; x_wconf 81' lang='grc' dir='ltr'><strong>τῷ</strong></span> <span class='ocrx_word' id='word_1_743' title='bbox 3115 4853 3381 4920; x_wconf 83' lang='grc' dir='ltr'>δυσγενεῖ,</span> <span class='ocrx_word' id='word_1_744' title='bbox 3409 4855 3437 4906; x_wconf 87' lang='grc' dir='ltr'>ὁ</span> <span class='ocrx_word' id='word_1_745' title='bbox 3462 4853 3726 4924; x_wconf 83' lang='grc' dir='ltr'>δεσπότης</span> <span class='ocrx_word' id='word_1_746' title='bbox 3782 4849 3856 4921; x_wconf 76' lang='grc' dir='ltr'><strong>τῷ</strong></span> 
     </span>
    </p>
   </div>
   <div class='ocr_carea' id='block_1_95' title="bbox 616 4938 2189 5015">
    <p class='ocr_par' dir='ltr' id='par_1_95' title="bbox 616 4938 2181 5015">
     <span class='ocr_line' id='line_1_95' title="bbox 616 4938 2181 5015; baseline -0.003 -15"><span class='ocrx_word' id='word_1_747' title='bbox 616 4943 861 5015; x_wconf 85' lang='lat' dir='ltr'><strong>ignobili.</strong></span> <span class='ocrx_word' id='word_1_748' title='bbox 898 4942 1062 4998; x_wconf 89' lang='lat' dir='ltr'><strong>herus</strong></span> <span class='ocrx_word' id='word_1_749' title='bbox 1109 4956 1230 4995; x_wconf 89' lang='lat' dir='ltr'><strong>cum</strong></span> <span class='ocrx_word' id='word_1_750' title='bbox 1274 4953 1339 4994; x_wconf 87' lang='lat' dir='ltr'><strong>eo</strong></span> <span class='ocrx_word' id='word_1_751' title='bbox 1389 4938 1478 5007; x_wconf 90' lang='lat' dir='ltr'><strong>qui</strong></span> <span class='ocrx_word' id='word_1_752' title='bbox 1527 4939 1785 4993; x_wconf 88' lang='lat' dir='ltr'><strong>hactenus</strong></span> <span class='ocrx_word' id='word_1_753' title='bbox 1838 4938 1934 4993; x_wconf 91' lang='lat' dir='ltr'><strong>tibi</strong></span> <span class='ocrx_word' id='word_1_754' title='bbox 1966 4953 2181 5003; x_wconf 64' lang='lat' dir='ltr'><strong>,servus</strong></span> 
     </span>
    </p>
   </div>
   <div class='ocr_carea' id='block_1_96' title="bbox 2293 4938 3856 5015">
    <p class='ocr_par' dir='ltr' id='par_1_96' title="bbox 2293 4939 3856 5014">
     <span class='ocr_line' id='line_1_96' title="bbox 2293 4939 3856 5014; baseline 0.001 -21"><span class='ocrx_word' id='word_1_755' title='bbox 2293 4939 2456 5011; x_wconf 79' lang='grc' dir='ltr'>δούλῳ</span> <span class='ocrx_word' id='word_1_756' title='bbox 2482 4941 2642 5012; x_wconf 86' lang='grc' dir='ltr'>μέχρι</span> <span class='ocrx_word' id='word_1_757' title='bbox 2670 4940 2764 4995; x_wconf 89' lang='grc' dir='ltr'><strong>τοῦ</strong></span> <span class='ocrx_word' id='word_1_758' title='bbox 2796 4942 2911 4996; x_wconf 91' lang='grc' dir='ltr'>νῦν.</span> <span class='ocrx_word' id='word_1_759' title='bbox 2942 4942 3108 4997; x_wconf 81' lang='grc' dir='ltr'>Οῦπω</span> <span class='ocrx_word' id='word_1_760' title='bbox 3157 4944 3410 4997; x_wconf 86' lang='grc' dir='ltr'>τοσοῦτον</span> <span class='ocrx_word' id='word_1_761' title='bbox 3440 4941 3856 5014; x_wconf 76' lang='grc' dir='ltr'>ταπεινοφρονή·</span> 
     </span>
    </p>
   </div>
   <div class='ocr_carea' id='block_1_97' title="bbox 687 5072 1687 5144">
    <p class='ocr_par' dir='ltr' id='par_1_97' title="bbox 687 5072 1687 5144">
     <span class='ocr_line' id='line_1_97' title="bbox 687 5072 1687 5144; baseline -0.005 -14"><span class='ocrx_word' id='word_1_762' title='bbox 687 5076 868 5130; x_wconf 79' lang='lat' dir='ltr'><strong>“Act.</strong></span> <span class='ocrx_word' id='word_1_763' title='bbox 902 5088 1017 5138; x_wconf 85' lang='lat' dir='ltr'><strong>vttt,</strong></span> <span class='ocrx_word' id='word_1_764' title='bbox 1046 5072 1136 5127; x_wconf 79' lang='grc'><strong>56.</strong></span> <span class='ocrx_word' id='word_1_765' title='bbox 1211 5072 1299 5127; x_wconf 74' lang='grc'><strong>⁸³1</strong></span> <span class='ocrx_word' id='word_1_766' title='bbox 1334 5074 1467 5144; x_wconf 82' lang='lat' dir='ltr'><strong>Reg.</strong></span> <span class='ocrx_word' id='word_1_767' title='bbox 1496 5090 1610 5140; x_wconf 77' lang='lat' dir='ltr'><strong>xw,</strong></span> <span class='ocrx_word' id='word_1_768' title='bbox 1634 5073 1687 5126; x_wconf 82' lang='lat'><strong>7.</strong></span> 
     </span>
    </p>
   </div>
   <div class='ocr_carea' id='block_1_98' title="bbox 688 5201 2181 5277">
    <p class='ocr_par' dir='ltr' id='par_1_98' title="bbox 688 5201 2181 5277">
     <span class='ocr_line' id='line_1_98' title="bbox 688 5201 2181 5277; baseline 0.003 -23"><span class='ocrx_word' id='word_1_769' title='bbox 688 5203 769 5277; x_wconf 88' lang='grc'><strong>(7)</strong></span> <span class='ocrx_word' id='word_1_770' title='bbox 792 5201 1345 5277; x_wconf 26' lang='grc' dir='ltr'>Γενοῦδιίᾳνδάκῃς.</span> <span class='ocrx_word' id='word_1_771' title='bbox 1386 5222 1405 5255; x_wconf 73' lang='grc' dir='ltr'><strong>ι</strong></span> <span class='ocrx_word' id='word_1_772' title='bbox 1440 5204 1569 5277; x_wconf 82' lang='lat' dir='ltr'><strong>Esto</strong></span> <span class='ocrx_word' id='word_1_773' title='bbox 1597 5203 1895 5277; x_wconf 64' lang='lat' dir='ltr'><strong>Gandaces,</strong></span> <span class='ocrx_word' id='word_1_774' title='bbox 1929 5222 1949 5277; x_wconf 65' lang='grc' dir='ltr'><strong>ι</strong></span> <span class='ocrx_word' id='word_1_775' title='bbox 1983 5205 2034 5260; x_wconf 92' lang='lat' dir='ltr'><strong>id</strong></span> <span class='ocrx_word' id='word_1_776' title='bbox 2069 5213 2181 5277; x_wconf 87' lang='lat' dir='ltr'><strong>est,</strong></span> 
     </span>
    </p>
   </div>
   <div class='ocr_carea' id='block_1_99' title="bbox 615 5272 2181 5345">
    <p class='ocr_par' dir='ltr' id='par_1_99' title="bbox 615 5272 2181 5345">
     <span class='ocr_line' id='line_1_99' title="bbox 615 5272 2181 5345; baseline -0.003 -13"><span class='ocrx_word' id='word_1_777' title='bbox 615 5272 906 5333; x_wconf 83' lang='lat' dir='ltr'><strong>Eunuchus</strong></span> <span class='ocrx_word' id='word_1_778' title='bbox 956 5272 1173 5343; x_wconf 72' lang='lat' dir='ltr'><strong>Reginae</strong></span> <span class='ocrx_word' id='word_1_779' title='bbox 1230 5275 1495 5329; x_wconf 76' lang='lat' dir='ltr'><strong>Candacis</strong></span> <span class='ocrx_word' id='word_1_780' title='bbox 1561 5290 1591 5327; x_wconf 91' lang='lat' dir='ltr'><strong>a</strong></span> <span class='ocrx_word' id='word_1_781' title='bbox 1644 5274 1889 5344; x_wconf 87' lang='lat' dir='ltr'><strong>Philippo</strong></span> <span class='ocrx_word' id='word_1_782' title='bbox 1938 5275 2181 5345; x_wconf 58' lang='lat' dir='ltr'><strong>baptiza-</strong></span> 
     </span>
    </p>
   </div>
   <div class='ocr_carea' id='block_1_100' title="bbox 615 5358 2186 5499">
    <p class='ocr_par' dir='ltr' id='par_1_100' title="bbox 615 5358 2186 5499">
     <span class='ocr_line' id='line_1_100' title="bbox 615 5358 2186 5499; baseline -0.008 -21"><span class='ocrx_word' id='word_1_783' title='bbox 615 5358 761 5499; x_wconf 46' lang='lat' dir='ltr'><strong>mih)</strong></span> <span class='ocrx_word' id='word_1_784' title='bbox 793 5408 1171 5481; x_wconf 82' lang='grc' dir='ltr'>Περιχάρηθι.</span> <span class='ocrx_word' id='word_1_785' title='bbox 1210 5411 1299 5468; x_wconf 90' lang='lat' dir='ltr'><strong>Sic</strong></span> <span class='ocrx_word' id='word_1_786' title='bbox 1329 5412 1485 5469; x_wconf 90' lang='lat' dir='ltr'><strong>codd.</strong></span> <span class='ocrx_word' id='word_1_787' title='bbox 1513 5413 1766 5469; x_wconf 84' lang='lat' dir='ltr'><strong>Mendose</strong></span> <span class='ocrx_word' id='word_1_788' title='bbox 1787 5413 1840 5469; x_wconf 92' lang='lat' dir='ltr'><strong>in</strong></span> <span class='ocrx_word' id='word_1_789' title='bbox 1869 5414 1988 5482; x_wconf 89' lang='lat' dir='ltr'><strong>ed.,</strong></span> <span class='ocrx_word' id='word_1_790' title='bbox 2032 5432 2186 5485; x_wconf 87' lang='grc' dir='ltr'>περι-</span> 
     </span>
    </p>
   </div>
   <div class='ocr_carea' id='block_1_101' title="bbox 614 5502 2182 5627">
    <p class='ocr_par' dir='ltr' id='par_1_101' title="bbox 614 5502 2182 5627">
     <span class='ocr_line' id='line_1_101' title="bbox 614 5502 2182 5627; baseline -0.004 -14"><span class='ocrx_word' id='word_1_791' title='bbox 614 5502 899 5627; x_wconf 41' lang='grc' dir='ltr'><strong>Ϋῶτῗη.</strong></span> <span class='ocrx_word' id='word_1_792' title='bbox 930 5554 1024 5627; x_wconf 78' lang='lat' dir='ltr'><strong>Sic</strong></span> <span class='ocrx_word' id='word_1_793' title='bbox 1047 5554 1283 5627; x_wconf 76' lang='lat' dir='ltr'><strong>quinque</strong></span> <span class='ocrx_word' id='word_1_794' title='bbox 1313 5553 1514 5627; x_wconf 83' lang='lat' dir='ltr'><strong>_Regg.,</strong></span> <span class='ocrx_word' id='word_1_795' title='bbox 1543 5561 1775 5627; x_wconf 79' lang='lat' dir='ltr'><strong>quatuor</strong></span> <span class='ocrx_word' id='word_1_796' title='bbox 1801 5553 2182 5622; x_wconf 83' lang='lat' dir='ltr'><strong>Colb.,Comb.</strong></span> 
     </span>
    </p>
   </div>
   <div class='ocr_carea' id='block_1_102' title="bbox 616 5622 1656 5693">
    <p class='ocr_par' dir='ltr' id='par_1_102' title="bbox 616 5622 1656 5693">
     <span class='ocr_line' id='line_1_102' title="bbox 616 5622 1656 5693; baseline -0.001 -15"><span class='ocrx_word' id='word_1_797' title='bbox 616 5622 709 5679; x_wconf 77' lang='lat' dir='ltr'><strong>Sic</strong></span> <span class='ocrx_word' id='word_1_798' title='bbox 737 5622 897 5679; x_wconf 81' lang='lat' dir='ltr'><strong>etiam</strong></span> <span class='ocrx_word' id='word_1_799' title='bbox 928 5622 1278 5693; x_wconf 36' lang='lat' dir='ltr'><strong>legit—Dillius.</strong></span> <span class='ocrx_word' id='word_1_800' title='bbox 1313 5622 1368 5675; x_wconf 86' lang='lat' dir='ltr'><strong>In</strong></span> <span class='ocrx_word' id='word_1_801' title='bbox 1400 5622 1509 5693; x_wconf 81' lang='lat' dir='ltr'><strong>ed.,</strong></span> <span class='ocrx_word' id='word_1_802' title='bbox 1541 5623 1656 5677; x_wconf 84' lang='grc' dir='ltr'>καί.</span> 
     </span>
    </p>
   </div>
   <div class='ocr_carea' id='block_1_103' title="bbox 688 5691 1814 5762">
    <p class='ocr_par' dir='ltr' id='par_1_103' title="bbox 688 5691 1814 5762">
     <span class='ocr_line' id='line_1_103' title="bbox 688 5691 1814 5762; baseline 0.004 -19"><span class='ocrx_word' id='word_1_803' title='bbox 688 5694 800 5749; x_wconf 68' lang='grc'><strong>(10)</strong></span> <span class='ocrx_word' id='word_1_804' title='bbox 831 5696 936 5754; x_wconf 75' lang='grc' dir='ltr'><strong>Εἰς</strong></span> <span class='ocrx_word' id='word_1_805' title='bbox 958 5691 1090 5748; x_wconf 57' lang='grc' dir='ltr'>τ’ήν.</span> <span class='ocrx_word' id='word_1_806' title='bbox 1122 5694 1179 5751; x_wconf 90' lang='lat' dir='ltr'><strong>In</strong></span> <span class='ocrx_word' id='word_1_807' title='bbox 1212 5691 1501 5762; x_wconf 71' lang='lat' dir='ltr'><strong>nonnullis,</strong></span> <span class='ocrx_word' id='word_1_808' title='bbox 1527 5693 1661 5762; x_wconf 79' lang='grc' dir='ltr'>πρὸς</span> <span class='ocrx_word' id='word_1_809' title='bbox 1694 5692 1814 5762; x_wconf 75' lang='grc' dir='ltr'>τήν.</span> 
     </span>
    </p>
   </div>
   <div class='ocr_carea' id='block_1_104' title="bbox 2281 5560 2504 5629">
    <p class='ocr_par' dir='ltr' id='par_1_104' title="bbox 2281 5560 2504 5629">
     <span class='ocr_line' id='line_1_104' title="bbox 2281 5560 2504 5629; baseline -0.013 -14"><span class='ocrx_word' id='word_1_810' title='bbox 2281 5560 2443 5615; x_wconf 86' lang='lat' dir='ltr'><strong>Deest</strong></span> <span class='ocrx_word' id='word_1_811' title='bbox 2472 5561 2504 5629; x_wconf 85' lang='grc' dir='ltr'><strong>ή</strong></span> 
     </span>
    </p>
   </div>
   <div class='ocr_carea' id='block_1_105' title="bbox 2361 5206 3849 5280">
    <p class='ocr_par' dir='ltr' id='par_1_105' title="bbox 2361 5206 3849 5280">
     <span class='ocr_line' id='line_1_105' title="bbox 2361 5206 3849 5280; baseline -0.001 -18"><span class='ocrx_word' id='word_1_812' title='bbox 2361 5208 2474 5280; x_wconf 83' lang='grc'><strong>(11)</strong></span> <span class='ocrx_word' id='word_1_813' title='bbox 2502 5209 2858 5277; x_wconf 78' lang='grc' dir='ltr'>Φιλοκρίνει.</span> <span class='ocrx_word' id='word_1_814' title='bbox 2896 5207 3062 5279; x_wconf 78' lang='lat' dir='ltr'><strong>Regg.</strong></span> <span class='ocrx_word' id='word_1_815' title='bbox 3116 5208 3226 5275; x_wconf 88' lang='lat' dir='ltr'><strong>bm,</strong></span> <span class='ocrx_word' id='word_1_816' title='bbox 3257 5210 3325 5278; x_wconf 87' lang='lat' dir='ltr'><strong>ph</strong></span> <span class='ocrx_word' id='word_1_817' title='bbox 3365 5218 3419 5264; x_wconf 85' lang='lat' dir='ltr'><strong>ct</strong></span> <span class='ocrx_word' id='word_1_818' title='bbox 3452 5210 3545 5266; x_wconf 89' lang='lat' dir='ltr'><strong>Or.</strong></span> <span class='ocrx_word' id='word_1_819' title='bbox 3602 5209 3650 5276; x_wconf 88' lang='lat' dir='ltr'><strong>I,</strong></span> <span class='ocrx_word' id='word_1_820' title='bbox 3696 5206 3849 5278; x_wconf 82' lang='grc' dir='ltr'>φυλο-</span> 
     </span>
    </p>
   </div>
   <div class='ocr_carea' id='block_1_106' title="bbox 2288 5280 2483 5352">
    <p class='ocr_par' dir='ltr' id='par_1_106' title="bbox 2288 5280 2483 5352">
     <span class='ocr_line' id='line_1_106' title="bbox 2288 5280 2483 5352; baseline -0.005 -19"><span class='ocrx_word' id='word_1_821' title='bbox 2288 5280 2483 5352; x_wconf 77' lang='grc' dir='ltr'>κρίνει.</span> 
     </span>
    </p>
   </div>
   <div class='ocr_carea' id='block_1_107' title="bbox 2362 5346 3849 5435">
    <p class='ocr_par' dir='ltr' id='par_1_107' title="bbox 2362 5346 3849 5435">
     <span class='ocr_line' id='line_1_107' title="bbox 2362 5346 3849 5435; baseline -0.003 -33"><span class='ocrx_word' id='word_1_822' title='bbox 2362 5350 2471 5435; x_wconf 57' lang='grc'><strong>(12)</strong></span> <span class='ocrx_word' id='word_1_823' title='bbox 2512 5349 3029 5402; x_wconf 75' lang='grc' dir='ltr'>Ἐντυπουτωσαν.</span> <span class='ocrx_word' id='word_1_824' title='bbox 3052 5346 3183 5401; x_wconf 88' lang='lat' dir='ltr'><strong>Tres</strong></span> <span class='ocrx_word' id='word_1_825' title='bbox 3206 5347 3372 5419; x_wconf 79' lang='lat' dir='ltr'><strong>Regg.</strong></span> <span class='ocrx_word' id='word_1_826' title='bbox 3411 5358 3466 5404; x_wconf 88' lang='lat' dir='ltr'><strong>et</strong></span> <span class='ocrx_word' id='word_1_827' title='bbox 3503 5348 3849 5426; x_wconf 73' lang='grc' dir='ltr'>Οτ.1,ὲκτυ-</span> 
     </span>
    </p>
   </div>
   <div class='ocr_carea' id='block_1_108' title="bbox 2286 5436 2598 5474">
    <p class='ocr_par' dir='ltr' id='par_1_108' title="bbox 2286 5436 2598 5474">
     <span class='ocr_line' id='line_1_108' title="bbox 2286 5436 2598 5474; baseline 0.003 -2"><span class='ocrx_word' id='word_1_828' title='bbox 2286 5436 2598 5474; x_wconf 75' lang='grc' dir='ltr'>πουτωσαν.</span> 
     </span>
    </p>
   </div>
   <div class='ocr_carea' id='block_1_109' title="bbox 2354 5483 3846 5572">
    <p class='ocr_par' dir='ltr' id='par_1_109' title="bbox 2354 5483 3846 5572">
     <span class='ocr_line' id='line_1_109' title="bbox 2354 5483 3846 5572; baseline -0.005 -30"><span class='ocrx_word' id='word_1_829' title='bbox 2354 5490 2576 5572; x_wconf 49' lang='grc' dir='ltr'><strong>(ιδπξι</strong></span> <span class='ocrx_word' id='word_1_830' title='bbox 2596 5490 2875 5572; x_wconf 64' lang='grc' dir='ltr'>σφραγίς.</span> <span class='ocrx_word' id='word_1_831' title='bbox 2902 5489 2992 5544; x_wconf 89' lang='lat' dir='ltr'><strong>Sic</strong></span> <span class='ocrx_word' id='word_1_832' title='bbox 3027 5496 3259 5558; x_wconf 87' lang='lat' dir='ltr'><strong>quatuor</strong></span> <span class='ocrx_word' id='word_1_833' title='bbox 3310 5488 3473 5559; x_wconf 79' lang='lat' dir='ltr'><strong>Regg.</strong></span> <span class='ocrx_word' id='word_1_834' title='bbox 3516 5499 3572 5545; x_wconf 88' lang='lat' dir='ltr'><strong>et</strong></span> <span class='ocrx_word' id='word_1_835' title='bbox 3618 5489 3763 5544; x_wconf 82' lang='lat' dir='ltr'><strong>Orat.</strong></span> <span class='ocrx_word' id='word_1_836' title='bbox 3794 5483 3846 5537; x_wconf 78' lang='grc' dir='ltr'><strong>ι.</strong></span> 
     </span>
    </p>
   </div>
   <div class='ocr_carea' id='block_1_110' title="bbox 2326 5565 3432 5702">
    <p class='ocr_par' dir='ltr' id='par_1_110' title="bbox 2326 5565 3432 5702">
     <span class='ocr_line' id='line_1_110' title="bbox 2329 5565 2712 5629; baseline -0.008 -14"><span class='ocrx_word' id='word_1_837' title='bbox 2329 5571 2443 5615; x_wconf 86' lang='lat' dir='ltr'><strong>eest</strong></span> <span class='ocrx_word' id='word_1_838' title='bbox 2472 5565 2504 5629; x_wconf 81' lang='grc' dir='ltr'>ἡ</span> <span class='ocrx_word' id='word_1_839' title='bbox 2543 5565 2591 5612; x_wconf 89' lang='lat' dir='ltr'><strong>in</strong></span> <span class='ocrx_word' id='word_1_840' title='bbox 2628 5565 2712 5613; x_wconf 89' lang='lat' dir='ltr'><strong>ed.</strong></span> 
     </span>
     <span class='ocr_line' id='line_1_111' title="bbox 2326 5629 3432 5702; baseline -0.002 -19"><span class='ocrx_word' id='word_1_841' title='bbox 2326 5630 2464 5702; x_wconf 67' lang='grc'><strong>’(14)</strong></span> <span class='ocrx_word' id='word_1_842' title='bbox 2496 5629 2746 5700; x_wconf 72' lang='grc' dir='ltr'>Προέχῃ.</span> <span class='ocrx_word' id='word_1_843' title='bbox 2784 5630 2838 5684; x_wconf 89' lang='lat' dir='ltr'><strong>In</strong></span> <span class='ocrx_word' id='word_1_844' title='bbox 2874 5629 3167 5698; x_wconf 81' lang='lat' dir='ltr'><strong>nonnullis,</strong></span> <span class='ocrx_word' id='word_1_845' title='bbox 3202 5629 3432 5701; x_wconf 78' lang='grc' dir='ltr'>πρόσχῃ.</span> 
     </span>
    </p>
   </div>
  </div>
