4050 6298
63 139 88 208 Ι

63 139 88 208 t’

44 0 68 406 ἶ
246 310 339 366 397

1168 303 1426 362 ORATIO
1463 306 1577 361 XL.
1619 337 1687 348 -—
1723 305 1788 361 IN
1827 305 2157 361 SANCTUM
2195 307 2565 364 BAPTISMA.

3389 313 3495 368 398

246 440 367 486 σεις,
389 415 794 488 ὅσονΧριδτὺς,
825 407 868 483 ᾧ
903 413 966 466 σὺ
995 413 1229 489 βαπτίζῃ
1267 418 1528 487 σήμερον,
1556 418 1612 482 ὃς
1645 417 1731 472 διὰ
1763 417 1822 470 σὲ

1944 420 2154 473 ξκειῑιίι.
2199 403 2459 476 ’Νοηάιιιιι
2519 431 2722 477 tantum
2784 433 2834 480 te
2893 427 3163 491 dem-ittes,
3235 443 3493 500 quantum

242 516 326 568 καὶ
366 510 562 564 δούλου
617 507 829 579 μορφὴν
873 507 1110 572 ἐδέξατο.
1160 509 1278 576 Ἀφ’
1310 505 1378 580 ἧς
1423 511 1633 582 ἡμέρας
1666 528 1827 582 μετα-

243 606 355 673 ποιῇ
398 601 540 671 (15),
565 601 767 663 πάντες
794 593 942 664 εἶξαν
975 600 1025 652 οἱ
1061 598 1279 652 παλαιοὶ
1307 602 1674 672 χαρακτῆρες·
1730 604 1828 674 μιᾷ

168 739 174 742 .
245 697 414 766 μορφῇ
447 692 563 762 (16)
611 693 742 746 πᾶσι
771 690 1008 764 Χριστὸς
1034 693 1366 746 ἐπιτέθειται
1400 694 1537 765 (l7).
1569 696 1664 766 Μὴ
1723 698 1826 750 ἀπ-

243 784 472 856 αξιὼσῃς
497 783 867 854 ἐξαγορεῦσαι
911 800 1004 836 σου
1045 783 1144 854 τὴν
1181 784 1474 854 ἁμαρτίαν,
1502 785 1656 849 εἰδὼς
1683 787 1829 849 ὅπως

253 877 500 946 Ἰωάννης
558 875 876 940 ἐϐάπτισεν,
925 875 1012 928 ἴνα
1063 875 1162 947 τὴν
1209 876 1418 929 ἐκεῖθεν
1445 877 1708 949 αἰσχύνην
1763 880 1828 948 τῇ

243 963 465 1023 ἐνταῦθα
499 968 685 1040 φύγῃς
746 969 956 1039 (ἐπειδὴ
995 969 1162 1039 μέρος
1210 967 1304 1022 καὶ
1340 967 1497 1022 τοῦτο
1547 970 1647 1040 τῆς
1691 971 1832 1023 εκεῖ-

245 1078 297 1114 σε
329 1059 439 1130 (18)
478 1059 808 1130 κολάσεως),
841 1061 934 1114 κα)⁵
969 1060 1167 1132 δείξῃς,
1201 1061 1282 1114 ὃτι
1305 1059 1402 1132 τὴν
1430 1062 1700 1135 ἁμαρτίαν
1743 1063 1831 1116 ὃν·

243 1168 342 1216 τως
372 1151 718 1224 μεμίσηκας,
778 1151 1282 1224 παραδειγματίσας
1350 1153 1519 1224 αὐτὴν
1584 1153 1693 1224 (19)
1738 1154 1834 1207 καὶ

244 1243 646 1314 θριαμϐεύσας,
675 1243 751 1308 ὡς
767 1243 924 1308 ἀξίαν
952 1243 1180 1316 ὕϐρεως.
1229 1241 1321 1316 Μὴ
1360 1243 1659 1316 διαπτόσῃς
1682 1244 1834 1320 ἐξορ-

246 1333 434 1406 κισμοῦ
472 1335 801 1406 θεραπείαν,
845 1336 979 1407 μηδὲ
1010 1337 1148 1408 πρὸς
1168 1335 1228 1388 τὸ
1257 1335 1432 1406 μῆκος
1488 1336 1688 1407 ταύτης
1723 1338 1832 1390 άπ-

245 1426 574 1498 αγορεύσῃς.
629 1426 873 1490 Βάσανός
917 1428 1142 1482 ἐστικαὶ
1189 1426 1328 1499 αὕτη
1357 1428 1457 1497 τῆς
1499 1429 1624 1500 περὶ
1649 1429 1710 1480 τὸ
1735 1429 1832 1499 χά-

247 1537 406 1590 ρισμα
435 1519 826 1590 γνησιότητος.
855 1519 918 1573 Τί
943 1520 1198 1574 τοσοῦτον
1224 1522 1502 1591 πονήσεις,
1531 1516 1641 1574 οἷον
1658 1523 1694 1590 ἡ
1720 1522 1836 1576 τῶν

244 1611 540 1664 Αἰθιόπων
568 1610 942 1675 βασίλισσα,
971 1611 1040 1666 ἐκ
1089 1608 1206 1666 τῶν
1249 1613 1524 1680 περάτων
1568 1611 1679 1679 τῆς
1722 1611 1836 1681 γῆς

244 1699 658 1757 ἁπαναστᾶσα
689 1701 822 1773 (ΞΟ).
851 1703 952 1756 ἵνα
986 1701 1084 1770 ἴδῃ
1114 1702 1228 1772 τὴν
1259 1704 1486 1773 σοφίαν
1528 1701 1836 1778 Σολομέόν-

245 1809 376 1858 voc;
402 1792 520 1846 Kal
561 1791 694 1847 ἰδοὺ
719 1792 936 1848 πλεῖον
963 1793 1352 1864 Σολομῶντος
1383 1789 1518 1860 ὦδε,
1551 1794 1702 1866 παρὰ
1725 1799 1834 1859 τοῖς

174 1873 198 1898 ⁸
245 1883 460 1948 τελείως
490 1884 892 1964 λογιζομένοις.
929 1886 1022 1958 Μὴ
1079 1887 1442 1960 κατοκνὴσῃςι
1479 1887 1552 1958 μὴ
1584 1885 1704 1940 δ’δοῦ
1735 1887 1838 1958 μῆ“

247 1992 355 2038 κος,
383 1975 459 2047 μὴ
493 1975 674 2047 μὲτρα
700 1975 996 2048 θαλάσσης,
1038 1977 1112 2049 μὴ
1132 1977 1267 2050 πῦρ,
1317 1981 1365 2032 εί
1389 1980 1482 2032 καὶ
1513 1978 1673 2033 τοῦτο
1706 1979 1838 2051 πρό-

247 2082 438 2130 κειται,
475 2066 558 2137 μὴ
593 2066 721 2120 ἄλλο
757 2069 944 2138 μηδὲν,
980 2068 1013 2139 ἢ
1060 2069 1278 2140 μικρὸν,
1308 2069 1341 2140 ἢ
1381 2068 1566 2140 μεῖζον
1593 2070 1701 2123 τῶν
1738 2087 1839 2123 κω-

247 2158 519 2230 λυμάτων,
549 2157 693 2212 ὥστε
725 2162 906 2230 τυχεῖν
938 2159 1029 2213 τοῦ
1051 2161 1409 2232 χαρίσματος.
1443 2163 1507 2215 Et
1539 2162 1596 2216 δέ
1629 2179 1709 2215 σοι
1735 2178 1840 2232 μη-

247 2251 330 2303 δὲν
368 2253 694 2322 πονήσαντι,
733 2251 869 2323 μηδὲ
924 2253 1493 2325 πραγματευσαμένῳ,
1529 2257 1708 2325 τυχεῖν
1751 2253 1838 2317 ἒξ-

250 2359 358 2396 εστί
411 2342 510 2395 τοῦ
571 2341 928 2413 ποθουμένου,
967 2343 1140 2415 πόσης
1197 2344 1450 2416 εὐηθείας
1487 2345 1587 2416 τὴν
1630 2345 1838 2418 δωρεὰν

251 2433 690 2498 ἀναϐάλλεσθαι;
722 2435 788 2487 οι
820 2433 1136 2502 διψῶντες,
1189 2436 1344 2506 φησὶ,
1381 2436 1708 2504 πορεύεσθε
1746 2435 1838 2504 ἐφ’

253 2523 402 2592 ὕδωρ
438 2524 710 2595 (Ἡσαΐας
740 2523 1116 2579 διακελεύεταί
1153 2527 1278 2597 σοι)·
1313 2527 1410 2580 καὶ
1443 2526 1577 2581 ὅσοι
1603 2525 1690 2596 μὴ
1711 2527 1842 2596 ἔχε-

252 2633 312 2670 τε
338 2616 653 2686 ἀργύριον,
695 2615 1068 2683 βαδίσαντες
1103 2617 1459 2687 ἀγοράσατε,
1500 2618 1599 2672 καί
1631 2620 1842 2675 πίεσθε

253 2705 437 2772 οἶνον,
457 2709 594 2762 ἄνευ
623 2706 885 2780 ἀργυρίου
917 2707 1028 2778 (21)
1050 2708 1236 2779 τιμῆς.
1274 2711 1336 2762 Ὢ
1371 2709 1466 2764 τοῦ
1497 2711 1696 2781 τάχους
1744 2711 1842 2782 τῆς

256 2801 694 2872 φιλανθρωπίαςί
730 2803 794 2854 Ὦ
820 2800 920 2872 τῆς
947 2803 1194 2866 εὐκολίας
1237 2801 1330 2856 τοῦ
1363 2802 1838 2874 συναλλάγματοςῐ

259 2894 434 2947 Ὠνιόν
474 2909 562 2946 σοι
590 2890 746 2945 τοῦτο
771 2891 883 2962 (22)
916 2891 1004 2944 τοῦ
1037 2891 1258 2964 θελῆσαι
1297 2891 1452 2962 μόνον
1483 2892 1596 2964 (‘25)
1622 2891 1684 2947 τὸ
1706 2894 1843 2961 ἀγα-

258 2985 364 3040 θόν·
397 2985 574 3056 αὐτὴν
620 2983 720 3054 τὴν
748 2983 923 3056 ὁρμὴν
952 2985 1074 3039 ἀντὶ
1125 2984 1218 3038 τοῦ
1259 2985 1494 3056 μεγάλου
1534 2985 1845 3056 τιμήματος

1929 509 2200 574 Christus,
2235 508 2326 566 'cui
2376 513 2634 567 hodierno
2683 514 2769 568 die
2817 515 3138 584 baptizaris,
3175 521 3263 586 qui
3302 521 3498 578 salutis

1933 611 2036 655 tua:
2062 617 2223 657 causa
2251 603 2498 658 servilem
2529 620 2744 676 quoque
2781 606 3004 662 formam
3033 611 3258 680 accepit.
3290 613 3368 668 Ex
3393 631 3498 686 quo

1931 693 2016 747 die
2041 707 2136 762 per
2162 694 2494 764 baptismum
2547 698 2876 765 imm-utaris,
2905 712 3118 760 veteres
3146 719 3334 762 omnes
3361 717 3501 762 neue

1932 794 2212 839 cesserunt
2240 803 2254 838 :
2287 801 2390 840 uua
2427 787 2602 842 forma
2637 793 2892 848 munibus
2937 785 3188 852 Christus
3216 799 3504 869 impositus

1931 883 2033 930 est.
2067 875 2444 958 Ne'peccatum
2489 889 2636 934 tuum
2667 883 2910 938 confiteri
2933 899 3095 954 grave
3118 889 3301 954 ducas,
3326 893 3504 948 sciens

1933 979 2038 1034 quo
2066 972 2222 1034 pacto
2251 964 2486 1022 Joannes
2519 967 2894 1038 baptizaverit,
2925 981 2986 1026 ut
3031 988 3127 1042 per
3171 975 3330 1046 hujus
3371 979 3504 1034 vitae

1932 1058 2216 1128 pudorem,
2244 1057 2410 1112 futuri
2440 1058 2620 1113 smculi
2648 1061 2902 1128 pudorem
2933 1063 3384 1138 ignominiamque
3413 1071 3504 1123 fue-

1933 1149 2050 1218 gias
2080 1148 2225 1219 (nam
2282 1150 2383 1203 hoc
2429 1163 2642 1219 quoq-ue
2687 1153 3009 1221 sempiterni
3069 1155 3212 1212 illius
3254 1159 3505 1228 supplicii
3579 1226 3583 1230 ,

1935 1257 2060 1310 pars
2081 1241 2227 1312 est);
2266 1256 2329 1296 ac
2367 1243 2707 1311 perspicuum
2749 1244 2934 1309 facias,
2979 1256 3030 1302 te
3083 1249 3414 1321 serio-atque
3437 1268 3508 1308 ex

1937 1335 2125 1387 animo
2176 1343 2455 1402 peccatum
2503 1336 2683 1390 odisse
2746 1351 2810 1392 ac
2876 1339 3156 1408 detestari,
3202 1342 3328 1398 dum
3377 1345 3507 1401 illud

1939 1436 2190 1493 tauquam
2225 1424 2554 1478 contumelia
2596 1425 2812 1495 dignum
2851 1429 3106 1496 traducis,
3145 1447 3209 1488 ae
3240 1434 3382 1489 velut
3423 1436 3514 1490 lu-

1936 1519 2114 1573 dibrio
2143 1517 2390 1588 exponis,
2415 1517 2491 1573 ade
2522 1533 2693 1588 eoque
2717 1520 3050 1592 triumphum
3073 1525 3208 1595 agis.
3244 1527 3320 1582 Ne
3349 1542 3512 1584 exor-

1938 1609 2090 1664 eismi
2127 1609 2446 1664 medicinam
2473 1623 2715 1680 respuas,
2744 1627 2844 1668 nec
2877 1615 2947 1668 ob
2982 1615 3122 1671 illius
3144 1617 3510 1686 prolixitatem

1938 1700 2118 1754 animo
2147 1700 2420 1754 concidas.
2450 1700 2586 1755 Nam
2614 1701 2664 1756 id
2705 1718 2922 1774 quoque
2952 1707 3098 1761 velut
3125 1708 3262 1778 lapis
3289 1713 3510 1781 quidam

1936 1791 2137 1862 Lydius
2158 1800 2260 1858 est,
2300 1792 2366 1846 ad
2393 1807 2552 1862 quem
2585 1793 2903 1862 exploratur
2930 1811 3094 1866 quam
3125 1800 3337 1858 sincero
3360 1805 3518 1874 quis--

1936 1901 2042 1954 que
2112 1894 2327 1954 pectore
2377 1884 2446 1938 ad
2498 1884 2817 1955 baptismum
2891 1892 3134 1945 accedat.
3219 1893 3512 1965 Ecquando

1941 1985 2144 2031 tantum
2185 1975 2388 2030 laboris
2421 1977 2746 2046 susceperis,
2791 1988 3052 2047 quantum
3083 1981 3396 2055 zEthiopum
3433 2004 3516 2041 re-

1937 2068 2080 2137 gina,
2110 2081 2227 2135 qua:
2265 2067 2327 2118 ab
2349 2066 2594 2120 extremis
2618 2074 2777 2121 terra:
2806 2068 3000 2135 ﬁnibus
3031 2075 3280 2139 perrexit,
3316 2085 3372 2129 ut
3407 2076 3512 2130 Sac

1939 2160 2162 2213 lomonis
2192 2158 2352 2230 713
2381 2160 2692 2228 sapientiam
2725 2161 2914 2214 videret
2933 2164 2958 2217 ?
2977 2163 3180 2218 Iit-ecce
3211 2167 3330 2234 plus
3351 2163 3561 2235 quam.

1941 2249 2191 2306 Salomon
2217 2252 2302 2306 hic
2325 2252 2393 2318 ",
2422 2251 2608 2305 saltem
2658 2254 2796 2320 apud
2832 2269 2946 2316 eos,
2978 2259 3068 2324 qui
3112 2272 3223 2311 rem
3275 2260 3511 2327 perfecte

1940 2344 2302 2398 considerant.
2333 2342 2412 2396 Ne
2448 2343 2549 2396 viae
2574 2343 3021 2414 longinquitatem
3049 2348 3383 2414 reformides,
3413 2368 3518 2407 nec-

1942 2437 2108 2490 maris
2161 2435 2357 2506 spatia,
2413 2450 2512 2490 nec
2548 2437 2745 2506 ignem,
2775 2439 2820 2492 si
2867 2438 3206 2504 adhibeatur,
3242 2458 3340 2498 nec
3369 2445 3514 2499 aliud

1943 2529 2302 2598 quodcunque
2352 2527 2815 2598 impedimentum,
2875 2543 2984 2598 quo
3031 2533 3256 2602 gratiam
3329 2550 3518 2591 conse-

1942 2619 2146 2688 quaris.
2175 2617 2307 2674 Cum
2343 2627 2522 2672 autem
2570 2619 2689 2685 tibi,
2728 2635 2824 2675 nec
2852 2619 3034 2676 labore
3061 2622 3191 2686 ullo,
3229 2639 3325 2679 nec
3351 2640 3515 2694 opera

1945 2709 2051 2763 ulla
2086 2718 2354 2777 suscepta,
2397 2711 2472 2763 rei
2512 2711 2763 2780 expetitae
2811 2724 3112 2782 compotem
3164 2717 3280 2770 ﬁeri
3331 2717 3512 2785 liccat,

1953 2814 2074 2868 quae
2108 2799 2322 2854 tandem
2365 2799 2589 2854 stultitia
2637 2809 2738 2863 est,
2772 2802 2968 2856 donum
3005 2804 3056 2858 in
3107 2806 3248 2860 aliud
3307 2819 3516 2880 tempus

1945 2890 2206 2960 rejicere?
2240 2889 2512 2953 Sitientes,
2550 2892 2745 2962 inquit,
2778 2894 2943 2948 venite
3001 2897 3069 2948 tu!
3111 2914 3302 2965 aquam
3336 2902 3438 2969 (sic
3468 2914 3523 2958 te

1946 2982 2191 3036 hortatur
2230 2981 2453 3052 Isaias);
2487 2993 2532 3035 et
2571 2985 2661 3052 qui
2694 3000 2798 3037 non
2825 2985 3024 3040 habetis
3054 3001 3346 3057 argentum,
3375 2993 3444 3046 ite
3469 3002 3521 3047 et

255 3078 492 3148 δέχεται.
537 3076 675 3148 Διψᾷ
707 3077 766 3129 τὸ
802 3076 1078 3146 διψᾶσθαιο
1127 3075 1333 3140 ποτίζει
1372 3077 1682 3140 τοὺς-πιεῖν
1729 3075 1841 3129 tet-

1949 3065 2126 3139 emite,
2164 3093 2226 3130 ac
2255 3077 2454 3142 uinum,
2481 3075 2628 3130 nullo
2657 3077 2928 3146 persoluto
2967 3083 3164 3148 pretio,
3195 3082 3350 3138 bibite
3368 3086 3434 3137 ⁸⁵.
3475 3083 3520 3140 Ο

260 3169 464 3234 λονταςο
523 3160 918 3242 εὐεργετεῖται,
972 3168 1070 3238 τὴν
1143 3167 1457 3238 εὐεργεσίαν
1506 3166 1843 3238 αἰτούμενος·

261 3261 556 3333 πρόχειρός
589 3262 708 3314 ἐστι
741 3258 1140 3330 μεγαλόδωρος·
1181 3258 1394 3312 δίδωσιν
1445 3256 1613 3328 ἥδιον,
1715 3257 1850 3329 λαμ-

262 3353 516 3406 ϐάνουσιν
555 3351 757 3422 ἕτεροι.
791 3350 968 3404 Μόνον
987 3350 1061 3420 μὴ
1087 3349 1439 3420 μικρολογίαν
1456 3347 1850 3416 καταγνωσθῶ-

265 3461 361 3514 μεν
384 3441 480 3497 τοῦ
517 3442 630 3514 (24)
666 3441 839 3513 μικρὰ
889 3442 1080 3504 αἰτεῖν,
1114 3441 1209 3493 καὶ
1240 3438 1332 3492 τοῦ
1367 3438 1600 3502 διδόντος
1633 3439 1847 3506 ἀνάξια.

265 3537 574 3608 Μακάριος,
595 3534 654 3587 ὃν
677 3535 820 3588 αἰτεῖ
853 3533 1003 3604 πόμα
1040 3531 1292 3603 Χριστὸς,
1321 3531 1396 3595 ὡς
1425 3531 1522 3602 τὴν
1577 3531 1850 3602 Σαμαρεῖ-

267 3645 348 3681 τιν
377 3627 493 3699 (‘25)
527 3626 763 3698 ἐκείνην,
791 3625 901 3679 Καὶ
934 3623 1142 3678 δίδωσι
1178 3622 1382 3693 πηγὴν
1422 3622 1638 3688 ὕδατος
1668 3622 1850 3676 ἀλλο-

265 3717 450 3785 μένου
482 3720 572 3784 εἰς
595 3716 749 3784 ζωὴν
776 3715 1034 3770 αἰώνιον.
1058 3714 1358 3783 Μακάριος
1394 3701 1428 3768 ὂ
1465 3713 1726 3782 σπείρων
1752 3713 1852 3767 ἐπὶ

268 3817 390 3872 πᾶν
420 3819 605 3886 ὕδωρ,
637 3819 732 3871 xod.
764 3819 942 3870 πᾶσαν
968 3815 1171 3886 ψυχὴν,
1199 3813 1388 3886 αὔριον
1419 3812 1726 3884 ἀρουμένην
1760 3811 1854 3864 καὶ¹

271 3913 596 3983 ἀρδομένην,
627 3911 695 3984 ἣν
727 3909 852 3980 βοῦς
883 3909 979 3962 καὶ
1023 3907 1140 3970 ὅνος
1167 3908 1326 3960 πατεῖ
1361 3907 1617 3978 σήμερον,
1659 3903 1853 3974 χέρσον

272 4019 327 4055 τε
347 3999 518 4057 οὖσαν
562 4001 657 4055 καὶ
689 3999 939 4071 ἄνυδρον,
962 3997 968 4002 ’
989 4001 1082 4052 καὶ
1120 3997 1316 4068 ἀλογίᾳ
1348 3995 1697 4066 πιεζομένην.
1735 3995 1854 4046 Μα-

274 4092 482 4162 κάριος,
514 4091 572 4154 ὃς
599 4090 700 4144 κᾶν
725 4089 1062 4160 χειμάρρους
1095 4087 1206 4160 (26)
1320 4087 1567 4156 σχοίνων,
1598 4085 1657 4151 ἐξ
1705 4084 1852 4137 οῖκου

277 4183 474 4254 Κυρίου
502 4181 800 4246 πστίςεται,
841 4181 934 4233 καὶ
965 4179 1170 4248 γίνεται
1199 4177 1478 4248 σιτοφόρος
1498 4177 1618 4230 ἀντὶ
1653 4191 1854 4245 σχοινο-

276 4272 462 4344 φὸρου,
513 4274 607 4326 καὶ
665 4273 901 4342 γεωργεῖ
945 4269 1148 4341 τροφὴν
1195 4269 1565 4339 ἀνθρωπίνην,
1625 4266 1737 4320 ἀλλ’
1791 4266 1853 4317 οὐ

275 4365 531 4437 τραχεῖάν
560 4381 620 4417 τε
650 4363 763 4435 (27)
811 4365 905 4418 καὶ
936 4345 1211 4433 ἀνόνητον.
1245 4359 1413 4430 ’Υπὲρ
1451 4354 1511 4414 οὗ
1537 4360 1716 4412 πᾶσαν
1744 4361 1855 4411 εἱσ-

1952 3168 2219 3239 ingeutem
2270 3167 2617 3239 benignitatis
2669 3168 3025 3224 celeritatem!
3054 3169 3098 3226 Ο
3133 3172 3344 3228 facilem
3393 3190 3523 3230 con-

1955 3260 2196 3315 traliendi
2228 3261 2533 3314 rationem!
2575 3259 2686 3314 Hoc
2721 3262 2917 3316 bonum
2963 3264 3073 3316 sola
3119 3265 3391 3321 voluntate
3434 3283 3522 3321 ve-

1953 3351 2073 3407 nale
2105 3351 2196 3405 tibi
2226 3353 2578 3420 proponitur;
2615 3353 2788 3421 ipsum
2835 3351 2996 3406 animi
3023 3355 3348 3410 desiderium
3379 3357 3522 3413 Deus

1953 3443 2184 3513 ingentis
2207 3443 2363 3513 pretii
2392 3443 2508 3498 loco
2536 3444 2719 3498 habet.
2747 3443 2875 3498 Sitit
2918 3445 3054 3498 sitiri
3083 3462 3098 3498 :
3129 3447 3310 3500 bibere
3339 3448 3525 3502 volen-

1955 3529 2096 3585 tibus
2134 3539 2316 3599 potum
2350 3531 2586 3600 praebet;
2611 3545 2732 3586 eum
2759 3533 2826 3586 ab
2849 3548 2913 3586 eo
2948 3533 3266 3589 beneﬁcium
3298 3537 3521 3605 petitur,

1955 3621 2069 3691 ipse
2115 3622 2374 3677 beneficio
2423 3623 2652 3692 allicitur
2682 3639 2696 3674 :
2729 3625 2779 3678 in
2811 3632 3062 3694 promptu
3092 3637 3174 3680 est
3198 3627 3526 3696 ipsius-mu-

1956 3718 2225 3772 niﬁcentia
2262 3733 2326 3770 ac
2365 3717 2664 3772 liberalitas
2699 3718 3027 3787 :jucundius
3081 3721 3198 3784 dat,
3228 3735 3386 3789 quam
3427 3721 3519 3776 alii

1956 3812 2242 3880 accipiant.
2275 3811 2389 3864 Hoc
2412 3826 2579 3864 unum
2601 3824 2910 3878 caveamus,
2954 3827 3021 3866 ne
3049 3812 3217 3880 jejuni
3239 3829 3303 3869 ac
3329 3815 3523 3869 minuti

1955 3900 2323 3954 auiminotam
2360 3901 2666 3964 subeamus,
2692 3914 2879 3969 parva,
2924 3901 3125 3970 Deique
3158 3901 3526 3958 munificentia

1956 4005 2142 4058 parum
2198 3991 2355 4060 digna
2387 3990 2744 4060 postulantes.
2777 3989 2973 4046 Beatus
3003 3991 3111 4058 ilic,
3146 4007 3174 4046 a
3201 4008 3330 4063 quo,
3367 4004 3424 4048 ut
3458 3996 3526 4048 ab

1957 4082 2047 4136 illa
2087 4080 2668 4153 Samaritana,,potum
2715 4081 2964 4139 Christus
3007 4086 3200 4153 poscit,
3228 4085 3528 4156 fontemque

1955 4178 2047 4230 dat
2078 4193 2229 4245 aqua:
2264 4177 2315 4230 in
2356 4178 2517 4230 vitam
2548 4185 2798 4230 tetemam
2830 4178 3066 4230 salientis
3081 4179 3147 4230 ’⁸.
3188 4178 3404 4241 Beatus,
3431 4179 3527 4247 gui

1955 4271 2176 4324 seminat
2198 4283 2353 4336 super
2386 4283 2589 4320 omnem
2619 4283 2811 4334 aquam
2829 4267 2897 4331 ",
2935 4276 2990 4321 et
3023 4283 3236 4322 omnem
3269 4269 3532 4337 animam,

1957 4362 2193 4416 crastino
2231 4360 2316 4414 die
2355 4368 2537 4412 aratro
2595 4358 3058 4427 perstringendam
3088 4367 3136 4413 et
3177 4359 3526 4430 irrigandam,

279 4454 523 4507 ενεκτέον
579 4454 834 4526 σπουδὴν,
877 4453 1017 4507 ὥστε
1059 4453 1134 4523 μὴ
1167 4450 1484 4522 διαμαρτεῖν
1526 4451 1623 4520 τῆς
1669 4451 1841 4520 κοινῆς

1959 4465 2120 4521 quam
2163 4447 2322 4504 hodie
2374 4449 2470 4502 bos
2497 4457 2551 4502 et
2580 4447 2765 4500 asinus
2813 4446 3044 4509 calcant,
3082 4456 3268 4516 utpote
3299 4458 3527 4515 vastam,

279 4547 520 4619 χάριτος.

1962 4542 2216 4597 incultam
2247 4550 2299 4595 et
2325 4540 2549 4603 aridam,
2578 4551 2642 4591 ac
2673 4539 2826 4591 bruta
2852 4537 3144 4592 stoliditate
3169 4538 3526 4596 laborantem.

279 4637 498 4705 Beatus,
535 4641 625 4709 qui
648 4639 775 4695 licet
797 4639 1083 4710 juncorum
1107 4647 1318 4693 torrens
1348 4636 1437 4700 sit,
1468 4636 1536 4692 de
1563 4637 1722 4692 domo
1763 4647 1942 4692 tamen
1972 4635 2180 4691 Domini
2245 4631 2536 4702 rigatur",
2602 4639 2764 4700 atque
2829 4645 2893 4684 ex
2956 4629 3225 4700 juncifero
3268 4631 3528 4688 frumenti

281 4730 430 4786 ferax
481 4730 734 4795 efﬁcitur,
790 4741 1110 4801 pastumque
1169 4744 1316 4793 eum,
1381 4729 1472 4798 qui
1531 4731 1842 4786 hominibus
1880 4738 2038 4800 aptus
2077 4729 2170 4794 sit,
2203 4727 2429 4797 profert,
2469 4741 2572 4780 non
2607 4735 2783 4779 autem
2835 4739 3085 4793 asperum
3145 4734 3200 4778 et
3262 4725 3526 4780 inutilem.

283 4823 358 4876 Ac
386 4823 613 4893 proinde
634 4823 782 4878 omni
823 4837 950 4878 cura
978 4831 1033 4878 et
1058 4821 1240 4879 studio
1264 4823 1418 4877 nobis
1449 4827 1532 4876 est
1560 4822 1972 4890 providendum,
2005 4836 2070 4876 ne
2099 4819 2370 4875 communi
2410 4820 2510 4872 hac
2534 4817 2706 4888 gratia
2731 4831 3034 4872 careamus.

352 4983 399 5015 ’⁸
423 4982 743 5046 Matth-xu,
773 4983 874 5048 42;
910 4982 979 5040 Ill
1012 4981 1143 5054 Reg.
1172 4998 1228 5046 χ,
1257 4983 1280 5035 Ι
1314 4997 1432 5051 sqq.

353 5161 466 5231 (15)
493 5161 819 5231 Μεταποιῇ.
835 5184 857 5215 ί
880 5164 1202 5229 Immutaris,
1224 5182 1242 5216 ι
1262 5163 1312 5217 id
1337 5172 1437 5228 est,
1461 5181 1478 5212 ι
1500 5161 1849 5216 τεηιιεεενίε.»

290 5300 302 5312 _
356 5230 629 5314 (16)ίι1ιᾷ.
664 5230 886 5302 μορφῇ.
943 5233 1132 5289 Comb.
1192 5232 1439 5302 praefert,
1499 5231 1594 5303 μία
1635 5233 1851 5303 μορφή,

289 5316 340 5353 tu
371 5315 704 5354 nomtuattvn
737 5320 884 5357 CilSll.

356 5371 467 5438 (l7)
505 5371 908 5427 Ἐπιτέθειται.
937 5372 1103 5428 Coisl.
1143 5373 1195 5437 i,
1219 5371 1465 5426 τέθειται.

359 5441 469 5511 (18)
498 5441 742 5511 Ἐκεῖσε.
775 5443 867 5498 0r.
907 5445 958 5504 l,
997 5442 1230 5498 ἐκεῖθεν.

499 5510 724 5584 Αὐτὴν.
769 5515 902 5584 Tres
932 5516 1117 5583 llegg.,
1143 5513 1367 5584 ταύτην.

355 5581 469 5653 (20)
499 5581 941 5639 Ἀπαναστᾶσα.
987 5581 1120 5639 'l‘fes
1161 5581 1329 5653 Regg.
1377 5591 1432 5638 et
1473 5583 1688 5644 Comln,
1736 5581 1866 5635 ἀνα-

295 5651 482 5704 στᾶσα.

1547 4986 1592 5017 ’⁵
1615 4984 1716 5036 lsa.
1749 4997 1832 5045 ιν,

1987 4981 2031 5013 ³⁸
2064 4978 2220 5033 Joan.
2249 4992 2320 5042 tv,
2357 4976 2408 5029 7.
2484 4976 2527 5007 "
2555 4974 2658 5030 lsa.
2694 4991 2868 5039 xxx",
2901 4975 2990 5030 20.
3068 4975 3114 5007 ³⁸
3143 4974 3258 5031 Joel
3329 4990 3410 5038 Ill,
3443 4971 3530 5028 l8.

1961 5160 2288 5216 Combefisio
2321 5161 2588 5228 glossema
2624 5175 2770 5222 esse,
2801 5171 2893 5214 aut
2915 5161 3016 5214 alia
3053 5161 3228 5214 lectio.

2035 5231 2145 5302 (22)
2189 5229 2386 5284 Τοῦτο.
2425 5231 2578 5302 Deest
2613 5231 2664 5282 iu
2691 5232 2930 5299 quinque
2966 5231 3136 5302 llegg}
3159 5246 3211 5286 et
3241 5229 3334 5284 Or.
3373 5232 3425 5284 1.

2031 5301 2145 5371 (‘25)
2171 5302 2398 5371 Μόνον.
2427 5301 2557 5366 Reg.
2591 5301 2701 5371 Iun,
2736 5302 2918 5370 μόνου.

2034 5368 2324 5453 (ΞΗ-Τοῦ.
2373 5370 2561 5424 Plures
2601 5368 2770 5440 Regg.
2819 5382 2874 5426 ει
2922 5371 3098 5435 Colb.,
3147 5371 3282 5436 Jes.,
3316 5370 3532 5434 Comb.,

1963 5451 2092 5501 etc.,
2117 5451 2214 5501 τῷ.
2319 5478 2326 5485 -

2167 5497 2546 5596 ’ξαμαρεξτιη
2575 5508 2667 5596 Qr.
2703 5511 2752 5574 l,
2781 5512 3148 5596 Σαμαρείτην.

2035 5581 2144 5654 (26)
2176 5581 2560 5654 Χειμάῤῥους.
2600 5581 2971 5654 Ιιιίιιοηηυίιὶέ,
3003 5581 3322 5654 χείμαρρος.

2036 5652 2148 5722 (27)
2183 5651 2468 5720 Τραχεῖὰν
2503 5668 2586 5705 τε.
2626 5651 2718 5707 Sic
2756 5661 2865 5708 tres
2917 5653 3081 5722 Regg.
3129 5651 3183 5706 et
3209 5651 3335 5708 “tres
3379 5651 3531 5707 Coll).

506 5721 837 5793 Ἀργυρίου.
897 5724 1052 5781 Deest
1082 5725 1133 5779 in
1162 5723 1397 5795 quinque
1440 5690 1610 5796 chg.
1641 5721 1835 5778 Videtu

2036 5690 2148 5722 μη,
2187 5690 2409 5720 "mp...

1969 5722 2128 5779 Deest
2155 5738 2212 5775 τε
2243 5724 2294 5778 in
2322 5724 2409 5778 ed.
