4050 6298
366 352 399 368 /

477 305 584 362 599

1685 302 1742 358 S.
1786 300 2115 356 GREGORII
2155 297 2505 354 resonos]

3627 299 3736 353 600

547 420 777 477 XXVIII.
820 419 938 477 Sint
970 420 1084 474 haec
1115 434 1265 482 sane.
1304 420 1501 474 dixerit
1545 420 1758 488 aliquis,
1789 429 2046 488 quantum

2221 418 2357 470 κη’.
2398 419 2578 470 Ἔστω
2609 414 2801 475 ταῦτα.
2830 417 2983 487 φησι,
3039 417 3167 487 περὶ
3198 415 3306 470 τῶν
3331 416 3734 484 ἐπιζητούντων

477 515 545 570 ad
573 528 667 570 eos
695 512 903 574 attinet,
932 511 1022 579 qui
1053 510 1375 579 baptismum
1422 511 1724 578 requirunt.
1776 510 1913 575 Quid
1957 525 2052 561 au-

481 622 589 663 tem
612 606 678 659 de
704 604 771 659 iis
810 603 976 671 dices,
1004 602 1094 672 qui
1150 611 1331 657 tenera
1377 602 1556 656 adhuc
1585 612 1745 656 aetate
1779 609 1923 665 sunt,
1954 614 2053 654 nec

478 708 571 755 aut
601 698 851 753 damnum
887 704 978 750 aut
1023 696 1252 764 gratiam
1287 694 1565 749 sentiunt?
1593 694 1672 747 An
1707 708 1798 748 eos
1832 706 2048 761 quoque

478 786 906 858 baptizabimus?
951 786 1027 840 Ita
1075 799 1318 856 prorsus,
1353 784 1399 839 si
1429 783 1573 852 quod
1624 781 1922 853 periculum
1960 796 2053 836 ur-

479 890 618 950 geat.
651 878 876 933 Praestat
898 878 1042 932 enim
1073 877 1277 947 absque
1311 890 1472 930 sensu
1503 875 1862 936 sanetilicari,
1892 888 2050 942 quam

478 972 596 1026 sine
619 969 795 1041 sigillo
822 977 877 1024 et
904 968 1211 1023 initiatione
1238 968 1550 1022 abscedere.
1582 967 1757 1035 Atque
1785 967 1940 1033 hujus
1975 965 2051 1020 rei

479 1062 619 1116 ratio
651 1061 806 1116 nobis
839 1068 924 1115 est
971 1059 1338 1123 circumcisio,
1371 1059 1455 1114 die
1497 1070 1689 1113 octavo
1729 1059 1908 1128 peragi
1964 1074 2053 1113 su-

476 1152 570 1205 lita
589 1153 655 1216 “,
692 1166 810 1221 quae
844 1150 1095 1219 baptismi
1129 1150 1352 1220 ﬁguram
1377 1150 1778 1218 quodammodo
1807 1150 2050 1219 gerebat,

477 1252 637 1312 atque
669 1243 756 1305 iis,
789 1245 879 1311 qui
910 1242 1134 1296 rationis
1164 1242 1340 1294 adlmc
1380 1248 1630 1307 expertes
1663 1250 1840 1303 erant,
1864 1239 2054 1294 offere-

478 1338 668 1401 batur;
696 1334 853 1389 sicuti
888 1335 1049 1389 etiam
1081 1333 1316 1401 postium
1347 1331 1547 1395 unctio,
1571 1346 1710 1399 quae,
1745 1333 1904 1385 rebus
1931 1346 2055 1385 scn-

477 1442 537 1481 su
568 1425 877 1481 carentibus
910 1425 1167 1489 adhibita,
1200 1423 1572 1493 primogenitis
1616 1422 1842 1477 salutem
1891 1421 2054 1493 714

477 1516 754 1571 afferebat.
802 1515 875 1569 De
917 1514 1137 1583 reliquis
1188 1514 1262 1567 ita
1326 1526 1540 1576 censeo,
1570 1523 1628 1567 ut
1692 1512 1924 1567 triennio
1953 1527 2052 1566 ex-

477 1614 743 1677 epectato,
779 1614 872 1659 aut
925 1606 1206 1675 aliquanto
1272 1603 1503 1658 breviori
1533 1603 1611 1659 vel
1656 1602 1883 1672 longiori
1923 1614 2055 1657 tem-

477 1697 626 1768 poris
670 1696 842 1765 spatio
866 1696 1012 1764 (nam
1049 1704 1180 1757 tum,
1217 1702 1271 1747 et
1303 1693 1520 1763 mystici
1553 1692 1810 1761 quiddam
1841 1692 2051 1756 audire,

479 1794 534 1837 et
560 1785 889 1854 respondere
918 1793 1162 1853 possunt,
1191 1795 1254 1835 ac
1286 1781 1329 1835 si
1372 1780 1548 1835 minus
1591 1780 1748 1850 plene
1782 1791 1836 1836 et
1865 1791 2053 1835 exacte

480 1874 814 1944 intelligunt,
852 1874 1164 1927 imbuuntur
1196 1880 1373 1923 tamen
1425 1878 1479 1923 et
1530 1869 2054 1939 inlormantur);ita

481 1969 719 2029 demum,
751 1978 945 2034 magno
977 1960 1327 2031 perfectionis
1358 1970 1717 2024 sacramento,
1760 1970 1814 2016 et
1847 1962 2055 2017 animas

481 2066 537 2112 et
571 2070 796 2125 corpora
852 2053 1212 2109 sanctiﬁcent.
1262 2051 1474 2105 Etenim
1523 2065 1608 2105 res
1643 2051 1716 2105 ita
1755 2067 1815 2106 se
1868 2052 2049 2105 habet.

481 2147 617 2204 Vitce
666 2144 880 2215 quidem
939 2143 1241 2199 actionibus
1296 2142 1591 2197 referendis
1667 2150 1777 2197 tum
1838 2146 2052 2198 demum

479 2236 696 2291 obnoxii
752 2250 871 2291 esse
922 2234 1206 2303 incipiunt,
1256 2248 1377 2285 cum
1426 2243 1478 2287 et
1534 2235 1672 2289 ratio
1724 2236 1789 2289 ad
1838 2236 2054 2304 plenum

481 2326 752 2391 accrevit,
803 2335 857 2380 et
921 2323 1236 2395 mysterium
1294 2322 1596 2377 didicerunt
1648 2324 1860 2393 (aetatis
1912 2326 2056 2380 enim

481 2417 743 2471 beneﬁcio
801 2418 903 2470 hoc
952 2416 1171 2479 habent,
1229 2421 1289 2466 ut
1346 2422 1712 2481 peccatorum,
1781 2430 1899 2483 qua:
1960 2431 2058 2485 per

2152 506 2212 559 τὸ
2241 507 2539 576 βάπτισμα.
2574 507 2637 558 Τί
2664 507 2707 558 δ’
2728 506 2793 561 ἂν
2814 508 2984 569 εἴποις
2999 508 3126 578 περί
3142 506 3250 558 τῶν
3276 505 3353 558 ἔτι
3370 507 3578 576 νηπίων
3595 510 3734 575 (28),

2152 599 2247 650 καὶ
2280 598 2414 669 μήτε
2444 598 2543 667 τῆς
2565 596 2768 667 ζημίας
2798 597 3296 667 ὲπαισθαινομένων,
3341 598 3477 668 μήτε
3508 600 3606 667 τῆς
3632 599 3736 669 χάο

2155 708 2334 763 pit-0;;
2377 690 2407 761 ἢ
2444 689 2734 744 καὶταῦτα
2763 688 3095 758 βαπτίσομεν
3118 688 3230 758 (29)
3253 704 3267 751 ;
3291 688 3437 741 Πάνυ
3474 704 3554 755 γε,
3575 690 3737 761 εἰπερ

2150 802 2235 847 τις
2259 782 2466 851 ἐπείγοι
2491 782 2598 852 (50)
2643 781 2907 843 κίνδυνος.
2942 782 3208 851 Κρεῖσσον
3240 780 3349 850 γὰρ
3395 780 3739 850 ἀναισθήτως

2151 874 2499 945 ἀγιασθῆναι,
2557 874 2589 945 ἢ
2641 873 2896 926 ἀπελθεῖν
2944 872 3421 943 ἀσφράγιστανκαὶ
3452 872 3735 927 ἀτέλεστα.

2153 967 2263 1018 Καὶ
2290 965 2479 1019 τούτου
2502 964 2658 1032 λόγος
2688 965 2841 1033 ἡμῖν,
2879 964 2913 1033 ἡ
2948 962 3289 1035 ὀκταήμερος
3327 964 3618 1035 περιτομὴ.
3645 981 3738 1016 τυο

2154 1058 2288 1125 πική
2313 1073 2395 1119 τις
2422 1050 2556 1109 οὖσα
2589 1055 2845 1127 σφραγὶς,
2883 1053 2978 1107 καὶ
3006 1053 3313 1121 ἀλογίστοις
3354 1053 3434 1105 ἔτι
3467 1071 3739 1125 προσαγο·

2156 1145 2313 1216 μένη·
2349 1145 2424 1208 ὡς
2457 1144 2513 1198 δὲ
2538 1145 2633 1198 κα)⁵
2675 1146 2708 1216 ἡ
2740 1145 2849 1197 τῶν
2890 1146 3061 1213 φλιῶν
3098 1148 3298 1218 χρίσις,
3331 1146 3420 1201 διὰ
3451 1148 3559 1202 τῶν
3585 1150 3712 1202 ἀναι

2157 1235 2371 1305 σθήτων
2402 1235 2746 1303 φυλάττουσα
2780 1238 2849 1289 τά
2882 1238 3223 1307 πρωτότοκα.
3255 1240 3392 1310 Περὶ
3423 1240 3479 1292 δὲ
3510 1240 3616 1293 τῶν
3644 1241 3741 1294 ἄλ-

2153 1326 2258 1379 λων
2286 1327 2475 1397 δίδωμι
2509 1326 2753 1399 γνώμην,
2807 1328 2906 1399 τὴν
2937 1331 3180 1401 τριετίαν
3232 1332 3648 1400 ἀναμείναντας,
3704 1333 3737 1404 ἧ

2158 1414 2349 1490 μικρὸν
2383 1418 2533 1482 ἐντὸς
2566 1418 2778 1483 τούτου,
2806 1422 2838 1492 ἦ
2868 1422 3007 1492 ὑπὲρ
3042 1421 3195 1475 τοῦτο
3246 1422 3424 1493 (ἡνίκα
3452 1424 3544 1477 καὶ
3575 1423 3741 1477 ἀκοῦο

2156 1509 2243 1563 σαί
2260 1527 2311 1563 τι
2339 1510 2617 1579 μυστικὸν,
2642 1510 2734 1563 καὶ
2758 1511 3145 1581 ἀποκρίνεσθαι
3169 1512 3537 1583 (51)δυνατὸν,
3561 1514 3609 1565 εἰ
3645 1514 3739 1566 καὶ

2161 1599 2234 1668 μὴ
2275 1598 2522 1650 συνιέντα
2572 1599 2789 1663 τελέως,
2850 1599 2964 1651 ἀλλ’
3017 1597 3109 1652 οὖν
3160 1599 3514 1670 τυπούμενοι),
3565 1599 3740 1664 οὕτως

2154 1689 2406 1758 ἀγιάζειν
2442 1690 2534 1741 καὶ
2583 1689 2761 1760 ψυχὰς
2784 1691 2878 1743 καὶ
2903 1689 3130 1760 σώματα
3163 1691 3240 1761 τῷ
3266 1691 3485 1761 μεγάλῳ
3526 1708 3738 1761 μυστηο

2094 1764 2131 1815 Β
2165 1781 2261 1851 ρίῳ
2281 1782 2378 1851 τῆς
2402 1780 2749 1844 τελειώσεως.
2789 1783 2899 1835 Καὶ
2946 1783 3055 1853 γὰρ
3110 1778 3279 1847 οὕτως
3310 1783 3440 1853 ἔχει’
3479 1782 3584 1835 Τοῦ
3640 1783 3741 1853 μὲν

2165 1855 2279 1941 βίου
2310 1872 2408 1935 τάς
2439 1872 2668 1936 εὐθύνας
2700 1872 2999 1944 τηνικαῦτά
3038 1875 3256 1944 ὑπέχειν
3293 1876 3404 1945 (52)
3454 1875 3737 1946 ἄρχονται,

2162 1962 2322 2031 ἡνίκα
2368 1962 2432 2015 ἂν
2460 1963 2549 2015 ὅτε
2592 1963 2748 2032 λόγος
2778 1964 3173 2035 συμπληρωθῇ,
3208 1964 3302 2018 καὶ
3336 1964 3397 2016 τὸ
3441 1965 3740 2034 μυστήριον

2154 2053 2367 2123 μάθωσι
2424 2054 2551 2124 (τῶν
2590 2056 2699 2126 γὰρ
2759 2053 2818 2121 ἐξ
2865 2055 3087 2123 ἀγνοίας
3127 2056 3537 2127 ἁμαρτημάτων
3584 2054 3741 2123 παρά

2151 2146 2248 2214 τῆς
2296 2145 2514 2215 ἡλικίας
2569 2146 2750 2208 αὐτοῖς
2774 2146 2834 2198 τὸ
2881 2145 3167 2200 ἀνεύθυνον
3206 2146 3364 2219 [55])”
3407 2146 3739 2217 τετειχίσθαι

2152 2236 2208 2288 δὲ
2244 2237 2354 2307 (54)
2394 2237 2471 2307 τῷ
2504 2237 2740 2309 λουτρῷ,
2796 2239 2958 2291 παντὶ
2989 2238 3131 2309 λόγῳ
3160 2239 3611 2311 λυσιτελέστερον,
3648 2239 3743 2293 διὰ

2153 2330 2252 2392 τὰς
2282 2329 2540 2401 ἐξαίφνης
2570 2332 2985 2402 συμπιπτούσας
3010 2333 3121 2403 (55)
3151 2335 3279 2404 ἡμῖν
3309 2334 3611 2405 προσϐολὰς
3628 2333 3740 2387 τῶν

2158 2421 2435 2486 κινδύνων,
2469 2424 2561 2477 καὶ
2591 2423 2841 2495 βοηθείας
2869 2426 3241 2497 ἰσχυροτέρας.

483 2507 840 2576 ignorantiam
880 2505 1215 2569 admiserint,
1256 2504 1520 2559 rationem
1578 2506 1801 2560 reddere
1849 2507 2054 2562 minimc

2155 2514 2423 2584 igantur);
2487 2525 2537 2569 at
2596 2526 2816 2584 propter
2860 2517 3161 2584 inopinatos
3207 2527 3259 2572 et
3300 2517 3608 2586 repentinos
3640 2532 3739 2586 pe-

479 2597 772 2653 riculorum
804 2599 1054 2666 impetus,
1078 2595 1277 2665 quique
1309 2594 1453 2648 nulla
1481 2611 1583 2667 ope
1632 2607 1795 2667 atque
1862 2598 2061 2654 auxilio
2096 2605 2396 2671 prOpuIsari
2473 2617 2688 2675 queant,
2750 2606 2964 2663 lavacro
2990 2610 3309 2663 communiri
3337 2610 3556 2664 omnino
3599 2623 3738 2662 con-

482 2688 767 2744 ducibilius
794 2698 896 2742 est.

558 2780 751 2836 XXIX.
789 2780 1025 2835 Atdices
1055 2796 1068 2833 :
1096 2778 1344 2835 Christus
1385 2780 1668 2851 trigesimo
1699 2795 1842 2836 anno
1878 2781 2052 2851 bapti—

2228 2784 2356 2839 KG'.
2409 2783 2569 2837 Ἀλλά
2596 2783 2850 2855 Χριστὸς,
2893 2783 3047 2854 φησι,
3085 2782 3512 2853 τριακονταέτης
3539 2783 3742 2854 βαπτί-

484 2881 640 2925 zatur
657 2870 723 2937 '°,
750 2870 911 2937 idque
940 2885 1059 2923 cum
1088 2870 1225 2923 Deus
1256 2879 1401 2923 esset
1438 2884 1450 2919 :
1489 2879 1541 2922 tu
1594 2884 1719 2924 vero
1764 2884 1847 2924 me
1884 2870 2059 2939 bapti-

482 2977 658 3019 smum
684 2975 874 3031 urgere
895 2959 1089 3027 iubes?
1111 2958 1243 3013 Cum
1274 2960 1442 3013 Deum
1482 2960 1685 3023 dixisti,
1710 2962 1934 3030 quaestio
1962 2961 2059 3015 abs

487 3065 538 3109 te
570 3052 743 3107 soluta
769 3061 872 3106 est.
912 3051 1047 3105 Nam
1090 3052 1180 3107 ille
1220 3051 1471 3121 purgatio
1513 3051 1741 3118 ipsamet
1773 3061 1911 3117 erat,
1958 3066 2057 3107 nec

486 3144 818 3215 purgationis
865 3143 1172 3212 indigebat;
1227 3157 1411 3197 verum
1462 3151 1547 3196 tua
1600 3156 1761 3196 causa
1797 3144 2059 3212 purgaba-

489 3247 597 3301 tur,
626 3233 1075 3305 quemadmodum
1103 3243 1157 3287 et
1186 3249 1402 3288 carnem
1454 3232 1683 3297 ferebat,
1717 3248 1839 3287 cum
1874 3235 2057 3290 carnis

485 3341 681 3396 expers
735 3336 898 3382 esset.
949 3325 1058 3380 Nec
1109 3341 1239 3381 vero
1270 3326 1319 3381 ei
1366 3326 1657 3395 quidquam
1688 3326 1911 3396 periculi
1948 3341 2060 3382 me-

489 3420 744 3474 tuendum
804 3429 940 3484 erat,
1001 3417 1324 3486 baptismum
1360 3417 1706 3487 proroganti;
1739 3418 1937 3487 quippe
1962 3417 2054 3485 qui

488 3509 759 3579 passionis
782 3523 998 3578 quoque
1027 3524 1145 3566 sua:
1165 3507 1366 3563 arbiter
1394 3516 1560 3570 esset,
1595 3509 2054 3577 quemadmodum

489 3609 544 3654 et
572 3599 891 3655 nativitatis.
923 3599 1042 3653 Tibi
1086 3610 1266 3655 autem
1309 3614 1414 3653 non
1453 3600 1569 3655 leve
1619 3600 1920 3669 periculum
1956 3603 2059 3654 im-

490 3690 678 3755 minet,
707 3689 752 3743 si
802 3690 948 3751 hinc,
977 3689 1308 3758 corruptioni
1331 3689 1427 3743 soli
1458 3691 1691 3759 genitus,
1728 3704 1827 3745 nec
1869 3690 2055 3744 incor-

489 3779 846 3847 ruptibilitate
905 3780 1144 3840 indutus,
1195 3780 1518 3834 excesseris.
1554 3779 1694 3846 Quin
1729 3780 1859 3834 illud
1890 3781 2051 3834 etiam

488 3868 879 3931 animadverto,
922 3868 1063 3937 quod
1101 3867 1173 3920 illi
1203 3867 1419 3936 quidem
1477 3877 1687 3936 tempus
1737 3869 1840 3922 hoc
1885 3869 2057 3937 bapti-

489 3961 589 4016 smi
619 3960 985 4014 necessarium
1018 3967 1163 4021 erat;
1191 3968 1278 4011 tua
1301 3967 1479 4012 autem
1506 3972 1611 4011 non
1648 3959 1835 4013 eadem
1869 3970 1949 4012 est
1974 3975 2059 4011 ra-

490 4053 584 4106 tio.
636 4050 838 4105 Idcirco
880 4050 1023 4104 enim
1067 4051 1155 4104 ille
1202 4050 1479 4118 trigesimo
1524 4050 1756 4119 denique
1805 4064 1965 4115 anno,
1990 4064 2054 4105 ac

2161 2879 2331 2942 ζεται,
2368 2878 2461 2931 καὶ
2491 2876 2664 2930 ταῦτα
2694 2875 2824 2940 Θεὸς
2853 2875 2949 2929 ῶν·
2994 2876 3088 2928 καὶ
3118 2877 3181 2927 σὺ
3213 2874 3451 2937 κελεύεις
3475 2875 3741 2928 ἐπισπεύ-

2157 2969 2265 3022 δειν
2298 2969 2358 3021 τὸ
2382 2968 2697 3039 βάπτισμα;
2729 2966 2864 3019 Θεὸν
2896 2963 3086 3028 εἰπὼν,
3120 2964 3349 3027 λέλυκας
3378 2965 3437 3017 τὸ
3469 2964 3742 3035 ζητούμε-

2158 3077 2265 3113 νον.
2308 3059 2367 3112 ’0
2421 3058 2519 3128 μὲν
2560 3057 2669 3128 γὰρ
2721 3055 3120 3126 αύτοκάθαρσις
3164 3050 3253 3125 ἦν,
3306 3054 3398 3107 καὶ
3429 3056 3528 3108 οὐκ
3567 3055 3739 3108 ἐδεῖτο

2158 3146 2498 3217 καθάρσεως·
2538 3145 2672 3198 ἀλλά
2696 3145 2779 3198 σοὶ
2827 3144 3170 3215 καθαίρεται,
3199 3144 3386 3213 ὥσπερ
3412 3144 3507 3197 καὶ
3554 3144 3739 3215 σάρκα

2160 3239 2316 3308 φορεῖ
2338 3238 2420 3290 σοι
2459 3237 2592 3307 (56),
2620 3236 2859 3307 ἄσαρκος
2878 3234 2975 3289 ῶν.
3004 3236 3136 3289 Οὐδέ
3157 3222 3241 3298 τις
3265 3235 3508 3298 κίνδυνος
3536 3231 3603 3306 ἦν
3636 3237 3737 3289 αὐ-

2158 3328 2234 3399 τῷ
2262 3330 2321 3382 τὸ
2373 3328 2654 3398 βάπτισμα
2686 3326 3083 3396 παρατείνοντι·
3131 3326 3294 3389 αὐτὸς
3346 3326 3453 3395 γάρ
3488 3327 3581 3379 καὶ
3638 3326 3735 3378 τοῦ

2160 3419 2350 3474 παθεῖν
2373 3416 2439 3491 ἦν
2473 3419 2647 3489 ἑαυτῷ
2672 3417 2893 3488 ταμίας,
2925 3417 3111 3488 ὥσπερ
3141 3418 3234 3470 καὶ
3278 3416 3389 3486 (57)
3419 3417 3516 3487 τῆς
3547 3418 3737 3486 γεννή-

2160 3530 2315 3576 σεως.
2336 3513 2425 3565 Σο).
2456 3512 2538 3575 δὲ,
2568 3512 2689 3564 οὐδὲ
2714 3510 2843 3580 περὶ
2880 3508 3093 3580 μικρῶν
3115 3511 3142 3563 ὁ
3175 3508 3433 3572 κίνδυνος,
3469 3509 3516 3561 εί
3555 3508 3734 3561 ἀπέλ-

2159 3603 2271 3667 θοις
2300 3605 2363 3673 τῇ
2392 3604 2565 3673 φθορᾷ
2590 3602 2865 3673 γεννηθεὶς
2894 3602 3048 3671 μόνῃ,
3076 3600 3169 3653 κα)¹
3202 3600 3274 3669 μὴ
3300 3599 3396 3670 τὴν
3428 3599 3737 3670 ἀφθαρσίαν

2159 3696 2565 3765 ἀμφιεσάμενος
2601 3693 2735 3763 (38).
2786 3691 2981 3745 Σκοπῶ
3028 3691 3085 3742 δὲ
3125 3692 3363 3754 κάκεῖνο,
3388 3692 3469 3743 ὅτι
3495 3690 3571 3760 τῷ
3632 3690 3736 3761 μὲν

2158 3787 2452 3851 ἀναγκαῖος
2481 3780 2547 3853 ἦν
2572 3777 2725 3846 οὗτος
2754 3784 2782 3835 ὁ
2809 3782 2995 3853 καιρὸς
3024 3780 3117 3834 τοῦ
3143 3780 3531 3852 βαπτίσματοςο
3565 3781 3645 3834 σοὶ
3673 3782 3734 3835 δὲ

2158 3875 2256 3944 οὐχ
2286 3877 2313 3927 ὁ
2343 3875 2502 3937 αὐτὸς
2536 3875 2710 3942 λόγος.
2768 3872 3068 3944 Ἀνεδείχθη
3123 3872 3223 3943 μὲν
3270 3873 3377 3944 γὰρ
3414 3874 3734 3944 τριακοστὸν

2159 3964 2398 4033 γεγονὼς
2432 3965 2571 4028 ἔτος,
2608 3964 2669 4016 οὑ
2706 3964 2992 4035 πρότερον,
3039 3963 3132 4016 τοῦ
3188 3981 3246 4016 τε
3287 3963 3396 4033 (59)
3451 3963 3525 4034 μὴ
3560 3956 3737 4016 δοκεῖν

2161 4055 2524 4119 ὲπιδεικτικὺς
2574 4051 2712 4108 εἷναί
2768 4072 2852 4118 τις
2910 4054 3039 4123 (τῶν
3080 4055 3188 4125 γὰρ
3246 4053 3621 4125 ἀπειροκάλων
3670 4056 3736 4107 τὸ

488 4156 594 4196 non
634 4140 806 4211 prius,
832 4155 954 4195 sese
988 4141 1263 4207 indicavit,
1296 4152 1402 4193 tum
1434 4154 1501 4194 ne
1532 4147 1838 4195 ostentator
1858 4141 2054 4209 aliquis

2162 4147 2376 4217 πάθος),
2411 4148 2501 4201 καὶ
2534 4147 2608 4209 ὡς
2638 4146 2847 4200 τελείαν
2876 4146 3106 4216 βάσανον
3134 4147 3356 4217 ἀρετῆς,
3388 4145 3482 4199 καὶ
3528 4144 3618 4199 τοῦ
3655 4144 3733 4197 δι-

487 4220 605 4288 esse
651 4232 924 4286 videretur
955 4230 1083 4301 (quo
1111 4229 1305 4286 aﬂ‘ectu
1353 4230 1515 4302 inepti
1557 4231 1804 4285 homines
1850 4234 2055 4286 ducun-

489 4324 624 4395 tur);
653 4332 762 4378 tum
799 4325 926 4394 quia
955 4325 1066 4378 haec
1095 4332 1226 4377 aetas
1259 4324 1474 4391 plenum
1521 4323 1736 4377 virtutis
1765 4337 2057 4392 argumen-

2162 4239 2379 4291 δάσκειν
2428 4240 2616 4308 καιρὸν
2662 4237 2866 4309 ταύτης
2905 4238 3134 4309 ἐχούσης
3164 4238 3265 4308 τῆς
3311 4238 3541 4308 ἡλικίας.
3579 4238 3730 4290 Ἐπεὶ

2161 4328 2216 4382 δὲ
2247 4330 2357 4400 (40)
2402 4330 2593 4382 παθεῖν
2628 4330 2735 4383 ἔδει
2766 4330 2827 4382 τὸ
2858 4328 2952 4382 τοῦ
3004 4329 3207 4399 κόσμου
3242 4331 3504 4400 σωτήριον
3538 4328 3732 4390 πάθος,

489 4427 622 4480 tum,
662 4417 997 4487 docendique
1024 4415 1391 4470 maturitatem
1442 4414 1620 4468 habet.
1648 4413 1766 4468 Jam
1803 4413 2054 4481 quoniam

2155 4419 2330 4472 πάντα
2360 4420 2681 4490 συνδραμεῖν
2710 4420 2817 4474 ἔδει
2840 4421 2973 4492 πρὸς
3004 4422 3063 4474 τὸ
3090 4419 3258 4482 πάθος
3277 4421 3375 4472 ὅσα
3395 4418 3483 4471 τοῦ
3503 4417 3728 4482 πάθους,

487 4510 537 4564 ei
566 4510 903 4565 salutiferum
956 4509 1156 4564 mundo
1189 4503 1512 4576 supplicium
1548 4505 1883 4560 subeundum
1918 4514 2055 4568 erat,

2155 4510 2253 4581 τὴν
2284 4509 2578 4573 ἀνάδειξιν,
2614 4510 2675 4563 τὸ
2704 4511 3008 4580 βάπτισμα,
3036 4510 3133 4579 τὴν
3167 4508 3372 4562 ἀνωθεν
3401 4507 3728 4577 μαρτυρίαν,

488 4603 668 4656 omnia
706 4601 971 4670 profecto,
998 4615 1116 4670 quae
1160 4600 1226 4653 ad
1261 4599 1564 4666 passionem
1620 4598 1958 4666 spectabant,
1989 4598 2054 4650 ad

2155 4600 2214 4653 τὸ
2240 4602 2523 4671 κήρυγμα,
2549 4601 2647 4672 τὴν
2684 4602 2986 4673 συνδρομὴν
3020 4600 3112 4653 τοῦ
3143 4598 3400 4670 πλήθους,
3422 4599 3490 4652 τά
3516 4597 3730 4667 θαύμα-

491 4694 796 4761 passionem
836 4704 1164 4746 concurrere
1217 4690 1524 4758 oportebat,
1562 4688 1818 4741 nimirum
1867 4698 2054 4743 osten-

492 4784 718 4848 sionem,
752 4783 1098 4853 baptismum,
1121 4781 1344 4835 caeleste
1398 4779 1783 4845 testimonium,
1806 4780 2057 4849 praedica-

562 4894 608 4927 ¹⁹
639 4892 776 4948 Gen.
800 4891 1025 4956 xvn,l9..
1102 4890 1146 4922 '°
1178 4890 1309 4945 Luc.
1344 4904 1428 4953 ιιι,
1459 4889 1551 4944 25.

562 5005 674 5077 (28)
706 5002 831 5077 Τῶν
847 5002 1209 5077 ἐτιῌνηπίων.
1235 5001 1292 5056 1η
1320 5002 1410 5055 Or.
1434 5001 1460 5055 1
1489 5000 1637 5055 deest
1666 5000 1791 5054 τῶν.
1835 4999 1891 5054 1η
1918 5017 2056 5056 non-

494 5073 678 5139 nullis,
701 5074 909 5145 νηπίων
932 5073 1118 5127 ὄντων.

565 5137 1102 5213 (29)’Βὶιπτίσομεν.
1128 5141 1186 5213 In
1213 5140 1549 5213 quibusdam,
1580 5137 1945 5209 βαπτίσωμεν.

565 5210 675 5285 (50)
706 5210 982 5285 ῗΕπείτομιῤ
1010 5212 1139 5281 Reg.
1176 5210 1284 5285 biit.
1316 5210 1543 5285 euehat:

532 5277 676 5410 ei“)
706 5277 1173 5350 Ἀποθέρίνεσθῐιι⁸
1218 5277 1458 5349 Quatuor
1500 5279 1693 5349 Regg.,
1748 5277 2043 5350 ἀποκρίνα-

566 5374 639 5409 αι.
1661 5370 1670 5379 .

496 5370 639 5411 συαι.
1661 5370 1670 5379 ’

568 5426 680 5494 (52)
713 5420 1007 5494 γῪπέχειν.
1037 5420 1199 5494 Cois].
1221 5421 1251 5494 _I
1268 5461 1282 5485 ,
1295 5491 1304 5494 _
1319 5419 1597 5494 παρέχειν.

710 5484 1087 5547 Ἀνεῦθυνοκ
1147 5488 1326 5545 Schol.
1381 5484 1786 5560 ’Ᾱτιμώρητονο
1830 5504 1849 5539 ι
1902 5484 2058 5540 Nullo

498 5572 648 5621 reatu
689 5562 904 5618 obnoxii
937 5569 1234 5616 teneantur.
1261 5578 1280 5610 ι

2156 5353 2221 5407 ed

2151 4709 2239 4755 τα,
2273 4693 2366 4745 καὶ
2392 4691 2581 4762 ὥσπερ
2612 4692 2670 4746 ἓν
2700 4693 2857 4764 σῶμα
2891 4691 3164 4761 γενέσθαι,
3197 4689 3272 4761 μὴ
3314 4689 3727 4759 διεσπασμένον,

2158 4782 2293 4853 μηδὲ
2325 4784 2744 4855 ἀπερῤηγμένον
2786 4785 2897 4847 τοῖς
2922 4782 3306 4852 διαστήμασιν.
3350 4782 3445 4834 Ἐκ
3476 4780 3573 4851 μὲν
3616 4779 3729 4849 γὰρ

2233 5002 2344 5075 (55)
2376 5006 2864 5073 Συμπιπτούσας.
2888 5006 2945 5060 In
3001 5006 3298 5069 nonnullis,
3356 5002 3729 5076 προσπιπτού-

2162 5089 2344 5266 Ξὶῗῗλθ)
2389 5144 2513 5266 Egi.
2560 5161 2579 5196 ι
2635 5144 2689 5198 In
2742 5144 2816 5199 tui
2875 5146 3123 5215 gratiam.
3170 5164 3190 5198 ι
3242 5147 3401 5201 Deest
3452 5144 3505 5197 in
3556 5142 3727 5196 tribus

2242 5229 2350 5266 22..
2385 5228 2416 5266 e
2476 5251 2490 5266 .

2211 5227 2350 5352 Ἓξ)
2372 5224 2598 5351 ξὸἓῗπερ
2624 5284 2748 5337 καί.
2773 5284 2862 5338 Sic
2893 5284 3133 5354 plerique
3165 5283 3322 5340 codd.
3358 5283 3521 5338 Deest
3540 5281 3632 5334 καί
3665 5280 3724 5336 in

2229 5388 2334 5494 (58)
2358 5422 2850 5494 Ἀμφιεσίξμεεν-ος1
2873 5423 2965 5478 Or.
3003 5423 3057 5488 1,
3080 5423 3511 5494 ἀμφιασάμενος.

2248 5492 2336 5562 59)
2366 5492 2474 5545 Τοῦ
2507 5509 2589 5562 τε.
2618 5492 2753 5554 Jes.,
2786 5492 2862 5562 τῷ
2891 5512 2972 5547 τε.

2224 5555 2335 5634 (40)
2364 5562 2521 5634 Ἐπεὶ
2542 5561 2630 5617 δέ.
2667 5563 2759 5618 Sic
2783 5555 3013 5632 quatuor
3038 5562 3204 5634 Regg.
3233 5571 3289 5618 et
3306 5560 3496 5618 Camb.
3523 5558 3581 5613 In
3606 5555 3725 5623 οδ..

570 5632 682 5704 (34)
714 5634 1071 5704 Τετειχίσθαι
1098 5627 1304 5704 δᾴβίε
1329 5634 1558 5697 quatuor
1597 5626 1787 5699 Begg.,
1816 5626 1913 5684 0r.
1943 5628 1967 5681 l
2006 5634 2054 5682 et

2155 5626 2342 5701 ἐπειδὴ
2363 5630 2441 5685 δέ.

497 5698 688 5760 Camb.
715 5702 773 5761 In
808 5698 921 5773 edi,
954 5698 1279 5773 τετειχίσθαι
1306 5715 1389 5752 τε.
