4050 6298
92 5377 95 5535 r

92 5642 96 5877 Ι

298 323 385 379 ml
496 350 499 351 ν

1213 327 1476 384 ORATIO
1514 328 1627 385 XL.
1668 360 1735 370 —
1774 330 1840 387 ΙΝ
1881 330 2209 389 SANCTUM
2250 333 2613 391 BAPTISMA.

3420 343 3529 399 402

289 440 372 493 τοῦ
400 438 778 510 βαπτίσματος
802 440 894 495 καὶ
919 441 1010 495 τοῦ
1050 444 1425 515 κηρύγματος,
1459 449 1487 500 6
1506 446 1616 500 τῶν
1640 464 1864 520 συντρε-

1981 451 2191 518 tionem,
2219 452 2583 510 multitudinis
2612 469 2958 522 concursum,
2989 456 3268 524 miracula,
3308 469 3362 516 et
3382 448 3528 519 velut

290 533 476 601 χὸντων
505 532 734 603 σεισμὸς
750 532 864 603 (41)
896 533 1059 604 (οὕτω
1090 535 1241 608 γὰρὴ
1258 538 1447 611 Γραφὴ
1470 539 1623 592 καλεῖ
1636 539 1725 595 τὸν
1737 558 1858 593 και-

292 623 371 692 ρὸν
393 624 646 693 ἐκεῖνον),
684 627 748 677 ἐκ
782 625 838 678 δὲ
859 625 952 679 τοῦ
977 626 1235 696 πλήθους,
1261 631 1294 699 ἡ
1324 629 1430 682 τῶν
1468 631 1707 702 σημείων
1734 632 1856 685 ἐπί-

289 712 460 779 δειξις,
498 715 597 767 καὶ
628 715 695 768 τά
724 714 978 787 θαύματα
1010 718 1088 788 τῷ
1130 720 1449 791 Εὐαγγελίῳ
1490 723 1857 792 προσάγοντα.

300 805 385 856 Ἐκ
428 804 485 857 δὲ
515 805 750 870 τούτων,
786 808 814 860 6
843 807 1056 876 φθόνος·
1094 810 1158 863 ἐκ
1184 810 1240 863 δὲ
1266 810 1475 875 τούτου,
1509 812 1570 864 τὸ
1600 816 1772 883 μῖσοςο
1799 815 1862 867 ὲκ

288 894 336 946 δὲ
358 894 448 947 τοῦ
482 895 702 964 μίσους,
739 896 800 949 τὸ
837 898 937 967 τῆς
961 898 1276 969 ἐπιϐουλῆς,
1305 901 1399 955 καὶ
1418 901 1520 971 τῆς
1552 902 1860 972 προδοσίας·

290 988 345 1038 ὲκ
370 985 557 1038 τούτου
590 987 669 1049 δὲ,
709 990 738 1041 6
783 990 1035 1058 σταυρὸς,
1075 990 1170 1043 καὶ
1212 990 1357 1054 ὅσοις
1392 990 1729 1061 σεσώσμεθα.
1780 991 1861 1048 Τά

292 1077 377 1145 μὲν
399 1076 460 1148 δὴ
488 1078 587 1130 τοῦ
624 1078 860 1150 Χριστοῦ
890 1080 1138 1146 τοιαῦτα,
1164 1081 1258 1133 καὶ
1290 1080 1464 1145 οὕτως
1492 1080 1705 1151 ἔχοντα,
1733 1083 1857 1137 ὅσον

290 1171 407 1238 ἡμῖν
434 1170 681 1238 ἐφικτόν·
705 1172 847 1241 τάχα
877 1171 921 1224 δ’
950 1171 1017 1226 ἄν
1048 1189 1135 1237 τις
1165 1174 1261 1227 καὶ
1289 1173 1449 1237 ἄλλος
1492 1172 1739 1245 εὑρεθείη
1770 1175 1860 1228 λό-

289 1275 374 1325 γος
398 1260 609 1314 τούτων
630 1262 1093 1334 ἀπορρητιὴερος.

1966 556 2160 610 corpus
2194 558 2359 598 unum
2418 545 2558 610 ﬁeri,
2595 560 2699 601 non
2748 546 3038 614 divulsum,
3088 563 3188 604 nec
3229 559 3525 620 temporum

1965 632 2265 687 intervallis
2299 633 2626 702 disjunctum
2678 646 2733 691 et
2770 638 3145 708 interruptum.
3202 639 3411 697 Etenim
3461 632 3526 698 ex

1971 723 2246 792 baptismo
2276 736 2330 779 et
2353 727 2739 794 praedicatione
2762 732 3027 783 excitatus
3050 738 3132 785 est
3156 730 3242 786 ille
3258 731 3533 787 conﬂuen-

1970 814 2038 868 tis
2075 813 2439 871 multitudinis
2473 826 2634 871 terrae
2668 818 2940 884 motus";
2998 818 3080 873 sic
3127 819 3269 874 enim
3325 828 3532 890 tempus

1969 905 2094 962 illud
2132 905 2409 976 Scriptura
2435 917 2615 963 vocat.
2644 906 2856 964 Rursus
2881 924 2946 963 ex
2974 908 3153 978 populi
3191 910 3534 966 multitudine

1967 1004 2022 1050 et
2042 994 2371 1064 frequentia,
2421 995 2582 1066 715
2634 997 2909 1063 signorum
2954 997 3138 1061 editio,
3173 1006 3225 1052 et
3255 998 3532 1065 miracula,

1966 1101 2087 1156 quae
2134 1087 2488 1143 homines‘ad
2538 1086 2886 1157 Evangelium
2932 1086 3286 1151 adducebant,
3314 1090 3535 1144 exstite-

1972 1187 2116 1230 runt.
2144 1177 2217 1230 Ex
2237 1177 2322 1232 his
2350 1192 2512 1247 porro
2536 1178 2734 1232 invidia
2764 1186 2885 1231 nata
2909 1186 3010 1243 est,
3032 1192 3097 1231 ex
3118 1179 3312 1232 invidia
3329 1178 3533 1243 odium,

1970 1281 2037 1321 ex
2063 1267 2187 1321 odio
2214 1267 2440 1333 insidiae,
2465 1277 2519 1322 et
2550 1268 2805 1338 proditio.
2850 1265 2987 1321 Hinc
3032 1276 3304 1336 postremo
3367 1282 3525 1335 crux,

290 1366 447 1419 caque
494 1353 708 1419 omnia,
751 1368 870 1422 quas
913 1354 1069 1410 nobis
1101 1354 1330 1408 salutem
1373 1363 1720 1424 pepererunt.
1773 1357 1850 1412 Ac
1888 1355 2087 1413 Christi
2111 1358 2329 1427 quidem
2372 1374 2459 1414 res
2492 1359 2564 1412 ita
2629 1372 2688 1413 se
2747 1358 2971 1422 habent,
3008 1367 3267 1427 quantum
3306 1356 3524 1426 quidem

292 1443 432 1498 nobis
472 1445 699 1514 assequi
732 1446 1085 1517 licet:atque
1118 1447 1282 1502 etiam
1320 1445 1550 1503 fortasse
1574 1448 1676 1502 alia
1722 1449 1964 1519 quaedam
2032 1452 2170 1506 ratio
2237 1451 2324 1517 iis,
2387 1466 2522 1522 quas
2578 1451 3140 1514 commemoravimus,
3204 1449 3533 1505 reconditior

292 1533 503 1594 inveniri
535 1543 728 1602 queat.

351 1622 425 1674 A'.
461 1621 554 1673 Σοὶ
578 1621 640 1673 δὲ
665 1622 750 1684 τίς
785 1622 1020 1692 ἀνάγκη,
1058 1623 1171 1687 τοῖς
1202 1623 1343 1695 ὑπὲρ
1372 1623 1433 1677 σὲ
1477 1623 1865 1695 ὑποδείγμασιν

2041 1622 2211 1679 XXX.
2236 1623 2352 1678 Tibi
2380 1631 2556 1677 autem
2598 1622 2725 1691 quid
2753 1636 2971 1678 necesse
2992 1631 3095 1685 est,
3126 1630 3183 1677 ut
3214 1623 3337 1678 dum
3356 1636 3543 1678 exem-

294 1712 556 1782 ἑπομένῳ,
592 1714 785 1776 κακῶς
824 1713 1193 1782 βουλεύεσθαι·
1248 1716 1372 1768 ἐπεὶ
1417 1716 1511 1769 καὶ
1540 1716 1675 1770 ἄλλα
1700 1716 1870 1769 πολλὰ

292 1802 390 1855 τῶν
429 1802 744 1873 τηνικαῦτα
793 1804 1191 1876 ἱστορουμένων
1242 1804 1444 1878 ἑτέρως
1475 1807 1508 1877 ἡ
1542 1802 1727 1870 ὡς’τὰ
1777 1806 1870 1861 νῦν

294 1896 470 1967 ἔχοντα
526 1897 801 1967 φαίνεται,
847 1897 942 1950 καὶ
974 1897 1034 1950 ού
1088 1896 1455 1967 συμϐαίνοντα
1481 1901 1592 1961 τοῖς
1630 1900 1868 1969 καιροῖς;

294 1983 426 2052 Οἷον,
478 1992 780 2061 ὲνὴστευσε
825 1989 1021 2060 μικρὸν
1061 1988 1168 2059 πρὸ
1192 1989 1294 2059 τῆς
1320 1989 1534 2058 πείρας,
1562 1991 1722 2060 ἡμεῖς
1768 1989 1872 2060 πρὸ

295 2079 377 2131 τοῦ
404 2079 623 2149 Πάσχα·
659 2078 720 2131 τὸ
738 2078 837 2149 μὲν
854 2078 965 2131 τῶν
990 2077 1254 2148 νηστειῶν
1281 2077 1358 2143 ἓν,
1385 2079 1445 2131 οὐ
1472 2078 1665 2149 μικρὸν
1686 2078 1742 2130 δὲ
1761 2078 1871 2150 (49)

297 2169 617 2240 ἀμφοτέρων
679 2169 785 2223 τῶν
839 2167 1048 2239 καιρῶν
1080 2169 1141 2221 τὸ
1173 2168 1470 2239 διάστημα.
1510 2167 1568 2219 '0
1610 2168 1708 2239 μὲν
1767 2168 1872 2239 γὰρ

298 2262 430 2314 κατά
464 2262 579 2315 τῶν
623 2258 950 2332 πειρασμῶν
975 2258 1178 2321 ταύτας
1202 2259 1594 2329 ,προϐάλλεταιο
1632 2259 1763 2327 ἡμῖν
1818 2258 1874 2311 δὲ

299 2351 387 2421 τὴν
409 2352 779 2422 συννέκρωσιν
800 2348 1039 2422 Χριστοῦ
1087 2348 1245 2403 τοῦτο
1270 2348 1513 2412 δύναται,
1536 2348 1631 2401 καὶ
1666 2347 1873 2420 κάθαρ-

302 2442 377 2504 σις
400 2446 514 2496 ἐστι
543 2440 882 2513 προεόρτιος.
907 2440 1016 2495 Καὶ
1036 2441 1064 2493 6
1090 2440 1188 2510 μὲν
1203 2438 1451 2509 νηστεύει
1468 2438 1876 2508 τεσσαράκοντα

301 2533 503 2604 ἡμέρας
535 2532 695 2603 (Θεὸς
748 2532 859 2603 γὰρ
888 2528 1001 2602 ἧν),
1032 2533 1194 2601 ἡμεῖς
1237 2530 1292 2584 δὲ
1330 2532 1396 2601 τῇ
1452 2529 1677 2600 δυνάμει
1722 2527 1877 2581 τοῦτο

303 2627 804 2698 συνεμετρήσαμεν,
835 2626 884 2678 εί
916 2624 1007 2677 καί
1033 2641 1184 2687 τινας
1212 2623 1392 2694 ᾅττειν
1439 2624 1468 2675 ὁ
1502 2621 1661 2692 ζῆλος
1700 2620 1878 2674 πείθει

304 2716 388 2767 καὶ
420 2716 562 2787 ὑπὲρ
596 2715 850 2787 δύναμιν.
882 2716 1052 2769 Πάλιν
1076 2714 1425 2784 μυσταγωγεῖ
1457 2712 1518 2765 τὸ
1547 2712 1740 2783 Πάσχα
1754 2712 1880 2774 τοὺς

306 2806 544 2878 μαθητὰς
569 2808 628 2860 ὲν
677 2807 932 2878 ὑπερῴῳ,
962 2806 1057 2860 καὶ
1094 2804 1232 2876 μετά
1288 2802 1348 2856 τὺ
1371 2803 1585 2856 δεῖπνον
1616 2803 1749 2873 (45),
1785 2804 1879 2855 καὶ

304 2893 403 2965 πρὸ
440 2899 573 2967 μιᾶς
593 2896 687 2950 τοῦ
712 2897 903 2951 παθεῖν
929 2895 1164 2968 ἡμέρας·
1194 2894 1359 2964 ἡμεῖς
1381 2894 1438 2947 ἐν
1462 2895 1770 2965 προσευχῆς
1801 2893 1879 2946 οἵ·

1972 1719 2079 1788 pla,
2115 1732 2235 1787 qua:
2269 1725 2320 1771 te
2349 1715 2663 1771 sublimiora
2700 1721 2846 1779 sunt,
2878 1714 3145 1783 sequeris,
3178 1712 3375 1766 malum
3411 1727 3543 1768 con-

1971 1811 2148 1866 silium
2187 1809 2407 1879 capias;
2453 1806 2751 1878 praesertim
2802 1820 2957 1869 cum,
3006 1805 3274 1875 permulta
3330 1820 3546 1875 quoque

1973 1901 2077 1957 alia
2107 1916 2174 1957 ex
2205 1901 2295 1965 iis,
2339 1915 2459 1969 quae
2490 1908 2599 1952 tum
2627 1897 2693 1953 ab
2720 1912 2786 1951 eo
2812 1908 2968 1969 gesta
3003 1912 3122 1952 esse
3153 1897 3393 1951 historice
3419 1911 3545 1965 pro-

1973 1994 2140 2049 ditum
2166 2003 2274 2057 est,
2304 2008 2332 2046 a
2366 1999 2553 2046 nostro
2583 1990 2689 2045 ritu
2715 1990 3046 2058 discrepare,
3077 2003 3137 2044 ac
3171 1998 3411 2057 tempore
3439 1986 3550 2041 dis-

1974 2086 2169 2148 sidere,
2220 2082 2469 2139 constet?
2526 2080 2768 2150 Exempli
2820 2094 3026 2137 causa:
3095 2080 3342 2134 Christus
3387 2078 3546 2148 paulo

1975 2183 2098 2228 ante
2127 2173 2475 2227 tentationem
2511 2170 2807 2241 jejunavit;
2842 2185 2942 2225 nos
2974 2179 3099 2225 ante
3136 2169 3367 2225 Pascha.
3401 2166 3546 2236 Jeju-

1976 2264 2123 2319 nium
2152 2277 2316 2316 unum
2344 2262 2599 2330 idemque
2624 2268 2708 2315 est
2733 2278 2746 2327 ;
2784 2267 2837 2314 at
2860 2260 3137 2327 utriusque
3159 2257 3414 2321 temporis
3438 2271 3547 2310 non

1976 2368 2139 2425 parva
2186 2362 2269 2409 est
2316 2351 2643 2408 differentia.
2694 2351 2784 2407 llle
2832 2352 2973 2407 enim
2998 2350 3259 2422 jejunium
3292 2350 3550 2408 adversus

1980 2444 2335 2500 tentationum
2364 2444 2595 2512 impetus
2629 2442 2852 2512 objicit;
2884 2442 3040 2497 nobis
3086 2450 3261 2498 autem
3287 2442 3549 2513 jejunium

1978 2536 2082 2590 hoc
2113 2542 2372 2604 prmstat,
2414 2542 2619 2613 ut_cum
2655 2533 2873 2589 Christo
2901 2530 3343 2598 commoriamur,
3386 2548 3450 2588 ac
3475 2533 3555 2588 fe-

1979 2636 2119 2680 stum
2144 2624 2418 2693 praecedat
2444 2625 2712 2693 purgatio.
2752 2621 2871 2678 Jam
2901 2621 2991 2679 ille
3017 2632 3158 2680 totos
3200 2625 3555 2694 quadraginta

1980 2718 2097 2772 dies
2135 2731 2165 2770 a
2197 2715 2316 2771 cibo
2340 2715 2605 2771 abstinuit
2631 2715 2805 2785 (Deus
2836 2714 2980 2769 enim
3023 2715 3162 2784 erat)
3191 2732 3206 2779 ;
3245 2730 3342 2769 nos
3373 2722 3553 2768 autem

1982 2806 2049 2862 ad
2076 2806 2268 2861 virium
2302 2812 2613 2861 nostrarum
2644 2805 2919 2860 modulum
2942 2804 3205 2875 jejunium
3237 2813 3557 2873 attempera-

1983 2897 2177 2963 vimus,
2212 2896 2423 2951 etiamsi
2462 2896 2679 2965 quidam
2706 2934 2722 2961 ,
2753 2894 2869 2950 zelo
2904 2894 3147 2964 impulsi,
3180 2896 3319 2948 ultra
3360 2894 3555 2948 virium

305 3002 431 3050 κοις,
456 2988 557 3042 καὶ
593 2988 699 3058 πρὸ
714 2988 809 3042 τοῦ
848 2988 1087 3053 δείπνου,
1113 2985 1207 3039 καὶ
1253 2985 1390 3056 μετά
1420 2985 1518 3056 τὴν
1559 2985 1872 3042 ἀνάστασιν.

1981 2990 2292 3045 facultatem
2338 2987 2393 3041 in
2451 2986 2744 3058 jejunando
2779 2984 3083 3055 prosiliant.
3116 2983 3383 3039 Praeterea
3411 3022 3426 3048 ,
3467 2982 3557 3038 ille

317 3079 617 3134 ’Δνίσταται
639 3082 764 3152 τριή
776 3098 958 3151 μερος,
984 3081 1146 3152 ἡμεῖς
1169 3079 1306 3151 μετά
1355 3079 1522 3132 πολὺν
1548 3079 1756 3150 χρόνοψ
1788 3081 1883 3133 καὶ

307 3169 420 3223 οὒτε
442 3172 797 3244 ἀπέῤῥηκται
821 3172 928 3226 τῶν
961 3171 1171 3225 ἐκείνου
1202 3170 1270 3223 τὰ
1314 3169 1579 3240 ἡμέτερα,
1603 3168 1727 3222 οὔτε
1758 3187 1885 3224 συν·

308 3260 552 3324 ἔζευκται
581 3261 869 3333 χρονικῶς·
915 3261 1027 3315 ἀλλ’
1079 3261 1204 3314 ὅσον
1251 3259 1422 3322 τύπος
1473 3276 1557 3322 τις
1581 3255 1721 3313 εἶναι
1776 3259 1885 3314 τῶν

307 3353 586 3425 ἡμετέρων
624 3352 997 3423 παραδοθέντα
1027 3352 1160 3423 (44),
1192 3351 1254 3403 τὸ
1288 3350 1464 3419 πάντη
1512 3350 1886 3422 παραπλήσιον

308 3443 684 3515 διαπέφευγεν.
716 3444 782 3497 Τί
805 3439 897 3497 οὖν
948 3442 1283 3514 θαυμαστὸν,
1334 3441 1429 3494 καὶ
1450 3440 1562 3511 (45)
1602 3441 1664 3495 τὸ
1699 3441 1890 3512 βάπτι-

311 3550 416 3603 σμα
444 3536 818 3606 παρειλῆφθαι
856 3534 955 3605 μὲν
982 3533 1047 3586 δι’
1082 3532 1253 3602 ἡμᾶς,
1283 3530 1362 3601 τῷ
1389 3531 1568 3602 χρόνῳ
1605 3531 1661 3584 δὲ
1706 3532 1891 3601 διαφέ-

314 3641 453 3693 ρεινς
483 3630 554 3679 ’Ὁ
594 3626 658 3679 σύ
697 3644 787 3697 μοι
828 3628 1006 3689 δοκεῖς
1039 3624 1114 3687 ὡς
1151 3622 1295 3693 μέγα
1341 3640 1394 3675 τι
1442 3623 1539 3677 καὶ
1581 3622 1891 3695 θαυμαστὸν

312 3711 415 3770 οἷον
472 3717 882 3788 προϐάλλεσθαι
946 3715 1090 3771 κατά
1150 3716 1251 3784 τῆς
1297 3714 1490 3768 ἑαυτοῦ
1547 3714 1659 3785 (46)
1716 3732 1892 3787 σωτη-

315 3808 450 3877 ρίας.

1981 3082 2268 3137 Paschalis
2299 3081 2617 3152 mysterium
2646 3078 2927 3149 discipulis
2956 3078 3012 3132 in
3048 3076 3326 3132 ccenaculo
3356 3074 3553 3139 tradit,

1981 3180 2038 3227 et
2087 3187 2116 3226 a
2172 3185 2327 3227 caena
2352 3213 2367 3238 ,
2411 3179 2465 3225 et
2498 3169 2660 3225 unico
2705 3178 2830 3224 ante
2868 3167 3173 3239 passionem
3217 3166 3337 3233 die;
3376 3180 3472 3220 nos
3502 3165 3558 3218 in

1985 3264 2225 3333 templis,
2257 3272 2312 3318 et
2356 3270 2483 3317 ante
2523 3276 2768 3325 omnem,
2812 3268 2867 3314 et
2906 3268 3029 3327 post
3062 3257 3555 3313 Resurrectionem.

1984 3352 2076 3407 ille.
2121 3352 2280 3406 tertio
2316 3352 2403 3407 die
2442 3366 2473 3404 a
2512 3359 2691 3405 morte
2728 3350 2792 3403 ad
2835 3348 3002 3403 vitam
3056 3346 3251 3412 rediit;
3293 3360 3394 3401 nos
3439 3353 3562 3414 post

1986 3445 2301 3499 diuturnum
2367 3453 2597 3514 tempus.
2642 3441 2718 3496 ita
2768 3441 2936 3511 ipsius
2984 3454 3109 3507 res,
3155 3453 3256 3494 nec
3293 3452 3323 3491 a
3360 3436 3560 3492 nostris

1984 3535 2202 3604 penitus
2230 3534 2507 3591 distracta:
2555 3542 2717 3603 atque
2752 3532 2992 3601 abrupta:
3018 3538 3183 3595 sunt,
3227 3543 3325 3584 nec
3368 3542 3561 3582 rursus

1986 3626 2320 3696 temporibus
2354 3626 2498 3681 inter
2524 3639 2585 3680 se
2615 3625 2923 3689 cohaerent;
2963 3636 3151 3677 verum
3179 3621 3440 3675 hactenus
3466 3632 3563 3672 no-

1987 3717 2067 3772 bis
2121 3718 2369 3785 traditae,
2394 3726 2454 3773 ut
2497 3716 2563 3773 ad
2608 3732 2797 3773 earum
2849 3713 3126 3783 exemplar
3170 3712 3309 3767 ritus
3347 3718 3564 3767 nostros

1989 3809 2410 3878 conformamus,
2436 3809 2648 3879 plenam
2676 3807 3035 3877 omnibusque
3066 3806 3242 3862 modis
3264 3803 3565 3874 perfectam

317 3903 727 3961 similitudinem
790 3904 1023 3977 fugiunt.
1072 3905 1213 3973 Quid
1262 3906 1430 3978 igitur
1473 3903 1694 3967 mirum,
1744 3917 1888 3969 eum,
1931 3906 2181 3974 quamvis
2204 3906 2395 3962 salutis
2420 3916 2619 3961 nostra:
2676 3919 2836 3959 causa
2864 3903 3189 3972 baptismum
3244 3897 3563 3965 susceperit,

320 4000 579 4069 temporis
644 4009 822 4056 tamen
872 4000 1081 4058 ratione
1120 4017 1150 4056 a
1191 4003 1346 4057 nobis
1382 3997 1641 4055 diil'erre?
1669 3997 1822 4065 Quod
1864 4007 1921 4054 tu
1958 4001 2173 4070 quidem
2205 4003 2359 4070 mihi,
2388 4003 2536 4058 velut
2559 4017 2813 4072 magnum
2850 3999 3053 4069 aliquid
3086 4006 3142 4054 et
3167 3995 3562 4058 admirandum,

317 4088 572 4146 adversus
600 4100 744 4145 tuam
776 4092 946 4162 ipsius
974 4092 1204 4148 salutem
1243 4106 1515 4164 opponere
1544 4089 1769 4144 videris.

382 4181 507 4235 AA'.
534 4179 602 4233 Εί
620 4198 672 4233 τι
691 4176 783 4235 οὖν
807 4183 930 4253 ἐμοὶ
953 4182 1229 4248 πείθεσθε,
1254 4183 1379 4245 τοὺς
1404 4180 1502 4252 μὲν
1524 4178 1795 4241 τοιούτους
1814 4178 1882 4233 λό

2073 4176 2266 4234 XXXI.
2322 4177 2531 4243 Quare,
2586 4175 2632 4230 si
2664 4174 2792 4243 quid
2836 4187 2924 4228 me
2967 4170 3287 4227 audiendum
3327 4166 3561 4239 putatis,

322 4290 442 4341 γους
456 4274 671 4345 χαίρειν
704 4272 920 4328 ἐάσατε·
967 4276 1122 4328 αὐτοὶ
1154 4276 1211 4328 δὲ
1250 4273 1326 4343 τῷ
1358 4271 1547 4342 ἀγαθῷ
1585 4270 1900 4344 προσπηδή-

324 4382 466 4432 σατε,
501 4368 599 4420 καὶ
626 4365 845 4420 διπλοῦν
874 4366 1065 4433 ἀγῶνα
1121 4365 1464 4434 ἀγωνιεῖσθε·
1502 4363 1593 4417 τὸν
1638 4363 1735 4434 μὲν
1766 4378 1902 4433 προ-

323 4459 604 4531 καθαίρειν
662 4458 807 4529 ὑμᾶς
870 4458 1069 4521 αὐτοὺς
1127 4456 1220 4510 τοῦ
1271 4454 1665 4526 βαπτίσματος,
1717 4452 1810 4505 τὸν
1844 4451 1901 4504 δὲ

327 4553 605 4624 συντηρεῖν
632 4549 694 4604 τὸ
716 4550 1017 4621 βάπτισμαο
1038 4547 1225 4619 ἐπειδὴ
1252 4546 1353 4616 τῆς
1369 4546 1538 4617 αὐτῆς
1566 4547 1682 4599 ἐστι
1713 4544 1902 4613 δυσχε-

330 4642 493 4709 ρείας,
536 4641 627 4694 καὶ
656 4640 959 4711 κτήσασθαί
987 4657 1041 4692 τι
1070 4638 1177 4691 τῶν
1231 4636 1449 4706 ἀγαθῶν
1485 4636 1585 4705 οὑχ
1637 4633 1899 4705 ὑπάρχον,

329 4730 418 4782 καὶ
445 4729 642 4799 κτηθὲν
666 4709 1361 4790 διασώσασθαιμΠολλάκις
1384 4725 1493 4797 γὰρ
1512 4725 1540 4778 ὃ
1569 4726 1666 4796 μὲν
1693 4722 1895 4793 σπουδὴ

330 4820 646 4890 προσέλαϐε,
699 4819 940 4892 ῥᾳθυμία
985 4818 1306 4889 διέφθειρεν
1342 4817 1370 4870 ὃ
1404 4816 1461 4870 δὲ
1492 4816 1649 4879 ὄκνος
1686 4813 1899 4869 ἀπώλε-

333 4926 438 4973 σεν,
459 4911 821 4965 ἀνεκαλέσατο
844 4911 1147 4981 ἐπιμέλεια.
1173 4909 1353 4964 Καλόν
1384 4926 1464 4962 σοι
1490 4907 1740 4979 βοήθημα
1763 4905 1899 4977 πρὸς

331 5001 389 5053 τὸ
412 4987 612 5072 τυχεῖν,
639 4996 713 5057 ὧν
744 5002 1041 5070 ὲπιποθεῖς,
1062 5002 1378 5073 ἀγρυπνίαι,
1408 5004 1667 5072 νηστεῖαι,
1695 5015 1899 5070 χαμευ-

437 5115 477 5147 ⁸¹
496 5113 684 5172 Matth.
712 5130 828 5179 xxx,
856 5113 942 5169 10.

406 5234 512 5301 (ll)
558 5235 618 5289 Ὀ
641 5233 761 5288 τῶν
780 5234 1235 5303 συντρεχόντων
1255 5231 1525 5303 σεισμός.
1555 5249 1575 5282 ι
1590 5228 1893 5303 _(_3_onlluen_-

347 5298 420 5357 tis
439 5304 797 5359 multitudinis
826 5298 984 5359 terra:
1005 5298 1217 5358 'r'notus.
1254 5321 1274 5352 ι
1301 5302 1355 5355 id
1384 5298 1561 5355 autem
1586 5298 1801 5354 Nicetas
1822 5298 1900 5353 sic

341 5376 595 5444 exponit:
646 5393 664 5425 ι
715 5373 1250 5445 Ingens‘mortalium
1289 5370 1572 5425 multitudo
1619 5368 1898 5445 confluxit,

342 5438 521 5511 atque,
563 5455 621 5498 ut
671 5438 849 5512 inquit
880 5442 1195 5501 Matthmus.
1236 5449 1502 5512 commota
1535 5448 1636 5503 est,
1680 5448 1728 5492 et
1756 5438 1901 5490 velut

345 5522 569 5567 tremore
594 5511 856 5569 concussa
889 5526 974 5569 est
1006 5513 1258 5566 universa
1288 5511 1480 5563 civitas
1500 5547 1516 5572 ,
1550 5516 1905 5564 concurrente

348 5582 586 5637 videlicet
646 5584 843 5651 populo
897 5599 961 5638 ac
1003 5597 1126 5638 sese
1162 5589 1555 5636 commovente.
1594 5598 1612 5631 ι
1645 5576 1767 5632 Vid.
1821 5591 1900 5628 or.

336 5665 491 5714 mm,
518 5668 665 5706 num.
693 5652 784 5706 25.

414 5713 522 5791 (42)
550 5723 773 5791 Μικρὸν
811 5722 896 5777 δέ.
946 5721 1036 5778 Sic
1080 5719 1260 5792 plures
1291 5718 1446 5775 codd.
1481 5718 1537 5773 1n
1565 5718 1674 5783 cd.,
1715 5713 1906 5786 μικρὸν

2003 4269 2312 4343 bujusmodi
2338 4269 2577 4323 rationes
2607 4267 2785 4320 valere
2815 4265 3020 4335 jubete,
3061 4276 3221 4331 atque
3244 4260 3342 4330 ipsi
3373 4261 3439 4314 ad
3469 4259 3566 4314 bo-

1997 4377 2123 4417 num
2155 4361 2258 4416 hoc
2287 4357 2532 4428 prosilite
2558 4396 2574 4422 ,
2602 4371 2663 4411 ac
2691 4355 2888 4425 duplex
2919 4362 3191 4409 certamen
3228 4351 3357 4405 inite
3382 4365 3395 4415 ;
3426 4349 3565 4403 alte-

1998 4467 2149 4519 rum,
2175 4458 2234 4505 ut
2255 4462 2349 4504 vos
2374 4448 2519 4517 ipsos
2552 4455 2678 4501 ante
2709 4445 3035 4515 baptismum
3064 4439 3399 4505 emundetis;
3430 4438 3565 4492 alte-

1999 4556 2141 4606 rum,
2177 4547 2236 4592 ut
2264 4545 2542 4605 acceptum
2573 4534 2895 4602 baptismum
2923 4528 3254 4586 conservetis
3279 4545 3292 4583 :
3319 4525 3565 4597 quando-

1999 4630 2213 4701 quidem
2250 4628 2487 4698 ejusdem
2518 4635 2598 4682 est
2627 4624 2978 4689 dillicultatis,
3006 4632 3061 4678 et
3088 4621 3287 4678 bonum
3323 4618 3563 4688 aliquod,

1998 4737 2107 4793 quo
2131 4724 2278 4793 prius
2300 4720 2545 4785 carebas,
2573 4718 2823 4791 adipisci,
2855 4715 2931 4783 et,
2964 4730 3084 4771 cum
3116 4713 3339 4783 adeptus
3374 4710 3563 4773 fueris,

2000 4827 2342 4868 conservare.
2380 4811 2471 4866 Fit
2495 4811 2639 4866 enim
2670 4808 3023 4881 plerumque,
3068 4812 3156 4872 ut,
3206 4803 3348 4873 quod
3402 4799 3566 4871 716

2000 4904 2176 4960 studio
2204 4911 2260 4959 et
2296 4902 2561 4959 industria
2603 4910 2815 4971 partum
2846 4906 2961 4965 est,
3002 4895 3250 4953 socordia
3280 4892 3565 4949 labefacte-

2002 5004 2124 5059 tur;
2150 4994 2290 5065 quod
2322 5004 2500 5049 autem
2527 4992 2722 5048 inertia
2764 4990 3019 5045 amissum
3046 4995 3163 5053 est,
3193 4984 3376 5041 labore
3404 4989 3458 5037 et
3479 4979 3564 5033 di-

1999 5226 2107 5281 τῶν
2141 5227 2217 5281 δὲ.

2070 5271 2374 5376 uirilem
2394 5292 2460 5376 τὸ
2480 5290 2745 5345 δεῖπνον.
2780 5285 2872 5341 Sic
2911 5283 3043 5353 Res-
3087 5279 3157 5349 ph
3188 5285 3239 5332 ει
3278 5274 3384 5330 δυο
3411 5271 3564 5330 ⁰⁰¹¹”

1999 5364 2157 5421 Deest
2183 5366 2243 5420 τό
2274 5365 2325 5418 in
2356 5366 2442 5416 ed.

2074 5436 2184 5506 (44)
2219 5430 2651 5506 Παραδοθέρςτα.
2675 5426 2826 5506 Par_.,
2860 5417 3305 5506 παραδειχθέντα.

2071 5495 2184 5571 (45)
2221 5495 2349 5558 Καί.
2382 5504 2492 5571 Duo
2521 5501 2712 5571 Regg.,
2743 5497 2791 5549 εί
2821 5495 2933 5571 καί.
3199 5554 3224 5565 -

2066 5561 2185 5660 (46)
2227 5570 2498 5630 Ἑαυτοῦ.
2549 5561 2954 5628 lnwnmntullis,
3011 5561 3263 5624 σεαυτοῦ,
3309 5561 3393 5619 et,
3436 5567 3565 5608 σαι·

2003 5668 2122 5706 του.
