4050 6298
466 288 591 355 ,403

1679 287 1736 342 S.
1780 287 2107 344 GREGORII
2146 287 2484 345 THEOLOGI

3617 282 3734 349 ισι

483 401 710 475 ligentia
734 407 1107 469 recuperatur.
1136 397 1383 468 Magnum
1409 398 1502 453 tibi
1531 399 1595 453 ad
1621 413 1705 464 ea,
1731 416 1850 470 qua:
1871 403 2045 471 cupis,

2155 401 2280 465 νίαι,
2312 399 2626 472 προσευχαὶ,
2664 399 2919 471 δάκρυον,
2948 418 3129 465 οικτος
3156 401 3263 455 τῶν
3284 402 3573 473 δεομένων,
3618 423 3737 477 με-

487 493 825 561 assequenda
855 500 909 545 et
940 490 1215 545 retinenda
1243 530 1257 555 ,
1285 488 1581 543 subsidium
1608 490 1884 544 attulerint
1918 492 2051 561 vigi-

482 585 597 648 lite,
618 582 843 652 jejunia,
869 581 1201 635 chameuniae
1228 619 1241 643 ,
1273 581 1567 643 orationes,
1598 581 1872 650 lacrymte,
1904 596 2054 636 com-

487 673 763 727 miseratio
784 686 911 741 erga
942 684 1227 739 pauperes,
1254 670 1487 741 largitio.
1522 670 1619 725 llis
1645 673 1823 735 rebus,
1855 672 2050 741 partim

487 775 583 830 pro
611 762 693 825 iis,
727 776 848 828 qua:
879 760 1153 828 accepisti,
1180 758 1383 827 gratias
1416 775 1532 827 age,
1568 758 1762 827 partim
1798 761 1962 815 etiam
1987 775 2051 815 ea

487 866 637 907 tuere
650 868 711 907 ac
724 852 951 906 custodi.
975 849 1151 904 Habes
1174 849 1513 912 beneﬁcium,
1536 850 1676 918 quod
1697 858 1748 905 te
1764 849 2049 905 multorum

486 944 865 998 mandatorum
891 942 1212 997 submoneat
1238 957 1250 992 :
1286 954 1353 992 ne
1370 940 1715 1006 contemptim
1740 951 2048 1008 praetereas.

483 1032 695 1103 Pauper
737 1031 1003 1087 accessit?
1051 1029 1107 1083 lu
1148 1039 1379 1083 mentem
1422 1028 1519 1083 tibi
1547 1030 1763 1095 veniat,
1795 1045 1861 1083 ex
1892 1044 2050 1097 quam

484 1125 635 1195 gravi
673 1132 985 1195 paupertate
1030 1124 1096 1177 ad
1140 1131 1372 1192 quantas
1407 1120 1623 1176 divitias
1654 1132 1941 1190 provectus
1970 1134 2048 1173 es.

487 1216 632 1270 Pane
656 1230 870 1279 carens,
914 1223 1003 1268 aut
1034 1224 1159 1284 potu
1184 1253 1197 1276 ,
1234 1208 1396 1283 atQue
1426 1213 1587 1267 etiam
1615 1212 1847 1267 fortasse
1878 1212 2052 1265 Laza-

484 1321 581 1361 rus
625 1304 890 1374 quispiam
940 1305 1006 1359 ad
1043 1305 1241 1359 domus
1282 1312 1383 1357 tua:
1424 1302 1569 1357 fores
1613 1304 1924 1371 provolutus
1953 1302 2051 1355 ³³2

492 1396 705 1450 Moveat
756 1406 807 1450 te
850 1397 1080 1466 mystica
1129 1409 1358 1459 mensa,
1412 1394 1475 1448 ad
1528 1409 1689 1462 quam
1739 1392 2050 1456 accessisti;

487 1488 642 1555 panis
685 1488 815 1551 ille,
867 1487 1020 1554 cujus
1072 1488 1339 1557 particeps
1372 1486 1548 1540 lactus
1596 1501 1688 1549 es;
1745 1486 1883 1539 calix
1928 1485 2052 1550 ille,

490 1593 651 1646 quem
684 1579 964 1647 accepisti,
1001 1594 1120 1631 cum
1147 1578 1347 1632 Christi
1379 1576 1719 1645 passionibus
1741 1575 2051 1630 initiareris.

492 1669 810 1739 Peregrinus
848 1670 914 1724 ad
950 1683 1119 1738 genua
1153 1680 1238 1722 tua
1272 1667 1590 1736 procubuit,
1625 1668 1785 1720 dumo
1827 1681 2053 1728 carens,

2157 492 2387 555 τάδοσις.
2418 491 2585 544 Τοῦτό
2620 508 2701 543 σοι
2727 491 2965 559 γενέσθω
3005 493 3139 564 (47),
3170 487 3245 547 ὧν
3266 494 3584 565 τετύχηκας,
3631 497 3733 549 εὐο-

2156 581 2507 652 χαριστήριόν
2532 598 2588 633 τε
2609 580 2722 651 ἃμα
2751 582 2843 635 καὶ
2866 582 3249 654 φυλακτήριον.
3305 585 3486 654 Ἔχεις
3514 586 3734 639 πολλῶν

2154 670 2381 723 ἐντολῶν
2434 669 2751 739 ὑπόμνημα,
2809 670 2905 740 τὴν
2946 672 3281 742 εὐεργεσίαψ
3333 674 3406 743 μὴ
3446 677 3733 745 παραδρά-

2158 778 2283 834 μῃς.
2335 761 2509 831 [Ιένης
2558 760 2861 832 προσῆλθε;
2919 762 3187 833 μνήσθητι
3242 764 3404 816 πόσον
3446 762 3551 834 (48)
3580 782 3735 817 πτω-

2155 853 2347 922 χεὺων,
2381 854 2542 906 πόσον
2568 853 2924 922 ἐπλούτησας.
2951 855 3147 924 Ἀρτοο
3186 854 3457 924 δεόμενος,
3484 854 3514 924 ἢ
3550 856 3737 925 πόμα-

2152 961 2263 1007 τος,
2288 943 2531 1014 Λάζαρος
2566 945 2693 1007 ἴσως
2719 960 2803 1005 τις
2835 943 2990 1005 ἄλλος
3013 946 3123 1006 τοῖς
3153 947 3264 1007 σοῖς
3320 945 3529 997 πυλῶσι
3556 963 3736 1016 προσ-

2153 1035 2518 1105 ερριμμένοςς
2564 1034 2849 1104 Αἰδέσθητι
2900 1036 2999 1105 τὴν
3058 1036 3323 1106 μυστικὴν
3356 1036 3651 1108 τράπεζαν,

2154 1126 2474 1195 προσῆλθες
2510 1126 2599 1177 τὸν
2634 1125 2817 1196 ἄρτον,
2859 1120 2919 1179 οὗ
2980 1125 3326 1197 μετείληφαςο
3354 1128 3415 1179 τὸ
3445 1129 3732 1199 ποτήριον,

2154 1210 2213 1266 οὗ
2237 1214 2637 1285 κεκοινώνηκας
2665 1218 2775 1278 τοῖς
2802 1216 3035 1285 Χριστοῦ
3064 1215 3174 1287 (49)
3199 1216 3394 1271 πάθεσι
3422 1218 3739 1289 τελειούμε-

2156 1322 2263 1367 νος.
2296 1304 2455 1366 Ξένος
2487 1303 2845 1374 προσέπεσεν,
2880 1305 3083 1369 ἄοικος,
3116 1306 3529 1377 παρεπίδημος;
3574 1308 3739 1361 Ὑπό-

2155 1395 2300 1462 δεξαι
2325 1395 2411 1448 διὰ
2430 1394 2617 1448 τούτου
2652 1393 2742 1447 τὸν
2764 1394 2851 1447 διὰ
2875 1396 2936 1447 σὲ
2980 1395 3373 1461 ξενιτεύσαντα,
3411 1398 3506 1450 καὶ
3554 1398 3737 1452 ταῦτα

2154 1487 2211 1540 ὲν
2230 1489 2342 1549 τοῖς
2374 1486 2524 1548 ἰδίοις
2548 1484 2685 1555 (50),
2729 1488 2823 1539 καὶ
2854 1487 3244 1541 εἰσοικισθέντα
3272 1505 3352 1540 σοι
3385 1487 3473 1541 διά
3496 1488 3595 1558 τῆς
3629 1492 3737 1559 χά-

2158 1595 2323 1649 ριτος,
2356 1579 2451 1631 καὶ
2477 1579 2612 1649 πρὸς
2632 1577 2729 1649 τὴν
2773 1578 2885 1631 ἄνω
2911 1579 3192 1632 κατοικίαν
3210 1579 3527 1633 ἑλκύσαντα.
3563 1581 3735 1635 Γενοῦ

2157 1670 2445 1738 Ζακχαῖος,
2471 1670 2499 1721 ὁ
2514 1669 2640 1739 χθὲς
2658 1667 2914 1740 τελώνης,
2946 1671 3039 1724 καὶ
3063 1672 3299 1741 σήμερον
3332 1671 3734 1741 μεγαλόψυχοςο

489 1762 733 1815 advena?
762 1759 862 1815 Per
891 1761 1031 1815 hunc
1057 1775 1178 1813 eum
1211 1758 1419 1827 excipe,
1451 1757 1541 1827 qui
1580 1768 1803 1827 propter
1830 1766 1881 1811 te
1904 1771 2054 1825 pere-

2159 1763 2337 1815 πάντα
2370 1765 2435 1833 τῇ
2484 1762 2673 1832 εἰσόδῳ
2710 1762 2803 1815 τοῦ
2839 1762 2950 1831 (51)
3003 1762 3238 1832 Χριστοῦ
3286 1763 3734 1834 καρποφόρησον,

490 1854 734 1921 griuatus
757 1864 863 1917 est,
898 1852 1056 1921 idque
1084 1852 1135 1905 in
1166 1850 1419 1919 propriis,
1452 1849 1651 1919 quique
1697 1865 1794 1917 per
1824 1847 2051 1915 gratiam

492 1944 558 1998 ad
603 1953 652 1997 te
691 1943 1038 2011 imtnigravit,
1066 1951 1221 2011 teque
1243 1942 1309 1994 ad
1333 1941 1555 1996 caeleste
1579 1939 1905 1994 domicilium
1935 1953 2052 2007 per-

491 2034 675 2088 traxit.
698 2034 979 2089 Zachaeum
1012 2032 1223 2087 imitare
1242 2033 1309 2099 ³³,
1341 2032 1512 2096 illum,
1544 2032 1782 2101 inquam,
1810 2029 1924 2084 beri
1957 2044 2055 2098 pu-

490 2124 777 2187 blicanum,
832 2125 988 2188 hodie
1048 2123 1392 2192 magniﬁcum
1449 2142 1463 2176 :
1523 2122 1809 2177 facultates
1855 2135 2049 2177 omnes

491 2230 610 2275 tuas
663 2220 986 2290 ingredienti
1030 2219 1247 2274 Christo
1289 2217 1423 2273 olfer
1467 2226 1552 2280 ut,
1605 2217 1729 2271 licet
1789 2214 2056 2285 corporali

487 2321 694 2366 statura
729 2310 981 2380 pusillus,
1034 2310 1216 2362 animo
1248 2318 1422 2362 tamen
1465 2307 1753 2371 eveharis,
1779 2305 2051 2361 Christum

488 2401 704 2469 egregie
737 2399 1100 2468 conspicatus.
1125 2398 1383 2468 Aigrotus
1411 2407 1654 2469 prostat,
1700 2412 1765 2453 ac
1798 2397 2055 2452 saucius?

488 2492 696 2547 Moveat
730 2504 778 2547 te
813 2493 1018 2548 sanitas
1051 2500 1139 2546 tua
1161 2534 1177 2559 ,
1214 2500 1267 2547 et
1296 2492 1516 2547 vulnera
1543 2533 1557 2555 ,
1593 2493 1788 2561 quibus
1821 2502 1870 2547 te
1901 2494 2056 2549 Chri-

487 2592 601 2639 stus
626 2583 893 2638 liberavit.
929 2582 988 2638 Si
1010 2584 1195 2637 videris
1235 2587 1454 2646 nudum,
1488 2584 1631 2650 operi
1657 2598 1773 2636 eum
1804 2584 1879 2647 “,
1906 2593 2053 2638 tuum

490 2677 916 2745 incorruptionis
995 2677 1388 2739 indumentum,
1445 2678 1549 2731 hoc
1603 2685 1686 2731 est
1746 2677 2051 2741 Christum,

493 2772 1048 2837 honore-prosequens
1075 2785 1087 2821 :
1117 2766 1379 2836 Quotquot
1405 2768 1538 2820 enim
1566 2768 1619 2820 in
1670 2765 1933 2821 Christum
1970 2769 2057 2820 ba-

487 2859 670 2923 ptizati
696 2875 895 2925 sumus,
936 2857 1201 2913 Christum
1230 2860 1497 2912 induimus
1551 2857 1616 2912 ⁸⁸.
1673 2858 1728 2912 Si
1758 2856 2054 2913 debitorem

491 2958 681 3005 nactus
706 2951 805 3017 sis,
834 2950 901 3005 ad
932 2950 1093 3020 pedes
1122 2960 1242 3005 tuos
1271 2963 1391 3005 sese
1418 2950 1786 3019 abjicientem,
1833 2963 2055 3018 syngra-

488 3041 647 3109 pham
688 3056 942 3107 omnem,
993 3051 1101 3095 tam
1152 3040 1375 3123 iustam,
1416 3055 1577 3109 quam
1637 3038 1923 3107 injuStam,
1968 3054 2057 3092 re-

2157 1851 2244 1906 ἵνα
2283 1852 2452 1922 μέγας
2487 1852 2597 1921 (52)
2631 1853 2927 1923 ἀναφανῇς,
2963 1851 3063 1905 κᾶν
3091 1853 3284 1923 μικρὸς
3319 1850 3386 1927 ᾖς
3414 1853 3512 1925 τὴν
3542 1872 3737 1925 σωμα-

2154 1942 2309 2013 τικὴν
2325 1942 2559 2013 ἡλικίαν,
2586 1943 2763 2006 καλῶς
2786 1942 3019 2014 Χριστὸν
3046 1944 3395 2014 θεασάμενος.
3417 1946 3737 2018 Ἀρρωστος

2157 2036 2440 2102 πρόκειται
2472 2037 2564 2089 καί
2579 2036 2953 2107 τραυματίας;
2988 2035 3085 2106 τὴν
3113 2036 3212 2107 σὴν
3242 2036 3449 2105 ὑγίειαν
3493 2037 3604 2108 (55)
3645 2040 3738 2091 αἰ-

2156 2122 2393 2193 δέσθητι,
2443 2124 2536 2177 καί
2565 2123 2634 2175 τὰ
2679 2123 2992 2194 τραύματα,
3031 2117 3106 2177 ὧν
3141 2140 3201 2175 σε
3240 2124 3470 2195 Χριστὸς
3508 2125 3736 2195 ἠλευθές

2158 2231 2350 2285 ρωσεν.
2386 2214 2525 2268 Ἐὰν
2553 2215 2686 2282 ἴδῃς
2708 2216 2958 2285 γυμνὸν,
2983 2216 3283 2283 περίϐαλε,
3318 2216 3379 2269 τὸ
3431 2217 3520 2269 σὸν
3554 2217 3735 2287 τιμῶν

2156 2304 2356 2375 ἔνδυμα
2385 2307 2483 2374 τῆς
2507 2304 2833 2375 ἀφθαρσίαςο
2870 2302 3102 2375 Χριστὸς
3129 2305 3185 2357 δὲ
3218 2306 3326 2375 (51)
3358 2306 3516 2359 τοῦτό
3558 2308 3735 2360 ἐστιν’

2169 2393 2409 2461 Ἐπειδὴ
2440 2392 2574 2447 ὅσοι
2589 2396 2675 2459 εἰς
2712 2394 2967 2462 Χριστὸν
2990 2395 3448 2464 ἐϐαπτίσθημεν,
3472 2395 3736 2463 Χριστὸν

2155 2486 2532 2554 ἐνδεδύμεθα.
2550 2486 2674 2537 Ἐάν
2689 2485 3083 2556 χρεωφειλέτην
3104 2485 3275 2557 λάϐῃς
3302 2487 3733 2557 προσπίπτοντα,

2159 2580 2336 2632 πᾶσαν
2360 2577 2679 2647 συγγραφὴν
2705 2578 2889 2632 ἄδικον
2908 2576 3000 2631 καὶ
3033 2576 3145 2645 (55)
3172 2577 3385 2631 δικαίαν
3411 2578 3731 2633 διάσπασον.

2156 2670 2441 2740 Μνήσθητι
2501 2668 2608 2722 τῶν
2663 2668 2871 2739 μυρίων
2921 2669 3216 2732 ταλάντων,
3261 2661 3338 2722 ὧν
3385 2686 3467 2721 σοι
3499 2670 3736 2739 Χριστὸς

2159 2761 2469 2832 ἐχαρίσατο.
2512 2759 2602 2830 Μὴ
2636 2759 2769 2829 γένῃ
2822 2758 3087 2829 πράκτωρ
3120 2758 3313 2830 πικρὸς
3335 2760 3427 2812 τοῦ
3455 2760 3735 2823 ἐλάττονος

2158 2854 2371 2925 χρέους.
2431 2852 2540 2906 Καὶ
2587 2852 2759 2905 ταῦτα
2827 2850 2971 2915 τίσις
3017 2852 3141 2915 Τοῖς
3198 2850 3525 2921 ὁμοδούλοις,
3583 2854 3612 2904 ὁ
3669 2854 3735 2905 τὸ

2160 2946 2322 2999 πλέον
2352 2944 2459 3015 (56)
2491 2944 2638 3015 παρὰ
2670 2945 2761 2997 τοῦ
2786 2944 3057 2996 Δεσπότου
3092 2944 3484 3015 συγχωρηθείς,
3520 2944 3593 3016 μὴ
3636 2947 3736 2998 καὶ

2145 3040 2256 3109 *τῆς
2310 3038 2518 3090 ἐκείνου
2578 3036 2993 3113 φιλανθρωπίας
3029 3032 3270 3109 ὑπόσχῃς
3307 3036 3482 3107 δίκην,
3511 3037 3577 3107 ἢν
3630 3038 3736 3090 οὐκ

490 3133 676 3189 scinde
702 3134 768 3187 “.
803 3135 994 3189 Decem
1038 3134 1127 3189 illa
1182 3116 1504 3188 talentorum
1552 3133 1756 3199 millia,
1807 3148 1926 3202 quae
1954 3132 2048 3185 tibi

2158 3128 2411 3198 ἐμιμήσω
2438 3124 2612 3178 λαϐὼν
2639 3116 2955 3194 ὑπόδειγμα.

490 3225 741 3281 Christus
775 3226 1005 3293 remisit,
1028 3226 1080 3281 in
1101 3228 1416 3282 memoriam
1447 3241 1660 3280 revoca.
1688 3226 1805 3279 Noli
1837 3239 1887 3278 te
1934 3225 2188 3279 acerbum
2227 3219 2453 3273 minoris
2515 3218 2679 3272 debiti
2750 3229 3058 3274 exactorem
3093 3220 3357 3287 praebere,
3397 3229 3451 3273 et
3515 3221 3732 3289 quidem

496 3322 794 3388 conservis,
831 3336 954 3376 cum
978 3320 1071 3374 tibi
1112 3336 1140 3374 a
1173 3321 1399 3375 Domino
1428 3318 1597 3387 major
1626 3335 1833 3375 summa
1896 3319 2194 3373 condonata
2258 3312 2348 3378 sit,
2412 3325 2479 3365 ne
2539 3310 2889 3366 humanitatis
2924 3326 3138 3381 quoque
3166 3311 3326 3377 illius,
3364 3325 3524 3380 quam
3550 3313 3643 3369 tibi
3677 3315 3734 3369 in

489 3410 793 3479 exemplum
842 3411 1174 3479 propositam
1217 3409 1631 3478 haudquaquam
1672 3408 1912 3462 imitatus
1947 3421 2041 3468 es,
2084 3416 2258 3473 pteram
2290 3416 2318 3454 a
2349 3410 2399 3455 te
2425 3410 2771 3469 expetantur.
3073 3424 3077 3428 ·

558 3502 773 3558 XXXII.
815 3500 906 3555 Sic
929 3510 981 3555 te
1020 3515 1297 3571 compara,
1341 3510 1401 3553 ut
1432 3499 1705 3554 lavacrum
1742 3514 1850 3554 non
1895 3500 2054 3554 modo

490 3607 716 3662 corpus,
746 3590 840 3644 sed
880 3588 1167 3658 imaginem
1220 3600 1435 3655 quoque
1473 3587 1693 3641 abluat:
1750 3601 1855 3640 non
1900 3584 2057 3640 ntodo

493 3690 710 3751 peccata
731 3678 896 3744 cluat,
927 3678 1023 3731 sed
1052 3691 1231 3731 mores
1263 3676 1428 3730 etiam
1447 3674 1730 3730 emendet:
1764 3687 1867 3729 non
1901 3673 2058 3728 modo

496 3770 747 3838 pristinas
768 3769 891 3823 vita}
916 3768 1103 3822 sordes
1135 3767 1428 3835 abstergat,
1464 3779 1651 3819 verum
1694 3762 1898 3818 fontem
1924 3778 2055 3832 quo-

495 3875 604 3931 que
657 3862 831 3929 ipsum
867 3869 1178 3929 expurget:
1238 3872 1343 3911 non
1374 3858 1495 3911 hoc
1538 3856 1699 3925 717
1756 3865 1961 3910 tantum
2008 3857 2060 3911 iu

496 3956 677 4009 animo
700 3952 795 4008 tibi
824 3950 1113 4021 insculpat,
1134 3959 1191 4005 ut
1222 3950 1361 4005 bona
1396 3949 1620 4003 honeste
1653 3948 1904 4016 acquiras
1927 3963 1943 4014 ;
1970 3948 2060 4002 sed

498 4057 556 4101 ut
587 4046 751 4101 etiam
791 4044 929 4100 bene
956 4050 1110 4113 parta
1139 4041 1375 4105 amittas,
1417 4048 1529 4105 aut,
1559 4039 1699 4109 quod
1734 4039 2058 4092 levissinmm

496 4148 601 4205 est,
627 4138 768 4193 male
804 4146 960 4208 parta
989 4134 1251 4205 deponas.
1284 4132 1422 4200 Quid
1457 4134 1601 4187 enim
1642 4132 1735 4185 tibi
1766 4131 2059 4200 profuerit,

496 4229 571 4286 ita
599 4226 806 4299 peccati
838 4226 1057 4282 veniam
1094 4223 1448 4294 impetrasse,
1484 4231 1543 4275 ut
1582 4232 1759 4275 tamen
1789 4218 1838 4272 ei
1861 4259 1874 4280 ,
1904 4234 2060 4286 quem

496 4322 727 4386 laeseris,
783 4321 1038 4376 damnum
1086 4333 1192 4373 non
1242 4315 1545 4381 sarciatur;
1597 4329 1720 4369 cum
1769 4324 1821 4366 tu
1864 4311 2062 4381 duplici

496 4417 699 4471 scelere
728 4413 1055 4469 constrictus
1086 4408 1347 4473 tenearis,
1382 4409 1572 4472 altero,
1611 4406 1736 4475 quia
1785 4403 2065 4459 sceleratis

498 4506 708 4561 artibus
742 4504 1027 4560 facultates
1057 4482 1188 4557 tuas.
1227 4499 1426 4555 auxiSti
1448 4540 1464 4566 ,
1496 4498 1666 4552 altero
1689 4536 1707 4560 ,
1728 4496 1851 4566 quia
1888 4505 2067 4564 partas

569 4660 773 4715 "Luc.
812 4675 922 4725 xvi,
966 4659 1037 4711 20
1063 4673 1183 4727 sqq.
1284 4657 1329 4688 ³³
1358 4656 1491 4711 Luc.
1522 4671 1638 4720 xix,
1692 4654 1729 4708 2
1778 4669 1896 4723 sqq.

570 4837 683 4977 (47)
708 4838 1003 4892 Γενέσθω.
1039 4839 1205 4907 Regg.
1237 4838 1326 4892 bm
1352 4849 1404 4890 et
1425 4839 1514 4903 ph,
1542 4836 1792 4905 γινέσθω.

594 4906 687 4974 48)
716 4910 938 4961 Πόσον.
998 4908 1160 4963 Coisl.
1203 4909 1252 4973 1,
1324 4906 1526 4963 πόσων.
1586 4908 1704 4961 Mox
1740 4917 1792 4958 et

594 4906 687 4974 48)
716 4910 938 4961 Πόσον.
998 4906 1160 4963 Coisl.
1203 4909 1252 4973 1,
1324 4906 1526 4963 πόσων.
1586 4908 1704 4961 Mox
1740 4906 1925 4967 etiam,
1968 4906 2065 4956 1:6-

502 4992 685 5115 σωᾶθ)
720 5046 852 5115 Τοῖς
896 5047 1170 5115 Χριστοῦ.
1209 5045 1299 5115 Sic
1342 5043 1821 5115 quinqueARegg.)
1858 5052 1961 5115 etc.
2010 5043 2063 5095 In

504 5110 743 5188 ed._._'roi'i
776 5110 1033 5188 Χριστοῦ.
1077 5116 1220 5182 Mox,
1264 5110 1431 5181 ξένος.
1460 5110 1548 5170 Sic
1576 5113 1740 5169 Coisl.
1779 5113 1832 5165 2.
1875 5110 1931 5164 In
1956 5115 2066 5179 ed.,

503 5184 827 5325 εἰ
854 5256 980 5321 τοῖς
1007 5256 1194 5322 ἰδίοις.
1225 5277 1244 5309 ι
1300 5257 1351 5310 In
1395 5254 1646 5324 propriis.
1691 5273 1710 5306 ι
1751 5250 1840 5308 Sic
1873 5248 2069 5321 Vulga-

505 5335 579 5380 ιιι.
607 5325 811 5390 Billius,
840 5345 857 5377 ι
892 5327 941 5380 in
965 5327 1077 5381 suis
1103 5327 1426 5394 regionibus.
1454 5344 1471 5376 ι

576 5394 689 5465 (5i)
725 5396 852 5449 Τοῦ.
887 5396 1043 5451 Deest
1074 5396 1128 5449 in
1157 5398 1392 5465 quinque
1423 5396 1587 5464 liegg.

577 5463 691 5534 (ΒΞ)
722 5466 938 5535 Μέγας.
962 5465 1053 5521 Sic
1086 5463 1266 5536 plures
1302 5463 1515 5534 Optima.-
1542 5463 1677 5521 nota:
1703 5465 1855 5522 codd.
1887 5469 2063 5529 lncd.,

509 5535 689 5739 “£353.;
727 5603 990 5671 Ὑγίειαν.
1013 5605 1144 5674 Reg.
1173 5606 1283 5669 bm,
1316 5604 1521 5672 ὑγείαν.

579 5672 668 5739 (SA
725 5674 813 5727 Δέ.
859 5676 1011 5731 Deest
1046 5677 1096 5730 in
1134 5675 1303 5733 tr‘bus
1342 5675 1511 5739 Regg.

579 5672 689 5742 (54)
725 5674 813 5727 Δέ.
859 5676 1011 5731 Deest
1046 5672 1303 5733 ἰιῖιτίιιιιε
1342 5675 1511 5743 Regg.

2234 3494 2358 3548 AB’.
2394 3491 2637 3545 Γενέσθω
2665 3508 2745 3544 σοι
2767 3491 2827 3543 τὸ
2849 3491 3090 3563 λουτρὸν,
3123 3493 3198 3563 μὴ
3230 3495 3323 3549 τοῦ
3353 3495 3604 3567 σώματος
3635 3498 3735 3569 μό-

2158 3602 2248 3638 νον
2272 3584 2406 3655 (57),
2441 3582 2579 3636 ἀλλὰ
2602 3583 2697 3636 καὶ
2729 3582 2828 3653 τῆς
2866 3584 3093 3648 εἰκόνος·
3136 3584 3210 3656 μὴ
3244 3586 3350 3641 τῶν
3402 3589 3733 3659 ἁμαρτημάο

2164 3694 2271 3729 των
2304 3675 2563 3736 ἔκπλυσις
2594 3674 2706 3745 (58)
2747 3675 2925 3744 μόνον,
2953 3675 3087 3729 ἀλλὰ
3114 3677 3209 3731 καὶ
3240 3678 3335 3732 τοῦ
3366 3680 3568 3749 τρόπου
3591 3681 3739 3753 διόρ-

2161 3768 2345 3829 θωσιςο
2379 3764 2453 3836 μὴ
2485 3764 2575 3817 τὸν
2592 3763 2932 3834 προλαόόντα
2962 3765 3071 3837 (59)
3105 3765 3359 3838 βόρϐορον
3385 3768 3737 3833 ἀποκλυζέτω

2164 3860 2343 3930 μόνον,
2372 3856 2510 3912 ἀλλὰ
2531 3857 2623 3909 καὶ
2654 3855 2753 3927 τὴν
2786 3856 2968 3928 πηγὴν
3008 3858 3335 3929 καθαιρέτω’
3368 3858 3440 3930 μὴ
3468 3859 3528 3912 τὸ
3556 3859 3737 3924 καλῶς

2160 3952 2386 4006 κτᾶσθαι
2407 3950 2659 4004 τυπούτω
2694 3950 3023 4021 μόνον,άλλὰ
3060 3952 3152 4006 καὶ
3188 3951 3247 4006 τὸ
3272 3953 3448 4017 καλῶς
3493 3955 3738 4008 ἀποκτά-

2160 4044 2301 4105 σθαι,
2324 4044 2381 4115 ἢ,
2407 4044 2469 4096 τό
2482 4061 2545 4112 γε
2566 4044 2916 4112 κουφότατον,
2941 4044 3003 4097 τὸ
3034 4044 3223 4107 κακῶς
3257 4046 3454 4117 κτηθὲν
3484 4045 3735 4101 ἀποτίθε-

2161 4135 2303 4189 σθαι.
2330 4135 2393 4188 Τί
2419 4136 2524 4206 γὰρ
2547 4134 2735 4202 ὄφελος
2757 4135 2838 4189 σοὶ
2872 4135 2969 4205 μὲν
2993 4137 3409 4208 συγχωρηθῆναι
3429 4137 3526 4208 τὴν
3555 4138 3737 4209 ἁμαρ-

2168 4228 2307 4289 τίαν,
2331 4227 2408 4296 τῷ
2442 4227 2497 4280 δὲ
2535 4228 2847 4299 ἠδικημένῳ
2874 4228 2948 4299 μὴ
2976 4227 3201 4299 λυθῆναι
3226 4230 3325 4301 τὴν
3342 4229 3490 4301 παρὰ
3514 4229 3605 4283 σοῦ
3638 4229 3739 4299 ζη-

2174 4320 2318 4391 μίαν·
2357 4319 2450 4372 δύο
2499 4336 2580 4373 σοι
2637 4320 2823 4374 κακῶν
2848 4321 3035 4385 ὄντων,
3064 4320 3157 4374 τοῦ
3207 4338 3267 4374 τε
3295 4320 3596 4390 κτήσασθαι
3659 4321 3736 4391 μὴ

2169 4408 2410 4472 δικαίως,
2446 4410 2539 4462 καὶ
2570 4408 2661 4462 τοῦ
2689 4408 2750 4461 τὸ
2779 4408 2974 4479 κτηθὲν
2994 4408 3103 4478 (60)
3130 4408 3450 4479 κατέχεσθαι
3469 4425 3483 4473 ;
3501 4408 3604 4461 Τοῦ
3636 4410 3735 4479 μὲν

2172 4497 2365 4567 ἄφεσιν
2397 4496 2608 4561 ἔλαϐες,
2645 4498 2707 4551 τὸ
2733 4498 2789 4551 δὲ
2836 4500 3071 4571 σήμερον
3103 4499 3323 4563 ἀδικεῖς.
3355 4499 3597 4571 Σήμερον
3626 4498 3738 4569 γάρ

1976 4653 2021 4684 ³⁵
2050 4652 2150 4708 lsa.
2178 4667 2325 4719 LVIII,
2356 4654 2409 4708 7.
2485 4653 2528 4685 ³⁸
2556 4652 2730 4708 Galat.
2756 4669 2837 4718 tn,
2862 4653 2951 4707 27.
3028 4653 3073 4685 “
3099 4653 3287 4708 Matth.
3312 4670 3463 4719 xvnt,
3482 4653 3571 4708 26.

2102 4839 2145 4892 D
2243 4836 2354 4901 (55)
2391 4835 2519 4905 Kal.
2547 4832 2679 4905 Reg.
2713 4834 2821 4897 bm,
2850 4835 2904 4905 ἦ.
2933 4835 3064 4904 Reg.
3100 4835 3189 4899 ph,
3216 4835 3247 4903 ἦ
3275 4834 3383 4887 καί.

2244 4906 2355 4971 (56)
2384 4901 2598 4956 Πλέον.
2634 4904 2797 4971 Regg.
2829 4901 2881 4968 ι),
2910 4920 2959 4967 c,
2991 4901 3045 4968 α’,
3075 4901 3275 4957 πλεῖον.
3690 4910 3693 4913 ’

2245 4975 2357 5043 (57.)
2383 4973 2602 5044 Μόνον.
2644 4973 2785 5044 Tre_s_
2822 4974 3016 5044 liegg.,
3060 4973 3223 5029 Coisl.
3264 4975 3287 5027 1
3334 4982 3386 5027 et
3425 4972 3612 5044 Gomb.
3646 4975 3735 5027 ad-

2178 5042 2330 5124 dunt,
2362 5042 2641 5124 ξκπλυσις.
2676 5060 2694 5093 ι
2744 5042 2857 5122 Non
2894 5042 3137 5124 corporis
3175 5051 3379 5098 tantum
3408 5043 3610 5097 ablutio
3642 5044 3733 5108 sit,

2176 5114 2266 5169 sed
2291 5115 2501 5176 animae,
2536 5130 2555 5163 ι
2595 5114 2755 5180 εἰναι
2787 5111 3049 5180 imaginis.
3082 5131 3097 5163 ι

2251 5182 2361 5305 (583
2395 5178 3179 5265 Ἀμαρτημάτωνὲξιπλυσςς.
3201 5181 3333 5235 Tres
3364 5179 3729 5261 Regg.,Coisl.

2251 5264 2292 5305 et
2362 5252 2583 5305 ombcf..
2619 5252 3031 5305 ducto-rutater
3060 5251 3232 5305 λυσις.
3264 5268 3283 5301 ι
3319 5252 3633 5304 delictorum
3655 5266 3729 5303 so-

2178 5255 2200 5307 1
2241 5251 2292 5308 et
2318 5251 2583 5315 Combch
2619 5252 3031 5321 ἁμαρτημάτων
3060 5251 3232 5315 λύσις,
3264 5268 3283 5301 ι
3319 5252 3633 5304 delictorum
3655 5266 3730 5303 so-

2174 5325 2325 5377 lutio.
2353 5341 2370 5371 ι

2246 5390 2813 5463 (59)Προ.λᾳὸίόντα.μ
2837 5389 3075 5463 Quatuor
3125 5389 3316 5463 llegg.,
3376 5404 3563 5442 novem
3608 5387 3731 5463 Col-

2173 5458 2336 5523 um,
2370 5460 2475 5513 duo
2497 5459 2659 5513 Coisl.
2689 5469 2743 5513 et
2780 5460 2873 5513 0r.
2902 5460 2951 5523 l,
2988 5458 3334 5530 προελθόντα,
3369 5477 3387 5508 ι
3435 5459 3731 5527 praeteritas

2176 5534 2382 5588 sordes.
2409 5548 2426 5579 ι

2249 5600 2361 5671 (60)
2399 5598 2467 5651 Τὸ
2496 5598 2734 5671 under.
2758 5598 2851 5671 Sic
2875 5598 3114 5671 plerique
3143 5599 3296 5655 codd.
3335 5596 3388 5652 lu
3419 5595 3737 5666 quibusdam

2180 5667 2377 5737 tamen,
2415 5677 2470 5725 et
2493 5669 2546 5725 in
2576 5669 2687 5737 ed.,
2715 5668 2781 5723 τὰ
2811 5667 3095 5740 κτηθέντα.
