4050 6298
585 294 687 353 ιω

1793 290 1850 344 S.
1893 290 2217 347 GREGORII
2258 290 2602 347 TIIEOLOCI

3714 298 3809 355 408

585 407 776 465 diebus
821 414 1097 470 mortuus,
1125 416 1245 458 cum
1280 403 1529 457 triduano
1563 403 1653 457 illo
1687 403 1847 457 simul
1891 406 1958 459 ad
1992 406 2152 461 vitam

2262 405 2658 460 κατοικούντων
2682 409 2741 460 ὲν
2764 407 2974 476 τάφοις,
3010 405 3144 477 μηδὲ
3168 411 3549 479 κατασφιγγῇς
3572 409 3677 478 (74)
3701 417 3810 478 ταῖς

586 501 826 564 rediens,
855 507 1017 568 atque
1046 495 1366 551 funebribus
1384 495 1613 551 vinculis
1640 496 1847 551 solutus
1877 512 1955 554 es.
1987 497 2151 563 Cave,

586 607 655 646 ne
689 604 877 645 rursus
904 587 1213 653 emoriaris,
1247 587 1420 656 iisque
1454 626 1468 651 ,
1502 586 1591 655 qui
1620 586 1671 640 in
1714 587 1974 656 sepulcris
2003 586 2155 642 habi-

564 688 702 731 .tant
726 677 807 743 “,
841 676 1180 746 aggregeris,
1209 690 1274 731 ac
1314 686 1660 745 peccatorum
1689 676 1900 731 tuorum
1943 675 2158 732 funibus

586 767 999 836 eonstringaris;
1035 781 1159 821 cum
1185 768 1451 821 incertum
1487 767 1577 833 sit,
1612 782 1679 819 an
1708 782 1896 822 rursus
1922 784 1952 821 e
1979 769 2157 835 sepul-

586 870 679 909 cro
722 856 789 909 ad
858 856 1022 910 vitam
1083 855 1451 919 excitaberis,
1495 870 1664 923 usque
1715 856 1784 909 ad
1835 864 2161 925 postremam

2250 500 2471 568 σειραῖς
2520 497 2628 551 τῶν
2669 496 2884 551 οίκείων
2926 496 3375 568 ἁμαρτημάτων·
3415 499 3610 570 ἄδηλον
3650 501 3726 566 ὃν,
3765 506 3809 557 εί

2261 588 2420 641 πάλιν
2452 586 2797 659 ἐξαναστήσῃ
2829 586 2932 640 τῶν
2957 587 3167 656 τάφων,
3204 588 3364 660 μέχρι
3390 589 3488 660 τῆς
3518 590 3810 659 τελευταίας

2265 679 2359 732 καὶ
2396 680 2581 748 κοινῆς
2622 680 3004 744 ἀναστάσεως,
3032 681 3067 752 ἢ
3103 682 3211 734 πᾶν
3240 680 3300 733 τὸ
3338 681 3551 750 ποίημα
3592 683 3701 748 ἄξει
3739 686 3809 747 είς

2266 768 2478 840 κρίσιν,
2509 770 2569 821 οὐ
2613 767 3157 841 θεραπευθησόμενον
3176 808 3191 833 ,
3224 770 3361 824 ἀλλά
3402 771 3806 842 κριθησόμενον,

2261 859 2358 913 καὶ
2384 858 2540 927 λόγον
2574 858 2801 927 ὑφέξον,
2832 853 2906 913 ὧν
2939 856 2998 913 εὖ
3030 861 3063 933 ἢ
3094 860 3280 925 κακῶς
3308 860 3681 931 ὲθησαύρισεν.

587 948 731 1001 illam
763 956 828 1021 et.
846 961 1185 1002 communem
1221 947 1694 1009 resurrectionem,
1726 962 1867 1016 quas,
1897 948 2154 1016 quidquid
2193 951 2391 1005 factum
2419 953 2604 1019 est,ad
2626 952 2886 1023 judicium
2909 952 3160 1015 adducet,
3181 952 3416 1021 neniam
3472 961 3530 1006 ut
3578 963 3803 1018 curetur,

587 1042 683 1098 sed
730 1051 789 1094 ut
816 1040 1111 1107 iudicetur,
1143 1040 1518 1109 rationemque
1563 1054 1749 1094 eorum
1786 1039 2008 1106 reddat,
2033 1055 2153 1108 quae
2192 1036 2338 1099 recte
2369 1044 2452 1097 vel
2486 1044 2625 1098 male
2658 1042 3017 1098 coacervarit.

656 1129 898 1185 XXXIV.
950 1128 1006 1185 Si
1068 1128 1252 1198 lepra,
1303 1128 1405 1182 hoc
1457 1134 1540 1181 est
1589 1126 1813 1181 deformi
1862 1129 2158 1197 pravitate,

586 1221 739 1291 prius
761 1220 994 1275 inlectus
1025 1231 1152 1272 eras
1181 1257 1197 1285 ,
1230 1230 1292 1271 ac
1315 1221 1507 1272 deinde
1535 1217 1725 1271 abrasa
1757 1218 2033 1286 eiectaque
2056 1218 2159 1272 hac

587 1312 781 1367 vitiosa
819 1309 1070 1373 materia,
1093 1308 1295 1364 salvam
1319 1317 1374 1362 et
1403 1307 1727 1362 incolumem
1765 1308 2053 1378 imaginem
2083 1324 2161 1363 re-

588 1401 802 1471 cepisti,
832 1399 1210 1470 purgationem
1230 1399 1383 1464 mihi,
1408 1400 1673 1454 sacerdoti
1711 1409 1824 1464 tuo,
1849 1402 2072 1457 ostende
2085 1403 2157 1466 ’⁸,

2333 1132 2452 1185 ΛΔ¹.
2494 1130 2556 1186 Ei
2590 1132 2793 1204 λέπραν
2826 1132 3021 1203 ἔϐρυες
3060 1132 3200 1195 τέως
3232 1131 3330 1203 τὴν
3377 1134 3621 1202 ἄμορφον
3664 1152 3812 1206 πονη-

2273 1223 2424 1293 ρίαν,
2458 1223 2765 1294 ἀπεξέσθης
2791 1223 2847 1276 δὲ
2875 1225 2973 1293 τῆς
3001 1224 3176 1294 κακῆς
3206 1224 3366 1293 ὕλης,
3395 1225 3490 1277 καὶ
3522 1225 3617 1295 τὴν
3645 1226 3811 1279 εἰκόνα

2267 1313 2411 1367 σώαν
2432 1314 2704 1378 ἀπέλαϐες
2721 1357 2735 1379 ,
2761 1313 2932 1373 δεῖξον
2958 1314 3081 1385 ἐμοὶ
3109 1314 3185 1386 τῷ
3218 1316 3354 1386 ίερεῖ
3386 1332 3481 1368 σου
3510 1316 3606 1387 τὴν
3632 1318 3813 1389 κάθαρ-

2265 1417 2380 1468 σιν,
2417 1402 2504 1456 ἴνα
2541 1402 2655 1471 γνῶ
2694 1401 2840 1474 (75),
2878 1404 3045 1457 πόσον
3076 1404 3172 1475 τῆς
3203 1404 3434 1474 νομικῆς
3465 1404 3599 1476 αὕτη
3631 1422 3809 1476 τιμιω-

591 1504 651 1549 ut
699 1506 1061 1563 cognoscam,
1094 1502 1354 1561 quantum
1402 1506 1464 1545 ea
1515 1491 1739 1561 legalem
1781 1496 2157 1564 purgationem

2263 1494 2419 1565 τέρα.
2463 1492 2627 1547 Γενοῦ
2714 1494 2789 1564 μὴ
2832 1494 2942 1548 τῶν
2982 1493 3139 1548 ἐννέα
3173 1494 3283 1549 τῶν
3316 1497 3654 1566 ἀχαρίστων,
3690 1498 3810 1552 ἀλλά

592 1583 901 1639 antecellat.
927 1582 1129 1637 Novem
1155 1581 1257 1636 illis
1293 1582 1519 1650 ingratis
1550 1597 1617 1635 ne
1650 1594 1703 1638 te
1734 1584 2029 1655 adiungas,
2067 1602 2160 1642 ve-

2262 1564 2351 1639 τὸν
2392 1583 2616 1637 δέκατον
2657 1585 2929 1655 μίμησαι·
2966 1586 3059 1639 καὶ
3095 1586 3205 1656 γὰρ
3250 1588 3298 1639 εἰ
3346 1564 3685 1659 Σαμαρείτης
3716 1585 3807 1660 ἦν,

592 1689 710 1727 rum
747 1672 1014 1740 decimum
1056 1672 1150 1726 tibi
1179 1671 1500 1727 imitandum
1529 1686 1768 1743 propone
1795 1692 1810 1741 ;
1837 1676 1949 1744 qui,
1986 1691 2162 1746 quan-

595 1780 756 1833 quam
795 1763 1170 1819 Samaritanus
1213 1772 1385 1827 esset,
1433 1764 1567 1819 alios
1600 1774 1779 1821 tamen
1810 1769 1951 1835 grati
1994 1770 2159 1824 animi

593 1854 771 1911 ollicio
801 1856 954 1911 vicit.
993 1857 1068 1910 Da
1115 1870 1373 1925 operam,
1424 1872 1493 1911 ne
1548 1857 1687 1911 mala
1730 1858 1937 1928 vitiligo
1978 1875 2162 1916 rursus

593 1955 880 2016 erumpat,
908 1956 1069 2016 atque
1103 1948 1176 2000 ita
1213 1947 1465 2003 aﬂiciaris
1489 1988 1504 2010 .
1540 1958 1599 2002 ut
1636 1949 1884 2017 corporis
1930 1952 2003 2004 tui
2034 1952 2162 2005 vitio

596 2038 685 2090 vix
713 2036 821 2091 ulla
855 2038 1119 2093 medicina
1144 2039 1311 2108 possit
1339 2039 1601 2093 adhiberi.
1636 2038 1816 2110 Nuper
1852 2043 2076 2096 avaritia
2109 2054 2162 2096 et

595 2131 863 2185 tenacitas
893 2146 1108 2185 manum
1144 2142 1287 2186 tuam
1320 2132 1560 2186 siccabat
1593 2132 1675 2197 “;
1720 2132 1879 2187 hodie
1908 2148 2027 2187 eam
2059 2134 2163 2189 lar-

592 2218 728 2289 gitio
756 2229 811 2274 et
844 2218 1199 2275 beneﬁcentia
1232 2220 1511 2274 extendat.
1543 2219 1808 2275 Praeclara
1850 2236 2005 2291 argue
2047 2237 2163 2277 ma-

597 2324 702 2364 nus
728 2309 938 2364 curatio
972 2319 1058 2363 est
1081 2348 1097 2373 ,
1140 2310 1451 2379 dispergere
1470 2350 1485 2374 ,
1516 2310 1645 2365 dare
1670 2314 1995 2381 pauperibus
2016 2352 2031 2378 ,
2059 2328 2120 2369 ea
2141 2353 2159 2379 ,

594 2400 793 2470 quibus
843 2399 1293 2468 circumﬂuimus,
1330 2401 1560 2456 ubertim
1611 2402 1939 2468 exhaurire,
1984 2406 2161 2474 quoad

597 2489 823 2545 fundum
855 2506 1070 2561 quoque
1114 2494 1291 2563 ipsum
1335 2495 1678 2565 attigerimus
1724 2496 1976 2567 (fortasse
2005 2514 2072 2553 ex
2098 2514 2164 2555 eo

594 2598 810 2652 quoque
849 2583 1160 2638 alimentum
1196 2586 1291 2641 tibi
1323 2588 1597 2651 manabit,
1622 2588 1769 2642 velut
1817 2588 1947 2643 olim
1996 2588 2160 2645 Sarc-

595 2677 869 2745 phthante,
901 2691 964 2731 ac
993 2678 1289 2744 praesertim
1342 2678 1386 2732 si
1426 2677 1595 2732 Eliam
1629 2679 1827 2735 alueris
1856 2680 1959 2748 "');
2005 2696 2161 2752 egre-

595 2768 714 2837 gias
758 2780 890 2837 opes
942 2767 1279 2835 exiSIimare,
1313 2769 1490 2837 inopia
1519 2780 1733 2838 propter
1758 2769 2053 2836 Christum,
2073 2773 2162 2842 qui

595 2868 774 2914 nostra
798 2872 957 2914 causa
984 2868 1353 2928 paupertatem
1381 2860 1568 2925 subiit,
1598 2861 1864 2916 laborare.
1883 2862 1940 2918 Si
1969 2864 2163 2919 surdus

594 2964 659 3004 ae
684 2958 862 3005 mutus
891 2964 1013 3005 eras
1040 2950 1109 3017 ⁸⁸,
1136 2950 1360 3007 auribus
1399 2952 1506 3007 tuis
1536 2950 1769 3007 Verbum
1801 2954 2046 3021 insonet;
2080 2956 2160 3010 vel

591 3042 769 3110 potius
785 3057 931 3105 eum,
968 3042 1056 3111 qui
1100 3043 1368 3107 insonuit,
1408 3044 1602 3099 retine.
1652 3044 1729 3099 Ne
1768 3045 1934 3117 719
1960 3047 2026 3101 ad
2056 3046 2161 3101 Do-

592 3132 726 3187 mini
757 3133 1098 3203 disciplinam
1134 3143 1190 3189 et
1225 3135 1649 3191 admonitionem
1671 3175 1687 3201 ,
1718 3139 2161 3206 quemadmodum

594 3222 741 3291 aspis
780 3224 846 3277 ad
897 3224 1317 3288 incantationes,
1364 3225 1610 3281 occlusas
1644 3242 1807 3283 aures
1838 3228 2056 3284 habeas.
2098 3229 2156 3284 Si

598 3329 772 3370 ctecus
818 3315 886 3381 δ’,
913 3323 967 3369 et
1002 3315 1220 3371 luminis
1249 3332 1462 3387 expers,
1504 3318 1747 3374 illumina
1791 3320 1978 3377 oculos
2020 3331 2160 3389 tuos,

596 3420 664 3461 ne
698 3421 932 3476 unquam
967 3406 1018 3461 in
1047 3418 1275 3461 mortem
1306 3408 1618 3463 obdormias
1644 3409 1712 3461 ⁸ο.
1732 3409 1787 3463 1η
1826 3410 2037 3466 Domini
2078 3412 2159 3466 lu-

595 3496 742 3552 mine
780 3495 958 3552 lumen
1006 3498 1252 3567 perspice
1281 3498 1349 3563 ⁸¹,
1392 3497 1444 3552 in
1487 3497 1689 3567 Spiritu
1734 3498 1827 3553 Dei
1858 3499 2051 3554 Filium
2082 3500 2163 3554 iu-

594 3597 770 3655 tuere,
800 3588 999 3643 trinum
1035 3589 1278 3658 inquam,
1312 3578 1456 3645 illud
1487 3596 1542 3644 et
1577 3589 1803 3658 simplex
1831 3600 1995 3660 atque
2024 3592 2162 3646 indi-

593 3680 769 3733 visum
797 3678 997 3731 lumen.
1026 3675 1082 3731 Si
1108 3678 1381 3732 Christum
1411 3687 1581 3732 totum
1610 3679 1915 3743 admiseris,
1942 3681 2162 3735 univerc

592 3784 683 3825 sas
713 3770 881 3839 ipsius
906 3769 1234 3832 curationes,
1263 3768 1457 3838 quibus
1482 3769 1756 3840 sigillatim
1790 3774 2163 3842 unusquisque

593 3862 660 3917 ad
688 3862 973 3917 sanitatem
1011 3868 1296 3916 revocatus
1320 3871 1425 3923 est,
1446 3861 1496 3915 in
1522 3862 1755 3916 animam
1794 3872 1937 3917 tuam
1963 3879 2160 3933 conge-

594 3968 701 4010 res.
739 3951 868 4007 Illud
896 3953 1053 4009 modo
1083 3968 1277 4010 caveas
1297 3992 1313 4018 ,
1342 3967 1407 4007 ne
1440 3953 1629 4022 gratiae
1663 3970 1969 4009 mensuram
2009 3959 2161 4026 igno-

592 4060 702 4112 res,
734 4058 867 4100 neve
894 4046 990 4101 tibi
1029 4060 1221 4101 somno
1255 4046 1455 4113 dedito,
1484 4060 1549 4101 ac
1581 4045 1721 4101 male
1760 4059 1976 4111 securo,
2014 4048 2159 4103 ziza-

594 4138 682 4191 nia
730 4136 901 4192 hostis
932 4136 1323 4207 superseminet
1355 4136 1420 4187 ⁸².
1462 4134 1596 4190 illud
1646 4136 1807 4191 modo
1834 4137 2117 4205 provideas
2142 4176 2159 4201 .

593 4244 682 4295 ne,
709 4227 943 4298 puritate
971 4237 1062 4283 tua
1087 4226 1286 4283 diaboli
1333 4226 1589 4281 invidiam
1629 4226 1870 4290 subiens.
1904 4235 1956 4283 te
1985 4228 2157 4298 ipsum

589 4335 780 4378 rursus
800 4335 896 4388 per
919 4331 1197 4390 peccatum
1224 4318 1587 4374 miserabilem
1611 4318 1825 4373 reddas.
1851 4318 1983 4373 Illud
2004 4321 2159 4375 modo

590 4414 795 4481 videas,
827 4430 895 4470 ne
928 4424 1150 4485 propter
1174 4414 1372 4468 bonum
1414 4427 1549 4482 opus
1578 4410 1823 4466 eﬂusiori
1858 4410 2040 4466 laetitia
2068 4427 2159 4482 ge-

590 4508 782 4574 stiens,
812 4517 975 4577 atque
999 4506 1283 4561 immodice
1306 4504 1483 4557 elatus
1498 4517 1743 4564 corruas,
1770 4503 1894 4555 dum
1922 4502 1972 4555 in
1994 4501 2159 4556 altum

590 4600 820 4657 en‘erris.
862 4600 992 4655 illud
1028 4600 1186 4654 modo
1218 4612 1411 4661 cures,
1448 4606 1506 4647 ut
1542 4595 1915 4664 purgationem
1952 4607 2162 4681 summo

2261 1674 2400 1728 ἀλλὰ
2429 1675 2537 1728 τῶν
2564 1675 2737 1730 ἄλλων
2780 1677 3303 1749 εὐγνωμονέστερος.
3360 1678 3703 1747 Ἀσφάλισαι,
3744 1682 3808 1751 μὴ

2265 1766 2426 1821 πάλιν
2443 1766 2629 1830 κακῶς
2646 1766 2967 1840 ὲξανθήσῃς,
2993 1769 3086 1821 καὶ
3099 1768 3538 1839 δυσθεράπευτον
3562 1770 3697 1835 ἔξεις
3712 1773 3810 1843 (76)

2261 1857 2360 1930 τὴν
2400 1860 2716 1930 ἀνωμαλίαν
2758 1859 2854 1912 τοῦ
2892 1860 3164 1930 σώματος.
3202 1861 3402 1932 Πρώην
3433 1860 3677 1933 ὲξήραινέ
3712 1864 3808 1933 (77)

2265 1964 2360 2000 σου
2399 1947 2500 2019 τὴν
2546 1951 2703 2019 χεῖρα
2758 1950 3082 2020 μικρολογία
3114 1950 3209 2003 καὶ
3256 1950 3549 2019 φειδωλία’
3597 1955 3811 2026 σήμερον

2262 2040 2556 2093 ὲκτεινάτω
2592 2041 2877 2113 μετάδοσις
2910 2042 3004 2096 καὶ
3046 2041 3448 2114 φιλανθρωπία.
3480 2044 3631 2115 Καλὴ
3666 2044 3811 2116 θερα-

2267 2131 2397 2184 πεία
2438 2132 2621 2203 χειρὸς
2659 2133 3081 2204 ἀρρωστούσης,
3119 2134 3465 2206 σκορπίζειν,
3496 2136 3684 2189 διδόναι
3713 2141 3811 2201 τοῖς

2263 2223 2521 2294 πένησιν,
2566 2223 2840 2290 ἐξαντλεῖν
2881 2217 2957 2277 ὧν
2999 2224 3195 2295 ἔχομεν
3237 2224 3508 2295 δαψιλῶς,
3542 2227 3721 2299 μέχρις
3754 2228 3811 2281 ἂν

2263 2314 2361 2366 καὶ
2396 2312 2495 2366 τοῦ
2528 2314 2804 2384 πυθμένος
2840 2314 3106 2385 ἁψώμεθα
3143 2315 3293 2383 (ἴσως
3328 2317 3427 2369 καὶ
3458 2310 3611 2380 οὗτος
3652 2317 3810 2387 πηγὰ-

2265 2420 2348 2457 σει
2374 2420 2456 2456 σοι
2484 2404 2722 2474 τροφὴν,
2750 2403 3000 2475 καθάπερ
3028 2408 3092 2476 τῇ
3123 2404 3409 2476 Σαραφθίᾳ
3428 2446 3440 2469 ,
3472 2407 3566 2459 καὶ
3594 2407 3807 2477 μάλιστα

2262 2497 2313 2549 εί
2358 2494 2544 2566 τύχοις
2587 2495 2700 2566 (78)
2751 2496 2937 2549 Ἠλίαν
2982 2496 3313 2569 τρέφουσα),
3362 2499 3539 2568 καλὴν
3578 2500 3811 2571 εὐπορίαν

2264 2585 2487 2653 εἰδέναι,
2517 2586 2577 2639 τὸ
2608 2586 2697 2639 διὰ
2728 2587 2963 2657 Χριστὸν
2995 2587 3249 2657 ἀπορεῖν,
3283 2587 3374 2641 τὸν
3405 2588 3475 2642 δι’
3509 2591 3650 2660 ἡμᾶς
3677 2608 3805 2643 πτω-

2270 2677 2559 2748 χεύσαντα.
2595 2679 2657 2731 Ei
2685 2678 2866 2748 κωφὸς
2891 2675 3035 2749 ἦσθα
3065 2681 3158 2732 καὶ
3186 2679 3418 2746 ἄλαλος,
3452 2683 3481 2735 ὁ
3515 2682 3677 2751 Λόγος
3736 2686 3808 2736 ἐν·

2262 2768 2523 2839 ηχησόιτω
2536 2785 2637 2821 σοι·
2668 2770 2865 2839 μᾶλλον
2891 2769 2946 2821 δὲ
2971 2771 3212 2841 κάτασχε
3235 2771 3327 2824 τὸν
3351 2773 3703 2844 ἐνηχήσαντα.
3730 2773 3809 2843 Μὴ

2266 2860 2483 2931 κλείσῃς
2510 2860 2580 2912 τὰ
2602 2854 2716 2914 ὦτα
2742 2860 2880 2931 πρὸς
2903 2862 3152 2915 παιδείαν
3178 2863 3384 2934 Κυρίου
3412 2864 3507 2917 καὶ
3532 2864 3807 2927 νουθεσίαν,

2266 2951 2340 3015 ὡς
2366 2952 2532 3015 ἀσπὶς
2561 2951 2696 3023 πρὸς
2724 2954 3039 3025 ὲπᾴσματα.
3071 2955 3134 3007 Et
3163 2955 3363 3025 τυφλὸς
3389 2958 3488 3009 καὶ
3511 2956 3806 3025 ἀφώτιστος.

2266 3042 2499 3111 φώτισον
2552 3046 2676 3108 τοὺς
2737 3044 3043 3116 ὀφθαλμούς
3096 3064 3200 3112 σουι
3270 3048 3344 3117 μή
3397 3065 3528 3101 ποτε
3577 3048 3807 3117 ὁπνώσης

2263 3136 2340 3195 είς
2402 3132 2637 3188 θάνατον.
2707 3134 2794 3189 Ἐν
2850 3136 2930 3207 τῷ
2978 3139 3118 3206 φωτὶ
3177 3138 3385 3209 Κυρίου
3453 3138 3638 3192 θέασαι
3688 3139 3805 3208 φῶς,

2263 3226 2322 3278 ὲν
2361 3224 2440 3295 τῷ
2484 3226 2758 3296 Πνεύματι
2791 3226 2885 3279 τοῦ
2919 3227 3053 3280 Θεοῦ
3094 3229 3184 3284 τὸν
3225 3229 3354 3284 Υίὸν
3400 3230 3723 3299 αὺγάσθητι,
3755 3229 3808 3280 τὸ

2262 3316 2482 3387 τρισσὸν
2527 3316 2644 3385 φῶς
2686 3317 2780 3371 καὶ
2811 3317 3125 3390 ἀμέριστον.
3169 3320 3295 3376 Ἐὰν
3333 3321 3458 3376 ὅλον
3490 3321 3691 3395 είσδέξῃ
3729 3321 3807 3373 τὸν

2263 3407 2433 3475 Λόγον
2454 3434 2483 3471 ,ν
2505 3408 2685 3471 πάσας
2706 3407 2806 3474 τὰς
2833 3410 3075 3481 Χριστοῦ
3107 3410 3402 3483 θεραπείας
3434 3415 3525 3467 ἐπὶ
3557 3413 3648 3485 τὴν
3672 3430 3809 3465 σεαυ-

2262 3497 2359 3550 τοῦ
2390 3500 2638 3566 συνάξεις
2662 3501 2870 3573 ψυχὴν,
2898 3502 2963 3566 ἃς
2992 3503 3135 3558 κατά
3166 3504 3331 3576 μέρος
3357 3504 3589 3569 ἕκαστος
3614 3503 3809 3575 τεθερά-

2267 3608 2484 3645 πευται.
2524 3593 2701 3646 Μόνον
2730 3595 2805 3664 μὴ
2835 3595 3111 3666 ἀγνοήσῃς
3138 3595 3198 3649 τὸ
3224 3597 3425 3667 μέτρον
3452 3600 3549 3670 τῆς
3574 3600 3805 3670 χάριτος·

2267 3682 2424 3753 μόνον
2472 3681 2546 3754 μὴ
2591 3683 2905 3737 καθεύδοντί
2950 3702 3032 3738 σοι
3072 3687 3167 3739 καὶ
3212 3688 3601 3759 ἀμεριμνοῦντι
3645 3688 3808 3750 κακῶς

2262 3774 2556 3845 ἑπισπείρῃ
2591 3776 2620 3827 ό
2657 3774 2849 3846 ἐχθρὸς
2877 3775 2946 3829 τὰ
2981 3775 3224 3841 ζιζάνιαο
3260 3779 3419 3849 μόνον
3450 3781 3719 3850 ἐπίφθονος
3739 3779 3808 3851 τῷ

2263 3865 2487 3936 πονηρῷ
2508 3864 2747 3934 γεγονὼς
2773 3866 2863 3920 διὰ
2882 3866 2979 3939 τὴν
3002 3868 3369 3941 καθαρότητα,
3398 3872 3475 3944 μὴ
3499 3873 3652 3927 πάλιν
3671 3890 3810 3926 σεαυ-

2261 3957 2352 4010 τὸν
2393 3957 2626 4011 ἐλεεινὸν
2664 3959 3014 4031 καταστήσῃς
3051 3959 3141 4013 διὰ
3176 3960 3278 4031 τῆς
3314 3963 3585 4037 ἁμαρτίας
3607 3983 3620 3994 ’
3664 3964 3807 4033 μόνον

2267 4048 2340 4120 μὴ
2367 4048 2446 4119 τῷ
2478 4049 2670 4119 ἀγαθῷ
2696 4050 3015 4122 περιχαρεὶς
3041 4052 3174 4123 (79),
3198 4056 3294 4107 καὶ
3321 4055 3558 4125 ὑψωθεὶς
3583 4057 3803 4127 ἄμετρα,

2263 4140 2583 4211 καταπέσῃς
2622 4141 2681 4195 ὲν
2723 4140 2802 4212 τῷ
2845 4143 3151 4214 ἐπαρθῆναι
3176 4162 3189 4175 ·
3229 4145 3394 4215 μόνον
3433 4148 3519 4201 ἀεί¹
3555 4147 3805 4216 φιλοπόνει

2191 4230 2359 4316 υτὴν
2418 4230 2717 4302 κάθαρσιν,
2760 4232 3057 4297 ἀναϐάσεις
3110 4236 3168 4287 ὲν
3228 4238 3295 4307 τῇ
3361 4239 3559 4324 καρδίᾳ
3614 4237 3804 4308 τιθέμεο

2264 4338 2352 4383 νος
2400 4320 2548 4391 (80)°
2598 4324 2699 4393 καὶ,
2733 4318 2803 4397 ἦς
2873 4324 3062 4396 ἔτυχες
3101 4327 3241 4381 κατά
3294 4318 3501 4399 δωρεὰν
3550 4331 3804 4398 ἀφέσεως.

2263 4413 2469 4485 ταύτην
2497 4416 2789 4486 ἐπιμελείᾳ
2824 4420 3193 4491 συντήρησοψ
3224 4420 3311 4474 ἵνα
3342 4420 3401 4474 τὸ
3432 4422 3530 4492 μὲν
3557 4418 3804 4490 ἀφεθῆναί

2269 4520 2349 4556 σοι
2391 4506 2543 4577 παρά
2569 4507 2704 4560 Θεοῦ
2725 4548 2741 4572 ,
2770 4508 2831 4562 τὸ
2861 4509 2918 4562 δὲ
2957 4510 3393 4584 συντηρηθῆναι,
3424 4516 3519 4569 καὶ
3551 4512 3692 4587 παρὰ
3720 4511 3803 4566 σοῦ

2267 4597 2491 4669 γένηται
2531 4599 2663 4670 (8i).

590 4693 770 4747 studio
820 4690 1069 4745 excolere
1108 4703 1380 4759 nunquam
1424 4689 1791 4752 intermittas,
1818 4686 2161 4741 ascensiones
2200 4686 2253 4741 in
2323 4691 2487 4745 corde
2551 4701 2641 4747 tuo
2675 4693 2964 4763 disponens
2985 4693 3066 4759 ⁸³;
3114 4704 3275 4765 atque
3310 4709 3580 4768 acceptam
3616 4698 3698 4753 Dei
3726 4695 3805 4750 be-

591 4784 785 4840 nelicio
812 4792 865 4837 et
894 4783 1066 4852 gratia
1095 4784 1332 4844 veniam,
1362 4796 1491 4837 cura
1526 4789 1581 4835 et
1616 4779 1890 4849 diligentia
1924 4780 2155 4845 tuearis;
2200 4791 2255 4836 ut
2281 4795 2624 4852 peccatorum
2668 4789 2885 4858 quidem
2932 4800 3145 4844 tuorum
3210 4790 3455 4848 remissio
3515 4809 3543 4847 a
3566 4792 3669 4848 Deo
3692 4805 3802 4862 pro.

590 4876 884 4937 ﬁciscatnr,
936 4886 1121 4928 verum
1175 4871 1511 4927 remissionis
1551 4871 1925 4932 conservatio,
1980 4883 2046 4923 ex
2101 4881 2151 4923 te
2188 4885 2400 4943 quoque
2430 4877 2519 4930 sit.

659 5013 705 5043 “
761 5011 903 5065 Psal.
937 5027 1103 5071 van.
1146 5012 1196 5063 7.
1268 5010 1313 5040 "
1342 5009 1473 5063 Luc.
1497 5024 1629 5071 ml,
1663 5007 1729 5061 12
1767 5023 1884 5075 sqq.

1984 5008 2030 5039 “
2070 5007 2197 5079 Luc.
2227 5010 2375 5071 v1.6.
2452 5010 2495 5042 ⁸⁷
2526 5010 2585 5063 Ill
2610 5009 2739 5077 Reg.
2780 5027 2911 5071 xvtt.
2934 5011 2988 5065 9.
3065 5010 3111 5042 ⁸⁸
3137 5010 3304 5066 Marc.
3333 5029 3425 5079 vn,
3452 5015 3538 5069 52.
3608 5017 3653 5048 δ’
3688 5013 3799 5067 Luc.

591 5096 746 5147 xvtu,
775 5082 864 5135 '55.
939 5083 987 5113 ⁸ο
1010 5081 1148 5137 l’sal.
1182 5096 1277 5144 xu,
1314 5079 1367 5131 4.
1443 5080 1487 5110 ⁵³
1519 5078 1661 5132 Psal.
1682 5093 1843 5142 xxxv,
1873 5075 1958 5132 10.
2032 5078 2079 5109 ⁸¹
2106 5077 2291 5136 Matth.
2329 5096 2449 5144 xm,
2476 5080 2565 5135 ‘25.
2642 5075 2864 5136 InhPsal.
2893 5096 3119 5145 Lxxxttt,
3142 5082 3193 5135 θ.

660 5204 774 5273 (74)
803 5203 1245 5272 Κατασφιγγῇς.
1275 5204 1365 5256 Sic
1389 5212 1617 5271 quatuor
1641 5190 1943 5271 liegg.,0r.
1975 5202 2023 5268 l,
2042 5215 2146 5257 etc.

589 5275 645 5327 in
683 5276 790 5344 ed.,
821 5273 1243 5344 κατασφιγχθῇς.

658 5343 772 5415 (775)
798 5342 952 5415 Γνῶ.
979 5342 1143 5415 Coisl.
1174 5342 1230 5415 '1',
1259 5343 1423 5413 γνῷς.

660 5413 774 5485 (76⁷)
802 5413 1028 5485 νἘξεις.
1059 5413 1394 5485 Βιιομιῖρεεη
1423 5414 1550 5485 ἔχῃς

662 5484 774 5554 (7'1)
799 5483 1130 5552 Ἐξήραινε.
1170 5482 1303 5553 Reg.
1338 5486 1405 5553 ph
1440 5482 1778 5538 et'lJasilieu.
1821 5484 1977 5548 edit.,
2024 5482 2148 5552 ἐξή-

807 5626 1029 5693 Τύχοις.
1063 5623 1118 5695 In
1159 5623 1445 5695 tiounullis,
1471 5626 1655 5695 τυχῇς.

662 5692 773 5762 (79)
814 5692 1173 5763 Περιχσρείς.
1211 5693 1338 5763 Reg.
1374 5694 1483 5759 bm,
1515 5692 1833 5764 περιχαρῇς.

2480 5208 2801 5285 Τιθέμετός.
2835 5210 2964 5285 Reg.
2998 5210 3105 5285 Iun,
3136 5210 3546 5285 ἐπιτιθέμενος..
3593 5274 3602 5285 ο

2328 5280 2442 5349 (81)
2479 5271 2778 5348 Καίπαρᾶ
2810 5271 3218 5348 σοῦ’γέιυηται.
3256 5271 3407 5333 Deest
3457 5276 3546 5331 καί
3592 5274 3639 5326 in
3680 5271 3796 5349 Reg.

2299 5349 2352 5402 ιι.
2385 5348 2569 5403 Billius
2595 5350 2839 5417 inprima
2875 5350 3143 5403 editione:
3176 5368 3195 5400 ε
3238 5349 3330 5403 tibi
3375 5364 3435 5402 ex
3468 5354 3615 5417 parte
3646 5348 3795 5393 ascri-

2278 5429 2435 5473 iatur.
2472 5439 2490 5492 ρ
2529 5418 2585 5472 in
2622 5415 2850 5492 secunda
2891 5435 2905 5470 :
2946 5437 2963 5468 ε
3004 5430 3112 5470 tum
3144 5420 3285 5492 (tua),
3310 5433 3517 5492 quoque
3547 5415 3710 5492 aliqua
3740 5421 3795 5458 «λι

2259 5498 2408 5555 parte
2438 5490 2592 5562 sit.__»
2640 5488 2782 5562 Nihil
2814 5502 3029 5562 necesse
3059 5497 3177 5542 erat
3212 5484 3445 5562 addere,
3480 5504 3499 5535 ι
3541 5484 3793 5562 a_li}l“",“‘;"

2260 5548 2432 5624 parte.
2478 5578 2495 5609 ι
2525 5558 2642 5613 Νοη
2676 5558 2818 5613 enim
2855 5557 2992 5612 Deus
3024 5571 3119 5611 nos
3148 5558 3317 5611 salvat
3346 5548 3460 5612 sine
3497 5554 3663 5627 nobis.
3690 5548 3793 5627 [ffi-

2260 5618 2344 5680 iua
2370 5629 2540 5697 gratia
2576 5628 2692 5682 sine
2717 5626 2899 5694 nobis;
2931 5627 3099 5682 altera
3126 5644 3228 5682 non
3261 5641 3478 5697 prorsus
3500 5625 3612 5677 sine
3640 5618 3795 5676 nobis.

2257 5698 2347 5752 sed
2376 5698 2538 5754 etiam
2574 5713 2603 5753 a
2632 5699 2811 5752 nobis.
