4050 6298
371 260 473 316 409

1279 262 1537 319 ORATIO
1577 263 1687 318 XL.
1730 297 1799 306 —
1837 263 1904 318 IN
1946 265 2271 322 SANCTUM
2311 268 2678 324 BAPTISMA.

3494 277 3604 329 ιιυ

439 370 561 424 AE'.
602 369 898 442 Γενήσεται
922 371 978 425 δὲ
1005 370 1151 438 πῶς;
1194 373 1303 426 Ἀεὶ
1329 376 1429 444 τῆς
1458 376 1774 446 παραϐολῆς
1794 377 1933 430 ὲκεί-

2106 378 2326 434 XXXV.
2350 380 2625 447 Quomodo
2664 390 2843 436 autem
2878 384 2930 438 .d
2961 384 3307 455 assequeris?
3354 384 3463 441 Fac
3508 388 3602 442 tibi

368 478 468 533 νης
509 462 789 533 μέμνησο,
825 463 922 516 κα)¹
961 464 1171 534 σεαυτῷ
1205 464 1492 537 βοηθήσεις
1523 466 1721 538 ἀριστὰ
1755 484 1815 520 τε
1844 469 1935 522 καὶ

367 553 697 608 τελεώτατα.
766 555 1019 625 Ἐξῆλθεν
1071 556 1179 609 ἀπὸ
1232 556 1325 609 σοῦ
1375 558 1437 610 τὸ
1482 557 1789 628 ἀκάθαρτον
1844 558 1937 610 καὶ

368 646 556 701 ὑλικὸν
598 646 850 717 πνεῦμα,
882 646 1107 715 διωχθὲν
1143 646 1221 716 τῷ
1262 646 1616 717 βαπτίσματι.
1664 648 1739 700 Οὐ
1781 646 1937 717 φέρει

364 739 459 791 τὸν
490 738 730 808 διωγμόν
756 752 770 766 °
798 738 860 790 ού
884 737 1098 807 δέχεται
1127 737 1236 809 (82)
1269 737 1452 792 ἄοικον
1508 733 1646 790 εἶναι
1702 738 1795 790 καὶ
1823 738 1936 807 ίάν-

364 832 567 887 έστιον.
638 831 944 905 Πορεύεται
970 832 1037 885 δι’
1066 832 1309 902 ἀνύδρων
1362 832 1563 896 τόπων,
1611 832 1706 885 καὶ
1757 830 1937 901 ξηρῶν

362 922 517 985 θείας
531 923 813 993 ὲπιρῤοῆς’
844 923 961 975 ἐκεῖ
986 921 1351 993 φιλοχωρῆσαι
1379 921 1643 992 βούλεται⁸
1671 922 1936 974 πλανᾶται.

359 1012 564 1084 ζητοῦν
606 1014 948 1078 ἀνάπαυσιν,
999 1013 1098 1083 οὐχ
1152 1013 1430 1084 εύρίσκει’
1481 1012 1937 1083 βεϐαπτισμέναις

359 1103 689 1174 ἐντυγχάνει
723 1104 923 1175 ψυχαῖς
943 1144 961 1171 ,
991 1097 1067 1156 ὧν
1099 1104 1198 1175 τὴν
1231 1102 1429 1156 κακίαν
1465 1103 1527 1155 τὸ
1591 1102 1813 1172 λουτρὸν
1850 1102 1938 1167 ἐξ·

364 1196 613 1248 έκλυσεν⁸
647 1195 893 1265 φοϐεῖται
933 1196 995 1247 τὸ
1016 1194 1179 1265 ὕδωρο
1204 1193 1527 1264 ὲμπνίγεται
1548 1194 1614 1264 τῇ
1639 1192 1931 1263 καθάρσει,

365 1278 621 1357 καθάπερ
647 1287 675 1337 ὁ
722 1286 942 1354 Λεγεὼν
975 1288 1043 1358 τῇ
1084 1285 1349 1356 θαλάσσῃ.
1398 1284 1567 1338 Πάλιν
1609 1285 1936 1355 ὑποστρέφει

371 1377 509 1447 πρὸς
542 1378 639 1430 τὸν
663 1377 776 1441 (85)
804 1373 951 1430 οἶκον
969 1418 982 1438 ,
1010 1378 1130 1430 ὅθεν
1154 1376 1520 1447 ἀνεχώρησεν.
1558 1377 1937 1448 ’Δναίσχυντόθ

368 1469 486 1519 ἐστι
509 1509 524 1533 ,
560 1468 866 1537 φιλόνεικον
900 1471 1044 1534 ἐστι,
1084 1468 1409 1540 προσϐάλλει
1451 1468 1644 1532 πάλιν,
1682 1472 1935 1541 πειρᾶται

366 1558 550 1611 πάλιν.
600 1559 726 1611 Ἐἀν
763 1559 862 1629 μὲν
904 1559 1042 1632 εὕρῃ
1088 1560 1319 1631 Χριστὸν
1363 1559 1797 1623 είσοικισθέντα,
1843 1562 1937 1615 καὶ

365 1646 732 1717 πληρώσαντα
769 1650 870 1721 τὴν
912 1650 1095 1721 χώραν
1172 1651 1241 1720 ἣν
1282 1647 1443 1713 αὐτὸς
1486 1650 1782 1703 ἐκένωσεν·
1830 1652 1937 1704 ἀπ-

2038 470 2293 539 parabole
2319 470 2403 523 illa
2437 485 2648 540 semper
2678 472 2729 524 in
2758 473 2941 527 animo
2962 473 3251 541 ha:reat,ct
3279 474 3371 529 tibi
3402 478 3604 543 optimc

2036 576 2102 614 ac
2127 560 2569 630 prmstantissime
2622 562 2977 617 consulueris.
3008 564 3255 619 Excessit
3284 581 3315 620 ι
3346 575 3397 621 tc
3424 567 3602 636 impu-

2038 668 2132 706 rus
2159 662 2214 705 et
2245 667 2462 707 crassus
2507 653 2724 720 spiritus
2745 692 2759 715 ,
2789 667 2885 721 per
2926 654 3249 725 baptismum
3290 641 3511 726 ejectns'
3540 673 3604 713 ac

2037 741 2373 812 proﬂigatus.
2427 742 2785 812 Disrutnpitnr
2838 759 2896 799 se
2949 745 3002 798 in
3036 744 3218 815 fugam
3264 748 3600 816 conjectum;

2037 850 2142 889 non
2199 835 2403 905 patitur
2438 850 2496 889 se
2544 836 2701 889 domo
2729 847 2782 890 et
2809 845 2949 891 tecto
2993 839 3472 899 carcre;ambulat
3508 853 3603 906 per

2037 926 2154 980 loca
2190 926 2471 993 inaquosa,
2503 926 2798 994 divinoque
2827 941 2948 981 rore
2975 928 3196 982 minime
3221 928 3467 997 perfusa;
3495 929 3603 983 illic

2037 1015 2358 1070 connnorari
2394 1016 2589 1085 gestit;
2626 1025 2873 1084 vagatur,
2907 1032 3151 1085 qumrens
3198 1020 3465 1086 requiem,
3494 1033 3600 1073 non

2038 1106 2238 1160 invenit
2269 1104 2350 1172 ἰς
2389 1106 2598 1159 animas
2648 1105 2918 1172 baptismo
2967 1108 3308 1177 consignatas
3355 1108 3602 1175 offendit,

2035 1212 2261 1265 quarum
2295 1197 2421 1250 vitia
2452 1196 2653 1251 lotione
2680 1198 2869 1252 obruta
2902 1207 3057 1263 sunt;
3090 1213 3280 1266 aquam
3311 1200 3601 1268 perhorre-

2036 1287 2167 1351 scit;
2220 1286 2457 1340 lustricis
2508 1287 2686 1351 undis,
2714 1302 2819 1340 non
2859 1302 3015 1341 secus
3055 1303 3118 1342 ac
3148 1287 3313 1358 Legio
3353 1288 3597 1353 marinis,

2034 1374 2326 1430 suﬂocatnr
2356 1376 2423 1431 ⁸⁸.
2455 1376 2680 1442 Rursus,
2716 1377 2768 1430 in
2806 1376 3023 1431 domum
3044 1417 3059 1443 ,
3090 1392 3120 1433 e
3144 1392 3246 1447 qua
3270 1388 3563 1433 recesserat
3583 1416 3599 1441 ,

2037 1467 2344 1521 revertitur.
2387 1467 2673 1537 Imprudens
2723 1477 2826 1532 est,
2861 1468 3115 1537 pervicax
3143 1477 3247 1534 est,
3289 1483 3476 1523 rursus
3504 1470 3604 1522 im-

2037 1565 2217 1626 petum
2262 1558 2415 1622 facit,
2442 1574 2631 1612 rursus
2661 1569 2848 1613 tentat.
2880 1560 2957 1614 Ac
2994 1560 3038 1614 si
3083 1559 3298 1628 quidem
3331 1559 3601 1613 Christum

2040 1649 2091 1703 in
2126 1664 2189 1703 ea
2224 1650 2615 1705 inbabitantem
2660 1651 2964 1717 invenerit,
2995 1660 3049 1705 et
3078 1650 3252 1705 locum
3299 1666 3456 1720 quem
3513 1666 3603 1705 va-

362 1738 637 1810 εκρούσθη
684 1740 882 1804 πάλιν,
934 1740 1174 1812 ἀπῆλθεν
1218 1724 1777 1811 ἄπρακτον,ἐλεεινὸν
1821 1742 1933 1812 (84)

2037 1755 2197 1796 cuum
2228 1740 2537 1810 reliquerat,
2559 1744 2625 1797 ab
2651 1756 2715 1815 eo
2740 1742 3050 1811 impletum;
3081 1757 3267 1797 rursus
3289 1741 3603 1811 propellitur

361 1828 585 1895 ἐγένετο
625 1831 726 1900 τῆς
767 1831 1230 1903 περιπλανήσεως.
1297 1832 1418 1886 Ἐὰν
1456 1832 1514 1885 δὲ
1556 1833 1932 1905 σεσαρωμένον

362 1919 460 1972 καὶ
486 1922 905 1992 κεκοσμημένον
939 1924 1030 1977 τὸν
1051 1926 1109 1978 ἑν
1137 1926 1218 1978 σοὶ
1242 1925 1405 1978 τόπον
1439 1923 1609 1997 εὕρῃ,
1645 1925 1799 1977 κενὸν
1835 1926 1930 1978 καὶ

359 2013 679 2085 ἄπρακτον,
720 2017 936 2070 ἕτοιμον
971 2017 1162 2088 ἐπίσης
1211 2017 1347 2090 πρὸς
1394 2016 1655 2087 ὑποδοχὴν
1699 2016 1851 2068 τοῦδε
1892 2017 1924 2087 ἢ

359 2105 518 2159 τοῦδε
544 2107 638 2160 τοῦ
667 2108 1195 2179 προκαταλαϐόντος,
1224 2109 1604 2179 εἰσεπήδησεν,
1636 2107 1930 2178 εἰσῳκίσθη

362 2198 508 2265 μετά
545 2199 791 2263 πλείονος
822 2200 924 2271 τῆς
957 2201 1341 2271 παρασκευῆς,
1365 2201 1458 2253 καὶ
1483 2199 1692 2267 γίνεται
1728 2199 1839 2270 (85)
1864 2199 1931 2253 τά

358 2284 567 2357 ἔσχατα
599 2289 821 2360 χείρονα
854 2290 961 2343 τῶν
1023 2291 1305 2362 προτέρων
1362 2289 1495 2358 (86),
1524 2290 1635 2359 ὅσῳ
1672 2290 1793 2343 τότε
1835 2292 1934 2361 μὲν

356 2378 520 2441 ἐλπὶς
552 2377 620 2450 ἧν
650 2380 988 2450 διορθώσεως
1015 2399 1074 2435 τε
1103 2384 1196 2435 καὶ
1226 2382 1528 2450 ἀσφαλείας
1565 2382 1678 2452 (87)
1703 2399 1715 2412 ο
1747 2382 1841 2436 νῦν
1877 2382 1934 2435 δὲ

358 2469 694 2541 ⁸πρόδηλοςὴ
740 2473 937 2535 κακία,
966 2476 1033 2543 τῇ
1078 2476 1224 2544 φυγῇ
1263 2473 1358 2526 τοῦ
1400 2472 1567 2527 καλοῦ
1598 2474 1660 2525 τὸ
1702 2472 1934 2544 πονηρὸν

355 2563 599 2618 ’ἑλκουσα
622 2581 637 2597 ·
670 2566 764 2619 καὶ
786 2564 874 2618 διὰ
896 2564 1053 2618 τοῦτο
1088 2564 1408 2636 βεϐαιοτέρα
1438 2564 1548 2635 (88)
1583 2563 1660 2635 τῷ
1688 2564 1935 2636 οίκήτορι

355 2654 396 2721 ἡ
422 2652 772 2723 κατάσχεσις.

2033 1842 2085 1885 ct
2113 1831 2475 1900 propulsatur,
2507 1832 2717 1888 infectis
2743 1834 2901 1888 rebus
2926 1835 3172 1898 discedit,
3203 1833 3600 1887 obcrrationis-

2031 1939 2135 1993 que
2168 1926 2385 1978 nomine
2410 1925 2578 1978 miser
2626 1933 2681 1978 et
2722 1923 3070 1978 calamitosus
3109 1922 3345 1978 exsistit.
3371 1921 3466 1976 Sin
3506 1936 3603 1974 au-

2033 2024 2140 2069 tem
2174 2015 2366 2070 animae
2395 2025 2495 2069 tua:
2530 2014 2709 2070 sedem
2731 2055 2745 2077 ,
2769 2014 3185 2084 scopis-quidem
3218 2012 3523 2066 mnndatam
3546 2018 3603 2066 et

2034 2116 2279 2160 ornatam
2303 2148 2318 2173 ,
2360 2117 2611 2162 caeterum
2644 2122 2864 2161 vacuam
2920 2117 2975 2163 et
3021 2106 3294 2169 inertem,
3335 2114 3494 2173 atque
3532 2104 3597 2155 ad

2034 2196 2175 2249 hunc
2203 2206 2289 2249 aut
2334 2196 2478 2250 illum
2510 2195 2906 2266 excipiendum,
2938 2205 3054 2250 uter
3086 2194 3298 2249 tandem
3346 2193 3493 2261 prior
3518 2191 3601 2244 in-

2034 2286 2253 2348 vaserit,
2294 2301 2447 2355 neque
2482 2294 2850 2354 comparatam
2882 2284 3177 2353 repererit,
3220 2285 3272 2336 in
3311 2297 3432 2337 eam
3467 2282 3600 2335 insi-

2033 2375 2147 2441 liet,
2194 2377 2358 2446 720
2414 2386 2467 2432 et
2527 2392 2653 2431 cum
2700 2376 2888 2444 majori
2942 2385 3200 2446 apparatu
3249 2373 3598 2443 immigrabit,

2034 2469 2271 2537 ﬁentque
2307 2468 2598 2523 novissima
2632 2477 2781 2523 tanto
2835 2468 3019 2537 pejora
3069 2466 3371 2535 prioribus.
3400 2474 3601 2534 quanto

2033 2559 2246 2628 quidem
2276 2568 2385 2612 tum
2410 2558 2800 2615 emendationis
2845 2568 2900 2614 et
2930 2558 3161 2628 przesidii
3202 2573 3229 2611 a
3278 2556 3601 2625 baptismate

2032 2665 2157 2719 spes
2201 2660 2316 2704 erat
2365 2669 2377 2703 :
2432 2665 2573 2705 nunc
2628 2660 2809 2705 antem
2875 2649 3155 2720 perspicua
3211 2657 3264 2700 et
3317 2643 3598 2700 manifesta

353 2755 445 2799 est
498 2748 755 2816 pravitas,
806 2762 901 2816 per
948 2746 1071 2802 boni
1121 2745 1296 2816 fugam
1329 2745 1526 2800 malum
1572 2745 1891 2813 attraltens;
1932 2744 2001 2799 ob
2026 2746 2187 2814 idque
2216 2747 2424 2802 Ilrmior
2445 2747 2555 2815 jam
2590 2756 2644 2802 et
2686 2746 2931 2803 stabilior
2983 2746 3268 2801 habitatori
3301 2743 3593 2815 possessio.

428 2860 567 2925 AG’.
611 2860 779 2913 Πάλιν
824 2860 1123 2932 ὑπομνήσω
1176 2876 1235 2913 σε
1284 2861 1393 2914 τῶν
1449 2861 1778 2931 φωτισμῶν,
1834 2861 1930 2914 καὶ

2106 2860 2344 2916 XXXVI.
2376 2862 2580 2915 Rursus
2611 2862 2906 2925 enimvero,
2949 2876 3013 2916 ac
3055 2862 3248 2929 sepius
3284 2860 3378 2915 tibi
3418 2859 3601 2913 Lumi-

359 2951 624 3015 πολλάκις
651 2955 715 3004 ὲκ
736 2951 845 3005 τῶν
871 2952 1029 3005 θείων
1049 2953 1243 3022 λογίων
1265 2952 1489 3016 τούτους
1510 2953 1930 3024 ἀναλεγόμενος.

357 3042 532 3105 Αὐτός
548 3059 607 3095 τε
635 3042 1117 3114 γάρήδίωνὲσομαι
1139 3046 1205 3115 τῇ
1228 3044 1432 3097 τούτων
1460 3046 1647 3117 μνήμῃ
1667 3085 1683 3108 ,
1714 3045 1787 3116 (τί
1818 3045 1928 3117 γὰρ

358 3135 538 3205 φωτὸς
567 3127 856 3207 ήδύτερον,
883 3140 997 3198 τοῖς
1042 3136 1218 3203 φωτὸς
1256 3134 1367 3206 (89)
1399 3136 1801 3206 γευσαμένοις;)
1839 3136 1933 3190 καὶ

366 3229 426 3280 σὲ
453 3227 850 3299 περιαστρὰψω
876 3230 988 3290 τοῖς
1014 3226 1351 3297 λεγομένοις.
1382 3226 1511 3293 Φῶς
1540 3228 1643 3299 μὲν
1667 3228 1933 3282 ἀνέτειλε

363 3318 446 3384 τῷ
474 3318 713 3385 δικαίῳ,
747 3319 840 3370 καὶ
874 3319 905 3387 ἡ
935 3316 1127 3371 τούτου
1161 3315 1392 3385 σύζυγος
1421 3317 1727 3388 εὐφροσύνη
1752 3332 1765 3346 ⁸
1803 3318 1933 3383 Φῶς

360 3412 421 3464 δὲ
445 3410 696 3476 δικαίοις
716 3409 813 3463 διὰ
838 3411 1085 3475 παντός.
1112 3408 1377 3474 Φωτίζεις
1395 3408 1451 3461 δὲ
1476 3408 1556 3462 σὺ
1578 3408 1933 3479 θαυμαστῶς

362 3500 483 3555 ἀπὸ
516 3499 700 3567 ὀρέων
735 3499 1017 3565 αἰωνίων,
1051 3498 1190 3569 πρὸς
1216 3497 1308 3551 τὸν
1337 3496 1469 3550 Θεὸν
1496 3497 1736 3561 λέγεται’
1768 3500 1933 3567 ἀγγε-

340 3591 559 3657 -λικῶν,
597 3586 782 3661 οἶμαι,
815 3589 1126 3661 δυνάμεων,
1153 3589 1209 3641 αἳ
1246 3587 1600 3661 συνεργοῦσιν
1636 3590 1767 3660 ἡμῖν
1796 3589 1932 3661 πρὸς

363 3684 432 3737 τὰ
462 3684 763 3754 κρείττονα.
798 3683 1011 3750 Κύριος
1030 3682 1089 3735 δὲ
1105 3685 1407 3751 φωτισμός
1424 3699 1565 3751 μου,
1595 3683 1701 3735 παὶ
1723 3682 1925 3750 σωτήρ

366 3792 516 3841 μου·
560 3776 695 3827 τινα
736 3773 1187 3842 φοϐηθήσομαη
1227 3774 1334 3826 Τοῦ
1374 3773 1539 3826 Δαϐὶδ
1577 3774 1816 3844 ἤκουσας
1854 3774 1936 3827 λέ-

366 3884 552 3933 γοντος
574 3884 589 3898 ⁸
620 3866 717 3919 καὶ
751 3865 882 3918 ποτὲ
916 3865 1015 3935 μὲν
1048 3864 1325 3929 αἰτοῦντος
1359 3866 1470 3935 (90)
1502 3865 1932 3936 ἐξαποσταλῆναι

364 3957 423 4011 τὸ
449 3957 565 4027 φῶς
583 3956 734 4026 αὐτῷ
762 3957 855 4010 καὶ
880 3956 978 4026 τὴν
1000 3956 1257 4027 ἀλήθειαν
1278 3974 1291 3988 ·
1319 3956 1448 4010 ποτὲ
1473 3957 1527 4010 δὲ
1550 3957 1932 4027 εὐχαριστοῦν-

364 4066 483 4114 τος,
511 4050 593 4101 ὃτι
624 4050 718 4102 καὶ
747 4048 856 4119 (91)
888 4046 1079 4100 τούτου
1110 4048 1463 4118 μετείληφεν,
1495 4049 1553 4101 ὲν
1586 4048 1664 4119 τῷ
1698 4066 1935 4120 σημειω-

364 4140 521 4211 θῆναι
559 4141 620 4193 τὸ
652 4142 746 4193 τοῦ
776 4138 910 4192 Θεοῦ
959 4139 1075 4207 φῶς
1107 4141 1192 4192 ἐπ’
1231 4140 1424 4207 αὐτὸν,
1467 4140 1747 4193 τουτέστιν
1781 4142 1935 4212 ἐνση-

365 4231 635 4302 μανθῆναι
669 4234 762 4284 καὶ
792 4228 1160 4302 γνωρισθῆναι
1186 4229 1297 4300 (92)
1332 4230 1402 4283 τά
1433 4232 1633 4301 σημεῖα
1656 4230 1755 4300 τῆς
1787 4230 1929 4283 δεδο·

365 4324 533 4395 μένης
575 4323 683 4393 (95)
729 4324 1068 4394 ἐλλάμψεως.
1103 4324 1197 4375 ’Ἑν
1246 4321 1406 4391 μόνον
1450 4321 1565 4391 φῶς
1608 4321 1928 4391 φεύγωμεν,

366 4417 421 4469 τὸ
456 4416 551 4469 τοῦ
590 4416 787 4485 πικροῦ
828 4417 998 4488 πυρὸς
1037 4415 1277 4482 ἔκγονον.
1315 4412 1406 4483 Μὴ
1434 4412 1785 4483 πορευθῶμεν
1817 4413 1927 4485 (94)

368 4507 438 4577 τῷ
477 4508 616 4576 φωτὶ
653 4507 747 4560 τοῦ
786 4508 955 4579 πυρὸς
994 4506 1178 4578 ἡμῶν,
1214 4506 1310 4557 καὶ
1350 4507 1416 4574 τῇ
1450 4504 1606 4574 φλογὶ
1704 4502 1931 4569 ἐξεκαύ-

360 4616 555 4670 σαμεν.
580 4595 709 4652 Οἶδα
731 4598 839 4670 γὰρ
868 4598 979 4669 πῦρ
1031 4598 1143 4669 (95)
1196 4596 1588 4667 καθαρτήριον,
1637 4594 1666 4647 ὃ
1698 4592 1931 4663 Χριστὸς

443 4733 489 4764 ⁸⁸
516 4731 646 4786 an.
675 4748 747 4795 xi,
769 4732 838 4783 24
862 4747 979 4799 sqq.
1058 4732 1102 4763 ⁸⁸
1120 4730 1360 4799 Marc.v,
1386 4727 1419 4782 9
1445 4743 1566 4797 sqq.

361 4818 507 4869 xxvi,
533 4802 583 4857 1.
660 4802 705 4833 ’°
735 4802 880 4856 Psal.
912 4796 1039 4866 sui,
1075 4803 1128 4857 '5.
1204 4801 1246 4831 ⁹¹
1277 4798 1421 4853 Psal.
1469 4796 1539 4863 tv,
1574 4796 1625 4848 7.

433 4956 544 5029 (89)
585 4958 842 5029 Δέχεται.
874 4959 1001 5029 Reg.
1029 4958 1185 5018 Μιιῑ..
1214 4957 1587 5026 καταδέχεται.

432 5027 544 5095 (L5)
584 5027 740 5095 Πρὸς
761 5029 885 5083 τόν.
918 5027 975 5082 In
1002 5029 1290 5092 nonnullis,
1316 5030 1394 5091 είς
1418 5029 1527 5080 τόν.

431 5094 543 5167 (84)
586 5094 944 5167 'Aapaxtor,
1004 5099 1288 5152 ἐλεεινόν.
1357 5098 1448 5167 Sic
1505 5101 1609 5152 duo
1669 5094 1821 5151 Culb.
1877 5104 1926 5150 el

361 5166 602 5240 Coisl._l.
643 5166 696 5240 In
730 5170 840 5240 ed.,
862 5166 1437 5240 ἄπρακτος,ᾼὲλεεινύς.

436 5236 544 5305 (85)
585 5237 693 5291 Καὶ
729 5236 969 5307 γίνεταί.
1008 5241 1098 5293 Sic
1128 5238 1308 5308 plures
1330 5236 1498 5308 Regg.
1524 5246 1578 5291 et
1600 5236 1787 5292 Comb.
1825 5236 1929 5292 Dc-

360 5318 449 5362 est
479 5308 572 5359 καί
602 5311 652 5360 in
689 5310 776 5362 ed.

436 5375 546 5447 (8(3)
582 5375 904 5447 Προτέρων.
946 5374 1001 5428 In
1026 5376 1314 5447 nonnullis,
1343 5376 1593 5447 πρώτων.

438 5445 548 5518 (87)
600 5446 980 5518 Ἀσφαλείας.
1004 5445 1148 5518 )es.,
1178 5445 1512 5518 ἐπιμελείας.

438 5515 551 5651 (88)
586 5517 956 5583 Βεϐαιότερα.
991 5515 1153 5571 Coisl.
1181 5518 1206 5570 1
1244 5515 1412 5583 addit,
1438 5518 1573 5580 πῶς.

464 5584 530 5637 89
589 5586 805 5650 Φωτός.
839 5586 995 5639 lteest
1018 5587 1069 5638 in
1104 5586 1224 5639 Par.

464 5584 551 5650 89)
589 5586 805 5650 Φωτός.
839 5586 995 5639 lteest
1018 5587 1069 5638 in
1104 5586 1224 5639 Par.

439 5653 549 5724 (90)
588 5653 928 5723 Λίτοῦντος.
958 5656 1048 5711 Sic
1075 5666 1184 5712 tres
1210 5656 1399 5719 Rem”
1426 5664 1531 5712 etc.
1558 5654 1614 5710 In
1638 5655 1720 5712 ed.
1746 5654 1939 5717 ctuui‘

1675 4726 1721 4758 ⁵⁸
1744 4724 1888 4779 Psal.
1913 4740 2051 4789 xcvi,
2092 4728 2175 4782 Il.

2034 2970 2160 3008 num
2196 2953 2513 3008 memoriam
2550 2952 2837 3019 refricaho,
2876 2968 2942 3006 ex
2990 2953 3288 3006 litterarum
3322 2965 3597 3004 sacrarum

2035 3044 2397 3100 monumentis
2440 3059 2503 3097 ea
2550 3043 2824 3114 colligens.
2854 3041 2988 3097 Nam
3035 3052 3089 3097 et
3122 3042 3235 3112 ipse
3264 3042 3330 3095 iis
3366 3056 3601 3096 comme-

2035 3137 2309 3191 morandis
2337 3136 2752 3191 exhilarescam.
2785 3135 2945 3206 (Quid
2984 3136 3127 3190 enim
3166 3134 3367 3187 lumine
3392 3132 3599 3187 dulcius

2034 3240 2085 3285 ct
2107 3230 2419 3300 jucundius,
2440 3229 2524 3283 his
2555 3229 2644 3298 qui
2678 3227 2856 3283 lumen
2889 3229 3236 3297 degustarunt
3260 3226 3306 3296 ?)
3331 3226 3393 3279 Et
3417 3224 3601 3279 oculos

2036 3330 2154 3374 tuos
2184 3320 2267 3374 his
2297 3319 2475 3374 verbis
2508 3320 2865 3388 perstringam
2898 3335 2914 3372 :
2942 3318 3060 3371 Lua;
3089 3326 3206 3371 orta
3235 3325 3311 3370 est
3345 3316 3517 3385 justo,
3546 3324 3601 3369 ct

2035 3413 2158 3467 huic
2183 3411 2469 3478 conjuncta
2494 3412 2680 3466 [milia
2700 3412 2779 3476 “;
2824 3422 2877 3467 et
2904 3411 3021 3465 Lux
3050 3412 3202 3481 justis
3232 3413 3371 3463 omni
3404 3418 3599 3477 tempo-

2035 3517 2088 3554 re
2118 3501 2184 3553 ".
2209 3500 2347 3567 Quin
2368 3504 2530 3556 etiam
2555 3502 2771 3571 quidam
2818 3503 2984 3556 Deum
3011 3501 3077 3555 ad
3112 3504 3256 3555 hunc
3284 3501 3498 3553 modum
3526 3498 3602 3552 al"-

2034 3595 2525 3652 I'atur:llluminas
2575 3606 2632 3649 tu
2684 3595 3003 3649 mirabiliter
3053 3611 3086 3647 a
3134 3593 3397 3647 montibus
3446 3601 3601 3645 azter-

2034 3689 2113 3741 nis
2126 3688 2278 3755 "-83;
2316 3688 2417 3742 hoc
2440 3700 2541 3753 est,
2575 3696 2633 3741 ut
2657 3687 2908 3755 opinione
2937 3701 3215 3755 asscqnor,
3245 3684 3312 3738 ab
3344 3681 3601 3753 angelicis

2032 3780 2342 3845 virtutibus,
2370 3795 2489 3849 qua:
2520 3779 2675 3834 nobis
2710 3779 2775 3831 ad
2806 3780 3005 3848 optima
3038 3792 3261 3846 qmequc
3294 3774 3604 3844 adjumento

2034 3881 2179 3925 sunt.
2214 3870 2332 3926 Jam
2364 3870 2620 3925 Daviiletn
2649 3885 2866 3939 quoque
2914 3869 2999 3923 his
3030 3868 3210 3922 verbis
3237 3875 3474 3919 utentem
3501 3878 3605 3916 au-

2037 3962 2155 4017 dis:
2200 3961 2452 4015 Dominus
2499 3961 2817 4014 illuminatio
2865 3974 3015 4022 mea,
3044 3966 3100 4011 et
3130 3954 3374 4010 Salvator
3418 3968 3599 4015 meus,

2033 4069 2183 4122 quem
2212 4054 2399 4106 timebo
2430 4052 2475 4084 ⁸³
2502 4052 2525 4103 ?
2554 4052 2651 4117 Qui
2677 4051 2840 4104 etiam
2876 4064 3018 4103 nunc
3050 4048 3152 4103 sibi
3190 4047 3357 4100 lucem
3410 4054 3465 4097 et
3511 4058 3603 4098 ve-

2037 4145 2249 4198 ritatem
2286 4144 2455 4197 emitti
2501 4141 2834 4209 postulat";
2870 4154 3011 4194 nunc
3046 4139 3114 4192 ob
3140 4153 3258 4191 eam
3286 4136 3384 4189 sibi
3407 4134 3604 4203 imper-

2036 4234 2187 4288 titatn
2220 4234 2422 4303 gratias
2439 4234 2569 4301 agit,
2595 4248 2718 4287 cum
2747 4232 2923 4285 lumen
2945 4230 3037 4284 Dei
3069 4245 3228 4298 super
3254 4245 3311 4281 se
3334 4227 3598 4295 signatum

2035 4324 2261 4378 esse‘ait
2285 4324 2351 4380 ".
2386 4324 2486 4375 hoc
2513 4331 2615 4389 est,
2653 4322 2910 4389 impressa
2951 4330 3004 4374 et
3036 4318 3245 4385 cognita
3292 4331 3415 4370 esse
3467 4315 3602 4367 data:

2035 4414 2442 4469 illuminationis
2474 4415 2647 4484 signa.
2688 4411 2862 4467 Unum
2903 4412 3031 4465 illud
3082 4410 3258 4463 lumen
3311 4406 3600 4474 fugiamus,

2036 4506 2178 4575 quod
2211 4521 2274 4561 ex
2308 4522 2450 4561 saevo
2488 4508 2609 4571 igne
2654 4504 2913 4558 nascitur.
2943 4502 3019 4556 Ne
3062 4503 3113 4555 in
3147 4499 3283 4569 ignis
3315 4497 3482 4552 nostri
3511 4495 3594 4548 luo

2037 4599 2179 4651 mine
2204 4598 2538 4652 ambulemus
2558 4639 2571 4663 ,
2601 4606 2652 4651 et
2685 4599 2736 4649 in
2776 4594 2985 4647 ﬂamma
3016 4608 3174 4663 quam
3226 4588 3591 4644 accendimus.

2272 4727 2314 4758 ⁵⁷
2345 4725 2443 4780 Isa.
2470 4743 2558 4793 ιχ,
2588 4728 2671 4783 19.
2746 4727 2862 4760 ⁸⁸³⁸
2896 4727 3033 4783 Psal.
3075 4740 3230 4791 uxr,
3256 4724 3310 4778 5.
3384 4722 3430 4753 ”
3462 4721 3598 4780 Psai.

2039 4951 2263 5008 busdam
2288 4952 2467 5014 codd.,
2489 4951 2844 5016 ἐξαιτοῦντος.

2109 5022 2217 5092 (9|)
2261 5023 2388 5075 ’Ὁτι
2420 5024 2539 5077 καί.
2575 5025 2662 5077 Sic
2692 5025 2868 5092 plures
2896 5020 3086 5090 Regg.,
3111 5028 3216 5075 etc.
3252 5019 3409 5074 Deest
3436 5016 3528 5070 καί
3550 5017 3609 5071 in

2037 5097 2218 5231 cdl9'2)
2258 5161 2687 5231 Γνωρισθῆναι.
2718 5160 2847 5231 Reg.
2882 5161 2972 5230 plt,
2999 5159 3321 5231 γνωσθῆναι.

2107 5226 2218 5303 (95)
2257 5226 2602 5302 Δεδόμένηζν.
2664 5233 2752 5285 Sic
2792 5226 2893 5286 s'ex'
2938 5226 3100 5302 liegg.
3144 5226 3211 5284 Ιιι⁷
3239 5233 3346 5292 cd.,
3390 5226 3606 5297 διδομέ-

2034 5321 2151 5357 νηί.

2065 5320 2218 5443 ηῗέι)
2258 5371 2355 5438 Μὴ
2388 5369 2786 5443 πορευθῶμεν,
2812 5381 2918 5426 etc.
2941 5369 3140 5443 Alludit
3163 5370 3227 5422 ad
3260 5366 3406 5443 Isaiae
3439 5364 3603 5443 verba

2038 5459 2091 5505 ι..
2138 5440 2246 5497 II:
2284 5460 2301 5492 ι
2341 5442 2622 5495 Ambulatc
2667 5444 2717 5495 in
2760 5443 2958 5496 lumine
3016 5440 3153 5508 ignis
3210 5440 3393 5500 vestri,
3445 5445 3499 5488 et
3550 5440 3606 5486 in

2038 5514 2267 5568 ﬂammis
2294 5526 2430 5573 quas
2454 5511 2830 5567 succenilistis.
2870 5530 2891 5563 ι

2109 5582 2217 5652 (95)
2261 5572 2404 5636 Οἶδα
2436 5582 2543 5650 γὰρ
2578 5580 2716 5649 πῦρ.
2762 5581 2851 5637 Sic
2898 5580 3059 5651 Ilrgg.
3090 5579 3198 5646 bm,
3232 5578 3299 5648 ph
3330 5589 3382 5632 et
3410 5572 3610 5630 Camb.

2039 5655 2195 5710 Deest
2223 5654 2328 5707 νάο
2366 5656 2413 5707 ia
2448 5658 2535 5707 ed.
