4050 6298
448 275 551 331 411

1661 263 1720 320 S.
1763 212 2093 319 GREGDIIII
2132 259 2481 315 THEOLOGI

3596 255 3709 308 ΗΞ

450 392 633 462 Ignem
668 389 832 444 etiam
884 392 1203 456 purgantem
1239 382 1387 447 novi,
1415 381 1479 435 ad
1509 395 1665 450 quem
1708 380 2025 435 mittendum

2136 372 2260 448 ἦλθε
2297 378 2479 448 βαλεῖν
2532 377 2624 431 ἐπὶ
2674 377 2775 448 τῆς
2797 376 2916 449 γῆς)
2945 375 3088 449 (96),
3141 374 3251 447 πῦρ
3294 390 3387 429 και
3427 374 3588 438 αὐτὸς
3611 376 3709 428 ἁν-

450 482 700 536 Christus
720 479 773 532 in
813 488 1008 532 terram
1030 476 1175 530 venit
1200 474 1279 541 ⁹²,
1307 474 1397 544 qui
1424 483 1477 528 et
1499 473 1610 543 ipse
1636 473 1859 542 mystice
1885 472 2026 543 ignis

454 572 774 641 appellatur.
803 568 970 637 llujus
1001 580 1163 635 porro
1190 565 1330 632 ignis
1357 578 1419 619 ea
1452 563 1533 616 vis
1569 573 1674 626 est,
1707 571 1764 616 ut
1790 562 2026 616 crassio-

453 676 566 715 rem
594 658 898 722 materiam,
927 669 987 709 ac
1049 654 1295 708 vitiosam
1344 651 1506 705 animi
1543 649 1882 705 aﬂ‘ectionem
1935 650 2027 702 ab-

453 759 653 815 sumat,
680 761 914 818 eumque
944 745 1170 816 proinde
1212 744 1496 799 celerrime
1529 741 1778 796 Christus
1806 740 2026 795 accendi

456 842 585 896 vult.
619 840 779 910 Cupit
806 838 949 893 enim
982 852 1080 893 nos
1123 833 1520 905 quamprimum
1559 832 1821 888 beneﬁcio
1846 831 2022 899 aﬂici;

456 944 638 1005 utpote
661 934 752 1004 qui
786 932 942 987 nobis
972 944 1187 1001 quoque
1205 928 1343 998 ignis
1369 927 1634 983 carbones
1655 926 1841 981 auxilii
1868 940 2026 980 causa

450 1026 708 1094 porrigat.
748 1024 844 1079 Est
866 1023 1003 1076 alter
1029 1021 1168 1091 ignis
1201 1036 1305 1074 non
1340 1033 1605 1089 purgans,
1634 1017 1726 1073 sed
1761 1016 2027 1071 scelerum

454 1119 681 1182 vindex;
716 1118 829 1171 sive
880 1113 1244 1169 Sodomiticus
1278 1111 1369 1165 ille
1399 1111 1470 1177 ",
1497 1125 1656 1180 quem
1692 1108 1949 1177 sulphure
1976 1116 2031 1162 et

454 1209 688 1279 procella
738 1207 1055 1277 permistum
1092 1204 1159 1270 ”,
1200 1202 1340 1258 Deus
1392 1204 1443 1256 in
1488 1209 1801 1271 peccatores
1842 1213 2030 1254 omnes

457 1302 665 1366 fundit;
717 1300 830 1355 sive
867 1299 995 1363 ille,
1032 1298 1125 1368 qui
1167 1296 1378 1350 diabolo
1422 1292 1644 1363 ejusque
1684 1291 1889 1359 angelis
1932 1306 2030 1359 pa-

456 1397 609 1442 ratus
636 1395 718 1441 est
741 1388 820 1454 9';
852 1387 965 1441 sive
987 1386 1148 1440 etiam
1176 1382 1285 1445 ille,
1318 1383 1406 1451 qui
1433 1394 1558 1436 ante
1602 1380 1793 1434 faciem
1821 1379 2028 1435 Domini

457 1477 719 1547 procedit,
751 1485 806 1531 et
835 1476 887 1531 in
936 1476 1163 1530 circuitu
1189 1473 1435 1527 inimicos
1453 1470 1573 1539 ejus
1596 1468 1899 1525 inﬂammat
1940 1470 2028 1537 ";

456 1569 573 1622 sive
622 1567 855 1635 denique
910 1564 997 1621 ille
1026 1564 1277 1619 omnibus
1322 1562 1409 1617 his
1465 1560 1896 1627 formidabilior;
1940 1562 2032 1632 qui

456 1673 579 1711 cum
605 1656 838 1711 insomni
867 1654 957 1710 illo
980 1669 1161 1709 verme
1193 1654 1513 1723 coniunctus
1546 1661 1651 1718 est,
1676 1667 1775 1709 nec
1794 1668 2029 1722 unquam

2128 471 2353 539 αγωγῆς
2403 468 2582 536 λόγοις
2641 468 2751 539 (97)
2789 467 3141 539 καλούμενος.
3169 466 3526 521 Ἀναλωτικδν
3546 465 3709 520 τοῦτο

2125 560 2225 631 τῆς
2260 559 2393 630 ῦλης
2418 561 2511 614 κα)⁵
2542 561 2641 630 τῆς
2671 562 2914 633 πονηρᾶς
2947 562 3095 613 ἐστιν
3132 557 3331 625 ἕξεως,
3397 559 3425 611 ὃ
3470 558 3565 611 καὶ
3606 558 3709 610 ἀν-

2128 651 2368 722 αφθῆναι
2394 652 2627 722 τάχιστα
2642 651 2909 721 βούλεται.
2940 652 3100 707 Ποθεῖ
3129 651 3236 725 γὰρ
3257 652 3358 721 τῆς
3389 649 3709 719 εὐεργεσίας

2126 743 2188 795 τὸ
2223 743 2384 813 τάχος
2406 759 2420 774 ο
2454 744 2580 795 ἐπεὶ
2612 744 2707 796 καὶ
2733 744 2903 814 πυρὸς
2932 743 3210 813 ἄνθρακας
3230 742 3443 795 δίδωσιν
3470 743 3601 811 ἡμῖν
3626 741 3711 801 είς

2131 834 2405 906 βοήθειαν.
2468 829 2603 890 Οἶδα
2660 836 2755 889 καὶ
2812 835 2925 906 πῦρ
2988 836 3048 889 ού
3109 834 3505 905 καθαρτήριον,
3567 829 3708 884 ἀλλὰ

2128 925 2225 977 καὶ
2260 924 2369 994 (98)
2407 926 2766 997 κολαστήριον
2786 942 2801 959 ·
2832 926 2942 979 είτε
2963 907 3058 980 καῖ
3089 924 3462 996 Σοδομιτικδν,
3488 923 3516 976 ὃ
3541 924 3709 976 πᾶσιν

2132 1016 2477 1088 ἁμαρτωλοῖς
2509 1016 2790 1089 ὲπιϐρέχει
2823 1017 2953 1088 θείῳ
2988 1017 3083 1069 καὶ
3128 1013 3402 1085 καταιγίδι
3440 1016 3713 1086 μιγνύμε-

2130 1124 2252 1161 νον·
2307 1108 2417 1161 εῖτε
2480 1109 2541 1162 τὸ
2587 1109 2989 1179 ἡτοιμασμένον
3043 1109 3121 1180 τῷ
3171 1109 3400 1179 διαϐόλῳ
3453 1108 3547 1161 καὶ
3594 1109 3714 1171 τοῖς

2131 1199 2386 1267 ἀγγέλοις
2427 1199 2626 1253 αὐτοῦ’
2666 1201 2779 1254 εἴτε
2812 1200 2840 1253 ὃ
2881 1200 2987 1272 πρὸ
3024 1198 3319 1271 προσώπου
3360 1199 3565 1271 Κυρίου
3610 1214 3713 1250 sro-

2138 1290 2388 1361 ρεύεται,
2435 1290 2531 1343 καὶ
2578 1291 2793 1360 φλογιεῖ
2839 1292 3023 1362 κύκλῳ
3067 1293 3192 1355 τοὺς
3236 1291 3461 1362 ἐχθροὺς
3503 1287 3708 1343 αὑτοῦ·

2133 1382 2231 1436 καὶ
2260 1383 2322 1436 τὸ
2352 1382 2467 1450 (99)
2494 1383 2702 1436 τούτων
2727 1382 2806 1436 ἔτι
2832 1382 3207 1457 φοϐερώτερον
3229 1400 3244 1415 ’
3273 1384 3301 1436 ὃ
3327 1382 3403 1453 τῷ
3424 1382 3713 1452 ἀκοιμήτῳ

2135 1472 2382 1544 σκώληκι
2427 1474 2503 1543 (1)
2561 1475 2947 1538 συντέτακται,
3002 1474 3076 1545 μὴ
3141 1474 3529 1543 σϐεννύμενον,
3570 1472 3715 1526 ἀλλὰ

2131 1568 2441 1634 διαιωνίζον
2473 1570 2550 1640 (2)
2589 1573 2705 1633 τοῖς
2734 1569 3012 1640 πονηροῖς.
3042 1567 3226 1621 Πάντα
3249 1565 3360 1638 γάρ
3398 1563 3569 1618 ταῦτα
3609 1563 3714 1632 τῆς

2135 1660 2502 1731 ἀφανιστικῆς
2523 1660 2639 1712 ἔστι
2665 1659 2945 1731 δυνάμεως
2965 1675 2978 1690 ⁸
2998 1660 3043 1711 εί
3070 1659 3141 1727 μή
3158 1675 3236 1728 τῳ
3260 1656 3411 1725 φίλον
3433 1652 3714 1707 κάνταῦθα

457 1747 839 1817 exstinguitur,
859 1761 1046 1801 verum
1074 1746 1125 1799 in
1156 1745 1543 1801 sceleratorum
1570 1745 1848 1800 hominum
1874 1746 2031 1815 721

2139 1753 2281 1803 νοεῖν
2307 1749 2466 1803 τοῦτο
2488 1748 3000 1822 φιλανθρωπότερον
3029 1749 3105 1820 (5)
3124 1787 3139 1814 ,
3159 1747 3252 1801 καὶ
3280 1745 3372 1801 τοῦ
3395 1745 3716 1809 κολάζοντος

458 1852 669 1905 poenam
695 1839 947 1907 perennis
971 1847 1053 1893 est
1081 1847 1133 1892 et
1173 1836 1554 1898 sempiternus.
1588 1836 1649 1890 Hi
1674 1838 1816 1892 enim
1838 1852 2029 1893 omnes

2138 1840 2395 1907 ἐπαξίως.

455 1946 574 1987 eam
601 1932 705 1984 vim
746 1932 968 1997 habent,
1000 1939 1058 1984 ut
1084 1932 1317 2001 perdant
1345 1945 1409 1986 ac
1444 1931 1699 1999 deleant;
1757 1931 1861 1986 nisi
1926 1941 2103 1989 tamen
2147 1936 2249 1991 hoc
2309 1950 2523 2006 quoque
2576 1934 2694 1992 loco
2745 1934 3011 2006 quispiam
3066 1934 3243 2005 ignem
3293 1931 3599 1994 mitiorem,
3658 1938 3718 1984 et

457 2038 515 2083 ut
564 2027 675 2082 Deo
734 2027 943 2081 vindice
999 2026 1222 2096 dignum
1282 2035 1403 2089 est,
1461 2024 1871 2097 intelligendum
1930 2038 2099 2100 putet.

468 2141 482 2157 ο
523 2116 787 2173 XXXVII.
821 2118 1282 2183 Quemadmodum
1312 2130 1472 2185 porro
1500 2116 1697 2183 duplex
1746 2116 1885 2184 ignis
1937 2134 2030 2187 ge-

454 2227 557 2267 nus
586 2220 689 2277 est,
741 2214 813 2264 ita
874 2209 1066 2279 duplex
1103 2223 1317 2279 quoque
1369 2208 1548 2263 lumen
1606 2218 1685 2264 est
1724 2228 1736 2263 :
1780 2210 2029 2277 alterum,

452 2318 559 2372 quo
592 2303 840 2371 princeps
869 2299 1031 2353 animi
1062 2298 1234 2353 nostri
1265 2313 1391 2364 pars
1420 2298 1739 2365 illustratur,
1768 2315 1830 2356 ac
1862 2302 2030 2356 nostri

456 2391 755 2446 secundum
792 2390 956 2443 Deum
999 2402 1219 2467 gressus
1253 2397 1549 2457 reguntur;
1595 2389 1840 2457 alterum,
1870 2390 2030 2444 fallax

453 2492 509 2539 et
546 2483 847 2545 curiosum,
873 2494 1109 2548 veroque
1132 2479 1317 2534 lumini
1342 2481 1668 2550 oppositum,
1697 2491 1858 2551 atque
1900 2484 2033 2538 inte-

454 2575 557 2629 rim
600 2583 780 2627 tamen
815 2571 962 2626 illius
1002 2570 1234 2641 speciem
1264 2586 1374 2641 prm
1404 2587 1461 2626 se
1499 2572 1696 2637 ferens,
1730 2583 1787 2627 ut
1817 2589 1915 2630 nos
1937 2590 2033 2628 ex-

458 2677 613 2721 terna
643 2664 821 2735 specie
855 2663 1024 2729 fallat,
1054 2672 1107 2721 et
1143 2665 1195 2719 in
1240 2665 1482 2719 fraudem
1515 2664 1775 2733 impellat.
1814 2668 1946 2733 Hoc,
1979 2678 2034 2723 et

454 2757 625 2826 caligo
649 2763 752 2833 est,
782 2764 836 2810 et
874 2754 1124 2809 meridies
1153 2768 1274 2808 esse
1305 2753 1541 2820 videtur,
1567 2756 1617 2810 id
1645 2766 1747 2824 est,
1779 2757 2021 2815 clarissi-

454 2866 541 2904 nta
582 2848 796 2903 luminis
821 2861 969 2918 pars.
1003 2846 1094 2902 Sic
1136 2850 1278 2903 enim
1329 2848 1457 2903 illud
1517 2848 1813 2919 Scriptura:
1849 2853 2028 2919 audio,

456 2943 524 2998 iis
551 2941 641 3011 qui
672 2940 955 3011 semperin
981 2940 1552 2995 meridianistenebris
1576 2940 1864 3013 fugiunt".
1898 2942 2030 3011 Hoc,

451 3045 509 3090 et
535 3050 639 3089 uox
675 3042 778 3100 est,
821 3041 877 3088 et
901 3030 1155 3100 splendor
1179 3031 1539 3094 existimatur,
1577 3032 1658 3086 his
1701 3033 1905 3101 utique,
1940 3032 2057 3105 qui.

452 3124 663 3180 deliciis
698 3132 754 3179 et
785 3121 1117 3191 voluptatum
1146 3120 1413 3176 illecebris
1445 3122 1680 3191 corrupti
1708 3130 1853 3177 sunt.
1895 3122 2032 3189 Quid

450 3216 595 3270 enim
624 3214 702 3269 ait
731 3214 933 3268 David!
980 3212 1096 3269 Nox
1129 3230 1212 3268 me
1244 3215 1499 3269 miserum
1547 3213 1946 3274 circumstabat.
1980 3222 2034 3268 et

448 3306 757 3362 nesciebam
792 3304 1057 3361 :‘delicias
1099 3305 1240 3359 cnim
1269 3304 1447 3360 lumen
1476 3319 1595 3360 esse
1632 3304 1939 3360 arbitr.bar
1962 3305 2029 3358 ⁸⁸.

2210 2122 2332 2176 ΛΖ’.
2382 2122 2591 2193 ’Ὠσπερ
2622 2122 2681 2176 δὲ
2710 2120 2823 2192 πῦρ
2852 2116 2968 2174 οἶδα
2994 2118 3212 2175 διπλοῦν
3233 2162 3246 2181 ,
3270 2118 3411 2171 οὕτω
3439 2118 3531 2171 καὶ
3557 2117 3675 2188 φ,ὧς
3697 2112 3715 2128 ⁸

2140 2212 2200 2265 τὸ
2236 2212 2368 2283 μὲν,
2409 2212 2507 2284 τὴν
2540 2212 2635 2266 τοῦ
2682 2210 3008 2283 ἡγεμονικοῦ
3050 2210 3343 2281 λαμπάδα,
3389 2209 3721 2263 κατευθῦνον

2140 2305 2271 2375 ἡμῖν
2302 2303 2369 2356 τὰ
2396 2301 2539 2356 κατὰ
2564 2302 2695 2356 Θεὸν
2726 2302 3037 2373 διαδήματα
3059 2319 3071 2331 °
3102 2302 3163 2354 τὸ
3197 2302 3276 2365 δὲ,
3309 2302 3584 2372 ἀπατηλὸν
3620 2301 3721 2354 καὶ

2141 2396 2467 2467 περίεργον,
2529 2396 2624 2448 καὶ
2681 2394 2775 2447 τοῦ
2846 2393 3097 2464 ἀληθινοῦ
3173 2394 3349 2463 φωτὸς
3404 2394 3717 2457 ἀντίθετον,

2141 2489 2314 2539 ἐκεῖνο
2355 2487 2431 2555 (4)
2465 2482 2602 2539 εἶναι
2630 2487 3078 2558 ὑποκρινόμενον,
3120 2487 3207 2539 ἵνα
3239 2486 3447 2558 κλέπτῃ
3478 2486 3555 2555 τῷ
3588 2503 3722 2555 φαι-

2140 2576 2352 2649 νομένῳ
2372 2595 2385 2607 ⁸
2410 2576 2567 2632 τοῦτο
2596 2580 2688 2631 καὶ
2712 2579 2898 2631 σκοτία
2922 2578 3062 2639 ἐστὶ,
3092 2577 3186 2630 καὶ
3213 2577 3528 2648 μεσημϐρία
3548 2576 3720 2641 δοκεῖ,

2138 2670 2199 2722 τὸ
2227 2669 2321 2722 τοῦ
2369 2670 2546 2739 φωτὸς
2579 2670 2965 2741 ἀκμαιότατον.
3015 2669 3200 2734 Οὕτως
3230 2668 3411 2723 ἀκούω
3447 2671 3556 2734 τοῖς
3603 2669 3723 2723 δια-

2139 2760 2339 2824 παντὸς
2381 2762 2439 2815 ὲν
2476 2761 2823 2833 μεσημϐρινῇ
2875 2762 3065 2833 σκοτίᾳ
3097 2762 3376 2831 φεύγουσι.
3419 2761 3590 2814 Τοῦτο
3623 2763 3722 2817 καὶ

2139 2852 2235 2919 νύξ
2275 2855 2412 2917 ἐστι,
2454 2855 2550 2907 καὶ
2590 2855 2871 2924 φωτισμὸς
2911 2854 3188 2925 νομίζεται
3223 2854 3301 2924 (5)
3333 2855 3443 2917 τοῖς
3483 2854 3587 2907 ὑπὸ
3618 2855 3721 2922 τῆς

2138 2943 2351 3014 τρυφῆς
2421 2943 2858 3015 διεφθαρμένοις.
2924 2945 2989 2998 Τί
3051 2945 3160 3016 γάρ
3228 2961 3393 3013 φησιν
3431 2946 3459 2997 ὁ
3516 2944 3718 3012 Δαϐίδ;

2138 3034 2257 3099 Νὺξ
2282 3030 2370 3105 -ἦν
2416 3035 2544 3106 περὶ
2594 3035 2694 3105 ἐμὲ
2739 3035 2827 3090 τὸν
2879 3035 3108 3089 δείλαιον
3165 3035 3262 3088 καὶ
3319 3035 3569 3105 ἠγνόουν·
3606 3053 3721 3104 φω-

2138 3126 2330 3197 τισμὸν
2388 3126 2498 3197 γάρ
2551 3120 2688 3179 εἶναι
2737 3126 2836 3199 τὴν
2892 3127 3104 3198 τρυφὴν
3135 3125 3540 3196 ὑπελάμϐανον.
3579 3125 3719 3178 Ἀλλ’

2140 3220 2337 3272 ἐκεῖνοι
2386 3219 2484 3289 μὲν
2513 3219 2743 3273 τοιοῦτοι
2765 3260 2780 3283 ,
2827 3218 2922 3272 καὶ
2962 3219 3135 3282 οὕτως
3172 3218 3386 3289 ἔχοντες
3408 3235 3422 3248 ⁸
3471 3220 3631 3289 ἡμεῖς
3660 3218 3717 3271 δὲ

2141 3309 2464 3379 φωτίσωμεν
2511 3308 2724 3371 ἑαυτοῖς
2760 3307 2875 3378 φῶς
2914 3305 3197 3376 γνώσεως·
3246 3306 3398 3360 ἔσται
3435 3306 3492 3360 δὲ
3536 3304 3714 3365 τοῦτο,

450 3399 626 3468 Atque
649 3396 721 3453 illi
758 3396 974 3467 quidem
1015 3396 1149 3452 tales
1178 3404 1324 3462 sunt,
1355 3396 1644 3465 animoque
1694 3395 1766 3451 ita
1808 3394 1984 3451 atl‘cCti
2014 3412 2028 3449 :

2140 3404 2205 3456 ἐκ
2232 3401 2326 3455 τοῦ
2360 3400 2605 3471 σπείρειν
2635 3402 2714 3465 εἰς
2745 3400 3111 3471 δικαιοσύνην,
3148 3399 3243 3453 καὶ
3269 3400 3477 3470 τρυγᾷν
3507 3397 3719 3467 καρπὸν

453 3506 552 3545 nos
580 3505 709 3545 vero
745 3489 990 3545 scientiae
1017 3489 1196 3543 lumen
1227 3488 1518 3559 nobisipsis
1537 3488 1869 3555 excitemus;
1900 3490 2040 3557 quod

451 3583 669 3653 quidem
692 3582 850 3637 nobis
867 3583 969 3637 hac
992 3583 1200 3637 ratione
1216 3581 1509 3651 continget,
1532 3581 1577 3636 si
1596 3582 1663 3634 ad
1671 3581 1701 3650 j
1709 3580 1938 3634 ustiliam
1960 3596 2041 3634 se-

451 3674 706 3728 minemus
724 3674 793 3739 ¹⁹,
814 3680 869 3728 et
886 3673 1009 3727 vita:
1032 3672 1268 3727 fructum
1296 3672 1685 3726 vindemiemus
1706 3672 1869 3741 (actio
1889 3670 2041 3740 quip-

453 3779 522 3832 pe
536 3764 1042 3834 contemplationem
1066 3764 1251 3835 parit);
1278 3772 1336 3818 ut
1362 3778 1481 3818 cum
1502 3763 1628 3828 alia,
1650 3772 1762 3817 tum
1783 3762 1886 3818 hoc
1903 3776 2037 3833 quo-

451 3870 580 3926 que,
620 3871 814 3925 nempe
843 3858 983 3927 quod
1010 3872 1195 3912 verum
1223 3856 1425 3923 lumen,
1462 3856 1605 3925 quod
1632 3871 1819 3912 rursus
1851 3855 2033 3911 ﬁctum

453 3959 508 4003 et
533 3950 852 4003 ementitum
884 3949 977 4015 sit,
1013 3948 1393 4018 intelligamus,
1442 3963 1541 4003 nec
1574 3949 1628 4003 in
1660 3947 1881 4015 malum,
1917 3957 2035 4002 tan-

453 4053 616 4110 quam
655 4040 707 4093 in
738 4040 961 4107 bonum,
1017 4055 1114 4109 per
1146 4041 1559 4110 imprudentiam
1611 4040 1872 4096 lahamur.
1931 4041 2038 4096 Lu-

454 4142 577 4182 men
625 4127 941 4195 eﬂiciamur,
979 4139 1043 4185 ut
1069 4129 1319 4199 discipuli
1371 4145 1400 4185 a
1432 4145 1627 4200 magno
1662 4130 1888 4203 Lumine
1934 4147 2032 4186 vo-

453 4220 559 4275 cati
588 4230 730 4288 sunt,
764 4212 848 4276 his
888 4221 1110 4277 verbis:
1159 4222 1259 4278 Vos
1302 4224 1426 4278 estis
1465 4223 1557 4277 tua:
1610 4224 1794 4278 mundi
1824 4224 1865 4278 ί.
1912 4223 2034 4279 Elli-

452 4311 666 4367 eiamur
700 4312 991 4367 luminaria
1026 4316 1077 4367 in
1113 4315 1334 4379 mundo,
1364 4315 1587 4369 verbum
1612 4314 1734 4369 vita:
1762 4315 2034 4369 sustinen-

454 4412 555 4468 tes,
589 4402 692 4457 hoc
716 4411 821 4468 est,
851 4403 1032 4460 vitalis
1062 4404 1180 4459 aliis
1228 4404 1535 4461 hominibus
1568 4407 1649 4460 vis
1672 4415 1727 4459 et
1783 4404 2029 4458 facultas.

2146 3492 2292 3562 ζωῆς
2324 3491 2343 3563 (
2376 3490 2574 3563 πρᾶξις
2616 3490 2748 3563 γὰρ,
2780 3489 3011 3561 θεωρίας
3044 3489 3381 3563 πρόξενος),
3426 3487 3512 3539 ἴνα
3544 3486 3613 3538 τά
3657 3502 3715 3537 τε

2144 3582 2279 3636 ἄλλα
2311 3582 2403 3635 καὶ
2434 3579 2593 3634 τοῦτο
2636 3579 2896 3651 μάθωμεν
2916 3620 2930 3644 ,
2958 3578 3011 3631 τί
3050 3578 3146 3649 μὲν
3178 3577 3239 3631 τὸ
3280 3575 3533 3646 ἀληθινὸν
3581 3574 3716 3642 φῶς,

2141 3675 2195 3730 τί
2229 3675 2286 3728 δὲ
2312 3676 2373 3728 τὸ
2402 3675 2727 3747 ψευδόμενον
2747 3716 2760 3740 ,
2791 3674 2886 3727 καὶ
2923 3673 2997 3745 μὴ
3024 3672 3276 3743 λάθωμεν
3306 3670 3716 3742 περιπεσόντες,

2140 3767 2214 3831 ὡς
2240 3765 2411 3837 καλῷ,
2441 3766 2517 3838 τῷ
2549 3766 2772 3839 χείρονι.
2806 3764 3096 3837 Γενώμεθα
3131 3766 3268 3833 φῶς,
3301 3763 3490 3834 ὥσπερ
3521 3763 3571 3815 οί
3613 3779 3719 3832 μα-

2143 3859 2303 3930 θηταὶ
2349 3859 2500 3932 παρά
2544 3859 2640 3913 τοῦ
2688 3859 2923 3931 μεγάλου
2975 3858 3155 3921 Φωτὸς
3197 3858 3472 3929 ἦκουσαν,
3521 3855 3721 3924 ’Υμεῖς

2140 3953 2279 4006 ἐστε
2327 3952 2394 4006 τὸ
2445 3951 2570 4022 φῶς
2610 3951 2719 4006 τοῦ
2768 3952 3036 4021 κόσμου,
3101 3948 3369 4018 λέγοντος.
3426 3945 3721 4017 Γενώμεθα

2142 4043 2425 4115 φωστῆρες
2457 4044 2514 4096 ὲν
2538 4043 2750 4115 κόσμῳ,
2772 4044 2930 4111 λόγον
2960 4042 3103 4112 ζωῆς
3132 4041 3444 4111 ἐπέχοντες,
3471 4037 3721 4092 τουτέστι

2142 4132 2348 4206 ζωτικὴ
2394 4137 2508 4198 τοῖς
2540 4134 2720 4197 ἄλλοις
2771 4134 3020 4204 δύναμις.
3071 4131 3383 4203 Λαϐώμεθα
3432 4129 3718 4200 θεότητος,

2140 4223 2434 4295 λαϐώμεθα
2466 4225 2560 4278 τοῦ
2606 4224 2824 4297 πρώτου
2870 4224 2964 4278 καὶ
3010 4223 3475 4294 ἀκραιφνεστάτου
3513 4220 3714 4284 Φωτὸς.

2152 4316 2495 4387 Ὀδεύσωμεν
2520 4316 2655 4388 πρὸς
2676 4317 2775 4387 τὴν
2801 4316 3006 4387 λάμψιν
3025 4314 3211 4379 αὐτοῦ,
3241 4314 3345 4386 πρὸ
3363 4312 3457 4366 τοῦ
3484 4313 3721 4382 προσκό-

2138 4404 2238 4475 ψαι
2271 4407 2398 4469 τοὺς
2430 4406 2591 4469 πόδας
2621 4405 2776 4477 ἡμῶν
2807 4406 2893 4459 ἐπ’
2928 4406 3027 4477 ὅρη
3062 4404 3311 4459 σκοτεινά
3340 4402 3432 4454 καὶ
3463 4400 3718 4470 πολέμια.

449 4494 784 4565 Arripiamus
808 4496 1089 4564 deitatem,
1115 4496 1439 4567 arripiamus
1485 4497 1715 4567 primum
1764 4503 1818 4551 et
1857 4497 2031 4567 puris-

2139 4497 2485 4569 "Ewgﬁpépa
2518 4498 2779 4564 ὲστ“ιν,ὠς
2810 4498 2879 4550 ἐν
2912 4495 3103 4566 ἡμέρᾳ
3133 4496 3527 4563 εὐσχημόνως
3554 4510 3719 4562 περι-

449 4586 644 4641 simum
672 4588 899 4643 Lumen.
956 4590 1037 4644 Ad
1087 4589 1257 4658 ipsius
1300 4589 1637 4661 splendorem
1691 4589 2028 4655 incedamus,

448 4678 762 4749 priusquam
792 4680 955 4750 pedes
1008 4681 1175 4736 nostri
1219 4681 1288 4736 ad
1343 4682 1657 4737 tenebrosos
1698 4690 1752 4737 et
1806 4682 2029 4738 hostiles

518 4835 562 4865 "
599 4833 728 4887 Luc.
760 4849 862 4898 xu,
894 4832 982 4887 49.
1058 4835 1104 4867 ⁸³
1127 4834 1261 4891 Gen.
1288 4850 1401 4898 xIx,
1431 4832 1520 4888 ‘24.
1598 4835 1644 4867 "
1676 4834 1817 4890 Psal.
1854 4852 1907 4901 x,
1941 4836 1994 4891 7.

446 4902 952 4969 "Psal.cxxxvm,
1019 4905 1105 4970 ll,
1176 4920 1329 4975 seqq.

466 5017 628 5099 .~(96)
680 5017 806 5071 Ἐπὶ
832 5017 943 5087 τῆς
978 5017 1103 5089 γῆς.
1135 5017 1270 5075 Tres
1304 5019 1469 5091 Regg.
1501 5029 1554 5073 et
1585 5019 1679 5075 Or.
1716 5022 1764 5087 I,
1802 5023 1894 5075 ἐπὶ
1926 5024 2025 5095 τὴν

442 5105 1017 5259 γηῖόέ)ῆᾉναγωγῆς
1065 5161 1290 5229 λόγοις.
1325 5180 1344 5213 ι
1387 5162 1711 5232 Anagogice,
1769 5182 1789 5215 ι
1845 5163 1896 5217 id
1944 5175 2025 5218 est

452 5246 473 5280 ι
519 5237 761 5297 mystice.
805 5248 822 5279 ι

520 5296 633 5371 (98)
685 5298 870 5371 Ἀλλὰ
895 5299 1013 5371 καί.
1050 5301 1140 5353 Sic
1190 5301 1291 5371 duo
1320 5301 1487 5371 Regg.
1514 5301 1671 5356 Deest
1708 5301 1797 5356 καί
1843 5303 1894 5355 in
1933 5303 2020 5356 ed.

519 5368 631 5437 (99)
670 5369 779 5442 Καὶ
814 5370 901 5442 τό.
946 5370 1036 5423 Sic
1069 5388 1161 5425 sex
1192 5370 1381 5442 ltegg.,
1407 5368 1524 5428 tres
1559 5372 1713 5431 Colb.
1748 5385 1802 5429 et
1837 5373 2027 5428 Camb.

448 5436 608 5491 Deest
628 5438 690 5491 τό
714 5440 766 5493 in
792 5441 876 5493 ed.

522 5508 598 5576 (I)
651 5508 974 5579 Ἀκοιμήτῳ
1025 5509 1315 5579 σκώληνι.
1362 5512 1562 5567 Alludit
1607 5515 1673 5568 ad
1708 5515 1819 5569 ha'c
1864 5515 2026 5568 verba

450 5578 622 5643 Isaiae,
650 5578 911 5660 urnis,
956 5583 1037 5635 vel
1074 5578 1240 5637 Marc.
1269 5599 1343 5650 ix,
1378 5584 1448 5637 45
1478 5601 1490 5637 :
1528 5604 1544 5635 ι
1594 5584 1800 5640 Vermis
1839 5601 2027 5639 eorum

451 5662 558 5702 non
590 5661 833 5705 tuentur.
875 5670 891 5701 ι

523 5717 603 5785 (‘2)
645 5720 994 5780 Διαιωνίζςν.
1026 5721 1114 5777 Sic
1146 5725 1247 5779 duo
1269 5723 1458 5792 Coisl.,
1495 5735 1597 5780 ctc.
1630 5723 1683 5779 In
1717 5725 1823 5791 ed.,
1852 5725 2031 5780 διαιω-

2096 4840 2141 4871 ”
2167 4838 2355 4893 Matth.
2394 4855 2518 4905 xxv,
2552 4839 2644 4897 41.

1406 4906 1451 4936 ⁹⁹
1481 4904 1606 4959 Ose.
1642 4921 1694 4970 x,
1722 4907 1805 4960 12.
1886 4908 1899 4937 ¹
1935 4907 2126 4965 Matth.
2164 4926 2213 4976 ν,
2262 4909 2349 4962 14.

2137 4588 2613 4659 πατήσωμεν,μὴ
2644 4589 2859 4659 κώμοις
2886 4588 2983 4642 καὶ
3005 4588 3235 4657 μέθαις,
3242 4586 3328 4656 μὴ
3364 4586 3590 4650 κοίταις
3618 4587 3718 4639 καὶ

2146 4682 2516 4752 ἀσελγείαις,
2547 4682 2584 4736 δι
2612 4681 2805 4747 νυκτός
2843 4682 2959 4735 ἐστι
2988 4681 3299 4753 κλέμματα.

2742 4838 2789 4871 ⁸ο
2816 4838 2959 4895 Psal.
2988 4853 3131 4903 xcvr,
3159 4838 3214 4892 5.
3318 4837 3363 4869 ⁸⁷
3397 4837 3500 4893 lsa.
3534 4853 3588 4904 v,
3619 4838 3715 4893 20.

2134 5024 2902 5164 νίῗέξῗ’«Φιλανθρωετότςιξοον·.
2946 5113 2964 5145 ι
2999 5096 3180 5163 Ignem
3237 5094 3529 5155 mitiorem,
3570 5111 3588 5143 ι
3618 5095 3715 5163 qui

2132 5165 2381 5220 videlicet
2426 5180 2528 5218 nou
2576 5168 2769 5233 perdat
2800 5182 2864 5219 ac
2894 5166 3091 5228 deleat,
3137 5175 3194 5218 ut
3236 5164 3619 5225 Sodomitieus,
3655 5176 3717 5218 et

2132 5236 2225 5305 qui
2257 5235 2499 5305 repruhis
2529 5236 2828 5291 destinatus
2848 5245 2964 5301 est;
3002 5236 3096 5289 sed
3129 5234 3218 5301 qui
3255 5234 3424 5287 malos
3472 5233 3525 5305 in
3571 5244 3713 5285 tem-

2132 5303 2263 5375 pore
2321 5303 2637 5376 ulciscatur,
2686 5318 2741 5362 et
2792 5321 2821 5360 a
2878 5305 3112 5376 peccatis
3171 5305 3444 5376 enmndet.
3491 5303 3564 5357 De
3604 5316 3720 5371 quo

2135 5379 2276 5446 Aug.
2313 5394 2331 5426 ι
2371 5375 2468 5430 llic
2515 5391 2630 5443 ure,
2668 5378 2752 5432 hic
2790 5374 2933 5440 seca,
2970 5375 3129 5430 modo
3184 5374 3235 5427 in
3269 5382 3531 5427 a-teruum
3587 5387 3706 5441 par-

2136 5460 2576 5585 ωῖλ)”Εκεῖνο.
2620 5517 2709 5572 Sic
2762 5516 2889 5571 Par.
2940 5526 2995 5572 et
3027 5514 3256 5584 Ilervag.
3306 5510 3362 5567 In
3410 5513 3521 5575 ed.,
3569 5512 3715 5565 ἐκεῖ-

2137 5602 2303 5778 νοῖὲ)ι
2324 5653 2645 5723 Νομίζεται.
2670 5654 2726 5711 In
2752 5657 2882 5728 Reg.
2916 5657 3025 5722 hm,
3054 5673 3143 5727 γρ.
3183 5651 3524 5725 ονομάζεται,
3561 5670 3579 5703 ι
3611 5668 3712 5706 no-

2138 5742 2279 5778 nnna
2311 5742 2390 5778 ur.
2433 5745 2450 5777 ι

2138 5742 2390 5781 ιιιιιιιιιυτ.
2433 5745 2450 5777 Ι
