4050 6298
596 275 705 331 615

1829 268 1888 324 S.
1931 267 2256 325 GllEGORlI
2297 264 2643 322 THEOLOGI

3749 266 3835 325 ι11ὓ

596 403 703 443 non
730 384 887 440 facile
935 382 1157 451 quilibet
1213 380 1355 436 ferre
1405 388 1599 450 potest.
1662 380 1987 441 Prmclarum
2047 382 2172 436 item

2277 379 2585 451 αἰρόμενον.
2639 376 2817 431 Καλὸν
2854 378 2948 429 καὶ
2987 376 3086 439 τὰς
3128 377 3311 447 χεῖρας
3350 374 3719 441 τελειοῦσθαι,
3757 381 3843 433 καὶ

596 478 845 533 manibus
895 485 951 530 et
989 474 1212 543 pedibus
1262 473 1479 527 lustrari
1528 486 1543 525 :
1584 471 1687 526 illa:
1731 486 1963 542 nempe,
2026 483 2083 527 ut
2120 474 2172 527 in

596 569 742 623 omni
769 568 887 622 loco
913 579 1059 634 purae
1091 563 1427 629 attollantur,
1451 563 1762 631 Christique
1814 564 2172 634 disciplinam,

602 673 671 711 ne
709 658 971 709 irascatur
1001 653 1275 716 Dominus,
1300 651 1707 720 apprehendant
1738 652 1801 717 ",
1836 668 1899 707 ac
1929 667 2023 721 per
2051 668 2178 721 ope-

602 762 662 800 ra
704 745 939 799 divinum
970 758 1269 797 sermonem
1295 743 1396 797 sibi
1421 743 1682 798 creditqu
1704 745 1951 812 probent,
1982 760 2174 813 quem-

600 836 889 889 admodum
926 833 1014 887 ille
1036 834 1125 903 qui
1158 834 1316 888 datus
1346 842 1451 895 est,
1482 833 1533 887 in
1562 849 1726 887 manu
1750 834 2023 902 cujusdam
2054 850 2176 904 pro-

596 926 770 994 phetae
804 924 848 955 ¹³
883 941 897 976 ι
932 925 1013 977 his
1050 932 1250 987 autem,
1297 938 1364 978 ne
1391 923 1455 977 ad
1485 922 1811 978 fundendum
1848 925 2005 994 723
2049 940 2175 978 san-

596 1016 810 1085 guinem
846 1015 889 1046 “
931 1014 1229 1083 prmcipites
1255 1021 1436 1078 ruant,
1471 1022 1633 1081 atque
1678 1014 1744 1067 ad
1791 1015 1974 1068 vitium
2014 1030 2173 1068 cursu

598 1104 877 1170 ferantur;
924 1119 1107 1158 verum
1142 1103 1210 1158 ad
1261 1103 1605 1172 Evangelium
1633 1142 1648 1168 ,
1694 1118 2042 1173 superumque
2076 1118 2173 1158 vo-

598 1194 828 1249 cationis
851 1194 893 1226 ¹⁸
923 1194 1154 1262 palmam
1186 1194 1415 1262 prompti
1443 1209 1505 1246 ac
1524 1192 1696 1262 parati
1723 1193 2174 1258 sint,Christum-

598 1299 703 1353 que
740 1285 1045 1339 abluentem
1105 1293 1265 1353 atque
1301 1296 1617 1357 purgantem
1662 1288 1976 1357 suscipiant.
2020 1289 2172 1354 Quod

599 1374 643 1426 si
679 1386 783 1441 qua
819 1374 1022 1427 ventris
1048 1387 1259 1442 quoque
1296 1374 1459 1439 illius,
1484 1375 1574 1443 qui
1609 1375 1757 1429 cibos
1789 1390 1819 1428 e
1846 1374 2021 1430 Verbo
2048 1392 2173 1446 pro-

600 1463 855 1517 cedentes
882 1464 1026 1531 capit
1058 1480 1121 1519 ac
1147 1466 1439 1531 distribuit,
1474 1466 1839 1536 perpurgandi
1888 1468 2025 1521 ratio
2067 1476 2172 1535 est,

603 1555 922 1624 praeclarum
970 1556 1132 1610 etiam
1182 1556 1343 1612 fuerit
1403 1572 1619 1623 cavere,
1662 1574 1728 1612 ne
1774 1574 1895 1613 eum
1942 1560 2066 1614 luxu
2119 1572 2173 1616 et

599 1646 964 1702 difﬂuentibus
996 1648 1131 1703 cibis
1172 1649 1333 1703 Deum
1362 1648 1689 1710 efficiamus:
1739 1651 1866 1720 quin
1900 1653 2074 1719 potius
2107 1652 2173 1706 il-

604 1734 715 1792 lum
764 1738 1171 1794 accuratissime
1236 1753 1522 1807 purgemus
1575 1750 1629 1794 et
1687 1750 2060 1808 etttenuemus,
2116 1750 2171 1795 ut

602 1823 834 1880 Verbum
866 1828 1071 1882 Domini
1109 1828 1297 1883 intimo
1333 1830 1453 1883 sinu
1492 1830 1769 1899 suscipiat,
1806 1844 1869 1883 ac
1913 1844 2008 1900 pro
2047 1845 2171 1899 pec-

604 1926 764 1970 cante
795 1916 985 1971 lsraele
1016 1918 1069 1971 in
1105 1918 1333 1973 honesto
1362 1927 1416 1973 et
1450 1919 1703 1974 laudabili
1764 1919 1948 1975 dolore
1996 1935 2177 1976 verse-

602 2016 712 2061 tur.
743 2006 858 2061 Jam
890 2009 1038 2063 cordi
1073 2023 1287 2077 quoque
1315 2018 1369 2063 et
1401 2008 1670 2063 intestinis
1693 2008 1951 2064 honorem
1992 2009 2177 2064 haberi

599 2098 890 2165 comperio.
915 2097 1025 2153 Hoc
1058 2097 1188 2152 mihi
1226 2099 1390 2153 David
1424 2100 1730 2167 persuadet,
1761 2114 1885 2153 cum
1921 2113 2015 2154 cor
2032 2115 2180 2154 mun-

602 2188 728 2241 dum
770 2189 821 2242 in
857 2188 1036 2257 seipso
1076 2189 1273 2253 creari,
1305 2202 1368 2243 ac
1395 2188 1652 2257 Spiritum
1678 2197 1883 2248 rectum
1914 2189 1969 2243 in
2001 2190 2175 2245 visce-

2274 472 2399 533 τοὺς
2426 470 2593 532 πόδας
2614 486 2627 499 ⁸
2666 468 2765 532 τὰς
2794 468 2922 538 μὲν,
2954 467 3029 530 ὼς
3074 469 3132 520 ὲν
3166 465 3327 520 παντὶ
3375 468 3532 537 τόπῳ
3563 467 3709 531 ὀσίας
3742 469 3842 539 (17)

2275 560 2548 633 αἴρεσθαι,
2583 560 2677 613 κα)¹
2717 557 3044 630 δράσσεσθαι
3075 558 3175 627 τῆς
3206 557 3448 628 Χριστοῦ
3480 558 3742 622 παιδείας,
3774 562 3840 629 μή

2277 668 2412 705 ποτε
2434 650 2663 721 ὀργισθῇ
2692 648 2918 719 Κύριος,
2951 646 3046 700 καὶ
3072 645 3429 699 πιστεύεσθαι
3464 645 3621 713 λόγον
3646 646 3730 699 διὰ
3760 647 3843 700 τοῦ

2276 741 2619 814 πρακτικοῦ,
2668 740 2744 802 ὡς
2787 738 2878 792 τὸν
2921 739 2977 789 ὲν
3028 739 3094 806 τῇ
3143 736 3285 807 χειρὶ
3321 733 3609 822 τοῦδεᾲτοῦ
3649 738 3842 808 προφή-

2274 851 2367 886 του
2398 832 2508 903 (18)
2546 829 2854 901 δεδομένονο
2888 828 3015 890 τοὺς
3051 827 3130 890 δὲ,
3171 827 3245 897 μὴ
3282 825 3432 890 ὀξεῖς
3460 820 3601 877 εἶναι
3640 826 3766 895 πρὸς
3791 828 3844 878 τὸ

2276 924 2486 994 ὲκχέειν
2519 915 2677 991 αἷμα,
2719 918 2851 989 μηδὲ
2880 918 2959 979 είς
2982 916 3177 969 κακίαν
3211 916 3507 987 τρέχοντας
3527 932 3542 945 ·
3576 913 3699 967 ἀλλ’
3721 915 3842 968 ἑτοί-

2278 1031 2412 1085 μους
2442 1016 2521 1075 εἰς
2554 1012 2615 1064 τὺ
2657 1008 3017 1078 Εὑαγγέλιον,
3066 1009 3161 1061 καὶ
3191 1008 3327 1079 πρὸς
3362 1006 3426 1059 τὸ
3468 1005 3713 1077 βραϐεῖον
3753 1006 3840 1075 τῆς

2275 1103 2386 1157 ἄνω
2422 1103 2689 1173 κλήσεως,
2729 1098 2827 1153 καὶ
2860 1098 3095 1166 Χριστὸν
3140 1097 3506 1150 ὑπονίπτοντα
3544 1096 3637 1149 καὶ
3667 1095 3839 1150 καθαί-

2277 1208 2439 1265 ροντα
2473 1189 2746 1261 δέχεσθαι.
2797 1190 2863 1241 Et
2901 1204 2987 1250 τις
3025 1188 3141 1240 ἐστὶ
3180 1186 3272 1240 καὶ
3314 1184 3526 1247 κοιλίας
3572 1184 3835 1255 κάθαρσις,

2275 1283 2588 1355 χωρητικῆς
2636 1279 2749 1352 (19)
2790 1279 2886 1333 καὶ
2928 1278 3248 1349 ἀναδοτικῆς
3291 1276 3400 1330 τῶν
3443 1278 3509 1328 ὲκ
3545 1276 3637 1328 τοῦ
3681 1276 3836 1345 Λόγου

2273 1376 2490 1447 τροφῶν
2521 1374 2656 1446 (20),
2689 1371 2853 1427 καλὸν
2896 1372 2988 1425 καὶ
3014 1370 3215 1441 ταύτην
3244 1369 3319 1440 μὴ
3346 1369 3613 1422 θεοποιεῖν
3641 1370 3702 1421 ὲκ
3720 1385 3836 1438 τρυ-

2276 1468 2381 1537 φῆς
2414 1466 2510 1519 καὶ
2535 1464 2636 1536 τῆς
2677 1462 3132 1536 καταργουμένης
3168 1462 3457 1533 βρώσεως·
3502 1459 3634 1513 ἀλλὰ
3663 1459 3835 1514 καθαί-

2278 1575 2391 1629 ρειν
2420 1558 2502 1610 ὅτι
2532 1556 2787 1626 μάλιστα,
2834 1557 2926 1610 καὶ
2970 1556 3142 1607 ποιεῖν
3181 1552 3549 1623 λεπτοτέραν,
3578 1551 3710 1604 ὥστε
3752 1551 3831 1604 τὸν

2275 1648 2447 1716 Λόγον
2482 1647 2686 1720 Κυρίου
2724 1649 2781 1699 ὲν
2826 1646 2965 1717 μέσῃ
2999 1644 3281 1713 δέχεσθαι,
3319 1644 3418 1695 κα)⁸
3455 1643 3638 1710 ἀλγεῖν
3671 1640 3832 1703 καλῶς

2210 1720 2250 1773 Β
2277 1739 2415 1808 ὑπὲρ
2443 1737 2537 1791 τοῦ
2593 1736 2806 1807 Ἰσραὴλ
2840 1737 3138 1797 πταίοντος.
3176 1733 3433 1803 Εὑρίσκω
3466 1733 3560 1785 καὶ
3590 1733 3684 1803 τὴν
3713 1750 3831 1801 καρ-

2281 1828 2400 1882 δίαν
2439 1829 2533 1881 καὶ
2580 1827 2648 1881 τὰ
2672 1828 2822 1891 ἐντὸς
2854 1826 2987 1897 (21),
3018 1827 3181 1897 τιμῆς
3206 1825 3528 1896 ἀξιούμενα.
3558 1824 3731 1877 Πείθει
3773 1840 3832 1894 με

2279 1919 2438 1972 τοῦτο
2467 1918 2631 1971 Δαὸὶδ
2650 1959 2662 1981 ,
2690 1918 2919 1990 καρδίαν
2948 1917 3193 1989 καθαρὰν
3220 1917 3402 1986 ζητῶν
3436 1919 3491 1969 ὲν
3533 1914 3700 1986 ἑαυτῷ
3733 1915 3831 1968 κτί-

2279 2011 2468 2075 ζεσθαι
2489 2052 2503 2077 ,
2532 2013 2626 2065 καὶ
2659 2010 2888 2081 Πνεῦμα
2926 2010 3082 2072 esse;
3112 2011 3169 2062 ὲν
3196 2011 3307 2071 τοῖς
3339 2008 3592 2076 ὲγκάτοις
3618 2004 3829 2074 ὲγκαινί-

2279 2098 2487 2165 ζεσθαι.
2516 2103 2587 2155 Τὸ
2605 2102 2962 2173 διανοητικόν,
2989 2098 3165 2171 οἶμαι,
3187 2100 3364 2170 τούτῳ
3395 2098 3505 2170 (22)
3531 2098 3714 2169 δηλῶν,
3742 2094 3824 2150 καὶ

2280 2193 2346 2247 τὰ
2375 2192 2561 2247 τούτου
2592 2194 2889 2263 κινήματα,
2919 2193 2953 2262 ἢ
2980 2192 3341 2262 διανοήματα.

598 2281 749 2339 ribus
786 2280 1029 2333 innovari
1066 2280 1129 2346 η,
1166 2278 1423 2348 postulat.
1478 2277 1682 2345 Quibus
1731 2281 1928 2347 verbis,
1961 2290 2020 2338 ut
2056 2284 2264 2353 opinnr,
2335 2302 2399 2341 ea
2460 2288 2652 2341 animae
2694 2285 2942 2350 tacultas,
3003 2302 3107 2356 qua
3152 2284 3476 2355 cogitamus,
3545 2294 3698 2353 atque
3741 2284 3826 2337 hu—

592 2376 681 2445 jus
717 2386 894 2430 mutus
929 2384 1022 2428 aut
1052 2376 1403 2444 cogitationes
1434 2374 1824 2445 significantur.

672 2464 785 2520 XL.
828 2466 965 2533 Quid
994 2466 1195 2520 lumbi?
1233 2468 1368 2533 Quid
1394 2468 1589 2522 renes?
1644 2465 1775 2521 Nam
1814 2483 1880 2522 ne
1911 2468 2012 2524 hoc
2055 2472 2178 2540 qui-

602 2559 721 2612 dem
750 2558 1180 2627 praetereundum
1222 2566 1322 2612 est.
1367 2558 1607 2628 Attingat
1654 2558 1767 2611 haec
1796 2573 2009 2629 quoque
2055 2576 2179 2629 pur-

600 2649 769 2716 gntio.
806 2647 927 2702 Sint
953 2648 1116 2702 lumbi
1142 2649 1310 2703 nostri
1343 2649 1623 2712 succincti,
1657 2664 1721 2704 ac
1766 2665 1864 2720 per
1902 2653 2181 2707 continen-

600 2741 730 2793 tiam
768 2739 1017 2806 restricti,
1052 2740 1501 2809 quemadmodum
1549 2740 1731 2795 lsraeli
1764 2742 1916 2807 olim,
1945 2757 2013 2798 ex
2049 2744 2181 2814 legis

607 2831 924 2899 praescripto
957 2831 1021 2894 ",
1054 2833 1252 2900 pascha
1288 2835 1613 2889 comedenti.
1658 2833 1822 2892 Nemo
1855 2837 1998 2891 enim
2043 2854 2175 2907 pure

599 2932 663 2974 :tc
691 2920 925 2990 perfecte
952 2935 1017 2975 ex
1048 2920 1281 2992 IEgypto
1308 2925 1539 2987 excedit,
1566 2941 1665 2981 uec
1693 2929 2171 2984 exterminatorem

600 3009 757 3079 fugit,
789 3011 886 3066 nisi
922 3012 1034 3067 hace
1070 3012 1336 3067 domuerit
1378 3029 1441 3069 ac
1500 3014 1811 3073 frenaverit.
1867 3018 2043 3074 Renes
2079 3037 2173 3074 au-

600 3112 709 3156 tem
742 3102 1062 3159 laudabilem
1097 3103 1522 3160 immutationem
1553 3109 1808 3175 sentiant,
1852 3109 1958 3162 vim
2010 3118 2172 3165 totam

598 3195 868 3263 appetitus
908 3197 975 3249 ad
1029 3196 1192 3251 Deum
1240 3196 1650 3261 transferentes,
1676 3208 1735 3253 ut
1778 3201 1956 3256 dicere
2006 3217 2173 3271 quea-

607 3298 727 3338 mus
758 3302 793 3339 :‘
829 3284 1068 3351 Domine,
1119 3296 1238 3339 ante
1272 3296 1320 3340 te
1352 3302 1501 3341 omne
1554 3288 1868 3343 desiderium
1911 3307 2077 3345 meum
2108 3292 2171 3347 ¹⁸.

599 3375 685 3441 Et,
714 3374 863 3430 Diem
910 3378 1136 3431 hominis
1190 3395 1291 3431 non
1335 3380 1624 3434 desideravi
1650 3382 1713 3436 ".
1772 3381 1925 3439 Viros
1977 3385 2172 3439 etenim

596 3466 958 3534 spiritualium
1016 3470 1406 3524 desideriorum
1456 3472 1501 3503 '°
1566 3487 1664 3527 nos
1717 3488 1836 3529 esse
1904 3476 2172 3530 convenit.

599 3555 733 3612 Nam
764 3559 837 3612 ita
862 3562 1077 3614 demum
1112 3560 1399 3616 draconem
1428 3562 1599 3629 illum,
1631 3563 1782 3633 cujus
1814 3565 1959 3621 vires
2011 3568 2174 3621 maxi-

602 3665 689 3704 ma
724 3666 788 3705 ex
821 3660 974 3719 parte
1009 3652 1060 3705 in
1106 3652 1358 3708 umbilico
1392 3661 1444 3709 et
1478 3655 1675 3711 lumbis
1716 3657 1832 3712 sitae
1885 3667 2028 3724 sunt,
2077 3674 2176 3730 op-

597 3742 977 3812 presserimus,
1019 3742 1283 3797 exstincta
1348 3745 1598 3799 videlicet
1630 3761 1925 3817 eversaque
1976 3764 2036 3804 ea
2079 3765 2177 3820 po-

601 3831 788 3892 tentia,
816 3845 979 3900 quam
1021 3830 1073 3884 in
1119 3830 1202 3886 bis
1232 3834 1474 3902 partibus
1511 3835 1736 3891 obtinet.
1772 3824 1882 3892 Nec
1924 3851 2052 3895 vero
2083 3841 2175 3894 tibi

600 3924 905 3977 mirandum
956 3923 1185 3988 accidat,
1224 3926 1365 3994 quod
1427 3926 1606 3983 minus
1649 3930 1888 3986 honestis
1936 3933 2177 4002 corporis

599 4013 847 4081 partibus
881 4014 1184 4070 uberiorem
1225 4015 1484 4072 honorem
1513 4019 1557 4049 ἰ
1585 4019 1783 4084 tribuo,
1807 4035 1899 4075 eas
1930 4024 2191 4077 sermone

601 4104 938 4160 mortiﬁcans
969 4113 1024 4160 et
1065 4106 1357 4175 castigans,
1393 4117 1557 4178 atque
1588 4111 1846 4167 adversus
1897 4114 2176 4169 materiam

602 4204 755 4251 stans
777 4194 828 4249 in
859 4197 1159 4264 procinctu.
1187 4195 1384 4253 Omnia
1417 4202 1677 4267 membra,
1709 4217 1829 4272 qua:
1860 4211 1985 4258 sunt
2018 4218 2180 4275 super

2347 2468 2431 2523 M'.
2462 2467 2527 2520 Τί
2564 2466 2619 2519 δὲ
2664 2482 2698 2538 η
2757 2466 2958 2536 ὀσφύς;
3000 2467 3064 2519 Τί
3099 2466 3154 2519 δὲ
3192 2466 3242 2518 oi
3284 2464 3507 2535 νεφροί;
3552 2462 3694 2533 Μηδὲ
3731 2461 3825 2531 γὰρ

2278 2561 2437 2616 τοῦτο
2470 2557 2849 2629 παρέλθωμεν.
2909 2556 3187 2611 Ἀπτέσθω
3220 2558 3314 2609 κα).
3342 2556 3548 2608 τούτων
3578 2558 3610 2623 ἡ
3641 2552 3824 2621 κιίθαρ⁸

2278 2670 2393 2716 σις’
2436 2651 2678 2704 ἔστωσαν
2711 2648 2868 2720 ἡμῶν
2911 2648 3019 2719 (25)
3054 2650 3108 2702 αἱ
3145 2647 3348 2717 ὀσφύες
3395 2642 3821 2716 περιεζωσμέναι,

2277 2745 2369 2799 καὶ
2418 2740 2812 2812 ἁνεσταλμέναι
2854 2740 2963 2811 (24)
3018 2739 3085 2791 δι’
3137 2738 3486 2809 ἐγκρατείας,
3539 2736 3715 2804 ὥσπερ
3757 2732 3823 2801 τῷ

2292 2836 2509 2908 Ἰσραὴλ
2533 2834 2723 2899 πάλαι,
2746 2833 2886 2886 κατὰ
2913 2832 3002 2885 τὸν
3025 2831 3208 2901 νόμον,
3237 2831 3331 2883 τοῦ
3369 2829 3554 2899 πάσχα
3580 2824 3823 2897 μεταλαμ-

2280 2927 2494 2982 ϐάνοντι
2531 2926 2665 2997 (25).
2700 2924 2888 2985 Οὐδεὶς
2920 2922 3027 2994 γὰρ
3057 2920 3312 2995 καθαρῶς
3339 2921 3609 2989 Αἴγυπτον
3635 2914 3821 2985 ἐξέρχε-

2273 3036 2383 3080 ται,
2410 3017 2529 3070 οὐδὲ
2554 3016 2740 3085 φεύγει
2780 3014 2871 3067 τὸν
2912 3012 3263 3085 ὸλοθρεύοντα
3281 3050 3296 3076 ,
3356 3011 3432 3082 μὴ
3458 3007 3625 3061 ταῦτα
3653 3004 3820 3058 παιδα-

2272 3110 2553 3180 γωγὴσας.
2585 3109 2649 3161 Οί
2677 3107 2733 3161 δὲ
2768 3108 2867 3177 τὴν
2891 3105 3062 3177 καλὴν
3085 3104 3372 3160 ἀλλοίωσιν
3397 3098 3816 3156 ἀλλοιούσθωσαν,

2274 3202 2393 3255 ὅλον
2422 3202 2481 3255 τὸ
2505 3199 2904 3271 ἐπιθυμητικὸν
2933 3198 3072 3270 πρὸς
3095 3196 3226 3250 Θεὸν
3269 3194 3677 3265 μεταφέροντες,
3701 3187 3818 3239 ὥστε

2273 3293 2533 3347 δύνασθαι
2573 3291 2781 3359 λέγειν·
2836 3292 3041 3360 Κύριε,
3099 3288 3373 3344 ἐναντίον
3424 3301 3537 3340 σου
3585 3280 3739 3334 πᾶσα
3780 3276 3811 3342 ἡ

2274 3384 2553 3454 ἐπιθυμία
2577 3400 2696 3453 μου
2724 3401 2736 3415 ο
2785 3384 2899 3446 καὶ,
2941 3381 3187 3451 Ἡμέραν
3213 3377 3526 3446 ἀνθρώπου
3590 3374 3694 3465 οὐξι
3734 3369 3816 3465 ἐπί

2281 3474 2575 3542 εθύμησα.
2605 3473 2695 3524 Δεῖ
2718 3472 2824 3543 γὰρ
2846 3470 3277 3540 γενέσθαιᾶνδρα
3290 3466 3591 3537 ἐπιθυμιῶν
3617 3461 3715 3516 τῶν
3736 3461 3815 3510 τοῦ

2277 3566 2617 3635 Πνεύματος.
2650 3566 2837 3629 Οὕτως
2871 3564 2936 3618 ἂν
2979 3566 3110 3634 ἡμῖν
3153 3563 3263 3633 (26)
3307 3562 3404 3615 καὶ
3431 3563 3459 3614 ὁ
3496 3559 3555 3612 τὸ
3601 3556 3817 3608 πλεῖστον

2275 3658 2373 3728 τῆς
2407 3657 2587 3727 ίσχύος
2625 3658 2717 3709 ἐπὶ
2758 3655 2854 3709 τοῦ
2886 3652 3129 3725 ὀμφαλοῦ
3169 3654 3263 3707 καὶ
3306 3653 3407 3722 τῆς
3440 3647 3632 3718 ὀσφύος
3661 3644 3816 3714 φέρων

2278 3747 2492 3819 δράκων
2518 3747 2844 3817 καταλυθείη
2862 3787 2875 3808 ,
2902 3747 3000 3815 τῆς
3022 3745 3150 3817 περὶ
3170 3744 3341 3798 ταῦτα
3363 3739 3668 3800 δυναστείας
3693 3730 3817 3799 αὐτῷ

2277 3838 2661 3911 νεκρωθείσης.
2691 3839 2781 3909 Μὴ
2809 3838 3095 3910 θαυμάσῃς
3121 3837 3197 3901 δὲ,
3228 3836 3275 3889 εί
3301 3837 3527 3897 καὶτοῖς
3547 3831 3815 3901 ἀσχήμοσιν

2276 3931 2640 4002 ἡμῶν,’τιμὴν
2682 3930 3073 4003 περισσοτέραν
3099 3929 3287 3999 τίθημι
3314 3928 3447 3999 (27),
3474 3925 3610 3994 λόγῳ
3636 3914 3817 3988 νεκρῶν

2278 4021 2451 4075 ταῦτα
2485 4024 2579 4097 καὶ
2620 4022 2992 4093 σωφρονίζων,
3030 4023 3120 4074 καὶ
3156 4020 3295 4074 κατὰ
3323 4021 3420 4091 τῆς
3461 4018 3586 4087 ὕλης
3623 4012 3815 4079 ἱστάμεο

2277 4131 2387 4177 νος.
2420 4114 2605 4167 Πάντα
2634 4114 2812 4185 δῶμεν
2839 4113 2958 4184 Θεῴ
2989 4114 3058 4167 τὰ
3090 4114 3223 4185 μέλη
3260 4114 3353 4166 ἐπὶ
3381 4112 3481 4181 τῆς
3509 4109 3626 4180 γῆς,
3662 4104 3815 4156 πάντα

2277 4205 2725 4277 καθιερὼσωμεν.
2760 4206 2851 4276 Μὴ
2873 4206 3027 4258 λοϐὸν
3054 4206 3281 4275 ἥπατος,
3309 4204 3440 4274 μηδὲ
3461 4198 3677 4269 νεφροὺς
3696 4188 3815 4263 μετᾶ

601 4296 824 4351 terram,
858 4286 966 4343 Deo
990 4288 1199 4354 demus,
1234 4291 1415 4346 omnia
1461 4307 1869 4359 consecremus;
1919 4309 2023 4350 non
2073 4311 2169 4349 au-

2275 4299 2370 4368 τῆς
2398 4297 2651 4367 πιμελῆς,
2682 4298 2813 4369 μηδὲ
2829 4298 2888 4351 τὸ
2908 4297 3019 4367 (28)
3045 4298 3205 4368 μέρος
3223 4294 3317 4349 τοῦ
3342 4294 3603 4365 σώματος,
3631 4284 3751 4358 μηδὲ
3766 4280 3816 4331 τὸ

601 4388 707 4437 tem
749 4378 937 4433 ﬁbram
990 4380 1160 4435 solum
1211 4381 1437 4451 hepalis,
1474 4398 1579 4437 non
1620 4399 1777 4439 renes
1818 4399 1939 4440 cum
1983 4387 2159 4457 adipe,

2275 4390 2358 4443 καὶ
2380 4390 2457 4443 τό.
2483 4389 2581 4443 Διὰ
2613 4388 2664 4441 τί
2689 4388 2797 4460 γὰρ
2821 4389 2888 4443 τὰ
2911 4388 3043 4443 ἄλλα
3067 4390 3196 4459 ἡμῖν
3218 4384 3546 4458 ἀτιμαστέα;
3570 4378 3745 4436 Ὅλους
3766 4369 3814 4421 δὲ

669 4503 715 4575 ξ’
740 4500 881 4575 P_sal.
914 4518 972 4562 ιι,
998 4502 1084 4556 12.
1123 4502 1205 4575 Αξι
1234 4501 1435 4575 Jcreui.
1465 4521 1514 4566 L,
1548 4504 1599 4556 1.
1682 4505 1725 4537 ιδ
1761 4504 1897 4559 Psal.
1959 4521 2075 4567 xm.
2108 4508 2160 4561 '5.

2275 4510 2283 4540 '
2316 4508 2539 4575 Philipp.
2572 4525 2651 4571 ιιι,
2683 4509 2769 4564 11.
2861 4508 2904 4538 ⁸⁸
2935 4508 3075 4564 l‘sal.
3106 4524 3134 4561 ι.
3181 4507 3266 4561 12.
3343 4507 3385 4538 ¹⁷
3419 4501 3580 4557 Exod.
3624 4510 3711 4559 xu,
3739 4489 3811 4544 11.

599 4570 645 4606 ⁸⁸
669 4572 808 4628 Psal.
856 4588 1060 4637 xxxvii,
1113 4573 1199 4628 10.
1280 4572 1543 4628 "Jerem.
1583 4589 1712 4638 xvu,
1747 4576 1832 4629 16.
1907 4577 1954 4608 ³ο
1999 4577 2131 4632 Dan.
2167 4579 2358 4645 tx,25.

672 4700 786 4832 (17)
834 4699 1057 4767 Ὀσίας.
1083 4701 1244 4756 Coisl.
1275 4703 1327 4765 1,
1351 4703 1531 4768 ὁσίως.

673 4772 762 4832 (18
831 4770 1010 4823 Τοῦδε
1035 4770 1141 4824 τοῦ
1171 4771 1498 4832 προφήτου.

673 4770 786 4841 (18)
820 4770 1010 4841 ίΤοῦδε
1035 4770 1141 4824 τοῦ
1171 4771 1498 4841 προφήτου.
1534 4772 1760 4827 Basilius
1797 4775 1963 4841 addit,
1994 4776 2172 4833 εῐτουν

599 4839 694 4914 τοῦ
724 4840 1003 4914 Μαλαχίου
1025 4858 1037 4870 ·
1072 4841 1242 4914 οὕτως
1264 4839 1372 4913 γὰρ
1396 4843 1779 4914 ἑρμηνεύεται,
1819 4863 1837 4895 ι
1872 4839 1986 4899 sive
2011 4848 2173 4901 Mala-

602 4910 774 4981 c._|iiae;
803 4910 881 4981 sic
915 4912 1056 4981 enim
1095 4910 1493 4981 interpretatur.
1529 4910 1547 4963 ἰ
1589 4913 1708 4965 Vult
1747 4914 1911 4981 igitur
1947 4917 2175 4972 Basilius

602 4979 921 5050 Gregorium
953 4979 1192 5050 allusisse
1235 4980 1307 5050 ad
1358 4982 1471 5034 haec
1501 4984 1662 5035 verba
1703 4979 1997 5048 hlalachim,
2030 5002 2079 5041 c.
2118 4987 2172 5050 1,

607 5051 658 5101 1.
690 5067 707 5099 ι
744 5048 891 5103 Onus
918 5050 1062 5103 verbi
1097 5049 1305 5103 Domini
1338 5050 1500 5105 Israel
1538 5050 1590 5105 in
1621 5067 1779 5107 manu
1806 5052 2101 5111 Malachiae.
2145 5048 2165 5108 ι

605 5121 816 5188 Aggens
851 5119 1011 5188 etiam
1037 5118 1116 5173 sic
1142 5120 1444 5184 exorditur,
1486 5136 1536 5177 c.
1567 5124 1617 5187 1,
1648 5122 1671 5175 1
1711 5161 1726 5178 .
1762 5140 1779 5173 ι
1829 5123 2051 5181 Factum
2090 5133 2176 5181 cst

607 5186 1071 5262 verbunupomini
1101 5190 1152 5262 i_n
1176 5206 1337 5262 manu
1372 5194 1546 5262 Δίζκωὶ
1581 5186 1871 5262 prophetae.
1903 5215 1922 5249 ι

680 5257 792 5328 (l9)
831 5257 1193 5328 prnnxﬁc.
1226 5257 1475 5315 Nonnulli
1506 5257 1727 5328 addunt,
1747 5281 1827 5319 τε.

679 5326 793 5398 (20)
838 5327 961 5404 T021
972 5326 1176 5404 _Adr0v
1204 5330 1455 5400 τροφῶν.
1498 5350 1518 5383 ι
1546 5326 1763 5389 Οἰὺοεέ
1793 5333 1966 5389 Verbo
1988 5350 2177 5404 proce-

610 5396 829 5475 dentes._
853 5415 875 5475 ρ
929 5397 1017 5475 Sic
1056 5396 1753 5475 vertendumputamusex
1796 5396 2176 5475 consequenti-

611 5465 731 5529 bus,
780 5467 879 5544 ubi
905 5469 1076 5544 agitur
1114 5488 1130 5520 ι
1177 5471 1243 5544 de
1278 5465 1449 5544 Verbo
1476 5472 1715 5544 Domini;
1753 5493 1772 5526 ι
1799 5465 2044 5544 quamvis
2082 5475 2177 5530 Ni-

610 5545 759 5590 cetas
788 5536 837 5617 id
856 5536 1180 5617 intelligat}
1214 5542 1279 5594 de
1313 5536 1744 5617 cogitationibus,
1783 5536 1947 5597 [τῶν
1975 5546 2180 5617 νοημά-

612 5620 743 5667 των,
776 5614 830 5659 et
853 5605 1036 5680 Billius
1071 5627 1089 5659 ι
1118 5610 1184 5665 de
1210 5605 1408 5675 mente,
1450 5629 1469 5663 ι
1501 5612 1578 5667 sic
1603 5623 1817 5668 vertens
1853 5628 1868 5667 :
1904 5633 1922 5666 ι
1958 5605 2098 5680 quod
2133 5617 2178 5670 ei

615 5689 722 5745 qua
750 5676 949 5732 ventris
977 5692 1190 5749 quoque
1224 5680 1384 5750 illius,
1415 5683 1503 5752 qui
1536 5686 1736 5739 mentis
1763 5684 1913 5740 cibos
1950 5676 2091 5755 c'apit
2116 5699 2180 5740 ac

2437 4581 2477 4611 ¹¹
2513 4579 2685 4635 lCor.
2719 4593 2814 4644 xu,
2843 4578 2934 4633 25.

2278 4712 2572 4774 distribuit,
2610 4732 2628 4764 ι
2660 4722 2768 4769 etc.

2372 4781 2461 4845 21)
2515 4784 2732 4849 Ὲντός.
2759 4780 2923 4838 Coisl.
2960 4783 3011 4848 1,
3046 4780 3311 4836 ὲνδόσθια.

2372 4784 2461 4845 21)
2515 4784 2732 4849 Ὲντός.
2759 4784 2923 4838 Coisl.
2960 4784 3011 4848 1,
3046 4784 3311 4836 ὲνδόσθια.

2348 4784 2461 4921 (22)
2502 4854 2710 4919 Τούτῳ.
2737 4852 2981 4919 Quinque
3020 4850 3211 4921 Regg.,
3242 4859 3374 4915 etc.,
3403 4847 3557 4902 οὕτω.

2350 4853 2462 4983 (22)
2502 4854 2710 4919 Τούτῳ.
2737 4853 2981 4919 Quinque
3020 4853 3211 4921 Regg.,
3242 4859 3374 4915 etc.,
3403 4853 3555 4902 οὕτω.

2350 4921 2452 4994 (ἓξ,
2510 4922 2725 4994 Ἦμῶν.
2760 4923 2814 4975 In
2849 4921 3136 4994 nonnullis.
3172 4920 3345 4994 ὑμῶν.

2350 4971 2462 5059 (si;
2513 4971 3403 5061 axungia;angens.
3442 4983 3621 5061 addit:
3650 4971 3805 5061 καίει

2280 5054 2462 5132 λύχνοι
2507 5063 2784 5132 καιόμενοι
2802 5054 3279 5132 ’δι’ίὲγκράτειαν·
3322 5080 3339 5112 ι
3378 5068 3433 5113 et
3479 5058 3690 5109 lucerna!
3734 5054 3807 5095 ar-

2281 5131 2467 5190 dentes
2493 5148 2588 5199 per
2615 5131 3017 5185 Continentiam.
3059 5150 3077 5182 ι
3152 5164 3157 5169 ~

2618 5177 3500 5270 ζῘᾶζξέᾶἧίῐῖ’,λὶετανίιῑμόάνοντι.
3552 5189 3663 5244 Bas.
3710 5177 3802 5241 edn

2278 5270 2392 5342 “tofi
2414 5272 2645 5342 Ἰσραὴλ.
2656 5311 2669 5324 .
2680 5311 2692 5323 .
2734 5270 2936 5342 μεταλα
2943 5270 3252 5341 μὸάνοντος.

2290 5318 2692 5411 ”(26)’Ἥ,ὶὶῗ›ἒξ
2734 5318 3134 5411 Γέῑῖὲῖυῗιῖᾇίιέ
3156 5318 3354 5410 vlle—g3”
3387 5346 3565 5391 novem
3595 5321 3730 5381 Colb.
3758 5318 3801 5367 et

2279 5409 2466 5465 Comi).
2499 5409 2556 5463 In
2589 5411 2699 5465 ed..
2732 5412 2879 5465 ὑμῖν.
3622 5462 3639 5465 A
3717 5454 3727 5465 _

2324 5427 2466 5463 omn.
2503 5427 2556 5463 In
2589 5427 2699 5466 θα..
2732 5428 2879 5466 υμιν.

2900 5480 3075 5552 t2_olb.,
3110 5478 3255 5546 Bas.,
3290 5476 3514 5543 Ilcrvag.
3544 5476 3594 5523 et
3619 5454 3800 5517 Paulus”.

2281 5550 2299 5604 I
2350 5498 2462 5604 (Cat)
2508 5498 2728 5603 ιισηέιι.
2762 5498 3075 5579 uno-hom”

2366 5566 2476 5621 por.
2506 5566 2629 5621 xu,
2655 5553 2721 5621 A3,
2747 5549 3084 5621 περι.ίθημι,.

2354 5566 2476 5605 Lor.
2506 5566 2601 5615 xu,
2630 5566 2721 5615 zo,
2747 5566 2813 5601 πε
2859 5566 3084 5621 suumn.

2354 5619 2465 5690 (28)
2506 5619 2671 5687 Μηδὲ
2697 5620 2783 5672 τό.
2819 5566 3030 5687 South”
3064 5619 3197 5691 μηδέ
3229 5635 3301 5672 τι.
