4050 6298
222 249 330 304 m
1147 246 1407 302 (mmo
1449 247 1561 300 XL.
1602 277 1673 286 -
1704 247 1771 302 IN
1812 248 2141 307 SANCTUM
2180 253 2543 310 BAPTISMA.
2844 242 2859 255 '
3364 263 3473 316 us

218 368 372 435 ἡμᾶς
400 364 599 427 αὐτοὺς
624 364 1001 437 άνενέγκωμεν
1024 384 1037 396 ο
1066 367 1351 437 γενώμεθα
1379 367 1786 437 ὁλοκαυτώματα

1907 384 2011 423 non
2046 381 2249 440 partem
2282 373 2566 439 quamdam
2596 370 2856 438 corporis.
2887 385 2991 424 non
3023 371 3145 435 hoc,
3195 382 3286 426 aut
3325 373 3477 427 illud-

218 455 447 523 λογικά,
481 454 699 525 θύματα
741 456 959 510 τέλειαι
1000 458 1137 528 μηδὲ
1170 457 1259 509 τὸν
1304 456 1562 529 βραχίονα
1599 460 1759 528 μόνον
1782 499 1797 522 ,

221 548 358 618 μηδὲ
392 547 453 599 τὸ
488 546 775 616 στηθύνιον
821 549 1013 618 μόνον,
1055 548 1339 619 άφαίρεμα
1369 548 1480 620 (29)
1522 550 1796 619 ἱερατικὸν

220 638 506 707 ποιώμεθα
541 638 653 705 (50)
687 637 705 707 (
735 638 929 708 μικρὸν
959 640 1067 710 γὰρ
1096 637 1253 691 τοῦτο
1289 639 1345 708 )·
1386 639 1500 693 ἀλλ’
1544 639 1695 701 ὅλους
1724 639 1801 692 δι-

217 729 398 791 δόντες
425 729 574 798 ἡμᾶς
610 728 827 793 αὐτοὺς,
865 729 1020 793 ὅλους
1058 729 1543 800 άντιλαμϐάνωμεν
1564 746 1577 761 ο
1611 730 1797 802 ἐπειδὴ

215 817 373 870 τοῦτο
408 820 525 870 ὲστι
558 816 743 870 λαϐεῖν
779 818 1055 889 καθαρῶς,
1088 819 1147 871 τὸ
1177 818 1256 889 τῷ
1287 818 1406 889 Θεῷ
1437 819 1674 890 δοθῆναι,
1705 821 1799 874 καὶ

217 907 575 977 ίεφυργῆσαι
610 907 709 977 τὴν
737 908 895 978 ἡμῶν
928 908 1106 961 αὐτῶν
1138 908 1411 979 σωτηρίαν
1448 908 1582 979 (51).

284 1183 417 1237 BlA'.
460 1184 585 1236 Ἐπὶ
614 1185 769 1249 πᾶσι,
802 1185 896 1236 καὶ
925 1184 1029 1251 πρὸ
1055 1182 1291 1244 πάντων,
1316 1180 1555 1250 φύλασσέ
1584 1200 1672 1252 μοι
1698 1183 1795 1254 τὴν

212 1274 385 1345 καλὴν
420 1275 895 1346 παρακαταθήκην
916 1314 931 1337 ,
1043 1274 1121 1338 ζῶ
1149 1273 1259 1345 (52)
1290 1275 1381 1326 καὶ
1419 1273 1791 1346 πολιτεύομαι,

212 1364 278 1434 ἢν
325 1365 422 1416 καὶ
475 1363 811 1432 συνέκδημον
856 1362 1117 1434 λάϐοιμι,
1159 1363 1275 1432 μεθ’
1317 1357 1384 1433 ἦς
1437 1364 1529 1416 καὶ
1571 1364 1794 1432 ἀλγεινὰ

212 1452 389 1504 πάντα
431 1452 610 1521 φέρω,
644 1451 737 1503 καὶ
774 1451 1008 1521 τερπνὸν
1060 1450 1219 1525 ἆπανκ
1252 1451 1364 1518 (55)
1395 1449 1664 1516 διαπτύω,
1697 1454 1793 1523 τήν

212 1544 289 1604 εἰς
318 1542 564 1614 Πατέρα,
606 1542 699 1594 καὶ
726 1541 877 1604 Υίὸν,
905 1542 1000 1594 καὶ
1032 1541 1184 1609 ἅγιον
1218 1540 1443 1612 Πνεῦμα
1478 1542 1789 1613 ὁμολογίαν.

213 1634 428 1704 Ταύτην
460 1632 703 1685 πιστεύω
726 1650 805 1686 σοι
830 1634 1085 1704 σήμερον·
1115 1632 1288 1705 ταύτῃ
1316 1635 1407 1686 καὶ
1434 1634 1791 1705 συμϐαπτίσω

212 1726 301 1776 καὶ
350 1723 637 1787 συνανάξω
845 1740 927 1776 σε.
980 1722 1194 1794 Ταύτην
1238 1724 1429 1795 δίδωμι
1460 1726 1660 1788 παντὸς
1697 1727 1788 1780 τοῦ
1827 1708 1864 1760 Β

213 1816 325 1884 βίου
358 1813 612 1867 κοινωνὸν
645 1813 739 1866 καὶ
773 1813 1070 1882 προστάτιν
1102 1813 1235 1883 (35),
1270 1812 1368 1883 τὴν
1402 1813 1532 1884 μίαν
1561 1813 1792 1885 θεότητά

208 1924 263 1958 τε
298 1907 395 1959 καὶ
433 1905 665 1975 δύναμιν
706 1907 766 1957 ὲν
790 1906 906 1968 τοῖς
931 1903 1109 1975 τρισὶν
1151 1906 1547 1977 εὑρισκομένην
1574 1907 1786 1970 ἑνικῶς,

210 1998 300 2051 καὶ
342 1997 412 2050 τὰ
451 1997 579 2068 τρία
616 1995 1095 2067 συλλαμϐάνουσαν
1164 1997 1467 2069 μεριοτῶς·
1524 1997 1647 2050 οὔτε
1696 2001 1792 2052 ἁν-

213 2090 437 2160 ώμαλον
480 2089 688 2151 οὐσίαις
714 2088 747 2158 ἣ
776 2088 1028 2157 φύσεσιν,
1069 2086 1191 2141 οὔτε
1240 2088 1539 2159 αὐξομένην
1583 2087 1715 2156 (56),
1754 2088 1786 2159 ἢ

210 2179 542 2249 μειουμένην
583 2178 909 2249 ὑπερϐολαῖς
946 2179 1040 2231 καὶ
1069 2179 1289 2246 ύφέσεσι
1311 2222 1323 2239 ,
1357 2178 1618 2230 πάντοθεν
1644 2178 1787 2244 ἴσην,

205 2271 300 2340 τὴν
329 2270 505 2341 αὐτὴν
535 2268 823 2331 πάντοθεν,
846 2268 921 2331 ὡς
945 2268 1002 2321 ἓν
1027 2267 1254 2339 ούρανοῦ
1287 2268 1481 2331 κάλλος
1510 2270 1601 2322 καὶ
1627 2269 1789 2339 μέγε⁴

206 2365 294 2424 θος
310 2378 326 2391 ·
358 2361 529 2432 τριῶν
550 2361 795 2430 ἀπείρων
815 2361 1039 2432 ἄπειρον
1063 2360 1339 2430 συμφυΐαν
1357 2398 1371 2422 ,
1403 2359 1536 2412 Θεὸν
1559 2358 1787 2411 ἕκαστον

206 2455 324 2508 καθ’
366 2454 527 2507 ἑαυτὸ
564 2453 936 2524 θεωρούμενον
958 2490 971 2515 ,
1006 2452 1079 2517 ὡς
1126 2450 1343 2523 Πατέρα
1385 2452 1476 2505 καὶ
1509 2451 1637 2503 Υίὸν
1662 2489 1676 2512 ,
1711 2449 1788 2513 ὡς

206 2548 331 2601 Υίὺν
351 2550 445 2600 καὶ
466 2548 528 2600 τὸ
550 2546 702 2616 ἅγιον
730 2545 952 2617 Πνεῦμα
978 2545 1110 2616 (37).
1131 2543 1547 2615 φυλασσομένης
1572 2545 1786 2615 ἑκάστῳ

202 2642 298 2711 τῆς
325 2641 609 2711 ἰδιότητος.
646 2638 777 2693 Θεὸν
819 2639 888 2692 τὰ
920 2638 1046 2708 τρία
1082 2638 1177 2690 σὺν
1219 2636 1468 2707 ἀλλήλοις
1497 2636 1782 2707 νοούμενα,

201 2735 379 2786 ἐκεῖνο
411 2732 502 2785 διά
531 2732 629 2803 τὴν
658 2731 1051 2802 ὁμοουσιότητα
1072 2770 1087 2795 ,
1116 2728 1279 2783 τοῦτο
1321 2729 1409 2782 διὰ
1449 2727 1545 2798 τὴν
1573 2744 1788 2798 μοναρ-

201 2821 347 2889 χίαν.
383 2821 457 2873 Οὐ
492 2820 679 2890 φθάνω
709 2820 771 2872 τὸ
812 2819 868 2871 ἓν
906 2819 1118 2888 νοῆσαι,
1161 2818 1255 2872 καὶ
1296 2820 1408 2881 τοῖς
1438 2818 1586 2889 τρισὶ
1635 2835 1786 2888 περι-

199 2912 486 2982 λάμπομαι
514 2928 528 2941 ·
578 2911 640 2963 οὐ
686 2910 873 2980 φθάνω
918 2909 987 2963 τά
1031 2909 1157 2979 τρία
1200 2909 1424 2972 διελεῖν,
1462 2909 1553 2961 καὶ
1591 2910 1671 2972 είς
1724 2908 1785 2961 τὸ

198 3002 256 3054 ἓν
292 3002 639 3073 ἁναφέρομαι
679 3000 814 3070 (38).
855 3000 1025 3053 Ὅταν
1075 3000 1133 3054 ἓν
1172 3015 1225 3053 τι
1271 2999 1379 3052 τῶν
1420 3000 1587 3071 τριῶν
1640 3017 1780 3067 φαν-
1808 3041 1853 3101 c

198 3092 404 3155 τασθῶ,
433 3092 591 3145 τοῦτο
616 3089 821 3162 νομίζω
851 3090 910 3143 τὸ
934 3091 1060 3155 πᾶν,
1092 3091 1183 3143 καὶ
1208 3088 1305 3160 τὴν
1334 3089 1456 3158 δψιν
1487 3089 1779 3160 πεπλήρω-

200 3202 328 3254 μαι,
367 3185 460 3237 καὶ
501 3185 563 3237 τὸ
614 3184 794 3236 πλεῖον
826 3183 1102 3252 διέφυγεν.
1135 3182 1249 3235 Ούκ
1282 3180 1390 3251 ἔχω
1442 3180 1504 3232 τὸ
1552 3180 1776 3250 μέγεθος

196 3275 389 3327 τούτου
425 3274 777 3336 καταλαϐεῖν,
811 3274 896 3326 ἵνα
930 3273 1004 3325 δῶ
1034 3272 1093 3325 τὸ
1122 3272 1303 3324 πλεῖον
1338 3271 1416 3341 τῷ
1449 3270 1775 3341 λειπομένῳ.

199 3367 368 3420 Ὅταν
413 3366 482 3419 τὰ
522 3368 649 3437 τρία
694 3364 898 3419 συνέλω
929 3368 994 3436 τῇ
1032 3364 1265 3435 θεωρίᾳ,
1306 3363 1434 3434 μίαν
1478 3363 1588 3435 ὁρῶ
1635 3364 1777 3432 λαμ-

198 3458 342 3511 πάὸα
360 3500 375 3525 ,
402 3460 502 3512 οὐκ
529 3459 667 3529 ἔχων
700 3457 891 3510 διελεῖν
929 3455 963 3527 ἢ
1003 3456 1271 3526 μετρῆσαι
1300 3454 1361 3507 τὸ
1393 3454 1507 3523 φῶς
1536 3452 1779 3525 ένιζόμε-

197 3567 305 3606 νον.

1904 458 2014 512 Cur
2046 461 2187 514 enim
2220 461 2322 514 alia
2364 458 2831 515 comtemnamus?
2866 457 3057 511 Verum
3089 475 3186 513 nos
3226 469 3367 515 toms
3391 462 3480 515 of-

1904 548 2164 602 feramus.
2194 550 2373 605 Simus
2399 550 2710 605 holocausta
2737 550 2943 604 ratione
2971 551 3213 619 praedita,
3240 554 3471 606 victimae

1902 638 2194 706 perfectae;
2247 656 2346 695 nec
2396 640 2673 695 brachium
2726 640 2921 705 solum,
2972 649 3064 693 aut
3108 643 3476 708 pectuscmum

1903 731 2064 802 724
2100 732 2365 786 sacerdoti
2420 733 2810 797 attrilmamus;
2866 732 3024 786 nimis
3064 734 3205 787 enim
3253 732 3475 802 parvum

1902 825 2001 878 hoc
2036 823 2238 892 fuerit;
2293 839 2473 879 verum
2506 839 2615 878 nos.
2648 825 2793 894 ipsos
2845 833 2985 878 totos
3030 824 3137 879 Deo
3173 826 3223 878 in
3281 842 3477 881 munus

1898 912 2211 979 oﬂ‘eramus,
2267 924 2323 967 ut
2384 930 2481 969 nos
2530 923 2667 968 totos
2718 914 3075 981 recipiamus;
3135 916 3474 985 quandoqui-

1898 1005 2019 1058 dem
2057 1005 2157 1060 hoc
2187 1015 2269 1061 est
2298 990 2455 1075 plane
2500 1006 2769 1074 accipere,
2795 1004 2902 1058 Deo
2946 1006 3198 1059 donatum
3240 1022 3383 1073 esse,
3420 1016 3474 1062 et

1896 1095 2049 1162 quasi
2099 1090 2209 1149 rem
2248 1111 2459 1150 sacram
2486 1096 2709 1151 salutem
2742 1106 2975 1149 nostram
3007 1096 3240 1163 operari.

1910 1214 1913 1215 ν
1968 1185 2105 1239 χιι.
2141 1186 2341 1241 Prteter
2363 1188 2476 1241 haec
2501 1187 2703 1249 omnia,
2723 1186 2831 1239 imo
2859 1194 2981 1239 ante
3008 1186 3118 1239 hate
3144 1185 3342 1250 omnia,
3386 1186 3463 1241 bo

1897 1292 2021 1329 num
2043 1278 2342 1345 depositum
2368 1278 2580 1331 custodi
2600 1278 2668 1340 “,
2689 1277 2772 1330 cui
2798 1276 2937 1338 vivo,
2962 1284 3014 1328 ct
3037 1288 3135 1343 pro
3153 1290 3257 1343 quo
3283 1274 3471 1340 milito,

1895 1377 1950 1422 ct
1970 1369 2107 1437 quod
2129 1371 2330 1423 utinam
2352 1385 2509 1425 tneex
2535 1371 2637 1424 hac.
2654 1369 2757 1423 vita
2774 1368 3136 1423 discedentem
3164 1370 3470 1434 comitetur,

1895 1476 2016 1514 cum
2049 1476 2155 1524 quo
2181 1469 2235 1516 et
2259 1477 2450 1516 omnes
2467 1462 2587 1515 vita:
2611 1460 2880 1514 molestias
2900 1459 3196 1528 perfero,ct
3216 1460 3470 1529 jucundi-

1897 1558 2032 1604 tates
2055 1565 2243 1606 omnes
2270 1561 2555 1604 contemno
2582 1564 2646 1603 ac
2677 1565 2773 1617 pro
2801 1548 2963 1602 nihilo
2987 1548 3157 1612 duco;
3193 1548 3372 1613 ﬁdem,
3394 1548 3445 1600 in

1894 1658 2075 1711 quam,
2098 1651 2151 1697 et
2177 1640 2571 1696 confessionem
2601 1641 2650 1694 in
2680 1641 2910 1705 Patrem,
2938 1650 2991 1694 et
3018 1639 3234 1704 Filium,
3271 1647 3326 1694 et
3350 1640 3468 1706 Spi-

1896 1735 2054 1787 ritum
2093 1743 2360 1787 sanctum.
2416 1731 2565 1787 llanc
2590 1734 2683 1786 tibi
2725 1731 2982 1786 hodierno
3013 1732 3096 1784 die
3153 1730 3471 1795 committo;

1894 1840 2014 1879 cum
2043 1825 2144 1878 hac
2181 1835 2252 1892 te,
2289 1837 2342 1879 et
2376 1824 2609 1879 lustricis
2644 1824 2799 1893 aquis
2836 1824 3172 1892 immergant,
3199 1831 3254 1876 et
3288 1823 3340 1876 in
3391 1820 3468 1875 al-

1895 1926 2005 1972 tum
2033 1917 2338 1971 extraham.
2391 1916 2538 1969 Hauc
2569 1916 2662 1969 tibi
2707 1918 2770 1969 do
2798 1917 2958 1970 totius
2998 1917 3119 1969 vitae
3146 1914 3371 1980 sociam,
3415 1922 3469 1968 et

1890 2017 2193 2076 patronam,
2223 2022 2381 2061 unam
2418 2008 2670 2060 deitatem
2694 2016 2747 2060 et
2779 2008 3092 2077 potentiam,
3141 2021 3258 2077 qua:
3297 2006 3349 2059 in
3379 2006 3445 2060 tri

1890 2099 1989 2152 bus
2015 2099 2341 2168 conjunctim
2375 2099 2665 2164 invenitur,
2698 2107 2752 2151 et
2810 2099 2908 2151 tria
2970 2098 3174 2152 divisim
3223 2112 3467 2164 compte:

1889 2188 2095 2252 ltendit,
2132 2202 2232 2241 nec
2265 2186 2581 2241 substantiis
2631 2195 2723 2239 aut
2782 2186 2987 2240 naturis
3035 2184 3313 2253 ina-qualis
3360 2194 3467 2250 est,

1889 2292 1989 2331 nec
2019 2278 2346 2347 prmstantiis
2382 2287 2475 2330 aut
2522 2276 2971 2331 submissionibus
2996 2287 3219 2346 augetur
3255 2275 3337 2331 vel
3372 2275 3462 2329 mi-

1890 2368 2090 2432 nuitur,
2150 2368 2244 2422 sed
2300 2368 2660 2437 undequaque
2706 2367 2924 2436 aequalis
2960 2378 3061 2430 est,
3115 2367 3466 2436 undequaque

1888 2456 2097 2521 eadem,
2129 2472 2234 2511 non
2268 2472 2426 2512 secus
2476 2471 2537 2511 ac
2573 2472 2677 2511 una
2716 2458 2837 2511 εαξΙὶ
2874 2457 3213 2526 pulchritudo
3248 2463 3302 2510 et
3352 2470 3463 2509 ma-

1888 2548 2158 2618 gnitudo:
2218 2550 2381 2602 trium
2443 2549 2771 2603 inlinitorum
2824 2548 3088 2602 inﬁnitam
3142 2545 3468 2615 conjunctio-

1888 2654 2031 2703 nem,
2066 2638 2234 2693 Deum
2284 2653 2741 2708 unumquemque,
2766 2641 2808 2691 si
2842 2639 3129 2708 separatim
3167 2638 3465 2691 considere

1889 2738 1996 2793 tur,
2023 2740 2080 2783 ut
2114 2729 2331 2784 Patrem
2371 2732 2451 2784 sic
2480 2730 2691 2794 Filium,
2719 2739 2777 2784 ut
2802 2730 2992 2785 Filium
3017 2731 3093 2783 sic
3116 2739 3169 2783 et
3199 2726 3470 2798 Spiritum

1886 2831 2156 2886 sanctum,
2205 2831 2416 2875 servata
2466 2837 2558 2875 sua
2610 2823 2806 2890 cuique
2860 2820 3187 2892 proprietate
3235 2838 3249 2876 :
3295 2820 3465 2874 Deum

1888 2928 2073 2968 rursus
2107 2914 2204 2966 tria
2242 2914 2376 2977 haec,
2410 2912 2455 2966 si
2489 2912 2645 2966 simul
2681 2916 3018 2983 cogitentur;
3050 2912 3201 2976 illud,
3235 2920 3460 2979 propter

1886 3004 2129 3057 eamdem
2158 3004 2450 3057 essentiam
2485 3020 2497 3055 :
2521 3001 2877 3071 hoc,propter
2902 3017 3063 3055 unum
3084 3000 3461 3070 principatum.

1886 3094 1985 3148 Vix
2008 3108 2171 3147 unum
2197 3093 2379 3147 animo
2405 3093 2644 3161 concepi,
2670 3108 2791 3146 cum
2825 3091 3193 3147 statimtribus
3228 3091 3464 3145 circum-

1884 3185 2080 3255 fulgeo.
2103 3183 2198 3237 Vix
2214 3185 2316 3239 tria
2331 3184 2657 3254 distinguere
2673 3184 2889 3252 incipio,
2910 3198 3030 3237 cum
3048 3182 3113 3236 ad
3132 3197 3293 3235 unum
3309 3183 3461 3236 redu-

1885 3287 1997 3328 cor.
2014 3274 2069 3326 Si
2094 3288 2260 3326 unum
2288 3271 2572 3342 quodpiam
2594 3272 2754 3324 trium
2774 3280 3047 3341 appareat,
3067 3270 3118 3325 id
3138 3279 3307 3325 totum
3329 3270 3457 3324 mihi

1885 3377 2004 3418 esse
2028 3364 2259 3427 videtur,
2287 3372 2447 3431 atque
2488 3360 2774 3425 implentur
2794 3362 2957 3426 oculi,
2979 3360 3263 3429 majorque,
3294 3360 3457 3415 etiam

1887 3470 2009 3526 pars
2025 3456 2301 3510 oculorum
2316 3452 2656 3527 aciemﬂtgit.
2678 3452 2848 3521 Hujus
2868 3450 3287 3531 magnitudinem
3310 3465 3460 3504 como

1886 3548 2220 3617 prehendere
2241 3563 2471 3617 nequeo,
2510 3556 2569 3601 ut
2594 3547 2666 3611 ei,
2703 3547 2843 3615 quod
2887 3542 3457 3635 reliquttm‘est,.:pltts

200 3642 452 3695 t‘rihuam.
490 3640 642 3708 Quod
666 3639 710 3695 si
774 3654 961 3693 rursus
992 3638 1090 3692 tria
1136 3637 1251 3694 haec
1293 3638 1457 3692 animi
1491 3636 1924 3695 consideratione
1988 3650 2331 3709 contraxere,
2404 3655 2566 3694 unum
2620 3640 2961 3708 splendorem
3013 3653 3203 3703 cerno,
3273 3644 3458 3707 utpote

198 3736 285 3805 qui
336 3734 519 3789 lumen
592 3733 799 3788 unitum
853 3732 1185 3801 distinguere
1230 3740 1323 3786 aut
1384 3730 1621 3786 dimetiri
1692 3747 1974 3802 nequeam.

263 3827 399 3881 ΜΒ.
435 3824 576 3898 Φοϐᾗ
622 3827 686 3879 σὺ
727 3825 1002 3896 γέννησιν,
1042 3825 1128 3879 ἵνα
1162 3825 1235 3895 μή
1282 3842 1336 3877 τι
1370 3824 1518 3897 πάθῃ
1549 3824 1703 3887 Θεὸς,
1743 3826 1772 3877 ὁ

1942 3827 2101 3883 XLII.
2131 3826 2267 3881 Num
2303 3836 2355 3880 tu
2394 3826 2793 3896 generationem
2827 3823 3045 3887 metuis,
3071 3836 3139 3877 ne
3179 3821 3306 3892 quid
3357 3836 3458 3891 pa-

204 3921 272 3989 μὴ
311 3920 566 3989 πάσχων;
606 3917 747 3985 Ἐγὼ
809 3916 1080 3986 φοϐοῦμαι
1133 3917 1232 3987 τὴν
1293 3916 1491 3980 κτίσιν,
1560 3916 1648 3969 ἵνα
1700 3916 1774 3988 μὴ

1890 3917 2037 3971 .iatur
2065 3916 2224 3981 Deus,
2258 3918 2346 3986 qui
2386 3920 2452 3972 ab
2508 3916 2654 3971 omni
2701 3915 3041 3995 perpessione
3076 3912 3285 3967 alienus
3333 3912 3453 3966 est?

200 4011 326 4064 Θεὸν
359 4009 612 4064 ἀπολέσω
634 4010 722 4063 διὰ
740 4009 838 4078 τῆς
887 4007 1096 4079 ὕϐρεως
1119 4047 1134 4070 ,
1159 4007 1254 4060 καὶ
1301 4007 1402 4078 τῆς
1436 4006 1622 4061 ἀδίκου
1659 4008 1772 4078 ('59)

1890 4010 1985 4079 Ego
2012 4020 2198 4065 contra
2228 4009 2557 4063 creationem
2588 4017 2793 4070 metuo,
2828 4020 2898 4060 ne
2939 4020 3035 4075 per
3072 4004 3450 4059 contumeliam

201 4101 541 4171 κατατομῆς,
602 4100 634 4171 ἢ
692 4098 783 4152 τὸν
853 4098 978 4151 Υίὸν
1040 4098 1252 4169 τέμνων
1329 4098 1438 4152 ἀπὸ
1506 4096 1601 4151 τοῦ
1660 4098 1774 4150 Πα-

1890 4109 1932 4157 et
1954 4101 2191 4170 iniquam
2241 4098 2402 4170 725
2462 4098 2756 4154 sectionem
2796 4096 2934 4151 Deus
2974 4094 3104 4149 mihi
3154 4105 3358 4164 pereat,
3404 4095 3449 4148 si

201 4193 350 4263 τρὸς,
406 4192 440 4263 ἢ
487 4191 596 4244 ἀπὸ
657 4189 753 4242 τοῦ
806 4189 935 4243 Υίοῦ
975 4188 1074 4261 τὴν
1133 4190 1317 4243 οὐσίαν
1369 4188 1463 4243 τοῦ
1522 4188 1775 4260 Πνεύμα-

202 4299 306 4346 τος.
362 4283 437 4335 Τὸ
481 4282 592 4352 γὰρ
646 4280 966 4352 παράδοξον,
1007 4280 1088 4334 ὅτι
1149 4279 1221 4352 μὴ
1286 4279 1463 4343 κτίσις
1512 4280 1775 4349 ἐπάγεται

207 4374 357 4443 μόνον
393 4372 513 4443 Θεῷ
557 4373 709 4443 παρὰ
750 4375 862 4435 τοῖς
912 4371 1097 4433 κακῶς
1147 4370 1379 4441 θεότητα
1419 4370 1776 4425 ταλαντεύου-

204 4479 302 4527 σιν,
332 4463 469 4519 ἀλλὰ
493 4464 590 4516 καὶ
619 4462 757 4535 αὑτὴ
792 4463 955 4517 πάλιν
984 4465 1017 4533 ή
1055 4463 1235 4528 κτίσις
1260 4465 1341 4527 εἰς
1363 4463 1559 4534 ἑαυτὴν
1584 4463 1775 4533 τέμνε-

274 4621 317 4651 ²²
348 4618 391 4672 ll
424 4616 568 4672 Tim.
622 4633 661 4682 t,
697 4616 786 4671 14.

270 4753 377 4823 (29)
428 4751 767 4819 Ἀφαίρεμα.
831 4749 1014 4803 Schol.
1092 4747 1393 4820 Ἀνάθημα,
1440 4749 1630 4873 δῶρον,
1680 4746 1764 4832 ξέτ

270 4842 327 4873 ιν.
362 4842 381 4873 ‹
422 4837 641 4873 munus.
676 4840 695 4872 ι
721 4834 816 4873 seu
854 4836 873 4869 ι
904 4820 1123 4873 donum.
1157 4822 1297 4873 uuod
1324 4819 1430 4873 Deo
1453 4835 1515 4873 ve
1569 4821 1764 4873 hosottt

203 4819 327 4885 νων,
360 4819 381 4874 ι
422 4837 641 4885 munus,
676 4840 695 4872 ι
721 4834 816 4875 seu
854 4836 873 4869 ι
904 4820 1123 4885 donum,
1157 4819 1297 4887 quod
1324 4819 1430 4874 Deo
1453 4819 1535 4875 vel
1569 4819 1765 4891 hospiti

206 4893 371 4946 datur.
401 4912 420 4943 ι

287 4959 373 5028 50)
411 4960 730 5028 Ποιὼμεθα.
760 4957 1299 5028 Βειε.,ποιησιρμεθα.

287 4964 351 5015 50
411 4964 730 5028 Ποιώμεθα.
760 4964 905 5020 Bas...
929 4964 1299 5028 ποιησώμεθα.

267 4964 373 5099 (δύ
421 5029 821 5099 Ἱερουργῆσαι
864 5027 979 5099 τὴν
1016 5025 1184 5096 ἡμῶν
1212 5026 1410 5082 αὐτῶν
1440 5030 1761 5098 σωτηρίαν,

210 5097 402 5166 «ψιειεί
462 5097 578 5154 rem
628 5097 837 5153 sacram
895 5097 1121 5151 salutem
1182 5111 1417 5151 nosuram
1474 5097 1702 5168 Operari.
1739 5117 1757 5149 ι

206 5168 410 5239 Paulus,
431 5169 587 5223 Rom.
614 5183 705 5232 xv,
731 5169 999 5239 16,7habet
1031 5168 1413 5239 ξερουργοῦντα
1438 5170 1499 5222 τὸ
1521 5168 1763 5237 Εὐαγγέ-

204 5237 327 5303 λιον,
366 5257 384 5289 ι
424 5238 766 5293 sanetiiicans
816 5237 1196 5308 Evangelium;
1239 5257 1257 5290 ι
1299 5239 1351 5293 id
1389 5250 1490 5304 est,
1541 5258 1558 5290 ι
1606 5239 1760 5308 quasi

204 5322 307 5361 rem
363 5324 571 5363 sacram
633 5306 1386 5377 Evangeliumrpertractans.
1445 5329 1462 5360 ι
1530 5306 1759 5365 ΒὶΙιῖιιεξ

1880 4192 1963 4247 vel
1996 4191 2189 4245 Filium
2217 4208 2245 4244 a
2284 4191 2461 4253 l’atre,
2495 4188 2574 4243 vel
2611 4188 2843 4256 Spiritus
2901 4187 3195 4242 essentiam
3244 4200 3274 4238 ιι
3315 4184 3451 4239 Filio

1882 4284 2200 4339 distraxere.
2229 4279 2387 4344 Nam,
2420 4282 2561 4351 quod
2588 4280 2780 4333 mirum
2808 4288 2863 4333 et
2889 4279 3179 4333 absurdum
3206 4285 3307 4341 est,
3342 4293 3445 4330 non

1881 4374 2040 4428 modo
2078 4381 2326 4426 creatura
2363 4370 2473 4422 Deo
2507 4368 2668 4422 abiis
2718 4368 3012 4430 inducitur,
3053 4365 3143 4433 qui
3190 4364 3444 4419 deitatem

1881 4462 2020 4517 male
2066 4461 2346 4515 trutinant.
2402 4473 2586 4513 verum
2635 4458 2748 4527 ipsa
2814 4469 3026 4527 quoque
3082 4462 3330 4510 creatura
3391 4453 3447 4506 in

1946 4732 2446 4808 (34)_Evratfd£w.
2486 4692 2751 4808 _Sic_trt_es
2801 4730 3021 4808 chg.,_
3037 4730 3222 4808 plures
3266 4732 3449 4803 Colb.,

1873 4800 2123 4867 CoishQ,
2152 4816 2256 4858 etc.
2293 4804 2461 4855 Prave
2485 4804 2535 4856 in
2560 4803 2643 4857 ed.
2685 4803 2830 4863 Pan,
2858 4800 3124 4873 συναύξω,
3188 4868 3197 4873 θ

1944 4876 2055 4947 ('55)
2091 4874 2443 4947 Προστάτιν.
2602 4872 3019 4947 1,-προστάτην.

1945 4941 2054 5019 (56)
2096 4945 2246 5019 ρΰτε
2274 4942 2633 5019 αὐξομένην.
2668 4941 2851 4997 Plures
2884 4944 3048 5010 llegg.
3070 4950 3123 4995 et
3146 4941 3318 5009 Colb.,
3353 4944 3447 4997 οὖ-

1867 5034 1927 5070 τε
1954 5014 2017 5071 δὲ
2050 5014 2437 5083 αύξανομένην.

1938 5087 2048 5157 (57)
2072 5085 2163 5157 ν-Τὸ
2196 5081 2649 5154 ἄῃλιονπνεῦμα.
2678 5082 2921 5152 Quinque
2955 5081 3148 5153 Regg.,
3182 5081 3241 5135 τὸ
3269 5084 3440 5137 Ilva-3-

2065 5155 2237 5229 ἆχιον.

1884 5280 1887 5283 ,
1936 5226 2048 5297 (58)
2089 5220 2209 5297 Εὶςῇ
2244 5223 2309 5276 τὸ
2342 5224 2417 5297 ἐν
2471 5220 2857 5297 ἀναφέρομαι.
2909 5222 3027 5278 Bill.
3075 5240 3093 5271 ι
3122 5221 3202 5297 _ad
3269 5238 3433 5275 unum

1863 5292 2046 5352 statim
2073 5296 2319 5349 sublimis
2357 5294 2517 5346 feror.
2564 5311 2582 5344 ι
2617 5292 2762 5346 llanc
2803 5293 3295 5360 interpretationem
3349 5308 3435 5346 re-

209 5360 689 5450 tqeiquﬁervsalutem
726 5360 879 5432 suam
923 5360 1090 5431 velut
1116 5360 1438 5433 sacriﬁcium
1493 5360 1759 5450 quoddam

1894 5366 2158 5444 puentlattt
2192 5374 2463 5450 putamus,
2492 5362 2613 5443 quia
2648 5360 2900 5431 supponit
2932 5380 2950 5413 t
2982 5376 3145 5415 unum
3187 5378 3206 5411 ι
3241 5361 3292 5413 ἰιι
3321 5361 3434 5415 Deo

204 5446 625 5589 οὒξὲίέῗεεξίζῶ,
659 5524 765 5572 etc.
806 5514 991 5571 Billius
1024 5529 1039 5566 :
1070 5526 1089 5560 ι
1128 5513 1213 5567 cui
1263 5518 1386 5572 vivo
1439 5527 1494 5573 et
1542 5532 1763 5575 munere

207 5596 316 5655 meo
339 5588 550 5655 iungor.
599 5606 621 5639 ι
974 5612 979 5615 ί

270 5652 377 5724 (55)
418 5652 635 5715 Ἄσιον.
663 5656 822 5714 Deest
849 5657 902 5713 in
925 5659 1217 5717 nonnullis.
1260 5656 1315 5712 In
1346 5657 1487 5727 aliis,
1519 5660 1648 5713 πᾶν.

1864 5431 1982 5493 esse
2032 5454 2049 5486 ι
2096 5431 2235 5487 trino
2274 5452 2291 5483 ι
2330 5431 2626 5485 sublimius.

1894 5505 2045 5588 ~(5.9)
2085 5504 2192 5588 Ιςαὶ
2227 5501 2338 5571 τῆς
2377 5502 2608 5557 ἀδίκου.
2645 5501 2736 5558 Sic
2763 5517 2854 5558 sex
2903 5502 3091 5572 Regg,
3124 5508 3229 5555 etc.
3269 5500 3435 5555 Deest

1859 5577 1960 5647 τῆς
1992 5578 2044 5631 in
2068 5577 2156 5631 ed.
