4050 6298
579 254 682 308 419

1782 248 1838 301 S.
1881 246 2200 303 GREGOIIII
2247 248 2589 305 TIIEOLOGI

3716 254 3834 307 6‘20

580 367 809 433 seipsam
837 363 1029 415 iterum
1060 364 1293 414 secatur.
1324 356 1785 423 Quemadmodum
1808 357 1949 411 enim
1979 356 2148 411 humi-

2255 375 2363 411 ται.
2410 361 2617 430 Ὥσπερ
2655 358 2748 411 τοῦ
2800 359 3009 428 Πατρδς
3051 360 3434 414 ὑποστέλλεται
3479 362 3507 413 6
3548 363 3669 427 Υἱὸς
3710 366 3832 434 (40)

578 455 656 509 les
696 464 751 508 et
789 452 981 521 ahjecti
1023 449 1269 503 homines
1315 447 1507 502 Filium
1539 463 1568 502 a
1626 447 1785 502 Patre
1839 447 2144 518 seiungunt,

575 554 736 614 atque
777 540 1014 597 inferiori
1052 540 1171 593 loco
1207 547 1444 609 ponunt;
1490 539 1567 594 sic
1596 538 1855 606 Spiritum
1898 554 2086 594 rursus
2116 552 2145 592 a

584 636 721 689 Filio
755 641 1031 703 separant,
1074 631 1493 702 inferioremque
1525 632 1770 686 faciunt:
1818 632 1889 685 ita
1927 646 2007 695 ut,
2054 646 2151 701 per

578 740 770 779 novam
798 725 933 777 hanc
962 722 1307 791 theologiam,
1347 731 1403 777 et
1443 722 1575 788 Deo,
1626 732 1679 776 et
1709 731 1990 786 creaturae,
2021 736 2153 775 con-

576 816 791 871 tumelia
823 814 1067 869 infertur.
1107 812 1325 878 Nihil,o
1355 812 1479 876 viri,
1522 813 1574 866 in
1614 812 1879 865 Trinitate
1932 826 2147 866 servum

571 917 675 971 est,
710 922 808 962 nec
842 915 1108 967 creatum,
1142 919 1240 958 nec
1275 903 1648 966 adventitium,
1683 911 1742 956 ut
1778 918 1840 955 ex
1869 900 2146 970 cujusdam

574 997 717 1051 docti
753 996 854 1049 viri
884 1010 1135 1050 sermone
1163 994 1367 1063 accepi.
1415 990 1472 1046 Si
1508 992 1676 1045 adhuc
1716 989 2011 1044 hominibus
2035 989 2151 1057 pla-

574 1102 766 1151 cerem,
796 1084 993 1141 Christi
1023 1101 1199 1139 servus
1233 1100 1333 1138 non
1361 1100 1542 1145 essem,
1571 1084 1742 1150 inqttit
1771 1082 1983 1135 divinus
2014 1081 2152 1149 Apo-

574 1180 744 1235 stolus
782 1180 848 1233 ¹³.
879 1179 937 1234 Si
980 1178 1156 1232 adhuc
1185 1186 1423 1231 creatum
1456 1174 1657 1243 aliquid
1702 1174 2006 1238 adorarcm,
2056 1180 2150 1225 aut

576 1274 627 1325 in
664 1270 739 1324 rei
766 1278 962 1324 creatte
992 1267 1207 1322 nomine
1256 1267 1583 1336 baptizarer,
1611 1265 1942 1319 divinitatem
1992 1263 2150 1317 mini-

572 1378 660 1417 me
716 1373 1121 1428 consequerer,
1179 1371 1278 1411 nec
1328 1357 1552 1425 primam
1619 1355 2043 1425 procreationem
2095 1354 2146 1407 iu

571 1452 765 1506 melius
794 1452 1155 1504 immutarem.
1196 1448 1332 1512 Quid
1377 1446 1443 1500 ad
1476 1460 1569 1501 eos
1598 1446 1795 1511 dicam,
1832 1446 1919 1513 qui
1957 1445 2147 1498 Astar-

572 1551 680 1595 tem
708 1542 957 1605 adorant,
993 1549 1088 1593 aut
1117 1537 1373 1603 Chamos,
1416 1534 1759 1590 Sidoniorum
1794 1534 2013 1599 idolum,
2058 1544 2150 1587 aut

572 1632 765 1686 sideris
816 1632 1066 1695 formam,
1113 1630 1205 1684 Dei
1256 1627 1473 1699 quidem
1515 1626 1674 1695 paulo
1724 1626 1965 1697 majoris,
2009 1627 2146 1696 apud

2254 453 2364 513 τοῖς
2393 452 2666 511 ταπεινοῖς
2700 451 2793 502 καὶ
2837 450 2985 502 κάτω
3015 451 3307 520 κειμένοις.
3353 451 3525 513 οὕτως
3562 454 3834 507 ὑποστελο

2254 538 2491 608 λομένης
2545 539 2706 592 πάλιν
2764 540 2858 592 καὶ
2909 538 3015 592 ἀπὸ
3066 539 3159 592 τοῦ
3204 540 3335 593 Υἱοῦ
3386 542 3486 612 τῆς
3524 543 3680 607 ἀξίας
3728 543 3830 598 τοῦ

2258 629 2607 699 Πνεύμοιτος’
2632 630 2708 693 ὡς
2749 629 2814 683 ἂν
2850 632 2941 684 καὶ
2986 630 3136 694 Θεὸς,
3190 632 3283 685 καὶ
3324 633 3501 696 κτίσις
3534 634 3832 705 ὑϐρίζηται

2253 723 2319 790 τῇ
2352 722 2511 790 καινῇ
2544 718 2653 789 (41)
2703 720 2872 792 ταύτῃ
2922 721 3188 792 θεολογία.
3234 722 3397 776 Οὐδὲν
3436 723 3534 794 τῆς
3573 726 3827 795 Τριάδος,

2253 804 2298 862 ὦ
2330 804 2504 873 οὗτοι,
2538 810 2744 876 δοῦλον,
2773 810 2896 863 οὐδὲ
2929 811 3039 881 (42)
3066 812 3299 877 κτιστὸν,
3328 813 3447 865 οὐδὲ
3478 815 3827 880 ἐπείσακτον,

2253 900 2462 970 ἤκουσα
2496 899 2605 971 (45)
2634 899 2742 951 τῶν
2789 900 2966 968 σοφῶν
3001 916 3145 963 τινος
3176 900 3444 969 λέγοντος.
3479 906 3549 956 El
3577 904 3663 957 ἐτι
3708 906 3827 974 (44)

2253 992 2583 1059 ἀνθρώποις
2645 992 2931 1060 ἤρεσκον,
2986 994 3242 1061 Χριστοῦ
3299 993 3518 1060 δοῦλος
3581 998 3691 1049 οὐκ
3749 994 3830 1050 ἂν

2254 1081 2451 1151 ἥμην,
2495 1083 2657 1153 φησὶν
2699 1082 2728 1134 ὁ
2778 1082 2923 1145 θεῖος
2975 1082 3290 1145 ἀπόστολος.
3340 1083 3403 1134 EI
3451 1083 3529 1135 ἔτι
3562 1083 3828 1153 κτίσματι

2253 1173 2660 1243 προσεκύνουν,
2707 1173 2740 1243 ἢ
2792 1176 2871 1236 είς
2915 1173 3120 1243 κτίσμα
3165 1172 3564 1244 ὲϐαπτιζόμην.
3610 1174 3709 1227 οὐκ
3757 1174 3829 1228 ἂν

2254 1264 2541 1335 ὲθεούμην,
2574 1265 2695 1318 οὐδὲ
2721 1266 2819 1335 τὴν
2859 1264 3080 1336 πρώτην
3113 1265 3511 1335 μετεποιούμην
3546 1265 3822 1335 γέννησιν.

2254 1354 2318 1407 Τί
2365 1355 2523 1424 φήσω
2564 1355 2699 1425 πρὸς
2730 1356 2856 1417 τους
2888 1356 2986 1426 τὴν
3030 1356 3328 1427 ’Λστάρτην
3360 1357 3826 1424 προσκυνοῦντας,

2253 1446 2286 1517 ἦ
2325 1448 2385 1499 τὸ
2424 1447 2629 1518 Χαμὼς
2666 1448 2935 1519 βδέλυγμα
2964 1448 3228 1502 Σιδωνίων
3248 1487 3262 1513 ,
3305 1449 3337 1519 ἢ
3379 1448 3472 1501 τοῦ
3502 1449 3699 1520 ἄστρου
3733 1449 3826 1502 τὸν

2252 1538 2451 1602 τύπον,
2477 1538 2571 1591 τοῦ
2604 1538 2798 1610 μικρὸν
2835 1539 2975 1610 ὑπὲρ
3014 1538 3185 1592 ταῦτα
3227 1538 3361 1592 Θεοῦ
3398 1542 3509 1601 τοῖς
3541 1539 3827 1593 εἰδωλολά-

2253 1646 2430 1700 τραις,
2472 1629 2608 1701 πλὴν
2635 1631 2933 1699 κτίσματος
2970 1631 3060 1682 καὶ
3091 1631 3424 1699 ποιήματοςο
3460 1630 3642 1694 αὐτὸς,
3682 1631 3714 1701 ἢ
3748 1631 3829 1703 μὴ

574 1725 879 1781 idololatras
922 1724 1058 1789 illos,
1100 1723 1196 1778 sed
1232 1731 1410 1777 tamen
1451 1721 1575 1775 facti
1606 1730 1765 1789 atque
1800 1721 1983 1785 creati,
2025 1736 2145 1775 cum

2255 1720 2574 1791 προσκυνῶν
2595 1721 2663 1774 τὰ
2683 1721 2795 1788 δύο,
2824 1723 2904 1785 είς
2932 1719 2967 1775 ἃ
2998 1721 3500 1793 συμϐεϐἀπτισμαι,
3526 1723 3559 1794 ἢ
3585 1740 3831 1792 προσκυ-

574 1817 710 1883 ipse,
742 1824 833 1869 aut
866 1816 963 1869 hos
1004 1816 1156 1880 duos,
1213 1813 1268 1867 in
1300 1826 1529 1880 quorum
1587 1812 1800 1865 nomine
1846 1810 2148 1877 baptizatus

2253 1812 2354 1865 νῶν
2382 1812 2451 1865 τὰ
2488 1813 2751 1884 ὁμόδουλα
2805 1813 2949 1884 (45);
2994 1813 3289 1884 Ὀμόδουλα
3325 1815 3463 1885 γὰρ,
3504 1817 3597 1868 καὶ
3640 1817 3690 1869 εί
3737 1833 3831 1886 μι-

576 1924 724 1973 sum,
755 1923 860 1963 non
886 1908 1126 1973 adorem,
1156 1914 1247 1960 aut
1271 1919 1565 1960 conservos
1588 1904 1847 1958 adorem?
1892 1904 2148 1959 Conservi

2253 1903 2379 1973 κρὸν
2402 1904 2700 1976 τιμιώτερα
2719 1922 2732 1936 ο
2762 1906 2885 1957 ἐπεὶ
2912 1905 3008 1959 καὶ
3033 1906 3093 1961 ὲν
3121 1906 3429 1976 ὁμοδούλοις
3458 1909 3573 1961 ἐστί
3595 1926 3679 1973 τις
3707 1908 3829 1962 δια-

576 2000 721 2053 enim
773 1999 956 2067 utique
1006 2007 1187 2063 erunt,
1245 2006 1517 2065 utcunque
1565 1996 1718 2050 nobis
1765 1995 2149 2065 aliquantulum

573 2089 775 2143 honore
826 2096 1118 2158 praestent;
1166 2086 1600 2156 quandoquidem
1659 2085 1803 2140 inter
1864 2100 2153 2143 conservos

571 2195 786 2250 quoque
824 2181 1113 2234 discrimen
1147 2188 1199 2233 et
1228 2178 1538 2247 prmstantia
1571 2179 1855 2247 reperitur.

648 2274 827 2328 XLIII.
870 2273 1040 2341 Cupio
1072 2271 1287 2326 Patrem
1328 2272 1588 2341 majorem
1620 2272 1821 2337 dicere,
1850 2287 1916 2326 ex
1956 2288 2062 2342 quo
2098 2273 2151 2327 id

573 2366 810 2434 :cquales
847 2364 1068 2428 habent,
1112 2363 1255 2431 quod
1293 2363 1528 2432 aequales
1558 2375 1704 2430 sunt,
1742 2377 1797 2417 et
1827 2364 1970 2434 quod
2003 2374 2147 2418 sunt.

574 2460 689 2512 lIoc
718 2458 859 2511 enim
914 2457 982 2510 ab
1038 2456 1289 2511 omnibus
1338 2457 1468 2510 mihi
1523 2456 1867 2511 concedetur.
1920 2455 2148 2521 Verum,

574 2549 903 2618 principium
958 2562 1170 2613 vereor,
1226 2563 1292 2601 ne
1333 2548 1599 2601 minorum
1648 2548 1970 2617 principium
2022 2548 2149 2601 illud

575 2641 791 2704 faciam,
828 2655 894 2695 ac
930 2655 1025 2709 per
1064 2639 1368 2709 hujusmodi
1409 2638 1775 2709 prmlationein
1827 2639 2150 2695 contumelia

574 2730 824 2787 alliciam.
860 2730 1045 2802 Neque
1086 2733 1229 2786 enim
1263 2730 1410 2786 Patri
1450 2732 1617 2802 gloria
1650 2742 1752 2795 est,
1789 2746 1999 2794 eorum,
2028 2746 2147 2798 qua:

574 2839 641 2878 ex
668 2824 782 2892 ipso
818 2833 966 2888 sunt,
1001 2824 1295 2893 depressio.
1350 2822 1428 2876 Ac
1469 2834 1727 2891 praeterea
1774 2824 2148 2892 inexplebilem

577 2923 723 2965 tuam
761 2912 1073 2966 aviditatem
1110 2921 1413 2981 suspeetam
1458 2913 1649 2975 habeo,
1690 2926 1776 2975 ne,
1810 2925 2020 2982 arrepta
2052 2915 2153 2969 hac

574 3016 723 3066 voce,
754 3002 959 3070 major,
1005 3010 1252 3055 naturam
1309 3016 1497 3066 seces,
1538 3013 1700 3069 atque
1744 3001 1843 3054 hac
1886 3017 2015 3057 voce
2077 3004 2141 3057 ad

572 3094 751 3148 omnia
785 3094 1050 3149 abutaris.
1099 3093 1216 3148 Non
1273 3094 1417 3147 enim
1475 3094 1589 3147 hazc
1620 3093 1810 3158 dictio,
1857 3093 2047 3163 major,
2079 3094 2145 3147 ad

574 3195 858 3250 naturam,
920 3187 1016 3240 sed
1077 3186 1144 3239 ad
1197 3200 1416 3239 causam
1471 3184 1756 3238 referenda
1815 3194 1915 3238 est.
1969 3183 2154 3252 Neque

571 3275 715 3329 enim
746 3274 1038 3345 quidquam
1077 3280 1439 3343 eorum,'qu;e
1493 3274 1738 3325 eamdem
1790 3272 2152 3326 substantiam

574 3366 794 3431 habent,
851 3367 1147 3421 substantia
1221 3364 1394 3433 majus
1444 3374 1538 3418 aut
1589 3364 1765 3417 minus
1822 3372 1925 3417 est.
1978 3362 2153 3432 Cupio

574 3457 789 3517 Filium,
818 3466 876 3511 ut
911 3457 1124 3520 Filium,
1153 3455 1377 3525 Spiritui
1414 3455 1722 3520 anteferre;
1758 3456 1854 3508 sed
1886 3454 2014 3508 mihi
2054 3455 2154 3508 hoc

578 3561 683 3601 non
717 3547 981 3616 permittit
1015 3546 1338 3615 baptismus,
1371 3560 1464 3614 per
1493 3544 1756 3613 Spiritum
1790 3554 2035 3598 sanetum
2068 3559 2154 3599 me

574 3636 881 3706 perliciens.
909 3634 980 3687 At
1004 3635 1146 3688 enim
1174 3634 1398 3696 vereris,
1433 3648 1499 3687 ne
1531 3632 1623 3686 tibi
1665 3632 1917 3685 Tritheize
1947 3631 2149 3686 crimen

575 3724 941 3793 impingatur?
986 3723 1225 3783 llabe.tn
1256 3724 1347 3777 tibi
1384 3724 1483 3777 hoc
1514 3723 1733 3785 bonum,
1782 3724 1940 3785 hanc,
1991 3722 2153 3792 726

580 3818 823 3883 inquam,
865 3815 915 3867 in
954 3817 1124 3869 tribus
1150 3813 1624 3883 coniunctionem;
1670 3825 1941 3869 certamen
1977 3818 2042 3867 ad
2068 3829 2153 3869 me

576 3907 905 3963 transmitte.
943 3905 1072 3961 Sine
1127 3923 1214 3962 me
1270 3908 1423 3962 navis
1460 3917 1856 3962 exstructorein
1910 3922 2052 3972 esse,
2095 3916 2150 3960 tu

576 4011 714 4053 nave
740 4007 911 4052 utere.
945 3998 1098 4065 Quod
1134 4000 1178 4053 si
1212 3998 1349 4054 alius
1378 4008 1462 4053 est
1519 4000 1671 4054 navis
1701 4010 2024 4064 exstructor,
2056 4001 2152 4055 do-

580 4104 701 4144 mus
736 4089 1092 4143 architectum
1123 4105 1209 4144 me
1242 4090 1457 4157 accipe;
1509 4100 1562 4145 ιιι
1600 4093 1779 4145 animo
1814 4093 2016 4159 habita,
2047 4092 2147 4148 etsi

575 4181 710 4237 nihil
753 4182 955 4237 laboris
991 4181 1300 4237 exantlasti.
1345 4180 1462 4237 Non
1491 4183 1669 4237 minus
1710 4198 1961 4252 prospere
2007 4184 2152 4238 navi-

579 4273 750 4343 gahis,
783 4283 874 4327 aut
896 4274 1110 4327 domum
1146 4273 1431 4337 habituhis,
1465 4288 1625 4342 quam
1656 4288 1774 4341 ego,
1807 4273 1894 4341 qui
1925 4275 2036 4327 hate
2072 4274 2151 4326 la-

2250 1995 2391 2066 φορὰ
2428 1997 2523 2049 καὶ
2550 1997 2894 2071 προτίμησις.

2319 2274 2450 2327 MI".
2488 2274 2635 2327 Θέλω
2667 2275 2757 2329 τὸν
2798 2275 3016 2347 Πατέρα
3058 2276 3229 2345 μείζω
3266 2276 3375 2346 (16)
3424 2278 3618 2339 εἰπεῖν,
3661 2277 3719 2343 ἐξ
3762 2271 3827 2331 οὗ

2252 2362 2348 2416 καὶ
2385 2362 2444 2415 τὸ
2477 2363 2610 2427 ίσοις
2643 2363 2757 2434 (47)
2789 2360 2948 2428 εἶναι,
2977 2368 3086 2429 τοῖς
3119 2365 3253 2429 ἴσοις
3285 2368 3421 2432 ἐστὶ,
3456 2368 3551 2419 καὶ
3569 2366 3628 2419 τὸ
3656 2363 3831 2422 εἶναι-

2251 2453 2420 2506 Τοῦτο
2452 2454 2557 2524 γὰρ
2589 2454 2739 2526 παρὰ
2766 2455 2984 2508 πάντων
3010 2455 3313 2527 δοθήσεται.
3349 2458 3456 2510 Καὶ
3485 2458 3696 2511 δέδοικα
3721 2461 3825 2529 τὴν

2251 2546 2445 2619 ἀρχὴν,
2486 2548 2559 2617 μὴ
2588 2546 2884 2600 ἐλαττόνων
2917 2549 3087 2619 ἀρχὴν
3111 2550 3317 2620 ποιήσω
3337 2589 3351 2609 ,
3383 2550 3476 2601 καὶ
3508 2549 3828 2620 καθυϐρίσω

2250 2639 2338 2691 διὰ
2364 2639 2461 2708 τῆς
2494 2642 2870 2709 προτιμήσεως
2895 2656 2909 2668 '
2944 2640 3003 2691 οὐ
3035 2639 3141 2708 γὰρ
3173 2637 3298 2703 δόξα
3340 2639 3414 2709 τῷ
3459 2640 3517 2705 ἐξ
3547 2637 3604 2693 οὗ
3650 2642 3682 2711 ἡ
3714 2641 3828 2693 τῶν

2251 2727 2312 2793 ἐξ
2338 2728 2501 2781 αὑτοῦ
2528 2728 2870 2791 ταπείνωσις.
2905 2730 3047 2800 Πρὸς
3072 2730 3126 2781 δὲ
3161 2730 3253 2782 καὶ
3287 2730 3569 2801 ὑφορῶμαι
3598 2731 3695 2801 τὴν
3724 2732 3829 2801 σὴν

2251 2818 2552 2888 ἀπληστίαν
2595 2820 2742 2891 (48),
2801 2820 2873 2891 μὴ
2914 2821 2973 2872 τὸ
3018 2820 3218 2889 μεῖζον
3244 2820 3422 2874 λαϐὼν
3466 2820 3830 2893 διχοτομήσῃς

2250 2910 2348 2981 τὴν
2377 2910 2534 2979 φύσιν
2553 2952 2568 2976 ,
2596 2913 2735 2966 κατὰ
2762 2914 2938 2965 πάντα
2959 2910 3037 2983 τῷ
3066 2911 3270 2981 μείζονι
3297 2910 3595 2982 χρώμενος.
3619 2912 3692 2964 υῦ
3714 2913 3828 2983 γὰρ

2254 3006 2395 3057 κατὰ
2417 3004 2512 3075 τὴν
2534 3003 2695 3073 φύσιν
2725 3004 2786 3057 τὸ
2810 3004 3026 3073 μεῖζον,
3060 3004 3156 3075 τὴν
3190 3003 3367 3057 αἰτίαν
3398 3003 3474 3057 δέ.
3514 3003 3677 3055 Οὐδὲν
3714 3004 3827 3076 γὰρ

2256 3095 2361 3148 τῶν
2391 3096 2686 3166 ὁμοουσίων
2713 3100 2778 3167 τῇ
2812 3097 2967 3165 οὐσία
3005 3096 3187 3166 μεῖζον
3214 3095 3246 3162 ἦ
3282 3094 3519 3149 ἔλαττον.
3553 3094 3700 3147 Θέλω
3731 3096 3828 3148 τὸν

2254 3187 2382 3239 Υἱδν
2435 3187 2768 3258 προτιμῆσαι
2802 3187 2893 3240 τοῦ
2938 3186 3279 3257 Πνεῦματος,
3314 3186 3389 3249 ὡς
3428 3186 3584 3239 Υίόνο
3626 3187 3718 3238 κα)⁵
3761 3188 3826 3240 οὐ

2256 3281 2527 3349 συγχωρεῖ
2573 3278 2682 3349 (49)
2735 3278 2795 3330 τὸ
2848 3277 3128 3349 βάπτισμα
3182 3276 3418 3331 τελειοῦν
3472 3294 3538 3347 με
3591 3278 3676 3331 διὰ
3727 3278 3826 3331 τοῦ

2255 3369 2590 3439 Πνεύματος.
2644 3369 2803 3422 Ἀλλὰ
2828 3370 3092 3436 δέδοικας,
3127 3370 3200 3440 μὴ
3231 3369 3472 3442 τριθεῒαν
3492 3370 3822 3441 ὀνειδισθῇς;

2259 3465 2388 3535 Ἔχε
2414 3467 2478 3517 σὺ
2514 3464 2573 3517 τὸ
2601 3463 2821 3532 ἀγαθὸν,
2864 3464 2959 3534 τὴν
2994 3466 3050 3516 ὲν
3086 3466 3198 3527 τοῖς
3228 3466 3403 3536 τρισὶν
3437 3465 3626 3517 ἕνωσιν
3650 3479 3662 3493 ⁸
3698 3465 3829 3534 ἐμοὶ

2253 3555 2351 3625 τὴν
2384 3554 2559 3626 μάχην
2590 3555 2975 3626 παράπεμψον.
3014 3554 3210 3608 Ἔασόν
3246 3572 3311 3625 με
3342 3553 3619 3625 ναυπηγὸν
3658 3549 3823 3618 εἶναι,

2256 3649 2319 3699 σὺ
2380 3646 2492 3719 χρῶ
2554 3649 2618 3716 τῇ
2652 3648 2762 3717 νηί.
2828 3648 2938 3699 Καὶ
2995 3648 3044 3699 εἰ
3077 3647 3357 3717 ναυπηγός
3393 3648 3539 3699 ἐστιν
3597 3646 3823 3715 ἕτερος,

2254 3740 2353 3808 ἐμὲ
2384 3738 2512 3791 λάϐε
2560 3740 2660 3809 τῆς
2700 3740 2875 3801 οἰκίας
2923 3739 3303 3810 ἀρχιτέκτονα·
3346 3739 3409 3790 σὺ
3445 3736 3645 3807 ταύτην
3683 3738 3827 3789 οἴκει

2257 3829 2394 3900 μετὰ
2429 3829 2537 3901 (50)
2574 3831 2893 3899 ἀσφαλείας,
2928 3834 3021 3885 καὶ
3066 3834 3114 3884 εί
3161 3830 3325 3902 μηδὲν
3354 3829 3679 3900 ἐμόχθησας.
3707 3829 3826 3897 οὐχ

2250 3917 2411 3993 ἦττον
2451 3921 2862 3993 εὐπλοήσεις,ἢ
2901 3923 3143 3993 οἰκήσεις
3179 3921 3275 3993 τὴν
3301 3921 3508 3985 οἰκίαν,
3542 3918 3675 3989 ἐμοῦ
3728 3919 3823 3971 τοῦ

2250 4012 2424 4066 ταῦτα
2456 4014 2993 4080 κατασκευάσαντος,
3041 4018 3088 4067 εί
3136 4015 3229 4068 καὶ
3276 4014 3439 4085 μηδὲν
3478 4013 3604 4083 περὶ
3647 4012 3825 4066 ταῦτα

2253 4105 2710 4177 πεφιλοπόνηκας.
2759 4106 2921 4176 Ὀρᾷς
2955 4105 3051 4176 τὴν
3082 4106 3499 4177 εὐγνωμοσύνην
3527 4108 3658 4177 ὂση;
3687 4107 3825 4177 ὁρᾷς

2250 4193 2345 4247 τοῦ
2378 4195 2489 4267 (51)
2524 4196 2837 4267 Πνευματος
2867 4196 2964 4267 τὴν
2994 4198 3368 4267 χρηστότητας
3412 4197 3569 4267 Ἑμὸς
3602 4198 3630 4249 6
3663 4196 3827 4249 πόλε-

2256 4301 2372 4353 μος,
2404 4284 2542 4337 ἔστω
2581 4285 2672 4338 σδν
2703 4285 2763 4339 τὸ
2803 4286 3087 4356 ὲκνίκημα.
3139 4287 3278 4354 Ἐγὼ
3314 4286 3634 4357 βαλλοίμην,
3670 4286 3736 4337 σὺ
3767 4285 3831 4338 δὲ

576 4365 820 4420 brieatus
861 4379 1002 4430 smn,
1036 4366 1282 4434 quamvis
1312 4368 1365 4419 in
1397 4366 1461 4419 iis
1490 4364 1621 4419 nihil
1654 4364 2037 4418 elaboraveris.
2068 4364 2144 4417 Eu

2253 4375 2517 4445 είρήνευε,
2547 4376 2625 4446 τῷ
2650 4376 3080 4447 προπολεμοῦντι
3113 4378 3501 4447 συνευχόμενος
3521 4396 3533 4407 ·
3564 4381 3721 4448 χεῖρα
3746 4377 3829 4430 δίο

582 4471 690 4525 quo
726 4457 889 4510 animi
919 4457 1155 4511 candore
1181 4465 1355 4510 tecum
1385 4456 1513 4526 ago!
1550 4455 1626 4509 En
1656 4454 1887 4524 Spiritus
1910 4453 2148 4523 benigni-

576 4550 778 4603 tatem!
826 4548 997 4602 Meum
1031 4549 1100 4601 sit
1129 4547 1325 4601 bellum
1357 4565 1371 4600 :
1403 4556 1490 4601 tua
1521 4548 1591 4601 sit
1623 4547 1818 4616 palma.
1873 4544 1986 4611 Ego
2029 4547 2149 4600 telis

572 4638 777 4693 feriar:
816 4648 869 4691 tu
903 4637 1229 4707 tranquillus
1266 4643 1319 4690 et
1367 4646 1590 4705 pacatus
1644 4637 1791 4698 sede,
1852 4649 2147 4707 prepugna-

644 4753 689 4785 "
718 4751 892 4807 Galat.
929 4750 1061 4816 1,10.

645 4869 756 4941 (40)
806 4870 868 4922 '0
904 4870 1054 4934 Υἱός.
1086 4867 1178 4923 Sic
1202 4868 1440 4938 quinque
1464 4868 1652 4940 chg.,
1692 4880 1796 4929 etc.
1829 4872 1982 4929 Deest
2031 4877 2058 4929 ὁ
2092 4874 2144 4930 iu

576 4943 755 5080 θδζιι)
799 5007 1006 5076 Καινῇ.
1056 5008 1220 5063 (ἷοίθΙ.
1268 5008 1291 5061 1
1346 5017 1400 5063 et
1435 5007 1567 5073 Jes.,
1599 5014 1751 5082 κενῇ,
1795 5030 1814 5064 ι
1847 5015 2009 5082 inani,
2049 5033 2130 5072 va-

576 5096 758 5219 Μίιίὲ)
805 5148 975 5204 Οὑδέ.
1010 5150 1225 5203 Plurimi
1258 5149 1434 5215 codtl.,
1469 5149 1613 5205 οὔτε.

646 5219 758 5293 (15)
799 5222 1080 5293 ᾝκουᾳα,
1103 5220 1379 5293 echReg.
1398 5225 1485 5288 ph,
1510 5222 1766 5293 ἤκουσας.
1806 5241 1827 5276 ι
1862 5226 2140 5293 accepisti,

575 5290 844 5365 atuliyisti.
897 5289 1150 5365 3_Scliol.
1194 5291 1295 5365 ’ξὺν
1353 5289 1777 5365 Θαυματουργὸν
1845 5289 2143 5365 Γρηγόριον

575 5362 632 5434 εν
697 5357 1090 5434 Ἀποκαλύψειμο
1144 5380 1158 5409 ι
1197 5357 1508 5434 Gregorium
1567 5357 2043 5434 :l‘ltainnatttrgitin'
2092 5368 2143 5418 in

576 5429 967 5515 Apocalypsi?
1013 5431 1064 5483 Id
1099 5432 1445 5515 conﬁrmatur
1499 5432 1760 5515 adiasilio
1811 5429 2135 5515 Scholiasta,

576 5503 664 5568 qui
705 5500 778 5551 ait
826 5500 1037 5563 ιΟὖτος
1083 5500 1189 5571 γὰρ
1236 5502 1291 5553 ἐν
1344 5501 1706 5573 Ἀποκαλύψει
1754 5503 1926 5558 ταῦτὰ
1972 5521 2140 5574 φησι·

581 5590 599 5619 ι
637 5569 751 5640 Ipse
784 5570 923 5640 enim
955 5570 1066 5623 hare
1105 5571 1233 5625 dicit
1274 5572 1323 5624 in
1356 5574 1693 5640 Apocalypsi.
1725 5592 1743 5625 ι

646 5589 751 5634 ινδιξ
784 5589 923 5620 enim
956 5589 1082 5652 umc'
1105 5589 1233 5625 utcu
1274 5589 1323 5624 In
1356 5589 1693 5644 ApocalypSI.
1725 5592 1743 5625 ι

646 5638 757 5695 till
794 5640 860 5691 Et
888 5638 993 5695 ἔτι.
1031 5640 1120 5697 Sic
1152 5642 1305 5698 codd.
1347 5641 1517 5699 Prave
1561 5649 1612 5697 iu
1644 5644 1754 5704 cd..
1786 5644 1839 5695 ετ
1858 5661 1929 5696 τι.

2253 4464 2342 4517 δου
2393 4466 2499 4535 (ὅῖ)
2550 4467 2637 4520 διὰ
2665 4468 2765 4538 τῆς
2805 4468 3057 4532 πίστεως.
3098 4470 3247 4538 Ἐχω
3315 4473 3462 4540 τρεῖς
3513 4469 3692 4532 λίθους
3742 4464 3831 4533 οἷς

2258 4557 2595 4626 σφενδονήσω
2622 4558 2713 4611 τὸν
2734 4558 3044 4627 ἀλλόφυλον.
3083 4561 3104 4579 "
3130 4560 3255 4631 Εχω
3280 4564 3423 4630 τρεῖς
3471 4559 3833 4630 ὲμπνεύσεις,

2256 4647 2393 4700 κατὰ
2422 4649 2513 4701 τοῦ
2547 4650 2662 4702 υἱοῦ
2712 4651 2811 4720 τῆς
2859 4650 3204 4722 Σαραφθίας,
3270 4646 3352 4713 αἷς
3387 4652 3705 4717 ζωοποιήσω
3734 4669 3830 4704 νεο

2245 4949 2261 4962 ‘
2317 4880 2428 4952 (15)
2481 4879 2823 4949 ’(ὶμόδουλα.
2882 4880 2971 4934 Sic
3026 4879 3205 4948 plures
3256 4878 3410 4933 codd.
3463 4876 3516 4930 In
3556 4879 3664 4941 cd.,
3700 4877 3808 4932 δοῦ

2257 4964 2427 5091 Ταξιδ)
2466 5020 2669 5091 Μείζω.
2707 5020 2855 5091 Οιξι
2902 5029 2955 5075 et
2991 5019 3103 5084 alii,
3152 5017 3391 5088 μείζονα.
3429 5014 3678 5071 Nonnulli
3729 5019 3817 5071 at}

2244 5089 2515 5153 dunt,ro§
2543 5090 2691 5154 Υἱοῦ,
2728 5109 2745 5139 ι
2777 5089 2914 5144 Filio
2951 5091 3229 5152 majorem.
3269 5106 3287 5138 ι

2315 5158 2424 5229 (47)
2469 5163 2675 5225 Ἵσοις.
2713 5160 2841 5228 Reg.
2873 5162 2965 5229 plt,
2998 5159 3132 5211 ἴσον.

2340 5231 2425 5287 48)
2479 5225 3026 5300 Ἁπληστίὰνξοιίεε.
3059 5231 3167 5293 bm,
3206 5225 3555 5300 ὰπληστείαν.

2340 5235 2425 5287 48)
2479 5235 2856 5297 Ἃπληστίαν.
2897 5235 3026 5298 Iteg.
3059 5235 3167 5293 bm,
3206 5235 3555 5298 ὰπληστείαν.

2316 5235 2429 5369 (49)
2469 5299 2787 5369 Σινγχωρεῖ.
2823 5288 2986 5371 Regg.
3017 5303 3125 5363 υιιι,
3154 5300 3223 5368 ph
3256 5298 3420 5353 etalii
3446 5299 3669 5359 addunt,
3705 5312 3807 5352 ιιοι

2247 5368 2423 5441 ΟΓ.1,
2455 5368 2687 5441 ἐγχωρεῖ
2711 5388 2819 5441 μοι.

2320 5440 2430 5509 (50)
2470 5439 2649 5494 tum.
2677 5439 2769 5495 Or.
2800 5443 2816 5491 l
2848 5439 3012 5503 addit,
3047 5440 3167 5508 τῆς.

2319 5511 2429 5577 (51)
2478 5511 2607 5563 Τοῦ.
2651 5512 2803 5563 Deest
2831 5512 2879 5580 itt
2912 5509 3033 5580 Bas.
3069 5520 3122 5564 et
3154 5509 3377 5580 llervag.

2470 5581 2664 5634 Ai8ct'.
2696 5581 2840 5646 B;IS.,
2864 5577 3057 5643 διδούς.
