4050 6298
250 293 332 347 421

1144 288 1399 344 ORATIO
1439 288 1549 344 XL.
1592 322 1659 330 —-
1698 289 1763 344 IN
1806 288 2128 346 SANCTUM
2171 285 2534 343 BAPTISMA.

3376 291 3482 345 ΕΞ

251 403 630 476 νεκρωμένους.
666 402 817 472 Ἐχω
865 404 1016 472 τρεῖς
1064 401 1175 470 155)
1204 402 1513 465 ἐπικλύσεις
1545 404 1683 456 κατὰ
1712 402 1819 454 τῶν

1928 412 2093 459 torem
2159 413 2305 456 tuum
2343 402 2591 471 precibus
2635 399 2859 470 iuvans;
2914 413 3130 456 manum
3190 416 3283 471 per
3323 404 3481 458 fidem

253 494 536 563 σχιδάκων,
571 488 659 555 αἶς
707 491 1021 563 καθιερώσω
1067 492 1163 561 τὴν
1213 492 1420 555 θυσίαν,
1485 492 1637 545 ὕδατι
1708 494 1818 565 πῦρ

252 586 486 653 ἐγείρων,
519 583 579 636 τὸ
611 582 1073 655 παραδοξότατον
1121 582 1213 634 καὶ
1240 585 1366 646 τοὺς
1398 585 1681 655 προφήτας
1718 602 1817 637 κα-

249 676 455 730 ταϐαλῶ
483 676 585 747 τῆς
618 676 877 746 αἰσχύνης
908 674 1041 745 (54),
1082 674 1379 746 μυστηρίου
1409 675 1637 745 δυνάμει
1667 674 1813 745 χρώ-

253 787 420 841 μενος.

1915 495 2149 564 porrige.
2179 492 2315 547 Tres
2365 492 2570 561 lapides
2600 493 2769 546 habeo
2817 493 2883 557 “,
2917 494 3113 562 quibus
3150 492 3481 550 Philistaaum

1913 584 2077 638 funda
2107 592 2283 653 petam
2313 594 2366 638 et
2398 584 2718 652 percutiam.
2768 584 2902 638 'l‘res
2948 585 3205 640 adversus
3243 586 3480 655 Sat-eph-

1914 676 2088 731 thanze
2120 676 2285 729 filium
2316 674 2700 729 insuﬂlationes
2734 676 2904 729 habeo
2924 677 2991 740 ⁸⁵,
3016 676 3210 744 quibus
3238 677 3486 731 homines

1911 774 2084 820 morte
2116 766 2358 820 sublatos
2405 765 2471 818 ad
2501 763 2667 818 vitam
2716 780 2986 821 revocem.
3043 766 3177 823 Tres
3226 768 3485 823 adversus

252 860 450 913 assulas
480 858 822 927 proluviones
864 855 1037 910 habeo
1065 855 1133 919 ",
1164 855 1362 924 quibus
1419 856 1694 911 victimam
1758 856 2113 921 consecrabo,
2180 871 2319 925 aqua
2344 855 2548 911 scilicet
2577 856 2754 927 ignem
2788 858 3052 922 excitans,
3088 859 3229 927 quod
3266 861 3483 928 quidem

252 952 475 1003 maxime
518 950 823 1002 mirandum
885 957 1005 1013 est;
1058 956 1218 1019 atque
1270 949 1655 1019 ignominiosos
1708 949 1995 1018 prophetas
2022 948 2264 1018 mysterii
2304 947 2510 1002 viribus
2537 957 2895 1017 prosternam.

315 1044 445 1096 ΜΝ.
477 1043 544 1095 Τί
582 1060 671 1112 μοι
709 1042 789 1094 δεῖ
824 1043 1178 1115 μακροτέρων
1214 1042 1424 1111 λόγων;
1460 1042 1817 1103 Διδασκαλίας

250 1133 350 1204 γὰρ
370 1135 397 1186 δ
429 1133 620 1203 καιρὸς
641 1130 777 1201 (55)ο
805 1132 906 1184 οὐκ
928 1132 1255 1201 ἀντιλογίας.
1293 1134 1671 1201 Μαρτύρομαι
1724 1133 1820 1185 ἐν·

248 1220 427 1273 durior
455 1219 561 1272 τοῦ
579 1218 690 1287 (56)
728 1218 874 1273 Θεοῦ
896 1220 1009 1287 ξκαὶ
1042 1220 1159 1273 τῶν
1191 1220 1491 1273 ἐκλεκτῶν
1532 1219 1818 1291 ἀγγέλων,

252 1310 383 1381 μετὰ
409 1309 616 1381 ταύτης
649 1310 996 1382 βαπτισθήσῃ
1020 1310 1119 1381 τῆς
1147 1311 1400 1374 πίστεως.
1428 1312 1490 1364 El
1524 1311 1622 1382 μὲν
1649 1310 1821 1374 ἄλλως

249 1400 604 1471 ἐγγέγραψαι,
641 1401 674 1471 ῆ
703 1401 775 1464 ὡς
818 1402 845 1454 ὁ
875 1402 1005 1473 ἐμὸς
1039 1403 1260 1455 ἀπαιτεῖ
1296 1401 1471 1469 λόγος,
1501 1402 1686 1473 δεῦρο,
1730 1402 1821 1454 καὶ

251 1491 685 1564 μετεγγράφηθι.
725 1492 865 1561 Ἐγὼ
885 1492 1089 1546 τούτων
1116 1492 1215 1545 οὐκ
1239 1492 1418 1564 ἀφυὴς
1435 1492 1818 1564 καλλιγράφος,

246 1585 470 1657 γράφων
514 1585 551 1639 ἃ
588 1587 932 1656 γέγραμμαι,
974 1586 1069 1639 καὶ⁸
1105 1585 1370 1639 διδάσκων
1415 1585 1451 1639 ἃ
1496 1586 1591 1639 και)⁸
1644 1586 1821 1656 μεμά-

248 1677 404 1749 θηκα,
446 1677 541 1731 καὶ
580 1677 858 1747 τετήρηκα
885 1676 944 1743 ἐξ
975 1678 1151 1748 ἀρχῆς
1183 1678 1262 1740 εἰς
1291 1677 1450 1749 τήνδε
1479 1676 1577 1747 τὴν
1606 1676 1813 1730 πολιάν.

257 1768 413 1838 Ἑμὸς
444 1771 474 1821 ὁ
516 1768 793 1832 κίνδυνος,
827 1768 958 1839 ἐμὸν
997 1769 1088 1821 καὶ
1120 1768 1179 1821 τὸ
1219 1767 1416 1839 γέρας,
1463 1767 1555 1821 τοῦ
1588 1768 1687 1837 τῆς
1721 1770 1819 1836 σῆς

245 1859 416 1930 ψυχῆς
441 1861 748 1929 οἰκονόμου,
781 1861 874 1913 καὶ
902 1858 1232 1922 τελειοῦντός
1258 1875 1317 1911 σε
1344 1858 1434 1912 διὰ
1482 1857 1577 1911 τοῦ
1616 1858 1811 1929 βαπτί-

247 1966 468 2020 σματος.
507 1952 571 2004 Et
604 1951 662 2003 δὲ
679 1950 849 2014 οὕτως
876 1950 1050 2020 ἔχεις,
1092 1950 1185 2004 καὶ
1223 1948 1407 2013 καλοῖς
1450 1948 1821 2020 ὲνεσημάνθης

246 2043 351 2103 τοῖς
408 2041 734 2112 γράμμασι,
778 2040 1019 2109 φύλασσέ
1071 2056 1160 2110 μοι
1201 2039 1272 2092 τὰ
1319 2037 1708 2109 γεγραμμένα,
1762 2039 1820 2090 ὲν

244 2134 456 2203 καιροῖς
509 2135 763 2203 τρεπτοῖς
815 2132 1083 2203 ἄτρεπτος
1135 2130 1311 2201 μένων
1362 2130 1491 2201 περὶ
1549 2129 1819 2200 άτρέπτου

245 2223 591 2294 πράγματος.
645 2223 898 2295 Μίμησαι
936 2223 1027 2275 τὸν
1060 2221 1287 2275 Πιλᾶτον
1331 2221 1422 2274 ἐπὶ
1458 2221 1520 2274 τὸ
1553 2224 1821 2293 κρεῖττον,

246 2313 434 2376 κακῶς
484 2313 797 2383 γράφοντα,
854 2311 1035 2375 καλῶς
1066 2295 1451 2382 γεγραμμένος
1498 2312 1632 2381 (57).
1686 2311 1822 2365 Εἰπὲ

247 2408 356 2470 τοῖς
390 2404 781 2475 μεταπείθουσί
826 2422 885 2458 σε
910 2420 923 2433 ³
969 2407 1031 2456 Ὃ
1065 2404 1347 2474 γέγραφα,
1390 2402 1673 2473 γέγραφα.
1714 2403 1823 2456 Καὶ

249 2498 355 2567 γὰρ
384 2495 451 2548 ἂν
498 2494 894 2566 αἰσχυνοίμην,
933 2495 1005 2558 εί,
1040 2492 1134 2546 τοῦ
1183 2492 1350 2545 κακοῦ
1385 2491 1636 2562 μένοντος
1667 2490 1823 2545 ἀκλι-

248 2588 390 2650 νοῦς,
417 2586 479 2638 τὸ
508 2586 673 2639 καλὸν
710 2587 886 2656 ῥᾷστα
921 2584 1291 2655 μετακλίνοιτο
1330 2582 1438 2653 (58)
1466 2599 1478 2612 ·
1514 2583 1631 2635 δέον
1659 2582 1823 2652 εὐμε-

248 2680 569 2749 τακινήτους
605 2676 701 2747 μὲν
740 2672 880 2729 εἷναι
915 2675 1049 2747 πρὸς
1082 2675 1143 2727 τὸ
1179 2677 1423 2746 κρεῖττον
1452 2673 1560 2726 ἀπὸ
1589 2673 1681 2727 τοῦ
1714 2673 1827 2745 χεί-

254 2786 422 2842 ρονος.
449 2769 742 2837 ἀκινήτους
762 2767 818 2820 δὲ
842 2768 977 2838 πρὸς
1002 2767 1064 2819 τὸ
1087 2769 1264 2837 χεῖρον
1288 2767 1396 2819 ἀπὸ
1420 2765 1512 2818 τοῦ
1538 2764 1823 2835 βελτίονος.

250 2861 312 2912 El
342 2858 515 2921 οὕτως
551 2857 808 2929 βαπτίζῃ,
836 2857 931 2910 καὶ
968 2857 1108 2909 κατὰ
1140 2855 1345 2927 ταύτην
1373 2855 1470 2926 τὴν
1509 2855 1825 2927 μαθητείαν,

264 2952 416 3006 Ἰδοὺ
450 2951 522 3005 τὰ
552 2951 725 3021 χείλη
752 2967 872 3018 μου
904 2951 976 3003 οὐ
1006 2948 1090 3019 μὴ
1136 2950 1417 3012 κωλύσω,
1457 2948 1564 3001 {Sail
1594 2948 1826 3019 κίχρημι

1851 1721 1891 1778 Β

1983 1040 2167 1095 XLIV.
2208 1039 2349 1107 Quid
2371 1040 2601 1108 longiori
2630 1041 2873 1095 oratione
2893 1056 3026 1111 opus
3045 1043 3167 1097 est?
3215 1042 3486 1098 Doctrinae

1914 1133 2112 1187 etenim
2145 1133 2246 1193 hoc
2284 1141 2494 1201 tempus
2522 1142 2623 1197 est,
2650 1147 2755 1186 non
2779 1133 3141 1188 altercationis
3163 1144 3218 1189 et
3241 1135 3488 1200 disputa-

1915 1220 2077 1276 tionis
2153 1220 2417 1288 Tesliﬁcot
2476 1236 2647 1274 coram
2703 1220 2808 1275 Deo
2829 1230 2875 1275 et
2917 1220 3088 1291 electis
3108 1222 3324 1292 angelis,
3344 1224 3487 1292 quod

1917 1327 2040 1366 cum
2065 1312 2164 1366 hac
2181 1311 2281 1366 lide
2304 1311 2687 1381 baptizabcris.
2712 1311 2768 1367 Si
2790 1312 2894 1365 alio
2920 1312 3077 1367 modo
3098 1313 3383 1383 inscriptus
3403 1329 3486 1381 es,

1917 1418 2077 1474 quam
2107 1416 2224 1456 mea
2266 1403 2506 1457 doctrina
2538 1403 2802 1472 exposcit,
2839 1403 2960 1457 veni
2993 1418 3057 1458 ac
3105 1402 3487 1460 transcribere.

1916 1495 2028 1566 Ego
2057 1494 2248 1548 horum
2275 1508 2378 1548 non
2410 1494 2633 1549 inscitus
2669 1502 2827 1563 atque
2851 1495 3064 1565 ineptus
3089 1509 3206 1549 sum
3236 1494 3487 1565 scriptor,

1917 1588 2160 1643 scribens
2183 1601 2246 1641 ea
2286 1600 2403 1652 qua:
2427 1585 2557 1640 mihi
2588 1585 2848 1656 inscripta
2877 1595 3021 1653 sunt,
3052 1595 3107 1639 et
3135 1588 3330 1641 docens
3370 1601 3491 1656 qua:

1919 1678 2103 1743 didici,
2137 1686 2299 1746 atque
2321 1692 2349 1730 a
2375 1675 2548 1747 prima
2572 1686 2732 1731 astate
2767 1677 2834 1731 ad
2868 1677 3008 1731 hanc
3032 1690 3201 1746 usque
3233 1678 3487 1732 canitiem

1922 1769 2150 1825 servavi.
2186 1767 2360 1825 Meum
2393 1770 2464 1825 sit
2503 1769 2818 1840 periculum,
2858 1784 3035 1823 meum
3090 1783 3305 1838 quoque
3350 1783 3495 1838 prac—

1921 1861 2109 1926 mium,
2175 1860 2265 1929 qui
2315 1861 2508 1915 animae
2547 1870 2650 1914 tuae
2691 1875 2808 1914 sum
2861 1859 3233 1928 dispensator,
3273 1874 3336 1915 ac
3394 1875 3493 1929 per

1922 1950 2243 2020 baptismum
2284 1961 2333 2006 te
2377 1952 2619 2021 perficio.
2672 1950 2766 2005 Sin
2812 1961 2987 2006 autem
3017 1951 3090 2005 ita
3129 1960 3180 2005 te
3212 1950 3396 2016 babes,
3427 1966 3494 2005 ac

1922 2042 2162 2110 pulchris
2200 2042 2391 2098 litteris
2414 2052 2627 2097 notatus
2657 2050 2819 2111 atque
2855 2042 3067 2096 inustus
3093 2056 3173 2107 es,
3201 2056 3321 2110 quas
3356 2045 3494 2096 scri-

1923 2140 2012 2201 pta
2047 2140 2173 2187 sunt
2207 2147 2383 2197 serva,
2431 2132 2483 2187 in
2535 2133 2785 2188 obnoxiis
2830 2131 3110 2187 mutationi
3165 2132 3494 2200 temporibus

1923 2223 2067 2278 circa
2107 2238 2219 2277 rem
2248 2223 2468 2277 minime
2507 2222 2819 2277 mutabilem
2862 2220 3210 2276 immutabilis
3244 2233 3490 2274 manens.

1925 2312 2026 2379 Tu,
2077 2314 2169 2384 qui
2220 2323 2366 2368 recte
2414 2314 2749 2383 conscriptus
2792 2328 2869 2379 es,
2916 2313 3166 2379 Pilatum,
3211 2312 3302 2381 qui
3354 2313 3494 2367 male

1926 2406 2238 2474 scripserat,
2270 2406 2323 2459 in
2359 2404 2632 2459 meliorem
2664 2415 2871 2474 partem
2898 2404 3130 2459 imitare.
3157 2403 3252 2459 Dic
3278 2404 3362 2469 iis,
3400 2406 3493 2473 qui

1929 2506 1979 2551 te
2008 2511 2036 2550 a
2063 2496 2328 2551 sententia
2355 2495 2621 2551 deducere
2643 2496 2862 2551 student
2905 2513 2919 2549 :
2955 2494 3107 2561 Quod
3139 2497 3340 2562 scripsi,
3365 2497 3499 2549 scri-

1926 2587 2091 2657 psi".
2126 2586 2356 2642 Puderet
2409 2587 2549 2641 cnim
2583 2602 2668 2642 me
2712 2586 2973 2656 profecto,
3007 2586 3072 2652 si,
3110 2601 3229 2641 cum
3292 2588 3495 2640 malum

1927 2678 2119 2736 stabile
2140 2691 2203 2733 ac
2229 2677 2438 2732 firmum
2470 2688 2705 2744 maneat,
2761 2678 2958 2733 bonum
3010 2690 3199 2734 contra
3240 2677 3395 2733 facile
3439 2678 3495 2733 in

1928 2770 2167 2825 deterius
2189 2768 2527 2836 ﬂecteretur;
2573 2784 2696 2825 cum
2746 2784 2844 2825 nos
2870 2771 2941 2825 ita
2986 2780 3328 2839 comparatos
3376 2783 3499 2824 esse

1929 2865 2054 2920 vita:
2123 2866 2337 2919 ratione
2404 2871 2693 2934 oporteat,
2778 2873 2838 2916 ut
2894 2878 2922 2915 a
2978 2863 3110 2917 vitio
3157 2863 3372 2931 quidem
3430 2863 3499 2916 ad

1930 2954 2185 3009 virtutem
2256 2954 2398 3009 facili
2451 2963 2596 3008 mutu
2663 2952 3039 3021 impellamur,
3093 2968 3122 3005 a
3163 2954 3359 3007 virtute
3403 2967 3500 3005 au-

250 3044 347 3106 τὰς
376 3045 567 3114 χεῖρας
598 3041 674 3111 τῷ
708 3040 1003 3109 Πνεύματι.
1033 3040 1364 3111 Ταχύνωμεν
1389 3040 1488 3111 τὴν
1530 3039 1823 3111 σωτηρίαν,

1932 3055 2040 3101 tem
2117 3044 2184 3098 ad
2249 3043 2438 3099 vitium
2498 3044 2644 3097 nullo
2696 3043 2852 3098 modo
2903 3044 3206 3098 incitemur.
3271 3042 3328 3097 Si
3374 3057 3499 3096 cum

251 3134 574 3203 ἀναστῶμεν
601 3133 693 3185 ἐπὶ
712 3132 773 3185 τὸ
797 3132 1098 3202 βάπτισμα·
1121 3131 1313 3201 σφύζει
1338 3132 1398 3185 τὸ
1423 3131 1667 3202 Πνεῦμα,
1698 3132 1830 3203 πρό-

252 3226 422 3297 θυμος
451 3227 479 3277 ὁ
520 3225 826 3295 τελειωτὴς,
862 3223 922 3275 τὸ
952 3223 1122 3295 δῶρον
1151 3224 1387 3294 ἕτοιμον.
1422 3225 1485 3276 El
1519 3224 1575 3276 δὲ
1610 3223 1831 3286 σκάζεις

248 3320 350 3385 ἔτι,
378 3320 475 3371 καὶ⁸
508 3318 582 3388 μὴ
623 3317 895 3389 καταδὲχῃ
921 3316 981 3369 τὸ
1006 3315 1207 3369 τέλειον
1242 3317 1341 3386 τῆς
1375 3314 1649 3385 θεότητος,
1683 3315 1832 3386 ζήτει

252 3412 348 3465 σὺν
377 3407 701 3480 βαπτιστὴν,
730 3408 762 3477 ἢ
792 3406 1256 3476 καταϐαπτιστήν.
1304 3406 1457 3477 Ἐμοὶ
1492 3406 1549 3458 δὲ
1585 3406 1644 3458 ού
1671 3405 1832 3477 σχολὴ

248 3501 473 3573 τέμνειν
500 3499 749 3570 θεότητα,
796 3499 889 3551 καὶ
918 3498 1110 3569 νεκρόν
1142 3514 1201 3550 σε
1229 3499 1401 3550 ποιεῖν
1442 3499 1499 3550 ὲν
1533 3497 1710 3568 καιρῷ
1734 3496 1834 3567 τῆς

249 3591 670 3661 ἀναγεννήσεως
688 3606 702 3620 ⁸
735 3590 822 3642 ἵνα
850 3591 986 3660 μήτε
1013 3589 1073 3641 τὸ
1104 3588 1351 3660 χάρισμα
1383 3588 1533 3661 ἔχῃς,
1571 3592 1707 3659 μήτε
1736 3587 1834 3659 τὴν

251 3683 449 3736 ἐλπίδα
482 3681 875 3765 τῆςλάριτο-ἱ,
902 3682 960 3733 ὲν
991 3679 1157 3750 ὀλίγῳ
1185 3681 1499 3752 ναυαγήσας
1528 3679 1627 3750 τὴν
1655 3696 1833 3750 σωτη-

255 3775 401 3846 ρίαν.
447 3774 537 3836 Ὠς
559 3754 990 3844 δῖῖἆῖῦξβέλῃς
1015 3771 1123 3824 τῶν
1147 3772 1313 3844 τριῶν
1342 3773 1441 3843 τῆς
1467 3771 1744 3843 θεότητος,
1773 3771 1835 3824 τὸ

251 3868 367 3921 πᾶν
404 3864 507 3936 ἔσῃ
541 3862 894 3935 καθῃρηκὼς,
922 3863 1017 3915 καὶ
1046 3861 1256 3933 σεαυτῷ
1280 3862 1378 3934 τὴν
1400 3862 1676 3916 τελείωσιν
1702 3862 1833 3933 (59).

1931 3138 2034 3193 hac
2092 3135 2360 3192 sententia
2397 3146 2451 3191 et
2485 3135 2723 3190 doctrina
2777 3136 2843 3191 ad
2891 3136 3213 3205 baptismum
3262 3134 3498 3200 accedis,

1927 3245 2043 3284 ecce
2076 3227 2217 3283 labia
2244 3244 2359 3283 mea
2392 3244 2493 3282 non
2524 3227 2799 3297 prohibebo
2836 3229 2901 3294 ⁸⁸,
2947 3243 3075 3283 ecce
3112 3243 3306 3283 manus
3353 3243 3503 3282 meas

1931 3321 2157 3390 Spiritui
2203 3320 2508 3377 commodo.
2538 3319 2777 3374 Salutem
2826 3320 3208 3385 acceleremus,
3243 3320 3405 3389 727
3434 3320 3502 3372 ad

1932 3411 2251 3479 baptismum
2282 3424 2671 3479 exsurgamus;
2700 3408 2883 3463 exsilit
2912 3406 3163 3478 Spiritus,
3193 3417 3388 3478 praesto
3420 3416 3506 3461 est

1932 3501 2193 3566 iuitiator,
2228 3502 2282 3555 in
2311 3509 2559 3569 promptu
2587 3510 2669 3555 est
2691 3499 3011 3568 baptismus.
3044 3496 3140 3551 Sin
3168 3512 3292 3550 vcro
3327 3497 3504 3551 adhuc

1933 3590 2226 3657 claudicas,
2254 3605 2353 3655 nec
2384 3589 2605 3645 Deitatis
2629 3588 3009 3657 perfectionem
3036 3587 3286 3655 suscipis,
3320 3600 3503 3655 quaere

1935 3684 2024 3750 qui
2055 3692 2106 3736 te
2133 3682 2322 3749 tingat,
2352 3680 2438 3734 vel
2468 3681 2523 3735 in
2568 3680 2762 3734 malam
2815 3694 2929 3733 rem
2973 3680 3161 3748 tingat.
3205 3678 3330 3733 Mihi
3359 3678 3505 3733 enim

1937 3786 2040 3825 non
2068 3782 2224 3826 vacat
2256 3772 2518 3826 Deitatem
2547 3784 2752 3835 secare,
2785 3779 2946 3839 atque
2988 3772 3041 3824 in
3084 3769 3507 3837 regenerationis

1939 3872 2182 3933 tempore
2210 3863 2305 3917 tibi
2332 3872 2561 3918 mortem
2584 3864 2822 3931 inferre;
2854 3876 2911 3919 ut
2936 3864 3013 3919 sic
3038 3877 3137 3917 nec
3159 3864 3384 3933 gratiam
3410 3863 3508 3916 ha-

256 3960 413 4024 beas,
448 3973 551 4013 nec
582 3958 766 4027 gratia:
807 3971 980 4026 spem,
1033 3956 1205 4012 salute
1262 3956 1516 4011 nimirum
1582 3957 1728 4012 brevi
1783 3966 2020 4024 tempore
2081 3956 2363 4026 naufragio
2388 3957 2606 4013 amissa.
2657 3957 2712 4012 Si
2745 3958 2833 4013 cui
2890 3956 3033 4012 enim
3063 3971 3129 4011 ex
3189 3955 3272 4009 his
3337 3954 3510 4008 tribus

258 4049 603 4104 divinitatem
628 4049 948 4114 detraxeris,
988 4058 1159 4103 totum
1192 4038 1475 4113 everteris,
1507 4048 1706 4118 tibique
1738 4047 1837 4117 ipsr
1858 4049 2243 4118 pertectionem
2275 4050 2559 4104 ademeris.

330 4140 469 4197 ME’.
505 4139 644 4193 Ἀλλ’
673 4138 825 4193 οὔπω
853 4139 1022 4204 τύπος
1047 4140 1222 4203 οὐδεὶς
1248 4141 1306 4192 ὲν
1329 4142 1397 4210 τῇ
1426 4141 1491 4210 σῇ
1520 4138 1689 4211 ψυχῇ,
1712 4138 1829 4193 οὔτε

2011 4138 2175 4200 XLV.
2214 4144 2283 4193 At
2316 4141 2553 4195 nondum
2585 4139 2692 4193 ulla
2736 4140 2789 4194 in
2821 4139 3002 4193 animo
3033 4148 3144 4206 tuo,
3182 4138 3268 4193 vel
3295 4138 3509 4202 melior,

261 4236 508 4306 χείρονος
536 4230 649 4303 (60)
696 4230 1042 4303 γράμματος,
1078 4230 1198 4284 οὐδὲ
1251 4230 1519 4300 βελτίονος
1540 4248 1553 4263 θ
1602 4231 1869 4302 σήμερον.

263 4327 324 4401 δέ
355 4345 417 4380 σε
445 4314 725 4396 γραφῆναι
752 4324 951 4394 δεήσει,
991 4322 1086 4377 καὶ
1117 4325 1247 4395 παρ’
1274 4322 1431 4393 ἡμῶν
1449 4321 1558 4394 (61)
1590 4322 1846 4392 τυπωθῆ-

264 4436 354 4473 ναι
382 4420 525 4491 πρὸς
553 4415 901 4485 τελειότητα;
936 4415 1082 4467 Είσω
1104 4413 1202 4483 τῆς
1227 4413 1453 4484 νεφέλης
1481 4414 1842 4485 χωρήσωμενο

262 4510 353 4574 δός
385 4527 481 4582 μοι
527 4508 627 4572 τὰς
674 4507 887 4570 πλάκας
916 4505 1015 4576 τῆς
1062 4504 1161 4575 σῆς
1201 4504 1462 4575 καρδίας·
1496 4503 1717 4574 γίνομαί
1764 4520 1846 4556 σοι

266 4602 497 4673 Μωσῆς,
528 4600 577 4653 εί
619 4598 712 4651 καὶ
744 4596 1014 4669 τολμηρὸν
1047 4596 1222 4648 εἰπεῖν
1246 4612 1259 4625 ’
1294 4595 1555 4666 ἐγγράφω
1600 4594 1848 4665 δακτύλῳ

268 4690 405 4745 Θεοῦ
434 4691 560 4745 νέαν
597 4690 917 4759 δεκάλογον·
949 4687 1212 4741 ὲννοάωω
1253 4686 1518 4756 σύντομον
1548 4686 1845 4757 σωτηρίαν.

1944 4232 2032 4285 vel
2074 4232 2314 4286 deterior
2345 4231 2526 4286 littera
2567 4232 2830 4301 impressa
2859 4241 2978 4298 est;
3020 4245 3201 4285 verum
3249 4231 3511 4287 hodierno

1942 4324 2028 4378 die
2054 4323 2277 4379 inscribi
2308 4334 2357 4378 te
2386 4332 2641 4392 oportet,
2688 4333 2851 4393 atque
2882 4338 2911 4377 a
2940 4323 3093 4377 nobis
3120 4322 3185 4375 ad
3222 4321 3510 4391 perfectio-

1946 4427 2070 4468 nem
2102 4414 2422 4469 informari?
2456 4412 2663 4467 Nubem
2722 4413 3122 4482 ingrediantur;
3152 4412 3216 4466 da
3251 4411 3381 4465 mihi
3412 4427 3511 4480 pe-

1946 4505 2113 4559 ctoris
2147 4503 2222 4557 tui
2254 4503 2499 4567 tabulas;
2537 4502 2750 4573 Moyses
2800 4503 2894 4556 tibi
2936 4516 3052 4565 ero,
3078 4503 3179 4554 etsi
3219 4500 3319 4555 hoc
3361 4501 3512 4554 inso-

1945 4594 2144 4649 lentius
2193 4608 2220 4647 a
2266 4607 2351 4646 me
2405 4592 2608 4647 dictum
2640 4592 2808 4647 videri
2838 4602 3030 4661 queat;
3078 4589 3172 4643 Dei
3215 4588 3384 4658 digito
3416 4605 3514 4643 no-

1945 4699 2070 4738 vum
2101 4682 2424 4753 Decalogum
2462 4682 2793 4748 inscribam;
2846 4681 3283 4751 compendiosam
3320 4680 3516 4736 salutis

344 4832 390 4862 ”
417 4830 435 4885 l
462 4830 599 4901 Reg.
632 4842 764 4892 xvu,
803 4825 894 4880 40.
980 4826 1025 4857 ’⁸
1048 4823 1115 4879 lll
1144 4824 1274 4893 Reg.
1303 4837 1436 4889 xvii,
1465 4822 1556 4876 21.
1633 4822 1678 4853 ²⁶
1703 4820 1768 4875 Ill
1808 4820 1829 4874 Ι

1928 4862 1939 4874 .
1969 4833 2123 4884 xvm,
2154 4816 2243 4871 54.
2319 4818 2361 4848 ’⁷
2392 4816 2550 4873 Joan.
2598 4833 2712 4882 Xlx,
2754 4816 2843 4871 Ἠ.
2921 4815 2965 4847 ’⁸
2992 4815 3134 4872 Psal.
3172 4831 3356 4883 xxxix,
3380 4815 3468 4871 10.

349 4987 462 5058 (55)
504 4989 665 5058 Ἐχω
692 4982 869 5051 τρεῖς,
918 4990 1023 5058 e_tc.
1072 4998 1092 5032 ι
1127 4978 1401 5058 Adversus
1442 4976 1848 5058 assulasﬁhabeo

278 5045 392 5110 tres
444 5045 891 5126 prolt'i'vioniesgvi
948 5052 1051 5126 hoc
1096 5056 1201 5116 est,
1246 5045 1850 5126 ti_t__exponit§icetas,

288 5144 308 5177 ι
348 5115 463 5180 tres
494 5123 745 5195 baptismi
769 5115 1232 5195 demersiones.)
1264 5117 1452 5170 Billius
1489 5134 1505 5169 :
1542 5135 1561 5168 ι
1594 5115 1728 5172 Tres
1754 5118 1855 5171 ad-

280 5209 469 5250 versus
494 5190 634 5262 lig'ua
670 5192 1011 5262 proluvioues
1044 5190 1233 5262 habeo.
1277 5206 1296 5262 1

361 5254 1062 5336 βιηῗοὺςῖττροφῄτᾳς...
1110 5258 1429 5336 αίρςχῷνης.
1481 5273 1500 5306 1
1560 5254 1855 5336 Eropbetas

285 5325 647 5389 confusionis;
694 5325 740 5384 1⁷
772 5325 1013 5385 Nobilius
1072 5338 1129 5383 et
1182 5325 1404 5398 Vulgata
1442 5342 1456 5379 :
1494 5343 1511 5377 ι
1560 5325 1857 5394 Prophetas

286 5403 440 5457 Baal.
462 5422 482 5455 1

359 5473 469 5542 (55)
516 5472 578 5525 '0
611 5472 834 5539 καιρός.
865 5470 994 5539 Reg.
1026 5467 1079 5531 d,
1110 5467 1139 5519 ὁ
1173 5464 1363 5537 παρὼν
1405 5463 1616 5537 καιρός,
1657 5482 1675 5515 ι
1716 5479 1855 5533 prte-

290 5556 414 5595 seus
441 5552 668 5608 tempus.
704 5559 723 5592 1

361 5611 469 5680 (56)
512 5605 641 5665 Τοῦ.
680 5608 910 5665 Deestin
948 5607 1113 5680 chg.
1138 5608 1262 5680 bm,_
1286 5605 1374 5677 ph,
1398 5616 1506 5660 etc.

361 5674 471 5749 (επ)
508 5680 718 5746 Καλῶς
748 5674 1164 5751 γεγραμμέιὲος.
1199 5696 1216 5728 ι
1249 5674 1411 5733 ιῐεειε
1434 5674 1793 5745 conscriptus.
1829 5693 1850 5726 1

1958 4976 2094 5031 Hinc
2124 4990 2255 5031 sane
2286 4974 2640 5045 colligendum
2676 4972 2907 5036 videtur,
2947 4979 3046 5045 aut
3072 4971 3191 5045 fidei
3236 4971 3517 5045 formulam

1951 5062 2018 5101 ex
2046 5048 2253 5115 integro
2281 5041 2662 5115 conscriptam,
2690 5053 2783 5097 aut
2819 5057 2948 5097 sane
2976 5059 3006 5095 a
3038 5041 3370 5109 baptizandis
3399 5054 3521 5095 esse

1950 5118 2343 5186 subsiguatam.

2046 5181 2132 5254 58')
2173 5185 2619 5239 Μετακλίνοιτο.
2652 5181 2797 5254 Βπε.,
2832 5181 3085 5254 κλίνοιτο.

2046 5188 2132 5254 58)
2173 5188 2619 5239 Μετακλίνοιτο.
2656 5188 2797 5247 Bas.,
2832 5188 3085 5237 κλίνοιτο.

2022 5188 2138 5328 ίὸθ)
2185 5257 2286 5328 Ὡς,
2320 5256 2420 5310 ὅ...
2460 5254 2574 5321 τὴν
2619 5252 2946 5305 τελείωσιν.
2985 5250 3109 5304 llaec
3145 5257 3201 5304 et
3243 5247 3522 5318 interjecta

1955 5327 2150 5381 deSunt
2180 5328 2230 5380 in
2260 5327 2393 5392 Reg.
2420 5328 2527 5377 but.

2026 5395 2136 5469 (60)
2178 5386 2642 5469 Obts'zslporoc.
2669 5392 2759 5446 Sic
2796 5401 3023 5460 quatuor
3051 5391 3216 5460 chg.
3255 5398 3308 5443 et
3347 5386 3440 5442 Or.
3466 5389 3521 5443 1.

1962 5466 2014 5519 In
2036 5464 2149 5530 ed.,
2172 5467 2233 5519 ού
2258 5464 2518 5535 χείρονος.

2029 5524 2146 5607 (61)’
2172 5524 2290 5607 Kal
2310 5524 2444 5601 :z'ap‘
2473 5524 2658 5607 ᾖμῶν.
2688 5530 2778 5607 Sic
2799 5546 2894 5607 sex
2921 5531 3112 5607 ᾕρεε..
3144 5528 3322 5598 plurcs
3345 5524 3525 5592 Culb.,

1958 5602 2051 5662 0r.
2088 5602 2140 5675 1⁷,
2172 5606 2318 5671 Pan,
2341 5618 2447 5660 etc.
2481 5606 2636 5660 Deest
2671 5602 2764 5656 καί
2797 5604 2850 5657 in
2882 5602 2966 5654 ed.
