4050 6298
191 321 372 398 125'

1103 337 1361 394 ORATIO
1398 335 1510 392 xL.
1550 369 1619 378 -
1655 335 1726 392 IN
1769 327 2096 393 SANCTUM
2133 333 2500 394 BAPTISMA.

3311 342 3414 398 $9.6

185 456 268 512 τοῦ
327 453 626 526 μυστηρίου
678 470 745 508 τα
791 453 1030 526 ἔκφορα,
1081 456 1173 508 καὶ
1225 459 1343 518 ταῖς
1388 457 1496 509 τῶν
1539 457 1748 511 πολλῶν

1864 457 1920 512 lis
1951 457 2182 521 ratione,
2209 456 2558 527 spectandum
2585 455 3131 526 cognoscendumque
3174 457 3415 524 prmben-

186 550 364 610 ἀκοαῖς
390 547 494 600 οὐκ
525 546 814 618 ἀπόρρητα
828 546 960 618 (75).
1007 545 1090 600 Τά
1118 546 1172 599 δὲ
1199 547 1333 601 ἄλλα
1351 549 1460 618 (74)
1487 548 1617 602 εἴσω
1643 566 1748 620 μα-

187 641 335 710 θήσῃ,
371 639 473 708 τῆς
498 639 726 710 Τριάδος
752 637 1133 710 χαριζομένης,
1158 637 1194 692 ἃ
1215 639 1310 692 καὶ
1342 640 1567 711 κρύψεις
1595 641 1747 712 παρὰ

187 728 391 799 σεαυτῷ
423 729 678 801 σφραγῖδι
710 729 1075 802 κρατούμενα.

1856 559 1983 614 tem,
2014 550 2065 604 id
2098 550 2239 618 quod
2271 563 2494 617 regnum
2529 564 2744 620 quoque
2769 549 3027 604 caelorum
3053 549 3414 618 appellamus;

1854 642 1921 698 iis
1953 651 2176 708 contra,
2212 641 2304 710 qui
2347 641 2512 696 animi
2556 643 2796 696 caecitate
2842 641 3130 705 laborant,
3171 640 3420 696 tenebras

1855 750 1974 789 esse
1995 776 2010 801 ,
2042 735 2142 790 hoc
2172 743 2288 799 est,
2335 733 2780 790 abalienationem
2822 743 2982 804 atque
3009 736 3347 790 aversionem
3383 747 3416 788 ο

189 826 287 878 Deo
311 863 326 888 ,
381 839 480 892 pro
533 824 876 878 hebetudinis
904 840 966 878 ac
999 826 1355 882 caacutientiaa
1405 827 1598 891 modo,
1645 841 1748 896 qua
1794 829 2023 898 quisque
2059 829 2110 881 in
2182 830 2283 883 hac
2317 827 2430 882 vita
2497 827 2720 884 alfectus
2753 830 2932 884 fuerit.
2968 831 3183 885 Decimo
3217 843 3281 883 ac
3322 843 3417 898 po-

185 931 388 970 ευθειιο
411 916 556 981 loco,
575 931 739 986 super
779 917 882 970 hoc
910 919 1219 988 dogmatum
1280 919 1628 976 fundamento
1688 920 1827 976 bona
1865 935 2029 989 opera
2061 929 2316 985 exstrue;
2371 923 2800 989 quandoquidem
2841 922 2970 990 ﬁdes
3016 925 3128 977 sine
3175 925 3416 991 operibus

186 1019 391 1061 mortua
442 1019 516 1060 est
550 1008 619 1072 “,
663 1010 1114 1076 quemadmodum
1161 1021 1216 1064 et
1278 1025 1474 1080 opera,
1524 1012 1566 1066 si
1623 1011 1756 1066 ﬁdes
1796 1013 1958 1066 absit.
1992 1012 2170 1068 Habes
2203 1029 2322 1084 quae
2381 1015 2446 1067 de
2485 1012 2742 1082 mysterio
2813 1013 2957 1069 foras
2990 1027 3293 1086 exportare,
3329 1026 3414 1070 at-

183 1113 280 1168 que
331 1100 404 1150 ad
461 1099 605 1168 vulgi
668 1114 829 1153 aures
894 1099 1101 1154 ell‘erre‘
1151 1102 1297 1158 licet.
1335 1103 1539 1158 Caetera
1571 1105 1734 1171 intus,
1769 1103 2032 1160 Trinitate
2075 1105 2367 1176 largiente,
2417 1105 2700 1171 addisces,
2747 1121 2868 1174 qua:
2918 1107 3080 1162 etiam
3122 1109 3235 1178 ipsa
3275 1109 3418 1176 apud

186 1192 412 1258 teipsum
465 1201 614 1258 tegas
638 1228 652 1252 ,
685 1183 834 1242 velut
859 1205 921 1242 ea
960 1207 1079 1258 quze
1117 1193 1216 1246 sub
1251 1192 1426 1262 sigillo
1472 1202 1742 1248 tenentur.

245 1285 399 1349 MCT.
432 1282 580 1353 Ηλὴν
603 1284 779 1335 ἐκεῖνο
807 1283 1229 1356 εὖαγγελίζομαί
1257 1304 1338 1340 σοι
1357 1288 1490 1358 (75).
1531 1289 1593 1341 Ἡ
1626 1288 1752 1341 στά-

185 1394 277 1440 σις,
310 1376 385 1446 ἣν
435 1375 629 1428 αὐτίκα
679 1377 850 1447 στήσῃ
901 1378 1036 1447 μετὰ
1084 1379 1142 1430 τὸ
1194 1379 1473 1451 βάπτισμα
1516 1382 1621 1451 πρὸ
1656 1381 1750 1434 τοῦ

189 1470 417 1541 μεγάλου
460 1469 722 1539 βήματος,
767 1471 866 1539 τῆς
906 1472 1112 1524 ἐκεῖθεν
1135 1473 1246 1541 (76)
1273 1474 1430 1543 δόξης
1473 1475 1588 1528 ἐστὶ
1620 1492 1752 1546 προ-

187 1560 462 1631 χάραγμα.
512 1559 579 1611 Ἦ
607 1557 912 1630 φαλμῳδία,
946 1562 1062 1632 μεθ’
1091 1558 1158 1633 ἧς
1190 1562 1447 1637 δεχθήσῃ,
1479 1564 1577 1633 τῆς
1608 1566 1750 1618 ἐκεῖ·

189 1653 264 1706 θεν
288 1651 567 1722 ὑμνῳδίας
607 1654 912 1724 προοίμιον.
957 1657 1022 1707 Al
1062 1655 1361 1726 λαμπάδες,
1396 1657 1598 1728 ῑᾶσπερ
1648 1659 1740 1710 ἀν-

189 1840 564 1910 ὰπαντήσομεν
587 1839 702 1911 (77)
744 1839 822 1910 τῷ
867 1840 1084 1911 νυμφίῳ
1117 1841 1339 1912 φαιδραὶ
1370 1843 1464 1894 καὶ
1495 1843 1749 1910 παρθένοι

188 1931 363 2000 ψυχαὶ,
406 1931 662 2002 φαιδραῖς
708 1933 824 1992 ταῖς
865 1929 1111 2002 λαμπάσι
1161 1931 1255 2002 τῆς
1303 1932 1559 1998 πίστεως,
1615 1934 1750 2004 μήτε

191 2022 533 2076 καθεύδουσαι
561 2022 647 2076 διὰ
683 2022 976 2094 ρᾳθυμίαν,
1011 2023 1096 2076 ἵνα
1129 2025 1202 2094 μὴ
1236 2023 1372 2096 λάθῃ
1406 2023 1595 2096 παρὼν
1628 2025 1751 2079 ἁδο-

192 2117 357 2185 κήτως
379 2117 408 2168 ὁ
441 2113 911 2185 προσδοκώμενος,
943 2116 1079 2185 μήτε
1101 2115 1347 2186 ἄτροφοι,
1377 2119 1469 2170 καὶ
1493 2117 1751 2183 ὰνέλαιοι,

198 2209 269 2261 καὶ
304 2206 492 2260 καλῶν
548 2206 722 2278 ἔργων
769 2207 1024 2270 ἐπιδεεῖς,
1076 2207 1162 2260 ἵνα
1207 2208 1282 2279 μὴ
1330 2207 1424 2262 τοῦ
1466 2209 1754 2280 νυμφῶνος

192 2299 527 2369 ἐκπέσωμεν.
569 2296 712 2368 ὐρῶ
737 2297 846 2369 γὰρ
872 2297 933 2350 τὸ
956 2297 1146 2362 πάθος,
1178 2299 1253 2362 ὡς
1276 2298 1526 2353 ἐλεεινόν.
1570 2299 1629 2350 '0
1658 2298 1756 2370 μὲν

192 2390 472 2461 παρέσται,
506 2387 847 2459 ἀπαιτούσης
877 2388 976 2458 τῆς
1013 2389 1264 2460 κραυγῆς
1288 2390 1384 2460 τὴν
1415 2390 1718 2460 ἀπάντησιν
1738 2407 1751 2419 ·

192 2483 240 2534 αἱ
282 2482 337 2534 δὲ
384 2482 814 2553 ἀπαντήσονται,
853 2482 974 2534 ὅσαι
1008 2482 1283 2552 φρόνιμοι,
1329 2482 1466 2551 μετὰ
1504 2481 1754 2552 λαμπροῦ

192 2573 274 2627 τοῦ
300 2574 498 2642 φωτὸς,
527 2575 622 2627 καὶ
659 2572 1049 2644 δαψιλεστέρας
1086 2573 1185 2644 τῆς
1215 2571 1406 2627 τούτου
1436 2575 1638 2646 τροφῆς
1662 2593 1672 2603 ·
1701 2575 1758 2626 αἱ

193 2667 242 2718 δὲ
272 2667 706 2739 ταραχθήσονται
749 2664 1009 2737 ζητοῦσαι
1049 2665 1110 2718 τὸ
1157 2665 1332 2719 ἔλαιον
1361 2667 1461 2719 οὐκ
1485 2667 1543 2718 ὲν
1579 2666 1758 2740 καιρῷ

193 2759 335 2831 παρὰ
363 2759 471 2812 τῶν
502 2759 755 2828 ἐχόντων.
795 2759 854 2811 '0
892 2758 949 2812 δὲ
980 2757 1342 2811 εἰσελεύσεται
1374 2759 1662 2830 δρομαῖος·
1699 2762 1756 2813 αἱ

191 2847 243 2899 δὲ
293 2847 828 2902 συνεισελεύσονταιο
877 2849 932 2900 αἱ
979 2848 1036 2901 δὲ
1079 2847 1622 2917 ἁποκλεισθήσονται,
1662 2849 1760 2901 ’τὸν

191 2938 274 2992 τοῦ
305 2939 567 2993 εἰσελθεῖν
598 2940 789 3011 καιρὸν
822 2942 901 3002 εἰς
936 2940 997 2992 τὸ
1042 2939 1561 3012 παρασκευάσασθαι
1589 2939 1760 2994 δαπα-

191 3037 436 3105 νήσασαι,
485 3035 578 3088 καὶ
617 3035 787 3089 πολλὰ
836 3035 1320 3105 μετακλαύσονται,
1355 3036 1451 3105 ὀψὲ
1491 3035 1758 3106 μαθοῦσαι

1929 1284 2116 1340 XLVI.
2141 1283 2406 1340 Caeterum
2436 1285 2562 1340 illud
2595 1300 2659 1340 ex
2691 1302 2775 1340 me
2807 1287 3072 1357 intelligas
3091 1289 3269 1346 velim.
3292 1292 3419 1354 Sta-

1861 1381 1932 1434 tio
1972 1381 2124 1442 haec,
2177 1395 2280 1449 qua
2314 1379 2599 1434 confestim
2647 1394 2676 1432 a
2722 1379 2989 1448 baptismo
3011 1393 3134 1436 ante
3165 1398 3415 1453 magnum

1858 1471 2156 1524 sacrarium
2199 1471 2408 1534 stabis,
2451 1470 2642 1525 futura:
2689 1472 2810 1525 vitae
2850 1474 3072 1540 gloriam
3111 1476 3419 1543 prmsignat.

1858 1565 2190 1620 Psalmorum
2251 1571 2470 1629 cantus,
2528 1578 2650 1618 cum
2712 1578 2820 1634 quo
2898 1566 3220 1634 accipieris,
3280 1567 3422 1622 illius

1860 1653 2163 1722 bymnodia:
2186 1651 2497 1722 praeludium
2519 1663 2619 1708 est.
2640 1652 2961 1723 Lampades,
2984 1657 3422 1726 quas:accendes,

189 1745 474 1820 ἅψειςηῆς
521 1745 730 1800 ἐκεῖθεν
778 1747 1141 1816 φωταγωγίας
1191 1751 1504 1820 μυστήριον,
1545 1748 1660 1820 μεθ’
1688 1745 1754 1819 ἧς

1864 1742 2002 1796 illius
2059 1743 2318 1796 luminum
2375 1744 2692 1813 gestationis
2751 1743 2973 1813 figuram
3026 1757 3250 1815 gerunt,
3300 1763 3421 1802 cum

1859 1847 1960 1901 qua
1998 1834 2290 1904 splendidae
2333 1845 2386 1889 et
2421 1835 2660 1905 virgines
2691 1835 2919 1900 animae,
2974 1837 3266 1908 splendidis
3296 1840 3424 1896 fidei

1857 1925 2215 1996 lampadibus,
2274 1927 2490 1982 Christo
2545 1945 2740 1998 sponso
2799 1929 3009 1984 obviam
3053 1933 3420 2000 prodibimus,

1856 2030 1955 2071 nec
2006 2031 2102 2086 per
2152 2016 2420 2086 ignaviam
2475 2028 2530 2072 et
2569 2019 2870 2073 socordiam
2906 2019 3270 2090 dormientes,
3326 2040 3416 2087 ne,

1857 2105 2212 2162 inscientibus
2235 2107 2410 2170 nobis,
2461 2109 2528 2174 is,
2578 2109 2730 2178 cujus
2760 2112 3022 2165 adventus
3055 2121 3421 2181 exspectatur,

1858 2197 2132 2266 inopinato
2168 2199 2329 2263 adsit,
2359 2214 2457 2254 nec
2491 2200 2744 2255 alimento
2779 2211 2830 2257 et
2866 2202 3003 2266 oleo,
3051 2203 3214 2272 729
3240 2204 3424 2258 bouis-

1859 2285 1964 2359 q'ne
2025 2293 2280 2360 operibus
2347 2303 2633 2358 carentes,
2689 2309 2756 2350 ne
2816 2312 2845 2348 a
2907 2297 3130 2364 nuptiali
3187 2297 3424 2352 thalamo

1857 2385 2231 2440 excludamur.
2261 2385 2537 2455 Prospicio
2573 2387 2713 2440 enim
2759 2389 2939 2442 animo
2984 2391 3188 2444 tristem
3227 2403 3281 2448 et
3321 2397 3422 2448 mi-

1859 2492 2036 2532 seram
2069 2479 2462 2534 calamitatem.
2499 2480 2687 2534 Aderit
2723 2480 2832 2547 ille,
2877 2497 2997 2536 cum
3036 2483 3243 2538 clamor
3268 2500 3426 2540 exor-

1865 2579 1970 2636 tus,
2011 2580 2072 2624 ιιι
2113 2572 2159 2626 ei
2191 2570 2404 2626 obviam
2439 2575 2781 2642 proccdatur,
2818 2574 2997 2644 exiget
3030 2593 3044 2628 :
3074 2575 3156 2629 lue
3186 2577 3421 2644 quidem,

1861 2673 2124 2733 quotquot
2149 2665 2447 2731 prudentes
2479 2673 2606 2718 sunt
2633 2664 2848 2728 animm,
2889 2681 3008 2719 cum
3043 2667 3322 2735 splendido
3346 2669 3425 2721 lu-

1864 2755 2032 2818 mine,
2059 2761 2113 2808 et
2149 2753 2390 2808 uberiori
2417 2753 2533 2819 ejus
2560 2752 2813 2808 alimonia
2848 2756 2946 2823 ipsi
2974 2767 3295 2824 occurrent;
3326 2772 3430 2812 cae-

1864 2855 1994 2900 teras
2033 2857 2211 2899 autem
2240 2846 2293 2899 iu
2326 2861 2514 2914 magna
2565 2849 2973 2915 perturbatione
3023 2859 3216 2916 erunt,
3251 2851 3426 2907 oleum

1864 2938 1931 2991 ab
1977 2938 2045 2992 iis
2128 2938 2322 3006 quibus
2375 2939 2645 3007 suppetit,
2691 2939 3066 3008 intempestive
3102 2953 3426 2999 quaerentes.

1866 3028 1958 3085 llle
2006 3045 2168 3098 porro
2213 3028 2536 3083 festinanter
2585 3032 2958 3100 ingredietur:
2991 3034 3280 3101 prudentes
3334 3051 3431 3090 au-

191 3127 288 3208 ehe
323 3128 530 3199 ζημίαν
570 3129 671 3198 τῆς
715 3127 1010 3200 ῥᾳθυμίας,
1057 3129 1185 3182 ὅταν
1237 3129 1432 3199 μηκέτι
1466 3129 1494 3180 ὁ
1541 3127 1757 3198 νυμφὼν

1871 3134 1978 3178 tem
2007 3123 2166 3177 simul
2191 3122 2526 3186 introibunt;
2578 3123 2740 3177 fatuae
2773 3139 2932 3188 vero,
2974 3142 3092 3196 quae
3127 3135 3337 3198 tempus
3368 3130 3430 3183 il-

193 3220 374 3284 αὐταῖς
412 3220 683 3290 εἰσιτητὸς
720 3216 775 3291 ᾗ,
817 3219 910 3272 καὶ
951 3219 1120 3272 πολλὰ
1149 3219 1449 3290 δεομέναις,
1489 3219 1546 3272 ὃν
1575 3221 1762 3282 κακῶς

195 3313 405 3376 ἑαυταῖς
438 3312 771 3366 ἀπέκλεισαν
795 3311 936 3380 (78)·
974 3311 1131 3366 ἄλλον
1153 3312 1352 3382 τρόπον
1387 3312 1763 3383 μιμησάμεναι

195 3409 310 3470 τοὺς
346 3405 713 3476 ὑστεροῦντας
745 3403 838 3458 τοῦ
872 3404 1071 3474 γάμου,
1103 3404 1160 3456 ὃν
1196 3407 1224 3456 ό
1257 3402 1420 3466 καλὸς
1456 3404 1639 3475 πατὴρ
1671 3405 1763 3456 ἑσ-

194 3503 278 3570 τιᾷ
295 3499 372 3570 τῷ
394 3498 546 3568 καλῷ
570 3498 808 3569 νυμφίῳ,
835 3497 922 3550 διὰ
945 3497 1042 3568 τὴν
1068 3499 1298 3565 γυναῖκα
1324 3495 1421 3567 τὴν
1443 3496 1761 3566 νεόνυμφον,

197 3595 226 3664 ἦ
259 3593 340 3647 διὰ
367 3594 459 3646 τὸν
487 3593 655 3664 ἀγρὸν
680 3593 771 3644 τὸν
801 3591 1086 3661 νεώνητον,
1110 3591 1142 3661 ἢ
1171 3591 1230 3644 τὸ
1259 3588 1451 3658 ζεῦγος
1473 3589 1580 3642 τῶν
1605 3587 1761 3658 βοῶν,

199 3682 231 3734 ἆ
264 3683 448 3745 κακῶς
484 3683 804 3752 ἐκτήσαντο,
830 3679 918 3732 διὰ
945 3681 1055 3732 τῶν
1085 3678 1294 3751 μικρῶν
1324 3678 1392 3732 τά
1420 3678 1642 3750 μείζονα
1672 3676 1766 3752 ζη-

202 3774 490 3840 μιούμενοι.
541 3773 730 3837 Οὐδεὶς
772 3773 880 3844 γὰρ
927 3773 1042 3824 ἐκεῖ
1087 3770 1193 3824 τῶν
1239 3770 1621 3842 ύπεροπτικών
1669 3772 1766 3826 καὶ

203 3865 469 3936 ῥᾳθύμων,
505 3865 625 3917 οὐδὲ
659 3865 767 3918 τών
800 3863 1215 3936 ρυπαρῶς(79),
1242 3863 1355 3916 ἀλλ’
1387 3865 1448 3917 οὐ
1482 3864 1764 3935 νυμφικῶς

203 3959 606 4023 ἑπολισμένων,
639 3960 740 4012 κᾶν
775 3957 1024 4010 ἐντεῦθεν
1063 3957 1255 4009 ἑαυτὸν
1295 3955 1502 4029 ἀξιώσῃ
1526 3957 1636 4026 (80)
1667 3957 1765 4028 τῆς

202 4049 397 4103 ἐκεῖθεν
425 4049 865 4123 λαμπροφορίας,
901 4050 996 4104 καὶ
1027 4049 1200 4103 λαθὼν
1232 4051 1760 4133 ἐαυτρνιεεξιρενείρῃ,

202 4147 373 4206 κεναῖς
405 4143 618 4196 ἐλπίσιν
655 4142 1093 4214 ἐξαπατώμενος.
1130 4137 1262 4196 Εἶτα
1294 4115 1587 4242 riga“;an
1621 4142 1763 4195 ἔνδον

204 4231 501 4304 γενώμεθα,
528 4233 649 4286 τότε
679 4229 818 4286 οἶδεν
851 4237 878 4286 ό
907 4233 1136 4304 νυμφίος
1163 4233 1198 4286 ἃ
1225 4223 1554 4296 διδάξέἷξιῖἒιὶ
1577 4233 1611 4286 ἃ
1640 4251 1764 4286 συν-

207 4325 344 4378 έσται
389 4329 512 4388 ταῖς
559 4325 1018 4388 συνεισελθούσαις
1048 4324 1264 4395 ψυχαῖς.
1297 4325 1552 4378 Συνέσται
1586 4326 1664 4389 δὲ,
1691 4325 1766 4388 ὡς

1867 3215 1959 3267 lud
1985 3253 2000 3279 ,
2026 3227 2134 3283 quo
2166 3212 2573 3282 ingrediendum
2609 3213 2747 3276 erit,
2785 3214 2836 3268 in
2867 3213 3170 3284 lampadem
3197 3217 3430 3274 adorna-

1871 3307 2016 3360 tiune
2037 3313 2510 3374 consumpserunt,
2550 3306 2615 3360 ab
2641 3305 2820 3375 ingres
2841 3322 2886 3359 'u
2915 3309 3260 3375 areebuntur,
3292 3310 3430 3365 mul-

1867 3406 2088 3465 tumque
2122 3405 2177 3450 et
2219 3396 2454 3465 graviter
2518 3395 2906 3466 ingemiscent,
2960 3397 3212 3453 damnum
3263 3401 3431 3468 negli-

1867 3488 2048 3556 gentia
2101 3503 2197 3542 sua
2235 3487 2552 3556 desidiaque
2591 3497 2929 3542 contractura
2964 3504 3087 3543 sero
3129 3491 3430 3560 intelligen-

1870 3590 1986 3644 tes,
2041 3594 2162 3633 cum
2203 3579 2312 3648 jam
2349 3578 2508 3645 ipsis,
2547 3577 2844 3646 quamlibet
2886 3578 3082 3633 obnixe
3124 3580 3429 3649 petentibus

1869 3678 2030 3738 atque
2061 3667 2494 3734 obsecrantibus,
2530 3681 2866 3735 nequaquam
2919 3667 3054 3720 ultra
3104 3670 3170 3721 ad
3217 3670 3431 3738 nuptia-

1869 3761 1972 3816 lem
1999 3761 2293 3816 thalamum
2330 3762 2510 3815 aditus
2538 3761 2772 3829 patebit,
2801 3775 2960 3828 quem
3003 3761 3103 3814 sibi
3137 3762 3268 3831 ipsis
3289 3764 3431 3818 male

1867 3853 2503 3925 praecluserunt";alio
2548 3853 2780 3922 quodam
2825 3853 2981 3907 modo
3031 3853 3152 3908 illos
3181 3855 3424 3921 imitatae,

1867 3948 1958 4017 qui
1995 3948 2214 4016 nuptiis,
2255 3961 2389 4016 quas
2414 3947 2590 4001 bonus
2629 3945 2718 3999 ille
2758 3955 2910 4013 pater
2938 3947 3081 4002 bono
3113 3961 3311 4016 sponso
3338 3961 3430 4000 ce-

1868 4039 2062 4105 lebrat,
2101 4038 2364 4092 interesse
2398 4048 2672 4103 recusant,
2719 4039 2799 4092 vel
2836 4048 3054 4109 propter
3089 4054 3311 4093 uxorem
3345 4055 3433 4094 re-

1869 4148 1997 4187 cens
2031 4134 2246 4188 ductam
2270 4174 2286 4199 ,
2321 4131 2405 4184 vel
2457 4143 2674 4201 propter
2721 4147 2906 4202 agrum
2955 4146 3127 4201 nuper
3167 4141 3428 4199 emptum,

1868 4223 1952 4278 vel
1987 4232 2206 4292 propter
2245 4239 2342 4292 par
2399 4224 2563 4276 bomn
2592 4223 2658 4287 3',
2697 4237 2818 4290 quae
2861 4222 2998 4275 male
3040 4222 3428 4289 acquisierunt,

1866 4330 1963 4382 per
1992 4316 2309 4384 exiguarum
2343 4314 2648 4381 leviumque
2697 4328 2874 4366 rerum
2925 4313 3160 4366 studium
3209 4314 3430 4383 majori-

209 4407 368 4484 οἶμαι,
406 4416 674 4468 διδάσκων
714 4415 784 4468 τὰ
811 4416 1116 4486 τελεώτερα
1146 4434 1207 4468 τε
1247 4417 1341 4468 καὶ
1375 4414 1757 4488 καθαρώτερα·

1870 4407 1970 4461 bus
2001 4406 2157 4460 bonis
2221 4418 2340 4459 sese
2375 4404 2689 4458 multantes.
2721 4400 2830 4456 Nec
2862 4405 3003 4457 enim
3039 4404 3146 4458 illic
3174 4405 3426 4472 cuiquam

207 4499 274 4556 ὧν
297 4507 382 4558 καὶ
413 4508 578 4576 ἡμεῖς
611 4505 1022 4575 μεταλάϐωμεν,
1056 4506 1108 4558 οἵ
1133 4522 1190 4558 τε
1219 4504 1558 4568 διδάσκοντες
1590 4505 1759 4557 ταῦτα

211 4598 291 4648 καὶ
335 4600 381 4650 οἱ
432 4597 810 4669 μανθάνοντες,
871 4601 927 4652 ὲν
981 4597 1124 4667 αὐτῷ
1173 4597 1391 4670 Χριστῷ
1444 4595 1519 4666 τῷ
1572 4597 1761 4666 Κυρίῳ

209 4683 424 4757 iui-3mm
442 4692 474 4760 ἠ
495 4688 622 4755 δόξα
635 4691 728 4742 καὶ
749 4690 803 4742 τί.
833 4688 1027 4759 κράτος
1046 4688 1247 4758 (81)εἰς
1267 4689 1392 4750 τοὺς
1424 4687 1760 4757 αἱῶνα;(8ί2).

223 4777 397 4852 Ἀμήν.

270 4939 312 4970 ³ο
343 4939 455 4996 Jac.
498 4957 572 5006 11,
602 4941 693 4995 20.
771 4942 812 4972 "
843 4939 1026 4993 Matth.
1059 4953 1184 5004 xxv,
1214 4938 1233 4990 l
1274 4951 1393 5004 sqq.

274 5105 380 5175 (75)
429 5105 780 5172 Ἀπόρῤητα.
848 5099 940 5154 Sic
978 5097 1133 5152 codd.
1179 5096 1350 5150 Prave
1393 5095 1446 5147 in
1489 5093 1612 5146 Par.
1654 5094 1763 5156 ed.,

212 5175 307 5228 ἀπό
348 5179 372 5218 ό
415 5194 523 5228 ται.
775 5213 788 5228 .
893 5223 898 5229 ,

223 5315 232 5316 ί
273 5179 500 5316 (ibi)an
531 5242 598 5296 δὲ
623 5242 803 5316 ἅμα.
838 5240 995 5316 Deest
1152 5237 1203 5292 in
1243 5235 1483 5306 pluribus
1513 5233 1678 5303 Regg.
1715 5241 1768 5286 et

210 5307 295 5371 Or‘.
324 5307 374 5370 i.’
402 5318 455 5369 lu
485 5313 770 5372 nonnullis,
804 5311 850 5362 τ’
876 5309 1009 5362 ἄλλα
1031 5307 1107 5362 δέ.

275 5387 383 5456 (75)
423 5389 546 5439 Σοι.
583 5371 771 5437 Plures
803 5378 976 5450 Regg.
1002 5419 1015 5444 ,
1064 5379 1212 5433 Orat.
1266 5376 1291 5428 l
1344 5385 1397 5430 et
1433 5371 1718 5430 Combelis.
1746 5411 1760 5435 ,

213 5473 384 5589 σείῖΘῖ
433 5525 710 5580 Ἐκεῖθεν.
745 5521 993 5591 Quinque
1015 5519 1438 5591 Reggwéxetse.

273 5587 381 5666 (77')
424 5587 1170 5666 Ἀπαντήσοὶιετίίὶοίδι-ξῖι
1203 5587 1694 5666 ἀπαπήσὲιμεῖς....

275 5654 383 5732 (78)
434 5654 848 5722 Ἀπέκλέισὶιν.
890 5681 908 5714 ι
947 5661 1361 5732 Praecluserunt.
1393 5654 1411 5710 ἰ
1451 5656 1542 5711 Sic
1581 5654 1765 5732 pillius

213 5725 462 5806 inprima
491 5738 598 5797 ed..
634 5735 738 5806 vel,
776 5735 820 5787 si
862 5731 1053 5786 mavis.
1095 5749 1113 5781 ι
1142 5729 1554 5786 excluseruntdr
1581 5725 1638 5782 In
1683 5741 1768 5780 se-

214 5805 376 5863 cunda
400 5823 548 5871 vero,
578 5825 596 5856 ι
628 5805 972 5871 incluserunt.
999 5820 1018 5854 ι

489 5903 758 5960 ΡΑτιιοι.
789 5897 907 5958 Gn.
933 5895 1205 5956 XXXVI

1871 4497 2104 4567 superbo
2153 4504 2206 4550 et
2246 4495 2521 4564 arroganti
2573 4494 2776 4548 homini
2821 4494 2967 4547 locus
2997 4505 3117 4557 est,
3149 4510 3247 4548 nec
3280 4496 3427 4563 segni

1867 4601 1922 4646 et
1968 4590 2164 4655 inerti,
2218 4604 2316 4642 nec
2377 4589 2591 4642 sordida
2650 4589 2958 4656 nuptiiSqne
3011 4589 3228 4658 indigna
3277 4600 3431 4644 veste

1871 4692 2137 4746 contecto,
2161 4681 2372 4736 etiamsi
2404 4681 2454 4734 iu
2488 4681 2590 4734 hac
2628 4681 2735 4732 vita
2774 4681 3060 4748 splendore
3089 4680 3179 4734 illo
3210 4681 3426 4752 dignum

1876 4790 1934 4830 se
1956 4777 2246 4839 censuerit,
2276 4774 2567 4842 furtimque
2591 4788 2650 4828 se
2678 4773 2795 4829 aliis
2819 4775 3129 4839 inseruerit,
3161 4775 3303 4829 inani
3335 4790 3430 4846 spe

1469 4935 1513 4965 ³⁸
1553 4934 1681 4987 Luc.
1717 4949 1826 4999 xiv,
1857 4932 1921 4987 lS
1951 4947 2069 5001 sqq.

1917 5089 2056 5172 ,(79)
2101 5087 2220 5142 Τῶν
2241 5086 2535 5156 ῥυπαρῶς.
2578 5087 2740 5144 Coisl.
2771 5090 2790 5141 1
2825 5099 2878 5143 et
2915 5088 3008 5144 0r.
3036 5090 3087 5156 ‘l,
3114 5090 3221 5142 τῶν
3255 5091 3432 5160 ῥυπα-

1873 5179 2053 5296 ραῖἓο)
2104 5227 2640 5302 Ἑαυτὸν-,ἀξιώσω
2679 5239 2782 5302 etc.
2819 5227 3035 5284 Nicetas
3067 5231 3146 5286 sic
3178 5231 3424 5302 exponit:

1877 5320 1895 5351 ι
1936 5301 2052 5356 Etsi
2093 5311 2292 5354 vestem
2337 5299 2478 5370 illam
2519 5300 2848 5367 splendidam
2884 5316 2946 5355 ac
2989 5299 3275 5370 nuptialem
3327 5304 3428 5355 sibi

1871 5370 2319 5441 arrogaverit,Aac
2373 5369 2600 5441 seipsam
2665 5385 2798 5441 cum
2831 5381 3017 5426 ornate
3052 5369 3431 5441 splendideque

1871 5438 2078 5495 vestitis
2105 5438 2468 5520 admiscuerit.
2506 5458 2522 5489 ι
2556 5439 2848 5508 Supplevit,
2869 5452 3010 5496 recte
3035 5438 3270 5509 quidem,
3288 5441 3431 5510 λαμ-

1867 5527 2194 5582 προφορουσι
2205 5551 2217 5561 .

1939 5577 2061 5652 (δυ’
2083 5581 2192 5638 Καὶ
2217 5579 2284 5632 τὸ
2313 5577 2545 5650 κοάξοο.
2591 5579 2715 5635 llaec
2739 5578 2930 5642 desunt
2965 5582 3017 5637 in
3060 5580 3227 5637 tribus
3257 5581 3424 5652 Regg.

1869 5651 2050 5848 ei
2085 5653 2331 5788 Lamo.
2368 5720 2498 5791 lleg.
2541 5737 2625 5777 om
2656 5720 2822 5787 addit,
2863 5722 2968 5777 τῶν
3013 5722 3220 5776 αἰώνων
3280 5742 3296 5774 ι
3331 5736 3429 5778 ste-

1871 5808 1934 5848 cu
1957 5806 2128 5848 orum.
2169 5811 2189 5844 ι
2325 5838 2332 5844 .
2701 5836 2704 5838 γ

1871 5806 2128 5848 culorum.
2169 5811 2189 5844 ι
2325 5838 2332 5844 .
2701 5836 2704 5838 η

3112 5887 3182 5946 iis
