4050 6298
298 243 409 299 ὅὲθ

1339 236 1597 294 ORATIO
1636 237 1773 295 XLI.
1814 269 1883 279 ——
1920 238 1987 292 IN
2027 237 2542 296 PENTECOSTEN.

3451 243 3554 309 iso

254 406 259 411 .
298 360 629 430 πανήγυρις
678 356 758 428 τῷ
786 357 843 411 δὲ
892 356 1197 427 θεραπευτῇ
1242 354 1333 406 τοῦ
1380 355 1554 423 Λόγου
1581 354 1755 421 λόγος,
1791 355 1884 406 καὶ

2008 356 2183 410 'estum
2212 364 2297 409 est
2326 372 2342 408 :
2374 354 2537 409 Verbi
2560 364 2737 410 autem
2778 354 2990 420 cultori,
3019 370 3234 423 sermo;
3265 364 3319 411 et
3343 370 3405 410 ex
3442 373 3558 409 ser.-

297 450 472 518 λόγων
509 449 622 520 (88)
674 449 703 500 ὁ
760 447 838 518 τῷ
872 447 1051 519 καιρῷ
1078 444 1551 518 προσφορώτατος.
1580 446 1691 499 Καὶ
1736 446 1887 498 οὐδὲν

296 542 472 603 οὕτως
543 539 827 608 εὐφραίνει
878 539 1042 592 καλὸν
1083 536 1190 590 τῶν
1221 536 1524 606 φιλοκάλων
1577 535 1785 600 οὐδένα,
1814 535 1887 599 ὡς

298 635 361 686 τὸ
405 612 804 702 πανηγυρίζειν
858 627 1243 699 πνευματικῶς
1285 628 1378 680 τὸν
1421 626 1718 699 φιλέορτον.
1754 626 1889 680 Σκο-

300 726 495 796 πῶμεν
562 724 618 777 δὲ
660 723 853 787 οὕτως’
925 720 1201 794 Ἐορτάζει
1251 721 1344 773 καὶ
1422 719 1691 782 Ἰουδαῖος,
1754 717 1889 771 ἀλλὰ

302 817 448 870 κατὰ
505 815 568 868 τὸ
592 815 847 885 γράμμα*
909 814 994 866 τὸν
1052 811 1161 884 γὰρ
1212 811 1522 881 σωματικὸν
1565 811 1772 863 διώκων
1801 810 1890 862 νό-

306 927 427 980 μον,
494 910 576 971 εἰς
640 906 730 958 τόν
806 903 1175 974 πνευματικὸν
1244 902 1408 973 νόμον
1463 902 1563 954 οὐκ
1635 900 1889 970 ἔφθασεν.

316 999 595 1071 Ἐορτάζει
647 998 736 1051 κα)
777 996 997 1067 Ἕλλην,
1047 994 1181 1048 ἀλλά
1242 994 1384 1047 κατὰ
1432 994 1493 1047 τὸ
1549 993 1704 1063 σῶμα
1758 994 1888 1064 (89).

302 1094 400 1145 καὶ
455 1091 584 1153 τοὺς
638 1086 834 1141 ἑαυτοῦ
903 1086 1057 1149 θεούς
1107 1102 1166 1137 τε
1224 1084 1317 1138 καὶ
1381 1084 1665 1154 δαίμοναςο
1725 1078 1800 1137 ὧν
1844 1085 1891 1135 οἱ

308 1184 409 1254 μὲν
458 1182 567 1235 εἰσὶ
616 1180 804 1235 παθῶν
851 1177 1174 1249 δημιουργοὶ
1237 1176 1356 1230 κατ’
1406 1177 1601 1240 αὐτοὺς
1631 1178 1891 1241 ἐκείνους,

304 1278 355 1327 οἱ
406 1274 464 1327 δὲ
519 1276 583 1326 ἐκ
634 1272 821 1325 παθῶν
870 1269 1232 1341 ἐτιμήθησαν.
1298 1262 1402 1322 Διά·
1444 1268 1599 1321 τοῦτο
1654 1269 1895 1339 ἐμπαθὲς

307 1364 486 1419 αὐτῶν
544 1365 641 1418 καὶ
675 1363 737 1417 τὸ
785 1362 1084 1434 ἑορτάζειν·
1136 1361 1201 1413 ἵν’
1302 1360 1436 1430 τιμὴ
1469 1360 1603 1413 Θεοῦ
1625 1360 1685 1412 τὸ
1720 1361 1896 1431 ἁμαρ-

284 1458 512 1519 ·τσὶνειν,
564 1456 699 1527 πρὸς
738 1455 796 1507 ὃν
850 1453 1189 1523 καταφεύγει
1241 1452 1301 1505 τὸ
1339 1451 1532 1515 πάθος,
1593 1452 1667 1514 ὡς
1704 1468 1895 1521 σεμνο-

307 1551 547 1619 λόγημα.
594 1546 961 1618 Ἐορτάζομεν
995 1544 1106 1614 (90)
1149 1545 1239 1597 καὶ
1303 1545 1483 1614 ἡμεῖς,
1514 1542 1627 1597 ἀλλ’
1656 1542 1729 1606 ὡς
1754 1543 1900 1595 δοκεῖ

308 1641 384 1711 τῷ
430 1639 733 1709 Πνεύματι.
786 1638 944 1689 Δοκεῖ
990 1634 1131 1706 δὲ,ῆ
1187 1634 1444 1703 λέγοντάς
1497 1652 1549 1686 τι
1613 1634 1719 1687 τῶν
1748 1634 1895 1687 δεόν-

1990 444 2259 508 monibus,
2315 446 2381 509 is,
2431 445 2517 513 qui
2569 447 2795 514 tempori
2849 448 3084 501 maxime
3128 449 3395 518 congruit.
3450 447 3558 500 Νυιτ

1992 537 2098 590 ulla
2147 536 2491 607 pulchritudo
2552 537 2775 606 perinde
2822 538 3241 609 pulchritudinis
3290 552 3557 592 amantem

1989 630 2247 693 oblectat,
2287 638 2345 682 ut
2371 629 2631 684 festorum
2658 641 2927 685 amantem
2952 631 3247 700 spiritualis
3274 632 3557 687 celebran-

1991 720 2179 772 dorum
2234 719 2493 774 festorum
2546 720 2703 774 ratio.
2763 722 2852 776 Sic
2881 731 3057 776 autem
3109 723 3560 778 consideremus:

1991 809 2177 863 FeStos
2227 810 2341 865 dies
2379 808 2596 864 Judwus
2643 811 2802 865 etiam
2839 814 2967 883 agit,
3002 827 3187 867 verum
3229 814 3381 882 juxta
3425 815 3565 867 litte-

1994 918 2145 968 ram;
2187 903 2360 973 legem
2408 905 2550 956 enim
2587 918 2904 972 corpoream
2934 917 3270 970 consectans,
3302 907 3366 959 ad
3404 907 3566 974 Spiri-

1996 992 2189 1045 tualem
2244 992 2411 1063 legem
2465 1009 2569 1047 non
2616 996 2883 1062 pervenit.
2945 994 3129 1049 Festos
3182 1011 3395 1065 quoque
3452 998 3568 1051 dies

1995 1083 2208 1154 gentilis
2240 1086 2369 1155 agit,
2407 1099 2592 1139 verum
2636 1086 2791 1152 juxta
2836 1101 3051 1155 corpus,
3088 1091 3320 1157 deosque
3351 1104 3479 1142 suos
3513 1099 3569 1141 et

1995 1176 2266 1231 dminoues
2291 1192 2305 1241 ;
2332 1191 2560 1245 quorum
2592 1177 2683 1231 alii
2715 1178 3029 1233 vitiosarum
3063 1179 3405 1235 aﬂectiouum
3445 1179 3570 1236 effe-

1996 1276 2171 1322 ctores
2199 1277 2358 1336 atque
2386 1268 2665 1324 architecti
2702 1281 2847 1335 sunt,
2875 1274 3328 1341 quemadmodum
3353 1272 3572 1341 ipsimct

1998 1369 2264 1423 asserunt,
2324 1359 2412 1412 alii
2468 1376 2532 1414 ex
2597 1361 2807 1415 vitiosis
2872 1359 3249 1415 allectionibus
3307 1363 3569 1416 honorem

1998 1453 2268 1505 consecuti
2317 1462 2461 1506 sunt.
2502 1451 2863 1518 Quamobrem
2906 1452 3093 1505 modus
3134 1452 3292 1505 etiam
3325 1452 3432 1517 ille,
3464 1468 3572 1521 quo

2001 1540 2136 1596 festa
2166 1542 2463 1604 celebrant,
2494 1559 2613 1597 cum
2663 1543 2874 1597 vitiosis
2927 1542 3305 1599 all‘ectionibus
3339 1543 3569 1613 conjun-

2002 1643 2119 1686 ctus
2147 1642 2259 1697 est;
2292 1642 2348 1685 ut
2392 1633 2492 1687 hoc
2521 1635 2692 1702 ipsum
2726 1633 2865 1702 quod
2901 1643 3145 1703 peceant,
3197 1636 3248 1688 in
3282 1634 3374 1689 Dei
3406 1634 3575 1687 bono-

308 1751 435 1795 των,
488 1733 522 1803 ἢ
575 1729 939 1801 πράττοντας.
990 1728 1099 1781 Καὶ
1131 1725 1289 1779 τοῦτὸ
1336 1727 1450 1777 ἐστι
1509 1724 1569 1777 τὸ
1621 1723 1898 1796 ἑορτάζειν

2008 1738 2112 1777 rem
2165 1725 2340 1790 cedat,
2372 1726 2438 1777 ad
2484 1739 2643 1793 quem
2716 1725 2928 1787 vitimn,
2985 1728 3139 1794 quasi
3194 1740 3279 1780 res
3329 1725 3577 1795 quaedam

310 1820 659 1893 ήμῶν,ψυχῇ
715 1836 767 1871 τι
820 1815 1146 1887 θησαυρίσαι
1192 1813 1300 1866 τῶν
1345 1812 1594 1866 ἑστώτων
1633 1813 1725 1866 καὶ
1760 1830 1897 1884 κρα-

311 1913 611 1985 τουμένων,
646 1910 781 1965 ἀλλὰ
826 1908 902 1980 μὴ
943 1907 1050 1960 τῶν
1115 1904 1545 1976 ὑποχωρούντων
1580 1905 1673 1957 καὶ
1705 1904 1901 1973 λυομέ-

312 2026 438 2071 νων,
497 2007 594 2060 κα).
643 2004 818 2077 μικρὰ
868 2002 1159 2056 σαινόντων
1204 2001 1302 2069 τὴν
1351 1996 1711 2068 αίσθησιν,τὰ
1732 1997 1900 2050 πλείω

313 2100 390 2161 δὲ,
435 2096 847 2167 λυμαινομένων
903 2111 961 2147 τε
990 2093 1085 2146 καὶ
1134 2091 1498 2162 βλαπτόντων,
1550 2090 1689 2143 κατὰ
1715 2105 1777 2157 γε
1810 2089 1900 2142 τὸν

316 2187 447 2256 ἐμὸν
496 2186 673 2254 λόγον.
722 2183 972 2256 Ἀρκετὸν
1003 2182 1111 2252 γὰρ
1147 2181 1257 2248 (91)
1303 2179 1381 2250 τῷ
1424 2178 1697 2250 σώματιὴ
1734 2178 1901 2233 κακία

318 2279 502 2335 αὑτοῦ.
562 2280 656 2343 Τί,
686 2278 742 2331 δὲ
801 2278 881 2331 δεῖ
926 2279 991 2347 τῇ
1036 2274 1193 2344 φλογὶ
1245 2272 1487 2334 πλείονος
1540 2271 1692 2342 ὕλης,
1738 2270 1771 2341 ἦ
1825 2269 1901 2340 τῷ

321 2370 490 2444 θηρίῳ
548 2368 941 2439 δαψιλεστέρας
991 2365 1218 2437 τροφῆς,
1272 2363 1359 2416 ἵνα
1421 2361 1618 2433 μᾶλλον
1670 2360 1903 2415 δυσκάθ-

319 2478 469 2515 εκτον
532 2461 755 2532 γένηται
829 2459 940 2530 (92)
974 2499 989 2522 ,
1054 2456 1148 2509 καὶ
1224 2453 1319 2507 τοῦ
1389 2452 1654 2524 λογισμοῦ
1731 2452 1902 2523 βιαιό-

318 2571 469 2628 τερον
489 2571 505 2621 ;

2002 1817 2225 1871 honesta
2267 1828 2319 1871 et
2366 1818 2726 1885 prardieanda,
2780 1818 3040 1889 confugit.
3084 1817 3270 1872 Festos
3315 1820 3429 1872 dies
3476 1832 3577 1871 nos

2002 1918 2214 1973 quoque
2258 1905 2542 1975 agitamus,
2592 1918 2779 1958 verum
2829 1914 2886 1957 ut
2938 1904 3161 1974 Spiritui
3214 1915 3426 1975 gratum
3473 1915 3576 1959 est.

2001 1992 2223 2047 Gratum
2254 2004 2337 2048 est
2386 2009 2567 2062 porro,
2602 2010 2721 2051 eam
2765 2010 2793 2047 a
2838 1994 2992 2049 uobis
3035 1996 3295 2051 rationem
3336 1996 3481 2057 iniri,
3521 2004 3579 2048 ut

2000 2098 2208 2146 eorum,
2248 2100 2369 2153 qua:
2404 2086 2470 2137 ad
2509 2086 2702 2139 festum
2750 2087 3038 2154 pertinent,
3074 2086 3157 2140 vel
3203 2086 3403 2154 aliquid
3433 2086 3581 2139 dica-

2006 2192 2123 2229 mus
2169 2178 2250 2231 vel
2294 2193 2535 2247 agamus.
2575 2177 2682 2232 Nec
2733 2176 2916 2233 feriari
2980 2188 3223 2234 nostrum
3282 2180 3577 2249 quidquam

1996 2269 2271 2331 estaliud,
2326 2286 2489 2338 quam
2540 2272 2733 2324 auium:
2790 2270 2994 2341 aliquid
3052 2287 3240 2326 eorum
3299 2287 3577 2343 aggct'ere,

1999 2376 2117 2431 ane
2153 2363 2305 2416 .‘irtua
2344 2372 2397 2417 et
2431 2364 2644 2418 stabilia
2684 2376 2827 2428 sunt,
2863 2380 2925 2418 ac
2960 2375 3240 2426 leuentur,
3268 2381 3371 2419 nou
3399 2383 3462 2420 ea
3488 2382 3583 2418 an-

2002 2469 2108 2511 tem
2153 2472 2271 2526 qure
2308 2456 2604 2528 suﬂ'ugiuut
2648 2468 2702 2513 et
2742 2458 3074 2522 dilabuntur,
3112 2458 3408 2529 leviterque
3443 2460 3581 2512 dun-

2003 2558 2152 2602 taxat
2177 2536 2392 2603 scusqu
2423 2549 2753 2613 detnulcent,
2790 2566 2979 2620 magna
3009 2565 3137 2604 vero
3167 2565 3233 2606 ex
3265 2562 3437 2619 parte,
3466 2565 3586 2605 mea

321 2648 531 2715 quidem
565 2645 797 2715 judicio,
828 2654 881 2700 et
926 2642 1269 2703 labefactant,
1302 2650 1355 2693 et
1384 2655 1579 2693 noxam
1631 2638 1890 2693 inferunt.
1936 2637 2143 2694 Snﬂicit
2175 2642 2316 2695 enim
2381 2642 2590 2710 corpori
2630 2643 2836 2695 malitia
2899 2657 2995 2698 sua
3045 2641 3111 2694 ”.
3181 2641 3321 2708 Quid
3360 2641 3589 2698 ﬂamma

319 2737 575 2809 ampliore
607 2739 834 2793 materia
871 2751 1003 2801 opus
1031 2745 1134 2798 est,
1164 2745 1257 2788 aut
1294 2733 1482 2788 belluas
1552 2731 1713 2802 732
1750 2731 2039 2801 copiosiori
2109 2736 2381 2799 alimento,
2425 2745 2481 2790 ut
2526 2733 2856 2797 ell‘rcuatior,
2918 2751 2982 2790 ac
3024 2735 3230 2790 ratione
3307 2734 3589 2790 violentior

321 2830 611 2885 reddatur?

386 2923 462 2977 B'.
520 2921 622 2974 Διὰ
660 2921 831 2975 ταῦτα
886 2922 982 2991 μὲν
1012 2914 1106 2974 οὖν
1153 2917 1473 2990 ὲορταστέον
1496 2915 1898 2987 πνευματικῶς.

2080 2919 2143 2973 ll.
2203 2918 2467 2983 Quocirca
2521 2917 2676 2973 uobis
2721 2916 3073 2987 spiritualiter
3139 2916 3435 2974 feriendum
3483 2926 3584 2973 est.

332 3015 497 3087 Ἀρχὴ
541 3014 600 3067 δὲ
667 3012 761 3065 τοῦ
817 3012 977 3081 λόγου
1015 3011 1231 3084 (ῥητέον
1280 3010 1409 3081 γὰρ,
1462 3010 1556 3062 καὶ
1617 3011 1663 3062 εἰ
1707 3009 1901 3081 μικρόν

2008 3010 2281 3067 Orationis
2330 3026 2492 3082 porro
2562 3012 2840 3066 exordium
2892 3011 2995 3065 erit
3057 3010 3361 3079 hojusmodi
3408 3011 3591 3083 (liceat

321 3126 371 3163 τ.
418 3103 967 3180 παρεκὸατικώτερος
1016 3105 1150 3174 ἡμῖν
1205 3104 1232 3155 ό
1282 3101 1460 3170 λόγος,
1493 3103 1587 3153 καὶ
1619 3100 1905 3170 φιλοπονη-

318 3201 435 3256 νέον
496 3201 611 3262 τοῖς
666 3197 986 3268 φιλολόγοις,
1054 3196 1121 3247 ἵν’
1192 3194 1381 3266 ὥσπερ
1433 3194 1652 3265 ἥδυσμά
1721 3212 1771 3247 τι
1838 3195 1903 3264 τῇ

321 3292 627 3364 πανηγύρει
693 3287 1232 3359 συγκαταμίξωμεν)·
1275 3288 1386 3358 Τὴν
1445 3285 1710 3356 ἑϐδομάδα
1736 3284 1907 3354 τιμῶ-

324 3405 406 3441 σιν
439 3385 705 3457 Ἐϐραίων
752 3384 958 3447 παῖδες,
1003 3382 1067 3435 ἐκ
1122 3381 1217 3452 τῆς
1257 3376 1535 3442 Μωῦσέως
1566 3377 1903 3448 νομοθεσίας,

322 3480 511 3548 ὥσπερ
564 3479 614 3529 οἱ
664 3474 1032 3545 Πυθαγορικοὶ
1061 3471 1171 3543 (9⁵5)
1204 3470 1302 3541 τὴν
1329 3468 1629 3541 τετρακτὺν
1658 3467 1905 3539 ὕστερον,

320 3572 388 3643 ἥν
428 3572 493 3641 δὴ
539 3569 650 3640 (94)
701 3569 792 3622 καὶ
825 3570 985 3639 ὅρκον
1022 3565 1373 3635 πεποίηνται·
1426 3562 1518 3616 καὶ
1555 3561 1653 3633 τὴν
1681 3561 1909 3628 όγδοάδα

321 3664 416 3717 καὶ
456 3661 748 3734 τριακάδα,
808 3662 856 3713 οἱ
923 3657 1031 3712 ἀπὸ
1087 3657 1349 3728 Σίμωνος.
1412 3654 1507 3708 καὶ
1560 3653 1907 3724 Μαρκίωνος,

322 3751 404 3821 οἷς
446 3756 511 3827 δὴ
554 3755 649 3809 καὶ
707 3752 1028 3824 ἰσαρίθμους
1057 3750 1207 3812 τινας
1254 3746 1466 3810 Αίῶνας
1492 3746 1907 3816 ἐπονομάζουσι,

326 3851 418 3904 καὶ
467 3848 725 3917 τιμῶσιν.
788 3847 903 3899 Οὐκ
949 3840 1065 3897 οἶδα
1121 3843 1218 3914 μὲν
1263 3835 1461 3894 οἷστισι
1500 3839 1678 3908 λόγοις
1715 3837 1910 3891 ἀναλο-

324 3942 469 4011 γίας,
516 3940 550 4012 ἢ
617 3938 761 3993 κατὰ
802 3939 923 3991 τίνα
958 3934 1052 3989 τοῦ
1119 3934 1355 4005 ἀριθμοῦ
1409 3932 1596 3985 τούτου
1660 3931 1908 4001 δύναμιν,

324 4032 526 4103 τιμῶσι
552 4031 597 4082 δ’
649 4025 762 4083 οὖν.
818 4028 890 4080 Τὸ
948 4026 1047 4097 μὲν
1107 4023 1392 4094 πρόδηλον,
1446 4023 1527 4074 ὅτι
1582 4023 1639 4074 ἐν
1674 4020 1733 4085 ἒξ
1784 4019 1913 4091 ἠμέ-

328 4142 451 4197 ραις
483 4126 511 4176 ό
550 4122 683 4185 Θεὸς
730 4121 829 4192 τὴν
879 4118 1015 4189 ὓλην
1062 4118 1376 4188 ὑποστήσας
1436 4133 1493 4168 τε
1546 4115 1639 4168 καὶ
1690 4115 1911 4185 μορφώ-

329 4231 450 4278 σας,
506 4212 602 4266 καὶ
646 4210 1025 4282 διακοσμήσας
1084 4207 1364 4269 παντοίοις
1413 4206 1579 4258 εἴδεσι
1636 4206 1730 4257 καὶ
1784 4221 1911 4272 συγ-

328 4305 585 4377 κρίμασι,
638 4303 732 4356 καὶ
766 4300 879 4353 ’τὸν
945 4298 1041 4353 νῦν
1106 4296 1382 4370 ὁρώμενον
1452 4296 1639 4349 τοῦτον
1709 4294 1912 4363 κόσμον

2012 3106 2154 3159 enim
2206 3105 2333 3159 hinc
2389 3105 2680 3175 auspicari,
2738 3103 2950 3158 etiamsi
3009 3105 3077 3158 ab
3134 3104 3381 3160 instituto
3422 3119 3589 3175 argu-

2013 3207 2195 3251 mento
2231 3197 2317 3250 hic
2351 3211 2528 3251 sermo
2549 3196 2816 3267 :nonnibil
2860 3196 3067 3266 digredi
3110 3197 3378 3261 videatur,
3432 3210 3591 3269 atque

2015 3290 2067 3343 in
2099 3289 2459 3343 studiosorum
2490 3290 2718 3359 gratiam
2769 3288 3069 3351 elaborare,
3107 3300 3169 3343 ut
3211 3290 3355 3345 velut
3398 3294 3611 3353 condi-,

2016 3391 2256 3434 mentum
2292 3381 2563 3449 quoddam
2597 3380 2757 3449 hujus
2790 3382 2896 3437 diei
2930 3382 3258 3438 solemnitati
3293 3385 3591 3440 admiscea-

2018 3472 2608 3542 mus):Septenarium
2665 3489 2968 3536 numerum,
3024 3491 3091 3529 ex
3161 3475 3293 3547 legis
3346 3476 3593 3531 Mosaicae

2020 3566 2365 3631 praescripto,
2398 3564 2610 3619 Hebraei
2653 3566 2704 3619 iu
2754 3567 2958 3622 bonore
2985 3567 3202 3628 habent,
3241 3571 3593 3636 quemadmo-

2018 3654 2144 3706 dum
2196 3666 2381 3724 postea
2436 3654 2759 3726 Pythagorei
2809 3657 3240 3725 quaternarimn,
3301 3673 3400 3726 per
3431 3674 3591 3727 quem

2018 3746 2180 3800 etiam
2232 3747 2421 3813 jurare
2456 3758 2899 3814 consueverant;
2951 3760 3113 3818 atque
3145 3751 3485 3804 octonarium
3541 3762 3597 3805 et

2021 3839 2364 3893 tricenarium
2441 3838 2739 3895 Simoniani
2824 3857 2887 3895 ac
2975 3841 3329 3903 Marcionilm,
3397 3843 3596 3913 quibus

2019 3933 2177 3985 etiam
2219 3943 2274 3986 et
2300 3947 2482 4001 parem
2507 3931 2745 3988 Eanum
2774 3948 3062 3988 numerum
3100 3934 3380 4004 assignant
3420 3944 3474 3990 et
3502 3951 3597 3990 co-

2021 4025 2152 4079 lunt.
2214 4026 2278 4079 Et
2334 4026 2589 4093 quidem,
2639 4041 2742 4095 qua
2793 4026 3161 4097 proportionis
3219 4028 3445 4093 ratione,
3505 4040 3598 4081 aut

2020 4128 2237 4187 pmptcr
2267 4134 2427 4186 quam
2465 4117 2619 4185 huius
2644 4120 2856 4173 muneri
2894 4121 2998 4172 vim
3031 4136 3094 4173 ac
3124 4120 3444 4188 potentiam,
3474 4134 3596 4174 cum

2024 4212 2073 4263 iu
2123 4211 2298 4279 pretio
2331 4212 2586 4273 habeant,
2644 4214 2789 4267 haud
2831 4213 2963 4277 scio,
3017 4214 3108 4266 sed
3146 4223 3321 4266 tamen
3373 4212 3593 4268 habent.

2022 4300 2343 4370 Quanquam
2377 4315 2440 4355 ea
2475 4302 2755 4370 perspicua
2789 4317 2950 4355 causa
2988 4301 3167 4355 allerri
3214 4310 3408 4368 potest,
3452 4307 3596 4371 quod

329 4398 587 4467 ποιήσας,
619 4398 685 4467 τῇ
718 4394 920 4465 ἑϐδόμῃ
951 4391 1292 4445 κατέπαυσεν
1318 4389 1426 4460 (93)
1458 4388 1565 4441 ἀπὸ
1586 4387 1693 4439 τῶν
1715 4386 1902 4457 ἔργων.

2021 4407 2141 4444 cum
2190 4393 2326 4445 Deus
2360 4407 2454 4446 sex
2480 4392 2687 4446 dierum
2722 4394 2896 4462 spatio
2933 4398 3219 4446 materiam
3253 4394 3599 4461 produxisset

328 4491 403 4556 ὡς
452 4489 604 4561 δηλοῖ
641 4488 734 4541 καὶ
788 4489 821 4557 ἡ
871 4484 967 4538 τοῦ
1025 4482 1306 4537 Σαϐϐἁτου
1382 4480 1723 4553 προσηγορία
1781 4477 1913 4548 (96),

330 4581 715 4639 κατάπαυσιν
748 4578 1056 4651 Ἐὄραῖκῶς
1114 4575 1477 4648 σημαίνουσα.
1534 4573 1595 4625 Εἰ
1632 4572 1687 4624 δέ
1709 4589 1791 4634 τις
1827 4571 1920 4623 καὶ

332 4674 665 4747 ὑψηλότερος
717 4675 846 4743 περὶ
890 4670 1063 4725 ταῦτα
1124 4670 1302 4737 λόγος,
1352 4665 1500 4720 ἄλλοι
1538 4662 1922 4734 φιλοσοφείτωο

335 4784 454 4820 σαν.
520 4767 587 4819 Ἦ
652 4765 785 4836 τιμὴ
827 4764 885 4817 δὲ
928 4765 1130 4827 αὐτοῖς,
1190 4762 1289 4814 οὐκ
1346 4762 1404 4813 ἐν
1458 4758 1693 4829 ἡμέραις
1741 4756 1919 4827 μόνον,

334 4859 468 4913 ἀλλὰ
528 4859 625 4912 και)⁸
662 4858 744 4921 εἰς
795 4857 1071 4919 ἐνιαυτοὺς
1103 4854 1396 4925 φθάνουσα.
1457 4852 1520 4903 Ἡ
1572 4851 1668 4921 μὲν
1700 4845 1792 4902 οὖν
1819 4848 1926 4901 τῶν

408 4974 453 5007 ³³
498 4973 691 5028 Matth.
731 4987 806 5036 vr,
846 4971 935 5026 ⁸54.
1015 4969 1218 5024 3"Gen.
1264 4984 1303 5031 ι,
1338 4967 1363 5020 1
1428 4981 1547 5035 sqq.

429 5089 519 5159 88)
560 5089 785 5155 Λόγων.
802 5157 808 5159 Α
826 5087 1016 5159 Savil.,
1045 5087 1223 5159 λόγος.
1362 5153 1373 5159 _
1638 5149 1647 5159 θ

429 5148 519 5228 89)
558 5148 720 5212 Κατὰ
753 5157 817 5210 τὸ
845 5148 1035 5227 σῶμα.
1070 5148 1284 5211 Nicctas
1332 5153 1409 5206 sic
1457 5149 1675 5228 exponit
1715 5169 1726 5202 :
1762 5168 1779 5199 ι
1814 5148 1911 5201 S2-

337 5221 567 5302 cuudtim
613 5244 904 5302 corporeos
932 5221 1103 5302 animi
1144 5236 1340 5284 motus,
1385 5231 1437 5275 et
1484 5221 1802 5302 voluptates,
1852 5234 1915 5271 ac

337 5300 632 5354 secundum
659 5293 921 5353 obscenos
948 5299 1170 5352 alTectus
1195 5311 1406 5357 eorum,
1435 5293 1524 5360 qui
1556 5293 1624 5343 ab
1658 5293 1788 5357 ipsis
1818 5305 1914 5356 pro

339 5371 442 5421 diis
475 5369 749 5429 coluntur.
795 5385 825 5423 a
862 5369 1017 5424 nobis
1062 5378 1240 5424 autem
1291 5380 1389 5436 pro
1435 5362 1766 5416 daemonibus
1817 5364 1897 5413 lia-

336 5439 556 5495 hcntur.
586 5458 603 5489 ι

412 5509 525 5580 (99)
577 5509 976 5580 Ἑορτάζομεν.
1011 5508 1141 5579 Reg.
1172 5509 1281 5571 hm,
1316 5503 1678 5576 ἑορτάζωμεν.

412 5578 523 5649 (9i)
563 5578 709 5648 Γὰῤ.
750 5578 906 5635 Deest
935 5582 986 5633 in
1026 5578 1157 5648 mg.
1188 5582 1279 5649 pb.

412 5646 525 5718 (92)
567 5646 840 5719 Γέὶδηται.
894 5651 1057 5707 Coisl.
1088 5646 1127 5704 t-
1159 5646 1342 5713 addit,
1395 5646 1456 5700 τὸ
1507 5647 1697 5709 κακόν,
1757 5663 1773 5693 ι
1806 5657 1922 5696 ma-

344 5720 472 5777 lum.
497 5741 515 5774 ι

2019 4494 2073 4537 et
2122 4483 2485 4548 informasset,
2539 4493 2701 4553 atque
2738 4489 2913 4538 cunnis
2954 4485 3166 4551 generis
3213 4487 3495 4553 speciebus
3542 4498 3598 4539 rt

2020 4576 2486 4630 COlItlltiSliOﬂiiillS
2546 4586 2902 4637 exornasset,
2969 4577 3334 4644 mtmdumque
3412 4576 3591 4636 hunc.

2022 4683 2180 4734 quem
2212 4682 2353 4723 nunc
2381 4669 2675 4731 cernimus,
2730 4668 3065 4723 condidisset
3134 4668 3178 4698 ³³
3202 4709 3216 4729 ,
3251 4669 3481 4734 septimo
3510 4671 3598 4720 die

2024 4758 2091 4808 ab
2145 4757 2397 4823 operibus
2448 4760 2761 4828 conquievit
2827 4760 2910 4821 ³⁵,
2962 4759 3107 4811 velut
3158 4759 3330 4827 ipsum
3384 4774 3598 4829 quoque

2026 4849 2245 4904 Sabbati
2280 4867 2474 4906 nomen
2507 4852 2729 4918 indicat,
2778 4854 2997 4924 quietem
3044 4850 3268 4907 llebrrea
3318 4852 3496 4921 lingua
3525 4856 3598 4906 si-

1627 4964 1669 4995 ³⁵
1700 4962 1833 5018 Gen.
1865 4979 1923 5025 Il,
1966 4965 2021 5017 5.

2100 5076 2211 5146 (95)
2253 5078 2316 5128 Ol
2366 5075 2779 5143 Πυθαγορικοί.
2828 5074 2918 5128 Sic
2974 5083 3085 5127 tres
3144 5073 3332 5145 chg.,
3368 5084 3601 5143 quatuor

2022 5147 2198 5208 Colb.,
2235 5146 2326 5202 Or.
2365 5151 2410 5205 t.
2438 5158 2543 5199 etc.
2583 5146 2739 5199 Deest
2767 5146 2814 5196 οἱ
2851 5146 2902 5197 ἰιι
2934 5146 3020 5198 ed.

2094 5220 2205 5278 (9t)
2250 5216 2350 5285 Λή.
2379 5217 2536 5268 Deest
2564 5216 2615 5267 in
2647 5217 2763 5277 lteg.
2802 5216 2887 5267 hm
2918 5226 2972 5268 et
3004 5214 3094 5268 Or.
3126 5217 3174 5270 1.

2096 5289 2207 5360 (95)
2249 5286 2659 5360 Κατέπιιυσεν.
2690 5285 2859 5356 Regg.
2889 5287 2998 5349 but,
3031 5289 3122 5355 pb,
3157 5285 3354 5354 aliique
3395 5285 3597 5354 plures,

2027 5375 2351 5412 καταπαυει.

2099 5430 2209 5499 (96)
2254 5429 2312 5481 Ἠ
2336 5426 2442 5480 τοῦ
2476 5428 2776 5482 Σαϐϐἁτου
2807 5427 3196 5497 προσηγορία.
3227 5445 3244 5475 ι
3267 5425 3438 5496 ipsum
3475 5427 3605 5477 Salv-

2026 5498 2138 5557 bati
2192 5498 2453 5552 numerus
2512 5500 2567 5552 In
2626 5499 3081 5565 Ilcbrtea‘lingu't
3142 5506 3275 5556 nam
3331 5498 3603 5559 signiﬁcat,

2034 5590 2053 5623 ι
2082 5569 2306 5638 quievit,
2336 5587 2353 5619 ι
2388 5586 2450 5625 ex
2477 5583 2584 5641 quo
2620 5570 2895 5623 derivatur
2924 5584 3018 5623 vox
3044 5568 3361 5629 Sabbatum,
3401 5567 3605 5637 id'est,

2036 5660 2055 5693 ι
2086 5655 2258 5711 quies.
2286 5659 2304 5691 ι
