4050 6298
460 272 560 329 451

1655 260 1715 320 S.
1755 258 2083 321 GREGORII
2121 259 2470 319 THEOLOGI

3594 256 3703 313 632

462 387 744 459 gniﬁcans.
790 383 945 453 Quod
980 380 1023 439 si
1067 381 1216 437 circa
1269 393 1383 435 nec
1444 372 1728 436 sublimior
1783 380 2025 449 quaedam

2141 376 2371 451 ἡμερῶν,
2400 377 2463 431 τὺ
2508 376 2806 443 Σάϐϐατόν,
2842 373 2999 430 τοῦτο
3025 373 3177 447 δηλοῖ
3217 372 3278 429 τὸ
3325 371 3437 445 (97)
3465 372 3711 444 συνεχῶς

462 486 546 532 est
578 475 736 543 ratio,
765 474 853 529 alii
881 488 997 528 eam
1029 471 1319 541 explicent.
1369 467 1541 524 Porro
1571 470 1658 525 hic
1689 473 1864 526 honor
1887 472 2026 540 apud

396 586 407 597 -
463 582 580 634 eos,
623 581 728 621 non
758 565 813 620 in
843 563 1032 619 diebus
1071 571 1281 615 tantum
1309 569 1411 624 est,
1441 559 1534 614 sed
1581 559 1644 612 ad
1695 575 1865 616 annos
1894 575 2029 633 qno-

463 676 568 729 que
588 658 896 729 porrigitur.
924 656 1002 710 Ac
1023 655 1227 709 dierum
1249 652 1465 724 quidem
1498 652 1690 716 honor,
1729 650 2022 707 Sabbatnm

462 761 546 808 est
573 751 618 783 “
645 768 661 818 ;
690 751 791 805 hoc
840 747 1096 811 declarat,
1142 747 1283 816 quod
1312 745 1451 817 apud
1498 745 1645 816 ipsos
1673 745 1727 800 in
1772 753 2030 814 perpetuo

463 844 668 897 honore
692 849 808 907 est;
838 838 925 894 cui
970 839 1133 893 etiam
1165 834 1416 892 fermenti
1446 835 1678 892 sublatio
1710 847 1874 905 atque
1901 835 2032 888 sub-

464 933 630 988 tnotio
664 931 779 996 pari
809 930 1021 986 dierum
1046 943 1274 984 numero
1297 934 1600 997 respondet.
1628 926 1906 981 Annorum
1934 940 2030 979 au-

466 1038 574 1083 tem
622 1024 817 1091 honor,
864 1023 1202 1094 septenarius
1248 1020 1338 1076 ille
1384 1018 1720 1076 remissionis
1757 1033 1930 1073 annus
1963 1017 2028 1071 ³⁷.

463 1119 576 1175 Νεε
603 1131 732 1172 vero
753 1116 807 1171 in
842 1114 1200 1171 hebdomadis
1247 1111 1445 1178 solum,
1479 1112 1572 1166 sed
1604 1111 1765 1165 etiam
1810 1109 1862 1163 in
1897 1108 2028 1163 heb-

464 1206 811 1263 domadarum
840 1203 1210 1268 hebdomadis,
1238 1201 1291 1256 in
1325 1199 1515 1256 diebus
1542 1198 1697 1269 juxta
1736 1207 1899 1266 atque
1931 1213 2028 1253 an-

463 1302 564 1357 nis.
601 1299 888 1355 Enimvero
923 1296 1132 1351 dierum
1160 1292 1524 1349 hebdomadcs
1549 1290 1902 1346 Pentecosten
1933 1304 2030 1359 pa-

460 1395 628 1457 riunt,
661 1398 903 1446 sanctum
957 1389 1096 1444 diem
1131 1386 1269 1457 apud
1316 1385 1436 1439 illos
1484 1390 1850 1453 nuneupatnm
1889 1401 1902 1437 :
1939 1398 2035 1435 an-

461 1499 650 1539 norum
699 1491 877 1537 autem
937 1481 1271 1551 septimana},
1330 1475 1597 1531 Jubileum
1649 1490 1851 1529 annum
1897 1475 2038 1529 sicut

471 1575 573 1646 ipsi
602 1573 901 1639 nominant,
934 1585 1105 1642 :vqne,
1136 1580 1246 1625 tum
1284 1579 1442 1624 terrae
1490 1565 1890 1628 remissionem,
1920 1573 2033 1618 tum

459 1680 739 1722 servorum
781 1662 1259 1718 manumissionem
1308 1659 1662 1725 obtinentem,
1698 1665 1751 1712 et
1799 1655 2030 1727 praedio-

2128 471 2258 544 παρ’
2303 470 2486 534 αὐτοῖς
2522 468 2851 543 τιμώμενον,
2904 467 3038 523 καθὸ
3092 467 3187 521 καὶ
3223 466 3258 538 ἡ
3295 464 3397 537 τῆς
3417 463 3593 537 ζύμης
3616 465 3712 536 ἄρ-

2133 582 2217 630 σις
2274 562 2580 637 ἰσάριθμος’
2611 564 2646 635 ἡ
2669 562 2727 617 δὲ
2756 561 2863 616 τῶν
2890 560 3050 626 ἑτῶν,
3083 562 3112 614 6
3145 557 3503 630 ὲϐδοματικὸς
3529 560 3713 612 ἐνιαυ-

2128 658 2221 721 τὸς
2271 658 2372 728 τῆς
2407 653 2677 725 ἀφέσεως.
2734 654 2847 708 Καὶ
2910 652 3012 708 οὐκ
3078 652 3136 705 ὲν
3205 649 3462 722 ἑϐδομάσι
3527 648 3709 722 μόνον,

2129 747 2265 802 ἀλλὰ
2308 748 2403 802 καὶ
2445 747 2503 800 ἐν
2544 745 2832 816 ἑϐδομάσιν
2892 742 3222 815 ἑϐδομάδων,
3284 741 3486 813 ὁμοίως
3535 740 3592 795 ἐν
3645 758 3710 794 τε

2128 839 2364 912 ἡμέραις
2425 837 2517 892 καὶ
2566 836 2761 890 ἔτεσιν.
2797 835 2864 888 Δί
2910 835 3008 906 μὲν
3055 828 3151 888 οὖν
3204 832 3313 886 τῶν
3350 831 3573 905 ἡμερῶν
3604 831 3716 886 ἑϐ-

2130 931 2362 1002 δομάδες
2411 927 2640 999 γεννῶσι
2686 926 2785 999 τὴν
2834 925 3240 998 Πεντηκοστὴν,
3299 923 3504 997 κλητὴν
3547 923 3713 994 ἁγίαν

2132 1020 2264 1093 παρ’
2308 1020 2489 1084 αὐτοῖς
2542 1018 2773 1091 ἡμέραν·
2815 1016 2870 1070 al
2915 1015 2971 1069 δὲ
3018 1015 3127 1070 τῶν
3173 1013 3331 1079 ἐτῶν,
3386 1014 3478 1068 τὸν
3526 1012 3717 1068 ἰωϐυ-

2132 1112 2283 1167 λαῖον
2305 1111 2416 1183 (98)
2477 1110 2608 1182 παρ’
2667 1110 2850 1172 αὐτοῖς
2901 1107 3321 1179 ὀνομαζόμενον,
3363 1104 3564 1178 ὁμοίως
3606 1107 3718 1178 γῆς

2132 1219 2190 1255 τε
2247 1202 2441 1271 ἄφεσιν
2503 1199 2713 1271 ἔχοντα,
2775 1196 2871 1252 καὶ
2939 1196 3172 1251 δούλων⁸
3213 1196 3548 1269 ἐλευθερίαν,
3615 1197 3718 1253 καὶ

2134 1291 2377 1361 κτήσεων
2420 1289 2642 1361 ὼνητῶν
2687 1286 3052 1360 ἀναχώρησιν.
3118 1285 3450 1357 Καθιεροῦσι
3484 1285 3615 1359 γὰρ,
3647 1287 3716 1340 οὐ

2134 1380 2486 1451 γεννημάτων
2541 1379 2653 1450 (99)
2727 1379 2909 1452 μόνον,
2991 1377 3113 1433 οὐδὲ
3184 1377 3545 1450 προτοτόκων,
3599 1377 3719 1432 ἀλλ’

2135 1473 2236 1544 ἤδη
2296 1474 2391 1527 καὶ
2436 1471 2657 1544 ἡμερῶν
2708 1472 2804 1527 καὶ
2861 1473 2997 1525 ὲτων
3026 1470 3281 1544 ἀπαρχὰς
3318 1469 3397 1541 τῷ
3417 1469 3535 1541 Θεῷ
3557 1469 3725 1524 τοῦτο
3768 1454 3779 1467 ’

2135 1563 2197 1616 τὸ
2240 1563 2414 1633 γένος.
2468 1562 2653 1627 Ούτως
2714 1565 2744 1617 6
2805 1562 2945 1617 ἑπτά
3000 1561 3309 1634 τιμώμενος
3338 1562 3568 1635 ἀριθμὸς
3615 1563 3721 1633 τὴν

2135 1657 2302 1728 τιμὴν
2342 1656 2443 1726 τῆς
2474 1655 2855 1727 Πεντηκοστῆς
2884 1655 3296 1726 συνεισήγαγεν.
3333 1654 3394 1708 '0
3434 1652 3544 1727 γὰρ
3577 1653 3722 1707 ἑπτὰ

460 1770 579 1809 rum
611 1762 879 1824 emptores
903 1751 1241 1822 possessione
1256 1764 1350 1805 sua
1373 1748 1635 1803 excedere
1659 1755 1941 1818 cogentem
1962 1745 2028 1801 ³⁸.

2141 1747 2234 1800 ἐπὶ
2290 1746 2481 1800 ἑαυτὸν
2531 1745 2929 1817 συντιθέμενος,
2990 1746 3152 1817 γεννᾷ
3207 1744 3299 1799 τὸν
3355 1745 3718 1817 πεντήκοντα,

458 1843 596 1899 Nam
626 1845 740 1899 haec
770 1841 939 1903 natio,
967 1854 1071 1894 non
1102 1838 1262 1895 modo
1304 1836 1518 1907 frugum
1548 1844 1604 1891 et
1645 1833 2034 1905 primogenita-

460 1947 602 2000 rum,
634 1931 728 1988 sed
756 1931 961 1985 dierum
1010 1929 1170 1984 etiam
1203 1935 1260 1982 et
1308 1940 1574 1982 annorum
1615 1924 1882 1995 primitias
1922 1922 2035 1978 Deo

458 2031 759 2081 consecrat.
792 2022 869 2079 Eo
913 2021 1055 2078 cultu
1106 2018 1428 2075 venerabilis
1465 2016 1800 2087 septenarius
1848 2029 2037 2070 nume-

460 2130 576 2182 rus,
615 2114 961 2172 Pentecostes
991 2113 1195 2167 nultum
1225 2125 1334 2166 una
1370 2123 1554 2164 secum
1579 2108 1803 2163 invexit.
1842 2105 2031 2176 Septe-

457 2206 644 2262 narius
687 2205 832 2262 enim
867 2204 922 2260 in
965 2205 1199 2274 seipsnm
1249 2202 1463 2265 ductus,
1511 2196 2033 2268 quinquagenarium

458 2292 649 2363 gignit,
680 2306 787 2346 uno
811 2291 899 2347 die
923 2300 1175 2362 excepto,
1209 2303 1369 2359 quem
1401 2304 1467 2342 ex
1500 2287 1680 2342 futuro
1725 2287 1921 2342 saeculo
1947 2300 2039 2340 as-

459 2379 808 2451 sumpsimus,
840 2389 1093 2435 octavum
1136 2377 1385 2433 eumdem
1431 2386 1488 2432 et
1533 2377 1808 2447 primum;
1850 2377 1955 2444 vel,
1984 2382 2044 2429 ut

2144 1840 2273 1912 μιᾶς
2330 1838 2556 1910 δεούσης
2613 1838 2849 1910 ἡμέρας,
2903 1839 2971 1910 ἥν
3006 1841 3072 1892 ἐκ
3121 1836 3216 1890 τοῦ
3279 1836 3561 1909 μέλλοντος
3588 1836 3723 1891 αίῶ-

2140 1940 2229 1987 νος
2284 1923 2750 1995 προσειλήφαμεν,
2801 1923 2995 1995 ὀγδόην
3048 1939 3109 1976 τε
3183 1917 3347 1976 οὖσαν
3391 1921 3490 1993 τὴν
3549 1921 3723 1993 αὐτὴν

2142 2016 2235 2068 καὶ
2283 2013 2526 2087 πρώτην,
2586 2015 2786 2087 μᾶλλον
2837 2014 2895 2068 δὲ
2950 2013 3077 2084 μίαν
3126 2014 3221 2068 καὶ
3244 2012 3597 2067 ἀκατάλυτον.
3627 2014 3724 2067 Δεῖ

2141 2104 2250 2177 γὰρ
2301 2107 2478 2159 ὲκεῖσε
2539 2105 2841 2177 καταλῆξαι
2894 2105 2986 2159 τὸν
3041 2103 3276 2158 ἐνταῦθα
3343 2101 3722 2175 Σαϐϐατισμὸν

2142 2196 2251 2251 τῶν
2308 2196 2515 2269 ψυχῶν,
2570 2197 2647 2262 ὡς
2690 2198 2910 2269 δοθῆναι
2977 2195 3193 2268 μερίδα,
3243 2197 3356 2260 τοῖς
3413 2194 3552 2249 ἑπτὰ
3612 2193 3721 2263 (1),

2145 2288 2238 2342 καί
2283 2304 2348 2357 γε
2395 2291 2509 2352 τοῖς
2540 2288 2704 2354 ὀκτὼ,
2737 2286 2918 2351 καθὼς
2962 2286 3064 2358 ἤδη
3112 2286 3255 2350 τινὲς
3296 2285 3406 2342 τῶν
3434 2285 3538 2359 πρὸ
3563 2285 3722 2358 ἡμῶν

2146 2378 2207 2432 τὸ
2238 2377 2639 2450 Σολομῶντειον
2669 2378 2744 2451 (2)
2780 2378 3116 2450 ὲξειλὴφασι.

461 2472 663 2529 rectius
704 2471 914 2541 loquar,
973 2487 1138 2527 unum
1184 2472 1343 2543 733
1384 2481 1439 2527 et
1485 2486 1888 2542 sempiternum.
1929 2472 2044 2528 Illic
2112 2475 2255 2530 enim
2320 2490 2558 2545 praesens
2621 2478 2921 2530 animarum
2980 2482 3287 2528 nostrarum
3350 2471 3725 2529 Sahbatismns

460 2564 674 2621 desinat
701 2578 923 2621 necesse
959 2572 1063 2629 est,
1093 2572 1153 2618 ut
1179 2565 1337 2618 detur
1365 2579 1511 2634 pars,
1552 2564 1660 2620 illis
1699 2573 1903 2635 septem
1926 2604 1942 2630 ,
1982 2574 2037 2621 et
2075 2564 2179 2623 illis
2242 2580 2366 2625 octo
2401 2568 2482 2636 ”,
2519 2567 2970 2639 quemadmodum
3002 2566 3114 2638 jam
3153 2563 3392 2621 nonnulli
3455 2565 3724 2637 majorum

461 2665 770 2712 nostrorum
799 2657 943 2711 hunc
976 2655 1282 2711 Salomonis
1305 2657 1481 2712 locum
1521 2667 1911 2727 exposuerunt.

529 2745 616 2803 ιιι.
659 2746 974 2816 Quanquam
1001 2756 1181 2803 autem
1220 2748 1287 2804 de
1315 2749 1605 2819 septenarii
1633 2750 1841 2812 honore
1867 2751 2034 2805 multa

2207 2751 2283 2807 I".
2338 2751 2448 2823 Τῆς
2487 2749 2545 2804 δὲ
2587 2748 2681 2804 τοῦ
2726 2748 2802 2819 (5)
2856 2746 2998 2803 ἑπτά
3038 2747 3227 2819 τιμῆς,
3291 2746 3460 2802 πολλὰ
3512 2747 3614 2820 μὲν
3652 2748 3722 2804 τὰ

463 2840 572 2897 sint
622 2839 776 2895 nobis
827 2838 1118 2908 Scriptura:
1166 2839 1492 2907 testimonia,
1554 2853 1724 2910 pauca
1781 2849 1960 2895 tamen
2010 2854 2042 2896 ο

463 2929 647 2987 multis
669 2928 966 3000 produCere
1000 2927 1133 2983 satis
1164 2929 1289 2982 erit.
1323 2928 1541 2999 Septem
1591 2928 1774 2999 itaque
1820 2929 2042 3001 pretiosi

461 3021 695 3094 Spiritus
718 3021 1085 3075 nominantur.
1131 3020 1300 3077 Isaias
1328 3021 1496 3088 enim,
1534 3029 1593 3075 ut
1621 3022 1832 3090 opinor,
1864 3022 2043 3092 Spiri-

463 3124 550 3171 tus
579 3114 955 3185 operationes,
1010 3110 1245 3184 Spiritus
1293 3113 1567 3183 appellare
1616 3116 1755 3169 solet
1806 3113 1873 3167 ⁸ο.
1914 3113 2044 3170 Elo-

464 3207 591 3277 quia
620 3207 748 3261 item
793 3204 1028 3270 Domini,
1069 3204 1224 3273 juxta
1254 3204 1540 3271 Davidem,
1574 3206 1875 3275 septuplum
1921 3220 2048 3274 pur-

478 3308 602 3369 gata
633 3306 759 3352 sunt
784 3296 851 3349 ⁸³.
888 3295 965 3351 Ac
996 3295 1176 3362 justus
1205 3309 1235 3350 a
1264 3295 1684 3352 necessitatibus
1706 3296 1883 3352 sexies
1910 3295 2048 3353 libe-

470 3398 625 3445 ratur
664 3387 744 3455 ⁸³,
781 3387 834 3442 in
863 3387 1094 3457 septimo
1131 3397 1311 3444 autem
1359 3403 1427 3444 ne
1472 3386 1686 3457 quidem
1719 3389 2039 3458 percutitur.

462 3480 742 3538 Peccatori
771 3490 975 3544 autem,
1025 3494 1129 3535 non
1175 3479 1377 3548 septies
1427 3485 1656 3543 tantum,
1690 3478 1784 3534 sed
1830 3486 2041 3547 septua-

461 3574 574 3646 gies
594 3571 760 3628 etiam
794 3572 992 3641 septies
1017 3585 1152 3625 noxa
1189 3570 1489 3625 remittitur
1514 3568 1581 3624 ⁸³.
1630 3568 1703 3625 Ac
1732 3586 1947 3625 rursum
1979 3587 2044 3627 ex

462 3667 688 3722 adversa
722 3672 877 3732 parte
902 3662 1049 3734 (nam
1080 3662 1451 3732 improbitatis
1479 3676 1694 3732 quoque
1725 3676 1884 3731 pmna
1925 3663 2043 3718 lau-

462 3756 659 3813 dahilis
708 3755 854 3825 est),
907 3754 974 3809 de
1023 3751 1156 3809 Cain
1205 3753 1423 3824 quidem
1472 3754 1669 3823 septies
1725 3752 2044 3823 supplicium

463 3848 696 3906 sumitur
736 3846 820 3911 ⁸⁸,
866 3845 969 3901 1ιοε
998 3853 1104 3912 εει,
1150 3843 1404 3900 fraternae
1460 3844 1622 3900 credis
1654 3845 1722 3900 ab
1762 3859 1828 3900 eo
1872 3859 2046 3916 poena:

464 3948 811 4011 repetuntur;
834 3936 900 3992 de
928 3936 1165 3992 Lamech
1197 3945 1376 3991 autem
1408 3937 1714 4007 septuagies
1745 3937 1946 4007 septies
1966 3937 2040 4004 ⁸⁸,

463 4032 611 4103 quia,
647 4038 764 4102 post
807 4029 978 4100 legem
1019 4038 1072 4083 et
1112 4029 1642 4093 condemnationem,
1682 4028 1880 4085 caedem
1918 4045 2042 4103 per-

2153 2843 2448 2917 μαρτύρια,
2504 2842 2661 2913 ὀλίγα
2709 2841 2765 2895 δὲ
2815 2843 2881 2895 ὲκ
2937 2839 3147 2895 πολλῶν
3185 2841 3316 2912 ἡμῖν
3348 2840 3591 2914 ἀρκέσει.
3635 2841 3723 2907 Ὠς

2149 2934 2287 2990 ἑπτά
2339 2932 2415 3007 (4)
2477 2934 2576 3006 μὲν
2630 2930 3004 3005 ὀνομαζόμενα
3058 2931 3217 3003 τίμια
3264 2931 3575 3003 Πνεύματα.
3612 2933 3722 3000 Τάς

2147 3027 2257 3101 γὰρ
2297 3027 2597 3098 ἐνεργείας.
2664 3020 2841 3098 οἶμαι,
2893 3023 2987 3078 τοῦ
3042 3022 3380 3095 Πνεύματος,
3433 3023 3724 3096 Πνεύματα

2149 3120 2300 3192 φίλον
2346 3118 2424 3191 τῷ
2473 3119 2672 3191 Ἡσαΐᾳ
2704 3116 2906 3172 καλεῖν.
2953 3115 3352 3189 Κεκαθαρμένα
3388 3116 3445 3170 δὲ
3476 3114 3544 3170 τὰ
3566 3117 3723 3186 λόγια

2147 3213 2242 3267 τοῦ
2292 3212 2521 3284 Κυρίου,
2575 3210 2719 3266 κατὰ
2761 3211 2852 3264 τὸν
2912 3208 3097 3273 Δαϐὶδ,
3149 3207 3549 3272 ὲπταπλασίως.
3613 3209 3723 3264 Kal

2147 3306 2177 3359 6
2225 3305 2322 3377 μὲν
2379 3303 2608 3368 δίκαιος,
2664 3302 2848 3368 ἑξάκις
2893 3302 2992 3373 μὲν
3041 3301 3117 3373 (5)
3166 3300 3225 3368 ἐξ
3274 3299 3528 3370 ἀναγκῶν
3578 3300 3723 3366 ἐξαι-

2151 3396 2428 3468 ρούμενος,
2479 3398 2537 3467 ξν
2591 3396 2649 3449 δὲ
2688 3395 2766 3467 τῷ
2823 3394 3034 3466 ἑϐδόμῳ
3086 3391 3220 3465 μηδὲ
3242 3391 3631 3464 πλησσόμενος.
3664 3393 3723 3448 '0

2146 3487 2203 3542 δὲ
2266 3488 2607 3560 ἁμαρτωλὸς,
2659 3488 2759 3558 οὐχ
2809 3486 3038 3550 ἑπτάκις
3083 3484 3261 3556 μόνον,
3329 3484 3463 3540 ἀλλὰ
3496 3484 3592 3538 καὶ
3620 3484 3723 3538 ’ἑϐ-

2146 3577 2539 3650 δομηκοντάκις
2609 3577 2748 3631 ἑπτὰ
2823 3575 3292 3648 συγχωρούμενος.
3357 3576 3467 3631 Καὶ
3539 3575 3721 3647 μέντοι

2148 3669 2307 3723 πάλιν
2366 3671 2431 3723 ὲκ
2490 3667 2600 3724 τῶν
2645 3669 2902 3723 ἐναντίων
2931 3668 3211 3740 (ἐπαινετὴ
3257 3668 3364 3742 γὰρ
3413 3668 3507 3722 καὶ
3554 3666 3637 3740 [6]
3686 3669 3720 3739 ἡ

2145 3761 2242 3832 τῆς
2280 3761 2479 3825 κακίας
2528 3760 2791 3825 κόλασις),
2827 3759 2966 3813 Κάῖν
3001 3759 3100 3831 μὲν
3149 3757 3528 3830 ὲκδικούμενος
3556 3758 3722 3812 ἑπτά-

2145 3868 2251 3917 κις,
2316 3851 2559 3906 τουτέστι
2610 3852 2765 3915 δίκας
2827 3851 3282 3923 εἰσπραττόμενος
3325 3852 3424 3924 τῆς
3490 3852 3721 3924 ἀδελφοο

2146 3944 2380 4008 κιτονίιιις⁹
2408 3945 2436 3997 6
2489 3944 2546 3998 δὲ
2604 3945 2795 4018 Λάμεχ
2826 3944 3285 4018 ἑϐδομηκοντάκις
3314 3946 3473 4010 ἑπτὰ,
3510 3947 3592 3999 ὅτι
3624 3962 3719 4015 φο-

2144 4037 2268 4100 νεὺς
2314 4033 2383 4109 ἦν
2433 4036 2569 4108 μετὰ
2615 4037 2707 4089 τὸν
2767 4037 2930 4108 νόμον
2992 4039 3087 4091 καὶ
3134 4037 3196 4091 τὸ
3257 4039 3592 4110 κατάκριμα.
3651 4040 3717 4095 οι

464 4093 718 4194 petravit.
771 4093 972 4179 Eodem
1020 4122 1272 4193 pertinet,
1315 4120 1460 4190 quod
1511 4119 1578 4174 de
1624 4121 1806 4190 pravis
1844 4093 2037 4178 vicinis

2141 4125 2197 4179 δὲ
2244 4093 2469 4200 rrovqudl
2510 4128 2748 4197 γείτονες
2783 4093 3185 4183 ἑπτταπλασίονα
3246 4131 3327 4194 εἰς
3375 4093 3465 4183 τὸν
3497 4093 3710 4185 ,κόλπόν

464 4216 723 4287 scriptum
752 4223 855 4283 est,
882 4230 974 4271 eos
996 4211 1301 4285 septuplum
1330 4211 1384 4267 in
1419 4212 1596 4267 sinum
1638 4227 1795 4267 suum
1832 4215 2040 4283 recipe-

464 4324 524 4366 re
557 4307 643 4375 ⁸⁸;
676 4308 819 4379 quod
847 4307 1010 4362 etiam
1040 4305 1107 4360 de
1157 4311 1360 4375 septem
1409 4302 1681 4358 columnis
1726 4302 1771 4334 ⁸⁷
1794 4343 1810 4368 ,
1841 4303 2043 4373 quibus

465 4401 755 4472 Sapientiae
785 4401 976 4455 domus
1019 4397 1243 4463 nititur;
1274 4395 1418 4465 quod
1463 4395 1530 4450 de
1578 4396 1799 4449 totidem
1827 4397 2039 4463 oculis,

464 4491 664 4563 quibus
715 4487 1064 4546 Zorobabelis
1117 4487 1254 4558 lapis
1301 4493 1530 4542 ornatur
1552 4485 1618 4542 ⁸³.
1671 4484 1813 4553 Quin
1852 4487 2038 4556 etiam,

535 4655 580 4687 ac
620 4654 789 4723 Εχοιὶξ
822 4667 934 4723 xvi,
1145 4652 1189 4682 ³⁷
1214 4650 1395 4723 ιιιξνίί.Δ
1426 4664 1550 4723 Χξγ,
1598 4649 1663 4723 4,,
1712 4649 1775 4723 ⁸³⁸
1806 4649 2075 4723 ἰὺὶἀθίδᾳ

464 4725 508 4757 ⁸⁸
534 4723 633 4779 Joh
653 4738 707 4789 ν,
735 4722 821 4777 19.
895 4720 940 4753 ⁸³
964 4720 1148 4778 Matth.
1171 4720 1428 4788 xvmﬂl,
1452 4720 1543 4774 22.
1619 4720 1663 4750 ⁸⁸
1701 4719 1835 4776 Gen.
1868 4736 1945 4789 tv,
1988 4719 2074 4781 15.

466 4796 510 4827 ⁸⁸
542 4792 705 4847 Zath.
751 4807 832 4859 ιιι,
878 4790 933 4846 9.

539 4884 650 4956 (97)
688 4882 875 4956 Τοῦτο
911 4882 1094 4956 δηέοῖ
1116 4882 1203 4938 τό.
1223 4880 1357 4956 '[res
1383 4879 1574 4956 βεδε..
1598 4881 1838 4956 nonnulli
1864 4882 2039 4956 Colb.,

467 4949 561 5011 Or.
588 4949 640 5020 1,
676 4954 863 5008 Cotnb.
894 4962 949 5009 et
977 4949 1141 5021 'Bas.,
1179 4951 1337 5005 τοῦτο
1382 4949 1447 5020 δὴ
1480 4949 1560 5005 τό.
1611 4952 1702 5006 Sic
1743 4953 1910 5008 etiam
1960 4955 2011 5010 le

469 5034 619 5078 uerat
657 5022 867 5078 Billius‘:

486 5034 619 5079 {erat
659 5034 867 5078 UllllllS'.‘

469 5045 619 5096 gerat
659 5045 867 5078 mutus:

543 5090 654 5163 (98)
706 5092 1056 5147 Ἰωϐυλαῖον.
1088 5088 1558 5163 Ωιιίηψιεμῐζεεεη
1601 5089 1927 5163 Ἰωϐηλαῖον.

540 5160 652 5233 (99)
692 5162 1105 5233 Γεννημᾴτων.
1135 5160 1321 5233 Plures
1346 5160 1539 5233 “833;,
1569 5160 1910 5232 γενημάτων.

545 5230 643 5307 (i)
666 5232 794 5300 Τοῖς
823 5230 1001 5307 ἐίὲτά,
1047 5243 1151 5307 etc.
1200 5231 1332 5307 Haec
1367 5230 1799 5307 de’_’Eccles._WXI,
1831 5233 1886 5297 ‘2,
1923 5247 2037 5283 mu~

470 5300 618 5360 ωειιὰ
649 5313 774 5360 sunt
798 5319 829 5358 a
851 5304 1138 5374 Gregorio;
1168 5312 1221 5356 et
1246 5318 1275 5355 a
1299 5300 1546 5374 Patrihus
1569 5302 1882 5370 explanata,
1908 5316 2042 5372 pra:-

470 5376 657 5431 scrtim
683 5376 752 5429 ab
780 5370 1088 5437 Ambrosio,
1122 5374 1216 5426 lib.
1241 5386 1272 5424 v
1301 5372 1355 5425 in
1382 5370 1536 5436 Luc.,
1572 5388 1621 5427 ε.
1648 5388 1723 5429 vt.

542 5444 617 5517 (2)
657 5442 1113 5517 Σολομῴντειρν.
1144 5441 1339 5517 _Savil.,
1370 5442 1735 5517 Σολομοντίον.

502 5512 620 5606 1,(5)
664 5514 779 5583 Τῆς
809 5512 893 5567 ’δὲ
961 5515 1089 5570 τοῦ.
1144 5512 1275 5581 Reg.
1323 5514 1410 5567 Imt
1458 5523 1515 5566 et
1568 5512 1748 5579 l'ass.,
1794 5514 1892 5584 τῆς
1944 5512 2043 5583 μὲν

472 5604 584 5642 ουν.

546 5658 620 5727 (ί)
670 5656 766 5722 Ὠς
794 5656 964 5720 ἑπτά,
996 5666 1102 5713 etc.
1147 5676 1166 5709 ι
1194 5655 1264 5712 Ut
1290 5654 1831 5727 (septem‘veuerandi
1868 5654 2041 5721 Spiri-

472 5723 647 5796 tus','g
685 5738 788 5785 etc.
836 5747 853 5778 ι
886 5728 999 5782 Non
1041 5730 1203 5797 quod,
1228 5746 1246 5779 ι
1285 5723 1454 5795 inquit
1508 5723 1738 5789 Nicctas,
1779 5744 1797 5774 ι
1839 5737 2039 5793 septem

2083 4668 2131 4723 q.
2228 4655 2274 4687 ”
2307 4656 2478 4709 Eccle.
2521 4673 2596 4715 χι.
2637 4657 2691 4711 2.

2144 4216 2322 4270 αὐτῶν
2373 4218 2448 4288 (7)
2500 4218 2993 4292 ἀπολαμϐάνοντες*
3035 4220 3183 4275 ἑπτὰ
3231 4221 3288 4275 δὲ
3326 4220 3539 4287 στύλοις
3568 4223 3715 4293 ὁτῆς

2156 4308 2353 4378 Σοφίας
2384 4306 2530 4376 οἶκος
2582 4312 3013 4384 ύιιιερειδόμενος⁸
3074 4314 3348 4379 τοσούτοις
3399 4315 3455 4370 δὲ
3516 4313 3715 4387 ὀφθαλ-

2147 4401 2268 4468 μοῖς
2318 4402 2348 4454 ό
2392 4400 2486 4455 τοῦ
2539 4403 2844 4475 Ζοροϐάϐελ
2889 4404 3036 4469 λίθος
3084 4406 3475 4479 κοσμούμενος.
3516 4410 3711 4465 Ἑπτά-

2144 4506 2228 4555 κις
2292 4492 2349 4546 δὲ
2409 4495 2508 4565 τῆς
2570 4496 2781 4568 ἡμέρας
2835 4499 2864 4552 6
2921 4497 3054 4563 Θεὸς
3094 4498 3428 4572 αἰνούμενος.
3464 4501 3574 4555 Kal
3606 4502 3710 4575 μὴν

2798 4658 2842 4691 ⁸ο
2882 4658 2979 4713 lsa.
3019 4675 3093 4723 xu,
3137 4660 3184 4717 ἒ.
3294 4661 3337 4694 ⁶¹
3364 4662 3507 4718 Psal.
3545 4680 3623 4730 ιι,
3656 4666 3705 4721 7.

2179 4725 2225 4759 "
2257 4727 2388 4783 ibid.
2420 4727 2508 4782 24.
2624 4727 2669 4761 ⁸⁸
2686 4726 2824 4784 Psal.
2854 4731 3181 4798 unum”.
3252 4732 3296 4764 ⁸⁷
3340 4732 3496 4789 Prov.
3538 4725 3617 4801 Ix,
3658 4736 3706 4791 1.

2143 4888 2252 4943 sint
2286 4888 2552 4958 Spiritus;
2587 4905 2727 4943 unus
2759 4890 2901 4943 enim
2936 4897 3018 4945 est
3057 4889 3289 4959 Spiritus
3316 4903 3569 4952 sanctus:
3618 4894 3707 4948 sed

2139 4959 2351 5034 divinas
2385 4974 2572 5014 omnes
2607 4959 3024 5034 actionesqua:
3073 4962 3171 5032 ipsi
3210 4964 3408 5026 insunt,
3455 4962 3704 5034 Spiritus,

2139 5039 2197 5082 ut
2230 5030 2439 5099 opinor.
2460 5028 2698 5099 appellat
2730 5028 3013 5099 propheta.
3042 5048 3062 5082 ι

2211 5097 2307 5171 (ὅ),
2336 5097 2591 5171 'Eﬁdmg
2602 5098 2736 5167 μέν.
2758 5097 2923 5171 (Deest
2956 5100 3057 5171 μέν
3091 5101 3143 5155 in
3175 5099 3307 5171 Reg.
3340 5101 3409 5171 ph
3452 5109 3507 5157 et
3540 5099 3704 5156 Savil.

2138 5168 2339 5238 Alludit
2371 5168 2664 5238 Gregorius
2704 5169 2771 5222 ad
2804 5169 2916 5224 haec
2959 5168 3099 5235 Jobi,
3124 5185 3177 5233 ν,
3210 5170 3295 5235 l9,
3332 5168 3434 5225 iln
3487 5186 3581 5226 se).
3618 5174 3708 5225 tri-

2139 5236 2503 5361 hglatifnibns
2535 5237 2785 5294 liberabit
2822 5248 2892 5307 te,
2924 5250 2979 5295 et
3010 5241 3064 5294 in
3102 5242 3330 5310 septima
3379 5256 3485 5295 non
3534 5250 3708 5312 tanget

2222 5322 2303 5360 ηιο
2332 5324 2441 5361 "ill.
2464 5328 2483 5360 ι

2165 5321 2195 5362 e
2222 5321 2441 5361 malum.
2464 5328 2483 5360 ι

2214 5378 2290 5447 (6)
2330 5377 2602 5459 l‘c‘zpaal.
2631 5378 2723 5434 Sic
2768 5388 3002 5449 quatuor
3040 5378 3212 5451 Regg.
3239 5387 3294 5434 ct
3323 5394 3515 5436 novem
3554 5378 3703 5437 Colb.

2142 5446 2306 5501 Deest
2339 5448 2429 5501 καί
2462 5450 2621 5501 med.

2191 5457 2306 5501 eest
2339 5457 2429 5501 καί
2462 5457 2511 5500 in
2536 5457 2621 5503 etl.

2213 5520 2287 5589 (7)
2326 5516 2552 5572 Αὐτῶν.
2597 5520 2756 5573 Deest
2792 5521 2845 5573 in
2888 5518 3133 5587 pluribus
3184 5518 3347 5590 Begg.
3395 5518 3594 5590 Alludit
3640 5517 3706 5572 ad

2142 5591 2258 5644 haec
2286 5590 2417 5659 psal.
2443 5605 2665 5650 Lxxvnt.
2689 5590 2756 5643 12
2782 5608 2795 5644 :
2825 5609 2843 5643 ι
2866 5590 3049 5646 Redde
3082 5589 3285 5647 vicinis
3303 5589 3503 5645 nostris
3529 5597 3704 5659 septuv

2141 5661 2285 5730 plum
2312 5662 2363 5715 in
2394 5660 2512 5714 sinu
2544 5676 2749 5714 eorum.
2777 5679 2797 5712 ι
