4050 6298
277 349 387 404 453⁸

1307 353 1564 411 ORATIO
1603 355 1740 412 XLI.
1783 383 1848 394 -—
1886 358 1955 413 1N
1995 359 2510 420 PENTECOSTEN.

3423 366 3532 425 454

275 463 366 515 καὶ
418 462 605 532 στεῖρα
650 460 908 517 τίκτουσα
964 462 1102 518 ἐπτὰ
1126 463 1222 536 (8),
1251 463 1343 518 τὸν
1368 465 1572 521 τέλειον
1595 455 1860 538 ἀριθμὸν,

1959 471 2152 539 septies
2207 472 2258 527 in
2311 475 2395 528 die
2427 475 2679 530 laudatur
2731 477 2866 530 Deus
2910 476 2973 528 ⁸³.
3021 475 3199 545 Atque
3239 477 3374 530 adeo
3418 492 3532 534 ste-

239 547 302 622 ’ἡ
345 551 442 622 τῆς
474 553 699 618 ἀτελοῦς
722 554 798 626 (9)
833 557 892 609 ἐν
937 555 1146 620 τέκνοις
1173 557 1468 623 ὰντίθετος.

343 826 415 881 Δ’.
467 827 532 880 Εἰ
579 827 635 880 δὲ
660 827 742 881 δεῖ
781 830 876 882 καὶ
905 829 1006 896 τὰς
1039 831 1275 897 παλαιὰς
1327 834 1567 904 ἱστορίας
1606 838 1846 901 σκοπεῖν,

271 919 434 972 ἐννοῶ
488 920 586 991 μὲν
628 922 719 975 τὸν
772 922 1001 995 ἕϐδομον
1059 926 1117 978 ἐν
1179 927 1464 997 προγόνοις
1534 927 1725 998 Ἑνὼχ,
1778 930 1870 998 τῇ.

271 1013 558 1082 μεταθέσει
625 1016 1006 1086 τετιμημένον.
1100 1019 1292 1070 Ἐννοῶ
1349 1019 1405 1070 δὲ
1469 1020 1558 1072 τὸν
1609 1019 1849 1072 εἰκοστὸν

270 1101 484 1169 πρῶτον
545 1103 815 1176 Ἀϐραάμ,
877 1108 944 1178 τῇ
1025 1109 1361 1180 πατριαρχία
1432 1109 1848 1181 δεδοξασμένον,

271 1193 572 1264 μυστηρίου
609 1197 895 1271 προσθήκῃ
945 1199 1207 1270 μείζονος.
1261 1201 1634 1273 Τρισσουμένη
1679 1203 1846 1274 γὰρή

269 1285 501 1357 ἑϐδομὰς
529 1288 640 1358 (ιο)
697 1289 788 1342 τὸν
843 1291 1077 1363 ἀριθμὸν
1131 1293 1319 1347 τοῦτον
1369 1293 1681 1366 ἐργάζεται.
1719 1295 1850 1347 Τολ-

271 1379 463 1448 μήσειε
511 1380 556 1432 δ’
616 1381 686 1435 ἄν
735 1401 819 1447 τις
876 1383 985 1436 τῶν
1042 1384 1221 1438 πάντα
1278 1385 1564 1448 νεανικῶν,
1619 1387 1714 1439 καὶ
1759 1387 1850 1438 ἐπὶ

267 1470 354 1522 τὸν
409 1470 533 1524 νέον
589 1475 762 1546 Ἀδὰμ
817 1476 1013 1542 ἐλθεῖν,
1067 1477 1157 1531 τὸν
1207 1477 1338 1532 Θεὸν
1403 1495 1503 1548 μου
1531 1480 1624 1532 καὶ
1649 1479 1851 1550 Κύριον

279 1561 487 1632 Ἰησοῦν
547 1563 800 1634 Χριστὸν,
853 1567 962 1622 ἀπὸ
1029 1567 1125 1621 τοῦ
1180 1567 1410 1622 παλαιοῦ
1461 1570 1556 1622 καὶ
1597 1569 1690 1621 τοῦ
1748 1569 1852 1622 ὑπὸ

267 1655 360 1724 τὴν
403 1657 686 1728 ἁμαρτίαν
753 1659 945 1731 Ἀδὰμ,
1009 1661 1406 1733 ἑϐδομηκοστὸν
1455 1662 1681 1733 ἕϐδομον
1735 1663 1852 1733 ἀρι-

268 1747 597 1820 θμούμενον,
644 1751 787 1804 κατὰ
831 1754 931 1823 τὴν
987 1753 1078 1806 τοῦ
1135 1754 1320 1808 Λουκᾶ
1350 1753 1700 1822 γενεαλογίαν
1730 1755 1855 1808 ἁνα-

268 1840 483 1906 ποδίζου
492 1859 610 1896 σαν.

281 1930 458 2000 Ἰησοῦ
507 1930 600 1984 τοῦ
651 1933 828 2004 Navi},
855 1933 949 1986 mi
972 1933 1252 2004 περιόδους
1277 1935 1562 2000 τοσαύτας,
1591 1935 1683 1988 καὶ
1715 1935 1852 2005 me-

270 2039 389 2093 ρας,
464 2022 562 2076 καὶ
636 2023 835 2095 ἱερέας,
875 2024 966 2090 .ἐξ
1015 2019 1089 2079 ὧν
1152 2025 1223 2079 τὰ
1294 2027 1645 2098 Ἱεριχοῦντια
1699 2027 1854 2098 τείχη

268 2114 642 2168 κατασείεται.
707 2116 794 2179 Ὠς
860 2116 916 2169 δέ
987 2117 1080 2172 καὶ
1157 2119 1256 2189 τὴν
1327 2119 1559 2189 ἑϐδόμην
1593 2119 1855 2188 ἀναστρο-

267 2203 372 2274 φὴν
411 2203 548 2274 (ιι),
601 2203 789 2274 ὥσπερ
841 2205 897 2258 δὲ
948 2207 1217 2278 μυστικὴν
1277 2209 1376 2278 τὴν
1434 2208 1855 2280 τρισσὴνέμςρύ-

270 2313 431 2366 σησιν
475 2294 588 2367 (12)
657 2297 835 2350 Ἡλίου
895 2297 991 2351 τοῦ
1049 2301 1352 2370 προφήτου,
1402 2300 1480 2372 τῷ
1541 2300 1641 2368 τῆς
1680 2302 1855 2370 Σαρα-

269 2387 437 2456 φθίας
476 2389 654 2460 χήρας
699 2388 800 2460 υίῷ
851 2391 912 2444 τὸ
973 2391 1072 2463 ζῇν
1127 2392 1512 2464 ἐμπνεύσασαν
1575 2393 1706 2464 (ιδ),
1761 2393 1856 2446 καὶ

268 2480 358 2534 τοῦ
419 2480 590 2534 αὑτοῦ
652 2481 750 2553 τὴν
786 2483 1072 2556 ἰσάριθμον
1104 2485 1244 2538 κατὰ
1289 2485 1398 2538 τῶν
1435 2485 1701 2556 σχιδάκων
1738 2485 1856 2537 ἐπί-

270 2577 481 2641 κλυσιν,
537 2576 700 2648 ἡνίκα
746 2577 879 2648 πυρὶ
944 2576 1273 2648 θεοπέμπτῳ
1331 2577 1430 2648 τὴν
1497 2575 1687 2630 θυσίαν
1755 2578 1850 2630 ἁν-

268 2668 448 2738 ήλωσε
474 2668 610 2740 (Id),
634 2668 729 2721 καὶ
769 2669 895 2730 τοὺς
934 2668 1033 2738 τῆς
1087 2669 1348 2738 αίσχύνης
1399 2669 1685 2739 προφήτας
1723 2685 1855 2722 κατ-

269 2761 477 2833 έκρινε,
524 2761 587 2813 τὸ
637 2760 750 2813 ἴσον
802 2761 863 2812 οὐ
927 2759 1254 2830 δυνηθέντας
1319 2762 1382 2813 ἐκ
1447 2761 1546 2830 τῆς
1611 2760 1853 2831 προκλή-

271 2870 410 2917 σεως
453 2851 588 2922 (15).
625 2850 783 2904 Οὕτω
834 2851 891 2904 δέ
947 2852 1039 2904 καὶ
1085 2852 1184 2923 τὴν
1238 2851 1471 2924 ἑϐδόμην
1505 2853 1857 2922 κατασκοπὴν

269 2942 364 2995 τοῦ
408 2941 606 3011 νέφους
657 2941 735 3012 τῷ
798 2941 1072 3012 παιδαρίῳ
1121 2942 1623 3015 προστεταγμὲνην,
1685 2943 1860 2996 Ἑλισ-

278 3035 434 3088 σαίου
483 3051 541 3088 τε
596 3034 693 3106 τὴν
751 3035 874 3104 ἴσην
925 3035 1225 3106 διάκαμψιν
1257 3035 1365 3107 (16)
1411 3037 1504 3090 ἐπὶ
1558 3037 1651 3090 τὸν
1694 3037 1860 3092 παῖδα

269 3129 370 3197 τῆς
403 3126 784 3197 Σουναμίτιδος
816 3128 948 3198 (Π),
980 3128 1078 3199 τὴν
1113 3128 1280 3200 πνοὴν
1324 3127 1854 3202 ζιυπυρίσασαν(18).

1950 557 2063 614 rilis
2097 569 2301 629 septem
2345 561 2567 628 filios“,
2597 565 2689 635 qui
2713 564 2984 634 perfectus
3016 575 3097 619 est
3130 581 3408 629 numerus,
3437 581 3528 635 pa-

1949 650 2038 717 rit,
2066 649 2178 716 illa,
2219 652 2458 721 inquatn,
2505 669 2624 724 qua:
2655 656 2982 722 imperfectae
3018 657 3069 709 in
3112 655 3236 710 ﬁliis
3277 658 3524 726 Opposita

1949 749 2088 796 erat.
3019 731 3028 750 ’

2018 829 2106 884 IV.
2150 830 2305 898 Quod
2337 833 2381 887 si
2422 841 2634 889 veteres
2683 835 2845 890 etiam
2885 835 3140 891 historias
3181 838 3526 892 considerare

1948 931 2198 992 oportet,
2259 922 2634 980 animadverto
2688 927 2974 996 septimum
3030 926 3170 981 inter
3237 929 3525 998 prinitevos

1952 1015 2199 1070 homines
2247 1014 2434 1070 Enoch
2485 1017 2854 1073 translationis
2904 1018 3109 1073 honore
3148 1018 3401 1075 alfectum
3450 1021 3521 1075 δί.

1951 1106 2342 1161 Animadverte
2389 1108 2516 1162 item
2582 1108 2899 1163 vicesimum
2955 1109 3189 1177 primum
3251 1111 3526 1172 Abraham

1951 1197 2318 1267 patriarchatu
2377 1209 2671 1266 ornatum,
2744 1202 2988 1270 mysterii
3057 1201 3276 1270 majoris
3346 1218 3532 1258 acces-

1951 1289 2102 1344 sione
2135 1289 2200 1343 ".
2240 1289 2590 1361 Septenarius
2635 1292 2802 1359 enim,
2855 1302 2936 1347 ter
2979 1293 3033 1346 in
3079 1309 3136 1348 se
3169 1294 3385 1361 ductus,
3425 1311 3528 1349 nu-

1953 1397 2160 1460 merum
2193 1383 2336 1437 hunc
2367 1383 2547 1440 eﬂicit.
2579 1385 2738 1439 Ausit
2764 1393 2944 1439 autem
2973 1384 3205 1439 fortasse
3237 1385 3524 1454 quispiam,

1948 1473 2175 1543 juvenili
2223 1475 2384 1529 animi
2426 1477 2627 1547 impetu
2677 1477 2916 1541 fervens,
2969 1478 3033 1531 ad
3069 1492 3267 1533 novum
3314 1493 3530 1548 quoque

1951 1566 2216 1620 Adamum
2247 1566 2452 1635 venire,
2490 1569 2684 1632 Deum,
2720 1571 2965 1639 inquam,
3015 1584 3218 1636 meum,
3267 1579 3322 1624 et
3356 1569 3532 1624 Domi-

1955 1674 2084 1715 num
2112 1658 2294 1715 Jesum
2314 1661 2588 1717 Christum
2609 1664 2676 1730 ⁸³,
2706 1661 2986 1732 qui,juxta
3013 1663 3383 1732 retrogradam
3420 1662 3532 1715 Lu-

1953 1767 2031 1806 cae
2059 1752 2501 1823 descriptionem,
2532 1769 2560 1807 a
2595 1755 2761 1808 veteri
2813 1765 2865 1809 et
2910 1754 3012 1810 sub
3055 1763 3279 1826 peccato
3327 1753 3531 1808 consti-

685 1843 876 1896 Ἐννοῶ
933 1844 989 1898 δέ
1043 1843 1136 1898 και.
1188 1845 1286 1909 τὰς
1347 1845 1486 1899 ἑπτὰ
1544 1845 1850 1914 σάλπιγγας

1959 1852 2072 1898 tuto
2121 1844 2343 1911 Adamo,
2401 1847 2835 1916 septuagesimus
2873 1848 3136 1915 septimus
3185 1856 3527 1902 numeratur.

1955 1935 2091 1990 Tum
2121 1947 2324 2006 septem
2355 1936 2472 1992 illas
2500 1935 2628 1992 Jesu
2673 1938 2766 1992 lilii
2811 1936 2959 1994 Nave
3007 1937 3165 1993 tubas
3199 1953 3412 1993 mecum
3443 1953 3524 1992 re-

1953 2039 2103 2098 puto,
2139 2029 2468 2099 totidemque
2506 2029 2670 2102 734.
2700 2030 2982 2096 circuitus,
3013 2039 3068 2084 et
3103 2029 3239 2097 dies,
3275 2038 3330 2084 et
3359 2045 3538 2084 sacer-

1954 2120 2105 2176 dotes
2142 2136 2170 2174 a
2203 2122 2401 2190 quibus
2431 2124 2574 2176 muri
2605 2121 2825 2176 Jericho
2871 2122 3190 2192 quatiuntur
3232 2120 3298 2175 '5‘.
3344 2121 3534 2176 Consi-

1954 2212 2064 2266 mili
2094 2212 2254 2266 modo
2303 2224 2580 2284 septeuam
2627 2213 2756 2269 Elia:
2795 2213 3068 2284 prapheta:
3101 2213 3528 2276 conversionem,

1955 2305 2346 2374 mysticamque
2387 2305 2530 2359 illam
2563 2304 2828 2375 triplicem
2863 2303 3289 2360 insuﬂlationem
3313 2306 3391 2369 ⁵⁸,
3426 2319 3534 2374 qua

1957 2395 2308 2466 Sarephtauae
2339 2396 2509 2452 vidua:
2537 2397 2648 2452 lilio
2673 2398 2783 2452 vita
2817 2396 3080 2466 inspirata
3110 2405 3218 2461 est,
3254 2395 3530 2464 ejusdem-

1955 2501 2056 2555 que
2082 2503 2306 2542 numero
2336 2504 2516 2556 parem
2554 2504 2718 2559 super
2760 2488 2970 2544 assulas
3004 2489 3395 2558 proluvioncm,
3425 2497 3533 2541 tum

1955 2595 2076 2634 cum
2118 2580 2242 2650 igne
2269 2581 2531 2636 divinitus
2572 2582 2816 2637 immisso
2858 2580 3184 2636 sacrificium
3220 2582 3533 2650 assumpsit,

1956 2682 2119 2741 atque
2179 2672 2409 2730 infames
2469 2674 2786 2744 prophetas,
2843 2674 2957 2743 qui,
3014 2673 3080 2728 ab
3120 2689 3188 2730 eo
3235 2672 3533 2744 provocati,

1959 2758 2096 2813 idem
2129 2757 2307 2815 facere
2333 2761 2708 2831 nequiverant,
2742 2762 3088 2816 obtruncavit.
3129 2761 3197 2815 °“.
3228 2762 3345 2829 Quo
3373 2763 3534 2816 etiam

1957 2849 2008 2902 in
2043 2865 2240 2918 genere
2281 2853 2523 2920 ponenda
2570 2862 2651 2908 cst
2691 2853 2998 2923 septenaria
3032 2853 3121 2907 illa
3157 2853 3314 2907 nubis
3349 2869 3540 2922 specu-

1961 2936 2092 2996 latio
2131 2941 2352 3010 puerulo
2385 2943 2647 3012 imperata
2669 2943 2713 2973 ⁸⁷
2742 2983 2756 3007 ,
2793 2951 2849 2995 et
2877 2942 3106 3012 aequalis
3140 2943 3304 2998 Elisei
3333 2944 3538 2998 circum

1959 3025 2316 3092 Suna’mitidis
2350 3035 2514 3090 filium
2552 3035 2788 3103 inflexio,
2821 3051 2927 3105 qua
2964 3035 3144 3090 vitalis
3186 3035 3380 3089 halitus
3417 3049 3535 3092 sus-

1957 3131 2155 3185 citatus
2193 3136 2277 3183 est
2323 3127 2388 3181 '3.
2434 3129 2513 3181 Ad
2555 3127 2798 3182 eamdem
2839 3143 3088 3198 quoque,
3121 3128 3173 3182 ni
3208 3127 3383 3193 fallor,
3435 3129 3532 3182 do-

273 3219 382 3273 Τοῦ
437 3220 495 3272 δὲ
550 3219 737 3283 αὑτοῦ,
782 3214 957 3290 οἶμαι,
1007 3219 1276 3290 δόγματος
1313 3221 1422 3292 (ἵνα
1475 3221 1549 3292 μὴ
1584 3221 1727 3290 λέγω
1757 3223 1853 3294 τὴν

1959 3223 2189 3277 ctrinam
2237 3221 2470 3290 pertinet
2503 3223 2585 3286 (ut
2629 3231 2832 3289 septem
2883 3220 3169 3276 hastilibus
3203 3229 3258 3276 et
3304 3221 3538 3277 lucernis

274 3312 626 3366 ἐπτάκαυλον
665 3313 758 3366 καὶ
811 3313 1142 3384 ἐπτάλυχνον
1193 3313 1286 3366 τοῦ
1337 3313 1464 3366 ναοῦ
1511 3313 1748 3386 λυχνίαν)
1797 3317 1852 3368 ἐν

274 3403 416 3456 ἐτττά
467 3405 564 3474 μὲν
615 3403 848 3474 ἡμέραις
895 3402 923 3454 ὀ
963 3404 1142 3474 ἱερεὺς
1189 3403 1583 3474 τελειούμενος,
1631 3406 1686 3456 ἐν
1719 3405 1856 3457 ἑπτά

275 3499 333 3552 δὲ
389 3500 416 3551 ὀ
471 3497 670 3570 λεπρὸς
717 3497 1133 3568 καθαιρόμενος,
1163 3497 1219 3548 ἐν
1269 3495 1556 3559 τοσαύταις
1604 3495 1709 3548 δὲὸ
1741 3496 1867 3558 ναὸς

277 3593 748 3662 ἐγκαινιζόμενος.
813 3589 1231 3661 Ἐϐδομηκοστῷ
1283 3589 1339 3643 δὲ
1388 3589 1496 3642 ἕτει
1552 3591 1580 3642 ὁ
1630 3589 1756 3652 λαὸς
1803 3592 1866 3642 ἐκ

277 3687 382 3755 τῆς
431 3683 808 3756 αἰχμαλωσίας
861 3683 1290 3754 ἐπαναγόμενος,
1339 3681 1406 3734 ἵν’
1455 3682 1592 3752 ὅπερ
1643 3680 1788 3732 ἐστὶν
1810 3681 1866 3732 ἐν

283 3777 502 3846 μονάσι,
550 3777 708 3830 τοῦτο
755 3778 812 3829 ἐν
864 3776 1054 3828 δεκάσι
1084 3775 1332 3846 γένηται,
1381 3774 1478 3828 καὶ
1522 3773 1742 3846 ἀριθμῴ
1780 3790 1868 3825 τε·

277 3869 532 3940 λεωτέρῳ
561 3869 669 3939 (19)
717 3869 778 3921 τὸ
828 3868 928 3939 τῆς
974 3867 1264 3938 ἑϐδομάδος
1293 3866 1495 3937 τιμηθῇ
1541 3867 1858 3936 μυστήριον.

281 3963 348 4014 Τί
401 3979 492 4032 μοι
531 3962 600 4014 τά
642 3961 830 4033 πόρρω
878 3959 1090 4027 λέγειν;
1134 3957 1340 4029 Ἰησοῦς
1374 3958 1556 4021 αὐτὸς,
1585 3960 1619 4028 ἡ
1650 3956 1869 4029 καθαρὰ

279 4054 579 4123 τελειότης,
633 4047 739 4105 οἷόε
801 4051 1017 4124 τρέφειν
1080 4052 1176 4122 μὲν
1229 4052 1287 4103 ἐν
1351 4049 1554 4122 ἐρημίᾳ
1577 4050 1672 4102 καὶ
1707 4049 1866 4102 πέντε

281 4149 474 4218 ἄρτοις
501 4143 988 4215 πεντακισχιλίους,
1019 4139 1121 4196 οἶδε
1173 4143 1230 4195 δὲ
1284 4141 1376 4196 καὶ
1400 4141 1538 4195 ἑπτά
1564 4141 1672 4212 (20)
1705 4141 1864 4194 πάλιν

282 4237 773 4308 τετρακισχιλίους.
833 4236 946 4288 Καὶ
994 4235 1063 4288 τά
1111 4235 1204 4288 τοῦ
1241 4235 1403 4307 κόρου
1451 4233 1697 4304 λείψανα,
1751 4234 1868 4285 ἐκεῖ

290 4331 391 4401 μὲν
435 4327 641 4382 δώδεκα
701 4328 934 4396 κόφινοι,
992 4327 1224 4382 ἐνταῦθα
1276 4326 1332 4380 δὲ
1390 4324 1645 4397 σπυρίδες
1700 4325 1861 4377 ἑπτά·

359 4445 404 4478 ⁸ο
430 4441 572 4497 Psal.
610 4458 800 4508 cxvm,
840 4442 962 4495 164.
1040 4442 1085 4473 ⁵ο
1126 4442 1145 4495 ι
1193 4441 1326 4509 Reg.
1367 4455 1429 4504 ιι,
1459 4439 1510 4494 5.

287 4532 364 4577 vt,
402 4515 438 4570 5
483 4528 605 4581 sqq.
709 4513 756 4546 "
790 4513 850 4567 lll
888 4514 1015 4581 lteg'.
1077 4527 1211 4574 xvn,
1265 4511 1332 4565 18
1380 4525 1500 4579 sqq.

289 4588 377 4641 53.
485 4585 532 4615 ⁵⁹
587 4584 752 4638 Exod.
787 4599 914 4645 xxv,
951 4583 1038 4637 5|.

290 4658 381 4712 65.
485 4654 533 4686 ⁸³
561 4653 761 4710 Jeretn.
808 4669 933 4718 xxv,
967 4653 1060 4718 H;
1099 4666 1248 4717 xxix,
1287 4652 1372 4705 10.

295 4837 632 4905 Sainuelem,
682 4855 774 4909 qut
823 4841 980 4893 matri
1033 4854 1143 4893 sua:
1197 4837 1298 4891 fuit
1342 4837 1511 4892 instar
1566 4851 1864 4892 numerosae

313 4912 481 4964 )rolis.

297 4930 601 5052 ιπῖθι)5.Τῆς
636 4978 908 5045 ἀτελοῦς.
957 4998 974 5029 ι
1009 4977 1357 5047 ltltperfecltr,
1381 4995 1399 5028 ι
1443 4975 1496 5030 id
1529 4984 1630 5031 est.
1670 4994 1688 5027 ι
1723 4975 1869 5030 Phe-

298 5066 507 5107 ηειιιιω.
546 5070 563 5100 ι

370 5122 481 5190 (ιθ)
517 5119 646 5190 Γὰρ
675 5120 712 5188 ή
740 5119 1011 5190 ἑϐδομὰς.
1049 5117 1139 5190 Sic
1174 5117 1336 5190 chg.
1370 5117 1479 5190 bm,
1504 5117 1598 5190 ph,
1627 5115 1788 5190 coisl.
1817 5118 1868 5181 ι,

301 5186 391 5248 0r.
421 5186 474 5257 ι,
510 5186 659 5256 Pati,
698 5186 890 5256 δεινή,
918 5188 1130 5254 Comb.,
1164 5186 1274 5242 etc.
1302 5188 1360 5242 In
1387 5189 1498 5256 cd.,
1532 5186 1640 5257 γὰρ
1667 5187 1867 5259 ἑϐδόμη

302 5263 551 5334 ἐϐδομάςΪ

370 5326 482 5402 (ιι)
536 5326 1291 5402 Ἑϐδόμηνῃὰναστροςοήγ.
1349 5326 1686 5402 rSeple_nam
1740 5329 1870 5382 Elia:

303 5399 792 5457 incurvatiouem.)
833 5400 946 5454 Non
998 5400 1192 5470 legitur
1233 5399 1435 5470 septies
1460 5413 1518 5453 se
1559 5400 1870 5454 incurvasse

307 5475 471 5526 Lliam
501 5487 666 5540 Super
705 5486 927 5541 puerum
961 5469 1314 5541 Sarephlante
1353 5469 1544 5541 viduae,
1576 5479 1644 5541 _ut
1683 5485 1804 5524 eum
1842 5486 1870 5522 a

306 5553 475 5598 morte
509 5538 788 5596 revocaret
816 5561 827 5595 :
860 5542 936 5594 ait
971 5541 1115 5594 enim
1145 5538 1446 5607 Scriptura,
1474 5538 1539 5592 ιιι
1573 5539 1705 5609 Reg.
1733 5553 1866 5604 xvtt,

304 5614 394 5674 ιιι,
431 5631 450 5664 ι
482 5612 543 5666 Et
576 5613 829 5679 expandit
863 5625 944 5674 se,
971 5621 1134 5680 atque
1172 5623 1388 5664 mensus
1413 5620 1498 5665 est
1539 5625 1700 5680 super
1739 5625 1867 5678 pue-

305 5696 420 5735 rum
449 5685 622 5736 trihus
649 5682 872 5736 vicibus.
899 5699 917 5733 ι

373 5754 484 5822 (te)
529 5753 750 5824 ᾯσπερ
795 5751 861 5803 δέ
895 5749 1202 5824 μυστικὴν
1240 5748 1658 5824 vitam?!"
1685 5751 1871 5824 έμφύσ

305 5821 512 5890 ιἰισιν.
547 5821 670 5878 ιιωε
705 5827 893 5879 desunt
921 5823 974 5878 in
1013 5822 1250 5891 pluribus
1280 5821 1435 5878 codd.

1591 4438 1632 4471 ⁵¹
1665 4439 1800 4495 Gen.
1826 4458 1878 4506 v,
1903 4442 1995 4496 ει.

1318 4511 1349 4595 ξ-
1380 4525 1500 4579 sqq.
1779 4510 1908 4595 Reg.
1947 4509 2204 4595 μιμῇ-’ἑῇ
2247 4524 2368 4595 δίης.

1137 4583 1181 4614 ⁸ο
1206 4581 1378 4634 Levit.
1412 4596 1528 4646 vnt,
1558 4581 1655 4645 35;
1695 4581 2042 4647 Edevxtx,
2093 4581 2181 4633 '50.
2312 4581 2354 4609 ⁶¹
2386 4581 2552 4631 Lavit.

1137 4666 1248 4717 χιιι,
1287 4652 1372 4705 10.
1451 4649 1496 4681 ⁵⁵
1521 4649 1710 4705 Matth.
1751 4666 1864 4717 XIV,
1893 4653 1975 4707 ις).
2052 4653 2095 4682 ⁵⁸
2130 4649 2316 4704 Matth.
2351 4665 2437 4714 xv,
2463 4649 2552 4702 5’s.

363 4770 440 4841 (8)
487 4769 780 4841 Ϊίκτουσα
824 4767 991 4822 ἑπτά.
1042 4786 1060 4818 ‹
1089 4766 1302 4841 Peperit
1343 4778 1585 4841 septem;
1614 4784 1632 4817 ι
1674 4781 1865 4835 nempe
1897 4759 1940 4813 ι)

1963 3317 2284 3370 inStructum
2335 3311 2520 3382 templi
2588 3312 2970 3367 candelabrum
3046 3321 3360 3382 przeteream
3417 3313 3535 3385 ⁵³),

1963 3407 2124 3476 quod,
2175 3415 2228 3460 et
2276 3406 2528 3460 sacerdos
2567 3414 2770 3475 septem
2822 3404 3010 3459 diebus
3061 3405 3307 3459 initiatur
3353 3404 3437 3469 °°,
3485 3416 3540 3460 et

1963 3509 2169 3570 septem
2203 3499 2330 3552 item
2362 3497 2604 3566 leprosos
2645 3505 2906 3568 purgatur
2949 3497 2990 3527 ⁶¹
3014 3537 3029 3562 ,
3075 3511 3137 3550 ac
3169 3496 3388 3552 totidem
3422 3496 3538 3551 die-

1964 3593 2064 3646 bus
2088 3589 2346 3660 templum
2375 3589 2658 3644 dedicatur
2687 3589 2754 3643 “.
2799 3588 2997 3643 Eodem
3025 3588 3257 3658 denique
3299 3590 3539 3644 referen-

1965 3685 2114 3748 dum,
2147 3683 2292 3752 quod
2325 3682 2722 3754 septuagesimo
2751 3695 2892 3734 anno
2941 3680 3166 3750 populus
3208 3696 3277 3734 ex
3309 3682 3539 3751 captivi-

1968 3789 2076 3833 tate
2120 3776 2396 3832 reducitur
2443 3775 2518 3842 ",
2563 3783 2620 3827 ut
2670 3789 2829 3844 quam
2865 3773 2973 3826 vim
3026 3773 3078 3827 in
3117 3771 3412 3828 unitatibus
3453 3772 3541 3826 hie

1967 3884 2221 3927 ntunerus
2253 3868 2435 3934 hahet,
2473 3867 2716 3922 eamdem
2759 3881 2978 3936 quoque
3023 3867 3074 3920 in
3122 3866 3412 3921 decadihus
3444 3867 3539 3920 ha-

1966 3963 2106 4026 brat,
2158 3976 2220 4015 ac
2269 3957 2572 4030 perfectiori
2617 3973 2843 4012 numero
2877 3955 3166 4025 septenarii
3220 3956 3536 4025 mysteriqu

1965 4055 2279 4108 honoretur.
2339 4050 2476 4118 Quid
2527 4060 2704 4104 autem
2752 4048 3044 4118 longinqua
3103 4045 3334 4117 colligo?
3388 4045 3540 4102 Jesus

1962 4145 2098 4214 ipse,
2126 4143 2217 4214 qui
2249 4159 2382 4213 pura
2415 4141 2673 4209 perfectio
2705 4149 2808 4205 est,
2839 4142 3078 4212 quinque
3108 4143 3337 4211 panibus
3364 4141 3415 4208 in
3447 4143 3541 4196 tle—

1963 4248 2106 4293 serto
2133 4236 2374 4307 quinque
2407 4235 2686 4289 hominum
2739 4235 2902 4288 millia
2937 4235 3147 4288 nutrire
3187 4237 3335 4289 novit
3365 4235 3445 4301 “,
3480 4251 3541 4290 ac

1966 4342 2152 4382 rursus
2179 4335 2385 4396 septem
2420 4323 2650 4393 panibus
2678 4332 2909 4392 quatuor
2947 4323 3114 4377 millia
3155 4323 3221 4378 ⁸⁸.
3250 4325 3426 4393 Atque
3455 4339 3541 4378 sa-

2097 4439 2304 4516 5'_(_}en.
2348 4453 2450 4504 xu,
2491 4439 2536 4516 ια
2569 4451 2694 4516 sqq.
2851 4435 2978 4492 Luc.
3031 4437 3244 4516 ttt,__‘2§:
3286 4507 3324 4516 _
3352 4437 3398 4469 l“
3426 4437 3540 4493 Jos.

2491 4507 2536 4539 ⁸⁷
2587 4507 2718 4560 ibid.
2761 4507 2831 4578 45
2881 4522 3000 4576 sqq.
3107 4508 3150 4538 ⁸⁸
3175 4506 3420 4578 LVich.
3462 4525 3537 4572 tv,

2312 4579 2354 4609 ⁶¹
2386 4577 2558 4631 Levii.
2603 4592 2716 4643 xlv,
2757 4577 2824 4631 58
2873 4594 2995 4648 sqq.
3102 4580 3145 4611 ⁸³
3171 4578 3231 4632 ιιι
3256 4577 3391 4648 Reg.
3420 4595 3538 4646 vni,

2041 4764 2148 4868 ()5)
2191 4765 2264 4818 Τὸ
2301 4762 2407 4833 ζῇν
2447 4765 2898 4833 ἐμπνεύσασαν.
2931 4763 3066 4829 Jes.,
3094 4764 3192 4836 τὴν
3247 4762 3391 4836 ζωὴν
3441 4765 3542 4835 ἐμ-

1973 4854 2517 4972 πνῖῗιῖῖαξνήλωσε.
2549 4905 2790 4973 Quatuor
2825 4906 2990 4976 Regg.
3018 4915 3072 4960 ct
3101 4905 3235 4970 Jes.,
3271 4905 3538 4959 ἀνάλωσε.

2039 4976 2148 5047 (l5)
2187 4976 2602 5048 ΙΙροκλ-ήσεως.
2635 4978 2767 5046 Reg.
2797 4979 2907 5048 hut,
2940 4976 3330 5048 προσκλήσεως

2041 5047 2150 5120 (ιδ)
2193 5049 2362 5115 ’Ἱσην
2401 5047 2746 5120 διάκαμιέηιν.
2789 5047 3069 5120 «Aiqualis
3097 5049 3335 5120 inllcgtio,
3363 5065 3382 5098 ι
3423 5064 3541 5110 seu,

1976 5140 1994 5171 ι
2053 5117 2355 5187 Septenaria
2435 5117 2753 5172 incurvatio.
2793 5137 2812 5169 ι
2892 5118 3006 5172 Non
3071 5120 3144 5171 ait
3217 5117 3536 5186 Scriptura,

1968 5191 2034 5244 ιν
2062 5190 2188 5258 lteg.
2221 5204 2293 5252 tv,
2323 5188 2411 5249 55,
2442 5190 2672 5242 Eliseum
2709 5204 2766 5243 se
2795 5191 2992 5255 St‘pties
3046 5189 3353 5242 incurvasse
3383 5205 3543 5257 super

1969 5275 2227 5328 puerum,
2277 5261 2369 5313 sed
2409 5259 2481 5312 ait
2541 5269 2746 5312 tantum
2777 5299 2791 5320 ,
2847 5278 2864 5308 ι
2891 5273 3110 5329 puerum
3149 5259 3345 5328 septies
3397 5260 3542 5313 osci—

1971 5345 2173 5472 las(sle'i)’
2192 5398 2637 5468 Σουναμίτιδος.
2679 5398 2918 5465 Quatuor
2952 5398 3143 5467 Regg.,
3169 5408 3302 5464 etc.,
3333 5397 3543 5466 Σουμα-

1968 5471 2660 5610 νίυίιιδὲῖοΖωπινρίσασαν.
2693 5537 2896 5594 Novem
2946 5540 3122 5610 Coll)”
3158 5537 3324 5610 Coisl.
3356 5540 3409 5598 ι.
3447 5538 3541 5592 0r.

1973 5613 2021 5680 1,
2048 5622 2176 5678 etc.,
2205 5609 2629 5681 ζωπυρήσασαν.
2662 5611 2717 5664 Ιιι
2747 5611 3032 5681 nonnullis,
3064 5609 3470 5681 ξωπυρίσαντα.

2042 5681 2151 5752 (19)
2197 5681 2551 5752 Τελεωτέρῳ.
2585 5682 2752 5750 Roga.
2785 5682 2871 5734 blll
2899 5694 2953 5734 et
2981 5680 3073 5750 ph,
3097 5680 3433 5752 τελειοτέρῳ.

2041 5749 2152 5824 (‘20)
2192 5751 2300 5806 Καὶ
2352 5752 2527 5824 ἑπτά,
2567 5749 2862 5824 διυίιιυεε.
2917 5749 3036 5818 bu},
3071 5751 3139 5822 ph
3165 5792 3178 5817 ,
3229 5749 3402 5817 Passa,
3441 5749 3544 5804 Sa-

1968 5822 2085 5892 vil;,
2110 5832 2212 5879 etc.
2249 5825 2406 5880 Deest
2435 5822 2528 5877 καί
2561 5825 2614 5879 in
2647 5822 2774 5878 edit.
