4050 6298
446 348 550 400 ξῦδ
1127 338 1138 348 ’
1651 355 1709 409 S.
1751 352 2082 410 GREGORII
2122 352 2473 429 THEOLOGI

3595 347 3704 404 456

453 471 693 526 turitatis
736 471 993 542 reliqum,
1033 471 1140 526 illic
1181 473 1396 541 quidem
1448 474 1724 529 duodecnn
1774 478 2011 545 coptnni,

2132 473 2396 546 ιύδέτερον
2439 473 2670 541 αλόγως,
2712 463 2902 544 ὀιμαι,
2961 473 3080 526 οὐδὲ
3137 470 3370 537 ἀναξίως
3400 477 3492 523 τοῦ
3529 467 3690 524 Ilvati-

449 560 540 618 hie
585 571 762 617 autem
787 573 994 632 septem
1025 575 1220 632 sporta:
1251 582 1264 617 :
1296 575 1570 628 neutrum,
1603 567 1814 636 opinor,
1858 577 2024 623 teme-

448 669 529 719 re,
561 669 658 709 nec
686 653 860 716 aliter,
883 669 1044 721 quam
1069 654 1270 725 Spiritu
1289 655 1508 726 dignum
1529 667 1668 710 erat.
1693 657 1831 724 Quin
1856 673 1950 727 per
1974 667 2025 713 te

448 762 663 815 quoque
694 746 808 813 ipse
829 744 1137 814 Scripturas
1160 747 1500 813 pervolvens,
1540 747 1736 803 multos
1770 765 2024 804 numeros

448 837 842 900 observaveris,
875 836 965 905 qui
995 835 1312 906 profundius
1352 839 1556 907 aliquid
1581 839 1829 904 habeant,
1860 858 2022 910 quam

447 931 590 997 quod
621 929 789 998 prima
821 928 996 983 fronte
1033 945 1142 998 pra:
1176 945 1233 984 se
1261 931 1462 986 ferunt.
1492 931 1646 999 Quod
1683 943 1858 987 autem
1891 950 2026 1004 pra:-

447 1022 585 1076 senti
618 1022 844 1091 tempori
887 1023 1382 1078 commodissimum
1409 1036 1513 1087 est,
1549 1024 1619 1079 ob
1645 1025 1742 1081 has
1773 1025 2022 1092 fortasse,

449 1117 532 1170 vel
562 1116 646 1170 his
662 1117 960 1184 proximas,
985 1118 1064 1170 vel
1086 1117 1248 1170 etiam
1282 1117 1622 1174 snblimiores
1650 1120 1934 1189 quasdam,
1962 1135 2027 1174 ac

451 1207 748 1262 diviniores
792 1207 1048 1273 rationes,
1082 1205 1431 1263 Pentecostes
1488 1211 1626 1263 diem
1675 1208 1886 1265 Hebrwi
1933 1227 2027 1266 eo-

445 1296 584 1356 lnnt,
615 1310 677 1349 ac
723 1309 820 1348 nos
865 1296 994 1348 item
1030 1295 1257 1351 colimus
1283 1314 1297 1363 ;
1327 1300 1774 1366 quemadmodum
1805 1312 1860 1355 et
1889 1318 2027 1355 non-

448 1384 626 1439 nullos
673 1385 813 1440 alios
842 1385 1138 1442 l-lcbraicos
1170 1389 1304 1443 ritus
1343 1389 1718 1457 observamus,
1750 1395 1840 1461 qui
1883 1394 2024 1458 apud

447 1479 568 1532 illos
600 1477 818 1548 quidem
870 1479 1047 1548 typice
1086 1479 1522 1547 celebrabantur,
1577 1497 1604 1536 a
1652 1483 1809 1538 nobis
1842 1494 2024 1537 autem

447 1570 680 1640 mystice
720 1580 1070 1640 peraguntur.
1121 1569 1255 1624 Cum
1307 1571 1420 1625 hzec
1448 1587 1476 1624 a
1514 1572 1668 1628 nobis
1704 1574 1771 1627 de
1819 1573 1906 1628 die
1945 1574 2026 1626 di-

447 1673 532 1716 cta
581 1663 710 1727 sint,
742 1664 809 1715 ad
850 1679 911 1716 ea
940 1678 1060 1731 quae
1085 1672 1390 1732 sequuntur
1421 1665 1846 1736 pregrediamur.

522 1755 682 1826 735
737 1755 803 1810 ν.
859 1753 1216 1811 Ροηιευοειειι
1269 1755 1628 1818 celebramus.
1684 1773 1746 1812 ac
1792 1758 2026 1828 Spiritus
2065 1791 2102 1828 _e

2131 586 2316 639 ματος.
2369 567 2480 622 Καὶ
2540 567 2604 619 σὺ
2655 565 2701 620 δ’
2727 565 2792 620 ἂν
2841 564 2986 619 κατὰ
3037 564 3233 619 σαυτὸν
3263 563 3703 633 ἀναλεγόμενος,

2127 657 2358 719 πολλοὺς
2409 658 2680 728 τηρήσαις
2735 654 3027 726 ἀριθμοὺς,
3083 653 3305 725 ἔχοντάς
3364 671 3419 706 τι
3450 652 3544 706 τοῦ
3587 670 3687 722 φαι

2127 750 2353 820 νομὲνου
2405 747 2721 820 βαθύτερον.
2776 749 2841 800 Ὃ
2884 747 2942 801 δὲ
2983 745 3062 817 τῷ
3116 747 3344 817 παρόντι
3371 744 3546 816 καιρῷ
3572 762 3679 816 χρη

2130 841 2455 912 σιμώτατον,
2503 841 2584 894 ὅτι
2625 839 2768 894 κατὰ
2826 839 3048 904 τούτους
3098 840 3230 904 ἴσως
3275 839 3400 902 τοὺς
3427 838 3639 906 λόγους,
3671 836 3710 889 ἢ

2127 935 2208 987 ὅτι
2262 934 2537 1003 ἐγγύτατα
2597 933 2706 1004 (21)
2765 933 2990 999 τούτων,
3035 933 3068 1004 ἢ
3136 933 3232 986 καὶ
3283 931 3585 1004 θειοτέρους
3626 947 3709 984 τι-

2128 1023 2244 1087 νὰς,
2291 1023 2492 1095 τιμῶσι
2528 1025 2626 1095 μὲν
2689 1023 2937 1096 Ἑϐραῖοι
2993 1023 3094 1094 τὴν
3149 1021 3525 1093 Πεντηκοστὴν
3580 1021 3691 1092 ἡμὲ

2133 1134 2250 1188 ραν,
2293 1117 2540 1188 τιμῶμεν
2581 1117 2638 1170 δὲ
2695 1115 2789 1168 κα)¹
2845 1117 3025 1185 ἡμεῖς·
3083 1115 3270 1185 ὥσπερ
3319 1114 3433 1166 ἐστὶ
3461 1113 3553 1168 καὶ
3571 1113 3712 1167 ἄλλα

2127 1209 2248 1262 τινὰ
2300 1209 2412 1279 (22)
2446 1207 2552 1261 τῶν
2599 1207 2922 1279 Ἑϐραϊκῶν,
2973 1205 3222 1270 τυπικῶς
3272 1206 3370 1277 μὲν
3419 1207 3545 1278 παρ’
3571 1205 3712 1259 ἐκεί·

2130 1321 2241 1366 νοις
2280 1303 2388 1372 (25)
2431 1303 2752 1372 τελούμενα,
2839 1300 3118 1371 μυστικῶς
3155 1299 3212 1352 δὲ
3275 1303 3404 1372 ἡμῖν
3462 1300 3711 1356 ἀποκαθ-

2133 1397 2417 1466 ιστάμενα.
2444 1388 2690 1448 Τοσαῦτα
2717 1393 2844 1465 περὶ
2899 1393 2998 1460 τῆς
3044 1393 3254 1464 ἡμέρας
3294 1392 3714 1465 προδιαλεχθέν-

2129 1503 2238 1550 τες,
2272 1487 2365 1539 ἐπὶ
2400 1485 2460 1539 τὸ
2491 1486 2615 1556 ἑξῆς
2640 1485 2734 1539 τοῦ
2758 1485 2920 1554 λόγου
2945 1486 3247 1556 προΐωμεν.

2211 1760 2286 1812 Ε’.
2325 1761 2704 1832 Πεντηκοστὴν
2739 1763 3087 1834 ἑορτάζομεν,
3126 1765 3216 1818 καὶ
3242 1763 3557 1837 Πνεύματος
3585 1766 3714 1820 ἐπι-

449 1851 762 1913 adventnm,
795 1859 848 1903 ct
871 1849 1229 1916 prmstitutum
1264 1849 1640 1918 pollicitationi
1670 1826 2025 1920 exsequenda?

2132 1851 2326 1923 δημίαν
2369 1826 2502 1923 (24),
2534 1854 2627 1906 καὶ
2661 1826 2996 1927 προθεσμίαν
3041 1826 3510 1927 ἐπαγγελίαςξκαὶ
3536 1826 3718 1915 ⁷ἐλπί-

450 1947 614 2010 diem,
646 1944 870 2012 speique
904 1942 1296 2013 impletionem.
1349 1942 1450 2006 Ac,
1482 1943 1622 1998 bone
1657 1944 1820 2010 Dens,
1853 1959 2026 2015 quan-

452 2049 561 2088 tmn
607 2048 690 2090 est
738 2033 840 2090 hoc
885 2034 1234 2104 mysterium!
1271 2034 1441 2102 Quam
1479 2052 1727 2106 magnum
1776 2047 1832 2091 et
1860 2053 2026 2093 vene-

450 2127 710 2181 randum!
771 2126 1045 2196 Corporea
1089 2120 1304 2181 Christi
1353 2127 1514 2181 finem
1580 2127 1802 2194 habent,
1833 2130 1940 2194 vel,
1970 2140 2029 2184 ut

450 2220 648 2273 rectius
682 2219 876 2281 dicam.
919 2235 1004 2286 ea,
1041 2233 1161 2288 quae
1185 2219 1250 2273 ad
1282 2234 1603 2289 corporeum
1630 2220 1798 2288 ipsius
1828 2223 2028 2275 adven-

448 2320 562 2363 tum
613 2309 970 2378 spectabant;
1003 2324 1198 2364 vereor
1240 2311 1383 2364 enim
1411 2311 1595 2366 dicere
1630 2327 1716 2366 res
1747 2313 1811 2366 ad
1833 2329 2027 2383 corpus

452 2402 806 2468 pertinentes,
841 2401 1019 2472 quoad
1049 2401 1178 2456 mihi
1229 2401 1513 2472 cujusdam
1545 2403 1718 2458 oratio
1747 2418 2028 2473 persuase-

451 2498 542 2557 rit,
598 2495 911 2564 prmclarius
973 2509 1095 2549 esse
1147 2511 1346 2564 corpus
1403 2495 1738 2562 deposuisse.
1791 2497 2028 2565 Spiritus

451 2600 632 2640 antem
691 2590 934 2643 actiones
981 2588 1190 2642 initium
1222 2599 1460 2642 sumunt.
1487 2589 1739 2655 Quaenam
1772 2605 1934 2657 porro
1963 2607 2025 2644 ea

451 2691 632 2744 erant,
659 2697 779 2750 qua:
823 2681 888 2734 ad
915 2680 1188 2737 Christum
1221 2681 1582 2744 spectabant?
1609 2681 1793 2753 Virgo,
1825 2684 2028 2738 nativi-

454 2786 561 2837 tas,
611 2789 870 2844 praesepe,
927 2776 1271 2842 incunabula,
1325 2777 1500 2847 angeli
1545 2777 1780 2832 divinant
1805 2779 2024 2848 gloriam

453 2865 836 2932 przcdicantes,
889 2877 1135 2936 pastores
1187 2878 1566 2932 accurrentes,
1597 2869 1765 2924 stellae
1813 2884 2026 2934 cursus,

452 2957 731 3026 Magorum
767 2959 1034 3022 adoratio,
1066 2968 1120 3013 et
1165 2975 1452 3014 numerum
1483 2960 1708 3022 oblatio,
1745 2959 2026 3014 infantium

453 3053 629 3106 ca3des
656 3055 721 3106 ab
752 3050 964 3108 Herode
991 3060 1221 3122 patrata,
1249 3053 1363 3121 ipse
1395 3052 1446 3105 in
1467 3049 1761 3122 Egyptian
1796 3038 2024 3120 fugiens,

453 3162 517 3199 ex
551 3145 783 3216 Egypto
833 3146 1066 3203 rediens.
1119 3145 1499 3210 circumcisus,
1561 3145 1888 3214 baptizatus,
1940 3161 2029 3199 su-
2057 3182 2100 3238 ε

453 3253 678 3306 pernum
725 3237 1096 3292 testimonium
1141 3246 1489 3303 consecutus,
1542 3247 1802 3299 tentatus,
1837 3237 2030 3307 lapidi-

453 3333 556 3385 hns
587 3339 806 3399 propter
832 3344 928 3382 nos
957 3329 1258 3400 impetitus,
1288 3338 1471 3397 utpote
1503 3329 1698 3398 quibus
1723 3328 2030 3385 amictionis

454 3439 554 3492 pro
586 3422 691 3477 ﬁde
719 3437 782 3477 ac
811 3431 956 3476 recta
987 3421 1230 3476 doctrina
1263 3421 1556 3476 subeundae
1581 3421 1884 3490 exemplum
1916 3422 2030 3476 dari

453 3515 756 3585 oportebat,
811 3516 1072 3584 proditus,
1128 3514 1294 3569 clavis
1342 3511 1553 3577 affixus,
1617 3515 1878 3583 sepultus,
1911 3515 2034 3570 vita:

453 3609 758 3672 restitutus,
791 3608 1123 3674 ascendens;
1158 3622 1390 3677 quorum
1428 3621 1574 3661 nunc
1603 3609 1764 3661 etiam
1798 3608 2031 3676 plurima

455 3703 659 3772 patitur
689 3719 706 3757 :
734 3703 801 3756 ab
826 3702 1008 3770 impiis
1043 3701 1285 3770 quidem,
1314 3715 1396 3760 ea,
1423 3715 1542 3770 qua:
1569 3700 1913 3768 ignominiam
1944 3700 2034 3753 ha-

454 3794 609 3856 bent,
641 3807 739 3862 pro
787 3807 880 3846 sua
927 3805 1140 3860 quoque
1182 3790 1405 3844 lenitate
1458 3789 1720 3860 patienter
1775 3791 1968 3844 tolerat
2016 3809 2028 3843 :

456 3904 484 3938 a
542 3885 648 3954 piis
706 3893 884 3938 autem
942 3892 996 3936 et
1048 3883 1248 3937 Christi
1293 3897 1478 3936 amore
1504 3883 1765 3951 praeditis.
1799 3899 1884 3947 ea,
1915 3899 2034 3952 quae

455 3995 579 4034 cum
639 3979 845 4034 honore
898 3976 1184 4046 conjuncta
1241 3987 1388 4030 sunt.
1426 3976 1602 4044 Atque
1629 3986 1687 4030 ut
1725 3976 1828 4031 illis
1873 3976 2031 4042 iram,

457 4071 648 4125 eodem
709 4069 865 4122 modo
921 4067 1076 4121 nobis
1128 4081 1346 4136 quoque
1392 4066 1780 4136 benignitatem
1813 4065 2029 4132 differt;

459 4161 565 4216 hoc
598 4159 830 4216 fortasse
855 4159 1102 4223 consilio,
1136 4169 1193 4211 nt
1219 4170 1273 4214 et
1308 4158 1415 4212 illis
1441 4158 1774 4227 paenitentia:
1802 4161 2032 4228 spatium

457 4252 742 4317 concedat,
796 4261 852 4307 et
891 4251 1216 4306 desiderium
1280 4259 1524 4304 nostrum
1579 4252 1852 4320 exploret;
1909 4268 2032 4305 num

459 4347 672 4403 scilicet
723 4347 773 4400 in
801 4345 1203 4400 calamitatibus
1260 4353 1316 4399 et
1363 4343 1762 4399 certaminibus
1820 4345 2036 4414 pietatis

456 4457 618 4496 causa
655 4439 943 4508 susceptis,
972 4439 1170 4492 animis
1200 4437 1512 4506 frangentur
1541 4456 1555 4490 :
1581 4437 2033 4504 quemadmodum

2128 1943 2217 2007 δος
2265 1943 2676 2016 συμπλήρωσιν.
2708 1946 2820 2000 Καὶ
2849 1947 2911 2000 τό
2940 1954 3238 2021 μυστήριον
3273 1951 3428 2005 ὄσονί
3465 1951 3541 2015 ὡς
3567 1953 3724 2022 μέγα

2127 2051 2187 2088 τε
2211 2037 2305 2088 καὶ
2329 2036 2620 2107 σεϐάσμιον
2649 2037 2762 2108 (25)
2787 2039 2799 2091 ί
2829 2037 2911 2091 Τὰ
2949 2041 3046 2110 μὲν
3067 2040 3134 2113 δὴ
3160 2041 3270 2114 (26)
3297 2043 3581 2113 σωματικά
3613 2044 3724 2097 τοῦ-

2128 2128 2363 2200 Χριστοῦ
2401 2129 2574 2200 πέρας
2621 2128 2768 2200 ἕχει,
2807 2130 3008 2201 μᾶλλον
3053 2131 3110 2185 δὲ
3142 2131 3211 2185 τά
3258 2133 3359 2205 τῆς
3394 2134 3717 2204 σωματικῆς

2129 2219 2385 2291 ἐνδημίας
2415 2220 2564 2288 (27)·
2597 2219 2741 2275 ὀκνῶ
2767 2223 2874 2293 γὰρ
2900 2224 3074 2276 εἰπεῖν
3100 2223 3166 2277 τὰ
3195 2224 3289 2278 τοῦ
3323 2223 3591 2296 σώματος,
3607 2225 3728 2290 ἓως,

2130 2312 2196 2366 ἂν
2225 2312 2414 2384 μηδεὶς
2433 2312 2596 2386 πείθῃ
2620 2312 2731 2383 (28)
2763 2331 2828 2384 με
2856 2314 3032 2382 λόγος,
3056 2314 3138 2368 ὅτι
3169 2316 3383 2370 κάλλιον
3403 2317 3709 2391 ἀπεσκευά-

2131 2405 2253 2460 σθαι
2281 2405 2372 2460 τοῦ
2409 2405 2659 2477 σώματος
2689 2406 2820 2476 (29).
2884 2406 2966 2459 Τά
2993 2407 3050 2460 δὲ
3095 2405 3191 2460 τοῦ
3214 2408 3526 2480 Πνεύματος
3549 2411 3720 2482 ἀρχε-

2128 2517 2238 2552 ται.
2263 2498 2392 2552 Τίνα
2419 2499 2474 2552 δὲ
2503 2495 2570 2570 ἦν
2589 2498 2659 2552 τά
2687 2498 2780 2552 τοῦ
2813 2499 3050 2572 Χριστοῦ
3075 2517 3090 2566 ;
3117 2500 3410 2572 Παρθένος,
3440 2502 3718 2574 γέννησις,

2130 2593 2324 2661 φάτνη,
2353 2591 2756 2661 σπαργάνωσις,
2806 2590 3026 2660 ἄγγελοι
3074 2591 3404 2659 δοξάζοντες,
3451 2594 3719 2666 ποιμένες

2130 2682 2577 2754 προστρέχοντες,
2631 2681 2858 2753 ἀστέρος
2889 2681 2998 2752 (50)
3051 2682 3284 2754 δρόμος,
3326 2685 3516 2756 μάγων
3546 2703 3722 2757 προσ-

2131 2773 2356 2845 κύνησις
2388 2775 2483 2828 καὶ
2505 2774 2832 2845 δωροφορία,
2864 2771 3103 2844 Ἡρώδου
3130 2775 3466 2846 παιδοφονία,
3497 2775 3722 2847 φεύγων

2143 2869 2349 2941 Ἰησοῦς
2381 2871 2460 2934 είς
2487 2869 2786 2937 Αἴγυπτον,
2821 2869 3061 2923 ἐπανιὼν
3091 2869 3149 2936 ἐξ
3180 2869 3454 2938 Αἰγύπτου
3480 2911 3497 2937 ,
3548 2887 3720 2941 περι-

2129 2958 2478 3028 τεμνόμενος,
2521 2955 2951 3028 βαπτιζόμενος,
3009 2958 3453 3030 μαρτυρούμενος
3477 2958 3714 3024 ἄνωθεν,

2133 3051 2542 3122 πειραζόμενος,
2575 3048 2925 3122 λιθαζόμενος
2967 3052 3080 3122 (51)
3121 3052 3188 3107 δι’
3222 3055 3402 3124 ἡμᾶς,
3434 3050 3516 3117 οἷς
3545 3053 3726 3107 τύπον

2132 3143 2472 3214 ἐδειδοθῆναι
2505 3143 2605 3214 τῆς
2645 3143 2786 3214 ὑπὲρ
2812 3142 2906 3197 τοῦ
2933 3143 3094 3214 λόγου
3143 3146 3548 3211 κακοπαθείας,
3577 3163 3721 3218 προ-

2134 3237 2422 3307 διδόμενος,
2455 3235 2914 3307 προσηλούμενος,
2950 3235 3311 3309 ϐαπτόμενος,
3335 3239 3722 3310 ἀνιστάμενος,

2134 3330 2492 3402 ἀνερχόμενος
2519 3369 2533 3392 ,
2567 3321 2641 3381 ὧν
2668 3331 2763 3382 καὶ
2809 3328 2904 3383 νῦν
2948 3329 3147 3401 πάσχει
3189 3329 3361 3384 πολλά
3384 3346 3399 3362 ·
3441 3330 3589 3402 παρὰ
3614 3329 3722 3402 μὲν

2133 3423 2242 3476 τῶν
2273 3422 2656 3494 μισοχρίστων,
2690 3420 2757 3473 τὰ
2793 3420 2892 3490 τῆς
2923 3420 3150 3491 ἀτιμίας
3177 3421 3447 3493 καὶφέρει
3479 3421 3720 3494 (μακρό-

2136 3517 2306 3586 θυμος
2337 3514 2467 3584 γάρ)
2493 3531 2506 3545 ·
2543 3511 2693 3583 παρὰ
2719 3512 2775 3564 δὲ
2801 3511 2910 3564 τῶν
2945 3510 3326 3583 φιλοχρίστων,
3359 3511 3430 3565 τὰ
3457 3511 3556 3583 τῆς
3587 3513 3717 3566 ἐπι-

2134 3607 2339 3677 τιμίας.
2372 3605 2477 3659 Καὶ
2509 3602 2888 3668 ἀναϐάλλεται,
2924 3601 3112 3674 ὥσπερ
3143 3602 3374 3666 ἐκείνοις
3396 3601 3492 3674 τὴν
3525 3601 3720 3674 ὀργὴν,

2134 3699 2306 3762 οὕτως
2325 3699 2455 3769 ἡμῖν
2483 3697 2582 3768 τὴν
2603 3696 2948 3774 χρῃσξόὶᾘι
2967 3711 2980 3724 ·
3010 3697 3125 3759 τοῖς
3153 3696 3251 3765 μὲν
3277 3693 3406 3756 ἴσως
3429 3694 3722 3765 μετανοίας

2135 3791 2310 3854 διδοὺς
2343 3787 2554 3860 καιρὸν,
2585 3786 2742 3858 ἡμῶν
2773 3786 2830 3838 δὲ
2853 3785 3163 3856 δοκιμάζων
3207 3785 3299 3839 τὸν
3335 3784 3518 3850 πόθον,
3543 3787 3592 3838 εί
3639 3786 3724 3858 μὴ

2136 3877 2483 3949 ὲκκακοῦμεν
2515 3876 2628 3947 (52)
2659 3877 2716 3928 ὲν
2742 3877 2861 3938 ταῖς
2878 3874 3090 3946 θλίψεσι
3125 3876 3216 3929 καὶ
3246 3877 3358 3938 τοῖς
3389 3875 3531 3947 ὑπὲρ
3555 3877 3718 3929 εὐσε-

2137 3975 2287 4038 ϐείας
2306 3971 2511 4041 ἀγῶσιν
2539 3983 2554 3999 ⁶
2588 3968 2778 4039 ὥσπερ
2805 3966 2916 4038 (55)
2960 3967 3165 4022 ἄνωθεν
3220 3964 3370 4029 θείας
3405 3966 3724 4037 οἰκονομίας

2136 4066 2313 4134 λόγος,
2344 4063 2437 4116 κα).
2463 4059 2570 4114 τῶν
2600 4058 2903 4128 ἀνεφίκτων
2934 4058 3098 4112 αὐτοῦ
3128 4057 3431 4128 χριμάτων,
3457 4051 3538 4120 οἷς
3558 4057 3723 4112 εύθύ-

2136 4175 2218 4211 νει
2255 4155 2434 4224 σοφῶς
2455 4151 2526 4206 τὰ
2551 4152 2817 4224 ἡμέτερα.
2857 4150 2940 4203 Τὰ
2980 4150 3079 4222 μὲν
3105 4150 3167 4222 δὴ
3195 4149 3430 4222 Χριστοῦ
3459 4150 3714 4204 τοιαῦτα·

2137 4251 2230 4304 καὶ
2255 4248 2322 4302 τὰ
2351 4246 2477 4318 ἑξῆς
2515 4243 2757 4315 ὀψόμεθα
2784 4242 3118 4314 ἐνδοξότερα,
3149 4243 3242 4296 καὶ
3275 4241 3592 4313 ὀφθείημεν.
3631 4243 3721 4298 Τὰ

2137 4343 2193 4394 δὲ
2219 4339 2312 4394 τοῦ
2349 4337 2688 4407 ΙΙνεύματος,
2719 4334 2977 4407 παρέστω
3010 4352 3100 4405 μοι
3131 4334 3193 4388 τὸ
3229 4333 3473 4405 Πνεῦμα,
3508 4337 3602 4388 καὶ
3635 4335 3717 4388 δι-

2137 4434 2274 4488 δότω
2304 4431 2484 4500 λόγον,
2525 4430 2650 4482 ὅσον
2672 4429 2767 4482 καὶ
2813 4425 3074 4498 βούλομαι
3098 4442 3111 4454 ·
3152 4428 3200 4479 εἰ
3228 4425 3284 4479 δὲ
3336 4424 3411 4496 μὴ
3437 4425 3712 4492 τοσοῦτον,

454 4550 564 4604 1am
602 4533 730 4587 olim
783 4532 978 4586 divinae
1029 4527 1452 4598 dispensationis
1483 4535 1536 4580 et
1567 4528 2032 4596 impervestigabi-

2142 4527 2256 4582 ἀλλ’
2284 4525 2396 4586 (54)
2425 4525 2547 4586 ὅσος
2585 4539 2650 4591 γε
2696 4519 2774 4590 τῷ
2802 4518 2980 4591 καιρῷ
3027 4518 3360 4591 σύμμετρος.
3411 4518 3634 4585 Πάντως
3655 4519 3718 4575 δὲ

533 4648 647 4715 (21)
702 4646 1040 4715 Ἐττύτατᾳ.
1065 4641 1240 4715 _Coisl.
1261 4642 1299 4695 2
1327 4651 1383 4715 et_
1407 4640 1598 4715 savil.,
1625 4640 1928 4715 ἐγγυτάτω,

532 4708 645 4786 ('22)
697 4708 854 4786 Ἐἐτξὶ
903 4713 1001 4766 καὶ
1048 4712 1208 4786 dua
1255 4708 1407 4786 τινᾴ.
1443 4709 1767 4786 S_ic__plures
1819 4712 2033 4780 optima:

459 4779 599 4842 nota:
629 4779 783 4840 codd.
815 4783 871 4836 In
907 4787 1018 4839 ed..
1049 4782 1164 4835 ἐστί
1193 4798 1314 4834 τινα
1343 4779 1378 4834 ἃ
1408 4780 1498 4831 καὶ
1527 4779 1681 4832 ἄλλα.

533 4857 645 4927 (ξέ)
687 4856 830 4923 Hap‘
858 4853 1132 4927 ἐκείνοις,
1171 4871 1189 4903 ι
1218 4852 1374 4921 Apud
1410 4850 1528 4903 illos
1561 4851 1776 4927 quidem
1810 4851 2034 4927 figurate

463 4921 906 4986 celebrabantur;
945 4939 974 4975 a
1009 4925 1161 4976 nobis
1196 4933 1499 4994 autetn,_re
1557 4921 1777 4994 figurata
1826 4922 1875 4974 in
1923 4940 2038 4994 my-

464 5000 629 5055 sterio
675 4995 935 5055 exhibita,
967 5003 1315 5061 peraguntur.
1346 5009 1364 5042 ι
1401 4989 1492 5062 Sic
1547 4989 1658 5062 tres,
1705 4990 1893 5062 ltcgg.,
1943 4989 2037 5047 de—

465 5084 582 5121 rem
613 5065 791 5127 Colh.,
829 5059 1005 5126 Pass.,
1043 5059 1147 5117 etc.
1177 5063 1232 5116 In
1264 5062 1372 5126 ed.,
1409 5059 1518 5132 γὰρ
1548 5059 1808 5126 ἐκείνοιςξ
1833 5063 1951 5117 Btll.
1985 5065 2035 5116 in

466 5141 639 5204 prima
679 5137 808 5188 ecl.:
847 5153 863 5184 ι
895 5135 1046 5201 Apud
1095 5134 1212 5188 illos
1244 5133 1458 5202 quidem
1509 5133 1675 5198 lignra
1715 5142 1866 5187 lenus
1900 5134 2038 5187 cele-

468 5214 652 5261 bratos
680 5205 892 5274 (ritus),
927 5221 954 5255 a
995 5205 1148 5258 nobis
1190 5215 1368 5259 autem
1401 5204 1625 5272 mystice
1669 5205 1948 5258 restitutos
1985 5216 2038 5256 et

467 5271 754 5346 perfectus.
781 5295 798 5326 ι
845 5271 1099 5330 Nit-etas:
1139 5294 1157 5326 ι
1193 5279 1235 5329 Α
1289 5271 1465 5328 nobis
1495 5283 1674 5346 atttcnt
1724 5275 1949 5346 mystice
1986 5285 2039 5327 et

469 5344 601 5401 vero
653 5347 1005 5416 restituuntur
1053 5355 1106 5401 et
1165 5346 1537 5416 perﬁciuntur.
1572 5345 1702 5416 Quo
1738 5344 1789 5396 in
1843 5359 2038 5416 genere

469 5430 555 5471 est
597 5417 810 5472 illorum
857 5414 1196 5470 circumcisio
1235 5428 1290 5469 et
1334 5424 1522 5469 noster
1561 5414 1880 5480 baptismns,
1929 5414 2043 5466 illo-

473 5505 591 5540 rum
621 5487 849 5548 Pascha,
894 5501 1062 5556 agnus
1089 5487 1382 5552 sensibilis,
1423 5494 1478 5538 et
1524 5496 1768 5537 nostrum
1815 5482 2041 5548 Pascha,

469 5557 736 5612 Christus.
759 5577 775 5603 ι

544 5627 658 5696 (24)
705 5629 1068 5699 Ἑπιδῃμίαν.
1102 5629 1290 5684 Plures
1326 5627 1543 5696 optima:
1578 5636 1718 5680 notae
1757 5624 1936 5692 codd.,
1963 5627 2046 5678 ὲν-

470 5700 705 5770 δημίων
725 5719 742 5747 ⁴
783 5702 1012 5770 Spiritus
1039 5701 1417 5770 prtesentiant.‘
1439 5716 1456 5746 ι

544 5765 655 5837 (25)
690 5765 1054 5838 ΣεϐάσμιονῘ
1093 5769 1145 5822 In
1182 5767 1474 5838 nonnullis.
1513 5765 1831 5838 θαυμάσιον.

544 5831 651 5910 (215)
689 5843 761 5895 Τὰ
784 5831 899 5908 μέιῖ
947 5841 1042 5910 δι).
1101 5839 1187 5896 Sic
1233 5837 1366 5907 Reg.
1417 5839 1504 5908 ph.
1540 5831 1663 5906 Alii,
1703 5834 1768 5892 τὰ
1799 5836 1895 5907 μὲν
1933 5831 2042 5892 οῦν.

2142 4643 2302 4698 Deest
2333 4639 2395 4708 δή
2429 4638 2500 4710 ἰηλ
2519 4636 2612 4710 θύο-
2756 4703 2807 4710 Α,
3142 4705 3172 4710 ,,
3343 4704 3349 4710 .

2211 4711 2324 4782 (27)
2364 4700 2704 4782 r-‘Eranytac,
2753 4703 2846 4782 §ic
2881 4713 3108 4772 quatuor
3139 4704 3349 4774 nega...
3378 4700 3576 4773 0mm.
3603 4715 3712 4765 εἰς·

2137 4783 2196 4837 I‘n
2221 4776 2330 4842 ed..
2359 4776 2642 4847 ἐκδημίας,
2689 4793 2709 4826 ι
2739 4776 3102 4847 discessum.)

2213 4840 2329 4924 (9.8)
2365 4840 2570 4924 Πείϋῃ.
2617 4847 2728 4900 Duo
2764 4845 2938 4924 Colb.,
2971 4843 3170 4924 πείθει.
3207 4863 3226 4895 ι
3258 4843 3441 4910 Quoad
3469 4840 3599 4898 mihi
3627 4856 3718 4896 cu-

2130 4915 2362 4992 jnspiam
2397 4921 2569 4992 oratio
2595 4915 3459 4992 persuaseritLNunquam.autem
3496 4926 3718 4992 persua-

2137 4982 2301 5054 debit,
2334 5011 2352 5043 ι
2391 4990 2564 5059 inquit
2595 4982 2850 5059 'Nicetas.
2903 4984 3002 5039 llic
3047 4983 3354 5059 Gregorius
3392 4982 3709 5059 perstringit

2136 5053 2444 5132 Origenem,
2465 5053 2571 5129 'qui
2603 5057 2810 5132 animas
2829 5053 3576 5132 corporedetineridocebat,
3607 5066 3707 5106 nec

2138 5124 2335 5188 nisi'eo
2359 5124 2547 5182 exutas
2584 5127 2820 5181 nativam
2851 5126 3063 5193 assequi
3095 5124 3495 5193 perfectionem.

2207 5199 2476 5273 (2θ)ίῄΤοῦ
2501 5197 2794 5267 σώματος.
2841 5190 3203 5264 ΤνεεΒιιέιεη
3231 5194 3395 5250 Coisl.
3432 5194 3484 5259 Ι,
3541 5191 3634 5248 Or.
3661 5190 3713 5254 l,

2136 5269 2264 5332 etc}.
2291 5269 2368 5342 τῷ
2386 5269 2619 5342 σώματι.

2207 5342 2319 5415 (F30)
2341 5334 2654 5415 ’Ἄσὶέρφςο
2687 5336 2876 5415 SaviL-s
2905 5334 3168 5415 ἀστέρωϊε

2215 5402 2322 5484 (51)
2379 5402 2786 5480 Λιθαῖόιὶενος.
2819 5407 2909 5462 Sic
2936 5402 3090 5461 codd.
3131 5405 3305 5461 Prave
3334 5405 3388 5460 in
3427 5404 3537 5471 cd.,
3557 5402 3712 5456 λιπα-

2144 5485 2388 5555 ςόμενος.
3630 5543 3642 5554 ⁸

2215 5554 2328 5625 (52)
2405 5548 2829 5625 Ἑκκακοῦμςν.
2881 5547 2995 5625 _Sic
3060 5549 3238 5625 plures
3278 5545 3485 5625 _Reggﬂ
3549 5542 3712 5625 βοιεΙ.

2145 5616 2374 5691 1,Ῥιιι·.
2430 5621 2487 5676 In
2537 5616 2828 5682 nonnullis,
2879 5617 3224 5688 ὲκκακῶμεν.
3277 5616 3335 5671 in
3383 5616 3494 5682 ed..
3548 5616 3708 5668 ὲιιιιιι.Δ

2147 5694 2377 5770 μοῦμεν,
2401 5712 2420 5744 ι
2453 5692 2887 5747 snccumbamns.
2922 5709 2940 5740 ι

2214 5767 2327 5820 (⁸55)
2368 5765 2609 5820 Ὥσπερ.
2638 5759 2852 5820 Cemh..
2887 5761 3057 5820 ὅσπερ

2215 5778 2327 5821 t'o'bt
2370 5778 2609 5828 Ὠσπερ.
2638 5778 2852 5824 υυιιιιιη
2887 5778 3076 5830 οσπερ.

2215 5839 2328 5908 (δι)
2379 5835 2550 5896 Ἀλλ’.
2582 5831 2738 5886 Deest
2763 5831 2814 5886 in
2837 5831 3073 5902 quinque
3095 5827 3240 5900 Regg
3267 5870 3282 5895 ,
3300 5826 3392 5887 Or.
3421 5827 3444 5883 ί
3472 5837 3527 5884 ct
3549 5822 3708 5885 Savii.
