4050 6298
246 291 364 349 457
1300 301 1560 359 ORATIO
1598 302 1733 358 XLI.
1773 334 1841 345 -—

1986 302 2499 361 PENTECOSTEN.
3407 309 3512 367 438

247 409 532 481 παρέπαι
560 412 917 485 δεσποτικῶς,
952 417 1065 471 ἀλλ’
1090 418 1153 471 οὐ
1181 417 1463 483 δουλικῶς,
1498 418 1624 472 οὐδὲ·
1642 418 1847 489 ἀναμέ-

1955 420 2078 475 lium
2113 420 2283 489 ipsius
2304 420 2653 490 iudiciorum,
2686 421 2879 491 quibus
2904 436 2991 478 res
3006 432 3217 479 nostras
3236 427 3510 494 sapienter

252 517 349 555 νον
391 503 694 576 ἐπίταγμα,
721 507 797 571 ῶς
818 525 961 573 τινες
989 510 1212 565 οῖονται.
1240 511 1371 563 Πνεῖ
1399 510 1507 582 γὰρ
1523 504 1837 575 ὅπου’θέλει,

1955 511 2270 578 noderatur,
2328 520 2413 566 est
2487 512 2644 570 ratio.
2711 513 2886 583 Atque
2940 513 3241 581 hujusmodi
3295 519 3508 587 quidem

255 596 360 648 καὶ
392 597 478 667 ἐφ’
503 597 598 661 οὓς
623 599 737 671 (55)
767 600 1035 671 βούλεται,
1059 603 1155 656 καὶ
1193 603 1378 674 ἡνίκα,
1429 603 1523 658 καὶ
1553 605 1698 658 ὅσον.
1744 602 1844 657 Οὓ-

1955 612 2087 669 sunt,
2124 617 2243 672 quae
2301 604 2367 657 ad
2425 602 2698 658 Christum
2756 606 3064 674 pertinent;
3101 618 3157 662 et
3181 623 3299 677 quae
3326 621 3513 679 postea

246 701 368 750 τως
393 689 553 759 ἡμεῖς
579 690 679 743 καὶ
700 694 839 746 νοεῖν
867 694 961 747 καὶ
993 694 1171 765 λέγειν
1195 694 1543 766 ὲμπνεόμεθα
1577 696 1705 768 περὶ
1731 695 1842 767 (56)

1955 701 2254 762 sequentur,
2310 692 2672 762 splendidiora
2727 696 3140 762 conspiciemus,
3198 699 3514 769 utinamque

247 775 352 829 τοῦ
395 779 731 851 Πνεύματος.

1955 793 1996 839 et
2043 785 2144 855 ipsi
2188 784 2606 855 conspiciamur.
2655 787 2731 839 Ad
2769 788 3003 857 Spiritus
3040 800 3219 845 autem
3251 792 3509 862 mysteria

254 870 610 941 explicanda,
641 874 878 944 Spiritus
906 878 1024 949 ipse
1056 878 1187 934 mihi
1249 879 1409 943 adsit,
1446 887 1758 949 tantamque
1811 877 2021 931 dicendi
2066 876 2371 932 facultatem
2428 876 2647 939 tribuat,
2717 890 2972 945 quantam
3034 883 3189 950 cupio
3238 899 3251 933 :
3303 892 3397 937 aut
3460 883 3509 937 si

251 975 373 1016 non
410 972 634 1033 tantam,
666 976 723 1022 at
742 976 891 1025 certe
935 984 1057 1040 qua:
1088 970 1215 1026 huic
1252 969 1375 1026 festi
1409 970 1710 1027 celebritati
1735 976 1849 1039 “par
1893 969 1981 1023 sit.
2016 970 2094 1023 Ac
2143 966 2380 1038 profecto
2428 968 2886 1033 aderitheriliter,
2931 986 3036 1024 non
3078 972 3361 1037 serviliter,
3411 990 3510 1029 nec

248 1050 467 1120 jussum
495 1065 658 1128 atque
683 1059 989 1131 imperium,
1018 1071 1076 1117 ut
1105 1062 1426 1132 quibusdam
1460 1062 1702 1129 videtur,
1741 1073 2085 1132 exspectans.
2124 1059 2306 1130 Spirat
2335 1058 2479 1114 enim
2545 1058 2635 1112 ubi
2691 1060 2820 1125 vult,
2869 1070 2923 1115 et
2960 1075 3119 1130 super
3177 1078 3311 1132 quos
3378 1064 3513 1130 vult,

253 1154 313 1201 et
341 1145 587 1215 quando,
613 1158 668 1205 et
693 1160 977 1219 quantum.
1010 1151 1090 1207 Ex
1114 1154 1298 1210 divino
1328 1153 1485 1210 nobis
1528 1163 1610 1209 est
1637 1151 1839 1217 aﬂlatu,
1880 1162 1939 1207 ut
1968 1153 2048 1208 sic
2074 1154 2141 1206 de
2172 1150 2375 1221 Spiritu
2406 1151 2702 1207 sentiamus
2735 1160 2789 1207 et
2824 1152 3126 1221 loquamur.

334 1264 431 1329 (τ’.
466 1262 540 1315 Τὸ
572 1262 801 1335 Πνεῦμα
824 1266 884 1320 τὸ
914 1267 1067 1338 ἅγιον
1090 1270 1140 1322 οἱ
1177 1268 1276 1340 μὲν
1314 1270 1395 1333 εἰς
1455 1270 1664 1341 κτίσμα
1703 1285 1839 1321 κατ-

2014 1265 2177 1336 736
2201 1264 2288 1319 Vl.
2329 1264 2430 1331 Qui
2462 1263 2721 1334 Spiritum
2743 1274 2992 1320 sanctum
3022 1267 3072 1319 iu
3098 1281 3277 1321 rerum
3308 1278 3517 1322 creata-

256 1353 489 1421 ἀγοντες
521 1352 655 1424 (57),
684 1357 957 1428 ὑϐρισταὶ,
988 1362 1082 1412 καὶ
1106 1360 1278 1413 δοῦλοι
1308 1353 1488 1426 κακοὶ,
1540 1361 1632 1414 καὶ
1659 1360 1843 1413 κακῶν

1955 1375 2058 1413 rum
2104 1358 2347 1414 ordinem
2391 1356 2667 1427 dejiciunt,
2701 1358 3076 1414 contumeliosi
3123 1369 3248 1414 sunt
3277 1369 3331 1414 et
3376 1361 3502 1415 mali

258 1448 536 1499 κάκιστοι.
568 1447 781 1501 Δούλων
813 1450 922 1521 γὰρ
977 1450 1183 1517 κακῶν,
1241 1452 1455 1506 ἀθετεῖν
1505 1452 1843 1513 δεσποτείαν,

1955 1447 2104 1511 servi,
2139 1455 2299 1517 atque
2334 1446 2467 1502 adeo
2496 1447 2758 1502 malorum
2795 1449 3038 1518 pessimi.
3079 1448 3343 1504 Malorum
3372 1451 3515 1505 enim

259 1539 358 1590 καὶ
406 1538 807 1595 ἐπανίστασθαι
860 1545 1161 1615 κυριότητι,
1202 1546 1296 1598 καὶ
1349 1543 1635 1615 ὁμόδουλον
1675 1546 1848 1598 ποιεῖν

1955 1555 2222 1595 servorum
2283 1548 2386 1607 est,
2429 1540 2714 1609 imperium
2767 1541 3009 1611 rejicere,
3038 1550 3092 1597 et
3132 1542 3393 1597 adversus
3425 1542 3519 1597 do-

262 1633 478 1696 ἑαυτοῖς
512 1633 575 1686 τὸ
603 1633 907 1706 ἐλεύθερον.
934 1637 997 1690 Ol
1028 1638 1085 1690 δὲ
1137 1637 1269 1690 Θεὸν
1304 1636 1636 1709 νομίζοντες,
1673 1636 1844 1690 ἔνθεοι

1955 1631 2299 1686 minationem
2355 1633 2839 1701 insurgere,'atque
2866 1632 2941 1701 id,
2966 1635 3109 1703 quod
3158 1633 3387 1688 liberum
3412 1642 3514 1697 est,

264 1725 358 1777 καὶ
383 1726 630 1798 λαμπροὶ
662 1727 759 1799 τὴν
795 1727 1052 1784 διάνοιαν.
1089 1732 1151 1783 Οἱ
1178 1731 1234 1784 δὲ
1257 1732 1352 1785 καὶ
1382 1731 1757 1828 ὀνομάζοντες,
1794 1732 1843 1782 εἰ

1955 1723 1999 1776 in
2066 1724 2308 1778 eamdem
2391 1737 2574 1779 secum
2625 1723 2901 1781 servitutis
2961 1724 3192 1780 classem
3248 1726 3515 1796 redigere.

266 1817 363 1888 μὲν
392 1818 755 1890 εὐγνώμοσιν,
785 1820 1009 1893 ὑψηλοί·
1042 1825 1090 1877 εί
1117 1824 1173 1877 δὲ
1202 1814 1497 1889 ταπεινοῖς,
1522 1825 1620 1878 οὐκ
1639 1826 1842 1877 οἰκονο-

1955 1814 2054 1883 Qui
2079 1823 2259 1871 autem
2303 1815 2470 1871 Deum
2502 1831 2622 1871 eusu
2652 1825 2897 1883 censent,
2927 1816 3096 1872 divini
3144 1818 3389 1888 profecto
3419 1819 3517 1872 viri

266 1907 414 1978 μικοί
435 1924 452 1938 ·
482 1907 642 1979 πηλῷ
672 1910 1016 1982 μαργαρίτην
1047 1912 1410 1975 πιστεύοντες,
1450 1911 1544 1965 καὶ
1574 1911 1708 1980 ἀκοῇ
1742 1927 1839 1962 σα-

265 2000 367 2070 θρᾷ
382 1998 620 2072 βροντῆς
640 1996 790 2072 ἦχον,
816 2002 908 2055 καὶ
933 2002 1229 2074 ὀφθαλμοῖς
1246 2002 1651 2075 ἀσθενεστέροις
1671 2000 1839 2073 ἦλιον,

263 2090 355 2141 καὶ
380 2089 594 2161 τροφὴν
628 2090 856 2162 στερεὰν
886 2094 1001 2155 τοῖς
1020 2091 1099 2144 ἔτι
1128 2093 1269 2161 γάλα
1303 2092 1676 2163 ποτιζομένοις
1707 2090 1839 2160 (58)·

262 2179 377 2235 δέον
411 2182 558 2235 κατά
588 2182 783 2253 μικρὸν
805 2183 1064 2254 προάγειν
1088 2186 1199 2255 (59)
1226 2185 1423 2247 αὐτοὺς
1447 2187 1527 2247 είς
1558 2184 1618 2237 τὸ
1642 2183 1848 2254 ἐμπρο-

265 2271 410 2339 σθεν,
449 2273 547 2327 καὶ
580 2272 935 2345 προϐιῆἀζειν
972 2276 1086 2337 τοῖς
1119 2274 1470 2345 ὑψηλοτέροις
1498 2313 1512 2337 ,
1565 2275 1703 2342 φωτὶ
1731 2270 1848 2341 φῶς

265 2364 681 2437 χαριζομένους,
734 2366 829 2420 καὶ
880 2365 1105 2437 ἀληθείᾳ
1136 2365 1528 2437 προξενοῦντας
1554 2364 1809 2436 ἀλήθειαν
1829 2382 1842 2394 ·

264 2456 345 2512 διὸ
371 2457 469 2510 καὶ
499 2457 661 2527 ἡμεῖς
686 2456 779 2512 τὸν
802 2456 1129 2529 τελεώτερον
1144 2456 1283 2521 τέως
1314 2456 1425 2528 (40)
1445 2457 1674 2526 ἀφέντες
1693 2455 1848 2525 λόγον

268 2546 451 2615 (οὖς-τω
483 2548 597 2621 γὰρ
632 2548 878 2621 καιρὸς),
908 2548 1081 2613 οὕτως
1107 2550 1291 2613 αὐτοῖς
1318 2549 1691 2620 διαλεξόμεθα.

1948 1918 2091 1975 sunt,
2122 1922 2184 1963 ac
2207 1908 2487 1979 splendido
2524 1909 2705 1964 animo
2753 1908 2982 1977 praediti.
3031 1909 3132 1975 Qui
3172 1923 3300 1965 vero
3354 1909 3517 1965 etiam

1949 1999 2241 2069 appellant,
2286 2000 2333 2055 si
2389 1999 2605 2069 quidem
2658 2000 2798 2071 apud
2834 2001 2977 2057 viros
3004 2003 3222 2073 probos,
3257 2004 3531 2059 sublimes

1949 2098 2004 2146 et
2046 2090 2243 2146 excelsi
2276 2099 2433 2146 sunt:
2464 2091 2545 2146 sin
2580 2100 2758 2147 autem
2805 2093 2943 2161 apud
3003 2093 3242 2163 abjectos
3282 2104 3335 2149 et
3370 2094 3520 2149 humi

1944 2182 2277 2252 provolutos,
2308 2182 2451 2238 baud
2497 2183 2628 2238 satis
2659 2184 2949 2252 prudenter
2980 2194 3176 2255 agunt;
3215 2194 3398 2255 utpote
3426 2185 3519 2255 qui

1945 2272 2060 2329 luto
2086 2274 2458 2344 margaritam,
2488 2283 2541 2329 et
2578 2274 2853 2329 imbecilla:
2885 2274 3002 2327 auri
3034 2274 3253 2329 tonitrui
3303 2289 3518 2340 sonum,

1944 2373 1998 2419 et
2050 2365 2219 2421 solent
2273 2364 2505 2419 infirmis
2549 2364 2739 2428 oculis,
2766 2372 2821 2418 et
2864 2362 3004 2419 lacte
3042 2364 3218 2418 adhuc
3241 2362 3521 2417 utentibus

1945 2455 2174 2511 solidum
2221 2455 2398 2511 cibum
2436 2454 2823 2531 committant;
2863 2468 2987 2509 cum
3018 2469 3110 2509 eos
3159 2454 3414 2523 paulatim
3455 2453 3522 2507 ad

1946 2548 2201 2603 ulteriora
2233 2561 2573 2617 promovere,
2599 2557 2765 2617 atque
2790 2545 2856 2599 ad
2888 2545 3198 2601 sublimiora
3226 2547 3524 2615 provehere

267 2643 575 2706 conveniat,
603 2642 793 2697 lumini
833 2643 1012 2698 lumen
1047 2643 1337 2714 largiendo,
1370 2658 1433 2698 ac
1465 2642 1677 2697 veritati
1702 2641 1983 2696 veritatem
2011 2639 2368 2695 conciliando.
2428 2639 2693 2705 Quocirca
2755 2654 2853 2693 nos
2916 2654 3152 2709 quoque,
3214 2638 3522 2707 perfectiori

270 2734 486 2790 interim
516 2750 771 2793 sermone
806 2737 971 2793 misso
998 2735 1139 2792 facto
1168 2737 1425 2809 (nondum
1460 2738 1603 2793 enim
1634 2748 1844 2804 tempus
1885 2736 1934 2788 id
1991 2733 2271 2803 postulat),
2342 2733 2409 2789 ad
2468 2734 2613 2788 bunc
2665 2730 2880 2786 modum
2944 2746 3064 2786 cum
3104 2732 3233 2801 ipsis
3297 2733 3528 2787 dissere-

270 2843 409 2884 mus.

337 2942 411 3000 Z'.
440 2942 507 2997 El
539 2943 637 3014 μὲν
669 2943 788 2997 οὐδὲ
817 2944 1069 2999 ἀκτιστον
1090 2982 1104 3006 ,
1153 2938 1198 2997 ὦ
1256 2961 1420 3005 ουτοι,
1445 2944 1755 3014 ὁμολογεῖτε
1784 2942 1844 2995 τὸ

270 3034 497 3106 Πνεῦμα
525 3034 587 3087 τὸ
636 3035 808 3104 ἅγιον,
834 3034 954 3088 οὐδὲ
988 3036 1235 3106 ἄχρονον,
1267 3034 1360 3088 τοῦ
1395 3036 1637 3089 ἐναντίου
1679 3035 1844 3089 πνεύ-

2025 2934 2135 2988 νιι.
2173 2931 2228 2988 Si
2258 2932 2494 3001 quidem,
2524 2948 2556 2987 ο
2596 2932 2717 2998 viri,
2759 2946 2861 2986 nec
2909 2932 3230 2992 increatum,
3256 2944 3357 2984 nec
3391 2937 3525 2984 tem-»

1956 3026 2099 3094 poris
2128 3034 2403 3094 expertem
2461 3022 2719 3093 Spiritum
2776 3028 3020 3076 sanctum
3051 3019 3295 3082 creditis,
3326 3019 3521 3089 spiritu

276 3143 440 3196 ματος
470 3125 656 3195 σαφῶς
704 3127 737 3197 ὴ
785 3125 1035 3196 ἐνέργεια
1054 3142 1067 3155 ·
1096 3124 1212 3178 δότε
1251 3125 1358 3198 γὰρ
1387 3125 1465 3197 τῷ
1494 3126 1639 3199 ζήλῳ
1674 3144 1726 3180 τι
1756 3126 1851 3179 κα)¹

1956 3116 2271 3172 adversario
2315 3115 2455 3170 baud
2484 3114 2649 3170 dubie
2688 3111 2940 3169 aillamini
2970 3129 2984 3165 :
3026 3112 3223 3167 dabitis
3251 3109 3397 3165 enim
3433 3125 3527 3165 ve-

276 3218 695 3290 παρατολμῆσαι
721 3217 934 3289 μικρόν.
954 3216 1017 3269 Εἰ
1043 3215 1099 3269 δὲ
1120 3217 1371 3270 τοσοῦτον
1393 3216 1523 3285 γοῦν
1554 3216 1843 3285 ὑγιαίνετε,

273 3309 412 3364 ὥστε
440 3312 541 3382 τὴν
581 3310 847 3384 πρόδηλον
895 3308 1119 3381 φεύγειν
1151 3310 1405 3364 ἀσέϐειαν
1431 3350 1445 3375 ,
1482 3310 1574 3362 κα)¹
1605 3309 1702 3379 τῆς
1729 3308 1849 3361 δου-

272 3404 420 3467 λείας
448 3402 555 3468 ἔξω
583 3402 794 3456 τιθέναι
825 3402 886 3455 τὸ
916 3403 1010 3455 καὶ
1041 3403 1189 3474 ἡμᾶς
1242 3400 1349 3473 (41)
1401 3400 1586 3453 ποιοῦν
1638 3398 1849 3453 ἐλευθέ-

276 3513 421 3567 ρους,
440 3495 503 3547 τὸ
531 3494 658 3564 ἑξῆς
687 3494 842 3547 αὐτοὶ
875 3494 1171 3563 σκέψασθε,
1208 3494 1344 3565 μετά
1371 3493 1464 3547 τοῦ
1495 3491 1649 3562 ἁγίου
1677 3492 1847 3545 [Ινεύ-

276 3603 469 3659 ματος.
505 3585 600 3638 κει)⁹
630 3586 663 3655 ή
674 3583 809 3654 μῶν.
833 3584 1100 3655 Πείθομαι
1130 3585 1237 3656 γὰρ
1285 3585 1468 3648 ποσῶς
1500 3583 1691 3638 τούτου
1723 3603 1851 3655 μετ·-

274 3681 415 3749 έχειν
439 3678 607 3748 ὑμᾶς,
640 3677 733 3729 καὶ
753 3676 829 3740 ὡς
857 3677 1075 3740 οἰκείοις
1107 3677 1205 3748 ἤδη
1243 3677 1849 3749 συνδιασκέψομαιμΞ).

274 3774 345 3826 Ἦ
369 3773 489 3825 δότε
523 3788 611 3841 μοι
631 3769 693 3823 τὸ
724 3769 887 3840 μέσον
916 3769 1015 3839 τῆς
1042 3768 1286 3833 δουλείας
1318 3769 1449 3842 (45),
1486 3770 1580 3824 καὶ
1620 3770 1719 3841 τῆς
1770 3770 1855 3823 δε-

277 3867 556 3929 σποτείας,
593 3864 658 3918 ἵν’
695 3865 813 3916 ἐκεῖ
853 3862 930 3916 θῶ
976 3863 1073 3934 τὴν
1101 3862 1255 3927 ἀξίαν
1284 3864 1377 3917 τοῦ
1426 3864 1742 3935 Πνεύματος
1764 3882 1776 3895 ·
1819 3866 1852 3937 ἢ

277 3961 374 4032 τὴν
402 3958 650 4012 δουλείαν
680 3956 993 4027 φεύγοντες,
1023 3956 1123 4009 οὐκ
1152 3956 1366 4027 ἄδηλον,
1405 3957 1526 4010 ὅποι
1572 3956 1762 4024 τάξετε
1794 3957 1856 4010 τὸ

280 4053 612 4126 ζητούμενον
631 4050 763 4120 (44).
800 4048 964 4102 Ἀλλὰ
990 4050 1112 4112 ταῖς
1142 4048 1430 4113 συλλαϐαῖς
1454 4049 1852 4121 δυσχεραίνετε,

280 4147 372 4199 καὶ
412 4142 779 4215 προσπταίετε
811 4143 876 4211 τῇ
907 4142 1079 4211 φωνῇ,
1121 4141 1216 4193 καὶ
1256 4140 1401 4204 λίθος
1432 4143 1856 4213 προσκόμματος

281 4239 413 4310 ὑμῖν
444 4234 603 4289 τοῦτο
642 4234 868 4303 γίνεται,
910 4233 1006 4286 καὶ
1042 4232 1218 4303 πέτρα
1247 4231 1541 4287 σκανδάλου
1562 4276 1577 4299 ,
1617 4235 1739 4287 ἐπεὶ
1764 4236 1859 4288 καὶ

282 4326 521 4397 Χριστὸς
571 4324 730 4378 τισίν.
782 4322 1142 4392 Ἀνθρώπινον
1194 4322 1255 4376 τὸ
1311 4322 1502 4387 πάθος.
1558 4324 1859 4396 Συμδῶμεν

284 4417 537 4488 ἀλλήλοις
593 4412 996 4485 πνευματικῶς.
1033 4413 1073 4465 Γ
1076 4413 1326 4485 ενὼμεθα
1386 4414 1695 4486 φιλάδελφοι
1728 4417 1862 4487 μᾶλ-

284 4511 396 4573 λον,
431 4509 465 4579 ἢ
496 4506 761 4577 φίλαυτοι,
796 4506 927 4560 Δότε
948 4507 1055 4577 ¹τὴν
1083 4506 1311 4578 δύναμιν
1336 4508 1435 4579 τῆς
1470 4508 1741 4581 θεότητος,
1768 4511 1862 4563 καὶ

284 4600 531 4671 δώσομεν
558 4598 687 4669 ὑμῖν
726 4596 839 4669 (45)
864 4597 961 4668 τῆς
986 4598 1167 4669 φωνῆς
1193 4598 1291 4669 τὴν
1320 4598 1663 4672 συγχώρησιν
1681 4620 1692 4631 ·
1734 4604 1861 4673 ὁμο-

344 4740 390 4772 “
428 4739 531 4795 lsa.
560 4753 677 4805 vtu,
708 4737 775 4791 14
811 4735 1009 4805 ;Rom.
1054 4751 1129 4802 ix,
1172 4736 1261 4791 55.

419 4926 451 4961 ἱ)

361 4908 451 4976 (55
528 4908 653 4974 Ἐφ’
688 4908 813 4968 οῦς.
840 4908 971 4972 Reg.
1003 4908 1056 4955 d.
1081 4908 1147 4955 ad
1172 4914 1365 4966 [ποι-8.,
1396 4908 1480 4969 εφ’
1503 4908 1678 4962 οσους.

362 4908 477 5045 (56)
518 4975 681 5045 Περί.
735 4975 827 5028 Sic
860 4974 1100 5040 plerique
1134 4969 1385 5045 _melioris
1407 4978 1556 5045 notae
1595 4969 1772 5045 codd.‘
1807 4968 1861 5021 ln

295 5038 417 5103 Par.
443 5038 555 5106 ed..
586 5038 757 5117 παρά.
806 5062 824 5095 ι
863 5038 956 5098 Sic
981 5038 1101 5106 nos,
1130 5040 1331 5111 Spiritu
1368 5038 1556 5105 alllati,
1578 5050 1631 5094 et
1660 5040 1864 5110 cogita-

296 5133 415 5173 mus
445 5127 500 5171 et
523 5117 814 5184 loquimur.
858 5134 877 5166 ι

363 5189 477 5269 (3"!)
520 5179 913 5269 ιςάτιίγοντες.
938 5182 1021 5269 "In
1075 5180 1383 5269 nonnullisn
1420 5179 1865 5269 καταϐάλλοντες.

296 5251 523 5313 Ιιειόιῖιη
551 5251 828 5327 legebatur
860 5253 1104 5327 iuARegg.
1128 5253 1215 5307 bin
1241 5261 1295 5308 et
1333 5252 1425 5322 ph.
1459 5251 1566 5305 Sed
1602 5267 1763 5314 nunc,
1786 5252 1868 5303 al-

299 5342 411 5383 tera
435 5325 625 5392 manu,
643 5338 703 5379 ut
732 5328 783 5379 iu
813 5325 992 5378 editis.

528 4906 653 4974 Ἐφ’
688 4903 813 4968 οῦς.
840 4903 971 4972 Reg.
1003 4901 1056 4955 d.
1081 4900 1147 4955 ad
1172 4914 1365 4974 mat-3.,
1396 4898 1480 4969 ἐφ’
1503 4899 1678 4962 ὅσους.

366 5397 482 5468 (58)
510 5389 683 5451 Γάλα
718 5393 1137 5464 ποτιζομέγοις.
1163 5391 1221 5448 ln
1245 5391 1588 5462 quibusdam,
1618 5389 1876 5460 γαλακτι-

296 5466 823 5609 ζοῗέὄῗιῖῖροάγειν.
862 5534 953 5592 Sic
994 5548 1188 5605 magno
1221 5546 1488 5589 consensu
1533 5530 1766 5588 codices.
1819 5531 1874 5585 In

300 5607 414 5667 ed..
437 5607 754 5679 προσάγειν.

373 5672 498 5807 (10)
520 5672 880 5745 Τελὲὼτρρον
910 5674 1074 5742 τέως.
1103 5673 1196 5730 Sic
1248 5674 1488 5755 quinque
1530 5672 1723 5746 11033.,
1783 5685 1877 5731 sex

300 5748 381 5808 Co
401 5747 589 5819 b.,0r.
624 5750 649 5805 1
684 5759 739 5805 et
762 5749 912 5805 Pass.
943 5748 1102 5805 Deest
1131 5745 1267 5810 τέως
1300 5760 1355 5803 tn
1384 5746 1512 5802 edit.

1954 3210 2123 3273 niam,
2155 3208 2200 3263 si
2233 3207 2349 3263 zelo
2380 3213 2705 3272 commotus,
2737 3205 2981 3275 asperius
3026 3203 3243 3272 aliquod
3295 3202 3524 3258 verbum

1954 3316 2215 3372 extulero.
2246 3315 2397 3383 Quod
2427 3317 2471 3372 si
2504 3310 2764 3371 hactenus
2798 3313 2992 3369 saltem
3022 3323 3167 3367 recte
3196 3314 3432 3380 sentitis,
3463 3327 3528 3366 ac

1958 3408 2101 3467 belle
2153 3410 2367 3473 valetis,
2403 3417 2462 3462 ut
2515 3405 2857 3461 manifestam
2906 3406 3236 3475 impietatem
3284 3403 3525 3473 fugiatis,

1957 3511 2119 3571 atque
2148 3515 2294 3566 eum,
2336 3500 2428 3570 qui
2464 3513 2563 3553 nos
2585 3512 2801 3569 quoque
2841 3498 3042 3553 liberos
3064 3494 3243 3563 efﬁcit,
3277 3511 3304 3549 a
3339 3494 3522 3549 servili

1957 3596 2147 3651 ordine
2200 3595 2477 3661 eximatis,
2511 3592 2660 3663 quod
2703 3592 2969 3662 sequitur,
3000 3606 3107 3643 una
3138 3604 3259 3644 cum
3316 3586 3524 3657 Spiritu

1957 3697 2149 3744 sancto
2179 3698 2244 3742 ac
2296 3686 2473 3750 nobis,
2502 3684 2806 3755 expendite.
2862 3680 2967 3738 Vos
2996 3681 3193 3751 quippe
3219 3682 3531 3749 quadamte-

1961 3796 2063 3837 nus
2118 3780 2288 3850 ipsius
2337 3780 2629 3849 participes
2675 3790 2797 3832 esse
2848 3774 3084 3839 confido,
3134 3787 3198 3827 ac
3242 3771 3355 3842 jam
3386 3770 3533 3825 velut

1961 3890 2084 3930 cum
2115 3874 2317 3931 nostris
2349 3872 2509 3928 simul
2561 3885 2675 3926 rem
2705 3867 3082 3923 considerabo.
3121 3866 3230 3919 Aut
3274 3862 3405 3917 mihi
3433 3861 3527 3915 ali.

1961 3965 2112 4035 quid,
2145 3964 2287 4034 quod
2343 3964 2482 4019 inter
2539 3962 2854 4018 servitutem
2882 3969 2939 4014 et
2987 3956 3408 4013 dominationem
3457 3955 3533 4007 in-

1965 4057 2245 4125 terjectum
2278 4055 2369 4123 sit,
2404 4056 2548 4120 date,
2576 4065 2634 4109 ut
2664 4053 2775 4109 illic
2806 4049 3045 4123 Spiritus
3071 4048 3397 4119 dignitatem
3426 4044 3533 4100 col-

1966 4152 2134 4204 locem
2188 4167 2202 4203 :
2258 4158 2371 4215 aut,
2401 4163 2524 4203 cum
2576 4144 2855 4202 servitutis
2902 4156 3097 4198 nomen
3148 4141 3389 4211 fugiatis,
3425 4155 3533 4195 non

1964 4242 2256 4295 obscurum
2304 4239 2427 4302 erit,
2462 4251 2568 4307 quo
2600 4236 2717 4291 loco
2741 4246 2903 4305 atque
2949 4232 3138 4287 ordine
3172 4231 3246 4295 id,
3278 4230 3418 4301 quod
3448 4244 3533 4283 ex.

1966 4333 2223 4401 quiritur,
2253 4330 2487 4401 ponetis.
2518 4332 2589 4384 At
2617 4327 2848 4399 syllabas
2876 4326 3101 4380 moleste
3148 4323 3325 4387 fertis,
3374 4331 3533 4393 atque

1968 4427 2034 4480 ad
2061 4440 2246 4479 vocem
2280 4421 2595 4492 impingitis,
2622 4419 2865 4487 lapisque
2906 4416 3220 4471 oifensionis
3274 4424 3330 4469 et
3383 4423 3532 4483 petra

1896 4550 1938 4604 υ
1968 4513 2205 4568 scandali
2255 4512 2355 4566 hoc
2405 4510 2556 4567 vobis
2607 4506 2844 4562 efﬁcitur
2873 4504 2940 4570 “,
2979 4518 3076 4557 nec
3130 4502 3348 4565 mirum,
3409 4516 3532 4555 cum

1968 4606 2216 4662 Christus
2244 4618 2459 4675 quoque
2480 4598 2752 4657 nonnullis
2774 4595 3027 4654 seandalo
3046 4594 3228 4649 fuerit.
3258 4593 3535 4647 llumauus

2037 4897 2148 4963 Hi}
2199 4895 2392 4967 Ἠμᾶς.
2423 4896 2515 4953 Sic
2554 4896 2786 4953 Nicetas.
2835 4895 2927 4952 Sic
2978 4896 3140 4952 etiam
3182 4895 3534 4967 legitBillius.

1962 4968 2020 5022 ln
2045 4970 2154 5023 ed..
2180 4970 2342 5023 ὑμᾶς.

1990 4984 2020 5022 n
2045 4984 2154 5033 eu.,
2180 4984 2342 5033 υμας.

2035 4987 2154 5108 δὲ)
2180 4987 2732 5108 ι,ἰῖῖξίλσίίςδιασνκέυιζιιομαι.
2789 5037 2883 5093 Sic
2913 5036 3094 5108 Regg.
3128 5036 3240 5100 bm,
3286 5037 3376 5106 ph,
3439 5037 3538 5091 Sa-

1964 5106 2081 5171 \'il.,
2121 5106 2224 5164 etc.
2272 5108 2487 5176 Comb.,
2527 5106 3053 5179 συνδιασκεψόμεθαξ
3075 5106 3132 5162 In
3168 5108 3279 5173 ed.,
3325 5107 3536 5161 συνδια-

1969 5180 2274 5250 σκέψωμαι.

2041 5248 2290 5320 (ιὸγΤῆς
2315 5250 2614 5315 δουλείας.
2644 5251 2801 5320 Deest
2836 5248 2955 5320 τῆς,
3007 5248 3147 5304 sicut
3176 5256 3229 5303 et
3260 5262 3382 5303 mox
3414 5257 3540 5303 ante

1967 5318 2304 5384 δεσποτείας,
2332 5322 2385 5374 in
2436 5320 2675 5389 pluribus
2717 5318 2881 5389 θεας.

2041 5390 2153 5461 (41)
2204 5392 2368 5461 Ὅπερ-ι
2404 5388 2625 5461 Δτρὶξετε
2660 5390 2742 5461 ,τὸ
2791 5387 3164 5459 ζῆτούμενον.
3214 5387 3362 5449 Sav.,
3408 5387 3538 5461 ὅπη.

1975 5458 2144 5517 Deest
2156 5461 2216 5514 τό
2241 5462 2293 5513 iu
2320 5458 2486 5514 Coisl.
2513 5461 2564 5513 1.
2596 5478 2614 5511 ι
2645 5459 2793 5526 Quod
2823 5458 3097 5529 queritur,
3120 5476 3142 5510 ο
3166 5472 3355 5527 nempe
3378 5477 3395 5509 ι
3418 5458 3542 5525 Spi-

1973 5532 2129 5587 ritus.
2166 5549 2184 5581 »
2215 5532 2280 5583 de
2309 5543 2414 5598 quo
2442 5530 2667 5598 quaestio
2695 5539 2797 5584 est.

2042 5599 2154 5671 (45)
2206 5596 2483 5668 Δώοδομεὸ·
2521 5598 2684 5669 ὑμῖν,
2715 5609 2867 5671 οιρη(
2912 5597 3164 5671 [labimus
3202 5596 3352 5653 vobis
3393 5596 3540 5651 vocis

1973 5664 2220 5733 veniain;
2257 5664 2614 5740 nequaquam,
2647 5664 2755 5726 »ἰιι
2800 5668 2873 5723 ait
2912 5664 3149 5737 Nicetas,
3186 5685 3205 5720 ι
3242 5683 3358 5724 eam
3385 5684 3413 5723 a
3446 5682 3539 5722 vo-

1976 5741 2060 5799 bis
2084 5741 2381 5812 exigentes.
2430 5760 2450 5795 ο
