4050 6298
475 297 580 356 459

1673 299 1730 356 S.
1772 298 2100 357 GREGORII
2139 298 2486 356 THEOLOGI

3606 299 3726 356 uo

481 418 528 471 is
584 413 816 486 quidem
843 414 1090 475 allectus.
1132 415 1329 472 Verum
1378 417 1730 487 spiritualiter
1777 421 1916 476 inter
1950 437 2078 489 nosl

2179 422 2411 491 ογήσατε
2445 420 2544 491 τὴν
2578 417 2737 488 φύσιν
2766 416 2824 470 ὲν
2857 415 3048 480 ἄλλαις
3083 416 3284 486 φωναῖς
3305 455 3321 480 ,
3365 412 3451 482 αἶς
3481 419 3724 474 αἰδεῖσθε

481 509 620 563 hanc
666 509 1086 562 controversiam
1123 511 1484 577 transigamus
1519 529 1535 565 :
1569 513 1820 568 fraterna:
1871 515 2048 584 potius

481 600 767 656 charitatis
794 599 1051 664 studium,
1083 615 1241 668 quam
1287 603 1456 656 nostri
1485 617 1722 658 amorem
1764 621 1871 672 prae
1898 606 2050 661 nobis

483 692 746 746 feramus.
805 689 922 744 Vim
954 691 1254 746 divinitatis
1283 710 1345 749 ac
1395 697 1684 764 potentiam
1726 698 1878 751 nobis
1907 697 2048 764 date,

479 795 534 837 et
567 799 668 837 nos
692 783 924 838 vietssim
955 784 1250 840 divinitatis
1283 801 1462 841 vocem
1495 788 1648 843 vobis
1672 791 2049 845 cont-edemus.

483 874 742 927 Naturam
791 874 910 928 aliis
955 877 1196 941 vocibus,
1224 876 1417 944 quibus
1462 877 1578 947 plus
1607 879 1766 949 737
1799 879 2051 948 tribuitis,

485 966 879 1034 confiteamini;
929 983 992 1022 ac
1029 983 1145 1032 vos,
1183 979 1239 1022 ut
1275 971 1519 1025 inﬁrmos
1565 973 1894 1036 curabimus,
1922 988 2054 1026 non-

488 1056 628 1110 nulla
673 1057 822 1112 vobis
880 1068 1026 1129 grata
1067 1071 1121 1113 et
1172 1061 1408 1130 jucunda
1458 1061 1802 1118 suﬂ'urantes.
1842 1063 2053 1118 Etenim

489 1158 650 1220 turpe
669 1151 884 1219 quidem
913 1153 1039 1208 illud
1080 1164 1183 1219 est,
1221 1165 1395 1226 turpe,
1423 1156 1660 1226 inquam,
1679 1172 1742 1210 ac
1771 1160 2056 1225 perabsur-

491 1241 640 1306 dum,
671 1259 789 1296 cum
826 1245 1006 1298 animo
1050 1247 1295 1311 valeatis,
1329 1248 1472 1302 circa
1524 1248 1670 1302 vocis
1716 1263 1904 1302 sonum
1924 1247 2057 1318 jeju-

2150 511 2345 582 μᾶλλον
2373 510 2482 581 (46)
2507 524 2521 538 ⁶
2540 510 2634 563 καὶ
2665 507 2739 573 ὡς
2766 507 3010 572 ἀσθενεῖς
3027 509 3169 578 ὑμᾶς
3207 508 3559 580 ίατρεύσομεν
3581 511 3725 580 (ιτ)-

2148 604 2294 658 ἐστιν
2315 604 2351 659 ἃ.
2377 603 2600 657 καὶτῶν
2626 602 2764 674 πρὸς
2787 599 2978 672 ἡδονὴν
3004 599 3467 672 παρακλέψαντες.
3487 602 3734 674 Ala-xpr

2153 697 2249 767 μὲν
2294 696 2424 767 γὰρ,
2460 693 2703 765 αἰσχρὸν,
2756 691 2849 746 καὶ
2887 691 3085 755 ἱκανῶς
3117 690 3332 760 ἄλογον,
3380 692 3518 746 κατὰ
3541 691 3733 763 ψυχὴν

2151 787 2494 860 ἐρρωμένους
2523 785 2656 856 (48),
2691 783 3129 857 μικρολογεῖσθαι
3155 784 3282 855 περὶ
3305 783 3396 836 τὸν
3427 779 3578 854 ἦχον,
3628 783 3732 836 καὶ

2153 880 2414 951 κρύπτειν
2440 879 2528 933 τὸν
2559 877 2853 950 θησαυρὸν,
2879 876 3068 948 ὥσπερ
3105 876 3285 940 ἄλλοις
3308 876 3729 947 βασκαίνοντας,

2153 973 2293 1045 ἦμὴ
2343 972 2453 1041 (49)
2505 973 2597 1025 καὶ
2634 971 2731 1042 τὴν
2766 971 3016 1040 γλῶσσαν
3067 969 3333 1041 ἁγιὰσητε
3388 969 3732 1033 δεδοικότας·

2154 1067 2362 1136 αἴσχιον
2393 1066 2448 1119 δὲ
2476 1066 2609 1138 ἡμῖν
2657 1065 2686 1116 ὃ
2738 1062 3074 1134 ἐγκαλοῦμεν
3097 1061 3309 1125 παθεῖν,
3351 1061 3445 1114 καὶ
3479 1059 3738 1132 μικρολο-

2155 1159 2280 1229 γίαν
2310 1156 2813 1227 καταγινώσκοντας
2833 1195 2850 1220 ,
2895 1156 3090 1217 αὐτοὺς
3125 1151 3565 1226 μικρολογεῖσθαι
3598 1150 3742 1222 περὶ

2154 1249 2225 1303 τὰ
2248 1251 2570 1323 γράμματα.

495 1343 594 1382 nos
627 1340 680 1384 et
720 1331 956 1387 minutos
1031 1349 1126 1388 vos
1182 1335 1438 1403 praebere,
1493 1350 1556 1389 ac
1597 1334 1910 1390 thesaurum
1950 1338 2243 1404 occultare,
2281 1340 2435 1408 quasi
2475 1339 2595 1394 aliis
2633 1354 2756 1393 eum
2810 1337 3130 1401 invidentes,
3167 1345 3259 1390 aut
3309 1345 3632 1399 metuentes,
3669 1348 3744 1390 ne

495 1419 731 1490 linguam
769 1439 984 1494 quoque
1037 1436 1269 1480 vestram
1313 1426 1696 1492 sanctiﬁcetis;
1735 1429 1941 1498 turpius
1966 1440 2143 1484 autem
2195 1431 2348 1486 nobis
2370 1439 2472 1496 est,
2532 1430 2719 1486 eodem
2785 1429 2916 1484 vitio
2985 1429 3176 1492 teneri,
3212 1429 3350 1498 quod
3399 1427 3550 1484 vobis
3595 1428 3745 1498 obji-

494 1513 684 1578 cintus,
729 1523 908 1585 atque,
960 1533 1080 1572 cum
1108 1528 1339 1574 vestram
1383 1520 1451 1574 de
1481 1519 1701 1574 minutis
1743 1520 1906 1575 rebus
1937 1523 2338 1580 contentionem
2385 1526 2723 1589 damnemus,
2792 1523 2995 1576 minute
3046 1521 3207 1575 etiam
3246 1522 3312 1574 de
3369 1519 3565 1575 litteris
3625 1519 3748 1576 dis-

495 1617 617 1674 puta
627 1621 702 1661 re.

569 1697 700 1754 VIII.
727 1699 1070 1769 Trinitatem,
1093 1719 1126 1758 ο
1151 1706 1270 1770 viri,
1289 1705 1448 1759 unius
1476 1705 1701 1764 Deitatis
1736 1724 1856 1765 esse
1893 1709 2065 1764 fatea-

2240 1709 2323 1762 H'.
2357 1708 2503 1771 Μιᾶς
2530 1705 2815 1776 Θεότητος,
2846 1695 3066 1764 ὦοῖιτοι,
3098 1702 3196 1774 τὴν
3229 1701 3435 1773 Τριάδα
3474 1703 3748 1776 ὁμολογή-

497 1791 650 1857 minl,
712 1803 826 1858 aut,
873 1795 917 1849 si
963 1797 1136 1867 magis
1182 1797 1375 1868 placet,
1410 1799 1570 1855 unius
1616 1811 1852 1870 naturae;
1905 1812 2066 1872 atque

499 1885 640 1941 hanc
681 1901 889 1954 vocem,
936 1889 1098 1955 Deus,
1149 1905 1179 1944 a
1223 1888 1425 1961 Spirilu
1471 1895 1622 1950 vobis
1653 1896 2063 1966 postulabimus.

501 1975 656 2034 Dabit
675 1983 816 2034 enim
841 1981 1084 2051 profecto
1114 1986 1431 2052 secundum,
1488 1989 1576 2057 qui
1629 1989 1859 2058 primum
1899 1991 2064 2056 dedit,

500 2069 658 2140 idque
686 2073 1042 2143 potissimum,
1079 2079 1125 2133 si
1159 2076 1210 2132 id
1255 2078 1320 2133 de
1365 2093 1471 2149 quo
1497 2090 1788 2148 pugnatur,
1823 2081 2070 2151 spiritua-

503 2163 567 2218 lis
609 2167 850 2234 quaedam
901 2168 1158 2224 timiditas
1214 2169 1396 2239 fuerit,
1434 2187 1540 2226 non
1595 2182 1774 2228 autem
1805 2167 2074 2231 diabolica

502 2258 794 2312 contentio.
848 2260 1044 2328 Atque,
1077 2271 1136 2316 ut
1175 2263 1414 2332 apertius
1437 2272 1491 2317 et
1522 2249 1959 2332 compendiosius
2001 2267 2073 2321 lo-

502 2363 656 2414 quar,
716 2350 796 2404 sic
827 2351 969 2405 inter
988 2367 1084 2406 nos
1134 2367 1374 2422 agamus,
1397 2364 1454 2408 ut
1477 2370 1574 2410 nec
1602 2370 1716 2419 vos,
1739 2357 2071 2412 sublimioris

503 2441 650 2496 vocis
676 2456 860 2503 causa,
885 2458 980 2497 nos
1003 2443 1056 2497 in
1087 2445 1293 2500 crimen
1323 2447 1525 2500 vocetis
1554 2455 1677 2514 (nec
1705 2449 1845 2501 enim
1867 2449 2070 2504 invidia

504 2546 556 2586 et
587 2533 1008 2602 reprehensione
1045 2536 1391 2605 premidebet
1425 2537 1728 2606 huiusmodi
1759 2541 2072 2611 ascensus);

506 2640 606 2680 nec
652 2641 751 2680 nos
812 2626 1047 2681 vicissim
1085 2643 1202 2682 eam
1232 2643 1439 2695 vocem,
1472 2631 1624 2698 cujus
1657 2632 1813 2685 modo
1851 2647 2076 2702 capaces

506 2717 659 2780 estis,
707 2716 860 2773 vobis
914 2717 1268 2786 objiciemus,
1322 2723 1556 2790 quandiu
1615 2724 1722 2777 alio
1773 2724 1965 2778 itinere
2008 2723 2076 2778 ad

510 2811 648 2863 idem
674 2809 961 2878 hospitium
998 2809 1264 2866 feremini.
1309 2810 1426 2866 Non
1446 2814 1589 2868 enim
1609 2815 1890 2868 victoriam
1915 2814 2079 2868 ambi-

511 2913 649 2964 mus,
668 2902 782 2964 sed,
809 2911 866 2954 ut
885 2902 1337 2972 Iratres,quorum
1363 2904 1726 2971 disjunctione
1749 2906 2076 2973 cruciamur,

509 2993 575 3045 ad
611 3008 708 3048 nos
750 2994 988 3058 redeant,
1023 2993 1347 3051 laboramus.
1388 2997 1565 3066 Atque
1593 2998 1707 3052 hate
1735 2999 1800 3052 ad
1819 3014 1912 3053 vos
1939 2999 2076 3053 dicta

510 3086 640 3152 sint,
669 3088 805 3154 apud
855 3102 990 3156 quos
1013 3087 1174 3142 vitale
1213 3064 1490 3158 quidpiam
1532 3091 1855 3159 reperimus,
1882 3091 2078 3162 quippe
2106 3064 2146 3120 ο

509 3179 752 3246 quisane
781 3187 941 3248 atque
974 3181 1180 3250 integre
1204 3181 1270 3234 de
1321 3179 1458 3235 Filio
1505 3180 1784 3248 sentiatis;
1828 3197 2076 3250 quorum,

512 3286 634 3324 cum
669 3273 834 3325 vitam
860 3272 1083 3327 miriﬁce
1116 3274 1424 3342 probemus,
1446 3274 1744 3328 doctrinam
1778 3283 1954 3328 tamen
1979 3290 2082 3328 non

513 3364 658 3418 omni
695 3380 761 3420 ex
807 3375 961 3434 parte
1008 3364 1316 3430 laudamus;
1371 3367 1460 3436 qui
1499 3382 1619 3422 cum
1675 3382 1760 3430 ea,
1811 3383 1930 3436 qua:
1961 3376 2086 3422 sunt

518 3457 771 3527 Spiritus,
819 3457 1084 3524 habeatis,
1137 3458 1398 3528 Spiritum
1446 3474 1662 3529 quoque
1705 3459 2087 3528 insuperassu-

518 3552 668 3616 mite,
704 3559 762 3605 ut
818 3566 922 3606 non
973 3550 1145 3606 solum
1195 3552 1440 3619 certetis,
1489 3553 1582 3606 sed
1621 3551 1783 3606 etiam
1821 3549 2082 3620 legitime,

509 3636 783 3698 cumhinc
810 3658 1024 3712 quoque
1073 3657 1290 3698 coronae
1342 3644 1508 3698 decus
1549 3653 1913 3713 comparetur.
1973 3643 2087 3697 Hoc

518 3735 671 3790 vobis
705 3749 912 3788 morum
943 3745 998 3788 et
1028 3735 1150 3789 vitae
1195 3735 1477 3803 praemium
1521 3735 1695 3795 detur,
1738 3744 1794 3787 ut
1825 3734 2085 3803 Spiritum

519 3826 676 3892 plene
709 3826 1053 3893 per-recteque
1083 3825 1478 3889 conﬁteamini,
1512 3839 1576 3880 ac
1621 3825 1921 3888 nobiscum,
1980 3829 2089 3878 imo

519 3916 683 3968 etiam
716 3922 840 3969 ante
883 3931 1003 3979 nos,
1059 3925 1316 3985 quantum
1347 3931 1559 3986 aequum
1605 3929 1706 3980 est,
1767 3917 2086 3986 praedicetis.

521 4010 697 4076 Atque
723 4009 886 4062 etiam
920 4009 1090 4074 majus
1121 4010 1372 4079 quiddam
1430 4018 1607 4064 vestra
1664 4025 1826 4064 causa
1883 4009 2088 4073 dicere,

524 4103 762 4172 illudque
793 4103 1029 4169 Apostoli
1083 4102 1326 4173 proloqui
1364 4119 1467 4157 non
1515 4103 1792 4158 dubitabo.
1821 4103 1968 4159 Adeo
1996 4117 2091 4159 vos

524 4197 820 4267 amplector
866 4207 1026 4267 atque
1059 4197 1374 4266 exosculor;
1423 4198 1557 4253 adeo
1593 4197 1909 4252 concinnam
1954 4195 2094 4250 hanc

525 4299 758 4344 vestram
780 4297 834 4344 et
859 4290 1206 4360 compositam
1245 4300 1446 4345 vestem
1483 4305 1758 4354 revereor,
1795 4299 1849 4343 et
1879 4297 2096 4344 contra-

525 4392 672 4436 ctum
704 4396 770 4436 ex
801 4385 1127 4438 continentia
1154 4384 1490 4449 colorem,~~et
1511 4398 1693 4438 sacros
1719 4384 1815 4436 hos
1829 4393 2020 4446 costus,
2040 4389 2093 4434 et

524 4476 884 4531 venerandam
921 4477 1286 4548 virginitatem
1313 4493 1374 4532 ac
1390 4477 1785 4548 purgationem,
1805 4483 1858 4527 et
1883 4483 2086 4538 noctes,

523 4583 661 4642 quas
690 4570 742 4624 in
760 4570 1086 4640 psalmorum
1109 4572 1362 4628 cautione
1383 4573 1656 4626 insomnes
1683 4567 2000 4636 transigitis,
2037 4575 2090 4621 et

594 4832 708 4904 (l6)
732 4827 848 4904 Alc;
875 4829 1134 4904 αἰδεῖσθε
1150 4825 1420 4904 μᾶλλον.
1462 4844 1478 4876 ι
1515 4825 1717 4890 Quibus
1751 4825 1866 4904 plus
1913 4823 2098 4904 tribui-

530 4895 629 4969 tis';
674 4895 700 4954 ι’
731 4902 780 4954 id
811 4895 914 4963 est,
958 4900 1128 4968 inquit
1150 4897 1384 4961 Nicctas,
1413 4914 1430 4946 ι
1461 4911 1595 4965 quas
1627 4898 1796 4965 magis
1820 4895 2096 4950 honoratis

529 4990 592 5029 ac
621 4971 972 5025 veneramiui.
1022 4987 1040 5018 ι

602 5043 713 5112 (I7)
763 5042 1186 5112 Ἰατρεύσομεν.
1222 5057 1238 5087 ι
1277 5035 1620 5112 curabimus,
1650 5053 1669 5088 ι
1699 5050 1846 5090 more
1871 5034 2103 5112 medico-

530 5107 672 5178 rum,
695 5104 792 5183 'qui
821 5104 1001 5183 dulcia
1043 5104 1311 5183 qua:qu
1337 5107 1629 5183 indulgent,
1664 5116 1722 5159 ut
1758 5106 1886 5183 aegri
1929 5104 2100 5183 medi-

530 5174 743 5239 camina
771 5174 1077 5245 admittant,
1098 5178 1348 5234 nonnulla
1374 5174 1534 5231 etiam
1564 5186 1714 5245 grata
1756 5174 1935 5230 furtim
1962 5174 2104 5229 elar-

530 5257 758 5307 eienles.

529 5297 915 5395 δ’(λξδψΚιῑτὰ
949 5321 1166 5395 ’ψυχὴν
1183 5318 1568 5395 ὲίρωμένους.
1597 5316 1748 5395 Βῑιιεε
1783 5335 1800 5368 ι
1834 5332 1953 5370 cum
1989 5320 2104 5395 aui-

534 5389 622 5448 ιιιο
655 5389 856 5463 optime
878 5389 1122 5463 valeatis.
1158 5411 1176 5442 ι
1210 5393 1332 5463 Non
1373 5400 1517 5463 certe
1544 5408 1562 5438 ι
1608 5389 1807 5458 optime
1847 5407 1864 5438 ι
1923 5389 2102 5442 animo

535 5461 785 5518 valebant
815 5478 947 5533 quos
975 5462 1264 5532 alloquitur
1296 5461 1604 5533 Gregorius.

629 5534 716 5604 49)
751 5527 975 5603 “II-mi.
1012 5527 1162 5596 Sav.,
1206 5533 1254 5584 ei
1295 5527 1577 5604 μή.’Μυιι,
1629 5527 1945 5592 δεδοικότος.
2006 5527 2098 5583 Sic

537 5550 1395 5669 alii?t.“p.{:f’.i?‘sa:.;t:2:

608 5679 718 5745 (50)
760 5677 866 5732 Kal
896 5674 1000 5744 μή.
1051 5667 1141 5729 Sic
1187 5675 1366 5744 plures
1412 5672 1579 5743 Regg.
1611 5681 1664 5728 et
1707 5669 1882 5736 Colb.,
1914 5668 2008 5726 Or.
2043 5667 2097 5734 Ι,

537 5757 640 5806 etc.
673 5746 725 5802 lu
754 5748 864 5810 ed.,
891 5746 1022 5800 ἀλλὰ
1064 5747 1158 5808 μή.

2171 1818 2320 1865 σατε,
2347 1801 2394 1853 εἰ
2425 1799 2481 1852 δὲ
2513 1796 2787 1868 βούλεσθε,
2843 1798 2972 1866 μιᾶς
3009 1793 3225 1864 φύσεως
3249 1811 3263 1826 ο
3313 1795 3404 1848 καὶ
3457 1794 3554 1866 τὴν
3597 1795 3750 1862 Θεὸς

2171 1893 2350 1964 φωνὴν
2394 1891 2538 1960 παρὰ
2568 1888 2660 1943 τοῦ
2690 1888 3007 1960 Πνεύματος
3037 1889 3163 1958 ὑμῖν
3208 1888 3525 1958 αἰτήσομεν.
3567 1885 3748 1939 Δώσει.

2169 1986 2300 2058 γὰρ,
2340 1980 2399 2038 εὖ
2433 1979 2568 2049 οἶδα,
2596 1983 2624 2034 ὁ
2651 1981 2712 2035 τὸ
2745 1982 2959 2054 πρῶτον
2984 1980 3125 2043 δοὺς,
3161 1979 3332 2032 καὶτὸ
3359 1978 3626 2052 δεύτερον,
3647 1979 3752 2032 καὶ

2175 2071 2424 2150 μάλιστα,
2459 2079 2508 2130 εί
2545 2074 2715 2130 δειλία
2747 2091 2829 2137 τις
2861 2073 2946 2144 εἴη
2997 2070 3360 2142 πνευματικὴ,
3393 2071 3486 2124 καὶ
3523 2069 3597 2142 μὴ
3629 2069 3750 2139 (50)

2171 2167 2420 2242 ἔνστασις
2447 2163 2746 2232 διαϐολικὴ,
2777 2163 2838 2216 τὸ
2870 2163 3194 2234 μαχόμενον.
3248 2162 3367 2214 Ἔτι
3413 2159 3754 2231 σαφέστερον

2173 2263 2310 2315 εἴπω
2333 2260 2426 2313 καὶ
2455 2256 2861 2329 συντομώτερον
2887 2274 2898 2286 ·
2927 2257 3079 2327 Μήτε
3102 2257 3258 2326 ὑμεῖς
3282 2253 3392 2325 (51)
3410 2255 3558 2326 ἡμᾶς
3588 2253 3756 2307 εὐθύ-

2173 2369 2300 2422 νητε
2324 2350 2422 2420 τῆς
2449 2347 2789 2420 ὑψηλοτέρας
2813 2347 2997 2418 φωνῆς
3033 2347 3262 2417 (φθόνος
3289 2346 3397 2417 γὰρ
3421 2345 3594 2408 οὐδεὶς
3615 2345 3758 2398 ἀνα-

2176 2445 2384 2507 ϐάσεως
2407 2443 2446 2512 ),
2481 2441 2604 2496 οὔτε
2635 2444 2796 2514 ἡμεῖς
2820 2443 2915 2514 τὴν
2941 2441 3167 2512 ἐφικτὴν
3203 2439 3340 2502 τέως
3368 2439 3497 2508 ὑμῖν
3524 2437 3759 2507 ἐγκαλέ-

2177 2554 2342 2607 σομεν
2373 2534 2508 2606 (52),
2542 2535 2646 2599 ἕως
2678 2535 2743 2589 ἂν
2779 2536 2873 2589 καὶ
2905 2534 2970 2587 δι’
3005 2533 3168 2603 ἄλλης
3195 2531 3317 2584 ὁδοῦ
3363 2530 3499 2601 πρὸς
3532 2531 3595 2584 τὸ
3618 2530 3760 2583 αὐτὸ

2178 2626 2413 2698 φέρησθε
2470 2625 2834 2694 καταγώγιον.
2897 2625 2972 2677 Οὐ
3035 2622 3144 2694 γὰρ
3188 2621 3406 2693 νικῆσαι
3458 2620 3756 2692 ζητοῦμεν,

2178 2721 2311 2775 ἀλλὰ
2336 2718 2661 2791 προσλαϐεῖν
2693 2717 2974 2786 ἀδελφοὺς,
3002 2711 3076 2770 ὧν
3106 2715 3183 2786 τῷ
3211 2714 3472 2786 χωρισμῷ
3506 2731 3762 2784 σπαρασ-

2183 2813 2409 2883 σόμεθα.
2438 2811 2622 2865 Ταῦτα
2662 2811 2812 2882 ὑμῖν,
2861 2810 2990 2881 παρ’
3020 2803 3100 2873 οἷς
3129 2827 3180 2861 τι
3230 2807 3323 2861 καὶ
3354 2807 3580 2872 ζωτικὸν
3605 2807 3766 2878 εὑρί-

2184 2923 2405 2976 σκομεν,
2432 2908 2545 2968 τοῖς
2575 2904 2704 2976 περί⁹
2731 2903 2822 2956 τὸν
2849 2903 2976 2956 Υίδν
3002 2900 3336 2971 ὑγιαίνουσιν
3362 2916 3375 2929 ·
3407 2893 3482 2952 ὧν
3509 2900 3596 2952 τὸν
3640 2898 3764 2969 βίον

2183 2996 2572 3070 θαυμάζοντες,
2613 2997 2710 3050 οὐκ
2739 2996 3065 3066 ἐπαινοῦμεν
3102 2995 3277 3065 πάντη
3302 2993 3414 3064 (55)
3437 2993 3526 3046 τὸν
3553 2992 3715 3061 λόγον
3745 3010 3761 3026 ι

2180 3091 2228 3141 οἱ
2259 3088 2325 3141 τὰ
2354 3087 2447 3142 τοῦ
2479 3087 2618 3142 Πνεύ
2630 3104 2797 3159 ματος
2825 3086 3058 3157 ἔχοντες,
3098 3087 3188 3138 καὶ
3219 3087 3280 3138 τὸ
3313 3083 3536 3154 Πνεῦμα
3588 3099 3765 3156 προσ-

2181 3181 2394 3246 λάῦετε,
2437 3181 2523 3234 ἵνα
2555 3181 2629 3252 μὴ
2660 3180 2856 3251 ἀθλῆτε
2896 3180 3074 3250 μόνον,
3099 3179 3232 3232 ἀλλὰ
3265 3178 3360 3232 καὶ
3393 3179 3658 3249 νομίμως,
3697 3175 3767 3243 ἐξ

2182 3271 2241 3330 οῦ
2268 3276 2360 3329 καὶ
2390 3277 2418 3328 ὁ
2443 3274 2725 3343 στέφανος.
2786 3268 2953 3337 Οὗτος
2981 3274 3108 3344 ὑμῖν
3145 3272 3322 3344 δοθείη
3358 3272 3455 3343 τῆς
3485 3272 3766 3337 πολιτείας

2187 3369 2397 3440 μισθὸς,
2425 3367 2757 3438 ὁμολογῆσαι
2781 3367 2841 3420 τὸ
2870 3365 3094 3438 Πνεῦμα
3130 3365 3371 3432 τελείως,
3401 3365 3492 3418 καὶ
3525 3364 3766 3436 κηρύξαι

2187 3465 2282 3518 σὺν
2316 3466 2448 3536 ἡμῖν
2476 3481 2533 3516 τε
2567 3464 2660 3516 καὶ
2694 3464 2798 3536 πρὸ
2829 3463 2986 3534 ἡμῶν
3015 3465 3138 3516 ὅσον
3169 3462 3336 3528 ἄξιον.
3365 3459 3561 3531 Τολμῶ
3590 3477 3642 3512 τι
3663 3459 3768 3511 καὶ

2189 3554 2370 3627 μεῖζον
2412 3553 2549 3628 ὑτέὲρ
2584 3555 2759 3627 ὑμῶν,
2791 3556 2850 3610 τὸ
2903 3556 2996 3610 τοῦ
3043 3556 3361 3610 Ἀποστόλου
3408 3554 3766 3626 φθέγξασθαι.

2187 3649 2230 3700 Τ
2233 3649 2449 3702 οσοῦτον
2484 3649 2636 3720 ὑμῶν
2672 3651 3018 3722 περιέχομαι,
3054 3651 3146 3704 καὶ
3179 3650 3430 3704 τοσοῦτον
3475 3648 3628 3720 ὑμῶν
3673 3650 3767 3702 αἱ-

2187 3739 2382 3811 δοῦμαι
2401 3742 2511 3813 (54)
2527 3741 2625 3813 τὴν
2642 3742 2909 3813 εὔκοσμον
2925 3743 3126 3812 ταύτην
3147 3743 3355 3814 στολὴν,
3375 3743 3471 3796 καὶ
3489 3741 3548 3794 τὸ
3570 3739 3772 3812 χρῶμα

2189 3831 2286 3902 τῆς
2310 3834 2650 3905 ἐγκρατείας.
2704 3836 2800 3890 καὶ
2825 3834 2896 3888 τὰ
2927 3837 3046 3908 ἱερὰ
3072 3835 3246 3890 ταῦτα
3270 3837 3614 3907 συστήματα,
3672 3834 3772 3886 καὶ

2191 3921 2288 3992 τὴν
2315 3924 2515 3996 σεμνὴν
2543 3926 2841 3998 παρθενίαν
2867 3929 2961 3980 καὶ
2991 3929 3276 4000 κάθαρσιν,
3319 3928 3414 3982 καὶ
3443 3928 3538 3998 τὴν
3567 3927 3774 3980 παννυ-

2193 4030 2288 4082 χον
2319 4013 2658 4087 ψαλμῳδίαν,
2702 4020 2794 4072 καὶ
2814 4019 2874 4072 τὸ
2907 4021 3264 4091 φιλόπτωχον,
3299 4022 3394 4074 κει.)⁸
3428 4019 3772 4090 φιλάδελφον,

2196 4105 2288 4157 καὶ
2327 4106 2620 4174 φιλόξενον.
2658 4109 2798 4163 ὥστε
2829 4112 2920 4164 καὶ
2943 4111 3190 4184 ἀνάθεμα
3212 4109 3348 4166 εἶναι
3381 4113 3488 4166 ἀπὸ
3509 4112 3772 4182 Χριστοῦ,

2195 4202 2291 4254 καὶ
2320 4197 2511 4253 παθεῖν
2563 4219 2636 4265 τι,
2672 4201 2747 4265 ὡς
2781 4202 3110 4273 κατάκριτος
3139 4243 3153 4267 ,
3202 4204 3429 4275 δέχομαι
3454 4222 3468 4236 ο
3517 4205 3674 4274 μόνον
3723 4206 3774 4257 εἰ

2200 4294 2420 4364 σταίητε
2451 4293 2568 4364 μεθ’
2613 4295 2764 4365 ἡμῶν
2789 4337 2804 4362 ,
2831 4296 2922 4348 καὶ
2969 4299 3118 4367 κοινῇ
3158 4295 3252 4367 τὴν
3288 4297 3492 4368 Τριάδα
3525 4296 3776 4360 δοξάσαι-

2125 4435 2168 4489 D
2202 4406 2318 4459 μεν.
2357 4389 2490 4459 Περὶ
2520 4387 2627 4460 γὰρ
2664 4388 2769 4442 τῶν
2802 4389 2976 4444 ἄλλων
3002 4431 3017 4453 ,
3072 4390 3124 4442 τί
3154 4392 3258 4460 χρὴ
3286 4391 3379 4443 καὶ
3425 4391 3536 4460 (55)
3571 4390 3774 4459 λέγειν,

2200 4480 2388 4550 σαφῶς
2416 4481 2752 4552 τεθνηκότων
2789 4482 2808 4551 (
2829 4481 2921 4546 οὒς
2947 4482 3180 4552 Χριστοῦ
3207 4483 3366 4552 μόνον
3391 4482 3505 4554 [56]
3541 4487 3774 4556 ἐγεῖραι,

2195 4571 2288 4624 τοῦ
2321 4571 2707 4637 ζωοποιοῦντος
2737 4575 2861 4638 τοὺς
2901 4575 3129 4646 νεκροὺς
3318 4577 3457 4630 κατὰ
3486 4575 3583 4647 τὴν
3609 4574 3776 4630 αὑτοῦ

2274 4821 2384 4894 (Sil)
2422 4821 2625 4894 Ὑμεῖς,
2659 4821 2814 4873 Deest
2842 4819 2895 4872 in
2929 4818 3172 4887 pluribus
3205 4816 3372 4886 Regg.
3422 4823 3476 4870 et
3500 4813 3677 4880 Colb.,
3726 4817 3778 4872 in

2201 4892 2366 4949 Coisl.
2399 4894 2450 4954 I.
2482 4892 2574 4947 0r.
2603 4893 2654 4952 1,
2683 4899 2788 4944 etc.

2421 4953 2872 5048 :I's‘ranég‘oyer.
2887 5047 2894 5048 γ
2907 4958 3039 5048 ῐξςβ,
3058 4953 3633 5048 -ὶιιη-,ῌὲγκριλέσωμεψ

2412 5027 2634 5104 Πάντη.
2669 5027 2902 5104 Deestjn
2939 5031 3103 5104 ηερε.
3153 5027 3386 5104 bm,_pb,
3426 5035 3530 5104 etc.

2276 5095 2388 5166 (54)
2421 5095 2718 5157 Τοσοῦτον
2735 5099 2902 5170 ὑμῶν
2927 5095 3222 5170 αἰδοῦμαιἸ
3259 5095 3669 5170 Macedonianos
3693 5097 3781 5150 hic

2206 5175 2514 5246 alloquitur,
2549 5174 2638 5243 qui
2686 5167 2898 5246 rev—era,
2931 5171 3060 5224 licet
3091 5167 3158 5224 de
3199 5167 3401 5246 Spiritu
3445 5176 3635 5246 sancto
3677 5181 3778 5218 neu

2206 5234 2352 5300 recte
2381 5234 2662 5305 sentirent,
2701 5234 2927 5310 plurima
2959 5251 3137 5293 tamen
3175 5234 3780 5310 medestim,_absti_uen—

2210 5319 2317 5375 tiae,
2344 5314 2622 5368 charitatis
2647 5304 2980 5379 aliarumque
3002 5311 3260 5363 virtutum
3288 5304 3529 5374 exempla
3557 5306 3778 5359 dabant.

2281 5385 2392 5458 (55)
2423 5386 2552 5458 Καί.
2615 5383 2844 5458 Deestiu
2877 5382 3042 5458 Itcgg.
3073 5380 3182 5458 bm,
3209 5379 3330 5458 ph.”

2281 5445 2636 5527 (seinter-ou.
2661 5453 2752 5508 Sic
2780 5445 3102 5522 Iteggfbm,
3125 5445 3222 5519 ph,
3245 5448 3440 5518 aliique
3469 5446 3670 5516 plures.
3722 5445 3781 5501 In

2205 5526 2566 5724 edig'ﬁé‘iee’iic
2608 5595 2874 5663 νεκρούς.
2940 5591 3028 5646 Sic
3059 5598 3291 5660 quatuor
3332 5586 3520 5660 Regg,
3553 5595 3717 5658 quam
3753 5601 3784 5642 τι

2201 5667 2274 5726 Co
2301 5671 2372 5726 b..
2403 5665 2492 5724 0r.
2528 5668 2576 5726 I.
2611 5665 2762 5720 Pass.
2795 5667 2950 5720 Deest
2971 5663 3093 5725 τούς
3124 5662 3173 5716 iu
3197 5659 3326 5717 edit.

2337 5708 2372 5736 .,
2403 5687 2492 5724 ur.
2528 5687 2576 5733 1,
2611 5687 2762 5720 rasa.
2795 5687 2950 5720 ut:th
2971 5687 3092 5725 τους
3125 5687 3173 5716 III
3197 5687 3326 5717 cuu-
