4050 6298
218 332 314 388 Ml

1225 333 1478 391 ORATIO
1515 335 1650 391 XLI.
1690 366 1759 378 —
1796 337 1862 392 ΙΝ
1898 337 2409 394 PENTECOSTEN.

3317 340 3426 399 442

215 448 438 516 δύναμιν
451 462 517 514 με
548 447 597 499 οἳ
632 446 818 512 κακῶς
847 447 960 520 (58)
1005 448 1082 520 τῷ
1111 448 1258 521 τόπῳ
1310 451 1646 524 χωρίζονται,
1693 453 1769 525 τῷ

1881 469 2192 524 propensum
2211 453 2262 506 in
2280 460 2624 522 pauperes,et
2641 451 2857 518 fratres,
2873 460 2926 505 et
2939 449 3174 520 hospites
3189 454 3422 508 studium

215 538 356 608 λόγῳ
389 537 776 609 συνδεδεμένοι,
807 540 900 592 καὶ
919 541 1164 594 τοσοῦτον
1197 542 1332 614 πρὸς
1372 544 1629 614 ἀλλήλους
1678 545 1772 610 ζυ-

213 625 565 697 γομαχοῦσιν,
592 627 714 679 ὅσον
747 627 1012 698 ὀφθαλμοὶ
1054 629 1360 699 διάστροφοι
1390 669 1405 693 ,
1432 630 1493 682 τὸ
1547 631 1603 684 ἒν
1650 630 1768 701 βλέ-

1870 552 2028 612 atque
2075 556 2332 606 amorem,
2361 553 2420 595 ut
2448 543 2732 596 anathema
2755 541 2914 595 etiam
2951 555 2981 594 a
3017 539 3233 596 Christo
3263 543 3430 613 738

1862 648 1984 688 esse
2008 634 2074 699 ⁸⁷,
2110 649 2173 688 ac
2206 633 2468 700 nonnihil,
2492 642 2550 685 ut
2571 633 2870 696 damnatus,
2902 632 3105 702 perpeti
3142 648 3246 686 non
3273 648 3428 688 recu-

215 733 425 781 ποντες,
460 717 552 770 καὶ
574 717 634 768 οὐ
663 719 728 787 τῇ
758 718 899 787 ὄψει,
928 722 992 790 τῇ
1023 718 1167 772 θέσει
1198 721 1255 772 δὲ
1279 719 1656 784 στασιάζοντες
1680 738 1692 749 ·
1719 720 1772 774 ετ

1881 737 2012 788 rem;
2040 723 2196 776 modo
2215 723 2491 777 nobiscum
2537 721 2922 791 adjungamini,
2945 725 3426 793 communibusque

212 826 270 876 γε
312 810 405 862 καὶ
450 809 774 879 διαστροφὴν
811 811 992 874 αὐτοῖς
1023 812 1330 884 ὲγκλητέον,
1389 813 1524 866 ἀλλά
1573 813 1647 884 μὴ
1679 811 1771 865 τύ-

211 901 458 967 φλωσιν;
500 899 651 952 Ἐπεὶ
702 899 756 952 δὲ
799 901 1030 972 μετρίως
1090 902 1290 973 ἐθέμην
1321 905 1389 956 τὰ
1417 904 1552 975 πρὸς
1605 905 1768 974 ὑμᾶς,

211 991 367 1060 φέρε,
403 990 496 1042 καὶ
525 989 658 1059 πρὸς
683 989 742 1042 τὸ
773 989 993 1059 Πνεῦμα
1010 990 1166 1044 πάλιν
1194 992 1571 1064 ἐπανέλθωμεν
1591 1007 1604 1020 ο
1623 989 1771 1062 οἶμαι

208 1081 262 1132 δὲ
295 1079 393 1132 καὶ
423 1080 581 1148 ὑμεῖς
601 1078 698 1148 ἤδη
738 1077 1047 1146 συνέψεσοε.

1867 813 2063 868 animis
2105 813 2422 868 Trinitatem
2453 813 2810 868 celebremus.
2858 812 2992 868 Nam
3033 815 3160 885 quid
3213 815 3275 869 de
3306 816 3426 868 aliis

1871 900 2065 965 dicam,
2093 903 2374 972 perspicue
2403 901 2627 955 mortuis
2661 900 2819 972 (quos
2848 904 2912 955 ad
2942 904 3107 956 vitam
3149 919 3423 967 revocare.

1872 990 2075 1045 Christi
2093 991 2258 1047 solius
2282 1001 2384 1058 est,
2401 993 2491 1062 qui
2514 1007 2609 1046 sua
2633 993 2868 1062 potentia
2889 1003 3125 1049 mortuos
3149 994 3423 1064 viviﬁcat);

1874 1081 1964 1150 qui
2006 1082 2122 1138 loco
2167 1083 2306 1138 male
2346 1093 2506 1153 atque
2545 1076 2798 1153 improbe
2853 1085 3245 1151 distrahuntur,
3299 1100 3422 1139 cum

211 1169 472 1222 doctrina:
500 1167 712 1220 vinculo
740 1171 1013 1222 constricti
1047 1171 1173 1233 sint,
1209 1180 1519 1239 tantumque
1544 1147 1684 1225 inter
1707 1186 1766 1240 se
1801 1175 2150 1242 contendunt,
2178 1186 2436 1246 quantum
2463 1176 2671 1230 distorti
2712 1176 2878 1242 oculi,
2938 1191 3098 1230 unam
3153 1178 3427 1231 eamdem-

208 1275 311 1330 qne
341 1274 455 1313 rem
490 1268 793 1322 cernentes,
824 1274 887 1313 ac
916 1276 1020 1314 non
1057 1262 1261 1324 obtutu,
1299 1261 1391 1316 sed
1428 1263 1534 1317 situ
1579 1265 1833 1316 duntaxat
1868 1265 2008 1320 inter
2037 1281 2095 1320 se
2152 1268 2506 1330 dissidentes;

2579 1266 2627 1322 si
2696 1278 2870 1322 tamen
2929 1267 3032 1321 illis
3085 1267 3330 1322 distortio
3375 1274 3432 1322 et

209 1349 562 1422 perversitas,
615 1364 720 1403 non
769 1358 944 1402 autem
1009 1350 1222 1403 caecitas
1286 1349 1582 1418 objicienda
1637 1352 1750 1404 est?
1792 1350 2078 1422 Postquam
2109 1363 2284 1410 autem
2328 1355 2394 1410 ad
2424 1369 2520 1410 vos
2543 1363 2816 1425 utcunque
2878 1353 3126 1421 disserui,
3183 1357 3430 1425 agedum,

208 1444 268 1494 ad
311 1440 579 1509 Spiritum
611 1439 720 1509 jam
760 1438 934 1507 ipsum
970 1439 1285 1502 redeamus;
1327 1454 1390 1493 ac
1427 1454 1521 1494 vos
1541 1439 1674 1505 jam,
1711 1447 1769 1492 ut
1805 1440 2014 1509 opinor,
2043 1442 2306 1498 dicentem
2345 1443 2666 1512 sequemini.
3175 1435 3190 1456 ⁸

274 1533 354 1586 8'.
385 1530 461 1583 Τὸ
491 1529 715 1600 Πνεῦμα
743 1529 803 1583 τὸ
840 1529 991 1598 ἅγιον
1017 1525 1084 1602 ἦν
1121 1530 1216 1600 μὲν
1245 1530 1350 1594 ἀεὶ,
1384 1531 1475 1584 καὶ
1508 1530 1642 1596 ἔστι,
1679 1532 1770 1584 καὶ

1946 1533 2038 1588 IX.
2065 1533 2298 1605 Spiritus
2315 1546 2534 1588 sanctus
2567 1548 2777 1602 semper
2811 1534 3026 1604 quidem
3071 1543 3208 1602 erat,
3236 1513 3290 1588 et
3327 1543 3430 1599 est,

208 1625 384 1686 ἔσται,
412 1620 539 1674 οὔτε
585 1613 906 1691 ἀρξάμενον,
939 1618 1061 1673 οὔτε
1117 1621 1474 1690 παυσόμενον,
1539 1619 1651 1673 ἀλλ’
1685 1621 1771 1672 ἀεὶ

1881 1633 1926 1679 et
1955 1625 2074 1691 erit,
2102 1640 2201 1680 nec
2243 1624 2353 1679 ullo
2383 1633 2504 1679 ortu
2559 1633 2866 1692 generatus,
2909 1639 3006 1679 nec
3029 1625 3188 1678 finem
3226 1626 3436 1680 habitu-

208 1712 384 1786 Πατρὶ
413 1714 510 1767 καὶ
534 1711 648 1782 Υίῷ
680 1711 1103 1781 συντεταγμένον
1135 1711 1264 1781 (59),
1284 1711 1376 1762 καὶ
1409 1707 1767 1780 συναριθμοῦ-

209 1823 369 1877 μενον
388 1823 402 1836 -
438 1804 560 1858 οὐδὲ
591 1803 700 1874 γὰρ
723 1803 956 1875 ἔπρεπεν
979 1803 1242 1858 ἐλλείπειν
1272 1803 1420 1867 ποτὲ,
1451 1801 1483 1872 ἢ
1508 1802 1634 1855 Υἱὸν
1667 1803 1772 1854 Πα-

205 1899 312 1970 τρὶ,
343 1898 377 1967 ἦ
409 1897 634 1967 Πνεῦμα
667 1896 804 1966 Υίῷ.
838 1896 928 1968 Τῷ
970 1897 1208 1968 μεγίστῳ
1235 1897 1342 1968 γάρ
1379 1897 1446 1950 ἂν
1484 1892 1552 1968 ἧν
1589 1895 1772 1960 ἄδοξος

204 1987 474 2058 ἠθεότης,
506 1985 694 2057 ὥσπερ
740 1986 804 2039 ἐκ
839 1985 1199 2056 μεταμελείας
1252 1985 1480 2039 ἐλθοῦσα
1525 1987 1603 2050 εἰς
1636 2003 1772 2058 συμ-

207 2081 488 2150 πλήρωσιν
537 2078 890 2148 τελειότητος.
923 2073 1031 2132 *Ην
1061 2074 1154 2131 οὖν
1185 2079 1272 2132 ἀεὶ
1298 2078 1658 2149 μεταληπτὺν,
1710 2079 1771 2131 οὐ

209 2167 640 2239 μεταληπτικόνο
695 2166 951 2226 τελειοῦν,
984 2167 1044 2219 οὑ
1075 2166 1441 2236 τελειούμενον
1461 2183 1474 2196 ·
1512 2167 1771 2240 πληροῦν,

205 2259 258 2310 οὐ
293 2257 705 2328 πληρούμενον·
740 2255 980 2324 ἁγιάζον,
1023 2258 1119 2326 οὐχ
1167 2255 1545 2327 ἀγιαζόμενον·
1596 2257 1772 2322 θεοῦν,

205 2351 260 2401 οὐ
292 2348 589 2420 θεούμενον
612 2367 625 2379 ·
656 2347 788 2400 αὐτὸ
839 2347 1016 2419 ἐαυτῷ
1043 2348 1235 2401 ταυτὸν
1284 2349 1390 2413 ἀεὶ,
1421 2349 1513 2428 ita}
1538 2344 1619 2413 οἷς
1654 2367 1776 2403 συν-

207 2441 464 2493 τέτακται
493 2458 505 2470 ·
530 2440 778 2511 ἀόρατον,
799 2439 1042 2510 ἄχρονον,
1065 2438 1368 2512 ἀχώρητον,
1398 2439 1771 2506 ἀναλλοίωτον,

209 2533 421 2597 ἄποιον,
458 2531 682 2593 ἀποσον,
721 2530 978 2597 ἀνείδεον,
1017 2531 1244 2600 ἀναφὲς,
1273 2531 1642 2602 αὐτοκίνητον,
1670 2533 1776 2586 ἀει-

210 2623 450 2692 κίνητον,
485 2622 851 2687 αὐτεξούσιον,
905 2623 1272 2693 αὐτοδύναμον
1298 2663 1312 2688 ,
1373 2624 1776 2694 παντοδύναμον

211 2717 299 2782 (εἰ
331 2717 427 2769 καὶ
457 2717 594 2788 ’ἧρὸς
627 2715 723 2788 τὴν
753 2716 976 2788 πρώτην
1005 2717 1202 2781 αἰτίαν,
1240 2717 1426 2788 ὥσπερ
1451 2717 1518 2770 τὰ
1545 2716 1638 2770 τοῦ
1664 2719 1777 2771 Μο-

211 2806 466 2877 νογενοῦς
518 2808 750 2874 ἅπαντα,
817 2807 958 2861 οὕτω
991 2807 1057 2878 δὴ
1097 2809 1190 2861 καὶ
1233 2807 1300 2862 τὰ
1336 2808 1429 2861 τοῦ
1462 2807 1776 2878 Πνεύματος

210 2901 626 2971 ἀναπέμπεται)
649 2917 664 2931 ο
706 2898 838 2971 ζωὴ,
873 2901 966 2953 καὶ
991 2900 1275 2964 ζωοποιόνο
1311 2899 1459 2969 φῶς,
1495 2901 1586 2952 καὶ
1614 2916 1778 2970 χορη-

1877 1729 1991 1781 rus,
2022 1715 2113 1768 sed
2134 1729 2343 1783 semper
2366 1729 2488 1769 cum
2510 1712 2668 1768 Patre
2689 1723 2741 1768 et
2765 1713 2897 1768 Filio
2919 1715 3254 1784 coniunctus,
3276 1726 3440 1786 atque

1876 1814 2327 1858 connumeratus:
2359 1818 2456 1858 nec
2494 1803 2637 1858 enim
2681 1803 3035 1859 conveniebat
3085 1806 3247 1861 utvel
3276 1805 3439 1863 Pater

1877 1893 2033 1962 Filio,
2065 1895 2148 1950 vel
2199 1894 2368 1949 Filius
2408 1893 2608 1963 Spiritu
2662 1902 2847 1948 sancto
2900 1909 3138 1964 unquam
3201 1907 3433 1953 careret.

1877 1987 2009 2042 Nam
2047 1987 2244 2057 alioqui
2277 1987 2570 2041 maximum
2613 1985 2878 2040 divinitati
2906 1985 3136 2042 dedecus
3177 1987 3440 2044 conﬂare-

1881 2088 1986 2142 tur,
2021 2088 2079 2132 ut
2106 2093 2224 2148 qua:
2249 2078 2314 2131 ad
2344 2075 2724 2146 perfectionem
2780 2085 3030 2146 tanquam
3063 2091 3130 2155 ex_
3173 2072 3438 2146 pmniten-

1883 2171 1954 2224 tia
1984 2170 2240 2224 venisset.
2271 2169 2399 2222 Erat
2441 2169 2602 2238 igitur
2653 2183 2867 2238 semper
2907 2165 3294 2238 perce'ptibilis,
3330 2185 3434 2224 non

1881 2261 2177 2332 particeps;
2198 2260 2505 2332 perficiens,
2521 2274 2625 2315 non
2645 2259 2712 2314 ab
2737 2260 2844 2314 alio
2866 2257 3134 2330 perfectus
3157 2261 3436 2331 ;explens,

1881 2367 1988 2405 non
2021 2350 2300 2420 expletus;
2323 2348 2684 2414 sanctificans,
2707 2364 2813 2404 non
2841 2348 3239 2418 sanctificatus;
3287 2351 3440 2406 deifi-

1881 2457 2031 2509 cans,
2071 2458 2176 2498 non
2214 2442 2540 2497 deificatus:
2590 2441 2704 2511 ipse
2756 2456 2992 2511 semper,
3043 2445 3099 2496 et
3160 2451 3444 2508 secum,et

1880 2549 2001 2588 cum
2061 2534 2147 2600 iis,
2193 2533 2388 2602 quibus
2423 2533 2710 2601 adjunctus
2765 2541 2870 2600 est,
2903 2532 3041 2586 idem
3088 2540 3142 2588 et
3179 2534 3440 2602 aequalis;

1883 2626 2186 2691 invisibilis,
2236 2627 2501 2696 temporis
2538 2639 2753 2695 expers,
2822 2623 2966 2678 nullo
3016 2624 3135 2680 loco
3180 2625 3442 2691 inclusus,

1882 2719 2262 2786 immutabilis;
2297 2718 2581 2788 qualitate,
2630 2716 2957 2786 quantitate,
2995 2714 3164 2770 forma
3211 2725 3266 2770 et
3299 2725 3443 2771 tactu

1883 2828 2096 2878 carens,
2134 2812 2369 2880 seipsnm
2411 2825 2656 2876 movens,
2700 2824 2764 2864 ac
2799 2808 3187 2878 sempiternum
3237 2817 3442 2862 motum

1889 2906 2115 2968 habens,
2163 2902 2370 2958 arbitrii
2418 2901 2573 2967 liber,
2608 2915 2706 2970 per
2752 2915 2811 2956 se
2862 2910 3068 2968 potens,
3107 2899 3444 2969 omnipotens

212 2991 310 3060 γὸν
373 2991 585 3060 φωτός·
637 2990 974 3059 αὐτοαγαθὸν
996 3031 1011 3056 ,
1065 2992 1159 3044 καὶ
1205 2991 1353 3062 πηγὴ
1408 2991 1736 3061 ἀγαθότητος
1757 3007 1774 3022 ’

1881 2996 2114 3068 (tametsi
2137 2996 2200 3049 ad
2223 2996 2450 3066 primam
2493 3007 2730 3060 causam,
2761 2990 3020 3046 utonmia
3059 3005 3121 3046 ea
3158 3004 3279 3060 qua:
3308 2987 3445 3044 Uni-

213 3082 440 3154 Πνεῦμα
463 3082 636 3146 εὐθὲς,
663 3082 1008 3153 ἡγεμονικὸν,
1039 3082 1246 3153 κύριον,
1277 3083 1622 3148 ἀποστέλλον,
1670 3084 1775 3152 ἀφ-

212 3175 417 3248 ορίζον,
433 3174 717 3228 ναοποιοῦν
740 3173 936 3245 ἐαυτῷ,
960 3173 1208 3243 ὁδηγοῦν,
1236 3175 1484 3245 ἐνεργοῦν
1513 3175 1587 3238 ὡς
1603 3174 1780 3245 βούλε-

209 3287 320 3332 ται,
353 3267 598 3339 διαιροῦν
639 3268 988 3338 χαρίσματα’
1035 3266 1259 3337 Πνεῦμα
1295 3267 1595 3333 υἱοθεσίας,
1648 3267 1781 3336 ἀλη-

209 3359 380 3422 θείας,
412 3359 604 3428 σοφίας
628 3397 643 3422 ,
679 3357 964 3422 συνέσεως,
999 3356 1286 3427 γνώσεως,
1327 3355 1628 3422 εὐσεϐείας,
1661 3355 1784 3426 βου-

208 3451 326 3520 λῆς,
365 3449 568 3519 ἰσχύος,
604 3448 790 3518 φόϐου,
810 3447 916 3501 τῶν
941 3447 1412 3520 ἀπηριθμημένων
1441 3446 1551 3518 (60)
1582 3464 1595 3478 ο
1627 3447 1692 3501 δι’
1721 3442 1781 3502 οὗ

209 3542 404 3612 Πατὴρ
453 3540 775 3610 γινώσκεται
805 3539 981 3612 461),
1017 3538 1110 3594 καὶ
1158 3540 1285 3602 Υἱὸς
1340 3539 1651 3604 δοξάζεται,
1687 3540 1782 3594 καὶ

209 3635 338 3704 παρ’
367 3626 442 3686 ὧν
471 3632 645 3703 μόνων
697 3630 1042 3700 γινώσκεται,
1099 3631 1195 3702 μία
1237 3631 1504 3697 σύνταξις,
1559 3631 1782 3702 λατρεία

211 3725 330 3793 μία,
369 3722 760 3794 προσκύνησις,
795 3721 1043 3793 δύναμις,
1079 3723 1367 3795 τελειότης,
1395 3722 1679 3794 ἀγιασμός.
1717 3721 1781 3775 Τί

214 3835 304 3887 μοι
343 3815 740 3887 μακρολογεῖνς
786 3815 969 3868 Πάντα
1005 3815 1104 3868 ὅσα
1137 3815 1165 3867 ὁ
1220 3815 1406 3886 Πατὴρ
1432 3855 1446 3879 ,
1495 3814 1587 3868 τοῦ
1630 3814 1784 3876 Υἱοῦ.

211 3908 349 3980 πλὴν
409 3908 511 3977 τῆς
565 3907 676 3978 (62)
706 3907 1048 3977 ἀγεννησίας.
1083 3907 1268 3961 Πάντα
1300 3908 1398 3962 ὅσα
1439 3909 1467 3960 ὁ
1515 3906 1660 3972 Υἱὸς,
1689 3905 1784 3958 τοῦ

211 4001 552 4072 Πνεύματος,
576 3999 714 4070 πλὴν
736 3998 838 4068 τῆς
870 4001 1193 4071 γεννήσεως.
1243 3997 1426 4052 Ταῦτα
1460 3999 1516 4053 δὲ
1558 3999 1655 4052 οὐκ
1697 3999 1787 4051 οὐ·

213 4092 331 4156 σίας
364 4092 638 4162 ἀφορίζει,
673 4090 817 4143 κατά
843 4108 908 4160 γε
940 4091 1030 4144 τὸν
1057 4091 1188 4162 ἐμὸν
1219 4091 1374 4159 λόγον
1401 4131 1415 4157 ,
1445 4090 1573 4161 περὶ
1601 4089 1785 4142 οὐσίαν

210 4182 263 4237 δὲ
286 4183 634 4253 ἀφορίζεται.

1882 3088 2046 3161 geniti
2079 3095 2222 3146 sunt.
2250 3088 2320 3140 ita
2346 3087 2504 3141 etiam
2529 3100 2650 3155 qua:
2689 3083 2922 3154 Spiritus
2945 3082 3118 3138 sancti
3143 3091 3288 3148 sunt,
3312 3081 3447 3136 refe-

1883 3179 2123 3251 rantur);
2156 3179 2287 3243 vita,
2329 3187 2383 3232 et
2412 3177 2727 3242 vivificans;
2759 3174 2880 3237 lux,
2913 3182 2968 3229 et
3007 3173 3145 3229 lucis
3188 3171 3444 3242 largitor;

1893 3270 2108 3326 bonitas
2161 3270 2299 3340 ipsa,
2331 3277 2385 3323 et
2439 3267 2556 3322 fons
2604 3264 2895 3330 bonitatis;
2961 3264 3192 3335 Spiritus
3244 3273 3446 3330 rectus,

1883 3361 2222 3432 principalis,
2261 3361 2532 3427 dominus,
2563 3359 2806 3424 mittens,
2833 3371 3146 3428 segregans,
3190 3355 3444 3426 templum

1877 3453 1978 3508 sibi
2019 3461 2332 3517 exstruens,
2377 3451 2521 3505 viam
2563 3457 3008 3520 prmmonStrans,
3037 3447 3300 3502 arbitratu
3348 3461 3450 3500 suo

1876 3556 2127 3612 operans,
2158 3543 2473 3613 gratiasque
2529 3541 2805 3606 dividens;
2851 3539 3084 3609 Spiritus
3117 3538 3447 3608 adoptionis,

1876 3635 2140 3701 veritatis,
2183 3635 2480 3704 sapientiae,
2513 3633 2832 3702 intellectus,
2864 3631 3125 3694 scientiae,
3209 3629 3449 3700 pietatis.

1881 3727 2112 3792 consilii,
2145 3725 2469 3781 fortitudinis
2499 3727 2564 3791 ⁸³,
2607 3725 2836 3791 timoris,
2865 3722 3312 3793 quemadmodum
3343 3737 3443 3774 nu-

1885 3829 2194 3886 merantur;
2241 3834 2337 3890 per
2381 3835 2538 3889 quem
2583 3819 2746 3874 Pater
2789 3816 3150 3888 cognoscitur,
3185 3823 3239 3868 et
3278 3812 3453 3868 Filius

1885 3911 2237 3981 gloriﬁcatur,
2273 3919 2327 3966 et
2355 3927 2385 3966 a
2413 3911 2606 3981 quibus
2630 3910 2760 3966 solis
2787 3910 2898 3978 ipse
2924 3895 3306 3978 cognoscitur,
3327 3919 3433 3958 una

1883 4002 2094 4067 classis,
2147 4017 2283 4056 unus
2334 4000 2531 4067 cultus,
2560 4016 2666 4054 una
2699 3998 2964 4061 adoratio,
3011 3996 3272 4065 potentia,
3320 4008 3444 4061 per—

1883 4089 2068 4156 fectio,
2104 4093 2384 4146 sanctitas.
2445 4088 2582 4156 Quid
2639 4088 2881 4159 pluribus
2921 4086 3098 4142 verbis
3141 4099 3275 4152 opus
3318 4080 3444 4136 cst?

1882 4180 2096 4248 Omnia,
2126 4197 2460 4252 quacunque
2482 4181 2643 4235 Pater
2673 4180 2856 4245 habet,
2887 4187 3012 4233 sunt
3045 4177 3187 4242 Filii,
3217 4165 3442 4246 praeter-

209 4294 371 4349 quam
401 4275 568 4351 739
594 4276 1044 4350 quodiingenitus
1082 4290 1188 4330 non
1235 4283 1338 4328 est.
1359 4273 1548 4331 Omnia
1579 4289 1910 4344 quaecunque
1944 4275 2132 4340 Filius,
2172 4275 2403 4345 Spiritus
2421 4274 2596 4328 sancti
2635 4281 2778 4336 sunt,
2842 4277 2888 4326 si
2927 4269 3322 4341 generationem
3360 4284 3448 4323 ex-

211 4373 444 4439 ceperis.
473 4369 599 4426 limo
627 4386 788 4441 porro
837 4368 1192 4426 subStantiam
1247 4384 1352 4424 non
1381 4378 1688 4435 secernunt,
1719 4378 1777 4423 ut
1814 4369 2027 4438 quidem
2066 4371 2181 4440 ipse
2239 4369 2434 4434 sentio,
2467 4381 2652 4420 verum
2686 4366 2827 4418 circa
2857 4365 3207 4418 substantiam
3280 4377 3451 4418 secer-

212 4472 434 4517 nuntur.

278 4552 337 4606 ι’.
381 4550 606 4616 Ὠδίνεις
630 4550 728 4615 τὰς
752 4549 1050 4614 ἀντιθέσεις
1088 4547 1232 4622 (65);
1269 4547 1379 4615 ἐγὼ
1411 4547 1466 4600 δὲ
1509 4547 1603 4600 τοῦ
1633 4547 1778 4614 λόγοι

1961 4555 2028 4610 Χ.
2058 4551 2302 4609 Parturis
2334 4549 2703 4618 objectiones?
2743 4549 2814 4602 At
2851 4563 2948 4617 ego
3001 4549 3266 4606 orationis
3319 4566 3447 4606 cur.

212 4644 300 4697 τὸν
327 4644 550 4716 δρόμον.
591 4644 634 4695 Τ
641 4644 834 4713 ίμησον
866 4641 965 4712 τὴν
1018 4642 1231 4713 ἡμέραν
1287 4639 1378 4693 τοῦ
1438 4641 1784 4709 Πνεύματοςο

215 4738 436 4808 ἐπίσχες
473 4736 666 4807 μικρὸν
691 4735 789 4805 τὴν
811 4734 1079 4804 γλῶτταν,
1115 4733 1432 4817 εξδυγατόν.
1463 4733 1598 4804 Περὶ
1615 4731 1788 4785 ἄλλων

219 4827 480 4900 γλωσσῶν
513 4830 543 4880 ὁ
597 4826 784 4895 λόγος’
829 4826 1030 4890 ταύτας
1073 4825 1370 4896 αἰδέσθητι,
1421 4824 1454 4894 ἢ
1500 4823 1784 4894 φοϐήθητι,

281 4970 326 5002 ⁸⁷
357 4969 518 5024 Rom.
553 4984 628 5035 ιχ,
658 4969 714 5024 5.
783 4969 828 5001 ⁸⁸
855 4967 961 5024 lsa.
1004 4985 1078 5036 ιι,
1111 4969 1198 5024 12.

281 5108 393 5180 (58)
431 5105 498 5161 Οἳ
521 5103 876 5180 κακῶρειε.
909 5104 1062 5169 Ruf.,
1113 5124 1131 5157 ‹
1181 5103 1272 5172 qui
1305 5101 1442 5158 male
1469 5101 1587 5156 loco
1615 5101 1788 5156 disce-

219 5177 365 5240 dunt,
403 5193 523 5232 cum
573 5177 792 5244 perﬁdia
821 5186 1134 5244 consonent.
1169 5193 1190 5226 ο

285 5249 399 5317 (59)
442 5240 949 5317 Συντεταγμένον.
987 5243 1258 5317 Regg.__o.
1294 5259 1344 5305 c,
1377 5243 1538 5317 Cypr.
1567 5249 1620 5317 et
1659 5240 1781 5293 Par.

217 5313 439 5381 addunt,
468 5317 563 5370 καὶ
613 5313 973 5395 συνημμένῳ.
1024 5332 1042 5364 ι
1079 5313 1405 5381 Quibuscum
1423 5313 1676 5381 ejusdem
1709 5317 1792 5363 est

218 5377 443 5445 ordinis.
487 5390 663 5454 iisque
698 5377 1019 5453 conjundtns
1060 5377 1590 5454 eticonnutnera'ttts.
1625 5400 1644 5431 ι

285 5458 397 5536 (60)
433 5456 558 5511 Τῶν
570 5449 1089 5536 ἆεςηριθλιιηρένςων.
1117 5453 1330 5508 Nicetes
1354 5454 1518 5536 addit,
1542 5450 1688 5536 τιαρά
1699 5449 1789 5536 (τιῷ

229 5511 448 5599 Ἠσαίᾳ,
487 5546 525 5599 ξι
560 5529 649 5596 qui
683 5511 1082 5599 'aptid_wlsaiatn
1113 5524 1395 5599 _nnmerati
1451 5511 1670 5599 suntsi
1699 5511 1778 5574 Si't

1884 5511 2098 5599 νησξας,
2133 5511 2242 5599 tritu
2280 5525 2404 5599 ante
2425 5511 2751 5599 γεννήσεωςτ

221 5591 442 5666 passim,
487 5591 778 5666 loquuntur
831 5595 1040 5648 Patres.
1112 5593 1284 5648 Minus
1355 5604 1496 5666 recte
1556 5591 1785 5666 Billius-g

225 5659 244 5718 ἆ
272 5659 736 5735 Quemadmodum
761 5665 1008 5734 superius
1023 5665 1578 5735 commemoravimus.
1603 5681 1620 5712 ι
1647 5659 1788 5735 Nihil

221 5731 360 5796 enim
394 5739 643 5808 superius
672 5731 1150 5831 conlniemoratum
1179 5743 1282 5793 est.
1311 5734 1598 5806 Gregorius
1623 5731 1788 5786 refert

1899 4660 2042 4700 sum.
2079 4643 2228 4697 Diem
2265 4639 2486 4707 Spiritui
2515 4653 2725 4693 sacrum
2755 4639 2944 4693 honori
2968 4639 3141 4705 habe;
3208 4639 3446 4710 llnguam

1894 4731 2260 4805 paululum,si
2297 4728 2414 4783 fieri
2439 4736 2635 4798 potest,
2691 4729 3002 4796 comprime.
3069 4728 3144 4782 De
3186 4729 3448 4785 aliis-lin-

1896 4823 2015 4894 guis
2047 4834 2225 4876 sermo
2258 4819 2412 4874 nobis
2445 4817 2721 4872 institutus
2752 4827 2870 4884 est;
2907 4817 3005 4873 bas
3041 4833 3320 4886 venerare,
3358 4828 3455 4874 aut

1885 5113 2004 5170 quae
2019 5098 2085 5152 de
2111 5095 2328 5152 Christo
2359 5089 2672 5170 vaticinans
2702 5089 2867 5144 Isaias
2914 5090 3264 5170 enumeravil,
3301 5102 3451 5169 nem-

1896 5159 1984 5239 pe,
2045 5187 2063 5218 ι
2112 5175 2168 5220 ct
2222 5164 2487 5234 requievit
2546 5175 2706 5230 super
2773 5174 2892 5212 eum
2950 5159 3184 5226 Spiritus
3241 5159 3456 5226 sapien-

1893 5247 2505 5377 uﬁ’il’filgirdw'xuat.
2561 5299 2694 5354 Tres
2743 5297 2874 5352 Colh
2957 5304 3009 5350 et
3050 5294 3230 5360 Pass.,
3257 5297 3455 5368 γνωρί-

1887 5378 2071 5519 ζεξὲἒ)
2117 5446 2248 5515 Τῆς.
2284 5444 2440 5498 Deest
2462 5441 2514 5494 in
2543 5439 2810 5519 plerisque
2837 5435 2992 5491 codd.
3020 5441 3132 5488 tum
3159 5441 3282 5488 ante
3294 5434 3452 5502 ἀγεν-

1959 5569 2098 5657 (ὓόῖ
2137 5589 2249 5651 Τὰς
2295 5569 2647 5657 ἀντιθέσεις.
2701 5569 2812 5634 Bill.
2877 5575 2941 5630 ad
2999 5587 3195 5644 marg.,
3241 5569 3453 5631 ἀντιλο-

1882 5659 2031 5730 γίας,
2052 5656 2082 5708 ι
2117 5656 2478 5711 refutationcs.
2511 5669 2529 5703 ι
