4050 6298
134 398 255 453 μδ

1200 391 1460 451 ORATIO
1498 391 1635 448 XLI.
1676 423 1742 434 -—-
1783 392 1848 446 ΙΝ
1889 388 2407 447 PENTECOSTEN.

3316 384 3421 442 iis

132 511 288 580 ἐγὼ,
325 509 677 564 καθίσταται.
734 508 904 562 Τοῦτο
929 508 987 562 δὲ
1018 508 1452 571 συνδεσποτείας,
1492 505 1606 561 ἀλλ’
1656 506 1750 560 οὑκ

1858 505 2033 575 qualis
2062 519 2162 574 ego
2193 520 2333 569 sum,
2369 500 2672 557 constituit.
2705 499 2816 555 lloc
2870 510 3031 570 porro
3079 514 3269 552 nomen
3332 516 3423 569 pu-

128 602 393 669 ἀτιμίας
427 601 619 673 ὄνομα.
650 601 724 653 Τὸ
756 600 885 670 γὰρ,
916 600 1107 667 ἄλλος
1127 640 1142 664 ,
1191 600 1291 653 οὑκ
1338 600 1430 653 ἐπὶ
1462 598 1569 653 τῶν
1599 600 1752 653 ἀλλο-

132 695 353 763 τρίων,
392 693 512 746 ἀλλ’
540 694 635 746 ἐπὶ
664 693 771 746 τῶν
813 694 1115 763 ὀμοουσίων
1146 687 1263 746 οἶδα
1291 691 1603 763 λεγόμενον.
1663 692 1751 744 Ἐν

132 787 447 853 γλώσσαις
474 786 554 849 δὲ,
577 785 669 839 διὰ
700 785 800 855 τὴν
835 785 971 855 πρὸς
1004 784 1094 837 τὸν
1116 784 1287 852 Λόγον
1314 785 1606 838 οἰκείωσιν.
1643 783 1751 835 Πυ-

134 880 340 948 ρίναις
370 880 453 943 δὲ,
483 878 632 949 ζητῶ
661 879 885 951 πότερον
919 878 1008 930 διὰ
1042 876 1140 949 τὴν
1185 877 1449 949 κάθαρσιν
1474 872 1612 948 (οἶδε
1642 875 1749 947 γὰρ

130 977 161 1023 ὁ
192 971 380 1039 λόγος
429 973 588 1043 ἡμῶν
636 972 728 1024 καὶ
773 970 884 1042 πῦρ
915 969 1312 1041 καθαρτήριον,
1370 968 1444 1033 ὡς
1484 968 1752 1038 πανταχό-

131 1066 233 1115 θεν
266 1063 401 1136 [74]
463 1064 810 1136 βουλομένοις
858 1063 1092 1134 ὑπάρχει
1151 1061 1414 1133 μαθεῖν)·
1453 1062 1485 1132 ἢ
1533 1060 1622 1114 διὰ
1652 1061 1750 1133 τὴν

130 1157 377 1211 ουσίαν.
409 1156 530 1228 Πῦρ
551 1156 660 1228 γὰρ
685 1159 713 1209 ὁ
732 1156 863 1219 Θεὸς
886 1154 1061 1229 ἡμῶν,
1089 1153 1183 1207 καὶ
1216 1153 1327 1225 πῦρ
1356 1152 1750 1206 καταναλίσκον

132 1250 243 1318 τὴν
288 1248 628 1319 μοχθηρίαν,
655 1246 755 1302 κᾶν
794 1247 954 1301 πάλιν
999 1247 1314 1315 ἀγανακτῇς
1353 1244 1431 1315 τῷ
1490 1243 1751 1315 ῠμοουσίῳ

135 1338 693 1409 στενοχωρούμενος.
724 1336 1129 1408 Μεριξομέναις
1165 1336 1242 1395 δὲ,
1275 1336 1364 1389 διὰ
1416 1335 1476 1388 τὸ
1516 1334 1623 1387 τῶν
1651 1353 1748 1405 χα-

140 1432 453 1503 ρισμάτων
477 1432 734 1503 διάφορον
753 1445 767 1460 ⁶
791 1429 1183 1500 καθεζομέναις
1206 1429 1284 1493 δὲ,
1317 1427 1406 1481 διὰ
1448 1429 1507 1481 τὸ
1546 1428 1750 1498 βασιλι-

138 1525 273 1587 κὸν,
308 1526 414 1577 καὶ
441 1524 543 1595 τὴν
573 1525 632 1577 ὲν
660 1524 771 1587 τοῖς
804 1521 915 1593 (75)
938 1521 1113 1591 ἁγίοις
1138 1521 1474 1576 ἀνάπαυσιν
1508 1521 1630 1573 ἐπεὶ
1656 1522 1750 1574 καὶ

140 1616 293 1669 Θεοῦ
322 1616 523 1687 θρόνος
552 1616 624 1669 τὰ
662 1616 944 1687 χερουϐίμ.
997 1616 1085 1667 Ἐν
1116 1612 1348 1686 ὑπερῴῳ
1388 1614 1443 1667 δὲ
1465 1615 1534 1685 (εἰ
1567 1615 1641 1685 μή
1671 1630 1749 1684 τῳ

140 1709 591 1780 τεεριεργότερος
615 1704 754 1762 εἶναι
796 1707 934 1761 δοκῶ
959 1706 1053 1759 τοῦ
1086 1706 1343 1777 δέοντος),
1373 1706 1459 1759 διὰ
1488 1706 1587 1776 τὴν
1616 1706 1747 1759 ἀνά-

1859 614 1971 653 rem
1996 597 2207 666 tmperii
2235 594 2459 664 gradum
2497 594 2719 659 indicat,
2753 608 2858 646 non
2886 590 3259 663 ignominiam.
3306 591 3422 652 Vox

1860 690 2027 755 enim,
2056 689 2218 752 alius,
2252 701 2359 740 nou
2394 684 2459 739 de
2490 684 2703 746 alienis,
2762 684 2856 738 sed
2906 684 2975 737 de
3030 682 3119 749 iis,
3183 697 3414 751 quorum

1851 782 2036 837 eadem
2075 780 2377 836 substantia
2408 788 2512 841 est,
2548 786 2860 845 usurpatur.
2893 775 3012 830 Jam
3039 790 3168 830 vero
3198 774 3253 828 iu
3308 775 3416 829 lin-

1852 874 1971 944 guis
2031 879 2275 941 apparet,
2332 878 2548 939 propter
2626 868 3002 936 cognationem
3056 881 3211 933 eam,
3254 881 3417 934 quam

1851 980 1973 1018 cum
2007 961 2184 1016 Verbo
2210 960 2391 1015 habet.
2421 958 2532 1012 Cur
2562 967 2744 1011 autem
2798 957 2851 1010 in
2899 956 3098 1023 linguis
3146 956 3321 1025 igneis
3338 953 3418 1005 ⁶⁹ῗ

1854 1055 2045 1111 Utrum
2086 1061 2308 1124 prOpter
2334 1050 2707 1121 purgationem
2744 1048 2907 1119 (ignis
2946 1059 3125 1102 autem
3181 1062 3415 1115 purgan-

1854 1147 1923 1200 tis
1946 1144 2232 1214 Scriptura
2285 1141 2554 1208 meminit,
2619 1138 3076 1208 quemadmodum
3122 1134 3296 1190 cuivis
3338 1137 3419 1188 di-

1852 1253 2004 1292 scere
2035 1245 2344 1306 promptum
2376 1234 2480 1301 est)
2506 1250 2521 1299 ;
2557 1246 2627 1285 an
2660 1244 2791 1284 vero
2823 1236 3040 1298 propter
3076 1227 3369 1281 essentiam
3395 1225 3420 1278 ?

1852 1327 1994 1382 Deus
2024 1326 2169 1381 enim
2194 1334 2379 1379 noster
2403 1322 2543 1393 ignis
2575 1330 2658 1375 est
2684 1321 2750 1385 '°,
2784 1328 2839 1372 et
2868 1318 3085 1388 quidem
3124 1317 3266 1385 ignis
3318 1316 3422 1374 im.-

1851 1418 2175 1489 probitatem
2219 1416 2535 1480 absumens,
2591 1410 2946 1467 discrucieris
3003 1423 3222 1462 rursum
3298 1406 3424 1461 licet

1851 1522 2073 1582 propter
2127 1505 2651 1565 consubstantialem
2703 1506 2757 1559 in
2804 1501 3083 1573 angustias
3150 1499 3418 1554 redactus.

1848 1603 2025 1671 Atque
2064 1600 2116 1653 in
2158 1596 2456 1667 dispertitis
2477 1596 2695 1664 quidem
2727 1592 2927 1662 linguis
2955 1598 3181 1660 apparet
3214 1588 3285 1651 ⁷⁸,
3343 1587 3417 1639 ob

1850 1694 2146 1765 gratiarum
2228 1690 2632 1753 diversitatem;
2713 1685 3027 1741 sedentibus
3085 1693 3263 1736 autem
3330 1681 3422 1744 ",

143 1802 318 1853 ὖασιν
355 1801 471 1853 τῶν
498 1800 818 1871 δεξομένων,
847 1801 939 1854 καὶ
962 1799 1061 1871 τὴν
1088 1798 1326 1871 χαμόθεν
1350 1798 1601 1870 ἔπαρσιν*
1628 1797 1749 1850 ἐπεὶ

1853 1792 2069 1855 propter
2092 1797 2252 1852 regiae
2283 1779 2566 1850 dignitatis
2611 1776 2991 1832 excellentiam
3012 1812 3027 1839 ,
3068 1775 3293 1844 ejusque
3327 1787 3421 1825 su-

144 1893 251 1946 κιὶ
282 1892 454 1946 ὕδασι
509 1892 674 1956 θείοις
732 1892 954 1964 ὑπερῷα
1003 1909 1124 1945 τινα
1176 1890 1518 1959 στεγάζεται,
1569 1890 1636 1943 δι’
1671 1881 1746 1943 ὧν

1853 1892 1949 1948 per
1980 1884 2195 1933 sanctos
2218 1874 2495 1944 requiem;
2524 1870 2966 1942 quandoquidem
3019 1868 3161 1922 Deus
3205 1881 3423 1936 quoque

145 1986 421 2055 ὑμνεῖται
454 1984 609 2048 Θεός.
660 1984 772 2037 Καὶ
838 1981 1044 2054 Ἰησοῦς
1076 1982 1238 2045 αὐτὸς
1288 1983 1345 2035 ἐν
1394 1980 1623 2051 ὑπερῴῳ
1651 1979 1743 2034 τοῦ

150 2077 474 2148 μυστηρίου
499 2079 746 2131 κοινωνεῖ
773 2079 885 2139 τοῖς
919 2075 989 2129 τὰ
1031 2074 1337 2147 ὑψηλότερα
1377 2072 1742 2143 τελουμένοις,

156 2174 240 2223 ἵνα
278 2172 476 2224 ἐκεῖνο
501 2170 861 2241 παρώειχθῇ,
892 2170 974 2222 ὅτι
1006 2168 1067 2220 τὸ
1096 2167 1194 2239 μέν
1241 2185 1292 2220 τι
1343 2164 1641 2236 καταϐῆναι
1673 2164 1755 2217 δεῖ

152 2265 289 2316 Θεὸν
324 2264 469 2335 πρὸς
501 2264 670 2334 ἡμᾶς,
700 2263 728 2314 ὃ
767 2261 1149 2333 καὶπρότερον
1184 2258 1276 2312 ἐπὶ
1311 2257 1591 2320 Μωῦσέως
1636 2252 1755 2310 οἶδα

148 2355 499 2427 γενόμενον,
550 2355 608 2407 τὸ
655 2354 712 2407 δὲ
766 2354 913 2424 ἡμᾶς
951 2351 1256 2421 ἀναϐῆναι,
1303 2350 1398 2402 καὶ
1436 2347 1577 2402 οὕτω
1604 2347 1754 2416 γενέ-

147 2449 286 2502 σθαι
319 2448 438 2518 (76)
470 2446 752 2502 κοινωνίαν
783 2444 918 2498 Θεοῦ
948 2444 1085 2516 πρὸς
1122 2440 1460 2514 ἀνθρώπους,
1482 2441 1582 2512 τῆς
1600 2439 1757 2506 ἀξίας

149 2536 617 2608 συγκιρναμένης
675 2535 816 2598 Ἕως
870 2534 914 2589 δ’
956 2533 1022 2588 ἂν
1058 2533 1319 2604 ἑκάτερον
1352 2531 1444 2586 ἐπὶ
1490 2532 1587 2602 τῆς
1624 2531 1756 2596 ἰδίας

148 2629 335 2700 μένῃ,
394 2626 454 2680 τὸ
512 2627 614 2698 μὲν
647 2626 933 2698 περιωπῆς
962 2625 1111 2697 (77),
1161 2624 1223 2677 τὸ
1254 2624 1311 2677 δὲ
1355 2621 1753 2687 ταπεινώσεως,

148 2723 403 2790 ἄμικτος
434 2722 466 2790 ἡ
502 2720 793 2790 ἀγαθὸτης,
830 2720 921 2772 καὶ
947 2718 1009 2771 τὸ
1039 2713 1753 2795 φιλεηᾲνθρ-ωποννὰκοινὼνη-

146 2832 249 2867 τον
280 2831 297 2842 ο
336 2815 432 2867 καὶ
478 2800 664 2885 χᾶσμα
696 2813 807 2883 (78)
832 2815 890 2865 ἐν
921 2795 1097 2884 μέσᾷ
1100 2794 1247 2883 μέγα
1302 2811 1397 2863 καὶ
1446 2808 1752 2877 ἁδιάόατον,

144 2909 212 2960 οὐ
244 2907 353 2960 τὸν
374 2906 621 2960 πλούσιον
650 2906 743 2959 τοῦ
765 2906 1016 2977 Λαζάρου
1055 2904 1234 2973 μόνον,
1263 2902 1486 2956 καὶτῶν
1514 2899 1754 2972 ὀρεκτῶν

161 2998 439 3069 Ἀϐραὰμ
460 2999 675 3051 κάλπιον
705 2999 958 3069 διεῖργον,
1008 2996 1106 3067 τὴν
1130 2995 1186 3049 δὲ
1210 2993 1441 3066 γενητὴν
1468 2992 1629 3062 φύσιν
1657 2992 1753 3046 καὶ

148 3090 428 3160 ῥέουσαν,
456 3091 555 3160 τῆς
592 3091 854 3162 ἀγενήτου
896 3088 1004 3161 (79)
1036 3090 1127 3143 καὶ
1151 3088 1460 3159 ἑστηκυίας.

1854 1983 1949 2037 pro
1980 1968 2172 2022 throno
2201 1964 2531 2020 cherubinos
2554 1964 2715 2017 habet
2740 1960 2807 2014 ⁷³.
2830 1959 2888 2014 In
2904 1956 3184 2014 ctenaculo
3231 1970 3359 2010 vero
3374 1952 3424 1987 "

1853 2060 1978 2132 (nisi
2006 2060 2146 2113 forte
2179 2057 2447 2113 curiosius
2507 2070 2667 2126 quam
2707 2069 2805 2123 par
2849 2052 2942 2117 sit,
3002 2051 3105 2105 ista
3163 2046 3422 2119 persequi

1848 2154 2078 2223 videor),
2108 2161 2331 2223 propter
2374 2163 2562 2206 eorum
2602 2150 2693 2218 qu’i
2735 2143 3007 2215 accepturi
3043 2151 3187 2209 sunt,
3229 2155 3423 2197 ascen-

1851 2250 2090 2313 sionem,
2144 2257 2307 2317 atque
2356 2261 2386 2299 a
2459 2254 2602 2298 terra
2662 2239 3065 2295 subvectionem
3124 2253 3139 2290 :
3193 2248 3318 2287 nam
3367 2241 3424 2286 et

1850 2342 2131 2397 cmnacula
2164 2339 2411 2410 quadam
2442 2336 2642 2391 divinis
2674 2333 2850 2404 aquis,
2882 2347 2913 2385 a
2944 2330 3140 2401 quibus
3172 2326 3261 2381 Dei
3286 2339 3415 2395 quo-

1851 2449 1958 2504 que
1984 2433 2174 2488 laudes
2205 2430 2570 2493 celebrantur,
2607 2428 2711 2494 tegi
2754 2423 3061 2478 audivimus
3121 2418 3190 2472 ⁷⁸.
3242 2416 3421 2484 Atque

1853 2528 1970 2596 ipse
1994 2523 2174 2587 Jesus,
2206 2536 2332 2577 cum
2362 2518 2773 2575 sublimioribus
2796 2513 2961 2569 rebus
2989 2508 3284 2579 discipulos
3315 2506 3421 2560 ini-

1853 2618 2035 2683 tiaret,
2071 2616 2389 2685 mysterium
2462 2611 2592 2681 ipsis
2650 2613 2703 2663 in
2740 2604 3023 2662 cmnaculo
3070 2600 3315 2671 impertit
3352 2598 3420 2661 ⁷⁸,

1852 2717 1909 2763 ut
1940 2708 2067 2763 illud
2098 2706 2385 2768 indicetur,
2407 2712 2463 2759 et
2495 2704 2665 2757 Deum
2693 2701 2757 2753 ad
2784 2713 2882 2752 nos
2905 2693 3234 2751 descendere
3262 2704 3424 2760 oporo

1853 2811 1988 2865 tere,
2023 2795 2479 2869 quemadmodum
2529 2792 2658 2847 olim
2687 2792 2738 2845 iu
2767 2790 2954 2859 Moyse
2985 2785 3282 2853 contigisse
3313 2782 3423 2836 sci-

1851 2908 1973 2948 mus
1998 2892 2066 2959 ",
2106 2901 2161 2946 et
2190 2904 2288 2944 nos
2331 2890 2397 2942 ad
2456 2899 2579 2939 eum
2631 2881 2946 2942 ascendere,
3006 2878 3194 2945 sicque
3254 2874 3420 2928 Deum

1850 3001 1972 3042 cum
1995 2982 2305 3039 hominibus
2317 2977 2650 3035 consortium
2669 2969 3258 3043 iuireﬂbldiguitate
3269 2980 3422 3021 com-

1850 3080 2032 3136 mista.
2061 3076 2307 3145 Quandiu
2338 3082 2517 3129 autem
2584 3082 2809 3137 uterque
2846 3067 2902 3120 in
2932 3062 3164 3135 propriis
3205 3072 3421 3115 manse-

150 3184 254 3247 rit,
287 3181 437 3237 Deus
468 3183 676 3238 scilicet
703 3185 755 3237 in
796 3197 894 3239 sua
942 3181 1175 3252 Specula,
1235 3152 1289 3236 et
1336 3180 1497 3235 homo
1526 3180 1579 3233 in
1638 3175 1946 3232 humilitate
2010 3185 2133 3237 sua,
2202 3183 2302 3224 nec
2332 3166 2547 3222 bonitas
2609 3158 2949 3221 miscebitur,
3021 3168 3122 3210 nec
3171 3152 3417 3223 benigni-

152 3288 248 3330 tas
325 3276 848 3343 communicabitur;
921 3276 1016 3331 sed
1086 3274 1193 3330 erit
1228 3289 1481 3345 magnum
1528 3285 1584 3328 et
1631 3267 2005 3326 inextricabile
2064 3267 2232 3322 chaos
2272 3260 2609 3330 interiectum
2666 3258 2734 3323 ⁷⁸,
2785 3270 2891 3310 non
2963 3252 3121 3307 modo
3187 3249 3412 3305 divitem

152 3389 181 3423 a
216 3368 464 3435 Lazaro,
496 3380 550 3425 et
569 3370 869 3441 expetendo
913 3369 1003 3426 illo
1027 3342 1401 3438 Abrahzesinu
1449 3366 1730 3430 dirimens,
1770 3377 1956 3418 verum
1985 3360 2149 3417 etiam
2197 3361 2538 3429 procreatam
2598 3361 2654 3406 et
2719 3348 2917 3405 ﬂuxam
2950 3353 3113 3414 atque
3160 3342 3420 3397 caducam

154 3473 451 3521 naturam.
485 3464 554 3517 ab
587 3464 829 3518 increata
854 3472 909 3518 et
930 3460 1130 3516 stabili.

233 3559 343 3613 II".
374 3559 544 3611 Τουτο
565 3558 844 3630 ἐκηρύχθη
879 3558 978 3629 μὲν
1005 3556 1111 3611 ὑπὸ
1131 3555 1241 3610 τῶν
1264 3553 1574 3627 προφητῶν,
1603 3554 1679 3617 ὡς
1696 3553 1750 3607 ὲν

1862 3504 1863 3507 Ἴ
1930 3543 2069 3601 XIII.
2108 3542 2212 3597 Hic
2267 3556 2297 3595 a
2352 3533 2633 3609 prophetis
2682 3528 2899 3600 quidem
2943 3522 3269 3595 praedicatus
3317 3526 3421 3583 εει,

156 3648 239 3718 τῷ
272 3648 414 3718 (80),
445 3647 689 3719 Πνεῦμα
709 3648 929 3716 Kvplov
956 3647 1047 3701 ἐπ’
1074 3646 1181 3716 ἐμέ
1210 3645 1324 3717 (81)
1344 3640 1373 3675 ·’
1408 3646 1502 3700 καὶ
1520 3687 1535 3712 ,
1592 3645 1749 3699 Ἀνα-

158 3741 468 3794 παύσεται
489 3740 584 3793 ἐπ’
612 3741 797 3795 αὑτὸν
823 3738 976 3794 ἑπτὰ
1004 3740 1323 3808 Πνεύματα
1339 3753 1352 3767 °
1385 3738 1499 3805 καὶ,
1522 3736 1749 3805 Κατέϐη

166 3832 419 3902 Πνεῦμα
444 3832 663 3900 Κυρίου
694 3830 826 3903 (82),
861 3830 960 3885 καί
991 3829 1306 3900 ὡδήγησεν
1330 3829 1551 3894 αὐτούς
1575 3844 1589 3858 ·
1635 3827 1748 3892 καὶ,

170 3922 402 3993 Πνεῦμα
430 3924 740 3994 ἐπιστήμης
790 3922 1076 3995 ὲμπλῆσαν
1123 3921 1385 3989 Βεσελεὴλ
1414 3919 1503 3973 τὸν
1536 3919 1753 3990 ἁρχιτέ-

171 4032 338 4069 κτονα
392 4016 494 4085 τῆς
547 4014 788 4084 σκηνῆς’
823 4014 955 4079 καὶ,
1007 4010 1232 4082 Πνεῦμα
1275 4008 1747 4082 παροξυνόμενον·

173 4108 290 4172 καὶ,
327 4105 558 4175 Πνεῦμα
579 4104 779 4176 ὲξᾶραν
812 4103 999 4158 Ἠλίαν
1057 4107 1113 4158 ὲν
1142 4103 1367 4176 ἅρματι,
1398 4102 1494 4156 καὶ
1520 4102 1754 4173 ξητηθὲν

182 4195 338 4268 παρὰ
377 4194 679 4248 Ἐλισσαίου
734 4192 1051 4248 διπλάσιονο
1082 4192 1198 4256 καὶ,
1254 4191 1519 4262 πνεύματι
1566 4188 1755 4262 ἀγαθῷ

173 4291 269 4342 καὶ
298 4286 615 4357 ἡγεμονικῷ
646 4286 810 4339 Δαϐὶδ
834 4285 1192 4358 ὁδηγούμενός
1220 4302 1278 4338 τε
1309 4285 1402 4337 καὶ
1433 4283 1754 4356 στηριζόμε-

172 4396 285 4442 νος.
330 4374 677 4448 Ἐπηγγέλθη
711 4375 789 4441 δὲ,
819 4374 921 4429 ὑπὸ
967 4375 1064 4447 μὲν
1106 4374 1257 4445 Ἰωὴλ
1302 4374 1564 4445 πρότερον
1587 4390 1599 4404 ·
1646 4373 1754 4427 Καὶ

170 4473 348 4524 ἔσται
377 4470 449 4522 ἐν
478 4466 607 4534 ταῖς
630 4466 917 4536 ἐσχάταις
955 4466 1221 4536 ἡμέραις,
1255 4466 1571 4536 λέγοντος-ο
1621 4466 1752 4521 Ἐκ-

1856 3636 2311 3713 quemadmodum
2394 3645 2461 3685 ex
2544 3626 2631 3681 his
2691 3622 2995 3691 Scriptura:
3039 3614 3173 3669 locis
3232 3618 3417 3681 patet:

1856 3702 2088 3803 Spiritus
2115 3728 2326 3782 Domini
2360 3737 2516 3791 super
2536 3735 2618 3773 me
2642 3719 2724 3772 '9:
2759 3723 2835 3774 et.
2889 3710 3224 3781 Requiescent
3273 3720 3421 3773 super
3514 3702 3517 3707 ’

1853 3799 1972 3881 cum
2002 3822 2230 3892 Spiritu:
2281 3825 2473 3886 septem
2503 3814 2585 3868 ⁸ος
2646 3810 2799 3875 item,
2864 3804 3143 3861 Descendit
3189 3799 3423 3871 Spiritus

1853 3917 2091 3981 Domini,
2127 3922 2176 3968 et
2203 3910 2420 3965 deduxit
2442 3923 2528 3961 eos
2567 3905 2609 3936 ⁸⁸
2642 3919 2659 3959 :
2693 3901 2759 3955 ad
2800 3899 2935 3966 hinc,
2963 3895 3201 3967 Spiritus
3235 3892 3420 3949 scien-

1854 4010 1944 4064 tia).
1972 4023 2001 4061 a
2024 4021 2130 4075 quo
2156 4000 2412 4065 Beseleel,
2438 3991 2776 4053 tabernaculi
2819 3990 3174 4049 architectus,
3242 3983 3424 4053 imple-

1853 4108 1944 4154 tus
1975 4106 2060 4153 est
2085 4096 2132 4128 ⁸⁸
2165 4109 2266 4149 :ac
2328 4100 2612 4161 praeterea,
2676 4082 2916 4152 Spiritus
2967 4079 3033 4133 ad
3086 4075 3422 4132 iracundiam

1851 4197 2189 4263 provocatus
2211 4186 2258 4219 ⁸³
2291 4203 2304 4240 :
2344 4184 2582 4251 insuper,
2613 4176 2848 4246 Spiritus
2869 4172 2962 4243 qui
2993 4169 3243 4224 Eliam'iu
3258 4182 3424 4223 curru

1851 4257 2067 4343 extulit,
2096 4293 2159 4332 ac
2194 4274 2387 4345 duplex
2413 4274 2481 4327 ab
2514 4270 2698 4324 Eliseo
2730 4265 3032 4334 postulatus
3057 4270 3142 4316 est
3172 4259 3256 4313 “z
3286 4257 3423 4311 adde

1857 4374 2105 4441 spiritum
2136 4371 2334 4424 bonum
2379 4375 2435 4420 et
2474 4358 2823 4433 principalem
2863 4354 2932 4420 ⁸⁵,
2964 4368 3071 4423 quo
3102 4351 3287 4441 David
3330 4350 3421 4403 de-

1859 4467 2074 4520 ducitur
2100 4472 2155 4517 et
2185 4459 2556 4515 conﬁrmatur.
2588 4450 2890 4506 l’romissus
2911 4455 3091 4500 autem
3125 4452 3237 4509 est;
3264 4437 3413 4510 prius

170 4562 293 4633 χεῶ
335 4561 458 4617 ἀπὸ
495 4561 604 4617 τοῦ
646 4534 1005 4632 Uiennam;
1037 4578 1157 4630 μου
1188 4558 1287 4613 ἐπὶ
1320 4534 1527 4614 ,πᾶσαν
1550 4558 1750 4627 σάρκα

1865 4557 2082 4627 quidem
2113 4568 2142 4608 a
2176 4551 2325 4608 Joele
2353 4549 2438 4604 his
2465 4543 2645 4601 verbis
2673 4550 2863 4595 utente
2892 4558 2908 4594 :
2942 4536 3013 4590 Et
3062 4536 3163 4590 erit
3213 4534 3271 4587 in
3329 4548 3425 4586 no-

245 4727 292 4757 ”
320 4724 443 4779 Act.
477 4722 585 4787 ",3
609 4738 725 4792 sqq.
799 4722 846 4753 "°
878 4722 1050 4792 Deut.
1076 4738 1148 4784 ιν,
1187 4720 1278 4775 24.
1357 4721 1407 4792 '“7
1429 4721 1549 4792 ᾼρι.
1576 4736 1634 4781 ιι,
1666 4720 1750 4792 ’5.Δ

1864 4718 1993 4773 ibid.
2068 4716 2114 4792 [³
2144 4714 2249 4792 lsa:
2274 4725 2481 4792 gxxvu,
2515 4702 2725 4792 162"“
2754 4700 2940 4792 doct-Mt,
3113 4694 3187 4792 ,⁷⁸
3217 4689 3419 4792 ἰξοῐξεὲ.

169 4776 727 4855 τινιιιξγῦὗςγλειξῖὶ,
787 4793 874 4845 5⁸7.
950 4792 996 4823 ⁷⁸
1034 4776 1162 4846 an'.
1217 4807 1350 4853 χχιι,
1387 4790 1456 4843 22
1488 4776 1632 4859 sqq;
1682 4789 1750 4843 '"l

176 4885 256 4922 λι.
291 4865 350 4921 2.
425 4865 468 4895 ⁸¹
504 4864 606 4921 Isa.
643 4878 798 4922 unt,
827 4862 913 4917 14.
987 4862 1032 4893 ⁶²
1063 4862 1234 4917 Exod.
1277 4876 1438 4922 xxxv,
1481 4860 1550 4915 30
1595 4876 1716 4922 sqq.

1853 4792 1903 4841 ul.
1940 4803 2019 4853 ιιι,
2069 4786 2125 4839 2.
2204 4784 2250 4814 ⁷⁸
2278 4782 2405 4836 Luc.
2441 4794 2548 4841 xvi,
2596 4776 2686 4830 26.
2768 4776 2809 4800 "
2838 4776 2940 4825 Isa.
2972 4783 3083 4830 ut,
3112 4776 3162 4819 1.
3236 4776 3281 4794 ον
3317 4776 3419 4818 Isa.

1853 4861 1998 4915 'lsa.
2060 4870 2213 4922 LXIII,
2279 4854 2364 4908 10.
2441 4849 2582 4905 μιν
2627 4848 2756 4917 Reg.
2810 4856 2871 4906 ιι,
2928 4836 3113 4907 θειιιι.
3198 4834 3244 4866 ⁸⁵
3279 4834 3422 4889 Psal.

176 4865 350 4993 31.1%.
425 4865 468 4895 ⁸¹
504 4864 606 4921 Isa.
643 4878 798 4931 unt,
827 4862 913 4917 14.
987 4862 1032 4893 ⁶²
1063 4862 1234 4917 Exod.
1277 4876 1438 4926 xxxv,
1481 4860 1550 4915 30
1595 4876 1716 4931 sqq.

176 4958 229 4993 ι..
333 4977 349 4992 ο

175 4958 229 5003 ι,
262 4958 349 4993 ιφ.

251 5078 366 5149 (74)
398 5072 800 5149 Πανταχόθεν.
837 5070 1004 5141 Begg.
1046 5068 1157 5134 bm,
1208 5068 1302 5139 ph,
1342 5067 1527 5123 decem
1575 5066 1753 5131 Colb.,

174 5143 306 5204 ειιξ..
336 5143 687 5215 πολλαχόθεν.

248 5218 364 5287 (75)
395 5206 693 5287 ιἘιῗτοῖς.
738 5210 869 5287 Reg.
920 5210 990 5287 ph
1025 5218 1080 5265 et
1117 5224 1211 5264 sex
1229 5207 1427 5287 _(_;olb.,
1449 5206 1555 5287 ἐπὶ
1613 5210 1753 5271 τοῖς.

246 5278 363 5357 (76)
392 5286 505 5357 Καὶ
541 5281 1038 5357 οὕτω(γενέσθαιζ
1068 5289 1172 5357 etc.
1198 5279 1397 5357 ‘Nicet.
1428 5278 1756 5357 “ZEUTXLpr-

250 5347 462 5413 νουτοῦ
491 5356 633 5409 θείου
657 5347 964 5422 ἀξιώματος
978 5354 1043 5422 τῇ
1075 5350 1337 5421 εὐτελείᾳ·
1372 5366 1391 5398 ι
1426 5347 1759 5422 Divina_tua-

172 5417 377 5498 festate
406 5444 467 5482 se
516 5417 936 5498 nostrzelvilitatj
971 5417 1371 5498 co'inruiscen'te.
1411 5436 1429 5469 ι
1461 5417 1573 5472 Νοιι
1622 5417 1759 5498 bene

178 5486 368 5556 Diliius
404 5512 420 5552 :
468 5516 486 5549 ι
522 5498 709 5563 sicque
735 5493 874 5563 inter
900 5490 1398 5563 Deumqethomines
1424 5486 1753 5543 consortium

180 5571 332 5634 iniri,
393 5561 678 5635 utriusque
729 5562 982 5616 videlicet
1031 5561 1294 5635 dignitate
1333 5561 1485 5635 inter
1509 5573 1568 5613 se
1600 5573 1753 5612 com-

181 5629 376 5705 mista;
419 5657 438 5689 ι
482 5629 639 5708 quasi
678 5635 856 5704 aliqua
895 5640 1040 5688 esset
1066 5629 1298 5687 hominis
1341 5629 1574 5701 dignitas
1629 5643 1750 5682 cum

180 5714 292 5767 Deo
324 5710 539 5772 collata.

251 5782 367 5852 (77)
399 5770 725 5852 Περιωπῇς.
761 5773 852 5831 Sic
901 5774 1025 5829 Bas.
1054 5774 1140 5829 ed.
1182 5779 1237 5828 et
1274 5770 1462 5828 Comb.
1500 5770 1625 5838 Alii,
1654 5787 1751 5824 πε-

185 5848 402 5923 ριοπῆς,
428 5849 586 5905 male.
616 5848 769 5903 Eutr.

2768 4768 2809 4800 "
2838 4769 2940 4825 Isa.
2972 4783 3083 4830 ut,
3112 4765 3162 4819 1.
3236 4764 3281 4794 ⁸ο
3315 4763 3419 4818 Isa.

1927 5064 2040 5138 (78)
2066 5062 2419 5138 Χάρμαιειε.
2467 5080 2489 5113 ι
2515 5060 2751 5138 vorago,
2786 5047 3423 5138 hiatusutnagnusetinl-

1858 5117 2221 5204 peiméabilis'.
2242 5153 2259 5184 ι
2287 5117 2471 5204 Plures
2494 5117 2707 5186 codices
2736 5117 2841 5183 hoc
2873 5125 3061 5182 ordine
3075 5117 3305 5190 'leguut:
3328 5117 3423 5189 χά-

1858 5203 2135 5278 σμοεμέγα
2153 5206 2209 5257 ὲν
2234 5203 2403 5278 μέσῳο

1931 5224 1970 5258 ια
2034 5223 2135 5274 εγα
2153 5223 2209 5257 εν
2234 5223 2403 5273 μεσω.

1931 5223 2040 5347 (Ἱὸ)
2081 5255 2422 5347 Famam“...
2457 5270 2770 5347 ἀγενήτου.
2825 5265 2915 5347 Sic
2945 5263 3184 5347 plerique
3209 5258 3425 5330 optima:

1858 5337 1998 5402 noia:
2022 5337 2178 5400 codd.
2217 5337 2272 5397 1ιι
2300 5337 2412 5413 εει..
2430 5337 2781 5413 -γεννητὴνη,
2823 5337 3138 5413 ἐγε-ννήτου.

1940 5416 2050 5485 (80)
2079 5414 2272 5485 Ὠςγέν
2299 5411 2397 5485 τῷ.
2423 5405 2513 5466 Sic
2542 5405 2792 5485 lt_égg'._et
2820 5406 2970 5485 golb.
2997 5405 3196 5475 plures.
3217 5405 3274 5457 In
3299 5414 3424 5456 n‘on—

1940 5430 2050 5485 (δυ)
2082 5430 2177 5479 “υς
2202 5430 2272 5466 εν
2299 5430 2397 5535 τις.
2423 5430 2513 5466 mc
2542 5430 2709 5480 uegg.
2737 5430 2792 5464 et
2820 5430 2894 5462 uo

1860 5488 2041 5548 nullis,
2068 5485 2144 5546 ὼς
2172 5484 2231 5537 ἓν
2254 5483 2332 5535 τό.
2381 5498 2412 5535 ιι
2446 5481 2678 5544 ει1.,ἒως
2707 5478 2765 5532 ἒν
2797 5476 2894 5549 τῷ.

1934 5537 2046 5628 (81)
2090 5537 2359 5628 ’ἐπἐξμέ.
2396 5537 3103 5628 Nonnulli'codd.’addunt,
3122 5537 3184 5598 οὗ
3216 5542 3423 5628 εἵνεκεν

1852 5613 2042 5751 Exstat.
2070 5643 2158 5697 με.
2195 5644 2213 5677 ι
2243 5613 2531 5693 Propterea
2561 5620 2714 5675 unxit
2741 5635 2845 5674 me.
2877 5637 2896 5670 ι
2919 5616 3011 5673 Sic
3034 5617 3197 5672 etiam
3221 5613 3425 5683 legerat

1903 5716 1912 5751 I
1960 5714 2060 5751 IIIS.

1903 5714 2060 5753 IlllllS.

1894 5769 2040 5893 ί(82)
2084 5765 2326 5836 Πνεῦμα
2351 5762 2591 5834 Κυρίου.
2643 5758 2701 5816 1ιι
2762 5758 3099 5831 quibusdam,
3140 5753 3289 5826 παρὰ
3312 5754 3423 5809 Ku-

1911 5857 1991 5893 ου.

1857 5857 1991 5912 ριου.
