4050 6298
627 341 731 396 447

1822 333 1879 386 S.
1922 326 2251 387 GREGORII
2291 325 2637 383 THEOLOGI

3766 309 3876 366 ΗΒ

627 456 857 512 cissimis
877 453 1055 508 diebus
1087 469 1106 508 :
1139 452 1428 522 E/I'undam
1455 453 1517 507 de
1541 451 1746 522 Spiritu
1768 468 1881 506 meo
1907 464 2062 520 super
2084 465 2188 503 om-

2307 446 2310 520 :
2335 445 2532 516 δηλαδὴ
2565 444 2663 515 τὴν
2691 439 3052 496 πιστεύουσαν
3084 435 3254 510 [85]),
3285 433 3382 489 καὶ
3407 431 3671 497 ἐπὶετοὺς
3701 427 3883 497 υἱοὺς

631 565 748 603 nem
780 563 988 602 carnem
1011 544 1241 616 (scilicet
1265 547 1368 602 ﬁde
1397 545 1725 616 praeditam),
1777 552 1826 597 et
1857 559 2013 612 super
2057 541 2194 602 ﬁlios

630 651 826 694 vestros
855 651 900 694 et
946 656 1102 711 super
1125 640 1266 709 ﬁlias
1292 652 1486 694 vestras
1516 639 1586 704 ⁸⁸,
1614 647 1666 692 et
1704 651 1823 707 qua:
1847 643 2146 704 sequuntur
2177 650 2192 698 ;

630 745 814 802 postea
850 742 1030 786 autem
1063 733 1130 786 ab
1166 733 1281 803 ipso
1305 746 1518 801 quoque
1543 730 1828 798 Jesu,qui,
1873 738 1929 782 ut
1976 743 2006 780 a
2073 713 2197 794 Spi-

633 824 740 875 ritu
775 821 1196 893 gloriﬁcatur",
1227 825 1300 875 ita
1335 822 1574 876 vicissim
1603 835 1818 891 quoque
1865 821 2040 888 ipsum
2082 817 2196 887 glo-

630 911 1317 983 riﬁcauquemadmodum
1358 923 1411 967 et
1435 912 1648 966 Patrem
1709 910 1998 982 gloriﬁcat,
2051 916 2105 962 et
2164 921 2193 960 a

630 1007 787 1062 Patre
819 1007 1244 1076 gloriﬁcatur”.
1315 1006 1380 1059 Et
1442 1007 1560 1060 haec
1607 1005 1826 1075 quidem
1879 1000 2194 1076 promissio,

629 1117 789 1170 quam
836 1101 980 1172 larga
1015 1111 1068 1156 et
1100 1101 1316 1172 capiosa
1339 1108 1444 1163 est,
1479 1099 1595 1153 fore
1621 1108 1679 1152 ut
1707 1097 1759 1151 in
1781 1104 2040 1150 mternum
2069 1106 2196 1162 per-

631 1203 846 1247 maneat
871 1193 955 1260 ⁸”;
998 1195 1110 1248 sive
1139 1209 1281 1249 nunc
1319 1208 1440 1248 cum
1475 1191 1560 1246 his
1602 1190 1689 1260 qui
1717 1205 1812 1258 per
1859 1197 2065 1256 tempus
2119 1183 2198 1238 di-

631 1279 721 1347 gni
753 1291 944 1344 erunt;
981 1282 1094 1336 sive
1121 1281 1174 1334 in
1211 1290 1490 1351 posterum
1514 1295 1634 1335 cum
1658 1279 1764 1342 his,
1829 1278 1920 1346 qui
1973 1273 2197 1329 alterius

2302 537 2486 607 ὑμῶν,
2523 536 2619 590 καί
2651 534 2748 588 ἐπὶ
2779 535 2884 600 τὰς
2913 531 3239 601 θυγατέρας
3269 524 3454 595 ὑμῶν,
3487 524 3580 578 καὶ
3609 523 3675 577 τὰ
3709 522 3844 592 ἑξῆς
3862 538 3880 553 ⁸

2303 630 2406 684 ὑπὸ
2443 628 2499 682 δὲ
2547 625 2719 698 Ἰησοῦ
2751 626 2844 679 καὶ
2891 623 3135 694 ὕστερον,
3180 617 3536 688 δοξαζομένου
3566 632 3625 668 τε
3655 615 3751 668 καὶ
3786 615 3893 667 ἁν-

2302 719 2686 786 τιδοξάζοντος,
2718 717 2794 781 ὡς
2833 716 2923 769 τὸν
2951 713 3190 783 Πατέρα,
3223 710 3315 764 καὶ
3343 708 3448 762 ὑπὸ
3494 707 3588 760 τοῦ
3635 705 3887 775 Πατρός.

2279 813 2465 882 ⁴Καὶή
2499 809 2819 878 ἐπαγγελία,
2855 808 2927 871 ὡς
2989 805 3217 876 δαψιλὴς
3244 845 3258 869 ,
3319 799 3735 862 συνδιαιωνίξειν
3765 796 3886 868 (84)

2303 905 2396 958 καὶ
2423 921 2483 955 συ
2493 901 2888 972 μπαραμενεῖν,
2919 898 3093 951 εῖτουν
3123 894 3216 950 νῦν
3241 896 3354 958 τοῖς
3374 891 3516 946 κατὰ
3546 890 3733 959 καιρὸν
3761 886 3886 955 (85)

2302 993 2472 1060 ἀξίοις
2500 1033 2513 1056 ,
2550 991 2658 1042 εἴτε
2693 988 2917 1059 ὕστερον
2965 987 3079 1048 τοῖς
3127 984 3235 1037 τῶν
3282 985 3459 1036 ὲκεῖσε
3517 978 3884 1049 ἀξιουμένοις,

2301 1086 2428 1138 ὅταν
2462 1081 2749 1153 ὀλόκληρον
2777 1079 2910 1132 αὐτὸ
2958 1081 3024 1149 τῇ
3059 1076 3304 1147 πολιτείᾳ⁸
3338 1073 3680 1144 φυλάξωμεν.
3741 1070 3891 1124 ἀλλὰ

2309 1174 2382 1245 μὴ
2411 1170 2661 1226 τοσοῦτον
2695 1167 3059 1239 ἀποϐάλωμεν
3085 1207 3100 1234 ,
3147 1164 3268 1220 καθ’
3295 1166 3417 1219 ὅσον
3456 1163 3520 1216 ἂν
3551 1160 3892 1232 ἁμαρτάνω.

2309 1281 2425 1334 μεν.

631 1376 726 1428 mvi
762 1375 916 1430 bonis
947 1376 1092 1448 digni
1122 1348 1494 1440 habebuntur;
1536 1385 1884 1444 posteaquam
1939 1369 2188 1425 videlicet

2307 1373 2402 1414 .um
2465 1372 2559 1426 per
2627 1354 2911 1410 honestam
2963 1361 3018 1408 et
3042 1351 3350 1422 praeclaram
3419 1349 3541 1404 vita
3605 1348 3873 1403 rationem

631 1468 897 1538 integrum
981 1470 1398 1533 servaverimus,
1467 1483 1531 1523 ac
1603 1482 1710 1522 non
1750 1468 2016 1522 hactenus
2058 1458 2421 1537 amiserimus.
2475 1459 2740 1520 qualenus
2770 1447 2821 1500 Ῐη
2850 1455 3130 1514 Ρθεθτιῑυτη
3165 1441 3399 1513 Ιποίίιρδῖ
3449 1441 3716 1496 fuerimus

702 1562 843 1618 XIV.
903 1564 1001 1620 llic
1065 1565 1303 1633 Spiritus
1363 1579 1486 1620 cum
1545 1563 1681 1619 Filio
1737 1562 1954 1632 quidem
2015 1573 2194 1614 rerum

631 1658 958 1712 creationem
993 1668 1045 1712 et
1082 1656 1530 1712 resurrectionem
1589 1655 1905 1710 fabricatur.
1967 1651 2199 1708 Suadeat

636 1750 729 1804 tibi
762 1749 949 1804 istud:
993 1748 1160 1810 Verbo
1198 1749 1414 1803 Domini
1453 1749 1566 1804 caeli
1594 1748 1793 1815 firmati
1825 1755 1969 1811 sunt,
2009 1753 2058 1798 et
2082 1742 2201 1812 Spi-
2238 1770 2278 1826 Β

635 1844 740 1897 ritu
768 1844 874 1896 oris
897 1843 1009 1912 ejus
1036 1843 1201 1896 omnis
1225 1841 1392 1895 virtus
1422 1858 1599 1895 eorum
1630 1841 1675 1872 ⁹⁰
1703 1857 1718 1906 ;
1742 1848 1819 1903 et,
1855 1838 2087 1905 Spiritus
2111 1835 2195 1890 di-

635 1935 802 2000 vinus,
827 1936 915 2004 qui
947 1935 1068 2005 fecit
1092 1950 1170 1988 me
1205 1949 1224 1988 :
1260 1932 1449 1987 Ftutus
1477 1933 1865 2002 omnipotentis,
1903 1931 1993 2001 qui
2051 1928 2198 1982 docet

633 2043 714 2080 me
742 2027 902 2091 ":et
950 2041 1158 2090 rursus,
1215 2024 1436 2080 Emittes
1487 2023 1746 2094 Spiritum
1794 2033 1942 2076 tuum
1979 2031 2028 2076 et
2062 2035 2203 2074 crea-

635 2127 849 2188 buutur,
881 2133 928 2179 et
965 2124 1236 2179 renovabis
1260 2125 1445 2178 faciem
1475 2131 1629 2177 terrm
1657 2124 1724 2176 ³⁸.
1759 2121 1858 2178 Est.
1887 2123 2048 2176 etiam
2111 2120 2202 2176 ille

640 2218 939 2287 spiritualis
986 2216 1419 2287 regenerationis
1478 2225 1690 2269 auctor.
1745 2213 1914 2283 Hujus
1975 2213 2054 2268 rei
2107 2212 2202 2268 tibi

636 2310 792 2366 ﬁdem
813 2309 992 2376 faciat,
1028 2311 1170 2379 quod
1209 2307 1462 2362 Christus
1490 2307 1566 2360 ait
1599 2325 1615 2362 :
1653 2304 1924 2361 Neminem
1979 2321 2201 2376 regnum

635 2414 805 2468 uidere
840 2411 1182 2480 autuccipere
1209 2423 1378 2477 posse,
1415 2408 1515 2463 nisi
1545 2408 1636 2477 qui
1669 2424 1759 2476 per
1811 2404 2066 2474 Spiritum
2112 2407 2204 2459 de-

635 2519 794 2572 super
830 2514 1040 2556 renatus
1068 2501 1226 2571 fuerit
1253 2500 1323 2566 9’,
1391 2515 1454 2554 ac
1481 2516 1578 2570 per
1615 2501 1861 2554 diurnam
1887 2509 1942 2555 et
1968 2499 2199 2555 lucidam

639 2593 799 2665 742
829 2593 1182 2655 creationem,
1204 2607 1308 2662 qua
1339 2607 1433 2662 per
1460 2607 1580 2647 sese
1611 2593 1840 2662 quisque
1903 2591 2143 2662 ﬁngitur,
2173 2605 2204 2645 a

637 2689 804 2757 priori
823 2687 1322 2756 generatione,quae
1348 2685 1524 2740 noctis
1540 2701 1799 2740 arcanum
1827 2693 1931 2749 est,
1949 2684 2206 2754 puriﬁca-

641 2788 726 2834 tus
757 2778 939 2834 fuerit.
961 2778 1057 2833 llic
1075 2778 1331 2848 Spiritus,
1356 2787 1543 2847 utpote
1567 2777 2026 2848 sapientissimus,
2044 2786 2206 2846 atque

640 2873 915 2925 hominum
951 2871 1373 2935 amantissinms,
1425 2871 1468 2924 si
1500 2880 1773 2940 pastorem
1792 2878 1988 2924 nactus
2025 2869 2204 2932 fuerit,

640 2964 864 3034 psaltem
897 2963 1073 3030 eﬁicit,
1115 2981 1310 3020 oravos
1357 2965 1580 3034 spiritus
1621 2964 2012 3030 incantantem,
2047 2972 2208 3032 atque

639 3065 851 3119 lsraelis
875 3079 1052 3136 regem
1083 3067 1330 3136 designat
1358 3065 1428 3120 “.
1460 3063 1518 3120 Si
1544 3066 1852 3136 caprarium
1884 3081 2065 3121 moros
2096 3066 2210 3120 vel-

640 3166 912 3231 licantem,
967 3166 1284 3236 prOphetam
1305 3166 1501 3221 reddit.
1529 3167 1784 3221 Davidcm
1814 3169 1859 3200 9"
1892 3176 1948 3221 et
1968 3167 2136 3222 Amos
2158 3169 2205 3200 ⁹⁶

639 3263 840 3328 cogita.
871 3259 926 3314 Si
973 3261 1368 3316 adolescentem
1394 3259 1634 3329 pulchra:
1660 3259 1856 3314 indolis
1910 3260 2202 3330 acceperit,

640 3353 1086 3422 presbyterorum
1155 3351 1392 3419 judicem
1468 3351 1766 3416 constituit,
1841 3351 2001 3420 idque
2047 3367 2208 3422 supra

638 3459 801 3514 quam
843 3444 1017 3498 aetatis
1043 3443 1182 3497 ratio
1207 3442 1347 3497 ferre
1371 3443 1605 3498 videtur.
1638 3442 1814 3498 Testis
1839 3454 1920 3498 est
1942 3445 2205 3510 Daniel",

637 3539 730 3604 qui
759 3539 943 3592 leones
975 3537 1025 3590 in
1055 3537 1169 3591 lacu
1198 3537 1490 3606 superavit.
1533 3537 1590 3591 Si
1633 3537 1931 3606 piscatores
1983 3537 2208 3593 invene-

641 3631 732 3691 rit,
761 3629 1190 3689 Christoirretit,
1218 3637 1275 3681 ut
1318 3628 1503 3681 orbem
1581 3628 1894 3683 universum
1941 3629 2210 3685 sermonis

643 3717 847 3770 retibus
903 3715 1349 3784 complectantur.
1402 3713 1620 3769 Petrum
1683 3717 1810 3771 mihi
1880 3726 2046 3786 atque
2085 3718 2198 3772 An-

640 3808 825 3860 dream
853 3805 1060 3873 accipe,
1099 3805 1430 3872 tonitruique
1483 3805 1621 3861 ﬁlios
1642 3808 1709 3872 ’5,
1761 3809 1850 3878 qui
1883 3809 2186 3878 spiritualia

645 3899 1011 3951 intonuerunt.
1052 3896 1110 3950 Si
1141 3896 1473 3964 publicanos.
1508 3900 1574 3952 ad
1589 3898 1965 3969 discipulatum
1987 3900 2202 3956 elucra-

643 4001 756 4053 tur,
786 3998 948 4058 atque
989 3989 1289 4042 animarum
1350 3991 1708 4059 negotiatores
1760 3991 1944 4047 efﬁcit.
2008 3992 2187 4048 Tesﬁs

645 4083 926 4138 Maithzeus
949 4083 1016 4148 θ’,
1063 4082 1178 4136 heri
1241 4080 1601 4150 publicanus,
1649 4083 1807 4138 hodie
1845 4086 2192 4156 evangelista.

643 4175 702 4230 Si
732 4175 940 4230 feroces
965 4187 1356 4245 persecutores,
1397 4177 1570 4233 zelum
1614 4186 1932 4242 commutat,
1955 4194 2018 4234 ac
2075 4179 2212 4236 Pau-

647 4267 728 4323 los
772 4284 872 4338 pro
911 4268 1092 4323 Saulis
1129 4268 1278 4335 facit,
1305 4284 1404 4324 nec
1430 4270 1606 4324 minus
1635 4270 1753 4340 pios
1817 4270 2010 4336 reddit,
2048 4261 2210 4341 uuam

646 4363 840 4432 impios
865 4360 1167 4415 oﬁ‘euderat
1198 4362 1238 4415 ¹.
1276 4360 1372 4414 llic
1397 4369 1452 4415 et
1482 4360 1726 4415 lenitatis
1747 4371 1830 4415 est
1867 4359 2132 4429 Spiritus;
2159 4370 2212 4415 et.

2379 1549 2477 1601 IA'.
2540 1543 2712 1598 Τοῦτο
2762 1542 2822 1595 τὸ
2879 1541 3102 1612 Πνεῦμα
3153 1539 3569 1610 συνδημιουργεῖ
3622 1536 3720 1607 μὲν
3770 1533 3892 1605 Υἱῷ

2303 1639 2398 1693 καὶ
2427 1637 2526 1708 τὴν
2583 1635 2760 1689 κτίσιν
2810 1633 2906 1687 καὶ
2933 1632 3029 1702 τὴν
3059 1633 3374 1688 ἀνάστασιν.
3417 1630 3526 1684 Καὶ
3559 1628 3794 1682 πειθέτω
3827 1645 3893 1680 σε

2305 1729 2386 1793 τὸ,
2430 1727 2514 1792 Τῷ
2555 1726 2722 1794 Λόγῳ
2765 1723 2987 1790 Κυρίου
3021 1725 3072 1775 οἱ
3114 1718 3357 1789 οὐρανοὶ
3408 1715 3892 1786 ἐστερεώθησαν,

2307 1817 2511 1883 καὶτῷ
2557 1815 2854 1883 Πνεύματι
2905 1812 3011 1866 τοῦ
3057 1811 3354 1880 στόματος
3401 1808 3588 1862 αὐτοῦ
3630 1806 3805 1860 πᾶσα
3851 1808 3896 1875 ἡ

2302 1909 2553 1978 δύναμις
2576 1901 2794 1959 αὺτῶνο
2833 1902 3074 1972 Πνεῦμά
3100 1919 3160 1955 τε
3185 1901 3347 1956 θεῖον
3373 1899 3440 1954 τὸ
3474 1898 3742 1968 ποιῆσάν
3759 1915 3844 1967 με
3871 1915 3895 1927 ο

2302 2001 2465 2070 Hrof)
2489 2000 2556 2054 δὲ
2576 1995 3054 2066 παντοκράτορος
3078 1997 3111 2064 ἡ
3133 1991 3510 2049 διδάσκουσά
3531 2009 3604 2062 με
3624 2009 3638 2023 ·
3663 1991 3758 2044 καὶ
3783 1991 3898 2044 πά-

2302 2095 2385 2146 λιν
2409 2111 2422 2124 ·
2469 2088 2927 2157 Ἐξαποστελεῗς
2957 2087 3025 2141 τὸ
3048 2085 3290 2156 Πνεῦμά
3316 2100 3464 2149 σου,
3505 2083 3601 2137 καὶ
3635 2080 3896 2148 κτισθή-

2303 2202 2534 2251 σονται,
2584 2184 2681 2238 καὶ
2737 2179 3103 2246 ἀνακαινιεῒς
3148 2176 3216 2232 τὸ
3260 2178 3584 2246 πρόσωπον
3609 2175 3722 2243 τῆς
3749 2173 3890 2244 γῆς.

2305 2278 2637 2350 Δημιουργεῖ
2682 2273 2739 2327 δὲ
2785 2273 2896 2345 (86)
2929 2271 3026 2343 τὴν
3070 2270 3443 2341 πνευματικὴν
3489 2268 3892 2337 ἁναγέννησιν·

2304 2371 2399 2423 καὶ
2426 2369 2658 2422 πειθέτω
2709 2383 2768 2419 σε
2819 2365 2880 2418 τὸ
2904 2403 2918 2428 ,
2959 2363 3202 2432 Μηδένα
3238 2361 3530 2416 δύνασθαι
3572 2361 3688 2428 τὴν
3707 2361 3898 2424 βασι-

2303 2461 2475 2516 λείαν
2508 2458 2656 2512 ἰδεῖν
2686 2457 2726 2526 ἣ
2755 2455 2985 2522 λαϐεῖν,
3018 2454 3086 2520 ὅς
3111 2471 3198 2520 τις
3222 2451 3307 2523 μὴ
3337 2452 3564 2506 ἄνωθεν
3593 2451 3890 2521 ἐγεννήθη

2306 2553 2627 2620 Πνεύματι,
2662 2549 2758 2604 κα)⁸
2784 2548 2882 2620 τὴν
2913 2547 3186 2619 προτέραν
3229 2543 3564 2616 ἐκαθαρίσθη
3609 2543 3887 2614 γέννησιν,

2307 2646 2340 2715 ἢ
2371 2643 2566 2706 νυκτός
2598 2645 2715 2696 ἐστι
2746 2641 3064 2714 μυστήριον,
3098 2639 3334 2710 ἡμερινῇ
3361 2637 3456 2691 καί⁵
3501 2639 3736 2706 φωτεινῇ
3768 2637 3890 2690 δια-

2309 2736 2528 2800 πλάσει,
2559 2735 2625 2806 ἢν
2659 2732 2780 2787 καθ’
2815 2732 3008 2786 ἑαυτὸν
3056 2731 3164 2802 (87)
3199 2729 3426 2792 ἕκαστος
3475 2727 3887 2781 διαπλάττεται.

2309 2825 2478 2879 Τοῦτο
2507 2825 2568 2879 τὸ
2598 2823 2824 2895 Πνεῦμα
2855 2821 3202 2894 (σοφώτατον
3229 2820 3337 2892 γὰρ
3383 2821 3474 2873 καὶ
3509 2817 3892 2888 φιλανθρωπό-

2307 2915 2529 2984 τατον),
2564 2916 2628 2970 ἂν
2651 2915 2886 2986 ποιμένα
2909 2913 3070 2986 λάϐῃ,
3105 2913 3314 2985 ψάλτην
3345 2913 3506 2976 ποιεῖ,
3555 2909 3890 2979 πνευμάτων

2310 3008 2560 3079 πονηρῶν
2585 3006 2978 3077 κατεπᾴδοντα,
3015 3005 3107 3058 καὶ
3149 3003 3372 3074 βασιλέα
3394 3001 3486 3056 τοῦ
3520 3001 3736 3073 Ἰσραὴλ
3759 3002 3889 3055 ἁνα-

2237 3109 2279 3167 C
2311 3101 2582 3156 δείκνυσιν
2643 3098 2777 3170 (88).
2833 3097 2957 3151 Ἐὰν
3009 3097 3229 3150 αἰπόλον
3287 3096 3559 3166 συκάμινα
3613 3092 3882 3156 κνίζοντα,

2315 3196 2599 3268 προφήτην
2633 3193 2945 3264 ἐργάζεται.
2972 3191 3075 3244 Τὸν
3115 3190 3281 3246 Δαϐὶδ
3326 3191 3420 3243 κα).
3448 3188 3540 3242 τὸν
3578 3186 3758 3257 Ἀμὼς
3797 3187 3886 3239 ὲν-

2313 3285 2603 3357 θυμήθητι.
2651 3284 2778 3339 Ἐὰν
2812 3282 3096 3355 μειράκιον
3130 3281 3328 3351 εὐφυὲς
3373 3280 3512 3354 λάϐῃ
3537 3319 3552 3344 ,
3583 3277 3887 3352 πρεσϐυτέ-

2315 3396 2422 3451 ρων
2452 3379 2599 3431 ποιεῖ
2629 3376 2822 3448 κριτὴν
2865 3374 2958 3428 καὶ
3006 3374 3136 3447 παρ’
3183 3373 3414 3445 ἠλικίαν.
3456 3373 3742 3444 Μαρτυρεῖ
3769 3375 3892 3424 Δα-

2311 3467 2451 3539 νιὴλ,
2473 3469 2502 3521 ὁ
2525 3468 2754 3538 νικήσας
2781 3468 2837 3519 ἐν
2859 3465 3045 3536 λάκκῳ
3072 3464 3314 3528 λέοντας.
3351 3464 3474 3518 Ἐὰν
3505 3463 3691 3526 ἁλιέας
3723 3462 3887 3534 εὖρῃ,

2313 3559 2598 3632 σαγηνεύει
2626 3557 2864 3631 Χριστῷ,
2913 3557 3116 3628 κόσμον
3153 3558 3274 3611 ὅλον
3305 3559 3371 3629 τῇ
3402 3555 3496 3610 τοῦ
3523 3555 3679 3624 λόγου
3711 3555 3892 3628 πλοκῇ

2314 3652 2802 3722 συλλαμϐάνοντας.
2863 3650 3070 3721 Πέτρον
3126 3649 3258 3702 λάϐε
3294 3665 3420 3720 μοι,
3455 3647 3548 3702 καὶ
3611 3647 3892 3718 Ἀνδρέαν,

2312 3745 2406 3797 καὶ
2432 3744 2558 3809 τοὺς
2608 3744 2757 3807 υἱοὺς
2785 3742 2885 3812 τῆς
2923 3740 3167 3814 βροντῆς,
3196 3740 3265 3795 τὰ
3292 3738 3633 3811 πνευματικὰ
3660 3738 3895 3810 βροντή-

2314 3853 2529 3900 σαντας.
2578 3835 2703 3889 Ἐὰν
2741 3835 2998 3900 τελώνας,
3034 3836 3114 3898 είς
3148 3833 3442 3905 μαθητείαν
3470 3831 3761 3902 κερδαίνει,
3796 3829 3897 3883 καὶ

2311 3928 2498 4000 ψυχῶν
2523 3927 2795 3999 ἐμπόρους
2827 3927 3168 3999 δημιουργεῖ.
3199 3925 3336 3995 Φησὶ
3373 3922 3669 3986 Ματθαῖος,
3715 3921 3744 3974 ὁ
3763 3920 3897 3990 χθὲς

2311 4019 2566 4092 τελώνης,
2602 4019 2696 4073 κα).
2752 4021 2989 4092 σήμερον
3041 4017 3448 4088 εύαγγελιστής.
3505 4015 3630 4068 Ἐὰν
3655 4014 3897 4078 διώκτας

2313 4112 2568 4183 θερμοὺς,
2625 4110 2716 4164 τὸν
2751 4110 2908 4181 ζῆλον
2944 4110 3285 4182 μετατίθησι,
3337 4108 3432 4162 καὶ
3464 4110 3606 4161 ποιεῖ
3643 4106 3898 4169 Παύλους

2312 4203 2434 4257 ἀντὶ
2461 4202 2702 4266 Σαύλων,
2737 4204 2832 4256 καὶ
2869 4201 3119 4258 τοσοῦτον
3144 4203 3224 4265 εἰς
3268 4200 3570 4263 εὐσέϐειαν,
3621 4201 3746 4253 ὅσον
3801 4201 3888 4262 είς

2313 4293 2509 4346 κακίαν
2532 4293 2849 4348 κατέλαϐεν.
2882 4292 3052 4347 Τοῦτο
3084 4293 3180 4346 καὶ
3219 4290 3445 4362 Πνεῦμά
3483 4291 3596 4343 ἐστι
3636 4291 3888 4360 πραότη-

2313 4401 2403 4448 τος
2421 4401 2436 4414 ·
2462 4384 2556 4438 καὶ
2582 4381 2943 4456 παροξύνεται
2967 4387 3078 4449 τοῖς
3111 4385 3531 4456 ἁμαρτάνουσιν.
3586 4379 3894 4452 Τοιγαροῦν

645 4465 822 4510 tamen
851 4455 902 4508 in
937 4468 1052 4520 eos,
1079 4453 1168 4524 qui
1200 4462 1445 4523 peccant,
1470 4453 1750 4509 incitatur.
1773 4452 2006 4509 Proinde
2037 4454 2204 4510 lenem

2315 4452 2677 4548 πειραθῶμεν⁷
2699 4475 2774 4540 ὡς
2807 4476 3002 4548 πράου,
3055 4452 3164 4529 καὶ-
3313 4474 3550 4548 ὀργίλου,
3585 4474 3682 4545 τὴν
3735 4472 3894 4538 ἀξίαν

645 4551 818 4620 ipsum
846 4561 900 4604 et
921 4548 1266 4614 clementem,
1307 4563 1412 4602 non
1450 4557 1630 4602 autem
1667 4546 1984 4602 iracundum
2041 4562 2206 4618 expe-

648 4643 873 4706 riamur,
900 4641 1214 4709 dignitatem
1259 4639 1428 4709 ipsius
1472 4641 1810 4706 conlitentes,
1850 4653 1913 4694 ac
1967 4638 2212 4710 blasphe-

647 4734 809 4787 miam
841 4731 1124 4802 fugientes,
1175 4745 1274 4786 nec
1329 4745 1452 4784 eum
1524 4731 1938 4802 implacabiliter
1971 4733 2210 4787 irascen-

2304 4564 2710 4636 ὁμολογοῦντες,
2738 4567 2834 4619 καὶ
2857 4567 2918 4619 τὸ
2953 4566 3272 4637 βλάσφημον
3306 4566 3418 4637 (89)
3449 4565 3763 4634 φεύγοντες,
3796 4567 3896 4618 καὶ

2311 4659 2384 4730 μὴ
2413 4659 2762 4732 βουληθῶμεν
2790 4659 2918 4713 ἰδεῖν
2939 4659 3294 4731 ὀργιζόμενον
3317 4657 3701 4729 ἁσυγχὼρητα.
3723 4657 3898 4711 Τοῦτο

2310 4750 2455 4820 κάμὲ
2497 4752 2642 4803 ποιεῖ
2678 4751 2917 4823 σήμερον
2953 4751 3081 4821 ύμῖν
3109 4749 3380 4821 τολμηρὸν
3412 4749 3626 4821 κήρυκα
3647 4763 3661 4778 ⁸
3718 4749 3766 4800 εί
3791 4747 3896 4818 μὲν

717 4887 904 4968 “geel
951 4904 1017 4968 ιι,
1068 4887 1160 4941 9.8.
1210 4887 1280 4968 fa"
1327 4887 1620 4968 luerunt,
1655 4889 1739 4942 li.
1817 4889 2189 4968 1'103_f_l._\'l_il,

2381 4903 2424 4935 ⁸³
2453 4901 2608 4957 Joan.
2640 4916 2750 4968 xtv,
2781 4901 2868 4956 16.
2941 4903 2986 4934 ⁹⁰
3011 4900 3154 4955 Psal.
3192 4899 3426 4963 xxxn,6.
3501 4898 3546 4931 ⁹¹
3575 4896 3892 4965 Jobxxxm,

643 4961 698 5014 4.
774 4961 818 4990 ⁹¹
853 4959 990 5012 Psal.
1052 4973 1164 5021 cm,
1210 4958 1296 5010 50.
1371 4959 1416 4990 ³³
1463 4957 1616 5012 Joan.
1687 4976 1770 5022 Ill.
1817 4961 1869 5015 5.

717 5192 826 5262 (83)
875 5194 1316 5248 Πιστεύουσαν.
1346 5191 1511 5263 Regg.
1556 5191 1664 5256 bm,
1702 5193 1795 5261 ph,
1835 5201 1966 5257 etc.,
1999 5199 2219 5252 πιστεύ-

647 5279 836 5406 σαῗὶῗῖ)
861 5333 1344 5406 Συνόιαιῳνίζειν.
1382 5333 1471 5389 Sic
1496 5332 1662 5404 liegg.
1692 5334 1802 5402 bm,
1833 5336 1925 5406 ph,
1956 5337 2120 5394 Coisl.
2167 5340 2216 5406 l,

647 5415 753 5456 etc.
782 5403 835 5456 In
858 5405 968 5466 ed.,
1000 5405 1410 5458 συνδιαιωνίσει.

722 5473 833 5545 (85)
871 5475 1032 5548 Κατᾴ
1061 5476 1286 5548 καιρόν.
1325 5493 1342 5526 ι
1381 5475 1485 5529 Pro
1515 5484 1772 5542 tempore,
1812 5493 1906 5548 per
1929 5486 2155 5548 tempus.
2192 5497 2210 5530 ι

654 5543 969 5619 MinuSapte
1003 5546 1122 5619 Bill.
1152 5543 1170 5596 ι
1214 5549 1279 5598 ad
1321 5556 1552 5614 tempus,
1595 5563 1613 5596 ι
1644 5543 2068 5617 quasi—Spiritus
2101 5567 2222 5619 gra-

653 5617 724 5668 tia
761 5629 826 5667 ex
850 5630 909 5670 se
951 5634 970 5666 ι
1003 5617 1067 5669 ad
1101 5627 1314 5683 tempus
1349 5634 1366 5665 ι
1406 5620 1495 5669 sit.

725 5684 837 5758 (86)
872 5684 1335 5758 Anguem-reide".
1387 5685 1477 5758 Sic
1519 5685 1696 5755 plures
1729 5686 1896 5758 ηερε.
1948 5697 2002 5744 et
2044 5688 2218 5756 Colb.,

651 5755 862 5820 Cumb.,
895 5768 998 5809 etc.
1030 5755 1185 5810 Deest
1220 5755 1277 5808 δέ
1313 5757 1361 5807 in
1392 5756 1477 5810 ed.

726 5824 836 5894 (87)
881 5827 1144 5882 'llrxao‘
1192 5827 1424 5892 ἑαυτόν,
1480 5836 1582 5881 etc.
1640 5846 1656 5878 ι
1695 5827 1895 5898 Strepte
1953 5831 2222 5900 proposito

649 4961 698 5014 4.
774 4961 818 4990 ⁹¹
853 4959 990 5012 Psal.
1052 4973 1164 5021 cm,
1210 4959 1296 5010 50.
1371 4959 1416 4990 ³³
1463 4959 1616 5012 Joan.
1687 4976 1770 5022 Ill.
1817 4961 1869 5015 5.
1979 4961 2026 4994 οδ
2059 4959 2078 5012 l
2115 4965 2204 5030 ιιρι

649 5046 764 5094 λιιι,
801 5029 891 5082 45.
960 5028 1006 5060 ’⁸
1035 5027 1229 5083 Matth.
1265 5044 1336 5093 tv,
1383 5028 1570 5082 18-21.
1642 5029 1687 5061 ⁸⁸
1717 5029 1904 5085 Matth.
1934 5033 2098 5098 tx,-9.
2174 5035 2190 5064 ί

2314 4987 2386 5040 vr,
2423 4973 2490 5026 12
2533 4989 2650 5043 sqq.

2307 5052 2340 5096 l.
2376 5059 2485 5109 vtu,
2522 5045 2556 5099 3
2587 5061 2645 5109 sq

2762 4973 3080 5026 "ibid.lt.
3186 4970 3397 5024 "Amos
3449 4984 3488 5036 ι,
3548 4969 3600 5024 1.
3679 4969 3724 5002 ⁵⁷
3753 4969 3891 5025 Dan.

2522 5045 2556 5099 3
2587 5059 2705 5113 sqq.

2325 5201 2596 5271 animique
2625 5200 2913 5264 voluntate,
2956 5219 2974 5250 ι
3006 5207 3062 5252 ut
3081 5198 3156 5252 ait
3175 5197 3412 5254 Nicetas.
3439 5193 3610 5250 «Nam
3636 5193 3892 5266 baptismi

2325 5271 2658 5340 regeneratio
2695 5271 2880 5334 libera,
2906 5289 2923 5320 ι
2962 5278 3068 5330 etc.

2417 5342 2506 5409 88)
2564 5341 3024 5394 Ἀναδείκνυσιν.
3058 5341 3170 5394 Duo
3203 5337 3356 5394 Colb.
3406 5345 3461 5392 et
3493 5335 3605 5409 Jes.
3639 5340 3840 5409 addunt
3873 5355 3887 5391 :

2337 5406 2461 5466 Ἐὰν
2491 5406 2610 5464 νέον
2651 5413 2714 5464 ἐκ
2732 5410 3024 5481 ποιμένων,
3053 5409 3294 5481 dipteri-Sa;
3309 5409 3437 5481 stas:
3455 5406 3764 5481 ἀλλοφύλων
3797 5413 3891 5478 ἐρ-

2323 5483 2569 5551 γάζεται.
2618 5482 2802 5551 Ἔχεις
2823 5477 2921 5551 τὴν
2951 5477 3102 5534 κατὰ(
3129 5477 3446 5551 τοῦᾃΓολιὰθ
3484 5478 3638 5551 νίκην
3677 5479 3768 5551 τοῦ
3793 5477 3892 5532 Δα-

2318 5549 2404 5606 ϐὶδ
2440 5549 2823 5624 μαρτυροῦσαν
2847 5549 2923 5621 τῷ
2964 5551 3124 5620 λόγῳ·
3168 5568 3188 5600 ι
3223 5549 3277 5604 Si
3299 5549 3703 5624 expastoribus
3735 5550 3890 5624 juve-

2319 5617 2464 5681 nem'.
2497 5617 2772 5676 extraneis
2798 5617 3223 5690 prmstatttioren'i
3263 5619 3442 5690 eﬂicit.
3478 5617 3657 5672 Testis
3688 5617 3772 5690 est
3805 5621 3886 5673 vi-

2321 5694 2491 5747 ctoria
2525 5707 2683 5759 quam
2731 5688 2900 5744 David
2946 5692 3204 5744 adversus
3251 5688 3818 5759 Goliathreportavit.
3858 5705 3880 5743 s

2324 5764 2516 5818 Verum
2543 5757 2758 5815 Nicetas
2790 5761 2890 5814 ista
2915 5775 3019 5814 non
3053 5760 3315 5829 agnoscit,
3352 5774 3450 5812 nec
3479 5757 3701 5815 Ruﬁnus

2388 5831 2498 5903 (89)
2525 5830 2915 5900 BJdcgmtor.
2945 5828 3116 5899 Pass,
3143 5828 3495 5899 βλασφημεῖν.
