4050 6298
28 5587 32 5776 ἲ

129 288 236 345 449
1168 285 1427 344 ORATIO
1464 285 1600 342 XLI.
1639 317 1697 327 —
1746 285 1814 340 IN
1848 283 2366 342 PENTECOSTEN.

3284 283 3390 340 450

131 399 220 456 οὖν
255 399 369 471 (90)
399 400 555 455 οὐδὲν
579 402 920 474 πεισόμενον,
955 401 1033 473 τῷ
1057 402 1177 475 Θεῷ
1203 405 1363 482 xciet;
1387 422 1400 436 ο
1442 406 1492 458 εἰ
1517 403 1574 458 δὲ
1610 421 1719 458 πει-

1832 410 1930 457 lem
1955 403 2139 458 videre
2160 404 2216 458 in
2243 401 2480 456 animum
2511 400 2849 456 inducamus.
2907 397 3008 455 llic
3063 413 3150 454 me
3177 413 3390 469 quoque

135 490 382 560 σύμενον,
417 491 515 544 καὶ
539 489 682 544 οὕτω
921 507 935 522 ·
961 493 1022 545 τὸ
1055 493 1170 562 μὲν,
1199 491 1286 546 ἵνα
1327 493 1580 564 φείσηται
1614 493 1722 548 τῶν

136 581 444 652 μισούντων
465 584 615 653 ἡμᾶς
636 597 651 612 ³
676 582 738 636 τὸ
758 584 836 646 δὲ,
871 583 936 636 ἵν’
963 585 1110 654 ἡμᾶς
1138 584 1359 656 ἁγιάσῃ,
1392 584 1580 654 μισθὸν
1596 585 1718 641 τοῦ-

131 689 218 724 τον
251 672 367 743 (91)
401 673 665 736 λαϐόντας
690 673 792 742 τῆς
825 673 1132 745 ἱερουργίας
1154 671 1249 726 τοῦ
1270 672 1622 741 Εὑαγγελίου,
1653 673 1713 727 τὸ

133 765 248 816 τελε
256 763 492 835 ιωθῆναι
520 764 584 817 δι’
611 765 864 836 αἵματος.

1825 494 2088 551 hodierno
2129 497 2215 551 die
2264 495 2633 567 praeﬁdentem
2682 504 2735 550 et
2789 493 3048 548 audacem
3086 507 3387 564 praeconem

1822 585 2044 641 reddit:
2095 587 2141 642 si
2187 587 2322 642 nihil
2352 596 2636 656 propterea
2675 603 3036 658 perpessurus
3081 603 3224 651 sum,
3279 585 3388 639 Deo

1821 676 1894 732 sit
1955 679 2162 747 gratia;
2231 679 2276 733 si
2341 692 2519 733 autem
2606 693 2982 748 perpessurus,
3049 677 3128 732 sic
3179 691 3392 744 quoque

1799 767 1933 822 'Deo
1957 770 2130 839 gratia
2159 787 2173 824 :
2203 770 2456 835 alterum,
2489 779 2548 825 ut
2586 771 2671 837 iis,
2715 772 2802 840 qui
2828 771 2982 826 nobis
3005 768 3188 824 inl'esti
3244 780 3391 833 sum,

133 871 320 930 parcat
357 880 373 917 :
407 862 660 927 alterum,
693 871 751 914 ut
781 875 880 914 nos
917 860 1239 926 sanetilicet,
1281 860 1384 916 hoc
1431 859 1679 916 videlicet
1726 863 2019 934 evangelici
2054 863 2340 919 ministerii
2373 863 2651 935 praemium
2694 873 3032 931 consecutos,
3077 871 3135 917 ut
3166 870 3389 916 eruenta

133 965 306 1009 morte
330 953 740 1024 perfungamur.

197 1045 301 1097 IE'.
342 1041 600 1096 Ἐλὰλουν
629 1043 728 1111 μὲν
756 1036 848 1094 οὗν
877 1040 1053 1105 ξέναις
1081 1039 1372 1109 γλώσσαις,
1403 1041 1500 1094 καὶ
1527 1041 1588 1093 οὐ
1619 1058 1716 1094 πα-

133 1137 302 1208 τρίοις
333 1134 475 1205 (92).
534 1134 629 1187 καὶ
671 1133 731 1185 τὸ
772 1132 957 1203 θαῦμα
1001 1132 1164 1202 μέγα,
1189 1133 1345 1201 λόγος
1386 1133 1490 1186 ὑπὸ
1518 1131 1627 1186 τῶν
1659 1133 1720 1186 οὐ

137 1229 448 1308 μαθόντων.
463 1224 626 1278 λαλού
635 1241 795 1295 μενος
815 1242 828 1254 ·
867 1224 1038 1278 καὶτὸ
1062 1227 1287 1295 σημεῖον
1319 1224 1428 1296 (95)
1459 1227 1572 1288 τοῖς
1597 1225 1724 1278 ἀπί-

137 1337 298 1384 στοις,
315 1320 382 1372 οὐ
411 1320 526 1381 τοῖς
554 1316 923 1381 πιστεύουσιν,
957 1317 1021 1370 ἵν’
1047 1311 1202 1390 ᾗτῶν
1222 1317 1462 1369 ἀπίστων
1484 1317 1723 1386 κατήγο-

138 1433 244 1483 ρον,
269 1412 461 1474 καθὼς
491 1412 798 1481 γέγραπται
819 1424 834 1438 ⁸
868 1410 988 1463 Ὅτι
1016 1409 1085 1462 ἑν
1105 1408 1574 1478 ἑτερογλώσσοις
1591 1407 1722 1480 (94),

137 1508 224 1558 καὶ
258 1508 331 1558 ἐν
355 1507 636 1574 χείλεσιν
663 1502 904 1570 ἑτέροις,
935 1502 1188 1569 λαλήσω
1231 1501 1309 1568 τῷ
1348 1503 1476 1568 λαῷ
1515 1504 1721 1570 τούτῳ,

137 1598 226 1651 καὶ
249 1596 385 1650 οὐδ’
415 1595 608 1660 οὕτως
635 1593 1102 1648 εἰσακούσονταί
1115 1609 1234 1661 μου
1263 1593 1400 1663 (95),
1427 1592 1586 1662 λέγει
1608 1593 1724 1645 Κύ-

1900 1031 2014 1088 Χν.
2050 1034 2120 1086 At
2145 1048 2273 1088 vero
2305 1033 2505 1100 liugu.s
2527 1033 2788 1098 externis,
2827 1049 2933 1089 non
2989 1044 3166 1087 autem
3199 1049 3392 1088 verna-

1825 1127 1980 1186 culis,
2009 1126 2234 1196 apostoli
2265 1125 2628 1194 loquebantur
2650 1127 2693 1191 ’,
2725 1126 3096 1196 singularique
3131 1125 3391 1178 miraculo

1826 1234 2008 1274 sermo
2033 1217 2101 1271 ab
2136 1218 2241 1281 bis,
2300 1218 2391 1286 qui
2444 1232 2547 1271 non
2601 1217 2927 1281 didicerant,
2981 1216 3392 1287 proferebatur;

1827 1314 2148 1379 signumque
2173 1310 2302 1364 illud
2328 1310 2631 1365 inlidelibus
2671 1321 2808 1375 erat,
2856 1325 2966 1364 non
3021 1308 3291 1371 ﬁdelibus,
3339 1317 3395 1361 ut

1832 1403 2125 1458 inﬁdelium
2146 1411 2432 1456 accusator
2455 1410 2618 1466 esset,
2639 1402 2777 1455 sicut
2807 1401 3066 1470 scriptum
3089 1409 3172 1454 est
3211 1417 3224 1454 :
3261 1398 3394 1464 Quo-

1832 1495 1973 1546 niam
1997 1495 2050 1547 in
2081 1493 2203 1545 aliis
2235 1492 2455 1560 linguis,
2487 1501 2539 1545 et
2572 1492 2626 1544 in
2652 1491 2806 1546 labiis
2837 1492 3182 1561 aliis,loquar
3208 1489 3398 1559 populo

1826 1585 1968 1653 huic,
2011 1601 2101 1638 nec
2132 1585 2206 1638 sic
2227 1585 2506 1637 exaudiant
2532 1600 2632 1650 me,
2665 1583 2791 1635 dicit
2846 1583 3097 1636 Dominus
3123 1583 3162 1635 ³.
3197 1581 3399 1636 Audie-

131 1707 276 1756 ptoc.
321 1689 568 1740 Ἤκουον
599 1685 676 1738 δέ.
717 1684 930 1756 Μικρὸν
958 1683 1191 1739 ἐνταῦθα
1226 1683 1466 1752 ἐπίσχες,
1495 1682 1588 1735 καὶ
1611 1682 1724 1735 δια-

1832 1684 1954 1738 bant
1993 1681 2152 1753 743
2184 1691 2390 1734 autem.
2421 1679 2616 1734 Verum
2671 1677 2758 1733 hic
2815 1679 3087 1748 paululum
3143 1677 3397 1745 consiste,

139 1785 400 1854 πόρησον,
428 1779 550 1843 πῶς
569 1779 871 1850 διαιρήσεις
896 1776 988 1829 τὸν
1010 1775 1187 1844 λόγον.
1219 1775 1370 1845 Ἔχει
1400 1774 1508 1845 γάρ
1544 1791 1596 1826 τι
1627 1773 1728 1844 ἁμο

140 1873 414 1942 φίϐοὶονή
446 1869 594 1936 λέξις
627 1868 763 1937 (96),
804 1871 868 1939 τῇ
921 1870 1125 1939 στιγμῇ
1157 1867 1552 1938 διαιρούμενον.
1580 1861 1725 1937 τΑρα

139 1965 240 2036 γὰρ
266 1966 476 2036 ἢκουον
504 1965 621 2025 ταῖς
658 1959 865 2013 ἑαυτῶν
893 1959 1192 2022 διαλέκτοις
1229 1959 1458 2022 ἕκαστος
1491 1958 1624 2030 (97),
1650 1959 1725 2023 ὡς

145 2061 262 2128 υέρε
289 2059 499 2120 εἰπεῖν,
539 2054 667 2126 μίαν
694 2053 790 2124 μὲν
819 2051 1129 2122 ὲξηχεῖσθαι
1163 2051 1350 2122 φωνὴν
1371 2091 1385 2116 ,
1418 2051 1618 2115 πολλὰς
1668 2051 1726 2104 δὲ

151 2149 460 2212 ἀκούεσθαι,
515 2146 660 2201 οὕτω
699 2144 1075 2216 κτυπουμένου
1126 2143 1221 2198 τοῦ
1282 2143 1462 2215 ἀέρος,
1511 2145 1624 2208 καὶ,
1659 2145 1726 2197 ἵν’

147 2245 270 2294 εἴπω
296 2240 670 2310 σαφέστερον,
709 2237 807 2307 τῆς
832 2236 1016 2308 φωνῆς
1041 2236 1235 2304 φωνῶν
1261 2235 1562 2306 γινομένων
1592 2235 1722 2306 (98)·

141 2336 171 2405 ἦ
198 2334 258 2386 τὸ
288 2335 413 2403 μὲν,
447 2333 726 2394 Ἤκουον,
753 2327 1145 2392 ἁναπαυστέον,
1173 2327 1234 2379 τὸ
1258 2327 1336 2391 δὲ,
1370 2327 1729 2381 Λαλούντων

140 2427 263 2492 ταῖς
297 2425 487 2490 ἰδίαις
518 2421 762 2492 φωναῖς,
789 2419 866 2491 τῷ
907 2420 1034 2490 ἑξῆς
1067 2418 1410 2490 προσθετέον,
1447 2420 1512 2472 ἵν’
1535 2417 1591 2493 ᾗ,
1614 2424 1729 2473 Λα-

139 2522 417 2573 λούντων
471 2514 718 2586 φωναῖς,
747 2516 869 2576 ταῖς
901 2513 1056 2576 ἰδίαις
1092 2511 1200 2564 τῶν
1237 2511 1562 2575 ἀκουόντων,
1592 2513 1728 2583 ὅπερ

140 2611 369 2678 γίνεται,
401 2608 784 2676 ἀλλοτρίαις·
810 2603 952 2660 καθα
976 2605 1069 2658 καὶ
1103 2604 1215 2674 (99)
1245 2603 1444 2674 μᾶλλον
1486 2603 1725 2674 τίθεμαι.

153 2704 410 2766 Ἐκείνως
447 2700 672 2772 μὲνγὰρ
702 2699 810 2753 τῶν
848 2699 1154 2753 ἀκουόντων
1199 2695 1266 2750 ἂν
1323 2695 1407 2768 εἴη
1440 2697 1661 2767 μᾶλλον,
1695 2697 1727 2769 ἢ

137 2798 245 2850 τῶν
277 2795 571 2863 λεγόντων,
602 2793 664 2846 τὸ
699 2791 883 2864 θαῦμα
904 2809 918 2824 ·
959 2790 1100 2844 οὕτω
1137 2789 1191 2842 δὲ
1220 2789 1328 2842 τῶν
1354 2788 1618 2856 λεγόντων
1636 2808 1649 2820 ·
1679 2790 1728 2843 οἳ

139 2890 238 2941 καὶ
272 2887 448 2958 μέθην
477 2884 1000 2948 καταγινώσκονται,
1028 2882 1188 2952 δῆλον
1218 2881 1294 2944 ὡς
1335 2880 1490 2934 αὐτοὶ
1526 2880 1732 2953 θαυμα-

137 2980 503 3052 τοηοργοὶντες
535 2979 664 3051 περὶ
691 2977 790 3042 τὰς
819 2977 1002 3047 φωνὰς
1030 2974 1110 3047 τῷ
1145 2971 1446 3044 Πνεύματι.

1827 1783 1990 1844 atque
2031 1773 2242 1842 ambige
2273 1786 2379 1842 quo
2407 1772 2570 1826 modo
2639 1771 3017 1838 distinguenda
3083 1774 3152 1826 sit
3198 1772 3396 1826 oratio.

1827 1866 2030 1921 Textus
2075 1865 2218 1919 enim
2244 1864 2555 1918 nonnullam
2605 1864 3011 1934 ambiguitatem
3067 1865 3263 1929 habet,
3312 1866 3398 1919 in-

1831 1958 2207 2029 terpunctioue
2233 1957 2613 2012 dirimendum.
2670 1955 2860 2012 Utrum
2913 1959 3058 2011 enim
3110 1957 3400 2011 audiebant

1827 2066 1922 2105 sua
1952 2051 2180 2119 quisque
2219 2047 2469 2113 dialecto,
2502 2047 2574 2101 ita
2598 2057 2678 2113 ut,
2709 2049 2858 2102 verbi
2886 2049 3082 2118 gratia,
3112 2063 3214 2102 vox
3273 2050 3396 2118 qui-

1829 2143 1947 2198 dem
1968 2158 2070 2196 una
2097 2141 2458 2206 emitteretur,
2494 2140 2673 2194 multae
2705 2151 2882 2194 autem
2928 2141 3267 2207 audirentur,
3320 2141 3400 2195 sic

1830 2233 2077 2288 videlicet
2101 2233 2314 2302 pulsato
2339 2248 2402 2288 ac
2433 2241 2808 2302 perstrepente
2849 2247 2997 2297 aere,
3051 2231 3401 2302 pluribusque

1831 2327 2077 2394 vocibus,
2105 2337 2178 2392 et,
2217 2335 2274 2380 ut
2306 2327 2479 2396 magis
2513 2327 2794 2395 perspicue
2831 2327 3030 2390 dicam,
3055 2341 3117 2380 ex
3137 2341 3240 2377 una
3270 2341 3402 2380 voce

1830 2416 2068 2472 eﬂ'ectis:
2103 2433 2168 2470 an
2191 2417 2371 2487 petius
2399 2419 2450 2468 in
2473 2417 2574 2470 hoc
2597 2416 2784 2479 verbo,
2808 2415 3124 2477 Audiebam,
3148 2422 3404 2482 punctum

1831 2515 2168 2569 statuendum
2202 2524 2322 2581 est;
2358 2523 2518 2584 atque
2548 2516 2661 2570 lucc
2710 2514 2893 2581 verba,
2954 2514 3243 2584 Loqueutes
3293 2513 3402 2566 suis

1831 2607 2025 2676 linguis
2066 2607 2252 2672 ‘,cnm
2290 2608 2396 2673 bis,
2429 2623 2548 2676 quae
2575 2617 2897 2676 sequuntur,
2929 2607 3203 2676 jungenda
3257 2618 3403 2671 sunt,

1833 2710 1892 2756 ut
1924 2703 2002 2756 sic
2069 2702 2298 2772 legatur,
2349 2701 2609 2770 loquentes
2635 2701 2855 2772 linguis,
2903 2702 3132 2770 prepriis
3196 2699 3406 2756 scilicet

1833 2794 2186 2860 audientimn,
2224 2796 2328 2848 hoc
2366 2804 2468 2857 est,
2525 2797 2788 2858 externis;
2835 2794 2927 2862 qui
2993 2796 3156 2847 etiam
3212 2807 3406 2847 sensus

1835 2889 1965 2943 mibi
1997 2889 2167 2959 magis
2194 2889 2416 2944 arridet.
2458 2887 2591 2941 Nam
2621 2889 2674 2942 in
2728 2889 2902 2956 primo
2946 2888 3164 2957 quidem
3213 2903 3405 2950 sensu,

1834 2995 2018 3036 eorum
2050 2983 2248 3051 potius,
2279 2983 2373 3054 qui
2400 2982 2709 3049 audiebant,
2739 2996 2900 3053 quam
2961 2980 3053 3050 qui
3109 2981 3272 3034 verba
3314 2979 3399 3032 fa-

141 3077 388 3140 ciebam,
423 3075 525 3128 hoc
553 3071 873 3126 miraculum
902 3067 1188 3135 fuerit;in
1237 3068 1340 3122 isto
1405 3077 1606 3136 autem,
1670 3083 1853 3126 eorum
1895 3075 1988 3144 qui
2051 3075 2439 3145 loquebantur;
2507 3085 2692 3144 utpote
2769 3075 2860 3144 qui
2911 3074 3073 3129 etiam
3130 3072 3395 3128 temulen-

145 3167 678 3231 timinsimulantur,
727 3166 869 3221 haud
906 3165 1086 3230 dubie,
1130 3163 1264 3235 quia
1317 3162 1421 3232 ipsi
1477 3163 1709 3234 Spiritus
1745 3171 2055 3240 operatione
2085 3187 2282 3228 novum
2312 3172 2581 3243 quoddam
2645 3170 2963 3227 miraculum
3034 3170 3179 3226 circa
3243 3183 3403 3224 voces

145 3259 528 3330 designabant.

220 3352 303 3421 1.7
306 3360 342 3407 '.
385 3351 534 3422 Πλὴν
577 3350 834 3422 ἐπαινετὴ
873 3350 970 3421 μὲν
1013 3350 1106 3404 καὶ
1151 3354 1184 3423 ἡ
1230 3355 1435 3410 παλαιὰ
1475 3354 1731 3427 διαίρεσις

1908 3351 2046 3409 XVI.
2089 3354 2405 3423 Quanquam
2454 3363 2634 3408 autem
2688 3351 2977 3407 laudabilis
3030 3365 3248 3421 quoque
3309 3351 3411 3406 fuit

145 3447 258 3500 τῶν
286 3443 487 3515 φωνῶν
517 3443 700 3516 (ἡνίκα
739 3444 830 3497 τὸν
872 3443 1079 3514 πύργον
1110 3443 1420 3517 ᾠκοδόμουν
1461 3447 1509 3500 ci
1552 3447 1737 3510 κακῶς

147 3539 247 3591 καὶ
279 3536 460 3599 ἀθέως
504 3533 946 3606 ὁμοφωνοῖητες,
980 3533 1168 3607 ὥσπερ
1213 3537 1305 3590 ua).
1347 3538 1454 3592 τῶν
1492 3537 1587 3592 νῦν
1615 3537 1737 3591 τολ-

152 3629 298 3700 μῶσί
329 3627 526 3698 τινες)·
557 3631 624 3699 τῇ
653 3626 761 3698 γὰρ
794 3627 893 3698 τῆς
920 3628 1103 3698 φωνῆς
1141 3628 1416 3684 διαστάσει
1460 3630 1737 3684 συνδιαλυ-

147 3727 242 3778 θὲν
272 3723 340 3778 τὸ
371 3722 722 3794 ὀμόγνωμον,
760 3718 856 3788 τὴν
899 3719 1214 3791 ἐγχείρησιν
1255 3721 1461 3775 ἔλυσενο
1491 3722 1739 3788 ἀξιεπαι-

151 3815 430 3886 νετωτέρα
477 3814 532 3866 δὲ
582 3815 616 3884 ἡ
671 3811 766 3865 νῦν
813 3811 1390 3884 θαυματουργουμένη.
1453 3812 1582 3866 Ἀπὸ
1631 3813 1738 3885 γὰρ

152 3910 270 3973 ἑνὸς
315 3907 634 3978 ῐΙνεύματος
681 3906 760 3968 εἰς
805 3903 1034 3967 πολλοὺς
1081 3904 1303 3974 χυθείσα
1351 3905 1456 3975 (1),
1497 3907 1574 3970 εἰς
1611 3906 1738 3977 μίαν

151 4000 429 4074 ἁρμονίαν
458 3998 616 4052 πάλιν
650 3996 963 4064 συνάγεται.
1009 3995 1118 4049 Καὶ
1161 3994 1277 4048 ἔστι
1319 3996 1551 4068 διαφορὰ
1584 4015 1742 4069 χαρι.

156 4097 406 4165 αμα-των,
444 4092 602 4146 ἄλλου
640 4091 717 4158 (2)
761 4089 988 4160 δεομένη
1040 4088 1413 4159 χαρίσματος,
1461 4089 1597 4160 πρὸς
1629 4089 1747 4143 διά·

1843 3457 1996 3502 vetus
2047 3447 2134 3501 illa
2196 3446 2498 3517 linguarum
2537 3444 2734 3500 divisio
2797 3445 2954 3516 (cum
3018 3443 3228 3498 scilicet
3274 3443 3415 3498 male

1841 3548 2001 3608 atque
2030 3538 2192 3607 impie
2241 3539 2384 3592 inter
2416 3551 2476 3591 se
2520 3537 2821 3591 concordes
2863 3544 3054 3596 erant,
3090 3535 3180 3604 qui
3212 3537 3409 3589 turrim

1840 3630 2253 3697 exstruebant',
2277 3630 2730 3700 quemadmodum
2763 3643 2908 3683 nunc
2942 3643 3159 3698 quoque
3193 3628 3412 3698 quidam

1843 3723 2022 3778 facere
2060 3739 2166 3777 non
2215 3725 2530 3794 verentur),
2577 3722 2839 3779 dissoluta
2885 3723 3083 3786 simul,
3126 3737 3250 3776 cum
3301 3721 3410 3774 liu-

1844 3832 2069 3888 guarum
2109 3817 2378 3889 divortio,
2405 3816 2708 3871 animorum
2747 3816 3068 3880 concordia,
3100 3824 3410 3884 susceptum

1843 3911 2122 3980 negotium
2166 3911 2416 3981 abrupit;
2458 3910 2780 3964 laudabilior
2829 3919 3009 3964 tamen
3055 3918 3261 3973 estea,
3293 3923 3417 3977 qua:

1843 3989 1984 4057 nunc
2008 4003 2202 4073 insigni
2251 4003 2510 4057 miraculo
2556 4011 2823 4073 patratur.
2856 4001 2938 4055 Ab
2969 4017 3078 4056 uno
3107 3999 3252 4054 enim
3294 3999 3418 4070 Spi-

1843 4095 1948 4148 ritu
1979 4095 2032 4149 in
2071 4096 2267 4151 multos
2306 4093 2496 4150 diﬂ‘usa
2517 4138 2531 4162 ,
2570 4096 2636 4149 ad
2668 4111 2834 4149 unum
2870 4102 3194 4148 concentum
3223 4107 3412 4147 rursus

153 4204 344 4256 κρισιν
373 4185 469 4238 τοῦ
501 4184 577 4254 (3)
607 4183 894 4253 βελτίονος·
931 4181 1118 4249 ἐπειδὴ
1161 4181 1330 4234 πᾶσαι
1370 4181 1430 4233 τὸ
1466 4183 1731 4237 ὲπαινετὸι

1846 4189 2208 4243 connectitur.
2248 4187 2424 4258 Atque
2471 4189 2768 4258 gratiarum
2815 4186 3106 4241 diversitas
3143 4193 3263 4254 est,
3312 4183 3415 4238 alia

157 4277 367 4345 έχουσι.
419 4273 571 4343 Καλὴ
614 4273 656 4325 δ’
695 4271 758 4325 ἂν
790 4269 1014 4340 κάκείνη
1048 4269 1291 4338 λέγοιτο,
1319 4272 1448 4341 περὶ
1486 4267 1554 4343 ἧς
1584 4272 1731 4326 Δαϐὶὲ

1847 4279 2018 4350 gratia
2049 4295 2184 4347 opus
2211 4280 2452 4344 habens,
2505 4279 2570 4332 ad
2615 4276 3033 4332 discernendum
3067 4291 3312 4346 quaenam
3350 4276 3420 4330 sit

154 4369 344 4436 λέγει·
377 4367 852 4428 Καταπό-ντισον,
892 4364 1090 4431 Κύριε,
1135 4364 1235 4416 καὶ
1279 4363 1594 4418 καταδίελε
1641 4364 1731 4433 τὰς

1849 4371 2222 4438 praestantior;
2272 4370 2705 4439 quandoquidem
2755 4369 2902 4422 nulla
2941 4377 3058 4433 est,
3092 4381 3212 4438 qua:
3259 4366 3418 4420 laude

225 4488 248 4516 "
277 4485 400 4537 Aet.
453 4499 490 4538 ιι
545 4482 599 4535 4.
669 4482 689 4513 ³
721 4482 824 4536 lsa.
869 4498 1056 4544 xxvtn,
1086 4481 1179 4546 il;
1215 4481 1234 4532 l
1269 4480 1392 4534 Cor.
1424 4497 1510 4534 xw
1575 4482 1663 4536 2|.

1841 4497 1908 4539 ct.
1941 4503 2000 4551 ιι,
2041 4487 2094 4544 6.

230 4620 350 4691 (oe)
382 4613 525 4691 οὔτε.
568 4617 733 4691 Deest
753 4620 813 4691 iu_
835 4617 928 4672 0r.
962 4618 1012 4691 ι.

225 4686 356 4774 (9i)
393 4687 636 4742 Τοῦτον.
681 4686 771 4743 Sic
798 4688 965 4759 ltegg.
998 4687 1107 4753 bm,
1134 4687 1207 4757 ph
1237 4697 1291 4744 et
1320 4687 1488 4744 Savil.
1543 4692 1601 4747 in
1632 4693 1744 4759 ed.,

156 4778 360 4955 “(3%;
391 4830 686 4898 Πατρίοις.
748 4829 840 4884 Sic
901 4843 994 4884 sex
1040 4828 1235 4902 Regg.,
1283 4839 1518 4902 quatuor
1571 4832 1749 4904 Colb.,

162 4905 272 4955 dun
361 4900 506 4955 oisl..
537 4900 683 4955 Par..
716 4910 821 4955 etc.
869 4899 1120 4955 Mcndose
1160 4904 1210 4955 in
1243 4905 1355 4955 ed..
1381 4903 1641 4955 μετρίοις-

162 4899 272 4960 duo
304 4899 506 4974 iCoislq
537 4900 683 4974 Par._,
716 4910 821 4974 etc.
869 4899 1224 4974 Mcndose'in
1243 4899 1355 4964 ed.,
1380 4903 1641 4974 μετρίοις.

237 4973 356 5043 (95)
394 4971 760 5043 Τὸίσημεῖον.
795 4971 1102 5040 Apostolus,
1135 4974 1158 5043 Ι
1187 4971 1314 5026 Cor.
1352 4971 1461 5037 xiv,
1483 4971 1590 5038 '22,
1627 4976 1702 5029 ait
1733 4992 1749 5030 :

169 5042 522 5126 LLingumin
555 5045 769 5112 signum
804 5051 954 5108 sunt,
986 5057 1092 5096 non
1141 5042 1407 5110 ﬁdelibus,
1433 5045 1526 5098 sed
1564 5045 1753 5101 inlide-

162 5115 383 5256 ιιιιῗςῗὶί
405 5184 511 5256 Ἑν
531 5180 1023 5256 ἑτερογλῴσσοις.
1049 5189 1168 5256 telo:
1196 5147 1608 5253 Chiysos‘om'“
1637 5187 1752 5242 ¹¹²²⁰

169 5251 346 5332 verba
367 5253 518 5332 lsaia:
543 5251 746 5332 tribuit.
777 5253 948 5332 [labet
967 5254 1118 5332 enim
1145 5251 1244 5332 lsa:
1293 5251 1624 5332 ᾐκνιιιιηρ
1653 5258 1731 5332 ᾼιέ

1922 5261 2034 5332 (98)
2091 5258 2456 5332 Γιγομένξωγ.
2489 5259 2654 5332 Savil.
2685 5271 2739 5332 et
2762 5259 2973 5324 Comb.,
3006 5260 3318 5332 γινομένης.

170 5324 485 5400 φαυλισμρν⁸
509 5323 752 5400 χειλέων,
791 5323 877 5400 δια
929 5323 1178 5400 γλιὶισσης
1223 5323 1432 5394 ἑτέρας,
1473 5326 1555 5379 ὅτι
1587 5325 1754 5400 λαλή·
1925 5323 2035 5400 (99)
2061 5323 2368 5385 Καθὰόιαί.
2407 5329 2540 5396 Jes.,
2569 5327 2614 5398 ᾧ
2647 5329 2758 5385 καί.

173 5392 437 5474 τουσι.τῷ
471 5392 586 5474 λαῷ
609 5392 800 5474 eodem.
838 5394 987 5474 Quod
1023 5394 1243 5474 Vulgata
1292 5392 1370 5449 sic
1402 5400 1604 5474 vertit:
1636 5417 1654 5449 ι
1697 5392 1731 5452 Ιί

1925 5392 2334 5474 (ςγΧυθιεῖο-ιιζ
2393 5392 2806 5474 ΡΙιιγοείΒιξεε.
2865 5411 2918 5474 et
2965 5399 3422 5474 (ζοΙῂηλχεθεῖσα.

176 5463 417 5546 loquela
451 5465 596 5546 enim
640 5463 786 5546 labii,
823 5475 875 5546 et
913 5464 1090 5546 lingua
1149 5464 1338 5546 altera,
1401 5466 1751 5546 loqueturﬂd
1910 5463 1996 5546 (2)
2018 5474 2267 5526 Ἀλλου.
2302 5471 2434 5546 Reg.
2471 5471 2580 5535 bm,
2609 5463 3427 5546 aufer),intelligit-Gregorius

177 5535 429 5613 populum
463 5535 648 5613 istum.
683 5554 701 5585 ι
728 5535 1337 5613 ιρεξειιτχιιίιιιηλιβὶυιν.
1369 5535 1574 5613 xw,_2_l
1610 5555 1625 5594 :
1665 5539 1752 5613 Ἑν
1857 5562 1877 5593 ι
1910 5535 2216 5613 linguarum
2257 5561 2274 5592 ι
2328 5535 2548 5606 (Ιοῖιιιιιι,
2591 5545 2730 5612 quod
2789 5542 2915 5607 alio,
2958 5535 3150 5612 nempe
3197 5561 3216 5594 ι
3249 5535 3426 5598 inter-

174 5603 788 5681 ;Qvéutpjéypawjut'
811 5603 915 5681 Ἔν
945 5603 1401 5681 έτερογλῴσσοιςη
1429 5609 1524 5681 καὶ
1553 5611 1608 5661 έν
1639 5610 1731 5680 χεί-

1849 5603 2167 5681 pretatiouis
2206 5630 2224 5662 ι
2258 5614 2418 5676 dono,
2447 5603 2581 5680 epus
2607 5603 2792 5666 habet.

174 5674 318 5730 λεσιν
340 5674 576 5743 ’ἑτέροις
600 5674 926 5747 λαλήσωίτῷ
959 5674 1072 5747 λαῷ
1109 5676 1304 5746 τούτῳ·
1340 5696 1356 5726 ι
1380 5676 1438 5728 In
1459 5679 1597 5744 Lege
1621 5674 1755 5732 scri-

175 5760 322 5820 ptum
363 5757 490 5802 est:
528 5747 789 5812 Quoniam
828 5746 880 5800 in
932 5746 1054 5803 aliis
1101 5748 1297 5818 linguis
1326 5760 1376 5802 et
1429 5749 1586 5804 labiis
1633 5749 1751 5805 aliis

2172 4488 2192 4518 ⁵
2231 4485 2367 4540 Gen.
2403 4500 2478 4549 ιιι,
2526 4487 2547 4538 l
2593 4499 2713 4553 sqq.

1781 4624 2042 4693 Dloquar
2087 4624 2283 4693 populo
2325 4623 2471 4678 huic.
2516 4643 2535 4675 ι
2583 4623 2789 4676 ΑΙΙιιιΙίι
2827 4622 3122 4690 Apostolus
3160 4622 3227 4676 ad
3268 4621 3423 4693 lsaia:

1852 4691 2290 4763 contextum’jam
2316 4696 2560 4749 citatum.
2595 4694 2788 4748 Mirum
2823 4694 2988 4764 igitur
3012 4694 3242 4764 videtur,
3266 4691 3425 4750 Nice-

1854 4773 1961 4819 tam
1996 4765 2063 4820 de
2085 4766 2393 4819 verbisistis
2419 4765 2796 4834 pronuntiasse
2820 4780 2832 4816 :
2852 4763 2887 4815 ι
2921 4764 3071 4833 Apud
3095 4763 3287 4818 Isaiam
3315 4781 3421 4818 non

1848 4836 2252 4903 reperiuntur...
2285 4835 2367 4890 vel
2405 4836 2669 4890 malitiose
2714 4835 2960 4891 submota
3002 4842 3146 4898 sunt,
3205 4834 3290 4889 vel
3329 4850 3424 4903 per

1847 4907 2165 4960 oblivionem
2191 4907 2524 4962 transmissa.
2560 4926 2579 4958 ιι
3432 4913 3437 4921 ·

1919 4976 2029 5049 (95)
2068 4976 2408 5049 Moﬁ._l)eest
2437 4979 2489 5031 in
2519 4977 2652 5049 Reg.
2684 4979 2774 5048 ph.

1919 5045 2033 5116 (96)
2077 5049 2139 5101 'H
2165 5045 2353 5112 λέξις.
2379 5049 2538 5114 Deest
2565 5045 2625 5102 ἱιῖ
2650 5045 2744 5105 (ιτ.
2776 5050 2828 5102 l.

1920 5113 2034 5186 (97".
2072 5119 2394 5183 Ἕκαστος.
2449 5113 2540 5173 Sic
2603 5119 2784 5190 plures
2823 5113 2977 5173 codd.
3035 5115 3090 5170 In
3149 5117 3260 5184 ed.,
3302 5118 3427 5172 ἕκα-

1848 5204 1982 5242 στοι.

1922 5682 1997 5752 (5)
2044 5682 2175 5737 Τοῦ.
2214 5681 2344 5752 Reg.
2368 5684 2476 5748 bm,
2505 5683 2649 5738 Par..
2681 5681 2856 5749 Pass,
2877 5682 2998 5753 τῆς.
