4050 6298
675 307 799 368 ,ιδι

1909 309 1971 365 S.
2009 306 2335 365 GREGORII
2376 305 2720 362 TIIEOLOGI

3847 305 3960 360 (52

675 440 900 500 careat.
941 432 1078 500 Quin
1111 433 1366 504 praeclara
1398 449 1614 504 quoque
1649 433 1738 487 illa
1773 432 1972 489 divisio
2002 433 2106 488 dici
2134 449 2264 504 pos-

2370 430 2653 502 τλώσσιας
2695 427 2912 483 αὐτῶν.
2948 427 3132 493 Διατί;
3166 425 3287 480 Ὅτι
3327 425 3621 497 ἠγάπησαν
3657 426 3840 480 πάντα
3887 428 3959 482 τά

700 525 793 586 sit,
828 525 893 579 de
922 541 1028 594 qua
1069 526 1304 595 loquitur
1333 524 1502 579 David
1532 543 1546 579 :
1587 524 1898 592 I’rwcipita,
1939 525 2155 579 Domine
2178 565 2193 590 ,
2219 534 2268 579 et

699 615 872 670 divide
901 615 1106 683 linguas
1143 633 1324 671 eorum
1355 619 1396 670 ⁸.
1451 616 1590 686 Quid
1626 617 1742 670 ita?
1770 616 2035 684 Quoniam
2069 617 2272 672 dilexe-

700 719 825 761 runt
867 709 1046 764 omnia
1094 712 1254 766 verba
1299 711 1788 780 prmcipitationis,
1839 711 2075 781 linguam
2123 711 2271 765 dolo-

699 797 892 864 sam';
945 809 1150 853 tantum
1196 817 1300 855 non
1339 811 1527 870 aperte
1565 802 1794 869 hujusce
1832 800 1934 855 loci
1968 816 2032 855 ac
2066 810 2272 869 tempe-

697 887 852 940 statis
883 888 1092 958 linguas
1123 907 1388 946 accusans
1411 933 1426 957 ,
1468 909 1590 962 quae
1617 893 1957 948 divinitatem
1993 894 2267 948 scindunt.

697 977 775 1031 Ac
803 976 869 1031 de
895 979 980 1034 his
1009 981 1227 1049 quidem
1261 983 1546 1038 hactenus.

770 1071 934 1126 XVII.
990 1073 1254 1140 Quoniam
1319 1086 1498 1130 autem
1549 1073 1920 1131 habitantibus
1969 1073 2268 1130 Jerusalem

699 1163 1120 1234 religiosissimis
1161 1165 1384 1229 Judzeis,
1417 1167 1654 1229 Parthis,
1685 1167 1856 1222 Medis
1914 1177 1967 1222 et
1997 1166 2270 1232 Elamitis.

698 1251 968 1324 Egyptiis
993 1265 1047 1309 et
1079 1255 1328 1326 Libycis,
1361 1257 1711 1312 Cretensibus
1738 1268 1794 1311 et
1820 1257 2125 1320 Arabibus.
2160 1255 2271 1312 Me—

698 1346 1036 1414 50p0tamitis
1068 1357 1124 1402 et
1159 1349 1571 1418 Cap‘padocibus
1611 1350 1779 1415 meis,
1831 1350 2024 1419 lingua:
2081 1349 2270 1420 loque-

656 1434 659 1437 ’
697 1438 915 1504 bantur,
955 1450 1118 1509 atque
1150 1457 1216 1496 ex
1254 1441 1398 1494 oumi
1434 1452 1628 1511 gente,
1667 1456 1789 1511 qua:
1839 1443 1938 1495 stth
1969 1443 2108 1496 caelo
2149 1451 2270 1505 est,

695 1529 916 1594 Iudaeis.
951 1531 1057 1587 illic
1089 1534 1106 1605 (
1133 1535 1176 1587 si
1209 1534 1294 1588 cui
1332 1535 1412 1589 sic
1445 1535 1687 1604 cogitare
1719 1534 1929 1604 placet)
1963 1549 2270 1606 congrega-

697 1624 804 1688 tis,
851 1638 1031 1693 operae
1075 1626 1305 1695 pretium
1339 1625 1502 1678 fuerit
1547 1625 1768 1688 videre,
1801 1633 1909 1677 tum
1957 1625 2175 1692 quinam
2215 1624 2266 1679 hi

696 1721 876 1775 erant,
911 1722 1021 1766 tum
1056 1713 1209 1782 cujus
1252 1715 1608 1783 captivitatis.
1647 1713 1784 1768 Nam
1821 1714 1911 1768 illa
1945 1713 2268 1786 IEgyptiaca

2373 525 2594 596 ῥήματα
2649 519 3089 591 καταποντισμοῦ
3193 517 3439 587 γλῶσσαν
3503 519 3683 572 δολίαν
3705 536 3718 551 ο
3791 519 3960 588 μόνον

2369 615 2488 685 οὑχ).
2527 614 2602 684 (4)
2642 613 2888 686 φανερῶς
2933 614 3031 676 τὰς
3085 610 3316 664 ἐνταῦθα
3365 611 3615 679 γλωσσας
3660 611 3964 665 καταιτιώ-

2375 722 2565 777 μενος,
2599 706 2656 759 αἳ
2707 706 2930 777 θεότητα
2976 705 3282 775 τέμνουσιν.
3329 701 3512 756 Ταῦτα
3561 703 3658 773 μὲν
3709 699 3806 758 οὖν
3862 703 3962 756 ἐπὶ

2370 799 2639 854 τοσοῦτον.

2443 1076 2538 1130 IZ'.
2582 1075 2735 1128 Ἐπεὶ
2780 1073 2838 1127 δὲ
2872 1075 2982 1137 τοῖς
3025 1069 3368 1127 κατοικοῦσιν
3401 1072 3756 1146 Ἰερουσαλὴμ
3786 1072 3954 1127 εὐλα-

2373 1167 2651 1230 ϐεστάτοις
2689 1166 2980 1229 Ἰουδαίοις,
3009 1165 3266 1234 Πάρθοις,
3296 1164 3388 1218 καὶ
3415 1166 3638 1236 Μήδοις,
3670 1165 3764 1219 καὶ
3801 1167 3951 1219 Ἐλα-

2377 1261 2593 1331 μίταις,
2657 1254 3004 1328 Άὶγυπτίοις,
3067 1259 3160 1311 καὶ
3207 1257 3440 1320 Λίὸυσι,
3498 1259 3678 1329 Κρησί
3734 1275 3799 1311 τε
3859 1261 3949 1311 καὶ

2376 1353 2599 1423 Ἄραψι,
2632 1349 3112 1420 Μεσοποταμίταις
3149 1365 3208 1402 τε
3245 1349 3338 1402 καὶ⁹
3374 1351 3486 1412 τοῖς
3528 1350 3679 1420 ἐμοῖς
3708 1351 3948 1404 Καππα-

2371 1442 2592 1506 δόκαις,
2643 1443 2860 1497 ἐλάλουν
2907 1443 2964 1495 αἱ
3012 1441 3272 1510 γλῶσσαι,
3323 1443 3417 1495 καὶ
3468 1443 3580 1506 τοῖς
3633 1443 3698 1496 ἐκ
3747 1443 3946 1506 παντὸς

2371 1533 2554 1598 ἔθνους
2585 1535 2691 1586 τῶν
2735 1533 2837 1586 ὑπὸ
2869 1533 2958 1585 τὸν
2989 1533 3214 1606 οὐρανὸν
3264 1531 3536 1596 Ἰουδαίοις
3567 1535 3584 1602 (
3602 1532 3656 1585 εἴ
3687 1551 3768 1604 τῳ
3797 1534 3951 1602 φίλον

2372 1624 2513 1679 οὑτω
2543 1626 2724 1696 νοεῖν),
2759 1627 2934 1678 ἐκεῖσε
2980 1625 3410 1693 συνειλεγμένοις
3431 1663 3444 1688 ,
3473 1626 3620 1691 ἄξιον
3664 1626 3796 1679 ἰδεῖν
3817 1669 3834 1690 ,
3871 1627 3950 1678 τί-

2372 1735 2460 1782 νες
2495 1717 2572 1785 (ὅ)
2602 1712 2741 1788 ἦσαν
2767 1709 2932 1780 οὗτοι,
2962 1718 3056 1770 καὶ
3101 1717 3202 1786 τῆς
3241 1717 3400 1780 ποίας
3445 1718 3850 1788 αἰχμαλωσίας.
3889 1719 3950 1771 Ἡ

682 1793 751 1858 ἐι
787 1805 950 1878 744
1013 1795 1370 1877 Babylonica,
1421 1817 1783 1876 prteterquam
1836 1807 1976 1875 quod
2033 1807 2265 1861 circnm-

2377 1811 2473 1880 μὲν
2500 1809 2608 1880 γὰρ
2645 1812 2721 1873 εἰς
2743 1809 3016 1878 Αἴγυπτον
3043 1810 3137 1862 καὶ
3161 1811 3452 1863 Βαϐυλῶνα
3476 1812 3855 1880 περίγραπτός
3877 1813 3949 1880 (6)

681 1901 898 1970 scripta
929 1908 977 1954 et
1017 1910 1166 1954 certo
1201 1899 1322 1953 loc‘o
1350 1899 1572 1954 delinita
1603 1908 1756 1960 erat,
1788 1897 1902 1967 jam
1941 1898 2104 1952 etiam
2139 1898 2267 1952 olim

701 2008 800 2062 per
847 1993 1182 2062 captivorum
1237 1991 1470 2046 reditum
1501 1991 1678 2046 soluta
1713 1989 1910 2046 fuerat.
1941 1990 2039 2044 Illa
2081 2002 2263 2046 autem

696 2085 974 2149 Romana,
1033 2100 1138 2155 qtta
1196 2083 1518 2139 temeritatis
1592 2092 1648 2138 et
1704 2081 1945 2138 audaciae
2000 2083 2263 2136 adversus

678 2176 885 2237 salutis
927 2185 1206 2232 auctorem
1242 2191 1404 2246 pmna
1430 2174 1819 2244 expetebatur,
1854 2173 2092 2229 nondum
2123 2175 2268 2228 acci-

695 2269 886 2334 derat,
922 2270 1014 2324 sed
1057 2268 1394 2322 imminebat.
1437 2267 1777 2338 Relinquitur
1818 2268 2003 2338 igitur,
2039 2276 2099 2321 ut
2127 2266 2269 2321 hanc

691 2362 1058 2430 captivitatem
1095 2361 1468 2415 Autiochicam
1497 2376 1619 2416 esse
1649 2375 1994 2419 censeamus.
2035 2359 2099 2413 iis
2127 2367 2275 2418 tem-

692 2454 915 2522 poribus
956 2469 1060 2506 non
1112 2453 1280 2506 multo
1308 2452 1692 2522 antiquiorem.
1741 2450 1893 2518 Quod
1934 2452 1978 2504 si
2021 2451 2106 2505 cui
2150 2452 2266 2505 haec

692 2544 961 2612 expositio
1006 2545 1184 2600 tuiuus
1224 2545 1488 2615 probatur
1522 2553 1579 2597 ut
1619 2544 1890 2598 curiosius
1929 2542 2270 2613 alieniusque

695 2639 863 2704 petita
897 2634 1109 2706 (neque
1135 2638 1277 2691 enim
1307 2635 1673 2704 captivitatem
1703 2636 1843 2690 hanc
1865 2641 2104 2690 veterem
2126 2650 2267 2699 esse,

695 2747 870 2800 neque
921 2734 972 2786 in
1018 2733 1215 2788 multas
1253 2733 1400 2788 orbis
1447 2742 1629 2803 partes
1665 2731 1916 2788 dill'usam
1942 2733 2002 2802 );
2045 2746 2106 2784 ac
2145 2745 2272 2800 pro-

693 2822 1016 2878 bahiliorem
1072 2823 1302 2894 qumt'it,
1371 2825 1498 2879 illud
1563 2823 1797 2878 fortasse
1850 2823 2049 2877 rectius
2108 2821 2268 2874 fuerit

691 2914 1038 2980 existimare,
1089 2918 1230 2986 quod
1280 2933 1400 2972 cum
1431 2931 1594 2984 smpe,
1640 2927 1804 2985 atque
1849 2930 1878 2968 a
1907 2915 2120 2979 multis,
2157 2914 2271 2968 lucc

694 3007 839 3061 natio
873 3009 1044 3062 exsilii
1082 3025 1245 3063 causa
1285 3009 1458 3064 solum
1496 3018 1705 3063 vertere
1737 3018 1926 3062 coacta
1957 3007 2048 3068 sit,
2082 3022 2271 3074 quem-

690 3085 981 3152 admodum
1017 3100 1216 3155 Esdras
1260 3101 1561 3155 litterarum
1603 3101 1972 3154 monumentis
2006 3097 2266 3168 prodidit,

2371 1921 2432 1956 τε
2453 1898 2542 1974 ἦν,
2575 1903 2668 1956 καὶ
2693 1903 2858 1956 πάλαι
2885 1905 2950 1974 τῇ
2976 1903 3218 1973 ὲπανὸδῳ
3247 1902 3451 1958 λέλυτο.
3488 1904 3554 1956 Ἡ
3581 1904 3636 1957 δὲ
3665 1904 3774 1957 ὑπὸ
3811 1905 3948 1956 Ῥω-

2377 1996 2550 2066 μαίων
2592 1993 2743 2048 οὔπω
2787 1994 3080 2066 γεγένητο,
3129 1994 3322 2066 ἔμελλε
3365 1995 3449 2060 δὲ,
3483 1996 3766 2067 εἴσπραξις
3816 1993 3951 2050 οὖσα

2371 2087 2468 2156 τῆς
2495 2085 2635 2140 κατὰ
2659 2085 2752 2138 τοῦ
2786 2087 3038 2157 Σωτῆρος
3081 2085 3434 2157 θρασύτητος.
3465 2087 3729 2142 Δείπεται
3756 2089 3828 2160 δὴ
3857 2090 3949 2158 τὴν

2373 2176 2464 2228 ὑπ’
2511 2175 2780 2245 Ἀντιόχου
2826 2175 3029 2245 ταύτην
3062 2175 3497 2246 ὑπολαμϐάνειν,
3529 2178 3588 2230 οὐ
3642 2177 3782 2231 πολὺ
3831 2179 3952 2230 τού-

2370 2286 2478 2320 των
2505 2263 2668 2322 οὖσαν
2699 2267 2807 2320 τῶν
2837 2268 3056 2340 καιρῶν
3084 2268 3476 2341 πρεσϐυτέραν.
3515 2271 3578 2323 Εἰ
3604 2270 3659 2323 δέ
3701 2288 3791 2334 τις
3818 2271 3949 2324 ταὺ-

2371 2375 2471 2429 την
2508 2359 2604 2429 μὲν
2647 2358 2706 2411 οὑ
2745 2358 3027 2430 προσίεται
3069 2357 3167 2428 τὴν
3215 2357 3500 2430 ἐξήγησιν,
3539 2358 3616 2422 ὡς
3656 2375 3948 2429 περιεργο-

2372 2453 2535 2525 τέραν
2586 2451 2746 2521 (οὒτε
2791 2451 2900 2524 γὰρ
2937 2450 3172 2504 παλαιὰν
3211 2447 3349 2506 εἶναι
3397 2449 3492 2521 τὴν
3543 2449 3942 2520 αἰχμαλωσίαν.

2370 2541 2481 2594 οὔτ’
2508 2543 2604 2595 ἐπὶ
2631 2541 2762 2595 πολὺ
2787 2543 2884 2613 τῆς
2913 2542 3236 2613 οἰκουμένης
3268 2541 3560 2612 χεθεῖσαν),
3591 2541 3744 2611 ζητεῖ
3771 2541 3832 2594 δὲ
3855 2541 3946 2610 τὴν

2372 2633 2766 2706 πιθανωτέραν,
2795 2635 2968 2686 ἐκεῖνο
3007 2635 3136 2697 ἴσως
3170 2633 3456 2687 ὑπολαϐεῖν
3488 2633 3563 2703 (7)
3594 2634 3842 2702 ἄμεινον,
3869 2633 3943 2684 ὅτι

2371 2725 2650 2789 πολλάκις,
2679 2726 2773 2778 καὶ
2803 2725 2906 2778 ὑπὸ
2940 2724 3221 2791 πλειόνων,
3251 2725 3344 2778 τοῦ
3371 2725 3553 2789 ἔθνους
3581 2726 3943 2795 μεταναστάν-

2368 2836 2492 2882 τος,
2538 2819 2612 2880 ὡς
2645 2816 2722 2888 τῷ
2759 2817 2964 2888 Ἕσδρᾳ
3015 2816 3322 2888 ἱστόρηται,
3357 2819 3414 2872 αἱ
3461 2819 3560 2888 μὲν
3603 2817 3715 2870 τῶν
3764 2817 3938 2886 φυλῶν

2369 2908 2749 2980 ἀνεσώθησαν,
2785 2911 2840 2962 αἱ
2873 2910 2928 2962 δὲ
2978 2909 3410 2980 ὑπελείφθησαν
3442 2901 3515 2962 ῶν
3541 2907 3688 2970 εἰκὸς
3715 2907 3938 2959 6:16:1-

2372 3003 2565 3076 ρεισῶν
2594 3005 2674 3068 εἰς
2720 3004 2846 3076 ἔθνη
2879 3005 3116 3071 πλείονα,
3142 3003 3442 3075 τηνικαῦτα
3477 3003 3728 3075 παρεῖναί
3773 3020 3932 3064 τινας,

2369 3097 2463 3148 καὶ
2495 3096 2740 3166 μετέχειν
2765 3095 2856 3150 1:05
2891 3095 3189 3168 Θαύματος.

697 3193 816 3246 alim
862 3195 1074 3263 quidem
1125 3195 1296 3248 tribus
1385 3195 1436 3249 in
1485 3193 1714 3264 patriam
1771 3193 2051 3265 restituth
2079 3193 2305 3257 fuerint,
2348 3193 2467 3247 alia:
2525 3207 2655 3247 vero
2694 3192 2744 3246 in
2780 3193 2969 3246 exsilio
3017 3193 3245 3258 relictae;
3293 3191 3514 3262 quibus,
3545 3199 3606 3244 ut
3647 3190 3933 3246 verisimile

691 3294 775 3340 est
802 3284 853 3337 in
897 3285 1088 3341 multas
1118 3286 1367 3341 nationes
1396 3285 1657 3355 dispersis
1677 3325 1691 3350 ,
1727 3295 1836 3338 tum
1863 3284 2118 3354 temporis
2142 3283 2361 3354 quidam
2388 3282 2676 3349 adfuerint,
2744 3292 2797 3338 et
2849 3283 3080 3354 Spiritus
3141 3283 3384 3338 miraculi
3453 3282 3744 3352 nrticipes
3769 3285 3933 3339 exsti—

694 3379 877 3434 terint.

761 3474 954 3530 XVIII.
995 3475 1173 3546 Atque
1212 3475 1328 3530 tunc
1371 3490 1401 3530 a
1431 3474 1586 3530 nobis
1627 3487 1892 3544 perpensa
1930 3483 1983 3527 et
2015 3471 2266 3528 conside-
2295 3483 2334 3541 ο

687 3581 805 3625 rata
833 3570 976 3634 sint,
1013 3585 1134 3639 quae
1167 3570 1333 3625 etiam
1371 3568 1638 3638 ejusmodi
1667 3580 1790 3622 esse
1816 3565 2169 3626 arbitramur,
2205 3574 2264 3618 ut

687 3659 945 3713 doctrina:
958 3659 1206 3725 studiosi,
1231 3674 1294 3714 ea
1320 3674 1416 3728 pro
1429 3657 1714 3728 superﬂuis
1740 3657 2262 3727 supervacaneisque

688 3765 1026 3820 nequaquam
1074 3750 1310 3805 habituri
1352 3751 1479 3808 sint.
1510 3749 1661 3816 Quod
1695 3749 1740 3804 si
1768 3750 1893 3820 quis
1920 3747 2062 3802 aliud
2101 3749 2261 3816 quid-

689 3843 833 3912 piam
867 3844 934 3897 ad
967 3843 1128 3913 hujus
1171 3843 1275 3897 diei
1313 3843 1706 3898 solemnitatem
1742 3841 2071 3905 contulerit,
2103 3839 2258 3894 nobis

688 3949 903 4004 quoque
929 3935 980 3988 id
1021 3934 1314 4004 collegerit.
1349 3935 1454 3989 Sed
1491 3935 1602 4002 jam
1643 3935 1838 3990 concio
1883 3933 2099 4002 quidem
2144 3932 2255 3986 sol-

685 4025 860 4078 venda
903 4032 988 4079 est
1029 4024 1205 4096 (satis
1243 4025 1386 4078 enim
1417 4024 1572 4093 longe
1621 4039 1682 4079 se
1727 4025 1972 4093 porrexit
2008 4023 2254 4090 oratio);

682 4101 808 4170 festi
839 4125 1015 4172 autem
1057 4117 1352 4173 celebratio
1384 4133 1657 4186 nunquam
1690 4114 2084 4183 abrumpenda.
2121 4113 2258 4180 Quin

683 4210 865 4280 potius
898 4209 1093 4265 l‘estum
1129 4211 1394 4280 agendum
1438 4219 1542 4273 est,
1569 4223 1714 4262 nunc
1743 4208 1960 4277 quidem
1987 4220 2252 4276 corporeo

685 4313 898 4368 quoque
928 4300 1107 4367 modo,
1142 4300 1300 4372 paulo
1329 4309 1446 4371 post
1473 4309 1657 4354 autem
1693 4299 1918 4354 omnino
1951 4295 2252 4366 spirituali;

685 4388 796 4444 illic
849 4391 1139 4457 nimirum,
1184 4392 1275 4447 ubi
1314 4391 1555 4446 rationes
1598 4391 1794 4445 harum
1848 4404 2029 4443 rerum
2070 4388 2257 4458 purius

682 4483 1028 4553 apertiusque
1056 4499 1449 4554 cognoscemus
1475 4523 1490 4544 .
1539 4483 1592 4537 in
1634 4483 1750 4552 ipso
1782 4479 1956 4536 Verbo
1976 4521 1992 4544 ,
2027 4491 2082 4535 et
2115 4481 2250 4544 Deo,

680 4583 736 4626 et
769 4573 994 4630 Domino
1028 4585 1212 4630 nostro
1242 4573 1371 4630 Jesn
1405 4575 1624 4629 Christo
1649 4614 1664 4638 ,
1708 4587 1836 4627 vero
1879 4587 2066 4627 eorum
2090 4610 2107 4635 ,
2157 4570 2251 4639 qui

680 4666 910 4722 salutem
942 4679 1368 4738 consequuntur.
1407 4667 1544 4722 l‘esto
1588 4678 1642 4721 et
1670 4666 2069 4730 exsultatione;
2108 4667 2246 4732 {cum

2442 3471 2548 3524 IH'.
2595 3469 2705 3522 Καὶ
2736 3467 2908 3522 ταῦτα
2955 3467 3352 3538 προεξήτασται
3397 3470 3509 3530 τοῖς
3560 3467 3933 3538 φιλομαθέσιν,

2357 3563 2499 3628 ,ἴσως
2541 3563 2601 3616 οὑ
2637 3562 2944 3634 περιέργως
2979 3561 3077 3631 (8).
3112 3562 3222 3613 Καὶ
3263 3562 3344 3614 ὅτι
3373 3560 3439 3614 ἂν
3485 3561 3614 3615 ἄλλο
3653 3563 3935 3629 συνεισφέ-

2363 3672 2434 3727 ,ρῃ
2465 3655 2539 3726 (9)
2570 3672 2654 3718 τις
2685 3657 2764 3718 εἰς
2798 3653 2897 3725 τὴν
2931 3651 3208 3724 παροῦσαν
3236 3654 3466 3724 ἡμέραν,
3504 3655 3598 3706 καὶ
3623 3655 3754 3724 ἡμῖν
3783 3654 3936 3706 τοῦτο

2364 3746 2515 3800 ἔσται
2561 3745 2882 3818 συνειλοχὼς
2907 3746 3040 3819 10).
3081 3747 3244 3816 Ἡμῖν
3287 3746 3344 3800 δὲ
3386 3747 3476 3800 τὸν
3528 3745 3627 3816 μὲν
3682 3745 3934 3813 σύλλογον

2366 3841 2466 3911 ἤδη
2509 3838 2785 3893 διαλυτέον
2825 3838 3031 3909 (ἱκανὸς
3062 3839 3172 3908 γὰρ
3213 3839 3242 3891 ὁ
3281 3838 3480 3908 λόγος),
3514 3838 3613 3910 τὴν
3656 3838 3716 3892 δὲ
3762 3841 3932 3907 πανή-

2366 3951 2524 4006 γυριν
2553 3933 2827 3988 οὐδέποτε.
2882 3932 3019 3985 Ἀλλ’
3057 3931 3371 4002 ἑορταστέον
3401 3932 3537 4001 (ll),
3563 3929 3657 3983 νῦν
3689 3930 3790 4001 μὲν
3825 3929 3932 4001 (12)

2357 4023 2458 4085 ,καὶ
2489 4021 2844 4093 σωματικῶς,
2879 4022 3072 4093 μικρὸν
3112 4021 3169 4074 δὲ
3209 4019 3431 4092 ὕστερον
3476 4019 3596 4074 ὅλον
3641 4038 3930 4092 πνευματι-

2360 4115 2491 4179 κῶς·
2524 4115 2654 4169 ἔνθα
2698 4116 2794 4168 καὶ
2824 4115 2951 4177 τοὺς
2993 4113 3187 4182 λόγους
3223 4113 3427 4167 τούτων
3473 4113 3733 4184 εἰσόμεθα
3767 4114 3928 4168 καθα-

2364 4207 2595 4280 ρώτερον
2643 4209 2739 4262 καὶ
2785 4208 3142 4278 σαφέστερον.
3191 4208 3248 4259 ἐν
3297 4206 3446 4278 αὑτῷ
3491 4205 3567 4277 τῷ
3611 4206 3804 4276 Λόγῳ,
3845 4207 3928 4258 καί

2357 4299 2496 4371 Θεῷ,
2531 4300 2624 4352 καὶ
2669 4299 2856 4370 Κυρίῳ
2903 4297 3061 4368 ἡμῶν
3109 4297 3282 4369 Ἰησοῦ
3313 4297 3562 4368 Χριστῷ,
3592 4301 3656 4368 τῇ
3706 4297 3923 4368 ἀληθινῇ

2357 4391 2465 4446 τῶν
2508 4391 2830 4463 σωζομένων
2882 4394 3063 4462 ἑορτῇ,
3100 4393 3193 4444 καὶ
3240 4391 3586 4459 ἀγαλλιάσει·
3623 4391 3743 4461 μεθ’
3795 4384 3852 4443 οὗ
3893 4394 3924 4459 ἡ

2358 4485 2482 4551 δόξα
2530 4486 2622 4538 καὶ
2662 4485 2721 4538 τὸ
2766 4485 2928 4547 σέβας
2967 4485 3045 4555 τῷ
3089 4485 3292 4557 Πατρὶ,
3331 4485 3426 4538 σὺν
3466 4484 3543 4554 τῷ
3588 4484 3726 4554 ἁγίῳ
3758 4484 3920 4536 Ι]νεύ-

2363 4593 2510 4647 ματι,
2550 4576 2643 4629 νῦν
2670 4577 2763 4630 καὶ
2789 4575 2900 4646 (ιιόὶ
2928 4577 3008 4637 εἰς
3035 4577 3159 4639 τοὺς
3189 4577 3390 4640 αἰῶνας
3414 4576 3521 4629 τῶν
3548 4575 3759 4629 αἰώνων
3791 4576 3918 4645 (Η).

2368 4669 2560 4740 Ἀμήν.

679 4747 788 4826 quo
815 4760 988 4828 gloria
1032 4772 1085 4814 et
1114 4763 1388 4816 veneratio
1416 4759 1570 4814 Patri
1603 4775 1724 4814 cum
1772 4766 1966 4814 sancto
1993 4757 2240 4828 Spiritu,
2283 4775 2428 4816 nunc
2459 4772 2512 4815 et
2543 4762 2594 4815 in
2623 4763 2817 4816 satrula
2855 4759 3196 4815 smculorum.
3235 4760 3424 4814 Amen.

749 4873 771 4902 ⁸
807 4871 951 4927 Psal.
983 4886 1094 4937 LIV,
1129 4869 1219 4924 10.
1292 4871 1311 4902 "
1347 4869 1487 4924 Psal.
1522 4886 1598 4930 LI,
1645 4869 1700 4924 6.

745 4985 833 5065 (4)
862 4985 1062 5065 Μάγον
1089 4979 1371 5065 οὐχίκδίο
1402 4980 1568 5035 Coisl.
1599 4983 1650 5044 I,
1677 4945 1813 5048 Jcs.,
1850 4981 2040 5045 Savil.,
2065 4981 2238 5046 Pass.,

2368 4983 2522 5065 loisl.‘
2547 4983 2596 5036 Ι.
2628 4982 2682 5035 1η
2702 4983 2766 5036 ed
2797 5023 2812 5044 ,
2846 4981 2912 5065 διν
2941 4983 3214 5065 expassm}.

670 5065 777 5112 etc.
816 5056 870 5109 ltt
901 5057 1010 5116 et|.,
1055 5056 1292 5124 μονονοὺ.

667 5125 820 5248 δέβ)
862 5120 1066 5190 Τίνες.’
1115 5121 1302 5176 Plures
1360 5120 1516 5176 codd.
1566 5121 1768 5174 atltlnnt
1821 5139 1903 5176 τε.
1955 5122 2012 5176 In
2079 5121 2236 5186 aliis,

735 5235 819 5333 i6)
860 5263 1278 5335 Περίγγναξτζος.
1312 5260 1497 5335 Savil.,
1528 5262 1906 5335 _7:spt‘,'pirttq.

739 5331 816 5404 (7)
883 5332 1242 5386 Ὑπολαϐεἷν.
1312 5333 1441 5403 lleg.
1493 5331 1562 5402 ph
1615 5331 1668 5386 et
1711 5331 1812 5388 Dr.
1873 5331 1928 5400 ῗ1,
1982 5332 2236 5404 ὑπολαμ-

667 5406 936 5544 6(£(v§)m0b
966 5470 1300 5545 περιέργως.
1334 5469 1506 5545 Nicet.
1545 5490 1558 5525 :
1599 5493 1618 5525 ι
1647 5490 1748 5528 non
1779 5475 2064 5545 superﬂue.
2107 5495 2124 5528 ι

738 5541 813 5616 (9)
851 5546 958 5600 “Ar
987 5541 1140 5597 ἄλλο
1171 5542 1563 5613 συνεισφέρῃ.
1622 5545 1712 5601 Sic
1749 5541 1928 5617 plures
1976 5546 2140 5618 Regg.
2183 5555 2242 5624 et

2419 5055 2528 5124 (l0)
2558 5053 2951 5124 Συνειλοχώς.
2973 5052 3061 5108 Sic
3080 5052 3224 5117 Bas"
3259 5053 3426 5108 Savil.
3455 5062 3511 5108 et
3540 5053 3692 5112 Pass.
3721 5057 3774 5112 In
3812 5055 3871 5110 ed
3903 5097 3916 5116 ν

2346 5123 2692 5196 συνειληχὼς.

2417 5193 2980 5267 (ιη’Ἑορταστέον.
3040 5194 3197 5250 Pass.
3249 5193 3416 5259 addit,
3453 5196 3609 5267 ἡμῖν,
3660 5217 3676 5250 ι
3723 5198 3911 5254 festum

2338 5265 2493 5320 nohis
2535 5269 2799 5329 agendum
2840 5276 2942 5322 est.
2979 5286 2996 5317 ι

2409 5334 2689 5404 (12)]ῦ1ἐν.
2716 5337 2872 5390 Deest
2908 5338 2956 5388 in
2992 5335 3086 5390 0r.
3130 5336 3182 5389 ‘l.

2408 5405 2517 5476 (15)
2549 5407 2678 5477 Κᾳί.
2705 5405 2950 5477 Nonnulli
2975 5407 3193 5468 addunt,
3223 5408 3326 5470 ἀεί,
3359 5426 3378 5458 ι
3419 5422 3651 5477 semper.
3680 5427 3696 5458 ι

2408 5475 2520 5549 (lt)
2551 5475 2673 5549 Τῶε·
2703 5475 3002 5549 αἰώνων-ηε
3037 5478 3384 5534 Streulot'um.
3423 5497 3441 5529 ι
3487 5475 3576 5534 Sic
3613 5478 3741 5549 Reg.
3763 5476 3827 5548 plt
3845 5482 3899 5531 et

2335 5546 2500 5604 Coisl.
2537 5548 2593 5601 2.
2629 5547 2784 5605 Deest
2826 5548 2875 5602 in
2905 5547 2971 5602 ed
