4050 6298
295 226 385 284 457
916 190 921 194 ’
1260 198 1519 278 ORATIO
1558 220 1716 275 XLII.
1756 251 1826 261 .-

1946 214 2245 277 ΡΒΕΜΗΜ
2287 214 2488 278 VALE.

714 543 1081 629 ΛΟΓΟΣ
1144 540 1298 629 ΜΒ
1319 600 1341 621 .

287 729 720 799 Συντακτήριος
767 728 881 798 (21)
904 768 919 791 ,
958 722 1349 799 ειςγτὴνψτῷν
1373 726 1466 791 pr’
1506 722 1855 777 ἐπισκόπων
1883 726 1930 783 Α

797 794 949 866 παρο
958 798 1140 850 υσίαν
1186 794 1322 866 (22).

342 937 413 989 Α’.
443 933 569 997 Πῶς
600 930 728 1003 ὑμῖν
760 931 828 984 τὰ
870 930 1151 1001 ἡμέτερα,
1186 923 1231 981 ὧ
1274 926 1416 995 φίλοι
1459 923 1714 996 ποιμένες
1758 924 1852 977 καὶ

280 1025 660 1095 συμποιμὲνεςο
687 1016 763 1076 ὧν
801 1022 991 1092 ὡραῖοι
1040 1019 1139 1090 μὲν
1180 1020 1230 1071 οἱ
1278 1018 1458 1081 πόδες,
1504 1015 1851 1085 εὐαγγελιζο-

280 1118 443 1187 μένων
475 1118 700 1188 εἰρήνην
729 1114 825 1168 καὶ
856 1111 1059 1181 ἀγαθὰ,
1088 1111 1203 1182 μεθ’
1228 1104 1301 1165 ὧν
1324 1110 1636 1180 ἐληλύθατε·
1659 1109 1849 1180 ὡραῖοι

274 1211 323 1263 δὲ
349 1209 415 1262 τὰ
448 1209 586 1279 πρὸς
616 1208 783 1277 ἡμᾶς,
825 1200 907 1269 οἷς
946 1205 1027 1267 είς
1059 1203 1249 1274 καιρὸν
1277 1201 1571 1274 ἐληλύθατε
1591 1242 1606 1267 ,
1634 1204 1733 1271 οὐχ
1758 1202 1844 1254 ἵνα

274 1300 537 1372 πρόϐατον
566 1297 919 1367 πλανώμενον
947 1294 1333 1367 ὲπιστρέψητε,
1360 1293 1474 1348 ἀλλ’
1500 1293 1586 1347 ἴνα
1614 1292 1849 1363 ποιμένα

272 1392 498 1461 ἔκδημον
535 1390 646 1461 (25)
694 1385 1099 1457 ὲπισκέψησθε;
1150 1387 1275 1450 Πῶς
1326 1384 1396 1438 τὰ
1440 1380 1539 1456 τῆς
1584 1383 1849 1455 ἐκδημίας

272 1482 389 1553 ὑμῖν
423 1482 541 1553 ἔχει
570 1482 670 1551 τῆς
703 1480 1009 1551 ἡμετέρας;
1042 1480 1140 1533 καὶ
1170 1479 1254 1543 τίς
1302 1480 1330 1531 ὁ
1363 1477 1566 1548 ταύτης
1612 1476 1845 1549 καρπὸς,

272 1576 463 1645 μᾶλλον
493 1575 573 1640 δὲ,
624 1574 716 1628 τοῦ
761 1575 819 1626 ὲν
859 1574 991 1643 ἡμῖν
1022 1570 1364 1641 Πνεύματος,
1460 1568 1758 1640 κινούμεθα
1788 1586 1848 1622 τε

269 1664 373 1729 ἀεὶ,
420 1664 521 1718 καὶ
562 1663 657 1717 νῦν
691 1663 1063 1734 κεκινήμεθα,
1101 1662 1266 1733 μηδὲν
1303 1663 1433 1715 rem
1477 1661 1623 1731 ἔχειν
1656 1661 1847 1714 ἐπιθυ-

270 1756 489 1827 μοῦντες
510 1796 525 1818 ,
577 1756 701 1827 μήτ’
736 1754 866 1817 ἴσως
911 1754 1159 1825 ἕχοντες;
1188 1749 1349 1826 ,τΑρά
1376 1770 1437 1822 γε
1475 1753 1681 1806 συνίετε
1718 1756 1845 1825 παρ’

266 1846 413 1916 ὑμῶν
458 1845 662 1909 αὐτῶν,
693 1846 787 1900 καὶ
828 1844 1298 1915 καταμανθάνετε,
1336 1845 1429 1897 καὶ
1459 1843 1707 1912 λογισταὶ
1739 1844 1846 1897 τῶν

264 1936 548 2009 ἡμετέρων
598 1936 721 1990 ἐστὲ
766 1937 1153 2007 χρηστότεροι;
1191 1935 1224 2005 ἥ
1272 1936 1381 2000 δεῖ,
1427 1934 1675 2007 καθάπερ
1721 1936 1846 1997 τοὺς

265 2030 615 2101 στρατηγίας,
647 2030 680 2099 ἢ
708 2027 1065 2099 δημαγωγίας
1084 2068 1099 2091 ,
1131 2020 1163 2097 ἦ
1197 2026 1516 2097 διοικήσεως
1547 2027 1845 2097 χρημάτων

263 2119 415 2190 λόγον
446 2120 883 2190 ἀπαιτουμένους
919 2119 1056 2188 (24),
1084 2118 1321 2190 δημοσίᾳ
1347 2119 1439 2171 καὶ
1477 2118 1673 2181 αὐτοὺς
1709 2119 1845 2171 ὑπο-

264 2217 409 2284 σχεῖν
441 2213 572 2283 ύμῖν
601 2212 701 2275 τὰς
731 2210 985 2275 εὐθύνας,
1016 2204 1089 2263 ὧν
1117 2210 1499 2281 διῳκήκαμενς
1527 2211 1600 2263 Οὐ
1631 2209 1740 2282 γὰρ
1763 2212 1845 2263 αἱ·

264 2302 569 2373 σχυνόμεθα
596 2302 925 2373 κρινόμενοι,
946 2302 1028 2353 ὅτι
1060 2300 1155 2353 καὶ
1182 2300 1440 2372 κρίνομεν
1469 2301 1527 2353 ὲν
1553 2299 1631 2372 τῷ
1664 2301 1841 2372 μέρει,

263 2395 348 2447 καὶ
398 2392 541 2463 μετὰ
573 2392 670 2463 τῆς
702 2391 875 2461 αὐτῆς
916 2389 1138 2460 ἀγάπης
1179 2389 1486 2460 ἀμφότερα.
1521 2390 1757 2452 Παλαιὸς
1788 2388 1845 2442 δὲ

261 2485 288 2537 ό
311 2485 501 2555 νόμος·
535 2484 657 2535 ἐπεὶ
695 2483 788 2534 καὶ
818 2480 1027 2544 Παῦλος
1064 2482 1176 2543 τοῖς
1206 2479 1524 2543 ἀποστόλοις
1571 2479 1845 2533 ἐκοινοῦτο

260 2578 315 2632 τὸ
354 2576 719 2646 Εὐαγγέλιονο
773 2576 871 2645 οὐχ
922 2576 1009 2629 ἵνα
1042 2574 1462 2645 φιλοτιμήσηται
1504 2572 1714 2644 (πόρρω
1735 2571 1845 2643 γὰρ

258 2669 314 2721 τὸ
341 2667 579 2738 Πνεῦμα
619 2667 799 2737 πάσης
838 2664 1195 2734 φιλοτιμίας),
1227 2663 1342 2716 ἀλλ’
1382 2664 1469 2728 ἵν’,
1504 2664 1537 2734 ἢ
1569 2662 1842 2733 βεϐαιωθῇ

256 2760 313 2813 τὸ
335 2757 777 2830 κατορθούμενον
803 2798 817 2821 ,
860 2757 893 2827 ἢ
932 2755 1196 2826 διορθωθῇ
1231 2756 1293 2809 τὸ
1333 2754 1758 2825 ὑστερούμενον,
1794 2754 1843 2806 εἰ

258 2854 361 2923 ἄρα
413 2868 468 2903 τι
502 2850 596 2902 καὶ
626 2848 866 2902 τοιοῦτον
899 2844 966 2917 ἦν
996 2850 1052 2900 ὲν
1091 2850 1202 2910 τοῖς
1249 2845 1340 2899 ὑπ’
1376 2845 1585 2898 ἐκείνου
1618 2844 1845 2915 λεγομέδ

256 2961 392 3007 νοις,
427 2943 462 3013 ἢ
493 2941 905 3013 πραττομένοις,
939 2940 1015 3001 ὡς
1039 2938 1198 3000 αὐτὸς
1221 2937 1523 3008 παραδηλοῖ
1552 2938 1679 3007 περὶ
1713 2937 1844 2989 ἐαυ-

255 3038 343 3090 τοῦ
404 3035 662 3105 γράφωνο
722 3031 962 3100 Ἐπειδὴ
1009 3031 1107 3084 καὶ
1159 3031 1471 3098 πνεύματα
1522 3029 1845 3098 προφητῶν

253 3125 596 3196 προφήταις
639 3122 1072 3185 ὑποτάσσεται,
1117 3121 1259 3174 κατὰ
1299 3121 1398 3192 τὴν
1439 3120 1690 3186 εὐταξίαν
1730 3120 1842 3190 (25)

206 3218 342 3272 ’τοῦ
408 3217 589 3270 πάντα
642 3214 822 3276 καλῶς
882 3212 1289 3283 οἱκονομοῦντος
1358 3214 1450 3264 καὶ
1509 3210 1845 3283 διαιροῦντος

252 3309 594 3378 Πνεύματος.
628 3307 689 3359 Εἰ
726 3306 781 3358 δὲ
808 3308 1011 3367 ἐκεῖνος
1044 3304 1142 3375 μὲν
1172 3304 1275 3375 ἰδίᾳ
1318 3304 1409 3355 καί
1436 3321 1597 3367 τισιν,
1634 3304 1745 3372 ἐγὼ
1788 3304 1845 3358 δὲ

2394 538 2775 620 ORATIO
2851 536 3123 620 XLII‘.

2066 710 2381 791 Supremunt
2423 724 2535 779 vale
2555 763 2570 789 ,
2605 740 2783 805 coram
2812 731 3017 803 genium
3046 725 3424 793 quinquaginta

2599 809 2873 864 eptscoms.

2022 948 2066 1000 I.
2107 947 2225 1013 Quo
2270 958 2426 1014 pacto
2470 965 2559 1005 res
2587 958 2787 1006 nostrae
2817 951 2971 1007 vobis
2999 965 3057 1006 se
3090 950 3295 1007 habere
3336 948 3528 1004 viden-

1953 1045 2060 1102 tur,
2088 1052 2122 1092 ο
2142 1039 2293 1093 chari
2323 1048 2574 1109 pastores
2597 1050 2652 1096 et
2675 1041 2895 1111 collegae
2920 1058 2934 1108 ;
2966 1057 3195 1112 quorum
3219 1050 3274 1096 et
3295 1038 3529 1110 speciosi

1952 1130 2115 1198 pedes
2138 1140 2283 1198 sunt,
2315 1133 2747 1188 annuntiantium
2779 1149 2970 1203 pacem
2994 1144 3047 1188 et
3070 1134 3207 1189 bona
3233 1136 3276 1199 ⁸,
3302 1133 3529 1203 (ιιιίιιιιει

1951 1237 2074 1277 cum
2112 1223 2217 1278 huc
2244 1224 2472 1279 venistis
2499 1242 2512 1289 ;
2544 1234 2619 1291 et,
2654 1234 2917 1295 quantum
2944 1228 3009 1279 ad
3041 1240 3139 1281 nos
3164 1225 3379 1289 attinet,
3406 1238 3532 1294 speh

1952 1316 2086 1371 ciosi
2109 1356 2125 1381 ,
2155 1325 2338 1386 utpote
2360 1356 2375 1381 ,
2423 1316 2490 1371 ad
2535 1332 2672 1386 quos
2704 1328 3011 1389 opportune
3047 1333 3146 1373 vos
3175 1320 3483 1377 contulistis
3510 1357 3524 1387 ,

1952 1421 2060 1460 non
2089 1415 2147 1460 ut
2184 1417 2454 1463 errantem
2484 1423 2638 1463 ovem
2666 1410 2720 1463 in
2745 1412 2885 1464 viam
2916 1410 3190 1465 reducatis
3210 1450 3225 1475 ,
3254 1426 3437 1465 verum
3473 1418 3532 1467 ut

1950 1506 2221 1565 pastorem
2253 1501 2598 1569 peregrinum
2640 1501 2927 1556 invisatis?
2953 1500 3070 1567 Quo
3104 1511 3265 1569 pacto
3292 1504 3531 1574 peregria

1951 1587 2097 1641 natio
2125 1598 2305 1642 nostra
2338 1589 2547 1659 judicio
2595 1601 2779 1646 vestro
2807 1607 2865 1647 se
2908 1593 3111 1647 habet?
3142 1592 3205 1646 Et
3231 1594 3352 1661 quis
3375 1594 3531 1663 hujus

1951 1673 2157 1731 fructus
2196 1677 2262 1741 ‘°,
2294 1677 2399 1744 vel,
2432 1689 2489 1733 ut
2538 1681 2744 1736 rectius
2774 1680 2985 1752 loquar,
3018 1683 3255 1752 Spiritus
3287 1685 3338 1739 in
3368 1684 3530 1739 nobis

1948 1766 2241 1823 habitantis
2268 1771 2336 1836 ¹¹,
2379 1787 2486 1841 quo
2529 1783 2585 1827 et
2630 1788 2846 1844 semper
2878 1779 3247 1842 mavetuur",
3287 1788 3342 1833 et
3384 1792 3529 1832 nunc

1950 1860 2079 1913 moti
2104 1874 2313 1927 sumus,
2343 1863 2479 1917 nihil
2527 1865 2805 1935 proprium
2841 1867 3042 1924 habere
3083 1870 3398 1939 cupientes,
3429 1884 3529 1924 nec

1947 1947 2179 2005 fortasse
2220 1952 2516 2010 habentes?
2544 1954 2736 2011 Utrum
2784 1960 3001 2014 tandem
3035 1975 3131 2030 per
3168 1962 3530 2029 vosmetipsos

1876 2084 1920 2144 Β
1950 2041 2245 2114 intelligitis
2268 2084 2285 2110 ,
2316 2057 2371 2101 et
2401 2050 2705 2118 percipitis,
2738 2066 2802 2107 ac
2832 2053 3181 2122 benigniores
3222 2070 3405 2109 rerum
3431 2066 3531 2109 no-

1949 2144 2185 2190 strarum
2214 2153 2471 2194 censores
2498 2140 2668 2196 estis?
2694 2144 2774 2197 An
2807 2154 2993 2199 contra
3034 2147 3193 2202 nobis
3218 2147 3526 2202 faciendum

1948 2235 2051 2292 est,
2089 2238 2178 2294 ut,
2225 2232 2682 2297 quemadmodum
2713 2236 2806 2306 qui
2855 2238 3112 2292 militaris
3151 2240 3407 2308 imperii,
3436 2247 3529 2293 aut

1948 2318 2359 2387 gubernationis
2391 2325 2706 2395 p0pularis,
2745 2336 2838 2381 aut
2879 2328 3236 2395 pecuniarum
3282 2329 3518 2384 admini-

1948 2409 2228 2467 strationis
2272 2415 2537 2470 rationem
2597 2430 2989 2487 exposcuntur,
3040 2421 3119 2475 sic
3179 2436 3277 2475 nos
3310 2434 3529 2493 quoque
3594 2447 3603 2455 -

1948 2514 2155 2567 eorum,
2206 2518 2325 2572 qua:
2367 2522 2397 2557 ιι
2452 2508 2604 2564 nobis
2631 2509 3014 2581 administrata
3068 2518 3194 2565 sunt
3223 2552 3239 2576 .
3286 2515 3527 2570 rationes

1950 2591 2159 2658 publice
2189 2596 2340 2650 vobis
2373 2597 2702 2654 reddamus?
2740 2600 2851 2656 Nec
2882 2602 3027 2656 enim
3060 2602 3524 2670 subirejudicium

1949 2683 2352 2752 erubescimus;
2408 2692 2849 2760 quandoquidem
2896 2694 3059 2747 etiam
3094 2694 3339 2749 a'icissim
3383 2696 3529 2765 judis

1948 2788 2135 2829 camus
2157 2812 2170 2837 ,
2198 2786 2361 2845 atque
2404 2789 2695 2850 utrumque
2728 2798 2851 2837 cum
2891 2785 3008 2853 pari
3044 2785 3331 2840 charitate.
3363 2778 3529 2842 Vetus

1947 2872 2128 2919 autem
2163 2866 2279 2920 hmc
2309 2868 2396 2922 lex
2418 2882 2522 2925 est.
2562 2871 2695 2927 Nam
2731 2874 2893 2927 etiam
2939 2876 3139 2931 Paulus
3174 2877 3523 2946 Evangelium

1948 2970 2070 3011 cum
2109 2960 2369 3028 apostolis
2422 2966 2859 3019 communicabat
2892 2967 2968 3032 ¹³;
3007 2984 3113 3022 ιιοιι
3146 2980 3203 3022 ιιι
3246 2970 3529 3024 ambitiose

1946 3061 2007 3101 se
2034 3058 2367 3116 ostentaret;
2401 3054 2587 3121 procul
2622 3056 2764 3109 enim
2806 3060 2873 3110 ab
2906 3058 3052 3112 omni
3094 3059 3280 3129 gloria:
3315 3061 3523 3130 cupidi.

1949 3147 2056 3195 tate
2098 3152 2336 3198 remotus
2368 3155 2450 3199 est
2482 3146 2750 3215 Spiritus;
2788 3150 2885 3203 sed
2924 3160 3019 3215 ut,
3064 3148 3527 3207 vel'conilrmaree

1946 3237 2036 3284 tur
2064 3234 2206 3300 quod
2243 3244 2387 3288 recte
2427 3247 2481 3289 et
2513 3252 2633 3289 cum
2686 3238 2842 3293 laude
2871 3242 3124 3306 gerebat,
3172 3240 3255 3293 vel
3286 3240 3526 3308 corrige-

1948 3331 2097 3374 retur
2126 3325 2267 3391 quod
2299 3323 2472 3380 ollicio
2520 3327 2734 3394 deerat;
2771 3328 2818 3381 si
2852 3328 2978 3397 quid
3005 3334 3186 3381 tamen
3216 3328 3526 3397 hujusmodi

250 3399 494 3470 δημοσία
525 3399 618 3451 καὶ
661 3399 825 3450 πᾶσιν
854 3395 1042 3465 ὑπέχω
1082 3394 1260 3463 λόγον,
1300 3395 1464 3466 μηδὲν
1499 3395 1836 3466 θαυμάσητε.

1946 3417 2064 3462 erat
2098 3409 2149 3462 in
2188 3411 2287 3475 iis,
2322 3426 2439 3480 quae
2484 3413 2552 3468 ab
2592 3429 2656 3469 eo
2707 3394 3059 3479 dicebantur,
3092 3417 3173 3470 vel
3203 3394 3523 3485 agebantur,

251 3492 368 3545 Καὶ
400 3489 511 3560 γὰρ
538 3486 726 3560 χρῄζω
765 3488 964 3558 μᾶλλον
993 3486 1338 3557 ὠφεληθῆναι
1367 3489 1433 3557 τῇ
1464 3486 1570 3538 τῶν
1603 3487 1839 3557 ἐλέγχων

251 3582 562 3652 ἐλευθερίᾳ,
609 3582 755 3651 ἥπερ
800 3582 1025 3643 ἐκεῖνος,
1073 3580 1205 3632 εἴτι
1254 3579 1550 3648 φαινοίμην
1583 3577 1842 3632 ἐλλείπων

250 3676 346 3729 τοῦ
399 3674 642 3736 δέοντος,
696 3674 769 3743 μή
814 3689 931 3734 πως
972 3673 1052 3733 είς
1095 3671 1249 3724 κενὸν
1276 3670 1475 3740 τρέχω,
1519 3667 1551 3738 ἢ
1587 3668 1839 3740 ἔδραμον.

250 3766 366 3819 Καὶ
399 3766 501 3818 ούκ
528 3763 674 3816 ἔστιν
700 3764 879 3825 ἄλλως
904 3760 1349 3832 ἀπολογήσασθαι
1380 3760 1515 3831 (‘26),
1540 3760 1572 3830 ἢ
1598 3761 1655 3812 ὲν
1679 3759 1842 3812 εἰδόσι

249 3861 384 3922 τοὺς
410 3859 603 3926 λόγους
631 3855 974 3926 ποιούμενον.

1943 3500 2393 3566 quemadmodum
2419 3503 2534 3573 ipse
2562 3507 2820 3570 ostendit,
2849 3523 2976 3561 cum
3003 3509 3068 3560 de
3091 3508 3271 3576 seipso
3289 3508 3355 3561 ad
3380 3509 3523 3562 hunc

1942 3586 2160 3640 modum
2203 3590 2394 3643 scribit
2452 3611 2464 3646 :
2520 3593 2781 3656 Quoniam
2823 3606 2872 3650 et
2908 3598 3123 3664 spiritus
3154 3597 3524 3666 prophetarum

1940 3680 2207 3747 proli/ictis
2234 3684 2588 3751 subjiciuntur
2618 3687 2681 3754 “,
2711 3688 2872 3757 juxta
2903 3690 3256 3744 constitutum
3287 3690 3526 3760 SpiritUs

1943 3768 2212 3835 ordinem,
2252 3770 2417 3843 749
2451 3776 2540 3843 qui
2572 3778 2755 3830 omnia
2804 3787 2951 3833 recte
2981 3780 3261 3848 dispensat
3311 3785 3367 3834 et
3392 3778 3527 3834 divie»

1944 3857 2042 3911 dit.
2072 3859 2223 3925 Quod
2253 3863 2298 3916 si
2326 3864 2416 3918 ille
2438 3865 2656 3933 quidem
2681 3868 2933 3938 privatim
2964 3878 3019 3924 et
3052 3870 3196 3939 apud
3225 3868 3515 3940 quosdam,

248 3969 355 4023 ego
391 3963 572 4007 autem
617 3951 830 4021 publice
863 3958 917 4004 et
958 3948 1097 4018 apud
1126 3961 1315 4001 omnes
1347 3945 1611 4015 judicium
1641 3945 1832 4012 subeo,
1875 3964 1942 4003 ne
1967 3951 2017 4005 id
2044 3952 2193 4009 vobis
2220 3955 2527 4012 mirandum
2557 3961 2790 4016 accidat.
2820 3962 2983 4030 Nanr
3017 3978 3117 4034 ego
3153 3978 3238 4029 ea,
3273 3977 3393 4033 qua:
3458 3976 3526 4018 ex

250 4046 426 4107 libera
458 4045 878 4115 reprehensione
905 4041 1224 4125 percipitur,
1248 4040 1481 4094 utilitate
1506 4040 1678 4108 magis
1703 4054 1838 4108 opus
1879 4042 2071 4108 habeo,
2106 4062 2267 4115 quam
2305 4048 2424 4116 ille,
2465 4054 2511 4107 si
2551 4069 2658 4123 qua
2692 4056 2745 4109 in
2801 4070 2856 4109 re
2886 4054 3044 4111 oﬂicii
3120 4066 3304 4125 partes
3362 4055 3520 4110 dese—

249 4142 435 4194 ruisse
469 4139 671 4202 vidcar,
706 4152 774 4191 ne
816 4135 1020 4203 alioqui
1072 4133 1277 4186 frustra
1340 4146 1595 4197 curram,
1635 4141 1728 4185 aut
1766 4138 2100 4190 cucurrerim
2143 4138 2207 4194 ³⁸,
2248 4140 2361 4196 Nec
2403 4159 2530 4198 vero
2577 4145 2735 4201 aliter
2768 4147 3096 4202 defensionis
3136 4162 3332 4201 ιιιιιηυε
3381 4153 3526 4200 recte

248 4233 459 4301 suscipi
499 4242 698 4302 potest,
730 4246 892 4300 quam
936 4231 981 4284 si
1028 4230 1169 4297 apud
1197 4243 1312 4294 eos,
1358 4228 1555 4297 quibus
1607 4228 2091 4289 administrationis
2122 4252 2254 4291 meae
2295 4239 2432 4294 ratio
2460 4243 2671 4311 cognita
2700 4252 2800 4308 est,
2836 4258 3015 4297 sermo
3056 4244 3338 4301 habeatur.

317 4329 402 4378 B'.
439 4324 538 4386 Τίς
567 4318 663 4375 οὖν
689 4324 723 4392 ἡ
754 4320 1018 4388 ἀπολογία
1044 4335 1058 4384 ;
1091 4319 1201 4372 Καὶ
1234 4321 1281 4370 εἰ
1312 4319 1409 4388 μὲν
1433 4317 1652 4389 ψευδὴς,
1684 4317 1841 4386 ἐλέγ-

250 4417 405 4484 ξατε”
445 4417 494 4468 εἰ
530 4415 586 4467 δὲ
626 4413 864 4484 ἀληθὴς,
910 4412 1295 4483 μαρτυρήσατε
1340 4411 1531 4480 ὑμεῖς,
1560 4409 1699 4480 ὑπὲρ
1741 4403 1840 4475 ὧν,

2021 4323 2085 4380 ΙΙ.
2129 4324 2260 4390 Quae
2314 4328 2478 4397 igitur
2522 4339 2606 4384 est
2654 4341 2838 4385 nostra
2888 4330 3172 4385 defensio?
3210 4330 3286 4383 Ac
3330 4330 3375 4383 si
3406 4328 3526 4397 quis

1948 4411 2070 4466 dem
2101 4413 2261 4480 falsa,
2312 4419 2619 4487 coarguite;
2677 4420 2721 4474 si
2777 4428 2956 4472 autem
3012 4434 3161 4482 vera,
3215 4418 3525 4473 tesdmonio

246 4511 350 4563 καί
378 4510 436 4563 ὲν
460 4501 541 4569 οἷς
566 4508 593 4559 ό
618 4505 794 4573 λόγος.
832 4504 1020 4574 Ὑμεῖς
1052 4502 1160 4573 γάρ
1196 4519 1285 4572 μοι
1311 4501 1404 4553 καὶ
1437 4500 1721 4569 ἀπολογία,
1746 4501 1842 4553 καὶ

1947 4511 2130 4558 vestro
2177 4506 2517 4573 coniirmate,
2560 4524 2675 4575 vos,
2709 4510 2951 4579 inquam,
2988 4523 3218 4578 quorum
3250 4523 3435 4574 causa,
3469 4514 3527 4563 et

359 4669 381 4699 ⁹
423 4667 522 4720 Isa.
572 4678 663 4729 ιιι,
710 4666 781 4728 7;
835 4663 993 4716 Rom.
1035 4678 1089 4723 ι,
1154 4660 1242 4714 15.
1322 4662 1364 4693 ¹⁶
1400 4660 1573 4715 Galat.
1618 4674 1670 4723 ν,
1716 4660 1808 4725 22.

249 4738 296 4771 ⁸⁸
338 4739 362 4791 1
392 4736 526 4792 Cor.
554 4752 665 4799 xw,
693 4735 783 4790 52.
852 4735 894 4765 ¹⁵
921 4732 1096 4787 Galat.
1122 4747 1181 4796 ιι,
1214 4731 1267 4784 :2.
1473 4768 1482 4777 .

350 4888 377 4915 ι
421 4875 567 4929 Alias
594 4890 767 4933 xxxtt.
803 4888 921 4941 qua:
950 4882 1126 4927 autem
1152 4871 1223 4925 4?.
1248 4868 1384 4933 erat,
1412 4887 1552 4926 nunc
1581 4872 1671 4925 45.

326 4945 440 5016 (ει)
478 4944 937 5011 Συντακτήριος.
988 4943 1266 5016 llaeevoat,
1284 4956 1339 4993 ut
1358 4953 1575 5016 exponit
1597 4942 1830 5016 Nicetas,

252 5011 397 5070 idem
423 5011 601 5078 sonat,
648 5030 712 5068 ac
745 5011 1187 5082 ἀποχαιρετικός,
1219 5014 1269 5066 id
1304 5022 1420 5076 est,,
1458 5011 1503 5082 si
1552 5012 1696 5081 loqui
1752 5012 1836 5067 las

248 5096 359 5149 est,
421 5102 441 5135 ι
479 5084 822 5139 valedictoria
858 5080 1074 5135 'oratio.
1121 5101 1139 5132 ι
1181 5083 1233 5135 In
1282 5083 1382 5134 hac
1418 5080 1562 5133 enim
1591 5080 1837 5135 oratione

249 5153 862 5222 Constantinopolitatue
892 5152 1029 5219 plebi
1054 5166 1361 5219 supremum
1389 5151 1506 5203 vale
1528 5152 1662 5222 dicit
1694 5149 1833 5205 Gre-

251 5224 459 5289 gorius,
506 5233 560 5275 et
610 5221 677 5275 ab
737 5221 1005 5291 episc0pis
1064 5231 1279 5291 centum
1322 5221 1831 5291 quinquagintaﬁiu

251 5288 487 5347 concilio
559 5288 876 5345 cnadunatis
924 5288 1253 5343 discedendi
1313 5288 1623 5344 facultatem
1682 5288 1830 5343 ellla-

253 5365 408 5428 gitat.
463 5361 615 5428 Quod
661 5363 762 5429 ipsi
798 5374 1111 5415 concessum
1131 5369 1233 5413 est.
1264 5360 1395 5428 Reg.
1429 5360 1640 5413 llenrici
1662 5361 1828 5413 codex

256 5433 417 5486 habet
438 5428 816 5501 συνακτὴριος,
857 5445 955 5499 pro
1000 5429 1410 5501 συντακτήριος.
1446 5428 1684 5499 Utraque
1723 5443 1830 5484 vox

256 5502 407 5555 deest
426 5504 477 5554 in
510 5502 753 5569 pluribus
780 5501 938 5555 codd.
1566 5568 1569 5569 ν
1800 5546 1807 5551 .

328 5570 437 5639 (9.9.)
461 5568 824 5637 Παρθυαίαν.
850 5569 963 5622 Duo
992 5569 1150 5639 Colh._
1173 5569 1394 5636 addunt,
1423 5570 1481 5623 ἐν
1505 5568 1583 5638 τῷ
1625 5585 1830 5638 μαρτυ-

260 5636 361 5711 ρίιξι
386 5636 488 5711 τῆς
545 5636 707 5708 ἁγίας
747 5640 1099 5703 Ἀναστασίας
1139 5636 1374 5710 λεχθείς,
1415 5660 1433 5691 ι
1469 5636 1827 5696 adrutum—lum

500 5734 775 5829 ΡΑςιιιοι..
810 5734 930 5795 Gn.
975 5732 1276 5796 XXXVI.

1889 4660 1931 4691 ¹¹
1968 4664 2016 4715 ΙΙ
2065 4665 2207 4719 Tim.
2251 4681 2301 4732 ι,
2342 4668 2429 4722 14.

2509 4668 2551 4700 ¹²
2590 4670 2711 4726 Act.
2743 4686 2875 4739 χιιι,
2918 4672 3009 4728 9.8.
3088 4672 3131 4703 ¹·¹
3169 4671 3342 4729 Galat.
3374 4688 3433 4743 ιι,
3461 4672 3516 4729 2.

1948 4878 2150 4925 saneta:
2176 4870 2469 4925 Anastasis:
2496 4871 2658 4926 dicta.
2702 4890 2721 4926 ι

2021 4939 2133 5019 (Ξςὸ)
2177 4939 2499 5019 Ἔξιδῃμον.
2546 4941 2951 5019 Plures_codd.,
2989 4941 3343 5015 συνέκδημον,
3374 4948 3517 5014 quod

1946 5010 2189 5077 sequitur
2246 5010 2449 5082 Billius,
2517 5024 2571 5067 et
2618 5013 2778 5066 vertit
2830 5030 2846 5066 :
2906 5032 2925 5063 ι
2985 5010 3242 5082 peregre,
3292 5024 3349 5067 ut
3391 5010 3514 5078 vos,

1945 5090 2214 5155 agentem.
2250 5097 2269 5131 ι
2328 5079 2542 5135 Nic-etas
2581 5099 2593 5133 :
2640 5082 2730 5135 τὸν
2777 5079 3077 5155 ἀπόδημον-
3113 5079 3214 5153 τῆς
3257 5083 3517 5155 πατρίδος

1944 5147 2200 5269 ποιμέναο
2242 5168 2260 5199 ‹
2291 5162 2558 5219 pastorem
2594 5168 2622 5204 a
2665 5154 2836 5220 patria
2872 5147 3322 5221 peregrinantem.
3363 5147 3383 5205 ἱ

2013 5216 2031 5269 (
2078 5218 2127 5269 Η
2194 5220 2707 5269 Ἀπαιτουιιένουίο.
2778 5221 2831 5269 In
2888 5222 3232 5269 ιιιιίιιιιςάιιιιιΔ
3288 5224 3383 5269 ἀπέ

2013 5216 2127 5288 (25)
2194 5216 2707 5293 Ἀπᾲιτουμένουξ.
2775 5221 2831 5275 lu
2872 5216 3233 5291 quibusdam,
3288 5222 3521 5293 ἀπέχον-

1940 5303 2060 5357 τας,
2091 5307 2109 5340 ‹
2157 5291 2495 5357 recipientes.
2533 5309 2552 5342 ι

2008 5356 2126 5431 (25)
2166 5356 2333 5413 Κατὰ
2354 5359 2469 5427 τὴν
2500 5360 2803 5424 εὐταξίαν,
2828 5369 2933 5415 etc.
2957 5359 3078 5415 Bill.
3118 5380 3133 5417 :
3166 5379 3184 5412 ι
3207 5361 3363 5427 juxta
3395 5359 3520 5429 Spis-

1936 5431 2076 5487 ritus
2103 5431 2567 5485 constitutionem.
2599 5449 2618 5481 ι
2653 5431 2843 5487 Uotnb.
2882 5449 2895 5485 :
2932 5449 2951 5483 ι
2979 5431 3135 5501 juxta
3174 5432 3407 5500 Spiritus
3436 5432 3519 5485 di‘

1934 5502 2236 5555 scinlinam.
2273 5518 2291 5549 ι

1993 5520 2705 5653 ἳὲθῗῧξὲαθῇογηξσασθαι.
2764 5570 2894 5642 Reg.
2930 5572 3021 5641 ph,
3062 5571 3229 5640 addit,
3268 5569 3511 5634 δικαίως,

1939 5656 1959 5691 ι
1989 5650 2157 5709 juste,
2196 5650 2407 5695 merito.
2442 5657 2461 5690 ι

3162 5734 3236 5794 15
