4050 6298
496 243 596 298 439

1682 233 1738 288 s.
1778 233 2107 311 eneconu
2146 231 2490 291 THEOLOG!

3614 232 3717 289 460

498 355 636 426 apud
680 365 813 421 quos
842 349 957 405 bare
980 347 1209 403 habetur
1230 345 1421 401 oratio.
1458 343 1565 400 Vos
1590 346 1730 401 enim
1765 347 1895 402 mihi
1927 348 2056 402 estis

2176 349 2470 418 ιάρτυρες,
2523 345 2616 397 καὶ
2666 359 2983 414 καυχησεως
3024 342 3314 413 στέφανος,
3347 341 3431 397 ἵνα
3473 341 3725 416 τολμήσω

494 443 755 506 defensio,
785 448 837 493 et
869 446 1054 502 testes,
1080 445 1132 490 et
1165 434 1347 504 gloriae
1378 448 1578 488 corona
1610 435 1677 501 '°,
1720 444 1776 489 ut
1803 451 1901 505 ego
1926 450 2057 505 quo-

494 549 599 604 que
647 549 710 588 ex
753 528 989 599 Apostoli
1027 526 1205 579 verbis
1240 525 1438 594 aliquid
1487 525 1743 581 audacter
1783 541 2053 595 usurpem.

496 625 595 678 llic
642 637 769 692 grex
817 621 1040 687 exiguus
1095 617 1365 685 quondam
1422 626 1535 671 erat
1585 624 1641 671 et
1692 617 2056 686 imperfectus,

498 723 757 784 quantum
788 711 1004 780 quidem
1040 709 1318 762 oculorum
1358 723 1518 762 sensu
1561 708 1792 778 judicari
1825 718 2055 777 poterat,

499 820 561 858 ac
594 818 658 858 ne
680 818 804 871 grex
837 800 1072 869 quidem,
1107 798 1200 852 sed
1225 813 1446 867 parvum
1504 798 1770 866 quoddam
1811 806 1863 851 et
1904 806 2061 852 tenue

496 896 673 966 gregis
696 893 998 963 vestigium,
1022 898 1110 943 aut
1136 890 1393 958 reliquize,
1419 888 1822 959 incompositus,
1845 899 2061 959 pastore

496 1000 709 1051 carens,
756 982 914 1037 nullis
964 980 1211 1036 terminis
1257 980 1516 1046 inclusus,
1553 995 1653 1035 nec
1679 982 1862 1049 pascui
1907 980 2058 1033 liberi

493 1072 583 1141 jus
604 1072 837 1133 habens,
888 1083 987 1122 nec
1027 1067 1177 1121 caula
1214 1068 1446 1137 cinctus,
1492 1069 1753 1122 oberrans
1784 1069 1834 1121 in
1866 1069 2062 1121 monti-

497 1166 619 1229 bus,
651 1163 701 1217 in
732 1160 1002 1232 speluncis
1038 1168 1090 1214 et
1130 1159 1374 1214 cavernis
1397 1171 1552 1214 terrae
1580 1161 1642 1224 ¹⁷,
1674 1160 1780 1213 huc
1825 1160 1952 1213 illuc
1978 1161 2059 1213 di-

500 1268 721 1323 spersus
774 1262 935 1321 atque
975 1251 1253 1319 disjectas,
1297 1265 1472 1320 eoque
1515 1251 1792 1316 redactus,
1839 1260 1917 1314 ut,
1959 1266 2059 1319 qua

498 1357 767 1414 quamque
796 1355 949 1395 ovem
985 1354 1103 1394 sors
1132 1339 1778 1408 tulisset,-contegeretur
1809 1352 1869 1391 ac
1896 1338 2061 1406 pabu-

501 1437 726 1498 laretur,
776 1431 1139 1501 praeclareque
1170 1432 1364 1496 Ysecum
1425 1429 1508 1497 agi
1562 1429 1801 1493 duceret,
1837 1430 1879 1483 si
1917 1429 2062 1483 salu-

501 1536 608 1579 tem
644 1539 793 1579 suam
831 1521 1169 1590 subriperet;
1222 1535 1326 1573 non
1378 1533 1533 1573 secus
1574 1519 1819 1573 videlicet
1849 1535 1909 1573 ac
1936 1534 2063 1589 grex

501 1616 610 1678 ille,
646 1626 803 1682 quem
832 1610 1011 1665 leones
1044 1608 1390 1677 expulerunt,
1423 1615 1514 1659 aut
1544 1614 1835 1675 tempestas
1870 1609 2064 1661 dissol-

2157 438 2310 505 κὰγώ
2360 455 2411 489 τι
2458 436 2565 488 τῶν
2621 434 2713 486 τοῦ
2771 433 3086 486 Ἀποστόλου
3131 433 3542 486 νεανιεύσασθαι
3587 435 3721 504 (27).

2158 530 2327 581 Τοῦτο
2358 530 2418 581 τὸ
2451 528 2696 597 ποίμνιον
2726 522 2813 596 ἦν,
2843 526 2929 578 ὅτε
2977 526 3170 596 μικρόν
3198 543 3253 577 τε
3298 527 3391 579 καὶ
3421 526 3607 590 ἀτελὲς
3632 522 3721 597 ἦν,

2158 619 2278 671 ὅσον
2314 619 2406 671 ἐπὶ
2456 621 2566 679 τοῖς
2602 616 2932 687 ὁρωμένοις,
2978 616 3071 668 καὶ
3111 615 3231 667 οὐδὲ
3273 615 3554 684 ποίμνιον,
3591 616 3725 670 ἀλλά

2158 710 2390 779 ποίμνης
2417 727 2468 760 τι
2496 708 2685 778 μικρὸν
2712 708 2872 777 ἴχνος,
2892 708 2923 777 ἢ
2946 707 3215 776 λείψανον,
3240 708 3573 761 ἀσύντακτον
3590 709 3724 777 (28),

2160 801 2251 853 καὶ
2283 799 2665 864 ἀνεπίσκοπον,
2702 798 2794 850 καὶ
2839 799 3117 868 ἀόριστον,
3149 801 3284 870 μήτε
3311 799 3480 870 νομὴν
3511 799 3726 853 ἐλευθέ-

2163 908 2259 961 ραν
2302 890 2450 959 ἕχον,
2493 892 2626 960 μήτε
2683 891 2892 965 μάνδρᾳ
2931 890 3342 960 περιεχόμενον,
3378 890 3727 959 πλανώμενον

2159 984 2215 1033 ὲν
2261 983 2441 1052 ὄρεσι,
2482 984 2575 1034 καὶ
2624 983 2905 1053 σπηλαίοις
2939 983 3033 1035 καὶ
3083 986 3204 1045 ταῖς
3254 983 3412 1046 ὀπαῖς
3451 984 3548 1053 τῆς
3597 983 3726 1052 γῆς,

2158 1073 2284 1127 ἄλλο
2322 1070 2553 1141 ἀλλαχοῦ
2594 1071 2987 1143 διεσπαρμένον
3016 1089 3075 1124 τε
3108 1071 3202 1124 καὶ
3228 1072 3727 1143 διερῤιμμένον,ώς

2159 1165 2387 1217 ἕκαστον
2435 1164 2591 1233 ἔτυχε
2639 1165 2974 1234 σκεπόμενον
3024 1164 3170 1233 (99),
3207 1163 3238 1233 ἥ
3272 1165 3567 1233 νεμόμενον
3590 1204 3605 1226 ,
3637 1165 3731 1216 καὶ

2160 1254 2476 1306 διακλέπτον
2520 1254 2874 1324 ἀγαπητικῶς
2916 1254 3027 1323 (50)
3064 1254 3162 1323 τὴν
3205 1253 3394 1305 ἑαυτοῦ
3427 1254 3725 1323 σωτηρίαν·

2161 1340 2270 1398 οἷον
2320 1346 2495 1397 ἐκεῖνο
2536 1345 2597 1397 τὸ
2638 1358 2907 1415 ποίμνιον,
2954 1345 2981 1395 ὃ
3019 1344 3225 1406 λέοντες
3262 1344 3500 1409 ἐξῶσαν,
3530 1344 3561 1415 ἢ
3594 1342 3728 1412 ζὰλη

2161 1436 2419 1497 διέλυσεν,
2458 1435 2489 1503 ἢ
2523 1434 2850 1504 σκοτόμαινα
2894 1434 3253 1487 διεσκέδασεν·
3285 1433 3313 1486 ὃ
3346 1433 3599 1504 θρηνοῦσι
3632 1435 3731 1503 μὲν

2164 1526 2437 1595 προφῆται
2473 1525 2603 1594 (51),
2649 1526 2758 1587 τοῖς
2800 1523 2892 1576 τοῦ
2939 1524 3153 1595 Ἰσραὴλ
3196 1524 3583 1587 ἀπεικάζοντες
3628 1525 3733 1577 πά-

2165 1617 2314 1679 θεσι,
2364 1617 2795 1686 παραδεδομένου
2837 1616 2949 1686 (52)
2990 1618 3099 1679 τοῖς
3145 1616 3383 1669 ἔθνεσιν·
3432 1615 3733 1686 ἐθρηνήσα-

502 1709 601 1771 vit,
655 1713 747 1757 aut
784 1701 954 1770 caligo
1000 1698 1314 1767 dissipavit;
1370 1711 1527 1765 quem
1565 1704 1618 1749 et
1658 1698 1933 1765 prophetze
1983 1698 2063 1751 lu—

2176 1723 2265 1776 μεν
2299 1707 2407 1775 (55)
2436 1707 2490 1758 δὲ
2522 1707 2614 1759 καὶ
2640 1709 2821 1777 ἡμεῖς,
2853 1706 2938 1774 ἐφ’
2971 1706 3093 1758 ὅσον
3137 1706 3351 1776 θρήνων
3392 1705 3733 1775 ἐπράττομεν

502 1807 651 1867 gent,
683 1792 859 1864 populi
892 1787 1171 1845 lsraelitici
1216 1787 1463 1855 gentibus
1493 1786 1675 1840 traditi
1703 1788 2058 1841 calamitatem

505 1887 918 1947 adumbrantes;
956 1889 1010 1936 et
1053 1893 1150 1934 nos
1177 1877 1338 1932 etiam
1387 1876 1650 1939 luxiutus,
1696 1877 1927 1945 quandiu
1987 1876 2067 1929 lu-

506 1992 693 2036 ctuoso
735 1986 875 2032 statu
918 1988 1006 2028 res
1038 1981 1234 2026 nostra
1277 1968 1517 2023 fuerunt.
1560 1968 1691 2022 Nam
1730 1969 1825 2037 ipsi
1857 1983 2068 2037 quoque

507 2087 694 2128 revera
744 2067 948 2139 expulsi
986 2076 1039 2120 et
1070 2064 1295 2133 projecti
1330 2063 1552 2124 luimus,
1591 2070 1750 2127 atque
1782 2059 1832 2111 in
1866 2068 2071 2113 montes

505 2178 691 2218 omnes
736 2170 788 2215 et
833 2158 995 2214 colles
1044 2156 1112 2210 ob
1152 2155 1383 2225 pastoris
1430 2151 1661 2220 inopiam
1708 2151 1970 2218 dispersi;
2011 2166 2071 2205 ac

506 2258 623 2310 dira
649 2250 889 2322 quaedam
922 2255 1215 2316 tempestas
1260 2242 1561 2297 Ecelesiam
1607 2240 1821 2304 invasit,
1858 2249 1906 2293 et
1951 2241 2073 2295 hor-

506 2346 687 2401 rendae
732 2342 921 2397 belluae
972 2339 1025 2392 in
1077 2350 1173 2389 nos
1231 2334 1488 2400 impetum
1547 2329 1809 2391 fecerunt,
1857 2344 1974 2397 quae
2006 2343 2069 2381 ne

508 2450 653 2491 nunc
706 2432 943 2501 quidem,
1003 2423 1210 2479 reddita
1266 2419 1590 2481 serenitate,
1627 2417 1779 2470 nobis
1815 2423 2069 2483 parcunt;

510 2539 724 2587 verum,
756 2535 860 2589 qua
900 2525 1023 2573 sunt
1070 2511 1423 2582 impudentia,
1470 2508 1799 2577 potentiores
1825 2506 1983 2558 etiam
2021 2514 2074 2559 et

510 2617 825 2677 atrociores,
862 2625 1021 2681 quam
1051 2617 1262 2674 tempus
1308 2603 1465 2665 ferat,
1519 2615 1576 2655 se
1605 2602 1884 2669 praebent;
1917 2608 2076 2668 atque

513 2710 683 2763 tristis
716 2703 957 2773 quasdam
990 2699 1159 2766 caligo
1189 2703 1378 2751 cuncta
1407 2691 1689 2761 occupavit
1724 2700 1778 2744 et
1805 2692 2063 2755 contexit,

2167 1797 2308 1859 ἄξια.
2340 1796 2427 1864 Τῷ
2452 1796 2563 1848 όντι
2590 1796 2697 1866 γὰρ
2725 1797 2816 1848 καὶ
2849 1798 3006 1866 ἡμεῖς
3032 1794 3343 1865 ὲξώσθημεν
3381 1796 3472 1847 καὶ
3508 1796 3736 1865 ἀπερρί-

2172 1902 2368 1955 φημεν,
2404 1886 2495 1937 καὶ
2540 1885 2631 1937 ἐπὶ
2680 1887 2786 1937 πᾶν
2821 1886 2944 1955 ὅρος
2972 1887 3065 1937 καὶ
3111 1885 3295 1953 βουνὸν
3339 1885 3732 1955 διεσπάρημεν,

2168 1975 2242 2037 ὡς
2270 1977 2324 2027 ἐν
2359 1974 2561 2045 ἐρημίᾳ
2589 1975 2839 2044 ποιμένος
2869 1976 3001 2046 (54)·
3032 1976 3125 2029 καὶ
3163 1975 3395 2045 πονηρός
3421 1992 3503 2036 τις
3529 1973 3735 2044 χειμὼν

2169 2065 2398 2134 κατέσχε
2442 2066 2540 2135 τὴν
2583 2065 2939 2134 Ἐκκλησίαν,
2989 2065 3082 2117 καὶ
3124 2065 3285 2116 δεινοὶ
3333 2063 3497 2133 θῆρες
3538 2065 3735 2115 ἐπιπε-

2170 2153 2469 2216 πτώκασιν,
2496 2156 2546 2205 οἰ
2584 2154 2715 2224 μηδὲ
2744 2154 2838 2207 νῦν
2871 2154 3007 2225 μετὰ
3028 2154 3122 2223 τὴν
3145 2153 3356 2224 αἰθρίαν
3379 2152 3534 2222 ἡμῶν
3569 2150 3739 2219 φειδὸ-

2175 2260 2346 2313 μενοι·
2382 2244 2494 2297 ἀλλ’
2524 2244 2999 2314 ἀναισχυντοῦντες
3034 2244 3144 2314 (55)
3172 2240 3327 2308 εἶναι,
3354 2244 3448 2296 καὶ
3487 2242 3580 2295 τοῦ
3618 2259 3738 2294 και-

2176 2335 2271 2407 ροῦ
2316 2336 2713 2407 δυνατώτεροι·
2778 2338 2871 2390 καὶ
2922 2337 3216 2408 σκυθρωπὴ
3272 2355 3354 2399 τις
3410 2336 3740 2405 σκοτόμαινα

2170 2426 2409 2477 ἐπέλαϐε
2435 2427 2609 2478 πάντα
2636 2426 2729 2478 κα)⁸
2754 2427 3105 2495 συνεκάλυψε,
3134 2429 3266 2480 πολὺ
3288 2428 3384 2496 τῆς
3414 2426 3607 2495 ἐνάτης
3631 2425 3740 2477 τῶν

2169 2516 2478 2582 Αἰγυπτίων
2526 2516 2739 2587 πληγῆς
2792 2516 3086 2589 βαρυτέρα,
3129 2518 3221 2571 τοῦ
3257 2515 3574 2587 ψηλαφητοῦ
3601 2515 3742 2583 λέγω

2176 2606 2419 2670 σκότους,
2445 2607 2533 2675 ὑφ’
2559 2602 2617 2660 οῦ
2651 2606 2844 2677 μικροῦ
2874 2607 2982 2660 δεῖν
3015 2608 3148 2679 μηδὲ
3180 2608 3438 2671 ἀλλίκλους
3474 2610 3597 2661 ἰδεῖν
3631 2606 3744 2658 ἐδυ-

2181 2697 2422 2768 νήθημεν
2457 2699 2589 2767 (56).

511 2798 680 2853 multo
709 2810 837 2850 sane
867 2806 1005 2846 nona
1042 2789 1127 2843 illa
1151 2785 1522 2856 Egyptiorum
1553 2782 1705 2852 plaga
1738 2782 1803 2849 ¹⁸,
1870 2783 1969 2837 hoc
2031 2792 2149 2854 est,
2193 2788 2545 2858 palpabilibus
2585 2789 2842 2857 tenebris,
2878 2788 3115 2860 gravior,
3164 2803 3273 2858 prae
3318 2804 3420 2859 qua
3457 2803 3593 2860 pene
3644 2804 3747 2845 nec

515 2891 603 2946 alii
635 2888 766 2941 alios
797 2884 977 2937 videre
1002 2879 1293 2950 potuimus.

586 2980 748 3053 750
795 2975 879 3028 lll.
943 2972 1151 3040 Atque,
1209 2976 1266 3022 ut
1318 2968 1557 3038 aliquid,
1611 2966 1752 3035 quod
1818 2966 2074 3034 majorem

2248 2970 2319 3023 I".
2352 2969 2482 3032 Καὶ,
2515 2970 2579 3021 ἵν’
2609 2970 2744 3022 εἴπω
2770 2986 2821 3021 τι
2854 2968 3293 3039 συμπαθέστερον
3323 2968 3455 3037 (57),
3480 2967 3555 3030 ὡς
3577 2969 3750 3039 πατρὶ

519 3066 1046 3128 eommiserationem
1097 3061 1356 3122 redoleat,
1403 3058 1598 3121 dicam,
1628 3072 1691 3111 eo
1727 3056 1952 3122 scilicet,
1987 3059 2076 3127 qui

515 3177 615 3218 nos
666 3157 872 3219 alllixit,
931 3164 1190 3221 tanquam
1246 3160 1504 3219 parente,
1562 3146 1772 3201 fretus:
1816 3148 2077 3200 Abraham

517 3250 728 3307 nescwit
764 3263 874 3309 nos,
909 3253 956 3297 et
994 3240 1160 3296 Israel
1214 3236 1473 3307 ignoravit
1516 3252 1607 3289 nos
1638 3251 1654 3287 :
1684 3244 1739 3287 at
1797 3245 1852 3287 tu
1916 3233 2080 3286 Pater

517 3350 691 3397 noster
740 3333 980 3390 es‘9:in
1033 3340 1083 3384 te
1132 3327 1315 3381 oculos
1371 3325 1729 3394 conjicimus;
1779 3334 1972 3392 przeter
2014 3333 2065 3376 te

517 3431 681 3486 alium
744 3440 850 3480 non
907 3422 1194 3485 novimus;
1290 3431 1484 3472 nomen
1542 3425 1688 3468 tuum
1747 3414 2077 3468 invocamus.

520 3522 803 3589 Pmpterea
836 3529 1046 3569 causam
1080 3512 1272 3573 dicam,
1321 3508 1498 3576 inquit
1521 3505 1803 3568 Jeremias,
1839 3514 2083 3557 crateram

514 3612 719 3683 judicia
763 3609 948 3676 loquar
974 3603 1041 3656 ad
1071 3611 1118 3655 te
1149 3601 1217 3654 ’°.
1260 3597 1412 3653 Facti
1457 3612 1634 3650 sumus
1667 3603 1722 3647 ut
1753 3611 1784 3647 a
1807 3594 2082 3663 principio,

521 3718 637 3757 cum
666 3715 767 3754 non
798 3700 1077 3764 imperares
1115 3691 1263 3743 nobis
1289 3688 1359 3753 ²¹,
1389 3697 1441 3741 et
1464 3686 1664 3741 oblitus
1693 3700 1752 3739 es
1781 3684 2086 3738 testamenti

521 3792 695 3847 sancti
732 3789 837 3851 tui,
869 3800 931 3839 ac
966 3779 1361 3837 misericordias
1394 3788 1509 3831 tuas
1567 3776 1722 3830 nobis
1789 3773 2083 3829 occlusisti.

522 3881 812 3947 Propterea
846 3871 1187 3942 opprobrium
1215 3867 1339 3922 lacti
1369 3881 1552 3920 sumus
1584 3865 1780 3919 dilecto
1810 3873 1931 3928 tuo;
1967 3878 2084 3927 nos,

523 3971 764 4037 inquam,
818 3962 1101 4017 Trinitatis
1155 3958 1494 4023 adoratores,
1561 3956 1786 4025 perfecti
1838 3956 2090 4025 perfeclm

525 4056 821 4115 divinitatis
876 4052 1102 4107 clientes
1134 4057 1188 4102 et
1217 4046 1525 4116 supplices;
1590 4061 1690 4100 nec
1743 4061 1805 4101 eo
1854 4045 2089 4099 audaciae

523 4158 957 4222 prorumpentes,
993 4154 1050 4197 ut
1080 4141 1370 4210 quidquam
1404 4154 1617 4204 eorum,
1651 4153 1769 4207 quae
1804 4152 1962 4207 supra
1990 4151 2090 4190 nos

527 4250 673 4304 sunt,
705 4239 771 4293 ad
823 4251 919 4291 nos
967 4232 1316 4287 detrahamus
1366 4239 1420 4283 et
1465 4228 1815 4297 dejiciamus;
1873 4242 1973 4280 nec
2012 4227 2087 4278 ita

2178 3059 2255 3130 τῷ
2308 3058 2709 3130 παραδεδωκότι
2767 3058 3075 3129 θαρρήσας·
3140 3057 3380 3126 Ἀϐραὰμ
3429 3059 3539 3110 οὐκ
3596 3059 3752 3126 ἔγνω

2180 3152 2370 3219 ἡμᾶς,
2420 3151 2515 3204 καὶ
2559 3150 2804 3218 Ἰσραὴλ
2850 3151 2959 3202 οὐκ
2994 3148 3218 3218 ἐπέγνω
3262 3147 3448 3218 ἡμᾶς·
3478 3149 3636 3202 ἀλλὰ
3666 3148 3751 3201 σὺ

2181 3241 2381 3309 Πατὴρ
2429 3242 2595 3311 ’ἡμῶν
2624 3242 2705 3294 εἷ’
2749 3242 2841 3293 καὶ
2870 3241 3002 3311 πρὸς
3040 3241 3098 3292 σὲ
3145 3240 3439 3310 βλέπομεν·
3466 3241 3621 3303 ἐκτὸς
3656 3239 3751 3292 σοῦ

2182 3332 2337 3385 ἄλλον
2380 3334 2479 3386 οὐκ
2523 3334 2768 3403 οἴδαμεν·
2810 3332 2870 3384 τὸ
2913 3331 3080 3401 ὄνομά
3115 3348 3205 3384 σου
3248 3330 3600 3401 ὀνομάζομεν.
3650 3332 3756 3384 Διά

2184 3424 2355 3476 τοῦτο
2374 3422 2847 3490 ἀπολογήσομαι,
2872 3422 3037 3489 πλὴν
3062 3423 3309 3489 κρίματα
3329 3421 3579 3487 λαλήσω
3604 3420 3756 3487 πρὸς

2185 3513 2278 3575 σὲ,
2308 3516 2469 3583 φησιν
2521 3513 2789 3583 Ἱερεμίας
2813 3552 2826 3575 ,
2854 3512 3169 3581 ἐγενόμεθα
3206 3513 3286 3578 ὡς
3317 3511 3382 3565 τὸ
3408 3512 3507 3565 ἀπ’
3538 3510 3756 3579 ἀρχῆς,

2186 3605 2281 3657 ὅτε
2308 3608 2417 3657 οὐκ
2450 3601 2636 3673 ἦρξας
2668 3603 2854 3673 ἡμῶν,
2890 3605 2981 3656 καὶ
3014 3603 3273 3655 ἐπελάθου
3302 3601 3563 3672 διαθήκης
3593 3601 3759 3667 ἁγίας

2190 3712 2302 3757 σου,
2335 3694 2428 3747 καὶ
2458 3694 2787 3757 ἀπέκλεισας
2818 3694 2908 3761 ἀφ’
2939 3694 3093 3763 ἡμῶν
3123 3692 3189 3746 τὰ
3211 3693 3331 3762 ὲλέη
3360 3692 3472 3761 (58)
3509 3708 3620 3743 σου.
3659 3691 3762 3743 Διὰ

2189 3785 2343 3838 τοῦτο
2385 3786 2717 3857 ἐγενήθημεν
2761 3785 2959 3846 ὄνειδος
3006 3783 3080 3853 τῷ
3123 3781 3389 3853 ἀγαπητῷ
3422 3799 3545 3845 σου,
3580 3782 3629 3833 οἱ
3659 3781 3762 3850 τῆς

2192 3876 2415 3946 Τριάδος
2457 3877 2845 3947 προσκυνηταὶ,
2878 3877 2926 3928 οἱ
2960 3874 3151 3927 τέλειοι
3192 3875 3291 3944 τῆς
3334 3873 3542 3935 τελείας
3572 3872 3764 3942 θεότηο

2191 3984 2280 4029 τος
2313 3967 2622 4037 πρόσφυγες
2640 3984 2655 3998 ·
2688 3968 2781 4020 καὶ
2813 3966 2887 4037 μὴ
2915 3966 3217 4035 τολμῶντες
3243 3983 3295 4017 τι
3322 3964 3430 4017 τῶν
3453 3964 3591 4033 ὑπὲρ
3614 3964 3763 4032 ἡμᾶς
3808 4026 3825 4039 ο

2191 4057 2270 4118 είς
2309 4058 2452 4126 ἡμᾶς
2503 4056 2759 4123 κατάγειν
2805 4056 2946 4125 (59)·
2986 4055 3119 4125 μηδὲ
3154 4053 3401 4106 τοσοῦτον
3441 4052 3763 4121 ἐπαίρεσθαι

2193 4144 2333 4198 κατά
2363 4145 2459 4207 τὰς
2504 4145 2699 4208 ἀθέους
2740 4144 2989 4213 γλώσσας
3018 4145 3111 4197 καὶ
3146 4143 3463 4213 θεομάχους,
3496 4142 3633 4193 ὥστε
3666 4140 3766 4210 τὴν

2192 4234 2506 4288 δεσποτείαν
2540 4238 2709 4288 ποιεῖν
2750 4236 3062 4305 ὁμόδουλον·
3100 4233 3236 4287 ἀλλά
3264 4232 3635 4303 παρεδόθημεν
3666 4231 3764 4301 δη-

528 4298 745 4404 superbi
774 4340 826 4386 et
850 4335 1185 4398 arrogantes,
1234 4329 1313 4389 ut,
1360 4322 1502 4390 quod
1554 4319 1729 4388 impiae
1776 4317 1974 4384 lingua;
2027 4330 2074 4369 at

2194 4325 2325 4394 λαδὴ
2357 4324 2444 4377 διὰ
2485 4326 2585 4389 τὰς
2626 4298 2796 4389 ἀλλαᾷ
2828 4325 2938 4396 (ιο)
2968 4324 3239 4394 ἁμαρτίας
3271 4298 3449 4393 ἡμῶν.
3479 4298 3571 4374 xii
3597 4320 3655 4372 τὺ
3688 4298 3765 4390 μὴ

599 4486 685 4540 ³⁸1
716 4485 905 4540 Thess.
940 4496 983 4536 ιι
1048 4479 1128 4533 19.
1210 4477 1250 4508 ’⁷
1277 4474 1512 4530 Hebr.xr
1555 4472 1643 4527 58.
1700 4470 1744 4501 ⁸⁸
1772 4468 1939 4523 Exod.
1968 4483 2020 4531 x,
2053 4468 2141 4521 21.

598 4619 707 4701 (27)
745 4614 1231 4701 ζνεαιςιεύσασθαι.
1272 4607 1365 4661 0r.
1400 4606 1454 4669 2,
1484 4603 1907 4675 παῤῥησιᾶσθαι,
1933 4619 1949 4652 ι
1974 4615 2093 4657 cum

528 4689 722 4747 ﬁducia
755 4689 916 4755 loqui.
953 4703 970 4734 ι
1200 4732 1210 4741 .
1580 4740 1592 4755 ,

600 4759 710 4829 (98)
751 4757 1159 4829 Ἀσύνζακτονν
1188 4747 1319 4829 ⁸2⁸·
1354 4741 1810 4829 ,υθι-ᾁῗῖῖῗαῗίτέγξ

598 4809 1144 4900 eammeam-
1167 4809 1640 4900 :,.C_<2'3{eaersur:
1671 4809 1807 4900 {.539
1838 4811 1969 4900 κικ-
2004 4811 2094 4900 Ph:

527 4881 773 4955 οοῖδιίε.
806 4895 899 4947 Or.
928 4881 984 4954 Ξ,
1027 4897 1131 4955 etc.
1167 4884 1380 4955 Nicetas
1425 4881 1663 4955 exponit,
1701 4881 2095 4955 κρυπτόμενον,

536 4946 1027 5021 Τειῦξρῦίιιιειειιίι.
1068 4975 1085 5007 ι
1118 4954 1172 5006 lu
1200 4953 1309 5013 ed.,
1347 4946 2097 5017 σκοπούμενον,’ψιοι1’νθιιίι

530 5039 690 5094 Bill.:
730 5050 748 5083 ι
792 5036 1085 5097 regeretur.
1127 5042 1145 5075 ι
1485 5084 1508 5095 _

602 5104 715 5141 ram
758 5096 1119 5141 Διηκλὲἔττογ
1172 5092 1571 5141 ἀγαπητικως.
1614 5084 1705 5137 Sic
1743 5099 1880 5139 unus
1918 5083 2068 5138 Colb.

532 5092 543 5094 ⁷
625 5104 715 5171 50)
753 5092 1119 5153 Διαῖιλέπτον
1172 5092 1571 5167 ἀγαπητικως.
1614 5092 1706 5165 διο
1743 5099 1880 5139 unus
1904 5092 2094 5166 .Uolb"

528 5110 717 5235 (Ialm,
773 5167 959 5220 Comb.
1006 5164 1109 5235 ῥὶς
1152 5164 1314 5235 etiam
1358 5158 1562 5209 ridetur
1611 5155 1799 5225 legisse
1851 5152 2087 5208 Nrcetas.

530 5230 689 5301 Deest
705 5230 1070 5305 ’ἀγαπητικῶς
1090 5234 1150 5305 _in
1174 5230 1257 5285 ed.

501 5290 1145 5382 ¹””(51Α)’1Ῐροεέῆταιξιιι
1178 5313 1331 5354 sacro
1361 5306 1508 5351 textu
1552 5294 1747 5350 Ezeclt.
1784 5305 1971 5355 nxrv,
2015 5290 2100 5355 l2,

531 5380 810 5448 ποιμένες,
831 5393 849 5425 ‹
884 5383 1141 5448 pastores:
1177 5389 1195 5422 ι

603 5428 715 5568 (δέ)
756 5428 1262 5513 ῘΪαρὶιδεδομένου.
1318 5435 1407 5490 Sic
1446 5436 1626 5501 plures
1673 5431 1829 5487 codd.
1878 5428 1935 5482 In
1986 5430 2096 5491 ed.,

603 5534 684 5568 ;οα
716 5514 989 5568 ενοιιένου.
2042 5566 2053 5568 _

534 5530 805 5605 παράοεχο
813 5530 989 5583 μενου.
1280 5578 1317 5592 υ

605 5589 718 5655 (οὗ)
783 5582 1235 5654 Εθρηνήοναμεν.
1265 5579 1355 5632 btc
1380 5575 1473 5633 0r.
1515 5573 1550 5626 2
1580 5584 1634 5630 et
1667 5568 1853 5627 Comb.
1887 5568 1941 5622 In
1992 5566 2099 5632 ed.,

539 5655 961 5729 ὲθρηνεύσαμεν.

2224 4472 2265 4503 η
2288 4472 2390 4527 Isa.
2419 4490 2571 4540 unt,
2599 4477 2685 4530 ιϐ.
2760 4476 2803 4506 ¹⁰
2834 4474 3031 4531 Jerem.
3061 4475 3227 4540 xu,l.
3302 4474 3344 4505 ¹¹
3372 4472 3471 4527 Isa.
3502 4488 3655 4534 mn,
3678 4474 3763 4528 19.

2275 4609 2385 4678 (5-4)
2458 4611 2551 4676 Ὡς
2573 4611 2644 4663 ἐν
2673 4611 2882 4677 ἐρημίᾳ
2917 4608 3214 4677 ποιμένος.
3243 4606 3418 4678 Οιεῖ,
3450 4606 3525 4667 ὡς
3551 4608 3607 4658 ὲν
3639 4607 3766 4675 ὲρηο

2196 4676 2294 4750 μία
2334 4676 2607 4749 ποιμένες,
2652 4699 2670 4731 ι
2702 4676 2869 4748 quasi
2914 4680 2965 4732 in
3015 4676 3278 4732 vastitate
3313 4676 3536 4753 dispersi
3580 4686 3764 4744 pasto-

2196 4766 2301 4803 I'CS.
2326 4769 2344 4801 1

2268 4836 2378 4905 (55)
2427 4801 3017 4904 Ἀναισχυντοῦντες.
3061 4832 3159 4905 llic
3206 4831 3506 4905 signiﬁcare
3560 4822 3779 4905 videtur

2201 4899 2492 4974 Gregorius
2527 4899 2912 4974 ltaarEticoruur
2936 4899 3316 4974 impudentiam
3359 4903 3422 4951 ad
3460 4899 3508 4951 id
3533 4900 3767 4974 audacia

2199 4968 2529 5043 pror'upisse,
2572 4986 2647 5035 ut,
2694 4989 2759 5027 nc
2791 4968 3069 5041 quideura
3103 4971 3190 5039 pio
3223 4971 3546 5037 imperatore
3584 4968 3756 5020 Theo-

2198 5045 2366 5105 dosio,
2396 5043 2670 5109 comprimi
2696 5044 2882 5111 possit.

2200 5181 2233 5234 θ
2275 5103 2383 5181 (56)
2431 5103 2856 5180 Ἐδυνήθὴμεν.
2892 5109 3025 5165 Tres
3058 5107 3211 5163 Coll).
3246 5114 3299 5161 et
3332 5105 3543 5169 Comb.,
3584 5103 3765 5173 ἡδονήν

2237 5199 2399 5251 ημεν.

2258 5220 2399 5251 ww"

2250 5270 2385 5350 .(57)
2409 5267 2919 5338 Συμπαθέστερον.
2963 5267 3110 5334 Par.,
3152 5262 3576 5334 συντομώτερον,
3608 5276 3627 5311 ι
3653 5259 3767 5313 bre-

2210 5353 2352 5393 γωδ.
2395 5359 2412 5389 ι

2274 5358 2352 5392 u'.
2395 5359 2412 5389 ι

2429 5428 2505 5504 Id
2530 5428 2689 5504 ἑτῖένη.
2724 5427 2781 5504 in
2812 5424 3104 5504 nonnullis,
3128 5424 3186 5477 τὸ
3218 5423 3385 5485 ἕλεος.

2297 5493 2383 5564 59)
2424 5493 2726 5565 Κατάγειν.
2761 5494 2817 5549 In
2848 5496 3190 5566 quibusdam,
3215 5493 3561 5566 καταγαγεῖν.

2297 5508 2383 5564 59)
2424 5508 2726 5565 Καταγειν.
2762 5508 2817 5549 ιιι
2848 5508 3190 5566 quibusnam,
3215 5508 3561 5560 καταγαγειν.

2274 5508 2382 5637 (10)
2414 5569 2646 5633 Ἀλλας.
2677 5564 3038 5632 luuorntliis,
3072 5561 3290 5626 πολλάς,
3318 5580 3336 5614 ‹
3386 5563 3570 5617 multa.
3605 5578 3625 5613 ι
