4050 6298
302 164 393 222 461

1289 146 1543 205 ORATIO
1583 141 1738 200 XLII.
1778 175 1847 185 ——
1880 139 2262 199 SUPREMUM
2301 137 2503 194 VALE.

3440 138 3547 197 £62

297 282 465 345 ἀξίως
493 276 602 331 τῶν
646 272 871 329 ἐντολῶν
918 288 1009 324 σου
1056 269 1497 339 ἀναστραφῆναι·
1550 264 1663 319 ἀλλ’
1709 262 1881 317 ὀπίσω

1997 259 2210 315 Deitatis
2237 258 2419 312 hostes
2453 255 2675 317 faciunt,
2733 254 3024 309 dominium
3072 258 3123 310 in
3153 257 3409 313 servilem
3445 274 3539 314 or-

296 374 393 443 τῆς
439 369 677 431 διανοίας
728 366 883 436 ἡμῶν
933 365 1032 433 τῆς
1085 363 1325 432 πονηρᾶς
1369 359 1478 429 (41)
1526 357 1877 429 πορευθῆναι.

297 463 394 516 Διά
428 462 486 515 τί
539 460 645 530 γὰρ
676 458 862 527 ἕτερον
906 453 1160 525 ἀνδράσιν
1209 451 1559 512 ἀδικωτάτοις
1589 450 1683 502 καὶ
1714 463 1882 516 πονη-

303 552 555 626 ροτάτοις
596 548 745 621 παρά
789 548 996 609 πάντας
1036 545 1161 608 τοῦς
1195 541 1579 604 κατοικοῦντας
1618 539 1716 609 τὴν
1748 537 1882 606 γῆν;

312 646 369 697 '0
414 645 632 714 πρῶτος
676 639 786 710 (42)
830 637 1299 708 Ναϐουχοδονόσορ
1333 632 1606 701 catonem
1647 632 1825 702 ἡμᾶς,
1858 634 1887 685 ὁ

306 736 445 808 μετά
486 734 721 805 Χριστὸν
768 730 911 785 κατά
953 728 1189 801 Χριστοῦ
1227 730 1445 799 μανεὶς,
1480 727 1574 780 καὶ
1615 726 1704 779 διὰ
1731 726 1887 779 τοῦτο

307 828 547 898 μισήσας
593 822 847 895 Χριστὸν,
888 822 971 874 ὅτι
1010 820 1075 874 δι’
1120 818 1282 874 αὐτοῦ
1333 819 1605 871 σέσωστο·
1638 816 1733 871 καὶ
1778 815 1887 867 τῶν

305 916 468 988 ἱερῶν
516 914 714 984 βίϐλων
753 913 853 975 τὰς
894 911 1087 973 ἀθέους
1127 909 1319 972 θυσίας
1365 907 1686 961 ἀντιλαϐὼν.
1737 910 1888 960 Κατ-

303 1006 490 1075 ἐραγέ
518 1021 615 1074 με,
643 1003 961 1073 ἐμερίσατο
994 1000 1103 1070 (45)
1140 1016 1234 1068 με,
1272 996 1545 1065 ἑκάλινψέ
1568 1014 1642 1065 με
1668 997 1889 1059 σκότος

301 1095 553 1156 λεπτὸν,
585 1094 675 1145 ἴνα
703 1092 779 1162 μὴ
804 1088 1046 1152 ἀποστῶ,
1085 1088 1217 1158 μηδὲ
1245 1086 1488 1157 θρηνῶν,
1522 1086 1618 1155 τῆς
1643 1084 1885 1155 Γραφῆς.

303 1190 371 1241 El
415 1185 505 1255 μὴ
542 1185 631 1238 ὅτι
664 1185 878 1250 Κύριος
910 1180 1206 1245 ἐϐοήθησέ
1232 1197 1334 1249 μοι
1355 1220 1370 1243 ,
1419 1178 1513 1231 καὶ
1552 1177 1739 1247 χερσὶν
1770 1176 1892 1229 ἀνό-

308 1296 423 1348 μων
473 1277 698 1338 δικαίως
748 1275 910 1327 αὑτὸν
957 1271 1271 1342 παρέδωκεν
1315 1270 1462 1340 (44),
1495 1269 1785 1332 ὲκτοπίσας
1813 1270 1893 1329 είς

307 1368 547 1437 Πέρσας,
582 1361 693 1437 (οἷα
733 1365 803 1417 τά
844 1364 938 1418 τοῦ
985 1362 1119 1417 Θεοῦ
1152 1361 1262 1430 (45)
1299 1360 1598 1431 κρίματαὶ)
1628 1361 1721 1415 καὶ
1754 1361 1893 1430 ὑπὲρ

308 1458 561 1528 αἱμάτων
591 1456 820 1510 ἀνοσίων
854 1452 990 1526 αἷμα
1028 1455 1187 1525 ἐχέθη
1223 1454 1451 1515 δίκαιον,
1482 1450 1710 1504 ἐνταῦθα
1736 1451 1893 1521 μόνον

304 1547 424 1601 οὐδὲ
484 1544 905 1616 μακροθυμῆσαι
962 1544 1335 1614 ἀνασχομένης
1389 1542 1499 1614 (46)
1552 1542 1648 1605 τῆς
1708 1542 1891 1611 δίκης,

306 1638 663 1707 παραϐριιχὺ
709 1636 1030 1706 παρῴκησε
1073 1635 1152 1701 τῷ
1198 1636 1311 1704 ᾅδῃ
1360 1636 1395 1703 ἠ
1438 1634 1607 1702 ψυχή
1650 1652 1789 1703 μου.
1833 1633 1891 1685 'O

305 1730 583 1801 δεύτερος,
608 1729 761 1781 οὐδὲν
791 1728 904 1799 (47)
935 1727 1142 1781 ἐκείνου
1167 1726 1689 1809 φιλανθρωπότερος,
1712 1726 1793 1779 ὅτι
1822 1726 1895 1796 μὴ

307 1818 758 1891 καῖ’βαρῦτερος,
792 1821 902 1890 ὅσῳ
932 1819 1027 1872 τοῦ
1059 1808 1653 1891 (48)“Χριστὸῦ”ᾠέρων
1697 1818 1893 1889 ὄνομα,

304 1912 698 1982 ψευδόχριστος
727 1907 815 1981 ἦν,
848 1912 940 1964 καὶ
970 1912 1315 1981 Χριστιανοῖς
1356 1910 1518 1981 βάρος
1551 1910 1685 1981 ὁμοῦ
1716 1928 1773 1962 τε
1804 1909 1897 1962 καὶ

307 2003 515 2067 δνειδος
544 2003 678 2072 (49),
705 1998 787 2065 οἷς
817 2003 910 2055 καὶ
938 2001 999 2055 τὸ
1043 2004 1217 2054 ποιεῖν
1251 2000 1431 2068 ἄθεον,
1458 2002 1552 2054 καὶ
1578 2000 1637 2053 τὸ
1668 2000 1897 2068 πάσχειν

308 2095 520 2159 ἄδοξον⁸
554 2095 632 2165 τῷ
668 2094 801 2165 μηδὲ
841 2094 1138 2147 ἀδικεῖσθαι
1168 2095 1376 2159 δοκεῖν,
1415 2094 1548 2165 μηδὲ
1579 2093 1638 2146 τὸ
1673 2091 1901 2163 μεγαλο-

311 2185 530 2256 πρεπὲς
555 2184 725 2254 ὄνομα
754 2184 830 2255 τῷ
857 2184 1086 2253 πάσχειν
1116 2186 1398 2254 προσεῖναι
1426 2182 1537 2253 (50)
1562 2184 1659 2254 τὴν
1696 2199 1901 2252 μαρτυ-

316 2278 457 2347 ρίαν·
497 2276 632 2329 ἀλλά
666 2274 947 2329 κάνταῦθα
991 2274 1317 2328 κλέπτεσθαι
1349 2274 1446 2345 τὴν
1483 2272 1760 2345 ἀλήθειαν,
1794 2274 1899 2326 πά-

314 2386 550 2438 σχοντας
592 2368 668 2431 ὡς
708 2367 1106 2439 Χριστιανοὺς,
1154 2367 1228 2430 ὡς
1293 2366 1509 2430 ἀσεϐεῖς
1555 2364 1899 2429 κολάζεσθαι.

311 2458 502 2527 Οἴμοι,
551 2457 632 2509 ὅτι
675 2456 1086 2527 ὲπλουτήσαμεν
1132 2458 1188 2508 ὲν
1224 2457 1336 2519 τοῖς
1378 2460 1601 2519 κακοῖς,
1651 2456 1739 2508 ὅτι
1786 2455 1904 2523 πῦρ

315 2550 619 2618 κατέᾎιιγε
668 2551 738 2604 τὰ
784 2550 969 2619 ὡραῖα
1009 2548 1121 2617 τῆς
1178 2545 1549 2616 οἰκουμένης.
1606 2545 1679 2600 Τὰ
1730 2545 1905 2599 κατά-

313 2642 507 2693 λοιπα
546 2641 659 2708 τῆς
704 2641 945 2710 κάμπης
989 2638 1326 2708 κατέφαγεν
1366 2638 1405 2704 ἡ
1450 2637 1652 2705 ἀκρίς,
1696 2637 1789 2690 καὶ
1836 2637 1907 2690 τὰ

316 2730 658 2783 macilenta
701 2726 809 2799 τῆς
857 2728 1103 2797 ἁκρίδος
1151 2728 1483 2797 κατέφαγεν
1529 2729 1567 2795 ἡ
1624 2727 1901 2794 ἐρυσίϐη·

318 2814 435 2875 εἶτα
484 2821 512 2871 ὁ
563 2818 822 2890 βροῦχος,
866 2817 985 2872 εἶτα
1028 2819 1129 2872 οὐκ
1172 2814 1267 2871 οἵδ’
1319 2818 1347 2871 ὃ
1390 2835 1443 2870 τι
1495 2818 1630 2889 πρὸς
1675 2816 1903 2880 τούτοις,

1990 352 2171 406 dinem
2221 351 2500 404 nobiscum
2550 348 2898 414 redigamus;
2935 350 3030 404 sed
3074 350 3280 406 scilicet
3325 362 3548 421 propter

1986 442 2089 495 alia
2138 440 2342 496 scelera
2389 446 2595 503 nostra,
2636 447 2692 494 et
2736 439 2863 509 quia
2894 455 3025 505 non,
3063 449 3122 496 ut
3153 442 3422 497 mandatis
3450 444 3555 498 tuis

1988 532 2207 601 dignum
2260 540 2406 591 erat.
2465 531 2586 585 vita:
2638 539 2837 586 nostra:
2890 532 3131 588 rationes
3184 532 3552 599 instituimus;

1987 640 2173 679 verum
2204 632 2325 692 post
2354 637 2574 691 pravam
2630 631 2868 677 nostram
2918 631 3152 679 mentem
3182 633 3236 679 et
3263 625 3554 694 cogitatio-

1998 728 2119 767 nem
2175 711 2586 766 ambulavimus.
2643 712 2895 776 Qnmnam
2928 712 3069 766 enim
3098 713 3201 767 alia
3232 728 3396 769 causa
3430 729 3559 783 pro-

1989 803 2117 857 ferri
2152 810 2349 872 potest,
2390 817 2487 856 cur
2513 803 2821 856 hominibus
2848 803 3221 873 iniquissimis.
3257 813 3420 874 atque
3440 819 3561 859 om-

1993 896 2164 959 nium,
2193 908 2328 963 quos
2362 901 2504 947 terra
2539 894 2662 956 fert,
2691 892 3121 949 sceleratissimis
3149 895 3307 949 dediti
3332 895 3559 950 sumus?

1990 985 2214 1039 Primus
2236 983 2735 1038 Nabuchodonosor
2774 998 2871 1037 nos
2908 985 3148 1051 obtrivit,
3172 986 3280 1049 ille,
3316 987 3557 1054 inquam.

1996 1076 2083 1147 qui
2110 1086 2228 1144 post
2251 1076 2523 1130 Christum
2551 1075 2814 1129 adversus
2838 1073 3109 1133 Christum
3145 1076 3327 1131 lurore
3360 1077 3558 1147 ﬂagra-

1993 1167 2090 1232 vit,
2128 1174 2289 1234 atque
2328 1168 2397 1220 ob
2427 1182 2545 1220 eam
2593 1180 2811 1221 causam
2856 1165 3126 1221 Christum
3178 1169 3406 1223 invisum
3457 1171 3559 1223 ha-

1996 1257 2131 1321 buit,
2164 1258 2289 1325 quia
2326 1272 2422 1327 per
2468 1272 2589 1310 eum
2640 1257 2865 1313 salutem
2908 1268 3226 1314 consecutus
3262 1259 3464 1327 fuerat;
3500 1276 3565 1317 ac

2004 1363 2188 1401 sacros
2250 1347 2415 1401 libros
2464 1363 2583 1401 enim
2630 1349 2807 1418 impiis
2862 1349 3144 1404 sacrificiis
3192 1354 3562 1408 commutavit.

2004 1440 2275 1494 Devoravi:
2301 1456 2401 1503 me,
2449 1444 2501 1492 in
2535 1450 2709 1508 partes
2742 1440 2985 1493 distraxit
3005 1455 3085 1493 me
3112 1442 3156 1471 “
3184 1459 3197 1493 :
3229 1451 3567 1497 contererunt

1996 1550 2076 1587 me
2129 1533 2351 1586 tenebra:
2398 1541 2573 1586 tenues
2601 1531 2671 1596 ",
2706 1542 2786 1596 ut,
2813 1546 2879 1587 ne
2908 1531 3096 1602 lugens
3120 1531 3358 1601 quidem,
3386 1549 3415 1586 a
3448 1549 3570 1589 ver-

1929 1607 1968 1661 B
2003 1625 2086 1679 his
2118 1623 2412 1692 Scriptura:
2446 1624 2722 1678 recedam.
2764 1622 2885 1677 Nisi
2914 1626 3035 1693 quia
3074 1622 3327 1678 Dominus
3365 1626 3570 1695 adjuvit

2002 1731 2080 1767 me
2107 1714 2174 1780 “,
2203 1721 2364 1780 atque
2400 1713 2567 1780 ipsum
2604 1712 2802 1781 (qualia
2848 1712 2938 1766 Dei
2980 1712 3177 1779 judicia
3202 1714 3257 1783 l)
3297 1713 3350 1766 in
3385 1712 3570 1769 Persi—

1966 1809 2119 1860 ‘dem
2170 1805 2423 1873 ejectum,
2478 1804 2785 1873 iniquorum
2830 1806 3100 1870 manibus,
3143 1815 3200 1860 ut
3234 1808 3569 1870 merebatur,

2001 1896 2326 1959 tradidisset,
2379 1895 2486 1949 imo
2520 1896 2813 1950 sceleratus
2845 1911 3006 1950 cruor
3033 1896 3085 1950 in
3117 1897 3371 1951 ultionem
3415 1898 3567 1953 inno-

2008 1988 2078 2041 xii
2111 1988 2391 2059 sanguinis
2420 1987 2564 2056 juste
2591 1985 2794 2041 effusus
2825 1987 3013 2041 fuisset
3037 1988 3147 2059 (hic
3170 1989 3340 2043 solum
3365 1989 3573 2059 justitia

1970 2079 2220 2150 quidem
2264 2078 2671 2148 longanimitate
2718 2080 2791 2131 uti
2824 2093 2928 2134 non
2963 2079 3261 2149 sustinuit),
3305 2097 3577 2151 propemo-

2019 2173 2143 2225 dum
2189 2173 2476 2225 habitasset
2504 2171 2558 2223 in
2589 2170 2794 2238 inferno
2827 2174 3004 2226 anima
3046 2189 3160 2227 mea
3191 2173 3256 2227 ’⁸.
3295 2172 3578 2229 Secundus

2006 2262 2173 2318 nihilo
2216 2264 2503 2317 humanior
2554 2263 2645 2318 illo
2692 2263 2812 2328 fuit,
2863 2264 2969 2317 imo
2998 2278 3061 2317 eo
3097 2264 3259 2317 etiam
3301 2266 3576 2330 acerbior,

2007 2355 2149 2424 quod
2202 2354 2403 2410 Christi
2457 2369 2649 2408 nomen
2707 2353 2912 2418 ferens,
2966 2354 3409 2423 pseudochristus
3436 2366 3574 2421 erat,
3670 2368 3677 2375 λ

2007 2448 2437 2518 Christianisque
2480 2463 2618 2502 onus
2666 2447 2824 2501 simul
2876 2455 2930 2501 et
2975 2447 3250 2510 dedecus,
3294 2450 3492 2517 quibus
3524 2460 3581 2503 et

2013 2538 2191 2593 facere
2214 2541 2458 2608 impium,
2488 2549 2542 2595 et
2564 2540 2674 2608 pati
2707 2539 2999 2609 inglorium
3031 2548 3148 2594 erat
3174 2557 3190 2604 ;
3226 2541 3367 2610 quod
3394 2556 3463 2595 ne
3494 2542 3581 2595 in-

2010 2632 2207 2701 jnriam
2259 2632 2476 2701 quidem
2529 2632 2777 2699 accipere
2840 2632 3171 2695 viderentur,
3228 2646 3328 2687 nec
3380 2631 3585 2688 illustre

2015 2724 2262 2794 martyrii
2298 2738 2491 2776 nomen
2530 2723 2867 2777 cruciatibus
2903 2723 3226 2788 accederet;
3266 2738 3452 2778 verum
3499 2724 3585 2778 hic

2014 2831 2228 2886 quoque
2275 2815 2427 2869 fucus
2478 2816 2690 2869 veritati
2725 2816 2896 2880 fieret,
2926 2825 2982 2869 ut
3022 2817 3112 2885 qui
3150 2825 3403 2885 tanquam
3431 2816 3587 2870 Chri-

320 2911 412 2964 καὶ
459 2910 575 2979 (Si)
617 2910 745 2963 ἄλλο
783 2910 868 2962 ἐπ’
911 2909 1054 2978 ἄλλῳ
1100 2908 1253 2978 κακῷ
1302 2908 1587 2978 φυόμενον.
1632 2907 1695 2960 Τί
1728 2908 1792 2961 ἄν
1826 2925 1893 2971 τις

2015 2907 2174 2961 stiani
2228 2906 2587 2975 patiebantur,
2645 2915 2898 2974 tanquam
2942 2906 3090 2976 impii
3122 2910 3364 2961 cruciatu
3404 2906 3585 2962 aﬂice-

322 2962 698 3072 έκτράγιρδοίη
750 2962 928 3055 πάντα
970 2962 1038 3054 τά
1092 2999 1182 3054 τοῦ
1227 2962 1424 3071 καίροῦ
1467 2999 1642 3066 κακὰ,
1686 3000 1779 3053 καὶ

2015 3008 2220 3051 rentur.
2273 2996 2385 3050 Heu
2417 2999 2534 3050 me!
2576 2998 2697 3065 quia
2728 2996 2885 3067 751
2926 2998 2978 3051 in
3008 2997 3164 3052 malis
3189 2997 3384 3053 divites
3408 3009 3461 3052 ct
3488 3014 3585 3051 co-

321 3090 436 3143 τότε
476 3090 857 3161 κατασχοῦσαν
901 3091 1068 3160 ἡμᾶς,
1101 3089 1211 3142 εἴτε
1243 3088 1527 3159 εἴσπραξιν
1571 3089 1675 3160 χρὴ
1707 3089 1886 3155 λέγειν

2008 3089 2139 3157 piosi
2166 3088 2490 3151 exstitimus,
2514 3088 2636 3158 quia
2664 3089 2796 3158 ignis
2830 3088 3061 3155 speciosa
3082 3098 3233 3142 terra:
3275 3090 3493 3142 comedit
3518 3092 3583 3142 ν.

324 3179 429 3230 εἴτε
488 3178 812 3248 δοκιμασίαν
862 3179 956 3232 καὶ
999 3177 1274 3248 πύρωσιν;
1323 3177 1469 3249 Πλὴν
1514 3178 1595 3230 ὅτι
1627 3177 1893 3248 διήλθομε·

2008 3178 2292 3231 Residuum
2340 3194 2508 3232 erucm
2566 3180 2785 3232 comedit
2839 3178 3064 3243 locusta,
3110 3188 3157 3233 et
3195 3180 3462 3233 residuum
3511 3181 3590 3234 Io-

323 3268 407 3321 διά
434 3270 614 3341 πυρὸς
658 3270 749 3323 καὶ
786 3270 1003 3335 ὕδατος,
1032 3269 1125 3323 καὶ⁵
1154 3269 1491 3341 προήλθομεν
1518 3271 1596 3332 εἰς
1630 3268 1893 3339 ἀναψυχὴι

2018 3280 2181 3323 custm
2228 3271 2452 3324 comedit
2489 3270 2671 3340 rubigo
2701 3271 2805 3335 ¹⁶⁶;
2854 3282 2964 3324 tum
2993 3270 3253 3335 bruchus,
3300 3286 3363 3326 ac
3403 3281 3588 3340 postea

326 3360 551 3430 εὐδοκία
583 3360 675 3413 τοῦ
708 3361 969 3426 σώζοντος
995 3360 1151 3414 Θεοῦ.

2020 3361 2202 3414 nescio
2239 3360 2379 3429 quod
2410 3359 2551 3413 aliud
2592 3370 2754 3428 atque
2789 3360 2931 3413 aliud
2988 3360 3184 3414 malum
3235 3361 3461 3416 subinde
3497 3377 3592 3416 ex-

347 3454 558 3505 oriens.
593 3450 730 3516 Quid
774 3461 954 3505 autem
984 3450 1163 3504 omnia
1198 3449 1338 3504 illius
1375 3449 1628 3519 temporis
1661 3449 1798 3502 mala
1852 3448 2051 3519 tragica
2118 3448 2361 3502 oratione
2426 3448 2675 3515 prosequi
2756 3448 2969 3511 attinet,
3018 3463 3263 3518 eamque,
3316 3465 3434 3519 quae
3480 3460 3590 3505 tum

331 3558 429 3597 nos
475 3542 695 3602 invasit,
744 3544 856 3597 sive
906 3556 1119 3611 paruam
1157 3542 1338 3596 dicere
1364 3543 1634 3606 convenit,
1696 3541 1812 3595 sive
1879 3540 2302 3609 explorationem
2364 3554 2428 3593 ac
2494 3539 2907 3608 purgationem?
2951 3538 3216 3594 Caeterum
3253 3542 3589 3596 transivimus

328 3648 419 3700 per
473 3633 651 3702 ignem
705 3641 756 3685 et
795 3648 987 3700 aquam
1018 3632 1085 3694 ’⁷,
1118 3646 1181 3685 ac
1212 3631 1441 3701 benigna
1488 3630 1789 3685 Salvatoris
1821 3630 2096 3685 voluntate
2119 3631 2171 3683 in
2206 3628 2545 3700 refrigerium
2576 3631 2892 3699 prodiimus.

401 3726 476 3776 A’.
521 3722 659 3774 Ἀλλ’
687 3723 715 3774 ὅ
746 3740 837 3793 μοι
878 3723 1056 3792 λέγειν
1084 3722 1194 3793 (52)
1231 3722 1324 3776 ἀπ’
1363 3722 1539 3793 ἀρχῆς
1565 3722 1592 3774 ὁ
1621 3721 1778 3790 λόγος
1801 3721 1912 3793 ὦρ-

2108 3721 2199 3775 ιν.
2241 3721 2549 3786 Enimvero,
2586 3730 2644 3775 ut
2673 3736 2738 3776 co
2768 3736 2848 3786 se,
2882 3724 3020 3777 unde
3044 3723 3281 3794 digressa
3327 3732 3432 3791 est,
3471 3740 3595 3781 ora-

335 3830 496 3885 μητο’
529 3814 687 3867 τοῦτο
717 3815 777 3866 τὸ
810 3814 1075 3885 γεώργιον
1105 3810 1194 3884 ἦν,
1219 3815 1305 3867 ὅτε
1336 3814 1530 3884 μικρόν
1556 3830 1613 3865 τε
1645 3814 1738 3867 καὶ
1767 3830 1893 3865 πενιη

2038 3812 2113 3865 tio
2138 3806 2339 3865 referat
2365 3828 2378 3863 :
2406 3810 2518 3865 lucc
2541 3825 2694 3881 seges
2716 3826 2877 3881 parva
2905 3812 3171 3879 quondam
3196 3823 3250 3868 et
3279 3814 3430 3883 inops
3450 3826 3592 3883 erat,

332 3910 465 3977 χρὸν
494 3902 564 3977 ἦν
584 3947 599 3972 ,
647 3906 741 3961 καὶ
772 3906 888 3973 (55)
930 3907 1029 3976 οὐχ
1055 3906 1203 3968 ὅπως
1244 3905 1377 3958 Θεοῦ
1399 3946 1413 3970 ,
1448 3904 1541 3957 τοῦ
1574 3905 1664 3958 τὸν
1711 3905 1893 3976 κόσμοπ

2031 3918 2097 3957 ac
2132 3917 2238 3957 non
2282 3901 2443 3956 modo
2474 3900 2606 3967 Deo,
2633 3902 2725 3971 qui
2759 3902 2999 3970 pulchris
3038 3904 3252 3971 pietatis
3300 3905 3595 3959 seminibus

333 3998 455 4052 ὅλον
499 3996 917 4068 γεωργήσαντός
955 4012 1013 4048 τε
1048 3996 1139 4049 καὶ
1181 3995 1552 4068 γεωργοῦντος
1589 3998 1703 4059 τοῖς
1732 3996 1893 4049 καλοῖς

2042 4003 2097 4049 et
2126 3993 2385 4048 doctrinis
2418 4000 2587 4047 totum
2621 3994 2807 4048 orbem
2846 4003 3107 4048 terrarum
3138 3995 3395 4061 excoluit,
3431 4005 3593 4066 atque

333 4090 435 4158 τῆς
478 4089 758 4152 εὐσεϐείας
798 4087 1072 4159 σπέρμασί
1116 4104 1175 4139 τε
1212 4088 1304 4141 καὶ
1337 4088 1620 4163 δόγμασιν,
1652 4087 1766 4141 ἀλλ’
1796 4086 1893 4140 οὐδὲ

2041 4084 2263 4148 excolit,
2306 4083 2399 4139 sed
2451 4097 2519 4139 ne
2549 4097 2784 4154 paupere
2812 4084 3051 4153 quidem,
3086 4099 3149 4138 ac
3180 4085 3323 4139 tenui
3365 4086 3595 4141 homun-

337 4183 571 4252 πένητος
597 4181 712 4244 ἐνὸς
737 4181 846 4234 τῶν
873 4178 1069 4233 ἐνδεῶν
1098 4179 1193 4233 καὶ
1233 4180 1504 4251 μετρίων,
1533 4178 1609 4242 ὣς
1636 4195 1698 4247 γε
1726 4178 1893 4232 ἐδόκει

2028 4175 2148 4230 culo
2201 4176 2407 4243 digna,‘
2437 4181 2496 4227 ut
2550 4172 2763 4242 quidem
2815 4174 3135 4229 videbatur:
3166 4175 3273 4228 into
3310 4189 3407 4229 nec
3438 4189 3593 4244 seges

335 4273 452 4324 ἀλλ’
486 4272 610 4324 οὐδὲ
652 4271 761 4341 (54)
804 4270 1071 4341 γεώργιον
1105 4269 1272 4333 ὅλως,
1310 4269 1429 4323 οὐδὲ
1459 4268 1774 4339 ἀποθηκῶν,
1804 4268 1893 4321 οὐδ

2022 4266 2264 4329 omnino,
2307 4280 2407 4320 nec
2442 4266 2670 4331 horreis,
2710 4278 2809 4319 nec
2859 4278 2985 4319 area
3024 4264 3273 4329 fortasse,
3319 4279 3419 4320 nec
3457 4264 3594 4321 falce

338 4364 453 4417 ἆλω
486 4363 677 4432 τυχὸν,
719 4362 842 4415 οὐδὲ
884 4363 1157 4433 δρεπάνης
1203 4361 1367 4427 ἄξιοψ
1404 4360 1525 4413 οὐδὲ
1572 4358 1761 4430 θημὼν
1788 4356 1893 4429 (55)

2022 4359 2222 4426 digna:
2275 4370 2373 4410 nec
2416 4356 2579 4409 etiam
2626 4353 2828 4417 acervi,
2874 4368 2974 4407 nec
3004 4354 3281 4423 manipuli,
3315 4363 3406 4408 aut
3444 4364 3592 4408 certe

336 4454 463 4507 οὐδὲ
512 4453 896 4525 δράγματα,ἥ
941 4452 1231 4524 δράγματα
1278 4453 1448 4522 μικρά
1498 4468 1557 4504 τε
1604 4451 1697 4504 καὶ
1746 4449 1893 4518 ἄωρα

2022 4448 2173 4516 parvi
2200 4455 2254 4501 et
2280 4445 2572 4511 immaturi,
2630 4453 2683 4498 et
2728 4444 2916 4513 quales
2961 4453 3086 4498 sunt
3143 4452 3427 4511 tectorum,
3484 4461 3584 4501 nec

339 4545 435 4597 καὶ
468 4541 556 4598 οἷα
583 4545 651 4599 τὰ
679 4547 742 4598 ὲκ
783 4545 1079 4614 δωμάτων,
1113 4548 1247 4615 μήτε
1287 4545 1443 4613 χεῖρα
1471 4541 1783 4612 πληροῦντα
1824 4544 1893 4593 soi

2026 4539 2281 4595 messoris
2322 4552 2538 4591 manum
2586 4536 2888 4605 implentes,
2945 4550 3045 4590 nec
3092 4550 3299 4603 eorum,
3339 4536 3430 4608 qui
3467 4552 3591 4606 per-

425 4693 471 4723 ²²
498 4690 611 4745 Jer.
659 4707 734 4755 ιι,
779 4691 865 4745 54.

342 4776 469 4828 cxv,
519 4762 607 4818 12.

975 4692 1021 4723 ’³
1048 4690 1188 4745 Psal.
1228 4706 1333 4754 LIV,
1383 4691 1435 4744 6.
1552 4692 1762 4747 "Psal.
1805 4708 1957 4757 xcnt,
2003 4689 2088 4744 17.
2197 4692 2240 4722 ’⁵
2268 4691 2396 4746 ibid.
2500 4690 2683 4745 "Juel
2726 4708 2764 4758 ι,
2795 4692 2881 4747 19.
2977 4691 3194 4747 "'ihid.
3224 4693 3276 4746 4.
3385 4694 3429 4727 ’⁷
3448 4693 3591 4749 Psa.

415 4919 524 4985 (41)
585 4917 877 4986 Πονηρᾶς.
908 4917 1065 4972 Deest
1103 4918 1155 4972 in
1195 4920 1287 4976 Or.
1345 4920 1399 4973 2.

422 4989 537 5060 (l2)
573 4989 632 5060 7'0
667 4988 918 5060 πρῶτος.
944 4987 1213 5060 lulianum
1251 4992 1624 5060 imperatorem
1651 4988 1914 5060 intelligit.

416 5058 528 5128 (45)
570 5059 929 5125 Ἐμερίσατο.
967 5058 1024 5128 in
1055 5059 1394 5126 quihusdam,
1436 5058 1679 5128 ἐμέρισε.

2028 4916 2287 4990 Sicﬁeg.
2344 4919 2455 4984 hm,
2488 4917 2684 4990 aliique
2708 4918 2923 4990 plures.
2973 4917 3026 4972 ln
3078 4920 3185 4990 ed.,
3238 4922 3341 4990 Xp.
3371 4921 3589 4984 ὄνειδος.

2098 4987 2209 5069 (50)
2267 4989 2494 5069 "praua
2523 4987 2615 5069 :5).
2638 4987 2899 5069 :zdgxstr
2930 4988 3257 5069 προσεῖναι.
3280 4987 3386 5069 _Sic
3414 4991 3593 5069 βεδε.

2026 5056 2135 5130 bm,
2162 5056 2250 5130 ph,
2278 5056 2501 5130 Parieti
2520 5058 2684 5130 Gabr.
2728 5056 2888 5130 Deest
2904 5056 2991 5130 τῷ
3028 5060 3256 5130 πάσχειν
3279 5061 3331 5114 in
3361 5060 3452 5115 ed.

437 5126 920 5197 44)11αρέδωκεν.
953 5126 1028 5182 Or
1074 5128 1129 5193 2,
1166 5126 1566 5201 παραδέδωκεν.

438 5196 526 5265 45)
584 5198 661 5251 Τὰ
717 5198 825 5251 τοῦ
890 5197 1059 5252 Θεοῦ.
1126 5199 1218 5254 Sic
1275 5202 1512 5266 quinque
1556 5197 1723 5263 Reae.
1763 5198 1893 5253 Dees

2096 5126 2210 5266 (5!)
2249 5129 2380 5180 Kal.
2414 5129 2608 5196 Rejicit
2630 5126 3005 5182 Combelisins.

2070 5264 2077 5266 ξ
2120 5198 2209 5266 52)
2251 5198 2324 5250 Ὅ
2352 5215 2459 5266 μοι
2504 5198 2726 5266 λέγειν.
2772 5197 2861 5251 Sic
2889 5198 3002 5266 pler

437 5131 920 5197 44)11αρέδωκεν.
953 5131 1028 5182 Or
1074 5131 1129 5193 2,
1166 5131 1566 5201 παραδέδωκεν.

344 5131 526 5320 τοὲ4ῇ
717 5198 825 5251 τοῦ
890 5197 1059 5252 Θεοῦ.
1126 5199 1218 5254 Sic
1275 5202 1512 5278 quinque
1556 5197 1723 5263 Reae.
1763 5198 1893 5253 Dees

2120 5131 2210 5195 51)
2249 5131 2380 5180 Καί.
2414 5131 2608 5196 Rejicit
2630 5131 3005 5182 Combelisins.

2352 5215 2459 5266 μοι
2504 5198 2726 5266 λέγειν.
2772 5197 2861 5251 Sic
2889 5198 3128 5267 plerique
3159 5200 3318 5255 codd.
3340 5200 3396 5254 In
3430 5200 3541 5263 ed.,
3567 5200 3597 5253 ὃ

415 5335 526 5411 (μέ)
566 5338 1034 5411 ’ᾼλνξιζσχομένηᾳ
1062 5336 1118 5391 In
1151 5338 1291 5411 aliis,
1327 5339 1679 5411 ἁνεχομένης.

439 5405 529 5473 47)
564 5407 777 5460 Οὐδέν.
811 5405 903 5462 Sic
934 5411 1116 5473 plures
1138 5409 1295 5463 codd.
1332 5411 1386 5463 In
1421 5405 1532 5473 edi,
1572 5405 1713 5463 οὐδὲ.

439 5412 529 5476 η)
564 5412 777 5460 Οὐδέν.
811 5412 886 5462 sn

417 5412 532 5613 348)
573 5477 741 5543 Ὀσφ
760 5475 886 5545 τοῦ.

442 5545 528 5613 49)
566 5548 882 5613 Χριστιανο

442 5545 528 5615 49)
566 5547 937 5615 Χριστιανοῒς

2090 5338 2201 5407 (55)
2234 5338 2365 5391 Καί.
2407 5335 2571 5407 Deest
2588 5338 2639 5407 in
2670 5338 2963 5393 nonnullis.

2094 5402 2205 5479 (54)
2256 5406 2427 5479 Ἀλλ’
2473 5405 2635 5460 οὐδέ.
2689 5408 2781 5463 Sic
2829 5410 3072 5478 plerique
3107 5410 3260 5466 codd.
3304 5407 3463 5463 Deest
3497 5402 3599 5462 ἀλ-

2015 5479 2084 5533 λά
2111 5478 2163 5531 in
2188 5478 2285 5531 ed.

986 5491 1075 5548 eg.
1107 5477 1194 5531 hm
1217 5488 1268 5532 et
1315 5490 1423 5534 tres
1481 5480 1655 5542 Colb.,
1698 5480 1807 5548 ὅσῳ
1838 5479 1915 5533 τό.

2088 5546 2198 5617 (55)
2235 5545 2463 5614 Θημὼν.
2499 5545 2748 5617 Reg.bm,
2772 5547 3056 5618 θηαονιῶν.

1042 5547 1185 5616 ἀρος
1230 5551 1377 5620 ὁμοῦ
1414 5567 1476 5604 τε
1533 5550 1627 5603 καὶ
1670 5547 1914 5614 ὄνειδος.
