4050 6298
485 106 593 162 ωδ
1695 102 1752 159 S.
1789 102 2120 162 GREGORH
2157 102 2511 163 THEOLOGI
3628 108 3737 163 λιιι

489 226 792 285 transeunt,
823 215 1253 273 benedictionem
1288 215 1577 273 illicientes
1604 218 1666 272 ³⁸.
1700 218 1845 275 Talis
1877 236 2052 292 seges,

2162 220 2460 292 θερίζοντος
2486 220 2617 291 (56),
2652 238 2786 291 μητε
2834 220 2940 274 τῶν
2983 219 3286 292 παριόντων
3316 218 3565 288 εὐλογίαν
3596 238 3735 292 προ-

490 310 700 373 tantilla
733 310 923 364 messis
957 317 1136 363 nostra
1167 316 1285 361 erat
1310 326 1324 375 ;
1354 324 1545 379 magna
1581 319 1782 377 tamen,
1822 322 1875 367 et
1897 314 2060 381 spicis

2163 312 2490 383 καλούμενα.
2517 312 2766 365 Τοιοῦτον
2797 313 2954 383 ἡμῶν
2983 311 3043 365 τὸ
3076 310 3361 382 γεώργιον,
3390 310 3640 364 τοσοῦτον
3672 310 3741 363 τὸ

489 403 732 472 copiosa,
760 409 814 455 et
847 400 1082 469 pinguis,
1126 396 1264 466 apud
1314 412 1463 463 eum,
1505 401 1596 467 qui
1638 400 1954 455 abscondita
1980 402 2061 455 in-

490 503 693 558 tuetur,
742 502 797 547 et
841 492 927 545 tali
962 490 1199 560 agricola
1237 490 1392 559 digna
1424 491 1727 545 habebatur
1758 492 1867 555 illa,
1898 507 2060 559 quam

486 586 787 639 animarum
820 580 986 635 valles
1032 578 1409 649 multiplicant,
1459 594 1581 633 cum
1630 589 1776 634 recta
1815 579 2058 634 doctrina

491 672 848 736 excoluntur;
892 669 1140 739 quamvis
1171 684 1269 724 nec
1301 669 1354 722 in
1387 668 1575 738 vulgus
1602 678 1725 723 nota
1757 679 1924 734 esset,
1962 685 2062 726 nec

400 748 405 755 ’
490 764 542 818 in
575 778 740 818 unum
775 771 1080 831 cogeretur,
1111 761 1203 815 sed
1233 760 1489 831 paulatim
1544 761 1909 831 colligeretur,
1954 777 2059 815 non

486 870 644 911 secus
692 868 755 909 ae
798 853 996 923 stipula
1034 854 1087 907 in
1125 868 1323 919 messe,
1358 863 1413 907 et
1458 856 1764 910 racemulus
1795 855 1847 909 in
1876 856 2060 909 vinde-

485 949 615 1014 mia,
650 960 774 1001 cum
804 945 984 1000 nullus
1013 956 1099 1000 est
1128 947 1315 1000 botrus
1342 945 1407 999 '9.
1447 943 1587 1011 Quin
1620 946 1707 999 illa
1742 961 1977 1016 quoque,
2007 955 2061 1001 et

483 1035 699 1108 quidem
733 1035 1022 1089 admodum
1052 1036 1390 1104 tempestive,
1428 1036 1559 1089 mihi
1595 1036 1784 1090 videor
1814 1036 2057 1104 adjectu-

483 1144 597 1193 rus,
635 1137 694 1183 ut
735 1128 894 1182 ficum
928 1135 1315 1197 prarmaturam
1356 1126 1410 1180 in
1444 1127 1659 1181 deserto
1692 1126 1944 1182 lsraelem
1980 1128 2062 1180 in-

485 1224 608 1280 veni
634 1224 705 1289 ³⁰,
732 1233 785 1277 et
814 1230 873 1277 ut
901 1237 1067 1276 unum
1108 1228 1204 1275 aut
1243 1220 1472 1275 alterum
1514 1220 1728 1274 acinum
1775 1220 1826 1273 in
1870 1220 2061 1273 imma-

485 1325 607 1371 turo
640 1315 793 1370 botro
836 1322 1132 1380 maturum,
1177 1311 1391 1366 Domini
1421 1311 1634 1380 quidem
1682 1310 2062 1365 benedictione

482 1413 757 1463 servatum
781 1405 847 1470 ³¹,
886 1418 951 1458 ac
987 1403 1242 1472 primitiis
1291 1410 1697 1465 consecratum,
1754 1401 1931 1455 adhuc
1980 1409 2064 1455 ta-

484 1514 607 1554 men
641 1512 864 1568 parvum
909 1504 964 1549 et
1012 1510 1215 1560 rarum,
1249 1509 1348 1549 nec
1371 1508 1432 1548 os
1459 1493 1794 1547 comedentis
1828 1492 2057 1561 implen-

2162 401 2337 472 θέρος·
2376 403 2517 474 μέγα
2546 404 2663 474 μὲν,
2701 403 2794 456 καὶ
2826 402 3080 474 εὖσταχυ,
3104 402 3199 457 καὶ
3234 405 3354 456 πῖον
3378 400 3457 472 τῷ
3485 401 3740 472 θεωρητῇ

2160 493 2269 545 τῶν
2304 494 2580 565 κρυπτῶν,
2620 496 2711 548 καὶ
2757 494 2995 548 τοιούτου
3042 493 3286 563 γεωργοῦ
3323 493 3530 564 πρέπον
3562 488 3738 556 εἶναι,

2160 583 2189 635 ὃ
2226 584 2553 654 πληθύνουσι
2587 584 2829 648 κοιλάδες
2855 583 3042 654 ψυχῶν
3074 583 3252 646 καλῶς
3280 582 3357 652 τῷ
3388 582 3530 650 λόγῳ
3558 598 3742 651 γεωρο

2160 675 2441 746 γουμένων
2478 676 2609 746 (57)’
2637 677 2696 729 οὐ
2732 675 2837 746 μὴν
2884 675 3281 746 γνωριζόμενον
3327 677 3439 738 τοῖς
3485 673 3740 739 πολλοῖς,

2161 767 2281 820 οὐδὲ
2307 769 2384 830 είς
2418 765 2475 821 ἓν
2503 767 2889 837 συναγόμενον,
2916 765 3052 820 ἀλλὰ
3087 765 3226 819 κατὰ
3261 766 3452 836 μικρὸν
3485 763 3748 831 συλλεγό-

2165 874 2344 929 μενον,
2382 858 2459 921 ὡς
2489 858 2711 929 καλάμη
2742 858 2852 927 (58)
2884 859 2940 909 ἐν
2970 856 3186 927 άμητῷ,
3220 856 3314 908 καὶ
3355 853 3430 917 ὡς
3458 852 3747 921 ἑπιφυλλὶς

2161 951 2219 1002 ἐν
2265 949 2551 1024 τρυγητῷ,
2602 949 2675 1020 μὴ
2728 949 3066 1019 ὑπάρχοντος
3108 947 3349 1016 βότρυος.
3402 944 3751 1015 Προσθήσειν

2165 1056 2255 1110 μοι
2293 1040 2434 1093 δοκῶ
2480 1040 2741 1103 κάκεῖνα,
2790 1037 2884 1090 καὶ
2930 1036 3050 1089 λίαν
3097 1034 3236 1087 κατὰ
3269 1032 3491 1104 καιρὸν,
3526 1032 3602 1096 ώς
3639 1048 3747 1084 συ-

2161 1129 2264 1199 κῆν
2295 1128 2406 1199 (59)
2440 1130 2497 1181 ἐν
2528 1129 2722 1199 ἐρήμῳ
2767 1120 2924 1195 εὗρον
2953 1125 3045 1177 τὸν
3090 1124 3327 1195 Ἰσραὴλ,
3359 1123 3451 1175 καὶ
3480 1121 3554 1184 ὡς
3595 1121 3751 1193 ράγα.

2164 1218 2292 1288 μίαν
2326 1217 2435 1289 (60)
2476 1217 2508 1288 ἦ
2546 1216 2804 1287 δευτέραν
2842 1213 3047 1284 ὥριμον
3099 1214 3157 1266 ἐν
3200 1211 3364 1284 ἀώρῳ
3402 1211 3480 1282 τῷ
3530 1211 3745 1283 βότρυῖ,

2160 1310 2410 1378 εὐλογίαν
2436 1308 2533 1379 μὲν
2557 1308 2765 1379 Κυρίου
2792 1305 3187 1377 τετηρημένην,
3211 1304 3305 1358 καὶ
3330 1303 3577 1374 ἀπαρχὴν
3605 1303 3751 1357 καθ-

2163 1400 2503 1471 ιερωμένην,
2548 1399 2687 1469 πλὴν
2731 1398 2916 1467 ὀλίγην
2963 1396 3043 1449 ἔτι
3089 1397 3184 1449 καὶ
3237 1396 3496 1458 σπάνιον,
3542 1394 3638 1446 καὶ
3677 1392 3750 1446 οὐ

2160 1490 2473 1563 πληροῦσαν
2505 1490 2679 1560 στόμα
2701 1488 2950 1552 ἕσθοντος
2983 1487 3112 1558 (61)⁶
3138 1487 3232 1541 κα).
3257 1486 3333 1550 ώς
3366 1486 3601 1557 σημαίαν
3643 1485 3747 1538 ἐπὶ

484 1601 590 1645 tem
620 1603 635 1644 :
668 1598 830 1658 atque
848 1589 1031 1653 etiam,
1061 1597 1119 1641 ut
1152 1586 1465 1654 signiferum
1493 1585 1694 1654 lignum
1730 1585 1782 1638 in
1815 1583 1972 1647 colle,
2000 1594 2053 1637 et

2162 1581 2370 1652 βουνοῦ,
2423 1582 2517 1633 καὶ
2563 1580 2638 1643 ὡς
2690 1579 2835 1632 ἱστὸν
2879 1580 2967 1632 ἐπ’
3001 1578 3257 1649 δρους,ῆ
3304 1576 3358 1629 εί
3384 1595 3435 1630 τι
3481 1575 3606 1630 ἄλλο
3630 1575 3745 1629 τῶν

484 1679 684 1734 malum
724 1679 878 1733 navis
908 1679 960 1732 in
990 1686 1172 1731 monte
1201 1676 1267 1742 θ’,
1308 1684 1399 1729 aut
1426 1676 1468 1729 si
1495 1674 1622 1742 quid
1660 1674 1804 1728 aliud
1840 1684 1922 1729 est
1950 1676 2060 1727 sin-

483 1772 687 1841 gulare,
733 1785 832 1825 nec
867 1769 1049 1839 multis
1100 1767 1469 1835 conSpicunm.
1502 1765 1677 1833 Atque
1708 1768 1819 1820 bace
1843 1765 2060 1834 quidem

485 1862 708 1932 pristina
745 1870 926 1915 nostra
962 1869 1252 1929 paupertas
1283 1868 1337 1912 et
1364 1857 1620 1912 mmstitia
1657 1856 1777 1912 fuit.

552 1952 619 2008 ν.
662 1954 735 2007 Ex
771 1966 875 2021 qun
903 1961 1079 2004 autem
1134 1961 1383 2019 tempore
1426 1948 1589 2009 Deus,
1639 1949 1728 2013 qui
1769 1960 2060 2016 pauperem

482 2043 610 2098 facit
657 2053 712 2099 et
756 2043 911 2108 ditat,
961 2041 1051 2110 qui
1121 2041 1413 2093 mortificat
1451 2047 1504 2093 et
1536 2037 1696 2108 752
1737 2037 1971 2091 vivificat
1994 2036 2060 2101 ³³,

482 2136 572 2206 qui
606 2133 717 2189 sola
750 2134 1028 2188 voluntate
1070 2130 1251 2186 omnia
1302 2129 1429 2183 facit
1465 2138 1627 2198 atque
1668 2130 1935 2192 immutat,
1970 2129 2061 2197 qui

481 2239 547 2279 ex
580 2232 739 2278 nocte
769 2222 912 2277 diem
941 2220 1097 2286 facit,
1139 2234 1205 2273 ex
1240 2219 1418 2272 hieme
1460 2233 1579 2282 ver,
1630 2232 1698 2272 ex
1744 2227 2063 2286 tempestate

482 2312 928 2383 tranquillitatem
973 2308 1039 2372 ³⁵,
1080 2323 1145 2363 ex
1194 2308 1439 2362 siccitate
1492 2305 1725 2376 pluviam
1769 2305 1851 2372 ⁸⁵;
1903 2305 2063 2375 idque

482 2406 798 2476 plerumque
853 2401 1011 2455 unius
1060 2399 1217 2469 justi,
1260 2398 1518 2452 diuturna
1567 2397 1942 2466 persecutione
1972 2410 2061 2449 ve-

483 2500 594 2553 xati
625 2486 880 2565 precibus
912 2501 1220 2563 permotus;
1261 2491 1352 2559 qui
1385 2490 1616 2558 denique
1652 2497 1966 2542 mansuetos
2005 2486 2059 2540 in

482 2589 651 2644 altum
680 2586 925 2654 suscipit,
972 2598 1035 2638 ac
1070 2592 1381 2654 peccatores
1422 2596 1592 2651 usque
1627 2581 1693 2634 ad
1725 2590 1922 2633 terram
1961 2579 2063 2632 hu-

483 2678 659 2732 miliat
681 2675 747 2740 ³⁶,
777 2674 905 2728 illud
930 2688 1111 2727 secum
1143 2672 1275 2727 dixit
1305 2689 1321 2726 :
1369 2668 1556 2723 Videns
1582 2669 1686 2723 vidi
1727 2668 2062 2738 aﬂlictionem

486 2766 712 2823 Israelis
742 2767 783 2798 ³⁷
818 2787 830 2821 :
862 2779 962 2819 nec
992 2766 1124 2829 luto,
1174 2778 1276 2817 nec
1324 2761 1549 2817 laterum
1602 2759 2061 2816 conlieiendorum

486 2860 676 2914 labore
708 2858 909 2913 diutius
938 2856 1346 2926 opprimentur;
1379 2868 1442 2908 ac
1472 2852 1683 2907 locutus
1709 2850 1967 2914 visitavit,
2006 2855 2061 2903 et

485 2952 714 3005 visitans
749 2949 978 3004 salutem
1010 2947 1209 3012 attulit,
1252 2945 1616 3015 populumque
1665 2958 1822 2997 suum
1872 2939 2061 2995 eduxit

491 3041 544 3096 in
582 3056 742 3095 manu
776 3039 983 3109 potenti
1010 3047 1060 3092 et
1084 3038 1309 3093 bracbio
1332 3035 1569 3100 excelso,
1598 3035 1650 3087 in
1679 3049 1838 3087 manu
1864 3032 2061 3103 Moysis

482 3140 538 3187 et
568 3130 748 3185 Aaron
800 3130 1096 3185 electorum
1157 3143 1376 3182 suorum
1416 3125 1481 3177 ³⁸.
1526 3123 1662 3190 Quid
1703 3122 1783 3189 fit,
1835 3130 1890 3176 et
1930 3120 2058 3190 quid

484 3224 681 3279 uirum
736 3220 1121 3292 pcrpctratur?
1166 3219 1237 3272 Ea
1296 3219 1571 3281 nimirum,
1630 3230 1748 3285 quae
1792 3213 2063 3268 memoria:

481 3316 731 3387 prodita,
789 3322 843 3369 et
888 3313 1189 3368 litterarum
1257 3308 1628 3364 monumentis
1685 3304 2058 3361 commendata

488 3405 970 3461 circumferuntur.
1024 3401 1158 3457 Nam
1214 3411 1273 3456 ut
1329 3398 1592 3454 miracula
1644 3398 1699 3451 in
1748 3396 1834 3450 via
1892 3394 2058 3459 edita,

485 3511 849 3569 magnumque
885 3496 1033 3551 illum
1085 3493 1367 3564 strepitum
1419 3501 1652 3554 taceam,
1698 3503 1762 3544 ac
1808 3503 1919 3543 rem
1950 3500 2060 3563 uno

483 3588 651 3643 verbo
684 3588 1050 3656 complectar;
1086 3586 1281 3655 Joseph
1317 3598 1454 3638 unus
1484 3582 1536 3636 in
1569 3580 1862 3651 Egyptum
1892 3577 2060 3647 profi-

482 3677 705 3732 ciscitur
730 3678 797 3741 '9,
835 3692 900 3731 ac
943 3685 1201 3731 sexcenta
1241 3675 1520 3729 hominum
1554 3671 1721 3725 millia
1753 3685 1857 3724 non
1892 3668 2060 3722 multo

485 3778 608 3839 post
640 3781 706 3823 ex
737 3766 972 3837 Egypto
1002 3766 1266 3821 excedunt
1291 3764 1357 3817 ‘°-.
1387 3763 1525 3829 Quid
1554 3762 1659 3817 hoc
1692 3758 2060 3814 admirabilius

490 3868 586 3913 aut
634 3859 903 3912 illustrius
955 3858 1148 3912 divina:
1202 3854 1615 3925 magnificentiae
1660 3860 2055 3921 argumentum,

483 3963 607 4003 eum
642 3962 708 4001 ex
734 3948 893 4001 rebus
936 3946 1163 4016 perditis
1196 3960 1258 3998 ae
1288 3943 1606 4013 deploratis,
1658 3944 1759 3996 iter
1805 3942 2058 3997 secundis

488 4039 704 4107 aperire
734 4038 995 4091 voluerit?
1043 4035 1422 4091 Prnmissionis
1459 4043 1599 4087 terra
1630 4046 1725 4101 per
1759 4048 1922 4085 unum
1958 4032 2058 4086 bo—

483 4128 689 4183 minem
739 4130 863 4183 odio
909 4128 1148 4183 habitum
1200 4135 1345 4181 sorte
1394 4123 1752 4187 distribuitur,
1796 4133 1957 4191 atque
1988 4124 2052 4187 is,

2164 1672 2463 1743 μοναδικῶν
2510 1690 2567 1725 τε
2616 1671 2711 1724 καὶ
2746 1672 2806 1724 οὐ
2856 1671 3063 1723 πλείοσι
3110 1668 3520 1740 θεωρουμένων.
3555 1667 3745 1722 Ταῦτα

2165 1764 2261 1834 μὲν
2289 1768 2358 1818 τά
2384 1767 2481 1836 τῆς
2509 1764 2782 1835 προτέρας
2809 1763 2998 1827 πενίας
3026 1762 3118 1818 καὶ
3145 1760 3465 1833 κατηφείας.

2232 1948 2307 2003 Ε’.
2361 1949 2476 2017 Ἀφ’
2503 1941 2563 2001 οὗ
2591 1949 2646 2002 δὲ
2676 1950 2703 2001 ὁ
2733 1947 3018 2018 πτωχίξων
3053 1948 3147 2001 κα).
3189 1946 3487 2011 πλουτίζων
3512 1946 3679 2015 Θεὸς,
3714 1948 3748 2003 ὀ

2164 2039 2408 2095 θανατῶν
2450 2040 2545 2093 καὶ
2584 2038 2901 2107 ζωογονῶν,
2943 2041 2971 2092 ὁ
3003 2038 3171 2092 ποιῶν
3219 2039 3395 2093 πάντα
3429 2040 3522 2091 καὶ
3571 2056 3747 2109 μετα-

2164 2131 2444 2195 σκευάζων
2476 2131 2623 2200 μόνῳ
2649 2130 2725 2201 τῷ
2752 2129 3057 2200 βούλεσθαι,
3090 2131 3117 2184 ὁ
3141 2128 3309 2181 ποιῶν
3336 2130 3399 2182 ἐκ
3430 2130 3527 2200 μὲν
3549 2128 3747 2192 νυκτὸς

2163 2222 2373 2293 ἡμέραν
2394 2261 2409 2285 ,
2444 2223 2508 2274 ἐκ
2553 2221 2609 2274 δὲ
2652 2220 2919 2291 χειμῶνος
2954 2219 3074 2290 ἔαρ,
3102 2222 3165 2271 ἐκ
3197 2219 3253 2272 δὲ
3285 2219 3451 2289 ζάλης
3478 2218 3743 2290 γαλήνην,

2164 2315 2228 2366 ἐκ
2250 2313 2305 2366 δὲ
2334 2312 2561 2383 αὐχμῶν
2591 2312 2918 2382 ἐπομϐρίαν
2962 2312 3056 2363 καὶ
3087 2310 3244 2362 τοῦτο
3283 2309 3349 2363 δι’
3388 2310 3504 2373 ἐνὸς
3532 2309 3745 2362 δικαίου

2164 2405 2420 2468 πολλάκις
2445 2404 2608 2474 εὐχὴν
2639 2404 2732 2456 ἐπὶ
2763 2403 2895 2456 πολὺ
2924 2402 3259 2473 διωχθέντος·
3293 2403 3320 2454 ὁ
3346 2401 3746 2472 ἀναλαμϐάνων

2166 2499 2358 2567 πραεῖς
2383 2497 2461 2558 είς
2489 2494 2641 2565 ὕψος,
2681 2494 2777 2548 καὶ
2803 2495 3073 2548 ταπεινῶν
3102 2494 3453 2565 ἁμαρτωλοὺς
3485 2494 3589 2557 ἕως
3612 2495 3743 2565 γῆς,

2165 2590 2339 2640 ἐκεῖνο
2368 2587 2502 2657 πρὸς
2531 2586 2692 2639 αὑτὸν
2724 2585 2837 2654 (62)
2878 2582 3063 2641 εἶπεν⁶
3108 2585 3276 2640 Ἰδὼν
3302 2581 3464 2639 εἶδον
3494 2586 3609 2652 τὴν
3637 2583 3747 2638 κά-

2165 2693 2354 2731 κωσιν
2386 2676 2494 2731 τοῦ
2541 2677 2775 2746 Ἰσραήλ
2810 2676 2944 2747 (65)’
2980 2677 3072 2730 καὶ
3106 2677 3166 2729 οὐ
3205 2676 3277 2747 μὴ
3323 2676 3629 2749 προσθῶσιν
3658 2676 3746 2728 ἔτι

2165 2767 2243 2838 τῷ
2270 2767 2428 2838 πηλῷ
2466 2768 2558 2821 καὶ
2588 2770 2653 2839 τῇ
2689 2767 2938 2839 πλινθείᾳ
2967 2767 3329 2839 ταλαιπωρεῖν
3349 2784 3362 2798 ·
3414 2768 3507 2820 καὶ
3547 2767 3743 2836 είπὼν,

2166 2858 2525 2929 ἐπεσκέψατο,
2547 2860 2641 2912 καὶ
2660 2859 3094 2929 ἐπισκεψάμενος
3118 2859 3308 2925 ἔσωσε,
3335 2858 3433 2913 καὶ
3463 2859 3742 2929 ἐξήγαγε,

2163 2948 2269 3002 τὸν
2281 2950 2436 3003 λαὸν
2450 2949 2640 3003 αὐτοῦ
2660 2950 2730 3004 ἐν
2750 2952 2894 3020 χειρὶ
2931 2951 3184 3018 κραταιῷ
3215 2951 3347 3022 (ϐί),
3372 2952 3467 3005 καὶ
3496 2953 3565 3005 ἐν
3585 2953 3744 3021 βρα-

2164 3041 2322 3109 χίονι
2367 3039 2592 3109 ὑψηλῷ
2613 3042 2683 3095 ἐν
2704 3041 2854 3111 χειρὶ
2884 3041 3067 3109 Μωσῆ
3096 3042 3194 3095 καὶ
3239 3042 3464 3111 Ἀαρὼν
3491 3044 3600 3114 (65)
3631 3045 3745 3098 τῶν

2163 3132 2433 3185 ἐκλεκτῶν
2463 3132 2648 3187 αὑτοῦ.
2668 3133 2732 3184 Τί
2755 3133 2994 3201 γίνεται,
3024 3134 3116 3185 καὶ
3139 3130 3189 3186 τί
3218 3132 3743 3205 θαυματουργεῖται;

2168 3223 2235 3272 Ἀ
2284 3220 2453 3291 βίϐλοι
2501 3222 2597 3274 καὶ
2648 3222 2857 3293 μνῆμαι
2912 3221 3188 3292 φέρουσιν.
3245 3222 3428 3286 Ἐκτὸς
3479 3223 3587 3292 γὰρ
3633 3225 3746 3277 τῶν

2163 3312 2303 3365 κατὰ
2330 3312 2428 3382 τὴν
2462 3312 2578 3365 ὁδὸν
2614 3312 2955 3383 θαυμασίων,
2984 3314 3078 3366 καὶ
3114 3314 3212 3383 τῆς
3245 3314 3482 3385 μεγάλης
3524 3315 3745 3386 ἐκείνης

2164 3400 2506 3471 βομϐήσεως,
2553 3402 2620 3454 ἵν’
2667 3403 2805 3455 εἴπω
2849 3419 2903 3455 τι
2949 3403 3386 3472 συντομώτατον,
3431 3404 3626 3475 Ἰωσὴφ
3660 3409 3743 3469 εἰς

2161 3491 2435 3559 Αἴγυπτον
2464 3487 2565 3556 εἷς,
2599 3493 2691 3546 καὶ
2719 3492 2975 3564 μυριάδες
3001 3493 3263 3564 ἐξήκοντα
3295 3496 3411 3565 μετ’
3433 3496 3609 3563 ὀλίγον
3628 3496 3740 3567 (66)

2162 3581 2223 3647 ἐξ
2247 3582 2544 3651 Δίγύπτου.
2572 3583 2636 3635 Τί
2659 3583 2848 3637 τούτου
2884 3584 3349 3655 θαυμασιώτερον,
3378 3585 3409 3656 ἢ
3441 3587 3622 3656 μεῖζον
3643 3588 3744 3657 τῆς

2162 3673 2256 3725 τοῦ
2289 3672 2424 3725 Θεοῦ
2454 3673 2808 3743 μεγαλονοίας
2839 3676 3154 3757 τεκμήριον,
3197 3675 3322 3727 ὅταν
3355 3677 3418 3728 ἐκ
3462 3676 3566 3728 τῶν
3605 3678 3743 3729 ἀπό-

2164 3781 2273 3835 ρων
2313 3764 2440 3836 θέλῃ
2484 3768 2649 3837 πόρον
2688 3767 2871 3820 δοῦναι
2898 3771 3011 3832 τοῖς
3051 3769 3368 3840 πράγμασις
3410 3769 3504 3821 καὶ
3536 3770 3605 3839 γῆ
3639 3773 3740 3841 τῆς

2161 3856 2494 3924 ἐπαγγελίας
2531 3857 2931 3929 κληροδοτεῖται
2970 3859 3034 3912 δι’
3066 3861 3184 3924 ἐνὸς
3216 3860 3551 3931 μισηθέντος,
3586 3864 3679 3915 καὶ
3711 3864 3739 3915 ὁ

2162 3945 2390 4015 πραθεὶς
2433 3946 2559 4015 ἔθνη
2610 3948 2912 4020 μεθίστησι,
2961 3950 3055 4002 κα).
3099 3953 3176 4013 είς
3228 3949 3378 4013 ἔθνος
3419 3950 3738 4005 καθίσταται

2164 4036 2340 4105 μέγα,
2387 4038 2482 4089 καὶ
2527 4040 2559 4107 ὴ
2598 4038 2769 4109 μικρὰ
2812 4039 3104 4109 παραφυὰς
3132 4041 3310 4110 ἐκείνη
3332 4081 3346 4104 ,
3378 4040 3618 4112 ἄμπελος
3646 4044 3737 4095 εὐ-

2160 4126 2513 4198 κληματοῦσα
2558 4130 2799 4197 γίνεται,
2846 4131 2940 4183 καὶ
2972 4132 3203 4203 τοσαύτη
3226 4171 3240 4194 ,
3276 4133 3351 4196 ὡς
3391 4132 3737 4203 ἐπεμϐαίνειν

487 4218 579 4284 qui
609 4218 859 4272 venditus
899 4217 1092 4281 fuerat,
1131 4226 1317 4285 gentes
1358 4214 1578 4269 sedibus
1627 4211 1795 4282 pellit,
1838 4212 2057 4280 ipseque

2170 4219 2265 4288 μὲν
2310 4224 2606 4290 ποταμοῖς,
2651 4222 2986 4275 ἐκτείνεσθαι
3032 4224 3089 4276 δέ
3133 4224 3291 4294 μέχρι
3338 4224 3642 4296 θαλάσσης,
3678 4226 3736 4291 ἐξ

482 4310 538 4366 in
570 4320 785 4379 gentem
815 4326 1061 4379 magnam
1090 4308 1464 4374 constituitur,
1494 4320 1556 4361 ac
1599 4318 1762 4374 parva
1807 4303 1899 4357 illa
1931 4319 2058 4373 pro-

2165 4308 2327 4379 ὁρίων
2351 4309 2461 4380 (67)
2485 4311 2563 4374 είς
2591 4312 2715 4382 ὅρια
2755 4313 3163 4385 πλατυνομένην
3198 4314 3328 4384 (68),
3357 4314 3649 4369 καλύπτειν
3680 4316 3738 4369 δὲ

556 4443 773 4521 "fsal.
819 4444 1099 4521 cxxvni,6
1129 4458 1301 4521 seqq:_
1344 4444 1402 4521 ξ’
1444 4439 1812 4521 Micb.vu,_1.
1878 4437 2185 4521 ’ᾕρει-ιχ,
2218 4442 2304 4496 lO.
2383 4444 2782 4521 ’1lsa._r.;_v,8_.
2859 4448 3031 4504 “lsa.
3063 4466 3195 4521 xxx,
3236 4450 3323 4504 l7.
3400 4451 3643 4521 "lncg,
3672 4467 3734 4515 ιι,

484 4515 536 4569 6.
616 4514 663 4546 ³⁵
697 4508 1054 4587 ᾼιιιοδᾼνηὸ.
1134 4508 1302 4565 ⁸⁸ῚΙΙ
1342 4512 1474 4587 Reg.
1537 4526 1690 4587 ξιιιι,
1724 4510 1814 4587 45.
1893 4508 1938 4540 ³⁸
1987 4508 2060 4587 ξε

2194 4526 2375 4579 exuri,
2404 4513 2458 4568 6.
2532 4515 2575 4547 ³⁷
2609 4508 2781 4572 Exod.
2841 4533 2928 4579 ιιι.
2965 4521 3016 4574 7.
3098 4522 3142 4552 ³⁸
3171 4508 3312 4576 Psal.
3375 4508 3730 4587 cxxxvfui

484 4584 785 4651 Lxxv1,21.
865 4584 908 4617 ³³
941 4578 1091 4639 6ου.
1138 4598 1348 4650 xxxvii,
1376 4582 1472 4635 28.
1554 4579 1597 4610 ⁸⁸
1633 4581 1801 4633 Exod.
1856 4593 1956 4643 xu,
2003 4578 2094 4633 '57.

484 4768 516 4831 ζ
718 4698 827 4752 Τοῦ
864 4697 1210 4765 θερίζοντος.
1244 4696 1333 4751 Sic
1362 4696 1517 4752 codd.
1550 4694 1603 4748 In
1633 4694 1759 4748 Par.
1799 4693 1909 4758 (ιιι,
1940 4692 2058 4764 θρί-

517 4784 689 4830 οντος.

517 4784 689 4830 οντος.

578 4836 667 4901 57)
707 4835 1193 4905 Γεωργουμέγων.
1222 4834 1280 4888 In
1309 4832 1600 4905 nonnullis,
1623 4830 2055 4903 γεωργούμεναι.

579 4905 669 4971 58)
698 4902 1131 4974 Κωὶάσὶιηςιὶοςξ.
1163 4905 1271 4965 bm,
1308 4902 1582 4974 καλάμην.

553 4970 665 5044 (59)
711 4975 808 5039 Ὠς
830 4970 1054 5042 οίυκῆν.
1078 4970 1216 5044 Tres
1244 4974 1434 5041 liegg.,
1604 4970 1660 5044 2,
1689 4979 1816 5034 etc.,
1841 4970 1913 5044 ὡς
1934 4985 2051 5044 axo-

484 5039 606 5107 πόν,
646 5039 684 5094 ἰ
748 5054 806 5095 ιιι
844 5039 1085 5111 scopum.
1120 5061 1138 5093 ι
1174 5041 1298 5097 Ose.
1329 5039 1443 5111 ix,‘
1475 5042 1541 5094 10
1576 5056 1590 5091 :
1628 5040 1703 5101 ὼς
1759 5039 1956 5091 σκοπὸν
1999 5039 2057 5090 ἐν

485 5111 914 5182 συκῇπρώιμον·
941 5109 971 5162 “‹
1010 5121 1069 5164 ιιι
1098 5126 1319 5182 scopum
1344 5110 1399 5182 in
1422 5109 1521 5164 ficu
1553 5116 1979 5182 temporaneum.
2029 5126 2049 5158 ›

564 5176 895 5251 (60)’⁹Ρᾶγα
914 5182 1079 5248 μίαν.
1135 5176 1509 5251 Sie‘pleriqne
1557 5176 1889 5251 _codd._lleg.
1940 5178 2051 5239 bm,

523 5245 1023 5320 ῶγαμίανξιιιῖςίι.
1083 5266 1205 5311 va,
1236 5245 1321 5304 8—:
1367 5245 1677 5320 Ὂντρόπον
1700 5245 2052 5320 εὑρεθήσεται

537 5316 725 5389 poesy
757 5319 834 5389 τῷ
854 5319 1066 5442 ﬁdem?
1122 5339 1141 5371 ι
1181 5320 1457 5385 Quomodo
1506 5316 1807 5372 invenietur
1840 5316 2054 5370 acinum

537 5409 541 5442 ι
591 5389 763 5442 botro.
799 5408 818 5440 ι
881 5407 909 5441 ιι
941 5391 1026 5442 ed.
1052 5389 1400 5442 coniunctim.
1436 5387 1733 5442 ὸαγαιιίαν.

484 5387 547 5443 in
569 5389 763 5460 botro.
799 5387 818 5440 ι
854 5387 909 5442 In
941 5387 1026 5443 ed.
1052 5389 1400 5457 coniunctim,
1436 5387 1733 5460 ῥαγαμίαν.

555 5458 669 5525 (61)
698 5460 1034 5524 Ἔσθοντος.
1066 5461 1120 5512 ln
1154 5458 1445 5523 nonnullis,
1480 5458 1769 5519 ἐσθίοντος.

556 5524 668 5599 (62)
687 5530 897 5585 Αὐτόν.
930 5531 1043 5586 Duo
1080 5529 1269 5600 Regg.,
1305 5536 1533 5600 quatuor
1582 5526 1733 5583 Colb.
1775 5534 1825 5583 et
1865 5524 1957 5581 Or.
1989 5524 2049 5593 2,

2162 4692 2768 4774 ιξαιιιτέν.--Μς.)π,-εἶπεν.Δ
2801 4710 2935 4774 ιεθε.
2964 4700 3083 4774 inn,
3110 4699 3308 4774 εἰπών.

2231 4762 2339 4843 (65)
2378 4764 2486 4817 Τοῦ
2537 4765 2792 4834 Ἰσραήλ.
2822 4762 2913 4823 0τῖ
2947 4770 3001 4834 2,
3044 4769 3137 4822 τοῦ
3181 4770 3310 4823 λαοῦ
3344 4770 3466 4840 μου,
3506 4788 3525 4821 ι
3558 4772 3731 4841 populi

2160 4846 2284 4885 lliel.
2326 4850 2344 4883 ι

2202 4932 2203 4935 η
2377 4903 2672 4979 -Ιξραταιιῖῃ
2690 4904 2867 4979 Cois]:
2890 4906 2925 4959 2
2952 4914 3006 4979 et
3034 4906 3127 4979 Or.
3151 4907 3207 4979 2,
3236 4910 3490 4979 κραταιᾷ.

2255 4964 2479 5043 65))ῌν
2505 4964 2657 5041 χειρὶ
2679 4973 2865 5041 Μωσῆ
2901 4975 3000 5028 καὶ
3033 4964 3482 5043 Ἀαρώνδδοίιυὶ.
3510 4996 3523 5032 :
3571 4978 3732 5034 Ἑαυ-

2158 5037 2250 5117 τὸν
2309 5037 2610 5095 αίνίττεταί
2659 5045 2753 5096 καὶ
2800 5037 2973 5117 μέγαν
3018 5037 3329 5117 Βασιλείονο
3377 5065 3396 5097 ι
3456 5048 3731 5115 Significat

2164 5115 2397 5184 seipsum
2453 5120 2506 5163 et
2549 5126 2798 5184 magnum
2865 5115 3143 5184 Basilium.
3196 5135 3220 5184 ν»
3273 5115 3387 5169 Non
3438 5118 3730 5184 probamus

2152 5177 2453 5232 scholiastae
2505 5177 2845 5237 sexitéiitiatn.
2886 5182 2940 5237 id
2970 5194 3117 5239 certe
3159 5177 3545 5239 alienissimum
3584 5196 3669 5241 est
3696 5200 3727 5240 a

2152 5246 2400 5305 Gregorii
2428 5258 2623 5302 mente.

2532 5318 2759 5399 ὀυζίπον.
2794 5320 2925 5391 Reg.
2950 5321 3240 5399 ωειλ-μετά
3268 5322 3483 5395 μικρόν.

2221 5386 2331 5455 (67)
2404 5386 2500 5452 Ἐξ
2571 5386 2767 5457 ὁρίων,
2822 5386 2925 5446 etc.
3000 5386 3119 5447 Billl
3173 5410 3193 5443 ‹
3247 5386 3281 5446 a
3330 5386 3603 5450 montibus
3661 5393 3724 5447 ad

2150 5466 2381 5509 mOIIIBS.
2419 5474 2437 5507 ι

2223 5523 2334 5596 (68)
2383 5528 2870 5597 Πλατυνομένην.
2926 5531 3059 5588 Tres
3098 5530 3297 5603 Regg.,
3327 5530 3722 5602 πλατυνομένη.
