4050 6298
265 555 370 607 4155

1251 560 1515 620 ORATIO
1554 564 1714 622 XLII.
1754 598 1825 608 —
1864 564 2251 623 SUPREMUM
2288 565 2493 626 VALE.

3410 576 3516 633 466

263 665 362 737 δρη
396 665 475 737 τῷ
501 666 627 738 ὕψει
656 667 757 740 τῆς
782 669 961 744 δόξης,
993 671 1199 744 κέδρων
1220 675 1276 728 δὲ
1308 677 1726 750 ὑπεραίρεσθαι,
1753 683 1848 736 καὶ

1961 698 2086 754 pago
2107 684 2263 741 vinea
2302 685 2410 740 lata
2439 694 2493 742 et
2517 686 2829 756 palmitibus
2858 686 3135 745 abundans
3170 687 3418 757 eﬂlcitur,
3461 691 3515 746 in

263 760 436 814 ταῦτα
474 761 585 815 τῶν
629 761 719 815 τοῦ
766 762 901 815 Θεοῦ
947 763 1102 818 ἅτινα
1142 765 1207 838 δὴ
1251 766 1323 820 τὰ
1365 769 1467 841 ὅρη
1512 772 1704 838 ταῦτα,
1750 775 1843 826 καὶ

265 853 487 917 ἅστινας
512 851 612 916 τὰς
636 853 858 925 κέδρους
887 855 1245 927 ὑποληπτέον.

1950 787 2179 843 eamque
2231 775 2653 843 magnitudinem
2685 778 2885 846 evadit,
2938 787 2997 831 ut
3036 788 3091 835 et
3132 794 3293 850 supra
3327 779 3517 836 ﬂuvios

1950 868 2227 929 ascendat,
2256 873 2311 920 et
2340 880 2509 934 usque
2538 867 2604 921 ad
2629 881 2778 922 mare
2806 868 3149 933 extendatur,
3179 879 3232 924 et
3258 884 3287 923 a
3322 869 3517 925 ﬁnibus

262 942 330 997 ad
379 942 514 997 lines
560 943 897 1011 dilatetur“,
951 946 1217 1016 ctgloriaa
1262 949 1593 1005 sublimitate
1648 961 1858 1009 montes
1898 954 2131 1023 operiat,
2194 962 2246 1008 et
2269 953 2552 1008 cedrorum
2582 956 3003 1023 magnitudinem
3062 967 3299 1028 superet,
3329 969 3383 1017 et
3402 962 3517 1030 qui.

264 1037 382 1089 dem
420 1036 614 1094 cedros
654 1037 746 1091 Dei
798 1040 1104 1109 quicunque
1149 1043 1365 1101 tandem
1414 1055 1627 1101 montes
1651 1046 1745 1113 illi,
1784 1057 1839 1102 et
1871 1063 2203 1118 quzecunque
2233 1048 2378 1103 cedri
2402 1048 2772 1103 existimandae
2800 1058 2946 1103 sunt.

335 1128 700 1191 ς⁹.’Τοιοῦτόν
739 1149 868 1185 ποτε
897 1132 1054 1186 τοῦτο
1096 1133 1157 1188 τὸ
1198 1136 1467 1207 ποίμνιον,
1491 1140 1585 1191 καὶ
1614 1139 1853 1194 τοιοῦτον

264 1221 388 1288 νῦν,
436 1221 612 1285 οὕτως
674 1222 927 1276 εὐεκτοῦν
970 1242 1029 1276 τε
1072 1225 1168 1277 καὶ
1216 1224 1647 1298 πλατυνόμενον·
1697 1232 1746 1283 εί
1798 1230 1854 1283 δὲ

216 1320 227 1331 ‘
266 1315 433 1383 μήπω
466 1313 688 1377 τελείως
723 1314 855 1384 (69),
894 1314 1008 1368 ἀλλ’
1049 1317 1129 1379 εἰς
1154 1316 1311 1371 τοῦτό
1339 1335 1401 1387 γε
1440 1322 1560 1382 ταῖς
1584 1320 1725 1374 κατὰ
1763 1321 1857 1392 μέ-

266 1422 357 1475 ρος
391 1404 717 1474 (70).όδεῦον
759 1405 1129 1478 προσθήκαιςκ
1152 1408 1481 1478 προφητεύω
1520 1410 1577 1461 δὲ
1610 1410 1742 1481 (71),
1772 1412 1854 1463 ὅτι

264 1495 353 1547 καὶ
384 1494 627 1550 ὁδεῦσον.
652 1493 820 1547 Τοῦτό
847 1513 937 1566 μοι
964 1496 1024 1550 τὸ
1054 1498 1277 1568 Πνεῦμα
1308 1499 1561 1570 προλέγει
1590 1500 1650 1552 τὸ
1678 1500 1854 1568 ἆγιον,

264 1587 315 1641 εἴ
355 1605 409 1641 τι
448 1586 785 1657 προφητικὸς
829 1588 959 1655 ἐγὼ,
1010 1590 1104 1642 καὶ
1151 1589 1363 1659 βλέπων
1407 1591 1476 1643 τὰ
1524 1590 1854 1661 ἔμπροσθεν·

266 1678 356 1730 καὶ
402 1677 524 1746 ἅμα
567 1679 680 1738 τοῖς
722 1676 1084 1747 προλαϐοῦσι-ι
1134 1679 1242 1748 ἔχω
1289 1680 1511 1750 θαρρεῖν
1563 1680 1709 1749 (72),
1762 1681 1857 1734 καὶ

265 1766 511 1837 λογισμῷ
538 1766 848 1834 γινώσκειν,
893 1768 969 1832 ὡς
1011 1769 1170 1837 λόγου
1219 1769 1531 1841 σύντροφος.
1574 1770 1715 1824 Πολὺ
1746 1770 1854 1841 γὰρ

267 1858 721 1929 παραδοξότερον,
753 1859 810 1927 ἐξ
840 1858 1047 1913 ἐκείνου
1094 1860 1361 1932 τοσαύτην
1388 1860 1659 1929 γενέσθαι,
1684 1860 1718 1930 ἦ
1754 1861 1852 1931 τὴν

264 1947 355 2002 νῦν
402 1944 575 2003 οὖσαν
605 1950 683 2013 είς
715 1951 882 2021 ἄκρον
921 1951 1203 2022 προελθεῖν
1227 1951 1626 2023 λαμπρότητος.
1669 1951 1756 2018 Ἐξ
1782 1947 1851 2020 ¹οὗ

264 2038 370 2111 γὰρ
402 2039 738 2108 συνάγεσθαι
774 2040 975 2111 ἤρξατο
1006 2041 1157 2113 παρὰ
1191 2042 1283 2095 τοῦ
1316 2042 1706 2110 ζωογονοῦντος
1729 2044 1853 2106 τοὺς

265 2132 527 2201 νεκροὺς,
563 2131 697 2185 ὀστᾶ
732 2132 867 2203 πρὸς
901 2133 1051 2197 ὀστᾶ,
1089 2134 1183 2187 καὶ
1232 2133 1467 2204 ἁρμονία
1509 2134 1645 2204 πρὸς
1685 2135 1855 2204 ἁρμο-

265 2221 399 2285 νίαν,
445 2223 543 2275 καὶ
590 2226 701 2287 τοῖς
746 2222 930 2293 ξηροῖς
976 2225 1087 2295 (75)
1124 2223 1279 2295 ἐδόοη
1309 2222 1532 2294 Πνεῦμα
1576 2223 1723 2294 ζωῆς
1762 2226 1855 2278 καὶ

266 2312 709 2385 παλιγγενεσίας,
741 2316 941 2379 πᾶσαν,
976 2310 1033 2369 εὖ
1073 2311 1190 2369 οῖδα
1209 2356 1223 2377 ,
1271 2315 1623 2389 πληρωθῆναι
1650 2318 1732 2371 δεῖ
1758 2318 1855 2389 τὴν

266 2405 601 2458 ἀνάστασιν·
648 2405 792 2459 ὥστε
838 2406 917 2475 μὴ
953 2408 1369 2475 ὺψούσθωσαν
1414 2408 1483 2461 ἐν
1523 2409 1759 2475 ἑαυτοῖς
1803 2396 1890 2463 οὶ.

266 2496 881 2562 παγαπικραίνοντες·
929 2496 1063 2566 μηδὲ
1107 2495 1262 2549 σκιὰν
1296 2496 1641 2568 κρατοῦντες,
1690 2497 1722 2567 ἢ
1769 2499 1856 2551 ὲν-

271 2584 462 2638 ὑπνιον
504 2585 930 2657 ἐξεγειρομένων
961 2587 1095 2657 (74),
1126 2590 1158 2659 ἢ
1192 2586 1367 2659 αὖρας
1407 2589 1783 2653 διαπνεούσας,
1820 2590 1853 2659 ἢ

266 2678 391 2747 νηὸς
424 2676 549 2747 ἴχνη
583 2677 703 2729 καθ’
731 2677 956 2743 ὓδατος,
1001 2677 1144 2748 ἔχειν
1184 2696 1236 2732 τι
1270 2678 1657 2749 νομιζέτωσαν.
1702 2680 1858 2733 Ὀλο-

266 2764 493 2825 νῑυζέτω
529 2765 641 2837 (75)
667 2767 864 2833 πίτυς,
906 2766 996 2821 ὄτι
1033 2766 1305 2833 πέπτωκε
1332 2767 1560 2837 κέδρος.
1593 2770 1717 2833 Τοῖς
1749 2768 1858 2822 τῶν

267 2855 443 2910 ἄλλων
479 2859 669 2921 κακοῖς
704 2858 1162 2925 παιδευέσθωσαν,
1189 2862 1283 2912 καὶ
1309 2860 1748 2930 μανθανέτωσαν,
1776 2860 1857 2913 ὃτι

269 2949 365 3002 οὐκ
394 2950 481 3012 εἰς
510 2950 660 3013 τέλος
704 2950 1131 3023 ἐπιλησθήσεται
1167 2953 1196 3004 ὁ
1237 2954 1483 3023 πτωχός’
1518 2953 1637 3006 οὐδὲ
1672 2952 1855 3018 ἀνέξε-

269 3058 378 3104 ται,
419 3041 497 3111 μὴ
522 3042 583 3094 ὲν
617 3042 873 3096 ἐκστάσει
903 3043 1158 3113 διακόψαι
1192 3044 1433 3114 κεφαλὰς
1456 3043 1754 3106 δυναστῶν,
1784 3044 1859 3107 ὡς

268 3134 296 3186 ὁ
339 3132 668 3205 Ἀμϐακούμ
710 3151 912 3206 φησιν,
959 3135 991 3205 ἠ
1040 3134 1433 3206 διακοπτομένη
1484 3134 1591 3204 (76)
1636 3135 1857 3204 θεότης,

2024 1142 2109 1196 V'l.
2144 1141 2291 1195 Talis
2327 1141 2597 1210 quondam
2649 1141 2737 1194 hic
2775 1154 2906 1207 grex
2950 1147 3087 1205 erat,
3136 1140 3363 1209 talisque
3393 1155 3518 1195 rur-

1951 1246 2069 1285 sum
2118 1243 2280 1293 nunc,
2336 1241 2556 1299 tamque
2612 1230 2978 1295 succulentus,
3023 1230 3234 1298 lateque
3261 1246 3318 1286 se
3346 1231 3518 1301 porri-

1951 1336 2116 1389 gens;
2173 1335 2235 1375 ac
2284 1320 2327 1374 si
2372 1322 2607 1374 nondum
2664 1320 3049 1389 perfectionem
3094 1331 3396 1386 assecutus,
3452 1322 3521 1376 ad

1951 1427 2068 1466 eam
2126 1420 2301 1465 tamen
2357 1399 2689 1480 quotidianis
2744 1411 3090 1465 incrementis
3139 1412 3513 1479 progrediens,

1963 1511 2129 1568 atque
2165 1501 2347 1561 etiam,
2382 1511 2440 1554 ut
2469 1515 2721 1569 auguror,
2759 1515 3169 1569 progressurus.
3226 1499 3339 1555 lloc
3390 1501 3520 1554 mihi

1953 1591 2198 1660 praedicit
2245 1590 2479 1660 Spiritus
2529 1601 2774 1657 sanctus,
2811 1592 2853 1646 si
2884 1592 3013 1661 quid
3038 1592 3367 1647 vaticinandi
3400 1600 3517 1648 arte

1953 1681 2129 1745 valeo,
2181 1679 2467 1750 futuraque
2512 1681 2801 1750 prospicio.
2858 1682 2935 1735 Ac
2982 1682 3141 1736 simul
3173 1697 3239 1737 ex
3276 1682 3364 1748 iis,
3402 1697 3523 1752 quae

1959 1779 2375 1841 praecesserunt,
2427 1786 2577 1841 spem
2630 1786 2737 1826 non
2790 1772 3006 1826 dubiam
3059 1773 3327 1843 concipio,
3359 1781 3531 1843 atque

1960 1863 2372 1918 ratiocinatione
2406 1863 2458 1917 id
2486 1862 2747 1932 percipio,
2780 1872 2967 1932 utpote
3000 1864 3225 1919 rationis
3252 1864 3522 1919 alumnus.

1958 1954 2124 2009 Multo
2162 1956 2304 2009 enim
2359 1953 2658 2009 mirabilius
2690 1963 2793 2021 est,
2822 1955 2960 2021 quod
2984 1970 3049 2008 ex
3078 1955 3287 2011 tantillo
3314 1956 3380 2009 ad
3411 1964 3527 2009 tan-

1961 2055 2065 2099 tam
2123 2045 2546 2112 magnitudinem
2608 2045 2955 2113 pervenerit,
3016 2061 3176 2115 quam
3227 2054 3289 2100 ut
3340 2061 3405 2100 ex
3456 2058 3521 2100 eo

1957 2148 2121 2203 statu,
2153 2153 2260 2208 quo
2286 2153 2427 2192 nunc
2450 2147 2553 2201 est,
2584 2138 2649 2192 ad
2679 2152 2947 2191 summum
2981 2137 3281 2206 splendoris
3313 2137 3527 2207 gloriae-

1957 2243 2061 2298 que
2118 2231 2339 2299 gradum
2389 2230 2739 2297 provehatur.
2790 2223 3149 2296 Posteaquam
3183 2229 3327 2282 enim
3361 2217 3528 2282 semel

1957 2320 2025 2375 ab
2050 2336 2139 2382 eo.
2192 2320 2283 2389 qui
2335 2328 2577 2373 mortuos
2609 2319 2769 2389 753
2800 2320 2863 2373 ad
2908 2319 3071 2372 vitam
3110 2326 3350 2382 revocat,
3404 2331 3529 2372 ossa

1958 2427 2079 2466 cum
2134 2411 2385 2479 ossibus,
2444 2420 2500 2464 et
2558 2410 2925 2465 commissurae
2977 2424 3099 2463 cum
3158 2407 3529 2463 commissuris

1957 2498 2101 2569 iungi
2134 2507 2440 2568 coeperunt,
2478 2513 2541 2552 ac
2578 2498 2748 2553 aridis
2805 2499 3015 2553 ossibus
3069 2495 3300 2565 Spiritus
3332 2497 3452 2551 vitae
3476 2504 3532 2550 et

1959 2590 2387 2659 regenerationis
2438 2590 2597 2644 datus
2648 2599 2732 2644 est
2780 2587 2848 2655 δ’,
2906 2589 3359 2667 resurrectionem
3408 2602 3530 2657 per-

1958 2678 2101 2733 fecte
2128 2677 2333 2746 expleri
2369 2692 2592 2732 necesse
2622 2686 2704 2733 est
2733 2695 2746 2732 :
2779 2692 2839 2731 ac
2878 2672 3131 2747 proinde,
3175 2678 3263 2746 qui
3311 2692 3528 2743 exaspe—

1960 2778 2099 2833 rant,
2148 2783 2248 2821 non
2289 2769 2583 2821 exaltentur
2608 2770 2660 2820 in
2688 2769 3077 2836 semetipsis”;
3122 2784 3219 2823 nec
3253 2767 3526 2833 umbram,

1960 2866 2053 2911 aut
2072 2857 2341 2913 somnium
2360 2859 2763 2929 exsurgentium
2782 2859 2846 2922 ιδ,
2871 2867 2960 2912 aut
2986 2873 3167 2911 auram
3190 2857 3529 2927 perﬂantem,

1959 2959 2053 3002 aut
2102 2949 2253 3003 navis
2275 2949 2501 3018 vestigia
2567 2950 2723 3017 aquis
2756 2947 3018 3019 impressa
3057 2955 3329 3013 tenentes,
3376 2948 3533 3018 quid-

1962 3055 2120 3108 quam
2153 3055 2209 3095 se
2241 3041 2442 3095 habere
2490 3040 2824 3095 existiment.
2864 3039 3038 3094 Ululet
3073 3041 3247 3109 pinus,
3288 3039 3410 3110 quia
3442 3054 3530 3093 ce-

1963 3133 2087 3186 cidit
2127 3134 2313 3186 cedrus
2344 3134 2413 3187 ".
2444 3133 2523 3188 Ex
2553 3132 2775 3187 aliorum
2815 3133 2972 3187 malis
3010 3132 3388 3187 documentum
3428 3130 3531 3186 sibi

270 3225 362 3277 καὶ
396 3225 751 3297 διαιρουμένη
779 3225 967 3291 κακῶς
1002 3227 1080 3290 εἷς
1107 3244 1166 3279 τε
1202 3227 1263 3279 τὸ
1292 3228 1456 3297 ἄρχον
1492 3226 1583 3279 καὶ
1610 3226 1670 3278 τὸ
1699 3226 1857 3298 ἀρχό-

1963 3225 2196 3294 capiant,
2236 3238 2299 3278 ac
2324 3225 2554 3290 discant,
2589 3238 2876 3293 pauperem
2910 3238 3243 3293 nequaquam
3274 3224 3326 3277 in
3354 3222 3520 3276 tinem

274 3332 459 3385 μενον
490 3316 568 3379 ὼς
606 3316 672 3369 ἂν
717 3317 950 3387 μάλιστα
980 3317 1074 3370 καὶ
1095 3315 1287 3388 θεότης
1312 3316 1592 3388 ὑϐρισθείη
1630 3334 1863 3386 καταγο-

272 3406 433 3478 μένη,
470 3408 563 3460 καὶ
597 3408 859 3479 βαρηθείη
887 3408 1064 3471 κτίσις
1090 3408 1349 3479 ὁμοτιμία
1381 3408 1675 3479 θεότητος..

1967 3331 2136 3385 usque
2186 3316 2437 3370 oblivioni
2482 3316 2597 3371 fore
2628 3315 2709 3383 “;
2759 3331 2858 3371 nec
2895 3316 3238 3370 Divinitatcm
3267 3329 3385 3369 sese
3418 3314 3534 3368 diu-

1970 3406 2075 3460 tius
2144 3405 2527 3470 cobibituram,
2595 3405 2723 3474 quin
2770 3419 3050 3475 procerum
3090 3404 3289 3474 capita,
3338 3412 3395 3457 ut
3427 3402 3534 3457 lia-

269 3498 442 3553 bacuc
471 3499 711 3568 loquitur
734 3499 802 3565 ⁸⁷,
831 3514 952 3555 cum
989 3508 1208 3565 stupore
1243 3499 1494 3564 dissecet,
1533 3508 1716 3568 utpote
1754 3513 1875 3567 quae
1913 3498 2027 3569 ipsa
2056 3512 2270 3569 quoque
2299 3497 2529 3551 dissecta
2561 3497 2652 3559 sit,
2694 3504 2747 3550 et
2798 3496 2933 3550 male
2972 3495 3144 3550 divisa
3195 3497 3248 3549 in
3295 3494 3347 3549 id
3388 3494 3535 3565 quod

270 3599 489 3659 prmeSI,
521 3598 575 3644 et
610 3590 749 3659 quod
772 3591 997 3655 subest;
1050 3598 1110 3643 ut
1159 3590 1238 3644 sic
1282 3590 1535 3653 maxime,
1598 3599 1652 3643 et
1726 3589 1907 3644 Deitas
1945 3589 2268 3643 contumelia
2304 3586 2586 3651 aﬂiciatur,
2629 3586 2681 3639 in
2722 3594 3091 3655 creaturarum
3126 3583 3367 3639 ordinem
3404 3584 3534 3639 red-

269 3690 416 3747 acta,
459 3692 513 3734 et
566 3695 651 3734 res
684 3690 882 3734 creata:
910 3689 1224 3749 graventur,
1259 3679 1456 3734 Deitati
1488 3681 1692 3735 honore
1716 3680 2031 3749 aquuatzc.

339 3776 416 3827 Z'.
456 3770 609 3823 Δοκῶ
642 3787 731 3841 μοι
756 3769 1019 3842 κάκείνης
1066 3768 1287 3823 ἀκούειν
1324 3769 1421 3838 τῆς
1450 3767 1655 3838 φωνῆς,
1709 3767 1860 3839 παρὰ

268 3865 362 3918 τοῦ
395 3862 727 3930 συνάγοντος
754 3863 883 3926 τοὺς
916 3859 1434 3932 συντετριμμένους,
1482 3861 1577 3914 καὶ
1610 3861 1734 3925 τοὺς
1764 3876 1860 3912 πε-

271 3954 605 4025 πιεσμένους
622 3953 1021 4025 εἰσδεχομένουο
1036 3952 1352 4006 Πλὰτυνον
1369 3952 1441 4006 τὰ
1456 3950 1860 4022 σχοινίσματὰ

270 4063 388 4101 σου
416 4046 534 4101 ἔτι*
580 4044 922 4099 ὲκπέτασον
960 4046 1048 4110 εἰς
1096 4042 1169 4097 τὰ
1195 4042 1363 4111 δεξιὰ
1394 4044 1492 4098 καὶ
1520 4045 1607 4109 εἰς
1634 4043 1706 4097 τὰ
1736 4044 1860 4111 ἀρι-

270 4138 491 4208 στερά·
528 4138 750 4207 πῆξον,
786 4136 906 4190 τῶν
932 4136 1303 4205 ablatum-“pi;
1337 4136 1540 4206 φείσῃ.
1578 4134 1719 4204 Ἐγὼ
1749 4152 1855 4190 πα-

275 4230 565 4304 ραδέδωκα
607 4247 689 4297 σε,
732 4230 827 4283 καὶ
856 4226 967 4297 ἐγὼ
1007 4227 1259 4299 βοηθήσω
1306 4245 1409 4280 σοι.
1452 4226 1539 4280 Ἐν
1576 4224 1856 4298 θυμῷμι-

272 4322 393 4393 κρῷ
422 4320 674 4387 ἐπάταξα
707 4338 787 4387 σε,
839 4320 934 4374 καὶ
975 4320 1030 4374 ἐν
1064 4320 1200 4391 ἐλέῳ
1246 4319 1449 4389 αἰωνίῳ
1508 4317 1719 4385 δοξάσω
1776 4336 1855 4371 σε.

272 4413 482 4479 Μεῖζον
513 4413 575 4465 τὸ
600 4412 798 4484 μέτρον
829 4410 1389 4491 τῆςφέλᾳχρρῳῑιὲαις,
1409 4409 1551 4480 ὑπὲρ
1574 4409 1635 4462 τὸ
1663 4410 1857 4481 μέτρον

272 4506 369 4575 τῆς
398 4503 801 4572 παιδαγωγίας.
840 4504 1076 4568 Ἐκεῖνα,
1106 4502 1193 4555 διὰ
1214 4500 1313 4572 τὴν
1329 4498 1594 4571 πονηρίαν
1612 4515 1627 4530 ⁸
1663 4499 1856 4563 ταῦτα,

2044 3766 2150 3823 Vll.
2195 3765 2334 3833 Quin
2364 3764 2508 3820 illam
2541 3778 2757 3835 quoque
2788 3763 2925 3832 ejus,
2959 3762 3048 3832 qui
3100 3762 3361 3821 contritos
3388 3764 3536 3819 colli'

1968 3858 2067 3927 git,
2107 3866 2160 3911 et
2199 3870 2484 3925 oppressos
2518 3855 2585 3909 ad
2626 3869 2684 3909 se
2724 3854 2931 3925 recipit,
2965 3868 3150 3908 vocem
3186 3854 3315 3908 mihi
3346 3856 3536 3909 audire

1964 3947 2150 4002 videor
2177 3964 2192 4002 :
2223 3945 2407 4000 Dilata
2455 3945 2627 3999 adhuc
2680 3944 2850 3999 locum
2901 3945 3257 4014 [anicularum
3287 3955 3492 3999 tuorum
3512 3958 3535 4000 :

1962 4037 2179 4094 extende
2201 4037 2269 4091 ad
2289 4037 2527 4091 dextram
2546 4044 2593 4090 et
2610 4034 2679 4089 ad
2700 4036 2963 4089 sinistram
2984 4052 3002 4088 :
3023 4034 3142 4104 ﬁge,
3162 4036 3311 4088 atriis
3326 4051 3388 4089 ne
3402 4051 3523 4103 par-

1964 4147 2051 4185 cas
2076 4131 2143 4197 δέ.
2166 4130 2277 4201 Ego
2296 4128 2489 4184 tradidi
2521 4138 2593 4194 te,
2618 4136 2673 4181 et
2692 4142 2791 4197 ego
2814 4126 3114 4181 auxiliabor
3146 4126 3260 4183 tibi.
3281 4124 3336 4179 ln
3362 4141 3528 4194 parva

1966 4224 2043 4277 ira
2066 4222 2303 4292 percussi
2327 4231 2398 4287 te,
2419 4221 2470 4276 in
2488 4220 2815 4289 sempiterna
2838 4228 3016 4274 autem
3043 4219 3405 4273 misericordia
3425 4220 3537 4289 glo-

1965 4309 2185 4363 riiicabo
2205 4309 2451 4379 te.Major
2464 4317 2548 4363 est
2566 4321 2815 4362 mensura
2833 4306 3198 4377 benignitatis,
3214 4320 3372 4375 quam
3393 4321 3538 4361 men-

1966 4414 2091 4455 sura
2127 4401 2499 4468 correptionis.
2523 4400 2709 4453 Priora
2734 4399 2844 4463 illa,
2880 4409 3099 4469 propter
3130 4397 3365 4469 ﬂagitia;
3400 4400 3534 4460 inec,

1968 4486 2191 4562 prOpter
2212 4490 2530 4544 Trinitatem
2558 4490 2858 4543 adoratam.
2884 4488 2997 4553 illa,
3033 4489 3103 4543 ob
3130 4487 3531 4558 purgationem;

273 4596 360 4650 διὰ
387 4595 491 4667 τὴν
540 4595 745 4667 Τριάδα
797 4594 910 4666 (77)
956 4590 1464 4664 προσκυνουμένην.
1509 4590 1741 4654 Ἐκεῖνα,
1771 4589 1857 4643 διὰ

1962 4580 2171 4645 baec,ob
2188 4578 2411 4649 gloriam
2432 4592 2627 4644 meam;
2644 4586 2830 4646 utpote
2845 4578 2932 4645 qui
2945 4576 3177 4646 glori/ica
3188 4576 3538 4645 gloriﬁcantes

274 4688 371 4760 τὴν
410 4685 718 4758 κάθαρσινο
760 4684 954 4751 ταῦτα,
1000 4683 1090 4737 διὰ
1144 4682 1242 4755 τὴν
1276 4680 1416 4753 ἐμὴν
1454 4679 1611 4744 δόξαν
1642 4695 1654 4708 ⁶
1680 4678 1737 4743 ὃς
1758 4681 1860 4733 A0-

277 4779 430 4845 ξάζω
460 4778 606 4844 τοὺς
628 4777 1012 4843 δοξάζοντας,
1038 4774 1135 4829 καὶ
1163 4771 1480 4842 παριιζηλῶ
1505 4772 1648 4837 τοὺς
1679 4784 1863 4838 παρα-

277 4867 629 4936 ζηλοῦντας.
685 4864 830 4919 Ἰδοὺ
866 4863 1055 4917 ταῦτα
1087 4862 1487 4931 ὲσφράγισται
1529 4860 1666 4927 παρ’
1713 4858 1861 4928 ἐμοὶ,

279 4958 371 5011 καὶ
397 4949 554 5020 οὗτος
592 4955 787 5036 ἄλυτος
846 4954 1013 5025 νόμος
1047 4953 1517 5025 ἁντιμετρήσεως.
1569 4951 1642 5004 Σὺ
1677 4948 1735 5002 δέ
1776 4965 1866 5017 μοι

278 5050 556 5122 περιείχου
583 5048 692 5101 τῶν
721 5046 939 5117 τοίχων,
984 5046 1080 5100 καὶ
1108 5046 1218 5098 τῶν
1246 5040 1492 5107 πλακῶν,
1525 5041 1621 5096 καὶ
1651 5040 1750 5111 τῆς
1778 5055 1868 5091 κε-

362 5205 404 5237 ⁸¹
423 5203 569 5258 Psal.
604 5214 827 5266 una,
852 5202 917 5256 19
976 5215 1127 5271 seqq.

283 5272 328 5306 “
352 5274 492 5329 Psal.
521 5289 596 5340 ix,
628 5274 716 5328 19.
790 5273 833 5304 ⁸⁷
866 5271 1066 5326 liabac.
1104 5286 1186 5336 ιιι,
1219 5272 1302 5325 15.

352 5384 462 5456 (69)
505 5383 769 5449 Τελείως.
809 5382 920 5439 Duo
950 5382 1116 5455 Regg.
1148 5390 1202 5437 et
1231 5380 1325 5436 0r.
1355 5380 1412 5447 2,
1448 5378 1666 5445 τελέως,
1698 5396 1715 5429 ι
1739 5392 1861 5449 per-

287 5455 462 5592 fe‘ilfti)
484 5473 713 5592 ’Μέρος
734 5520 935 5592 δεινὴ,
952 5520 1217 5592 μικρόνα
1243 5519 1424 5592 parvis
1456 5518 1856 5592 incrementis.

376 5529 462 5587 70)
503 5529 713 5592 Μέρος.
734 5529 924 5587 Savil.,
952 5529 1165 5591 μικρόν,
1199 5538 1217 5572 i
1243 5529 1424 5590 parvis
1456 5529 1856 5574 incrementisa

354 5529 468 5664 in)
522 5590 1000 5664 Hpopnrs§w_6é.
1048 5590 1265 5664 §i_c__du_o
1318 5590 1515 5664 ἣξει,
1548 5598 1656 5643 tres
1682 5589 1859 5664 Colb,,

289 5665 391 5718 duo
428 5665 464 5717 C

289 5749 364 5783 σω
389 5732 464 5787 δέ.

350 5802 469 5943 82)
500 5801 767 5882 Θαρρεἷν.
798 5799 970 5881 Begg.
1001 5800 1111 5883 bin,
1152 5798 1243 5867 ph,
1268 5798 1508 5880 θαρσεῖν.
1536 5868 1547 5881 .
1676 5868 1687 5882 _

355 5939 383 5943 __
411 5871 445 5927 5
498 5875 629 5943 Τοις
648 5871 874 5943 ξηροις.
910 5888 929 5922 t
963 5870 1144 5928 ArldlS
1171 5870 1405 5927 OSSIbus.
1431 5888 1453 5922 ι
1491 5869 1582 5928 Sic
1624 5867 1687 5927 NI

538 5867 629 5939 οἷς
648 5867 940 5939 ξηροῖς.“‹’
963 5870 1144 5928 Aridis
1171 5867 1405 5927 ossibus.
1431 5888 1453 5922 ›
1491 5868 1582 5928 Sic
1624 5867 1859 5927 Nicetas.

292 5935 408 5995 Bill.
445 5935 459 5993 Ξ
491 5959 511 5995 ι
548 5935 923 5999 εἰὰεἰέιειιυε.
957 5958 977 5992 ι

474 5658 622 5731 οἱδὶζ,
648 5658 758 5718 etc.
786 5661 876 5715 Sic
902 5660 1033 5731 legit
1058 5659 1176 5714 Bill.
1215 5659 1271 5715 In
1296 5658 1415 5727 ed.,’
1436 5660 1529 5713 καὶ
1556 5658 1862 5731 προφητεύ-

1963 4687 2043 4725 me
2057 4672 2121 4735 δ’,
2140 4680 2184 4723 et
2212 4671 2280 4722 ad
2304 4670 2436 4722 iram
2458 4685 2675 4737 provoco
2697 4679 3034 4737 provocante:
3056 4684 3135 4723 me
3162 4669 3230 4720 ³ο.
3274 4665 3407 4721 Ecce
3428 4668 3537 4721 hwc

1966 4759 2175 4829 signata
2207 4766 2326 4811 sunt
2359 4757 2499 4826 apud
2534 4773 2612 4811 me
2633 4757 2703 4823 δι,
2753 4766 2916 4828 atque
2947 4757 3060 4812 bznc
3085 4756 3539 4812 remunerationis

1972 4850 2298 4929 inviolabilis
2338 4850 2421 4905 lex
2452 4859 2553 4905 est.
2608 4851 2676 4905 At
2712 4860 2767 4905 tu
2810 4850 3069 4920 parietes,
3110 4859 3165 4905 et
3200 4849 3435 4915 tabulas,
3486 4856 3541 4903 et

1973 4943 2110 4998 scite
2142 4950 2304 5012 atque
2329 4943 2611 5014 eleganter
2638 4943 2840 4998 incisos
2870 4941 3094 5011 lapides,
3120 4953 3172 4996 et
3203 4941 3395 5012 longas
3418 4952 3541 5008 por-

1977 5035 2115 5090 ticus
2161 5043 2215 5089 et
2268 5034 2585 5089 ambulacra
2643 5033 2797 5090 avide
2852 5032 3316 5105 complectebaris,
3380 5040 3543 5101 atque

1204 5201 1249 5234 ι’
1288 5198 1711 5261 Ezech.xxxvn,
1753 5196 1806 5260 7,
1858 5195 1941 5252 10;
2028 5192 2073 5224 “
2092 5190 2230 5246 Psal.
2270 5191 2460 5252 va,7.
2538 5190 2585 5223 “
2601 5190 2736 5246 Psal.
2767 5189 3073 5261 Lunﬂﬂ.‘
3122 5191 3168 5225 “
3188 5188 3352 5261 Zacb.
3384 5185 3538 5261 Xng.

1405 5268 1583 5324 “lsa.
1648 5268 1833 5331 uv,2.
1922 5267 1968 5300 ‘9
2006 5264 2025 5318 l
2066 5262 2197 5333 Reg.
2255 5276 2315 5325 ιι,
2369 5261 2457 5315 30.

2550 5261 2596 5292 ⁵ο
2632 5262 2787 5315 Deut.
2819 5277 2990 5327 xxxu,
3020 5259 3108 5315 21.
3187 5260 3232 5291 ⁸²
3273 5259 3405 5315 ibid.
3448 5257 3537 5312 54.

2037 5374 2147 5445 (74)
2208 5371 2718 5445 ἶΕξετειρομέῂων.
2741 5370 2836 5445 _Sic
2879 5371 3012 5445 ﬂag.
3041 5371 3155 5445 _bm,
3179 5371 3320 5445 _du_0_
3347 5368 3539 5437 Coisl.‘,

1970 5440 2065 5502 Or.
2098 5440 2154 5508 2',
2199 5440 2386 5499 Comb.
2414 5440 2509 5496 Sic
2547 5442 2709 5496 etiam
2740 5441 2865 5512 legit
2894 5441 3014 5497 Bill.
3038 5441 3095 5496 in
3126 5443 3236 5509 cd.,
3262 5440 3540 5512 ὲξαγειρο-

1971 5517 2165 5578 μένων,
2192 5531 2210 5564 t
2243 5512 2699 5581 congregantium.
2744 5529 2784 5577 )_

2039 5585 2150 5656 (75)
2190 5579 2719 5656 ,Ὀλοᾷυζέτωηεια
2754 5598 2775 5656 _t
2807 5579 3000 5656 _Ululet
3037 5579 3194 5656 pinus
3229 5600 3240 5634 :
3278 5597 3298 5632 ι
3352 5579 3404 5633 id
3434 5590 3537 5649 est,

1969 5650 2233 5721 prolapsis
2265 5651 2556 5721 majoribus
2581 5651 2871 5721 haereticis,
2906 5651 3139 5705 minores
3154 5650 3395 5721 lugeant.

2037 5718 2145 5793 (76)
2201 5719 2752 5793 Ὴγδιακοπτομένη.
2810 5721 2900 5777 Sic
2931 5722 3033 5775 duo
3072 5718 3235 5775 Coisl.
3266 5718 3454 5787 lued.,
3500 5721 3533 5791 ἢ

1960 5792 2374 5863 οιακοπτυμένη.

2034 5864 2147 5934 (77)
2181 5857 2284 5918 Aid
2316 5857 2431 5941 τὴγ
2470 5860 2700 5931 Τριάὃα,
2730 5868 2835 5941 etc.
2894 5857 3175 5941 «_Propter
3212 5857 3535 5941 Trinitatem

1965 5930 2265 6000 ademtam,
2312 5950 2331 5985 ι
2370 5932 2421 5989 id
2448 5930 2553 5999 est,
2605 5952 2623 5988 ι
2662 5939 2880 6003 propter
2924 5930 3208 5988 Trinitatis
3237 5930 3469 6003 _cultum.
3506 5947 3528 5982 ι
