4050 6298
550 552 644 609 667

1734 550 1789 604 S.
1834 548 2162 606 GREGORII
2203 547 2544 604 THEOLOGI

3660 553 3765 608 468

544 680 677 722 auro
702 663 958 734 fulgebas,
993 670 1046 717 et
1092 662 1416 730 coilucebas,
1456 663 1688 734 illudque
1725 666 1919 734 partim
1946 680 2095 734 aquae

2206 663 2586 735 κομψευμένης
2628 661 2899 735 ψηφῖδοςᾈ
2915 661 3006 714 καὶ
3036 662 3146 715 τῶν
3180 663 3405 734 μακρῶν
3434 663 3646 734 δρόμων
3675 668 3769 719 καὶ

544 762 717 814 instar
761 756 1067 825 spargebas,
1098 756 1291 824 partim
1323 756 1474 825 quasi
1502 770 1719 811 arenam
1760 756 2095 825 aggerebas;

544 848 795 902 nimiru’m
850 847 1121 916 ignorans,
1178 846 1603 915 praestantiorem
1643 857 1762 900 esse
1800 847 1958 899 ﬁdem
1994 848 2091 900 sub

542 936 632 989 dio
665 937 963 1001 degentem,
1003 948 1162 1003 quam
1196 935 1464 1003 copiosam
1521 947 1572 989 et
1629 935 1964 1004 magniﬁcam
1998 936 2098 987 im-

543 1027 815 1091 pietatem,
846 1040 909 1079 ac
939 1033 1046 1078 tres
1073 1024 1126 1077 in
1156 1025 1375 1078 nomine
1413 1025 1619 1079 Domini
1652 1035 2001 1093 congregatos
2028 1025 2097 1089 δ’,

543 1115 721 1182 plures
772 1114 909 1182 apud
958 1114 1122 1167 Deum
1172 1114 1402 1178 censeri,
1436 1128 1593 1182 quam
1631 1114 1823 1169 multos
1853 1114 2101 1167 divinita-

542 1213 649 1258 tem
682 1204 1029 1273 abnegantes.
1057 1205 1136 1257 An
1175 1214 1228 1257 tu
1259 1203 1540 1259 universos
1576 1206 1735 1259 etiam
1767 1204 2098 1259 Chanaans

539 1294 848 1348 Abrahamo
904 1294 993 1347 uni
1042 1305 1332 1364 antepones
1370 1295 1457 1347 ’δῖ’
1500 1294 1579 1346 An
1635 1294 1941 1349 Sodomitas
2006 1295 2097 1347 uni

536 1384 756 1439 Lot“?
814 1386 894 1438 An
944 1384 1254 1440 Madianitas
1305 1385 1469 1455 Moysi
1517 1386 1589 1439 In’?
1640 1384 1964 1454 Peregrinis,
2017 1385 2101 1438 in-

539 1489 727 1542 quam,
765 1474 849 1529 his
882 1485 935 1529 et
965 1476 1310 1545 hospitibus?
1348 1476 1525 1541 Quid?
1564 1478 1642 1529 An
1676 1485 1943 1531 trecentos
1978 1476 2098 1530 illos

538 1566 680 1619 viros
702 1566 770 1632 ³⁸,
807 1566 897 1635 qui
929 1582 1048 1622 cum
1085 1566 1332 1622 Gedeone
1364 1566 1688 1630 lamherunt;
1720 1577 1797 1622 tut
1822 1567 2096 1621 hominum

536 1655 792 1719 millibus,
823 1656 913 1723 qui
951 1665 1098 1726 terga
1131 1662 1428 1719 verterunt,
1479 1655 1763 1711 inferiores
1804 1672 1921 1711 esse
1969 1672 2097 1711 con-

538 1747 769 1801 tendes?
813 1748 896 1801 An
946 1747 1175 1802 Abrahae
1226 1746 1639 1811 vernaculos”,
1690 1764 1913 1803 numero
1956 1748 2096 1804 haud

537 1840 700 1913 754
729 1841 893 1894 multo
916 1841 1114 1909 plures,
1143 1840 1325 1894 multis
1356 1839 1460 1894 illis
1488 1841 1719 1910 regibus,
1750 1852 1909 1910 atque
1940 1841 2097 1895 innu-

536 1931 883 1987 merabilibus
931 1932 1100 2000 copiis
1124 1968 1139 1994 ,
1192 1945 1347 2000 quas,
1404 1932 1649 1999 quamvis
1680 1932 1777 1999 ipsi
1811 1933 1965 2001 pauci
2005 1948 2092 1987 es-

534 2029 675 2085 sent,
718 2021 984 2089 persecuti
1037 2029 1214 2073 tamen
1263 2026 1389 2074 sunt
1430 2030 1590 2088 atque
1634 2020 1923 2089 fugarunt?
1966 2022 2095 2076 illud

536 2120 715 2163 autem
756 2108 1021 2179 quomodo
1053 2108 1454 2177 intelligendum
1484 2124 1602 2163 esse
1629 2124 1820 2165 censes
1848 2128 1861 2164 :
1896 2110 1955 2165 Si
1985 2114 2097 2178 fue-

533 2201 598 2253 rit
626 2216 871 2254 numerus
908 2201 1142 2265 ﬁliorum
1173 2198 1343 2269 Israel
1369 2208 1423 2251 ut
1448 2216 1606 2252 arena
1644 2200 1826 2265 maris,
1863 2200 2097 2269 reliquias

533 2287 689 2344 salva:
726 2290 850 2356 ﬁent
880 2287 952 2340 5°?
975 2288 1091 2354 Quo
1138 2287 1265 2341 item
1314 2286 1473 2340 modo
1531 2286 1922 2357 illud:Reliqui
1967 2289 2095 2341 mihi

533 2388 725 2445 septem
762 2378 933 2432 millia
971 2378 1221 2441 virorum,
1258 2378 1347 2445 qui
1385 2393 1484 2430 non
1521 2379 1774 2445 ﬂexerunt
1815 2394 1948 2446 genu
1977 2390 2097 2432 ante

532 2471 671 2527 Baal
692 2471 780 2522 5'?
810 2469 922 2522 Non
959 2478 1040 2522 cst
1068 2470 1160 2533 ita,
1202 2484 1326 2531 non,
1370 2469 1608 2536 inquam,
1647 2468 1719 2522 ita
1749 2478 1849 2523 est.
1890 2468 2009 2523 Non
2040 2471 2095 2522 in

531 2560 768 2633 pluribus
797 2560 1172 2626 beneplacilum
1209 2567 1284 2611 est
1312 2556 1418 2611 Dea
1442 2558 1507 2611 ⁸ο.

606 2645 737 2701 VIII.
779 2644 857 2699 Tu
918 2645 1130 2713 quidem
1184 2645 1450 2713 myriades
1510 2660 1783 2707 numeras.
1843 2656 1897 2698 at
1956 2646 2094 2702 Deus

532 2750 645 2801 eos,
693 2738 781 2805 qui
821 2736 1042 2790 salutem
1092 2744 1524 2804 consequuntur;
1588 2746 1641 2789 tu
1677 2737 1939 2790 inﬁnitum
1978 2738 2093 2806 pul-

532 2840 739 2891 verem,
764 2840 862 2893 ego
883 2825 1159 2881 eleCtionis
1183 2840 1326 2881 vasa.
1345 2824 1483 2880 Nihil
1508 2826 1649 2879 enim
1669 2828 1806 2895 apud
1834 2828 1995 2881 Deum
2020 2830 2089 2879 ita

532 2915 766 2982 amplum
798 2924 851 2968 et
882 2913 1223 2982 magniﬁcum
1249 2921 1353 2978 est,
1386 2923 1443 2965 ut
1468 2913 1707 2967 doctrina
1744 2924 2088 2983 perpurgata,

533 3014 584 3061 et
630 3002 806 3057 anima
834 3001 1079 3055 veritatis
1110 3002 1445 3070 dogmatibus
1480 3002 1741 3055 instructa
1777 3012 1936 3070 atque
1967 3018 2090 3068 per-

532 3094 697 3149 fecta.
729 3093 938 3147 Etenim
978 3093 1084 3147 Deo
1103 3095 1339 3162 quidem,
1362 3093 1449 3161 qui
1500 3094 1677 3145 omnia
1711 3096 1933 3160 creavit,
1986 3106 2038 3149 et
2063 3111 2091 3147 a

530 3200 636 3254 quo
688 3184 889 3245 omnia,
948 3193 1001 3237 et
1050 3184 1100 3236 in
1151 3198 1309 3252 quem
1359 3184 1633 3247 utnnia“,
1686 3186 1889 3241 nullum
1956 3189 2090 3241 satis

491 3297 496 3308 ι
530 3274 750 3341 dignum
791 3287 981 3325 munus
1022 3270 1200 3327 offerri
1246 3280 1455 3341 potest;
1512 3290 1613 3327 non
1670 3276 1825 3330 modo
1854 3278 1898 3331 si
1938 3278 2094 3333 unius
2121 3302 2165 3363 ρ

532 3360 765 3415 hominis
808 3374 941 3428 opus
973 3369 1025 3414 et
1050 3360 1249 3414 divitia:
1296 3360 1349 3412 in
1391 3376 1507 3414 eum
1543 3376 1650 3413 rem
1691 3362 2087 3430 impendantur,

529 3449 623 3503 sed
664 3463 837 3517 neque
875 3451 941 3515 si,
974 3448 1224 3503 omnibus
1250 3448 1488 3501 omnium
1534 3449 1807 3503 hominum
1840 3452 2090 3520 operibus

528 3554 582 3598 et
624 3541 966 3597 facultatibus
1011 3540 1065 3593 in
1112 3555 1272 3594 unum
1322 3540 1631 3605 cumulatis,
1668 3556 1788 3594 eum
1820 3543 2088 3610 quispiam

532 3637 740 3691 honore
797 3632 1006 3687 allicere
1048 3633 1194 3687 velit.
1228 3635 1411 3686 Nonne
1461 3632 1642 3686 ccelum
1693 3642 1736 3685 et
1782 3641 1974 3684 terram
1999 3650 2090 3702 ego

532 3725 718 3795 impleo
739 3727 764 3779 7
797 3724 920 3776 dicit
957 3722 1207 3783 Dominus
1239 3724 1305 3776 °’.
1345 3723 1440 3775 Et:
1472 3722 1690 3789 Qualem
1720 3722 1930 3775 domum
1965 3723 2093 3776 redi-

531 3817 756 3890 ﬁcabitis
801 3815 965 3869 mihi?
1013 3814 1114 3866 Aut
1164 3814 1277 3881 quis
1331 3812 1475 3866 locus
1527 3813 1773 3882 requietis
1843 3830 1967 3867 mea:
2007 3814 2093 3867 5’?

530 3908 796 3981 Quoniam
829 3918 1008 3959 autem
1050 3904 1187 3962 inira
1232 3904 1397 3972 ipsius
1448 3904 1759 3970 dignitatem
1807 3904 1959 3959 nobis
1994 3920 2090 3958 ne-

531 3997 769 4055 cessario
802 3994 1197 4051 subsistendum
1223 4002 1326 4059 est,
1354 3994 1495 4061 quod
1526 3994 1815 4048 secundum
1845 4005 1947 4061 est,
1982 3995 2092 4063 pie-

532 4098 753 4145 tatema
787 4086 937 4141 vobis
992 4085 1220 4156 postulo,
1275 4099 1586 4139 communes
1634 4084 1752 4137 illas
1803 4087 1940 4153 apud
1985 4101 2089 4152 me,

531 4194 597 4239 ac
628 4177 861 4248 aequales
891 4176 1102 4231 divitias
1156 4175 1350 4244 quibus
1390 4176 1550 4229 etiam
1590 4174 1819 4230 fortasse
1860 4176 2094 4245 splendi-

532 4270 810 4333 dissimum
866 4282 1135 4337 quemque
1184 4266 1499 4335 superabit,
1558 4266 1648 4336 qui
1703 4268 1853 4337 gravi
1913 4269 2093 4337 inopia

2205 730 2565 821 περι-δρόμων,
2593 749 2684 801 καὶ
2718 730 2905 818 χρυσῷ
2937 730 3412 821 κατελάμπου-καὶ
3467 730 3766 824 περιελάμ-

2206 858 2325 903 που,
2360 839 2449 891 τὸν
2492 838 2611 909 μὲν,
2637 838 2711 901 ὡς
2743 838 2887 911 ὕδωρ
2915 839 3183 909 ἔσπειρες,
3218 840 3308 893 τὸν
3336 841 3414 905 δὲ,
3463 842 3538 903 ὡς
3583 843 3768 911 ἄμμον

2203 930 2582 1000 ὲθησαύριζες’
2620 929 2865 997 ἀγνοῶν,
2910 932 2990 984 ὅτι
3024 931 3291 1000 κρείσσων
3335 932 3444 1001 (78)
3501 931 3767 1001 ὕπαιθρος

2202 1022 2380 1084 πίστις
2426 1020 2745 1084 πολυτελοῦς
2790 1021 3064 1085 ἀσεϐείας,
3106 1022 3198 1073 καὶ
3237 1022 3430 1084 πλέους
3469 1022 3586 1091 Θεῷ
3617 1026 3767 1092 τρεῖς

2203 1111 2526 1180 συνηγμένοι
2547 1112 2604 1165 ὲν
2634 1112 2857 1181 ὀνόματι
2875 1113 3102 1181 Κυρίου,
3124 1112 3332 1165 πολλῶν
3360 1114 3631 1183 μυριάδων
3654 1115 3765 1185 (79)

2199 1204 2543 1273 ἀρνουμένων
2578 1203 2825 1275 θεότητα.
2864 1208 2934 1258 Ἢ
2964 1208 3056 1258 καὶ
3077 1209 3200 1271 τοὺς
3230 1209 3564 1271 Χαναναίους
3585 1210 3765 1263 ᾶπαν-

2198 1310 2296 1355 τας
2330 1296 2683 1364 προτιμήσεις
2716 1296 2832 1358 ἐνὸς
2852 1295 2940 1348 τοῦ
2990 1297 3274 1368 Ἀϐραάμ;
3309 1297 3341 1367 ἢ
3371 1300 3612 1362 καὶτοὺς
3653 1300 3765 1368 (80)

2200 1385 2490 1455 Σοδομίτας
2518 1386 2635 1449 ἑνὸς
2659 1385 2751 1438 τοῦ
2771 1386 2891 1439 Λώτ
2913 1403 2927 1451 ;
2950 1388 2981 1457 ἢ
3014 1390 3107 1441 καὶ
3123 1388 3485 1458 Μαδιηναίους
3502 1391 3761 1455 Μωσέως,

2197 1473 2305 1525 τῶν
2338 1474 2617 1543 παροίκων
2648 1475 2741 1527 καὶ
2774 1475 2974 1540 ξένων;
3012 1477 3075 1529 Τί
3119 1477 3206 1530 δαὶ
3238 1477 3361 1541 τοὺς
3384 1478 3521 1548 μετά
3558 1479 3763 1531 Γεδεὼν

2198 1565 2539 1633 τριακοσίους
2560 1604 2574 1628 ,
2609 1566 2735 1627 τοὺς
2785 1566 3107 1636 λάμψαντος
3134 1567 3399 1636 ἀνδρικῶς
3453 1569 3563 1639 (81)
3589 1610 3604 1634 ,
3653 1570 3764 1622 τῶν

2198 1653 2651 1723 ἀποστραφεισῶν
2691 1654 2942 1724 χιλιάδων
2984 1656 3130 1725 (82);
3180 1657 3232 1708 τί
3264 1657 3349 1708 δαὶ
3381 1658 3505 1719 τοὺς
3548 1659 3761 1724 οίκογε-

2198 1746 2308 1806 νεῖς
2359 1743 2628 1814 Ἀϐραὰμ,
2664 1745 2787 1806 τοὺς
2808 1744 3000 1816 μικρὸν
3026 1746 3166 1816 ὑπὲρ
3194 1744 3413 1809 τούτους
3436 1747 3512 1816 τῷ
3544 1746 3763 1817 ἀριθμῷ

2197 1834 2303 1886 τῶν
2337 1833 2546 1886 πολλῶν
2590 1833 2875 1903 βασιλέων,
2923 1835 3017 1887 καὶ
3052 1834 3156 1889 τῶν
3179 1834 3273 1889 τοῦ
3300 1836 3529 1907 στρατοῦ
3562 1838 3761 1907 μυριά-

2196 1922 2320 1987 δων,
2352 1923 2438 1987 ἃς,
2469 1924 2671 1995 καίπερ
2702 1925 2854 1987 ὄντες
2887 1924 3076 1992 ὀλίγοι,
3100 1925 3429 1991 κατεδίωξαν
3477 1928 3568 1979 καὶ
3602 1927 3761 1997 ἐτρέ-

2195 2013 2395 2083 ψαντος
2438 2016 2613 2066 ἐκεῖνο
2669 2014 2723 2066 δὲ
2762 2015 2877 2077 πῶς
2930 2018 3090 2079 νοεῖς,
3136 2017 3217 2068 ὅτι
3263 2016 3396 2068 Ἐὰν
3448 2016 3685 2085 γένηται
3727 2020 3763 2069 ὁ

2197 2104 2439 2172 ἀριθμὸς
2478 2102 2597 2156 τῶν
2638 2103 2783 2156 υἱῶν
2828 2103 3062 2171 Ἰσραὴλ
3100 2106 3178 2170 ὡς
3211 2106 3248 2173 ἡ
3282 2105 3473 2173 ἄμμος
3504 2105 3616 2174 (85)
3647 2106 3760 2172 τῆς

2196 2192 2530 2260 θαλάσσης,
2558 2191 2621 2244 τὸ
2646 2192 3015 2262 κατάλειμμα
3066 2195 3441 2262 σωθήσεται;
3473 2195 3525 2247 τί
3558 2196 3643 2249 δαὶ
3674 2196 3755 2261 τὸ,

2198 2284 2533 2336 Κατέλιπον
2557 2282 2788 2350 ἐμαυτῷ
2813 2284 3307 2353 ἑπτακισχιλίους
3336 2284 3579 2353 ἄνδρας,
3613 2286 3725 2338 oin
3743 2316 3758 2327 -

2194 2390 2297 2438 νες
2323 2375 2433 2425 οὐκ
2479 2372 2759 2440 ἔκαμψαν
2786 2374 2933 2441 γόνυ
2962 2373 3037 2441 τῇ
3065 2374 3265 2438 Βάαλ;
3303 2376 3400 2428 οὐκ
3437 2364 3758 2441 ἐστι’τοῦτο,

2193 2464 2292 2516 οὐκ
2345 2462 2507 2517 ἐστιν.
2559 2465 2677 2516 Οὐκ
2732 2463 2801 2515 ὲν
2840 2463 2961 2529 τοῖς
3008 2466 3287 2520 πλείοσιν
3339 2466 3674 2535 εὐδόκησεν
3720 2472 3755 2522 ὁ

2196 2557 2360 2619 Θεός.

2262 2648 2342 2699 H'.
2377 2646 2448 2698 Σὺ
2487 2647 2585 2716 μὲν
2624 2648 2874 2720 ἀριθμεῖς
2906 2647 3004 2709 τὰς
3036 2636 3322 2717 μυριάδας,
3373 2646 3504 2709 Θεὸς
3552 2647 3607 2700 δὲ
3634 2647 3762 2709 τοὺς

2195 2734 2559 2804 σωζομένους·
2614 2736 2803 2789 καὶσὺ
2842 2737 2937 2805 μὲν
2973 2734 3062 2787 τὸν
3106 2734 3411 2804 ἀμέτρητον
3467 2732 3617 2803 χοῦν,
3649 2732 3763 2801 ἐγὼ

2191 2825 2245 2879 δὲ
2280 2825 2347 2880 τὰ
2379 2825 2544 2895 σκεύη
2595 2825 2695 2895 τῆς
2729 2826 2980 2895 ἐκλογῆς.
3027 2825 3190 2878 Οὐδὲν
3219 2824 3328 2895 γὰρ
3355 2824 3494 2877 οὕτω
3526 2823 3642 2893 Θεῷ
3671 2842 3763 2894 με·

2192 2915 2532 2986 γαλοπρεπὲς
2579 2918 2653 2980 ὡς
2711 2916 2867 2984 λόγος
2909 2915 3336 2988 κεκαθαρμένος,
3373 2915 3636 2986 καὶψυχὴ
3668 2932 3759 2967 τε-

2190 3005 2309 3059 λεία
2364 3006 2474 3069 τοῖς
2512 3007 2609 3075 τῆς
2641 3005 2897 3076 ἀληθείας
2942 3005 3222 3075 δόγμασιν.
3276 3005 3457 3069 Ἀξιον
3504 3006 3601 3074 μὲν
3650 3005 3760 3075 γὰρ

2192 3095 2341 3148 οὐδέν
2386 3096 2502 3149 ἐστι
2549 3095 2643 3148 τοῦ
2676 3096 2743 3149 τὰ
2776 3096 2952 3151 πάντα
3000 3094 3379 3165 πεποιηκότος,
3408 3095 3501 3147 καὶ
3537 3095 3663 3165 παρ’
3700 3091 3762 3148 οὗ

2193 3186 2261 3239 τὰ
2322 3186 2517 3249 πάντα,
2572 3186 2665 3239 καὶ
2699 3187 2777 3248 είς
2826 3186 2884 3238 ὃν
2915 3186 2985 3239 τὰ
3042 3186 3239 3248 πάντα,
3300 3184 3482 3236 δοῦναι
3518 3184 3637 3254 Θεῷ
3668 3184 3761 3238 καὶ

2196 3278 2580 3347 προσενεγκεῖν
2603 3294 2614 3306 ·
2655 3277 2727 3347 μὴ
2765 3277 2845 3329 ὅτι
2893 3278 3020 3345 μιᾶς
3046 3275 3222 3346 χειρὸς
3252 3275 3411 3345 ἔργον
3459 3275 3492 3343 ἢ
3540 3292 3763 3345 περιου-

2200 3367 2339 3429 σίας,
2399 3366 2513 3420 ἀλλ’
2549 3366 2655 3419 οὐδ’
2682 3368 2730 3419 εί
2771 3368 2949 3421 πᾶσάν
2990 3384 3071 3430 τις
3104 3367 3201 3438 τὴν
3242 3369 3299 3420 ὲν
3328 3368 3635 3438 ἀνθρώποις
3664 3370 3761 3420 εὖ·

2200 3460 2393 3530 πορίαν
2432 3460 2464 3530 ἢ
2504 3462 2661 3530 χεῖρα
2709 3459 2788 3520 εἰς
2820 3456 2876 3509 ἒν
2923 3457 3257 3526 συνενεγκὼν
3282 3500 3296 3523 ,
3331 3458 3557 3528 τιμῆσαι
3598 3458 3758 3527 θελή-

2202 3564 2359 3602 σειεν.
2396 3549 2539 3616 Οὐχὶ
2572 3548 2677 3601 τὸν
2715 3546 2973 3616 οὐρανὸν
2996 3547 3093 3599 καὶ
3118 3546 3231 3612 τὴν
3252 3546 3367 3616 γῆν
3389 3544 3501 3615 ἐγὼ
3529 3545 3760 3613 πληρώε

2198 3636 2356 3707 λέγει
2406 3639 2656 3705 Κύριος*
2701 3640 2830 3701 καὶ,
2890 3635 3072 3690 Ποῖον
3126 3634 3292 3690 οἷκον·
3336 3635 3761 3704 οἰκοδομήσετέ

2194 3744 2293 3795 μοι
2311 3742 2329 3789 ;
2360 3726 2396 3793 ἣ
2420 3727 2510 3791 τίς
2540 3726 2721 3791 τόπος
2752 3725 2863 3794 τῆς
2906 3722 3333 3789 καταπαύσεώς
3371 3740 3526 3792 μου;
3558 3725 3680 3775 ἐπεὶ
3704 3723 3760 3775 δὲ

2198 3820 2296 3889 τῆς
2326 3817 2481 3884 ἀξίας
2496 3819 2832 3888 -διαμαρτεῖν
2882 3817 3195 3884 ἀναγκαῖον,
3229 3815 3256 3869 ὃ
3298 3814 3546 3885 δεύτερόν
3572 3816 3721 3866 ἐστιν
3745 3856 3759 3878 ,

2200 3909 2332 3962 αἰτῶ
2362 3909 2492 3979 παρ’
2525 3908 2677 3979 ὑμῶν
2715 3909 2812 3977 τὴν
2844 3907 3145 3971 εὐσέϐειαν,
3205 3907 3294 3958 τὸν
3326 3906 3501 3959 κοινὸν
3536 3904 3758 3957 πλοῦτον

2199 3999 2323 4071 ἐμοὶ
2357 4000 2449 4051 κα)¹
2470 3999 2749 4069 ὁμότιμον,
2782 4000 2839 4051 ὲν
2877 3992 2921 4067 ᾧ
2950 3997 3109 4068 τυχὸν
3143 3996 3524 4067 ὑπερϐαλεῖται
3555 3996 3646 4048 καὶ
3672 3995 3759 4046 τὸν

2198 4089 2317 4142 λίαν
2355 4088 2600 4161 λαμπρὸν
2653 4092 2681 4141 ὁ
2734 4090 2875 4143 πάνυ
2924 4090 3111 4159 πένης,
3157 4088 3223 4141 ἂν
3370 4086 3756 4158 μεγαλόψυχος.

2199 4180 2571 4251 Προαιρέσεως
2622 4180 2750 4252 γὰρ,
2801 4181 2899 4235 οὐκ
2942 4180 3199 4251 εὐπορίας
3247 4180 3531 4249 ἡτοιαύτη
3562 4179 3745 4246 φιλοτι-

2203 4269 2319 4339 μία.
2378 4269 2631 4340 Λήψομαι
2666 4272 2762 4341 μὲν
2793 4271 2902 4337 (84)
2955 4272 3048 4325 καὶ
3092 4269 3259 4325 ταῦτα
3304 4272 3368 4323 ὲκ
3422 4270 3529 4324 τῶν
3562 4268 3757 4341 χειρῶν

2202 4360 2376 4432 ὑμῶν,
2411 4357 2469 4413 εὖ
2505 4360 2637 4414 ἴστε.
2664 4362 2861 4415 Πατεῖν
2889 4363 2988 4432 τὴν
3014 4360 3178 4431 αὐλήν
3215 4378 3313 4430 μου
3345 4361 3404 4415 οὐ
3464 4359 3759 4431 προσθήσε-

2202 4451 2312 4515 σθε,
2376 4450 2510 4504 ἀλλά
2549 4453 2879 4521 πατήσουσιν
2933 4449 3099 4521 αὐτὴν
3158 4451 3315 4513 πόδες
3356 4453 3595 4521 πραέων,
3652 4449 3757 4504 τῶν

530 4363 813 4434 premitur,
850 4363 894 4415 si
934 4361 1097 4415 animi
1128 4359 1496 4428 magnitudine
1524 4369 1759 4429 praestet.
1797 4360 2094 4417 Voluntatis

528 4454 671 4509 enim
698 4460 781 4507 est
808 4451 920 4506 hanc
948 4449 1239 4506 liberalitas
1266 4459 1321 4506 et
1347 4450 1733 4514 muniﬁcentia,
1787 4465 1890 4505 non
1932 4466 2092 4520 Opum

529 4557 585 4601 et
648 4546 946 4616 copiarum.
1004 4542 1280 4611 Accipiam
1330 4542 1540 4610 quidem
1605 4542 1717 4599 haec
1764 4557 1995 4613 quoque,
2027 4558 2095 4600 ne

2200 4543 2586 4610 ὲπεγνωκότων
2615 4543 2731 4612 ἐμὲ,
2772 4542 2864 4596 καί
2898 4544 2989 4595 τὸν
3023 4544 3279 4614 μονογενῆ
3308 4560 3404 4612 μου
3443 4543 3633 4609 Λόγον,
3668 4538 3757 4593 καί

529 4638 805 4701 dubitetis,
836 4635 902 4690 de
929 4634 1174 4688 manibus
1199 4633 1413 4695 vestris.
1450 4631 1672 4688 Calcare
1704 4633 1880 4687 aulam
1913 4648 2084 4694 meam

2197 4636 2253 4691 τὸ
2272 4634 2493 4704 Πνεῦμα
2524 4634 2584 4687 τὸ
2617 4633 2770 4703 ἆγιον
2804 4634 2971 4702 ὑγιῶς
3000 4633 3093 4688 καὶ
3121 4635 3375 4705 γνησίως.
3416 4633 3593 4702 Μέχρι
3615 4633 3756 4693 τινος

529 4741 637 4783 non
662 4724 949 4793 adjicietis,
977 4724 1071 4780 sed
1097 4724 1378 4778 calcabunt
1422 4737 1539 4777 eam
1589 4724 1751 4792 pedes
1792 4735 2095 4780 mansueto-

2197 4725 2622 4796 κληρονομήσετε
2655 4724 2715 4777 τὸ
2741 4724 2865 4795 ὄρος
2892 4724 2951 4776 τὸ
2981 4724 3135 4792 ἆγιόν
3163 4741 3261 4796 μου
3287 4742 3302 4787 ;
3354 4723 3514 4792 μέχρι
3544 4723 3689 4783 τίνος
3721 4724 3751 4791 ἡ

531 4832 651 4878 rum
686 4814 752 4878 “,
807 4813 901 4884 qui
955 4822 1100 4868 recte
1146 4821 1305 4882 atque
1350 4812 1559 4869 sincere
1612 4828 1695 4867 me
1741 4824 2093 4883 agnoverunt,

2197 4816 2423 4878 κιϐωτὸς
2485 4814 2636 4887 παρά
2674 4817 2786 4877 τοῖς
2824 4814 3174 4883 ἀλλοφύλοις;
3210 4813 3323 4867 Νῦν
3372 4812 3427 4864 δὲ
3459 4814 3653 4881 μικρὸν
3678 4812 3753 4865 ἔτι

534 4905 875 4973 Verbumque
926 4918 1101 4958 meum
1158 4903 1525 4970 Unigenitum,
1579 4912 1631 4956 et.
1675 4903 1932 4971 Spiritum
1964 4920 2092 4966 san-

2197 4907 2565 4977 ἐντρυφήσατε
2596 4909 2706 4968 τοῖς
2729 4905 3047 4975 ἀλλοτρίοις,
3082 4906 3174 4959 καὶ
3200 4904 3292 4957 τοῦ
3330 4904 3752 4973 βούλεσθαιάπο-

530 5008 697 5057 ctum.
726 4994 1017 5064 Quonsque
1038 5003 1270 5047 montem
1295 5004 1539 5057 sanctum
1568 5009 1744 5046 meum
1778 4996 2094 5052 haereditate

2197 4997 2447 5051 λαύσατε.
2493 4994 2615 5049 Ὅτι
2667 4996 2725 5048 ὃν
2761 4996 2961 5066 τρόπον
2996 4996 3386 5049 ἐϐουλεύσασθε
3414 4994 3505 5047 τοῦ
3537 4993 3751 5047 ἀπώσα-

530 5084 906 5155 possidebitis?
966 5084 1254 5151 Quousque
1322 5098 1447 5137 arca
1519 5084 1657 5150 apud
1725 5083 2092 5143 Philisthaeos?

2197 5087 2320 5141 σθαί
2351 5104 2438 5157 με,
2463 5085 2617 5155 κάγὼ
2654 5086 2944 5161 ἀπώσομαι
2980 5087 3154 5161 ὑμᾶς,
3195 5086 3341 5156 λέγει
3376 5085 3579 5159 Κύριος
3623 5103 3750 5139 παν·

531 5176 685 5238 Nunc
730 5184 909 5233 autem
960 5174 1350 5244 aliquantulum
1398 5173 1571 5230 adhuc
1612 5175 1664 5229 in
1709 5174 1897 5232 alienis
1939 5178 2092 5234 luxu-
2188 5177 2489 5249 τοκράτωρ.

599 5365 644 5396 ⁸⁸
669 5363 1037 5438 Matth.__x_vm,
1064 5366 1163 5438 20ἒ
1185 5436 1200 5438 _
1232 5366 1438 5438 “_Gen.
1473 5383 1570 5432 xu,
1611 5368 1643 5422 6
1674 5384 1795 5438 sqq.
1871 5372 1916 5402 ⁸⁵
1954 5371 2086 5427 Gen.

2197 5412 2223 5434 η,
2266 5371 2289 5422 1
2321 5383 2453 5438 sqq.
2521 5368 2569 5402 “
2592 5367 2760 5438 Exod.
2795 5366 2971 5438 ll,j5_.
2998 5366 3079 5438 _"
3105 5363 3279 5438 ludio.
3315 5378 3414 5438 vn,
3444 5363 3527 5438 _5._
3552 5364 3595 5393 ⁸⁷
3619 5362 3746 5417 Gen.

529 5434 772 5511 manu:
849 5435 893 5466 ⁸⁸
922 5435 1020 5489 lsa.
1059 5436 1443 5511 §,_23;__i_ium.
1488 5454 1558 5501 Ix,
1587 5440 1677 5511 27.
1718 5432 1797 5511 ’δέ
1835 5440 1897 5493 ΙΙΙ
1932 5442 2062 5511 Reg.

2197 5432 2231 5503 ι’,
2274 5432 2397 5496 18;’
2420 5432 2577 5511 lium.
2630 5452 2701 5501 ιι,
2734 5436 2787 5495 4.
2862 5435 2907 5467 ⁸⁸
2938 5436 2956 5489 ι
2988 5434 3117 5495 Cor.
3149 5450 3205 5499 ι,
3242 5434 3296 5487 ὅ.
3376 5434 3417 5464 ⁶¹
3443 5434 3460 5485 ι
3488 5432 3612 5488 Cor.
3638 5446 3748 5496 \‘lll,

526 5510 578 5560 6.
656 5504 698 5534 ⁶²
728 5502 837 5559 Jer.
870 5520 1025 5570 χχιιι,
1057 5505 1147 5559 24.
1225 5505 1269 5536 ⁸³
1294 5503 1396 5561 lsa.
1447 5523 1589 5574 LXVI,
1634 5510 1682 5563 1.
1761 5509 1803 5541 ⁸⁵
1833 5512 1935 5564 lsa.
1980 5502 2089 5578 χῖιι,

2197 5512 2235 5577 );
2258 5523 2405 5571 xxvr,
2433 5506 2486 5560 (ἰ.

599 5663 709 5739 (18)
732 5666 1059 5739 Ignelo'gwr.
1085 5663 1187 5739 Or._
1205 5660 1259 5739 ᾖ.
1300 5668 1564 5739 κρεῖσσον.
1694 5737 1707 5739 _

2268 5669 2377 5739 (δε)
2418 5667 2728 5739 Χι.ὶιὰδων.
2770 5665 2871 5739 Scit
2905 5662 3078 5739 Coll)...
3114 5660 3403 5739 μρριάὸων.

601 5730 711 5805 (79)
739 5730 990 5805 Πολλῶν
1013 5730 1349 5805 μυριάδων(
1382 5736 1471 5789 Sic
1520 5736 1651 5803 Reg.
1694 5737 1807 5802 bm,
1858 5745 2088 5805 quatuor

2255 5730 2371 5805 (85)
2406 5740 2500 5802 Ὠς
2522 5740 2558 5804 ἡ
2587 5737 2804 5805 ἅμμος(
2835 5734 2935 5805 Or._
2960 5733 3014 5795 2,
3044 5731 3174 5783 ὡσεὶ
3198 5730 3397 5805 ἀμμος.

601 5748 711 5803 ut!)
739 5748 990 5787 ιιολλων
1013 5748 1332 5804 μυριαοων.
1382 5748 1471 5789 διο
1520 5748 1651 5803 lies.
1694 5748 1807 5802 bm,
1858 5748 2088 5805 quatuor

526 5803 915 5880 Coli‘)._‘et_gPar.
941 5806 1096 5880 [iusst
1131 5804 1403 5880 μυριάδων
1439 5805 1596 5880 inet].
1780 5875 1806 5880 Δ
1901 5876 1922 5880 _

2255 5748 2344 5805 (85
2406 5748 2500 5802 ὐς
2522 5748 2558 5804 η
2587 5748 2796 5804 ἅμμος.
2835 5748 2927 5789 ur.
2960 5748 3014 5795 Ζ,
3044 5748 3174 5783 ωσει
3198 5748 3397 5850 αμμος.
3673 5798 3683 5811 ¹

2245 5748 2369 5880 [84;
2409 5806 2683 5880 Admonui
2733 5803 2865 5880 μέθας.
2910 5801 2976 5880 in
3035 5800 3232 5880 n_onnu_|
3258 5813 3319 5877 Is,
3352 5797 3599 5880 λήψομαι
3623 5813 3740 5876 γαρἶ

623 5874 714 5941 80)
760 5875 924 5938 Τούς.
966 5867 1466 5943 υρεειῖιιιιιιοιιιοι·
1491 5875 1652 5941 Regg.
1691 5885 1738 5929 et
1772 5875 1861 5929 Or.
1896 5876 1945 5927 ‘2.
2192 5896 2207 5925 ι
2245 5867 2366 5929 Haec
2394 5867 2671 5942 accipiam.
2720 5867 2746 5925 ρ’
2769 5871 2967 5928 Alludit
3011 5871 3076 5925 ad
3105 5869 3379 5935 ecclesias,
3413 5883 3545 5937 quas
3572 5867 3741 5921 Ariani

600 5876 714 6023 ξεί)
765 5942 1086 6017 Ἀνδρικῶς.
1133 5962 1154 6019 ι
1180 5944 1330 6003 Forti
1369 5960 1430 6001 ac
1460 5945 1595 5999 virili
1623 5945 1913 6016 proposito.
1960 5963 1976 5995 ›
2186 5955 2580 6017 occupaverant

624 5944 714 6017 Si)
765 5942 1086 6017 Ἀνδρικῶς.
1133 5942 1330 6019 «rom
1369 5960 1430 6001 ac
1460 5945 1595 5999 virili
1623 5945 1913 6016 proposito.
1960 5963 1976 5995 ›

2197 5955 2580 6017 accupaverant
