4050 6298
375 386 497 445 469
540 436 551 445 .
1418 392 1676 450 ORATIO
1713 392 1873 452 XLII.
1914 427 1984 437 —
2018 392 2395 452 SUPREMUM
2438 391 2633 447 VALE.
3537 389 3640 445 470
3750 413 3754 416 ’

378 504 567 567 riate,
610 517 672 558 ac
697 502 972 560 libidinem
999 510 1232 562 vestram
1301 508 1532 580 explete.
1592 511 2051 577 Quemadmodum
2092 512 2231 565 enim
2287 525 2373 565 me
2430 507 2715 577 repellendi
2773 504 3053 561 consilium
3106 503 3350 575 cepistis,
3402 503 3483 561 sic
3542 521 3637 577 ego

374 606 625 661 quoque
677 608 772 649 vos
834 597 1084 665 repellam
1121 641 1135 664 ,
1172 596 1304 654 ’dicit
1331 599 1587 655 Dominus
1642 603 1978 669 omnipotens
2006 603 2074 655 ⁸⁵.

452 683 543 735 Θ.
583 683 771 738 Ταῦτα
809 686 903 738 καὶ
931 687 1147 743 ἀκούειν
1176 680 1424 758 λέγοντος
1461 689 1699 754 ἐδόκουν,
1737 691 1829 745 καὶ
1864 708 1972 743 ποι-

2154 690 2244 745 IX.
2289 690 2430 754 Haec,
2461 696 2513 743 et
2543 688 2849 757 loquentem
2891 684 3098 749 audire,
3130 692 3184 739 et
3210 684 3490 740 facientem
3519 700 3639 743 sen‘

370 774 594 837 οὖντος
624 774 969 830 αἰσθάνεσθαι
992 796 1004 808 ο
1042 780 1135 831 καὶ
1168 780 1248 832 ἔτι
1282 781 1417 851 πρὸς
1445 780 1673 843 τούτοις,
1710 782 1845 851 πρὸς
1881 783 1972 851 μὲν

2084 784 2182 837 tire
2229 782 2355 835 mihi
2405 779 2655 845 videbar;
2702 787 2860 847 atque
2894 778 3112 845 insuper
3151 778 3216 831 ad
3247 778 3495 846 populum
3529 778 3640 832 cla-

370 861 477 913 τὸν
539 861 678 914 λαὸν
733 862 981 931 βοῶντος,
1033 865 1125 918 τὸν
1170 865 1227 931 ἐξ
1276 865 1457 935 ὀλίγου
1514 866 1678 919 πολὺν
1728 867 1851 935 ἤδη,
1886 867 1972 919 κα)

2083 882 2338 937 mantem,
2368 870 2433 924 ad
2464 872 2623 935 hunc,
2677 870 2917 937 inquam,
2964 882 3030 921 ex
3057 880 3222 936 parvo
3254 882 3501 936 magnum
3529 866 3639 937 jam

374 945 766 1022 συγκείμενον
798 956 995 1017 ἱκανῶς
1030 957 1093 1008 ὲκ
1123 956 1541 1026 διεσπαρμένου,
1580 959 1672 1009 καὶ
1705 956 1764 1019 ἐξ
1798 957 1972 1008 ὲλεουτ

2080 975 2136 1020 et
2174 964 2473 1034 cepiosum,
2505 972 2559 1018 et
2591 978 2656 1017 ex
2682 962 2926 1030 disperso
2960 962 3091 1015 satis
3115 959 3224 1028 jam
3260 962 3637 1024 eoadunatum,

377 1043 569 1111 μένου
601 1044 713 1112 (85)
741 1044 902 1114 τυχὸν
933 1048 1026 1099 καὶ
1046 1047 1353 1115 ἐπίφθονον.
1383 1050 1715 1115 Πορεύεσθε
1743 1047 1839 1101 διὰ
1861 1049 1972 1101 τῶν

2080 1065 2133 1111 et
2159 1071 2224 1111 ex
2251 1054 2546 1111 miserabili
2584 1052 2827 1106 fortassis
2847 1051 3169 1105 invidiosum
3195 1068 3207 1101 :
3234 1049 3392 1119 755
3411 1049 3640 1105 Incedite

373 1132 622 1186 πυλῶν
668 1151 807 1202 μου,
863 1135 962 1187 καὶ
1015 1138 1413 1190 πλατύνεσθε.
1466 1138 1555 1206 Μῆ
1585 1136 1873 1200 διαπαντὸς
1902 1138 1972 1190 δεῖ

2078 1162 2169 1212 per
2192 1156 2368 1215 portas
2396 1160 2555 1208 meas,
2586 1153 2632 1196 et
2660 1141 2959 1194 dilatamiui
2979 1138 3053 1192 ⁵⁸.
3079 1141 3159 1192 An
3183 1153 3276 1193 vos
3308 1140 3360 1192 in
3386 1149 3639 1208 perpetua

374 1223 640 1292 κάμνειν
673 1225 816 1295 ὑμᾶς
851 1228 908 1279 ὲν
974 1230 1194 1296 σκηναῖς
1249 1227 1662 1293 κατοικοῦντας,
1711 1230 1803 1280 καὶ
1852 1231 1972 1292 τοὺς

2079 1250 2317 1290 :erumna
2349 1233 2555 1286 versari
2591 1239 2825 1300 oportet,
2862 1229 2914 1281 in
2948 1229 3194 1282 tentoriis
3222 1237 3637 1290 commorantes,

374 1312 689 1377 Θλίὸοντας
744 1316 887 1385 ὑμᾶς
943 1316 1499 1388 ὑπερευφραίνεσθαι;
1553 1319 1696 1388 Πρὸς
1752 1318 1807 1370 δὲ
1854 1321 1972 1382 τοὺς

2080 1338 2297 1393 eosque,
2349 1324 2437 1391 qui
2492 1335 2585 1374 vos
2634 1320 2961 1388 Opprimunt,
3008 1315 3286 1368 immodica
3334 1315 3509 1368 lretitia
3562 1316 3640 1369 ef-

375 1404 727 1471 ἐφεστῶτας
771 1406 1033 1475 ἀγγέλους
1083 1408 1371 1476 (πείθομαι
1423 1408 1530 1478 γὰρ
1580 1408 1770 1472 ἄλλους
1814 1409 1972 1479 ἄλλης

2078 1414 2244 1470 ferri?
2299 1413 2433 1465 Tum
2484 1411 2645 1464 etiam
2699 1409 2763 1462 ad
2801 1407 3034 1474 angelos,
3073 1405 3268 1473 quibus
3308 1403 3463 1471 hujus
3493 1406 3639 1459 urbis

375 1496 731 1562 προστατεῖν
771 1495 1132 1564 Ἐκκλησίας,
1177 1495 1247 1558 ὡς
1295 1496 1544 1565 Ἰωάννης
1591 1495 1696 1565 (86)
1740 1494 1972 1549 διδάσκει

2079 1518 2205 1559 cura
2256 1501 2545 1557 commissa
2599 1507 2699 1563 est,
2752 1498 2834 1551 his
2869 1495 3047 1549 verbis
3080 1504 3313 1548 utentem
3349 1493 3468 1563 (nec
3496 1495 3637 1547 enim

379 1598 459 1651 με
497 1582 597 1635 διὰ
629 1583 729 1652 τῆς
756 1584 1172 1655 ἀποκαλύψεως)
1197 1604 1209 1616 ·
1259 1584 1684 1650 Ὀδοποιήσατε
1728 1583 1807 1648 τῷ
1854 1583 1972 1648 λαῷ

2077 1594 2206 1647 mihi
2254 1591 2470 1645 dubium
2516 1600 2617 1653 est,
2668 1589 2791 1658 quin
2849 1586 2938 1639 alii
2996 1585 3220 1638 aliarum
3273 1584 3631 1638 Ecclesiarum

372 1689 534 1739 μου,
560 1673 661 1726 καὶ
690 1673 829 1739 τοὺς
856 1675 1068 1741 λίθους
1091 1676 1159 1728 ἐκ
1185 1675 1295 1743 τῆς
1316 1676 1459 1730 ὀδοῦ
1499 1675 1867 1742 διαρῤίψατε,
1893 1675 1972 1728 ἵνα

2083 1682 2339 1751 praesides
2385 1694 2448 1733 ac
2484 1680 2695 1748 patroni
2742 1679 2867 1741 sint,
2918 1674 3367 1744 quemadmodum
3408 1674 3460 1726 in
3497 1674 3640 1741 Apo-

383 1752 639 1833 μηδὲν
677 1762 902 1827 σκῶλον,
959 1764 1091 1833 μηδὲ
1139 1764 1365 1835 κώλυμα
1417 1764 1492 1834 τῷ
1519 1764 1631 1833 λαῷ
1686 1765 1784 1833 τῆς
1829 1763 1972 1825 θείας

2076 1770 2276 1840 ealypsi
2305 1768 2538 1823 Joannes
2577 1782 2661 1821 me.
2694 1765 2926 1832 docet")
2959 1783 2972 1817 :
3016 1763 3251 1817 Sternite
3276 1762 3411 1814 viam
3444 1761 3638 1830 populo

377 1850 518 1903 ὁδοῦ
556 1852 654 1905 καὶ
688 1853 895 1906 εἰσόδου
918 1870 931 1883 ⁸
964 1855 1057 1907 νῦν
1100 1856 1197 1925 μὲν
1230 1857 1320 1908 ἐπὶ
1349 1856 1460 1925 (87)
1491 1856 1559 1909 τὰ
1583 1856 1934 1926 χειροποίητα
1962 1896 1972 1920 ,

2078 1877 2207 1925 meo,
2260 1860 2552 1929 lapidesque
2579 1874 2603 1911 ε
2635 1858 2718 1909 via
2754 1856 2994 1923 projicite
3022 1854 3090 1919 ⁸⁸,
3142 1870 3207 1908 ne
3242 1855 3380 1922 quod
3408 1851 3637 1906 offendi-

386 1944 606 2013 μικρὸν
632 1945 687 1997 δὲ
711 1945 933 2016 ὕστερον
964 1946 1055 1997 ἐπὶ
1076 1948 1174 2015 τὴν
1201 1946 1312 1999 ἄνω
1352 1946 1723 2017 Ἰερουσαλὴμ,
1776 1948 1871 1998 κα).
1910 1946 1972 1998 τὰ

2078 1951 2253 2005 culum
2306 1957 2398 2002 aut
2458 1947 2894 2016 impedimentum
2948 1944 3172 1998 exsistat
3223 1944 3361 2010 quod
3400 1942 3639 1996 divinum
3728 1964 3731 1965 ν

380 2031 583 2083 ἐκεῖσε
608 2032 774 2099 ’Ἅγια
811 2033 919 2086 τῶν
960 2035 1129 2101 ἁγίων
1156 2073 1170 2097 ,
1200 2034 1233 2087 ἃ
1265 2035 1414 2097 τέλος
1462 2033 1578 2088 οἶδα
1614 2035 1712 2103 τῆς
1746 2035 1972 2088 ἐνταῦθα

2082 2040 2262 2111 pepuli
2307 2039 2411 2094 mei
2466 2038 2567 2092 iter
2600 2048 2759 2105 atque
2794 2036 3092 2103 ingressum
3126 2042 3464 2097 remoretur,
3501 2049 3642 2086 nunc

383 2122 777 2183 κακοπαθείας
826 2124 922 2176 κα).
967 2124 1243 2187 συντονίας
1290 2128 1403 2187 τοῖς
1455 2124 1635 2187 καλῶς
1685 2125 1973 2180 ὁδεύουσιν.

396 2209 497 2262 Ἐν
534 2205 619 2273 οἷς
654 2213 777 2264 em
801 2213 895 2265 καὶ
924 2213 1099 2282 ὑμεῖς,
1146 2212 1332 2282 κλητοὶ
1387 2213 1551 2280 ὅιγιοι,
1605 2214 1730 2275 λαὸς
1762 2214 1978 2284 περιού-

388 2288 537 2363 σιίς,
575 2301 843 2369 βασίλειον
887 2303 1203 2373 ἱεράτευμα,
1235 2304 1517 2373 σχοίνισμα
1552 2303 1660 2373 (88)
1688 2305 1891 2373 Κυρίου
1917 2306 1977 2357 τὸ

386 2390 717 2459 κράτιστον,
741 2391 846 2445 ἀπὸ
882 2392 1136 2461 σταγόνος
1168 2393 1408 2463 ποταμὸς
1432 2394 1568 2457 ὅλος,
1606 2394 1713 2445 ἀπὸ
1754 2394 1975 2465 σπινθῆ-

389 2496 491 2548 ρος
524 2481 752 2551 λαμπὰς
786 2482 1034 2553 οὐράνιος
1082 2482 1214 2553 (89),
1251 2484 1358 2536 ἀπὸ
1399 2484 1597 2543 κόκκου
1630 2483 1829 2547 νάπυος
1862 2485 1971 2555 (90)

384 2571 639 2644 δένδρον,
671 2574 886 2643 πτηνῶν
911 2574 1229 2645 ἀνάπαυμα.

2085 2132 2297 2201 quidem
2353 2130 2418 2184 ad
2471 2127 2776 2183 manufacta
2817 2124 3030 2193 templa,
3086 2125 3244 2192 paulo
3291 2132 3412 2193 post
3463 2132 3640 2177 autem

2082 2223 2147 2275 ad
2182 2235 2471 2289 supernam
2514 2219 2835 2286 Jerusalem,
2879 2230 3040 2291 atque
3067 2222 3155 2275 illa
3192 2220 3388 2275 Sancta
3428 2230 3640 2275 sancto-

2078 2326 2221 2375 rum,
2274 2327 2391 2380 qum
2429 2328 2786 2367 atrumnarum
2825 2314 2984 2381 hujus
3023 2314 3145 2367 vita:
3179 2314 3640 2382 contentionisque

2077 2404 2240 2456 animi
2279 2404 2437 2457 linem
2474 2418 2592 2459 esse
2628 2404 2760 2467 scio,
2811 2405 2898 2467 iis,
2932 2404 3021 2471 qui
3060 2413 3263 2457 rectum
3302 2403 3404 2457 iter
3432 2411 3633 2458 tenent.

2074 2489 2187 2555 Quo
2218 2490 2268 2543 in
2302 2506 2520 2546 numero
2556 2508 2650 2547 vos
2687 2506 2897 2561 quoque
2944 2492 3095 2556 estis,
3133 2491 3305 2544 vocati
3385 2492 3635 2557 sancti",

2070 2580 2296 2649 populus
2320 2582 2571 2646 eximius,
2595 2583 2770 2652 regale
2788 2580 3214 2645 sacerdotium”,
3237 2579 3503 2634 funiculus
3543 2580 3640 2634 Do-

390 2662 532 2716 mini
590 2664 933 2729 fortissimus,
980 2680 1009 2719 a
1041 2676 1186 2735 gutta
1231 2666 1421 2721 ﬂuvius
1471 2666 1700 2737 integer,
1744 2684 1773 2723 a
1808 2668 2037 2725 scintilla
2073 2662 2282 2727 ﬂamma
2324 2672 2589 2739 sublimis,
2628 2682 2681 2727 et
2746 2674 2798 2727 itt
2859 2671 3053 2727 malum
3117 2671 3366 2735 tendens,
3418 2688 3445 2725 a
3498 2673 3641 2727 sina-

390 2755 485 2823 pis
545 2770 716 2824 grano
748 2757 906 2811 arbor
930 2757 998 2823 τί,
1028 2758 1209 2811 avium
1243 2758 1468 2827 requies.

465 2848 529 2899 ι’.
569 2846 803 2909 Τούτους
859 2846 1272 2919 δωροφοροῧμεν
1331 2850 1477 2920 ὑμῖν,
1514 2842 1557 2903 ὧ
1602 2852 1744 2919 φίλοι
1790 2853 1980 2923 ποιμέ-

390 2952 486 2999 νες
540 2936 675 3007 (91),
707 2936 930 3000 τούτους
982 2938 1350 3009 προσάγομεν,
1401 2940 1610 3004 τούτοις
1655 2942 1974 3013 δεξιούμεθα

390 3026 528 3088 τοὺς
556 3026 855 3097 ἡμετέρους
881 3027 1087 3095 φίλους,
1117 3030 1210 3082 καὶ
1242 3030 1442 3095 ξένους,
1468 3033 1558 3083 καὶ
1585 3034 1970 3104 συνεκδήμους.

396 3114 624 3168 Τούτων
673 3115 822 3168 οὐδὲν
872 3116 1092 3171 κάλλιον
1160 3126 1545 3189 προσενεγκεῖν
1593 3123 1808 3193 εἴχομεν
1859 3123 1969 3193 (92)

2158 2855 2226 2910 Χ.
2268 2854 2377 2910 [los
2408 2854 2556 2909 vobis
2587 2854 2867 2924 largimur,
2897 2856 3044 2909 ehari
3081 2862 3341 2924 pastores,
3384 2866 3481 2907 nos
3510 2850 3641 2906 olle-7‘

2086 2950 2271 3015 rimus,
2320 2948 2402 3002 his
2444 2948 2645 3002 amicos
2668 2956 2878 3003 nostros
2900 2956 2953 3001 et
2986 2948 3217 3016 hospites
3244 2960 3306 2999 ac
3331 2943 3642 3013 peregrina-

2082 3041 2239 3095 tionis
2280 3040 2455 3094 socios
2476 3039 2795 3109 excipimus.
2838 3040 2931 3093 His
2963 3040 3095 3093 nihil
3126 3036 3399 3107 pulchrius
3428 3045 3481 3089 et
3520 3034 3639 3087 illu-

2077 3131 2241 3186 strius
2300 3131 2579 3196 habemus,
2623 3130 2765 3200 quod
2815 3128 2967 3185 vobis
3016 3126 3336 3189 offeramus,
3390 3137 3513 3177 cum
3564 3123 3636 3187 id,

396 3205 556 3277 ὑμῖν,
587 3206 707 3259 οὐδὲ
729 3206 1124 3279 λαμπρότερον,
1156 3202 1229 3263 ὧν
1264 3209 1456 3280 ἔχομεν
1483 3212 1543 3263 τὸ
1575 3212 1758 3281 μεῖζον
1788 3211 1972 3282 ἐπιζη-

2076 3221 2294 3292 quodin
2337 3222 2490 3276 bonis
2559 3220 2759 3275 nostris
2786 3216 3282 3287 praestantissimum
3317 3222 3418 3279 est,
3448 3212 3639 3280 exqui-

396 3298 668 3368 τήσαντες
693 3313 705 3325 ·
748 3298 814 3350 ἵν’
842 3299 1022 3369 εἰδῆτε
1050 3301 1144 3353 κα).
1176 3299 1359 3365 ξένους
1387 3301 1542 3364 ὄντας
1576 3304 1724 3371 ἡμᾶς
1758 3302 1851 3355 καὶ
1875 3303 1972 3355 οὐκ

396 3389 604 3451 ἐνδεεῖς
624 3406 636 3418 ·
676 3388 810 3442 ἀλλὰ
830 3391 1077 3460 πτωχοὺς
1108 3391 1226 3461 μὲν,
1250 3390 1472 3454 πολλοὺς
1489 3392 1543 3445 δὲ
1568 3391 1969 3456 πλουτίζοντας.

398 3479 590 3533 Ταῦτα
615 3480 661 3531 εί
694 3480 790 3549 μὲν
822 3480 991 3550 μικρὰ
1017 3484 1111 3534 καὶ
1138 3481 1347 3544 οὐδενὸς
1368 3481 1491 3545 ἄξια
1506 3481 1662 3549 λόγου
1696 3482 1827 3551 (95),
1859 3500 1975 3535 πει-

399 3568 608 3640 σθῆναι,
629 3568 906 3639 βούλομαι,
936 3570 1055 3623 τίνα
1087 3571 1154 3623 τὰ
1188 3570 1356 3641 μείζω
1380 3572 1472 3624 καὶ
1501 3571 1659 3638 λόγου
1709 3571 1972 3635 πλείονος.

402 3662 470 3714 El
502 3661 613 3733 γὰρ
637 3663 696 3715 τὸ
729 3662 883 3716 πόλιν
912 3663 1011 3733 τῆς
1048 3664 1373 3734 οἰκουμένης
1415 3663 1710 3739 ὀφθαλμὸν,
1751 3664 1851 3733 γῆς
1882 3664 1974 3717 καὶ

400 3755 681 3826 θαλάσσης
709 3758 789 3810 ὅτι
828 3758 1137 3828 κράτιστον,
1176 3758 1315 3828 ἑῴας
1359 3775 1416 3810 τε
1458 3759 1550 3811 καὶ
1591 3758 1845 3828 ἑσπερίου
1876 3756 1972 3827 λή-

403 3848 540 3913 ξεως
571 3844 680 3902 οἷον
702 3849 1015 3919 σύνδεσμον,
1046 3852 1125 3913 είς
1144 3850 1210 3920 ἣν
1238 3850 1307 3902 τὰ
1330 3848 1667 3919 πανταχόθεν
1691 3848 1834 3921 ἄκρα
1861 3864 1973 3900 συν-

402 3937 607 4007 τρέχει,
633 3938 723 3989 κα).
745 3938 863 3991 ὅθεν
897 3939 1143 4009 ἄρχεται,
1193 3939 1266 4001 ὼς
1301 3940 1410 3992 ἀπὸ
1441 3939 1550 4009 (94)
1576 3940 1836 4008 ἐμπορίου
1865 3955 1974 3990 κοιο

401 4025 497 4077 νοῦ
524 4026 623 4095 τῆς
655 4026 888 4089 πίστεως
912 4041 926 4057 ο
958 4029 1007 4078 εί
1037 4028 1095 4079 τὸ
1127 4026 1327 4096 ταύτην
1367 4027 1615 4097 στηρίξαι
1638 4044 1697 4079 τε
1728 4027 1821 4077 καὶ
1856 4025 1995 4095 σῦετ

401 4115 572 4170 νῶσαι
605 4116 717 4186 (95)
754 4120 863 4180 τοῖς
909 4117 1207 4185 ὑγιαίνουσι
1235 4118 1431 4187 λόγοις,
1468 4118 1576 4172 τῶν
1605 4118 1666 4171 οὐ
1700 4118 1969 4188 μεγάλων,

403 4210 500 4262 καὶ
528 4198 720 4271 ταῦτα,
751 4209 1036 4271 τοσαύταις
1060 4208 1383 4280 δονουμένην
1404 4208 1694 4278 γλώσσαις,
1718 4211 1810 4264 καὶ
1834 4209 1972 4262 οὕτω

405 4299 762 4368 πανταχόθεν,
816 4300 975 4372 σχολῇ
1022 4302 1073 4367 γ’
1106 4301 1172 4354 ἂν
1204 4299 1330 4354 ἄλλο
1377 4317 1430 4354 τι
1474 4300 1669 4370 φανείη
1705 4302 1845 4371 μέγα
1880 4299 1971 4353 καὶ

407 4389 645 4459 σπουδῆς
670 4391 836 4454 ἄξιον.
872 4392 933 4443 El
964 4392 1019 4444 δὲ
1052 4390 1159 4444 τῶν
1195 4389 1598 4459 ἐπαινουμένων
1621 4389 1730 4459 (96)
1756 4388 1892 4458 (δότε
1920 4406 1971 4442 τι

404 4482 496 4537 καὶ
522 4485 656 4555 ἡμῖν
688 4484 785 4554 τῆς
821 4484 912 4537 ἐπὶ
932 4485 1141 4546 τούτοις
1178 4482 1533 4553 φιλοτιμίας),
1568 4481 1660 4534 καὶ⁹
1690 4481 1844 4534 αὐτοὶ
1876 4497 1971 4550 με-

406 4574 528 4646 ρίδα
550 4576 672 4630 τινὰ
694 4578 803 4640 τοῖς
829 4574 1125 4647 ὁρωμένοις
1148 4573 1355 4637 τούτοις
1385 4572 1897 4643 συνεισηνέγκαμεν.

475 4774 520 4807 ⁸⁸
557 4773 682 4830 Ose.
728 4789 802 4840 tv,
835 4774 887 4832 6.
965 4775 1009 4806 “
1039 4773 1139 4829 lsa.
1178 4772 1411 4836 tht,10.
1492 4772 1533 4803 ⁸⁷
1566 4771 1729 4839 Apoc.
1772 4772 1907 4832 11.1.

404 4845 454 4899 9.
532 4846 576 4876 ⁷³
608 4845 795 4900 Matth.
834 4860 974 4915 _x1tt,
1028 4846 1115 4899 3i.
1228 4845 1271 4875 ⁷³
1311 4840 1352 4895 ll
1374 4842 1500 4898 Cor.
1524 4854 1602 4907 vt,
1645 4841 1725 4896 10.

500 5022 591 5086 85)
620 5024 721 5087 Ἐξ
744 5023 1119 5091 ἐλεουμένου.
1136 5022 1193 5077 In
1218 5022 1556 5093 quihusdam,
1588 5020 1964 5093 ἐξηλεημένου.

502 5094 590 5164 86)
628 5095 717 5160 Ὡς
772 5093 1066 5161 Ἰωάννης.
1126 5092 1331 5163 Angeli,
1386 5094 1452 5147 de
1504 5092 1695 5162 quibus
1737 5092 1968 5159 loquitur

409 5161 663 5229 Joannes,
690 5174 815 5217 sunt
838 5164 1091 5230 episcopi.

478 5232 589 5302 (87)
635 5233 765 5286 Νῦν
778 5229 1033 5302 ﬁdei-ext,
1061 5229 1347 5302 ete.:l‘unc
1378 5230 1606 5295 scilicet,
1632 5230 1700 5285 ob
1729 5230 1965 5302 edictum

400 5317 438 5354 ει
468 5298 854 5357 Theodosiolo
885 5299 1122 5355 Januarii
1153 5300 1249 5353 581
1306 5301 1721 5369 promulgatum,
1768 5298 1965 5355 Catho—

410 5372 519 5432 lici,
543 5372 711 5439 pulsis
738 5371 1024 5434 haereticis,
1066 5370 1329 5424 Ecclesias
1366 5371 1719 5439 occupabant.

479 5437 590 5512 (88)
636 5441 986 5509 Σχοίνισμα,
1024 5449 1127 5493 etc.
1173 5456 1191 5486 ι
1224 5437 1514 5512 Funieulus
1552 5437 1972 5512 Domini‘fortisf

407 5508 596 5573 simus,
636 5529 653 5559 ι
708 5512 757 5563 id
791 5519 893 5571 est,
942 5526 961 5560 ι
1000 5523 1144 5577 pars,
1190 5526 1208 5559 ›
1244 5525 1334 5564 seu
1395 5525 1412 5559 ι
1452 5509 1732 5562 haeredin
1764 5508 1969 5562 Domini

408 5579 863 5648 praestantissima.
902 5597 920 5630 ι

479 5649 590 5716 (89)
626 5649 876 5716 Λαμπάς
899 5648 1189 5717 οὐράνιος.
1236 5646 1449 5703 Nicetas
1495 5646 1734 5716 exponit,
1765 5645 1970 5717 πυρσὸς

412 5716 584 5786 μέγας
632 5719 724 5770 καὶ
771 5716 975 5789 ἀέριος,
1011 5738 1029 5772 ‹
1077 5718 1289 5775 llantnta
1340 5719 1524 5788 ingens
1557 5730 1778 5773 accensa
1805 5716 1857 5773 et
1911 5717 1968 5771 in

412 5802 586 5843 aerem
613 5786 844 5843 sublata.
884 5806 902 5840 ι

408 5802 586 5843 aerem
613 5796 844 5844 sublata.
884 5806 902 5840 ι

2077 3314 2352 3368 siissemus
2387 3330 2401 3378 ;
2441 3322 2498 3365 ut
2540 3310 2891 3379 intelligatis,
2946 3322 3064 3372 nos,
3112 3306 3235 3361 licet
3277 3313 3534 3359 externos
3578 3318 3640 3355 ac

2074 3402 2405 3472 peregrinos,
2449 3401 2625 3470 inopia
2660 3412 2835 3455 tamen
2870 3398 3087 3452 minime
3128 3395 3410 3458 laborare;
3452 3406 3639 3446 verum

2074 3505 2336 3560 pauperes
2385 3490 2599 3558 quidem
2650 3504 2789 3555 esse,
2836 3489 2929 3543 sed
2972 3485 3167 3541 multos
3219 3483 3635 3553 locupletare”.

2075 3574 2202 3641 Qum
2262 3575 2305 3630 si
2364 3588 2529 3643 parva
2590 3575 2842 3645 nulloque
2897 3575 2948 3628 in
3000 3573 3174 3644 pretio
3222 3571 3462 3627 habenda
3492 3578 3635 3635 sunt,

2074 3663 2260 3719 lubens
2304 3679 2433 3719 sane
2476 3664 2737 3719 audierim
2770 3679 3013 3733 quasnam
3057 3664 3260 3730 majora
3306 3661 3433 3725 sint,
3477 3669 3639 3728 atque
3751 3714 3765 3721 ,

2074 3754 2351 3824 amplioris
2397 3755 2575 3824 pretii.
2634 3754 2866 3821 Etenim,
2924 3756 2970 3810 si
3016 3754 3310 3817 civitatem,
3338 3753 3482 3809 orbis
3516 3767 3639 3807 ocu-

2074 3846 2205 3911 lum,
2237 3856 2378 3901 terra
2407 3848 2651 3917 marique
2678 3847 3126 3919 potentissimam,
3173 3845 3449 3902 orientalis
3476 3853 3638 3913 atque

2073 3938 2311 3994 occiduae
2352 3953 2462 3995 orae
2498 3940 2645 3994 velut
2695 3939 2893 3994 nodum
2923 3948 2975 3993 et
3009 3938 3301 4000 vinculum,
3352 3937 3419 3991 ad
3465 3950 3632 4005 quain

2073 4030 2298 4084 extremi
2348 4031 2512 4086 totius
2571 4041 2729 4085 term
2779 4030 2913 4086 lines
2963 4039 3323 4094 concurrunt,
3374 4036 3476 4083 eta
3506 4041 3633 4096 qua,

2075 4119 2217 4174 velut
2246 4135 2274 4174 a
2304 4120 2571 4175 communi
2600 4118 2725 4175 ﬁdei
2757 4120 3017 4188 emporio,
3054 4120 3349 4188 incipiunt;
3399 4118 3443 4171 si
3475 4117 3633 4178 hanc,

2076 4206 2315 4276 inquam,
2373 4207 2646 4262 civitatem
2679 4206 2961 4262 salutifera
3004 4207 3247 4262 doctrina
3287 4204 3523 4260 fulciisse
3572 4216 3637 4257 ac

2076 4299 2317 4353 lirmasse
2344 4299 2484 4353 haud
2508 4313 2755 4367 magnum
2781 4306 2937 4368 atque
2963 4298 3193 4367 amplum
3220 4295 3424 4352 censeri
3453 4293 3633 4357 debet,

2076 4390 2233 4459 idque
2269 4404 2390 4443 cum
2429 4397 2506 4441 tot
2549 4387 2748 4457 linguis
2794 4388 2944 4442 omni
2989 4401 3053 4441 ex
3106 4396 3256 4456 parte
3310 4386 3625 4454 agitaretur,

2074 4482 2158 4533 vix
2181 4487 2324 4533 certe
2349 4477 2487 4530 aliud
2509 4478 2801 4546 quidquam
2831 4490 3078 4546 magnum
3113 4489 3175 4529 ac
3205 4474 3382 4529 studio
3412 4473 3632 4542 dignum

2004 4566 2047 4623 D
2078 4568 2244 4623 videri
2289 4568 2506 4638 poterit.
2561 4565 2620 4622 Si
2644 4576 2836 4637 autem
2886 4565 3204 4636 praeclarum
3252 4579 3315 4619 ac
3366 4561 3635 4618 laudabile

1999 4772 2041 4803 ⁸⁸
2076 4769 2174 4824 lsa.
2219 4780 2343 4831 uti,
2385 4765 2470 4831 10;
2503 4779 2633 4834 Lvn,
2662 4767 2744 4822 14.
2822 4766 2863 4799 ⁶⁰
2896 4765 3029 4822 Rom
3076 4764 3195 4820 t.6.
3269 4763 3357 4817 ⁷⁰Ι
3390 4761 3536 4819 Petr.
3572 4777 3632 4828 tt,

2141 5016 2251 5085 (90)
2291 5017 2552 5079 Νάπυος.
2599 5013 2730 5085 Ιξθς.
2758 5012 2827 5083 ph
2855 5011 3030 5085 _et__Or.
3054 5011 3417 5085 2,_awo't1tuoc.

2142 5082 2248 5157 (91)
2272 5088 2573 5157 Ποιμένες.
2603 5082 2836 5138 Gabr.et
2855 5082 2973 5136 Bill.
3021 5082 3243 5148 addunt,
3275 5083 3369 5134 καὶ
3403 5096 3631 5151 συμποι-

2074 5155 2251 5227 μένες,
2284 5174 2302 5206 ι
2339 5166 2393 5227 et
2424 5155 2657 5227 collegm.
2696 5170 2715 5202 ι

2074 5218 2087 5227 ’
2140 5218 2251 5295 (92)
2294 5218 2586 5293 Εῖχομενῖ
2604 5221 2695 5275 Sic
2727 5232 2835 5278 tres
2883 5221 3073 5292 Regg.,
3125 5229 3351 5290 quatuor
3395 5218 3545 5274 Colb.
3576 5228 3632 5274 et

2071 5294 2164 5351 Or.
2191 5296 2245 5349 2.
2273 5293 2328 5347 In
2354 5296 2462 5351 ed.,
2505 5292 2718 5351 ἔχομεν.

2120 5312 2164 5349 r.
2191 5296 2245 5349 2.
2273 5296 2328 5347 In
2354 5296 2462 5356 ed.,
2505 5296 2718 5356 ἔχομεν.

2140 5312 2164 5346 ι.
2191 5308 2245 5349 2.
2273 5308 2328 5347 ιιι
2354 5308 2462 5356 eu.,
2505 5308 2718 5360 εχομεν.

2140 5364 2251 5433 (95)
2276 5361 2572 5433 κούδενὸς
2614 5358 2753 5423 ἀξια
2807 5362 3011 5430 λόγου.
3050 5357 3140 5414 Sic
3191 5358 3428 5427 plerique
3468 5357 3625 5413 codd.

2077 5431 2239 5489 Deest
2256 5431 2380 5494 ἄξια
2404 5432 2455 5484 in
2481 5434 2544 5484 ed

2145 5503 2255 5573 (οι)
2291 5502 2382 5566 Ὡς
2407 5501 2546 5573 ἀίτό.
2582 5497 2969 5573 Sic_Reg._bm.
3014 5498 3173 5573 Deest
3203 5495 3388 5573 diudiu
3418 5510 3502 5551 eu.

2143 5566 2251 5641 (95)
2293 5570 2611 5641 Σθενῶο-αι.
2668 5566 3001 5641 Βιιοᾮυιὺη
3049 5567 3235 5630 Gabr.,
3269 5566 3462 5635 aliique
3497 5579 3630 5621 non-

2072 5638 2638 5709 ηυΙΙίίὲνδυναμῶσαι,
2663 5656 2696 5709 Δί
2725 5638 3076 5709 confortasse.
3118 5654 3135 5687 ι

2139 5702 2251 5779 (96)
2322 5702 2816 5779 Ἐπὰινουμένων.
2858 5707 3007 5779 ΔΙὶεε.
3066 5707 3174 5773 bm,
3226 5703 3316 5761 ΟΡ.
3360 5702 3624 5772 l,Gabr.,

2067 5775 2252 5836 Coinb.
2293 5782 2509 5848 addunt,
2544 5775 2635 5833 καὶ
2660 5775 2996 5847 τιμωμένων.
