4050 6298
323 353 526 424 χὰτὶ

1599 350 1659 407 S.
1700 352 2031 409 GREGORII
2071 352 2414 410 TllEOLOGI

3465 413 3472 420 _
3545 355 3654 410 472

388 466 810 525 existimandum
839 477 922 524 est
963 467 1145 538 (liceat
1176 467 1306 523 mihi
1375 481 1590 538 quemue
1651 483 1750 539 per
1782 485 1878 525 vos
1918 472 2162 527 nonnihil
2230 474 2334 528 hoc
2415 469 2632 526 nomine
2685 467 2951 540 gloriari),
2999 466 3236 538 aliquam
3282 466 3382 537 ipsi
3438 483 3660 540 quoque

385 568 596 634 partem
628 560 736 627 his,
765 575 886 631 quae
910 560 1124 626 videtis,
1150 559 1494 618 contulimus.

460 653 553 708 XI.
596 652 744 712 Tolle
796 667 894 722 per
940 651 1231 706 circuitum
1281 651 1468 708 oculos
1514 661 1656 717 tuos,
1717 651 1881 724 756
1907 660 1962 706 et

2135 649 2238 704 IA'.
2268 645 2438 720 τΛρον
2467 645 2654 716 κύκλῳ
2710 643 2839 707 τούς
2869 643 3182 715 ὀφθαλμούς
3213 660 3330 708 σου,
3389 645 3484 698 καὶ
3532 645 3607 699 ἴδε
3635 688 3654 715 ,

388 744 532 810 vide,
580 743 824 812 quisquis
873 755 956 809 es,
993 742 1086 812 qui
1115 741 1380 798 doctrinae
1434 752 1633 798 nostra:
1685 759 1968 799 censuram

389 833 546 888 facis.
586 831 718 888 Vide
751 841 947 886 textam
983 832 1124 886 hanc
1145 832 1335 902 gloriae
1366 847 1646 898 coronam,
1697 850 1796 902 pro
1829 850 1971 890 mer.

389 923 624 981 cenariis
679 924 958 993 Ephraim,
996 932 1054 979 et
1097 939 1298 981 corona
1337 927 1782 981 contumeliae".
1837 925 1969 982 Vide

391 1014 834 1085 presbyterorum
874 1015 1192 1081 concilium,
1243 1018 1447 1072 canitie
1479 1026 1535 1073 et
1573 1018 1852 1088 prudentia
1879 1034 1969 1074 or.

391 1112 664 1168 natorum,
717 1104 1075 1160 diaconorum
1135 1106 1482 1173 modestiam,
1534 1123 1638 1162 non
1679 1107 1866 1177 procul
1905 1108 1971 1162 ab

390 1197 578 1250 eodem
609 1195 816 1266 Spiritu
844 1207 1204 1264 remotorum,
1232 1198 1495 1254 lectorum
1524 1200 1970 1266 concinnitatem,

389 1286 566 1355 plebis
599 1288 838 1342 discendi
882 1289 1143 1357 studium,
1180 1297 1287 1344 tam
1325 1290 1376 1344 in
1413 1291 1566 1356 viris,
1603 1307 1764 1360 quam
1799 1293 1851 1346 in
1881 1290 1964 1345 fe-

391 1379 577 1444 minis,
609 1379 826 1434 virtutis
855 1381 1062 1438 honore
1101 1383 1321 1451 paribus
1347 1402 1362 1444 ξ
1387 1399 1451 1439 ac
1485 1398 1672 1438 rursus
1705 1383 1968 1450 virorum,

395 1482 504 1526 tam
538 1472 593 1526 in
623 1471 977 1542 philosophis,
1021 1489 1179 1544 quam
1228 1475 1283 1529 in
1327 1474 1766 1543 simplicioribus,
1798 1475 1974 1530 omni-

391 1563 494 1624 bus
527 1563 834 1619 divinarum
869 1579 1049 1620 rerum
1109 1565 1374 1635 sapientia
1427 1565 1698 1634 praeditis;
1762 1575 1870 1620 tam
1919 1566 1970 1620 in

398 1651 694 1727 praefectis,
739 1671 899 1725 quam
937 1657 989 1710 in
1019 1657 1270 1721 subditis,
1301 1657 1392 1712 hic
1422 1657 1677 1722 videlicet
1721 1658 1974 1712 omnibus

395 1753 547 1802 recte
574 1745 867 1813 subjectis;
911 1755 1020 1800 tam
1071 1747 1122 1801 in
1163 1746 1443 1814 militibus,
1474 1762 1635 1818 quam
1661 1748 1735 1802 .in
1776 1749 1972 1802 nobili-

392 1835 516 1903 bus,
549 1851 613 1890 ac
642 1838 901 1894 studiosis
942 1847 994 1892 et
1039 1838 1318 1904 litteratis,
1362 1838 1616 1893 omnibus
1654 1839 1746 1894 Dei
1789 1839 1976 1893 militi-

392 1930 516 1993 bus,
545 1938 744 1983 caetera
768 1929 982 1996 quidem
1017 1929 1247 1998 placidis
1275 1938 1332 1985 et
1363 1929 1686 1997 mansuetis,
1723 1945 1820 1999 pro
1855 1929 1974 1999 Spi-

2073 745 2182 807 πᾶς
2203 744 2230 795 ὁ
2250 742 2357 796 τῶν
2383 739 2536 811 ἐμῶν
2563 739 2738 806 λόγων
2777 736 3095 808 ἐξεταστὴς.
3134 737 3238 789 Ἴδε
3270 737 3360 789 τὸν
3391 739 3657 806 στέφανον

2069 833 2162 886 τὸν
2181 830 2456 885 πλακέντα
2471 828 2572 898 τῆς
2592 826 2772 896 δόξης,
2795 825 2918 877 ἀντὶ
2932 823 3040 876 τῶν
3065 822 3351 894 μισθωτῶν
3390 824 3654 895 Ἐφραῗμ,

2071 925 2164 980 καὶ
2188 922 2280 976 τοῦ
2324 921 2588 990 στεφάνου
2617 919 2729 988 (97)
2755 917 2856 988 τῆς
2877 915 3109 990 ὕϐρεως.
3135 914 3240 969 Ἴδε
3265 915 3656 986 πρεσϐυτέρων

2074 1015 2372 1087 συνέδριον,
2402 1013 2564 1084 πολιᾷ
2591 1011 2686 1065 καὶ
2725 1009 2937 1064 συνέσει
2970 1008 3351 1078 τετιμημένων
3383 1006 3516 1078 (98),
3535 1008 3660 1060 δια-

2071 1109 2244 1162 κόνων
2293 1105 2570 1171 εὐταξίαν,
2621 1102 2683 1156 οὐ
2733 1101 2925 1174 πόρρω
2961 1098 3056 1152 τοῦ
3089 1097 3256 1152 αὐτοῦ
3291 1099 3610 1169 Πνεύματος
3635 1139 3652 1163 ,

2073 1195 2436 1266 ἀναγνωστῶν
2489 1192 2810 1262 εὐκοσμίαν,
2843 1188 2972 1243 λαοῦ
3027 1188 3407 1260 φιλομάθειαν,
3441 1190 3564 1242 ὅσον
3597 1191 3656 1242 ἐν

2072 1289 2350 1361 ἀνδράσιν,
2377 1288 2502 1340 ὅσον
2527 1287 2585 1343 ἐν
2614 1283 2852 1354 γυναιξὶ,
2881 1281 2980 1354 τὴν
3003 1280 3201 1354 ἀρετὴν
3225 1281 3538 1352 ὁμοτίμοιςο
3561 1281 3656 1334 καὶ

2072 1380 2308 1454 ἀνδρῶν,
2345 1381 2469 1434 ὅσον
2512 1380 2572 1432 ἐν
2625 1376 2959 1446 φιλοσόφοις,
2984 1374 3109 1428 ὅσον
3149 1376 3206 1426 ἐν
3238 1373 3653 1444 ἁπλουστέροις,

2075 1476 2210 1528 πᾶσι
2239 1474 2423 1542 σοφοῖς
2447 1470 2516 1523 τὰ
2545 1468 2664 1522 θεῖα
2692 1484 2706 1498 ο
2754 1468 2877 1520 ὅσον
2905 1467 2962 1518 ἐν
3003 1464 3281 1536 ἄρχουσιν,
3313 1465 3438 1518 ὅσον
3467 1466 3525 1518 ἐν
3552 1465 3654 1536 ἀρ-

2074 1564 2345 1637 χομένοις,
2385 1560 2621 1616 ἐνταῦθα
2657 1562 2792 1614 πᾶσι
2835 1557 3016 1620 καλῶς
3057 1555 3376 1628 ἀρχομένοις
3399 1573 3412 1588 ·
3443 1557 3566 1614 ὅσον
3596 1556 3657 1608 ἐν
3729 1599 3734 1610 .

2076 1653 2455 1728 στρατιώταις,
2511 1653 2635 1706 ὅσον
2665 1654 2722 1706 ἐν
2757 1648 3057 1719 εὐγενέσιν,
3084 1647 3206 1701 ὅσον
3247 1650 3304 1701 ἐν
3348 1647 3527 1717 λόγοις
3560 1648 3656 1702 καὶ¹

2074 1745 2206 1815 περὶ
2256 1743 2449 1812 λόγους
2479 1782 2495 1808 ,
2561 1743 2694 1796 πᾶσι
2757 1741 2892 1796 Θεοῦ
2957 1740 3317 1815 στρατιώταις
3347 1779 3362 1802 ,
3428 1739 3657 1810 ἡμέροις

2073 1835 2242 1889 τᾶλλα
2273 1834 2407 1904 (99),
2444 1833 2762 1904 πολεμικοῖς
2807 1833 2948 1906 ὑπὲρ
2984 1833 3299 1898 Πνεύματος
3351 1830 3466 1901 (1),
3519 1831 3656 1882 πᾶσι

2075 1925 2174 1998 τὴν
2208 1925 2320 1979 ἄνω
2347 1923 2552 1994 τιμῶσι
2597 1923 2900 1994 σύγκλητον
2936 1925 3039 1993 (είς
3088 1923 3154 1994 ἦν
3202 1923 3264 1976 οὐ
3309 1921 3370 1974 τὸ
3423 1919 3658 1990 γράμμα

393 2019 505 2079 ritu
539 2027 716 2075 autem
743 2020 1034 2088 bellicosis,
1062 2020 1316 2076 omnibus
1340 2019 1677 2090 superiorem
1711 2029 1964 2074 senatum

2079 2011 2282 2088 εἰσάγει
2310 2017 2371 2072 τὸ
2399 2017 2585 2082 πεζὸν,
2612 2016 2748 2076 ἀλλὰ
2776 2017 2837 2068 τὸ
2869 2016 3162 2081 ζωοποιοῦν
3190 2013 3457 2085 Πνεῦμα),
3484 2014 3657 2066 ἅπασι

393 2108 600 2173 honore
635 2109 991 2165 aﬂicientibus
1032 2110 1121 2182 (ad
1158 2125 1316 2180 quem
1362 2125 1470 2165 non
1517 2109 1640 2165 vilis
1674 2119 1729 2164 et
1763 2109 1968 2178 abjecta

393 2199 593 2266 littera,
623 2201 716 2256 scd
751 2201 1032 2260 viviﬁcans
1063 2201 1296 2272 Spiritus
1326 2202 1528 2255 aditum
1552 2201 1769 2271 aperit),
1805 2201 1975 2255 omni-

393 2291 496 2350 bus
539 2307 664 2346 vere
702 2293 877 2349 doctis
911 2303 965 2350 ct
993 2293 1252 2359 eruditis,
1304 2307 1368 2348 ac
1425 2291 1584 2346 Verbi
1632 2291 1968 2362 cultoribus;

393 2389 505 2439 tum
557 2383 721 2436 etiam
771 2381 1024 2446 feminis,
1085 2391 1192 2436 tam
1227 2397 1348 2452 qua!
1385 2382 1438 2436 in
1482 2383 1813 2437 matrimonii
1843 2385 1972 2454 jugo

395 2469 509 2530 Deo
547 2473 720 2543 magis
764 2488 926 2542 quam
959 2473 1110 2527 carni
1161 2473 1400 2528 astrictae
1450 2483 1594 2536 sunt,
1641 2489 1802 2543 quam
1854 2490 1974 2544 quae

395 2561 707 2634 nuptiarum
750 2571 1004 2632 expertes
1044 2573 1100 2618 et
1149 2561 1348 2628 liberae,
1381 2563 1490 2618 Deo
1517 2579 1613 2618 sua
1637 2564 1820 2619 omnia
1842 2579 1973 2620 con-

380 2663 713 2722 secrarunt;
757 2667 822 2708 ac
869 2654 1101 2724 denique
1149 2667 1256 2710 tam
1290 2657 1341 2710 in
1366 2655 1678 2725 juvenibus,
1713 2669 1874 2724 quam
1916 2656 1970 2710 in

2076 2109 2275 2178 λογίοις
2304 2109 2380 2172 ὠς
2413 2107 2648 2178 ἀληθῶς,
2684 2109 2778 2162 καὶ
2826 2106 2920 2161 τοῦ
2964 2109 3136 2171 ὅντως
3167 2108 3340 2174 Λόγου
3385 2105 3656 2176 θεραπευ-

2075 2201 2196 2262 ταῖς
2217 2215 2229 2230 ο
2265 2198 2359 2251 καὶ
2389 2197 2686 2264 γυναικῶν,
2729 2197 2852 2249 ὅσον
2879 2197 2984 2252 ὑπὸ
3015 2197 3199 2264 ζυγὸν,
3246 2193 3366 2264 Θεῷ
3391 2193 3595 2274 μᾶλλον
3622 2192 3659 2264 ἦ

2045 2355 2057 2368 ο
2078 2288 2243 2359 σαρκὶ
2276 2287 2658 2357 συνδεδεμένον
2689 2286 2788 2356 (2),
2822 2288 2945 2340 ὅσον
2979 2287 3179 2356 ἄζυγον
3221 2288 3315 2340 καὶ
3349 2284 3652 2356 ἐλεύθερον,

2076 2381 2278 2451 Θεῷιτὸ
2306 2382 2414 2433 πᾶν
2445 2380 2848 2452 καθιερωμένον
2867 2397 2883 2413 ο
2907 2381 3030 2435 ὅσον
3059 2383 3116 2433 ἐν
3141 2381 3302 2446 νέοις,
3334 2380 3458 2432 ὅσον
3479 2381 3538 2431 ἐν
3568 2377 3661 2446 γέ-

2083 2488 2288 2548 ρουσιν,
2323 2465 2399 2524 ὧν
2421 2472 2482 2524 τὸ
2511 2472 2609 2542 μὲν
2633 2473 2728 2524 ἐπὶ
2759 2475 2939 2544 γῆρας
2961 2472 3142 2535 καλῶς
3167 2471 3358 2536 ὁδεύει,
3371 2471 3432 2524 τὸ
3451 2471 3508 2524 δὲ
3539 2470 3661 2541 βιά-

2080 2563 2230 2628 ζεται
2264 2565 2444 2633 μεῖναι
2489 2563 2778 2628 ἀθάνατον,
2817 2567 2936 2628 ταῖς
2978 2564 3257 2636 κρείττοσι
3282 2563 3390 2617 τῶν
3429 2564 3662 2617 ἐλπίδων

2079 2655 2560 2726 ἀνακαινούμενον.

397 2743 638 2810 senibus,
665 2759 892 2814 quorum
925 2746 1013 2801 alii
1060 2747 1125 2802 ad
1169 2757 1500 2803 senectutem
1546 2748 1808 2815 praeclare
1881 2747 2219 2818 gradiuntur,
2287 2749 2374 2802 alii
2436 2750 2542 2803 vim
2583 2749 2904 2806 adhibentes
2973 2748 3506 2820 ad.comparandam
3559 2748 3661 2802 im-

397 2839 810 2904 mortalitatem,
856 2855 952 2909 per
986 2837 1238 2894 meliores
1282 2854 1406 2910 spes
1459 2839 1640 2894 animo
1684 2849 1973 2909 conceptas
2010 2834 2360 2898 renovantur.

469 2927 584 2990 XII.
625 2929 800 3000 Hujus
831 2945 1047 2989 coronae
1083 2931 1246 3003 (quod
1277 2932 1487 3002 loquor,
1537 2946 1643 2988 non
1676 2931 1974 2986 secundum

399 3021 686 3082 nominum
739 3022 954 3094 loquor,
1008 3025 1104 3080 sed
1163 3033 1342 3079 tamen
1387 3022 1622 3093 loquar),
1675 3022 1977 3077 textoribus

397 3111 644 3171 nonnihil
686 3111 801 3183 ipse
828 3129 1045 3185 quoque
1090 3113 1406 3183 adjumento
1439 3113 1540 3169 fui.
1578 3112 1778 3167 Ilorum
1815 3113 1968 3182 quis-

397 3204 540 3276 piam
595 3218 903 3260 sermonum
950 3220 1163 3276 quoque
1210 3213 1518 3261 nostrorum
1549 3219 1686 3275 opus
1715 3213 1830 3270 est;
1872 3217 1978 3258 non

395 3311 582 3355 eorum
619 3311 758 3367 quos
813 3306 1014 3354 temere
1061 3297 1412 3368 iactavimus,
1462 3297 1580 3366 sed,
1629 3311 1764 3369 quos
1796 3309 1981 3351 amore

396 3391 663 3462 complexi
723 3405 950 3456 sumus;
1001 3406 1106 3449 nec
1159 3391 1590 3447 meretriciorum
1636 3388 1720 3460 (ut
1757 3388 1979 3460 quidam

399 3497 498 3543 nos
525 3484 880 3556 proscindens
903 3485 1062 3548 dixit,
1089 3485 1270 3549 homo,
1290 3494 1344 3538 et
1368 3497 1638 3546 sermone,
1657 3491 1712 3536 et
1739 3481 1980 3538 moribus

399 3575 767 3646 meretriciis),
800 3591 986 3631 verum
1013 3575 1300 3631 admodum
1323 3577 1484 3630 etiam
1509 3575 1756 3644 gravium
1789 3583 1843 3629 ct
1876 3589 1980 3642 pu-

399 3667 666 3726 dicarum.
722 3667 927 3727 [lorum
981 3667 1257 3738 quispiam
1322 3668 1428 3724 mei
1479 3682 1693 3736 quoque
1744 3666 1980 3737 Spiritus

400 3761 648 3823 letusac
693 3761 896 3816 fructus
928 3769 1032 3827 est,
1073 3760 1524 3829 quemadmodum
1573 3759 1821 3830 Spiritus
1859 3773 1976 3825 cos,

399 3855 494 3928 qui
533 3855 774 3908 animum
822 3867 853 3907 ιι
907 3867 1138 3923 corpore
1183 3853 1547 3919 abduxerunt,
1593 3854 1815 3922 gignere
1852 3866 1983 3907 con.-

400 3947 596 4004 suevit.
646 3943 818 4013 Hujus
875 3946 956 4000 rei
1010 3960 1116 4000 non
1173 3945 1360 4000 dubito
1399 3947 1530 4015 quin
1565 3945 1982 4001 candidissimos

398 4033 644 4110 imosque
669 4047 908 4108 vestrum
953 4047 1117 4094 testes
1159 4038 1445 4094 habiturus
1490 4038 1630 4104 sim,
1681 4047 1774 4091 aut
1814 4037 1977 4092 etiam

399 4140 612 4187 omnes,
646 4127 1088 4198 quandoquidem
1127 4127 1314 4183 labore
1344 4135 1530 4181 nostro
1551 4141 1744 4181 omnes
1773 4126 1976 4181 exculti

2153 2933 2251 2986 IB‘.
2289 2934 2494 2988 Τούτου
2546 2934 2645 2987 τοῦ³
2675 2933 2938 3003 στεφάνου
2975 2932 3037 3004 (δ
3078 2932 3242 3000 λαλῶ,
3277 2932 3339 2986 οὐ
3377 2930 3520 2985 κατὰ
3551 2929 3663 2984 Κύ‹

2085 3042 2201 3097 ριον
2231 3025 2395 3091 λαλῶ,
2420 3025 2640 3098 λαλήσω
2663 3027 2721 3080 δὲ
2737 3025 2909 3096 ὅμως)
2935 3023 3092 3094 κάγώ
3105 3042 3158 3079 τι
3183 3023 3554 3093 συνεϐαλόμην
3585 3023 3660 3093 (3)

2081 3119 2194 3181 τοῖς
2250 3117 2530 3172 πλέκουσι.
2574 3117 2792 3171 Τούτων
2846 3135 2931 3182 τις
2979 3117 3073 3170 καὶ
3127 3115 3237 3169 τῶν
3272 3115 3445 3186 ἐμῶν’
3489 3113 3664 3182 λόγων

2083 3209 2266 3281 ἔργον,
2318 3211 2418 3280 οὐχ
2467 3209 2562 3274 οὓς
2597 3209 2921 3280 ἐρρίψαμεν,
2971 3206 3208 3272 ἁλλόὒς
3253 3207 3658 3278 ἠγαπήσαμεν

2084 3299 2204 3352 οὐδὲ
2226 3299 2336 3353 τῶν
2363 3299 2658 3372 πορνικῶν,
2698 3300 2772 3363 ὣς
2804 3317 2889 3362 τις
2935 3298 3040 3368 ἔφη
3077 3297 3349 3370 διασύρων
3378 3297 3525 3368 ἡμᾶς
3556 3295 3666 3350 τῶν

2085 3391 2300 3463 πύρνων
2324 3391 2418 3448 καὶ
2447 3391 2606 3461 λόγον
2626 3391 2722 3446 καὶ
2749 3391 2967 3462 τρόπον,
3004 3389 3142 3446 ἀλλὰ
3160 3389 3254 3443 καὶ
3290 3387 3409 3442 λίαν
3449 3387 3663 3459 σωφρόη

2084 3498 2211 3536 νων.
2261 3481 2481 3537 Τούτων
2533 3500 2620 3546 τις
2653 3483 2747 3542 καὶ
2776 3482 2870 3536 τοῦ
2898 3482 3032 3550 ἐμοῦ
3057 3481 3377 3554 Πνεύματος
3419 3479 3668 3550 γέννημα

2083 3575 2178 3632 καὶ
2208 3575 2436 3648 καρπὸς,
2467 3575 2544 3639 ὡς
2572 3578 2768 3652 γεννᾷν
2787 3574 2894 3630 οἶδε
2930 3576 3158 3648 Πνεῦμα
3196 3577 3324 3640 τοὺς
3360 3577 3664 3628 ἀπανιστα-

2086 3665 2279 3737 μένους
2312 3665 2559 3737 σώματος
2572 3666 2672 3738 (4).
2695 3669 3152 3740 Μαρτυρήσουσιν
3168 3668 3266 3740 (5),
3281 3664 3340 3722 εὖ
3352 3664 3666 3733 οἷδ’ὄτι,καὶ

2090 3759 2244 3828 ὑμῶν
2267 3761 2315 3813 οἱ
2343 3760 2707 3833 εὐγνώμονες,
2749 3762 2782 3832 ἢ
2829 3763 2921 3816 καὶ
2945 3765 3164 3831 πάντες,
3188 3765 3310 3819 ἐπεὶ
3336 3763 3430 3817 καὶ
3460 3762 3668 3824 πάντας

2091 3850 2516 3923 ἐγεωργήσαμεν
2541 3868 2554 3882 ·
2579 3852 2675 3904 καὶ
2706 3853 2915 3924 μισθὸς,
2943 3854 3253 3925 ήόμολογία
3282 3855 3435 3926 μόνη.
3462 3853 3536 3908 Οὐ
3559 3852 3686 3923 γὰρ·

2089 3941 2218 3996 ἄλλο
2249 3960 2321 4012 τι⁸
2355 3942 2745 4020 ἐπιζητοῦμεν,
2797 3944 2833 4016 ἢ
2886 3947 3232 4019 ἐζητήσαμεν
3264 3947 3359 4018 (6).
3403 3945 3669 4017 Ἀμισθος

2089 4032 2198 4106 γάρ
2241 4035 2274 4102 ἡ
2323 4031 2514 4104 ἀρετὴ,
2553 4033 2640 4086 ἵνα
2669 4037 2766 4088 καὶ
2811 4037 2984 4111 ἁρετὴ
3035 4036 3215 4108 μείνῃ,
3244 4035 3380 4108 πρὸς
3413 4036 3474 4090 τὸ
3505 4034 3668 4089 καλὸν

2091 4125 2251 4194 μόνον
2280 4123 2475 4194 βλέπου
2483 4141 2571 4185 σα.

400 4216 572 4275 estis:
624 4223 678 4269 et
732 4215 1014 4272 Trinitatis
1063 4216 1377 4282 confessio,
1441 4216 1552 4271 sola
1603 4225 1688 4271 est
1746 4231 1976 4283 merces,
2019 4230 2180 4284 quam
2253 4229 2282 4266 a
2361 4215 2516 4268 vobis
2570 4224 2786 4284 expeto.
2837 4217 2952 4272 Non
2997 4219 3140 4274 enim
3184 4219 3326 4275 aliud
3373 4219 3668 4288 quidquam

401 4309 717 4380 querimus,
767 4318 862 4364 aut
901 4310 1268 4382 quaesivimus.
1299 4311 1568 4366 Virtutem
1600 4311 1744 4366 enim
1781 4309 2046 4366 mercedis
2097 4317 2373 4376 expertem
2408 4323 2526 4364 esse
2591 4320 2828 4380 oportet,
2890 4323 2948 4368 ut
3013 4316 3186 4370 virtus
3257 4324 3495 4380 maneat,
3534 4308 3668 4368 nihil

401 4402 507 4461 sibi
534 4409 734 4471 praeter
758 4403 958 4456 bonum
992 4401 1164 4472 ipsum
1195 4416 1520 4472 proponens.

471 4495 614 4557 Xlll.
653 4493 830 4550 Vultis
854 4494 1150 4565 juvenilius
1181 4495 1388 4565 aliquid
1429 4496 1790 4564 adjiciamus?
1820 4492 1974 4549 Vide-

2161 4487 2262 4540 II".
2294 4480 2562 4539 Βούλεσθε
2585 4485 2916 4557 προσθῶμέν
2946 4487 3023 4559 (7)
3054 4506 3105 4542 τι
3133 4489 3228 4543 καὶ
3245 4487 3668 4561 νεανικώτερονὲ

401 4590 544 4649 tisue
594 4589 936 4644 adversarios
988 4588 1197 4659 linguas
1221 4587 1384 4659 757
1413 4587 1782 4650 mitescentes.
1815 4597 1976 4657 atque

399 4697 516 4747 eos,
571 4681 660 4749 qui
710 4680 987 4734 Divinilati
1041 4679 1240 4733 bellum
1293 4679 1628 4743 indixerunt,
1681 4679 1812 4734 nihil
1862 4680 1974 4748 jam

405 4771 683 4828 turbarum
745 4771 900 4825 nobis
949 4771 1324 4824 lacessentes?
1379 4769 1433 4823 Id
1471 4784 1685 4837 quoque
1717 4767 1974 4838 Spiritus,

405 4861 458 4918 id
486 4874 705 4931 quoque
747 4859 1091 4929 agricultura:
1139 4867 1339 4914 nostra:
1387 4871 1491 4914 est.
1533 4857 1646 4912 Non
1677 4861 1822 4914 enim
1859 4859 1977 4914 sine

403 4951 692 5020 disciplina
729 4951 1010 5015 docemus,
1039 4965 1138 5006 nec
1163 4950 1511 5006 adversarios
1538 4950 1884 5006 contumeliis
1923 4963 1979 5006 et

472 5106 648 5166 "lsa.
685 5122 882 5174 xxrttt,
922 5127 975 5166 ι.

475 5283 588 5356 (θξ)
634 5282 743 5356 Τοῦ
781 5281 1102 5356 στεφάνου.
1135 5282 1280 5356 Bas.,
1314 5284 1437 5349 τοὺς
1471 5284 1786 5356 στεφάνους.
1825 5287 1978 5342 Allu-

405 5354 482 5409 dit
515 5355 809 5423 Gregorius
834 5362 898 5425 ad
928 5355 1235 5425 liaecquba
1268 5355 1417 5409 lsnia:
1460 5354 1654 5425 xxvttt,
1699 5358 1724 5412 1
1757 5378 1771 5413 :
1831 5378 1850 5409 ι
1886 5358 1976 5414 Van

405 5437 623 5480 coruum.
645 5423 892 5492 superbia
931 5424 1095 5478 ebriis
1120 5423 1404 5492 Ephraim.
1463 5446 1484 5480 ι

478 5492 590 5562 (98)
648 5496 1069 5578 Τετιμῃμένωιν.
1131 5496 1222 5550 Or.
1277 5494 1312 5548 2
1375 5504 1430 5553 et
1482 5497 1697 5568 Comb.,
1754 5516 1976 5578 τετιμη-

480 5580 588 5630 νον,
637 5574 951 5620 cornatutn.
1000 5584 1021 5616 ι

478 5633 590 5701 (99)
629 5632 848 5692 Talia.
881 5635 935 5690 In
961 5635 1125 5692 Coisl.
1161 5636 1214 5700 l,
1243 5637 1292 5689 τ’
1322 5635 1479 5696 ἄλλα.

595 5705 956 5781 Πχεύέιαῂτοςς
981 5705 1116 5776 Reg.
1140 5706 1248 5781 ἔξω,
1288 5707 1382 5764 τοῦ
1412 5707 1746 5781 Πνεύματος.

479 5772 560 5843 ﬂ)
625 5772 1093 5856 ξυνδεδεμένοι-ἱ
1137 5776 1228 5837 Sic
1280 5780 1526 5842 nonnulli
1548 5772 1718 5841 codd.
1762 5781 1818 5846 lu
1864 5783 1986 5853 ed,

2096 4585 2290 4656 Ὁρᾶτε
2340 4583 2439 4648 τὰς
2490 4584 2739 4650 ἐναντίας
2798 4585 3052 4655 γλώσσας
3111 4583 3532 4656 ήμερουμένας,
3575 4582 3669 4636 καὶ

2084 4680 2210 4744 τούς
2259 4679 2474 4750 θεότητι
2510 4681 2886 4752 πολεμοῦντας
2933 4683 3064 4753 ἡμῖν
3095 4679 3505 4752 ἡσυχάζοντας;
3557 4678 3668 4735 Καὶ

2085 4772 2243 4830 τοῦτο
2289 4771 2386 4824 τοῦ
2417 4773 2756 4844 Πνεύματος,
2808 4775 2902 4828 καὶ
2944 4773 3104 4827 τοῦτο
3134 4775 3233 4843 τῆς
3265 4771 3538 4842 γεωργίας
3569 4770 3669 4838 τῆς

2087 4863 2380 4936 ἡμετέρας.
2417 4866 2490 4919 Οὐ
2512 4864 2626 4938 ’γάρ
2653 4865 2996 4933 ἀπαιδεύτως
3029 4863 3376 4935 παιδεύομεν,
3400 4861 3518 4916 οὐδέ
3549 4865 3668 4924 ταῖς

2088 4954 2278 5034 ῦϐρεσι
2321 4955 2610 5032 βάλλομεν,
2655 4957 2793 5032 ὅπερ
2825 4955 3132 5027 πάσχουσιν
3163 4956 3213 5008 οἱ
3246 4953 3454 5020 πολλοὶ,
3488 4951 3566 5026 μὴ
3590 4951 3666 5026 τῷ

2088 5290 2496 5360 συνδεδεμένων.

2158 5364 2234 5432 (5)
2274 5356 2722 5431 Συνεϐαλόμην.
2754 5361 2990 5424 Τί1·Ιοιη.,
3029 5356 3418 5432 συνελαᾷόμην.

2159 5425 2238 5504 (4)
2265 5425 2658 5504 Σώματοςίιιὶ
2689 5433 3043 5504 αιιίιιιιεροηι,
3060 5425 3454 5504 τοῦ-σώματος.

2159 5493 2799 5573 (5)]ι1ᾰρτυρῆσουσίιν,
2849 5498 2917 5556 εὖ
2957 5498 3109 5555 οἶδα.
3157 5493 3466 5573 δίο’ρίιιτοε
3509 5493 3665 5573 sodli.

2279 5561 2722 5660 μαρτυρήσωσιν.
2739 5561 2808 5660 ¹Ιιί
2849 5573 3091 5660 νιυτίιζιιιδ
3117 5561 3456 5660 clittttl'tlet'sl.
3478 5561 3560 5617 εῦ.

2261 5639 2709 5722 ῌΕζηζήάαμετςε
2738 5643 2790 5696 In
2829 5639 3131 5722 tionmrllis,
3151 5639 3602 5720 ἐπεζητήσαμεν..

2154 5709 2228 5787 (7)
2253 5709 2630 5788 Προσθῶμεὶκ
2668 5713 2795 5784 Reg.
2829 5713 2934 5777 bm,
2965 5709 3209 5784 προσθῶ.
