4050 6298
164 412 263 464 4τῦ

1168 404 1428 462 ORATIO
1468 407 1627 463 XLII.
1670 440 1738 449 -
1777 407 2155 465 SUPREMUM
2199 409 2398 469 VALE.

3322 411 3429 469 471

160 529 292 598 λόγῳ
329 524 661 596 μαχόμενοι,
690 522 802 585 τοῖς
839 521 898 575 δὲ
928 520 1166 591 λέγουσι,
1204 525 1300 577 καὶ
1342 525 1438 596 τὴν
1463 526 1745 580 ἀσθένειαν

1862 528 2110 582 3οηνίι·ἰῖ8
2174 528 2523 593 incessimus,
2574 528 3022 598 quemadmodum
3072 525 3309 597 plerique
3347 535 3428 582 ta-

161 622 298 673 ἔστιν
325 618 421 670 ὅτε
440 615 550 669 τῶν
564 614 843 685 λογισμῶν
876 616 994 676 ταῖς
1025 611 1212 683 ὕϐρεσι
1241 615 1712 683 συγκαλύπτοντες
1730 632 1745 645 ·

161 713 344 777 ὥσπερ
395 708 501 770 τὰς
535 705 737 777 σηπίας
783 704 942 772 λόγος
982 705 1135 774 ἐμεῖν
1173 704 1234 757 τὸ
1278 705 1446 774 μέλαν
1492 707 1598 777 πρὸ
1631 708 1750 759 ἑαυ-

161 801 281 863 τῶν,
333 800 430 851 ἵνα
460 799 585 860 τοὺς
614 795 944 867 θηρεύοντας
978 794 1313 864 διαφύγωσιν
1334 838 1347 860 ,
1380 797 1411 865 ἢ
1446 798 1523 867 τῷ
1555 797 1750 852 λανθά.

161 910 265 947 νειν
298 889 624 961 θηράσωσιν
646 886 750 955 (8).
798 884 958 940 Ἀλλὰ
985 885 1046 937 τὸ
1075 885 1205 956 περὶ
1226 885 1461 953 Χριστοῦ
1496 886 1750 958 πολεμεῖν

162 983 476 1050 δείκνυμεν,
512 980 571 1031 ὲν
599 975 676 1046 τῷ
714 975 985 1047 μάχεσθαι
1012 976 1153 1028 κατὰ
1176 976 1431 1048 Χριστὸν,
1461 977 1551 1030 τὸν
1603 980 1753 1048 εἰρη-

163 1074 303 1125 νικόν
337 1088 400 1123 τε
436 1069 533 1123 καὶ
568 1070 761 1138 πρᾶον,
794 1067 889 1133 καὶ
928 1066 1026 1131 τὰς
1055 1067 1339 1131 ἀσθενείας
1368 1067 1526 1138 ἡμῶν
1551 1067 1750 1137 βαστά-

169 1179 349 1216 σαντα.
412 1158 555 1213 Οὔτε
589 1156 947 1227 είρηνεύομεν
1001 1156 1143 1210 κατὰ
1183 1156 1278 1209 τού
1308 1157 1466 1225 λόγου
1494 1161 1591 1228 τῆς
1619 1159 1750 1229 ἁλη-

166 1254 328 1317 οείας,
372 1250 633 1320 ὑφιέντες
662 1266 714 1304 τι
735 1248 822 1301 διὰ
849 1247 1005 1317 δόξαν
1037 1247 1339 1312 ἐπιεικείας
1363 1264 1376 1277 ·
1426 1249 1485 1301 οὐ
1522 1249 1630 1319 γὰρ
1657 1267 1755 1303 καη

167 1343 268 1407 κῶς
300 1343 366 1395 τὸ
408 1341 580 1394 καλὸν
615 1338 921 1410 Θηρεύομεν
942 1356 956 1370 ο
993 1338 1087 1392 καὶ
1119 1338 1477 1410 είρηνεύομεν
1516 1340 1755 1411 ἐννόμως

171 1434 490 1506 μαχόμενοι,
527 1431 623 1484 καὶ
678 1429 811 1482 εἴσω
854 1428 962 1482 τῶν
1000 1428 1289 1502 ἡμετέρων
1339 1431 1481 1502 ὅρων
1516 1430 1616 1500 (9),
1660 1433 1756 1485 καὶ

169 1525 408 1584 κανόνων
454 1522 554 1575 τοῦ
585 1519 919 1593 Πνεύματος.
968 1520 1105 1591 Περὶ
1140 1520 1240 1591 μὲν
1265 1517 1359 1574 οὖν
1380 1521 1587 1575 τούτων
1613 1520 1757 1575 οὕτω

168 1614 440 1688 γινώσκω,
466 1615 561 1667 καὶ
581 1613 743 1681 νόμον
773 1611 964 1682 τίθημι
1024 1612 1158 1665 πᾶσι
1199 1615 1311 1677 τοῖς
1340 1613 1527 1684 ψυχῶν
1557 1614 1757 1668 οίκονό-

174 1723 304 1777 μοις,
336 1705 437 1757 καὶ
464 1701 564 1756 τοῦ
591 1702 751 1770 λόγου
784 1702 1007 1772 ταμίαις
1039 1703 1150 1773 (10)
1180 1719 1194 1734 ο
1256 1704 1393 1775 μήτε
1422 1703 1501 1773 τῷ
1537 1704 1757 1776 σκληρῷ

172 1794 481 1868 τραχύνειν,
514 1796 652 1865 μήτε
687 1793 763 1865 τῷ
790 1792 1181 1865 ύπεσταλμένῳ
1217 1795 1573 1866 κατεπαίρειν
1595 1813 1608 1827 '
1640 1796 1755 1850 ἀλλ’

1852 617 2024 681 ciunt,
2068 632 2172 671 non
2206 632 2325 671 cum
2355 633 2628 686 sermone,
2659 620 2752 673 sed
2777 635 2895 673 cum
2928 617 3269 687 loquentibus
3300 632 3429 673 con-

1852 704 2117 776 fligcntes,
2158 721 2221 760 ac
2251 708 2520 762 rationum
2566 715 2620 762 et
2668 717 3106 778 argumentorum
3143 706 3429 761 infirmita-

1855 808 1958 854 tem
2003 801 2308 856 maledictis
2338 803 2609 857 interdum
2654 805 3004 873 obtegcntes;
3040 819 3145 859 non
3176 805 3334 860 aliter
3367 820 3429 860 ac

1852 890 2030 956 sepias
2061 899 2426 946 atramentum
2460 903 2588 947 ante
2625 909 2685 949 se
2723 910 2939 950 vomere
2971 895 3143 958 aiunt,
3174 904 3230 949 ut
3252 896 3429 964 pisca-

1856 988 2000 1034 tores
2042 979 2324 1048 effugiant,
2381 991 2473 1035 aut
2506 982 2633 1052 ipsa:
2664 984 2880 1039 latendo
2913 994 3195 1039 venentur.
3234 985 3429 1039 Verum

1856 1075 2093 1139 nos'pro
2132 1071 2350 1125 Christo
2394 1074 2592 1127 bellum
2624 1090 2810 1144 gerere
2846 1076 2945 1129 huc
2976 1084 3289 1144 argumento
3318 1078 3432 1146 pla-

1857 1178 1982 1214 num
2027 1160 2273 1226 facimus,
2320 1166 2461 1233 quod
2497 1168 2791 1221 secundum
2830 1166 3127 1231 Christum,
3158 1169 3250 1237 qui
3285 1168 3432 1221 mitis

1858 1268 1919 1307 ac
1941 1263 2160 1321 pacatus
2209 1264 2291 1309 est
2327 1256 2401 1321 ⁷⁸,
2440 1266 2603 1327 atque
2644 1257 2987 1314 inﬁrmitates
3040 1272 3251 1314 nostras
3303 1275 3431 1328 por-

1859 1347 1989 1399 tavit
2034 1346 2103 1413 ⁷⁸,
2161 1348 2500 1403 dimicainns.
2560 1347 2668 1402 Nec
2719 1351 2906 1414 enim,
2969 1366 3113 1404 vera:
3168 1351 3429 1404 doctrina:

1863 1438 2214 1504 detrimento,
2267 1441 2387 1508 paci
2435 1440 2736 1504 studemus,
2791 1440 3032 1495 nonnihil
3078 1441 3434 1506 remittentes,

1858 1537 1917 1583 ut
1952 1528 2227 1586 facilitatis
2259 1541 2312 1585 et
2345 1532 2782 1586 mansuetudinis
2831 1531 3027 1586 famam
3082 1531 3433 1601 colligamus;

1860 1634 1966 1673 non
2022 1621 2166 1675 enim
2224 1622 2365 1691 quod
2418 1621 2617 1676 bonum
2663 1630 2747 1676 est
2792 1621 2930 1676 male
2979 1631 3441 1691 aucupamur:et

1870 1725 2086 1765 rursum
2114 1727 2300 1781 pacem
2338 1712 2593 1779 colimus,
2645 1712 2883 1782 legitime
2918 1722 3242 1781 pugnantes,
3273 1720 3437 1781 atque

1865 1803 2007 1857 intra
2062 1804 2261 1860 limites
2312 1813 2529 1859 nostros
2569 1805 2912 1875 Spiritusque
2959 1806 3195 1872 regulam
3230 1814 3440 1860 nosmet

170 1888 422 1955 εὐλόγους
474 1883 621 1939 εἶναι
664 1885 791 1954 περὶ
820 1884 911 1938 τὸν
939 1884 1117 1955 λόγον,
1152 1885 1435 1958 μηδετέρῳ
1461 1886 1522 1938 τὸ
1558 1888 1758 1960 μέτρον

1866 1895 2227 1950 continentes.
2279 1897 2360 1952 Ac
2390 1898 2454 1951 de
2499 1897 2581 1950 his
2611 1896 2831 1965 quidem
2866 1898 2936 1951 ita
2970 1898 3169 1962 sentio,
3201 1896 3441 1951 cunctis-

173 1980 621 2053 ὑπερϐαίνοντας,
1284 2012 1285 2015 η
1600 1986 1603 1987 ⁷

1870 2000 1973 2054 que
2022 1987 2323 2041 animarum
2357 1989 2823 2056 dispensatoribus
2862 1998 3131 2057 rectaeque
3174 1986 3438 2041 doctrina:

173 2078 379 2131 arbitris
424 2078 604 2146 legem
643 2084 864 2139 statuo;
913 2084 970 2130 ut
1016 2090 1117 2130 nec
1154 2090 1254 2145 per
1284 2077 1536 2131 duritiam
1582 2078 1859 2135 hominum
1884 2080 2097 2137 animos
2139 2093 2481 2153 exasperent,
2551 2098 2650 2138 ncc
2708 2096 2805 2150 per
2864 2078 3277 2134 submissionem
3338 2075 3444 2129 ela-

176 2180 250 2225 tos
272 2180 324 2226 et
357 2170 661 2225 insolentes
694 2166 962 2232 efﬁciant;
997 2166 1090 2220 sed
1126 2175 1183 2221 ut
1210 2169 1493 2237 prudenter
1526 2177 1581 2223 et
1607 2171 1857 2227 consulte
1902 2172 1955 2226 in
2008 2172 2131 2227 fidei
2157 2187 2320 2228 causa
2362 2186 2420 2226 se
2459 2178 2674 2241 gerant,
2742 2184 2840 2224 nec
2906 2168 2958 2222 in
3021 2165 3211 2221 borum
3282 2163 3444 2218 alter-

177 2274 290 2317 utro
325 2264 770 2317 mediocritatem
803 2263 1088 2325 excedant,

238 2363 328 2417 lA'.
369 2362 471 2413 Δεῖ
510 2361 567 2413 δὲ
591 2359 721 2420 ἴσως
744 2357 1000 2411 ποθοῦσιν
1020 2356 1149 2425 ὑμῖν
1178 2355 1272 2408 καὶ
1294 2354 1383 2408 τὸν
1411 2356 1509 2425 τῆς
1531 2354 1765 2419 πίστεως

179 2452 331 2521 αὐτῆς
384 2450 768 2513 ἐπιδείξασθαι
818 2448 998 2516 λόγον,
1052 2447 1175 2516 ἥτις
1226 2446 1357 2497 ποτέ
1402 2446 1764 2516 ὲστινήκαθ’

181 2541 332 2608 ἡμᾶς.
380 2538 534 2607 Ἐγώ
578 2555 639 2589 τε
686 2536 795 2608 γὰρ
841 2535 1250 2605 ἁγιασθήσομαι
1285 2533 1363 2605 τῷ
1420 2538 1638 2606 συνεχεῖ
1667 2536 1767 2606 τῆς

182 2630 386 2701 μνήμης
401 2645 414 2658 ⁸
448 2631 483 2683 ὃ
506 2646 565 2682 τε
593 2626 722 2690 λαὸς
740 2621 892 2689 οὗτος
916 2627 1187 2696 ὀνήσεται,
1212 2626 1440 2698 χαίρων,
1476 2625 1631 2699 εἴπερ
1658 2626 1766 2697 (11)

183 2719 311 2789 ἄλλῳ
342 2721 481 2782 τινὶ,
520 2720 635 2781 τοῖς
655 2717 916 2779 τοιούτοις
943 2714 1124 2781 λόγοις
1144 2732 1157 2746 ο
1198 2715 1292 2767 καὶ
1336 2716 1494 2785 ὑμεῖς
1522 2716 1760 2785 ἐπιγνώ-

185 2812 349 2874 σεσθε,
385 2813 435 2864 εἰ
475 2811 552 2881 μὴ
600 2809 777 2879 μάτην
830 2805 1174 2876 φθονούμεθα
1201 2806 1336 2876 (l2),
1360 2810 1425 2878 τῇ
1459 2807 1761 2878 φανερώσει

183 2899 268 2969 τῆς
286 2898 571 2968 ἀληθείας,
599 2899 710 2959 τοῖς
748 2895 846 2967 μὲν
877 2892 1271 2965 ἁμιλλώμενοι,
1298 2896 1421 2961 τοὺς
1443 2896 1499 2947 δὲ
1532 2897 1764 2965 φθάνον-

182 3006 263 3053 τες
293 2990 423 3060 (13).
471 2990 684 3059 Ὠσπερ
712 2986 822 3058 γὰρ
870 2986 978 3039 τῶν
1023 2985 1261 3057 βρυχίων
1294 2987 1405 3058 (lxi)
1435 2987 1659 3055 ὑδάτων,
1696 2990 1765 3044 τὰ

187 3080 275 3154 μὲν
311 3084 368 3135 ὲν
398 3081 562 3153 βάθει
607 3079 911 3151 κρύπτεται
958 3078 1259 3142 παντελῶς,
1286 3079 1356 3132 τά
1389 3078 1446 3131 δὲ
1488 3079 1763 3149 παφλάζει

1949 2354 2091 2410 XIV.
2124 2352 2230 2408 Sed
2268 2352 2378 2423 jam
2416 2352 2840 2421 fortasseoperae
2883 2349 3116 2419 pretium
3157 2356 3239 2403 est
3274 2346 3444 2418 ipsius

1868 2462 2083 2518 quoque
2131 2445 2255 2500 ﬁdei
2303 2445 2633 2508 doctrinam,
2686 2456 3023 2512 qutccunqne
3086 2439 3298 2493 tandem
3352 2438 3443 2492 illa

1870 2540 2012 2608 apud
2043 2552 2142 2593 nos
2166 2546 2271 2601 est,
2313 2534 2655 2605 cupientibus
2708 2534 2860 2587 vobis
2910 2532 3170 2585 indicare.
3211 2528 3449 2595 Nam,et

1866 2628 1981 2696 ipse
2017 2642 2115 2696 per
2147 2625 2683 2681 commemorationis
2716 2624 3094 2678 assiduitatem
3150 2620 3445 2676 sanctitate

1867 2717 2183 2773 allicianet
2220 2718 2447 2788 populus
2500 2717 2588 2771 hic
2634 2715 2922 2769 utilitatem
2958 2724 3341 2784 consequetur,
3380 2728 3444 2767 ex

1864 2808 2176 2877 huiusmodi
2228 2806 2596 2870 sermonibus,
2642 2807 2686 2861 si
2740 2822 2848 2874 qua
2886 2806 2988 2859 alia
3030 2808 3101 2858 ex
3132 2821 3211 2869 re,
3249 2805 3448 2859 miriﬁ-

1864 2916 1982 2956 cam
2044 2901 2373 2970 voluptatem
2434 2899 2701 2968 capiens:
2745 2908 2799 2952 ct
2838 2913 2935 2951 vos
2983 2897 3325 2967 aguoseetis,
3378 2910 3448 2951 an

1864 3008 1970 3048 non
1994 2996 2195 3047 frustra
2239 2992 2396 3047 nobis
2444 2990 2776 3053 invideatur,
2816 2989 2942 3043 dum
2971 2988 3025 3042 in
3057 2987 3449 3042 manifestanda

1864 3084 2120 3147 veritate,
2164 3082 2284 3137 illos
2313 3081 2532 3150 quidem
2560 3093 2800 3154 aequare,
2845 3077 2981 3132 alios
3028 3092 3159 3132 vero
3195 3086 3448 3132 antever-

187 3172 692 3245 στενοχωρούμενα,
740 3171 835 3224 καὶ
893 3168 991 3241 τὴν
1042 3168 1264 3241 ἔκρηξιν
1295 3170 1637 3241 ὑπισχνεῖται
1666 3173 1760 3241 μὲν

1869 3185 1982 3230 tere
2015 3174 2409 3228 contendimus.
2467 3171 2936 3239 Quemadmodum
2980 3168 3124 3223 enim
3165 3170 3450 3224 subterra-

185 3266 291 3327 ταῖς
324 3266 543 3329 ἀκοαῖς,
570 3262 751 3333 μέλλει
774 3261 831 3315 δὲ
861 3260 961 3325 ἔτι,
987 3261 1054 3314 τὰ
1088 3260 1145 3314 δὲ
1179 3262 1272 3314 καὶ
1315 3262 1720 3332 ἁναρῤήγνυται
1747 3282 1761 3295 ·

187 3353 313 3407 οὕτω
334 3356 429 3408 καὶ
461 3354 571 3409 τῶν
611 3352 1044 3424 φιλοσοφούντων
1070 3351 1182 3423 (15)
1214 3352 1342 3423 περὶ
1366 3352 1523 3418 Θεοῦ,
1561 3354 1648 3408 ἵνα
1689 3354 1763 3426 μὴ

187 3446 315 3515 λέγω
340 3450 473 3511 τοὺς
504 3446 785 3510 παντελῶς
810 3446 1156 3517 ἀγνώμονας,
1198 3446 1251 3498 οἱ
1283 3446 1381 3515 μὲν
1417 3447 1595 3517 πάντη
1632 3447 1767 3519 κρύ-

189 3555 295 3605 φιον
349 3542 448 3594 καὶ
498 3538 868 3593 λανθάνουσαν
922 3537 1137 3608 ἔχουσιν
1185 3539 1243 3615 εν
1275 3539 1489 3601 ἑαυτοῖς
1520 3537 1631 3609 (16)
1661 3540 1761 3611 τὴν

190 3633 480 3689 εὐσέϐειαν·
500 3634 551 3686 οἱ
570 3634 627 3686 δὲ
651 3633 751 3703 τῆς
770 3632 959 3696 ὠδῖνος
988 3631 1177 3700 ἐγγυς,
1216 3632 1333 3685 ὅσοι
1359 3632 1419 3684 τὸ
1449 3632 1548 3702 μὲν
1571 3632 1765 3698 ἀσεϐὲς

192 3742 464 3795 φεύγουσι,
495 3726 557 3780 τὸ
591 3726 649 3780 δὲ
675 3724 899 3788 εὐσεϐὲς
926 3725 989 3779 ού
1020 3721 1510 3799 παρῤησιὰζονται,
1548 3723 1657 3777 εἴτε
1690 3726 1767 3779 οἰ·-

193 3817 400 3889 κονομίᾳ
442 3816 553 3870 τινί
575 3814 850 3888 χρώμενοι
908 3816 1038 3889 περὶ
1091 3816 1180 3869 τὸν
1204 3815 1384 3883 λόγον,
1433 3814 1544 3867 εἴτε
1597 3814 1765 3889 δειλίᾳ

195 3905 314 3975 πρὸς
358 3907 523 3961 τοῦτο
568 3906 1038 3977 καταφεύγουσιν·
1090 3906 1228 3959 ἀλλὰ
1254 3906 1354 3976 τὴν
1398 3906 1496 3976 μὲν
1527 3905 1765 3960 διάνοιαν

195 3995 537 4064 ὑγιαίνουσιν,
584 3998 661 4063 ῶς
717 4016 871 4069 φασι,
928 3998 1019 4050 τὸν
1056 3998 1183 4051 λαὸν
1208 3998 1264 4052 δὲ
1289 3998 1387 4067 οὐχ
1410 3996 1724 4065 ὑγιάζουσιν
1749 4039 1765 4067 ,

194 4088 362 4165 ὥσπερ
392 4092 613 4148 ἑαυτῶν
660 4094 761 4146 οὐκ
800 4092 974 4147 ἄλλων
1020 4092 1356 4165 προστασίαν
1398 4091 1767 4163 ὲγχειρισθένη-

194 4188 366 4249 τεςοοί
398 4188 465 4241 δὲ
507 4186 603 4240 καὶ
634 4185 1021 4257 δημοσιεύουσι
1049 4184 1141 4237 τὸν
1187 4183 1480 4254 θησαυρὸν,
1536 4184 1596 4237 ού
1646 4184 1767 4238 στέ-

195 4290 363 4343 γοντες
390 4278 499 4349 τὴν
528 4278 691 4331 ὠδῖνα
718 4278 818 4349 τῆς
843 4277 1148 4342 εὐσεϐείας,
1178 4276 1300 4329 οὐδὲ
1332 4276 1391 4329 τὸ
1417 4276 1566 4347 μόνοι
1586 4277 1768 4341 ,σώζε-

197 4367 304 4423 σθαι
326 4372 605 4442 σωτηρίαν
630 4370 965 4440 νομίζοντες,
991 4371 1039 4423 εἰ
1079 4370 1155 4441 μὴ
1186 4369 1280 4422 καὶ
1306 4367 1487 4431 ἄλλοις
1509 4368 1569 4421 τὸ
1600 4370 1765 4423 καλὸν

198 4458 596 4532 ὑπερϐλύσειεν.
649 4462 785 4517 Μεθ’
848 4455 922 4515 ὧν
976 4460 1087 4531 ἐγὼ
1142 4460 1465 4531 ταττοίμην,
1503 4461 1539 4531 ἦ
1570 4461 1765 4525 οἵτινες

201 4555 303 4618 μετ’
347 4555 489 4626 ἐμοῦ
522 4556 621 4627 τὴν
670 4555 843 4626 καλὴν
881 4554 1085 4625 τόλμαν
1139 4551 1446 4623 τολμῶντες
1476 4552 1757 4624 ὁμολογεῖν

200 4642 282 4714 τὴν
307 4648 610 4702 εὐσέϐειαν.

1870 3283 1986 3323 ηοω
2042 3282 2231 3336 aquae,
2285 3265 2484 3336 partim
2551 3266 2604 3319 in
2658 3265 2767 3318 imo
2810 3277 3036 3332 prorsus
3072 3261 3447 3327 occultantur;

1868 3361 2064 3431 partim
2100 3360 2154 3415 in
2182 3358 2465 3428 angustias
2516 3357 2749 3412 redacta:
2789 3355 3074 3420 ebulliunt,
3119 3364 3283 3425 atque
3324 3369 3452 3408 eru-

1868 3451 2107 3521 ptionem
2135 3449 2360 3517 jamjam
2381 3448 2599 3516 quidem
2640 3446 2866 3501 auribus
2892 3444 3244 3514 pollicentur.
3288 3453 3448 3500 caete-

1870 3558 1991 3598 rum
2050 3542 2231 3597 adhuc
2278 3540 2836 3613 ntorantunfpartim
2888 3538 3123 3607 denique
3158 3537 3213 3591 in
3269 3537 3439 3591 altum
3495 3571 3503 3579 -

1867 3641 2161 3701 erumpunt
2187 3649 2201 3687 :
2232 3620 2300 3686 ad
2337 3630 2586 3687 eumdem
2620 3630 2839 3684 modum
2875 3642 3086 3693 eorum,
3117 3628 3208 3696 qui
3251 3628 3315 3681 de
3342 3626 3452 3681 Deo

1868 3725 2323 3795 philosophantur
2370 3723 2454 3795 (ut
2494 3737 2621 3788 eos,
2668 3722 2760 3792 qui
2808 3721 3031 3777 omnino
3100 3720 3334 3791 improbi
3385 3734 3449 3774 ac

1869 3817 2063 3888 perﬁdi
2090 3826 2236 3884 sunt,
2288 3816 2489 3871 missos
2540 3815 2785 3884 faciam),
2815 3811 2906 3867 alii
2945 3812 3182 3867 abditam
3225 3811 3448 3868 omnino

1868 3920 2034 3979 atque
2062 3908 2328 3963 occultam
2360 3907 2461 3963 sibi
2518 3906 2649 3976 ipsis
2694 3906 2947 3975 pietatem
3000 3905 3243 3969 habent;
3282 3902 3376 3958 alii
3416 3920 3448 3957 a

1867 4011 2055 4071 partus
2081 3979 2360 4056 doloribus
2393 4014 2499 4053 non
2524 3999 2684 4069 longe
2720 3998 2938 4063 absunt,
2974 3997 3009 4051 ii
3043 3996 3323 4061 nimirum,
3355 3997 3447 4063 qui

1868 4094 2198 4163 impietatem
2223 4092 2387 4165 758
2403 4092 2618 4162 quidem
2638 4092 2870 4161 fugiunt,
2886 4090 2977 4145 sed
2996 4090 3254 4158 pietatem
3277 4088 3451 4142 libero

1870 4193 2036 4253 atque
2067 4184 2336 4252 intrepido
2363 4184 2545 4237 animo
2576 4182 2800 4245 minime
2833 4178 3286 4250 pra:dicant,sive
3316 4191 3447 4232 con—

1868 4275 1990 4331 silio
2043 4276 2277 4345 quodam
2318 4275 2372 4329 in
2429 4273 2552 4329 ﬁdei
2588 4272 2836 4327 doctrina
2891 4278 3148 4334 utentes,
3212 4267 3327 4321 sive
3376 4264 3449 4318 ob

1873 4376 2074 4421 metum
2132 4376 2296 4435 atque
2336 4364 2607 4433 ignaviam
2676 4377 2743 4416 eo
2785 4360 3194 4429 confugientes;
3250 4370 3441 4411 verum

1873 4460 2056 4514 animo
2111 4459 2329 4529 quidem
2386 4466 2442 4511 et
2488 4464 2669 4510 mente
2727 4454 2844 4508 sani
2877 4460 3023 4517 sunt,
3051 4458 3112 4503 ut
3157 4447 3445 4512 afﬁrmant,

1795 4533 1841 4609 θ
1879 4566 2136 4607 caeterum
2168 4549 2342 4620 plebis
2376 4547 2597 4603 sanitati
2631 4544 2852 4600 minime
2879 4541 3191 4605 consulunt,
3224 4537 3449 4608 perinde

1876 4653 2040 4715 atque
2073 4644 2173 4714 ipsi
2204 4656 2349 4708 sese,
2386 4657 2491 4696 non
2529 4641 2659 4695 item
2691 4638 2847 4701 alios,
2880 4651 2991 4692 sua:
3045 4648 3189 4689 cura:
3230 4645 3296 4686 ac
3321 4630 3444 4685 ﬁdei

202 4742 506 4795 commissos
554 4740 824 4805 habeant;
882 4741 972 4796 alii
1025 4756 1154 4797 vero
1196 4740 1511 4797 thesaurum
1552 4757 1769 4813 quoque
1810 4743 1861 4798 in
1894 4742 2129 4797 medium
2154 4740 2460 4811 proferunt,
2506 4739 2724 4809 pictatis
2788 4734 2977 4801 fetum,
3034 4729 3449 4803 parturientium

203 4820 378 4894 instar,
453 4831 691 4884 retinere
746 4839 1107 4899 nequeuntes,
1170 4847 1292 4898 nec,
1339 4833 1481 4901 quod
1544 4831 1647 4887 soli
1699 4832 1799 4904 ipsi
1842 4833 2071 4888 salutem
2118 4839 2548 4901 consequantur,
2593 4828 2822 4885 salutem
2868 4828 3272 4893 existimantes,
3340 4822 3451 4881 nisi

262 4982 305 5017 “
339 4984 527 5043 Matth.
561 5004 641 5058 χι,
670 4986 762 5042 9.9.
839 4987 883 5019 ⁷⁸
917 4986 1019 5042 lsa.
1052 5002 1170 5051 LIII,
1200 4987 1255 5043 4.

265 5142 333 5213 (8)
369 5147 445 5201 Ἦ
489 5144 569 5209 τῷ
616 5143 940 5199 λανθάνειν
992 5146 1358 5213 θηράσωσιν.
1420 5164 1439 5198 ι
1473 5146 1576 5200 Ant
1632 5147 1763 5214 ipsa:

208 5208 402 5270 latendo
440 5208 740 5287 venentur;
767 5236 785 5267 ι
822 5231 884 5287 ac
918 5218 995 5270 sic
1028 5208 1208 5287 escam
1245 5218 1476 5287 rapiant,
1520 5219 1604 5271 cui
1636 5208 1765 5287 ipsa:

210 5291 381 5353 venatu
427 5286 773 5340 insidiantur.
820 5286 1010 5341 Billius
1058 5286 1206 5353 legit,
1258 5287 1320 5340 τὸ
1358 5286 1667 5353 λανθάνειν,
1700 5304 1764 5341 ac

211 5350 411 5471 ﬁddit:
454 5367 590 5409 «aut
641 5368 988 5425 conspectum
1045 5350 1133 5413 sui
1180 5357 1260 5413 eis
1311 5350 1763 5429 (piscatoribus)

266 5438 437 5471 lntnnl-
466 5445 483 5471 ι

266 5438 437 5487 tptant.
465 5445 483 5478 ι

216 5494 339 5580 ς*(9)
372 5496 593 5580 Ὅρων..
625 5495 815 5553 Plures
859 5498 1048 5580 codd...
1082 5499 1286 5580 νόμωνἰ
1321 5499 1375 5553 In
1417 5497 1765 5580 quibusdam,

213 5575 357 5628 opm,
397 5568 489 5619 καὶ
538 5568 740 5638 νόμων,
788 5568 885 5623 καὶ
918 5568 1180 5625 κανόνων.
1232 5570 1412 5624 «Intra
1462 5570 1681 5635 limites,
1713 5579 1766 5621 et

217 5626 366 5696 ὶρεεε.
390 5648 443 5690 et
469 5644 702 5701 regulas.

277 5675 896 5790 iidfzildligiiiugemlalc.
952 5727 971 5759 ι
1002 5710 1160 5765 Verbi
1191 5710 1530 5790 .miuistrisn
1572 5710 1767 5781 quibus

218 5777 473 5835 erogaudzn
502 5779 760 5831 doctrinm
791 5796 983 5833 munus
1007 5783 1352 5835 commissum
1381 5791 1483 5835 est.
1592 5777 1603 5781 ⁷
1694 5812 1705 5820 -

281 5843 380 5916 (Η)
414 5848 610 5916 Εἴπερ.
650 5849 760 5904 Duo
790 5848 956 5923 Regg.
986 5862 1037 5905 ct
1066 5862 1174 5907 tres
1198 5853 1375 5915 Colb.,
1406 5852 1572 5923 ἤπερ.

1944 5144 2054 5215 (12)
2086 5139 2655 5215 Φθοᾼνούμεθακῐὶες.
2686 5142 2795 5215 bm,
2826 5134 3219 5209 échovodpsOa.

1942 5211 2056 5285 (15)
2092 5213 2446 5285 φθάνοντεςς
2483 5213 2577 5277 Or,
2611 5215 2664 5285 2,
2695 5211 3013 5285 φθάνοντας.

1940 5275 2054 5353 (lli)
2095 5275 2478 5353 Βρυχίωνίῐιι
2512 5275 2854 5353 quibusdattt,
2900 5275 3267 5353 ὑποϐρυχίων.

1940 5287 2031 5353 (14
2095 5287 2386 5353 Βρυχίων.
2422 5287 2478 5335 In
2512 5287 2854 5349 quibusdam,
2900 5287 3267 5349 ὑποὸρυχῐων.

1940 5287 2054 5430 (15)
2077 5353 2599 5430 φιλοσρφοὺντων.
2626 5351 2996 5430 Haacﬂexponit
3024 5348 3261 5430 lVicetas,
3290 5345 3455 5425 quasi

1867 5415 2222 5480 de'omuibus
2270 5415 2324 5477 in
2379 5424 2691 5475 universum
2744 5415 3068 5477 Christianis
3119 5432 3146 5469 a
3180 5415 3447 5483 Gregorio

1866 5499 2030 5555 dicta.
2066 5494 2258 5550 Verum
2295 5492 2362 5548 de
2409 5493 2715 5564 pastoribus
2766 5506 2829 5564 ac
2880 5486 3144 5560 prarfectis
3186 5485 3452 5564 ecclesia-

1866 5569 2020 5621 sticis
2063 5577 2267 5619 tantum
2314 5564 2455 5616 dicta
2492 5577 2612 5616 esse
2656 5562 2860 5632 liquido
2883 5567 3116 5624 constat,
3161 5562 3214 5609 et
3248 5562 3451 5623 cuique

1867 5638 2062 5707 legenti
2098 5632 2449 5707 maniicstuut
2473 5642 2575 5707 est.

1939 5698 2051 5779 (tu)
2102 5707 2206 5759 Ἑν
2237 5703 2498 5772 ἑαυτοῖς.
2534 5701 2625 5760 Sic
2650 5699 2906 5776 permulti
2930 5697 3086 5757 codd.
3118 5697 3275 5754 Deest
3302 5694 3361 5750 ὲν
3389 5694 3451 5750 in

1866 5779 1997 5835 edit.
3364 5796 3379 5811 .
