4050 6298
235 447 333 501 ιπ
1264 444 1523 505 ORATIO
1562 451 1717 507 XLII.
1760 484 1826 493 —

1966 453 2254 510 PREMUM
2295 455 2494 510 VALE.
3410 462 3516 523 478

234 563 369 629 ἔχει,
408 557 472 610 ἐν
498 574 568 610 τε
605 556 842 627 ὀνόμασι
863 555 955 609 καὶ
978 555 1294 640 πράγμασιν
1326 553 1493 628 (οἶδας
1515 561 1542 611 ὸ
1574 562 1845 631 μυηθείςγ

1965 574 2124 627 ctum,
2157 565 2397 634 ejusdem
2443 564 2758 619 substantia:
2812 575 2865 620 et
2902 567 3124 636 glorize;
3161 569 3211 624 in
3245 572 3436 640 quibus
3463 586 3518 631 et

234 658 472 728 ἄρνησις
509 653 581 707 ὃν
609 654 828 719 ἀθεῖας,
867 652 963 705 καὶ
999 651 1257 721 ὁμολογία
1296 652 1568 722 θεότητος,
1597 655 1690 707 καὶ
1710 654 1850 708 οὕτω

1965 653 2226 720 baptismo
2249 668 2344 707 sua
2377 653 2640 722 perfectio
2679 664 2911 721 constat,
2960 666 3066 709 tam
3102 658 3152 712 in
3183 662 3512 730 nominibus,

234 746 748 817 καταρτιζόμεθα·
779 744 840 797 τὸ
864 745 959 814 μὲν
976 744 1053 808 ἒν,
1080 746 1145 814 τῇ
1173 744 1330 815 οὐσίᾳ
1354 744 1733 813 γινώσκοντες,
1757 747 1850 798 καὶ

1965 758 2112 812 quam
2170 745 2223 797 in
2286 746 2446 799 rebus
2490 745 2627 813 (haec
2684 762 2788 801 non
2853 747 3110 817 ignoras,
3169 753 3410 823 quisquis
3452 771 3515 811 eo

233 837 311 907 τῷ
339 836 668 906 ἀμερίστῳ
726 836 822 905 τῆς
856 834 1312 904 προσκυνήσεως·
1352 834 1421 888 τὰ
1459 835 1516 887 δὲ
1547 837 1693 906 τρία,
1732 839 1851 899 ταῖς

1965 834 2197 889 .uitiatus
2229 836 2331 903 es);
2382 836 2579 905 quippe
2619 839 2761 905 quod
2816 841 3105 907 impietatis
3135 843 3416 910 abjuratio,
3460 856 3513 900 ct

235 926 665 991 ὑποστάσεσιν,
691 927 868 979 εἵτουν
903 924 1236 996 προσώποις,
1277 926 1305 977 ὃ
1335 943 1445 978 τισι
1495 926 1665 995 φίλον.
1699 928 1849 998 Μηδὲ

1965 925 2254 980 livinitatis
2278 926 2548 981 confessio
2570 926 2663 992 sit,
2693 938 2853 997 atque
2886 930 2957 984 ita
2988 933 3324 1003 perlicimur;
3351 953 3512 991 unum

234 1020 345 1088 γὰρ
379 1020 436 1071 οἱ
474 1018 629 1087 ιντερ)⁹
676 1007 849 1069 ταῦτα
883 1014 1320 1086 ζυγομαχοῦντες
1351 1018 1846 1087 ἀσχημονείτωσαν,

235 1110 433 1181 ὥσπερ
458 1111 526 1162 ὲν
575 1109 700 1178 (27)
729 1107 1228 1178 ὀνόμασικειμένης
1258 1110 1390 1178 ἡμῖν
1421 1109 1519 1178 τῆς
1546 1108 1847 1173 εὐσεϐείας,

235 1201 353 1256 ἀλλ’
390 1201 505 1254 οὐκ
558 1202 628 1253 ὲν
680 1199 991 1270 πράγμασι.
1050 1198 1115 1251 Τί
1168 1199 1277 1270 γάρ
1333 1216 1469 1267 φατε
1502 1200 1546 1251 oi
1580 1199 1675 1261 τὰς
1703 1201 1851 1269 τρεῖς

238 1292 597 1355 ὑποστάσεις
629 1291 1008 1361 εἰσφέροντες
1040 1290 1114 1361 μὴ
1143 1292 1291 1361 τρεῖς
1315 1289 1500 1352 οὐσίας
1540 1289 1852 1359 ὑπολαμϐά-

237 1401 426 1447 νοντες
478 1383 663 1435 τοῦτο
706 1382 894 1450 λέγετε
939 1381 1095 1450 (28);
1144 1380 1302 1448 Μέγα
1346 1376 1462 1443 οἶδ’,
1497 1381 1578 1432 ὅτι
1632 1379 1850 1449 βοήσετε

238 1473 384 1528 κατὰ
441 1472 571 1525 τῶν
634 1471 810 1534 οὕτως
862 1470 1237 1541 ὑπειληφότων
1269 1469 1400 1539 (29).
1430 1469 1576 1522 Μίαν
1616 1467 1724 1538 γὰρ
1760 1468 1851 1523 καὶ

239 1566 338 1636 τὴν
367 1562 559 1633 αὐτὴν
586 1561 705 1615 τῶν
737 1560 905 1632 τριῶν
928 1559 1299 1631 δογματίςετε.
1324 1558 1389 1611 Τί
1411 1558 1497 1612 δαὶ
1527 1561 1574 1611 οἱ
1598 1558 1664 1611 τὰ
1689 1558 1851 1630 πρόσ-

240 1676 410 1725 tum;
467 1659 554 1731 μὴ
599 1658 686 1721 ἓν,
715 1651 825 1711 οἶόν
880 1674 932 1709 τι
982 1653 1253 1718 σύνθετον,
1308 1652 1704 1727 άναπλάσσετε,
1758 1652 1851 1705 καὶ

242 1750 662 1820 τριπρόσωπον
688 1747 823 1817 (50),
854 1747 887 1815 ἢ
906 1742 1373 1815 ἀνθρωπόμορφον
1407 1741 1578 1806 ὅλως;
1613 1742 1847 1809 Ἄπαγε,

1965 1740 2195 1805 dubium,
2234 1742 2363 1811 quin
2417 1744 2676 1799 adversus
2727 1760 2843 1810 eos,
2902 1749 2992 1817 qui
3060 1750 3133 1803 ita
3190 1753 3521 1820 existimant,

243 1837 339 1890 καὶ
387 1838 570 1908 ὑμεῖς
629 1834 999 1904 ἀντιϐοήσετε,
1062 1831 1196 1902 μηδὲ
1235 1831 1544 1902 πρόσωπον,
1578 1831 1606 1883 ὅ
1638 1831 1689 1882 τί
1722 1831 1849 1882 ποτέ

1965 1827 2225 1897 ingentem
2275 1828 2564 1885 clamorem
2591 1832 2881 1888 excitaturi
2921 1835 3061 1890 sitis.
3105 1836 3271 1891 Unam
3298 1844 3440 1893 enim
3471 1852 3525 1896 et

248 1900 567 1991 $31!»;th
594 1924 760 1990 Θεοῦ,
794 1900 851 1987 δέ
880 1900 1215 1991 οὓτωςήέγει.
1253 1900 1317 1973 Τί
1361 1916 1452 1974 οῦν
1478 1922 1606 1991 ἡμῖν
1637 1922 1691 1972 αἱ
1721 1920 1852 1972 ὑπο-

1965 1919 2213 1974 eamdem
2246 1922 2440 1975 borum
2494 1923 2659 1976 trium
2697 1926 2983 1979 essentiam
3014 1928 3360 1996 profitemini.
3388 1931 3524 1997 Quid

247 2019 475 2082 στάσεις
521 2018 838 2088 βούλονται,
876 2016 909 2086 ἦ
954 2014 1170 2085 ὑμῖντά
1210 2013 1321 2085 (51)
1356 2013 1654 2085 πρόσωπα;
1686 2030 1851 2083 προσ-

1965 2023 2075 2076 vos,
2112 2011 2201 2079 qui
2232 2025 2493 2080 personas
2544 2013 2763 2068 dicitis?
2802 2015 2938 2069 Num
2981 2033 3163 2083 unum,
3204 2020 3525 2090 velutquid-

250 2110 533 2178 ερήσομαι
567 2108 706 2175 γάρ.
736 2106 810 2158 Τὸ
830 2104 956 2175 τρία
989 2099 1126 2156 εἶναι
1156 2100 1224 2155 τὰ
1257 2101 1630 2172 διαιρούμενα,
1662 2101 1722 2154 οὐ
1753 2101 1853 2169 φύ-

1965 2102 2076 2155 iam
2125 2104 2505 2169 compositum,
2560 2107 2742 2159 animo
2798 2106 3023 2175 ﬁngitis,
3080 2124 3143 2163 ac
3191 2119 3299 2164 tres
3327 2113 3515 2179 facies,

252 2216 425 2263 σεσιν,
461 2197 592 2251 ἀλλ’
627 2197 900 2266 ἰδιότησιν.
944 2193 1245 2264 ’Υπέρευγε
1298 2192 1431 2263 (52).
1470 2193 1594 2255 Πῶς
1624 2192 1687 2246 ἄν
1713 2210 1856 2256 τινες

1965 2204 2046 2247 aut
2077 2194 2368 2247 humanam
2399 2195 2619 2249 omnino
2646 2194 2877 2250 formam
2927 2198 3170 2253 habens?
3194 2202 3380 2256 Absit!
3426 2204 3526 2273 ipsi

1955 2298 2170 2353 quoque
2199 2284 2584 2351 inclamabitis,
2614 2300 2713 2342 nec
2756 2286 2949 2343 faciem
2977 2292 3191 2359 quidem
3220 2293 3334 2359 Dei,
3367 2310 3516 2364 quae-

1952 1015 2201 1084 quidem,
2271 1017 2448 1086 quoad
2528 1020 2818 1073 essentiam
2879 1037 2940 1076 ac
2998 1023 3276 1081 divisionis
3341 1029 3518 1083 omnis

1952 1117 2227 1175 expertem
2286 1109 2693 1174 adorationem,
2755 1111 3072 1179 credentes;
3138 1117 3239 1169 tria
3294 1127 3510 1183 autem,

1954 1208 2213 1269 quantum
2253 1201 2318 1254 ad
2365 1201 2700 1271 liypostases,
2736 1202 2850 1255 sive
2884 1218 3161 1271 personas,
3192 1216 3249 1261 ut
3279 1211 3516 1265 nonnulli

1955 1289 2180 1345 malunt.
2218 1290 2478 1345 Desinant
2507 1293 2675 1357 enim,
2705 1293 2797 1362 qui
2833 1293 2898 1348 de
2921 1294 3004 1349 bis
3034 1295 3174 1351 inter
3202 1313 3258 1353 se
3292 1308 3515 1354 conten-

1953 1380 2105 1441 dunt,
2136 1380 2387 1448 ineptire,
2428 1383 2653 1451 perinde
2693 1399 2755 1438 ac
2806 1384 2849 1438 si
2880 1384 3002 1439 ﬁdei
3029 1398 3225 1441 nostra:
3260 1390 3430 1457 pietas
3462 1392 3516 1445 in

1954 1471 2281 1536 nominibus,
2318 1487 2422 1525 non
2451 1473 2503 1525 in
2534 1473 2717 1539 rebus,
2743 1475 3026 1530 consistat.
3052 1476 3188 1542 Quid
3211 1479 3351 1532 enim
3383 1482 3518 1535 dici-

1953 1559 2042 1623 tis,
2074 1560 2164 1627 qui
2215 1569 2323 1614 tres
2362 1559 2688 1630 bypostases
2728 1561 2968 1618 all‘ertis?
3000 1565 3079 1618 An
3110 1567 3210 1621 hoc
3232 1581 3295 1622 eo
3321 1568 3520 1636 dicitis,

1954 1651 2094 1719 quod
2128 1660 2240 1706 tres
2284 1654 2549 1708 essentias
2591 1654 2958 1711 existimetis?
2990 1658 3104 1713 Non
3136 1670 3216 1715 est
3250 1663 3387 1731 apud
3431 1679 3517 1719 mc

257 2293 643 2362 συμφρονοῖεν
665 2290 777 2359 (55)
804 2286 1005 2359 μᾶλλον
1039 2285 1133 2339 καὶ
1166 2284 1225 2337 τὸ
1264 2285 1394 2338 αὐτὸ
1431 2284 1662 2353 λέγοιεν,
1696 2283 1728 2354 ἣ
1762 2283 1854 2337 οῦ-

254 2403 360 2448 τως
386 2385 647 2454 ἔχοντες,
671 2381 775 2435 κᾶν
802 2382 922 2442 ταῖς
949 2377 1237 2439 συλλαϐαῖς
1256 2376 1619 2447 διαφέρωσιν;
1664 2377 1856 2447 Ὁρᾶτε

1965 2389 2172 2443 cunque
2202 2376 2413 2430 tandem
2446 2376 2533 2431 illa
2569 2387 2673 2442 est,
2702 2393 2937 2447 unquam
2974 2380 3060 2437 ille
3092 2382 3290 2449 videat,
3320 2387 3412 2454 qui
3447 2387 3516 2440 ita

263 2470 374 2539 οἶος
409 2475 530 2543 ἐγὼ
568 2471 900 2542 διαλλακτὴς
929 2470 1077 2541 ὑμῖν,
1102 2470 1237 2541 πρὸς
1265 2469 1356 2522 τὸν
1397 2467 1522 2522 νοῦν
1558 2468 1706 2536 ἄγων
1752 2468 1858 2521 ἀπὸ

1965 2465 2145 2519 sentit.
2196 2464 2334 2532 Quid
2371 2468 2556 2536 igitur,
2592 2478 2650 2522 ut
2695 2469 3033 2540 interrogare
3087 2487 3331 2542 pergam,
3369 2476 3522 2530 vobis

268 2566 361 2619 τοῦ
386 2567 758 2636 γράμματος,
787 2561 973 2632 ὥσπερ
1002 2559 1102 2630 τὴν
1132 2558 1376 2614 Παλαιὰν
1407 2558 1499 2612 καὶ
1528 2557 1625 2628 τὴν
1654 2558 1817 2611 Νέαν.

1965 2557 2274 2627 liypostases
2315 2558 2521 2626 volunt,
2580 2570 2673 2613 aut
2722 2561 2873 2617 vobis
2929 2564 3211 2631 personm?
3250 2562 3515 2619 Nimirum

265 2659 367 2713 tria
441 2673 603 2724 esse,
670 2672 790 2727 qua:
830 2642 1180 2719 dividantur,
1230 2667 1337 2707 non
1395 2652 1622 2716 naturis,
1684 2652 1779 2706 sed
1846 2642 2302 2721 proprietatibus.
2368 2652 2598 2724 Optime.
2646 2658 2729 2709 An
2800 2655 2915 2709 ﬁeri
2966 2662 3162 2721 potest,
3210 2664 3266 2711 ut
3314 2656 3530 2725 quidam

266 2749 439 2816 magis
492 2750 651 2802 inter
699 2761 758 2802 se
806 2748 1172 2814 concordent,
1233 2758 1393 2817 atque
1433 2746 1577 2807 idem
1630 2746 1832 2810 dicant,
1872 2762 2035 2816 quam
2100 2763 2223 2803 cum
2312 2751 2385 2804 ita
2460 2751 2719 2816 sentiunt,
2775 2750 2987 2805 tametsi
3060 2749 3259 2818 alioqui
3317 2750 3534 2821 syllabis

268 2840 645 2911 discrepent?
678 2838 865 2894 Videte
894 2839 1107 2909 qualem
1156 2838 1306 2894 vobis
1360 2838 1757 2908 paciﬁcatorem
1799 2852 1884 2892 me
1930 2839 2227 2907 praebeam;
2274 2855 2303 2894 a
2337 2840 2513 2894 littera
2566 2843 2635 2896 ad
2683 2850 2915 2897 mentem
2971 2843 3276 2909 traducens,
3339 2859 3525 2914 quem-

270 2932 572 2988 admodum
625 2930 671 2987 si
718 2930 841 3000 quis
897 2928 1062 2985 Vetus
1103 2929 1508 2985 Testamentum
1547 2936 1601 2983 et
1639 2927 1847 2983 Novum
1885 2938 2172 2997 componat
2204 2940 2257 2984 et
2283 2931 2548 2985 conciliet.

338 3050 444 3101 IZ'.
488 3045 639 3100 Ἀλλ’
674 3043 955 3096 ἐπανιτέον
990 3058 1079 3112 μοι
1104 3040 1264 3095 πάλιν
1290 3039 1423 3111 πρὸς
1446 3038 1556 3110 (54)
1584 3039 1675 3093 τὸν
1700 3038 1859 3091 αὑτὸν

2040 3041 2201 3111 760
2257 3038 2413 3094 XVII.
2476 3040 2582 3095 Sed
2639 3056 2744 3106 eo,
2804 3044 2944 3098 unde
3017 3043 3244 3111 digressi
3305 3059 3530 3111 sumus,

276 3139 454 3207 λόγον.
493 3139 579 3191 Τὸ
610 3137 708 3207 μὲν
740 3129 833 3187 οὖν
863 3133 1179 3203 ἀγέννητον,
1214 3132 1309 3184 καὶ
1361 3133 1422 3183 τὸ
1461 3130 1737 3201 γεννητὸν,
1770 3131 1864 3183 καὶ

277 3231 334 3283 τὸ
356 3226 697 3300 έκπορευτὸν
722 3222 965 3292 λεγέσθω
1016 3240 1075 3275 τε
1107 3222 1199 3275 καὶ
1240 3220 1485 3286 νοείσθω,
1519 3221 1571 3273 εί
1605 3239 1681 3291 τῳ
1715 3222 1863 3290 φίλον

278 3320 640 3391 δημιουργεῖν
677 3317 951 3386 ὀνόματαο
1007 3314 1068 3366 οὐ
1124 3312 1232 3382 γὰρ
1280 3312 1560 3383 δείσομεν,
1612 3315 1686 3384 μή
1737 3331 1864 3366 ποτε

280 3411 469 3481 νοῆται
504 3409 625 3481 (55)
663 3405 990 3477 σωματικῶς
1021 3404 1089 3457 τὰ
1137 3402 1403 3472 ἀσώματα
1433 3402 1543 3474 (56)
1563 3441 1578 3466 ,
1610 3404 1746 3474 ὅπερ
1778 3403 1864 3456 δο-

286 3504 369 3556 κεῖ
399 3504 515 3566 τοῖς
550 3497 1047 3571 ὲπηρεασταίςβἹ)
1077 3496 1348 3568 θεότητος.
1380 3495 1601 3566 Κτίσμα
1622 3495 1699 3560 δὲ,
1730 3496 1864 3548 Θεοῦ

289 3594 385 3663 μὲν
430 3592 714 3661 λεγέσθω·
751 3590 897 3662 μέγα
929 3588 1038 3659 γὰρ
1082 3589 1211 3657 ἡμῖν
1251 3586 1345 3640 καὶ
1386 3585 1575 3638 τοῦτο·
1613 3586 1743 3649 Θεὸς
1776 3586 1863 3651 δὲ,

293 3687 582 3757 μηδαμῶς.
622 3686 694 3737 Ἦ
725 3684 843 3737 τότε
876 3682 1095 3751 δέξομαι
1128 3681 1335 3751 κτίσμα
1369 3675 1508 3733 εἶναι
1546 3679 1698 3744 Θεὸν,
1741 3681 1866 3733 ὅταν

289 3776 443 3845 κάγὼ
472 3777 725 3847 γένωμαι
780 3773 984 3843 κυρίως
1046 3770 1197 3834 Θεός.
1240 3772 1391 3841 Ἔχει
1446 3770 1555 3839 γὰρ
1581 3769 1772 3832 οὕτως.
1806 3770 1867 3822 Εἰ

295 3871 390 3939 μὲν
428 3870 587 3935 Θεὸς,
616 3870 677 3921 οὐ
701 3868 933 3936 κτίσμα·
958 3865 1076 3936 μεθ’
1104 3864 1259 3935 ἡμῶν
1285 3864 1392 3935 γὰρ
1416 3864 1476 3916 τὸ
1504 3864 1726 3934 κτίσμα,
1760 3864 1868 3917 τῶν

291 3963 349 4015 οὐ
385 3964 551 4017 θεῶν.
598 3964 660 4016 Εἰ
683 3961 890 4031 κτίσμα
923 3959 999 4023 δὲ,
1028 3958 1088 4010 οῦ
1116 3957 1247 4021 Θεός
1270 3972 1281 3985 ·
1326 3956 1526 4026 ἤρξατο
1559 3955 1667 4028 γὰρ
1690 3973 1868 4027 χρονι-

282 4054 423 4117 -κῶς.
470 4056 541 4108 Ὃ
573 4054 630 4107 δὲ
668 4052 891 4123 ἧρξατο,
920 4046 988 4119 ἦν
1017 4050 1106 4102 ὅτε
1131 4049 1230 4101 οὐκ
1247 4042 1312 4117 ἦν
1342 4047 1475 4117 (58).
1512 4039 1587 4100 Ob
1637 4047 1694 4099 δὲ
1740 4063 1869 4117 πρε-

297 4145 563 4218 σϐύτερον
585 4145 644 4198 τὸ
668 4145 766 4197 οῦκ
783 4139 871 4213 ἦν,
895 4141 1052 4195 τοῦτο
1080 4141 1140 4193 οὐ
1168 4140 1370 4211 κυρίως
1394 4139 1472 4193 ὸν.
1509 4137 1582 4190 Τὸ
1606 4138 1663 4190 δὲ
1687 4137 1759 4207 μὴ
1775 4153 1869 4190 κυ-

300 4235 426 4303 ρίως
480 4233 565 4298 ὃν,
599 4233 714 4294 πῶς
745 4232 910 4298 Θεός;
974 4228 1111 4285 Οῦτε
1147 4225 1237 4282 οὖν
1285 4227 1489 4299 κτίσμα
1529 4227 1636 4280 τῶν
1663 4225 1828 4296 τριῶν
1851 4266 1866 4290 ,

295 4326 414 4379 οὐδὲ
441 4328 504 4381 ἓν
529 4341 543 4354 ’
577 4324 721 4389 οὔτε,
749 4325 778 4378 ὃ
808 4323 999 4378 τούτου
1027 4326 1227 4393 χεῖρον,
1273 4321 1341 4374 δι’
1389 4322 1488 4391 ἐμὲ
1534 4321 1821 4390 γενόμενον
1852 4336 1863 4349 ·

297 4418 381 4471 ἵνα
418 4420 495 4491 μὴ
524 4419 730 4488 κτίσμα
831 4417 1008 4487 μόνον,
1054 4414 1188 4469 ἀλλὰ
1219 4415 1311 4466 κει)⁸
1344 4412 1498 4483 ἡμῶν
1526 4414 1862 4483 ἀτιμότερον.

234 4542 242 4553 ι
299 4509 359 4563 Ei
388 4511 499 4583 γὰρ
527 4510 640 4579 ἐγὼ
671 4510 769 4580 μὲν
796 4512 875 4572 είς
897 4508 1056 4574 δόξαν
1090 4506 1247 4573 Θεοῦ,
1273 4505 1432 4558 τοῦτο
1456 4505 1512 4557 δὲ
1537 4506 1647 4575 (59)
1678 4504 1743 4556 δι’
1768 4504 1867 4574 ἐμὲ

301 4601 351 4671 (ἠ
377 4604 637 4675 πυράγρα
672 4601 784 4672 (40)
821 4600 911 4654 διὰ
942 4600 1042 4672 τὴν
1072 4597 1306 4669 ἅμαξαν,
1340 4597 1373 4667 ἢ
1400 4600 1428 4650 ὁ
1452 4597 1625 4665 πρίων
1654 4596 1743 4649 διὰ
1772 4595 1868 4665 τὴν

303 4691 511 4767 θύραν),
568 4695 705 4751 νικῶ
733 4696 800 4764 τῇ
845 4692 1013 4765 αἰτίᾳ.
1046 4692 1196 4762 Ὅσῳ
1238 4689 1347 4761 γὰρ
1398 4687 1714 4759 κτισμάτων
1738 4686 1869 4750 Θεὸς

373 4936 483 5007 (‘27)
516 4937 748 5005 Ὠσπερ
776 4936 870 5007 γὲν.
905 4934 1010 5007 Sic,
1046 4936 1153 4991 duo
1189 4935 1383 5006 Regg.,
1413 4934 1518 4989 duo
1548 4933 1735 4997 Coisl.,
1778 4932 1874 4989 Or.

306 5003 358 5066 2.
386 5003 491 5076 etc.
527 5008 583 5061 In
618 5003 727 5076 ed.,
761 5006 950 5076 ὥσπερ
982 5005 1067 5076 ἄν.

375 5075 484 5145 (28)
538 5075 720 5130 Τοῦτο
752 5071 977 5145 λέγετε.
1032 5075 1121 5130 Sic
1168 5074 1345 5143 plures
1395 5072 1560 5145 Regg.
1609 5081 1663 5128 et
1683 5071 1872 5145 iColb.,

315 5141 411 5197 duo
442 5141 633 5207 Coisl.,
670 5141 845 5199 Gabr.
867 5155 921 5199 et
952 5145 1143 5199 Comb.
1169 5141 1335 5199 Deest
1358 5141 1531 5196 τοῦτοί
1550 5145 1603 5197 in
1628 5144 1714 5196 ed.

379 5213 485 5283 (29)
532 5214 997 5283 ’Υπειληςσότων-⁹
1032 5213 1161 5283 Reg.
1200 5215 1307 5275 bin,
1342 5212 1763 5283 συνειληφότων.

377 5282 486 5351 (50)
522 5282 964 5351 Τριπρόσωπον.
1006 5303 1023 5335 ι
1051 5282 1184 5337 Tres
1211 5284 1377 5337 facies
1411 5282 1635 5337 habens.
1665 5302 1683 5334 ι
1716 5282 1877 5337 Ludit

313 5348 595 5423 Gregorius
624 5348 677 5423 in
703 5354 1126 5423 mquivocatione
1147 5352 1320 5423 Graeci
1351 5353 1604 5410 nominis.
1636 5367 1701 5405 co
1732 5355 1872 5422 quod

316 5421 592 5490 πρόσωπον
606 5421 1014 5479 Grazceifaciem
1038 5421 1261 5477 simulet
1272 5421 1875 5492 personamisignilicet.

383 5492 602 5572 (31KB.
628 5492 770 5572 ιξῌζξξ
798 5492 1010 5572 td.BSic
1043 5490 1347 5572 tres_liegg.
1380 5502 1436 5572 et
1467 5494 1572 5548 duo
1595 5491 1756 5547 Coisl.
1790 5490 1880 5546 Sic
1979 5492 2122 5572 ei:in

286 5558 287 5561 “
318 5558 480 5632 οιῑιῃιι
505 5561 633 5631 legit
655 5558 861 5632 Dillius.
892 5562 1053 5632 Deest
1084 5563 1212 5632 ὑμῖν
1245 5558 1418 5632 iii'ed.

384 5630 492 5719 (τε)
535 5630 1029 5719 ’Υῐτέρειξτῖεονδῐε
1058 5630 1242 5719 Nares
1268 5630 1448 5719 Bess-
1492 5639 1546 5685 οι
1588 5630 1736 5686 Co")-
1772 5631 1877 5686 δυο

322 5696 496 5771 ευῑξις,
539 5711 643 5754 etc.
674 5696 730 5755 In
760 5696 846 5756 ed.
877 5696 1111 5767 divisim,
1146 5700 1286 5771 ὑπὲρ
1314 5696 1463 5769 εὖγε.

386 5768 962 5847 (55)ΑΣιζμφροζοῖεν.
987 5771 1091 5847 _Sic
1120 5768 1265 5847 Reg.
1302 5773 1395 5840 ph,
1433 5771 1668 5847 quinque
1699 5769 1873 5847 Cplb.,

325 5834 487 5895 Celsi.
511 5839 565 5909 2,
598 5834 745 5911 Rat-8:,
771 5841 958 5899 Comb.
985 5840 1042 5897 In
1070 5842 1177 5911 ed.,
1208 5834 1552 5914 ἇωῴρονοῗεν,
1581 5834 1610 5893 ἰ
1636 5841 1876 5898 modeste

1966 3133 2298 3186 redeundum
2345 3143 2446 3187 est.
2497 3132 2769 3200 lngenitus
2814 3134 3066 3203 quidem,
3113 3143 3169 3190 et
3207 3136 3439 3204 genitus,
3481 3146 3535 3191 et

1965 3224 2292 3293 procedens,
2344 3224 2592 3279 dicantur
2634 3239 2766 3280 sane
2807 3234 2861 3281 et
2909 3226 3309 3296 intelligantur,
3347 3228 3392 3284 si
3443 3228 3529 3283 cui

1966 3317 2184 3370 nomina
2214 3316 2416 3386 lingere
2445 3316 2645 3372 libeat:
2681 3332 2786 3372 non
2829 3318 2969 3372 enim
3004 3319 3327 3385 verebimur,
3356 3333 3421 3373 ne
3448 3335 3531 3386 ea,

1968 3422 2087 3477 quae
2119 3421 2346 3475 corpore
2381 3416 2587 3473 carent,
2635 3422 2897 3476 corporeo
2947 3408 3105 3463 modo
3140 3408 3527 3477 intelligantur,

1966 3495 2412 3563 quemadmodum
2470 3495 2534 3550 iis
2582 3496 2788 3565 placet,
2839 3496 2930 3566 qui
2978 3496 3171 3551 Deitati
3212 3497 3533 3552 calumniam

1968 3586 2223 3640 inferunt.
2256 3586 2325 3647 At
2354 3594 2628 3651 creatura,
2666 3585 2760 3641 Dei
2795 3587 3011 3656 quidem
3046 3587 3283 3655 dicatur;
3327 3605 3447 3644 nam
3485 3591 3536 3645 id

1967 3692 2182 3749 quoque
2230 3678 2383 3733 nobis
2431 3678 2663 3747 amplum
2710 3686 2763 3733 et
2815 3678 3167 3735 honorificum
3211 3690 3347 3735 est:
3398 3681 3539 3737 Deus

1968 3783 2181 3839 autem,
2218 3785 2578 3841 nequaquam.
2607 3770 2853 3839 Alioqui,
2888 3778 2995 3825 tum
3032 3769 3201 3826 Deum
3235 3781 3535 3828 creaturam

1968 3877 2090 3919 esse
2140 3863 2450 3927 admittam,
2519 3876 2639 3916 cum
2694 3863 2806 3930 ipse
2866 3876 3079 3931 quoque
3129 3862 3343 3932 proprie
3396 3861 3539 3919 Deus

1969 3954 2142 4010 fuero.
2175 3954 2263 4010 Sic
2293 3954 2435 4009 enim
2465 3968 2524 4011 se
2554 3969 2639 4010 res
2673 3955 2851 4009 liabet.
2891 3953 2952 4009 Si
2980 3954 3121 4011 Deus
3148 3964 3258 4021 est,
3292 3965 3539 4011 creatura

1971 4062 2075 4102 non
2111 4056 2225 4113 est;
2267 4056 2515 4101 creatura
2551 4047 2693 4100 enim
2733 4047 3009 4101 nobiscum
3044 4056 3159 4112 est,
3203 4049 3293 4117 qui
3325 4048 3397 4102 dii
3432 4062 3538 4103 non

1971 4152 2174 4194 sumus.
2203 4137 2258 4191 Si
2288 4146 2465 4192 autem
2492 4145 2737 4192 creatura
2763 4146 2874 4205 est,
2904 4140 3089 4208 utique
3121 4137 3262 4192 Deus
3291 4154 3397 4195 non
3419 4148 3539 4206 est;

1972 4230 2227 4299 temporis
2269 4230 2412 4284 enim
2458 4231 2668 4284 ratione
2708 4238 2886 4284 ortum
2936 4229 3139 4284 habuit.
3169 4229 3320 4295 Quod
3360 4237 3539 4284 autem

1971 4332 2146 4378 ortum
2179 4321 2400 4389 habuit,
2426 4322 2713 4390 aliquando
2740 4336 2843 4376 non
2879 4332 3016 4378 erat.
3050 4321 3202 4388 Quod
3240 4336 3366 4375 vero
3392 4321 3444 4374 in
3475 4335 3538 4374 ca

1972 4423 2131 4462 causa
2172 4415 2288 4472 est,
2324 4417 2381 4462 ut
2412 4408 2462 4461 id
2487 4447 2502 4475 ,
2541 4410 2683 4476 quod
2724 4421 2829 4461 non
2863 4416 3008 4473 erat,
3046 4422 3110 4462 eo
3140 4406 3411 4476 antiquius
3440 4407 3540 4472 sit,

1976 4502 2078 4555 hoc
2122 4507 2301 4566 certe,
2358 4499 2569 4568 pr0prie
2617 4514 2721 4553 non
2765 4508 2867 4554 est.
2912 4497 3064 4564 Quod
3115 4506 3291 4552 autem
3328 4498 3543 4567 proprie

1977 4608 2082 4647 non
2113 4600 2227 4655 est,
2264 4606 2368 4660 quo
2398 4591 2611 4646 tandem
2650 4592 2808 4646 modo
2845 4589 2983 4646 Deus
3010 4604 3131 4646 esse
3157 4589 3364 4658 queat?
3400 4588 3541 4656 Ergo

1974 4695 2073 4737 nec
2103 4681 2393 4752 quidquam
2422 4681 2614 4736 borum
2641 4681 2800 4736 trium
2825 4694 3073 4737 creatura
3101 4694 3212 4744 eSt;
3249 4693 3369 4746 nec,
3397 4677 3541 4748 quod

1976 4946 2035 4988 se
2064 4938 2269 5001 gerant.
2285 4948 2304 4984 ι

2046 4998 2157 5071 (54)
2185 5001 2358 5071 Πρᾴς.
2390 4998 2524 5068 Reg.
2554 4999 2664 5064 bm,
2694 5001 2805 5054 ἐπί.

2070 5066 2159 5137 55)
2189 5066 2433 5137 Νοῆται.
2474 5066 2530 5123 In
2566 5071 2855 5135 nonnullis,
2889 5066 3064 5137 νοῆτε.

2072 5133 2161 5208 56)
2190 5133 2503 5209 Ἀσῶματα.
2530 5157 2547 5190 ι
2573 5133 2913 5209 Incorporea.
2940 5156 2957 5187 ι
2974 5133 3077 5209 ’δίο
3100 5133 3206 5188 duo
3224 5133 3412 5209 Cois!"
3436 5143 3542 5209 etc.

1976 5202 2066 5267 Sic
2097 5202 2260 5266 etiam
2295 5202 2424 5279 legit
2469 5208 2589 5263 Bill.
2641 5220 2695 5263 et
2729 5202 2813 5279 ita
2859 5208 3139 5274 legendum
3184 5220 3249 5257 cx
3298 5202 3541 5279 Gregorii

1974 5296 2154 5351 scopo.
2183 5274 2434 5334 Mendese
2477 5279 2528 5351 in
2570 5279 2682 5342 ed.,
2737 5277 2988 5348 σώματα,
3040 5294 3057 5328 ι
3082 5288 3326 5341 corpora,
3355 5293 3375 5325 ι
3440 5274 3540 5337 vel,

1984 5371 2001 5404 ι
2032 5368 2093 5405 ea
2129 5366 2251 5419 quae
2280 5362 2505 5415 corpore
2536 5357 2805 5419 constant.
2832 5367 2850 5401 ι

2049 5409 2163 5491 (57)
2210 5409 2658 5484 Ἐπηρεασταῖς.
2711 5419 2802 5474 Sic
2854 5415 2983 5486 Reg.
3034 5416 3144 5478 bm,
3178 5422 3280 5466 etc.
3325 5409 3379 5463 In
3432 5412 3543 5474 ed.,

2126 5507 2145 5529 ε

2048 5505 2433 5640 agiagi-.5“
2456 5557 2567 5611 οὐκ
2610 5553 2708 5627 ἦν.
2748 5555 2907 5611 «Erat
2936 5568 3054 5609 cum
3091 5565 3193 5604 non
3220 5556 3390 5603 erat.»
3433 5547 3544 5601 Iro-

1980 5632 2098 5685 nice
2126 5632 2349 5684 dictum.

1978 5770 1987 5781 ⁸
2046 5699 2156 5781 (ὅθ)
2195 5696 2373 5751 Τοῦτο
2401 5697 2484 5751 δέ.
2525 5696 2613 5752 Sic
2660 5696 2786 5765 Reg.
2822 5694 2911 5765 pb,
2938 5692 3030 5747 0r.
3061 5689 3116 5754 2,
3151 5698 3254 5743 etc.
3300 5688 3454 5742 Deest
3483 5686 3540 5738 δέ

1979 5770 2154 5911 ll)(i‘t'l)
2191 5835 2486 5908 Hl'f‘d‘ﬂ‘a.
2534 5835 2591 5892 In
2635 5833 2922 5902 nonnullis,
2974 5829 3230 5902 περίγρα,
3276 5805 3347 5881 οἷ
3377 5825 3543 5880 vcrbo
