4050 6298
557 447 663 503 479
1763 431 1821 487 S.
1864 424 2203 486 GREGORll'
2229 421 2579 480 THEOLOGI
3749 412 3853 470 480

553 578 619 620 eo
659 558 929 627 deterius,
968 563 1187 629 propter
1225 567 1309 609 me
1347 558 1587 608 creatum
1627 555 1728 604 est.
1776 546 1988 615 Alioqui
2022 558 2133 599 non

2256 540 2592 611 ὒψηλότερος,
2627 534 2882 588 τοσοῦτον
2937 533 3045 605 (41)
3092 530 3185 587 τοῦ
3214 529 3315 586 διά
3343 527 3490 584 Θεδν
3525 524 3856 594 ὑποστάντος

555 655 715 708 modo
763 626 1010 707 creatura
1066 654 1249 712 esset,
1303 646 1396 701 sed
1446 644 1607 698 etiam
1660 639 1816 694 nobis
1874 636 2136 707 abjectior

2256 631 2399 703 ἐμοῦ,
2437 629 2499 682 τὸ
2528 628 2594 699 δι’
2619 628 2715 698 ἐμὲ
2739 627 3041 697 γινόμενον,
3071 626 3439 698 ἀτιμότερον.

554 756 715 814 atque
744 742 1124 812 contemptior.
1152 740 1286 793 Nam
1327 738 1371 793 si
1396 752 1495 808 ego
1530 736 1595 790 ad
1631 733 1725 787 Dei
1755 731 1977 803 gloriam
2014 727 2262 783 conditus
2334 738 2452 779 sum
2481 763 2495 787 ,
2538 723 2642 775 boe
2685 730 2861 775 autem
2929 728 3146 787 propter
3206 733 3304 772 me
3353 714 3622 814 (forceps
3675 713 3855 783 utique

556 805 773 907 propter
805 805 1025 888 curru-m
1061 830 1307 893 efﬁcitur,
1338 805 1453 883 autv
1489 843 1606 882 sera
1672 834 1890 896 propter
1914 819 2207 891 januam),
2246 816 2490 881 sequitur
2535 812 2775 883 profecto
2800 853 2815 876 ,
2869 821 2930 865 ut
2972 808 3224 878 respectu
3289 821 3486 862 causa:
3538 805 3644 858 sim
3699 820 3854 907 stipe:

559 892 689 980 'rlor.
727 925 943 990 Quanto
973 922 1114 976 enim
1143 892 1469 975 Deusrebus
1495 892 1695 969 creatis
1758 892 1840 967 est
1908 909 2207 971 sublimior,
2249 915 2394 959 tanto
2426 904 2476 958 id
2502 944 2517 969 ,
2569 903 2709 971 quod
2758 917 2873 956 mea
2920 914 3083 957 causa
3125 906 3380 951 creatum
3419 903 3543 963 est,
3592 909 3722 961 me,
3765 892 3853 964 qul

556 1031 777 1090 propter
812 1018 979 1073 Deum
1020 1016 1241 1071 effectus
1275 1028 1389 1067 sum
1415 1051 1430 1071 ,
1462 1010 1621 1063 vilius
1654 1017 1816 1075 atque
1847 1002 2133 1073 ignobilius
2173 1008 2275 1055 est.
2314 1013 2323 1019 “

629 1085 813 1167 XVIII.
858 1111 1185 1177 Propterea,
1226 1100 1472 1158 Motibitis
1512 1098 1726 1167 quidem
1762 1104 1815 1149 et
1848 1091 2136 1177 Ammoni-

2315 1089 2420 1140 IH’.
2452 1103 2594 1158 ,ιρος
2619 1085 2814 1151 ταῦτα,
2850 1085 3152 1149 Μοαϐίταις
3182 1087 3283 1157 μὲν
3323 1086 3429 1139 καὶ
3481 1085 3851 1156 Ἀμμωνίταις

561 1205 632 1259 tis
683 1218 783 1258 nec
818 1176 996 1255 aditus
1035 1197 1101 1251 ad
1143 1193 1438 1250 Ecclesiam
1481 1189 1573 1241 Dei
1608 1194 1829 1255 pateat,
1880 1176 1979 1238 hoc
2017 1190 2099 1237 est
2123 1221 2137 1244 ,

2256 1178 2376 1248 ιηδὲ
2405 1176 2671 1246 είσιτητὸν
2702 1179 2782 1239 εἰς
2808 1176 3133 1246 Ἐκκλησίαν
3161 1178 3305 1230 ἔστω
3325 1176 3499 1241 Θεοῦ,
3530 1176 3714 1245 λόγοις
3744 1178 3851 1230 δια-

562 1291 857 1349 dialecticis
889 1300 944 1344 et
980 1288 1160 1357 impiis
1189 1275 1559 1342 sermonibus,
1592 1277 1680 1346 qui
1712 1274 1806 1329 Dei
1838 1274 2143 1344 generatio-

2256 1271 2511 1331 taxttxoig
2550 1285 2609 1320 τε
2653 1268 2745 1320 καὶ
2793 1268 3271 1339 κακοπράγμοσιν,
3331 1269 3385 1321 οἳ
3420 1268 3688 1338 γέννησιν
3720 1269 3848 1322 Θεοῦ

561 1398 685 1438 nem
732 1396 795 1435 ac
836 1378 1237 1449 processionem
1263 1414 1276 1438 ,
1320 1385 1437 1440 quae
1482 1367 1644 1422 nullis
1680 1364 1858 1418 verbis
1887 1361 2142 1430 explicari

2256 1358 2848 1430 πολυπραγμονοῦντες,
2886 1360 2981 1411 καὶ⁸
3022 1359 3247 1428 πρόοδον
3278 1358 3564 1429 ἄρρητον,
3596 1357 3850 1423 κατεξαν-

560 1479 742 1543 potest
766 1510 781 1536 ,
820 1469 1091 1531 curiosius
1119 1471 1424 1520 scrutantes
1452 1498 1468 1524 ,
1510 1458 1769 1513 adversus
1797 1454 2143 1507 Divinitatem

2256 1450 2490 1503 ἵστανται
2525 1448 2815 1520 τολμηρῶς
2854 1449 3137 1520 θεότητος·
3174 1450 3249 1513 ὠς
3282 1449 3436 1515 δέον,
3464 1448 3499 1519 ἢ
3532 1449 3731 1517 ἐφικτὰ
3758 1450 3846 1518 μό-

564 1574 765 1619 temere
803 1563 1118 1631 insurgunt;
1164 1554 1389 1627 perinde
1431 1552 1669 1614 scilicet,
1709 1564 1774 1604 ac
1810 1546 1854 1602 si
1892 1561 1954 1601 ea
1978 1586 1993 1612 ,
2029 1559 2150 1613 quae

2256 1558 2356 1604 νοις
2386 1536 2524 1593 εἶναι
2554 1540 2623 1593 τὰ
2667 1540 2806 1611 ὑπὲρ
2844 1540 3020 1609 λόγον,
3051 1542 3083 1611 ἢ
3127 1540 3262 1611 μηδὲ
3300 1536 3453 1593 εἶναι
3477 1580 3492 1604 ,
3527 1541 3613 1593 ὅτι
3651 1541 3726 1611 μὴ
3753 1542 3846 1593 αὖα

563 1656 672 1708 vim
715 1668 929 1707 omnem
968 1630 1030 1706 iet
1076 1648 1384 1703 facultatent
1419 1644 1710 1698 verborum
1752 1646 2041 1709 superant,
2081 1636 2148 1690 ab

2256 1631 2327 1683 τοὶ
2379 1631 2792 1701 κατειλήφασιν.
2837 1631 3029 1700 Ἡμεῖς
3084 1630 3141 1683 δὲ
3192 1632 3320 1693 ταῖς
3385 1630 3574 1692 θείαις
3610 1630 3847 1701 Γραφαῖς

565 1745 697 1815 ipsis
733 1742 865 1798 solis
894 1740 1096 1811 percipi
1149 1752 1302 1805 posse
1334 1741 1614 1803 oporteat;
1655 1730 1741 1784 vel
1778 1728 1998 1783 omnino
2043 1741 2148 1780 non

2256 1721 2520 1789 ἑπόμενοι,
2556 1720 2647 1772 καὶ
2683 1721 2751 1773 τὰ
2781 1721 3074 1790 ὲγκείμενα
3106 1720 3293 1773 σκῶλα
3324 1722 3446 1782 τοῖς
3476 1719 3843 1788 τυφλώττουσι

564 1810 722 1900 esse,
754 1810 1007 1902 quoniam
1050 1829 1148 1897 ipsi
1189 1841 1251 1880 ea
1283 1823 1559 1878 intellectu
1592 1820 1810 1889 assequi
1852 1823 2142 1886 nequeant.

2256 1813 2481 1877 λύοντες,
2541 1814 2639 1882 τῆς
2698 1812 2973 1883 σωτηρίας
3034 1810 3289 1883 ἑξόμεθα,
3326 1811 3521 1864 πάντα
3548 1810 3845 1879 τολμῶντες

562 1924 673 1980 Nos
721 1885 898 1978 autem
948 1922 1240 1988 Scripturre
1293 1915 1488 1971 divina:
1541 1911 1783 1979 vestigiis
1835 1908 2097 1962 hazrentes
2129 1944 2144 1969 ,

2256 1905 2516 1974 πρότερον
2539 1903 2672 1973 (ιίὲἒ),
2702 1902 2900 1974 ἢκατὰ
2921 1902 3057 1955 Θεοῦ
3092 1921 3143 1955 τι
3164 1901 3580 1956 νεανιεύεσθαι.
3611 1901 3720 1964 Τάς
3751 1901 3842 1971 μὲν

564 2026 727 2084 atque
768 2015 993 2068 obscura
1042 2011 1157 2064 loca
1187 2050 1201 2072 ,
1244 2023 1363 2077 quae
1401 2002 1808 2060 cmentientibus
1846 1996 2145 2052 molestiam

2256 1996 2312 2066 δὴ
2342 1995 2644 2065 μαρτυρίας
2706 1994 2886 2057 ἄλλοις
2933 1995 3274 2064 παρήσομεν,
3334 1993 3565 2056 πολλοῖς
3617 2011 3675 2045 τε
3699 1993 3841 2061 λογο-

566 2106 854 2170 exhibent,
885 2103 1294 2163 submoventes,
1333 2094 1603 2151 consertis
1643 2091 1890 2144 manibus
1924 2087 2146 2142 salutem

2256 2088 2625 2161 γραφηθείσας
2659 2088 2759 2158 ήδη
2791 2087 3069 2149 πολλάκις,
3105 2085 3199 2138 καὶ
3245 2086 3389 2155 ἡμῖν
3422 2086 3487 2137 οὐ
3533 2083 3838 2155 παρέργως.

564 2196 921 2251 retinebimus
945 2232 960 2257 ,
988 2193 1248 2261 priusque
1279 2188 1457 2241 omnia
1488 2186 1746 2238 audacter
1778 2181 2110 2252 perferemus
2131 2217 2146 2242 ,

2256 2181 2363 2232 Καὶ
2397 2179 2515 2250 ἅμα
2574 2179 2692 2231 λίαν
2728 2178 2950 2251 αἰσχρὸν
3009 2178 3132 2248 ἐμοὶ
3170 2178 3324 2246 γοῦν,
3354 2177 3458 2231 νῦν
3499 2176 3602 2239 τὰς
3642 2176 3841 2239 πίστεις

568 2303 731 2358 quam
774 2296 833 2339 ut
880 2286 1140 2337 adversus
1185 2282 1349 2333 Deum
1392 2288 1593 2331 temere
1633 2283 1794 2341 atque
1837 2278 2150 2339 arroganter

567 2377 768 2445 aliquid
810 2372 1208 2442 aggrediamur.
1267 2369 1331 2422 Et
1389 2366 1604 2436 quidem
1653 2364 1949 2432 Scriptura)
1996 2359 2149 2413 testi-

571 2467 754 2520 monia
795 2464 914 2518 aliis
959 2462 1364 2528 relinquemus,
1400 2471 1521 2511 cum
1573 2470 1601 2507 a
1644 2453 1827 2507 multis
1858 2451 1968 2519 jam
2012 2462 2150 2518 smpe

568 2555 765 2609 litteris
801 2553 1051 2606 mandata
1079 2591 1094 2615 ,
1140 2560 1248 2603 tum
1292 2548 1451 2601 etiam
1490 2561 1519 2598 a
1564 2544 1718 2598 nobis
1760 2544 1899 2597 haud
1933 2540 2152 2609 perfun-

569 2645 740 2699 ctorie
756 2642 1169 2711 etnegligenter.
1190 2640 1266 2692 Ac
1283 2638 1462 2698 simul,
1486 2651 1599 2688 mea
1629 2635 1844 2704 quidem
1864 2632 2148 2696 sententia,

572 2745 728 2804 turpe
766 2733 1050 2786 admodum
1081 2729 1275 2793 fuerit,
1312 2742 1452 2781 nunc
1483 2726 1639 2796 761
1697 2737 1879 2777 earum
1935 2736 2149 2787 rerum,

570 2839 693 2894 qua:
739 2822 1059 2891 jampridem
1112 2829 1263 2874 certo
1306 2820 1597 2883 explorata:
1631 2823 1790 2877 sunt,
1835 2820 2150 2879 argumenta

571 2916 841 2986 colligere.
888 2913 1071 2982 Neque
1104 2912 1246 2967 enim
1291 2911 1525 2979 optimus
1562 2907 1694 2962 ordo
1733 2914 1818 2961 est
1858 2906 2006 2973 prius
2051 2903 2151 2958 do-

569 3023 730 3075 cere,
782 3022 845 3061 ac
895 3016 1082 3076 postea
1136 3004 1399 3068 discere;
1443 3016 1549 3055 non
1599 3001 1775 3054 dicam
1820 2998 2044 3062 divina,
2098 3006 2154 3051 et

572 3115 742 3169 usque
771 3100 905 3152 adeo
938 3111 1127 3166 magna
1167 3105 1222 3149 et
1253 3093 1501 3149 sublimia
1535 3130 1550 3155 ,
1592 3091 1685 3146 sed
1728 3102 1796 3142 ne
1843 3087 1987 3141 aliud
2032 3086 2153 3155 qui-

2254 2269 2530 2336 συλλέγειν
2555 2269 2662 2320 τῶν
2699 2268 2863 2322 πάλαι
2896 2268 3375 2338 πεπιστευμένων.
3404 2266 3580 2333 Τάξις
3609 2267 3716 2337 γὰρ
3746 2267 3838 2319 οὐκ

2253 2362 2450 2433 ἀρίστη
2483 2360 2753 2414 διδάσκειν
2786 2360 3070 2431 πρότερον,
3106 2353 3225 2411 εἶτα
3285 2358 3617 2429 μανθάνειν,
3665 2356 3737 2427 μὴ
3764 2357 3839 2409 ὃτι

2254 2453 2320 2505 τὰ
2349 2452 2467 2505 θεῖα
2496 2452 2587 2503 κα)⁴
2609 2450 2910 2522 τηλικαῦτα
2926 2449 2985 2501 τὸ
3005 2448 3250 2518 μέγεθος,
3270 2448 3396 2500 ἀλλ’
3424 2447 3548 2499 οὐδὲ
3584 2446 3642 2499 ἄ)
3653 2446 3709 2498 λο
3731 2446 3831 2516 (45)

2252 2560 2304 2594 τι
2333 2542 2440 2595 τῶν
2476 2543 2687 2614 μικρῶν
2711 2541 2804 2593 καὶ
2831 2540 2924 2593 τοῦ
2955 2540 3182 2611 μηδενὸς
3206 2538 3401 2603 ἀξίων.
3432 2539 3549 2593 Καὶ
3570 2538 3636 2591 τὰ
3659 2539 3722 2590 ἐκ
3744 2536 3835 2606 τῆς

2252 2633 2614 2704 ΓραφῆςίιΗ)
2646 2631 3049 2703 προσκόμματα
3101 2630 3248 2683 λύειν
3288 2631 3390 2685 καὶ
3438 2628 3744 2701 διαρθροῦν,
3776 2628 3831 2681 οὐ

2252 2724 2345 2777 τοῦ
2393 2725 2660 2796 παρόντος
2711 2723 2933 2793 καιροῦ,
2988 2723 3223 2793 σπουδῆς
3276 2723 3337 2775 δὲ
3384 2723 3724 2793 τελεωτέρας
3748 2720 3833 2774 καὶ

2258 2814 2535 2887 μείζονος,
2567 2815 2599 2883 ἢ
2634 2814 2778 2867 κατὰ
2818 2816 2917 2884 τὴν
2948 2815 3225 2885 παροῦσαν
3270 2816 3459 2886 ὁρμὴν
3508 2814 3609 2884 τῆς
3648 2811 3830 2865 ὑποθέ-

2256 2916 2410 2970 σεως.
2452 2909 2508 2960 Ὀ
2532 2909 2576 2961 δ’
2606 2904 2698 2961 οὖν
2729 2909 2885 2978 λόγος
2906 2910 3084 2980 ἡμῶν,
3107 2910 3182 2972 ὡς
3208 2909 3265 2962 ἐν
3297 2909 3590 2978 κεφαλαίῳ
3618 2906 3829 2977 περιλα-

2255 2998 2391 3062 ϐεῖν,
2430 2999 2577 3053 ἔστιν
2600 2995 2774 3064 οὗτος.
2808 3001 2918 3055 Καὶ
2952 2997 3126 3054 ταῦτα
3158 3000 3399 3070 διῆλθον,
3430 3000 3532 3070 οὐχ
3561 3000 3628 3052 ἵν’
3648 2996 3826 3065 ἀγωνί-

2258 3108 2436 3161 σωμαι
2467 3091 2601 3163 πρὸς
2624 3092 2750 3156 τοὺς
2789 3092 3098 3156 ἀντιθέτους
3132 3091 3420 3163 (πολλάκις
3476 3091 3587 3162 γὰρ
3630 3090 3723 3162 ἤδη
3760 3088 3825 3140 δι·-

474 3232 479 3237 .
572 3191 693 3244 dem
724 3188 1013 3259 quidquam
1054 3202 1273 3256 parvum
1317 3195 1371 3240 et
1404 3180 1881 3238 contemnendum.
1914 3176 2152 3233 Oﬂendi-

2256 3183 2666 3255 ηγωνισάμεθα,
2700 3186 2746 3237 εί
2775 3185 2871 3237 καὶ
2897 3183 3133 3255 μετρίως
3160 3182 3455 3255 [45]),ἀλὶυ
3488 3183 3556 3236 ἵν’
3576 3183 3699 3252 ὑμῖν
3717 3181 3824 3232 ἑπι-

573 3279 694 3334 cula
736 3279 899 3333 etiam
945 3292 975 3331 e
1010 3276 1305 3344 Scripturis
1349 3274 1560 3341 objecta
1603 3271 1847 3338 solvere,
1889 3282 1944 3324 et
1974 3269 2153 3339 expla-

2256 3250 2411 3339 δείξω
2439 3250 2530 3327 τὸν
2555 3274 2879 3346 χαρακτῆρα
2898 3250 3015 3326 ’τῶν
3043 3250 3191 3342 ἐμῶν
3218 3250 3575 3344 δίδαγμάτων
3594 3250 3624 3336 ,_
3663 3272 3710 3323 εἰ
3755 3266 3824 3338 μὴ

574 3385 742 3434 nare,
783 3384 887 3423 non
934 3376 1017 3423 est
1058 3366 1342 3435 pnes-cutis
1373 3364 1660 3434 temporis,
1703 3363 1797 3418 sed
1830 3362 2055 3432 majoris
2094 3370 2151 3416 et

2248 3363 2359 3417 τῶν
2389 3364 2670 3435 ὑμετέρων
2693 3363 2803 3432 ἐγὼ
2835 3363 3260 3434 συναγωνιστὴς,
3298 3364 3404 3417 καὶ
3441 3363 3588 3417 κατά
3617 3361 3722 3415 τῶν
3749 3360 3828 3414 αὑ-

575 3462 917 3530 perfectioris
944 3460 1104 3515 studii
1138 3466 1300 3527 atque
1330 3471 1506 3524 operae
1526 3497 1541 3520 ,
1573 3469 1733 3523 quam
1774 3468 1869 3522 pro
1894 3453 2145 3522 przescnti

2256 3453 2374 3519 τῶν,
2408 3456 2501 3508 καὶ
2529 3455 2671 3527 ὑπὲρ
2695 3454 2803 3508 τῶν
2836 3454 3014 3508 αὐτῶν
3045 3454 3350 3524 ἱστάμενος.

576 3557 841 3611 instituto.
877 3557 946 3608 At
976 3554 1096 3608 tidei
1129 3553 1344 3619 quidem
1375 3558 1574 3603 nostra:
1608 3550 1873 3614 doctrina,
1911 3555 1967 3602 ut
2003 3548 2311 3602 summatim
2340 3550 2708 3617 complectar,
2750 3552 2870 3606 talis
2931 3561 3030 3607 est.
3091 3550 3268 3617 Atque
3337 3549 3514 3604 eliam
3556 3549 3668 3604 bare
3723 3545 3824 3617 ipsa

576 3659 683 3698 non
726 3658 792 3699 eo
826 3640 1285 3703 commemoravi,
1328 3647 1386 3689 ut
1426 3652 1549 3691 eum
1592 3637 1914 3691 adversariis
1954 3634 2299 3704 confligerem
2362 3637 2490 3706 (jam
2556 3638 2699 3692 enim
2768 3654 2910 3708 saepe
2975 3638 3337 3705 conﬂiximus,
3370 3644 3483 3697 etsi
3508 3639 3820 3705 moderate);

577 3747 765 3786 verum
801 3741 861 3786 ut
888 3730 1149 3785 doctrina:
1177 3741 1310 3780 meae
1339 3725 1567 3780 formam
1592 3726 1747 3780 vobis
1772 3726 2149 3792 ostenderem,
2191 3740 2255 3780 an
2294 3741 2397 3782 non
2458 3737 2762 3784 vestrorum
2790 3730 3102 3800 dogmatum
3166 3742 3543 3803 prepugnator
3567 3746 3665 3802 ego
3696 3729 3787 3784 sim
3806 3769 3821 3796 ,

578 3836 741 3895 atque
790 3825 1052 3877 adversus
1107 3821 1361 3885 eosdem,
1426 3829 1481 3873 et
1534 3834 1631 3889 pro
1683 3819 1871 3874 iisdem
1928 3820 1981 3875 in
2037 3820 2153 3875 acie
2188 3830 2345 3876 stem.

653 3916 791 3972 XIX.
828 3914 1119 3976 llabetis,0
1142 3910 1263 3974 viri,
1294 3909 1463 3964 nostri
1491 3910 1541 3964 iu
1571 3911 1711 3965 bane
1739 3913 1924 3968 urbem
1958 3913 2154 3967 adven-

583 4016 670 4062 tus
714 4009 1204 4080 apologiamzqua:
1251 4010 1296 4065 si
1344 4010 1559 4079 quidem
1610 4010 1819 4064 laudem
1880 4020 2152 4076 meretur,

583 4098 715 4163 Deo,
743 4107 797 4153 et
823 4100 992 4163 vobis.
1020 4116 1250 4171 quorum
1282 4103 1459 4157 accitu
1492 4102 1595 4156 huc
1624 4102 1767 4166 veni,
1795 4103 2020 4169 gratiam
2056 4100 2154 4153 ba-

584 4190 716 4254 beo;
749 4190 831 4244 sin
883 4199 1058 4245 autem
1100 4208 1246 4262 spem
1297 4202 1529 4249 vestram
1560 4193 1737 4248 minus
1784 4190 2039 4262 implevi,
2080 4189 2156 4244 sic

584 4297 799 4351 quoque
825 4284 1051 4355 gratiam
1101 4285 1294 4341 habeo.
1328 4285 1443 4340 Non
1499 4285 1642 4340 enim
1693 4284 1913 4338 omnino
1944 4282 2157 4357 vitupe-

583 4373 749 4428 randa
774 4383 876 4436 est,
902 4382 959 4427 ut
996 4374 1124 4429 mihi
1148 4376 1462 4444 persuadeo,
1504 4390 1567 4429 ac
1595 4374 1746 4429 vobis
1778 4373 1831 4427 id
1889 4370 2160 4425 affirman-

583 4464 726 4519 tibus
758 4465 914 4520 fidem
961 4467 1101 4521 haud
1148 4468 1366 4537 abrogo.
1407 4466 1659 4534 Nunquid
1710 4465 1960 4536 populum
2010 4464 2155 4519 hunc

585 4569 681 4623 per
705 4555 982 4608 avaritiam
1013 4557 1498 4612 circumvenimus?
1532 4555 1779 4624 Nunquid
1800 4554 2020 4623 privatis
2044 4552 2151 4608 uti—

585 4643 822 4697 litatibus
858 4646 1244 4709 consuluimus,
1274 4647 1722 4716 quemadmodum
1753 4644 1945 4699 multos
1978 4643 2154 4699 facere

586 4734 778 4787 video?
801 4732 1049 4801 Nunquid
1071 4736 1365 4790 Eeclesiam
1399 4737 1642 4791 molestia
1666 4735 1979 4791 affecimus?
2003 4734 2150 4790 Alios

586 4827 799 4897 quidem
825 4827 1074 4893 fortasse,
1118 4830 1335 4897 quibus,
1372 4844 1491 4883 cum
1531 4844 1590 4885 se
1639 4829 1837 4883 indicta
1866 4842 2027 4883 causa
2072 4827 2150 4882 vi-

591 4985 974 5060 περιγράφειν,
1010 4987 1240 5043 «circuli
1287 4986 1511 5060 figuram
1543 4987 1871 5060 describere.
1891 5007 1910 5040 ι
1950 4989 2162 5042 Instru-

589 5057 825 5116 tnentum
858 5065 940 5109 est
969 5073 1075 5122 quo
1110 5067 1334 5110 utuntur
1363 5057 1723 5125 plaustrorum
1752 5058 1994 5124 opiﬁces.

658 5126 769 5196 (Η)
810 5125 1127 5196 Τοσοῦτον.
1166 5126 1221 5178 In
1248 5126 1598 5196 quibusdam,
1627 5126 1889 5196 τοσουτῳ.

658 5179 768 5267 (iis
834 5179 1035 5267 Πάντα
1074 5179 1437 5267 τολμῶὶητεξ
1467 5179 1772 5264 πρότερον.
1830 5179 1944 5250 Non
2003 5196 2160 5264 pauci

588 5265 768 5332 codd,
801 5265 908 5317 πᾶν
926 5265 1239 5337 ,τολμῶντες
1271 5266 1552 5337 πρότερον.
1585 5267 1703 5337 ιιίιι.
1732 5284 1745 5319 ;
1777 5286 1795 5317 ι
1823 5267 2079 5335 priusque
2106 5268 2158 5320 in

589 5351 802 5392 omnem
833 5336 1111 5388 audaciam
1143 5336 1573 5405 prorumpemus.
1604 5355 1621 5387 ι
1652 5336 1867 5390 Nicetes
1902 5338 1981 5388 sic
2013 5345 2159 5390 recte

589 5408 857 5474 exponit:
906 5405 1230 5469 «Quodlibet
1286 5406 1577 5473 periculum
1640 5407 1788 5459 adire
1852 5406 2156 5469 audentes,

591 5476 853 5546 quaslibet
872 5489 1142 5528 aerumnas
1172 5477 1280 5546 pati
1311 5476 1507 5542 potius,
1529 5492 1686 5546 quam
1709 5476 1968 5530 adversus
1992 5475 2156 5529 Deum

592 5545 792 5611 aliquid
830 5555 1144 5611 arroganter
1177 5545 1406 5598 dicerea

662 5614 772 5681 (45)
810 5612 959 5666 Οὐδὲ
996 5615 1171 5667 ἀλλο.
1212 5613 1265 5666 In
1300 5613 1637 5681 quibusdam,
1674 5613 1796 5668 οὕτε
1833 5614 1977 5670 ἄλλο.

664 5682 774 5764 (ιι)
804 5683 910 5764 λιῖκ
934 5682 1056 5764 τῆς
1078 5681 1345 5764 Γραφῆς.
1377 5682 1540 5755 Regg.
1572 5686 1626 5752 ι),
1660 5701 1707 5751 c,
1755 5688 1809 5747 tl,
1868 5696 1979 5741 tres
2001 5685 2153 5742 Coll).

593 5760 649 5809 et
681 5753 773 5807 υτ.
803 5751 858 5815 2,
894 5753 958 5805 ὲκ
990 5753 1097 5806 τῶν
1127 5754 1378 5815 Γραφῶν.

681 5770 773 5807 UB.
803 5770 858 5815 τ,
894 5770 958 5805 εκ
990 5770 1097 5806 των
1127 5770 1149 5804 ι
1205 5770 1378 5822 αφων.

663 5820 777 5893 (45)
808 5824 875 5877 El
898 5823 993 5875 καὶ
1011 5771 1280 5893 μετρίως.
1312 5824 1429 5879 Ilill.
1460 5841 1473 5878 :
1507 5844 1525 5876 ι
1550 5825 1648 5881 etsi
1680 5825 1867 5882 leviter
1897 5835 1946 5883 et
1977 5825 2153 5881 minus

2330 3912 2431 3968 19'.
2469 3906 2639 3977 Οὗτος
2670 3915 2817 3987 ὑμῖν,
2849 3912 2892 3970 ὦ
2919 3917 3129 3991 ἄνδρες,
3163 3922 3191 3973 ὁ
3237 3921 3336 3992 τῆς
3381 3922 3529 3994 ἐμῆς
3575 3920 3819 3986 ἀπόλογος

2265 4005 2569 4074 παρουσίας
2590 4023 2603 4038 ·
2642 4008 2690 4058 εί
2720 4009 2817 4078 μὲν
2849 4010 3151 4074 ὲπαινετῶς
3174 4010 3333 4083 ἔχων,
3366 4013 3449 4085 τῷ
3485 4012 3603 4082 Θεῷ
3652 4009 3815 4081 χάρις.

2260 4094 2352 4146 καὶ
2380 4095 2507 4165 ὑμῖν
2536 4099 2647 4159 τοῖς
2678 4098 2968 4152 καλέσασιν
2989 4118 3002 4131 ·
3031 4102 3080 4153 εί
3111 4102 3166 4154 δὲ
3201 4104 3298 4173 τῆς
3322 4103 3541 4166 ἐλπίδος
3566 4102 3817 4156 ὲνδεέστευ

2256 4201 2369 4255 ρον,
2398 4187 2493 4239 καί⁵
2524 4187 2667 4240 οὕτω
2696 4190 2977 4261 χάρις.⁷οὐ
3011 4192 3119 4264 γὰρ
3139 4194 3311 4265 πάντη
3339 4194 3579 4264 ψεκτῶς,
3610 4188 3665 4245 εὖ
3690 4187 3812 4251 οἶδα,

2255 4276 2351 4329 καὶ
2380 4278 2508 4347 ὑμῖν
2536 4280 2634 4332 οὐκ
2669 4281 2885 4335 ἀπιστῶ
2917 4283 3185 4352 λέγουσιν.
3225 4287 3315 4356 Μή
3352 4303 3402 4339 τι
3437 4287 3528 4339 τὸν
3555 4285 3675 4338 λαὸν
3702 4279 3813 4334 τοῦ-

2254 4385 2346 4421 τον
2385 4370 2926 4445 ὲπλεονεκτήσαμεν;
2967 4378 3038 4447 μή
3082 4395 3133 4430 τι
3178 4377 3287 4431 τῶν
3321 4378 3605 4450 ἡμετέρων
3632 4376 3813 4445 ᾠκονο-

2259 4459 2532 4529 μήσαμεν,
2563 4459 2590 4512 ὃ
2624 4463 2750 4525 τοὺς
2777 4464 3004 4528 πολλοὺς
3036 4466 3145 4535 ὁρῶ
3173 4467 3479 4537 πάσχοντας
3508 4484 3521 4533 ;
3550 4467 3621 4537 μή
3652 4480 3699 4516 τι
3724 4461 3813 4529 τὴν

2271 4552 2595 4623 Ἐκκλησίαν
2629 4556 3135 4627 παρελυπήσαμεν;
3169 4558 3392 4623 ’Ἄλλους
3423 4560 3521 4630 μὲν
3558 4557 3712 4617 ἴσως,
3739 4546 3811 4611 οἷς

2258 4646 2472 4716 ἐρήμην
2495 4648 2641 4717 ἡμᾶς
2676 4647 2787 4717 (46)
2831 4648 3096 4718 ᾑρηκέναι
3123 4649 3423 4718 νομίζουσι,
3448 4650 3539 4702 τὸν
3564 4644 3810 4716 ἡμέτερον

2258 4739 2669 4809 ἀντεστήσαμεν
2717 4737 2871 4805 λόγον
2896 4756 2909 4768 ’
2946 4740 3091 4809 ὑμᾶς
3142 4739 3199 4791 δὲ
3229 4740 3379 4793 οὐδὲν
3406 4778 3419 4803 ,
3456 4742 3556 4793 ὅσα
3605 4725 3809 4804 ἐμαυτῷ

2258 4828 2674 4902 συνεπίσταμαι.
2734 4833 2815 4884 Οὐ
2844 4830 3005 4894 ,βοῦν
3053 4828 3218 4900 ὑμῶν
3248 4831 3467 4900 εἴληφα
3491 4869 3506 4895 ,
3560 4825 3687 4899 φησὶ
3717 4822 3807 4875 Σα-

2257 4991 2517 5060 perfecte.
2562 4989 2713 5045 lianc
2758 4988 3255 5061 interpretationem
3302 4994 3562 5061 respuunt
3610 4977 3800 5061 theolo-

2258 5058 2387 5128 gica:
2432 5062 2727 5123 orationes,
2780 5061 2837 5113 in
2874 5059 3067 5127 quibus
3098 5058 3407 5125 Gregorius,
3441 5072 3542 5111 non
3574 5074 3590 5106 ι
3612 5058 3799 5108 leviter.

2258 5137 2313 5198 et
2351 5131 2531 5183 minus
2578 5130 2871 5198 perfecte.)
2912 5130 3003 5183 sed
3048 5130 3280 5192 fortiter,
3311 5128 3581 5198 moderate
3617 5132 3798 5198 tamet}.

2256 5197 2455 5265 Patris,
2484 5210 2537 5254 et
2580 5183 2723 5263 Filii,
2766 5183 2837 5252 et,
2866 5198 3100 5267 Spiritus
3151 5183 3324 5251 sancti
3355 5195 3679 5251 divinitatem
3716 5183 3800 5240 ad-

2259 5283 2447 5322 versus
2480 5270 2762 5323 luereticos
2792 5269 3043 5321 asseruit.

2328 5337 2439 5409 (ιδ)
2462 5335 2569 5404 Οἷς
2599 5322 2828 5407 aprum
2858 5336 3033 5405 ἡμᾶς.
3052 5334 3221 5391 (Σοὶει.
3257 5336 3292 5389 a
3323 5346 3376 5391 et
3402 5336 3555 5409 Bas...
3589 5324 3666 5391 οἷς
3687 5322 3799 5409 ξρῄ-

2258 5404 2365 5479 μην
2397 5404 2560 5478 ὑμᾶς.
2591 5404 2840 5473 {Quibus
2861 5404 2956 5461 nes
2989 5422 3204 5479 causam
3248 5405 3592 5475 dereliquisse
3627 5404 3798 5479 exlSlLl‘

2256 5462 2555 5540 iurantibus,
2579 5462 2819 5532 nostrum
2851 5478 3198 5546 opposuimus
3228 5462 3601 5546 sermonem:
3624 5462 3796 5546 (20ml):

2252 5557 2406 5626 putat
2448 5538 2614 5626 etiam
2656 5538 3152 5626 legendunt'nt'ipa'tg.
3190 5554 3244 5598 οι
3290 5546 3492 5626 νοτίῃ]
3527 5538 3795 5626 “Pylii”

2254 5606 2467 5672 deserto
2497 5606 2821 5680 vadimonio,
2856 5606 3244 5687 Itullo'scilieet
3268 5629 3331 5668 ex
3349 5615 3512 5687 vobis
3545 5606 3657 5687 fidei
3679 5613 3795 5687 call:

2256 5703 2370 5739 sam
2410 5687 2760 5753 suscipiente,
2782 5678 3059 5741 victoriam
3092 5684 3384 5741 adversarii
3411 5697 3503 5741 vos
3520 5678 3793 5735 obtinuisse

2258 5756 2666 5812 arbitrarentur.
