4050 6298
183 93 272 148 £8!
1243 96 1500 155 ORATIO
1535 94 1700 153 XLII.
1739 128 1807 139 ——
1849 97 2230 160 SUPREMUM
2271 105 2474 162 VALE.
3391 117 3497 172 482

182 203 346 277 pou-ﬁl
375 207 409 258 ὁ
466 207 706 278 μέγας,
726 210 862 282 πρὸς
890 209 982 264 τὸν
1015 209 1232 282 Ἰσραὴλ
1257 211 1398 282 ὑπὲρ
1428 212 1524 266 τοῦ
1552 211 1792 284 βασιλέω.

1921 219 2145 273 ctoriam
2176 220 2458 277 adversum
2486 236 2586 277 nos
2609 221 2907 280 obtinuisse
2931 225 3351 295 arbitrarentur,
3376 245 3495 285 ser-

178 296 608 368 διαφερόμενος
635 315 654 330 ο
715 303 786 355 οὐ
837 300 1059 370 ψυχῶν
1108 299 1278 388 ὑμῶν
1323 303 1628 372 ἐξίλιισμα
1678 301 1788 375 (47)

1921 323 2132 365 monem
2163 319 2403 366 nostrum
2454 311 2749 381 objecimus
2777 331 2792 368 :
2846 324 2902 370 at
2931 330 3028 372 vos
3061 317 3195 372 nihil
3232 319 3493 388 profecto,

175 387 401 457 μᾴρτυς
435 385 706 456 Κύριος
729 390 801 443 ἐν
828 389 972 459 ὑμῖν
1000 405 1013 418 ·
1047 391 1106 442 οὐ
1139 387 1200 442 τὸ
1229 390 1326 442 καὶ
1354 390 1436 456 τὸ,
1480 390 1704 447 πλείονα
1729 390 1792 446 λέ

1920 412 2176 470 quantum
2207 402 2426 471 quidem
2470 404 2601 458 mihi
2637 405 2889 462 conscius
2945 423 3089 463 sum.
3143 385 3270 464 Non
3321 411 3495 466 bovem

176 493 296 545 γων,
329 477 431 530 ἵνα
461 478 556 550 μὴ
585 479 767 544 αὐτὸς
793 478 1203 552 ἀπαριθμῶμαι
1225 479 1346 534 καθ’
1381 481 1643 536 ἕκαστον·
1680 483 1792 537 ἀλλι

1894 482 2136 546 ὐεειηιηι
2173 493 2366 561 accepi,
2403 493 2480 548 ait
2539 510 2764 566 magnus
2810 497 3052 565 Samuel,
3116 515 3238 556 cum
3302 501 3498 558 lsraele

175 569 428 640 καθαρὰν
455 571 575 626 καὶ
609 572 908 644 ἀκίϐδηλον
929 571 1027 643 τὴν
1059 572 1357 645 ἱερωσύνην
1381 574 1643 644 ἐφύλαξα,
1667 577 1730 628 El
1760 575 1788 629 δ

1916 592 2134 654 propter
2158 600 2339 656 regem
2385 587 2759 642 contendens:
2808 605 2911 642 non
2950 591 3250 645 animarum
3300 601 3498 646 vestra-

170 660 510 714 δυναστείαν
582 665 886 734 ἠγάπησα,
945 663 978 733 ἢ
1031 662 1238 734 θρόνων
1272 664 1426 734 ὕψος,
1475 667 1509 736 ἢ
1553 665 1792 736 βασιλέω·

1913 693 2031 732 rum
2055 666 2345 746 piaculum,
2378 678 2522 731 testis
2563 678 2700 732 inter
2728 695 2817 733 vos
2853 678 2992 735 Deus
3013 681 3062 714 ⁷⁸
3094 704 3107 736 ;
3141 697 3249 738 non
3279 683 3382 738 hoc
3408 693 3494 738 at-

176 757 359 806 πατεῖν
383 753 622 820 αὐλὰς,
655 755 789 826 μηδὲ
815 754 943 810 ἄλλο
967 772 1018 807 τι
1043 753 1294 826 λαμπρὸν
1319 755 1520 827 ἔχοιμι,
1541 757 1573 828 ἢ
1597 757 1792 829 ρίψαιμ

1917 782 2020 837 que
2050 768 2217 833 aliud,
2251 767 2402 837 plura
2437 782 2891 838 commemorans,
2919 787 2985 828 ne
3024 776 3249 844 singulis
3269 791 3496 831 enume-

170 845 565 915 κεκτημένος.

1916 861 2102 916 randis
2134 860 2347 931 longius
2376 861 2678 915 orationem
2716 865 3044 933 producam;
3073 882 3259 921 verum
3299 882 3492 937 purum

179 952 541 1021 minimeque
574 953 952 1009 adulterinum
1017 956 1377 1010 sacerdotium
1409 957 1694 1012 custodivi.
1726 953 1881 1023 Quod
1919 953 1966 1008 si
1996 952 2350 1022 principatus,
2385 961 2474 1005 aut
2501 952 2808 1008 sublimium
2841 955 3155 1011 tbronorum
3183 959 3360 1016 studio
3397 961 3496 1016 du-

171 1053 283 1096 ctus
311 1059 475 1106 sum,
535 1055 650 1098 aut
703 1049 1089 1114 imperatorum
1149 1051 1300 1106 aulas
1344 1053 1557 1107 calcare
1627 1052 1848 1123 appetii,
1891 1063 2168 1117 nunquam
2195 1047 2339 1102 aliud
2367 1049 2663 1119 quidquam
2705 1051 3007 1121 Splendoris
3066 1043 3321 1126 consequi
3360 1058 3494 1114 mibi

174 1130 483 1198 contingat.
533 1141 664 1192 aut,
701 1132 745 1186 si
769 1147 1094 1190 consecutus
1124 1135 1298 1201 fuero,
1331 1139 1512 1194 statim
1537 1139 1664 1194 illud
1688 1139 1960 1208 projiciam
1985 1146 2147 1204 atque
2178 1136 2439 1191 amittam.

233 1221 322 1274 K’.
363 1221 439 1273 Τί
488 1216 608 1276 οὖν
642 1223 792 1276 ἐστιν
813 1224 840 1276 ὅ
871 1242 1049 1297 (mut;
1091 1226 1165 1279 Ού
1191 1225 1301 1298 γὰρ
1327 1226 1560 1298 ἄμισθος
1576 1227 1685 1298 ἐγὼ
1707 1229 1792 1299 τῆς

1986 1223 2106 1278 XX.
2139 1224 2278 1289 Quid
2309 1225 2474 1293 igitur
2504 1234 2608 1291 est,
2637 1229 2782 1296 quod
2832 1229 2987 1286 dico?
3017 1230 3132 1287 Non
3180 1232 3323 1288 enim
3370 1248 3494 1305 gra-

1915 1317 2080 1372 tuitus
2109 1316 2330 1374 virtutis
2365 1333 2483 1372 sum
2507 1319 2701 1387 cultor,
2736 1336 2838 1377 nec
2867 1323 2921 1377 in
2963 1339 3082 1380 eam
3118 1326 3332 1383 virtutis
3377 1343 3493 1382 ma-

1912 1406 2246 1476 gnitudinem
2282 1409 2519 1476 perveni.
2561 1407 2828 1466 Laborum
2859 1415 3140 1482 praemium
3187 1418 3319 1472 mihi
3346 1419 3489 1474 date.

1913 1498 2066 1564 Quod
2101 1499 2355 1552 tandem?
2388 1499 2502 1554 Non
2556 1503 2698 1570 quod
2746 1505 2984 1560 nonnulli
3039 1507 3270 1562 fortasse
3297 1523 3366 1564 ex
3400 1509 3486 1574 iis,

1912 1589 2000 1659 qui
2033 1591 2099 1644 ad
2128 1591 2341 1659 quidvis
2368 1592 2756 1662 suspicandum
2792 1598 3153 1665 adducuntur,
3181 1601 3340 1672 762
3371 1603 3492 1658 exi-
3547 1617 3550 1620 '

1910 1681 2214 1748 stimarint;
2259 1683 2351 1736 sed
2379 1684 2523 1753 quod
2562 1685 2692 1740 mihi
2728 1694 2842 1743 tuto
2866 1689 3138 1757 postulare
3169 1691 3312 1748 licet.
3363 1693 3490 1748 Diu-

1912 1773 2087 1828 turnis
2121 1773 2395 1830 laboribus
2425 1790 2524 1830 nos
2562 1775 2759 1841 levate,
2787 1793 2849 1834 ac
2873 1791 3135 1836 recreate.
3158 1781 3372 1838 Moveat
3394 1799 3490 1839 vos

1909 1865 2028 1920 huic
2063 1866 2327 1932 canities;
2352 1867 2421 1920 sit
2451 1869 2592 1934 apud
2619 1883 2714 1923 vos
2742 1871 2930 1926 honori
2965 1882 3145 1928 nostra
3179 1874 3490 1944 peregrina-

1911 1955 2004 2009 tio.
2039 1953 2218 2008 Aiium
2245 1955 2558 2025 subrogate,
2604 1957 2696 2024 qui
2755 1972 2851 2026 pro
2904 1959 3055 2013 vobis
3111 1971 3360 2025 vexetur,
3395 1959 3486 2030 qui

175 1313 377 1383 ἀρετῆς
415 1313 718 1386 ἐργάτης,
759 1316 881 1369 οὐδ’
921 1319 1001 1380 είς
1051 1317 1306 1370 τοσοῦτον
1368 1319 1569 1389 ἀρετῆς
1620 1318 1810 1388 ἀφικό-

173 1420 292 1473 μην.
353 1403 508 1456 Δὸτε
596 1422 695 1475 μοι
754 1405 868 1459 τῶν
926 1408 1104 1461 πόνων
1135 1408 1346 1479 μισθόν.
1393 1408 1552 1463 Τίνιιι¹
1583 1398 1804 1476 τοῦτον;

177 1495 284 1564 Οὐχ
355 1494 422 1548 ὃν
510 1495 592 1548 ἄν
661 1515 809 1561 τινες
865 1498 1188 1553 ὑπολάδοιεν
1271 1500 1381 1554 τῶν
1455 1501 1632 1554 πάντα
1697 1502 1795 1572 ρᾳ-

171 1587 293 1640 δὲων
318 1603 334 1617 ’
360 1588 495 1642 ἀλλ’
519 1589 594 1643 ὃν
623 1591 751 1660 ἐμοὶ
777 1592 962 1662 ζητεῖν
987 1591 1251 1661 ἀσφαλές.
1293 1591 1670 1647 Ἀναπαύσατε
1697 1591 1804 1646 τῶν

181 1679 408 1752 μακρῶν
435 1681 646 1735 πόνων
674 1683 822 1753 ἡμᾶς
844 1699 859 1714 °
893 1683 1181 1755 αἰδέσθητε
1217 1684 1318 1756 τὴν
1351 1683 1544 1738 πολιὰν
1566 1682 1801 1754 ταύτην

175 1773 452 1841 τιμήσατε
489 1773 614 1843 τὴν
674 1772 936 1838 ξενιτείαν
959 1792 974 1806 ⁸
1021 1773 1180 1827 ἄλλον
1206 1774 1656 1843 ἁντεισαγάγετε,
1712 1775 1803 1828 τὸν

177 1862 312 1934 ὑπὲρ
349 1863 532 1935 ὑμῶν
596 1864 714 1936 (48)
750 1865 1100 1937 διωκόμενον,
1130 1867 1282 1930 ὅστις
1314 1866 1558 1938 καθαρὸς
1593 1869 1800 1938 χεῖρας,

178 1956 320 2017 ὅστις
346 1956 562 2027 φωνὴν
619 1957 723 2010 ούκ
757 1956 1035 2022 ἀσύνετος,
1089 1958 1238 2022 ὅστις
1289 1958 1472 2021 ἱκανὸς
1522 1958 1592 2013 τὰ
1623 1958 1801 2013 πάντα

178 2047 302 2117 ὑμῖν
338 2047 727 2118 χαρίζεσθαι,
763 2049 857 2101 καὶ.
892 2049 1269 2122 συνδιαφέρειν
1303 2049 1401 2114 τὰς
1421 2051 1802 2122 ἐκκλησιαστι-

183 2137 278 2200 κάς
302 2138 628 2208 φροντίδας
661 2139 773 2210 (49)
793 2155 808 2170 ο
836 2140 1024 2210 ἐπειδὴ
1052 2140 1258 2194 τούτων
1294 2141 1406 2213 (50)
1438 2142 1676 2212 μάλιστα
1704 2143 1800 2198 νῦν

179 2230 205 2280 δ
231 2229 452 2301 καιρός.
508 2231 684 2301 Ἐμοὶ
707 2230 762 2283 δὲ
787 2231 950 2301 ὁρᾶτε
977 2231 1070 2284 καὶ¹
1096 2232 1158 2284 τὸ
1189 2230 1347 2304 σῶμα
1380 2233 1458 2297 ὡς
1483 2233 1596 2304 ἔχει
1619 2234 1796 2299 τοῦτο,

182 2323 268 2375 καὶ
302 2323 521 2394 χρόνῳ,
563 2323 670 2377 καὶ
703 2324 865 2394 νόσῳ,
909 2324 1006 2380 καὶ
1060 2325 1207 2397 πόνῳ
1255 2325 1585 2398 δαπανηθὲν.
1621 2328 1688 2380 Τί
1718 2327 1800 2382 δεῖ

179 2413 436 2485 γέροντος
453 2417 601 2486 ὑμῖν
627 2415 827 2479 δειλοῦ,
854 2415 948 2468 καὶ
974 2415 1260 2490 ἀνάνδρου,
1288 2418 1382 2472 καὶ
1404 2418 1796 2490 καθ’ἑκάστην,

184 2506 252 2570 ὡς
272 2509 480 2572 εἰπεῖν,
521 2508 979 2573 ἀποθνήσκοντος
1007 2507 1106 2578 τὴν
1131 2508 1372 2579 ἡμέραν,
1395 2509 1457 2562 ού
1483 2508 1564 2579 τῷ
1585 2509 1796 2580 σώματι

186 2589 360 2666 μόνον,
403 2599 561 2654 ἀλλὰ
586 2601 687 2654 καὶ
718 2602 838 2662 ταῖς
870 2599 1149 2672 φροντίσιν
1171 2617 1185 2630 ο
1221 2600 1280 2664 ὃς
1317 2600 1471 2672 μόλις
1496 2601 1591 2654 καὶ
1623 2601 1796 2656 ταῦτα

186 2689 308 2758 ὑμῖν
352 2689 701 2762 διαλέγομαι
747 2690 896 2760 (5i);
1085 2691 1424 2763 ἀπιστήσητε
1467 2695 1616 2763 φωνῇ
1657 2692 1792 2746 διδα-

1903 2689 2118 2758 loquar,
2152 2705 2257 2744 non
2298 2704 2526 2758 corpore
2580 2698 2810 2753 tantum,
2843 2691 2935 2744 sed
2974 2691 3135 2752 etiam
3177 2693 3322 2746 curis
3363 2708 3483 2746 mo-

183 2781 378 2836 σκάλου
404 2799 420 2813 ·
446 2785 552 2838 καὶ
575 2783 692 2854 γὰρ
719 2783 842 2836 ούδέ
867 2785 1206 2854 ἡπιστήσατε
1237 2783 1476 2838 πώποτε.
1496 2785 1790 2856 Κέκμηκα,

1902 2781 2115 2836 riente‘?
2138 2779 2238 2847 Qui
2271 2782 2359 2835 vix
2396 2781 2510 2835 haec
2537 2767 2752 2851 quoque
2780 2783 2846 2836 ad
2873 2797 2968 2837 vos
3001 2781 3231 2851 loquor?
3265 2781 3344 2838 Ne
3371 2799 3484 2836 ma-

186 2873 277 2944 τὴν
311 2875 640 2928 ἐπιείκειαν
679 2872 1097 2944 ἐγκαλούμενος.
1150 2874 1457 2946 Κέκμηκα,
1498 2877 1593 2929 καὶ
1630 2877 1792 2948 λόγῳ,

1899 2875 2048 2944 gistri
2092 2875 2212 2929 voci
2264 2874 2424 2929 [idem
2458 2875 2765 2944 deuegetis;
2803 2889 2980 2945 neque
3034 2876 3178 2930 enim
3240 2891 3476 2945 unquam

1906 2045 2056 2114 puris
2087 2046 2156 2100 sit
2185 2043 2454 2112 manibus,
2481 2045 2571 2114 qui
2598 2061 2729 2101 voce
2750 2061 2853 2102 non
2876 2047 3164 2114 iuerudita,
3189 2049 3280 2118 qui
3310 2047 3486 2104 omni-

1903 2137 2006 2192 bus
2036 2137 2088 2191 in
2115 2137 2276 2192 rebus
2315 2136 2468 2205 vobis
2509 2139 2755 2209 obsequi,
2785 2154 3049 2210 curasque
3089 2139 3486 2195 ecclesiasticas
3523 2127 3528 2134 ’

1905 2230 2064 2286 simul
2091 2229 2333 2299 perferre
2362 2229 2568 2300 possit;
2595 2232 3031 2302 quandoquidem
3085 2232 3220 2288 tales
3257 2247 3486 2302 praiser-

1908 2323 2001 2378 tim
2033 2324 2136 2378 boc
2167 2334 2375 2393 tempus
2430 2323 2660 2396 ﬂagitat.
2689 2329 2758 2380 At
2795 2325 2921 2380 mihi
2952 2326 3175 2380 cernitis
3197 2341 3304 2395 quo
3326 2326 3484 2381 modo

1903 2429 2104 2484 corpus
2135 2416 2299 2471 etiam
2332 2416 2435 2471 hoc
2481 2433 2542 2473 se
2576 2417 2792 2482 babeat,
2835 2417 3090 2470 nimirum
3125 2429 3179 2470 et
3221 2428 3481 2485 tempore,

1901 2515 1958 2560 et
1982 2505 2192 2572 morbo,
2216 2515 2268 2560 et
2295 2504 2480 2560 labore
2515 2505 2838 2560 confectum.
2873 2505 3012 2572 Quid
3041 2506 3196 2560 vobis
3223 2507 3409 2562 timido
3431 2520 3485 2563 et

1903 2597 2101 2667 ignavo
2134 2613 2264 2652 sene
2287 2613 2422 2667 opus
2449 2607 2554 2661 est,
2583 2606 2744 2665 atque
2785 2597 2838 2650 in
2870 2597 2984 2653 dies
3025 2598 3288 2668 singulos,
3317 2608 3376 2653 ut
3408 2600 3482 2654 ita

187 2967 275 3018 καὶ
314 2965 505 3037 φθόνῳ
532 2966 872 3038 μαχόμενος,
911 2965 1004 3019 καὶ
1034 2965 1335 3036 πολεμίοις,
1361 2968 1456 3020 καὶ
1478 2968 1789 3040 ἡμετέροις.

192 3058 250 3108 υί
280 3057 380 3126 μὲν
409 3058 482 3110 τὰ
513 3057 728 3128 στέρνα
747 3056 987 3120 παίουσι,
1012 3055 1106 3108 καὶ
1137 3051 1297 3128 ἦττον
1323 3056 1748 3126 ἐπιτυγχάνουσι
1771 3075 1785 3087 ⁸

188 3145 243 3196 τὸ
268 3146 378 3217 γὰρ
403 3146 704 3217 προδήλως
726 3145 938 3216 ἐχθρὸν,
969 3144 1329 3214 εὐφύλακτον.
1363 3147 1425 3198 Οἱ
1453 3145 1530 3210 δέ,
1552 3145 1618 3200 τὰ
1647 3147 1792 3199 νῶτα

191 3237 558 3306 τηροῦσι,-καὶ
582 3237 784 3308 μᾶλλόν
806 3238 910 3289 εἰσι
935 3237 1174 3307 λυπηροί
1197 3254 1210 3267 ·
1242 3236 1428 3307 τὸγὰρ
1453 3236 1787 3300 ἀνύποπτον,

191 3326 584 3398 καιριώτερον.
617 3329 680 3380 Εἰ
715 3327 772 3380 δὲ
807 3327 900 3379 καὶ
937 3326 1280 3398 κυϐερνήτης
1313 3327 1424 3398 (59.)
1455 3323 1544 3398 ἦν,
1575 3327 1791 3382 καὶτῶν

189 3419 302 3472 λίαν
335 3422 735 3493 ἐπιστημόνων
761 3438 775 3452 ·
809 3415 928 3473 εἶτα
977 3419 1145 3489 πολλὴ
1181 3420 1278 3489 μὲν
1306 3415 1372 3490 ἦν
1408 3418 1536 3489 περὶ
1577 3421 1725 3489 ἡμᾶς
1755 3421 1787 3491 ἡ

196 3509 436 3565 θάλασσα
483 3514 625 3585 (53),
674 3512 768 3566 καὶ
800 3511 929 3583 περὶ
954 3511 1053 3582 τὴν
1095 3510 1228 3565 ναῦν
1267 3511 1496 3575 ξέουσα’
1534 3509 1789 3581 πολλὴδέ

195 3602 294 3655 τῶν
324 3605 687 3674 ἐμπλεόντων
722 3606 754 3675 ή
788 3603 978 3666 στάσις
999 3643 1014 3668 ,
1056 3603 1231 3658 ἄλλων
1264 3605 1394 3674 περὶ
1423 3603 1584 3657 ἄλλου
1625 3603 1789 3672 ζυγο-

206 3695 544 3766 μαχούντων,
605 3697 700 3749 καὶ
761 3695 1240 3749 ἀντικτυπούντων
1296 3695 1546 3767 ἀλλήλοις
1599 3713 1660 3749 τε
1694 3696 1788 3749 καὶ

197 3789 300 3849 τοῖς
323 3788 568 3860 κύμασι,
597 3787 763 3841 πόσον
799 3787 1058 3856 ἀντέσχον
1076 3785 1140 3839 ἂν
1171 3786 1390 3839 ἐπὶτῶν
1424 3787 1628 3842 οἰάκων
1657 3786 1788 3840 καθ-

199 3876 412 3945 ήμενος,
453 3879 607 3932 ὣστε
669 3878 767 3931 καὶ
801 3876 1050 3948 θαλάσσῃ
1083 3878 1178 3931 καὶ
1210 3881 1322 3941 τοῖς
1349 3879 1646 3949 ἐμπλέουσι
1683 3879 1787 3950 μά-

199 3967 402 4034 χεσθαι,
438 3972 540 4025 καὶ
578 3969 870 4034 διασώζειν
895 3968 1192 4032 ἀκινδύνως
1219 3969 1318 4040 τὴν
1353 3969 1484 4024 ναῦν
1510 3973 1574 4024 ἐκ
1595 3971 1783 4024 διπλοῦ

203 4059 288 4112 τοῦ
310 4061 625 4129 κλύδωνος;
666 4057 766 4116 Ὧν
798 4061 907 4132 γὰρ
933 4062 1097 4114 παντὶ
1129 4062 1314 4132 τρόπῳ
1352 4063 1786 4132 συναγωνιζομέ-

204 4164 318 4214 νων,
337 4137 581 4221 χαλεπὸν
614 4149 682 4223 ἦν
715 4152 776 4204 τὺ
807 4151 908 4221 τῆς
937 4152 1210 4222 σωτηρίας
1227 4191 1250 4225 ,ι
1283 4153 1488 4208 τούτων
1524 4153 1642 4218 πῶς
1673 4149 1783 4207 οἷόν

207 4251 258 4287 τε
281 4239 801 4312 ἀνταγωνιζομένων
837 4241 911 4312 μὴ
945 4241 1344 4307 καταδύεσθαι;

1895 2967 2224 3037 denegastis.
2257 2964 2460 3020 Lassus
2493 2981 2636 3028 sum,
2677 2967 2801 3021 dum
2845 2967 2976 3022 mihi
3026 2968 3186 3022 toties
3229 2983 3480 3024 mansue-

1895 3058 2022 3110 tudo
2053 3056 2264 3110 crimini
2319 3056 2568 3111 vertitur.
2602 3055 2802 3112 Lassus
2855 3073 2996 3124 sum,
3047 3059 3197 3124 dum,
3247 3068 3302 3115 et
3351 3075 3473 3116 cum

1893 3161 2164 3209 sermone,
2201 3154 2396 3200 etcum
2429 3145 2651 3212 invidia,
2685 3155 2740 3200 et
2785 3161 2908 3201 cum
2942 3148 3214 3215 hostibus,
3245 3158 3301 3204 et
3350 3163 3475 3203 cum

1893 3237 2092 3291 nostris
2118 3251 2313 3307 pugno.
2338 3236 2411 3290 llli
2440 3245 2656 3304 pectora
2681 3236 2968 3301 feriunt,et
2992 3238 3186 3305 minus,
3212 3240 3353 3309 quod
3379 3255 3475 3295 cu-

1893 3328 2066 3396 piunt,
2103 3337 2500 3397 assequuntur;
2527 3342 2648 3381 nam
2677 3329 2768 3396 qui
2793 3337 3010 3398 apertas
3038 3330 3350 3386 inimicitias
3377 3348 3472 3401 ge-

1893 3419 1981 3482 rit,
2010 3417 2168 3472 facile
2204 3418 2387 3471 caveri
2424 3426 2620 3485 potest.
2664 3417 2728 3471 Hi
2764 3427 2942 3472 autem
2982 3428 3130 3489 terga
3163 3421 3471 3486 observant,

1889 3520 1944 3568 et
1975 3513 2144 3580 magis
2176 3511 2386 3566 molesti
2411 3521 2573 3576 sunt;
2609 3527 2733 3565 nam
2784 3511 2875 3580 qui
2925 3512 3146 3566 minime
3191 3521 3474 3582 suspectus

1889 3613 1992 3670 est,
2023 3603 2277 3659 letlialius
2309 3603 2503 3657 vulnus
2542 3602 2724 3658 infert.
2757 3602 2909 3670 Quod
2960 3605 3004 3659 si
3037 3605 3201 3660 etiam
3252 3607 3440 3663 naucle

1890 3711 2001 3760 rus,
2029 3705 2084 3750 et
2120 3697 2335 3765 quidem
2372 3695 2732 3764 peritissimus
2764 3709 2937 3750 essem
2973 3713 2986 3750 :
3021 3706 3183 3766 atque
3212 3697 3340 3752 hinc
3385 3696 3472 3752 ef-

1888 3789 2063 3844 fusum
2091 3802 2240 3842 mare
2275 3786 2328 3840 in
2353 3801 2450 3842 nos
2478 3788 2711 3849 saeviret,
2737 3802 2801 3842 ac
2823 3787 3024 3843 circum
3051 3777 3239 3843 navem
3267 3800 3468 3845 aestua-

1889 3887 2003 3945 ret;
2041 3878 2167 3932 hinc
2197 3891 2325 3931 vero
2369 3876 2520 3946 gravi
2555 3876 2818 3932 seditione
2846 3887 3088 3934 vectores
3133 3879 3464 3946 laborarent,

1887 3970 2087 4039 aliique
2107 3969 2171 4024 de
2203 3967 2306 4022 alia
2340 3983 2399 4023 re
2445 3969 2852 4034 contenderent,
2896 3980 3077 4039 atque,
3131 3981 3182 4026 et
3229 3971 3465 4040 sibiipsis

1887 4069 2093 4125 mutuo,
2141 4067 2196 4114 et
2238 4057 2489 4114 [luctibus
2541 4059 2941 4130 obstreperent,
2981 4062 3218 4130 quandiu
3249 4062 3461 4117 tandem

1886 4151 2002 4220 ipse
2031 4149 2298 4205 obluctari
2325 4164 2535 4219 possem
2569 4150 2635 4203 ad
2667 4151 3032 4220 gubernacula
3059 4153 3271 4220 sedens,
3304 4161 3363 4207 ut
3387 4152 3461 4208 si-

1815 4235 1860 4289 D
1893 4244 2024 4310 mul,
2057 4253 2246 4298 etcum
2297 4241 2454 4308 mari,
2495 4249 2548 4295 et
2605 4255 2729 4294 cum
2782 4244 3088 4298 vectoribus
3140 4257 3459 4313 pugnarem,

205 4337 356 4398 atque
425 4349 494 4388 ex
568 4324 763 4402 duplici
825 4342 1142 4402 tempestate
1203 4349 1392 4388 navem
1447 4335 1564 4390 sine
1614 4335 1852 4405 pericula
1891 4333 2200 4404 eriperem?
2235 4333 2439 4400 Quibus
2492 4334 2691 4387 etenim
2723 4335 2867 4388 omni
2919 4335 3128 4388 ratione
3179 4335 3461 4389 conniteno

213 4423 342 4480 tibus
392 4435 448 4482 et
502 4428 901 4498 adjuvantibus,
969 4428 1199 4483 salutem
1273 4438 1450 4482 tamen
1501 4431 1758 4500 consequi
1808 4427 2020 4484 diliicile
2049 4433 2229 4494 esset;
2291 4427 2480 4484 iisdem
2523 4427 2664 4481 inter
2701 4439 2759 4482 se
2784 4425 3164 4481 dissidentibus
3182 4434 3236 4481 et
3267 4423 3458 4481 confli—

207 4519 460 4584 gentibus,
491 4521 584 4590 qui
618 4521 830 4588 tandem
857 4522 968 4579 ﬁeri
996 4533 1197 4595 posset,
1223 4534 1280 4578 ut
1308 4526 1457 4579 navis
1499 4540 1712 4592 pessum
1752 4542 1856 4580 non
1881 4526 2026 4581 iret?

273 4609 400 4664 ΚΜ.
418 4612 484 4664 Τί
505 4613 676 4668 τᾶλλα
698 4612 778 4665 δεῖ
799 4613 1007 4682 λέγειν;
1042 4613 1202 4667 Ἀλλά
1229 4613 1348 4676 πῶς
1371 4615 1504 4666 οίσω
1528 4612 1619 4665 τὸν
1645 4614 1789 4685 ἱερὸν

210 4697 382 4755 τοῦτον
410 4703 522 4775 (54)
551 4703 822 4775 πόλεμον;
854 4705 1126 4775 Λεγέσθω-
1145 4705 1253 4777 γάρ
1292 4721 1378 4769 τις
1413 4703 1509 4758 καὶ
1541 4704 1777 4776 πόλεμος

273 4855 316 4886 ⁷⁸
343 4856 361 4911 l
391 4857 520 4931 Reg.
555 4877 658 4925 xu,
682 4859 719 4914 2
743 4875 868 4932 sqq.

275 5013 377 5079 (47)
419 5019 772 5090 Ἐξίλασμα.
828 5019 1163 5077 Sacriﬁcium
1213 5035 1312 5092 pro
1363 5019 1648 5077 animabus
1692 5019 1748 5074 in

1967 4613 2107 4670 XXI.
2133 4612 2282 4684 Quid
2325 4611 2426 4666 alia
2464 4625 2893 4668 commemorare
2932 4595 3161 4666 attinet?
3193 4611 3308 4679 Quo
3339 4620 3457 4666 tan-
3521 4650 3525 4655 .

1885 4706 2006 4776 dem
2044 4706 2202 4761 modo
2229 4719 2444 4761 sacrum
2476 4703 2578 4759 hoc
2605 4703 2800 4760 bellum
2823 4703 3034 4759 feram?
3070 4703 3285 4759 Dicatur
3309 4703 3454 4759 enim

1937 5015 2048 5150 $52)
2071 5012 2468 5105 Ιςυϐεργήτης.
2507 5014 2673 5070 Cois].
2721 5012 2756 5068 2
2789 5013 2958 5077 addit,
2990 5026 3095 5094 τις..
3227 5079 3239 5092 .
3277 5026 3294 5094 λ

1961 5089 2049 5150 55)
2118 5089 2177 5140 Η
2203 5088 2506 5148 θαλασσα.
2528 5097 2632 5141 etc.
2655 5084 2757 5140 Per
2797 5103 2816 5136 ι
2843 5099 3042 5144 mare,»
3072 5078 3293 5150 Intelltgt

1961 5078 2049 5158 55)
2103 5087 2177 5140 Ἡ
2192 5078 2506 5158 θάλασσα.
2528 5097 2632 5141 etc.
2655 5084 2757 5140 Per
2797 5103 2816 5136 ι
2843 5099 3042 5144 mare,»
3072 5078 3304 5158 intelligi
3323 5095 3445 5158 pos.

217 5094 472 5157 peccatum
503 5094 687 5157 lapsis.

423 5153 660 5232 ’Υμῶνη
700 5161 756 5213 lu
785 5161 1080 5225 nonnullis,
1105 5161 1288 5232 ήμῶν.

279 5223 389 5300 (ᾆξ’)
427 5223 534 5296 Τάς
577 5223 1084 5297 ἐκκλησιαστικὰῤ
1127 5223 1484 5300 ᾧροντίδας.
1549 5249 1568 5284 ι
1596 5231 1768 5286 Curas

221 5293 610 5354 ecclesiasticas.
639 5319 658 5351 ›
698 5293 824 5354 Haec
875 5293 1370 5356 videntur’i'rouice
1403 5293 1570 5358 dicta.
1621 5301 1770 5357 Unde

225 5358 416 5440 Nic-etas
443 5388 460 5418 ‹
482 5372 820 5440 pecuniarias
848 5386 1008 5426 curas
1032 5391 1048 5424 ι
1080 5373 1481 5440 interpretatur.

285 5430 385 5572 $5.0)
425 5430 668 5495 Τόὐτων.
697 5439 828 5509 Reg.
857 5441 967 5504 bm,
1001 5441 1213 5494 τούτου.

307 5499 387 5572 51)
413 5509 778 5572 Διαλέτοιιαι.
811 5509 1042 5572 Ucrvag.
1076 5511 1213 5572 φθέγ

307 5499 387 5575 5i)
413 5499 1042 5581 Διαλέγομαιῖυυῐνὶιε.
1076 5511 1408 5581 φθέγγομαι.

1949 5151 1957 5160 ς

1865 5151 1993 5212 sunt
2017 5151 2394 5212 [hereticorum
2447 5158 2706 5225 impetus;
2732 5169 2870 5225 per}
2892 5167 3079 5225 navem
3096 5192 3113 5218 ,
3139 5168 3157 5201 ο
3181 5151 3444 5225 Ecclesia;

1864 5244 1961 5296 per
2018 5247 2036 5278 ι
2070 5237 2375 5296 vectores,»
2429 5222 2625 5296 partim
2688 5222 2888 5296 populi,
2940 5223 3134 5296 partim
3182 5222 3442 5292 episcopi,

1864 5293 2061 5354 auibus
2090 5295 2342 5351 omnibus
2373 5293 2548 5349 valide
2575 5296 2773 5348 restitit
2809 5293 3122 5363 Gregorius.

1937 5368 2050 5438 (54)
2084 5365 2398 5438 Τὸνίὶερύν
2438 5364 2675 5438 τοῦτον.
2725 5361 3038 5438 Alludit'gd
3065 5361 3444 5438 bellum_Plio-

1864 5431 2222 5512 cerise;_quod
2255 5431 2493 5512 quidem,
2528 5435 2654 5503 quia
2681 5433 2924 5504 profano
2947 5431 3200 5512 Delphico
3229 5432 3439 5512 direpto

1863 5520 1918 5565 et
1949 5500 2184 5578 expilata
2214 5500 2522 5576 gerebatur,
2547 5500 2576 5558 ἰ
2611 5500 2825 5562 sacrum
2858 5521 2878 5555 ι
2917 5512 3000 5562 est
3032 5503 3256 5558 dictum.
3294 5500 3440 5558 Istud
