4050 6298
632 184 749 248 ’485

1837 173 1893 228 S.
1933 170 2258 229 GREGORII
2300 166 2644 224 THEOLOGI

3754 156 3843 212 464

642 310 802 363 etiam
835 300 1101 373 quoddam
1133 295 1327 353 bellum
1380 300 1591 345 sacrum
1611 327 1625 353 ,
1657 286 2111 354 quemadmodum
2159 293 2211 339 et

2319 280 2479 351 ἱερὸς,
2509 278 2697 349 ὥσπερ
2726 276 2819 330 καὶ
2853 274 2965 348 (55)
2993 271 3342 346 βαρϐαρικάς.
3367 268 3493 333 Πῶς
3523 269 3748 339 συνάψω,
3769 273 3848 325 καὶ

642 394 1002 452 barbaricum.
1036 386 1313 453 Quomodo
1347 384 1443 437 hos
1469 376 1707 433 adversis
1732 374 1941 429 thronis
1971 375 2206 428 insiden-

645 495 748 548 tes,
789 493 949 551 atque
971 479 1223 532 adversas
1249 474 1302 528 in
1334 469 1600 541 pascendo
1628 478 1787 537 grege
1812 473 1995 535 partes
2026 464 2207 519 foven-

644 586 725 633 tes
758 581 1091 633 connectam,
1126 578 1289 635 atque
1322 564 1374 617 in
1418 576 1580 615 unum
1609 558 1894 621 adducam,
1923 555 2206 625 p0pulum-

644 681 746 734 que
775 664 931 721 simul
963 676 1083 716 cum
1142 658 1272 727 ipsis
1300 655 1608 721 abruptum,
1642 648 1941 716 studiisque
1992 655 2207 700 contra-

643 757 738 810 riis
767 754 1122 814 distractum;
1162 741 1612 816 quemadmodum
1647 736 1701 790 in
1735 736 1801 791 iis
1836 736 2092 797 hiatibus,
2117 734 2207 803 qui

644 861 706 900 ex
743 853 901 898 terra,
924 838 1157 894 motibus
1202 832 1363 905 763
1401 828 1670 891 accidunt,
1700 825 1889 879 vicinae
1911 833 1965 879 et
1993 824 2209 894 propin-

642 948 763 1004 quae
794 941 977 1001 partes
1016 925 1177 983 simul
1219 922 1423 979 moveri
1453 920 1654 982 solent;
1702 924 1793 971 aut
1830 916 1883 970 in
1943 914 2211 984 pestiferis

642 1024 847 1078 morbis
869 1019 1055 1075 famuli
1080 1032 1143 1072 ac
1179 1012 1459 1071 domestici
1479 1008 1633 1066 simul
1654 1007 2006 1078 abripiuntur,
2026 1007 2210 1061 morbo

644 1116 896 1170 nimirum
927 1112 995 1166 ab
1033 1109 1153 1177 aliis
1182 1108 1248 1161 ad
1273 1106 1405 1159 alios
1430 1102 1586 1155 facile
1612 1100 1941 1154 dimanante.
1987 1095 2095 1152 Nec
2125 1110 2213 1166 po-

644 1205 824 1273 pulum
860 1203 1053 1267 solum,
1081 1199 1176 1254 sed
1198 1196 1358 1252 etiam
1416 1192 1565 1247 orbis
1595 1198 1751 1244 teme
1782 1196 2081 1258 segmenta,
2115 1201 2209 1240 eo-

645 1297 762 1349 dem
794 1309 913 1349 cum
953 1287 1338 1347 dissidentibus
1376 1282 1566 1338 affectu
1589 1288 1879 1343 commota,
1910 1280 1982 1331 ita
2015 1287 2072 1331 ut
2097 1278 2209 1346 jam

646 1388 698 1440 in
728 1387 862 1440 duas
894 1380 1198 1437 contrarias
1214 1388 1394 1446 partes
1424 1374 1614 1428 Oriens
1635 1379 1688 1425 et
1717 1369 1979 1425 Occidens
2018 1368 2213 1422 secreti

646 1485 812 1543 atque
838 1472 996 1526 divisi
1037 1470 1170 1533 sint,
1212 1481 1312 1520 nec
1338 1464 1447 1531 jam
1479 1463 1657 1516 minus
1684 1460 1985 1514 animorum
2037 1468 2092 1512 et
2119 1472 2213 1512 vo-

645 1567 936 1627 luntatum,
966 1575 1127 1631 quam
1165 1556 1348 1611 finium
1400 1560 1675 1621 segmenta
1730 1563 1850 1603 esse
1893 1548 2213 1604 videantur?

648 1657 939 1725 Quousque
958 1654 1101 1709 enim
1135 1652 1247 1704 haec
1285 1646 1586 1709 audientur,
1613 1657 1772 1729 piens
1814 1648 1868 1693 et
1910 1649 2050 1703 tuus,
2082 1638 2219 1691 anti-

648 1763 786 1817 quus
818 1756 872 1801 et
916 1758 1107 1807 novus,
1141 1735 1421 1794 facundior
1444 1742 1536 1788 aut
1587 1728 1944 1802 spiritualior,
1987 1728 2219 1783 nobilior

648 1846 742 1892 aut
771 1836 1077 1906 ignobilior,
1114 1828 1460 1886 multitudine
1490 1826 1793 1895 opulentior
1826 1832 1920 1877 aut
1973 1821 2226 1877 tenuior?

651 1931 718 1985 ab
742 1931 861 1985 aliis
884 1943 1074 1982 nomen
1100 1926 1373 1980 ducerem.

722 2020 880 2075 XXII.
915 2019 1029 2072 Non
1065 2015 1180 2071 fero
1215 2018 1391 2074 circos
1439 2027 1669 2083 vestros,
1701 2024 1752 2071 et
1786 2016 1993 2070 theatra
2018 2055 2033 2081 ,
2065 2023 2227 2083 atque

650 2110 897 2164 :emulum
924 2108 1067 2163 hunc
1097 2118 1206 2162 tam
1240 2108 1291 2161 in
1346 2108 1674 2176 sumptibus,
1704 2122 1866 2175 quam
1922 2107 1973 2158 in
2020 2106 2227 2159 animo-

650 2215 768 2254 rum
793 2198 1006 2263 studiis,
1033 2198 1288 2251 furorem.
1316 2197 1496 2268 Equos
1542 2196 2001 2267 transjungimus,
2038 2206 2225 2250 contra

646 2290 940 2361 iungimus,
994 2290 1238 2344 certatim
1272 2289 1572 2354 fremimus,
1627 2291 2011 2358 propemodum
2060 2288 2222 2342 etiam

652 2397 830 2438 aerem
869 2383 1040 2451 ipsum
1073 2381 1445 2446 verberamus,
1481 2389 1537 2434 ut
1593 2380 1690 2443 illi,
1743 2378 2121 2448 pulveremque
2170 2379 2223 2432 in

652 2473 849 2525 coelum
883 2478 1133 2537 tanquam
1172 2470 1341 2522 insani
1362 2469 1630 2536 jacimus;
1668 2483 1731 2523 ac
1754 2468 1852 2522 sub
1884 2468 2076 2522 alienis
2098 2479 2214 2535 per-

655 2564 804 2617 sonis
832 2562 1204 2616 contentiones
1234 2570 1449 2616 nostras
1495 2560 1793 2630 explemus,
1830 2561 2065 2629 malique
2106 2576 2221 2614 am-

654 2653 875 2709 bitionis
905 2663 958 2708 et
984 2653 1366 2707 munificentiae
1400 2653 1589 2708 arbitri
1619 2652 1896 2717 efﬁcimur,
1930 2662 2090 2722 atque
2123 2653 2225 2707 iui—

655 2744 746 2812 qui
782 2753 836 2797 et
871 2743 1091 2797 absurdi
1125 2757 1303 2796 rerum
1340 2741 1569 2811 judices.
1603 2743 1765 2796 Iidem
1808 2742 1948 2796 enim
1981 2742 2223 2796 homines

656 2833 814 2887 hodie
845 2832 959 2901 pari
994 2832 1273 2887 nobiscum
1323 2847 1596 2887 sacrorum
1634 2832 1865 2901 fideique
1899 2831 2225 2886 commercio

655 2922 1138 2988 communicantes,
1170 2926 1212 2977 si
1250 2922 1321 2975 ita
1354 2937 1450 2976 nos
1480 2923 1641 2976 duces
1684 2929 1738 2976 et
1763 2921 2028 2975 antistites
2057 2920 2223 2974 nostri

656 3011 908 3077 tulerint;
939 3027 1059 3066 eras
1089 3012 1371 3066 contrariae
1402 3012 1545 3067 sedis
1568 3021 1623 3066 et
1671 3011 1951 3065 sententia:
2000 3021 2146 3075 sunt,
2177 3012 2223 3063 si

653 3111 844 3157 ventus
870 3101 1160 3156 reﬂaverit.
1189 3100 1380 3157 Odium
1449 3112 1610 3172 atque
1667 3102 1958 3156 amicitiam
2009 3101 2222 3154 nomine

655 3192 1014 3257 comitantur;
1049 3207 1165 3256 nec,
1197 3192 1337 3260 quod
1372 3192 1747 3261 gravissimum
1772 3202 1876 3251 est,
1929 3191 2066 3257 apud
2100 3204 2221 3244 eos-

656 3281 775 3335 dem
834 3283 1103 3337 auditores
1153 3283 1419 3337 contraria
1472 3282 1615 3349 loqui
1661 3281 2069 3343 erubescimus;
2123 3292 2224 3332 nec

656 3374 813 3432 nobis
836 3376 967 3445 ipsis
992 3383 1323 3437 constamus,
1364 3388 1482 3426 cum
1520 3371 1747 3425 subinde
1798 3385 1894 3424 nos
1947 3369 2223 3424 contentio

656 3469 920 3522 immutet.
957 3464 1112 3517 Dicas
1136 3462 1361 3530 Euripos
1390 3460 1646 3528 quosdam
1704 3473 1843 3521 esse,
1888 3473 2029 3512 nunc
2059 3472 2224 3512 exun-

656 3558 866 3618 dantes,
900 3568 1042 3606 nunc
1072 3553 1349 3620 reciproco
1400 3548 1560 3602 fluctu
1612 3548 1968 3602 subsidentes.
2029 3546 2227 3612 Quem-

657 3645 943 3699 admodum
973 3643 1135 3712 igitur
1158 3643 1201 3693 si
1231 3639 1613 3693 adolescentuli
1648 3639 1700 3693 in
1741 3640 1916 3693 medio
1949 3637 2068 3692 foro
2100 3638 2226 3692 lusi-

658 3746 854 3803 tarent,
889 3746 1042 3803 turpe
1091 3734 1377 3788 admodum
1408 3742 1572 3798 esset,
1622 3734 1882 3801 nobisque
1931 3733 2224 3801 indignum,

660 3829 863 3883 relictis
901 3826 1098 3880 nostris
1132 3826 1343 3890 studiis,
1378 3826 1608 3892 vitaeque
1630 3823 1911 3887 institutis,
1948 3812 2069 3877 enni
2124 3823 2227 3877 illis

658 3920 844 3973 ludere
875 3918 1071 3987 (neque
1109 3917 1253 3971 enim
1283 3932 1569 3986 puerorum
1610 3916 1716 3969 ludi
1746 3925 2077 3970 senectutem
2128 3917 2226 3971 de-

658 4012 837 4079 cent);
866 4010 1052 4063 eodem
1087 4010 1246 4063 modo
1275 4024 1373 4064 nec
1400 4011 1465 4075 si,
1502 4010 1620 4064 aliis
1643 4019 1826 4063 mutuo
1854 4022 1973 4063 sese
2005 4023 2227 4062 versan-

660 4099 802 4154 tibus
826 4099 1356 4168 atquejactantibns,
1391 4101 1581 4153 melius
1626 4100 1876 4167 quiddam
1904 4100 2019 4166 ipse
2067 4113 2226 4168 quam

658 4189 843 4260 vulgus
866 4193 1113 4252 sentiam,
1150 4205 1287 4244 unus
1319 4206 1502 4244 eorum
1538 4205 1657 4245 esse
1699 4190 1904 4250 malim,
1938 4205 2121 4257 quam,
2170 4198 2230 4242 ut

658 4295 800 4346 sum,
831 4297 950 4335 cum
989 4282 1316 4336 obscuritate
1355 4280 1508 4335 liber.
1542 4281 1619 4334 Ae
1649 4291 1907 4350 praeterea
1961 4282 2031 4333 ita
2085 4294 2220 4349 quo-

2310 374 2387 434 είς
2414 371 2471 425 ἒν
2505 369 2695 438 ἀγάγω
2718 369 2845 431 τοὺς
2867 364 3383 435 ἀντικαθεζομένους
3410 362 3630 424 τούτους
3660 363 3746 414 καὶ
3769 364 3848 415 ἁν-

2310 464 2771 533 τιποιμαίνοντας,
2806 461 2898 513 καὶ
2928 459 3017 512 τὸν
3043 456 3153 527 (56)
3185 454 3637 526 συναπερῤωγότα
3665 455 3851 518 τούτοις

2311 552 2437 603 λαὸν
2471 551 2566 603 καὶ
2594 549 2870 603 ἀντίθετον
2891 565 2905 579 '
2933 547 3120 617 ὥσπερ
3140 547 3197 599 ὲν
3226 547 3338 607 τοῖς
3370 544 3482 614 (57)
3503 544 3733 613 χάσμασι
3758 546 3852 598 τῶν

2315 641 2575 709 σεισμῶν,
2630 639 2698 692 τὰ
2726 636 3071 707 γειτονοῦντα
3120 635 3214 688 καὶ
3243 632 3608 704 πλησιάζοντα
3631 648 3645 663 ’
3679 635 3710 705 ἢ
3747 638 3853 700 ταῖς

2312 732 2584 801 λοιμικαῖς
2621 730 2795 793 νόσοις
2833 730 2962 792 τοὺς
3017 725 3353 798 θεραπευτὰς
3385 727 3481 777 καὶ
3508 724 3743 788 οἰκείους,
3770 727 3851 780 ἄλ·

2313 824 2424 887 λοις
2453 822 2562 893 (58)
2591 824 2683 875 ἀπ’
2711 822 2883 876 ἄλλων
2904 819 3272 889 διαδιδομένης
3300 816 3536 880 εὐκόλως
3567 816 3661 887 τῆς
3686 818 3851 889 ἀρρω-

2317 914 2468 976 στίας
2486 930 2501 944 ·
2538 914 2598 965 ού
2628 913 2786 982 μόνον
2807 913 2882 973 δὲ,
2901 910 3035 965 ἀλλὰ
3060 912 3153 963 καὶ
3177 909 3245 962 τὰ
3270 908 3369 978 τῆς
3393 906 3711 976 οἰκουμένης
3736 909 3853 979 τμήι

2320 1021 2463 1073 ματα
2487 1022 2550 1056 συ
2559 1003 2903 1073 μπεπονθότα
2927 1004 3037 1064 τοῖς
3063 1000 3465 1063 στασιάζουσιν,
3516 996 3653 1050 ὥστε
3680 999 3763 1051 καὶ
3784 1001 3852 1062 είς

2315 1092 2601 1146 ἀντίπαλον
2625 1095 2816 1163 μοῖραν
2827 1090 3181 1161 ἀποκριθῆναι
3196 1090 3315 1141 τότε
3331 1088 3495 1159 Ἑῷον
3516 1087 3608 1141 καὶ
3617 1088 3673 1140 τὸ
3686 1086 3698 1101 ⁸
3710 1090 3853 1142 Ecas-

2318 1201 2454 1254 ριον,
2487 1184 2580 1236 καὶ
2604 1184 2933 1237 κινδυνεύειν
2962 1183 3059 1253 τῆς
3089 1180 3314 1252 γνώμης
3357 1182 3458 1251 οὐχ
3504 1176 3657 1251 ἦττον
3686 1181 3717 1252 ἦ
3762 1182 3853 1234 τῶν

2318 1274 2567 1345 περάτων
2602 1274 2770 1327 ταῦτα
2791 1274 3041 1341 γενέσθαι
3063 1274 3355 1344 τμήματα;
3401 1272 3575 1343 Μέχρι
3606 1273 3736 1336 τίνος
3762 1274 3853 1344 γὰρ

2318 1366 2345 1417 6
2383 1366 2511 1435 ἐμὸς
2540 1365 2633 1418 καὶ
2661 1366 2688 1417 6
2718 1365 2828 1427 σὸς,
2858 1365 2952 1417 καὶ
2981 1366 3009 1417 6
3044 1363 3271 1426 παλαιὸς
3293 1363 3387 1417 καὶ
3407 1363 3435 1414 6
3465 1362 3600 1428 νέος,
3638 1364 3664 1414 6
3694 1364 3854 1431 λογιώ-

2318 1457 2522 1528 τεροςῆ
2547 1459 2574 1510 6
2601 1454 3126 1526 πνευματικώτερος,
3149 1458 3177 1508 6
3198 1454 3577 1525 εὐγενέστερος
3598 1453 3628 1523 ἧ
3650 1455 3675 1506 6
3695 1454 3853 1523 δυσγε-

2318 1547 2585 1617 νέστερος,
2617 1548 2645 1599 6
2674 1546 2748 1616 τῷ
2784 1545 2971 1617 πλήθει
3004 1544 3448 1615 πλουσιώτεροςῆ
3475 1545 3504 1596 6
3538 1546 3849 1616 πενέστερος;

2239 1649 2293 1708 Β
2319 1638 2653 1709 Αἰσχύνομαι
2677 1637 2737 1691 τὸ
2762 1639 2938 1707 γῆρας
3116 1676 3133 1703 ,
3185 1636 3362 1690 ἄλλων
3391 1635 3731 1706 καλούμενος,
3766 1636 3851 1688 ὑπὸ

2325 1728 2560 1800 Χριστοῦ
2603 1728 2960 1799 σεσωσμένος.

2263 1820 2649 1879 Erubescerem
2675 1823 2928 1879 canitiem
2956 1835 3149 1889 meam,
3183 1825 3250 1889 si,
3310 1837 3340 1877 a
3398 1821 3609 1878 Christo
3627 1822 3849 1888 salvatus,

2389 2011 2516 2063 KB'.
2553 2009 2628 2061 Οὐ
2655 2006 2804 2077 φέρω
2829 2006 2951 2068 τοὺς
2975 2004 3233 2067 ἱππικοὺς
3261 2003 3439 2073 ὑμῶν,
3462 1999 3638 2055 καὶτὰ
3664 1998 3848 2071 θέατρα,

2322 2103 2415 2157 καὶ
2448 2102 2544 2173 τὴν
2572 2100 2898 2171 ἀντίρροπον
2917 2099 3121 2170 ταύτην
3146 2098 3345 2169 μανίαν
3373 2097 3428 2151 έν
3456 2114 3513 2150 τε
3540 2096 3851 2164 δαπανήμασι

2322 2197 2415 2249 κα)⁸
2451 2195 2843 2263 σπουδάσμασι.
2895 2191 3355 2261 Μεταζεύγνυμεν
3380 2228 3396 2253 ,
3447 2186 3846 2256 ἀντιζεύγνυμεν,

2322 2285 2872 2358 ἀντιφρυασσόμεθα,
2939 2284 3134 2355 μικροῦ
3187 2282 3279 2335 καὶ
3338 2282 3428 2335 τὸν
3460 2280 3591 2353 ἀέρα
3632 2280 3845 2349 παίομεν,

2322 2376 2508 2448 ὥσπερ
2552 2378 2784 2441 ⁸ἐκεῖνοι,
2841 2376 2935 2427 κα)⁸
2993 2374 3258 2445 βάλλομεν
3306 2374 3455 2427 κόνιν
3510 2376 3586 2435 είς
3637 2371 3845 2441 οὐρανὸν,

2321 2468 2506 2538 ὥσπερ
2558 2468 2607 2519 οἱ
2650 2466 3033 2536 ἐξεστηκότες·
3076 2467 3169 2518 καὶ
3225 2465 3319 2516 ὑπ’
3356 2464 3531 2527 ἄλλοις
3582 2461 3848 2533 προσώποις

2319 2560 2417 2623 τὰς
2469 2560 2738 2630 ἡμετέρας
2780 2556 3157 2627 ὲκπληροῦμεν
3185 2556 3538 2627 φιλονεικίας,
3577 2553 3723 2607 κακοὶ
3757 2550 3846 2619 (60)

2320 2650 2582 2720 γινόμεθα
2605 2650 2703 2719 τῆς
2730 2649 3039 2718 φιλοτιμίας
3073 2648 3371 2718 διαιτηταὶ,
3406 2647 3498 2699 καὶ
3545 2645 3716 2716 κριτα)⁸
3756 2640 3845 2711 (61)

2320 2740 2428 2794 τῶν
2450 2740 2785 2811 πραγμάτων
2810 2737 3141 2807 ἀγνώμονες.
3174 2739 3428 2808 Σήμερον
3470 2735 3725 2806 σύνθρονοι
3756 2731 3844 2801 (62)

2323 2833 2415 2885 καὶ
2446 2831 2705 2902 ὁμόδοξοι,
2738 2830 2803 2883 ἂν
2832 2828 2973 2881 οὕτω
3007 2829 3243 2899 φέρωσιν
3274 2830 3426 2899 ἡμᾶς
3444 2828 3491 2880 οί
3512 2828 3714 2894 ἄγοντες
3728 2821 3841 2891 (63)’

2324 2921 2511 2993 αὔριον
2548 2921 2847 2991 ἀντίθρονοι
2870 2920 2981 2990 (64)
3000 2920 3094 2972 καὶ
3124 2919 3411 2983 ἀντίδοξοι,
3441 2912 3841 2979 ἐάνάντιπνεύσῃ

2252 2999 2293 3055 C
2327 3015 2388 3067 τὸ
2420 3013 2655 3082 πνεῦμα.
2710 3011 2863 3064 Μετὰ
2911 3012 3010 3081 τῆς
3035 3010 3232 3080 ἔχθρας
3282 3011 3379 3063 καὶ
3413 3010 3509 3079 τῆς
3546 3008 3709 3077 φιλίας
3734 3003 3841 3075 (65),

2323 3105 2417 3157 κα)⁸
2447 3103 2513 3155 τὰ
2542 3102 2778 3171 ὀνόματα
2796 3118 2809 3131 ·
2841 3101 2955 3166 καὶ,
2987 3100 3044 3153 τὸ
3066 3101 3388 3169 δεινότατον,
3411 3102 3508 3154 οὐκ
3529 3094 3841 3168 αἰσχυνόμεθα

2320 3195 2433 3255 τοῖς
2464 3193 2646 3253 αὐτοῖς
2666 3190 2934 3260 χρώμενοι
2971 3191 3079 3243 τῶν
3111 3192 3369 3245 ἐναντίων
3402 3193 3704 3261 ἀκροαταῖς·
3746 3185 3841 3237 οὐδὲ

2325 3283 2418 3336 ἐπὶ
2444 3282 2550 3335 τῶν
2596 3280 2773 3333 αὐτῶν
2819 3281 3149 3351 βεϐήκαμεν,
3180 3281 3371 3335 ἄλλοτε
3410 3281 3598 3343 ἄλλους
3630 3275 3841 3343 ποιούσης

2324 3376 2471 3445 ἡμᾶς
2502 3374 2600 3443 τῆς
2629 3373 2980 3441 φιλονεικίας.
3038 3374 3296 3444 Εὑρίπων
3330 3372 3610 3445 μεταϐολαί
3651 3384 3785 3429 τινες,
3813 3365 3837 3432 ἦ

2324 3460 2653 3533 ἀμπώτιδες.
2695 3463 2901 3532 Ὥσπερ
2938 3456 3028 3514 οὖν
3070 3464 3116 3514 εἰ
3149 3463 3451 3533 μειρακίων
3480 3464 3536 3514 ὲν
3563 3458 3716 3529 ἀγορᾷ
3739 3470 3841 3505 παι-

2326 3553 2524 3618 ζόντων
2563 3555 2620 3606 ὲν
2652 3553 2800 3623 μέσῳ
2829 3555 2923 3605 καὶ
2952 3553 3317 3623 παιζομένων,
3347 3553 3563 3624 αἰσχρὸν
3590 3551 3648 3603 ἂν
3672 3545 3728 3618 ἦν
3748 3546 3842 3596 λίαν

2326 3646 2420 3697 καὶ
2445 3646 2542 3714 οὐχ
2572 3643 2752 3714 ἡμῶν,
2791 3643 3193 3707 καταλιπόντας
3222 3645 3322 3708 τὰς
3355 3645 3554 3705 οἰκείας
3586 3634 3841 3707 διατριϐάς,

3080 3737 3092 3753 9
3138 3736 3233 3754 _,\,
3282 3736 3294 3753 Ι
3385 3739 3406 3753 υ

2328 3825 2679 3897 ἁθύρματα)·
2713 3827 2883 3885 οὕτως
2903 3826 3008 3879 οὐδ’
3039 3828 3108 3889 εἰ,
3137 3826 3412 3897 φερόντων
3442 3825 3529 3877 καὶ
3576 3821 3674 3891 (66)
3702 3831 3843 3886 φερο-

2335 3919 2510 3988 μένων
2533 3918 2641 3970 τῶν
2672 3917 2844 3971 ἄλλων
2863 3958 2877 3981 ,
2919 3918 3081 3981 αὐτός
3113 3936 3164 3971 τι
3199 3918 3406 3988 βέλτιον
3434 3916 3538 3970 τῶν
3570 3910 3751 3966 πολλῶν
3775 3922 3843 3973 γι-

2329 4008 2548 4062 νώσκων
2570 4049 2583 4071 ,
2618 4008 2880 4079 δεξαίμην
2911 4009 2974 4063 ἂν
3016 4010 3237 4065 ἐκείνων
3288 4006 3370 4074 εἷς
3400 4005 3534 4063 εἷναι
3569 4004 3768 4076 μᾶλλον,
3796 3996 3840 4067 ἣν

2329 4100 2462 4169 ὅπερ
2494 4100 2628 4170 εἰμὶ,
2672 4102 2809 4170 μετά
2855 4100 2955 4168 τῆς
2992 4100 3224 4170 ἀφανίας
3262 4102 3373 4171 (67)
3419 4097 3696 4166 ἐλεύθερος.
3726 4087 3840 4159 Πρὸς

2330 4190 2437 4261 γὰρ
2489 4188 2554 4243 αὖ
2606 4194 2718 4253 τοῖς
2755 4190 2933 4253 ἄλλοις
2982 4191 3173 4260 πάσχω
3214 4208 3265 4244 τι
3308 4192 3401 4244 καὶ
3448 4187 3686 4247 τοιοῦτον,
3714 4180 3763 4232 οὐ
3786 4175 3839 4225 τὰ

2332 4281 2500 4334 πολλά
2530 4282 2879 4353 συμφέρομαι
2912 4285 3023 4345 τοῖς
3048 4282 3274 4346 πολλοῖς,
3313 4282 3431 4336 οὐδὲ
3472 4280 3567 4341 τὴν
3598 4273 3743 4341 αὐτὴν
3766 4267 3840 4336 βα⁶

659 4489 854 4554 autem)
892 4500 909 4532 ι
935 4496 1143 4536 sacrum
1167 4500 1185 4533 ι
1222 4490 1303 4535 est
1337 4481 1670 4554 appellatum
1708 4496 1737 4533 a
1773 4479 2053 4549 Gregmio,
2090 4479 2212 4554 quia
2248 4485 2289 4539 ι)
2386 4482 2496 4554 (62)
2532 4484 2875 4550 Σύνθρονοι.
2930 4486 3035 4537 Eos
3071 4484 3337 4554 intelligit,
3380 4478 3492 4549 qui,
3527 4472 3600 4525 vel
3623 4462 3837 4554 episcopi:

660 4552 726 4603 ab
776 4552 1038 4621 episcopis
1064 4564 1117 4605 et
1160 4553 1528 4606 sacerdotibus
1559 4552 1624 4605 de
1667 4556 1823 4603 rebus
1852 4566 2021 4604 sacris
2049 4562 2099 4603 et
2136 4552 2214 4602 di-

658 4622 799 4672 vinis
833 4624 1290 4675 cmmnitlebatttr.

754 4690 844 4756 55)
872 4690 1003 4742 Καί.
1034 4690 1191 4743 Deest
1221 4691 1271 4742 in
1303 4691 1709 4759 quatuorllegg.
1740 4699 1787 4743 et
1818 4689 1908 4743 Or.
1938 4689 1991 4740 2.

755 4760 843 4828 .56)
884 4760 1012 4811 Τόν.
1048 4759 1203 4812 Deest
1231 4760 1282 4810 in
1317 4759 1446 4824 Reg.
1479 4760 1587 4812 bin.

732 4826 842 4897 (57)
873 4828 1095 4899 ’ςΩσειερ
1112 4829 1193 4899 ’ἐν
1219 4828 1372 4899 τοῖς.-
1395 4828 1484 4880 Sic
1509 4827 1639 4899 Reg.
1671 4829 1781 4893 bm,
1812 4837 1919 4881 tres
1935 4827 2107 4889 Coll»,
2127 4826 2221 4882 0r.

660 4896 715 4961 2,
745 4896 847 4966 etp.
877 4896 931 4949 lu
963 4898 1070 4959 ed.,
1102 4896 1286 4966 ὥσπερ
1316 4896 1517 4958 αὐτοῖς.

733 4963 847 5035 (58)
884 4966 1147 5029 Ἀλλοις.
1186 4963 1438 5035 Πέργην
1470 4966 1651 5035 ἄλλης.

733 5032 845 5102 (59)
878 5034 1245 5102 Αίσχύνομαι
1268 5032 1334 5085 τὸ
1365 5034 1571 5102 γῆρας,
1590 5032 1698 5089 ἐιο.
1727 5034 1840 5086 Bill.
1877 5052 1888 5086 :

664 5104 734 5157 tis
762 5118 846 5156 me
879 5106 1057 5172 pudet,
1114 5119 1233 5157 eum
1287 5103 1511 5157 aliorum
1552 5106 1764 5156 nomine
1799 5120 2041 5164 censear.
2083 5107 2227 5172 quia

663 5171 890 5241 Christo
942 5171 1167 5226 salutem
1220 5174 1423 5241 accepi.
1451 5191 1469 5224 ι
1523 5171 1930 5227 Perclieimerns
1970 5187 1983 5223 :
2019 5191 2037 5222 ι
2066 5171 2230 5226 l'inlet

665 5258 752 5297 me
784 5240 1024 5305 honoris,
1056 5243 1098 5294 si
1138 5241 1205 5296 ab
1231 5240 1563 5297 aliis’nomen
1602 5246 1821 5303 sortior.
1859 5257 1979 5293 cum
2014 5257 2041 5293 a
2076 5242 2229 5295 Chri-

665 5323 751 5365 sto
780 5309 1016 5390 sa'lvatus
1037 5311 1158 5364 sim.
1186 5310 1465 5390 »_Videttir
1498 5313 1706 5383 legisse,
1757 5312 1944 5382 γέρας,
1990 5329 2008 5361 ι
2035 5312 2223 5378 honor,

664 5382 962 5456 ρτφξρὲυειιυ
987 5397 1005 5429 ι
1041 5393 1153 5456 ιξνοΔ
1170 5382 1365 5456 γῆρας,
1391 5400 1418 5456 Δι
1448 5382 1713 5456 senectus.
1744 5402 1762 5433 .

736 5447 847 5520 (60)
880 5447 1082 5502 Κακοί.
1230 5447 1290 5513 ’2,
1322 5452 1413 5503 καὶ
1442 5452 1619 5505 κακοί.

737 5519 848 5590 (61)
885 5520 1101 5587 Κριταί.
1132 5519 1243 5577 Duo
1269 5522 1440 5589 Colla,
1467 5522 1725 5591 λογισταί.

1930 5053 1946 5084 ι
1971 5033 2226 5088 Senectu-

2323 4543 2404 4603 vei
2436 4543 2730 4623 presbyteri
2768 4556 2819 4607 in
2857 4556 3094 4608 sacrario
3123 4543 3411 4613 sedeuntes;
3431 4561 3529 4601 una
3553 4543 3706 4597 sacris
3736 4543 3835 4586 cum

2322 4622 2540 4690 proiirio
2571 4622 2821 4689 episeopo
2853 4638 3068 4690 operam
3093 4623 3311 4677 dabant.
3449 4685 3459 4690 _

2392 4684 2501 4759 (65)
2556 4684 2620 4744 02
2668 4684 2955 4763 miniter}.
3007 4692 3221 4747 Nicetas
3272 4685 3506 4758 exponit.
3550 4684 3838 4763 #:9037313;

2320 4747 2431 4822 τες,
2467 4747 2830 4826 (superiores.
2859 4747 2905 4812 ι’
2926 4762 3039 4826 Qua
3099 4778 3230 4815 voce
3287 4747 3623 4829 imperatores
3649 4747 3839 4829 litasti-af

2324 4811 2446 4882 sua.
2471 4811 2829 4899 εητιέῑιξέείίιίίς
2848 4811 3073 4899 φηγ-ιι
3114 4811 3296 4883 nam
3314 4811 3451 4899 ne...
3469 4821 3699 4899 δίωκε,
3723 4811 3837 4899 3:9:

2323 4874 2666 4966 potissimm?
2701 4919 2718 4950 ‹
2746 4874 3184 4964 νέηιιιιείείιίιηε,
3215 4920 3233 4951 ι
3275 4912 3379 4965 quo
3408 4889 3687 4947 inferiores,
3723 4874 3838 4927 νοΙυι

2324 4966 2536 5033 calami,
2573 4967 2931 5023 iullectantur.
3425 5032 3432 5034 _
3568 5021 3612 5034 η
3745 4985 3830 5034 ‘m,

2396 5021 2928 5106 (64)”Αντι’θρονοιζ
2960 5056 2977 5089 ι
2998 5038 3291 5094 Contraria:
3327 5032 3482 5091 sedis,
3512 5047 3529 5078 ι
3565 5021 3616 5106 id
3646 5025 3735 5074 est.
3760 5022 3831 5077 qm

2326 5108 2518 5161 studiis
2550 5108 2724 5168 divisi,
2745 5105 3029 5175 Oppositus
3057 5118 3351 5161 conventus
3388 5105 3595 5167 cogn!"-

2401 5175 2508 5196 ιομι
2540 5177 2621 5196 wn,
2652 5180 2705 5196 n_
2825 5195 2847 5196 η
2868 5179 2909 5196 Α
2994 5176 3018 5186 -
3113 5194 3120 5196 Α
3141 5194 3144 5196 λ
3169 5179 3251 5196 ηρ.-
3366 5174 3419 5196 Li
3447 5177 3517 5196 ηυι
3594 5148 3761 5196 ηηρΐηίΙ

2400 5156 2513 5259 ςίξδῑ
2540 5156 3347 5259 "52612325699?aliis?!"
3366 5156 3834 5259 ιξὶἔὶιε...ίὲῗθ¹ἷζζῗέἔι¹ἰ

2326 5227 2417 5299 νεῖ
2445 5227 2779 5299 ιιίίπειῖὶῦιιι’
2812 5248 2894 5299 vel
2928 5227 3282 5299 ort'liortoxuu'i
3340 5238 3678 5295 nominamus.
3709 5227 3813 5287 ντου

2325 5330 2451 5383 erga
2482 5317 2649 5383 ipsum
2692 5330 2875 5369 amore
2910 5316 2992 5370 vel
3021 5317 3144 5369 odio
3175 5315 3455 5369 afficiatur.

2395 5386 2505 5454 (66)
2542 5384 2669 5437 Καί.
2706 5384 2835 5456 Reg.
2869 5388 2976 5451 bm,
3003 5387 3060 5456 ἧ.

2397 5455 2507 5524 (67)
2553 5455 2853 5523 Ἀφανίας.
2915 5455 3154 5521 Quatuor

3204 5454 3367 5524 Regg.
3427 5457 3477 5504 ct
3503 5445 3590 5501 Or.
3629 5436 3674 5496 2.
3720 5425 3829 5492 ἀφ’

2324 5525 2490 5588 νείας.
