4050 6298
202 109 319 167 483
1253 106 1513 164 ORATIO
1550 105 1710 162 XLII.
1748 139 1815 152 —-
1855 106 2235 164 SUPREMUM
2278 106 2479 163 VALE.
3368 112 3473 169 486

202 219 396 282 δίζειν
442 217 736 289 ἀνέχομαι”
796 218 1040 289 θρασέως
1093 219 1190 289 μὲν
1251 220 1379 283 ἴσως
1420 220 1514 272 καὶ
1565 219 1806 289 ἀμαθῶς,

1916 219 2194 273 dammodo
2228 219 2447 285 afficior,
2475 228 2533 273 ut
2565 233 2667 273 non
2700 218 2986 275 admodum
3012 221 3138 278 mihi
3166 237 3286 279 cum
3317 226 3475 297 vulgo

205 312 428 379 πάσχω
461 311 504 362 δ’
537 306 629 363 οὖν
663 312 829 379 ὅμως.
874 311 1022 380 Ἀνιᾷ
1051 328 1117 380 με
1147 309 1215 362 τὰ
1239 310 1344 362 τῶν
1380 310 1553 362 ἄλλων
1580 310 1808 379 τερπνὰ,

1916 310 2215 375 conveniat,
2265 324 2364 364 nec
2396 312 2642 365 eamdem
2706 312 2848 365 viam
2876 312 3081 383 ingredi
3141 317 3474 384 sustineam;

204 403 307 455 καὶ
367 402 647 471 τέρπομαι
686 403 795 462 τοῖς
846 400 1048 470 ἑτέρων
1093 402 1355 471 ἀνιαροῖς.
1386 402 1550 453 Ὥστε
1606 402 1705 453 οὐκ
1744 401 1810 454 ἂν

1916 401 2159 455 rusticius
2193 402 2242 454 id
2278 401 2493 470 quidem
2528 402 2760 457 fortasse
2789 412 2949 473 alque
2970 405 3291 473 imperitius,
3315 407 3479 480 764

206 492 574 562 θαυμάσαιμι
621 492 740 545 οὐδὲ
768 490 927 543 τοῦτο
952 532 965 556 ,
1002 493 1050 544 εἰ
1083 492 1177 544 καὶ
1222 492 1453 562 δεθείην,
1483 492 1555 555 ῶς
1583 492 1811 563 δύσχρη-

1916 492 2002 547 sed
2039 502 2213 545 tamen
2240 492 2311 546 ita
2354 492 2575 547 afﬁcior.
2614 494 2711 557 Ea,
2748 510 2867 564 qua:
2896 495 3013 549 aliis
3044 496 3366 565 voluptatem
3395 499 3479 568 gi-

208 602 369 648 στος,
414 586 503 637 καὶ
534 583 870 654 ἀνοηταίνειν
892 581 1106 653 δόξαιμι
1141 585 1253 646 τοῖς
1274 583 1507 647 πολλοῖς,
1534 584 1561 636 ὅ
1590 602 1671 647 τις
1694 586 1808 652 (68)

1916 592 2095 650 guunt,
2139 581 2268 634 mihi
2302 582 2526 637 molesta
2557 592 2718 641 sunt:
2773 599 2892 653 qua:
2940 593 3115 639 autem
3155 587 3271 641 aliis
3302 589 3475 643 tristia

205 675 446 741 λέγεται
479 674 585 726 τῶν
627 674 757 743 παρ’
799 672 1024 742 Ἕλλησι
1072 673 1551 744 φιλοσοφησάντων
1580 674 1803 739 παθεῖν,

1916 685 1953 727 3'
1984 675 2269 742 injucunda
2293 675 2561 741 videntur,
2597 689 2657 728 ea
2683 677 2917 729 auiumm
2946 692 3123 731 meum
3176 680 3470 735 oblectant.

206 765 515 834 ἐγκληθεὶς
542 765 617 826 ὡς
646 764 841 834 μανίαν
869 763 967 834 τὴν
1002 766 1377 834 σωφροσύνην,
1406 766 1486 818 ὅτι
1510 766 1723 834 διεγέλα
1739 765 1806 819 τὰ

1916 763 2191 830 Quocirca,
2224 762 2289 819 ne
2320 766 2423 819 hoc
2448 765 2663 833 quidem
2696 767 2824 820 mihi
2858 768 3051 822 mirum
3076 770 3254 836 fuerit,
3285 771 3329 825 si
3354 772 3475 825 viu-

205 858 429 916 πάντα,
464 855 693 923 γέλωτος
719 853 859 925 ὁρῶν
886 852 1010 918 ἄξια
1037 856 1105 907 τὰ
1130 858 1240 918 τοῖς
1274 856 1486 919 πολλοῖς
1516 856 1808 919 σπουδαζό-

1916 856 2037 909 :ulis
2062 856 2221 908 etiam
2271 855 2555 923 astringar,
2586 864 2644 908 ut
2676 855 3047 913 incommodus
3106 867 3160 913 et
3208 874 3474 927 morosus,

209 964 361 1016 μενα
382 963 401 977 °
430 947 470 1016 ἢ
509 945 603 998 καὶ
635 944 899 1012 γλεύκους
940 943 1252 1013 νομισθείην
1280 940 1418 997 εῖναι
1465 946 1660 1015 μεστὸς
1686 986 1699 1009 ,
1732 946 1808 1008 ὡς

1916 960 1967 998 ac
1993 945 2260 1013 plerisque
2282 945 2525 1014 desipere
2552 946 2756 1013 videar,
2786 950 3231 1016 quemadmodum
3260 951 3476 1006 ethnico

207 1036 459 1106 ὕστερον
486 1037 532 1086 οἱ
558 1033 793 1103 Χριστοῦ
848 1032 1088 1103 μαθηταὶ
1134 1033 1212 1103 τῷ
1261 1034 1443 1088 λαλεῖν
1492 1035 1764 1101 γλώσσαις
1792 1050 1804 1063 °

1916 1035 2118 1087 cuidam
2160 1035 2478 1104 philosopho
2507 1036 2723 1100 accidit,
2756 1037 2841 1090 cui
2871 1038 3148 1105 prudentia
3187 1041 3338 1107 quasi
3390 1042 3475 1094 in-

208 1126 584 1194 ἀγνοηθέντες
616 1166 630 1189 ,
682 1125 763 1177 ὅτι
820 1123 1136 1192 Πνεύματος
1174 1124 1402 1194 δύναμις
1434 1120 1501 1195 ἦν
1527 1164 1540 1189 ,
1572 1126 1632 1177 οὐ
1674 1142 1806 1194 φρε-

1916 1125 2058 1178 sauia
2086 1126 2218 1178 vitio
2279 1126 2607 1192 vertebatur,
2662 1127 2915 1195 quoniam
2953 1128 3134 1182 omnia
3185 1128 3471 1199 irridebat,

208 1217 325 1270 νῶν
358 1215 478 1285 (69)
513 1214 787 1277 ἔκστασις.

1916 1217 2023 1269 risu
2048 1216 2299 1271 videlicet
2327 1231 2387 1271 ea
2422 1217 2575 1285 digna
2602 1232 2720 1271 esse
2746 1218 3095 1287 perspiciens,
3131 1234 3249 1288 quae
3275 1236 3305 1274 a
3341 1224 3482 1277 mul-

212 1312 286 1365 tis
322 1326 549 1365 summo
584 1312 763 1365 studio
789 1317 1114 1377 expetuntur
1146 1329 1158 1365 :
1232 1318 1323 1364 aut
1379 1311 1540 1365 etiam
1601 1318 1778 1364 musto
1836 1310 2026 1379 plenus
2060 1326 2178 1365 esse
2201 1326 2444 1377 censear,
2491 1321 2549 1364 ut
2590 1320 2771 1380 postea
2803 1310 3003 1366 Christi
3044 1311 3327 1380 discipuli,
3359 1329 3479 1368 cum

214 1402 436 1471 iiuguis
454 1402 799 1469 loquerentur
819 1401 863 1431 ⁷⁷
888 1414 902 1464 ;
923 1397 1205 1467 ignorante
1226 1398 1428 1454 scilicet
1454 1397 1798 1453 multitudine
1840 1398 1891 1452 id
1923 1397 2155 1466 Spiritus
2184 1401 2234 1452 vi
2298 1408 2352 1455 et
2409 1399 2666 1454 facultate
2692 1399 2836 1463 fieri,
2874 1415 2979 1454 non
3032 1402 3226 1456 mentis
3258 1402 3478 1457 aberra-

216 1497 402 1550 ﬁone.
2237 1514 2241 1521 ·
2990 1535 3009 1547 .

290 1585 437 1638 Kl".
471 1585 728 1637 Σκοπε”ιτε
758 1583 864 1653 γὰρ
891 1581 983 1634 καὶ
1012 1584 1043 1651 ἡ
1055 1582 1169 1651 μῶν
1207 1580 1275 1634 τὰ
1310 1579 1651 1651 ἐγκλήματα.
1715 1580 1813 1632 Το-

1988 1573 2175 1629 XXIII.
2199 1573 2316 1627 Jam
2347 1574 2573 1628 crimina
2603 1588 2819 1644 quoque
2838 1584 3039 1642 nostra,
3059 1591 3262 1646 quaeso,
3284 1593 3483 1648 expen-

214 1675 430 1739 σοῦτος
462 1676 671 1745 χρόνος,
701 1675 881 1743 φησιν,
915 1673 974 1737 ἐξ
1002 1659 1061 1725 οὗ
1106 1673 1201 1743 τὴν
1267 1672 1588 1743 Ἐκκλησίαν
1638 1673 1809 1740 ἄγεις,

1917 1666 2046 1722 dite.
2074 1665 2245 1719 Tanto
2263 1664 2373 1731 jam
2407 1674 2646 1733 tempore
2668 1704 2684 1730 ,
2714 1667 2981 1734 inquiunt,
3007 1668 3261 1725 Ecclesiae
3289 1686 3479 1741 praes,

220 1767 372 1837 μετά
406 1768 508 1835 τῆς
536 1764 629 1817 τοῦ
668 1763 860 1835 καιροῦ
886 1763 1080 1834 ῥοπῆς,
1113 1763 1205 1815 καὶ
1230 1763 1330 1831 τῆς
1362 1762 1456 1816 τοῦ
1484 1762 1811 1834 κρατοῦντος

1921 1756 2181 1825 temporis
2214 1753 2414 1807 auxilio
2465 1754 2648 1821 fultus,
2696 1764 2859 1825 atque
2906 1758 3246 1826 imperatoris
3278 1760 3480 1829 favore,

214 1857 433 1926 ὁρμῆς,
463 1856 715 1908 τοσούτου
739 1854 1094 1924 πράγματος·
1129 1854 1181 1905 τί
1213 1853 1311 1923 τῆς
1338 1852 1638 1923 μεταϐολῆς
1683 1854 1813 1923 ἡμῖν

1916 1856 2064 1901 tanta
2101 1861 2180 1908 re,
2224 1860 2286 1899 ac
2316 1844 2449 1898 tanti
2477 1845 2755 1899 momenti.
2803 1846 3021 1915 Ecquod
3056 1851 3370 1907 mutationis
3402 1853 3480 1908 si-

219 1948 587 2017 ἑπεσήμηνε;
620 1946 781 1998 Πόσοι
811 1944 932 1997 καθ’
980 1937 1148 2014 ἡμῶν
1188 1942 1493 2014 ἔμπροσθεν
1527 1943 1813 2011 γεγόνασιν

218 2036 522 2107 ὑϐρισταί;
553 2034 801 2088 Τξδεινὸν
825 2035 883 2087 οὐ
913 2033 1290 2103 πεπόνθαμεν;
1322 2034 1432 2103 Οὐχ
1461 2032 1645 2103 ὕϐρεις
1665 2050 1679 2097 ;
1701 2032 1813 2085 Οὐκ

219 2124 466 2188 ἀπειλάς
489 2142 504 2190 ;
537 2124 610 2176 Οὐ
636 2123 809 2191 φυγάς
834 2139 847 2186 ;
874 2123 948 2175 Οὐ
964 2122 1261 2192 χρημάτων
1288 2122 1540 2193 ἁρπαγάς
1564 2139 1578 2187 ;
1610 2122 1684 2173 Οὐ
1717 2121 1811 2190 δηα

226 2219 502 2287 μεύσεις;
550 2216 627 2268 Ού
657 2214 1039 2285 πρεσϐυτέρων
1068 2216 1432 2285 ἐμπρησμοὺς
1477 2214 1589 2284 (70)
1622 2214 1814 2265 θαλατ-

223 2306 419 2369 τίους;
465 2303 539 2356 Οὐ
580 2304 740 2365 ναοὺς
784 2302 1191 2371 βεϐηλωμένους
1223 2303 1332 2371 (71)
1388 2301 1558 2370 ἁγίων
1598 2302 1811 2371 αἵμασι,

226 2396 323 2449 καί
356 2397 688 2465 γενομένους
716 2393 832 2445 ἀντὶ
860 2392 1001 2445 ναῶν
1028 2393 1383 2464 πολυάνδρια;
1410 2395 1481 2447 Ού
1516 2393 1813 2463 πρεσϐυτέ-

230 2504 340 2558 ρων
369 2485 688 2537 επισκόπων
712 2525 725 2548 ,
757 2483 1081 2553 οἰκειότερον
1132 2483 1186 2535 δὲ
1234 2484 1586 2554 πατριαρχῶν
1618 2486 1811 2547 εἰπεῖν,

231 2578 456 2645 σφαγὰς
486 2576 750 2645 δημοσίας
774 2592 787 2639 ;
817 2575 893 2627 Οὐ
922 2576 981 2627 τὸ
1010 2575 1187 2627 πάντα
1217 2576 1379 2627 τόπον
1419 2575 1620 2628 ἄϐατον
1668 2570 1809 2627 εἶναι

230 2672 347 2731 τοῖς
370 2666 630 2720 ,εὐσεϐέσι
661 2668 873 2736 μόνοις;
903 2663 1017 2734 Οὐχ
1047 2666 1074 2717 ὃ
1105 2682 1156 2716 τι
1187 2664 1251 2718 ἂν
1282 2667 1422 2718 εἴποι
1463 2683 1547 2730 τις
1569 2665 1678 2718 τῶν
1706 2665 1815 2717 δει-

230 2762 338 2812 νῶν
366 2777 383 2823 ;
410 2753 513 2811 Ὧν
544 2758 598 2810 τί
626 2760 737 2815 τοῖς
766 2757 1121 2825 πεποιηκόσιν
1147 2756 1596 2825 ἀντιδεδώκαμεν,
1629 2754 1814 2825 ἐπειδὴ

230 2850 301 2902 τὸ
320 2849 527 2913 ἐξεῖναι
549 2851 721 2899 ποιεῖν
745 2842 803 2899 εὖ
831 2846 1013 2899 ποιοῦν
1034 2846 1226 2897 ἀντεστ
1236 2844 1401 2916 ράφη,
1422 2846 1517 2898 καὶ
1538 2843 1814 2896 παιδεύειν

1914 1952 2075 2007 gnum
2103 1936 2255 1988 nobis
2285 1934 2519 1988 affulsit?
2547 1934 2687 2000 Quot
2728 1936 2974 1992 homines
3008 1943 3354 1998 contumeliis
3384 1959 3483 1999 nos

1914 2027 2060 2095 prius
2085 2024 2414 2079 affecerunt?
2440 2025 2578 2091 Quid
2607 2039 2710 2078 non
2744 2027 3052 2083 acerbitatis
3082 2031 3222 2098 passi
3260 2033 3484 2086 sumus?

1914 2118 1994 2171 An
2025 2131 2128 2171 non
2152 2115 2413 2184 injurias?
2436 2116 2515 2169 An
2544 2130 2648 2169 non
2676 2117 2891 2171 minas?
2911 2118 2991 2171 An
3017 2133 3120 2173 non
3146 2120 3371 2175 exsilia?
3399 2123 3480 2176 Au

1914 2223 2022 2263 non
2055 2210 2399 2275 pecuniarum
2431 2207 2793 2276 direptiones?
2826 2208 2905 2260 An
2943 2223 3046 2263 non
3071 2212 3331 2265 bonorum
3360 2227 3484 2282 pro-

1915 2297 2276 2366 scriptiones?
2305 2298 2508 2349 Annon
2542 2298 2840 2367 presbyteri
2880 2296 2931 2350 in
2970 2300 3145 2354 medio
3176 2303 3309 2355 mari
3338 2318 3485 2358 com-

1915 2390 2098 2445 busti?
2129 2390 2210 2443 An
2243 2405 2347 2443 non
2393 2388 2588 2457 templa
2625 2399 2934 2443 sanctorum
2984 2403 3177 2444 cruore
3219 2392 3487 2445 contami-

1915 2494 2059 2546 nata,
2093 2491 2148 2537 et
2171 2496 2237 2536 ex
2269 2482 2483 2549 templis
2524 2480 2578 2534 in
2630 2480 2869 2549 sepulcra
2932 2479 3231 2533 immutata?
3264 2485 3345 2534 An
3379 2495 3483 2536 nou

1921 2573 2166 2644 publicas
2197 2588 2383 2627 senum
2417 2572 2813 2641 episcoporum,
2846 2582 2958 2635 aut,
2985 2578 3043 2624 ut
3085 2573 3290 2639 aptiore
3321 2573 3487 2627 verbo

1920 2674 2067 2727 utar,
2117 2661 2547 2730 patriarcharum
2602 2660 2920 2730 caades?_An
2966 2675 3072 2715 non
3108 2661 3258 2727 illud,
3299 2672 3357 2716 ut
3384 2663 3486 2731 piis

1916 2753 2044 2807 solis
2072 2753 2249 2806 invius
2298 2752 2475 2806 omnis
2524 2752 2673 2805 locus
2734 2751 2911 2805 esset?
2962 2751 3043 2805 An
3103 2767 3208 2806 non
3255 2752 3487 2821 denique

1919 2843 2180 2914 quidquid
2209 2843 2533 2896 calamitatis
2558 2842 2680 2896 ullis
2708 2843 2886 2897 verbis
2913 2843 3198 2912 quisquam
3226 2845 3485 2913 consequi

231 2942 344 2995 ἔδει
377 2940 504 3001 τοὺς
536 2937 795 3008 ὑϐριστάς
822 2954 837 3002 ;
878 2936 982 2989 Ἐῶ
1004 2934 1197 2987 τᾶλλαο
1227 2935 1295 2987 τὰ
1335 2935 1392 2988 δὲ
1440 2934 1700 3005 ἡμέτερα,
1730 2934 1815 2985 ἴνα

1921 2938 2131 3008 possit?
2158 2937 2394 3002 Quorum
2430 2936 2685 3005 quidnam
2728 2935 2812 2999 iis,
2849 2937 2939 3003 qui
2965 2936 3078 2989 haec
3108 2935 3372 3001 fecerunt,
3405 2952 3489 2991 re-

232 3035 309 3104 μὴ
340 3031 414 3084 τὰ
447 3030 513 3083 σὰ
537 3030 784 3100 λέγωμεν
807 3069 821 3094 ,
846 3028 905 3081 οὐ
936 3027 1273 3097 δεδιώγμεθα
1299 3043 1313 3091 ;
1351 3028 1461 3095 Οὺχ
1484 3025 1820 3096 ὑϐρίσμεθα;

232 3129 356 3180 Οὐκ
400 3121 795 3195 ἀπεληλάμεθα
825 3116 1149 3191 ἐκκλησιῶν,
1199 3117 1405 3179 οἰκιῶν,
1460 3117 1681 3187 ἐρήμων
1710 3117 1821 3186 (72)

230 3218 446 3281 αὐτῶν,
482 3216 543 3268 τὸ
567 3212 902 3277 δεινότατον;
959 3210 1076 3264 Οὐκ
1097 3209 1407 3279 ἠνέγκαμεν
1440 3207 1607 3277 δῆμον
1638 3208 1820 3277 μαινό-

234 3327 436 3379 μενον;
492 3306 770 3377 ὑπάρχους
819 3304 1171 3376 ὑϐρίζοντας;
1204 3301 1469 3363 Βασιλέας
1528 3298 1819 3369 ὑϐριζομέ-

232 3418 367 3463 νους
401 3399 535 3468 (75),
561 3398 655 3449 καὶ
704 3396 839 3465 μετὰ
888 3394 996 3448 τῶν
1037 3390 1512 3462 προσταγμάτων;
1565 3386 1697 3442 Εἶτα
1724 3390 1814 3454 τί;

231 3490 553 3560 Γεγόναμεν
598 3488 966 3558 ἰσχυρότεροι,
1024 3484 1117 3536 καὶ
1155 3482 1580 3551 διαπεφεύγασιν
1617 3483 1664 3533 οἱ
1695 3479 1817 3533 62d)-

234 3596 451 3640 κοντες.
488 3576 659 3628 Τοῦτο
683 3577 829 3645 γάρ’
885 3573 1168 3643 αὐτάρκης
1218 3572 1341 3641 ἐμοὶ
1386 3570 1626 3641 τιμωρία
1680 3570 1825 3631 κατὰ,

234 3670 349 3721 τῶν
372 3666 703 3721 ἀδικούντων
729 3665 861 3734 (74),
891 3666 923 3734 ή
957 3662 1051 3715 τοῦ
1070 3662 1321 3733 ἀντιδρᾷν
1349 3661 1585 3727 ἐξουσία,
1619 3661 1741 3723 Τοῖς
1763 3660 1818 3712 δὲ

235 3763 338 3831 οὐχ
361 3758 507 3811 οὕτω
535 3757 713 3809 δοκεῖ’
751 3756 871 3808 λίαν
902 3756 1009 3825 γάρ
1039 3756 1175 3807 εἰσιν
1205 3752 1437 3815 ἐντελεῖς
1490 3751 1585 3805 καὶ
1619 3751 1818 3804 δίκαιοι

239 3852 370 3923 περὶ
396 3852 496 3920 τὴν
524 3849 791 3902 ἀντίδοσιν
811 3864 824 3877 ο
866 3849 959 3900 καὶ
980 3846 1066 3899 διὰ
1100 3845 1257 3898 τοῦτο
1287 3844 1397 3913 (75)
1436 3842 1726 3896 ἀπαιτοῦσι
1751 3843 1821 3895 τὰ

150 3992 153 3997 .
236 3945 333 3997 τοῦ
369 3942 585 4013 καιροῦ.
617 3942 713 4005 Τίς
735 3940 998 4011 ὕπαρχος,
1028 3938 1215 4009 φησιν,
1248 3935 1547 4006 ἐζημίωται
1572 3951 1585 3999 ;
1606 3935 1701 3997 Τίς
1730 3934 1820 4004 δῆ-

241 4052 344 4104 μος
412 4034 874 4103 σεσωφρόνισται;
934 4031 1089 4093 Τίνες
1151 4029 1335 4098 δήμων
1385 4024 1843 4095 ἀνάπται;Τίνα,

238 4126 407 4191 φόϐον
451 4126 582 4195 ἡμῖν
614 4124 796 4187 αὐτοῖς
822 4122 916 4176 κα)⁹
943 4121 1054 4193 (76)
1088 4119 1224 4190 πρὸς
1253 4116 1313 4169 τὸ
1345 4114 1535 4185 μέλλον
1564 4115 1821 4186 ἐχαρισά-

244 4216 423 4281 used;

243 4310 407 4380 765
438 4319 693 4379 potestas.
734 4308 803 4375 At
872 4308 991 4364 istis
1046 4306 1204 4361 aliter
1258 4306 1507 4373 videtur;

1920 3028 2246 3101 pendimus?
2277 3028 2718 3097 Quandoquidem
2738 3027 2931 3090 versis,
2960 3036 3015 3081 ut
3036 3042 3131 3097 par
3147 3038 3282 3094 erat,
3304 3044 3486 3084 rerqu

1919 3119 2149 3184 vicibus,
2180 3118 2504 3188 rependendi
2533 3126 2768 3185 potestas
2799 3117 2956 3173 nobis
2994 3116 3134 3173 facta
3169 3127 3273 3182 est,
3325 3129 3489 3189 atque

1918 3225 2034 3275 cos,
2072 3226 2100 3263 a
2128 3211 2322 3280 quibus
2361 3192 2744 3278 perisummam
2769 3211 3149 3265 contumeliam
3167 3213 3344 3267 vexati
3373 3211 3489 3268 fue-

1917 3314 2120 3364 ramus,
2162 3299 2416 3368 castigari
2449 3301 2751 3368 oportebat.
2778 3298 2864 3366 Et,
2898 3308 2956 3353 ut
2975 3300 3190 3355 omissis
3221 3301 3362 3367 aliis,
3387 3318 3487 3357 no-

1915 3400 2047 3455 stra,
2083 3407 2151 3446 ne
2181 3392 2351 3447 dicam
2394 3400 2505 3459 tua,
2539 3406 3044 3457 commemoremus,
3096 3408 3273 3449 nonne
3306 3407 3489 3464 perse-

1916 3484 2185 3537 cutionem
2214 3484 2357 3551 passi
2389 3484 2615 3537 smnus?
2645 3482 2833 3539 Nonne
2868 3485 3208 3540 contumeliis
3239 3486 3490 3543 omnibus

1916 3572 2134 3629 affecti?
2166 3570 2354 3628 Nonne
2380 3575 2647 3639 ecclesiis,
2680 3576 2953 3639 domibus,
2979 3584 3036 3631 et
3061 3579 3204 3646 quod
3247 3577 3456 3633 acerbis

1917 3666 2113 3719 simum
2148 3673 2250 3730 est,
2285 3666 2667 3721 solitudinibus
2714 3666 2845 3737 ipsis
2873 3667 3009 3736 pulsi
3054 3669 3273 3723 sumus?
3303 3668 3491 3724 Nonne

1918 3755 2183 3811 furentem
2221 3758 2472 3826 pepulum
2529 3756 2780 3811 tulimus?
2811 3758 3241 3813 Contumeliosus
3298 3758 3491 3829 praefe-

1917 3848 2073 3901 ctos?
2112 3847 2471 3911 Imperatores
2512 3847 2672 3901 simul
2708 3862 2828 3902 cum
2861 3850 3050 3904 edictis
3078 3850 3192 3905 suis
3213 3861 3493 3906 contume-

1916 3938 2049 3993 liose
2104 3939 2358 4008 spretos?
2399 3940 2536 4005 Quid
2583 3942 3116 4010 postea?Fortiores
3163 3943 3488 4009 exstitimus,

1906 4024 1969 4084 et
1994 4040 2365 4098 persecutores
2395 4033 2562 4086 nostri
2608 4047 2821 4101 poenam
2863 4032 3181 4104 effugerunt.
3239 4034 3315 4088 ita
3362 4050 3492 4089 sane

1917 4128 2019 4183 est,
2046 4119 2284 4188 inquam.
2311 4121 2440 4175 Mihi
2478 4121 2620 4176 enim
2658 4123 2919 4179 adversus
2956 4141 3075 4190 eos,
3106 4127 3196 4195 qui
3239 4126 3490 4194 injuriam

1853 4191 2241 4276 D'iutulerunt,
2276 4213 2408 4267 satis
2430 4215 2611 4282 gravis
2643 4228 2798 4281 ptena
2829 4226 2931 4278 est.
2964 4191 3258 4272 referenda:
3281 4191 3492 4285 injuriae

1563 4320 1819 4374 perquam
1860 4306 2002 4359 enim
2032 4308 2209 4360 exacti
2270 4324 2333 4362 ac
2387 4310 2521 4379 justi
2581 4317 2708 4364 sunt
2759 4309 2824 4362 ad
2878 4306 3280 4373 ulciscendum;
3334 4317 3492 4375 atque

245 4403 453 4455 idcirco
483 4415 567 4467 ea,
593 4417 709 4469 qua:
738 4402 993 4471 temporis
1039 4407 1186 4461 sunt,
1241 4398 1484 4465 exigunt.
1528 4396 1657 4461 Quis
1703 4396 1986 4464 przefectus
2047 4398 2304 4453 multatus
2366 4411 2466 4464 est,
2500 4401 2787 4468 inquiunt?
2817 4400 2946 4467 Quis
2975 4400 3202 4468 populus
3263 4399 3492 4468 castiga-

248 4504 329 4549 tus
354 4497 379 4548 ?
409 4493 510 4560 Qui
542 4495 712 4565 plebis
742 4493 1197 4549 inflammatores?
1227 4491 1398 4559 Quem
1433 4491 1602 4545 nostri
1645 4499 1906 4544 terrorem
1936 4494 2263 4547 adversariis
2308 4498 2361 4547 in
2401 4506 2672 4563 posterum
2714 4495 3039 4561 iniecimus?

294 4589 342 4621 ⁷⁷
374 4589 496 4641 Act.
526 4603 583 4651 ιι,
613 4587 646 4641 4
685 4602 804 4656 sqq.

316 4676 433 4743 (68)
464 4678 525 4727 Ὅ
560 4693 667 4742 τις.
702 4677 757 4730 lu
786 4678 1076 4743 nonnullis,
1107 4678 1181 4742 ὣς
1208 4694 1311 4741 τις.
1374 4696 1393 4729 ι
1416 4675 1775 4731 Democritum
1802 4693 1819 4726 ι

248 4746 521 4813 intelligit.

317 4816 430 4887 (ξιξ)
467 4817 723 4881 Φρενῶν.
756 4816 886 4887 Reg.
915 4815 1026 4880 bm,
1049 4818 1261 4887 φρενός.

317 4882 431 4954 (70)
466 4882 889 4953 Πρεσϐυτέρων
936 4882 1341 4954 ἐμπρὴσμούς.
1398 4882 1596 4954 Alludit
1638 4882 1702 4936 ad
1756 4882 1827 4951 ‘80

250 4957 635 5023 presbyteros,
680 4969 818 5023 quos
876 4953 1075 5010 Valens
1132 4953 1425 5023 imperator
1502 4953 1827 5008 Nicomedia:

250 5024 370 5075 navi
413 5022 693 5084 impositos
722 5026 773 5077 in
810 5026 982 5078 medio
1006 5026 1138 5078 mari
1162 5022 1452 5079 crudeliter
1489 5023 1715 5077 exussit.

320 5092 432 5164 (η)
466 5093 943 5164 Βεϐηλωμένρυς.
972 5094 1064 5164 Or.
1103 5095 1158 5156 9.,
1184 5093 1626 5164 βεϐηλουμένους.

320 5159 432 5231 (72)
488 5159 776 5230 Ἐρήμών.
826 5162 1014 5218 Plures
1040 5159 1230 5233 neggl,
1252 5159 1435 5233 plures
1472 5161 1626 5217 Colb.
1650 5170 1703 5215 et
1725 5159 1819 5215 Or.

251 5228 287 5282 2
331 5232 597 5282 ὲοηιιιῶν.

482 5248 597 5283 ιων.

324 5248 766 5371 ῗῗρῶμὲἒὲιλέας
794 5300 1230 5371 ὑϐριζομένους,
1262 5313 1365 5356 etc.
1397 5299 1522 5354 Haec
1546 5300 1611 5354 de
1635 5297 1826 5371 ATbeo-

254 5368 425 5440 dosio'
468 5370 718 5440 intelligit
786 5368 1022 5425 Nicetes.
1097 5372 1551 5440 «Pertulimus,»
1634 5369 1823 5437 inquit,

262 5438 605 5509 ¢_Valentem,
642 5438 730 5507 qui
785 5444 1040 5495 adversus
1071 5457 1167 5495 nos
1210 5440 1408 5509 aliquid
1454 5439 1695 5493 edixerat
1728 5477 1741 5491 .
1770 5480 1783 5493 .
1807 5476 1820 5490 .

256 5503 876 5563 Gravissimum—autem
940 5518 993 5564 et
1045 5503 1697 5565 maxime-calamitosum
1746 5511 1828 5561 es‘

1926 4676 2066 4730 ferre
2092 4675 2470 4742 imperatorem
2505 4673 2827 4729 contumelia
2857 4671 3128 4726 affectum.
3152 4691 3170 4724 ι
3231 4673 3293 4725 Ει
3318 4681 3489 4735 certe,

1924 4746 2180 4800 Catholici
2229 4759 2291 4798 ac
2348 4745 2638 4809 Gregorius
2691 4745 2819 4812 ipse,
2902 4742 3145 4811 quamvis
3200 4742 3489 4804 Theodosii

1938 4816 2214 4883 ipsiusque
2240 4816 2538 4867 edictorum
2569 4815 2978 4883 auctoritateet
3013 4812 3310 4883 patrocinio
3350 4812 3488 4872 furti,

1924 4881 2107 4953 gravia
2130 4881 2302 4937 tamen
2331 4898 2395 4937 ac
2428 4882 2654 4953 plurima
2702 4882 2842 4936 mala
2871 4881 2940 4935 ab
2968 4881 3236 4935 haereticis
3259 4883 3492 4947 pertule-

1924 4963 2063 5007 Fallit.

1994 5022 2105 5091 (74)
2158 5021 2562 5076 Ἀδικούντων.
2631 5018 2688 5075 1η
2759 5019 3121 5091 quibusdam,
3183 5018 3488 5087 ἀντιδίκων,

1930 5111 1948 5144 ι
1973 5093 2420 5146 adversariorum.
2452 5111 2470 5143 ›

1992 5161 2104 5230 (75)
2134 5160 2241 5215 Kal
2287 5160 2386 5215 διὰ
2442 5160 2638 5223 τοῦτο,
2677 5168 2825 5230 etc._
2844 5158 3069 5230 Quidam
3108 5171 3145 5230 ρ
3203 5156 3495 5213 Catholicts

1921 5226 2180 5297 Gregorio
2201 5230 2543 5294 objiciebant,
2578 5231 2739 5298 quod,
2785 5226 3068 5298 Theodosii
3101 5226 3283 5298 favore
3312 5239 3495 5295 prote-

1921 5296 2061 5363 ctus,
2091 5310 2341 5369 acceptas
2372 5300 2441 5354 ab
2468 5296 2737 5354 haereticis
2787 5296 3013 5366 injurias
3061 5313 3167 5354 non
3208 5296 3494 5353 ulciscere-

1924 5378 2029 5425 tur.

1996 5437 2108 5507 (76)
2147 5439 2276 5494 Kal.
2305 5438 2440 5510 Reg.
2475 5439 2583 5506 bm,
2612 5438 2732 5495 κάν.
