4050 6298
616 139 720 198 487

1825 124 1884 182 S.
1926 121 2260 182 bREGORIl
2299 121 2653 180 TllEOLOGl

3758 141 3851 204 £89

680 255 871 312 XXIV.
906 253 1046 321 Quin
1079 224 1196 309 haec
1231 264 1448 323 quoque
1479 250 1712 306 fortasse
1779 247 1937 303 nobis
1991 262 2191 316 expro-

2367 246 2494 300 KA'.
2537 245 2690 316 Τάχα
2721 244 2766 298 δ’
2811 243 2877 299 ἂν
2925 245 3018 300 καὶ
3051 245 3227 300 ταῦτα
3262 247 3396 319 ἡμῖν
3425 237 3720 311 ὀνειδῗσαιεν
3752 259 3849 328 (καὶ

610 348 886 403 braveriut
916 346 1043 416 (jam
1073 343 1217 399 enim
1247 341 1704 412 exprobrarant);
1738 338 1886 408 quod
1916 353 2017 393 nec
2047 338 2193 392 lauta

610 449 664 496 et
687 440 909 510 opipara
937 449 1124 491 mensa
1147 474 1160 498 ,
1201 447 1303 488 nec
1346 431 1633 503 magnifica
1661 440 1810 487 veste
1841 431 2064 498 utimur,
2096 443 2196 484 nec

609 531 889 601 splendide
923 529 976 584 in
1014 525 1290 596 publicum
1324 523 1640 593 prodimus,
1674 529 1775 577 nec
1802 536 1931 586 eos,
1973 522 2068 590 qui
2100 533 2197 574 nos

610 623 831 686 adeunt,
857 619 1102 689 graviter
1130 631 1196 673 ac
1225 616 1470 672 fastuose
1501 615 1824 685 excipimus.
1872 611 2195 670 Ncsciebam

609 715 838 778 scilicet,
872 711 1029 767 nobis
1055 726 1180 766 cum
1211 708 1550 772 consulibus,
1587 716 1640 762 et
1668 705 1940 777 praefectis
1962 745 1978 772 ,
2007 705 2198 760 claris-

609 804 871 873 simisque
917 800 1044 857 belli
1101 796 1364 866 ducibus,
1414 797 1508 868 qui
1559 806 1636 851 tot
1682 796 1878 866 opibus
1915 796 2197 865 copiisque

609 893 1027 958 circumfluunt,
1058 901 1153 956 ut,
1187 907 1294 961 quo
1331 903 1428 943 sua
1462 887 1768 957 projiciant,
1798 902 1907 941 non
1936 887 2193 953 habeant,

609 987 1002 1044 aemulationem
1033 994 1089 1039 et
1119 992 1395 1039 certamen
1430 995 1552 1036 esse
1579 996 1595 1046 ;
1649 979 1890 1049 illudque
1921 991 2194 1050 oportere,

608 1091 670 1136 ut
699 1091 754 1136 et
788 1080 980 1145 nobis,
1013 1090 1311 1146 pauperum
1362 1074 1520 1128 bonis
1556 1073 1623 1126 ad
1677 1074 1861 1127 luxum
1887 1082 1943 1126 et
1970 1073 2196 1126 delicias

611 1171 993 1234 abutentibus,
1028 1176 1221 1223 venter
1261 1164 1505 1236 undique
1547 1164 1966 1233 comprimatur,
2009 1171 2064 1216 et
2102 1177 2196 1217 ne-

608 1264 849 1322 cessaria
894 1263 948 1317 in
993 1273 1080 1315 res
1122 1257 1428 1328 superfluas
1473 1256 1845 1321 effundantur,
1874 1265 2039 1324 atque
2067 1255 2197 1309 alta-

607 1357 691 1412 ria
739 1357 865 1426 ipsa.
911 1351 1158 1408 ructibus
1211 1349 1415 1404 nostris
1461 1347 1928 1403 contaminentur.
1978 1345 2195 1400 Nescie-

609 1451 758 1513 bam,
784 1463 883 1501 nos
907 1445 1063 1514 equis
1099 1441 1408 1510 insignibus
1430 1450 1484 1495 et
1513 1439 1730 1495 lascivis
1762 1437 1914 1503 ferri,
1940 1437 2196 1504 sellisque

610 1547 667 1591 et
697 1536 947 1591 curribus
980 1530 1265 1602 magnifice
1295 1529 1493 1596 attolli,
1526 1543 1592 1583 ac
1622 1543 1748 1583 cum
1773 1526 1921 1582 fastu
1955 1536 2010 1581 et
2041 1539 2194 1597 pom-

2298 335 2408 406 γὰρ
2435 336 2772 406 ὠνειδίκασι)
2795 351 2810 367 ⁹
2847 338 2906 414 τὸ
2937 338 2995 391 δὲ
3021 340 3121 410 τῆς
3147 340 3428 414 τραπέζης
3452 344 3846 423 φιλὸτιμον(“ῖ¹1),

2294 429 2356 482 τὸ
2383 429 2440 482 δὲ
2479 430 2579 500 τῆς
2621 428 2849 500 ἐσθῆτος
2893 429 3197 502 αἰδέσιμον,
3239 433 3296 484 αἱ
3335 433 3395 486 δὲ
3439 437 3662 505 πρόοδοι,
3703 443 3757 495 τὸ
3797 447 3847 499 δὲ

2298 521 2527 593 σοϐαρὸν
2574 522 2707 593 πρὸς
2751 523 2873 587 τοὺς
2931 523 3380 594 ἐντυγχάνοντας.
3450 529 3695 598 Ἦγνόουν
3735 537 3848 609 γὰρ,

2295 615 2379 668 δτι
2417 614 2553 685 πρὸς
2583 615 2825 678 ὑπάτους
2855 616 2988 686 ἡμῖν
3019 617 3116 670 καὶ
3159 617 3438 688 ὑπάρχους
3468 621 3500 690 ἡ
3535 620 3738 692 ἅμιλλα,
3767 630 3850 683 καὶ

2298 706 2622 778 στρατηγῶν
2651 707 2776 770 τοὺς
2805 707 3297 778 εύδοκιμωτάτους,
3329 710 3379 762 οἳ
3412 711 3486 782 μὴ
3513 711 3712 782 ἔχουσιν
3731 717 3846 791 (78),

2295 799 2418 852 ὅποι
2462 799 2530 850 τὰ
2579 798 2791 851 ἑαυτῶν
2833 797 3200 870 Nabataeum).
3263 801 3382 853 Καὶ
3415 801 3496 854 δεῖ
3548 809 3849 876 περιστένειν

2299 890 2398 960 μὲν
2443 891 2574 960 ἡμῖν
2633 890 2731 961 τὴν
2788 889 3033 961 γαστέρα
3092 893 3484 962 κατατρυφῶσι
3531 895 3634 948 τῶν
3675 917 3852 972 πτωχι-

2296 978 2408 1032 κῶν
2425 979 2560 1050 (80),
2591 977 2666 1042 ὡς
2695 979 2752 1032 δὲ
2783 981 2861 1043 εἰς
2892 979 2959 1032 τὰ
2984 981 3216 1052 περιττὰ
3243 983 3545 1054 κεχρῆσθαι
3575 990 3680 1052 τοῖς
3702 990 3849 1060 ἀναγ-

2296 1069 2495 1136 καίοις,
2518 1070 2740 1124 καὶτῶν
2769 1069 3173 1142 θυσιαστηρίων
3197 1074 3640 1144 κατερεύγεσθαι.
3663 1078 3851 1146 Ἵπποις

2294 1159 2351 1213 δὲ
2379 1161 2636 1231 φέρεσθαι
2667 1164 2982 1232 τρυφεροῖς,
3018 1164 3113 1216 καὶ
3139 1162 3346 1236 δίφρων
3375 1166 3749 1240 ύπεραῐρεσθαι
3773 1191 3852 1225 πε-

2299 1251 2646 1324 ριλάμπρως,
2695 1253 3190 1324 προπομπεύεσθαι
3235 1272 3295 1308 τε
3334 1257 3430 1309 καὶ
3478 1257 3850 1330 περιποππύζε-

2298 1338 2442 1406 σθαι,
2463 1341 2555 1393 καὶ
2580 1341 2789 1406 πάντας
2817 1343 3122 1413 ὑποχωρεῖν
3147 1345 3301 1414 ἡμῖν,
3319 1345 3510 1417 ὥσπερ
3540 1347 3750 1420 θηρίοις,
3773 1353 3851 1406 καὶ

2297 1431 2729 1502 περισχίξεσθαι,
2759 1433 2792 1504 ἦ
2827 1435 2920 1486 καὶ
2950 1436 3233 1506 πόρρωθεν
3263 1432 3403 1490 εἶναι
3428 1437 3616 1508 δήλους
3647 1444 3848 1516 suam-

2299 1520 2516 1591 μένους.
2557 1523 2621 1575 El
2660 1523 2836 1578 ταῦτα
2874 1524 3026 1579 δεινὰ
3063 1526 3277 1596 γέγονε,
3320 1529 3690 1600 παρελήλυθε·
3721 1536 3852 1606 χαρίι

611 1643 678 1698 pa
705 1627 928 1690 deducr,
972 1622 1226 1690 velutque
1255 1619 1457 1676 blanda
1496 1634 1659 1674 manu
1694 1617 1991 1674 demulceri
2032 1631 2193 1687 opor-

2299 1613 2465 1667 σασθέ
2490 1613 2599 1684 (81)
2637 1633 2727 1687 μοι
2757 1617 2856 1689 τὴν
2895 1619 3113 1674 ἀδικίαν
3155 1621 3386 1694 ταύτην.
3430 1625 3618 1690 ’ξΑλλον
3648 1634 3852 1702 προστή-

613 1729 752 1782 terc,
788 1727 952 1786 atque
979 1729 1168 1770 ornnes
1198 1714 1372 1780 nobis,
1401 1711 1626 1781 perinde
1658 1726 1723 1766 ac
1758 1710 1974 1774 belluis,
2010 1713 2076 1766 de
2110 1711 2195 1765 via

612 1810 892 1872 decedere,
923 1816 978 1863 et
1011 1809 1063 1860 in
1097 1815 1385 1874 utramque
1425 1804 1525 1858 viae
1563 1811 1776 1874 partem
1800 1802 1975 1857 scindi
1997 1817 2062 1857 ac
2085 1803 2197 1858 dis-

613 1901 776 1967 trahi,
837 1901 1124 1955 autetiam
1162 1907 1364 1952 tantam
1399 1893 1762 1966 praeeuntium
1812 1892 2025 1948 turbam
2051 1907 2194 1956 esse,

612 2005 671 2050 ut
707 1994 892 2065 procul
928 1993 1172 2048 incessus
1218 1999 1407 2046 noster
1453 1987 1776 2059 magniﬁcus
1816 1996 2098 2058 appareat.
2139 1985 2197 2040 Si

611 2091 728 2142 haec
770 2086 958 2157 gravia
1005 2085 1160 2140 vobis
1202 2091 1258 2138 et
1297 2081 1495 2138 acerba
1548 2080 1733 2146 fuere‘,
1770 2079 2194 2150 praeterierunt:

611 2176 754 2231 hanc
801 2175 1059 2245 injuriam
1101 2173 1235 2228 mihi
1277 2173 1605 2228 condonate.
1642 2171 1961 2226 Antistitem
2008 2170 2194 2234 alium,

611 2267 702 2338 qui
746 2265 1078 2321 multitudini
1123 2265 1370 2334 placeat,
1418 2273 1646 2318 create:
1677 2263 1809 2316 mihi
1848 2271 2031 2317 autem
2071 2263 2198 2316 date

611 2359 997 2422 solitudinem,
1033 2364 1089 2411 et
1124 2355 1483 2412 rusticitatem
1507 2393 1529 2420 ,
1579 2364 1635 2409 et
1675 2355 1880 2419 Deum,
1943 2355 2032 2410 cui
2096 2353 2196 2410 soli

509 2465 514 2468 ·
611 2449 776 2504 etiam
824 2461 922 2516 per
964 2457 1184 2500 tenuem
1230 2445 1434 2500 victum
1475 2443 1790 2512 cultumque
1837 2443 2193 2512 placebimus.

613 2535 686 2587 At
718 2548 883 2603 grave
928 2542 1014 2586 est
1052 2532 1438 2597 concionibus,
1472 2540 1527 2586 et
1570 2533 1836 2597 coetibus,
1877 2541 1931 2587 et
1966 2531 2198 2602 publicis

613 2623 970 2678 conventibus
993 2660 1008 2687 ,
1046 2630 1103 2678 et
1133 2621 1407 2690 plausibus
1443 2619 1526 2677 his
1549 2659 1563 2687 ,
1599 2636 1630 2675 a
1660 2621 1858 2690 quibus
1889 2611 2056 2690 quasi
2068 2635 2200 2690 peu-

614 2715 700 2770 nis
729 2714 784 2768 in
820 2715 1051 2769 sublime
1081 2713 1331 2779 ferimur,
1364 2723 1422 2768 et
1451 2713 1845 2779 familiaribus,
1889 2723 1945 2768 et
1983 2712 2195 2781 amicis,

613 2817 668 2864 et
689 2807 1008 2872 honoribus,
1028 2813 1084 2861 et
1108 2807 1257 2862 urbis
1289 2806 1694 2877 pulchritudine
1715 2820 1779 2860 ac
1803 2805 2195 2876 magnitudine,

612 2897 794 2952 ethoc
828 2896 1061 2965 denique
1090 2895 1322 2966 fulgore,
1354 2895 1449 2964 qui
1476 2909 1593 2962 eos,
1617 2894 1712 2964 qui
1742 2895 1858 2950 hanc
1882 2895 2192 2964 intuentur,

2300 1705 2596 1778 σασθε(82)
2630 1707 2720 1762 τὸν
2778 1710 3048 1784 ἀρέσονται
3089 1715 3205 1777 τοῖς
3253 1714 3503 1779 πολλοῖς·
3556 1720 3672 1789 ἐμοὶ
3703 1719 3753 1772 δὲ
3783 1721 3851 1774 66-

2295 1810 2356 1850 τε
2379 1798 2490 1869 (85)
2517 1795 2613 1871 τὴν
2639 1799 2899 1872 ἐρημίαν,
2931 1801 3027 1855 καὶ
3049 1803 3147 1875 τὴν
3169 1805 3483 1876 ἀγροικίαν,
3507 1811 3599 1862 καὶ
3619 1807 3701 1862 τὸν
3721 1809 3848 1879 Θεὸν,

2296 1879 2342 1954 ᾧ
2373 1887 2542 1960 μόνῳ,
2585 1890 2680 1943 καὶ
2720 1891 2809 1944 διὰ
2846 1891 2948 1962 τῆς
2988 1895 3288 1961 εὐτελείας,
3321 1897 3851 1973 ἁρέσομενηὸᾎλΔει-

2298 1979 2410 2044 νὺν,
2440 1983 2490 2034 εί
2529 1983 2910 2054 στερησόμεθα
2939 1985 3134 2055 λόγων,
3171 1989 3266 2042 καὶ
3309 1990 3606 2060 συλλόγων,
3641 1973 3728 2048 καὶ
3762 2013 3851 2049 παι

2299 2072 2606 2144 νηγύρεων,
2657 2075 2748 2128 καὶ
2782 2075 2893 2130 τῶν
2928 2079 3137 2149 κρότων
3175 2079 3390 2134 τούτων
3420 2083 3509 2152 ὑφ’
3545 2077 3617 2138 ὧν
3653 2086 3846 2158 πτερούο

2303 2163 2466 2235 μεθα,
2513 2167 2608 2220 καὶ
2641 2167 2880 2233 οἰκείων,
2918 2171 3014 2223 καὶ
3049 2170 3239 2240 φίλων,
3272 2173 3377 2225 καὶ
3408 2174 3600 2244 τιμῶν,
3630 2177 3715 2230 καὶ
3741 2177 3849 2231 κάλ·

2298 2255 2426 2320 λους
2460 2257 2669 2322 πόλεως
2705 2260 2800 2311 καὶ
2834 2259 3119 2330 μεγέθους,
3160 2263 3255 2315 καὶ
3282 2263 3390 2334 τῆς
3425 2265 3740 2336 πανταχόθεν
3773 2285 3849 2320 πει

2301 2345 2683 2418 ριλαμπούσης
2715 2349 3004 2420 ἀστραπῆς
3029 2351 3142 2422 (85)
3169 2353 3295 2416 τοὺς
3328 2354 3468 2424 πρὸς
3496 2355 3628 2408 αὐτὰ
3660 2343 3848 2425 {innov-

2298 2454 2420 2501 τας,
2439 2436 2592 2490 ἀλλὰ
2623 2439 2698 2510 μὴ
2729 2438 2862 2493 εἴσω
2891 2442 3312 2506 συννενευκότας
3341 2461 3358 2476 ·
3388 2443 3507 2497 ’ἀλλ’
3527 2445 3672 2500 οῦπω
3693 2447 3850 2500 τοσοῦ-

2297 2545 2390 2582 τον
2417 2530 2540 2584 ὅσον
2581 2531 2692 2602 (86)
2739 2534 2788 2585 εἰ
2834 2531 3211 2606 θορυϐήσομαι
3243 2535 3346 2590 xui.
3380 2537 3736 2610 χρανθήσομαι
3759 2542 3848 2602 τοῖς

2301 2621 2358 2673 ὲν
2394 2621 2544 2692 μέσῳ
2567 2624 2829 2694 ταράχοις
2855 2627 2948 2678 καὶ
2977 2626 3277 2698 βράσμασι,
3305 2629 3410 2682 καὶ
3443 2632 3559 2694 ταῖς
3602 2615 3724 2702 πρὸς
3745 2631 3848 2692 τοὺς

2299 2712 2527 2776 πολλοὺς
2559 2715 2961 2784 μετακλίσεσιν.
2995 2718 3071 2770 Οὐ
3111 2718 3221 2790 γὰρ
3250 2719 3510 2791 ζητοῦσιν
3540 2723 3710 2794 ἱερεῖς,
3737 2721 3846 2775 ἀλλά

2303 2805 2570 2875 ῥήτορας·
2623 2805 2743 2858 οὐδὲ
2779 2806 2970 2877 ψυχῶν
3021 2810 3368 2880 οἰκονόμους,
3416 2813 3547 2866 ἀλλὰ
3592 2815 3846 2885 χρημάτων

2301 2897 2579 2966 φύλακας·
2635 2897 2757 2951 οὐδὲ
2811 2897 2978 2962 θύτας
3033 2897 3337 2973 καθαροὺς,
3394 2905 3528 2958 ἀλλὰ
3582 2907 3845 2977 προστάτας

613 3001 715 3042 nec
742 2987 1024 3042 oculorum
1065 2987 1236 3041 aciem
1274 2986 1418 3041 intro
1471 2985 1755 3041 collectam
1803 2985 2036 3054 habent,
2088 2987 2193 3042 cir-

2299 2987 2573 3060 εσχυρούς.
2606 2989 3042 3062 Ἀπολογήσομαί
3065 3009 3118 3045 τι
3143 2993 3270 3064 περὶ
3292 2995 3480 3050 αὐτῶν
3498 3011 3511 3024 °
3539 2996 3698 3060 οὕτως
3717 2998 3846 3067 ἡμεῖς

611 3073 920 3132 cumfuudit
963 3083 1020 3131 et
1066 3075 1372 3141 illuminat,
1425 3077 1650 3146 privari.
1682 3075 1884 3131 Verum
1916 3078 2019 3132 hoc
2061 3078 2193 3133 mihi

2296 3079 2491 3142 αὐτοὺς
2529 3080 2952 3152 ἐπαιδεύσαμεν,
2987 3082 3037 3134 οἳ
3077 3084 3211 3137 πᾶσι
3247 3086 3432 3140 πάντα
3474 3088 3739 3159 γινόμεθα,
3767 3088 3846 3140 οὐκ

613 3164 795 3218 minus
817 3180 982 3236 grave
1011 3164 1197 3232 fuerit,
1227 3181 1392 3235 quam
1416 3167 1460 3222 si
1488 3166 1692 3221 diutius
1721 3167 1773 3221 in
1807 3168 2038 3222 tumultu
2065 3184 2192 3224 ver-

2296 3166 2410 3225 οἶδα
2444 3171 2694 3244 πότερον,
2736 3173 2823 3226 ἵνα
2864 3173 3131 3245 σώσωμεν
3163 3177 3404 3244 πάντας,
3437 3181 3469 3252 ἦ
3499 3181 3842 3250 ἀπωλὲσωμεν.

613 3269 723 3321 ser,
755 3269 819 3310 ac
843 3256 1021 3310 civilis
1044 3257 1168 3310 vitae
1194 3257 1373 3312 turbis
1430 3266 1483 3312 et
1505 3257 1818 3313 fervoribus
1870 3259 2267 3328 "commaculer,
2307 3272 2474 3334 atque
2516 3264 2583 3318 ad
2620 3265 2766 3335 vulgi
2803 3281 2985 3321 mores
3027 3267 3294 3337 meipsum
3347 3271 3616 3329 inflectere
3667 3285 3848 3327 necesse

612 3348 863 3407 habeam.
895 3351 1015 3407 Non
1068 3353 1214 3407 enim
1270 3353 1612 3417 sacerdotes,
1650 3353 1746 3408 sed
1829 3354 2078 3409 rhetores
2107 3369 2394 3425 qumrunt;
2467 3374 2568 3415 nec
2643 3361 2952 3416 animarum
3003 3363 3453 3433 dispensatores,
3503 3369 3594 3424 sed
3631 3366 3846 3435 pecunia-

612 3456 734 3497 rum
787 3445 1069 3506 custodes;
1119 3459 1219 3498 nec
1255 3459 1420 3515 puros
1459 3444 1776 3512 sacriﬁcos,
1816 3446 1910 3500 sed
1973 3446 2143 3502 fortes
2209 3464 2275 3504 ac
2317 3449 2568 3506 robustos
2621 3452 2960 3508 defensores.
3013 3451 3272 3509 Nonnihil
3323 3473 3423 3513 eos
3475 3457 3847 3514 excusabozsic

613 3545 710 3588 eos
755 3534 1128 3600 erudivimus,
1181 3535 1275 3605 qui
1324 3535 1578 3590 omnibus
1613 3535 1799 3590 omnia
1841 3534 2203 3605 efﬁcimur",
2246 3538 2389 3595 haud
2422 3540 2538 3596 scio
2607 3533 2824 3602 utrum.
2890 3551 3160 3600 utomnes
3187 3547 3359 3618 766
3399 3548 3576 3604 salvos
3605 3547 3842 3601 faciamus.

528 3621 535 3630 ’
614 3643 684 3684 an
715 3638 773 3683 ut
807 3632 1116 3696 perdamus.

685 3719 855 3775 XXV.
890 3721 1028 3787 Quid
1059 3721 1278 3778 dicitis?
1304 3723 1442 3780 Num
1469 3741 1566 3782 vos
1592 3728 1676 3782 liis
1706 3727 1889 3783 verbis
1915 3744 2200 3799 permove-

613 3825 756 3875 mus,
787 3827 852 3866 ac
879 3813 1166 3867 victoriam
1185 3816 1558 3874 obtinuimus?
1579 3819 1662 3872 Au
1686 3821 1868 3889 potius
1895 3822 1964 3876 ad
1985 3831 2200 3880 vestros

611 3901 828 3957 animos
882 3902 1242 3961 inllectendos
1290 3908 1518 3962 validior
1560 3910 1716 3965 nobis
1759 3913 2064 3968 adhibenda
2115 3927 2200 3972 est

612 3991 828 4045 oratio?
862 3993 967 4048 \‘os
993 4007 1126 4065 ergo
1165 4009 1262 4065 per
1296 3997 1624 4052 Trinitatem
1666 4001 1872 4070 ipsam,
1900 4019 2064 4074 quam
2101 4021 2199 4062 nos

613 4078 874 4147 colimus,
930 4093 987 4137 et
1027 4099 1122 4139 vos
1175 4086 1391 4154 colitis,
1435 4105 1522 4160 pet
1577 4107 1920 4152 communem
1958 4109 2194 4154 nostram

2366 3731 2494 3784 ΚΒ.
2527 3730 2592 3783 Τί
2624 3747 2792 3800 φατε;
2823 3730 3091 3802 Πείσομεν
3127 3731 3271 3802 ὑμᾶς
3299 3733 3421 3794 τοῖς
3447 3728 3624 3801 λόγοις
3650 3726 3840 3790 τούτοις,

2296 3823 2391 3876 καὶ
2414 3823 2778 3894 νενικήκαμεν
2798 3841 2812 3890 ;
2834 3821 2903 3876 Ἦ
2915 3823 2997 3876 δεῖ
3024 3824 3120 3878 καὶ
3153 3824 3529 3895 στερῤοτέρων
3553 3823 3712 3891 λόγων
3740 3822 3845 3891 ἡμῖν

2296 3917 2434 3990 πρὸς
2465 3918 2526 3970 τὸ
2564 3918 2804 3986 πείθειν;
2841 3920 2970 3987 Ναὶ,
3004 3921 3144 3992 πρὸς
3182 3921 3282 3992 τῆς
3328 3921 3558 3993 Τριάδος
3600 3919 3768 3988 αὐτῆς,
3793 3916 3844 3983 ἦν

2295 4009 2672 4082 πρεσϐεύομεν
2697 4013 2789 4065 καὶ
2819 4013 3172 4084 πρεσϐεύετε,
3207 4013 3345 4085 πρὸς
3378 4014 3481 4084 τῆς
3515 4013 3687 4084 κοινῆς
3713 4006 3844 4080 ἡμῶν

2299 4101 2535 4168 ἐλπίδος,
2580 4105 2673 4156 καὶ
2724 4107 2822 4176 τῆς
2867 4107 2960 4160 τοῦ
3009 4109 3140 4162 λαοῦ
3184 4109 3343 4164 τοῦδε
3375 4111 3488 4183 (87)
3534 4103 3841 4180 συμπήξεωςν

611 4184 760 4240 spem
780 4212 810 4273 ,‘
847 4181 1010 4242 atque
1063 4175 1222 4243 hujus
1265 4179 1447 4249 populi
1479 4188 2008 4254 coagmentationem
2038 4192 2193 4246 ohté-

2296 4192 2413 4245 δότε
2445 4210 2534 4264 μοι
2572 4195 2672 4266 τὴν
2711 4197 2871 4269 χάριν
2909 4199 3144 4272 ταύτηνο
3183 4202 3322 4272 μετὰ
3361 4203 3540 4273 εὐχῶν
3569 4202 3704 4273 ἡμᾶς
3729 4198 3843 4250 ἀπο⁶

610 4270 766 4314 Stor:
797 4261 898 4318 hoc
939 4263 1072 4319 mihi
1101 4268 1424 4324 beneficium
1459 4271 1587 4327 date
1625 4292 1638 4328 :
1675 4291 1797 4330 cum
1827 4281 2080 4347 prccilms
2109 4297 2194 4337 uae

609 4351 908 4409 dimittite:
943 4357 1046 4412 hoc
1087 4358 1216 4413 mihi
1257 4362 1330 4415 sit
1383 4363 1756 4422 dimicationis
1805 4371 2138 4438 praeconium
2173 4389 2188 4428 :

607 4442 882 4500 missionis
911 4446 1153 4503 libellum
1189 4451 1317 4506 mihi
1347 4452 1489 4520 date,
1527 4458 1987 4525 quemadmodqu
2017 4463 2188 4534 impe-

609 4540 816 4589 ratores
847 4535 1107 4593 militibus
1136 4541 1350 4606 solent;
1381 4558 1464 4609 ac,
1498 4545 1542 4598 si
1581 4547 1800 4615 quidem
1863 4562 2044 4607 vestra
2097 4568 2184 4608 vo-

609 4619 787 4678 luntas
809 4623 1007 4712 tulerit,
1031 4642 1154 4681 cum
1178 4626 1356 4684 fausto
1379 4641 1433 4685 et
1455 4633 1716 4700 praeclaro
1734 4634 1910 4706 elogio
1939 4647 1995 4692 et
2029 4640 2181 4695 testi-

676 4802 724 4834 ⁷⁸
758 4801 927 4859 lCor.
964 4822 1043 4872 rx,
1072 4805 1163 4859 22.

605 4977 1123 5106 ha’fzzzozngéfnc
1180 4988 1514 5062 φιλότιμον.
1568 4993 1874 5054 Familiaris
1923 4998 2184 5073 Gregorio

646 5067 720 5104 (BC
747 5067 938 5106 Il'Onla.

827 5123 1097 5210 χρυσι.
1138 5127 1268 5210 fieg.
1301 5130 1460 5210 [ιιι-οι
1485 5134 1648 5210 Coisl.
1687 5136 1942 5210 [.Extdd't.

827 5191 1114 5278 Ὲίψουσι.
1151 5191 1264 5277 Ριῖο
1296 5191 1464 5278 Cpisl.
1496 5213 1550 5259 et
1572 5191 1748 5278 Grai",
1781 5191 2001 5278 δεψωσι.

672 5259 795 5348 (80),
819 5259 1248 5348 Καετατριίφῶᾳι
1281 5271 1402 5348 tth
1431 5259 1763 5343 πτωχικίῶιί.
1781 5259 2054 5346 ὐἱιῖειῖλ
2094 5278 2186 5336 καὶ

603 5339 984 5412 κατιατρυιρώσι
1021 5339 1129 5393 τῶν
1190 5339 1460 5412 ψυχικῶν,
1496 5363 1514 5394 ι
1551 5339 1920 5412 spiritualibus
1959 5339 2132 5406 bouis.
2160 5373 2178 5406 ι

819 5401 1179 5485 ἕαρίσαρθε·
1205 5401 1304 5485 of".
1333 5413 1387 5485 ἐν
1414 5401 1762 5485 κᾶρίσασθαι.
1866 5401 1915 5404 π
1959 5401 2048 5438 ”““.

598 5470 1280 5595 σθὲῗῗ)11ῥοστήσιισθε.
1343 5470 1809 5556 ιιΓάυῑθυωιωω
1876 5493 2186 5562 προστήσα-

2293 4282 2572 4352 πέμψατε’
2604 4284 2744 4357 αὕτη
2783 4289 3024 4356 γενέσθω
3057 4309 3145 4362 μοι
3183 4293 3283 4362 τῆς
3325 4294 3606 4366 ἀθλήσεως
3642 4294 3671 4362 ἡ
3705 4288 3845 4359 ἀνάρ-

2291 4372 2449 4442 ρησις
2469 4387 2482 4399 ·
2511 4372 2628 4426 δότε
2663 4392 2753 4444 μοι
2776 4377 2887 4449 (83)
2914 4380 2974 4432 τὸ
3002 4382 3236 4453 γράμμα
3265 4384 3367 4455 τῆς
3394 4385 3656 4454 ἀφέσεως.
3685 4381 3843 4448 ὥσπερ

2287 4463 2401 4525 τοῖς
2437 4471 2850 4535 στρατιωτικοῖς
2899 4471 2950 4523 οἱ
3004 4472 3282 4542 βασιλεῖςο
3335 4477 3453 4540 καὶ,
3508 4476 3557 4528 εὶ
3599 4469 3843 4543 βούλεσθε,

2290 4551 2427 4620 μετὰ
2461 4553 2641 4620 δεξιᾶς
2677 4557 2776 4628 τῆς
2825 4563 3148 4632 μαρτυρίας,
3202 4565 3270 4618 ἵν’
3301 4565 3413 4637 ἔχω
3459 4566 3522 4619 τὸ
3565 4564 3838 4635 ἐπιτίμιονο

2293 4645 2341 4697 εί
2374 4643 2430 4698 δὲ
2457 4645 2552 4717 μὴν
2591 4649 2738 4714 ὅπως
2790 4650 3076 4720 βούλεσθε·
3109 4656 3262 4710 οὐδὲν
3294 4659 3426 4729 περὶ
3457 4658 3644 4713 τούτου
3681 4653 3840 4709 διοίσο-

2291 5079 2342 5132 in
2363 5008 2473 5132 (ἐξ)
2509 5006 2665 5080 Ἐμοὶ
2691 5009 2758 5067 δὲ
2785 5011 2940 5069 δότε.
2999 5016 3090 5073 Sic
3115 5016 3279 5072 Corsi.
3311 5029 3369 5082 νε,
3404 5005 3510 5074 étc.
3565 5025 3709 5072 deest
3736 5012 3834 5067 δότε

2289 5095 2342 5134 m
2507 5151 2843 5231 ςᾼρέσομεῖ.
2877 5157 3008 5231 Reg.
3043 5157 3130 5212 bm
3162 5169 3214 5231 et
3249 5157 3462 5215 Comb"
3487 5157 3752 5231 ἀρέσομαι.

2356 5221 2466 5316 (35;)
2503 5219 2867 5305 ίΑστράπῆς.
2930 5219 3111 5320 licgg.’
3147 5229 3247 5320 Ibm
3300 5239 3354 5280 et
3404 5234 3473 5297 ph
3523 5219 3832 5289 laudium“!

2284 5291 2652 5366 φωτιςούσης,
2686 5313 2704 5346 ι
2722 5291 3072 5366 coruscant?
3087 5296 3311 5366 fulgore.
3328 5315 3347 5348 ι

2355 5361 2466 5430 (8(5)
2493 5361 2692 5416 Ὅσον.
2719 5365 2880 5419 Deest
2909 5368 2960 5420 iu
2997 5361 3269 5422 nonnullis
3291 5367 3453 5423 codd.

2494 5431 2700 5510 ’ζ’ρῦδς.
2737 5436 2900 5510 Coisl.
2927 5437 2968 5510 g
2995 5439 3164 5510 addit,
3196 5437 3374 5510 ήμῶν.

2355 5500 2467 5572 (88)
2496 5504 2629 5559 Μοι.
2657 5505 2816 5560 Deest
2847 5507 2900 5561 in
2924 5506 3058 5578 Reg.
3094 5500 3205 5563 bm.
