4050 6298
285 365 395 419 489
1287 362 1546 418 ORATIO
1587 362 1741 417 XLII.
1785 393 1853 403 ———
1895 363 2282 420 SUPREMUM
2322 364 2522 420 VALE.
3439 367 3543 420 490

287 495 410 549 μαι,
439 479 545 541 ἓως
585 478 650 533 ἂν
674 477 804 541 Θεὸς
831 477 915 550 ἴδῃ
943 477 1052 549 (89)
1083 475 1152 530 τὰ
1181 477 1427 550 ἡμέτερα
1466 480 1613 543 ὅπως
1646 481 1710 532 ἂν
1740 480 1858 552 ἔχῃ.

1974 482 2180 548 monio,
2218 491 2275 535 ιιι
2305 482 2494 535 honori
2527 497 2644 535 meo
2682 482 3036 548 consulatur;
3085 483 3169 537 sin
3215 483 3393 537 minus
3417 526 3429 547 ,
3463 495 3546 538 ut-

286 569 424 621 Τίνα
459 565 552 623 οὖν
587 569 1006 641 άντεισάξομεν;
1049 570 1277 638 Ὄψεται
1309 570 1485 640 ἐαυτῷ
1515 569 1718 638 Κύριος
1750 586 1870 623 ποι-

290 663 428 732 μένα
455 663 533 725 εἰς
572 663 924 732 προστασίαν,
956 664 1032 728 ὡς
1064 663 1336 734 πρόϐατον
1365 657 1506 715 εἶδεν
1539 665 1620 726 εἰς
1648 663 1874 734 ὁλοκάρ-

289 773 484 809 πωσιν.
518 758 616 808 Ἐν
648 757 804 810 τοῦτο
818 757 928 829 (90)
957 757 1196 828 ἐπιζητῶ
1230 759 1408 826 μόνον,
1443 757 1550 810 τῶν
1577 756 1887 828 φθονουμέ--

287 863 396 899 νων
417 848 526 918 (9i)
560 847 702 901 ἔστω
722 867 823 912 τις,
855 850 928 920 μὴ
954 849 1063 901 τῶν
1095 848 1425 914 ἐλεουμένων
1447 865 1459 878 ·
1500 848 1574 919 μὴ
1600 849 1709 901 τῶν
1740 849 1874 902 πάν-

287 940 485 1009 tat-(92)
521 942 655 994 πᾶσι
686 927 1083 1013 χαριζομένων,
1133 942 1248 994 ἀλλ’
1302 941 1448 994 ἔστιν
1481 941 1516 994 ἃ.
1566 941 1658 994 καὶ
1706 959 1874 1013 προσ-

286 1031 504 1100 κρούειν
534 1033 752 1086 εἰδότων
787 1034 928 1105 ὑπὲρ
955 1034 1049 1087 τοῦ
1077 1034 1345 1104 βελτίονος
1364 1050 1378 1064 ο
1411 1033 1471 1086 τὸ
1513 1035 1614 1105 μὲν
1643 1033 1752 1105 γάρ
1786 1037 1872 1088 ὲν-

284 1123 459 1177 ταῖθα
486 1124 725 1194 ἣδιστον,
759 1123 820 1176 τὺ
846 1125 900 1178 δὲ
935 1124 1144 1178 ἐκεῖθεν
1166 1123 1630 1178 λυσιτελέστατον.
1679 1124 1870 1194 Ὑμεῖς

287 1217 387 1287 μὲν
416 1214 510 1270 οὖν
537 1217 666 1280 τοὺς
697 1217 1184 1289 προπεμπτηρίους
1215 1217 1328 1286 (95)
1372 1218 1502 1288 ἡμῖν
1536 1217 1867 1290 μελετήσατε

283 1305 504 1377 λόγουςο
534 1308 646 1377 ἐγὼ
674 1310 729 1362 δὲ
757 1311 884 1380 ὑμῖν
910 1307 1176 1364 ἀποδώσω
1205 1307 1292 1400 τὸν
1320 1311 1710 1380 συντακτήριον
1731 1309 1865 1380 (94).

1973 588 2186 640 cunque
2223 573 2376 626 vobis
2428 572 2733 628 collibuerit
2767 589 2780 624 :
2819 575 2951 628 nihil
3007 591 3065 629 ea
3114 589 3172 630 re
3219 576 3542 642 altercabor,

1972 664 2209 732 quandiu
2237 665 2377 722 Deus
2407 680 2586 719 rerum
2617 677 2927 720 nostrarum
2967 677 3164 722 statum
3201 670 3546 738 inspectabil.

1977 755 2124 808 Dicet
2147 754 2343 824 aliquis
2379 773 2392 808 :
2431 754 2600 822 Quem
2647 756 2808 824 igitur
2856 757 2950 810 tibi
2987 758 3419 813 substituemus?
3453 756 3546 812 Vi-

1974 845 2122 899 debit;
2140 846 2240 900 sibi
2273 845 2532 899 Dominus
2562 859 2832 913 pastorem
2853 849 2917 901 ad
2942 849 3336 918 pratl'erturam,
3357 866 3550 920 qtletn-

1973 937 2258 992 admodum
2315 953 2470 992 ovem
2504 939 2638 992 vidit
2691 939 2756 991 ad
2796 939 3191 996 holocaustum.
3233 942 3343 996 Hoc
3381 959 3544 996 unum

1970 1031 2208 1098 requiro,
2240 1039 2297 1084 ut
2330 1031 2454 1087 talis
2489 1032 2578 1095 sil,
2613 1032 2701 1100 qui
2733 1033 3154 1092 mmulalionem,
3183 1051 3285 1089 non
3322 1036 3547 1089 misera-

1971 1123 2167 1176 tionem
2196 1133 2478 1193 provocet;
2515 1123 2605 1192 qui
2643 1140 2745 1178 non
2788 1125 2840 1178 in
2878 1126 3128 1179 omnibus
3158 1127 3313 1181 rebus
3345 1129 3552 1181 cunctis

1966 1218 2318 1286 obsequatur,
2375 1216 2469 1270 sed
2521 1215 2619 1285 qui
2668 1217 2719 1268 in
2767 1217 3084 1287 quibusdam
3114 1219 3274 1270 etiam
3313 1217 3381 1271 ob
3417 1219 3551 1272 recti

1965 1309 2201 1364 studium
2233 1309 2284 1362 in
2322 1309 2595 1362 hominum
2643 1307 3282 1363 ollensionem.incurrat.
3315 1311 3553 1365 Alterum

284 1407 427 1459 enim
466 1408 516 1458 in
552 1421 789 1476 prtesens
809 1406 1260 1476 iucundissimum
1293 1419 1404 1472 est;
1475 1417 1704 1470 alterum
1774 1408 1826 1462 in
1899 1417 2172 1477 posterum
2224 1405 2585 1460 utilissimum.
2637 1406 2704 1459 At
2753 1421 2845 1458 vos
2894 1405 3107 1460 uuidem
3139 1406 3410 1460 Orationes
3438 1406 3552 1461 dis-

282 1500 459 1552 c.-.ssui
510 1515 635 1554 meo
681 1509 1042 1570 congruentes
1088 1511 1306 1568 parate;
1371 1517 1471 1572 ego
1517 1511 1696 1556 autem
1749 1502 1833 1556 his
1870 1501 2046 1557 verbis
2110 1511 2414 1555 extremum
2452 1515 2546 1553 vos
2574 1499 2836 1553 salutabo.

355 1589 498 1656 KG".
531 1591 778 1664 Χαίροις,
825 1593 1147 1646 Ἀναστασια
1181 1611 1270 1664 μοι
1309 1594 1408 1664 τῆς
1449 1593 1731 1661 εὐσεϐείας
1769 1595 1868 1646 ὲπ-

2045 1592 2232 1648 ΧΧΥΙ.
2261 1591 2388 1648 Vale
2410 1634 2426 1660 ,
2455 1595 2737 1647 Anastasia
2765 1633 2779 1654 ,
2809 1607 3003 1646 nomen
3047 1608 3075 1646 a
3109 1593 3307 1660 pietate
3331 1593 3550 1644 habens.

281 1680 489 1751 ώνυμε.
509 1683 582 1736 Σὺ
602 1685 712 1755 γὰρ
731 1683 821 1737 τὸν
839 1684 998 1754 λόγον
1035 1686 1161 1756 ἡμῖν
1189 1684 1553 1756 ὲξανέστησας
1584 1685 1662 1738 ἔτι
1693 1703 1862 1740 κατα·

283 1773 656 1844 φρονούμενον
677 1795 688 1807 ·
717 1776 778 1829 τὺ
801 1777 900 1848 τῆς
931 1778 1115 1848 κοινῆς
1147 1779 1303 1849 νίκης
1327 1777 1545 1850 χωρίον,
1576 1779 1608 1848 ἠ
1638 1778 1732 1832 νέα
1760 1779 1864 1850 Ση-

279 1863 558 1936 λὼμ(95),
592 1867 649 1920 ὲν
743 1867 958 1939 πρῶτον
984 1869 1084 1939 τὴν
1115 1868 1317 1938 σκηνὴν
1351 1867 1650 1940 ἐπήξαμεν,
1675 1885 1870 1922 τεσσα-

283 1957 530 2028 ράκοντα
574 1957 666 2030 ἔτη
721 1959 1162 2031 περιφερομένην
1187 1958 1297 2032 (96)
1327 1961 1383 2012 ὲν
1431 1962 1496 2030 τῇ
1548 1961 1741 2031 ἐρήμῳ
1775 1959 1870 2012 καὶ

280 2043 654 2122 πλανωμένην
679 2051 811 2122 (97).
845 2051 915 2104 Σύ
945 2069 1004 2104 τε
1030 2053 1060 2105 ὀ
1091 2052 1266 2122 μέγας
1300 2051 1427 2115 ναὸς
1459 2046 1612 2115 οὗτος
1641 2052 1734 2104 καὶ
1767 2067 1869 2104 πε-

280 2142 564 2213 ριϐόητος,
601 2145 634 2215 ἠ
668 2144 763 2198 νέα
789 2144 1120 2215 κληρονομία
1142 2142 1275 2214 (98),
1315 2143 1376 2196 τὸ
1403 2141 1498 2196 νῦν
1527 2143 1700 2213 μέγας
1733 2138 1872 2195 εἶναι

282 2237 442 2308 παρὰ
486 2237 584 2290 τοῦ
632 2239 807 2307 Λόγου
857 2235 1037 2290 λαϐὼν
1056 2237 1192 2308 (99),
1242 2237 1300 2290 ὃν
1359 2235 1561 2300 ’ῐεϐοῦς
1606 2237 1872 2307 πρότερον

285 2329 436 2394 ὅντα,
481 2329 838 2402 Ἰερουσαλὴμ
872 2331 1260 2400 πεποιήκαμεν
1280 2347 1293 2360 ·
1323 2329 1482 2400 ὑμεῖς
1512 2345 1570 2382 τε
1593 2328 1706 2382 ὅσοι
1737 2327 1876 2399 μετὰ

285 2423 478 2498 τοῦυν
511 2423 676 2487 εὐθὺς
699 2425 809 2488 τοῖς
834 2423 1111 2489 κάλλεσιν,
1139 2423 1295 2487 ἄλλος
1317 2423 1444 2478 ἄλλο
1469 2440 1520 2476 τι
1540 2423 1638 2493 τῆς
1666 2422 1876 2484 πόλεως

285 2514 461 2585 μέρος
509 2513 866 2584 διειληφότες,
907 2514 1100 2587 ὥσπερ
1152 2513 1439 2586 σύνδεσμοι
1483 2531 1626 2577 τινες
1671 2513 1765 2567 καὶ
1815 2513 1875 2566 τὸ

278 2606 566 2678 γειτονοῦν
599 2607 675 2678 (1)
729 2608 1090 2678 οἰκειούμενοι
1110 2624 1122 2638 ·
1155 2605 1250 2672 οὓς
1283 2607 1422 2677 μετὰ
1462 2608 1560 2678 τῆς
1589 2605 1875 2671 ἀσθενείας

277 2699 512 2768 ταύτης,
557 2699 656 2770 οὐχ
692 2701 874 2770 ἡμεῖς,
906 2701 939 2771 ή
969 2700 1129 2770 χάρις
1173 2699 1230 2752 δὲ
1276 2700 1372 2753 σὺν
1417 2699 1550 2769 ἡμῖν
1579 2698 1868 2770 ἐπλήρωσε

277 2794 400 2854 τοῖς
433 2792 896 2864 ἀπεγνωσμένοις.
934 2791 1188 2864 Χαίρετε,
1225 2791 1510 2845 ἀπόστολοι
1529 2791 1628 2862 (‘2),
1667 2791 1700 2861 ή
1734 2790 1872 2861 καλὴ

284 2885 568 2956 μετοικία,
611 2885 661 2937 οί
707 2885 829 2955 ἐμοὶ
875 2884 1185 2938 διδάσκαλοι
1227 2884 1327 2954 τῆς
1356 2883 1657 2954 ἀθλήσεως,
1689 2885 1736 2936 εἰ
1777 2884 1873 2936 καὶ

1972 1683 2048 1738 Tu
2073 1686 2217 1741 enim
2251 1685 2406 1740 nobis
2454 1685 2575 1739 lidei
2641 1685 2978 1746 doctrinam,
3021 1699 3139 1754 qua:
3197 1683 3371 1736 adhuc
3427 1695 3556 1734 con-

1973 1778 2193 1848 ternplui
2241 1785 2394 1840 erat,
2441 1777 2713 1830 excitasli.
2755 1775 2921 1840 Vale,
2957 1777 3210 1845 inquam,
3257 1774 3555 1828 communis

1972 1870 2210 1924 victoria:
2250 1869 2406 1925 sedes
2427 1911 2443 1935 ,
2490 1884 2623 1924 nova
2656 1867 2770 1922 Silo
2799 1869 2866 1934 ’³,
2894 1869 2944 1921 in
2979 1884 3080 1937 qua
3115 1869 3344 1939 primum
3371 1883 3552 1920 aream

1975 1961 2220 2026 liximus,
2248 1962 2606 2032 quadraginta
2650 1960 2806 2015 annis
2834 1961 2885 2014 i'n
2913 1962 3127 2015 deserto
3168 1961 3550 2014 circumactam

1973 2053 2306 2122 incertisque
2360 2053 2579 2109 sedibus
2638 2063 2941 2124 vagantem.
2981 2050 3105 2106 Vale
3153 2065 3205 2107 tu
3248 2067 3488 2122 quoque,
3522 2067 3555 2106 ο

1973 2161 2224 2216 magnum
2260 2145 2362 2200 hoc.
2404 2156 2460 2201 et
2505 2144 2683 2200 nobile
2720 2145 3010 2210 templum,
3061 2159 3197 2198 nova
3246 2145 3551 2206 Interealitas,

1973 2241 2116 2308 quod
2162 2239 2612 2308 magnitudinem,
2650 2253 2811 2308 quam
2848 2253 2989 2292 nunc
3027 2238 3229 2300 babes,
3291 2253 3320 2289 a
3382 2234 3554 2290 Verbo

1974 2332 2284 2402 suscepisti,
2310 2332 2560 2402 quodque
2588 2347 2705 2396 nos,
2738 2346 2858 2385 eum
2892 2331 3040 2400 prius
3063 2329 3226 2387 .lebus
3254 2344 3423 2391 esses,
3459 2328 3552 2383 Je-

1976 2421 2206 2479 rusalem
2255 2422 2551 2477 elfecimus.
2605 2422 2792 2477 Valete
2846 2437 2942 2476 vos
2996 2425 3179 2488 etiam,
3236 2423 3354 2476 aliae
3385 2437 3553 2476 sacra:

1975 2515 2147 2582 aedes,
2180 2515 2304 2570 huic
2332 2515 2591 2585 dignitate
2616 2517 2876 2584 proxima:
2895 2557 2910 2581 ,
2939 2515 3044 2570 alia
3075 2516 3232 2570 aliam
3267 2517 3552 2586 quamdam

1979 2603 2132 2660 urbis
2170 2615 2372 2674 partem
2413 2611 2855 2676 comptectentes,
2886 2607 3038 2672 quasi
3064 2606 3274 2662 vincula
3312 2608 3553 2677 quaedam

1976 2705 2029 2752 et
2068 2711 2388 2770 compages,
2432 2699 2728 2768 pr0pinqua
2765 2702 2928 2755 etiam
2987 2700 3098 2756 loca
3139 2711 3550 2767 COIIIleclt‘IHCn;

1976 2804 2112 2857 quas
2139 2803 2260 2843 cum
2309 2791 2409 2844 hac
2437 2792 2677 2860 corporis
2712 2792 3109 2855 imbecillitate,
3149 2808 3252 2846 non
3291 2808 3420 2858 nos,
3457 2793 3550 2847 sed

1977 2879 2072 2935 Dei
2113 2881 2286 2950 gratia
2333 2882 2494 2953 767
2544 2883 2823 2938 nobiscum
2853 2885 2921 2948 ⁸ο,
2964 2886 3052 2954 qui
3093 2900 3191 2954 pro
3226 2887 3449 2955 perditis
3487 2899 3552 2938 ac

281 2977 370 3048 μὴ
407 2977 668 3042 πολλάκις
711 2977 840 3048 ὑμῖν
890 2977 1289 3048 ὲπανηγύρισα,
1327 2977 1461 3040 ἴσως
1494 2977 1585 3029 τὸν
1618 2974 1709 3028 τοῦ
1736 2977 1872 3046 ὑμε-

1977 2974 2278 3044 desperatis
2323 2975 2674 3040 habebamur,
2720 2977 2977 3046 implevit.
3028 2977 3244 3046 Valete,
3300 2979 3550 3048 apostoli,

273 3069 454 3139 τέρου
481 3067 696 3122 Παύλου
725 3068 903 3122 Σατᾶν
923 3067 999 3137 (5)
1030 3067 1344 3140 περιφέρων
1370 3066 1429 3120 ἐν
1459 3065 1537 3136 τῷ
1555 3064 1630 3136 (4)
1659 3064 1872 3135 σώματι

279 3161 429 3230 πρὸς
477 3159 540 3214 τὸ
582 3160 896 3232 συμφέρον,
941 3159 1008 3213 δι’
1036 3158 1095 3213 ὃν
1147 3158 1244 3211 νῦν
1293 3157 1453 3228 ὑμῶν
1493 3158 1870 3229 ἀποικίζομαι.

279 3250 464 3322 Χαῖρέ
497 3267 610 3321 μοι,
637 3243 683 3303 ὧ
713 3249 969 3322 καθέδρα,
999 3249 1062 3302 τὸ
1101 3247 1388 3318 ἐπίφθονον
1426 3245 1557 3316 ὕψος
1594 3246 1753 3300 τοῦτο
1781 3246 1873 3300 καὶ

277 3343 655 3406 ἐπικίνδυνον,
700 3343 1001 3414 ἀρχιερέων
1043 3341 1340 3412 συνέδριον.
1391 3339 1581 3410 ἱερέων
1607 3339 1747 3392 αἰδοῖ
1780 3339 1874 3392 καὶ

272 3432 472 3503 χρόνῳ
513 3431 874 3502 τετιμημένον
894 3432 991 3501 (5),
1027 3432 1151 3484 ὅσον
1190 3447 1248 3483 τε
1280 3429 1408 3482 ἄλλο
1436 3429 1564 3499 περὶ
1591 3429 1690 3500 τὴν
1723 3429 1875 3500 ίεράν

272 3523 569 3594 τράπεζαν
613 3525 982 3596 λειτουργικὸν
1023 3521 1182 3588 Θεοῦ,
1223 3523 1318 3577 καὶ
1365 3521 1582 3590 ἐγγίςον
1631 3519 1751 3590 Θεῷ
1798 3519 1874 3591 τῷ

275 3618 579 3686 ἐγγίζοντι.
643 3615 916 3688 Χαίρετε,
976 3613 1309 3687 Ναξαραίων
1341 3611 1415 3685 (6)
1486 3611 1870 3684 χοροστασίαι,

275 3708 622 3780 ψαλμῳδιῶν
665 3709 945 3781 ἁρμονίαι,
999 3708 1218 3771 στάσεις
1259 3706 1541 3777 πάννυχοι,
1583 3703 1870 3777 παρθένων

283 3799 578 3871 σεμνότης,
610 3799 886 3868 γυναικῶν
911 3798 1200 3870 εὐκοσμία,
1248 3796 1452 3868 χηρῶν,
1483 3795 1736 3867 ὀρφανῶν
1780 3813 1873 3848 συ-

295 3893 580 3962 στήματα,
632 3891 862 3961 πτωχῶν
914 3890 1206 3962 ὀφθαλμοὶ,
1261 3889 1394 3962 πρὸς
1437 3888 1568 3942 Θεὸν
1616 3887 1875 3958 καὶπρὸς

280 3988 436 4058 ἡμᾶς
485 3986 797 4057 βλέποντες.
837 3985 1094 4059 Χαίρετε,
1155 3983 1292 4039 οἶκοι
1343 3984 1606 4053 φιλόξενοι
1640 3984 1718 4054 (7)
1778 3984 1871 4038 καὶ

338 4128 389 4159 ⁷⁸
411 4125 532 4182 Jos.
562 4141 720 4192 xvln,
754 4125 807 4180 1.
883 4125 930 4156 ⁸⁸
952 4124 969 4179 l
993 4122 1119 4180 Cor.
1155 4139 1246 4188 xv,
1293 4123 1378 4178 10.
1455 4123 1498 4155 ⁸¹
1526 4121 1566 4176 ll
1591 4120 1716 4178 Cor.
1743 4136 1844 4186 xu,
1871 4120 1921 4176 7.

350 4283 470 4354 (89)
503 4284 648 4350 Θεὸς
670 4283 791 4351 ἴδῃ.
819 4281 874 4338 ln
905 4281 1249 4354 quihusdam,
1273 4280 1388 4354 εἴδῃ
1426 4280 1578 4354 Θεός.

1973 3064 2232 3134 praeclara
2262 3068 2472 3124 colonia
2499 3109 2514 3133 ,
2560 3070 2876 3124 certaminis
2900 3069 3002 3124 mei
3034 3069 3300 3139 magistri,
3328 3071 3426 3123 etsi
3453 3071 3555 3122 mi-

1972 3175 2073 3216 nus
2102 3175 2244 3230 saepe
2271 3161 2408 3216 l'esta
2442 3173 2619 3216 vestra
2660 3164 2927 3218 celebravi
2954 3203 2970 3229 ,
3021 3165 3251 3220 fortasse
3280 3162 3427 3218 Pauli
3457 3179 3554 3216 ve-

1972 3253 2072 3306 stri
2119 3252 2375 3307 Satanam
2399 3253 2443 3284 ⁸¹
2478 3253 2545 3309 ad
2573 3255 2856 3309 utilitatem
2883 3271 3056 3310 meam
3103 3256 3154 3310 in
3185 3270 3413 3325 corpore
3443 3255 3552 3310 cir-

1973 3343 2280 3400 cumferens
2303 3383 2319 3409 ,
2378 3345 2447 3399 ob
2481 3361 2642 3415 quem
2691 3363 2833 3402 nunc
2861 3364 2890 3400 a
2934 3349 3083 3404 vobis
3111 3348 3360 3404 abscedo.
3398 3350 3551 3410 Vale.

1971 3435 2253 3500 cathedra,
2287 3436 2610 3491 invidiosum
2639 3439 2742 3493 hoc
2769 3450 2822 3492 et
2851 3443 3213 3509 periculosum
3245 3439 3544 3511 fastigium,

1971 3525 2286 3595 pontiﬁcum
2319 3529 2638 3596 concilium,
2687 3534 3027 3588 sacerdotum
3074 3548 3178 3588 non
3220 3535 3398 3590 minus
3429 3549 3546 3588 ma-

1963 3621 2160 3690 jestate
2188 3637 2350 3691 quam
2394 3634 2551 3680 :elate
2586 3637 2870 3690 ornatum,
2911 3638 2964 3682 et
2999 3629 3304 3698 quicunque
3332 3631 3544 3684 tandmn

1969 3708 2058 3764 alii
2102 3709 2249 3764 circa
2283 3721 2688 3767 sacrosanctam
2744 3729 2986 3768 mensam
3034 3713 3147 3770 Deo
3207 3714 3545 3777 ministratis,

1981 3811 2140 3872 atque
2193 3804 2260 3857 ad
2315 3807 2832 3875 apprOpinquantem
2879 3805 3042 3869 Deum
3089 3808 3548 3877 appropinquans.

1983 3890 2188 3954 Valete.
2209 3893 2586 3952 Nazarzeorum
2602 3897 2774 3964 chori,
2795 3901 3211 3967 psalmodiarmn
3235 3911 3551 3965 concentus,

1979 3993 2256 4039 nocturna:
2295 3986 2590 4051 stationes,
2629 3988 2896 4058 virginum
2939 3987 3325 4059 sanctimonim
3360 3988 3547 4043 mulieo

2032 4276 2142 4346 (99)
2177 4277 2246 4330 Τὸ
2278 4275 2623 4346 νῦν-μέγας
2671 4273 2824 4330 εἶναι
2869 4277 3030 4344 παρὰ
3053 4277 3160 4330 τοῦ
3200 4279 3396 4345 Λόγου
3442 4280 3549 4332 λα-

349 4345 469 4429 (90)
525 4345 639 4429 ξΕτῖ
675 4345 870 4429 τῷζοι
975 4351 1095 4407 ’Ποο
1130 4345 1400 4429 -υηιιιηςῇ
1454 4351 1566 4429 Sic.
1595 4349 1760 4422 llegg.
1812 4359 1865 4405 et

1974 4345 2255 4429 renutu.
2316 4363 2338 4429 ς
2397 4345 2548 4429 Quod
2585 4348 3020 4429 magnitudinem,
3073 4362 3244 4428 .quam
3277 4364 3417 4429 tum
3449 4347 3548 4428 ha-

270 4420 460 4482 Colb.’
487 4425 690 4494 plures,
721 4424 881 4479 Coisl.
903 4423 958 4494 2,
992 4433 1098 4478 etc.
1129 4422 1184 4475 ln
1217 4422 1326 4494 ec_l.7,
1353 4420 1448 4473 Ἂν
1477 4420 1653 4494 τοῦτο.

351 4474 1098 4567 ’ὧῷἀὶξρθὶὶἑᾱύιὶένῶιὶζ
1124 4474 1230 4546 etc.
1262 4474 1454 4567 ldiest,
1489 4492 1617 4567 «ιιιιί
1651 4488 1866 4567 νξτιιιιῑρ
1899 4474 1940 4528 Ῑ)

277 4560 392 4621 bus
424 4560 844 4630 aérnulati'onem,
877 4560 992 4619 non
1026 4572 1204 4618 autem
1261 4561 1404 4615 vitiis
1465 4560 1864 4614 miserationem

313 4647 564 4690 I'OVOCCI.
587 4655 606 4688 ι

273 4653 564 4708 provocet.
587 4655 606 4688 ι

355 4707 472 4777 (92)
503 4705 598 4777 Μὴ
624 4703 741 4759 τῶν
761 4704 976 4777 πάντα.
1009 4703 1100 4759 Sic
1137 4703 1372 4773 quinque
1406 4700 1572 4772 Regg.
1601 4709 1653 4756 et
1687 4698 1778 4755 0r.
1809 4699 1864 4753 2.

273 4776 450 4834 Deest
473 4776 582 4830 τῶν
609 4777 662 4830 in
696 4776 824 4829 edit.

357 4847 473 4918 (95)
513 4843 1064 4918 ΙΙροπεμπτηρΙους.
1101 4842 1322 4918 Hii-sunt
1341 4856 1638 4907 sermones,
1675 4839 1868 4918 quibus

281 4911 572 4973 hominem
607 4911 971 4973 discedentem
1033 4924 1126 4967 aut
1162 4915 1524 4971 discessurum
1583 4911 1867 4982 prosequi-

279 5002 434 5042 mur.
507 5040 510 5042 γ
823 5029 831 5035 .

359 5055 964 5126 (94)Σ-υντακτήριον.
1010 5055 1103 5110 Sic
1137 5069 1315 5126 sermo
1343 5052 1668 5126 discedentis
1717 5051 1866 5120 apel-

281 5123 694 5248 latlurJiDicitur
725 5123 887 5182 etiam
913 5124 1348 5195 άποχαιρετικός,
1373 5136 1430 5178 ut
1451 5123 1541 5193 qui
1564 5131 1865 5178 extremum

281 5214 351 5248 va
382 5211 412 5248 ε
449 5206 597 5248 (ιριι.

281 5197 412 5251 vale
449 5197 597 5250 dicit.

361 5265 475 5335 (95)
512 5267 575 5321 Ἠ
610 5267 718 5320 νέα
745 5266 980 5334 Σηλὼμ.
1032 5265 1124 5319 Sic
1172 5263 1414 5334 plerique
1467 5262 1621 5319 codd.
1666 5259 1722 5314 lu
1753 5263 1864 5326 ed.,

279 5339 316 5404 ἢ
347 5337 570 5408 Σηλώμ.
605 5355 624 5387 ι
649 5346 739 5390 aut
766 5338 896 5408 Silo.
922 5355 940 5387 ι

360 5407 471 5478 (96)
506 5404 1004 5477 Περιφερομένην.
1029 5405 1122 5461 Or.
1148 5404 1203 5470 ‘2,
1241 5405 1564 5477 φερομένην.
1591 5404 1740 5464 Pan,
1769 5421 1866 5456 πε-

284 5479 738 5552 ριιερρνουμένην·

357 5495 738 5601 ρϐονουμενην.

357 5549 377 5616 (
417 5549 471 5616 7)
502 5549 613 5601 Καὶ
641 5546 1058 5616 πλανωμένην.
1087 5547 1247 5601 Deest
1276 5545 1328 5599 in
1363 5545 1454 5601 Or.
1484 5545 1539 5600 2.

359 5614 472 5690 (98)
493 5619 624 5674 Νέα
647 5614 1043 5690 κ.‹ἰἰιροὶρομίιιΖ
1074 5637 1092 5669 ‹
1119 5616 1265 5690 Nova
1308 5618 1612 5690 llmreditas.
1645 5634 1664 5668 ι
1713 5614 1847 5690 lntel

281 5686 472 5761 ligitur
493 5704 747 5758 magnum
767 5686 986 5761 Sanctae
1007 5688 1226 5761 Sophia:
1269 5686 1544 5761 templum,
1588 5687 1731 5756 quod
1772 5701 1866 5761 per

287 5757 492 5815 m'ultos
530 5757 703 5814 annos
732 5759 798 5812 ab
831 5757 1099 5814 haereticis
1127 5766 1447 5826 occupatum
1471 5757 1664 5821 fuerat,
1695 5760 1865 5825 quod-

284 5829 750 5912 queTheodosius
769 5831 958 5884 nonita
986 5829 1189 5898 pridem
1223 5826 1515 5885 Catholicis
1535 5829 1863 5886 restituerat.
1946 5893 1960 5896 _

613 5920 887 5982 Ρηιιοι.
925 5918 1044 5979 Gn.
1077 5916 1381 6002 XXXVI.

1969 4419 2085 4481 bes,
2122 4424 2188 4472 ab
2233 4417 2529 4471 orthodoxa
2590 4419 2834 4470 doctrina
2875 4418 3220 4484 suscepisti.»
3277 4416 3422 4471 Hanc
3460 4420 3546 4468 in»

1975 4487 2419 4553 terpretationem
2465 4495 2740 4541 mutuatus
2804 4497 2982 4542 estex
3039 4487 3242 4551 Niceta,
3278 4487 3370 4555 qui
3404 4487 3547 4540 hunc

1977 4560 2148 4611 locum
2181 4557 2258 4628 sic
2278 4557 2541 4628 esponitk;
2567 4557 2785 4628 κυρίως
2828 4556 3002 4627 μέγας
3035 4558 3312 4627 ὑπάρχων,
3345 4556 3432 4609 διὰ
3457 4557 3548 4609 τὸν

1973 4628 2129 4707 λόγον
2160 4627 2259 4707 τῆς
2289 4625 2884 4707 ,ὀρθοδοξίαςβ-Υθιςυιιι
2943 4625 3266 4707 arbitramur
3327 4630 3546 4707 rectius,

1975 4699 2126 4768 παρὰ
2146 4695 2240 4750 τοῦ
2274 4695 2471 4769 Λόγου,
2509 4698 2576 4769 de
2618 4717 2636 4750 ι
2667 4695 2901 4764 Verbo,»
2938 4705 3049 4752 tum
3094 4703 3266 4769 palam
3302 4706 3357 4750 et
3381 4697 3549 4752 libere

1975 4771 2282 4839 praedicato,
2309 4768 2550 4839 intelligi.

2047 4839 2122 4907 (l)
2169 4838 2236 4916 T55
2267 4836 2609 4916 Teno_r_oﬁr._
2629 4838 2840 4905 Comln,
2868 4839 2935 4893 τὰ
2973 4839 3334 4911 γειτονοῦντα,
3382 4865 3400 4898 ι
3425 4861 3550 4916 pro-

1974 4911 2170 4980 pinqua
2204 4909 2315 4980 loca
2348 4909 2497 4962 vobis
2526 4911 2898 4980 adjungeutes.
2922 4931 2940 4963 ι

2045 4980 2120 5052 (‘2)
2170 4979 2544 5055 ’ᾼξζόστολομ
2574 4978 2823 5055 Intelligit
2853 4983 2933 5036 vel
2963 4982 3152 5048 altare,
3179 4985 3260 5038 vel
3293 4987 3545 5055 templum

1976 5051 2027 5123 iu
2055 5050 2206 5121 'quod
2234 5050 2589 5123 gonstantius
2619 5050 2911 5120 imperator
2956 5064 3262 5109 sanctorum
3296 5050 3545 5123 Andri-sv,

1974 5120 2133 5244 fuit?
2153 5131 2208 5175 et
2233 5120 2502 5244 "ls‘ismotbei
2541 5123 2797 5192 reliquias
2835 5125 3200 5180 transtulerat.
3260 5126 3390 5180 Vide
3419 5120 3542 5181 Tull.

2001 5229 2016 5244 .
2067 5235 2083 5244 .
2117 5207 2204 5244 .o.
2313 5211 2366 5244 ο.

1977 5203 2016 5246 ι.
2041 5203 2132 5255 1.x,
2156 5207 2204 5255 p.
2243 5203 2366 5244 «sua.

2043 5207 2396 5333 βΣιῗξὲκ.
2448 5260 2661 5333 Nicetes
2713 5263 2949 5330 exp0nit,
2999 5265 3254 5326 σκόλοπα,
3315 5269 3547 5320 (stium-

1975 5331 2152 5404 lpum
2185 5332 2384 5404 (Billius
2412 5331 2659 5404 intelligit
2696 5334 3070 5402 episcoporum
3108 5337 3384 5400 invidiam,
3425 5352 3544 5404 qua:

1971 5403 2288 5470 GregOrium
2321 5403 2582 5472 excedere
2604 5405 2800 5472 coegit.

2046 5468 2120 5538 (ι’)
2165 5475 2259 5525 Ἐν
2282 5468 2378 5535 τῷ.
2420 5472 2512 5542 Sic
2543 5487 2636 5524 sex
2665 5468 2828 5542 [{Egg.
2871 5484 2924 5527 et
2949 5473 3067 5528 Par.
3094 5475 3251 5529 Deest
3285 5477 3340 5528 έν
3371 5476 3421 5528 in
3454 5477 3540 5530 ed.

2017 5543 2120 5666 é(5)
2154 5539 2560 5611 Τετιμημένον.
2591 5543 2678 5596 Sic
2700 5539 2875 5612 plures
2899 5545 3054 5600 codd.
3087 5547 3142 5599 ln
3169 5547 3278 5609 ed.,
3319 5563 3543 5616 τετιμη-

2045 5631 2169 5666 νων.

2045 5631 2169 5666 νων.

1974 5629 2507 5754 μεῖδῗλάᾆιραζων.
2551 5682 2798 5751 Quinque
2830 5685 3014 5754 Regg.,
3057 5685 3152 5742 0r.
3181 5687 3217 5740 ξ).
3237 5697 3289 5742 et
3322 5687 3542 5753 Comb.,

1973 5751 2304 5825 Ναζιραίων.
2345 5771 2363 5802 ι
2395 5751 2682 5825 monachos
2708 5773 2726 5804 ι
2763 5751 3028 5825 intelligit.

2041 5820 2302 5896 (7)’οἷκοι
2335 5823 2534 5893 φιλόξ.
2595 5823 2651 5879 ln
2686 5820 3022 5896 quibu:dain,
3050 5825 3187 5883 οἴκοι
3219 5829 3543 5900 φιλόπτωχοι

3141 5923 3215 5984 16
