4050 6298
605 312 706 368 ἂ91

1812 305 1873 360 S.
1913 301 2237 359 GREGORII
2276 299 2619 356 TIIEOLOGI

3688 311 3777 365 49B

604 442 723 482 rum
773 424 1068 488 modestia,
1117 423 1393 480 viduarum
1448 435 1500 479 et
1555 426 1919 493 orphanorum
1970 432 2163 488 coetus,

2284 421 2618 491 ριλόχριστοι,
2661 419 2753 472 καί
2798 417 2896 487 τῆς
2930 417 3068 488 ἐμῆς
3103 416 3383 481 ἀσθενείας
3416 420 3779 501 ἀντιλὴπτορες,

606 532 897 586 pauperum
924 514 1085 577 oeuli,
1119 514 1170 567 in
1200 514 1365 568 Deum
1423 525 1477 571 et
1527 515 1580 568 in
1617 530 1713 568 nos
1747 515 2032 567 intuentes.
2064 513 2167 565 Va-

608 606 742 668 lete,
785 606 971 659 domus
1015 603 1304 672 hospitales
1349 613 1403 657 et
1448 604 1645 659 Christi
1687 612 1965 666 amantes,
2021 603 2166 654 inlir-

590 698 921 764 unitatisque
949 710 1080 749 mea:
1103 696 1410 765 adiutrices.
1448 695 1651 757 Valete,
1678 709 1985 748 sermonum
2029 707 2169 746 meo-

611 801 730 839 rum
755 794 1024 839 amatores
1051 828 1066 850 ,
1099 793 1157 839 et
1185 801 1375 839 cursus
1400 826 1414 851 ,
1444 796 1495 839 et
1527 785 1923 847 concursiones,
1951 792 2004 836 et
2029 782 2171 852 styli,

614 888 720 931 tam
752 876 1051 945 perspicui,
1089 890 1245 944 quam
1276 875 1511 937 occulti,
1552 885 1713 943 atque
1757 874 1911 942 hujus
1942 872 2175 942 suggesti

614 966 875 1031 cancelli,
930 982 961 1020 a
1010 966 1352 1020 multitudine
1407 966 1702 1035 compressi
1736 966 2049 1027 hominum,
2082 977 2177 1015 an-

613 1058 797 1113 diendi
823 1058 1001 1113 studio
1022 1071 1141 1112 sese
1169 1066 1354 1110 mutuo
1380 1057 1830 1125 protrudentium.
1853 1054 2054 1116 Valete,
2078 1053 2178 1105 im-

614 1158 913 1219 peratores,
956 1157 1009 1203 et
1041 1148 1237 1218 palatia
1264 1188 1279 1213 ,
1310 1164 1601 1217 omnesque
1632 1149 1967 1217 imperatoris
1996 1144 2177 1199 famuli

617 1247 672 1293 et
698 1238 1011 1294 cubicularii
1043 1257 1056 1293 :
1085 1240 1129 1292 si
1156 1240 1369 1307 quidem
1414 1239 1726 1309 imperatori
1766 1237 1981 1301 ﬁdeles,
2011 1236 2179 1289 haud-

616 1346 884 1401 quaquam
909 1340 1110 1385 certum
1145 1331 1348 1396 habeo;
1380 1332 1488 1386 Deo
1516 1341 1692 1384 autem
1718 1345 1905 1399 magna
1933 1344 1996 1383 ex
2030 1339 2181 1396 parte

617 1422 788 1476 inﬁdi.
844 1422 1087 1478 Manibus
1119 1423 1383 1492 plaudite,
1436 1433 1592 1478 acute
1631 1422 1878 1487 clamate,
1913 1421 2179 1474 rhetorem

2271 512 2521 581 Χαίρετε,
2560 511 2667 562 τῶν
2707 508 2853 579 ἐμῶν
2883 508 3054 576 λόγων
3082 510 3324 578 ἐρασταὶ,
3364 512 3453 563 καὶ
3491 512 3677 585 δρόμοι,
3704 526 3783 578 καὶ

2273 603 2564 676 συνδρομαὶ
2595 601 2690 671 (8),
2725 601 2818 653 καὶ
2861 601 3121 670 γραφίδες
3147 601 3220 670 (9)
3252 604 3475 673 φανεραὶ
3501 606 3588 658 καὶ
3620 608 3789 667 λανθά-

2268 712 2472 755 νουσαι,
2499 692 2593 745 καὶ
2621 692 2653 761 ή
2685 690 2974 761 βιαζομένη
3004 690 3233 758 κιγκλὶς.
3267 688 3401 761 αὕτη
3441 695 3547 756 τοῖς
3574 700 3687 769 περὶ
3714 702 3791 755 τὸν

2267 785 2423 852 λόγον
2460 781 2827 852 ὼθιζομένοις.
2870 780 3126 851 Χαίρετε,
3168 774 3212 833 ὦ
3256 778 3506 849 βασιλεῖς,
3540 787 3626 839 καὶ
3665 788 3791 857 βασί-

2269 874 2403 937 λεια,
2456 875 2576 926 ὅσον
2628 890 2683 925 τε
2730 873 2857 942 περὶ
2897 871 2986 925 τὸν
3038 870 3258 939 βασιλέα
3299 871 3669 943 θεραπευτικὸν
3712 881 3791 933 καὶ

2270 966 2514 1019 οίκίδιον’
2546 967 2592 1017 εξ
2630 966 2727 1035 μὲν
2764 965 2854 1017 καὶ
2887 962 3094 1033 βασιλεῖ
3135 963 3343 1025 πιστὸν,
3377 965 3475 1018 οὐκ
3514 964 3653 1020 οἶδα·
3692 970 3792 1043 Θεῷ

2270 1055 2327 1108 δὲ
2361 1055 2420 1108 τὸ
2464 1055 2645 1107 πλεῖον
2699 1055 2922 1108 ἄπιστον
2940 1053 3073 1121 (10).
3124 1054 3438 1124 Κροτήσατε
3486 1060 3677 1129 χεῖρας,
3716 1060 3796 1124 ὀξὺ

2274 1144 2523 1217 βοήσατε,
2556 1146 2723 1217 ἄρατε
2757 1147 2834 1209 είς
2867 1144 2999 1214 ὕψος
3027 1145 3114 1198 τὸν
3154 1146 3357 1216 ῥήτορα
3383 1147 3492 1216 (11)
3522 1150 3681 1220 ὑμῶν.
3715 1155 3798 1206 Σε-

2276 1238 2498 1309 σίγηκεν
2535 1238 2662 1308 ὑμῖν
2701 1239 2733 1307 ἡ
2780 1237 2990 1307 πονηρὰ
3031 1236 3249 1303 γλῶσσα
3288 1238 3381 1290 κα).
3418 1238 3601 1304 λάλοςο
3625 1243 3679 1295 οὐ
3712 1244 3801 1315 μὴν

2276 1330 2553 1399 σιγήσεται
2602 1327 2939 1380 παντάπασιν
2961 1326 3071 1398 (12)
3095 1342 3107 1356 ·
3143 1328 3443 1396 μαχήσεται
3472 1329 3574 1401 γὰρ
3600 1332 3701 1401 (15)
3729 1334 3804 1389 διὰ

2274 1418 2454 1489 χειρὸς
2500 1419 2592 1471 καὶ
2649 1418 2901 1488 μέλανος·
2943 1417 3003 1469 τὸ
3042 1417 3088 1469 δ’
3151 1412 3243 1470 οὖν
3292 1419 3464 1489 παρὸν
3538 1425 3805 1494 σεσιγήκα-

619 1526 852 1571 vestrum
882 1515 932 1569 in
965 1517 1190 1569 sublime
1219 1515 1404 1569 tollite.
1453 1514 1615 1567 Siluit
1655 1514 1804 1568 vobis
1849 1512 2090 1581 improba
2131 1520 2185 1562 et
2281 1527 2401 1579 μεν.

618 1607 811 1676 loquax
841 1595 1050 1675 lingua;
1084 1620 1183 1659 uec
1225 1614 1402 1659 tamen
1476 1604 1694 1658 omnino
1723 1603 1919 1658 silebit.
1984 1600 2249 1671 Pugnabit
2287 1601 2429 1655 enim
2476 1615 2638 1654 manu
2705 1610 2759 1655 et
2795 1609 3114 1656 atramento.
3149 1602 3411 1659 Caeterum
3460 1604 3510 1661 in
3554 1609 3806 1675 praesentia

619 1695 988 1751 consiluimus.

692 1788 904 1845 XXVII.
931 1786 1061 1844 Vale
1086 1829 1101 1854 ,
1148 1789 1336 1843 civitas
1389 1804 1576 1860 magna
1601 1828 1615 1853 ,
1670 1797 1722 1843 et
1764 1788 1965 1844 Christi
1997 1802 2181 1842 amore

2353 1784 2476 1836 KZ'.
2506 1782 2694 1853 Χαῖρε,
2727 1774 2771 1834 ὦ
2802 1782 3125 1852 μεγαλόπολι
3150 1784 3241 1836 κα)⁴
3272 1785 3582 1857 φιλόχριστε
3605 1786 3811 1859 (μαρτυ-

622 1880 844 1950 przedita
896 1878 1039 1947 (vera
1088 1878 1229 1931 enim
1276 1878 1533 1941 testabor,
1578 1879 1681 1933 etsi
1727 1894 1831 1933 non
1882 1878 2172 1933 secundum

623 1967 900 2022 scientiam
950 1967 1038 2021 hic
1095 1967 1241 2021 zelus
1286 1976 1367 2020 est
1410 1968 1491 2031 ⁸²;
1549 1968 1891 2037 benigniores
1939 1984 2035 2023 nos
2069 1968 2178 2022 dis-

618 2060 827 2128 iunctio
863 2059 1136 2129 reddidit).
1168 2060 1249 2112 Ad
1311 2060 1589 2114 veritatem
1623 2059 1895 2123 accedite;
1946 2058 2012 2111 ad
2067 2060 2199 2112 me;

621 2155 807 2207 liorem
845 2151 1051 2222 frugem
1103 2155 1314 2206 tandem
1368 2154 1658 2222 aliquando
1714 2168 1808 2206 vos
1845 2153 2174 2216 convertite;

622 2244 813 2305 Demn,
846 2242 1073 2311 amplius
1095 2257 1250 2311 quam
1280 2244 1656 2307 consuevistis,
1686 2244 1863 2297 colite.
1891 2241 2005 2296 Non
2028 2252 2180 2311 turpe

623 2346 705 2389 est
745 2334 1067 2388 sententiam
1107 2345 1348 2399 mutare;
1396 2336 1488 2388 sed
1536 2335 1588 2387 in
1636 2334 1775 2389 malo
1804 2348 2180 2413 perseverare,

624 2423 896 2477 funestum
936 2431 988 2477 et
1023 2422 1327 2475 exitiosum.
1363 2420 1526 2485 Vale,
1574 2420 1768 2476 Oriens
1813 2430 1867 2475 et
1900 2420 2178 2483 Occidens,

624 2529 723 2582 pro
747 2514 938 2583 quibus
965 2522 1018 2566 et
1040 2528 1069 2566 a
1099 2513 1292 2581 quibus
1321 2528 1729 2583 oppugnamur;
1768 2513 1918 2566 testis
1955 2512 2041 2565 ille
2075 2522 2177 2576 est,

625 2606 717 2675 qui
765 2614 981 2675 pacatos
1023 2620 1119 2659 vos
1164 2604 1380 2667 reddet,
1440 2604 1485 2659 si
1540 2605 1776 2659 nonnulli
1827 2606 2181 2659 secessionem

626 2710 799 2749 meam
834 2694 1135 2748 imitentur.
1184 2695 1346 2765 768
1376 2694 1490 2749 Non
1538 2696 1679 2750 enim
1717 2694 1810 2750 Dei
1851 2711 2063 2765 quoque
2100 2696 2183 2765 ja-

629 2794 835 2839 cturam
868 2783 1085 2849 facient,
1113 2786 1201 2852 qui
1231 2785 1439 2839 throuis
1459 2786 1750 2852 cesserint;
1783 2789 1872 2840 sed
1897 2802 2182 2856 supernam

628 2876 933 2929 cathedram
961 2875 1263 2939 habebunt,
1293 2875 1377 2931 his
1411 2875 1575 2931 multo
1613 2876 1980 2931 sublimiorem
2018 2888 2071 2931 et
2102 2887 2183 2930 tu-

629 2966 837 3018 tiorem.
916 2964 1115 3018 Praeter
1164 2967 1339 3020 omnia
1407 2976 1461 3021 et
1511 2976 1633 3021 ante
1680 2968 1858 3021 omnia
1904 2966 2184 3022 clamabo:

632 3058 847 3122 Valete,
898 3057 1108 3124 angeli,
1160 3058 1313 3126 hujus
1347 3058 1598 3113 Ecclesia:
1622 3060 1912 3128 praesides,
1951 3074 2188 3128 meaeque

2280 1877 2428 1948 ρήσω
2441 1874 2549 1945 γὰρ
2559 1873 2782 1944 τάληθῆ,
2802 1876 2894 1926 καὶ
2914 1876 2961 1927 εί
2981 1876 3052 1947 μὴ
3076 1877 3193 1928 κατ’
3209 1878 3810 1953 ὲπίγνωσινὸζῆλοςῌᾶ)

2279 1967 2542 2038 πεποίηκε
2581 1965 2970 2036 χρηστοτέρους
3014 1968 3218 2039 ἡμᾶςή
3268 1969 3582 2040 διάζευξις).
3614 1972 3817 2042 Πρόσιτε

2277 2060 2344 2128 τῇ
2394 2054 2650 2126 ἀληθείᾳ·
2701 2056 3167 2125 μετασκευάζεσθε
3218 2058 3314 2128 ὀψὲ
3371 2060 3533 2127 γοῦν·
3576 2064 3817 2132 τιμήσατε

2278 2148 2409 2202 Θεὸν
2426 2146 2561 2219 (15),
2596 2145 2754 2199 πλέον
2782 2146 2882 2216 τῆς
2916 2146 3220 2217 συνηθείας.
3260 2150 3377 2219 Οὐχ
3410 2152 3441 2221 ἡ
3473 2152 3739 2221 μετάθεσις
3768 2152 3820 2205 τὸ

2279 2239 2501 2312 αἰσχρὸν
2554 2237 2682 2307 ἔχει,
2734 2237 2845 2290 ἀλλ’
2894 2240 2927 2309 ἠ
2981 2240 3073 2293 τοῦ
3120 2240 3289 2294 κακοῦ
3330 2243 3563 2313 τήρησις
3609 2242 3699 2313 τὴν
3735 2246 3822 2297 ἀπ-

2280 2331 2501 2385 ώλειαν.
2522 2330 2766 2402 Χαίροις,
2807 2330 3061 2399 Ἀνατολὴ
3102 2334 3197 2385 καὶ
3231 2333 3419 2397 Λύσις,
3467 2335 3600 2405 ὑπὲρ
3630 2328 3716 2398 ὧν,
3744 2336 3822 2387 καὶ

2282 2425 2369 2493 ὑφ’
2390 2417 2464 2477 ὧν
2496 2423 2875 2494 πολεμούμεθα
2895 2440 2907 2451 ·
2932 2424 3137 2493 μάρτυς
3157 2427 3184 2477 ὁ
3204 2427 3539 2495 εἰρηνεύσων
3557 2427 3690 2495 ὑμᾶς
3710 2426 3826 2497 (16),

2283 2515 2349 2569 ἂν
2375 2515 2543 2584 ὀλίγοι
2578 2517 2921 2585 μιμήσωνται
2946 2515 3042 2585 τὴν
3076 2516 3213 2588 ἐμὴν
3240 2518 3611 2588 ὑποχώρησιν.
3639 2519 3707 2570 Οὐ
3734 2519 3825 2586 γὰρ

2282 2607 2375 2660 καὶ
2396 2607 2485 2660 τὸν
2511 2606 2641 2660 Θεὸν
2664 2606 2953 2659 ἀπολοῦσιν
2981 2608 3028 2658 οἱ
3057 2606 3161 2659 τῶν
3189 2607 3399 2678 θρόνων
3424 2610 3826 2680 παραχωρήσαν-

2281 2714 2392 2763 τες,
2422 2697 2535 2751 ἀλλ’
2566 2697 2743 2761 ἕξουσι
2788 2696 2883 2768 τὴν
2928 2698 3038 2751 ἀνω
3081 2698 3376 2769 καθέδραν,
3422 2700 3455 2770 ἢ
3497 2700 3626 2753 πολὺ
3653 2700 3826 2752 τούτων

2285 2790 2429 2841 ἐστὶν
2453 2789 2755 2862 ὑψηλοτέρα
2788 2807 2845 2841 τε
2886 2790 2978 2842 καὶ
3007 2789 3413 2860 ἀσφαλεστέρα.
3461 2792 3582 2843 Ἐπὶ
3623 2792 3743 2843 πᾶσί
3782 2808 3827 2842 τι

2287 2881 2398 2951 (17)
2419 2883 2511 2934 καὶ
2532 2882 2636 2952 πρὸ
2658 2882 2872 2934 πάντων
2886 2881 3167 2953 βοήσομαι’
3187 2882 3445 2953 Χαίρετε,
3460 2883 3825 2952 ἄγγελοι,τῆσδε

2287 2973 2384 3041 τῆς
2426 2972 2749 3042 Ἐκκλησίας
2780 2973 2982 3045 ἔφοροι,
3011 2974 3105 3027 καὶ
3130 2974 3229 3044 τῆς
3267 2975 3415 3045 ἐμῆς
3448 2976 3736 3047 παρουσίας
3756 2973 3823 3026 xa‘

2289 3062 2570 3133 ἐκδημίας,
2604 3065 2760 3136 εἴπερ
2794 3067 2850 3117 ἐν
2898 3066 3040 3137 χειρὶ
3087 3066 3220 3119 Θεοῦ
3263 3066 3337 3119 τὰ
3380 3067 3643 3138 ἡμέτερα.
3688 3063 3824 3135 Χαῐρι

628 3150 923 3218 ρτιῐιεοιιιίίιι
962 3166 1022 3203 ac
1062 3150 1506 3219 peregrinationis
1530 3191 1543 3215 ,
1574 3152 1617 3204 si
1646 3150 1801 3204 modo
1832 3153 1884 3205 in
1915 3167 2069 3204 manu
2096 3151 2182 3205 Dei

2291 3170 2399 3224 μοι,
2427 3147 2682 3223 ὧΤριάς,
2725 3154 2785 3207 τὸ
2824 3156 2952 3226 ἐμὸν
2995 3157 3273 3227 μελέτημα
3325 3158 3421 3210 καὶ
3469 3154 3829 3224 καλλώπισμα·

628 3256 715 3295 res
743 3252 935 3294 nostrte
970 3251 1113 3296 sunt.
1155 3239 1278 3295 Vale
1297 3284 1311 3306 ,
1353 3241 1587 3296 Trinitas
1616 3284 1631 3309 ,
1672 3245 1947 3299 meditatio
1976 3259 2111 3310 mea,
2135 3254 2189 3299 et

627 3330 791 3384 decus
856 3345 1049 3383 meum.
1103 3329 1198 3384 IIis
1249 3332 1406 3385 velim
1458 3333 1726 3396 serveris,
1767 3333 1947 3387 ethos
1984 3349 2184 3399 serves,

630 3436 805 3475 meum
839 3423 979 3476 hunc
1010 3422 1258 3492 populum
1291 3422 1465 3493 (meus
1503 3423 1645 3477 enim
1679 3433 1789 3489 est,
1822 3425 1980 3478 etiam
2020 3425 2063 3479 si
2091 3425 2189 3478 ali--

630 3522 712 3566 ter
739 3512 1145 3581 gubernemur);
1203 3524 1362 3582 atque
1411 3514 1621 3567 audiam
1676 3523 1726 3568 te
1774 3515 2045 3583 quotidie,
2076 3524 2186 3568 tum

628 3616 897 3666 sermone,
938 3612 1047 3654 tum
1072 3603 1177 3656 vita
1211 3613 1264 3658 et
1294 3605 1529 3658 moribus
1559 3606 1779 3675 augeri,
1805 3616 1858 3659 et
1889 3608 1938 3659 in
1964 3607 2187 3661 sublime

629 3696 815 3750 attolli.
850 3695 1052 3761 Filioli,
1084 3697 1403 3765 depositum,
1431 3713 1609 3764 quaeso
1630 3739 1644 3759 ,
1679 3699 1936 3753 custodite
1956 3700 2037 3754 8"'z
2079 3716 2189 3752 me—

629 3802 807 3842 mores
844 3797 1013 3840 estote
1052 3787 1432 3857 lapidationum
1477 3804 1713 3842 mearum
1743 3790 1807 3841 ⁸⁸.
1851 3788 2034 3844 Gratia
2076 3790 2183 3843 Do-

630 3877 760 3931 mini
785 3878 950 3931 nostri
979 3876 1101 3933 Jesu
1128 3879 1326 3933 Christi
1344 3881 1546 3934 sitcum
1583 3882 1829 3937 omnibus
1861 3882 2023 3936 vobis.
2065 3885 2256 3939 Amen.

685 4030 732 4063 ⁶²
767 4033 922 4086 Rom.
957 4050 1010 4097 ι,
1041 4035 1094 4087 2.
1170 4036 1247 4091 ⁸³1
1276 4036 1414 4089 Tim.
1447 4053 1519 4101 vr,
1545 4036 1634 4091 20.
1709 4036 1967 4093 “Coloss.
2002 4054 2071 4104 tv,
2110 4038 2192 4092 18.

633 4196 1058 4269 καὶᾼλφιλὸξενοι,
1102 4217 1120 4250 ‹
1145 4198 1330 4269 domus
1360 4213 1647 4269 pauperum
1683 4208 1737 4251 et
1763 4198 2066 4269 hospitales.
2098 4220 2115 4252 ι

802 4267 1151 4339 Συνδρομαί.
1181 4267 1319 4339 Reg.
1341 4269 1447 4331 lnn,
1468 4266 1784 4339 Vcovapopof.

704 4337 778 4406 (9)
819 4338 1127 4406 Γραερίδες.
1168 4358 1185 4389 (
1212 4338 1364 4407 Styli,
1403 4337 1645 4408 graphia,
1679 4337 1695 4390 ὦ
1739 4354 1841 4392 non
1884 4358 1902 4391 ι
1927 4340 2140 4405 calami,
2169 4361 2185 4391 ι

632 4417 692 4477 ut
725 4408 878 4461 vertit
910 4409 1050 4473 Bill.,
1089 4410 1178 4477 qui
1225 4408 1369 4461 hisce
1399 4410 1725 4476 temporibus
1774 4412 2005 4463 nondum
2036 4421 2192 4464 erant

632 4476 686 4530 in
722 4493 858 4601 thyi);
895 4481 987 4532 sed
1016 4480 1067 4532 in
1099 4476 1270 4532 cereis
1324 4478 1516 4533 tabulis
1568 4481 1691 4549 styli
1742 4481 1825 4533 vel
1854 4481 2060 4551 graphii
2090 4497 2190 4550 ope

632 4561 733 4601 BCI‘I
775 4563 803 4600 e
844 4557 952 4600 σηι.

631 4557 952 4601 scribebant.

2291 3246 2382 3297 καὶ
2414 3244 2602 3309 σώζοιο
2633 3246 2826 3310 τοῖσδε,
2855 3249 2948 3300 καὶ
2987 3247 3177 3312 σώζοις
3206 3248 3423 3313 τούσδε,
3461 3249 3554 3301 τὸν
3587 3248 3705 3318 ἐμὸν
3728 3246 3830 3298 λαὸν

2291 3335 2440 3406 (ἐμὸς
2473 3335 2600 3407 γὰρ,
2632 3336 2734 3389 κᾶν
2760 3337 3549 3410 ἄλλως(18)οίκονομώμεθα)·
3589 3334 3828 3403 καὶάγγέ-

2290 3429 2398 3481 λοιό
2423 3429 2533 3500 (19)
2582 3446 2669 3499 μοι
2711 3429 3001 3493 διαπαντὸς
3048 3430 3363 3501 ὑψουμένη,
3416 3432 3512 3484 καὶ
3544 3429 3834 3498 αὐξουμὲνη,

2292 3522 2385 3572 κα).
2423 3520 2585 3589 λόγῳ,
2624 3521 2717 3573 καὶ
2748 3521 3006 3592 πολιτείᾳ.
3038 3523 3254 3587 Τεκνία,
3287 3522 3623 3591 φυλάσσοι-σέ
3652 3538 3730 3592 μοι
3758 3518 3836 3587 τὴν

2294 3612 2787 3684 παρακαταθήκηψ
2830 3612 3105 3683 μέμνησθέ
3158 3631 3257 3684 μου
3319 3594 3432 3667 τῶν
3474 3611 3759 3683 λιθασμῶν.
3788 3609 3838 3659 Ἦ

2294 3705 2452 3776 χάρις
2479 3706 2571 3757 τοῦ
2616 3705 2821 3775 Κυρίου
2862 3705 3016 3775 ἡμῶν
3057 3705 3227 3777 Ἰησοῦ
3274 3706 3522 3777 Χριστοῦ
3566 3703 3696 3776 μετᾶ
3727 3700 3833 3753 πᾶν·

2292 3812 2397 3846 των
2436 3795 2606 3862 ὑμῶν.
2640 3796 2825 3865 Ἀμήν.

2370 4197 2481 4264 (15)
2518 4198 2681 4250 Θεόν.
2708 4195 2873 4267 Regg.
2905 4198 2991 4251 bm
3021 4205 3073 4249 et
3100 4197 3190 4267 ph,
3215 4195 3304 4249 τὸν
3336 4196 3501 4267 Θεόν.

2370 4267 2480 4333 (16)
2520 4267 2708 4335 Ὑμᾶς.
2748 4264 2860 4337 ᾼδίῖῗ
2887 4268 3063 4337 plures
3097 4266 3283 4337 Regg.,
3315 4266 3488 4321 Coisl.
3522 4266 3559 4320 2
3607 4275 3659 4319 et
3687 4265 3773 4320 Or.
3799 4264 3844 4337 Ξ,

2295 4334 2351 4389 In
2385 4339 2495 4399 ed.,
2534 4334 2699 4407 ἡμᾶς.
2746 4334 2978 4407 Videtur
3017 4336 3101 4389 hic
3157 4335 3462 4403 Gregorius
3509 4338 3739 4391 alludere
3794 4335 3850 4386 ad

2295 4407 2526 4460 schisma
2558 4405 2912 4460 'Antiocltena‘.
2939 4405 3210 4469 Ecclesize,
3250 4407 3456 4460 Meletii
3502 4416 3675 4459 morte
3710 4420 3851 4457 reno-

2296 4484 2497 4530 vatum.
2533 4477 2661 4530 Vide
2694 4475 2947 4529 Monitum
2984 4492 3039 4529 ιι.
3077 4477 3122 4529 1.
3178 4477 3390 4535 Idcirco
3422 4477 3503 4530 ait
3550 4474 3852 4542 'I‘beologtls.

2304 4564 2321 4596 ι
2346 4546 2618 4601 Orientem
2647 4556 2701 4600 et
2724 4545 3064 4600 Occidentem
3123 4556 3344 4614 pacatos
3380 4546 3520 4608 fore.
3550 4550 3595 4599 si
3632 4542 3853 4598 nonnulli

706 4617 814 4686 (I0)
840 4615 1468 4687 "Amo-tor._Eunucbos
1492 4613 1773 4683 signiﬁcat,
1801 4615 1888 4687 qui
1914 4632 2105 4687 magna
2125 4635 2191 4675 ex
2224 4616 2268 4670 Ι)
2298 4617 2648 4687 secessionem
2706 4631 2855 4687 suam
2916 4613 3311 4687 imitarenturg
3362 4615 3572 4687 Magna
3613 4614 3853 4683 siquidem

634 4685 1008 4752 parte’Ariano
1055 4695 1107 4739 et
1139 4685 1515 4740 Macedoniano
1566 4700 1750 4739 errore
1798 4685 2187 4744 infeCtierant.

640 4754 1106 4826 Un‘degsubjungit,
1133 4754 1225 4826 ῥξὺ
1254 4755 1504 4825 βοήσατε,
1546 4770 1564 4804 ι
1590 4764 1744 4807 acute
1769 4755 2018 4811 clamate.
2046 4777 2065 4809 ι

705 4822 815 4961 (11)
856 4822 1113 4891 Ῥήτοξοα.
1150 4822 1399 4893 Intelligit
1423 4834 1863 4891 propugnatorem
1903 4830 2123 4883 erroris.

733 4891 1250 4960 12)Ilartd:za0'tr.
1301 4894 1458 4947 Deest
1513 4892 1564 4946 in
1612 4894 1901 4951 nonnullis.
1954 4895 2011 4952 In
2056 4899 2119 4953 ali

733 4891 1250 4965 12)ζ1αντάπασιν.
1301 4891 1458 4947 Deest
1513 4892 1564 4946 in
1612 4894 1901 4951 nonnullis.
1954 4895 2011 4952 In
2056 4899 2192 4965 aliis,

633 4961 928 5026 παντελῶς.

697 5031 819 5171 (15)
851 5031 995 5101 Γάρ.
1032 5030 1165 5102 Reg.
1188 5032 1259 5101 ph
1290 5032 1458 5097 addit,
1492 5031 1584 5086 καί

731 5099 815 5171 14)
846 5101 1043 5171 Ζῆλος
1109 5120 1129 5155 ι
1149 5101 1340 5158 Zelus»
1373 5102 1584 5157 nimirm

731 5099 815 5172 M)
846 5099 1043 5172 Ζῆλος
1109 5099 1135 5155 ἱ
1149 5099 1340 5158 zelus»
1373 5102 1622 5158 nimirum
1642 5103 1862 5175 injurias
1884 5107 2189 5167 ulciscendi.

2299 4684 2401 4738 fuit
2428 4688 2566 4739 inter
2616 4686 2869 4755 prmsules
2916 4686 2981 4737 de
3035 4684 3189 4753 hujus
3242 4684 3512 4740 Ecclesiae
3567 4687 3855 4752 episcopatu

2298 4757 2599 4826 contentio;
2661 4771 2723 4809 ac
2773 4756 3008 4826 demum,
3064 4765 3207 4826 post_
3239 4755 3500 4826 Gregorii
3546 4758 3852 4826 discessum.

2299 4825 2507 4879 concilii
2561 4825 2743 4878 Patres
2798 4821 3107 4878 Flavianum
3161 4821 3383 4880 Meletii'
3420 4826 3545 4881 loco
3597 4826 3651 4880 in
3688 4821 3857 4877 Antio-

2298 4894 2464 4950 chena
2491 4896 2616 4949 sede
2637 4894 2983 4948 collocarunt.

2370 4965 2483 5034 (17)
2522 4964 2678 5017 Πᾶσί
2712 4981 2801 5034 τε,
2827 4964 2983 5018 Deest
3011 4981 3068 5017 τε
3101 4964 3150 5017 in
3173 4965 3304 5034 Reg.
3334 4966 3412 5034 ph
3441 4976 3497 5023 et
3522 4966 3620 5023 0r.
3639 4965 3692 5019 2.

2390 5033 2477 5103 18)
2510 5036 2763 5099 Ἄλλως.
2791 5033 2920 5103 Reg.
2954 5036 3060 5097 bm,
3090 5034 3264 5097 ἄλλος.

2390 5038 2455 5089 18
2510 5038 2763 5099 Ἄλλως.
2791 5038 2920 5103 Reg.
2954 5038 3060 5097 bm,
3090 5038 3264 5097 ἄλλος.

2364 5038 2479 5176 119)
2535 5104 2851 5174 Ἀγγέλοιο.
2887 5105 3015 5176 Reg.
3053 5106 3164 5171 bm,
3192 5104 3509 5173 ἀγγέλλοις.
