4050 6298
271 329 376 384 495
1083 329 1222 384 ῡῆᾹ
1238 323 1340 383 ῙῚΟ
1377 329 1557 383 XLIII.
1601 359 1667 368 —
1701 329 1784 392 IN,
1815 327 1832 380 1

1935 327 2096 382 IDEM
2137 327 2378 382 BASILII
2419 327 2653 383 MAGNI.
3387 327 3492 386 494

963 479 3214 508 m

275 481 1148 512 Μ

771 631 933 702 ⁷69
998 645 1567 740 MONITUM
1651 645 1774 732 IN
1850 641 2557 734 OBATIONEM
2651 646 3010 734 XLIII.

342 972 393 1033 Ι.
443 971 717 1052 Basilius
750 973 1040 1052 Magnus,
1074 973 1254 1050 cuius
1292 974 1556 1052 virtutes
1593 991 1662 1034 ac
1695 974 1965 1048 pretiosa
2012 990 2182 1034 mors
2216 974 2278 1032 in
2316 972 2429 1052 hac
2458 973 2708 1033 funebri
2745 973 3031 1052 oratione
3067 974 3492 1050 celebrantur,

251 1052 412 1127 jam,
438 1051 620 1130 juxta
661 1051 1145 1125 probabiliorem
1177 1051 1590 1123 sententiam,
1619 1052 1919 1112 Caesareae
1965 1051 2547 1130 obierat'Kalendis
2581 1051 2859 1111 Januarii
2895 1053 3042 1112 anni
3079 1054 3217 1113 379.
3246 1056 3492 1117 Interea

260 1130 612 1208 Gregorius
664 1130 1302 1208 Constantinopolim,
1357 1138 1427 1190 ut
1480 1130 1860 1208 periclitanti
1903 1131 2044 1190 ﬁdei
2105 1130 2626 1206 patrocinaretur,
2688 1131 2946 1200 accitus,
3005 1138 3152 1192 tunc
3202 1134 3487 1193 debitum

258 1208 618 1288 pietatiset
646 1208 941 1288 amicitias
968 1209 1280 1288 tributum
1317 1217 1440 1288 tam
1479 1211 1672 1288 charo
1711 1209 1896 1286 capiti
1933 1209 2466 1288 miniimeisolvere
2504 1212 2731 1285 potuit.
2766 1210 3076 1288 Ut_autem
3114 1211 3378 1279 primum
3416 1231 3491 1273 ex

264 1288 422 1348 urbe
453 1285 1003 1362 constantinoyioli
1039 1285 1408 1349 discedendi
1454 1285 1794 1350 licentiam
1832 1287 2132 1354 obtinuit,
2196 1285 2577 1347 Nazianzum
2635 1285 2994 1350 revertitur.
3052 1289 3234 1348 «Non
3290 1292 3493 1352 multo

261 1374 428 1442 post,
463 1387 492 1419 ιι
533 1373 604 1424 ut
649 1363 886 1441 optime
931 1365 1226 1425 observat
1257 1363 1666 1426 doctissimus
1715 1365 2163 1426 Tillemontius
2217 1366 2362 1441 [20],
2419 1388 2445 1419 α
2475 1367 2816 1442 Caesaream
2857 1365 3052 1438 venit,
3083 1389 3110 1421 π
3170 1375 3235 1426 ut
3286 1386 3495 1429 sacros

261 1439 450 1504 amici
488 1439 737 1504 cineres
783 1442 919 1504 suis
957 1443 1247 1520 irrigaret
1287 1443 1608 1523 lacrymis,
1650 1460 1720 1504 ac
1771 1442 2020 1522 publice
2059 1439 2260 1521 ipsius
2299 1439 2516 1506 laudes
2567 1439 2763 1506 ﬂebili
2808 1443 3094 1506 oratione
3150 1463 3493 1526 proseque-

258 1531 456 1583 retur.

345 1601 437 1683 ll.
471 1599 792 1662 «lllustris
839 1607 954 1672 est,
1011 1600 1466 1683 inquit_Billius
1517 1602 1664 1683 [21],
1736 1601 1864 1660 hac
1900 1601 2101 1661 oratio
2128 1645 2150 1683 ,_
2181 1617 2252 1683 ac
2302 1599 2794 1683 princepsinter
2817 1621 2935 1683 eas
2967 1621 3104 1683 quae
3137 1603 3200 1664 in
3230 1603 3494 1665 demon-

259 1680 528 1741 strativo
560 1696 791 1756 genere
823 1687 1182 1740 versantur.
1215 1680 1285 1740 ln
1321 1698 1391 1741 ea
1426 1682 1621 1750 enim,
1674 1687 1965 1756 tanquam
2021 1678 2247 1756 optimi
2296 1679 2563 1740 artifices
2611 1681 2670 1738 in
2726 1678 3144 1757 pulcherrima
3206 1683 3491 1753 materia,

259 1775 488 1820 omnes
519 1757 766 1834 ingenii
799 1766 860 1818 et
885 1759 1218 1820 industria:
1243 1759 1406 1820 vires
1427 1759 1732 1819 effudisse
1767 1757 2034 1828 videtur,
2067 1757 2600 1835 perspicuumque
2627 1759 2925 1822 omnibus
2948 1761 3152 1821 facere
3181 1761 3486 1830 voluisse,

257 1845 534 1914 quantas
569 1854 784 1898 secum
820 1853 972 1913 opes
1001 1853 1079 1897 ex
1109 1836 1379 1914 Egypto
1429 1837 1504 1895 ad
1547 1845 1775 1898 terram
1812 1844 2085 1896 sanctam
2121 1835 2538 1912 deportasset.
2577 1861 2603 1890 »
2664 1838 2841 1898 Hanc
2894 1839 3315 1900 eruditissimi
3367 1839 3487 1898 viri

258 1916 636 1992 opinionem
672 1915 889 1975 libenti
943 1915 1154 1975 animo
1187 1914 1650 1992 amplectimur.
1689 1915 1965 1984 Etenim,
2017 1930 2279 1992 quoquo
2321 1915 2506 1975 modo
2539 1915 2919 1992 inspiciatur
2953 1918 3084 1978 haec
3111 1919 3342 1990 oratio,
3374 1935 3492 1979 caa-

260 1994 424 2055 teris
453 1994 821 2055 nullatenus
858 1992 1122 2054 inferior
1149 1995 1522 2073 reperietur.
1586 1995 1658 2054 In
1707 2010 1776 2053 ea
1824 1993 2072 2073 quippe
2121 1993 2336 2073 Basilii
2387 1994 2603 2073 vitam,
2659 1995 2954 2055 historica
3016 1997 3312 2073 quidem,
3379 1997 3491 2057 sed

257 2073 673 2153 ornatissima
713 2073 876 2132 serie
910 2073 1231 2153 percurrit,
1265 2071 1649 2153 'l‘heologus.
1680 2071 2139 2153 Undequaque
2173 2070 2416 2131 nativos
2459 2071 2710 2146 pietatis
2761 2082 2822 2132 et
2857 2070 3256 2153 eloquentiae
3303 2075 3491 2136 ﬂores

254 2147 337 2210 ita
408 2152 670 2230 profuse
731 2147 989 2230 spargit,
1053 2157 1121 2212 ut
1181 2149 1396 2220 simul,
1455 2147 2122 2212 et'amici-tumulu'm
2173 2164 2506 2225 exornare,
2548 2157 2607 2210 et
2645 2147 3087 2213 remotissima;
3138 2153 3490 2230 posteritati

255 2229 481 2291 Basilii
518 2229 1157 2292 nomen’consecrare
1191 2230 1501 2290 videatur.

334 2309 452 2371 ΙΙΙ.
511 2309 845 2379 Caeterum,
902 2306 1078 2369 nullo
1111 2307 1298 2370 modo
1329 2307 1683 2384 culpandus
1719 2307 2065 2382 Gregorius
2093 2353 2108 2381 ,
2148 2306 2198 2366 si
2240 2306 2542 2384 quasdam
2581 2306 2728 2368 huic
2761 2308 3086 2369 charitatis
3121 2309 3327 2370 officio
3362 2325 3492 2369 mo-

258 2405 358 2469 ras
423 2390 729 2460 attulerit,
810 2403 974 2469 cum,
1047 2395 1141 2469 ut
1179 2387 1313 2464 ipse
1366 2383 1646 2469 loquitur
1709 2388 1796 2469 (η.
1850 2383 1959 2469 2),_
2018 2408 2047 2440 ι(
2109 2383 2809 2469 pulchre_coacti,_nec
2878 2387 3175 2469 sine_D_ei
3229 2387 3494 2469 numine

255 2464 473 2526 forsan
510 2482 770 2544 peregre
805 2463 1091 2542 profecti,
1125 2463 1388 2526 in’verte
1413 2463 1727 2544 dectrinae'
1745 2464 2160 2544 periclitantis
2196 2463 2450 2544 negotio
2485 2464 2741 2524 interim
2777 2467 3060 2541 οοουρειιί
3097 2466 3429 2525 fuerimus.
3464 2488 3491 2519 ιι

255 2544 461 2616 Quam
498 2541 978 2606 excusatiOnem
1012 2543 1267 2621 ipsimet
1298 2543 1530 2604 Basilio
1565 2544 1628 2602 in
1662 2543 1832 2603 cmlis
1862 2541 2251 2622 probandam
2303 2541 2425 2622 sibi
2480 2544 2851 2619 pollicetur;
2903 2546 3141 2622 quippe
3171 2545 3308 2622 qui,
3334 2559 3492 2622 cum

259 2622 421 2683 nihil
485 2645 514 2681 α
550 2624 675 2684 nisi
728 2623 1079 2694 veritatem,
1130 2622 1252 2682 nisi
1305 2622 1640 2682 salutarem
1675 2621 2026 2681 doctrinam
2059 2621 2430 2697 fspiraverit,
2463 2642 2492 2674 ι)
2538 2638 2672 2681 eam
2727 2621 3204 2698 periclitantem
3238 2621 3493 2684 defendi

259 2704 480 2778 potius
516 2703 712 2776 malit,
765 2719 954 2778 quam
998 2719 1067 2762 se
1105 2699 1356 2761 funebri
1393 2701 1681 2778 oratione
1717 2700 1794 2759 ab
1850 2702 2048 2778 amico
2083 2698 2410 2778 celebrari.
2473 2700 2639 2760 Hinc
2687 2717 2813 2759 non
2857 2701 3175 2761 immerito
3235 2705 3496 2778 censent

259 2777 522 2852 eruditi,
590 2781 752 2842 hanc
787 2777 1160 2841 orationem
1201 2779 1427 2839 dictam
1466 2777 1666 2839 fuisse
1723 2777 1868 2854 post
1909 2779 2112 2854 ipsius
2139 2785 2187 2836 ‘e
2223 2777 2914 2851 ConstantinOpolitana
2960 2780 3110 2840 sede
3145 2777 3493 2840 abdicatio-

259 2874 433 2932 nem,
492 2861 558 2918 in
631 2857 1042 2922 celeberrima
1097 2857 1509 2920 Caesariensis
1568 2856 1853 2919 ecclesia)
1911 2856 2265 2929 concione,
2329 2873 2545 2916 mense
2599 2861 2887 2933 Augusto
2969 2857 3061 2918 vel
3141 2855 3494 2934 Septembri

258 2938 408 2998 anni
450 2939 591 3000 381.

328 3035 548 3113 (eam.
579 3036 677 3108 1.x,
707 3055 761 3110 p.
792 3040 914 3095 5n.

2008 3035 2116 3105 (21)
2146 3037 2266 3103 Arg.
2300 3035 2453 3104 hujus
2477 3034 2570 3088 0r.

271 3159 3468 3187 MM

766 3320 1128 3452 ΛΟΓΟΣ
1166 3312 1377 3406 Ml".

2362 3271 2773 3397 ORATIO
2805 3321 3120 3397 XLIII".

255 3505 366 3568 Εις
391 3501 498 3555 τὸν
528 3501 721 3570 μέγαν
746 3500 857 3568 (‘22)
882 3501 1222 3562 Βασίλειον,
1250 3499 1583 3570 ἐπίσκοπον
1617 3502 1832 3552 Καισα-

1937 3497 2097 3566 77ο
2128 3495 2381 3549 Funebria
2421 3498 2589 3570 oratio
2625 3497 2677 3549 in
2717 3497 2922 3570 laudem
2962 3497 3144 3570 Basilii
3167 3498 3346 3568 Magni
3375 3499 3494 3556 στε-

538 3569 707 3640 ρείας
733 3571 1180 3636 Καππαδοκίας,
1212 3569 1540 3637 ἐπιτάφιος.

327 3708 409 3761 A'.
444 3705 712 3776 Ἐμελλεν
737 3706 844 3777 ἄρα
874 3704 1006 3776 (2'5),
1042 3702 1240 3765 πολλὰς
1263 3703 1390 3772 ἡμῖν
1420 3701 1702 3764 ὑποθέσεις
1725 3699 1830 3752 τῶν

256 3801 431 3868 λόγων
455 3800 540 3852 ἀεὶ
557 3796 829 3867 προτιθεὶς
858 3797 968 3867 (24)
1000 3799 1027 3849 ὀ
1076 3796 1248 3865 μέγας
1276 3793 1551 3856 Βασίλειος
1585 3794 1699 3863 (καὶ
1727 3793 1831 3862 γὰρ

259 3893 626 3963 ἐφιλοτιμεῖτο
653 3892 763 3950 τοῖς
802 3891 953 3958 ὲμοῖς
993 3887 1189 3954 λόγοις,
1215 3886 1289 3948 ὡς
1320 3885 1471 3937 οὔπω
1500 3886 1610 3946 τοῖς
1641 3882 1830 3935 ἑαυτοῦ

259 3983 364 4035 τῶν
396 3981 616 4034 πάντων
644 3977 860 4046 οὐδεὶς),
895 3977 1086 4028 ἑαυτὸν
1113 3975 1206 4029 νῦν
1231 3977 1361 4045 ἡμῖν
1391 3975 1500 4043 (9.5)
1521 3972 1828 4044 προθήσειν,

259 4072 520 4125 ὑπόθεσιν
577 4069 800 4137 ἀγώνων
865 4067 1124 4137 μεγίστην
1161 4069 1270 4128 τοῖς
1323 4067 1450 4135 περὶ
1499 4064 1687 4132 λόγους
1722 4063 1831 4131 (:26)

261 4164 672 4218 ἐσπουδακόσιν.
721 4158 887 4232 υἷμαι
917 4160 1044 4232 γὰρ,
1084 4160 1135 4211 εἴ
1154 4176 1236 4221 τις
1273 4159 1371 4228 τῆς
1407 4159 1463 4209 ἐν
1483 4157 1658 4223 λόγοις
1682 4155 1834 4206 δυνά-

265 4273 408 4326 μεως
445 4256 643 4323 πεῖραν
677 4251 1016 4321 ποιούμενος,
1051 4248 1240 4300 ἔπειτα.
1268 4247 1400 4317 πρὸς
1429 4249 1624 4316 μέτρον
1655 4249 1833 4316 κρῖναι

261 4347 464 4416 ταύτην
492 4343 755 4414 θελήσειε,
791 4342 918 4412 μίαν
946 4343 1010 4394 ὲκ
1039 4339 1225 4393 πασῶν
1251 4339 1500 4391 ὑπόθεσιν
1531 4337 1834 4408 προστησά-

269 4455 447 4508 μενος,
478 4434 728 4506 καθάπερ
758 4436 807 4487 οἱ
846 4431 1124 4504 ζωγράφοι
1151 4432 1275 4493 τοὺς
1313 4429 1650 4501 ἀρχετύπους
1676 4427 1833 4481 πίνα-

259 4548 383 4614 Ξες,
417 4528 624 4599 ταύτην
653 4527 718 4581 ἂν
759 4526 968 4596 ὑφελὼν
1001 4525 1196 4596 μόνην,
1238 4524 1312 4587 ὡς
1341 4524 1498 4590 λόγου
1535 4512 1833 4593 κρὲἶῗτονα,

265 4623 369 4675 τῶν
403 4622 581 4674 ἄλλων
617 4620 828 4672 ἑλέσθαι
879 4619 978 4690 τὴν
1026 4617 1268 4686 πρώτην.
1320 4615 1581 4668 Τοσοῦτον
1617 4614 1774 4685 ἔργον
1803 4615 1834 4682 ὴ

265 4715 355 4768 τοῦ
383 4714 580 4792 ἀνδρρς
613 4713 878 4784 sema,
924 4711 997 4782 μὴ
1025 4713 1105 4764 ὅτι
1131 4727 1194 4777 γε
1239 4710 1370 4779 ἡμῖν
1408 4710 1516 4770 τοῖς
1544 4707 1707 4760 πάλαι
1732 4707 1836 4758 πᾶν

2277 3583 2438 3619 sarcir:
2464 3567 2515 3619 in
2546 3566 3110 3636 tiappadociarepiscopi
3131 3581 3179 3622 α.

2003 3699 2042 3754 I.
2071 3699 2180 3755 l-Ioc
2229 3701 2466 3768 profecto
2521 3709 2820 3769 supererat,
2860 3713 2934 3765 ut,
2977 3719 3096 3757 cum
3133 3721 3356 3776 magnus
3407 3707 3494 3762 ille

1936 3792 2161 3846 Basilius
2204 3793 2366 3846 multa
2420 3793 2574 3846 nobis
2618 3795 2924 3846 orationum
2961 3805 3270 3862 argumenta
3296 3813 3493 3866 propo-

1933 3885 2129 3938 suisset
2174 3885 2272 3952 (sic
2303 3886 2444 3938 enim
2486 3885 2618 3940 meis
2670 3887 3004 3941 orationibus
3043 3888 3391 3957 gloriabatur,
3439 3900 3496 3944 ut

1933 3991 2090 4030 neruo
2119 3993 2349 4046 unquam
2372 3979 2610 4031 omnium
2648 3980 2872 4047 perinde
2899 3981 3054 4050 suis),
3085 3983 3318 4050 seipsum
3356 3998 3494 4036 nth

1936 4069 2088 4122 nobis
2116 4079 2462 4137 preponeret,
2493 4080 2862 4139 argumentum
2886 4074 3236 4126 certaminum
3254 4075 3492 4129 omnium

1936 4159 2248 4220 maxin'unn,
2290 4159 2374 4220 iis,
2421 4159 2509 4228 qui
2539 4159 2732 4213 litteris
2793 4169 2847 4214 et
2901 4161 3219 4229 eloquentiae
3276 4179 3494 4230 operam

1937 4250 2212 4304 dederunt.
2269 4247 2398 4300 Nam
2447 4251 2716 4315 existimo,
2751 4252 2793 4304 si
2831 4253 2950 4319 quis
2994 4268 3144 4304 suam
3189 4254 3239 4305 in
3269 4253 3495 4308 dicendo

1937 4340 2245 4394 facultatem
2275 4343 2531 4408 experiri,
2586 4358 2813 4410 eamque
2867 4353 3050 4410 postea
3092 4343 3234 4397 velut
3267 4345 3332 4396 ad
3368 4359 3494 4396 nor-

1936 4447 2077 4484 mam
2137 4432 2351 4500 exigere
2395 4431 2573 4493 VeIIel,
2613 4433 2887 4484 materiam
2947 4449 3106 4485 unam
3151 4449 3215 4486 ex
3246 4435 3496 4487 omnibus

1937 4520 2034 4574 sibi
2064 4535 2386 4588 propoaens,
2411 4522 2860 4588 quemadmodum
2886 4521 3114 4590 pictores
3135 4537 3229 4575 eas
3263 4523 3494 4587 tabulas,

1936 4628 1999 4665 ex
2035 4613 2227 4680 quibus
2255 4613 2493 4682 exempla
2535 4625 2738 4681 petunt,
2777 4629 2920 4678 eum,
2968 4619 3064 4668 hac
3087 4616 3195 4668 sola
3227 4618 3495 4681 submota,

1937 4704 2395 4757 velutoratoriam
2435 4720 2646 4758 onmem
2675 4706 2778 4757 vim
2824 4718 3133 4775 superante,
3175 4719 3495 4763 cacterarum

266 4805 323 4858 τὸ
351 4793 631 4876 φιλότιμον
665 4803 1051 4857 καταλύσασιν·
1095 4799 1234 4854 ἀλλὰ
1261 4799 1356 4852 καὶ
1381 4793 1461 4861 οἷς
1497 4797 1607 4868 βίος
1639 4796 1781 4848 ἐστὶν
1809 4797 1832 4847 ὁ

1939 4797 2164 4864 primam
2211 4811 2479 4864 quamque
2521 4795 2872 4850 delectarum.
2918 4797 3049 4850 Tam
3094 4799 3316 4852 arduum
3362 4815 3497 4868 cpns

266 4897 440 4966 λόγος,
483 4897 540 4948 ἓν
574 4896 730 4950 τοῦτο
779 4893 1134 4948 ἐσπουδακόσι
1165 4891 1257 4944 καὶ
1303 4889 1478 4958 μόνον,
1514 4891 1632 4950 ταῖς
1651 4887 1825 4939 τοιαύ-

265 5005 383 5052 ταις
413 4989 526 5058 (27)
587 4989 952 5058 ἐνευδοκιμεῖν
1006 4983 1342 5038 ὑποθέσεσιν.
1385 4982 1532 5051 Ἔχω
1568 4981 1663 5049 μὲν
1697 4977 1836 5030 οὕτω

1940 4899 2020 4942 est
2045 4889 2201 4957 hujus
2228 4888 2326 4942 viri
2376 4889 2700 4949 encomium,
2725 4905 2829 4942 non
2873 4890 3025 4943 nobis
3043 4891 3233 4955 solum,
3269 4892 3356 4960 qni
3383 4891 3493 4959 jam

1942 4977 2066 5031 olim
2128 4993 2284 5033 omne
2341 4979 2523 5048 gloria:
2581 4980 2814 5034 studium
2872 4981 3252 5049 deposuimus;
3305 4998 3494 5036 verum

362 5117 388 5146 ι
441 5103 590 5157 Alias
607 5103 700 5157 20.
749 5103 879 5168 Qua:
935 5109 1112 5154 autem
1144 5099 1214 5153 45
1260 5107 1396 5160 erat,
1430 5111 1570 5151 nunc
1602 5094 1693 5148 44.
1729 5124 1797 5133 —-

1935 5097 2028 5150 )ita
2097 5095 2354 5151 Caesareae
2401 5098 2544 5151 circa
2601 5111 2838 5151 mensem
2892 5096 3188 5164 Augustum
3274 5095 3358 5149 vel
3407 5097 3500 5150 Seu

265 5189 284 5208 '
303 5170 713 5243 témbremﬁnni
743 5173 868 5227 58f.

335 5271 445 5342 (22)
476 5273 582 5335 Εἰς
601 5269 708 5345 τὸν
735 5270 948 5345 parur,
973 5278 1079 5324 etc.
1134 5268 1224 5345 Sic
1273 5266 1452 5345 plures
1495 5262 1732 5345 codices.
1771 5278 1828 5345 in

264 5335 607 5412 quibusdam,
633 5343 712 5412 εἰς
735 5335 832 5393 τὸν
859 5341 1035 5409 ἅγιον,
1063 5339 1252 5412 etc._ln
1281 5337 1418 5400 aliis,
1461 5335 1601 5389 sicut
1632 5335 1685 5386 in
1717 5335 1832 5387 edi-

268 5409 352 5474 tis,
383 5415 575 5464 desunt
604 5411 692 5463 τὸν
725 5412 918 5481 μέγαν,
939 5420 1016 5481 et,
1041 5409 1132 5461 τὸν
1164 5409 1339 5480 ἅγιον.

339 5471 453 5552 (ἓῦ)
488 5471 775 5552 Ἐμελλεν
804 5471 940 5548 δρα.
977 5478 1052 5552 lita
1093 5471 1310 5547 prorsus
1338 5472 1684 5552 Lueianttsjn
1705 5471 1838 5552 |p_hi-

265 5543 474 5614 Iosbpl'ii
514 5543 856 5604 Demonactis
892 5543 1106 5604 laudem
1135 5563 1358 5602 exorsus
1395 5564 1407 5598 :
1437 5543 1696 5614 Ἐμελλεν
1731 5543 1837 5614 ἄρα.

272 5613 405 5692 μηδὲ
437 5623 466 5673 ὁ
499 5619 618 5672 καθ’
643 5623 789 5690 ἡμᾶς
823 5619 954 5689 βίος,
993 5631 1112 5692 etc.
1163 5618 1317 5692 Unde
1358 5613 1614 5692 Muret-us,
1651 5613 1835 5680 penul-

272 5683 399 5744 iimo
439 5683 708 5744 variarum
744 5683 1030 5745 lectionum
1062 5689 1219 5749 libro,
1272 5687 1346 5740 ait
1394 5704 1408 5740 :
1475 5704 1493 5735 ι
1519 5683 1764 5737 Fortasse
1793 5697 1822 5736 a

269 5773 400 5815 vero
430 5775 536 5815 non
588 5760 740 5830 longe
771 5762 1115 5834 aberraturus
1158 5759 1251 5822 sit,
1299 5755 1492 5824 siquis
1539 5753 1844 5810 sanctissim

1931 5275 2074 5314 mum
2108 5259 2462 5326 enmdemque
2491 5255 2986 5326 eloquentissimtim
3020 5252 3192 5326 virum
3217 5265 3245 5302 a
3288 5265 3498 5326 summe

1930 5331 2112 5398 impio,
2145 5331 2236 5383 sed
2271 5321 2412 5382 culto
2459 5321 2638 5382 tamen
2676 5343 2739 5380 ac
2791 5324 2956 5396 polito
2990 5321 3254 5390 scriptore
3296 5321 3495 5388 aliquid

1938 5400 2228 5468 sumpsisse
2258 5403 2460 5452 credat.
2491 5417 2510 5450 ›

2003 5460 2112 5540 (git)
2148 5469 2466 5540 Προτιθείς.
2513 5467 2674 5540 negg.
2701 5481 2752 5531 a,
2789 5480 2841 5528 ο,
2872 5460 3188 5540 $39095“?-
3253 5527 3292 5540 _
3397 5528 3450 5540 μ.

2006 5527 2117 5621 ζὶξὶἰ
2145 5527 2328 5596 Ἡμῖν.
2375 5527 2463 5592 sic
2516 5527 2679 5607 ιιεξξ.
2705 5527 2756 5603 a,
2793 5527 2842 5600 c,
2872 5535 2926 5599 d,
2984 5527 3092 5597 Iun,
3119 5539 3222 5586 etc.
3253 5527 3412 5583 Deest
3437 5528 3492 5582 in

1937 5610 2112 5748 adigi)
2144 5678 2276 5746 Περὶ
2300 5678 2538 5746 λόγους.
2574 5675 2748 5748 Pass,
2779 5674 2906 5746 περὶ
2927 5671 3118 5748 λογων.

2001 5738 2111 5821 (27)
2151 5738 2284 5815 Τᾰῐς
2313 5738 2628 5813 τοὶαύὲαις.
2682 5738 2742 5802 In
2766 5738 3053 5810 nonnullis,
3084 5738 3144 5794 πὸ
3198 5739 3489 5805 τοιαύταις.
