  <div class='ocr_page' id='page_1' title='image "/cluster/home/n/w/nwhite01/storage/ocr_20150623/36/hvd.32044024464877/273.png"; bbox 0 0 4050 6298; ppageno 0'>
   <div class='ocr_carea' id='block_1_1' title="bbox 569 345 673 402">
    <p class='ocr_par' dir='ltr' id='par_1_1' title="bbox 569 345 673 402">
     <span class='ocr_line' id='line_1_1' title="bbox 569 345 673 402; baseline -0.01 -1"><span class='ocrx_word' id='word_1_1' title='bbox 569 345 673 402; x_wconf 61' lang='grc'><strong>193</strong></span> 
     </span>
    </p>
   </div>
   <div class='ocr_carea' id='block_1_2' title="bbox 1771 335 3752 404">
    <p class='ocr_par' dir='ltr' id='par_1_2' title="bbox 1771 335 3752 404">
     <span class='ocr_line' id='line_1_2' title="bbox 1771 335 3752 404; baseline -0.005 -12"><span class='ocrx_word' id='word_1_2' title='bbox 1771 339 1827 393; x_wconf 88' lang='lat' dir='ltr'><strong>s.</strong></span> <span class='ocrx_word' id='word_1_3' title='bbox 1873 336 2200 394; x_wconf 78' lang='lat' dir='ltr'><strong>GREGORII</strong></span> <span class='ocrx_word' id='word_1_4' title='bbox 2241 335 2588 390; x_wconf 76' lang='lat' dir='ltr'><strong>TllEUl.OGl</strong></span> <span class='ocrx_word' id='word_1_5' title='bbox 3194 382 3210 404; x_wconf 76' lang='grc'><strong>,</strong></span> <span class='ocrx_word' id='word_1_6' title='bbox 3660 343 3752 398; x_wconf 65' lang='grc' dir='ltr'>μισ</span> 
     </span>
    </p>
   </div>
   <div class='ocr_carea' id='block_1_3' title="bbox 563 449 2118 531">
    <p class='ocr_par' dir='ltr' id='par_1_3' title="bbox 563 454 2116 526">
     <span class='ocr_line' id='line_1_3' title="bbox 563 454 2116 526; baseline -0.005 -13"><span class='ocrx_word' id='word_1_7' title='bbox 563 459 724 514; x_wconf 83' lang='lat' dir='ltr'><strong>etiam</strong></span> <span class='ocrx_word' id='word_1_8' title='bbox 759 458 883 521; x_wconf 87' lang='lat' dir='ltr'><strong>illis,</strong></span> <span class='ocrx_word' id='word_1_9' title='bbox 913 457 1105 526; x_wconf 80' lang='lat' dir='ltr'><strong>quibus</strong></span> <span class='ocrx_word' id='word_1_10' title='bbox 1133 455 1238 509; x_wconf 88' lang='lat' dir='ltr'><strong>vita</strong></span> <span class='ocrx_word' id='word_1_11' title='bbox 1271 463 1353 508; x_wconf 88' lang='lat' dir='ltr'><strong>est</strong></span> <span class='ocrx_word' id='word_1_12' title='bbox 1396 454 1591 522; x_wconf 91' lang='lat' dir='ltr'><strong>oratio,</strong></span> <span class='ocrx_word' id='word_1_13' title='bbox 1629 455 1826 524; x_wconf 79' lang='lat' dir='ltr'><strong>quique</strong></span> <span class='ocrx_word' id='word_1_14' title='bbox 1865 455 2027 509; x_wconf 87' lang='lat' dir='ltr'><strong>etiam</strong></span> <span class='ocrx_word' id='word_1_15' title='bbox 2067 455 2116 506; x_wconf 90' lang='lat' dir='ltr'><strong>in</strong></span> 
     </span>
    </p>
   </div>
   <div class='ocr_carea' id='block_1_4' title="bbox 2224 449 3756 531">
    <p class='ocr_par' dir='ltr' id='par_1_4' title="bbox 2224 449 3756 531">
     <span class='ocr_line' id='line_1_4' title="bbox 2224 449 3756 531; baseline 0.006 -28"><span class='ocrx_word' id='word_1_16' title='bbox 2224 452 2346 522; x_wconf 73' lang='grc' dir='ltr'>περὶ</span> <span class='ocrx_word' id='word_1_17' title='bbox 2378 451 2597 516; x_wconf 82' lang='grc' dir='ltr'>τούτων,</span> <span class='ocrx_word' id='word_1_18' title='bbox 2631 451 2745 510; x_wconf 78' lang='grc' dir='ltr'>καὶ,</span> <span class='ocrx_word' id='word_1_19' title='bbox 2763 450 2837 515; x_wconf 83' lang='grc' dir='ltr'>ὡς</span> <span class='ocrx_word' id='word_1_20' title='bbox 2861 452 3090 531; x_wconf 47' lang='grc' dir='ltr'>ἐμαυιξέν</span> <span class='ocrx_word' id='word_1_21' title='bbox 3117 449 3303 514; x_wconf 83' lang='grc' dir='ltr'>πείθω,</span> <span class='ocrx_word' id='word_1_22' title='bbox 3327 452 3439 505; x_wconf 82' lang='grc' dir='ltr'>λίαν</span> <span class='ocrx_word' id='word_1_23' title='bbox 3460 454 3636 524; x_wconf 82' lang='grc' dir='ltr'>ὀρθῶς.</span> <span class='ocrx_word' id='word_1_24' title='bbox 3657 461 3756 517; x_wconf 79' lang='grc' dir='ltr'>Οὐκ</span> 
     </span>
    </p>
   </div>
   <div class='ocr_carea' id='block_1_5' title="bbox 564 546 2122 615">
    <p class='ocr_par' dir='ltr' id='par_1_5' title="bbox 564 546 2122 615">
     <span class='ocr_line' id='line_1_5' title="bbox 564 546 2122 615; baseline -0.001 -13"><span class='ocrx_word' id='word_1_25' title='bbox 564 552 613 606; x_wconf 90' lang='lat' dir='ltr'><strong>id</strong></span> <span class='ocrx_word' id='word_1_26' title='bbox 645 566 808 605; x_wconf 91' lang='lat' dir='ltr'><strong>unum</strong></span> <span class='ocrx_word' id='word_1_27' title='bbox 852 563 1068 615; x_wconf 83' lang='lat' dir='ltr'><strong>operam</strong></span> <span class='ocrx_word' id='word_1_28' title='bbox 1125 562 1276 601; x_wconf 87' lang='lat' dir='ltr'><strong>suam</strong></span> <span class='ocrx_word' id='word_1_29' title='bbox 1308 548 1672 611; x_wconf 88' lang='lat' dir='ltr'><strong>contulerunt,</strong></span> <span class='ocrx_word' id='word_1_30' title='bbox 1714 559 1770 601; x_wconf 89' lang='lat' dir='ltr'><strong>ut</strong></span> <span class='ocrx_word' id='word_1_31' title='bbox 1823 546 2122 615; x_wconf 69' lang='lat' dir='ltr'><strong>huiusmodi</strong></span> 
     </span>
    </p>
   </div>
   <div class='ocr_carea' id='block_1_6' title="bbox 560 637 2124 711">
    <p class='ocr_par' dir='ltr' id='par_1_6' title="bbox 560 637 2124 711">
     <span class='ocr_line' id='line_1_6' title="bbox 560 637 2124 711; baseline -0.005 -13"><span class='ocrx_word' id='word_1_32' title='bbox 560 642 911 711; x_wconf 71' lang='lat' dir='ltr'><strong>argumentis,</strong></span> <span class='ocrx_word' id='word_1_33' title='bbox 940 638 1170 692; x_wconf 87' lang='lat' dir='ltr'><strong>nominis</strong></span> <span class='ocrx_word' id='word_1_34' title='bbox 1219 638 1298 692; x_wconf 86' lang='lat' dir='ltr'><strong>sui</strong></span> <span class='ocrx_word' id='word_1_35' title='bbox 1349 637 1544 690; x_wconf 76' lang='lat' dir='ltr'><strong>fatuam</strong></span> <span class='ocrx_word' id='word_1_36' title='bbox 1574 637 2016 694; x_wconf 53' lang='lat' dir='ltr'><strong>celebrentullac</strong></span> <span class='ocrx_word' id='word_1_37' title='bbox 2059 639 2124 690; x_wconf 86' lang='lat' dir='ltr'><strong>de</strong></span> 
     </span>
    </p>
   </div>
   <div class='ocr_carea' id='block_1_7' title="bbox 563 731 2125 807">
    <p class='ocr_par' dir='ltr' id='par_1_7' title="bbox 563 731 2125 807">
     <span class='ocr_line' id='line_1_7' title="bbox 563 731 2125 807; baseline -0.008 -14"><span class='ocrx_word' id='word_1_38' title='bbox 563 753 620 793; x_wconf 87' lang='lat' dir='ltr'><strong>re</strong></span> <span class='ocrx_word' id='word_1_39' title='bbox 649 737 863 807; x_wconf 93' lang='lat' dir='ltr'><strong>quidem</strong></span> <span class='ocrx_word' id='word_1_40' title='bbox 916 735 992 788; x_wconf 88' lang='lat' dir='ltr'><strong>sic</strong></span> <span class='ocrx_word' id='word_1_41' title='bbox 1036 733 1304 796; x_wconf 83' lang='lat' dir='ltr'><strong>existimo,</strong></span> <span class='ocrx_word' id='word_1_42' title='bbox 1329 742 1400 797; x_wconf 90' lang='lat' dir='ltr'><strong>et,</strong></span> <span class='ocrx_word' id='word_1_43' title='bbox 1434 740 1491 784; x_wconf 81' lang='grc' dir='ltr'><strong>ιιι</strong></span> <span class='ocrx_word' id='word_1_44' title='bbox 1531 732 1659 786; x_wconf 89' lang='lat' dir='ltr'><strong>mihi</strong></span> <span class='ocrx_word' id='word_1_45' title='bbox 1688 733 2008 802; x_wconf 81' lang='lat' dir='ltr'><strong>persuadeo,</strong></span> <span class='ocrx_word' id='word_1_46' title='bbox 2034 731 2125 782; x_wconf 85' lang='lat' dir='ltr'><strong>ad-</strong></span> 
     </span>
    </p>
   </div>
   <div class='ocr_carea' id='block_1_8' title="bbox 562 823 2120 893">
    <p class='ocr_par' dir='ltr' id='par_1_8' title="bbox 562 823 2120 893">
     <span class='ocr_line' id='line_1_8' title="bbox 562 823 2120 893; baseline -0.006 -9"><span class='ocrx_word' id='word_1_47' title='bbox 562 832 776 885; x_wconf 89' lang='lat' dir='ltr'><strong>modum</strong></span> <span class='ocrx_word' id='word_1_48' title='bbox 808 837 967 882; x_wconf 89' lang='lat' dir='ltr'><strong>recte.</strong></span> <span class='ocrx_word' id='word_1_49' title='bbox 1009 829 1272 880; x_wconf 62' lang='lat' dir='ltr'><strong>Craterum</strong></span> <span class='ocrx_word' id='word_1_50' title='bbox 1308 825 1509 884; x_wconf 84' lang='lat' dir='ltr'><strong>nescio,</strong></span> <span class='ocrx_word' id='word_1_51' title='bbox 1541 840 1642 893; x_wconf 87' lang='lat' dir='ltr'><strong>qua</strong></span> <span class='ocrx_word' id='word_1_52' title='bbox 1673 825 1886 878; x_wconf 87' lang='lat' dir='ltr'><strong>tandem</strong></span> <span class='ocrx_word' id='word_1_53' title='bbox 1921 824 2023 876; x_wconf 89' lang='lat' dir='ltr'><strong>alia</strong></span> <span class='ocrx_word' id='word_1_54' title='bbox 2070 823 2120 874; x_wconf 92' lang='lat' dir='ltr'><strong>in</strong></span> 
     </span>
    </p>
   </div>
   <div class='ocr_carea' id='block_1_9' title="bbox 564 916 2122 986">
    <p class='ocr_par' dir='ltr' id='par_1_9' title="bbox 564 916 2122 986">
     <span class='ocr_line' id='line_1_9' title="bbox 564 916 2122 986; baseline -0.006 -13"><span class='ocrx_word' id='word_1_55' title='bbox 564 937 620 975; x_wconf 89' lang='lat' dir='ltr'><strong>re</strong></span> <span class='ocrx_word' id='word_1_56' title='bbox 664 919 1001 975; x_wconf 77' lang='lat' dir='ltr'><strong>sermonibus</strong></span> <span class='ocrx_word' id='word_1_57' title='bbox 1031 919 1105 971; x_wconf 92' lang='lat' dir='ltr'><strong>uti</strong></span> <span class='ocrx_word' id='word_1_58' title='bbox 1137 932 1352 986; x_wconf 88' lang='lat' dir='ltr'><strong>queam,</strong></span> <span class='ocrx_word' id='word_1_59' title='bbox 1391 917 1431 969; x_wconf 93' lang='lat' dir='ltr'><strong>si</strong></span> <span class='ocrx_word' id='word_1_60' title='bbox 1473 931 1612 970; x_wconf 91' lang='lat' dir='ltr'><strong>nunc</strong></span> <span class='ocrx_word' id='word_1_61' title='bbox 1653 917 1717 969; x_wconf 91' lang='lat' dir='ltr'><strong>iis</strong></span> <span class='ocrx_word' id='word_1_62' title='bbox 1748 916 1968 969; x_wconf 89' lang='lat' dir='ltr'><strong>minime</strong></span> <span class='ocrx_word' id='word_1_63' title='bbox 1995 929 2122 967; x_wconf 89' lang='lat' dir='ltr'><strong>usus</strong></span> 
     </span>
    </p>
   </div>
   <div class='ocr_carea' id='block_1_10' title="bbox 559 1007 2120 1079">
    <p class='ocr_par' dir='ltr' id='par_1_10' title="bbox 559 1007 2120 1079">
     <span class='ocr_line' id='line_1_10' title="bbox 559 1007 2120 1079; baseline -0.007 -13"><span class='ocrx_word' id='word_1_64' title='bbox 559 1012 740 1075; x_wconf 75' lang='lat' dir='ltr'><strong>fuero;</strong></span> <span class='ocrx_word' id='word_1_65' title='bbox 765 1023 856 1064; x_wconf 90' lang='lat' dir='ltr'><strong>aut</strong></span> <span class='ocrx_word' id='word_1_66' title='bbox 885 1011 1010 1079; x_wconf 90' lang='lat' dir='ltr'><strong>quid</strong></span> <span class='ocrx_word' id='word_1_67' title='bbox 1037 1011 1147 1077; x_wconf 87' lang='lat' dir='ltr'><strong>ipse</strong></span> <span class='ocrx_word' id='word_1_68' title='bbox 1170 1011 1376 1078; x_wconf 78' lang='lat' dir='ltr'><strong>gratius</strong></span> <span class='ocrx_word' id='word_1_69' title='bbox 1407 1007 1584 1060; x_wconf 82' lang='lat' dir='ltr'><strong>facere</strong></span> <span class='ocrx_word' id='word_1_70' title='bbox 1610 1009 1834 1075; x_wconf 84' lang='lat' dir='ltr'><strong>possim,</strong></span> <span class='ocrx_word' id='word_1_71' title='bbox 1863 1008 1942 1059; x_wconf 86' lang='lat' dir='ltr'><strong>vel</strong></span> <span class='ocrx_word' id='word_1_72' title='bbox 1968 1007 2120 1068; x_wconf 89' lang='lat' dir='ltr'><strong>mibi,</strong></span> 
     </span>
    </p>
   </div>
   <div class='ocr_carea' id='block_1_11' title="bbox 561 1098 2124 1172">
    <p class='ocr_par' dir='ltr' id='par_1_11' title="bbox 561 1098 2124 1172">
     <span class='ocr_line' id='line_1_11' title="bbox 561 1098 2124 1172; baseline -0.003 -15"><span class='ocrx_word' id='word_1_73' title='bbox 561 1106 640 1159; x_wconf 91' lang='lat' dir='ltr'><strong>vel</strong></span> <span class='ocrx_word' id='word_1_74' title='bbox 671 1106 736 1160; x_wconf 90' lang='lat' dir='ltr'><strong>iis</strong></span> <span class='ocrx_word' id='word_1_75' title='bbox 765 1107 852 1172; x_wconf 88' lang='lat' dir='ltr'><strong>qui</strong></span> <span class='ocrx_word' id='word_1_76' title='bbox 898 1105 1147 1157; x_wconf 75' lang='lat' dir='ltr'><strong>virtutem</strong></span> <span class='ocrx_word' id='word_1_77' title='bbox 1191 1101 1437 1154; x_wconf 79' lang='lat' dir='ltr'><strong>laudibus</strong></span> <span class='ocrx_word' id='word_1_78' title='bbox 1466 1098 1714 1162; x_wconf 70' lang='lat' dir='ltr'><strong>efferunt,</strong></span> <span class='ocrx_word' id='word_1_79' title='bbox 1753 1101 1831 1152; x_wconf 89' lang='lat' dir='ltr'><strong>vel</strong></span> <span class='ocrx_word' id='word_1_80' title='bbox 1877 1100 2004 1166; x_wconf 89' lang='lat' dir='ltr'><strong>ipsis</strong></span> <span class='ocrx_word' id='word_1_81' title='bbox 2032 1101 2124 1153; x_wconf 80' lang='lat' dir='ltr'><strong>de-</strong></span> 
     </span>
    </p>
   </div>
   <div class='ocr_carea' id='block_1_12' title="bbox 560 1190 2119 1264">
    <p class='ocr_par' dir='ltr' id='par_1_12' title="bbox 560 1190 2119 1264">
     <span class='ocr_line' id='line_1_12' title="bbox 560 1190 2119 1264; baseline -0.006 -13"><span class='ocrx_word' id='word_1_82' title='bbox 560 1200 721 1264; x_wconf 88' lang='lat' dir='ltr'><strong>nique</strong></span> <span class='ocrx_word' id='word_1_83' title='bbox 744 1194 1101 1257; x_wconf 85' lang='lat' dir='ltr'><strong>sermonibus,</strong></span> <span class='ocrx_word' id='word_1_84' title='bbox 1138 1207 1297 1260; x_wconf 86' lang='lat' dir='ltr'><strong>quam</strong></span> <span class='ocrx_word' id='word_1_85' title='bbox 1323 1192 1366 1245; x_wconf 94' lang='lat' dir='ltr'><strong>si</strong></span> <span class='ocrx_word' id='word_1_86' title='bbox 1398 1191 1554 1260; x_wconf 87' lang='lat' dir='ltr'><strong>hujus</strong></span> <span class='ocrx_word' id='word_1_87' title='bbox 1583 1191 1680 1244; x_wconf 92' lang='lat' dir='ltr'><strong>viri</strong></span> <span class='ocrx_word' id='word_1_88' title='bbox 1713 1190 1896 1244; x_wconf 84' lang='lat' dir='ltr'><strong>laudes</strong></span> <span class='ocrx_word' id='word_1_89' title='bbox 1925 1190 2119 1259; x_wconf 64' lang='lat' dir='ltr'><strong>praedi—</strong></span> 
     </span>
    </p>
   </div>
   <div class='ocr_carea' id='block_1_13' title="bbox 557 1279 2121 1350">
    <p class='ocr_par' dir='ltr' id='par_1_13' title="bbox 557 1279 2121 1350">
     <span class='ocr_line' id='line_1_13' title="bbox 557 1279 2121 1350; baseline -0.006 -9"><span class='ocrx_word' id='word_1_90' title='bbox 557 1302 698 1342; x_wconf 86' lang='lat' dir='ltr'><strong>cem.</strong></span> <span class='ocrx_word' id='word_1_91' title='bbox 740 1284 811 1337; x_wconf 87' lang='lat' dir='ltr'><strong>Ita</strong></span> <span class='ocrx_word' id='word_1_92' title='bbox 845 1285 981 1337; x_wconf 88' lang='lat' dir='ltr'><strong>enim</strong></span> <span class='ocrx_word' id='word_1_93' title='bbox 1016 1298 1098 1335; x_wconf 89' lang='lat' dir='ltr'><strong>me</strong></span> <span class='ocrx_word' id='word_1_94' title='bbox 1128 1283 1356 1349; x_wconf 89' lang='lat' dir='ltr'><strong>primum</strong></span> <span class='ocrx_word' id='word_1_95' title='bbox 1403 1281 1516 1348; x_wconf 88' lang='lat' dir='ltr'><strong>ipse</strong></span> <span class='ocrx_word' id='word_1_96' title='bbox 1560 1279 1700 1332; x_wconf 81' lang='lat' dir='ltr'><strong>velut</strong></span> <span class='ocrx_word' id='word_1_97' title='bbox 1740 1295 1846 1332; x_wconf 68' lang='lat' dir='ltr'><strong>mre</strong></span> <span class='ocrx_word' id='word_1_98' title='bbox 1889 1281 2121 1350; x_wconf 89' lang='lat' dir='ltr'><strong>quodam</strong></span> 
     </span>
    </p>
   </div>
   <div class='ocr_carea' id='block_1_14' title="bbox 566 1369 2118 1442">
    <p class='ocr_par' dir='ltr' id='par_1_14' title="bbox 566 1369 2118 1442">
     <span class='ocr_line' id='line_1_14' title="bbox 566 1369 2118 1442; baseline -0.006 -11"><span class='ocrx_word' id='word_1_99' title='bbox 566 1377 740 1432; x_wconf 89' lang='lat' dir='ltr'><strong>alieno</strong></span> <span class='ocrx_word' id='word_1_100' title='bbox 784 1386 1055 1442; x_wconf 82' lang='lat' dir='ltr'><strong>utcunque</strong></span> <span class='ocrx_word' id='word_1_101' title='bbox 1103 1372 1423 1427; x_wconf 84' lang='lat' dir='ltr'><strong>liberavero.</strong></span> <span class='ocrx_word' id='word_1_102' title='bbox 1474 1370 1706 1423; x_wconf 85' lang='lat' dir='ltr'><strong>Debetur</strong></span> <span class='ocrx_word' id='word_1_103' title='bbox 1733 1371 1951 1438; x_wconf 80' lang='lat' dir='ltr'><strong>quippe,</strong></span> <span class='ocrx_word' id='word_1_104' title='bbox 1990 1369 2118 1422; x_wconf 86' lang='lat' dir='ltr'><strong>utsi</strong></span> 
     </span>
    </p>
   </div>
   <div class='ocr_carea' id='block_1_15' title="bbox 556 1460 2124 1538">
    <p class='ocr_par' dir='ltr' id='par_1_15' title="bbox 556 1460 2124 1538">
     <span class='ocr_line' id='line_1_15' title="bbox 556 1460 2124 1538; baseline -0.007 -15"><span class='ocrx_word' id='word_1_105' title='bbox 556 1470 686 1538; x_wconf 88' lang='lat' dir='ltr'><strong>quid</strong></span> <span class='ocrx_word' id='word_1_106' title='bbox 737 1468 900 1530; x_wconf 82' lang='lat' dir='ltr'><strong>aliud,</strong></span> <span class='ocrx_word' id='word_1_107' title='bbox 957 1466 1104 1529; x_wconf 85' lang='lat' dir='ltr'><strong>viris,</strong></span> <span class='ocrx_word' id='word_1_108' title='bbox 1159 1480 1278 1516; x_wconf 87' lang='lat' dir='ltr'><strong>cum</strong></span> <span class='ocrx_word' id='word_1_109' title='bbox 1329 1471 1520 1516; x_wconf 62' lang='lat' dir='ltr'><strong>cratera</strong></span> <span class='ocrx_word' id='word_1_110' title='bbox 1542 1461 1792 1532; x_wconf 78' lang='lat' dir='ltr'><strong>egregiis,</strong></span> <span class='ocrx_word' id='word_1_111' title='bbox 1828 1470 1936 1513; x_wconf 90' lang='lat' dir='ltr'><strong>tum</strong></span> <span class='ocrx_word' id='word_1_112' title='bbox 1977 1460 2124 1513; x_wconf 89' lang='lat' dir='ltr'><strong>indi-</strong></span> 
     </span>
    </p>
   </div>
   <div class='ocr_carea' id='block_1_16' title="bbox 557 1551 2122 1626">
    <p class='ocr_par' dir='ltr' id='par_1_16' title="bbox 557 1551 2122 1626">
     <span class='ocr_line' id='line_1_16' title="bbox 557 1551 2122 1626; baseline -0.004 -13"><span class='ocrx_word' id='word_1_113' title='bbox 557 1559 728 1614; x_wconf 91' lang='lat' dir='ltr'><strong>cendo</strong></span> <span class='ocrx_word' id='word_1_114' title='bbox 773 1559 1026 1626; x_wconf 85' lang='lat' dir='ltr'><strong>c0piosis,</strong></span> <span class='ocrx_word' id='word_1_115' title='bbox 1064 1556 1257 1608; x_wconf 78' lang='lat' dir='ltr'><strong>oratio.</strong></span> <span class='ocrx_word' id='word_1_116' title='bbox 1311 1553 1533 1618; x_wconf 88' lang='lat' dir='ltr'><strong>Deinde,</strong></span> <span class='ocrx_word' id='word_1_117' title='bbox 1573 1553 1692 1606; x_wconf 90' lang='lat' dir='ltr'><strong>illos</strong></span> <span class='ocrx_word' id='word_1_118' title='bbox 1732 1551 1914 1616; x_wconf 90' lang='lat' dir='ltr'><strong>simul,</strong></span> <span class='ocrx_word' id='word_1_119' title='bbox 1951 1562 1997 1607; x_wconf 91' lang='lat' dir='ltr'><strong>et</strong></span> <span class='ocrx_word' id='word_1_120' title='bbox 2027 1567 2122 1606; x_wconf 91' lang='lat' dir='ltr'><strong>vo-</strong></span> 
     </span>
    </p>
   </div>
   <div class='ocr_carea' id='block_1_17' title="bbox 563 1643 2120 1718">
    <p class='ocr_par' dir='ltr' id='par_1_17' title="bbox 563 1643 2120 1718">
     <span class='ocr_line' id='line_1_17' title="bbox 563 1643 2120 1718; baseline -0.006 -14"><span class='ocrx_word' id='word_1_121' title='bbox 563 1650 765 1718; x_wconf 82' lang='lat' dir='ltr'><strong>luptate</strong></span> <span class='ocrx_word' id='word_1_122' title='bbox 819 1647 1012 1702; x_wconf 81' lang='lat' dir='ltr'><strong>aﬂiciet</strong></span> <span class='ocrx_word' id='word_1_123' title='bbox 1065 1647 1150 1700; x_wconf 90' lang='lat' dir='ltr'><strong>bic</strong></span> <span class='ocrx_word' id='word_1_124' title='bbox 1188 1660 1390 1709; x_wconf 91' lang='lat' dir='ltr'><strong>sermo,</strong></span> <span class='ocrx_word' id='word_1_125' title='bbox 1428 1653 1483 1699; x_wconf 92' lang='lat' dir='ltr'><strong>et</strong></span> <span class='ocrx_word' id='word_1_126' title='bbox 1526 1646 1591 1697; x_wconf 93' lang='lat' dir='ltr'><strong>ad</strong></span> <span class='ocrx_word' id='word_1_127' title='bbox 1630 1643 1844 1698; x_wconf 89' lang='lat' dir='ltr'><strong>virtutis</strong></span> <span class='ocrx_word' id='word_1_128' title='bbox 1886 1643 2120 1696; x_wconf 80' lang='lat' dir='ltr'><strong>studium</strong></span> 
     </span>
    </p>
   </div>
   <div class='ocr_carea' id='block_1_18' title="bbox 556 1732 2118 1804">
    <p class='ocr_par' dir='ltr' id='par_1_18' title="bbox 556 1732 2118 1804">
     <span class='ocr_line' id='line_1_18' title="bbox 556 1732 2118 1804; baseline -0.008 -8"><span class='ocrx_word' id='word_1_129' title='bbox 556 1739 943 1796; x_wconf 74' lang='lat' dir='ltr'><strong>exstimulabit.</strong></span> <span class='ocrx_word' id='word_1_130' title='bbox 987 1737 1223 1804; x_wconf 84' lang='lat' dir='ltr'><strong>Quarum</strong></span> <span class='ocrx_word' id='word_1_131' title='bbox 1292 1735 1434 1787; x_wconf 88' lang='lat' dir='ltr'><strong>enim</strong></span> <span class='ocrx_word' id='word_1_132' title='bbox 1480 1749 1659 1786; x_wconf 86' lang='lat' dir='ltr'><strong>rerum</strong></span> <span class='ocrx_word' id='word_1_133' title='bbox 1725 1735 1911 1786; x_wconf 83' lang='lat' dir='ltr'><strong>laudes</strong></span> <span class='ocrx_word' id='word_1_134' title='bbox 1978 1732 2118 1792; x_wconf 89' lang='lat' dir='ltr'><strong>novi.</strong></span> 
     </span>
    </p>
   </div>
   <div class='ocr_carea' id='block_1_19' title="bbox 2225 541 3757 624">
    <p class='ocr_par' dir='ltr' id='par_1_19' title="bbox 2225 541 3757 624">
     <span class='ocr_line' id='line_1_19' title="bbox 2225 541 3757 624; baseline 0.002 -28"><span class='ocrx_word' id='word_1_135' title='bbox 2225 541 2342 596; x_wconf 74' lang='grc' dir='ltr'>οἶδα</span> <span class='ocrx_word' id='word_1_136' title='bbox 2365 545 2440 609; x_wconf 77' lang='grc' dir='ltr'>δὲ,</span> <span class='ocrx_word' id='word_1_137' title='bbox 2473 546 2552 607; x_wconf 86' lang='grc' dir='ltr'><strong>είς</strong></span> <span class='ocrx_word' id='word_1_138' title='bbox 2583 545 2610 596; x_wconf 83' lang='grc' dir='ltr'><strong>ὃ</strong></span> <span class='ocrx_word' id='word_1_139' title='bbox 2639 561 2689 596; x_wconf 89' lang='grc' dir='ltr'><strong>τι</strong></span> <span class='ocrx_word' id='word_1_140' title='bbox 2736 543 2800 596; x_wconf 82' lang='grc' dir='ltr'><strong>ἂν</strong></span> <span class='ocrx_word' id='word_1_141' title='bbox 2834 543 2959 596; x_wconf 80' lang='grc' dir='ltr'><strong>ἄλλο</strong></span> <span class='ocrx_word' id='word_1_142' title='bbox 2987 544 3446 622; x_wconf 43' lang='grc' dir='ltr'>χρησαίμῃζῖοῖς</span> <span class='ocrx_word' id='word_1_143' title='bbox 3471 545 3650 613; x_wconf 66' lang='grc' dir='ltr'>λόγοις,</span> <span class='ocrx_word' id='word_1_144' title='bbox 3693 553 3757 624; x_wconf 72' lang='grc' dir='ltr'>μὴ</span> 
     </span>
    </p>
   </div>
   <div class='ocr_carea' id='block_1_20' title="bbox 2225 635 3760 714">
    <p class='ocr_par' dir='ltr' id='par_1_20' title="bbox 2225 635 3760 714">
     <span class='ocr_line' id='line_1_20' title="bbox 2225 635 3760 714; baseline 0.005 -28"><span class='ocrx_word' id='word_1_145' title='bbox 2225 635 2318 687; x_wconf 77' lang='grc' dir='ltr'>νῦν</span> <span class='ocrx_word' id='word_1_146' title='bbox 2340 637 2697 707; x_wconf 75' lang='grc' dir='ltr'>χρησάμενοςο</span> <span class='ocrx_word' id='word_1_147' title='bbox 2730 635 2761 705; x_wconf 83' lang='grc' dir='ltr'>ἣ</span> <span class='ocrx_word' id='word_1_148' title='bbox 2787 636 2814 688; x_wconf 79' lang='grc' dir='ltr'>ὅ</span> <span class='ocrx_word' id='word_1_149' title='bbox 2835 636 2884 688; x_wconf 84' lang='grc' dir='ltr'><strong>τί</strong></span> <span class='ocrx_word' id='word_1_150' title='bbox 2915 636 3029 688; x_wconf 84' lang='grc' dir='ltr'>ποτ’</span> <span class='ocrx_word' id='word_1_151' title='bbox 3066 637 3130 689; x_wconf 80' lang='grc' dir='ltr'><strong>ἂν</strong></span> <span class='ocrx_word' id='word_1_152' title='bbox 3161 637 3357 706; x_wconf 81' lang='grc' dir='ltr'>μᾶλλον</span> <span class='ocrx_word' id='word_1_153' title='bbox 3385 639 3416 710; x_wconf 83' lang='grc' dir='ltr'><strong>ἢ</strong></span> <span class='ocrx_word' id='word_1_154' title='bbox 3441 638 3544 709; x_wconf 73' lang='grc'><strong>(28)</strong></span> <span class='ocrx_word' id='word_1_155' title='bbox 3566 643 3760 714; x_wconf 80' lang='grc' dir='ltr'>ὲμαυτῳ</span> 
     </span>
    </p>
   </div>
   <div class='ocr_carea' id='block_1_21' title="bbox 2225 728 3759 804">
    <p class='ocr_par' dir='ltr' id='par_1_21' title="bbox 2225 728 3759 804">
     <span class='ocr_line' id='line_1_21' title="bbox 2225 728 3759 804; baseline 0.007 -26"><span class='ocrx_word' id='word_1_156' title='bbox 2225 728 2576 798; x_wconf 79' lang='grc' dir='ltr'><strong>χαρισαίμην,</strong></span> <span class='ocrx_word' id='word_1_157' title='bbox 2618 728 2793 798; x_wconf 81' lang='grc' dir='ltr'><strong>ἢτοῖς</strong></span> <span class='ocrx_word' id='word_1_158' title='bbox 2819 729 3018 800; x_wconf 81' lang='grc' dir='ltr'>ἀρετῆς</span> <span class='ocrx_word' id='word_1_159' title='bbox 3068 728 3176 798; x_wconf 73' lang='grc'><strong>(29)</strong></span> <span class='ocrx_word' id='word_1_160' title='bbox 3235 731 3565 795; x_wconf 72' lang='grc' dir='ltr'><strong>ἐπαινέταις,</strong></span> <span class='ocrx_word' id='word_1_161' title='bbox 3609 735 3759 804; x_wconf 83' lang='grc' dir='ltr'>ἣτοῖς</span> 
     </span>
    </p>
   </div>
   <div class='ocr_carea' id='block_1_22' title="bbox 2225 817 3763 895">
    <p class='ocr_par' dir='ltr' id='par_1_22' title="bbox 2225 817 3763 895">
     <span class='ocr_line' id='line_1_22' title="bbox 2225 817 3763 895; baseline 0.003 -25"><span class='ocrx_word' id='word_1_162' title='bbox 2225 817 2400 886; x_wconf 80' lang='grc' dir='ltr'>λόγοις</span> <span class='ocrx_word' id='word_1_163' title='bbox 2430 818 2632 883; x_wconf 77' lang='grc' dir='ltr'>αὐτοῖς,</span> <span class='ocrx_word' id='word_1_164' title='bbox 2666 818 2699 888; x_wconf 81' lang='grc' dir='ltr'>ἢ</span> <span class='ocrx_word' id='word_1_165' title='bbox 2733 819 2822 871; x_wconf 87' lang='grc' dir='ltr'><strong>τὸν</strong></span> <span class='ocrx_word' id='word_1_166' title='bbox 2845 818 3010 888; x_wconf 83' lang='grc' dir='ltr'>ἄνδρα</span> <span class='ocrx_word' id='word_1_167' title='bbox 3039 818 3222 872; x_wconf 75' lang='grc' dir='ltr'>τοῦτον</span> <span class='ocrx_word' id='word_1_168' title='bbox 3279 818 3574 890; x_wconf 78' lang='grc' dir='ltr'>θαυμάσας.</span> <span class='ocrx_word' id='word_1_169' title='bbox 3630 826 3763 895; x_wconf 79' lang='grc' dir='ltr'>Ἐμοί</span> 
     </span>
    </p>
   </div>
   <div class='ocr_carea' id='block_1_23' title="bbox 2224 909 3762 986">
    <p class='ocr_par' dir='ltr' id='par_1_23' title="bbox 2224 909 3762 986">
     <span class='ocr_line' id='line_1_23' title="bbox 2224 909 3762 986; baseline 0.005 -25"><span class='ocrx_word' id='word_1_170' title='bbox 2224 927 2282 961; x_wconf 89' lang='grc' dir='ltr'><strong>τε</strong></span> <span class='ocrx_word' id='word_1_171' title='bbox 2308 909 2413 980; x_wconf 77' lang='grc' dir='ltr'><strong>γὰρ</strong></span> <span class='ocrx_word' id='word_1_172' title='bbox 2438 909 2585 962; x_wconf 73' lang='grc' dir='ltr'>ἔσται</span> <span class='ocrx_word' id='word_1_173' title='bbox 2609 909 2764 962; x_wconf 77' lang='grc' dir='ltr'>τοῦτο</span> <span class='ocrx_word' id='word_1_174' title='bbox 2789 910 2946 982; x_wconf 80' lang='grc' dir='ltr'>χρέος</span> <span class='ocrx_word' id='word_1_175' title='bbox 2975 909 3169 974; x_wconf 81' lang='grc' dir='ltr'>ἱκανῶς</span> <span class='ocrx_word' id='word_1_176' title='bbox 3199 912 3762 986; x_wconf 67' lang='grc' dir='ltr'>ἁφωσιωμένον.Χρέί.-ς</span> 
     </span>
    </p>
   </div>
   <div class='ocr_carea' id='block_1_24' title="bbox 2223 1007 3768 1084">
    <p class='ocr_par' dir='ltr' id='par_1_24' title="bbox 2223 1007 3768 1084">
     <span class='ocr_line' id='line_1_24' title="bbox 2223 1007 3768 1084; baseline 0.005 -26"><span class='ocrx_word' id='word_1_177' title='bbox 2223 1007 2297 1070; x_wconf 84' lang='grc' dir='ltr'>δὲ,</span> <span class='ocrx_word' id='word_1_178' title='bbox 2335 1008 2492 1078; x_wconf 77' lang='grc' dir='ltr'>εἴπερ</span> <span class='ocrx_word' id='word_1_179' title='bbox 2526 1007 2652 1059; x_wconf 80' lang='grc' dir='ltr'>ἄλλο</span> <span class='ocrx_word' id='word_1_180' title='bbox 2677 1024 2750 1070; x_wconf 89' lang='grc' dir='ltr'><strong>τι,</strong></span> <span class='ocrx_word' id='word_1_181' title='bbox 2784 1010 2896 1070; x_wconf 85' lang='grc' dir='ltr'>τοῖς</span> <span class='ocrx_word' id='word_1_182' title='bbox 2937 1007 3158 1075; x_wconf 83' lang='grc' dir='ltr'>ἀγαθοῖς</span> <span class='ocrx_word' id='word_1_183' title='bbox 3199 1009 3265 1061; x_wconf 87' lang='grc' dir='ltr'>τά</span> <span class='ocrx_word' id='word_1_184' title='bbox 3296 1025 3353 1060; x_wconf 90' lang='grc' dir='ltr'><strong>τε</strong></span> <span class='ocrx_word' id='word_1_185' title='bbox 3382 1009 3512 1062; x_wconf 84' lang='grc' dir='ltr'><strong>ἄλλα</strong></span> <span class='ocrx_word' id='word_1_186' title='bbox 3538 1013 3626 1064; x_wconf 72' lang='grc' dir='ltr'><strong>καὶ</strong></span> <span class='ocrx_word' id='word_1_187' title='bbox 3658 1016 3768 1084; x_wconf 76' lang='grc' dir='ltr'>περὶ</span> 
     </span>
    </p>
   </div>
   <div class='ocr_carea' id='block_1_25' title="bbox 2223 1098 3768 1174">
    <p class='ocr_par' dir='ltr' id='par_1_25' title="bbox 2223 1098 3768 1174">
     <span class='ocr_line' id='line_1_25' title="bbox 2223 1098 3768 1174; baseline 0.006 -25"><span class='ocrx_word' id='word_1_188' title='bbox 2223 1098 2316 1150; x_wconf 79' lang='grc' dir='ltr'><strong>τὸν</strong></span> <span class='ocrx_word' id='word_1_189' title='bbox 2339 1098 2514 1167; x_wconf 84' lang='grc' dir='ltr'>λόγον,</span> <span class='ocrx_word' id='word_1_190' title='bbox 2571 1101 2599 1151; x_wconf 85' lang='grc' dir='ltr'>ὁ</span> <span class='ocrx_word' id='word_1_191' title='bbox 2645 1100 2820 1168; x_wconf 82' lang='grc' dir='ltr'>λόγος.</span> <span class='ocrx_word' id='word_1_192' title='bbox 2864 1101 3120 1162; x_wconf 86' lang='grc' dir='ltr'>Ἐκείνοις</span> <span class='ocrx_word' id='word_1_193' title='bbox 3148 1099 3195 1152; x_wconf 80' lang='grc' dir='ltr'>θ’</span> <span class='ocrx_word' id='word_1_194' title='bbox 3222 1100 3335 1169; x_wconf 69' lang='grc' dir='ltr'><strong>ἅμα</strong></span> <span class='ocrx_word' id='word_1_195' title='bbox 3376 1100 3472 1169; x_wconf 81' lang='grc' dir='ltr'>μὲν</span> <span class='ocrx_word' id='word_1_196' title='bbox 3501 1102 3649 1174; x_wconf 81' lang='grc' dir='ltr'>ἡδονὴ</span> <span class='ocrx_word' id='word_1_197' title='bbox 3687 1106 3768 1170; x_wconf 85' lang='grc' dir='ltr'><strong>γέ-</strong></span> 
     </span>
    </p>
   </div>
   <div class='ocr_carea' id='block_1_26' title="bbox 2225 1190 3773 1264">
    <p class='ocr_par' dir='ltr' id='par_1_26' title="bbox 2225 1190 3773 1264">
     <span class='ocr_line' id='line_1_26' title="bbox 2225 1190 3773 1264; baseline 0.006 -22"><span class='ocrx_word' id='word_1_198' title='bbox 2225 1208 2384 1252; x_wconf 88' lang='grc' dir='ltr'>νοιτο,</span> <span class='ocrx_word' id='word_1_199' title='bbox 2411 1191 2505 1244; x_wconf 75' lang='grc' dir='ltr'><strong>καὶ</strong></span> <span class='ocrx_word' id='word_1_200' title='bbox 2539 1192 2654 1261; x_wconf 79' lang='grc' dir='ltr'><strong>ἅμα</strong></span> <span class='ocrx_word' id='word_1_201' title='bbox 2690 1190 3032 1262; x_wconf 73' lang='grc' dir='ltr'>παράκλησις</span> <span class='ocrx_word' id='word_1_202' title='bbox 3083 1195 3163 1254; x_wconf 81' lang='grc' dir='ltr'>εἰς</span> <span class='ocrx_word' id='word_1_203' title='bbox 3191 1192 3410 1263; x_wconf 81' lang='grc' dir='ltr'>ἀρετὴν,</span> <span class='ocrx_word' id='word_1_204' title='bbox 3445 1195 3472 1246; x_wconf 85' lang='grc' dir='ltr'><strong>ὁ</strong></span> <span class='ocrx_word' id='word_1_205' title='bbox 3500 1192 3773 1264; x_wconf 56' lang='lat' dir='ltr'><strong>Myong</strong></span> 
     </span>
    </p>
   </div>
   <div class='ocr_carea' id='block_1_27' title="bbox 2223 1278 3772 1353">
    <p class='ocr_par' dir='ltr' id='par_1_27' title="bbox 2223 1278 3772 1353">
     <span class='ocr_line' id='line_1_27' title="bbox 2223 1278 3772 1353; baseline 0.006 -22"><span class='ocrx_word' id='word_1_206' title='bbox 2223 1284 2330 1353; x_wconf 73' lang='grc' dir='ltr'>γὰρ</span> <span class='ocrx_word' id='word_1_207' title='bbox 2360 1283 2485 1345; x_wconf 76' lang='grc' dir='ltr'>τοὺς</span> <span class='ocrx_word' id='word_1_208' title='bbox 2511 1283 2768 1346; x_wconf 77' lang='grc' dir='ltr'>ἐπαίνους</span> <span class='ocrx_word' id='word_1_209' title='bbox 2807 1282 2913 1351; x_wconf 78' lang='lat'><strong>(50)</strong></span> <span class='ocrx_word' id='word_1_210' title='bbox 2945 1278 3079 1346; x_wconf 75' lang='grc' dir='ltr'>οῖδα,</span> <span class='ocrx_word' id='word_1_211' title='bbox 3114 1281 3318 1335; x_wconf 79' lang='grc' dir='ltr'>τούτων</span> <span class='ocrx_word' id='word_1_212' title='bbox 3359 1283 3541 1351; x_wconf 76' lang='grc' dir='ltr'>σαφῶς</span> <span class='ocrx_word' id='word_1_213' title='bbox 3572 1286 3659 1338; x_wconf 78' lang='grc' dir='ltr'>καὶ</span> <span class='ocrx_word' id='word_1_214' title='bbox 3688 1287 3772 1351; x_wconf 61' lang='grc' dir='ltr'>τὰς</span> 
     </span>
    </p>
   </div>
   <div class='ocr_carea' id='block_1_28' title="bbox 2224 1368 3774 1437">
    <p class='ocr_par' dir='ltr' id='par_1_28' title="bbox 2224 1368 3774 1437">
     <span class='ocr_line' id='line_1_28' title="bbox 2224 1368 3774 1437; baseline 0.003 -11"><span class='ocrx_word' id='word_1_215' title='bbox 2224 1373 2508 1436; x_wconf 78' lang='grc' dir='ltr'>ἐπιδόσεις·</span> <span class='ocrx_word' id='word_1_216' title='bbox 2544 1373 2630 1426; x_wconf 83' lang='grc' dir='ltr'><strong>ἐπ’</strong></span> <span class='ocrx_word' id='word_1_217' title='bbox 2681 1373 2889 1436; x_wconf 81' lang='grc' dir='ltr'>οὐδενὸς</span> <span class='ocrx_word' id='word_1_218' title='bbox 2936 1368 3026 1426; x_wconf 84' lang='grc' dir='ltr'><strong>οὖν</strong></span> <span class='ocrx_word' id='word_1_219' title='bbox 3055 1373 3164 1426; x_wconf 84' lang='grc' dir='ltr'><strong>τῶν</strong></span> <span class='ocrx_word' id='word_1_220' title='bbox 3189 1373 3468 1437; x_wconf 79' lang='grc' dir='ltr'>ἁπάντων,</span> <span class='ocrx_word' id='word_1_221' title='bbox 3520 1375 3615 1428; x_wconf 74' lang='grc' dir='ltr'><strong>οὐκ</strong></span> <span class='ocrx_word' id='word_1_222' title='bbox 3645 1375 3774 1430; x_wconf 75' lang='grc' dir='ltr'>ἔστιν</span> 
     </span>
    </p>
   </div>
   <div class='ocr_carea' id='block_1_29' title="bbox 2223 1465 3774 1536">
    <p class='ocr_par' dir='ltr' id='par_1_29' title="bbox 2223 1465 3774 1536">
     <span class='ocr_line' id='line_1_29' title="bbox 2223 1465 3774 1536; baseline 0.003 -18"><span class='ocrx_word' id='word_1_223' title='bbox 2223 1467 2308 1534; x_wconf 74' lang='grc' dir='ltr'><strong>ἐφ’</strong></span> <span class='ocrx_word' id='word_1_224' title='bbox 2337 1466 2442 1536; x_wconf 83' lang='grc' dir='ltr'>ὅτῳ</span> <span class='ocrx_word' id='word_1_225' title='bbox 2496 1467 2617 1536; x_wconf 72' lang='grc' dir='ltr'>οὐχὶ</span> <span class='ocrx_word' id='word_1_226' title='bbox 2659 1465 2763 1518; x_wconf 84' lang='grc' dir='ltr'><strong>τῶν</strong></span> <span class='ocrx_word' id='word_1_227' title='bbox 2801 1465 3075 1521; x_wconf 82' lang='grc' dir='ltr'>ἁπάντων.</span> <span class='ocrx_word' id='word_1_228' title='bbox 3111 1466 3235 1528; x_wconf 84' lang='grc' dir='ltr'>Τοῖς</span> <span class='ocrx_word' id='word_1_229' title='bbox 3275 1483 3335 1518; x_wconf 89' lang='grc' dir='ltr'><strong>τε</strong></span> <span class='ocrx_word' id='word_1_230' title='bbox 3387 1465 3560 1534; x_wconf 80' lang='grc' dir='ltr'>λόγοις</span> <span class='ocrx_word' id='word_1_231' title='bbox 3612 1471 3774 1533; x_wconf 79' lang='grc' dir='ltr'>αὐτοῖς</span> 
     </span>
    </p>
   </div>
   <div class='ocr_carea' id='block_1_30' title="bbox 2224 1555 3776 1629">
    <p class='ocr_par' dir='ltr' id='par_1_30' title="bbox 2224 1555 3776 1629">
     <span class='ocr_line' id='line_1_30' title="bbox 2224 1555 3776 1629; baseline 0.003 -21"><span class='ocrx_word' id='word_1_232' title='bbox 2224 1555 2608 1626; x_wconf 81' lang='grc' dir='ltr'><strong>ἀμφοτέρωθεν</strong></span> <span class='ocrx_word' id='word_1_233' title='bbox 2663 1555 2728 1609; x_wconf 85' lang='grc' dir='ltr'>ἂν</span> <span class='ocrx_word' id='word_1_234' title='bbox 2767 1555 2879 1626; x_wconf 75' lang='grc' dir='ltr'>ἔχοι</span> <span class='ocrx_word' id='word_1_235' title='bbox 2935 1555 2994 1610; x_wconf 81' lang='grc' dir='ltr'>τὸ</span> <span class='ocrx_word' id='word_1_236' title='bbox 3047 1557 3278 1626; x_wconf 81' lang='grc' dir='ltr'>πρᾶγμα</span> <span class='ocrx_word' id='word_1_237' title='bbox 3328 1556 3527 1620; x_wconf 87' lang='grc' dir='ltr'>καλῶς.</span> <span class='ocrx_word' id='word_1_238' title='bbox 3583 1559 3642 1612; x_wconf 84' lang='grc' dir='ltr'><strong>Εἰ</strong></span> <span class='ocrx_word' id='word_1_239' title='bbox 3692 1561 3776 1629; x_wconf 78' lang='grc' dir='ltr'><strong>μὲν</strong></span> 
     </span>
    </p>
   </div>
   <div class='ocr_carea' id='block_1_31' title="bbox 2224 1646 3778 1720">
    <p class='ocr_par' dir='ltr' id='par_1_31' title="bbox 2224 1646 3778 1720">
     <span class='ocr_line' id='line_1_31' title="bbox 2224 1646 3778 1720; baseline 0.004 -23"><span class='ocrx_word' id='word_1_240' title='bbox 2224 1646 2390 1714; x_wconf 81' lang='grc' dir='ltr'>ἐγγὺς</span> <span class='ocrx_word' id='word_1_241' title='bbox 2422 1646 2624 1699; x_wconf 77' lang='grc' dir='ltr'>ἔλθοιεν</span> <span class='ocrx_word' id='word_1_242' title='bbox 2652 1648 2748 1717; x_wconf 81' lang='grc' dir='ltr'>τῆς</span> <span class='ocrx_word' id='word_1_243' title='bbox 2777 1647 2953 1714; x_wconf 78' lang='grc' dir='ltr'>ἀξίας,</span> <span class='ocrx_word' id='word_1_244' title='bbox 2989 1648 3087 1718; x_wconf 81' lang='grc' dir='ltr'><strong>τὴν</strong></span> <span class='ocrx_word' id='word_1_245' title='bbox 3109 1648 3318 1702; x_wconf 83' lang='grc' dir='ltr'>ἑαυτῶν</span> <span class='ocrx_word' id='word_1_246' title='bbox 3347 1649 3778 1720; x_wconf 78' lang='grc' dir='ltr'>ἐπιδεδειγμένοις</span> 
     </span>
    </p>
   </div>
   <div class='ocr_carea' id='block_1_32' title="bbox 2225 1737 3860 1807">
    <p class='ocr_par' dir='ltr' id='par_1_32' title="bbox 2225 1737 3860 1807">
     <span class='ocr_line' id='line_1_32' title="bbox 2225 1737 3860 1807; baseline 0.002 -18"><span class='ocrx_word' id='word_1_247' title='bbox 2225 1737 2471 1807; x_wconf 85' lang='grc' dir='ltr'>δύναμιν·</span> <span class='ocrx_word' id='word_1_248' title='bbox 2511 1739 2559 1790; x_wconf 88' lang='grc' dir='ltr'><strong>εί</strong></span> <span class='ocrx_word' id='word_1_249' title='bbox 2582 1738 2638 1791; x_wconf 84' lang='grc' dir='ltr'><strong>δὲ</strong></span> <span class='ocrx_word' id='word_1_250' title='bbox 2667 1738 2914 1791; x_wconf 87' lang='grc' dir='ltr'>πλεῖστον</span> <span class='ocrx_word' id='word_1_251' title='bbox 2945 1738 3322 1806; x_wconf 82' lang='grc' dir='ltr'>ἀπολειφθεῖεν</span> <span class='ocrx_word' id='word_1_252' title='bbox 3353 1738 3403 1802; x_wconf 87' lang='grc' dir='ltr'><strong>(ὃ</strong></span> <span class='ocrx_word' id='word_1_253' title='bbox 3427 1740 3574 1792; x_wconf 75' lang='grc' dir='ltr'>πᾶσα</span> <span class='ocrx_word' id='word_1_254' title='bbox 3604 1740 3779 1792; x_wconf 76' lang='grc' dir='ltr'>παθεῖν</span> <span class='ocrx_word' id='word_1_255' title='bbox 3857 1781 3860 1784; x_wconf 81' lang='lat'><strong>.</strong></span> 
     </span>
    </p>
   </div>
   <div class='ocr_carea' id='block_1_33' title="bbox 558 1796 2118 1902">
    <p class='ocr_par' dir='ltr' id='par_1_33' title="bbox 558 1825 2118 1900">
     <span class='ocr_line' id='line_1_33' title="bbox 558 1825 2118 1900; baseline -0.006 -14"><span class='ocrx_word' id='word_1_256' title='bbox 558 1849 743 1888; x_wconf 87' lang='lat' dir='ltr'><strong>earum</strong></span> <span class='ocrx_word' id='word_1_257' title='bbox 793 1845 1005 1900; x_wconf 91' lang='lat' dir='ltr'><strong>quoque</strong></span> <span class='ocrx_word' id='word_1_258' title='bbox 1041 1830 1178 1882; x_wconf 87' lang='lat' dir='ltr'><strong>haud</strong></span> <span class='ocrx_word' id='word_1_259' title='bbox 1238 1827 1399 1882; x_wconf 88' lang='lat' dir='ltr'><strong>dubie</strong></span> <span class='ocrx_word' id='word_1_260' title='bbox 1453 1828 1785 1880; x_wconf 90' lang='lat' dir='ltr'><strong>incrementa</strong></span> <span class='ocrx_word' id='word_1_261' title='bbox 1839 1825 2118 1892; x_wconf 80' lang='lat' dir='ltr'><strong>explorata</strong></span> 
     </span>
    </p>
   </div>
   <div class='ocr_carea' id='block_1_34' title="bbox 2224 1796 3782 1902">
    <p class='ocr_par' dir='ltr' id='par_1_34' title="bbox 2229 1796 3782 1902">
     <span class='ocr_line' id='line_1_34' title="bbox 2229 1796 3782 1902; baseline 0.001 -21"><span class='ocrx_word' id='word_1_262' title='bbox 2229 1796 2440 1897; x_wconf 46' lang='grc' dir='ltr'>ἀνάίκη</span> <span class='ocrx_word' id='word_1_263' title='bbox 2472 1829 2583 1891; x_wconf 89' lang='grc' dir='ltr'>τοῖς</span> <span class='ocrx_word' id='word_1_264' title='bbox 2618 1827 2824 1882; x_wconf 78' lang='grc' dir='ltr'>ἐκεῖνον</span> <span class='ocrx_word' id='word_1_265' title='bbox 2868 1796 3368 1898; x_wconf 35' lang='grc' dir='ltr'>ἐγκωμιάζουσιν),</span> <span class='ocrx_word' id='word_1_266' title='bbox 3404 1830 3548 1902; x_wconf 74' lang='grc' dir='ltr'>ἔργῳ</span> <span class='ocrx_word' id='word_1_267' title='bbox 3575 1830 3782 1901; x_wconf 76' lang='grc' dir='ltr'>δεδηλω-</span> 
     </span>
    </p>
   </div>
   <div class='ocr_carea' id='block_1_35' title="bbox 559 1915 2122 1991">
    <p class='ocr_par' dir='ltr' id='par_1_35' title="bbox 559 1915 2122 1991">
     <span class='ocr_line' id='line_1_35' title="bbox 559 1915 2122 1991; baseline -0.006 -12"><span class='ocrx_word' id='word_1_268' title='bbox 559 1925 760 1987; x_wconf 90' lang='lat' dir='ltr'><strong>babeo;</strong></span> <span class='ocrx_word' id='word_1_269' title='bbox 805 1937 903 1977; x_wconf 91' lang='lat' dir='ltr'><strong>nec</strong></span> <span class='ocrx_word' id='word_1_270' title='bbox 957 1921 1250 1991; x_wconf 89' lang='lat' dir='ltr'><strong>quidquam</strong></span> <span class='ocrx_word' id='word_1_271' title='bbox 1301 1920 1520 1973; x_wconf 90' lang='lat' dir='ltr'><strong>omnino</strong></span> <span class='ocrx_word' id='word_1_272' title='bbox 1567 1917 1842 1986; x_wconf 86' lang='lat' dir='ltr'><strong>est,quod</strong></span> <span class='ocrx_word' id='word_1_273' title='bbox 1893 1931 1996 1970; x_wconf 93' lang='lat' dir='ltr'><strong>non</strong></span> <span class='ocrx_word' id='word_1_274' title='bbox 2020 1915 2122 1970; x_wconf 89' lang='lat' dir='ltr'><strong>hac</strong></span> 
     </span>
    </p>
   </div>
   <div class='ocr_carea' id='block_1_36' title="bbox 560 2009 2121 2081">
    <p class='ocr_par' dir='ltr' id='par_1_36' title="bbox 560 2009 2121 2081">
     <span class='ocr_line' id='line_1_36' title="bbox 560 2009 2121 2081; baseline -0.003 -15"><span class='ocrx_word' id='word_1_275' title='bbox 560 2015 765 2069; x_wconf 85' lang='lat' dir='ltr'><strong>ratione</strong></span> <span class='ocrx_word' id='word_1_276' title='bbox 825 2020 1102 2081; x_wconf 81' lang='lat' dir='ltr'><strong>augeatur.</strong></span> <span class='ocrx_word' id='word_1_277' title='bbox 1172 2009 1475 2074; x_wconf 84' lang='lat' dir='ltr'><strong>Postremo,</strong></span> <span class='ocrx_word' id='word_1_278' title='bbox 1537 2011 1680 2079; x_wconf 87' lang='lat' dir='ltr'><strong>quod</strong></span> <span class='ocrx_word' id='word_1_279' title='bbox 1731 2009 1797 2063; x_wconf 91' lang='lat' dir='ltr'><strong>ad</strong></span> <span class='ocrx_word' id='word_1_280' title='bbox 1844 2023 2121 2064; x_wconf 85' lang='lat' dir='ltr'><strong>sermones</strong></span> 
     </span>
    </p>
   </div>
   <div class='ocr_carea' id='block_1_37' title="bbox 2230 1914 3780 1992">
    <p class='ocr_par' dir='ltr' id='par_1_37' title="bbox 2230 1914 3780 1992">
     <span class='ocr_line' id='line_1_37' title="bbox 2230 1914 3780 1992; baseline 0.001 -22"><span class='ocrx_word' id='word_1_281' title='bbox 2230 1917 2347 1970; x_wconf 88' lang='grc' dir='ltr'>κόσι</span> <span class='ocrx_word' id='word_1_282' title='bbox 2377 1919 2473 1988; x_wconf 81' lang='grc' dir='ltr'>τὴν</span> <span class='ocrx_word' id='word_1_283' title='bbox 2503 1914 2690 1989; x_wconf 79' lang='grc' dir='ltr'>ἧτταν,</span> <span class='ocrx_word' id='word_1_284' title='bbox 2719 1919 2812 1971; x_wconf 72' lang='grc' dir='ltr'><strong>καὶ</strong></span> <span class='ocrx_word' id='word_1_285' title='bbox 2861 1918 2921 1970; x_wconf 80' lang='grc' dir='ltr'>τὸ</span> <span class='ocrx_word' id='word_1_286' title='bbox 2971 1921 3214 1988; x_wconf 86' lang='grc' dir='ltr'>κρεῖττον</span> <span class='ocrx_word' id='word_1_287' title='bbox 3250 1918 3364 1990; x_wconf 78' lang='grc'><strong>(51)</strong></span> <span class='ocrx_word' id='word_1_288' title='bbox 3403 1920 3436 1992; x_wconf 82' lang='grc' dir='ltr'><strong>ἦ</strong></span> <span class='ocrx_word' id='word_1_289' title='bbox 3473 1920 3610 1974; x_wconf 83' lang='grc' dir='ltr'>κατὰ</span> <span class='ocrx_word' id='word_1_290' title='bbox 3637 1921 3780 1989; x_wconf 81' lang='grc' dir='ltr'>λόγου</span> 
     </span>
    </p>
   </div>
   <div class='ocr_carea' id='block_1_38' title="bbox 2228 2003 3194 2080">
    <p class='ocr_par' dir='ltr' id='par_1_38' title="bbox 2228 2003 3194 2080">
     <span class='ocr_line' id='line_1_38' title="bbox 2228 2003 3194 2080; baseline 0.003 -20"><span class='ocrx_word' id='word_1_291' title='bbox 2228 2007 2453 2078; x_wconf 87' lang='grc' dir='ltr'>δύναμιν</span> <span class='ocrx_word' id='word_1_292' title='bbox 2479 2003 2616 2063; x_wconf 74' lang='grc' dir='ltr'>εἶναι</span> <span class='ocrx_word' id='word_1_293' title='bbox 2650 2008 2740 2062; x_wconf 80' lang='grc' dir='ltr'><strong>τὸν</strong></span> <span class='ocrx_word' id='word_1_294' title='bbox 2763 2007 3194 2080; x_wconf 79' lang='grc' dir='ltr'>εὑφημούμενον.</span> 
     </span>
    </p>
   </div>
   <div class='ocr_carea' id='block_1_39' title="bbox 554 2099 3785 2171">
    <p class='ocr_par' dir='ltr' id='par_1_39' title="bbox 554 2099 3785 2171">
     <span class='ocr_line' id='line_1_39' title="bbox 554 2099 3785 2171; baseline -0.001 -13"><span class='ocrx_word' id='word_1_295' title='bbox 554 2107 768 2169; x_wconf 79' lang='lat' dir='ltr'><strong>attinet,</strong></span> <span class='ocrx_word' id='word_1_296' title='bbox 801 2103 1006 2158; x_wconf 85' lang='lat' dir='ltr'><strong>utrovis</strong></span> <span class='ocrx_word' id='word_1_297' title='bbox 1039 2103 1196 2156; x_wconf 86' lang='lat' dir='ltr'><strong>modo</strong></span> <span class='ocrx_word' id='word_1_298' title='bbox 1236 2117 1320 2157; x_wconf 90' lang='lat' dir='ltr'><strong>res</strong></span> <span class='ocrx_word' id='word_1_299' title='bbox 1358 2101 1616 2170; x_wconf 66' lang='lat' dir='ltr'><strong>prmclare</strong></span> <span class='ocrx_word' id='word_1_300' title='bbox 1681 2115 1739 2155; x_wconf 88' lang='lat' dir='ltr'><strong>se</strong></span> <span class='ocrx_word' id='word_1_301' title='bbox 1787 2100 2032 2155; x_wconf 84' lang='lat' dir='ltr'><strong>habitura</strong></span> <span class='ocrx_word' id='word_1_302' title='bbox 2059 2110 2160 2156; x_wconf 90' lang='lat' dir='ltr'><strong>est.</strong></span> <span class='ocrx_word' id='word_1_303' title='bbox 2203 2099 2334 2153; x_wconf 86' lang='lat' dir='ltr'><strong>Nam</strong></span> <span class='ocrx_word' id='word_1_304' title='bbox 2379 2100 2426 2155; x_wconf 91' lang='lat' dir='ltr'><strong>si</strong></span> <span class='ocrx_word' id='word_1_305' title='bbox 2497 2101 2562 2153; x_wconf 88' lang='lat' dir='ltr'><strong>ad</strong></span> <span class='ocrx_word' id='word_1_306' title='bbox 2607 2101 2775 2170; x_wconf 87' lang='lat' dir='ltr'><strong>ipsius</strong></span> <span class='ocrx_word' id='word_1_307' title='bbox 2820 2101 3132 2169; x_wconf 83' lang='lat' dir='ltr'><strong>dignitatem</strong></span> <span class='ocrx_word' id='word_1_308' title='bbox 3174 2112 3228 2154; x_wconf 89' lang='lat' dir='ltr'><strong>et</strong></span> <span class='ocrx_word' id='word_1_309' title='bbox 3281 2101 3535 2156; x_wconf 89' lang='lat' dir='ltr'><strong>meritum</strong></span> <span class='ocrx_word' id='word_1_310' title='bbox 3585 2101 3785 2171; x_wconf 86' lang='lat' dir='ltr'><strong>propius</strong></span> 
     </span>
    </p>
   </div>
   <div class='ocr_carea' id='block_1_40' title="bbox 556 2188 3789 2268">
    <p class='ocr_par' dir='ltr' id='par_1_40' title="bbox 556 2188 3789 2268">
     <span class='ocr_line' id='line_1_40' title="bbox 556 2188 3789 2268; baseline 0.001 -22"><span class='ocrx_word' id='word_1_311' title='bbox 556 2194 903 2256; x_wconf 82' lang='lat' dir='ltr'><strong>accesserint,</strong></span> <span class='ocrx_word' id='word_1_312' title='bbox 935 2191 1041 2242; x_wconf 89' lang='lat' dir='ltr'><strong>vim</strong></span> <span class='ocrx_word' id='word_1_313' title='bbox 1095 2205 1248 2244; x_wconf 82' lang='lat' dir='ltr'><strong>suam</strong></span> <span class='ocrx_word' id='word_1_314' title='bbox 1287 2199 1341 2244; x_wconf 90' lang='lat' dir='ltr'><strong>et</strong></span> <span class='ocrx_word' id='word_1_315' title='bbox 1387 2190 1546 2260; x_wconf 79' lang='lat'><strong>771</strong></span> <span class='ocrx_word' id='word_1_316' title='bbox 1598 2188 1904 2244; x_wconf 80' lang='lat' dir='ltr'><strong>facultatem</strong></span> <span class='ocrx_word' id='word_1_317' title='bbox 1955 2189 2274 2253; x_wconf 88' lang='lat' dir='ltr'><strong>ostendent;</strong></span> <span class='ocrx_word' id='word_1_318' title='bbox 2319 2190 2400 2243; x_wconf 84' lang='lat' dir='ltr'><strong>sin</strong></span> <span class='ocrx_word' id='word_1_319' title='bbox 2437 2199 2615 2244; x_wconf 88' lang='lat' dir='ltr'><strong>autem</strong></span> <span class='ocrx_word' id='word_1_320' title='bbox 2669 2191 2736 2243; x_wconf 87' lang='lat' dir='ltr'><strong>ab</strong></span> <span class='ocrx_word' id='word_1_321' title='bbox 2777 2191 2920 2246; x_wconf 90' lang='lat' dir='ltr'><strong>illius</strong></span> <span class='ocrx_word' id='word_1_322' title='bbox 2945 2197 3252 2262; x_wconf 72' lang='lat' dir='ltr'><strong>prtestantia</strong></span> <span class='ocrx_word' id='word_1_323' title='bbox 3308 2197 3470 2268; x_wconf 80' lang='lat' dir='ltr'><strong>longe</strong></span> <span class='ocrx_word' id='word_1_324' title='bbox 3537 2199 3789 2253; x_wconf 77' lang='lat' dir='ltr'><strong>abfuerint</strong></span> 
     </span>
    </p>
   </div>
   <div class='ocr_carea' id='block_1_41' title="bbox 554 2279 3788 2355">
    <p class='ocr_par' dir='ltr' id='par_1_41' title="bbox 554 2279 3788 2355">
     <span class='ocr_line' id='line_1_41' title="bbox 554 2279 3788 2355; baseline -0.002 -17"><span class='ocrx_word' id='word_1_325' title='bbox 554 2285 719 2355; x_wconf 89' lang='lat' dir='ltr'><strong>(quod</strong></span> <span class='ocrx_word' id='word_1_326' title='bbox 759 2283 980 2338; x_wconf 90' lang='lat' dir='ltr'><strong>omnino</strong></span> <span class='ocrx_word' id='word_1_327' title='bbox 1029 2281 1119 2344; x_wconf 92' lang='lat' dir='ltr'><strong>iis,</strong></span> <span class='ocrx_word' id='word_1_328' title='bbox 1173 2281 1262 2349; x_wconf 90' lang='lat' dir='ltr'><strong>qui</strong></span> <span class='ocrx_word' id='word_1_329' title='bbox 1311 2295 1432 2335; x_wconf 90' lang='lat' dir='ltr'><strong>eum</strong></span> <span class='ocrx_word' id='word_1_330' title='bbox 1491 2280 1712 2335; x_wconf 88' lang='lat' dir='ltr'><strong>laudare</strong></span> <span class='ocrx_word' id='word_1_331' title='bbox 1763 2279 2112 2342; x_wconf 89' lang='lat' dir='ltr'><strong>instituerint,</strong></span> <span class='ocrx_word' id='word_1_332' title='bbox 2155 2279 2401 2334; x_wconf 89' lang='lat' dir='ltr'><strong>accidere</strong></span> <span class='ocrx_word' id='word_1_333' title='bbox 2425 2294 2644 2335; x_wconf 89' lang='lat' dir='ltr'><strong>necesse</strong></span> <span class='ocrx_word' id='word_1_334' title='bbox 2669 2282 2795 2351; x_wconf 88' lang='lat' dir='ltr'><strong>est),</strong></span> <span class='ocrx_word' id='word_1_335' title='bbox 2867 2297 2927 2336; x_wconf 90' lang='lat' dir='ltr'><strong>re</strong></span> <span class='ocrx_word' id='word_1_336' title='bbox 2987 2286 3101 2353; x_wconf 86' lang='lat' dir='ltr'><strong>ipsa</strong></span> <span class='ocrx_word' id='word_1_337' title='bbox 3144 2300 3202 2342; x_wconf 80' lang='lat' dir='ltr'><strong>se</strong></span> <span class='ocrx_word' id='word_1_338' title='bbox 3231 2288 3592 2343; x_wconf 77' lang='lat' dir='ltr'><strong>succubuisse</strong></span> <span class='ocrx_word' id='word_1_339' title='bbox 3619 2289 3788 2344; x_wconf 48' lang='lat' dir='ltr'><strong>decim.</strong></span> 
     </span>
    </p>
   </div>
   <div class='ocr_carea' id='block_1_42' title="bbox 556 2370 2864 2441">
    <p class='ocr_par' dir='ltr' id='par_1_42' title="bbox 556 2370 2864 2441">
     <span class='ocr_line' id='line_1_42' title="bbox 556 2370 2864 2441; baseline -0.002 -11"><span class='ocrx_word' id='word_1_340' title='bbox 556 2379 768 2437; x_wconf 83' lang='lat' dir='ltr'><strong>rabunt.</strong></span> <span class='ocrx_word' id='word_1_341' title='bbox 807 2389 1038 2441; x_wconf 89' lang='lat' dir='ltr'><strong>eumque</strong></span> <span class='ocrx_word' id='word_1_342' title='bbox 1091 2375 1155 2428; x_wconf 86' lang='lat' dir='ltr'><strong>de</strong></span> <span class='ocrx_word' id='word_1_343' title='bbox 1204 2372 1355 2440; x_wconf 80' lang='lat' dir='ltr'><strong>cujus</strong></span> <span class='ocrx_word' id='word_1_344' title='bbox 1404 2371 1650 2428; x_wconf 89' lang='lat' dir='ltr'><strong>laudibus</strong></span> <span class='ocrx_word' id='word_1_345' title='bbox 1678 2372 1875 2441; x_wconf 77' lang='lat' dir='ltr'><strong>agitur,</strong></span> <span class='ocrx_word' id='word_1_346' title='bbox 1907 2386 2120 2426; x_wconf 91' lang='lat' dir='ltr'><strong>omnem</strong></span> <span class='ocrx_word' id='word_1_347' title='bbox 2160 2370 2267 2424; x_wconf 90' lang='lat' dir='ltr'><strong>vim</strong></span> <span class='ocrx_word' id='word_1_348' title='bbox 2299 2370 2560 2426; x_wconf 87' lang='lat' dir='ltr'><strong>orationis</strong></span> <span class='ocrx_word' id='word_1_349' title='bbox 2587 2387 2864 2441; x_wconf 89' lang='lat' dir='ltr'><strong>superare.</strong></span> 
     </span>
    </p>
   </div>
   <div class='ocr_carea' id='block_1_43' title="bbox 625 2467 2125 2539">
    <p class='ocr_par' dir='ltr' id='par_1_43' title="bbox 625 2467 2125 2539">
     <span class='ocr_line' id='line_1_43' title="bbox 625 2467 2125 2539; baseline -0.003 -15"><span class='ocrx_word' id='word_1_350' title='bbox 625 2471 688 2524; x_wconf 90' lang='lat' dir='ltr'><strong>ll.</strong></span> <span class='ocrx_word' id='word_1_351' title='bbox 720 2470 840 2524; x_wconf 79' lang='lat' dir='ltr'><strong>Haec</strong></span> <span class='ocrx_word' id='word_1_352' title='bbox 867 2470 1080 2539; x_wconf 88' lang='lat' dir='ltr'><strong>quidem</strong></span> <span class='ocrx_word' id='word_1_353' title='bbox 1105 2478 1250 2534; x_wconf 85' lang='lat' dir='ltr'><strong>sunt,</strong></span> <span class='ocrx_word' id='word_1_354' title='bbox 1278 2482 1396 2537; x_wconf 65' lang='lat' dir='ltr'><strong>qua:</strong></span> <span class='ocrx_word' id='word_1_355' title='bbox 1438 2482 1523 2522; x_wconf 90' lang='lat' dir='ltr'><strong>me</strong></span> <span class='ocrx_word' id='word_1_356' title='bbox 1555 2469 1620 2521; x_wconf 89' lang='lat' dir='ltr'><strong>ad</strong></span> <span class='ocrx_word' id='word_1_357' title='bbox 1642 2467 1947 2531; x_wconf 90' lang='lat' dir='ltr'><strong>dicendum,</strong></span> <span class='ocrx_word' id='word_1_358' title='bbox 1977 2475 2029 2522; x_wconf 88' lang='lat' dir='ltr'><strong>et</strong></span> <span class='ocrx_word' id='word_1_359' title='bbox 2058 2467 2125 2520; x_wconf 88' lang='lat' dir='ltr'><strong>ad</strong></span> 
     </span>
    </p>
   </div>
   <div class='ocr_carea' id='block_1_44' title="bbox 555 2542 2108 2630">
    <p class='ocr_par' dir='ltr' id='par_1_44' title="bbox 555 2542 2108 2630">
     <span class='ocr_line' id='line_1_44' title="bbox 555 2542 2108 2630; baseline -0.004 -12"><span class='ocrx_word' id='word_1_360' title='bbox 555 2559 952 2630; x_wconf 65' lang='lat' dir='ltr'><strong>susi’ipiendum</strong></span> <span class='ocrx_word' id='word_1_361' title='bbox 998 2560 1098 2614; x_wconf 88' lang='lat' dir='ltr'><strong>hoc</strong></span> <span class='ocrx_word' id='word_1_362' title='bbox 1127 2567 1400 2614; x_wconf 84' lang='lat' dir='ltr'><strong>certamen</strong></span> <span class='ocrx_word' id='word_1_363' title='bbox 1455 2558 1799 2628; x_wconf 91' lang='lat' dir='ltr'><strong>impulerunt.</strong></span> <span class='ocrx_word' id='word_1_364' title='bbox 1853 2542 2003 2624; x_wconf 80' lang='lat' dir='ltr'><strong>Quod</strong></span> <span class='ocrx_word' id='word_1_365' title='bbox 2059 2558 2108 2612; x_wconf 89' lang='lat' dir='ltr'><strong>si</strong></span> 
     </span>
    </p>
   </div>
   <div class='ocr_carea' id='block_1_45' title="bbox 556 2649 2123 2720">
    <p class='ocr_par' dir='ltr' id='par_1_45' title="bbox 556 2649 2123 2720">
     <span class='ocr_line' id='line_1_45' title="bbox 556 2649 2123 2720; baseline -0.003 -12"><span class='ocrx_word' id='word_1_366' title='bbox 556 2653 724 2708; x_wconf 89' lang='lat' dir='ltr'><strong>multo</strong></span> <span class='ocrx_word' id='word_1_367' title='bbox 747 2652 941 2714; x_wconf 85' lang='lat' dir='ltr'><strong>serius,</strong></span> <span class='ocrx_word' id='word_1_368' title='bbox 977 2666 1136 2720; x_wconf 88' lang='lat' dir='ltr'><strong>quam</strong></span> <span class='ocrx_word' id='word_1_369' title='bbox 1169 2661 1375 2720; x_wconf 85' lang='lat' dir='ltr'><strong>tempus</strong></span> <span class='ocrx_word' id='word_1_370' title='bbox 1414 2649 1740 2718; x_wconf 86' lang='lat' dir='ltr'><strong>postulabat,</strong></span> <span class='ocrx_word' id='word_1_371' title='bbox 1775 2664 1838 2704; x_wconf 90' lang='lat' dir='ltr'><strong>ac</strong></span> <span class='ocrx_word' id='word_1_372' title='bbox 1890 2659 2008 2718; x_wconf 84' lang='lat' dir='ltr'><strong>post</strong></span> <span class='ocrx_word' id='word_1_373' title='bbox 2046 2657 2123 2704; x_wconf 92' lang='lat' dir='ltr'><strong>tot</strong></span> 
     </span>
    </p>
   </div>
   <div class='ocr_carea' id='block_1_46' title="bbox 555 2740 2120 2813">
    <p class='ocr_par' dir='ltr' id='par_1_46' title="bbox 555 2740 2120 2813">
     <span class='ocr_line' id='line_1_46' title="bbox 555 2740 2120 2813; baseline -0.002 -14"><span class='ocrx_word' id='word_1_374' title='bbox 555 2747 710 2810; x_wconf 85' lang='lat' dir='ltr'><strong>alios,</strong></span> <span class='ocrx_word' id='word_1_375' title='bbox 758 2745 846 2813; x_wconf 93' lang='lat' dir='ltr'><strong>qui</strong></span> <span class='ocrx_word' id='word_1_376' title='bbox 909 2758 992 2798; x_wconf 85' lang='lat' dir='ltr'><strong>res</strong></span> <span class='ocrx_word' id='word_1_377' title='bbox 1034 2743 1177 2796; x_wconf 84' lang='lat' dir='ltr'><strong>illius</strong></span> <span class='ocrx_word' id='word_1_378' title='bbox 1233 2741 1479 2810; x_wconf 86' lang='lat' dir='ltr'><strong>privatim</strong></span> <span class='ocrx_word' id='word_1_379' title='bbox 1512 2741 1830 2810; x_wconf 88' lang='lat' dir='ltr'><strong>publiceque</strong></span> <span class='ocrx_word' id='word_1_380' title='bbox 1875 2740 2120 2796; x_wconf 87' lang='lat' dir='ltr'><strong>laudibus</strong></span> 
     </span>
    </p>
   </div>
   <div class='ocr_carea' id='block_1_47' title="bbox 553 2828 2112 2898">
    <p class='ocr_par' dir='ltr' id='par_1_47' title="bbox 553 2828 2112 2898">
     <span class='ocr_line' id='line_1_47' title="bbox 553 2828 2112 2898; baseline -0.006 -7"><span class='ocrx_word' id='word_1_381' title='bbox 553 2843 835 2898; x_wconf 90' lang='lat' dir='ltr'><strong>oruaruut,</strong></span> <span class='ocrx_word' id='word_1_382' title='bbox 869 2833 934 2888; x_wconf 89' lang='lat' dir='ltr'><strong>ad</strong></span> <span class='ocrx_word' id='word_1_383' title='bbox 960 2834 1060 2887; x_wconf 88' lang='lat' dir='ltr'><strong>hoc</strong></span> <span class='ocrx_word' id='word_1_384' title='bbox 1097 2847 1291 2886; x_wconf 87' lang='lat' dir='ltr'><strong>munus</strong></span> <span class='ocrx_word' id='word_1_385' title='bbox 1324 2830 1548 2892; x_wconf 88' lang='lat' dir='ltr'><strong>accessi,</strong></span> <span class='ocrx_word' id='word_1_386' title='bbox 1581 2829 1779 2885; x_wconf 88' lang='lat' dir='ltr'><strong>nemini</strong></span> <span class='ocrx_word' id='word_1_387' title='bbox 1819 2828 2012 2883; x_wconf 89' lang='lat' dir='ltr'><strong>mirum</strong></span> <span class='ocrx_word' id='word_1_388' title='bbox 2043 2829 2112 2882; x_wconf 87' lang='lat' dir='ltr'><strong>vi-</strong></span> 
     </span>
    </p>
   </div>
   <div class='ocr_carea' id='block_1_48' title="bbox 556 2917 2118 2993">
    <p class='ocr_par' dir='ltr' id='par_1_48' title="bbox 556 2917 2118 2993">
     <span class='ocr_line' id='line_1_48' title="bbox 556 2917 2118 2993; baseline -0.008 -11"><span class='ocrx_word' id='word_1_389' title='bbox 556 2928 766 2982; x_wconf 87' lang='lat' dir='ltr'><strong>deatur.</strong></span> <span class='ocrx_word' id='word_1_390' title='bbox 797 2925 990 2979; x_wconf 81' lang='lat' dir='ltr'><strong>Verum</strong></span> <span class='ocrx_word' id='word_1_391' title='bbox 1020 2923 1260 2993; x_wconf 83' lang='lat' dir='ltr'><strong>ignoscat</strong></span> <span class='ocrx_word' id='word_1_392' title='bbox 1292 2920 1444 2987; x_wconf 90' lang='lat' dir='ltr'><strong>mihi,</strong></span> <span class='ocrx_word' id='word_1_393' title='bbox 1481 2919 1660 2985; x_wconf 89' lang='lat' dir='ltr'><strong>velim,</strong></span> <span class='ocrx_word' id='word_1_394' title='bbox 1709 2917 1887 2974; x_wconf 85' lang='lat' dir='ltr'><strong>divina</strong></span> <span class='ocrx_word' id='word_1_395' title='bbox 1919 2918 2118 2984; x_wconf 90' lang='lat' dir='ltr'><strong>anima,</strong></span> 
     </span>
    </p>
   </div>
   <div class='ocr_carea' id='block_1_49' title="bbox 555 3009 2119 3086">
    <p class='ocr_par' dir='ltr' id='par_1_49' title="bbox 555 3009 2119 3086">
     <span class='ocr_line' id='line_1_49' title="bbox 555 3009 2119 3086; baseline -0.004 -16"><span class='ocrx_word' id='word_1_396' title='bbox 555 3018 815 3086; x_wconf 86' lang='lat' dir='ltr'><strong>mihique,</strong></span> <span class='ocrx_word' id='word_1_397' title='bbox 844 3023 898 3070; x_wconf 88' lang='lat' dir='ltr'><strong>et</strong></span> <span class='ocrx_word' id='word_1_398' title='bbox 940 3028 1102 3078; x_wconf 90' lang='lat' dir='ltr'><strong>nunc,</strong></span> <span class='ocrx_word' id='word_1_399' title='bbox 1138 3022 1191 3067; x_wconf 91' lang='lat' dir='ltr'><strong>et</strong></span> <span class='ocrx_word' id='word_1_400' title='bbox 1218 3022 1342 3066; x_wconf 91' lang='lat' dir='ltr'><strong>ante</strong></span> <span class='ocrx_word' id='word_1_401' title='bbox 1395 3011 1720 3066; x_wconf 87' lang='lat' dir='ltr'><strong>veneranda.</strong></span> <span class='ocrx_word' id='word_1_402' title='bbox 1758 3009 2119 3079; x_wconf 87' lang='lat' dir='ltr'><strong>Quemadmo-</strong></span> 
     </span>
    </p>
   </div>
   <div class='ocr_carea' id='block_1_50' title="bbox 555 3099 2118 3173">
    <p class='ocr_par' dir='ltr' id='par_1_50' title="bbox 555 3099 2118 3173">
     <span class='ocr_line' id='line_1_50' title="bbox 555 3099 2118 3173; baseline -0.004 -12"><span class='ocrx_word' id='word_1_403' title='bbox 555 3109 678 3161; x_wconf 87' lang='lat' dir='ltr'><strong>dum</strong></span> <span class='ocrx_word' id='word_1_404' title='bbox 727 3115 903 3160; x_wconf 90' lang='lat' dir='ltr'><strong>autem</strong></span> <span class='ocrx_word' id='word_1_405' title='bbox 950 3105 1190 3171; x_wconf 90' lang='lat' dir='ltr'><strong>omnino,</strong></span> <span class='ocrx_word' id='word_1_406' title='bbox 1228 3118 1348 3159; x_wconf 90' lang='lat' dir='ltr'><strong>cum</strong></span> <span class='ocrx_word' id='word_1_407' title='bbox 1387 3099 1528 3172; x_wconf 86' lang='lat' dir='ltr'><strong>apud</strong></span> <span class='ocrx_word' id='word_1_408' title='bbox 1587 3117 1683 3158; x_wconf 88' lang='lat' dir='ltr'><strong>nos</strong></span> <span class='ocrx_word' id='word_1_409' title='bbox 1721 3111 1922 3173; x_wconf 80' lang='lat' dir='ltr'><strong>ageret,</strong></span> <span class='ocrx_word' id='word_1_410' title='bbox 1953 3102 2118 3156; x_wconf 89' lang='lat' dir='ltr'><strong>multa</strong></span> 
     </span>
    </p>
   </div>
   <div class='ocr_carea' id='block_1_51' title="bbox 556 3194 2120 3275">
    <p class='ocr_par' dir='ltr' id='par_1_51' title="bbox 556 3194 2120 3275">
     <span class='ocr_line' id='line_1_51' title="bbox 556 3194 2120 3275; baseline -0.004 -21"><span class='ocrx_word' id='word_1_411' title='bbox 556 3215 672 3254; x_wconf 89' lang='lat' dir='ltr'><strong>mea</strong></span> <span class='ocrx_word' id='word_1_412' title='bbox 704 3209 879 3254; x_wconf 89' lang='lat' dir='ltr'><strong>errata</strong></span> <span class='ocrx_word' id='word_1_413' title='bbox 913 3213 1008 3266; x_wconf 88' lang='lat' dir='ltr'><strong>pro</strong></span> <span class='ocrx_word' id='word_1_414' title='bbox 1045 3197 1294 3251; x_wconf 71' lang='lat' dir='ltr'><strong>amicitiae</strong></span> <span class='ocrx_word' id='word_1_415' title='bbox 1324 3195 1444 3264; x_wconf 87' lang='lat' dir='ltr'><strong>jure</strong></span> <span class='ocrx_word' id='word_1_416' title='bbox 1492 3209 1555 3249; x_wconf 90' lang='lat' dir='ltr'><strong>ac</strong></span> <span class='ocrx_word' id='word_1_417' title='bbox 1596 3194 1960 3264; x_wconf 62' lang='lat' dir='ltr'><strong>praestantiori</strong></span> <span class='ocrx_word' id='word_1_418' title='bbox 2003 3194 2120 3275; x_wconf 69' lang='lat' dir='ltr'><strong>lege</strong></span> 
     </span>
    </p>
   </div>
   <div class='ocr_carea' id='block_1_52' title="bbox 554 3285 2121 3360">
    <p class='ocr_par' dir='ltr' id='par_1_52' title="bbox 554 3285 2121 3360">
     <span class='ocr_line' id='line_1_52' title="bbox 554 3285 2121 3360; baseline -0.004 -14"><span class='ocrx_word' id='word_1_419' title='bbox 554 3291 859 3360; x_wconf 83' lang='lat' dir='ltr'><strong>corrigebat</strong></span> <span class='ocrx_word' id='word_1_420' title='bbox 907 3287 1034 3360; x_wconf 92' lang='lat' dir='ltr'><strong>(non</strong></span> <span class='ocrx_word' id='word_1_421' title='bbox 1077 3287 1219 3342; x_wconf 90' lang='lat' dir='ltr'><strong>enim</strong></span> <span class='ocrx_word' id='word_1_422' title='bbox 1255 3287 1432 3342; x_wconf 91' lang='lat' dir='ltr'><strong>dicere</strong></span> <span class='ocrx_word' id='word_1_423' title='bbox 1464 3301 1678 3349; x_wconf 90' lang='lat' dir='ltr'><strong>vereor,</strong></span> <span class='ocrx_word' id='word_1_424' title='bbox 1725 3286 1867 3355; x_wconf 92' lang='lat' dir='ltr'><strong>quod</strong></span> <span class='ocrx_word' id='word_1_425' title='bbox 1917 3285 2121 3340; x_wconf 84' lang='lat' dir='ltr'><strong>cunctis</strong></span> 
     </span>
    </p>
   </div>
   <div class='ocr_carea' id='block_1_53' title="bbox 554 3364 2154 3444">
    <p class='ocr_par' dir='ltr' id='par_1_53' title="bbox 554 3364 2154 3444">
     <span class='ocr_line' id='line_1_53' title="bbox 554 3364 2154 3444; baseline -0.004 -9"><span class='ocrx_word' id='word_1_426' title='bbox 554 3390 695 3436; x_wconf 86' lang='lat' dir='ltr'><strong>esset</strong></span> <span class='ocrx_word' id='word_1_427' title='bbox 724 3379 805 3435; x_wconf 81' lang='lat' dir='ltr'><strong>lex</strong></span> <span class='ocrx_word' id='word_1_428' title='bbox 841 3388 896 3434; x_wconf 90' lang='lat' dir='ltr'><strong>et</strong></span> <span class='ocrx_word' id='word_1_429' title='bbox 931 3393 1117 3432; x_wconf 85' lang='lat' dir='ltr'><strong>norma</strong></span> <span class='ocrx_word' id='word_1_430' title='bbox 1168 3375 1443 3441; x_wconf 85' lang='lat' dir='ltr'><strong>virtutis);</strong></span> <span class='ocrx_word' id='word_1_431' title='bbox 1481 3376 1560 3436; x_wconf 86' lang='lat' dir='ltr'><strong>sic</strong></span> <span class='ocrx_word' id='word_1_432' title='bbox 1593 3390 1736 3429; x_wconf 92' lang='lat' dir='ltr'><strong>nunc</strong></span> <span class='ocrx_word' id='word_1_433' title='bbox 1780 3389 1991 3444; x_wconf 88' lang='lat' dir='ltr'><strong>quoque</strong></span> <span class='ocrx_word' id='word_1_434' title='bbox 2033 3364 2154 3430; x_wconf 59' lang='lat' dir='ltr'><strong>su-&#39;</strong></span> 
     </span>
    </p>
   </div>
   <div class='ocr_carea' id='block_1_54' title="bbox 553 3464 2119 3543">
    <p class='ocr_par' dir='ltr' id='par_1_54' title="bbox 553 3464 2119 3543">
     <span class='ocr_line' id='line_1_54' title="bbox 553 3464 2119 3543; baseline -0.004 -19"><span class='ocrx_word' id='word_1_435' title='bbox 553 3487 650 3543; x_wconf 84' lang='lat' dir='ltr'><strong>pra</strong></span> <span class='ocrx_word' id='word_1_436' title='bbox 697 3486 793 3524; x_wconf 89' lang='lat' dir='ltr'><strong>nos</strong></span> <span class='ocrx_word' id='word_1_437' title='bbox 851 3469 1078 3540; x_wconf 88' lang='lat' dir='ltr'><strong>positus,</strong></span> <span class='ocrx_word' id='word_1_438' title='bbox 1149 3467 1358 3521; x_wconf 79' lang='lat' dir='ltr'><strong>facilem</strong></span> <span class='ocrx_word' id='word_1_439' title='bbox 1414 3481 1474 3520; x_wconf 90' lang='lat' dir='ltr'><strong>se</strong></span> <span class='ocrx_word' id='word_1_440' title='bbox 1518 3466 1648 3518; x_wconf 91' lang='lat' dir='ltr'><strong>mibi</strong></span> <span class='ocrx_word' id='word_1_441' title='bbox 1691 3480 1755 3520; x_wconf 90' lang='lat' dir='ltr'><strong>ac</strong></span> <span class='ocrx_word' id='word_1_442' title='bbox 1792 3464 2119 3520; x_wconf 80' lang='lat' dir='ltr'><strong>exorabilem</strong></span> 
     </span>
    </p>
   </div>
   <div class='ocr_carea' id='block_1_55' title="bbox 555 3556 2120 3633">
    <p class='ocr_par' dir='ltr' id='par_1_55' title="bbox 555 3556 2120 3633">
     <span class='ocr_line' id='line_1_55' title="bbox 555 3556 2120 3633; baseline -0.006 -18"><span class='ocrx_word' id='word_1_443' title='bbox 555 3563 829 3633; x_wconf 63' lang='lat' dir='ltr'><strong>praebebit.</strong></span> <span class='ocrx_word' id='word_1_444' title='bbox 883 3558 1164 3621; x_wconf 80' lang='lat' dir='ltr'><strong>lgnoscant</strong></span> <span class='ocrx_word' id='word_1_445' title='bbox 1219 3557 1403 3618; x_wconf 84' lang='lat' dir='ltr'><strong>etiam,</strong></span> <span class='ocrx_word' id='word_1_446' title='bbox 1465 3570 1668 3624; x_wconf 63' lang='lat' dir='ltr'><strong>quasso,</strong></span> <span class='ocrx_word' id='word_1_447' title='bbox 1709 3556 2014 3623; x_wconf 88' lang='lat' dir='ltr'><strong>quicunque</strong></span> <span class='ocrx_word' id='word_1_448' title='bbox 2054 3569 2120 3608; x_wconf 80' lang='lat' dir='ltr'><strong>ex</strong></span> 
     </span>
    </p>
   </div>
   <div class='ocr_carea' id='block_1_56' title="bbox 556 3643 2116 3712">
    <p class='ocr_par' dir='ltr' id='par_1_56' title="bbox 556 3643 2116 3712">
     <span class='ocr_line' id='line_1_56' title="bbox 556 3643 2116 3712; baseline -0.006 -8"><span class='ocrx_word' id='word_1_449' title='bbox 556 3653 706 3708; x_wconf 89' lang='lat' dir='ltr'><strong>vobis</strong></span> <span class='ocrx_word' id='word_1_450' title='bbox 733 3649 1086 3704; x_wconf 80' lang='lat' dir='ltr'><strong>ferventiores</strong></span> <span class='ocrx_word' id='word_1_451' title='bbox 1124 3647 1263 3700; x_wconf 91' lang='lat' dir='ltr'><strong>illius</strong></span> <span class='ocrx_word' id='word_1_452' title='bbox 1294 3645 1600 3698; x_wconf 85' lang='lat' dir='ltr'><strong>laudatores</strong></span> <span class='ocrx_word' id='word_1_453' title='bbox 1635 3653 1801 3710; x_wconf 88' lang='lat' dir='ltr'><strong>sunt;</strong></span> <span class='ocrx_word' id='word_1_454' title='bbox 1833 3643 1874 3696; x_wconf 94' lang='lat' dir='ltr'><strong>si</strong></span> <span class='ocrx_word' id='word_1_455' title='bbox 1906 3643 1996 3712; x_wconf 93' lang='lat' dir='ltr'><strong>qui</strong></span> <span class='ocrx_word' id='word_1_456' title='bbox 2035 3654 2116 3695; x_wconf 89' lang='lat' dir='ltr'><strong>ta-</strong></span> 
     </span>
    </p>
   </div>
   <div class='ocr_carea' id='block_1_57' title="bbox 555 3733 2116 3800">
    <p class='ocr_par' dir='ltr' id='par_1_57' title="bbox 555 3733 2116 3800">
     <span class='ocr_line' id='line_1_57' title="bbox 555 3733 2116 3800; baseline -0.008 -3"><span class='ocrx_word' id='word_1_457' title='bbox 555 3758 675 3798; x_wconf 92' lang='lat' dir='ltr'><strong>men</strong></span> <span class='ocrx_word' id='word_1_458' title='bbox 723 3742 810 3796; x_wconf 89' lang='lat' dir='ltr'><strong>alii</strong></span> <span class='ocrx_word' id='word_1_459' title='bbox 844 3741 963 3794; x_wconf 91' lang='lat' dir='ltr'><strong>aliis</strong></span> <span class='ocrx_word' id='word_1_460' title='bbox 999 3737 1352 3793; x_wconf 83' lang='lat' dir='ltr'><strong>l&#39;erventiores</strong></span> <span class='ocrx_word' id='word_1_461' title='bbox 1388 3746 1533 3798; x_wconf 89' lang='lat' dir='ltr'><strong>sunt,</strong></span> <span class='ocrx_word' id='word_1_462' title='bbox 1564 3749 1630 3787; x_wconf 89' lang='lat' dir='ltr'><strong>ac</strong></span> <span class='ocrx_word' id='word_1_463' title='bbox 1660 3749 1763 3788; x_wconf 93' lang='lat' dir='ltr'><strong>non</strong></span> <span class='ocrx_word' id='word_1_464' title='bbox 1792 3733 1970 3800; x_wconf 90' lang='lat' dir='ltr'><strong>potius</strong></span> <span class='ocrx_word' id='word_1_465' title='bbox 1993 3747 2116 3786; x_wconf 89' lang='lat' dir='ltr'><strong>om-</strong></span> 
     </span>
    </p>
   </div>
   <div class='ocr_carea' id='block_1_58' title="bbox 553 3823 2120 3894">
    <p class='ocr_par' dir='ltr' id='par_1_58' title="bbox 553 3823 2120 3894">
     <span class='ocr_line' id='line_1_58' title="bbox 553 3823 2120 3894; baseline -0.009 -5"><span class='ocrx_word' id='word_1_466' title='bbox 553 3850 650 3889; x_wconf 80' lang='lat' dir='ltr'><strong>nes</strong></span> <span class='ocrx_word' id='word_1_467' title='bbox 693 3837 791 3887; x_wconf 88' lang='lat' dir='ltr'><strong>bac</strong></span> <span class='ocrx_word' id='word_1_468' title='bbox 818 3847 921 3884; x_wconf 89' lang='lat' dir='ltr'><strong>una</strong></span> <span class='ocrx_word' id='word_1_469' title='bbox 955 3830 1008 3883; x_wconf 92' lang='lat' dir='ltr'><strong>in</strong></span> <span class='ocrx_word' id='word_1_470' title='bbox 1043 3844 1119 3894; x_wconf 89' lang='lat' dir='ltr'><strong>re,</strong></span> <span class='ocrx_word' id='word_1_471' title='bbox 1159 3829 1259 3882; x_wconf 89' lang='lat' dir='ltr'><strong>hoc</strong></span> <span class='ocrx_word' id='word_1_472' title='bbox 1299 3835 1401 3887; x_wconf 90' lang='lat' dir='ltr'><strong>est,</strong></span> <span class='ocrx_word' id='word_1_473' title='bbox 1433 3825 1484 3878; x_wconf 94' lang='lat' dir='ltr'><strong>in</strong></span> <span class='ocrx_word' id='word_1_474' title='bbox 1527 3824 1695 3893; x_wconf 88' lang='lat' dir='ltr'><strong>ipsius</strong></span> <span class='ocrx_word' id='word_1_475' title='bbox 1721 3823 1877 3877; x_wconf 86' lang='lat' dir='ltr'><strong>laude</strong></span> <span class='ocrx_word' id='word_1_476' title='bbox 1903 3831 1953 3877; x_wconf 90' lang='lat' dir='ltr'><strong>et</strong></span> <span class='ocrx_word' id='word_1_477' title='bbox 1986 3836 2120 3890; x_wconf 69' lang='lat' dir='ltr'><strong>prte-</strong></span> 
     </span>
    </p>
   </div>
   <div class='ocr_carea' id='block_1_59' title="bbox 553 3913 2122 3990">
    <p class='ocr_par' dir='ltr' id='par_1_59' title="bbox 553 3913 2122 3990">
     <span class='ocr_line' id='line_1_59' title="bbox 553 3913 2122 3990; baseline -0.009 -10"><span class='ocrx_word' id='word_1_478' title='bbox 553 3925 839 3987; x_wconf 89' lang='lat' dir='ltr'><strong>dicatione,</strong></span> <span class='ocrx_word' id='word_1_479' title='bbox 877 3937 1030 3990; x_wconf 88' lang='lat' dir='ltr'><strong>pares</strong></span> <span class='ocrx_word' id='word_1_480' title='bbox 1069 3933 1271 3974; x_wconf 84' lang='lat' dir='ltr'><strong>sumus.</strong></span> <span class='ocrx_word' id='word_1_481' title='bbox 1333 3913 1446 3970; x_wconf 86' lang='lat' dir='ltr'><strong>Non</strong></span> <span class='ocrx_word' id='word_1_482' title='bbox 1495 3917 1639 3968; x_wconf 87' lang='lat' dir='ltr'><strong>enim</strong></span> <span class='ocrx_word' id='word_1_483' title='bbox 1710 3913 2028 3985; x_wconf 79' lang='lat' dir='ltr'><strong>negligentia</strong></span> <span class='ocrx_word' id='word_1_484' title='bbox 2067 3921 2122 3968; x_wconf 89' lang='lat' dir='ltr'><strong>et</strong></span> 
     </span>
    </p>
   </div>
   <div class='ocr_carea' id='block_1_60' title="bbox 555 4006 2120 4083">
    <p class='ocr_par' dir='ltr' id='par_1_60' title="bbox 555 4006 2120 4083">
     <span class='ocr_line' id='line_1_60' title="bbox 555 4006 2120 4083; baseline -0.007 -13"><span class='ocrx_word' id='word_1_485' title='bbox 555 4025 862 4083; x_wconf 89' lang='lat' dir='ltr'><strong>contemptu</strong></span> <span class='ocrx_word' id='word_1_486' title='bbox 892 4010 1120 4067; x_wconf 72' lang='lat' dir='ltr'><strong>cilicium</strong></span> <span class='ocrx_word' id='word_1_487' title='bbox 1168 4009 1652 4079; x_wconf 71' lang='lat' dir='ltr'><strong>praetermisimus;</strong></span> <span class='ocrx_word' id='word_1_488' title='bbox 1697 4007 1836 4060; x_wconf 90' lang='lat' dir='ltr'><strong>absit</strong></span> <span class='ocrx_word' id='word_1_489' title='bbox 1876 4006 2120 4070; x_wconf 87' lang='lat' dir='ltr'><strong>enim,ut</strong></span> 
     </span>
    </p>
   </div>
   <div class='ocr_carea' id='block_1_61' title="bbox 556 4096 2116 4168">
    <p class='ocr_par' dir='ltr' id='par_1_61' title="bbox 556 4096 2116 4168">
     <span class='ocr_line' id='line_1_61' title="bbox 556 4096 2116 4168; baseline -0.009 -8"><span class='ocrx_word' id='word_1_490' title='bbox 556 4119 647 4161; x_wconf 88' lang='lat' dir='ltr'><strong>aut</strong></span> <span class='ocrx_word' id='word_1_491' title='bbox 671 4106 945 4168; x_wconf 90' lang='lat' dir='ltr'><strong>virtutem,</strong></span> <span class='ocrx_word' id='word_1_492' title='bbox 986 4109 1078 4154; x_wconf 88' lang='lat' dir='ltr'><strong>aut</strong></span> <span class='ocrx_word' id='word_1_493' title='bbox 1111 4099 1365 4154; x_wconf 69' lang='lat' dir='ltr'><strong>amicitiaa</strong></span> <span class='ocrx_word' id='word_1_494' title='bbox 1389 4096 1622 4154; x_wconf 82' lang='lat' dir='ltr'><strong>ofﬁcium</strong></span> <span class='ocrx_word' id='word_1_495' title='bbox 1657 4109 1828 4163; x_wconf 90' lang='lat' dir='ltr'><strong>usque</strong></span> <span class='ocrx_word' id='word_1_496' title='bbox 1859 4099 1992 4148; x_wconf 89' lang='lat' dir='ltr'><strong>adeo</strong></span> <span class='ocrx_word' id='word_1_497' title='bbox 2023 4109 2116 4147; x_wconf 89' lang='lat' dir='ltr'><strong>ne-</strong></span> 
     </span>
    </p>
   </div>
   <div class='ocr_carea' id='block_1_62' title="bbox 551 4185 2117 4268">
    <p class='ocr_par' dir='ltr' id='par_1_62' title="bbox 551 4185 2117 4268">
     <span class='ocr_line' id='line_1_62' title="bbox 551 4185 2117 4268; baseline -0.008 -18"><span class='ocrx_word' id='word_1_498' title='bbox 551 4198 837 4268; x_wconf 72' lang='lat' dir='ltr'><strong>gligamus,</strong></span> <span class='ocrx_word' id='word_1_499' title='bbox 863 4207 961 4248; x_wconf 87' lang='lat' dir='ltr'><strong>nec</strong></span> <span class='ocrx_word' id='word_1_500' title='bbox 988 4193 1128 4261; x_wconf 91' lang='lat' dir='ltr'><strong>quod</strong></span> <span class='ocrx_word' id='word_1_501' title='bbox 1161 4193 1263 4245; x_wconf 92' lang='lat' dir='ltr'><strong>boc</strong></span> <span class='ocrx_word' id='word_1_502' title='bbox 1291 4187 1613 4243; x_wconf 87' lang='lat' dir='ltr'><strong>laudationis</strong></span> <span class='ocrx_word' id='word_1_503' title='bbox 1643 4199 1838 4240; x_wconf 88' lang='lat' dir='ltr'><strong>munus</strong></span> <span class='ocrx_word' id='word_1_504' title='bbox 1870 4185 2117 4248; x_wconf 88' lang='lat' dir='ltr'><strong>cuiquam</strong></span> 
     </span>
    </p>
   </div>
   <div class='ocr_carea' id='block_1_63' title="bbox 551 4277 2118 4358">
    <p class='ocr_par' dir='ltr' id='par_1_63' title="bbox 551 4277 2118 4358">
     <span class='ocr_line' id='line_1_63' title="bbox 551 4277 2118 4358; baseline -0.007 -16"><span class='ocrx_word' id='word_1_505' title='bbox 551 4289 641 4342; x_wconf 87' lang='lat' dir='ltr'><strong>alii</strong></span> <span class='ocrx_word' id='word_1_506' title='bbox 671 4287 866 4358; x_wconf 85' lang='lat' dir='ltr'><strong>potius,</strong></span> <span class='ocrx_word' id='word_1_507' title='bbox 904 4299 1062 4353; x_wconf 90' lang='lat' dir='ltr'><strong>quam</strong></span> <span class='ocrx_word' id='word_1_508' title='bbox 1116 4283 1270 4337; x_wconf 87' lang='lat' dir='ltr'><strong>nobis</strong></span> <span class='ocrx_word' id='word_1_509' title='bbox 1297 4279 1587 4336; x_wconf 91' lang='lat' dir='ltr'><strong>convenire</strong></span> <span class='ocrx_word' id='word_1_510' title='bbox 1626 4279 1979 4333; x_wconf 88' lang='lat' dir='ltr'><strong>arbitremur.</strong></span> <span class='ocrx_word' id='word_1_511' title='bbox 2015 4277 2118 4332; x_wconf 91' lang='lat' dir='ltr'><strong>Sed</strong></span> 
     </span>
    </p>
   </div>
   <div class='ocr_carea' id='block_1_64' title="bbox 2293 2462 3793 2542">
    <p class='ocr_par' dir='ltr' id='par_1_64' title="bbox 2293 2462 3793 2542">
     <span class='ocr_line' id='line_1_64' title="bbox 2293 2462 3793 2542; baseline 0.004 -25"><span class='ocrx_word' id='word_1_512' title='bbox 2293 2466 2367 2519; x_wconf 89' lang='lat' dir='ltr'><strong>B&#39;.</strong></span> <span class='ocrx_word' id='word_1_513' title='bbox 2406 2467 2472 2518; x_wconf 69' lang='grc' dir='ltr'><strong>*Α</strong></span> <span class='ocrx_word' id='word_1_514' title='bbox 2506 2467 2601 2538; x_wconf 77' lang='grc' dir='ltr'><strong>μὲν</strong></span> <span class='ocrx_word' id='word_1_515' title='bbox 2632 2462 2726 2521; x_wconf 80' lang='grc' dir='ltr'><strong>οὖν</strong></span> <span class='ocrx_word' id='word_1_516' title='bbox 2781 2470 3046 2542; x_wconf 85' lang='grc' dir='ltr'>πεποίηκέ</span> <span class='ocrx_word' id='word_1_517' title='bbox 3078 2487 3166 2540; x_wconf 90' lang='grc' dir='ltr'><strong>μοι</strong></span> <span class='ocrx_word' id='word_1_518' title='bbox 3199 2470 3294 2523; x_wconf 85' lang='grc' dir='ltr'><strong>τὸν</strong></span> <span class='ocrx_word' id='word_1_519' title='bbox 3327 2469 3510 2539; x_wconf 77' lang='grc' dir='ltr'>λόγον,</span> <span class='ocrx_word' id='word_1_520' title='bbox 3561 2470 3651 2523; x_wconf 73' lang='grc' dir='ltr'>καὶ</span> <span class='ocrx_word' id='word_1_521' title='bbox 3676 2468 3740 2522; x_wconf 78' lang='grc' dir='ltr'><strong>δι’</strong></span> <span class='ocrx_word' id='word_1_522' title='bbox 3761 2469 3793 2523; x_wconf 75' lang='grc' dir='ltr'><strong>ἃ</strong></span> 
     </span>
    </p>
   </div>
   <div class='ocr_carea' id='block_1_65' title="bbox 2221 2556 3795 2632">
    <p class='ocr_par' dir='ltr' id='par_1_65' title="bbox 2221 2556 3795 2632">
     <span class='ocr_line' id='line_1_65' title="bbox 2221 2556 3795 2632; baseline 0.002 -23"><span class='ocrx_word' id='word_1_523' title='bbox 2221 2556 2310 2609; x_wconf 83' lang='grc' dir='ltr'><strong>τὸν</strong></span> <span class='ocrx_word' id='word_1_524' title='bbox 2343 2557 2525 2625; x_wconf 84' lang='grc' dir='ltr'>ἀγῶνα</span> <span class='ocrx_word' id='word_1_525' title='bbox 2556 2557 2743 2611; x_wconf 78' lang='grc' dir='ltr'>τοῦτον</span> <span class='ocrx_word' id='word_1_526' title='bbox 2788 2561 3184 2632; x_wconf 81' lang='grc' dir='ltr'>ἐνεστησάμην,</span> <span class='ocrx_word' id='word_1_527' title='bbox 3234 2560 3416 2614; x_wconf 83' lang='grc' dir='ltr'><strong>ταῦτά</strong></span> <span class='ocrx_word' id='word_1_528' title='bbox 3450 2562 3615 2614; x_wconf 74' lang='grc' dir='ltr'>ἐστιν.</span> <span class='ocrx_word' id='word_1_529' title='bbox 3655 2561 3714 2613; x_wconf 85' lang='lat' dir='ltr'><strong>Ei</strong></span> <span class='ocrx_word' id='word_1_530' title='bbox 3744 2559 3795 2612; x_wconf 81' lang='grc' dir='ltr'><strong>δὲ</strong></span> 
     </span>
    </p>
   </div>
   <div class='ocr_carea' id='block_1_66' title="bbox 2220 2649 3794 2725">
    <p class='ocr_par' dir='ltr' id='par_1_66' title="bbox 2220 2649 3794 2725">
     <span class='ocr_line' id='line_1_66' title="bbox 2220 2649 3794 2725; baseline 0.002 -24"><span class='ocrx_word' id='word_1_531' title='bbox 2220 2649 2472 2703; x_wconf 80' lang='grc' dir='ltr'>τοσοῦτον</span> <span class='ocrx_word' id='word_1_532' title='bbox 2525 2651 2814 2722; x_wconf 85' lang='grc' dir='ltr'>ἁπήντηκα</span> <span class='ocrx_word' id='word_1_533' title='bbox 2842 2652 2934 2705; x_wconf 82' lang='grc' dir='ltr'><strong>τοῦ</strong></span> <span class='ocrx_word' id='word_1_534' title='bbox 2984 2654 3174 2724; x_wconf 83' lang='grc' dir='ltr'>καιροῦ</span> <span class='ocrx_word' id='word_1_535' title='bbox 3224 2653 3508 2725; x_wconf 80' lang='grc' dir='ltr'>δεύτερος,</span> <span class='ocrx_word' id='word_1_536' title='bbox 3527 2652 3620 2707; x_wconf 80' lang='grc' dir='ltr'><strong>καὶ</strong></span> <span class='ocrx_word' id='word_1_537' title='bbox 3672 2651 3794 2723; x_wconf 83' lang='grc' dir='ltr'><strong>μετὰ</strong></span> 
     </span>
    </p>
   </div>
   <div class='ocr_carea' id='block_1_67' title="bbox 2223 2739 3794 2816">
    <p class='ocr_par' dir='ltr' id='par_1_67' title="bbox 2223 2739 3794 2816">
     <span class='ocr_line' id='line_1_67' title="bbox 2223 2739 3794 2816; baseline 0.003 -24"><span class='ocrx_word' id='word_1_538' title='bbox 2223 2739 2506 2804; x_wconf 80' lang='grc' dir='ltr'>τοσούτους</span> <span class='ocrx_word' id='word_1_539' title='bbox 2531 2741 2838 2806; x_wconf 78' lang='grc' dir='ltr'>ἐπαινέτας,</span> <span class='ocrx_word' id='word_1_540' title='bbox 2868 2743 2973 2814; x_wconf 82' lang='grc' dir='ltr'><strong>ἰδίᾳ</strong></span> <span class='ocrx_word' id='word_1_541' title='bbox 2999 2761 3058 2799; x_wconf 86' lang='grc' dir='ltr'><strong>τε</strong></span> <span class='ocrx_word' id='word_1_542' title='bbox 3097 2745 3191 2797; x_wconf 77' lang='grc' dir='ltr'>καὶ</span> <span class='ocrx_word' id='word_1_543' title='bbox 3235 2744 3481 2816; x_wconf 81' lang='grc' dir='ltr'>δημοσίᾳ</span> <span class='ocrx_word' id='word_1_544' title='bbox 3516 2745 3585 2798; x_wconf 75' lang='grc' dir='ltr'>τὰ</span> <span class='ocrx_word' id='word_1_545' title='bbox 3606 2743 3794 2797; x_wconf 75' lang='grc' dir='ltr'>ἐκείνου</span> 
     </span>
    </p>
   </div>
   <div class='ocr_carea' id='block_1_68' title="bbox 2225 2832 3828 2907">
    <p class='ocr_par' dir='ltr' id='par_1_68' title="bbox 2225 2832 3828 2907">
     <span class='ocr_line' id='line_1_68' title="bbox 2225 2832 3828 2907; baseline 0.001 -21"><span class='ocrx_word' id='word_1_546' title='bbox 2225 2832 2587 2904; x_wconf 82' lang='grc' dir='ltr'>σεμνύναντας</span> <span class='ocrx_word' id='word_1_547' title='bbox 2625 2834 2756 2905; x_wconf 75' lang='lat'><strong>(5&#39;2),</strong></span> <span class='ocrx_word' id='word_1_548' title='bbox 2785 2835 2972 2907; x_wconf 74' lang='grc' dir='ltr'>μηδεὶς</span> <span class='ocrx_word' id='word_1_549' title='bbox 3019 2835 3369 2907; x_wconf 78' lang='grc' dir='ltr'>θαυμαζέτω.</span> <span class='ocrx_word' id='word_1_550' title='bbox 3414 2835 3579 2889; x_wconf 78' lang='grc' dir='ltr'><strong>Ἀλλὰ</strong></span> <span class='ocrx_word' id='word_1_551' title='bbox 3627 2851 3828 2904; x_wconf 67' lang='grc' dir='ltr'>συγγιερ</span> 
     </span>
    </p>
   </div>
   <div class='ocr_carea' id='block_1_69' title="bbox 2226 2924 3790 2999">
    <p class='ocr_par' dir='ltr' id='par_1_69' title="bbox 2226 2924 3790 2999">
     <span class='ocr_line' id='line_1_69' title="bbox 2226 2924 3790 2999; baseline 0.002 -23"><span class='ocrx_word' id='word_1_552' title='bbox 2226 2924 2478 2977; x_wconf 87' lang='grc' dir='ltr'>νωσκέτω</span> <span class='ocrx_word' id='word_1_553' title='bbox 2507 2925 2603 2995; x_wconf 81' lang='grc' dir='ltr'><strong>μὲν</strong></span> <span class='ocrx_word' id='word_1_554' title='bbox 2635 2926 2667 2995; x_wconf 87' lang='grc' dir='ltr'><strong>ἡ</strong></span> <span class='ocrx_word' id='word_1_555' title='bbox 2707 2924 2878 2998; x_wconf 85' lang='grc' dir='ltr'>θείαή</span> <span class='ocrx_word' id='word_1_556' title='bbox 2907 2926 3076 2999; x_wconf 84' lang='grc' dir='ltr'>ψυχὴ,</span> <span class='ocrx_word' id='word_1_557' title='bbox 3115 2927 3225 2980; x_wconf 63' lang='grc' dir='ltr'>καῖ’</span> <span class='ocrx_word' id='word_1_558' title='bbox 3254 2927 3417 2982; x_wconf 79' lang='grc' dir='ltr'>πάντ’</span> <span class='ocrx_word' id='word_1_559' title='bbox 3468 2927 3595 2999; x_wconf 70' lang='grc' dir='ltr'>ἐμοὶ</span> <span class='ocrx_word' id='word_1_560' title='bbox 3647 2926 3790 2982; x_wconf 76' lang='grc' dir='ltr'>σεϐα-</span> 
     </span>
    </p>
   </div>
   <div class='ocr_carea' id='block_1_70' title="bbox 2227 3014 3788 3092">
    <p class='ocr_par' dir='ltr' id='par_1_70' title="bbox 2227 3014 3788 3092">
     <span class='ocr_line' id='line_1_70' title="bbox 2227 3014 3788 3092; baseline 0.003 -26"><span class='ocrx_word' id='word_1_561' title='bbox 2227 3014 2359 3087; x_wconf 86' lang='grc' dir='ltr'>σμία</span> <span class='ocrx_word' id='word_1_562' title='bbox 2379 3016 2474 3069; x_wconf 72' lang='grc' dir='ltr'>καὶ</span> <span class='ocrx_word' id='word_1_563' title='bbox 2502 3016 2595 3072; x_wconf 81' lang='grc' dir='ltr'>νῦν</span> <span class='ocrx_word' id='word_1_564' title='bbox 2633 3017 2727 3072; x_wconf 75' lang='grc' dir='ltr'><strong>καὶ</strong></span> <span class='ocrx_word' id='word_1_565' title='bbox 2772 3020 3055 3092; x_wconf 83' lang='grc' dir='ltr'>πρότερον.</span> <span class='ocrx_word' id='word_1_566' title='bbox 3089 3019 3318 3085; x_wconf 76' lang='grc' dir='ltr'>Πάντως</span> <span class='ocrx_word' id='word_1_567' title='bbox 3343 3021 3402 3075; x_wconf 83' lang='grc' dir='ltr'><strong>δὲ</strong></span> <span class='ocrx_word' id='word_1_568' title='bbox 3443 3021 3520 3085; x_wconf 84' lang='grc' dir='ltr'>ὡς</span> <span class='ocrx_word' id='word_1_569' title='bbox 3554 3020 3649 3074; x_wconf 80' lang='grc' dir='ltr'><strong>σὺν</strong></span> <span class='ocrx_word' id='word_1_570' title='bbox 3677 3022 3788 3091; x_wconf 78' lang='grc' dir='ltr'>ἡμῖν</span> 
     </span>
    </p>
   </div>
   <div class='ocr_carea' id='block_1_71' title="bbox 2222 3103 3793 3184">
    <p class='ocr_par' dir='ltr' id='par_1_71' title="bbox 2222 3103 3793 3184">
     <span class='ocr_line' id='line_1_71' title="bbox 2222 3103 3793 3184; baseline 0.004 -26"><span class='ocrx_word' id='word_1_571' title='bbox 2222 3103 2317 3172; x_wconf 82' lang='grc' dir='ltr'><strong>ὢν,</strong></span> <span class='ocrx_word' id='word_1_572' title='bbox 2357 3106 2672 3180; x_wconf 84' lang='grc' dir='ltr'>ὲπηνώρθου</span> <span class='ocrx_word' id='word_1_573' title='bbox 2702 3109 2872 3165; x_wconf 81' lang='grc' dir='ltr'>πολλὰ</span> <span class='ocrx_word' id='word_1_574' title='bbox 2903 3110 3013 3166; x_wconf 88' lang='grc' dir='ltr'><strong>τῶν</strong></span> <span class='ocrx_word' id='word_1_575' title='bbox 3056 3110 3228 3183; x_wconf 73' lang='grc' dir='ltr'>ἐμῶν,</span> <span class='ocrx_word' id='word_1_576' title='bbox 3271 3113 3389 3184; x_wconf 82' lang='grc' dir='ltr'><strong>ὅρῳ</strong></span> <span class='ocrx_word' id='word_1_577' title='bbox 3416 3130 3480 3166; x_wconf 84' lang='grc' dir='ltr'><strong>τε</strong></span> <span class='ocrx_word' id='word_1_578' title='bbox 3510 3113 3687 3182; x_wconf 82' lang='grc' dir='ltr'>φιλίας</span> <span class='ocrx_word' id='word_1_579' title='bbox 3715 3113 3793 3166; x_wconf 74' lang='grc' dir='ltr'><strong>καὶ</strong></span> 
     </span>
    </p>
   </div>
   <div class='ocr_carea' id='block_1_72' title="bbox 2225 3197 3791 3274">
    <p class='ocr_par' dir='ltr' id='par_1_72' title="bbox 2225 3197 3791 3274">
     <span class='ocr_line' id='line_1_72' title="bbox 2225 3197 3791 3274; baseline 0.003 -24"><span class='ocrx_word' id='word_1_580' title='bbox 2225 3197 2376 3269; x_wconf 85' lang='grc' dir='ltr'>νόμῳ</span> <span class='ocrx_word' id='word_1_581' title='bbox 2407 3199 2674 3270; x_wconf 84' lang='grc' dir='ltr'>κρείττονι</span> <span class='ocrx_word' id='word_1_582' title='bbox 2714 3200 2796 3270; x_wconf 79' lang='grc' dir='ltr'>(οὐ</span> <span class='ocrx_word' id='word_1_583' title='bbox 2858 3201 2964 3273; x_wconf 85' lang='grc' dir='ltr'><strong>γὰρ</strong></span> <span class='ocrx_word' id='word_1_584' title='bbox 3022 3202 3355 3274; x_wconf 77' lang='grc' dir='ltr'>αἰσχύνομαι</span> <span class='ocrx_word' id='word_1_585' title='bbox 3411 3203 3577 3258; x_wconf 79' lang='grc' dir='ltr'>τοῦτο</span> <span class='ocrx_word' id='word_1_586' title='bbox 3612 3205 3791 3273; x_wconf 83' lang='grc' dir='ltr'>λέγειν,</span> 
     </span>
    </p>
   </div>
   <div class='ocr_carea' id='block_1_73' title="bbox 2222 3288 3796 3372">
    <p class='ocr_par' dir='ltr' id='par_1_73' title="bbox 2222 3288 3796 3372">
     <span class='ocr_line' id='line_1_73' title="bbox 2222 3288 3796 3372; baseline 0.008 -30"><span class='ocrx_word' id='word_1_587' title='bbox 2222 3291 2302 3343; x_wconf 82' lang='grc' dir='ltr'><strong>ὅτι</strong></span> <span class='ocrx_word' id='word_1_588' title='bbox 2325 3294 2418 3344; x_wconf 80' lang='grc' dir='ltr'><strong>καὶ</strong></span> <span class='ocrx_word' id='word_1_589' title='bbox 2451 3291 2583 3346; x_wconf 77' lang='grc' dir='ltr'>πᾶσι</span> <span class='ocrx_word' id='word_1_590' title='bbox 2606 3293 2768 3365; x_wconf 88' lang='grc' dir='ltr'>νόμος</span> <span class='ocrx_word' id='word_1_591' title='bbox 2804 3288 2871 3366; x_wconf 80' lang='grc' dir='ltr'>ἦν</span> <span class='ocrx_word' id='word_1_592' title='bbox 2901 3296 3144 3368; x_wconf 68' lang='grc' dir='ltr'><strong>ἀρετῆζγ</strong></span> <span class='ocrx_word' id='word_1_593' title='bbox 3168 3297 3317 3351; x_wconf 80' lang='grc' dir='ltr'>οὕτω</span> <span class='ocrx_word' id='word_1_594' title='bbox 3351 3300 3448 3352; x_wconf 68' lang='grc' dir='ltr'><strong>καὶ</strong></span> <span class='ocrx_word' id='word_1_595' title='bbox 3480 3298 3624 3372; x_wconf 78' lang='grc' dir='ltr'>ὑπὲρ</span> <span class='ocrx_word' id='word_1_596' title='bbox 3666 3299 3796 3370; x_wconf 80' lang='grc' dir='ltr'>ἡμᾶς</span> 
     </span>
    </p>
   </div>
   <div class='ocr_carea' id='block_1_74' title="bbox 2221 3382 3794 3463">
    <p class='ocr_par' dir='ltr' id='par_1_74' title="bbox 2221 3382 3794 3463">
     <span class='ocr_line' id='line_1_74' title="bbox 2221 3382 3794 3463; baseline 0.006 -30"><span class='ocrx_word' id='word_1_597' title='bbox 2221 3382 2525 3452; x_wconf 86' lang='grc' dir='ltr'>γενόμενος,</span> <span class='ocrx_word' id='word_1_598' title='bbox 2557 3384 2892 3456; x_wconf 87' lang='grc' dir='ltr'>συγγνώμων</span> <span class='ocrx_word' id='word_1_599' title='bbox 2944 3387 3094 3443; x_wconf 76' lang='grc' dir='ltr'>ἔσται</span> <span class='ocrx_word' id='word_1_600' title='bbox 3123 3391 3235 3454; x_wconf 83' lang='grc' dir='ltr'>τοῖς</span> <span class='ocrx_word' id='word_1_601' title='bbox 3266 3391 3586 3463; x_wconf 84' lang='grc' dir='ltr'>ἡμετέροις.</span> <span class='ocrx_word' id='word_1_602' title='bbox 3613 3395 3794 3459; x_wconf 86' lang='grc' dir='ltr'>Συγγι-</span> 
     </span>
    </p>
   </div>
   <div class='ocr_carea' id='block_1_75' title="bbox 2222 3468 3796 3552">
    <p class='ocr_par' dir='ltr' id='par_1_75' title="bbox 2222 3468 3796 3552">
     <span class='ocr_line' id='line_1_75' title="bbox 2222 3468 3796 3552; baseline 0.01 -33"><span class='ocrx_word' id='word_1_603' title='bbox 2222 3468 2573 3524; x_wconf 83' lang='grc' dir='ltr'>νωσκέτωσαν</span> <span class='ocrx_word' id='word_1_604' title='bbox 2605 3471 2661 3524; x_wconf 79' lang='grc' dir='ltr'><strong>δὲ</strong></span> <span class='ocrx_word' id='word_1_605' title='bbox 2697 3473 2788 3527; x_wconf 74' lang='grc' dir='ltr'>καὶ</span> <span class='ocrx_word' id='word_1_606' title='bbox 2827 3474 2978 3545; x_wconf 85' lang='grc' dir='ltr'>ὑμῶν</span> <span class='ocrx_word' id='word_1_607' title='bbox 3003 3477 3118 3530; x_wconf 80' lang='grc' dir='ltr'>ὅσοι</span> <span class='ocrx_word' id='word_1_608' title='bbox 3142 3472 3476 3552; x_wconf 75' lang='grc' dir='ltr'>θερμότεροι</span> <span class='ocrx_word' id='word_1_609' title='bbox 3505 3481 3600 3535; x_wconf 79' lang='grc' dir='ltr'>τοῦ</span> <span class='ocrx_word' id='word_1_610' title='bbox 3625 3480 3796 3552; x_wconf 75' lang='grc' dir='ltr'>ἀνδρὸς</span> 
     </span>
    </p>
   </div>
   <div class='ocr_carea' id='block_1_76' title="bbox 2221 3559 3795 3644">
    <p class='ocr_par' dir='ltr' id='par_1_76' title="bbox 2221 3559 3795 3644">
     <span class='ocr_line' id='line_1_76' title="bbox 2221 3559 3795 3644; baseline 0.01 -34"><span class='ocrx_word' id='word_1_611' title='bbox 2221 3559 2522 3615; x_wconf 78' lang='grc' dir='ltr'>ἐπαινέται·</span> <span class='ocrx_word' id='word_1_612' title='bbox 2557 3562 2715 3635; x_wconf 81' lang='grc' dir='ltr'>εἴπερ</span> <span class='ocrx_word' id='word_1_613' title='bbox 2759 3565 2841 3629; x_wconf 81' lang='grc' dir='ltr'><strong>τίς</strong></span> <span class='ocrx_word' id='word_1_614' title='bbox 2870 3567 3017 3619; x_wconf 77' lang='grc' dir='ltr'>ἐστιν</span> <span class='ocrx_word' id='word_1_615' title='bbox 3065 3568 3225 3622; x_wconf 77' lang='grc' dir='ltr'>ἄλλου</span> <span class='ocrx_word' id='word_1_616' title='bbox 3281 3571 3400 3641; x_wconf 74' lang='grc'><strong>(55)</strong></span> <span class='ocrx_word' id='word_1_617' title='bbox 3463 3571 3795 3644; x_wconf 79' lang='grc' dir='ltr'>θερμότερος,</span> 
     </span>
    </p>
   </div>
   <div class='ocr_carea' id='block_1_77' title="bbox 2221 3649 3798 3734">
    <p class='ocr_par' dir='ltr' id='par_1_77' title="bbox 2221 3649 3798 3734">
     <span class='ocr_line' id='line_1_77' title="bbox 2221 3649 3798 3734; baseline 0.008 -32"><span class='ocrx_word' id='word_1_618' title='bbox 2221 3649 2357 3704; x_wconf 79' lang='grc' dir='ltr'><strong>ἀλλὰ</strong></span> <span class='ocrx_word' id='word_1_619' title='bbox 2394 3651 2467 3723; x_wconf 85' lang='grc' dir='ltr'>μὴ</span> <span class='ocrx_word' id='word_1_620' title='bbox 2499 3653 2657 3707; x_wconf 82' lang='grc' dir='ltr'>τοῦτο</span> <span class='ocrx_word' id='word_1_621' title='bbox 2711 3657 2870 3726; x_wconf 90' lang='grc' dir='ltr'>μόνον</span> <span class='ocrx_word' id='word_1_622' title='bbox 2910 3658 3111 3722; x_wconf 88' lang='grc' dir='ltr'>πάντες</span> <span class='ocrx_word' id='word_1_623' title='bbox 3145 3661 3410 3732; x_wconf 82' lang='grc' dir='ltr'>ὁμότιμοι</span> <span class='ocrx_word' id='word_1_624' title='bbox 3459 3662 3560 3734; x_wconf 85' lang='grc' dir='ltr'>τὴν</span> <span class='ocrx_word' id='word_1_625' title='bbox 3597 3661 3688 3716; x_wconf 77' lang='grc' dir='ltr'>τοῦ</span> <span class='ocrx_word' id='word_1_626' title='bbox 3720 3663 3798 3716; x_wconf 86' lang='grc' dir='ltr'><strong>ἀν-</strong></span> 
     </span>
    </p>
   </div>
   <div class='ocr_carea' id='block_1_78' title="bbox 2220 3741 3801 3824">
    <p class='ocr_par' dir='ltr' id='par_1_78' title="bbox 2220 3741 3801 3824">
     <span class='ocr_line' id='line_1_78' title="bbox 2220 3741 3801 3824; baseline 0.008 -30"><span class='ocrx_word' id='word_1_627' title='bbox 2220 3741 2342 3814; x_wconf 77' lang='grc' dir='ltr'>δρὸς</span> <span class='ocrx_word' id='word_1_628' title='bbox 2372 3744 2664 3816; x_wconf 73' lang='grc' dir='ltr'>εὐφημίαν.</span> <span class='ocrx_word' id='word_1_629' title='bbox 2701 3748 2775 3800; x_wconf 87' lang='grc' dir='ltr'>υύ</span> <span class='ocrx_word' id='word_1_630' title='bbox 2803 3748 2911 3820; x_wconf 74' lang='grc' dir='ltr'><strong>γὰρ</strong></span> <span class='ocrx_word' id='word_1_631' title='bbox 2943 3750 3203 3823; x_wconf 74' lang='grc' dir='ltr'>ὀλιγωρίᾳ</span> <span class='ocrx_word' id='word_1_632' title='bbox 3223 3753 3340 3824; x_wconf 70' lang='grc'><strong>(54)</strong></span> <span class='ocrx_word' id='word_1_633' title='bbox 3377 3754 3442 3808; x_wconf 85' lang='grc' dir='ltr'><strong>τὸ</strong></span> <span class='ocrx_word' id='word_1_634' title='bbox 3471 3755 3620 3820; x_wconf 78' lang='grc' dir='ltr'>εἰκὸς</span> <span class='ocrx_word' id='word_1_635' title='bbox 3653 3755 3801 3807; x_wconf 82' lang='grc' dir='ltr'>ὲνελὶ-</span> 
     </span>
    </p>
   </div>
   <div class='ocr_carea' id='block_1_79' title="bbox 2223 3835 3802 3918">
    <p class='ocr_par' dir='ltr' id='par_1_79' title="bbox 2223 3835 3802 3918">
     <span class='ocr_line' id='line_1_79' title="bbox 2223 3835 3802 3918; baseline 0.013 -34"><span class='ocrx_word' id='word_1_636' title='bbox 2223 3850 2394 3903; x_wconf 89' lang='grc' dir='ltr'>πομεν</span> <span class='ocrx_word' id='word_1_637' title='bbox 2427 3835 2562 3907; x_wconf 76' lang='grc'><strong>(55)·</strong></span> <span class='ocrx_word' id='word_1_638' title='bbox 2602 3839 2674 3909; x_wconf 87' lang='grc' dir='ltr'>μή</span> <span class='ocrx_word' id='word_1_639' title='bbox 2732 3855 2862 3893; x_wconf 83' lang='grc' dir='ltr'>ποτε</span> <span class='ocrx_word' id='word_1_640' title='bbox 2911 3842 3161 3897; x_wconf 82' lang='grc' dir='ltr'>τοσοῦτον</span> <span class='ocrx_word' id='word_1_641' title='bbox 3206 3845 3599 3918; x_wconf 80' lang='grc' dir='ltr'>ἀμελήσαιμεν</span> <span class='ocrx_word' id='word_1_642' title='bbox 3621 3845 3802 3918; x_wconf 77' lang='grc' dir='ltr'><strong>(56),ἥ</strong></span> 
     </span>
    </p>
   </div>
   <div class='ocr_carea' id='block_1_80' title="bbox 2221 3925 3804 4012">
    <p class='ocr_par' dir='ltr' id='par_1_80' title="bbox 2221 3925 3804 4012">
     <span class='ocr_line' id='line_1_80' title="bbox 2221 3925 3804 4012; baseline 0.006 -30"><span class='ocrx_word' id='word_1_643' title='bbox 2221 3925 2440 3997; x_wconf 81' lang='grc' dir='ltr'>ἀρετῆς,</span> <span class='ocrx_word' id='word_1_644' title='bbox 2471 3927 2504 3998; x_wconf 83' lang='grc' dir='ltr'>ἢ</span> <span class='ocrx_word' id='word_1_645' title='bbox 2531 3929 2623 3982; x_wconf 80' lang='grc' dir='ltr'>τοῦ</span> <span class='ocrx_word' id='word_1_646' title='bbox 2673 3930 2887 3999; x_wconf 81' lang='grc' dir='ltr'>φιλικοῦ</span> <span class='ocrx_word' id='word_1_647' title='bbox 2923 3934 3276 4005; x_wconf 83' lang='grc' dir='ltr'>καθήκοντος·</span> <span class='ocrx_word' id='word_1_648' title='bbox 3309 3940 3440 3993; x_wconf 77' lang='grc' dir='ltr'>οὐδὲ</span> <span class='ocrx_word' id='word_1_649' title='bbox 3468 3941 3550 4012; x_wconf 82' lang='grc' dir='ltr'>τῷ</span> <span class='ocrx_word' id='word_1_650' title='bbox 3583 3940 3804 4011; x_wconf 77' lang='grc' dir='ltr'>νομίζειν</span> 
     </span>
    </p>
   </div>
   <div class='ocr_carea' id='block_1_81' title="bbox 2221 4015 3802 4097">
    <p class='ocr_par' dir='ltr' id='par_1_81' title="bbox 2221 4015 3802 4097">
     <span class='ocr_line' id='line_1_81' title="bbox 2221 4015 3802 4097; baseline 0.009 -29"><span class='ocrx_word' id='word_1_651' title='bbox 2221 4015 2400 4081; x_wconf 78' lang='grc' dir='ltr'>ἄλλοις</span> <span class='ocrx_word' id='word_1_652' title='bbox 2434 4019 2633 4089; x_wconf 79' lang='grc' dir='ltr'>μᾶλλον</span> <span class='ocrx_word' id='word_1_653' title='bbox 2673 4022 2829 4093; x_wconf 81' lang='grc' dir='ltr'>ἡμῶν</span> <span class='ocrx_word' id='word_1_654' title='bbox 2889 4027 3186 4097; x_wconf 85' lang='grc' dir='ltr'>προσήκειν</span> <span class='ocrx_word' id='word_1_655' title='bbox 3219 4029 3316 4083; x_wconf 76' lang='grc' dir='ltr'>τὸν</span> <span class='ocrx_word' id='word_1_656' title='bbox 3359 4030 3612 4086; x_wconf 74' lang='grc' dir='ltr'>ἔπαινον.</span> <span class='ocrx_word' id='word_1_657' title='bbox 3662 4029 3802 4084; x_wconf 67' lang='grc' dir='ltr'><strong>Ἀλλὰ</strong></span> 
     </span>
    </p>
   </div>
   <div class='ocr_carea' id='block_1_82' title="bbox 2223 4106 3808 4194">
    <p class='ocr_par' dir='ltr' id='par_1_82' title="bbox 2223 4106 3808 4194">
     <span class='ocr_line' id='line_1_82' title="bbox 2223 4106 3808 4194; baseline 0.011 -38"><span class='ocrx_word' id='word_1_658' title='bbox 2223 4106 2438 4178; x_wconf 86' lang='grc' dir='ltr'>πρῶτον</span> <span class='ocrx_word' id='word_1_659' title='bbox 2487 4109 2584 4180; x_wconf 83' lang='grc' dir='ltr'><strong>μὲν</strong></span> <span class='ocrx_word' id='word_1_660' title='bbox 2617 4109 2828 4165; x_wconf 85' lang='grc' dir='ltr'>ὤκνουν</span> <span class='ocrx_word' id='word_1_661' title='bbox 2856 4113 2949 4168; x_wconf 82' lang='grc' dir='ltr'><strong>τὸν</strong></span> <span class='ocrx_word' id='word_1_662' title='bbox 2981 4115 3158 4184; x_wconf 85' lang='grc' dir='ltr'>λόγον,</span> <span class='ocrx_word' id='word_1_663' title='bbox 3187 4120 3483 4190; x_wconf 78' lang='grc' dir='ltr'>εἰρήσεται</span> <span class='ocrx_word' id='word_1_664' title='bbox 3513 4123 3627 4194; x_wconf 81' lang='grc' dir='ltr'><strong>γὰρ</strong></span> <span class='ocrx_word' id='word_1_665' title='bbox 3655 4121 3808 4191; x_wconf 81' lang='grc' dir='ltr'><strong>τάλη-</strong></span> 
     </span>
    </p>
   </div>
   <div class='ocr_carea' id='block_1_83' title="bbox 2223 4197 3808 4284">
    <p class='ocr_par' dir='ltr' id='par_1_83' title="bbox 2223 4197 3808 4284">
     <span class='ocr_line' id='line_1_83' title="bbox 2223 4197 3808 4284; baseline 0.007 -33"><span class='ocrx_word' id='word_1_666' title='bbox 2223 4197 2330 4262; x_wconf 82' lang='grc' dir='ltr'>θὲς,</span> <span class='ocrx_word' id='word_1_667' title='bbox 2371 4199 2556 4273; x_wconf 84' lang='grc' dir='ltr'>ὥσπερ</span> <span class='ocrx_word' id='word_1_668' title='bbox 2589 4205 2634 4256; x_wconf 85' lang='grc' dir='ltr'>οἱ</span> <span class='ocrx_word' id='word_1_669' title='bbox 2662 4207 2775 4267; x_wconf 87' lang='grc' dir='ltr'>τοῖς</span> <span class='ocrx_word' id='word_1_670' title='bbox 2822 4207 2984 4276; x_wconf 84' lang='grc' dir='ltr'>ἱεροῖς</span> <span class='ocrx_word' id='word_1_671' title='bbox 3013 4208 3122 4279; x_wconf 84' lang='grc'><strong>(57)</strong></span> <span class='ocrx_word' id='word_1_672' title='bbox 3156 4212 3513 4282; x_wconf 83' lang='grc' dir='ltr'>προσιόντες,</span> <span class='ocrx_word' id='word_1_673' title='bbox 3565 4213 3693 4284; x_wconf 69' lang='grc' dir='ltr'>πρὶν</span> <span class='ocrx_word' id='word_1_674' title='bbox 3719 4227 3808 4264; x_wconf 88' lang='grc' dir='ltr'>κα-</span> 
     </span>
    </p>
   </div>
   <div class='ocr_carea' id='block_1_84' title="bbox 2223 4289 3812 4372">
    <p class='ocr_par' dir='ltr' id='par_1_84' title="bbox 2223 4289 3812 4372">
     <span class='ocr_line' id='line_1_84' title="bbox 2223 4289 3812 4372; baseline 0.008 -30"><span class='ocrx_word' id='word_1_675' title='bbox 2223 4289 2484 4363; x_wconf 85' lang='grc' dir='ltr'>θαρθῆναι</span> <span class='ocrx_word' id='word_1_676' title='bbox 2544 4295 2637 4347; x_wconf 76' lang='grc' dir='ltr'><strong>καὶ</strong></span> <span class='ocrx_word' id='word_1_677' title='bbox 2693 4297 2877 4368; x_wconf 81' lang='grc' dir='ltr'>φωνὴν</span> <span class='ocrx_word' id='word_1_678' title='bbox 2925 4299 3019 4354; x_wconf 76' lang='grc' dir='ltr'>καὶ</span> <span class='ocrx_word' id='word_1_679' title='bbox 3065 4301 3333 4362; x_wconf 83' lang='grc' dir='ltr'>διάνοιαν.</span> <span class='ocrx_word' id='word_1_680' title='bbox 3399 4307 3662 4372; x_wconf 85' lang='grc' dir='ltr'>Ἔπειτα,</span> <span class='ocrx_word' id='word_1_681' title='bbox 3720 4303 3812 4357; x_wconf 80' lang='grc' dir='ltr'><strong>οὐκ</strong></span> 
     </span>
    </p>
   </div>
   <div class='ocr_carea' id='block_1_85' title="bbox 549 4367 2118 4466">
    <p class='ocr_par' dir='ltr' id='par_1_85' title="bbox 549 4367 2118 4450">
     <span class='ocr_line' id='line_1_85' title="bbox 549 4367 2118 4450; baseline -0.008 -18"><span class='ocrx_word' id='word_1_682' title='bbox 549 4381 808 4450; x_wconf 83' lang='lat' dir='ltr'><strong>primum,</strong></span> <span class='ocrx_word' id='word_1_683' title='bbox 847 4385 906 4430; x_wconf 88' lang='lat' dir='ltr'><strong>ut</strong></span> <span class='ocrx_word' id='word_1_684' title='bbox 938 4390 1120 4429; x_wconf 89' lang='lat' dir='ltr'><strong>verum</strong></span> <span class='ocrx_word' id='word_1_685' title='bbox 1173 4372 1365 4434; x_wconf 81' lang='lat' dir='ltr'><strong>fatear,</strong></span> <span class='ocrx_word' id='word_1_686' title='bbox 1416 4382 1721 4425; x_wconf 87' lang='lat' dir='ltr'><strong>sermonem</strong></span> <span class='ocrx_word' id='word_1_687' title='bbox 1772 4367 1969 4421; x_wconf 87' lang='lat' dir='ltr'><strong>habere</strong></span> <span class='ocrx_word' id='word_1_688' title='bbox 2026 4369 2118 4421; x_wconf 89' lang='lat' dir='ltr'><strong>de-</strong></span> 
     </span>
    </p>
   </div>
   <div class='ocr_carea' id='block_1_86' title="bbox 2224 4367 3810 4466">
    <p class='ocr_par' dir='ltr' id='par_1_86' title="bbox 2224 4367 3810 4466">
     <span class='ocr_line' id='line_1_86' title="bbox 2224 4367 3810 4466; baseline 0.009 -33"><span class='ocrx_word' id='word_1_689' title='bbox 2224 4381 2546 4450; x_wconf 79' lang='grc' dir='ltr'>ἁγνοοῦντας</span> <span class='ocrx_word' id='word_1_690' title='bbox 2610 4386 2732 4455; x_wconf 79' lang='grc' dir='ltr'>μὲν,</span> <span class='ocrx_word' id='word_1_691' title='bbox 2787 4367 3085 4460; x_wconf 84' lang='grc' dir='ltr'>ὑπομνήσω</span> <span class='ocrx_word' id='word_1_692' title='bbox 3131 4391 3177 4445; x_wconf 81' lang='grc' dir='ltr'><strong>δ’</strong></span> <span class='ocrx_word' id='word_1_693' title='bbox 3207 4388 3304 4448; x_wconf 83' lang='grc' dir='ltr'>οὖν</span> <span class='ocrx_word' id='word_1_694' title='bbox 3359 4395 3542 4466; x_wconf 82' lang='grc' dir='ltr'>ὅμως,</span> <span class='ocrx_word' id='word_1_695' title='bbox 3591 4367 3665 4448; x_wconf 75' lang='grc' dir='ltr'>ὧν</span> <span class='ocrx_word' id='word_1_696' title='bbox 3719 4408 3810 4463; x_wconf 78' lang='grc' dir='ltr'>με-</span> 
     </span>
    </p>
   </div>
   <div class='ocr_carea' id='block_1_87' title="bbox 549 4460 2114 4536">
    <p class='ocr_par' dir='ltr' id='par_1_87' title="bbox 549 4460 2114 4536">
     <span class='ocr_line' id='line_1_87' title="bbox 549 4460 2114 4536; baseline -0.008 -9"><span class='ocrx_word' id='word_1_697' title='bbox 549 4472 868 4536; x_wconf 84' lang='lat' dir='ltr'><strong>-trectabam,</strong></span> <span class='ocrx_word' id='word_1_698' title='bbox 911 4465 1360 4536; x_wconf 86' lang='lat' dir='ltr'><strong>quemadmodum</strong></span> <span class='ocrx_word' id='word_1_699' title='bbox 1389 4463 1480 4531; x_wconf 91' lang='lat' dir='ltr'><strong>qui</strong></span> <span class='ocrx_word' id='word_1_700' title='bbox 1512 4461 1578 4514; x_wconf 87' lang='lat' dir='ltr'><strong>ad</strong></span> <span class='ocrx_word' id='word_1_701' title='bbox 1638 4474 1795 4515; x_wconf 88' lang='lat' dir='ltr'><strong>sacra</strong></span> <span class='ocrx_word' id='word_1_702' title='bbox 1833 4460 2114 4525; x_wconf 87' lang='lat' dir='ltr'><strong>accedunt,</strong></span> 
     </span>
    </p>
   </div>
   <div class='ocr_carea' id='block_1_88' title="bbox 552 4559 2118 4634">
    <p class='ocr_par' dir='ltr' id='par_1_88' title="bbox 552 4559 2118 4634">
     <span class='ocr_line' id='line_1_88' title="bbox 552 4559 2118 4634; baseline -0.008 -17"><span class='ocrx_word' id='word_1_703' title='bbox 552 4565 860 4634; x_wconf 87' lang='lat' dir='ltr'><strong>priusquam</strong></span> <span class='ocrx_word' id='word_1_704' title='bbox 950 4574 1132 4614; x_wconf 89' lang='lat' dir='ltr'><strong>vocem</strong></span> <span class='ocrx_word' id='word_1_705' title='bbox 1235 4559 1582 4624; x_wconf 85' lang='lat' dir='ltr'><strong>animumque</strong></span> <span class='ocrx_word' id='word_1_706' title='bbox 1685 4566 2118 4621; x_wconf 82' lang='lat' dir='ltr'><strong>perpurgassem.</strong></span> 
     </span>
    </p>
   </div>
   <div class='ocr_carea' id='block_1_89' title="bbox 623 4667 2116 4748">
    <p class='ocr_par' dir='ltr' id='par_1_89' title="bbox 623 4667 2116 4748">
     <span class='ocr_line' id='line_1_89' title="bbox 623 4667 2116 4748; baseline -0.006 -14"><span class='ocrx_word' id='word_1_707' title='bbox 623 4681 733 4748; x_wconf 69' lang='lat'><strong>(28)</strong></span> <span class='ocrx_word' id='word_1_708' title='bbox 759 4677 1008 4733; x_wconf 71' lang='grc' dir='ltr'><strong>Μᾶλλον</strong></span> <span class='ocrx_word' id='word_1_709' title='bbox 1035 4676 1092 4744; x_wconf 76' lang='grc' dir='ltr'><strong>ἢ.</strong></span> <span class='ocrx_word' id='word_1_710' title='bbox 1159 4673 1249 4728; x_wconf 90' lang='lat' dir='ltr'><strong>Sic</strong></span> <span class='ocrx_word' id='word_1_711' title='bbox 1290 4673 1456 4744; x_wconf 76' lang='lat' dir='ltr'><strong>Regg.</strong></span> <span class='ocrx_word' id='word_1_712' title='bbox 1491 4673 1602 4735; x_wconf 87' lang='lat' dir='ltr'><strong>bm,</strong></span> <span class='ocrx_word' id='word_1_713' title='bbox 1658 4671 1748 4738; x_wconf 89' lang='lat' dir='ltr'><strong>pb,</strong></span> <span class='ocrx_word' id='word_1_714' title='bbox 1803 4667 1977 4736; x_wconf 67' lang='lat' dir='ltr'><strong>Pass,</strong></span> <span class='ocrx_word' id='word_1_715' title='bbox 2015 4683 2116 4725; x_wconf 91' lang='lat' dir='ltr'><strong>etc.</strong></span> 
     </span>
    </p>
   </div>
   <div class='ocr_carea' id='block_1_90' title="bbox 551 4749 1568 4821">
    <p class='ocr_par' dir='ltr' id='par_1_90' title="bbox 551 4749 1568 4821">
     <span class='ocr_line' id='line_1_90' title="bbox 551 4749 1568 4821; baseline -0.008 -16"><span class='ocrx_word' id='word_1_716' title='bbox 551 4749 972 4821; x_wconf 63' lang='lat' dir='ltr'><strong>Deestﬁined.</strong></span> <span class='ocrx_word' id='word_1_717' title='bbox 1065 4814 1095 4821; x_wconf 42' lang='grc' dir='ltr'>κ</span> <span class='ocrx_word' id='word_1_718' title='bbox 1193 4814 1204 4821; x_wconf 91' lang='lat'><em>_</em></span> <span class='ocrx_word' id='word_1_719' title='bbox 1326 4813 1351 4821; x_wconf 90' lang='lat'>_</span> <span class='ocrx_word' id='word_1_720' title='bbox 1419 4812 1430 4821; x_wconf 81' lang='lat'><strong>_</strong></span> <span class='ocrx_word' id='word_1_721' title='bbox 1546 4811 1568 4821; x_wconf 36' lang='grc' dir='ltr'><strong>η</strong></span> 
     </span>
    </p>
   </div>
   <div class='ocr_carea' id='block_1_91' title="bbox 623 4812 1628 4886">
    <p class='ocr_par' dir='ltr' id='par_1_91' title="bbox 623 4812 1628 4886">
     <span class='ocr_line' id='line_1_91' title="bbox 623 4812 1628 4886; baseline -0.01 -14"><span class='ocrx_word' id='word_1_722' title='bbox 623 4821 732 4886; x_wconf 63' lang='lat'><strong>(‘29)</strong></span> <span class='ocrx_word' id='word_1_723' title='bbox 757 4812 1022 4886; x_wconf 57' lang='grc' dir='ltr'>ξΑρετνῆς.</span> <span class='ocrx_word' id='word_1_724' title='bbox 1057 4814 1270 4886; x_wconf 75' lang='lat' dir='ltr'><strong>Comb.,</strong></span> <span class='ocrx_word' id='word_1_725' title='bbox 1293 4813 1388 4886; x_wconf 74' lang='grc' dir='ltr'>τῆς</span> <span class='ocrx_word' id='word_1_726' title='bbox 1409 4812 1628 4883; x_wconf 77' lang='grc' dir='ltr'>ἀρετῆς.</span> 
     </span>
    </p>
   </div>
   <div class='ocr_carea' id='block_1_92' title="bbox 623 4879 2118 4960">
    <p class='ocr_par' dir='ltr' id='par_1_92' title="bbox 623 4879 2118 4960">
     <span class='ocr_line' id='line_1_92' title="bbox 623 4879 2118 4960; baseline -0.005 -18"><span class='ocrx_word' id='word_1_727' title='bbox 623 4879 734 4960; x_wconf 77' lang='grc'><strong>(50)</strong></span> <span class='ocrx_word' id='word_1_728' title='bbox 756 4879 868 4942; x_wconf 74' lang='grc' dir='ltr'><strong>Ἦν·</strong></span> <span class='ocrx_word' id='word_1_729' title='bbox 887 4879 1500 4960; x_wconf 21' lang='grc' dir='ltr'>Αγεὶρ-το-ὺςέπαίὶηουζ,</span> <span class='ocrx_word' id='word_1_730' title='bbox 1531 4893 1632 4934; x_wconf 86' lang='lat' dir='ltr'><strong>etc.</strong></span> <span class='ocrx_word' id='word_1_731' title='bbox 1671 4879 1920 4960; x_wconf 44' lang='lat' dir='ltr'><strong>Qbscura‘</strong></span> <span class='ocrx_word' id='word_1_732' title='bbox 1945 4879 2118 4946; x_wconf 81' lang='lat' dir='ltr'><strong>profe-</strong></span> 
     </span>
    </p>
   </div>
   <div class='ocr_carea' id='block_1_93' title="bbox 551 4949 2116 5017">
    <p class='ocr_par' dir='ltr' id='par_1_93' title="bbox 551 4949 2116 5017">
     <span class='ocr_line' id='line_1_93' title="bbox 551 4949 2116 5017; baseline -0.006 -5"><span class='ocrx_word' id='word_1_733' title='bbox 551 4949 643 5012; x_wconf 75' lang='lat' dir='ltr'><strong>Cto</strong></span> <span class='ocrx_word' id='word_1_734' title='bbox 673 4949 1134 5011; x_wconf 48' lang='lat' dir='ltr'><strong>sententiafllanc</strong></span> <span class='ocrx_word' id='word_1_735' title='bbox 1165 4953 1381 5004; x_wconf 77' lang='lat' dir='ltr'><strong>Nicetas</strong></span> <span class='ocrx_word' id='word_1_736' title='bbox 1414 4953 1491 5005; x_wconf 82' lang='lat' dir='ltr'><strong>sic</strong></span> <span class='ocrx_word' id='word_1_737' title='bbox 1529 4950 1746 5017; x_wconf 84' lang='lat' dir='ltr'><strong>exponit</strong></span> <span class='ocrx_word' id='word_1_738' title='bbox 1786 4966 1800 5003; x_wconf 89' lang='lat'><strong>:</strong></span> <span class='ocrx_word' id='word_1_739' title='bbox 1838 4967 1856 4998; x_wconf 72' lang='grc' dir='ltr'><strong>ι</strong></span> <span class='ocrx_word' id='word_1_740' title='bbox 1882 4949 2116 5014; x_wconf 83' lang='lat' dir='ltr'><strong>Quarum</strong></span> 
     </span>
    </p>
   </div>
   <div class='ocr_carea' id='block_1_94' title="bbox 555 5025 2116 5088">
    <p class='ocr_par' dir='ltr' id='par_1_94' title="bbox 555 5025 2116 5088">
     <span class='ocr_line' id='line_1_94' title="bbox 555 5025 2116 5088; baseline -0.008 -5"><span class='ocrx_word' id='word_1_741' title='bbox 555 5044 733 5082; x_wconf 87' lang='lat' dir='ltr'><strong>rerum</strong></span> <span class='ocrx_word' id='word_1_742' title='bbox 768 5027 948 5079; x_wconf 87' lang='lat' dir='ltr'><strong>laudes</strong></span> <span class='ocrx_word' id='word_1_743' title='bbox 972 5025 1331 5085; x_wconf 89' lang='lat' dir='ltr'><strong>celebrantur,</strong></span> <span class='ocrx_word' id='word_1_744' title='bbox 1387 5035 1479 5073; x_wconf 87' lang='lat' dir='ltr'><strong>eas</strong></span> <span class='ocrx_word' id='word_1_745' title='bbox 1529 5032 1740 5088; x_wconf 82' lang='lat' dir='ltr'><strong>quoque</strong></span> <span class='ocrx_word' id='word_1_746' title='bbox 1774 5034 2116 5087; x_wconf 76' lang='lat' dir='ltr'><strong>progressum</strong></span> 
     </span>
    </p>
   </div>
   <div class='ocr_carea' id='block_1_95' title="bbox 551 5089 2116 5158">
    <p class='ocr_par' dir='ltr' id='par_1_95' title="bbox 551 5089 2116 5158">
     <span class='ocr_line' id='line_1_95' title="bbox 551 5089 2116 5158; baseline -0.007 -6"><span class='ocrx_word' id='word_1_747' title='bbox 551 5111 608 5152; x_wconf 75' lang='lat' dir='ltr'><strong>et</strong></span> <span class='ocrx_word' id='word_1_748' title='bbox 671 5098 1052 5150; x_wconf 88' lang='lat' dir='ltr'><strong>incrementum</strong></span> <span class='ocrx_word' id='word_1_749' title='bbox 1109 5091 1354 5158; x_wconf 86' lang='lat' dir='ltr'><strong>accipere</strong></span> <span class='ocrx_word' id='word_1_750' title='bbox 1409 5097 1737 5156; x_wconf 86' lang='lat' dir='ltr'><strong>compertum</strong></span> <span class='ocrx_word' id='word_1_751' title='bbox 1799 5089 1991 5144; x_wconf 86' lang='lat' dir='ltr'><strong>habeo.</strong></span> <span class='ocrx_word' id='word_1_752' title='bbox 2061 5089 2116 5142; x_wconf 88' lang='lat' dir='ltr'><strong>In</strong></span> 
     </span>
    </p>
   </div>
   <div class='ocr_carea' id='block_1_96' title="bbox 555 5158 2111 5236">
    <p class='ocr_par' dir='ltr' id='par_1_96' title="bbox 555 5158 2111 5236">
     <span class='ocr_line' id='line_1_96' title="bbox 555 5158 2111 5236; baseline -0.006 -15"><span class='ocrx_word' id='word_1_753' title='bbox 555 5167 696 5221; x_wconf 82' lang='lat' dir='ltr'><strong>nulla</strong></span> <span class='ocrx_word' id='word_1_754' title='bbox 734 5166 894 5236; x_wconf 86' lang='lat' dir='ltr'><strong>igitur</strong></span> <span class='ocrx_word' id='word_1_755' title='bbox 929 5181 984 5217; x_wconf 88' lang='lat' dir='ltr'><strong>re</strong></span> <span class='ocrx_word' id='word_1_756' title='bbox 1013 5179 1074 5217; x_wconf 79' lang='lat' dir='ltr'><strong>ex</strong></span> <span class='ocrx_word' id='word_1_757' title='bbox 1127 5161 1374 5236; x_wconf 79' lang='lat' dir='ltr'><strong>omnibus</strong></span> <span class='ocrx_word' id='word_1_758' title='bbox 1397 5160 1568 5236; x_wconf 87' lang='lat' dir='ltr'><strong>_aliter</strong></span> <span class='ocrx_word' id='word_1_759' title='bbox 1595 5158 1808 5236; x_wconf 78' lang='lat' dir='ltr'><strong>accidit,</strong></span> <span class='ocrx_word' id='word_1_760' title='bbox 1841 5158 1967 5236; x_wconf 82' lang='lat' dir='ltr'><strong>quin</strong></span> <span class='ocrx_word' id='word_1_761' title='bbox 2027 5158 2111 5236; x_wconf 76' lang='lat' dir='ltr'><strong>iu-</strong></span> 
     </span>
    </p>
   </div>
   <div class='ocr_carea' id='block_1_97' title="bbox 554 5228 2100 5301">
    <p class='ocr_par' dir='ltr' id='par_1_97' title="bbox 554 5228 2100 5301">
     <span class='ocr_line' id='line_1_97' title="bbox 554 5228 2100 5301; baseline -0.005 -13"><span class='ocrx_word' id='word_1_762' title='bbox 554 5228 910 5298; x_wconf 58' lang='lat' dir='ltr'><strong>cremeiitutn,</strong></span> <span class='ocrx_word' id='word_1_763' title='bbox 939 5250 1002 5288; x_wconf 77' lang='lat' dir='ltr'><strong>ex</strong></span> <span class='ocrx_word' id='word_1_764' title='bbox 1034 5249 1096 5286; x_wconf 89' lang='lat' dir='ltr'><strong>eo</strong></span> <span class='ocrx_word' id='word_1_765' title='bbox 1127 5234 1264 5301; x_wconf 89' lang='lat' dir='ltr'><strong>quod</strong></span> <span class='ocrx_word' id='word_1_766' title='bbox 1289 5231 1556 5293; x_wconf 87' lang='lat' dir='ltr'><strong>laudetur,</strong></span> <span class='ocrx_word' id='word_1_767' title='bbox 1583 5228 1827 5301; x_wconf 83' lang='lat' dir='ltr'><strong>accipiat.</strong></span> <span class='ocrx_word' id='word_1_768' title='bbox 1863 5247 1882 5279; x_wconf 68' lang='grc' dir='ltr'><strong>ι</strong></span> <span class='ocrx_word' id='word_1_769' title='bbox 1916 5229 2100 5301; x_wconf 63' lang='lat' dir='ltr'><strong>Uonjio</strong></span> 
     </span>
    </p>
   </div>
   <div class='ocr_carea' id='block_1_98' title="bbox 553 5299 2112 5374">
    <p class='ocr_par' dir='ltr' id='par_1_98' title="bbox 553 5299 2112 5374">
     <span class='ocr_line' id='line_1_98' title="bbox 553 5299 2112 5374; baseline -0.006 -13"><span class='ocrx_word' id='word_1_770' title='bbox 553 5309 725 5361; x_wconf 87' lang='lat' dir='ltr'><strong>cimus</strong></span> <span class='ocrx_word' id='word_1_771' title='bbox 767 5305 1081 5374; x_wconf 79' lang='lat' dir='ltr'><strong>Gregorium</strong></span> <span class='ocrx_word' id='word_1_772' title='bbox 1137 5299 1223 5357; x_wconf 74' lang='lat' dir='ltr'><strong>hic</strong></span> <span class='ocrx_word' id='word_1_773' title='bbox 1271 5302 1552 5374; x_wconf 27' lang='lat' dir='ltr'><strong>indicare,‘</strong></span> <span class='ocrx_word' id='word_1_774' title='bbox 1588 5299 1767 5374; x_wconf 76' lang='lat' dir='ltr'><strong>quod,_</strong></span> <span class='ocrx_word' id='word_1_775' title='bbox 1813 5299 2112 5374; x_wconf 64' lang='lat' dir='ltr'><strong>quqmagis</strong></span> 
     </span>
    </p>
   </div>
   <div class='ocr_carea' id='block_1_99' title="bbox 553 5369 2111 5446">
    <p class='ocr_par' dir='ltr' id='par_1_99' title="bbox 553 5369 2111 5446">
     <span class='ocr_line' id='line_1_99' title="bbox 553 5369 2111 5446; baseline -0.003 -19"><span class='ocrx_word' id='word_1_776' title='bbox 553 5369 1034 5446; x_wconf 65' lang='lat' dir='ltr'><strong>quidmtatn,&#39;sive</strong></span> <span class='ocrx_word' id='word_1_777' title='bbox 1087 5375 1286 5446; x_wconf 66' lang='lat' dir='ltr'><strong>virtus,</strong></span> <span class='ocrx_word' id='word_1_778' title='bbox 1321 5373 1433 5426; x_wconf 86' lang='lat' dir='ltr'><strong>sive</strong></span> <span class='ocrx_word' id='word_1_779' title='bbox 1461 5371 1671 5433; x_wconf 90' lang='lat' dir='ltr'><strong>vitium,</strong></span> <span class='ocrx_word' id='word_1_780' title='bbox 1707 5369 1837 5446; x_wconf 66' lang='lat' dir='ltr'><strong>sive</strong></span> <span class='ocrx_word' id='word_1_781' title='bbox 1867 5369 1970 5446; x_wconf 83' lang='lat' dir='ltr'><strong>alia</strong></span> <span class='ocrx_word' id='word_1_782' title='bbox 2004 5384 2111 5446; x_wconf 79' lang='lat' dir='ltr'><strong>res,</strong></span> 
     </span>
    </p>
   </div>
   <div class='ocr_carea' id='block_1_100' title="bbox 553 5439 2111 5512">
    <p class='ocr_par' dir='ltr' id='par_1_100' title="bbox 553 5439 2111 5512">
     <span class='ocr_line' id='line_1_100' title="bbox 553 5439 2111 5512; baseline -0.005 -12"><span class='ocrx_word' id='word_1_783' title='bbox 553 5439 818 5510; x_wconf 69' lang='lat' dir='ltr'><strong>laudatur,</strong></span> <span class='ocrx_word' id='word_1_784' title='bbox 853 5439 936 5500; x_wconf 85' lang='lat' dir='ltr'><strong>eo</strong></span> <span class='ocrx_word' id='word_1_785' title='bbox 972 5444 1138 5512; x_wconf 81' lang='lat' dir='ltr'><strong>magis</strong></span> <span class='ocrx_word' id='word_1_786' title='bbox 1193 5441 1357 5512; x_wconf 89' lang='lat' dir='ltr'><strong>ipsius</strong></span> <span class='ocrx_word' id='word_1_787' title='bbox 1392 5457 1541 5512; x_wconf 64' lang='lat' dir='ltr'><strong>arnor</strong></span> <span class='ocrx_word' id='word_1_788' title='bbox 1582 5448 1636 5494; x_wconf 92' lang='lat' dir='ltr'><strong>et</strong></span> <span class='ocrx_word' id='word_1_789' title='bbox 1689 5439 2005 5512; x_wconf 81' lang='lat' dir='ltr'><strong>desiderium</strong></span> <span class='ocrx_word' id='word_1_790' title='bbox 2059 5439 2111 5492; x_wconf 92' lang='lat' dir='ltr'><strong>in</strong></span> 
     </span>
    </p>
   </div>
   <div class='ocr_carea' id='block_1_101' title="bbox 553 5509 2116 5581">
    <p class='ocr_par' dir='ltr' id='par_1_101' title="bbox 553 5509 2116 5581">
     <span class='ocr_line' id='line_1_101' title="bbox 553 5509 2116 5581; baseline -0.007 -10"><span class='ocrx_word' id='word_1_791' title='bbox 553 5509 852 5571; x_wconf 85' lang='lat' dir='ltr'><strong>auditorum</strong></span> <span class='ocrx_word' id='word_1_792' title='bbox 884 5509 1370 5581; x_wconf 63' lang='lat' dir='ltr'><strong>attittlisinﬁgatur.</strong></span> <span class='ocrx_word' id='word_1_793' title='bbox 1419 5510 1571 5565; x_wconf 88' lang='lat' dir='ltr'><strong>Unde</strong></span> <span class='ocrx_word' id='word_1_794' title='bbox 1606 5509 1898 5581; x_wconf 80' lang='lat' dir='ltr'><strong>generatim</strong></span> <span class='ocrx_word' id='word_1_795' title='bbox 1931 5509 2116 5581; x_wconf 82' lang='lat' dir='ltr'><strong>dicen-</strong></span> 
     </span>
    </p>
   </div>
   <div class='ocr_carea' id='block_1_102' title="bbox 2224 4473 3814 4557">
    <p class='ocr_par' dir='ltr' id='par_1_102' title="bbox 2224 4473 3814 4557">
     <span class='ocr_line' id='line_1_102' title="bbox 2224 4473 3814 4557; baseline 0.005 -31"><span class='ocrx_word' id='word_1_796' title='bbox 2224 4473 2356 4537; x_wconf 78' lang='grc' dir='ltr'>ταξὺ</span> <span class='ocrx_word' id='word_1_797' title='bbox 2386 4474 2496 4544; x_wconf 78' lang='grc'><strong>(58)</strong></span> <span class='ocrx_word' id='word_1_798' title='bbox 2532 4477 2657 4548; x_wconf 78' lang='grc' dir='ltr'>περὶ</span> <span class='ocrx_word' id='word_1_799' title='bbox 2688 4478 2778 4531; x_wconf 83' lang='grc' dir='ltr'><strong>τὸν</strong></span> <span class='ocrx_word' id='word_1_800' title='bbox 2826 4478 2995 4550; x_wconf 84' lang='grc' dir='ltr'>ἀληθῆ</span> <span class='ocrx_word' id='word_1_801' title='bbox 3035 4481 3189 4549; x_wconf 84' lang='grc' dir='ltr'>λόγον</span> <span class='ocrx_word' id='word_1_802' title='bbox 3219 4485 3595 4557; x_wconf 77' lang='grc' dir='ltr'>ἠσχολήμεθα</span> <span class='ocrx_word' id='word_1_803' title='bbox 3648 4483 3814 4538; x_wconf 84' lang='grc' dir='ltr'>κινδυ-</span> 
     </span>
    </p>
   </div>
   <div class='ocr_carea' id='block_1_103' title="bbox 2228 4565 3812 4639">
    <p class='ocr_par' dir='ltr' id='par_1_103' title="bbox 2228 4565 3812 4639">
     <span class='ocr_line' id='line_1_103' title="bbox 2228 4565 3812 4639; baseline 0.008 -23"><span class='ocrx_word' id='word_1_804' title='bbox 2228 4565 2467 4628; x_wconf 85' lang='grc' dir='ltr'>νεύοντα,</span> <span class='ocrx_word' id='word_1_805' title='bbox 2500 4567 2678 4632; x_wconf 85' lang='grc' dir='ltr'>καλῶς</span> <span class='ocrx_word' id='word_1_806' title='bbox 2701 4568 3028 4639; x_wconf 82' lang='grc' dir='ltr'>βιασθέντες,</span> <span class='ocrx_word' id='word_1_807' title='bbox 3077 4575 3168 4627; x_wconf 72' lang='grc' dir='ltr'>καὶ</span> <span class='ocrx_word' id='word_1_808' title='bbox 3196 4577 3344 4630; x_wconf 81' lang='grc' dir='ltr'>κατὰ</span> <span class='ocrx_word' id='word_1_809' title='bbox 3387 4577 3528 4632; x_wconf 76' lang='grc' dir='ltr'>Θεὸν</span> <span class='ocrx_word' id='word_1_810' title='bbox 3567 4577 3695 4638; x_wconf 79' lang='grc' dir='ltr'>ἴσως</span> <span class='ocrx_word' id='word_1_811' title='bbox 3724 4573 3812 4627; x_wconf 77' lang='grc' dir='ltr'><strong>ἐκ·</strong></span> 
     </span>
    </p>
   </div>
   <div class='ocr_carea' id='block_1_104' title="bbox 2225 4682 3814 4784">
    <p class='ocr_par' dir='ltr' id='par_1_104' title="bbox 2225 4682 3814 4784">
     <span class='ocr_line' id='line_1_104' title="bbox 2225 4682 3814 4784; baseline -0.021 -11"><span class='ocrx_word' id='word_1_812' title='bbox 2225 4682 2410 4784; x_wconf 51' lang='lat'><strong>&quot;$33)</strong></span> <span class='ocrx_word' id='word_1_813' title='bbox 2451 4685 2886 4752; x_wconf 70' lang='grc' dir='ltr'><strong>Σεμνύνανταςι</strong></span> <span class='ocrx_word' id='word_1_814' title='bbox 2924 4685 3055 4754; x_wconf 69' lang='lat' dir='ltr'><strong>Reg.</strong></span> <span class='ocrx_word' id='word_1_815' title='bbox 3090 4702 3119 4742; x_wconf 89' lang='lat' dir='ltr'><strong>a</strong></span> <span class='ocrx_word' id='word_1_816' title='bbox 3152 4697 3208 4742; x_wconf 91' lang='lat' dir='ltr'><strong>et</strong></span> <span class='ocrx_word' id='word_1_817' title='bbox 3241 4687 3476 4757; x_wconf 86' lang='lat' dir='ltr'><strong>Comb.,</strong></span> <span class='ocrx_word' id='word_1_818' title='bbox 3533 4689 3814 4762; x_wconf 83' lang='grc' dir='ltr'>σεμνύνον-</span> 
     </span>
    </p>
   </div>
   <div class='ocr_carea' id='block_1_105' title="bbox 2235 4767 3332 4890">
    <p class='ocr_par' dir='ltr' id='par_1_105' title="bbox 2235 4767 3332 4890">
     <span class='ocr_line' id='line_1_105' title="bbox 2235 4767 3332 4890; baseline 0.005 -14"><span class='ocrx_word' id='word_1_819' title='bbox 2235 4767 2404 4890; x_wconf 61' lang='grc' dir='ltr'><strong>”αῗὲδ)</strong></span> <span class='ocrx_word' id='word_1_820' title='bbox 2440 4824 2686 4878; x_wconf 76' lang='grc' dir='ltr'>Ἀλλου.</span> <span class='ocrx_word' id='word_1_821' title='bbox 2719 4825 2932 4890; x_wconf 87' lang='lat' dir='ltr'><strong>Comb.,</strong></span> <span class='ocrx_word' id='word_1_822' title='bbox 2962 4825 3119 4890; x_wconf 77' lang='grc' dir='ltr'>ἄλλος</span> <span class='ocrx_word' id='word_1_823' title='bbox 3143 4827 3332 4882; x_wconf 79' lang='grc' dir='ltr'><strong>ἄλλου.</strong></span> 
     </span>
    </p>
   </div>
   <div class='ocr_carea' id='block_1_106' title="bbox 2289 4891 3520 5034">
    <p class='ocr_par' dir='ltr' id='par_1_106' title="bbox 2289 4891 3520 5034">
     <span class='ocr_line' id='line_1_106' title="bbox 2289 4891 3520 5034; baseline 0.006 -91"><span class='ocrx_word' id='word_1_824' title='bbox 2289 4891 2402 5034; x_wconf 46' lang='lat' dir='ltr'><strong>(5f;</strong></span> <span class='ocrx_word' id='word_1_825' title='bbox 2441 4893 2758 4962; x_wconf 72' lang='grc' dir='ltr'>Ὀλιγωρίςι.</span> <span class='ocrx_word' id='word_1_826' title='bbox 2784 4897 2837 4948; x_wconf 89' lang='lat' dir='ltr'><strong>In</strong></span> <span class='ocrx_word' id='word_1_827' title='bbox 2861 4896 3202 4965; x_wconf 82' lang='lat' dir='ltr'><strong>quibusdam,</strong></span> <span class='ocrx_word' id='word_1_828' title='bbox 3236 4898 3520 4971; x_wconf 76' lang='grc' dir='ltr'>ῥᾳθυμίᾳ.</span> 
     </span>
     <span class='ocr_line' id='line_1_107' title="bbox 2291 4962 3488 5034; baseline 0.005 -18"><span class='ocrx_word' id='word_1_829' title='bbox 2291 4962 2379 5030; x_wconf 73' lang='lat'><strong>(3:)</strong></span> <span class='ocrx_word' id='word_1_830' title='bbox 2445 4963 2842 5034; x_wconf 77' lang='grc' dir='ltr'>Ἐνελίπυμεν.</span> <span class='ocrx_word' id='word_1_831' title='bbox 2897 4967 2984 5020; x_wconf 79' lang='lat' dir='ltr'><strong>Sic</strong></span> <span class='ocrx_word' id='word_1_832' title='bbox 3037 4965 3128 5020; x_wconf 90' lang='lat' dir='ltr'><strong>Or.</strong></span> <span class='ocrx_word' id='word_1_833' title='bbox 3160 4967 3310 5022; x_wconf 73' lang='lat'><strong>2.111</strong></span> <span class='ocrx_word' id='word_1_834' title='bbox 3364 4972 3488 5033; x_wconf 59' lang='grc' dir='ltr'><strong>θύη</strong></span> 
     </span>
    </p>
   </div>
   <div class='ocr_carea' id='block_1_107' title="bbox 2291 4962 3488 5034">
    <p class='ocr_par' dir='ltr' id='par_1_107' title="bbox 2291 4962 3488 5034">
     <span class='ocr_line' id='line_1_108' title="bbox 2291 4962 3488 5034; baseline 0.005 -18"><span class='ocrx_word' id='word_1_835' title='bbox 2445 4963 2842 5034; x_wconf 77' lang='grc' dir='ltr'>Ἐνελίπυμεν.</span> <span class='ocrx_word' id='word_1_836' title='bbox 2879 4962 2984 5020; x_wconf 63' lang='grc' dir='ltr'><strong>⁷δὶα</strong></span> <span class='ocrx_word' id='word_1_837' title='bbox 3037 4965 3128 5020; x_wconf 90' lang='lat' dir='ltr'><strong>Or.</strong></span> <span class='ocrx_word' id='word_1_838' title='bbox 3160 4962 3310 5022; x_wconf 55' lang='lat'><strong>2.“!</strong></span> 
     </span>
    </p>
   </div>
   <div class='ocr_carea' id='block_1_108' title="bbox 2222 5050 3580 5180">
    <p class='ocr_par' dir='ltr' id='par_1_108' title="bbox 2222 5051 3580 5180">
     <span class='ocr_line' id='line_1_109' title="bbox 2222 5051 3580 5180; baseline 0.007 -24"><span class='ocrx_word' id='word_1_839' title='bbox 2436 5103 2878 5180; x_wconf 35' lang='lat' dir='ltr'><strong>Eyelﬁqatper.</strong></span> <span class='ocrx_word' id='word_1_840' title='bbox 2906 5108 3034 5180; x_wconf 68' lang='lat' dir='ltr'><strong>Reg.</strong></span> <span class='ocrx_word' id='word_1_841' title='bbox 3070 5121 3118 5180; x_wconf 85' lang='lat' dir='ltr'><strong>_c,</strong></span> <span class='ocrx_word' id='word_1_842' title='bbox 3149 5107 3580 5180; x_wconf 77' lang='grc' dir='ltr'>ἀμελησαίμην.</span> 
     </span>
    </p>
   </div>
   <div class='ocr_carea' id='block_1_109' title="bbox 2311 5174 3807 5243">
    <p class='ocr_par' dir='ltr' id='par_1_109' title="bbox 2311 5174 3807 5243">
     <span class='ocr_line' id='line_1_110' title="bbox 2311 5174 3807 5243; baseline 0.004 -18"><span class='ocrx_word' id='word_1_843' title='bbox 2311 5174 2397 5241; x_wconf 75' lang='grc'><strong>57)</strong></span> <span class='ocrx_word' id='word_1_844' title='bbox 2431 5176 2493 5225; x_wconf 82' lang='lat' dir='ltr'><strong>Ol</strong></span> <span class='ocrx_word' id='word_1_845' title='bbox 2521 5174 2644 5239; x_wconf 83' lang='grc' dir='ltr'>τοῖς</span> <span class='ocrx_word' id='word_1_846' title='bbox 2671 5174 2868 5242; x_wconf 75' lang='grc' dir='ltr'>ἱεροῖς.</span> <span class='ocrx_word' id='word_1_847' title='bbox 2937 5196 2953 5226; x_wconf 78' lang='grc' dir='ltr'><strong>ι</strong></span> <span class='ocrx_word' id='word_1_848' title='bbox 2985 5174 3083 5243; x_wconf 82' lang='lat' dir='ltr'><strong>Qui</strong></span> <span class='ocrx_word' id='word_1_849' title='bbox 3135 5174 3199 5230; x_wconf 84' lang='lat' dir='ltr'><strong>ad</strong></span> <span class='ocrx_word' id='word_1_850' title='bbox 3231 5174 3460 5242; x_wconf 56' lang='lat' dir='ltr'><strong>ten&#39;tpla&#39;</strong></span> <span class='ocrx_word' id='word_1_851' title='bbox 3481 5174 3807 5234; x_wconf 61' lang='lat' dir='ltr'><strong>accedunt.»</strong></span> 
     </span>
    </p>
   </div>
   <div class='ocr_carea' id='block_1_110' title="bbox 2232 5243 3813 5318">
    <p class='ocr_par' dir='ltr' id='par_1_110' title="bbox 2232 5243 3813 5318">
     <span class='ocr_line' id='line_1_111' title="bbox 2232 5243 3813 5318; baseline 0.003 -24"><span class='ocrx_word' id='word_1_852' title='bbox 2232 5243 2384 5318; x_wconf 84' lang='lat' dir='ltr'><strong>_Apud</strong></span> <span class='ocrx_word' id='word_1_853' title='bbox 2443 5243 2763 5318; x_wconf 76' lang='lat' dir='ltr'><strong>Orientales.</strong></span> <span class='ocrx_word' id='word_1_854' title='bbox 2815 5248 2880 5298; x_wconf 87' lang='lat' dir='ltr'><strong>ad</strong></span> <span class='ocrx_word' id='word_1_855' title='bbox 2942 5261 3216 5299; x_wconf 85' lang='lat' dir='ltr'><strong>sacrarum</strong></span> <span class='ocrx_word' id='word_1_856' title='bbox 3279 5249 3496 5302; x_wconf 58' lang='lat' dir='ltr'><strong>aedium</strong></span> <span class='ocrx_word' id='word_1_857' title='bbox 3558 5252 3813 5318; x_wconf 79' lang='lat' dir='ltr'><strong>porticus,</strong></span> 
     </span>
    </p>
   </div>
   <div class='ocr_carea' id='block_1_111' title="bbox 2223 5313 3815 5389">
    <p class='ocr_par' dir='ltr' id='par_1_111' title="bbox 2223 5313 3815 5389">
     <span class='ocr_line' id='line_1_112' title="bbox 2223 5313 3815 5389; baseline 0.003 -24"><span class='ocrx_word' id='word_1_858' title='bbox 2223 5313 2394 5366; x_wconf 82' lang='lat' dir='ltr'><strong>fontes</strong></span> <span class='ocrx_word' id='word_1_859' title='bbox 2422 5324 2479 5389; x_wconf 90' lang='lat' dir='ltr'><strong>et_</strong></span> <span class='ocrx_word' id='word_1_860' title='bbox 2523 5315 2713 5383; x_wconf 70' lang='lat' dir='ltr'><strong>phiala:</strong></span> <span class='ocrx_word' id='word_1_861' title='bbox 2755 5323 2948 5384; x_wconf 69' lang='lat' dir='ltr'><strong>prmsto</strong></span> <span class='ocrx_word' id='word_1_862' title='bbox 2995 5323 3167 5382; x_wconf 81' lang='lat' dir='ltr'><strong>erant,</strong></span> <span class='ocrx_word' id='word_1_863' title='bbox 3221 5326 3283 5369; x_wconf 88' lang='lat' dir='ltr'><strong>ut</strong></span> <span class='ocrx_word' id='word_1_864' title='bbox 3319 5313 3661 5374; x_wconf 81' lang='lat' dir='ltr'><strong>accedentes</strong></span> <span class='ocrx_word' id='word_1_865' title='bbox 3697 5336 3815 5389; x_wconf 77' lang='lat' dir='ltr'><strong>pes-</strong></span> 
     </span>
    </p>
   </div>
   <div class='ocr_carea' id='block_1_112' title="bbox 3541 4955 3811 5025">
    <p class='ocr_par' dir='ltr' id='par_1_112' title="bbox 3541 4955 3811 5025">
     <span class='ocr_line' id='line_1_113' title="bbox 3541 4955 3811 5025; baseline -0.026 0"><span class='ocrx_word' id='word_1_866' title='bbox 3541 4955 3811 5025; x_wconf 81' lang='grc' dir='ltr'>ὲνελείπο-</span> 
     </span>
    </p>
   </div>
   <div class='ocr_carea' id='block_1_113' title="bbox 2211 5384 2870 5451">
    <p class='ocr_par' dir='ltr' id='par_1_113' title="bbox 2211 5384 2870 5451">
     <span class='ocr_line' id='line_1_114' title="bbox 2211 5384 2870 5451; baseline 0.002 -15"><span class='ocrx_word' id='word_1_867' title='bbox 2211 5393 2326 5436; x_wconf 89' lang='lat' dir='ltr'><strong>seut</strong></span> <span class='ocrx_word' id='word_1_868' title='bbox 2358 5384 2544 5451; x_wconf 67' lang='lat' dir='ltr'><strong>sordes</strong></span> <span class='ocrx_word' id='word_1_869' title='bbox 2573 5395 2870 5451; x_wconf 78' lang='lat' dir='ltr'><strong>extergere.</strong></span> 
     </span>
    </p>
   </div>
   <div class='ocr_carea' id='block_1_114' title="bbox 2281 5447 3817 5531">
    <p class='ocr_par' dir='ltr' id='par_1_114' title="bbox 2281 5447 3817 5531">
     <span class='ocr_line' id='line_1_115' title="bbox 2281 5447 3817 5531; baseline -0.008 -11"><span class='ocrx_word' id='word_1_870' title='bbox 2281 5451 2389 5522; x_wconf 71' lang='lat'><strong>(58)</strong></span> <span class='ocrx_word' id='word_1_871' title='bbox 2423 5447 2535 5531; x_wconf 51' lang='grc' dir='ltr'><strong>’Ὧν</strong></span> <span class='ocrx_word' id='word_1_872' title='bbox 2557 5447 2810 5531; x_wconf 54' lang='grc' dir='ltr'>μᾷταξῦε</span> <span class='ocrx_word' id='word_1_873' title='bbox 2835 5455 3018 5531; x_wconf 62' lang='grc' dir='ltr'>βρὴοί.</span> <span class='ocrx_word' id='word_1_874' title='bbox 3059 5455 3260 5531; x_wconf 29' lang='grc' dir='ltr'>’Ἔοικε</span> <span class='ocrx_word' id='word_1_875' title='bbox 3276 5457 3425 5531; x_wconf 44' lang='grc' dir='ltr'>ῃτὸν</span> <span class='ocrx_word' id='word_1_876' title='bbox 3458 5460 3711 5531; x_wconf 83' lang='grc' dir='ltr'>παρόντα</span> <span class='ocrx_word' id='word_1_877' title='bbox 3735 5458 3817 5531; x_wconf 78' lang='grc' dir='ltr'><strong>λό-</strong></span> 
     </span>
    </p>
   </div>
   <div class='ocr_carea' id='block_1_115' title="bbox 2210 5524 3812 5595">
    <p class='ocr_par' dir='ltr' id='par_1_115' title="bbox 2210 5524 3812 5595">
     <span class='ocr_line' id='line_1_116' title="bbox 2210 5524 3812 5595; baseline 0.003 -22"><span class='ocrx_word' id='word_1_878' title='bbox 2210 5539 2324 5595; x_wconf 64' lang='grc' dir='ltr'>γον,</span> <span class='ocrx_word' id='word_1_879' title='bbox 2385 5525 2526 5595; x_wconf 4' lang='grc' dir='ltr'>μετὰ,</span> <span class='ocrx_word' id='word_1_880' title='bbox 2573 5525 2644 5595; x_wconf 4' lang='grc' dir='ltr'><strong>τὸ,</strong></span> <span class='ocrx_word' id='word_1_881' title='bbox 2667 5524 2940 5578; x_wconf 85' lang='grc' dir='ltr'>κατελθεῖν</span> <span class='ocrx_word' id='word_1_882' title='bbox 2978 5525 3085 5578; x_wconf 86' lang='grc' dir='ltr'><strong>ἀπὸ</strong></span> <span class='ocrx_word' id='word_1_883' title='bbox 3115 5527 3211 5595; x_wconf 80' lang='grc' dir='ltr'>τῆς</span> <span class='ocrx_word' id='word_1_884' title='bbox 3276 5524 3812 5582; x_wconf 76' lang='grc' dir='ltr'>Κωνσταντινουπό-</span> 
     </span>
    </p>
   </div>
   <div class='ocr_carea' id='block_1_116' title="bbox 553 5578 2118 5671">
    <p class='ocr_par' dir='ltr' id='par_1_116' title="bbox 553 5578 2113 5671">
     <span class='ocr_line' id='line_1_117' title="bbox 553 5578 2113 5671; baseline -0.008 -29"><span class='ocrx_word' id='word_1_885' title='bbox 553 5591 702 5647; x_wconf 88' lang='lat' dir='ltr'><strong>dum.</strong></span> <span class='ocrx_word' id='word_1_886' title='bbox 739 5587 878 5671; x_wconf 84' lang='lat' dir='ltr'><strong>quod</strong></span> <span class='ocrx_word' id='word_1_887' title='bbox 920 5585 1173 5666; x_wconf 82' lang='lat' dir='ltr'><strong>quidquid</strong></span> <span class='ocrx_word' id='word_1_888' title='bbox 1203 5578 1472 5671; x_wconf 68' lang='lat' dir='ltr'><strong>laudatur,</strong></span> <span class='ocrx_word' id='word_1_889' title='bbox 1505 5578 1628 5639; x_wconf 72' lang='lat' dir='ltr'><strong>ipsa</strong></span> <span class='ocrx_word' id='word_1_890' title='bbox 1673 5578 2000 5642; x_wconf 86' lang='lat' dir='ltr'><strong>laudatione,</strong></span> <span class='ocrx_word' id='word_1_891' title='bbox 2026 5579 2113 5631; x_wconf 81' lang='lat' dir='ltr'><strong>in—</strong></span> 
     </span>
    </p>
   </div>
   <div class='ocr_carea' id='block_1_117' title="bbox 2224 5578 3816 5671">
    <p class='ocr_par' dir='ltr' id='par_1_117' title="bbox 2224 5578 3816 5671">
     <span class='ocr_line' id='line_1_118' title="bbox 2224 5578 3816 5671; baseline 0.006 -28"><span class='ocrx_word' id='word_1_892' title='bbox 2224 5578 2737 5671; x_wconf 39' lang='lat' dir='ltr'><strong>isutg&#39;s‘tfﬁeﬁwxévat</strong></span> <span class='ocrx_word' id='word_1_893' title='bbox 2760 5611 2774 5624; x_wconf 85' lang='grc'><strong>·</strong></span> <span class='ocrx_word' id='word_1_894' title='bbox 2817 5596 3079 5671; x_wconf 71' lang='lat' dir='ltr'><strong>¢__Videtttr</strong></span> <span class='ocrx_word' id='word_1_895' title='bbox 3121 5578 3256 5671; x_wconf 65' lang='lat' dir='ltr'><strong>hanc</strong></span> <span class='ocrx_word' id='word_1_896' title='bbox 3663 5578 3816 5671; x_wconf 50' lang='grc' dir='ltr'>’βοει-</span> 
     </span>
    </p>
   </div>
   <div class='ocr_carea' id='block_1_118' title="bbox 551 5653 1456 5723">
    <p class='ocr_par' dir='ltr' id='par_1_118' title="bbox 551 5653 1456 5723">
     <span class='ocr_line' id='line_1_119' title="bbox 551 5653 1456 5723; baseline -0.009 -11"><span class='ocrx_word' id='word_1_897' title='bbox 551 5653 821 5712; x_wconf 80' lang='lat' dir='ltr'><strong>cremetita</strong></span> <span class='ocrx_word' id='word_1_898' title='bbox 853 5661 1093 5723; x_wconf 74' lang='lat' dir='ltr'><strong>accipere</strong></span> <span class='ocrx_word' id='word_1_899' title='bbox 1124 5667 1349 5706; x_wconf 87' lang='lat' dir='ltr'><strong>necesse.</strong></span> <span class='ocrx_word' id='word_1_900' title='bbox 1370 5653 1456 5705; x_wconf 82' lang='lat' dir='ltr'><strong>sit.</strong></span> 
     </span>
    </p>
   </div>
   <div class='ocr_carea' id='block_1_119' title="bbox 553 5716 2114 5870">
    <p class='ocr_par' dir='ltr' id='par_1_119' title="bbox 553 5716 2114 5870">
     <span class='ocr_line' id='line_1_120' title="bbox 590 5716 2114 5853; baseline -0.005 -72"><span class='ocrx_word' id='word_1_901' title='bbox 590 5727 736 5853; x_wconf 71' lang='grc' dir='ltr'><strong>ί(51)</strong></span> <span class='ocrx_word' id='word_1_902' title='bbox 768 5716 1060 5850; x_wconf 65' lang='grc' dir='ltr'>κρεῖττον.</span> <span class='ocrx_word' id='word_1_903' title='bbox 1112 5723 1272 5795; x_wconf 77' lang='lat' dir='ltr'><strong>Regg.</strong></span> <span class='ocrx_word' id='word_1_904' title='bbox 1307 5737 1356 5792; x_wconf 87' lang='lat' dir='ltr'><strong>a,</strong></span> <span class='ocrx_word' id='word_1_905' title='bbox 1391 5737 1440 5788; x_wconf 91' lang='lat' dir='ltr'><strong>c,</strong></span> <span class='ocrx_word' id='word_1_906' title='bbox 1469 5723 1524 5788; x_wconf 90' lang='lat' dir='ltr'><strong>d,</strong></span> <span class='ocrx_word' id='word_1_907' title='bbox 1576 5734 1667 5778; x_wconf 74' lang='lat' dir='ltr'><strong>sex</strong></span> <span class='ocrx_word' id='word_1_908' title='bbox 1691 5717 1864 5787; x_wconf 64' lang='grc' dir='ltr'>σουλ,</span> <span class='ocrx_word' id='word_1_909' title='bbox 1895 5716 2114 5793; x_wconf 31' lang='lat' dir='ltr'><strong>Chrysa</strong></span> 
     </span>
     <span class='ocr_line' id='line_1_121' title="bbox 553 5814 959 5870; baseline -0.01 -14"><span class='ocrx_word' id='word_1_910' title='bbox 553 5814 586 5856; x_wconf 86' lang='lat' dir='ltr'><strong>e</strong></span> <span class='ocrx_word' id='word_1_911' title='bbox 611 5815 682 5864; x_wconf 74' lang='grc' dir='ltr'><strong>ε..</strong></span> <span class='ocrx_word' id='word_1_912' title='bbox 712 5815 806 5870; x_wconf 72' lang='grc' dir='ltr'>κρῖ</span> <span class='ocrx_word' id='word_1_913' title='bbox 835 5814 959 5852; x_wconf 86' lang='grc' dir='ltr'>ττω.</span> 
     </span>
    </p>
   </div>
   <div class='ocr_carea' id='block_1_120' title="bbox 2215 5663 3575 5736">
    <p class='ocr_par' dir='ltr' id='par_1_120' title="bbox 2215 5663 3575 5736">
     <span class='ocr_line' id='line_1_122' title="bbox 2215 5663 3575 5736; baseline 0.005 -20"><span class='ocrx_word' id='word_1_914' title='bbox 2215 5677 2374 5732; x_wconf 90' lang='lat' dir='ltr'><strong>quam</strong></span> <span class='ocrx_word' id='word_1_915' title='bbox 2407 5663 2928 5735; x_wconf 81' lang='lat' dir='ltr'><strong>Constantitwpolim</strong></span> <span class='ocrx_word' id='word_1_916' title='bbox 2971 5666 3203 5736; x_wconf 88' lang='lat' dir='ltr'><strong>reliquit,</strong></span> <span class='ocrx_word' id='word_1_917' title='bbox 3241 5666 3521 5725; x_wconf 86' lang='lat' dir='ltr'><strong>edidisse.</strong></span> <span class='ocrx_word' id='word_1_918' title='bbox 3552 5687 3575 5723; x_wconf 72' lang='grc' dir='ltr'><strong>ι</strong></span> 
     </span>
    </p>
   </div>
  </div>
