4050 6298
349 397 446 454 ι97
1163 396 1418 456 ORATIO
1452 401 1632 458 XLIII.
1677 434 1743 444 -—
1779 403 1848 460 IN
1888 404 2170 460 LAUDEM
2210 405 2453 460 BASlLll
2497 406 2732 462 MAGNI.
3473 413 3604 468 498’“

346 517 508 586 δημοι
553 515 856 583 γεγονότες,
905 515 998 568 καὶ
1052 517 1156 568 οὐδ’
1191 517 1296 570 ἀπὸ
1341 517 1565 590 γνώμης
1594 521 1784 592 ἐκείνῳ
1839 522 1914 594 τῷ

2021 523 2242 588 Deinde,
2279 523 2490 576 tametsi
2543 525 2686 576 enim
2737 523 2787 577 id
2822 539 2925 579 non
2973 525 3245 595 ignoretis,
3276 541 3328 578 In
3369 543 3572 583 memo-

343 605 576 675 γενναίῳ
603 602 704 670 τῆς
737 603 991 674 ἀληθείας
1031 606 1322 677 ἀγωνιστῇ,
1378 608 1470 660 καὶ
1515 609 1676 678 μηδὲν
1727 609 1910 680 ἕτερον

345 695 763 762 ἀναπνεύσαντι,
793 696 874 748 ὅτι
904 698 976 767 μὴ
1003 696 1159 765 λόγον
1184 697 1378 768 εὐσεϐῆ
1420 699 1512 752 καὶ
1543 700 1746 770 κόσμου
1783 718 1913 753 παν-

342 788 436 851 τὸς
471 790 754 858 σωτήριον.
812 787 894 840 Τὰ
920 788 1027 858 γὰρ
1063 787 1156 842 τοῦ
1189 787 1437 858 σώματος
1477 791 1606 854 ίσως
1629 792 1749 844 οὐδὲ
1779 791 1900 864 θαρ-

346 882 509 952 ρῆσαι
539 880 644 951 χρὴ
673 880 852 948 λέγειν
885 881 1036 952 ἀνδρὶ
1093 881 1322 951 γενναίῳ
1352 884 1442 936 καὶ
1467 884 1605 954 ὑπὲρ
1633 884 1692 937 τὸ
1737 885 1910 954 σῶμα,

345 971 476 1042 πρὶν
494 971 702 1025 ἐνθένδε
730 975 1034 1043 μεταναστῇ
1075 972 1211 1043 (59),
1244 975 1336 1026 καὶ
1368 975 1530 1045 μηδὲν
1556 974 1787 1038 ἀξιοῦντι
1809 975 1914 1028 τῶν

343 1062 443 1130 τῆς
473 1061 652 1130 ψυχῆς
684 1060 866 1115 καλῶν
915 1063 1019 1115 ὑπὸ
1048 1062 1142 1115 τοῦ
1171 1063 1368 1134 δεσμοῦ
1394 1064 1504 1133 (40)
1540 1064 1917 1136 παραδλάπτε-

347 1152 491 1206 σθαι.
523 1152 605 1206 Τά
645 1151 742 1223 μὲν
766 1153 829 1224 δὴ
862 1154 960 1224 τῆς
986 1153 1277 1222 ἀπολογίας
1301 1155 1527 1208 ἐνταῦθα
1553 1156 1770 1209 κείσθω.
1806 1158 1916 1210 Καὶ

344 1244 454 1315 γὰρ
489 1244 611 1297 οὐδὲ
677 1246 1017 1316 μακροτέρας
1076 1241 1229 1316 οἶμαι
1283 1247 1485 1318 ταύτης
1523 1249 1735 1318 δεήσειν
1763 1251 1910 1319 ἡμῖν,

343 1335 484 1406 πρὸς
516 1337 723 1391 ἐκεῖνόν
753 1354 816 1404 γε
849 1338 1190 1407 ποιουμένοις
1229 1340 1320 1391 τόν
1344 1339 1500 1407 λόγον
1525 1339 1656 1409 (Η),
1680 1341 1916 1404 καὶτοὺς

345 1425 552 1488 εἰδότας
584 1425 768 1494 σαφῶς
792 1426 858 1480 τὰ
882 1428 1144 1500 ἡμέτερα.
1181 1429 1318 1499 Ἤδη
1340 1430 1396 1482 δὲ
1436 1431 1569 1502 πρὸς
1594 1431 1760 1502 αὐτὴν
1785 1434 1914 1502 ἡμῖν

347 1520 485 1574 ἰτέον
513 1521 614 1590 τὴν
643 1520 940 1606 εὐφνημίαν,
971 1520 1132 1573 αὑτὸν
1167 1521 1634 1592 προστησαμένοις
1683 1522 1791 1592 (42)
1820 1521 1912 1575 τοῦ

343 1611 502 1679 λόγου
536 1611 627 1665 τὸν
652 1611 856 1664 ἐκείνου
874 1611 1024 1664 Θεόν·
1061 1611 1133 1682 μὴ
1157 1611 1475 1683 καθυϐρίσαι
1502 1613 1590 1665 τὸν
1622 1613 1785 1684 ἄνδρα
1805 1615 1913 1677 τοῖς

343 1704 664 1773 ἐγκωμίοις,
697 1703 829 1774 μηδὲ
881 1703 1013 1755 πολὺ
1061 1703 1309 1774 δεύτερον
1349 1705 1456 1757 τῶν
1492 1704 1662 1758 ἄλλων
1722 1704 1909 1758 ἐλθεῖν·

346 1795 452 1848 κᾶν
485 1795 694 1848 ἐκείνου
749 1795 946 1857 πάντες
995 1795 1106 1848 ἴσον
1165 1795 1604 1865 ἀπολειπώμεθα,
1667 1797 1914 1868 καθάπερ

2017 617 2146 669 riam
2187 625 2362 668 tamen
2399 615 2549 668 vobis
2572 617 2856 682 revocabo,
2888 617 2936 669 in
2974 633 3108 671 verae
3141 617 3400 672 doctrinm
3433 634 3578 687 pert-

2014 695 2250 760 clitantis
2300 706 2514 775 negotio
2549 705 2760 759 interim
2821 708 3058 775 occupati
3109 709 3324 772 fuimus,
3355 710 3577 778 pulchre

2015 797 2206 862 coacti,
2239 811 2337 850 nec
2391 797 2504 850 sine
2551 794 2642 848 Dei
2673 797 2887 850 numine
2935 798 3165 852 fortasse
3201 815 3421 868 peregre
3453 816 3575 868 pro-
3619 777 3624 784 ⁸

2015 888 2162 954 fecti,
2213 903 2310 941 nec
2344 898 2538 955 praeter
2589 887 2918 942 voluntatem
2973 905 3034 942 ac
3061 891 3340 944 consilium
3391 893 3574 945 eximii

2015 980 2158 1034 illius
2200 981 2442 1033 veritatis
2490 981 2920 1048 propugnatoris,
2969 983 3168 1050 quique
3218 983 3290 1035 nil
3336 1000 3572 1052 unquam

2015 1071 2156 1126 aliud
2178 1086 2337 1140 quam
2359 1073 2496 1140 piam
2521 1071 2744 1138 orbique
2779 1073 3030 1126 universo
3055 1074 3342 1128 salutarem
3369 1076 3573 1128 doctri-

2015 1179 2136 1216 nam
2197 1163 2442 1233 spiravit.
2491 1161 2623 1216 Nam
2671 1163 2736 1216 de
2785 1165 3027 1232 corporis
3071 1165 3172 1218 mei
3213 1166 3575 1223 imbecillitate

2018 1250 2193 1304 forsan
2230 1267 2296 1306 ne
2335 1266 2634 1306 sermonem
2677 1252 2890 1319 quidem
2940 1254 3115 1308 facere
3147 1256 3446 1308 audendum
3472 1265 3574 1319 est,

2016 1343 2081 1395 ad
2111 1352 2390 1396 strenuum
2436 1343 2629 1401 virum.
2681 1357 3032 1412 corporeqne,
3099 1346 3259 1398 etiam
3293 1357 3576 1414 antequam

2025 1435 2148 1486 hinc
2186 1433 2465 1501 migraret,
2517 1432 2904 1495 sublimiorem,
2952 1449 3012 1487 ae
3059 1433 3184 1488 ilhnt
3224 1448 3576 1500 asserentem,

2016 1523 2234 1577 nihilex
2256 1522 2447 1575 animm
2479 1523 2633 1576 bonis
2669 1539 2698 1575 a
2732 1524 2946 1576 vinculo
2979 1526 3243 1594 impediri.
3280 1527 3456 1593 Atque
3493 1526 3580 1579 hic

2012 1615 2290 1671 excusatio
2323 1624 2504 1667 nostra
2545 1614 2702 1668 finem
2731 1613 2946 1668 habeat.
2987 1615 3168 1685 Neque
3199 1619 3341 1670 enim
3375 1617 3577 1684 longio-

2015 1723 2072 1763 re
2111 1707 2210 1760 alia
2242 1707 2370 1760 mihi
2412 1721 2544 1776 opus
2587 1705 2701 1761 fore
2752 1708 3008 1770 arbitror,
3035 1725 3154 1762 cum
3192 1710 3293 1764 sim
3321 1710 3580 1764 duntaxat

2017 1799 2153 1868 apud
2205 1814 2348 1865 eum,
2396 1810 2731 1867 ceterosque,
2787 1800 2980 1868 quibus
3042 1817 3124 1856 res
3165 1811 3361 1856 nostra:
3411 1802 3582 1870 probe

344 1885 579 1958 οὐρανοῦ
616 1887 708 1940 καὶ
736 1886 966 1958 ἡλιακῆς
1007 1887 1241 1953 ἀκτῖνος,
1277 1889 1326 1940 ot
1375 1887 1509 1958 πρὸς
1535 1888 1674 1942 αύτά
1703 1888 1919 1958 βλέπον-

2021 1890 2240 1958 coguita:
2264 1899 2386 1943 sunt
2407 1900 2456 1942 et
2488 1887 2802 1956 exploratae,
2835 1889 3128 1944 locuturus.
3162 1890 3278 1944 Jam
3330 1892 3490 1962 igitur
3512 1891 3578 1945 ad

341 1995 456 2042 τες.

2021 1979 2380 2034 laudationem
2439 1979 2591 2033 nobis
2643 1979 3002 2033 accedendum
3070 1982 3230 2051 772
3287 1991 3387 2042 est,
3437 1982 3599 2036 illius.

347 2071 764 2126 Deumorationi
793 2069 1456 2139 nostrzeprzeficientibus;
1486 2086 1552 2125 ne
1577 2072 1771 2125 nostris
1825 2070 2069 2125 laudibus
2128 2070 2253 2124 huic
2321 2069 2438 2122 viro
2502 2069 2730 2123 dedecus
2779 2069 3090 2136 inferamus,
3147 2075 3213 2124 ah
3259 2072 3453 2142 iisque,
3486 2072 3577 2139 qui

338 2166 456 2234 jam
487 2166 536 2218 in
574 2167 672 2219 hoc
706 2177 1022 2235 argumento
1047 2165 1247 2218 versati
1280 2173 1424 2230 sunt,
1486 2166 1642 2234 longo
1705 2164 1984 2218 intervallo
2022 2175 2431 2233 praetereamur;
2485 2177 2787 2231 quanquam
2847 2163 3072 2218 fortasse
3124 2178 3313 2248 omnes
3369 2167 3435 2218 ab
3490 2163 3583 2216 illo

345 2258 464 2326 pari
515 2257 798 2311 intervallo
841 2259 1121 2326 disteums,
1167 2274 1271 2313 non
1315 2273 1472 2314 secus
1517 2269 1676 2328 atque
1719 2275 1748 2312 a
1776 2259 1910 2314 cmlo
1948 2259 2178 2329 solisque
2209 2259 2395 2324 radiis,
2423 2259 2510 2325 qui
2543 2273 2604 2312 ea
2642 2266 2980 2312 contuentur.

415 2350 492 2402 Ρ.
526 2349 590 2402 El
627 2348 724 2420 μὲν
744 2344 835 2404 οὖν
869 2349 1054 2422 ἑώρων
1093 2351 1254 2405 αὑτὸν
1286 2351 1432 2420 γένει
1457 2353 1554 2405 καὶ
1597 2355 1708 2415 τοῖς
1734 2354 1796 2405 ὲκ
1834 2352 1925 2421 γέ·

342 2457 470 2504 νους
496 2439 968 2512 φιλοτιμούμενον,
1012 2444 1047 2514 ἦ
1097 2460 1203 2496 τινι
1236 2442 1345 2496 τῶν
1380 2445 1590 2515 μικρῶν
1627 2443 1782 2508 ὅλως,
1831 2443 1924 2496 καὶ

344 2527 429 2596 οἷς
454 2533 504 2585 ot
552 2533 726 2603 χαμαὶ
784 2533 1070 2602 βλέποντες
1100 2533 1232 2605 (45),
1279 2534 1436 2598 ἄλλος
1465 2535 1529 2588 ἂν
1551 2534 1743 2606 ἡρώων
1769 2533 1921 2606 ὤφθη

346 2624 669 2692 κατάλογος.
685 2626 828 2680 Ὅσα
856 2626 965 2680 τῶν
984 2627 1122 2698 ὑπὲρ
1140 2629 1340 2680 ἐκεῖνον
1367 2631 1478 2692 τοῖς
1499 2630 1708 2701 χρόνοις
1734 2629 1924 2700 ἐκείνῳ

348 2721 773 2787 συνεισενεγκεῖν
807 2719 915 2789 (44)
943 2719 1191 2790 εῐχομενί
1231 2723 1341 2775 Καὶ
1371 2721 1479 2775 οὐδ’
1515 2721 1580 2775 ἂν
1619 2725 1735 2784 ταῖς
1782 2721 1922 2774 ίστο-

351 2809 494 2880 ρίαιι,
530 2810 860 2881 παρήκαμεν
919 2808 1061 2880 ἔχειν
1108 2827 1158 2864 τι
1207 2810 1364 2864 πλέον
1413 2809 1588 2882 ἡμῶν·
1639 2809 1812 2862 ἐκεῖνό
1859 2825 1920 2878 γε

348 2904 510 2956 πλέον
536 2903 748 2973 ἔχοντες
782 2903 1020 2966 πάντως,
1080 2903 1140 2956 τὸ
1177 2903 1249 2974 μὴ
1297 2903 1596 2972 πλασμασι,
1635 2907 1770 2973 μηδέ
1823 2902 1922 2972 μύ-

350 2995 484 3058 θοις,
520 2995 705 3058 αύτοῖς
739 2994 794 3047 δὲ
825 2997 938 3058 τοῖς
981 2994 1264 3065 πράγμασι
1318 2993 1769 3058 καλλωπίζεσθαι,
1829 2993 1922 3046 καὶ

347 3079 425 3137 ὧν
446 3084 631 3138 πολλοὶ
671 3084 965 3156 μάρτυρες.
997 3083 1172 3137 Πολλὰ
1210 3084 1306 3154 μὲν
1352 3082 1460 3154 γὰρ
1486 3085 1514 3135 ό
1553 3083 1748 3146 Πόντος
1790 3084 1921 3153 ἡμῖν

349 3179 416 3230 ἐκ
441 3175 535 3230 τοῦ
571 3176 776 3248 πατρὸς
810 3175 1099 3247 προϐάλλει
1130 3176 1196 3228 τὰ
1221 3176 1550 3246 διηγήματα,
1577 3174 1668 3227 καὶ
1707 3174 1918 3238 οὐδενὸς
1946 3164 1986 3221 C

350 3267 558 3322 ἐλάττω
587 3267 696 3320 τῶν
734 3267 896 3320 πάλαι
931 3268 1055 3338 περὶ
1109 3266 1270 3320 αὐτὸν
1309 3265 1618 3336 θαυμάτων,
1669 3257 1741 3316 ὧν
1777 3264 1914 3334 πλή-

352 3377 455 3431 ρης
486 3358 594 3430 (45)
619 3360 765 3412 πᾶσα
801 3359 1084 3430 συγγραφή
1117 3376 1174 3411 τε
1197 3358 1290 3411 καὶ
1313 3357 1547 3428 ποίησιςο
1575 3357 1741 3412 πολλά
1773 3357 1830 3411 δὲ
1858 3360 1918 3411 τὸ

349 3452 489 3521 ὲμὺν
520 3451 710 3519 ἔδαφος
733 3449 910 3510 τοῦτο,
942 3451 992 3502 οἱ
1031 3450 1216 3521 σεμνοὶ
1257 3449 1640 3516 Καππαδόκαι,
1672 3449 1733 3501 τὸ
1758 3449 1920 3520 μηδὲν

347 3539 515 3614 ἦττον
559 3542 920 3614 κουροτρόφον
961 3540 1094 3611 (46),
1129 3541 1161 3611 ῆ
1205 3539 1450 3595 εθῖππον.
1495 3540 1656 3593 Ὅθεν
1695 3540 1772 3610 τῷ
1821 3558 1922 3593 πα-

347 3635 509 3705 τρῴῳ
535 3636 683 3705 γένει
709 3636 768 3688 τὸ
797 3634 1045 3705 μητρῷον
1079 3636 1237 3704 ἡμεῖς
1269 3632 1921 3704 ἀντανίσχομεν.Στρατη-

349 3729 469 3798 γίαι
499 3746 560 3781 τε
609 3729 702 3781 καὶ
742 3727 1108 3797 δημαγωγίαι,
1153 3727 1247 3780 καὶ
1285 3725 1480 3797 κράτος
1529 3726 1585 3779 ὲν
1632 3725 1922 3796 βασιλείοις

348 3821 562 3884 αὐλαῖς·
589 3821 668 3872 ἑτι
696 3819 772 3882 δὲ,
792 3819 1115 3890 περιουσίαι,
1149 3818 1242 3872 καὶ
1270 3818 1472 3890 θρόνων
1497 3817 1623 3888 ὕψη,
1650 3817 1742 3871 καὶ
1770 3818 1925 3886 τιμαὶ

345 3913 633 3983 δημόσιαι,
663 3913 756 3964 καὶ¹
782 3911 952 3980 λόγων
979 3911 1380 3982 λαμπρότητες,
1424 3912 1603 3976 τίνων,
1627 3911 1660 3982 ἢ
1693 3911 1924 3975 πλείους,

349 4005 388 4075 ἢ
449 4003 707 4075 μείζους;
760 3997 858 4055 Ὦν
897 4005 1026 4074 ἡμῖν
1070 4005 1118 4056 εἰ
1173 4002 1513 4074 βουλομένοις
1571 4005 1742 4056 εἰπεῖν
1781 4002 1926 4073 ὲξῆν,

349 4097 509 4150 οὐδὲν
543 4097 607 4150 ἂν
636 4093 776 4167 ἦταν
801 4096 911 4165 (47)
959 4099 1089 4166 ἡμῖν
1114 4099 1161 4148 οἱ
1207 4095 1494 4149 Πελοπίδαι
1523 4094 1655 4166 (48),
1704 4096 1796 4147 καὶ
1824 4098 1930 4148 Κε-

351 4188 613 4245 κροπίδαι
643 4188 772 4261 (49),
793 4188 887 4240 καὶ
918 4189 968 4241 οί
1001 4187 1368 4259 Ἀλκμαίωνες
1395 4187 1526 4258 (50),
1555 4187 1798 4240 Αἰακίδαι
1819 4187 1928 4258 (51)

430 4367 542 4438 (39)
579 4367 954 4438 Μεταγαστῇ.
981 4365 1038 4420 In
1069 4367 1355 4430 nonnullis,
1393 4365 1811 4438 μεταναστῆναι.

430 4437 545 4508 (40⁷)
588 4437 720 4490 Ὑπὸ
741 4437 846 4508 τοῦ
873 4438 1117 4507 δεσμοῦ.
1165 4457 1181 4488 ι
1209 4439 1249 4490 Α
1274 4437 1506 4501 vinculo,
1533 4456 1571 4508 ι,
1601 4437 1660 4508 id
1687 4446 1788 4508 est,
1851 4453 1869 4484 ι
1891 4449 1918 4487 a

353 4505 610 4575 corpore.
649 4527 667 4560 ι
724 4505 1014 4576 Gregorius
1065 4508 1377 4576 plerumque
1444 4506 1644 4559 morbis
1690 4505 1920 4576 Afrartus,

351 4555 1924 4648 sisi-assidere;ianuarias;‘am.'.'n;.'.samasse:
1954 4555 1998 4611 Β

353 4649 529 4712 fungi.

432 4713 544 4788 (Η)
568 4715 952 4788 Ποισυμένοις
978 4717 1084 4770 τὸν
1109 4719 1315 4786 λόγον.
1367 4713 1456 4769 Sic
1485 4714 1662 4788 plures
1685 4713 1837 4788 codd.
1870 4713 1924 4766 In

351 4784 450 4843 ed.
497 4784 647 4873 deest
685 4784 776 4841 τὸν
837 4787 1010 4856 λόγον,
1053 4798 1106 4842 et
1151 4784 1247 4856 pro
1299 4785 1656 4857 ποιουμένοις,
1713 4784 1924 4854 legitur,

352 4875 514 4910 ποιου
524 4876 703 4915 μενος.

405 4876 1117 5028 Ῐ(Ξέῗῖἓὲστησαιιέι”οις.
1151 4925 1204 4981 In
1239 4925 1576 4996 quibusdam,
1630 4940 1928 4997 προστησο-

403 5016 561 5052 ενοις.

598 5069 707 5144 καί
739 5062 831 5134 οἷς
861 5071 915 5144 οἱ
939 5068 1140 5144 ,χαμαὶ
1171 5067 1531 5144 βλέποντες.
1561 5064 1671 5144 “Sic
1702 5073 1928 5144 quatuor

361 5133 556 5205 lie'ggf,
589 5141 824 5207 quinque
857 5133 1282 5210 Colbl,'Chrys._,
1317 5137 1422 5210 _Or.
1447 5135 1502 5199 ‘2,
1561 5133 1728 5197 Par.,’
1749 5133 1924 5198 Pass.,

356 5222 467 5260 etc.
503 5210 557 5263 In
591 5215 701 5272 ed.,
734 5206 828 5262 καὶ
860 5209 999 5262 ὅσων
1033 5211 1080 5262 οί
1113 5206 1284 5280 χαμαὶ
1307 5206 1602 5279 βαίνοντες,
1632 5224 1650 5256 ι
1678 5212 1732 5262 et
1769 5215 1926 5274 quot.-

357 5289 491 5346 quot
515 5296 675 5344 super
705 5289 901 5332 terram
935 5280 1267 5346 gradiuntur.
1297 5299 1314 5330 ι

429 5349 542 5419 (Η)
576 5343 1085 5418 Σιννεισενεςᾶιεῖγ.
1147 5347 1234 5404 Sic
1287 5349 1462 5418 plures
1495 5345 1662 5417 Regg.
1712 5343 1768 5398 In
1817 5343 1926 5410 ed.,

356 5424 787 5488 συνεσενεγκεῖν.

438 5491 552 5560 (45)
589 5485 697 5544 Ὧν
746 5491 1007 5558 πλήρης,
1037 5499 1142 5544 etc.
1197 5489 1270 5560 De
1299 5488 1480 5551 rebus,
1502 5500 1648 5560 quae
1675 5486 1732 5560 in
1760 5485 1928 5560 Ponto

357 5556 803 5627 gesta't'uerant,
842 5556 898 5613 ut
929 5556 1179 5614 observat
1227 5559 1458 5621 Nicetas,
1502 5557 1778 5608 historiam
1823 5556 1930 5609 edi-

361 5633 494 5684 dere
532 5631 824 5714 Xenophon
852 5641 905 5686 et
931 5628 1183 5701 Polybius
1210 5646 1224 5696 ;
1252 5627 1565 5714 Apollqpius
1598 5641 1720 5678 vero
1741 5640 1926 5693 poema

381 5720 390 5728 .
519 5718 530 5732 ι
656 5717 664 5750 ε
699 5741 710 5753 ⁸
1435 5712 1440 5714 ’

359 5712 1025 5852 (υἱιῗᾷἶιῗοὲρϐτρόφρη.
1105 5787 1122 5820 ι
1145 5769 1362 5833 Alludit,
1385 5765 1641 5852 il__inq't't‘it
1692 5764 1924 5852 Nicetas,

369 5859 387 5892 ι
415 5835 481 5894 ad
509 5835 647 5895 istud
675 5835 905 5898 ΙΙυιιιὲιῖ
923 5844 1114 5912 Odyss.
1142 5857 1215 5907 ιι,
1248 5854 1386 5895 vers.
1409 5838 1474 5890 ‘17
1511 5850 1524 5889 :
1555 5837 1784 5908 Τρηχεῖ,
1815 5835 1925 5888 ἀλλ’

2090 2351 2176 2406 ΙΙΙ.
2201 2352 2485 2407 Enimvero
2517 2353 2562 2406 si
2586 2367 2706 2406 eum
2737 2365 2955 2420 genere,
2990 2364 3052 2404 ac
3084 2349 3296 2425 generis
3331 2348 3581 2418 splendo-

2021 2458 2079 2497 re
2099 2444 2317 2513 gloriari
2349 2445 2732 2513 perspicerem,
2757 2456 2846 2496 aut
2869 2442 2971 2496 ulla
3007 2456 3065 2495 re
3102 2457 3164 2495 ex
3193 2441 3279 2507 iis,
3325 2455 3445 2510 quae
3473 2456 3582 2492 om-

2020 2536 2146 2590 nino
2186 2551 2365 2603 parva:
2421 2545 2565 2598 sunt,
2607 2545 2661 2590 et
2704 2535 2900 2606 quibus
2947 2533 3004 2598 ii,
3045 2533 3136 2604 qui
3179 2533 3324 2586 humi
3367 2531 3572 2586 deﬁxos

2019 2629 2204 2684 oculos
2237 2629 2455 2695 habent,
2496 2627 2679 2682 efferri
2726 2629 2918 2693 solent,
2945 2627 3086 2681 alius
3117 2625 3303 2694 utique
3352 2625 3580 2679 heroum

2019 2719 2294 2786 catalogus
2329 2729 2630 2788 appareret.
2685 2718 2891 2785 Quanta
2938 2733 2966 2770 a
3002 2715 3298 2784 majoribus
3333 2714 3472 2769 illius
3512 2715 3580 2768 ad

2018 2827 2138 2866 cum
2183 2813 2479 2864 ornmdum
2524 2811 2769 2878 accipere
2825 2809 3142 2878 possemus!
3189 2807 3295 2862 Nec
3341 2806 3584 2861 historiis

2019 2905 2230 2973 quidem
2254 2905 2543 2974 quidquam
2577 2910 2677 2958 ttae
2711 2915 2863 2973 parte
2915 2902 3268 2963 cederemus;
3311 2903 3408 2954 hoc
3436 2909 3588 2954 certe

2021 2997 2231 3050 nomine
2279 2997 2586 3062 superiores
2638 2995 2821 3060 futuri,
2850 2996 2994 3064 quod
3039 3009 3142 3047 non
3198 2993 3591 3048 commentitiis-

2021 3088 2262 3156 fictisque
2319 3086 2740 3152 narrationibus,
2793 3089 2886 3141 sed
2941 3089 3103 3142 rebus
3149 3085 3300 3152 ipsis,
3351 3099 3582 3153 quarum

2023 3176 2168 3230 tnulti
2226 3185 2392 3230 testes
2441 3184 2584 3242 sunt,
2633 3190 2972 3228 ornaremur.
3029 3174 3193 3228 Multa
3233 3175 3374 3228 enim
3428 3173 3585 3226 nobis.

2023 3277 2238 3321 narratu
2269 3267 2426 3337 digna
2451 3281 2520 3319 ex
2573 3276 2797 3336 paterno
2822 3266 2990 3320 latere
3027 3264 3230 3320 Pontus
3259 3265 3586 3333 Suppeditat,

2023 3369 2074 3416 et
2105 3360 2317 3429 quidem
2349 3360 2540 3429 priscis
2585 3361 2695 3414 suis
2726 3360 3006 3429 prodigiis,
3055 3361 3271 3429 quibus,
3293 3371 3345 3414 et
3369 3361 3586 3415 histori-

2021 3467 2226 3516 corum,
2251 3462 2302 3507 et
2327 3463 2600 3521 poetarum
2625 3452 2893 3507 volumina
2920 3453 3070 3520 plena
3099 3461 3240 3512 sunt,
3270 3451 3582 3521 neutiquam

2023 3544 2270 3598 inferiora
2301 3561 2316 3600 :
2352 3544 2518 3598 multo
2561 3545 2724 3599 etiam
2769 3547 3072 3598 veneranda
3118 3546 3234 3599 haec
3269 3561 3386 3598 mea
3414 3547 3586 3613 patria

2019 3635 2504 3705 Cappadocia,non
2553 3638 2727 3691 minus
2771 3635 3054 3705 juvenum,
3118 3653 3276 3706 quam
3324 3651 3582 3706 equorum

2021 3729 2156 3782 bona
2207 3728 2406 3783 nutrix.
2458 3729 2608 3783 Unde
2647 3739 2873 3798 paterno
2919 3729 3097 3798 generi
3127 3728 3588 3798 maternigeneris
3649 3713 3656 3752 ί

2023 3818 2364 3888 splendorem
2392 3823 2735 3890 opponimus.
2763 3819 3129 3886 Quorumnam
3163 3829 3341 3873 autem
3369 3829 3419 3872 et
3449 3817 3588 3870 mili-

2024 3913 2160 3966 taria
2199 3912 2442 3982 imperia,
2471 3923 2522 3968 et
2569 3913 2884 3982 populorum
2937 3911 3371 3982 gubernationes,
3425 3921 3479 3964 et
3532 3909 3585 3961 in

2025 4005 2400 4073 imperatorum
2431 4006 2567 4060 aulis
2597 4007 2832 4075 potentia
2851 4015 2902 4058 et
2927 4005 3249 4068 auctoritas;
3284 4011 3586 4072 anrazter-

2022 4109 2108 4161 ea,
2140 4111 2289 4166 epes,
2318 4104 2372 4150 et
2400 4095 2595 4150 excelsi
2641 4096 2839 4161 throni,
2873 4106 2928 4150 et
2980 4095 3179 4164 publici
3228 4094 3477 4156 honores,
3526 4106 3588 4145 ac

2027 4203 2332 4244 sermonum
2363 4187 2695 4258 splendores,
2719 4187 2799 4241 vel
2829 4188 3030 4258 plures,
3055 4187 3136 4240 vel
3169 4185 3400 4252 majores
3423 4185 3588 4237 exstio

2024 4363 2200 4436 ἀγαθὴ
2221 4364 2610 4436 κουροτρόφος·
2666 4363 2890 4436 Aspera,
2927 4358 3462 4436 sedbonajuvenum
3491 4375 3588 4411 nu-

2028 4430 2200 4490 trix.i
2265 4430 2361 4489 llic
2415 4430 2848 4496 observandum,
2906 4430 3046 4499 quod
3108 4430 3288 4483 Basilii
3350 4441 3500 4497 pater
3557 4445 3593 4482 e

2028 4505 2198 4584 Ponto
2237 4515 2352 4558 erat
2413 4505 2696 4565 oriundus,
2749 4501 2970 4570 ejusque
3025 4511 3195 4553 mater
3246 4515 3274 4552 e
3305 4500 3586 4568 Cappado-

2027 4589 2209 4715 cui“)
2228 4643 2418 4698 οὐδὲν
2445 4643 2522 4715 ἂν
2548 4639 2746 4715 ἦσαν,
2779 4642 2868 4696 Sic
2894 4640 3061 4715 Begg.
3090 4655 3144 4715 ρ,
3180 4654 3231 4701 c,
3256 4642 3368 4715 _duo
3387 4638 3590 4715 _C0isl.,

2027 4706 2209 4796 plures
2242 4715 2414 4796 Cotti-2,
2447 4706 2605 4796 0r.
2639 4725 2693 4769 et
2725 4713 2873 4767 Pass.
2911 4706 3066 4766 Deest
3087 4706 3227 4781 ἦσαν
3255 4712 3306 4764 in
3333 4711 3420 4764 ed.
3453 4719 3508 4764 et
3532 4709 3586 4762 in

2028 4785 2146 4837 aliis
2182 4785 2445 4840 nonnullis
2473 4787 2627 4839 codd.

2097 4854 2207 4926 (4§)
2241 4855 2581 4926 Πελοπίδαι.
2625 4874 2642 4906 ι
2667 4852 2949 4926 PeIOpidm.
2983 4853 3128 4926 [εἰς
3155 4851 3280 4905 dicti
3304 4866 3340 4926 _a
3372 4850 3588 4918 Pelope,

2028 4923 2117 4996 qui
2144 4923 2353 4996 Tantali
2380 4924 2623 4996 Phrygiae
2656 4925 2792 4994 regis
2838 4923 2977 4996 ﬁlius
3008 4923 3146 4996 fuit;
3201 4933 3253 4976 et
3302 4924 3411 4988 ipse
3472 4937 3587 4983 rex,

2028 4994 2248 5075 Graeciae
2285 4993 2552 5066 regionem
2593 4993 2809 5050 nomine
2835 4994 2988 5062 Apia,
3051 4993 3436 5060 Pelopoaesum
3489 5005 3588 5045 uo-

2029 5075 2613 5204 lil'iiiatl‘)“i(expo:z£8at.
2673 5153 2692 5185 ι
2714 5133 3023 5202 CecrOpida:
3045 5152 3064 5184 ›
3095 5145 3262 5201 genus
3309 5139 3588 5204 traxerunt

2029 5221 2059 5258 a
2083 5202 2320 5274 Cecrope
2349 5209 2678 5261 Athenarum
2710 5219 2852 5272 rege,
2893 5205 2982 5274 qui
3017 5202 3586 5274 magnoperedtticam

2029 5271 2330 5340 exornavit,
2374 5287 2427 5329 et
2455 5279 2520 5328 ad
2573 5271 2922 5344 Egyptiacaa'
2957 5273 3146 5342 lingua:
3206 5271 3584 5344 cognitionem,

2031 5357 2240 5428 utpote.
2267 5364 2331 5401 ex
2358 5346 2588 5416 Aigypto
2617 5340 2790 5408 ortus,
2833 5340 3045 5398 Graecae
3080 5357 3292 5411 quoque
3339 5340 3585 5407 peritiam
3641 5371 3643 5374 ‹

2029 5418 2656 5555 Μιίὲῧῗιίιλλκμαίωνες.
2693 5501 2710 5532 ‹
2742 5483 3007 5537 Alcmaeon
3035 5503 3052 5534 ›
3091 5478 3434 5555 Atheniensis
3457 5475 3592 5528 Pisi-‘

2030 5549 2504 5627 strati'tyrannide
2534 5557 2806 5627 civitatem
2837 5568 3148 5622 oppressam
3200 5553 3249 5604 in
3283 5549 3586 5603 libertatem

2028 5625 2350 5691 vindicavit;
2385 5625 2524 5678 unde
2553 5625 2900 5677 Aleum-ones.

2104 5684 2518 5765 (StlAia'm'dat.
2583 5714 2599 5744 ι
2632 5692 2906 5765 .‘Eaeidtet
2960 5693 3036 5746 sic
3089 5691 3262 5765 vocati
3323 5688 3389 5742 ab
3423 5684 3589 5740 [Eaco

2031 5762 2178 5822 Jovis
2200 5767 2331 5830 ﬁlio,
2359 5765 2612 5834 singulari
2651 5764 2873 5832 justitia:
2898 5763 3051 5818 laude
3081 5762 3330 5831 praedito.
