4050 6298
510 430 637 491 499.

1664 437 1724 496 S.
1762 435 2090 495 GREGORII
2128 435 2471 493 THEOLOGI

3629 436 3740 494 500

509 546 888 614 ternntljouae
930 548 1105 613 nobis,
1146 548 1191 601 si
1223 547 1486 601 arbitratu
1528 556 1711 602 nostro
1746 562 2069 603 commemo-

2173 564 2230 601 τε
2264 549 2357 602 »ιαῖ¹
2415 547 2756 621 Ἡρακλεῖδαι
2788 546 2923 619 (52),
2970 547 3061 601 καὶ
3082 539 3156 603 ὧν
3187 547 3337 602 οὐδὲν
3384 546 3738 620 ὑψηλότερον·

510 652 637 693 rare
674 639 878 703 liceret,
911 632 1043 693 nihil
1080 648 1260 695 essent
1296 638 1579 708 Pelopidte,
1612 653 1711 694 nec
1746 638 2071 710 Cecropidae,

514 743 610 781 nec
638 728 988 796 Alcmmones,
1039 745 1139 785 nec
1170 729 1425 793 Aiacidze,
1462 744 1560 783 nec
1604 729 1918 795 Heraclidae,
1973 743 2074 784 nec

511 818 601 872 alii
636 819 831 887 quibus
887 819 1019 874 nihil
1073 830 1157 875 est
1210 820 1521 888 sublimius;
1562 822 1650 890 qui
1684 822 1919 890 quidem,
1950 835 2070 876 cum

512 909 644 964 nihil
672 912 942 981 proprium
998 911 1236 966 habeant
1269 912 1410 981 quod
1447 922 1630 984 aperte
1671 913 1984 981 praedicent,
2006 911 2073 966 ad

510 1000 739 1056 obscura
793 1002 1137 1072 confugiunt,
1184 1004 1451 1059 daemones
1510 1002 1760 1058 videlicet
1789 1001 2072 1071 quosdam,

2169 639 2364 703 οῐτινες
2392 640 2459 695 ὲκ
2488 639 2596 693 τῶν
2618 638 2832 693 οἰκείων
2885 638 3134 710 φανερῶς
3162 640 3335 693 εἰπεῖν
3379 641 3480 695 οὐκ
3502 639 3736 711 ἔχοντες,

2171 729 2267 782 ἐπὶ
2293 729 2354 783 τὸ
2375 730 2577 800 ἀφανὲς
2600 729 3023 800 καταφεύγουσι,
3066 730 3324 802 δαίμονας
3346 732 3410 802 δή
3447 748 3618 795 τινας,
3643 730 3741 784 καὶ

2172 821 2346 888 θεοὺς,
2376 823 2469 875 καὶ
2499 821 2701 893 μύθους
2725 823 2836 884 τοῖς
2874 821 3157 893 προγόνοις
3187 822 3626 894 ἐπιφημίζοντες,
3661 815 3741 878 ὧν

2172 912 2232 964 τὸ
2275 911 2598 982 σεμνότατον
2655 910 2878 964 ἀπιστία
2903 951 2917 977 ,
2971 913 3066 967 κα)⁵
3099 911 3255 983 ὕϐρις
3299 912 3361 966 τὸ
3418 915 3741 984 πιστευόμε-

2172 1018 2261 1055 νον
2287 1002 2421 1073 (5'5).

510 1100 566 1144 et
608 1092 757 1157 deos,
787 1108 851 1149 ac
902 1094 1127 1160 fabulas,
1175 1096 1465 1162 majoribus
1513 1095 1625 1153 suis
1674 1095 2026 1151 attribuentes
2053 1135 2070 1162 ,
2111 1109 2338 1164 quorum
2380 1110 2444 1149 ea
2504 1104 2588 1150 est
2659 1096 2813 1162 ratio,
2845 1074 3072 1165 utquod
3116 1096 3169 1152 in
3195 1096 3326 1167 ipsis
3358 1097 3589 1153 maxime
3608 1110 3742 1168 spe-

516 1183 722 1238 ciosum
755 1195 808 1240 et
843 1185 1049 1242 illustre
1077 1197 1179 1253 est,
1208 1188 1313 1245 lide
1341 1198 1523 1243 careat
1548 1207 1563 1255 ;
1591 1188 1730 1258 quod
1760 1198 1938 1243 autem
1963 1189 2229 1253 creditur,
2270 1189 2525 1258 probrum
2546 1198 2602 1243 et
2628 1189 2947 1242 contumelia
2978 1190 3067 1245 sit.
3620 1196 3639 1203 ’

580 1303 668 1360 IV.
700 1306 960 1373 Quoniam
985 1318 1162 1364 autem
1201 1311 1268 1365 de
1304 1324 1370 1366 eo
1397 1312 1513 1365 viro
1545 1310 1674 1364 mihi
1705 1311 1879 1365 oratio
1910 1310 2070 1382 773

511 1397 753 1452 instituta
774 1400 981 1470 est,qui
997 1400 1324 1456 nobilitatem
1340 1402 1535 1455 viritim
1556 1402 1780 1471 expendi
1805 1402 2067 1468 vult,uee,

512 1504 633 1542 cum
667 1486 850 1544 forma
879 1500 1039 1560 atque
1064 1491 1294 1556 colores,
1333 1501 1387 1545 et
1410 1492 1555 1560 equi,
1589 1501 1694 1544 tam
1731 1492 2065 1557 nobilissimi,

511 1596 675 1649 quam
705 1581 1053 1651 abiectissimi
1096 1598 1163 1637 ex
1201 1584 1390 1652 seipsis
1431 1583 1700 1653 explorari
1729 1584 1954 1649 soleant,
1976 1599 2072 1638 nos

511 1683 696 1728 contra
737 1689 831 1745 per
852 1689 1073 1745 ea,qua3
1100 1686 1248 1729 extra
1295 1690 1392 1731 nos
1427 1678 1600 1746 posita
1650 1687 1800 1742 sunt,
1838 1677 2069 1748 depingi,

510 1773 856 1833 posteaquam
893 1782 1054 1821 unum
1081 1776 1171 1821 aut
1193 1765 1418 1821 alterum
1450 1783 1513 1823 ex
1541 1768 1629 1833 iis,
1659 1783 1784 1837 quae
1821 1784 1851 1821 a
1899 1768 2070 1835 majo-

516 1856 665 1912 ribus
694 1858 805 1926 ipse
831 1858 1034 1925 habuit,
1059 1873 1302 1927 qumque,
1317 1869 1369 1913 et
1393 1859 1560 1927 ipsius
1578 1860 1702 1914 vita:
1719 1860 2069 1925 conveniunt,

2247 1311 2321 1362 A'.
2369 1309 2584 1380 Ἐπειδὴ
2606 1309 2664 1362 δὲ
2688 1308 2824 1380 ὑπὲρ
2855 1308 3043 1381 ἀνδρὸς
3078 1309 3210 1379 ἡμῖν
3228 1311 3257 1361 ό
3296 1309 3472 1378 λόγος,
3501 1310 3621 1362 κατ’
3647 1310 3744 1364 ἀν-

2177 1399 2276 1470 δρα
2307 1399 2588 1473 κρίνεσθαι
2621 1398 2718 1469 τὴν
2742 1399 3022 1467 εὐγένειαν
3047 1399 3158 1469 (54)
3194 1397 3486 1463 ἀξιοῦντος,
3521 1399 3613 1453 καὶ
3640 1400 3737 1471 μὴ,

2176 1490 2274 1554 τὰς
2307 1492 2405 1562 μὲν
2436 1492 2670 1562 μορφὰς,
2699 1490 2791 1544 διαὶ
2808 1489 2906 1553 τὰς
2928 1490 3094 1561 χρόας
3126 1488 3184 1556 ἐξ
3217 1490 3423 1544 ἑαυτῶν
3453 1491 3743 1563 δοκιμάζε-

2178 1584 2322 1649 σθαι,
2347 1582 2562 1637 καὶτῶν
2590 1583 2769 1636 ἵππων
2804 1584 2926 1646 τοὺς
2952 1583 3360 1651 εὐγενεστάτους
3416 1583 3450 1653 ἢ
3477 1583 3739 1654 ἀτιμοτά-

2174 1693 2320 1740 τους,
2361 1677 2508 1747 ἡμᾶς
2543 1675 2599 1728 δὲ
2648 1674 3050 1745 ζωγραφεῖσθαι
3101 1676 3213 1737 τοῖς
3237 1672 3455 1737 ἔξωθεν,
3502 1673 3560 1726 ἓν
3586 1674 3621 1744 ἢ
3645 1673 3743 1727 δύο

2176 1767 2283 1820 τῶν
2315 1765 2373 1831 ἐξ
2399 1767 2572 1838 ἀρχῆς
2625 1765 2975 1838 ὑπαρχόντων
3017 1763 3185 1834 αὐτῷ,
3237 1764 3332 1817 καὶ
3363 1762 3534 1817 ταῦτα
3564 1765 3745 1818 οἰκεῖα

2177 1857 2253 1928 τῷ
2275 1859 2481 1913 ἐκείνου
2513 1859 2631 1930 βίῳ,
2680 1860 2773 1912 καὶ
2808 1852 2888 1921 οἷς
2920 1858 2988 1912 ἂν
3024 1857 3256 1928 μάλιστα
3300 1857 3489 1929 ἡσθείη
3513 1857 3744 1928 λεγομέ-

510 1959 566 2005 et
612 1950 896 2004 maximam
956 1951 1028 2013 ei,
1088 1952 1132 2006 si
1184 1963 1695 2015 commemorentur,
1750 1952 2069 2025 voluptatem

2176 1967 2305 2013 νοις,
2331 1949 2521 2013 εἰπὼν,
2557 1953 2642 2003 ἐπ’
2685 1951 2844 2004 αὐτὸν
2876 1951 2969 2004 καὶ
2999 1949 3062 2021 δὴ
3098 1950 3382 2021 τρέψομαι.
3418 1950 3610 2003 Ἀλλου
3640 1950 3743 2021 μὲν

511 2041 734 2095 allatura
787 2052 932 2107 sunt,
974 2058 1287 2112 exposuero,
1337 2044 1403 2096 ad
1449 2043 1619 2113 ipsum
1670 2043 1958 2098 confestim
1987 2058 2070 2098 me

511 2142 843 2188 convertam.
889 2134 1132 2187 Aliarum
1181 2135 1395 2203 quidem
1430 2132 1884 2197 familiarum,vel
1907 2135 2066 2188 etiam

509 2221 777 2291 sigillatim
829 2221 1112 2290 cujuslibet
1143 2224 1400 2287 hominis,
1430 2223 1531 2276 alia
1564 2233 1693 2278 sunt
1738 2223 1988 2294 insignia,
2013 2232 2067 2277 et

510 2316 868 2377 narrationes,
902 2314 981 2368 vel
1019 2314 1269 2383 majores,
1320 2314 1403 2368 vel
1448 2315 1706 2379 minores,
1737 2330 1872 2384 quae,
1901 2315 2070 2369 instar

508 2416 747 2472 paternae
821 2404 1094 2473 cujusdam
1171 2405 1519 2471 hazreditatis,
1574 2405 1658 2459 vel
1708 2405 2066 2475 longinquius,

509 2498 592 2547 vel
636 2497 986 2566 propinquius
1024 2510 1251 2560 exorsm,
1294 2498 1358 2550 ad
1392 2508 1631 2566 posteros
1665 2497 2014 2550 devolvuntur
2052 2512 2065 2545 :

510 2582 635 2637 huic
685 2593 865 2637 autem
914 2583 1191 2653 utriusque
1237 2586 1450 2655 generis
1512 2585 1676 2640 decus
1730 2586 1904 2654 pietas
1946 2583 2065 2648 fuit,

510 2673 959 2742 quemadmodum
988 2690 1130 2730 nunc
1148 2677 1318 2730 oratio
1343 2676 1652 2732 declarabit.

583 2764 645 2818 V.
683 2765 995 2821 Persecutio
1041 2778 1177 2832 erat,
1241 2777 1296 2823 et
1349 2770 1561 2836 quidem
1628 2767 2065 2838 pbrsecutionum

509 2859 750 2911 omnium
800 2857 1138 2912 atrocissima
1193 2860 1531 2928 maximeque
1564 2861 1869 2922 horrenda;
1900 2859 1967 2912 iis
1990 2858 2070 2909 lo—

509 2963 668 3019 quor,
713 2947 906 3017 quibus
947 2946 1222 3003 Maximini
1280 2951 1581 3018 persecutio
1637 2960 1764 3004 nota
1807 2958 1921 3020 est,
1957 2950 2068 3015 qui,

509 3054 629 3093 eum
661 3048 782 3109 post
835 3038 1053 3105 multos,
1099 3040 1190 3107 qui
1243 3040 1400 3110 paulo
1449 3051 1572 3094 ante
1616 3040 1956 3103 exstiterant,
1990 3053 2069 3091 ιη-

510 3130 763 3198 gruisset,
803 3130 906 3185 hoc
949 3128 1148 3195 ell‘ecit,
1196 3140 1254 3184 ut
1287 3146 1473 3186 omnes
1523 3130 1740 3185 humani
1784 3144 1848 3184 ac
1892 3129 2071 3183 faciles

510 3219 679 3276 fuisse
700 3222 1027 3285 viderentur,
1057 3222 1256 3292 iungenti
1290 3223 1538 3276 nimirum
1578 3222 1691 3290 ipse
1735 3220 1959 3275 audacia
1991 3220 2071 3274 lu-

2171 2035 2261 2092 οὗν
2282 2039 2409 2093 ἀλλο
2430 2058 2481 2093 τι
2507 2040 2796 2114 γνώρισμα
2833 2040 2929 2095 καὶ
2977 2040 3241 2111 διήγημα,
3284 2042 3377 2094 καὶ
3398 2040 3605 2109 γένους,
3642 2041 3744 2094 καὶ

2169 2128 2263 2181 τοῦ
2297 2130 2651 2197 καθέκαστον,
2707 2133 2740 2203 ἢ
2785 2131 2978 2202 μικρὸν
3030 2131 3064 2202 ἢ
3100 2129 3281 2201 μεῖζον
3306 2171 3321 2195 ,
3372 2130 3617 2203 καθάπερ
3654 2146 3745 2196 τις

2172 2221 2369 2292 κλῆρος
2396 2223 2670 2294 πατρῷος,
2706 2223 2740 2294 ἢ
2775 2223 3076 2295 πόρρωθεν,
3105 2223 3138 2294 ἢ
3188 2222 3415 2291 ἐγγύθεν
3442 2223 3741 2294 ἠργμένος,

2171 2316 2412 2369 κάτεισιν
2453 2318 2534 2380 εἰς
2556 2317 2681 2381 τοὺς
2716 2316 2959 2389 ὕστερον
2996 2316 3170 2387 τούτῳ
3196 2315 3254 2370 δὲ
3284 2320 3458 2386 γενοῖν
3489 2320 3597 2371 τοῖν
3620 2315 3746 2390 (55)

2171 2405 2497 2476 ἀμφοτέροιν
2521 2406 2581 2460 τὸ
2610 2406 2830 2473 εὐσεϐὲς
2850 2406 3136 2479 ἐπίσημον,
3180 2406 3409 2478 δηλώσει
3431 2407 3487 2461 δὲ
3508 2405 3618 2477 (56)
3638 2405 3749 2461 νῦν

2169 2498 2198 2550 ὁ
2234 2496 2407 2566 λόγος.

2244 2763 2595 2834 Ε’.“Διωγμὸς
2621 2757 2710 2834 ἦν,
2741 2764 2834 2818 καὶ
2858 2764 3113 2835 διωγμῶν
3129 2768 3159 2820 ό
3191 2764 3622 2838 φρικωδέστατος
3641 2765 3747 2820 καὶ

2174 2856 2506 2927 βαρύτατοςο
2536 2854 2701 2908 εἰδόσι
2755 2855 2898 2924 λέγω
2942 2858 3032 2911 τὸν
3069 2858 3397 2928 Μαξιμίνου,
3425 2856 3483 2920 ὃς
3524 2855 3745 2920 πολλοῖς

2170 2951 2283 3011 τοῖς
2312 2948 2424 3017 (57)
2452 2944 2680 3016 ἐγγύθεν
2706 2947 3014 3019 γενομένοις
3044 2948 3326 3017 ὲπιφυεὶς,
3375 2946 3580 3010 πάντας
3614 2946 3745 3016 φιλ-

2171 3036 2486 3111 ἀνθρώπους
2519 3036 2791 3102 ἀπέδειξε,
2822 3037 3011 3108 θράσει
3037 3055 3097 3091 τε
3123 3037 3300 3108 πολλῷ
3343 3038 3499 3109 ῥέων,
3527 3036 3622 3091 καὶ
3648 3054 3745 3106 φιο

2171 3129 2425 3183 λονεικῶν
2453 3129 2512 3183 τὶ
2538 3129 2639 3198 τῆς
2691 3129 2942 3193 ἀσεϐείας
2985 3131 3183 3201 κράτος
3208 3130 3317 3201 (58)
3350 3129 3741 3201 ἀναδήσασθαι.

2173 3221 2372 3275 Τοῦτον
2398 3222 2579 3276 πολλοὶ
2613 3239 2711 3294 μεν
2736 3223 3034 3294 ὑπερέσχον
3074 3221 3181 3275 τῶν
3233 3220 3511 3293 ἡμετέρων
3538 3222 3745 3290 ἀγωνι-

510 3328 651 3373 rens,
689 3285 1154 3383 atqueimpietatis
1182 3314 1544 3383 principatum
1569 3285 1824 3381 cpnseqni
1856 3327 2067 3367 summo

2176 3316 2334 3381 στῶν,
2377 3318 2471 3371 καὶ
2506 3285 2666 3388 μέχρι
2702 3285 3415 3389 θανάτου-διηγωνισμένοι,
3476 3285 3595 3368 καὶ*
3628 3314 3747 3384 πρὸ

508 3401 687 3457 studio
724 3404 1074 3459 contendens.
1122 3402 1275 3457 Hunc
1324 3402 1647 3456 athletarum
1701 3402 1916 3472 quidem
1970 3417 2068 3455 no-

507 3507 743 3551 strorum
796 3495 1047 3565 permulti
1094 3505 1435 3564 superarunt,
1468 3505 1521 3547 et
1549 3494 1615 3548 ad
1642 3503 1867 3548 mortem
1905 3508 2074 3562 usque

510 3587 870 3651 decertantes,
902 3595 957 3642 et
999 3601 1135 3657 pene
1180 3602 1348 3655 usque
1404 3590 1469 3640 ad
1516 3595 1774 3651 mortem;
1814 3585 2074 3640 hactenus

509 3681 759 3737 videlicet
793 3680 986 3746 relicti,
1014 3690 1073 3734 ut
1100 3679 1339 3734 victoria:
1367 3694 1477 3733 suae
1520 3679 1832 3749 superstites
1869 3687 2072 3744 essent,

508 3794 609 3834 nec
636 3793 756 3831 cum
790 3775 922 3844 ipsis
952 3771 1335 3829 certaminibus
1379 3771 1752 3835 abscederent,
1788 3773 1882 3826 sed
1930 3769 2073 3835 aliis,

509 3870 729 3927 virtutis
762 3867 938 3937 alipl:e
961 3905 976 3930 ,
1012 3865 1114 3919 vivi
1163 3873 1447 3934 martyres,
1491 3865 1756 3933 spirantes
1792 3862 2071 3928 columna,

510 3960 781 4028 tacitaque
807 3954 1074 4027 praeconia
1126 3954 1578 4023 relinquerentur,
1609 3968 1729 4007 cum
1770 3953 1951 4009 multis
1979 3968 2075 4007 au-

2176 3407 2403 3462 θανάτου
2436 3409 2659 3480 μικρόνο
2693 3408 2943 3463 τοσοῦτον
2994 3408 3430 3477 ἀπολειφθέντες,
3458 3408 3581 3461 ὅσον
3617 3408 3745 3460 ὲπι-

2169 3498 2360 3554 ϐιῶναι
2386 3503 2453 3572 τῇ
2486 3501 2629 3573 νίκῃ,
2672 3502 2765 3555 καὶ
2802 3502 2876 3574 μὴ
2912 3501 3263 3556 συναπελθεῖν
3294 3504 3404 3565 τοῖς
3436 3501 3748 3572 παλαίσμα-

2171 3608 2276 3656 σιν,
2316 3590 2430 3645 ἀλλ’
2464 3592 2851 3664 ὑπολειφθῆναι
2884 3597 2997 3658 τοῖς
3021 3593 3199 3657 ἄλλοις
3229 3593 3477 3647 ἀλεῖπται
3507 3593 3616 3663 (59)
3637 3594 3746 3663 τῆς

2169 3684 2391 3754 ἀρετῆς,
2426 3682 2626 3748 ζῶντες
2660 3684 2954 3756 μάρτυρες,
2986 3684 3209 3755 έμπνοοι
3246 3684 3455 3755 στῆλαι,
3500 3683 3747 3751 σιγῶντα

2169 3775 2520 3846 κηρύγματα,
2547 3776 2643 3829 σὺν
2670 3776 2882 3839 πολλοῖς
2905 3776 2961 3829 δὲ
2984 3779 3097 3839 τοῖς
3117 3775 3539 3848 ἀριθμουμένοις
3567 3775 3661 3828 καὶ
3686 3777 3743 3828 οι

2169 3865 2305 3938 πρὸς
2335 3866 2537 3938 πατρὸς
2566 3867 2741 3939 τούτῳ
2769 3868 3025 3940 πατέρες,
3078 3862 3159 3931 οἷς
3201 3870 3382 3921 πᾶσαν
3427 3867 3745 3938 ἀσκήσασιν

2169 3956 2447 4020 εὐσεϐείας
2494 3957 2608 4011 ὁδὸν
2634 3999 2649 4023 ,
2699 3955 2868 4028 καλὴν
2900 3958 3198 4029 ἐπήνεγκεν
3253 3959 3282 4010 ό
3313 3955 3505 4025 καιρὸς
3533 3957 3746 4018 ἐκεῖνος

512 4061 618 4106 tem
651 4049 793 4112 aliis,
829 4058 883 4103 et
914 4045 1129 4116 quidem
1151 4044 1471 4110 celebribus,
1504 4045 1712 4116 paterni
1737 4045 1899 4101 etiam
1934 4046 2069 4101 illius

2173 4046 2265 4118 τὴν
2295 4048 2578 4120 κορωνίδα.
2604 4048 2963 4119 Παρασκευῆς
2992 4049 3088 4118 μὲν
3117 4047 3225 4119 γὰρ
3266 4047 3438 4111 οὕτως
3460 4041 3605 4116 εἶχον
3643 4047 3748 4100 καὶ

509 4142 619 4206 avi,
664 4140 879 4210 quibus,
930 4152 1053 4193 cum
1099 4149 1256 4191 omne
1301 4136 1515 4207 pietatis
1554 4150 1724 4206 genus
1762 4135 2069 4201 coluissent,

2173 4138 2410 4210 γνώμης,
2445 4140 2521 4204 ὡς
2548 4140 2725 4196 πάντα
2751 4139 2947 4212 ῥᾳδίως
2973 4140 3210 4202 οἴσοντες
3233 4178 3249 4202 ,
3291 4139 3349 4205 ἐξ
3373 4132 3446 4194 ὧν
3482 4140 3747 4207 στεφανοῖ

508 4235 762 4290 eximiam
805 4240 1095 4302 tempestas
1124 4229 1212 4284 illa
1243 4229 1550 4286 coronidem
1603 4228 1827 4283 invexit.
1863 4227 2069 4282 Etenim

2173 4231 2402 4300 Χριστὸς
2437 4231 2564 4294 τοὺς
2591 4231 2690 4302 τὴν
2715 4231 2923 4285 ἐκείνου
2954 4231 3365 4302 μιμησαμένους
3416 4230 3554 4304 ὑπὲρ
3578 4229 3742 4301 ἡμῶν

513 4328 589 4383 illi
622 4325 837 4397 quidem
886 4324 1066 4380 animo
1091 4324 1165 4379 ita
1198 4323 1472 4378 constituti
1495 4332 1550 4379 et
1570 4321 1865 4390 comparati
1894 4328 2070 4385 erant,

2169 4321 2409 4392 ἄθλησιν.
3222 4340 3231 4351 ·

508 4435 572 4478 ut
601 4438 663 4479 ea
694 4421 872 4477 omnia
907 4419 1066 4475 facile
1090 4418 1414 4489 perpessuri,
1433 4417 1503 4472 ob
1527 4430 1646 4486 quae
1671 4415 1921 4471 Christus
1945 4428 2061 4481 eos,
2107 4416 2194 4485 qui
2243 4418 2409 4487 ipsius
2456 4426 2728 4472 certamen
2786 4423 2966 4473 nostra
3029 4432 3193 4473 causa
3269 4426 3574 4487 susceptum
3610 4415 3741 4471 inti-

511 4528 712 4585 tantnr,
750 4532 945 4575 corona
973 4518 1154 4572 donat.

578 4635 668 4690 Vl.
700 4634 898 4690 Verum
925 4634 1179 4703 quoniam
1218 4642 1488 4688 certamen
1518 4647 1731 4702 quoque
1770 4631 2065 4702 legitimum

2244 4633 2334 4698 ς’.
2381 4628 2531 4683 Ἐπεὶ
2564 4627 2621 4680 δὲ
2649 4626 2879 4697 νόμιμον
2920 4625 3104 4690 αὐτοῖς
3141 4624 3247 4678 ἔδει
3288 4624 3381 4677 καὶ
3426 4621 3518 4675 τὸν
3548 4620 3740 4690 ἀγῶνα

510 4730 642 4798 .psis
668 4736 788 4781 esse
809 4725 1086 4795 oportebat
1110 4724 1216 4794 (lex
1243 4733 1420 4778 autem
1447 4724 1685 4794 martyrii
1715 4724 1826 4777 haec
1857 4733 1957 4787 est,
1991 4731 2069 4789 ut,

510 4832 612 4872 nec
641 4830 739 4870 nos
767 4815 906 4869 ultro
925 4818 992 4869 ad
1017 4824 1287 4868 certamen
1318 4814 1655 4879 accedamus,
1689 4814 1791 4868 hac
1819 4813 2070 4868 nimirum

511 4907 726 4962 ratione
777 4914 887 4961 tum
948 4906 1425 4975 persecutoribus,
1472 4914 1581 4960 tum
1636 4904 2070 4963 imbecillioribus

513 4996 730 5052 athletis
775 4996 1134 5061 consulentes,
1193 5010 1312 5063 nec,
1343 5010 1465 5051 cum
1510 5006 1801 5066 praesentes
1855 5011 2062 5060 sumus,

588 5219 702 5303 $52)
741 5219 1119 5303 Ἡρακλεῖδαι.
1193 5239 1211 5271 ι
1238 5220 1547 5276 Heraclidae.
1574 5241 1593 5272 ι
1653 5220 1745 5275 Sic
1776 5218 1906 5275 dicti
1938 5215 2073 5272 Her-

514 5287 650 5345 culis
682 5287 898 5359 posteri.

576 5359 700 5432 _(53)
725 5362 1175 5431 Πιστευόμενον.
1211 5361 1343 5417 Tres
1368 5360 1534 5432 Regg.
1562 5372 1615 5415 et
1636 5359 1809 5425 Pass.,
1830 5372 2076 5411 πιστευο-

737 5500 1075 5568 Εῠγὲνειαν.
1106 5499 1277 5566 Pass.,
1307 5500 1604 5564 εὐσέϐειαν,
1645 5517 1663 5550 t
1700 5499 1970 5567 pietatem.
2012 5515 2028 5548 ι

588 5565 699 5641 (55)
742 5565 933 5641 Τούτῳ
950 5570 1017 5624 δὲ
1037 5571 1236 5641 matr
1253 5565 1399 5626 τοῖν.
1425 5570 1515 5623 Sic
1535 5565 1712 5641 plures
1727 5569 1874 5641 codd.
1900 5565 2069 5641 Coisl.

518 5635 573 5709 ᾖ,
610 5638 783 5708 τούτῳ
813 5640 869 5693 δὲ
894 5643 1005 5695 τοῖν
1037 5635 1207 5709 γενοίν
1233 5643 1343 5694 τοῖν
1372 5635 1716 5709 ἀμφοτέροιν.
1764 5637 1818 5692 In
1851 5639 1959 5704 ed.,
1991 5635 2069 5707 τῷ

516 5705 575 5760 δὲ
597 5705 771 5780 γονοῖν
797 5705 1161 5780 ἀμφοτέροιν.

590 5776 701 5905 ἐξ)
738 5776 840 5858 Δέἒ
855 5776 1103 5859 annulli
1140 5778 1362 5841 addunt,
1389 5777 1501 5867 καί.

686 5856 700 5905 l
743 5850 887 5905 Τοις.
911 5847 1068 5904 Deest
1091 5864 1145 5902 In
1181 5847 1343 5905 liena.
1369 5848 1422 5905 (Ι.
1448 5850 1499 5905 ul

598 5847 700 5917 [57)
743 5848 887 5913 Τοῖς.
911 5847 1068 5904 Deest
1091 5848 1145 5902 in
1181 5847 1343 5916 liegg.
1369 5848 1422 5913 (Ι,
1447 5850 1537 5916 ph.

2179 4719 2426 4791 γενέσθαι
2461 4718 2658 4790 (νόμος
2681 4717 2739 4771 δὲ
2764 4716 3085 4804 μαρτυρίας,
3117 4718 3251 4804 μήτε
3278 4711 3567 4804 ἐθελοντὰς
3597 4713 3738 4804 πρδς

2176 4811 2267 4863 τὸν
2290 4807 2476 4877 ἀγῶνα
2504 4808 2721 4879 χωρεῖν,
2778 4805 2948 4876 φειδοῖ
2999 4803 3106 4857 τῶν
3141 4801 3439 4857 διωκόντων
3476 4803 3585 4879 ,καὶ
3627 4801 3736 4856 τῶν

2178 4866 2615 4971 ἀσθενεστέρῶνι,
2654 4866 2803 4970 μητε-
2833 4897 3106 4969 παρόντας
3153 4866 3509 4948 ἀναδύεσθαι¹ο
3537 4893 3601 4947 τὸ
3633 4894 3735 4964 μὲν

2176 4991 2284 5062 γὰρ
2313 4990 2543 5062 θράσους
2564 5031 2579 5056 ,
2619 4990 2680 5044 τὸ
2723 4988 2783 5043 δὲ
2808 4987 3097 5060 ἀνανδρίας
3137 4985 3247 5057 (60)
3279 4986 3457 5038 ἐστίν·
3489 4986 3584 5039 καὶ
3623 4985 3730 5054 (61)

2247 5218 2360 5290 (58)
2398 5216 2643 5286 Κράτος.
2669 5214 2831 5270 Coisl.
2867 5213 2904 5266 2
2935 5210 3131 5281 aliique
3167 5207 3346 5278 plures
3378 5205 3601 5271 addunt,
3636 5206 3717 5258 αὐ-

2176 5289 2358 5429 τόῖὲθ)
2386 5355 2724 5429 λΑλεῖπταιε
2758 5371 2778 5404 ι
2824 5351 3036 5429 Aliptte,
3076 5368 3095 5401 ι
3141 5349 3385 5429 id_est,_t
3423 5344 3727 5429 cohortam-

2181 5418 2285 5483 res.
2322 5418 2351 5481 ι’
2385 5425 2539 5494 Mox,
2594 5423 2827 5494 σιγῶντα
2868 5418 3226 5494 κηρύγματαξ,
3269 5434 3289 5467 ι
3335 5418 3496 5494 tacita
3536 5426 3727 5494 prmed-

2179 5502 2286 5563 nia,
2323 5516 2341 5549 ο
2372 5499 2500 5580 μυξη
2524 5483 3161 5580 :non'sertttoni.l:nts|,"sed
3193 5483 3551 5542 membrorum
3592 5483 3729 5536 lace-

2178 5564 2469 5622 rationibns
2496 5566 2742 5633 pietatem
2778 5564 3162 5630 praedicabant.
3530 5632 3533 5635 _

2244 5636 2355 5707 (60)
2409 5634 2763 5704 Ἀνανδρίας.
2786 5634 2844 5707 In
2866 5630 3155 5707 nonnullis,
3180 5628 3517 5707 ἀνανδρείας.
3544 5620 3724 5707 «.Prte-

2172 5690 2375 5765 clarum
2402 5713 2505 5771 est,
2536 5723 2555 5757 ι
2592 5690 2763 5773 inquit
2808 5702 3066 5774 Origenes
3111 5690 3400 5759 commen't.
3450 5690 3504 5752 in
3548 5690 3724 5814 ἰρῗῶιᾶ

2247 5848 2357 5920 (61)
2398 5845 2525 5900 Καί.
2555 5842 2686 5899 Tres
2706 5843 2896 5915 liegg.,
2931 5841 3052 5897 κᾶν.
