4050 6298
269 392 371 449 501
1081 394 1339 452 ORATIO
1377 394 1558 449 XLIII.
1601 421 1672 435 —-
1711 395 1779 449 IN
1817 394 2100 452 LAUDEM
2139 394 2382 451 BASILII
2417 395 2651 452 MAGNI.
3389 389 3503 446 50%

269 507 445 577 τούτῳ
474 506 740 591 τιμῶντες
755 509 950 562 ἐκεῖνοι
973 508 1064 560 τὸν
1095 510 1389 582 νομοθέτην
1413 516 1521 580 ),τι
1560 509 1842 580 μηχανῶν-

1956 520 2215 564 certamen
2275 511 2670 575 detrectemus;
2721 506 2850 562 illud
2902 505 3096 574 quippe
3129 503 3395 557 temerarii
3430 519 3494 559 ac

267 615 356 650 ται
389 596 537 668 (6‘2);
573 597 788 652 Μᾶλλον
819 599 897 662 δὲ,
956 601 1092 672 πρὸς
1151 602 1204 654 τί
1239 602 1490 673 φέρονται
1541 618 1691 672 παρα
1741 601 1839 668 τῆς

1956 602 2228 670 )τιιιοίρίιίε
2268 609 2352 654 est
2388 601 2572 664 animi,
2617 601 2716 654 hoc
2754 597 2923 658 timidi
2970 605 3024 648 et
3069 595 3281 665 ignavi;
3311 593 3364 648 in
3395 595 3496 649 hac

270 690 451 744 πάντα
483 688 555 742 τὰ
582 690 804 742 ἐκείνων
826 691 1062 764 ἀγούσης
1093 693 1382 764 προνοίας;
1418 694 1536 745 Ἐπί
1577 710 1699 746 τινα
1736 693 1840 746 τῶν

1956 707 2158 759 quoque
2204 706 2261 745 re
2307 691 2662 760 legislatorem
2712 689 2916 742 honore
2979 684 3324 755 allicientes),
3367 685 3496 753 quid

269 782 550 835 Ποντικῶν
583 781 722 853 ὁρῶν
749 763 997 854 λόχμηνδ(
1019 763 1211 838 πολλαὶ
1236 785 1292 838 δὲ
1325 777 1484 838 αὗται
1513 788 1638 856 παρ’
1661 787 1842 850 αὐτοῖς

1956 781 2276 835 :uoliuntur?
2302 779 2398 834 Vel
2430 781 2625 850 potius,
2659 794 2887 849 quonam
2931 794 2960 832 a
3010 779 3184 833 divina
3217 778 3498 847 providen-

269 874 378 925 εἰσι
411 874 507 926 καὶ
543 872 774 942 βαθεῖαι,
810 875 902 928 καὶ
935 876 1280 929 ἐπιπλεῖστον
1328 876 1640 946 διήκουσαι)
1671 893 1840 928 κατα-

1956 874 2040 938 tia,
2067 871 2232 943 774Ι
2263 888 2378 940 qum
2408 872 2584 925 omnia
2623 887 2806 926 eorum
2833 871 3183 940 gubernabat,
3211 859 3498 924 feruntur?

274 964 560 1032 φεύγουσι,
588 964 706 1017 λίαν
729 965 927 1034 ὀλίγοις
947 966 1238 1037 χρώμενοι,
1267 967 1361 1022 καὶ
1385 968 1482 1036 τῆς
1513 968 1690 1037 φυγῆς
1722 985 1844 1020 συν-

1956 964 2022 1018 Αᾶ
2052 965 2330 1032 quamdam
2363 962 2704 1016 Ponticarum
2736 962 2994 1015 montium
3030 961 3217 1016 silvam
3253 961 3380 1029 (illic
3404 976 3498 1013 au-

273 1059 482 1126 εργοῖς,
508 1058 603 1110 καὶ
635 1059 731 1128 τῆς
767 1060 973 1128 τροφῆς
1019 1059 1334 1130 ὑπηρέταις.
1381 1059 1562 1112 ’Ἄλλοι
1611 1059 1708 1130 μὲν
1751 1056 1843 1112 οὖν

1956 1065 2050 1108 tem
2094 1054 2370 1123 pernmlta:
2413 1063 2540 1107 sunt
2571 1063 2626 1107 et
2651 1052 2926 1122 profundat:
2951 1068 3012 1106 ac
3037 1051 3191 1119 longe
3224 1067 3281 1106 se
3321 1052 3498 1120 porri-

271 1146 709 1218 θαυμαζέτωσαν
757 1148 815 1200 τὸ
864 1147 956 1201 τοῦ
997 1150 1188 1221 χρόνου
1241 1151 1412 1221 μῆκος
1457 1150 1723 1221 (καὶγὰρ
1753 1149 1844 1202 ὲπὶ

1956 1143 2148 1214 gentes)
2205 1159 2325 1197 cum
2383 1143 2566 1212 paucis
2607 1143 2915 1206 admodum,
2969 1151 3074 1194 tam
3120 1142 3252 1210 fugm
3291 1141 3502 1196 comiti-

271 1239 526 1292 πλεῖστον
562 1241 763 1304 αὑτοῖς,
798 1239 873 1302 ὣς
907 1241 1138 1308 φασι,τὺ
1167 1241 1264 1311 τῆς
1320 1241 1499 1310 φυγῆς
1542 1241 1840 1312 παρετάθη,

1956 1241 2063 1301 bus,
2095 1253 2252 1306 quam
2295 1235 2400 1290 cibi
2461 1237 2744 1301 ministris,
2775 1237 3108 1306 confugiunt.
3159 1234 3504 1289 Admirentur

272 1330 396 1393 ἔτος
415 1347 519 1382 που
567 1331 810 1401 ἕϐδομον,
844 1331 938 1384 καὶ
989 1333 1181 1404 μικρόν
1211 1350 1262 1384 τι
1291 1332 1487 1404 πρὸς),
1543 1333 1601 1385 τό
1633 1349 1691 1383 τε
1748 1332 1844 1402 τῆς

1956 1329 2035 1383 hic
2067 1329 2282 1398 quidem
2312 1327 2401 1382 alii
2435 1328 2692 1396 temporis
2722 1328 3122 1381 diuturnitatem
3152 1326 3295 1395 (nam
3319 1324 3369 1377 in
3404 1339 3502 1376 an-

269 1421 486 1491 διαίτης
515 1423 760 1493 σώμασιν
798 1418 854 1475 εὖ
886 1423 1130 1491 γεγονόσι
1176 1424 1356 1477 στενόν
1397 1441 1456 1476 τε
1501 1424 1594 1477 καὶ
1640 1423 1847 1494 παρηλ-

271 1513 566 1584 λαγμένον,
597 1513 671 1576 ὡς
693 1514 751 1566 τὸ
783 1515 961 1577 είκός“
997 1514 1089 1567 καὶ
1117 1515 1178 1568 τὸ
1211 1516 1518 1588 ὑπαιθρίοις
1565 1515 1676 1585 (65)
1712 1534 1845 1590 κρυ-

275 1608 421 1675 μοῖς,
446 1607 541 1658 καὶ
566 1605 810 1668 θάλπεσι,
867 1607 960 1659 καὶ
1009 1607 1235 1676 ὄμϐροις
1272 1607 1668 1679 ταλαιπωρεῖν·
1707 1609 1740 1678 ἤ
1788 1624 1846 1660 τε

1949 1435 2071 1471 num
2101 1433 2236 1487 pene
2262 1418 2570 1495 septimum,
2602 1427 2760 1486 atque
2790 1419 3078 1488 aliquando
3105 1415 3348 1486 amplius,
3383 1430 3506 1484 pro-

1951 1517 2176 1562 tractum
2231 1508 2334 1562 illis
2385 1509 2630 1562 exsilium
2676 1508 2840 1562 fuisse
2887 1507 3173 1577 narrant),
3201 1518 3254 1560 et
3295 1505 3504 1559 vivendi

1947 1600 2206 1654 rationem
2237 1603 2550 1670 corporibus
2583 1602 2856 1671 generosis
2892 1609 3170 1666 angustam
3191 1609 3244 1651 et
3276 1596 3505 1650 insolen-

271 1694 468 1762 ἄφιλος
495 1694 718 1766 ἐρημία,
754 1695 846 1748 καὶ
872 1695 933 1747 τὸ
959 1692 1320 1765 ἀκοινώνητόν
1347 1715 1406 1749 τε
1440 1698 1533 1750 καὶ
1576 1697 1804 1767 ἄμικτον
1831 1711 1842 1722 ·

1956 1699 2080 1753 tem,
2109 1701 2166 1743 ut
2190 1691 2478 1744 verisimile
2506 1702 2627 1756 est;
2663 1692 2898 1760 illudque
2946 1691 3092 1753 item,
3123 1689 3262 1755 quod
3289 1687 3389 1742 sub
3421 1687 3508 1739 dio

269 1787 400 1838 ὅσον
426 1786 506 1848 εἰς
536 1786 904 1839 κακοπάθειαν
928 1789 1040 1849 τοῖς
1083 1788 1184 1840 ὑπὸ
1217 1787 1427 1840 πολλῶν
1451 1788 1743 1858 δορυφορου
1755 1788 1849 1857 μέ-

1956 1790 2190 1849 agentes,
2224 1781 2514 1849 algoribus,
2559 1781 2847 1846 caloribus,
2876 1779 3067 1847 pluviis
3094 1779 3505 1837 divexarentnr;

269 1893 389 1936 νοις
419 1876 514 1928 καὶ
546 1875 875 1945 τιμωμένοις
901 1893 915 1942 ;
952 1877 1090 1944 Ἐγὼ
1112 1877 1188 1941 δὲ,
1216 1877 1244 1930 ὃ
1272 1878 1475 1931 τούτων
1513 1850 1700 1948 ’μείξόν
1730 1850 1843 1931 ἐστι

1956 1887 2010 1924 ac
2051 1873 2277 1940 denique
2319 1872 2528 1935 amicis,
2565 1881 2724 1940 atque
2767 1871 3039 1924 hominum
3088 1873 3410 1923 commercio
3456 1880 3510 1922 et

268 1966 373 2017 καὶ
399 1960 845 2035 παραδοξότερον,
888 1964 1055 2029 λέξων
1078 1965 1306 2036 ἔρχομαι
1327 1984 1338 1996 ο
1375 1966 1664 2037 ἀπιστήσει
1689 1965 1733 2017 δ’
1751 1965 1844 2017 οὑ-

1956 1961 2204 2016 socictate
2247 1961 2554 2016 destitutam
2605 1959 2984 2023 solitudinem;
3024 1973 3141 2026 qtae
3199 1972 3304 2037 res,
3348 1971 3507 2025 quam

269 2057 408 2120 δεὶς,
436 2055 468 2125 ἦ
498 2056 648 2117 ὅστις
687 2055 837 2108 οὐδὲν
880 2055 1020 2124 μέγα
1063 2055 1232 2108 οἴεται
1281 2057 1404 2119 τοὺς
1442 2057 1582 2126 ὑπὲρ
1610 2054 1844 2126 Χριστοῦ

1956 2052 2126 2122 gravis
2164 2061 2216 2106 et
2257 2067 2554 2106 aerumnosa
2606 2051 2670 2104 iis
2741 2049 2904 2104 fuisse
2953 2048 3181 2119 putanda
3217 2033 3320 2110 est,
3360 2047 3508 2116 quia

268 2150 552 2220 διωγμοὺς
578 2149 672 2201 καὶ
701 2147 995 2214 κινδύνους,
1028 2149 1212 2212 κακῶς
1255 2148 1533 2220 γινώσκων
1585 2150 1678 2202 καὶ
1727 2147 1846 2201 λίαν

1956 2144 2136 2198 multis
2165 2146 2350 2212 stipari
2385 2153 2545 2212 atque
2573 2144 2774 2197 honore
2811 2141 2945 2195 allici
2969 2139 3247 2194 solebant?
3278 2139 3386 2207 Ego
3409 2153 3510 2192 au-

270 2237 650 2300 ὲτὶικινδύνως.
677 2313 680 2316 _

1954 2246 2078 2300 tem,
2111 2237 2250 2306 quod
2281 2237 2363 2290 his
2389 2236 2559 2304 majus
2583 2245 2637 2289 et
2669 2233 3036 2288 admirabilius
3074 2240 3174 2298 est,
3205 2243 3504 2300 exponam;

167 2365 172 2370 -
275 2350 383 2389 nec
423 2334 554 2388 mihi
597 2333 880 2403 quisquam
919 2331 1074 2388 ﬁdem
1133 2331 1432 2400 abrogabit,
1457 2333 1560 2386 nisi
1593 2331 1681 2402 qui
1715 2331 1847 2386 nihil
1887 2346 2136 2398 magnum
2192 2345 2310 2385 esse
2347 2330 2664 2385 existimarit
2724 2328 3127 2399 persecutiones
3191 2337 3243 2380 et
3275 2321 3512 2394 pericula

271 2420 478 2476 Christi
531 2435 692 2475 causa
729 2430 1001 2489 suscepta,
1044 2434 1204 2486 prave
1251 2423 1434 2490 utique
1463 2430 1517 2475 et
1550 2422 1835 2476 admodum
1876 2419 2175 2490 periculose
2203 2419 2468 2488 judicans.

353 2517 426 2568 Z'.
477 2514 735 2567 Ἐπόθουν
790 2531 842 2566 τι
883 2513 1114 2566 καὶτῶν
1152 2515 1288 2584 πρὸς
1340 2512 1532 2584 ήδονὴν
1581 2513 1629 2564 οἱ
1659 2511 1842 2580 γεννά-

275 2607 366 2661 δαι
393 2606 528 2676 (64),
558 2606 635 2677 τῷ
663 2607 837 2678 χρόνῳ
868 2607 1165 2677 κάμνοντες
1194 2647 1210 2672 ,
1261 2607 1353 2658 καὶ
1385 2603 1492 2657 τῶν
1537 2604 1850 2672 ἀναγκαίων

276 2701 432 2764 ὄντες
469 2703 746 2770 ἐπικορεῖς
785 2698 895 2769 (65)
923 2714 938 2728 '
984 2699 1077 2750 καὶ
1102 2697 1170 2749 τὰ
1202 2697 1298 2767 μὲν
1349 2696 1443 2749 τοῦ
1494 2695 1709 2765 Ἰσραήλ
1753 2695 1852 2748 οὐκ

281 2793 613 2863 ἐφθέγξαντο
642 2794 661 2860 (
675 2793 734 2844 οὑ
764 2790 874 2862 γὰρ
899 2787 1036 2861 ἦσαν
1065 2790 1363 2858 γογγυσταὶ
1385 2787 1525 2841 κατὰ
1564 2788 1689 2851 τοὺς
1715 2785 1855 2839 ὲκεί-

280 2903 406 2946 νους
435 2884 546 2954 (66)
575 2886 634 2936 ὲν
682 2886 749 2954 τῇ
805 2883 997 2954 ἐρήμῳ
1044 2880 1524 2952 ταλαιπωροῦντας
1555 2879 1667 2951 (67)
1721 2877 1856 2948 μετά

279 2977 380 3048 τήν
409 2976 466 3042 ἐξ
513 2975 790 3044 Αἰγύπτου
837 2973 1033 3043 φυγὴν,
1059 2973 1132 3036 ὡς
1165 2973 1274 3042 ἄρα
1321 2972 1542 3044 βελτίων
1586 2971 1855 3040 Αἴγυπτος

282 3068 464 3130 αὐτοῖς
519 3067 604 3136 εἴη
655 3066 754 3135 τῆς
784 3064 1054 3136 ἐρημίας,
1095 3063 1294 3132 πολλὴν
1336 3061 1444 3115 τῶν
1491 3061 1731 3134 λεϐήτων
1762 3061 1853 3113 καὶ

280 3155 391 3208 τῶν
425 3154 604 3226 κρεῶν
644 3153 753 3224 (68)
802 3152 1115 3223 χορηγοῦσα
1160 3152 1254 3222 τὴν
1311 3151 1602 3222 ἀφθονίαν,
1642 3151 1748 3205 τῶν
1792 3168 1850 3202 τε

281 3246 480 3312 ἄλλων,
527 3246 626 3298 ὅσα
667 3247 844 3297 ἐκεῖσε
895 3243 1184 3297 ἀπέλιπον⁹
1215 3246 1248 3314 ἡ
1299 3244 1407 3314 γὰρ
1430 3242 1674 3296 πλινθεία
1701 3242 1794 3296 καὶ
1825 3245 1852 3295 6

281 3337 456 3408 πηλὸς
479 3337 630 3389 οὐδὲν
650 3331 717 3406 ἦν
749 3337 931 3399 αὐτοῖς
969 3336 1090 3388 τότε
1121 3335 1209 3388 διὰ
1236 3334 1332 3405 τὴν
1371 3333 1611 3405 ἄνοιαν),
1638 3333 1772 3387 ἄλλα
1799 3333 1853 3386 δὲ

283 3429 362 3491 ὡς
393 3427 772 3499 εὐσεϐέστερα,
805 3428 899 3480 καὶ
932 3427 1243 3497 πιστότερα.
1289 3425 1354 3478 Τί
1384 3427 1492 3498 γάρ
1529 3428 1690 3490 ἐστιν,
1744 3426 1855 3480 ἐλε-

283 3537 401 3588 γον,
431 3518 539 3572 τῶν
569 3518 835 3582 ἀπίστων,
866 3520 914 3570 εί
939 3519 966 3570 ό
995 3518 1102 3570 τῶν
1131 3517 1448 3588 θαυμασίων
1477 3518 1607 3582 Θεὸς
1627 3561 1640 3584 ,
1688 3519 1716 3570 6
1742 3517 1856 3590 θρέ-

279 3611 392 3681 ψας
419 3609 692 3672 πλουσίως
707 3611 764 3662 ὲν
788 3609 978 3680 ἐρήμῳ
1002 3608 1147 3672 ξένον
1167 3608 1314 3672 λαὸν,
1349 3609 1442 3662 κα)¹
1465 3608 1694 3677 φυγάδα,
1717 3607 1854 3661 ὥστε

282 3703 380 3755 καὶ
407 3701 575 3774 ἄρτον
609 3699 901 3771 όμϐρῆσαι,
932 3701 1025 3752 καὶ
1048 3699 1238 3770 βλύσαι
1267 3699 1484 3771 ὄρνιθας
1507 3740 1521 3764 ,
1552 3699 1762 3770 τρέφων
1793 3699 1854 3752 οὑ

281 3796 401 3856 τοῖς
428 3790 748 3859 ἀναγκαίοις
779 3791 958 3861 μόνον,
995 3790 1132 3844 ἀλλὰ
1161 3793 1254 3844 καὶ
1280 3794 1391 3854 τοῖς
1412 3793 1684 3862 περιττοῖς
1703 3808 1715 3820 ·
1748 3791 1798 3843 εἰ
1828 3793 1857 3843 6

282 3881 468 3954 τεμὼν
490 3880 784 3945 θάλασσαν,
814 3881 907 3934 καὶ
933 3881 1135 3951 στήσας
1161 3880 1332 3950 ἦλιον,
1357 3880 1448 3932 καὶ
1473 3880 1712 3952 ποταμὸν
1731 3881 1857 3934 ἀνα-

285 3975 484 4044 κόψας,
517 3973 608 4026 καὶ¹
636 3972 803 4027 τᾶλλα
830 3971 893 4042 δή
927 3971 1268 4034 ὑπειπόντες,
1299 3973 1399 4026 ὅσα
1437 3973 1700 4044 πεποίηκε
1731 3973 1846 4043 (φι-

284 4069 367 4122 λεῖ
388 4067 502 4136 γάρ
532 4069 591 4120 ὲν
617 4071 728 4131 τοῖς
750 4067 1014 4129 τοιούτοις
1039 4065 1362 4138 φιλιστορεῖν
1387 4067 1496 4137 (69)
1522 4069 1554 4139 ἡ
1577 4066 1742 4138 ψυχὴ,
1767 4069 1857 4121 καὶ

288 4161 505 4224 πολλοῖς
533 4159 804 4230 θαύμασιν
859 4160 1114 4229 ἀνυμνεῖν
1167 4158 1257 4212 τὸν
1290 4159 1491 4229 Θεόν)·
1537 4152 1711 4223 οὗτος,
1768 4160 1858 4211 ἐπ-

285 4249 444 4320 ῆγον,
480 4250 576 4303 καὶ⁵
607 4251 753 4320 ἡμᾶς
765 4248 977 4319 θρέψειε
1001 4250 1235 4320 σήμερον
1249 4253 1358 4314 τοῖς
1380 4250 1480 4320 τῆς
1507 4251 1715 4322 τρυφῆς
1733 4251 1857 4312 τοὺς

287 4343 383 4412 τῆς
405 4341 688 4404 εὐσεϐείας
717 4340 827 4412 (70)
856 4339 1197 4409 ἀγωνιστάς;
1223 4341 1412 4395 Πολλοὶ
1447 4343 1542 4412 μὲν
1573 4341 1736 4412 θῆρες
1759 4341 1857 4406 τὰς

2033 2511 2137 2566 VII.
2169 2511 2457 2567 Suaviores
2510 2510 2762 2580 quasdam
2804 2508 2989 2579 epulas
3035 2508 3233 2578 egregii
3275 2523 3371 2561 vrri
3421 2521 3512 2560 ex-

1957 2605 2233 2672 optabant,
2275 2613 2331 2656 ut
2365 2603 2456 2671 qui
2493 2602 2746 2670 temporis
2770 2599 3153 2668 longinquitate
3187 2599 3508 2660 laborarent,

1957 2711 2021 2748 ac
2052 2695 2482 2750 necessariorum
2508 2693 2746 2746 ciborum
2787 2691 3060 2745 fastidium
3093 2690 3510 2745 contraxissent.

1953 2781 2059 2837 Nec
2094 2783 2292 2836 idcirco
2323 2792 2498 2835 tamen
2540 2781 2903 2835 Israelitarum
2923 2780 3259 2834 sermonibus
3289 2779 3511 2832 uteban-

1955 2884 2038 2927 tur
2067 2875 2197 2943 (n0n
2235 2875 2381 2929 enim
2428 2874 2636 2942 queruli
2672 2884 2726 2928 et
2781 2885 3211 2926 murmuratores
3251 2881 3424 2936 erant,
3455 2883 3512 2924 ut

1953 2966 2048 3030 illi,
2081 2983 2224 3032 cmn,
2255 2978 2380 3036 post
2425 2965 2600 3037 fugam
2649 2983 2714 3021 ex
2762 2966 3015 3036 Egypto,
3047 2965 3303 3019 aerumnis
3334 2964 3384 3016 in
3414 2964 3510 3017 de-

1955 3068 2098 3112 serto
2135 3057 2603 3126 premerentur”;
2643 3058 2890 3113 nimirum
2915 3056 3200 3112 solitudine
3238 3054 3512 3109 meliorem

1955 3151 2052 3206 sibi
2082 3159 2239 3221 atque
2275 3152 2641 3220 optabiliorem
2674 3150 2964 3222 Aﬂgyptum
2998 3165 3121 3204 esse
3171 3149 3295 3216 rati,
3335 3159 3392 3202 ut
3421 3150 3512 3218 qui

1954 3243 2330 3311 amplissimant
2415 3225 2638 3307 ollarum
2711 3252 2762 3296 et
2836 3241 3110 3305 carnium,
3182 3239 3516 3308 aliarumque

1953 3337 2188 3390 omnium
2223 3319 2586 3410 rerum,lquas
2620 3333 2724 3388 illic
2754 3332 3099 3402 reliquerant,
3138 3331 3344 3401 c0piam
3385 3331 3516 3400 ipsis

1953 3425 2416 3492 subministraret;
2451 3441 2552 3480 nec
2583 3425 2873 3495 enimjam,
2899 3440 3002 3494 qua
3034 3423 3301 3479 dementia
3333 3433 3516 3488 erant,

1953 3519 2133 3588 gravis
2179 3517 2310 3588 ipsis
2345 3518 2572 3571 laterum
2603 3515 2869 3570 confectio
2905 3523 2960 3570 et
3004 3515 3172 3569 lutum
3216 3527 3334 3567 esse
3372 3512 3520 3564 vide-

1957 3611 2169 3682 batur);
2201 3625 2385 3664 verum
2414 3609 2539 3676 alia,
2570 3622 2687 3677 qua:
2711 3607 2966 3675 majorem
2992 3604 3242 3673 pietatem
3269 3618 3332 3657 ac
3359 3601 3518 3656 ﬁdem

1957 3702 2290 3768 redolebant,
2337 3701 2716 3771 loquebantur.
2758 3697 2898 3764 Quid
2936 3697 3102 3760 enim,
3153 3695 3392 3759 aiebant,
3426 3693 3510 3748 lie-

1957 3791 2074 3844 rine
2101 3790 2202 3846 hoc
2231 3790 2433 3858 nequit,
2466 3799 2522 3841 ut
2553 3787 2692 3841 Deus
2727 3786 2814 3839 ille
2849 3783 3255 3849 miraculorum,
3283 3783 3372 3850 qui
3421 3797 3516 3852 pe-

1957 3883 2231 3952 regrinum
2279 3889 2334 3936 et
2386 3880 2664 3951 fugitivum
2701 3877 2950 3948 populum
2997 3877 3136 3931 adeo.
3163 3877 3307 3946 large
3341 3886 3394 3930 et
3423 3891 3516 3930 co-

1955 3975 2103 4043 piose
2132 3973 2184 4026 in
2226 3973 2440 4028 deserto
2487 3969 2700 4034 aluit“,
2728 3980 2784 4022 ut
2827 3977 2880 4024 et
2927 3982 3142 4038 panem,
3173 3977 3228 4022 et
3248 3983 3374 4023 aves
3403 3977 3522 4023 tan-

1957 4081 2114 4135 quam
2153 4079 2219 4120 ex
2251 4063 2401 4119 fonte
2428 4063 2796 4132 profunderet,
2827 4074 2932 4113 non
2957 4058 3128 4113 solum
3165 4059 3511 4122 necessariis,

1957 4158 2049 4213 sed
2087 4157 2250 4213 etiam
2292 4155 2572 4226 superfluis
2605 4153 2738 4208 cibis
2781 4166 2910 4208 eum.
2941 4152 3221 4217 nutriens;
3257 4153 3346 4220 qui
3372 4165 3523 4204 mare

1957 4250 2194 4314 scidit",
2225 4249 2356 4303 solis
2399 4263 2616 4302 cursum
2655 4247 2976 4316 compressit
2993 4245 3060 4311 ⁸⁸,
3107 4243 3326 4299 ﬂuvium
3371 4243 3514 4297 inhi-

1958 4340 2149 4404 buit",
2175 4339 2386 4410 aliaque
2441 4337 2634 4392 deinde
2671 4337 3070 4406 subjungentes,
3103 4347 3432 4404 quaecunque
3452 4333 3526 4387 ab

287 4435 397 4487 τῶν
425 4433 694 4487 πλουσίων
731 4433 1082 4502 διαφυγόντες
1104 4431 1400 4505 τραπέζας,
1445 4433 1586 4504 ἆπερ
1616 4429 1684 4503 ῆν
1726 4450 1853 4486 ποτε

1957 4447 2020 4487 eo
2068 4441 2216 4501 gesta
2262 4431 2474 4484 fuerant
2507 4429 2667 4499 (solet
2703 4428 2849 4482 enim
2900 4429 2952 4482 in
3010 4424 3312 4492 bnjusmodi
3360 4426 3519 4478 rebus

289 4526 380 4578 καὶ
409 4526 565 4595 ἡμῖν,
601 4526 712 4587 τοῖς
737 4523 887 4594 ὄρεσι
911 4523 1119 4585 τούτοις
1143 4521 1540 4592 ὲμφωλεύουσι·
1590 4523 1770 4575 πολλοὶ
1801 4523 1856 4576 δὲ

289 4615 502 4688 ὄρνιθες
526 4615 634 4668 τῶν
673 4615 952 4684 ἐδωδίμων
985 4617 1112 4678 τοὺς
1146 4612 1444 4676 ποθοῦντας
1488 4614 1634 4684 ἡμᾶς
1689 4615 1856 4684 ὑπερ-

295 4709 567 4772 ίπτανται,
595 4700 668 4760 ὧν
707 4707 759 4760 τί
790 4706 864 4778 μὴ
885 4706 1187 4778 θηράσιμόν
1218 4706 1328 4778 (71)
1347 4722 1427 4758 σοι
1449 4703 1729 4776 θελήσαντι
1757 4706 1856 4773 μό-

292 4817 413 4864 νον;
443 4799 608 4852 Ταῦτ’
635 4799 846 4868 ἔλεγον,
875 4799 968 4854 καὶ
995 4801 1028 4872 ή
1059 4799 1198 4871 θήρα
1226 4799 1424 4869 παρῆν,
1449 4797 1577 4867 ὄψον
1620 4798 1856 4868 αὑτόμα-

290 4909 402 4956 τον,
433 4890 892 4963 ἀπραγμάτευτος
945 4891 1258 4954 πανδαισία,
1293 4889 1478 4959 ἔλαφοι
1530 4888 1637 4942 τῶν
1680 4887 1856 4958 λόφων

1064 5027 1270 5083 “'ibid.
1304 5026 1388 5082 15.

290 5164 311 5197 ι
345 5161 452 5199 non
482 5158 735 5200 recusare
761 5143 1179 5206 confessionem,
1203 5158 1299 5198 nee
1325 5141 1570 5197 dubitare
1591 5145 1723 5197 mori
1759 5160 1854 5212 pro

285 5214 532 5270 veritate.
570 5213 686 5269 Non
723 5214 899 5267 minus
944 5223 1120 5268 tamen
1177 5215 1277 5268 hoc
1329 5214 1491 5267 etiam
1542 5213 1852 5282 praeclarum

287 5297 390 5344 e-zt,
440 5299 546 5337 non
583 5285 712 5338 dare
755 5298 971 5336 causam
1017 5285 1106 5336 tali
1163 5284 1468 5352 periculo...
1531 5299 1632 5336 non
1681 5285 1852 5338 solum

285 5357 430 5424 quod
463 5355 700 5410 incertus
740 5354 892 5408 nobis
928 5361 1011 5407 est
1040 5353 1155 5420 ejus
1182 5363 1435 5419 eventus;
1467 5369 1658 5424 verum,
1691 5354 1853 5408 etiam

289 5423 353 5478 ne
383 5439 544 5478 causa
579 5424 768 5488 simus,
800 5439 898 5476 cur
930 5424 1269 5478 scelestiores
1306 5425 1415 5478 sint
1457 5423 1853 5493 majoribusque

287 5494 522 5562 peccatis
544 5508 601 5549 se
630 5494 1014 5562 contaminent.
1053 5513 1074 5545 ι

360 5563 472 5634 (62)
512 5561 1043 5634 Μηχανῶνταιηυγ.
1073 5563 1126 5634 2.
1157 5563 1502 5634 μηχάνονται.

359 5633 470 5704 (ϐξ)
521 5633 886 5704 Ὑπαιθρίοις.
933 5633 1026 5704 Sic
1068 5631 1264 5699 plures
1294 5633 1482 5704 εἰσεδυ
1513 5632 1618 5687 duo
1663 5631 1848 5698 Coisl.,

287 5700 380 5756 0r.
412 5702 469 5764 2,
500 5712 606 5756 elc.
645 5702 696 5755 In
725 5705 834 5768 ed.,
869 5702 1209 5772 ὑπαιθρίους.

361 5772 471 5840 (64)
512 5772 824 5828 Γεννάδαι.
867 5773 957 5827 Sic
1007 5771 1170 5840 Ilegg.
1203 5790 1255 5839 a,
1287 5789 1332 5840 c,
1367 5775 1421 5841 d,
1462 5774 1641 5830 decem
1676 5773 1847 5838 Colb.,

294 5840 439 5898 Pass.
473 5852 524 5899 et
551 5841 659 5898 Jus.
690 5843 744 5896 In
777 5846 883 5909 etl.,
915 5842 1185 5912 γεννάδες,

353 5030 400 5062 ³⁸
433 5029 600 5084 Exod.
633 5044 743 5096 xvr,
773 5027 809 5081 2
831 5043 949 5098 sqq.

1493 5026 1535 5058 ⁸⁷
1565 5025 1730 5081 Exod.
1773 5040 1880 5088 xtv,
1906 5023 1994 5078 21.

1957 4522 2170 4575 animus
2204 4529 2414 4574 veteres
2444 4519 2695 4573 historias
2731 4517 2956 4571 libenter
3007 4514 3282 4585 persequi,
3319 4529 3382 4568 ac
3423 4514 3517 4568 Dei

1956 4609 2180 4681 gloriam
2213 4625 2278 4665 ex
2320 4609 2500 4664 multis
2553 4606 2832 4662 miraculis
2878 4605 3211 4674 celebrare);
3239 4605 3378 4660 idem
3405 4605 3524 4673 ipse

1955 4705 2118 4766 Deus,
2158 4703 2481 4767 inferebant,
2523 4717 2618 4756 nos
2657 4714 2871 4771 quoque
2917 4697 3132 4770 pietatis
3159 4697 3391 4753 athletas
3421 4697 3519 4751 ho-

1957 4797 2145 4852 dierno
2176 4795 2262 4850 die
2293 4795 2611 4849 lautioribus
2646 4792 2886 4848 obsoniis
2921 4789 3151 4861 pascat?
3181 4787 3357 4842 Multae
3392 4787 3518 4842 fera:

1957 4887 2178 4943 divitum
2209 4889 2430 4954 mensis,
2457 4885 2643 4956 quales
2673 4885 2942 4956 quondam
2969 4881 3129 4953 775
3164 4881 3316 4966 nobis
3343 4889 3516 4945 erant,

2097 5023 2144 5055 ⁸⁸
2171 5021 2283 5078 Jos.
2315 5037 2396 5088 tn,
2430 5020 2514 5076 16.
2590 5021 2635 5052 ⁸⁹
2661 5019 2771 5076 Jos.
2807 5035 2863 5084 κ,
2903 5018 2988 5072 12.

2023 5139 2136 5211 (65)
2187 5136 2532 5211 Ἐπιλκορεῖς.
2560 5134 2748 5211 Plures
2781 5134 2964 5211 codd”
2993 5133 3280 5211 διακορεῖς.

2026 5203 2137 5280 (66)
2176 5209 2336 5264 Κατὰ
2380 5203 2522 5276 τοὺς
2563 5207 2856 5280 ἐκείνους.
2901 5203 2992 5259 Sic
3038 5203 3368 5273 sex’Regg"
3397 5212 3518 5258 octo

1951 5277 2128 5344 Colb.,
2155 5291 2262 5335 etc.
2295 5281 2443 5332 Deest
2485 5277 2610 5338 τούς
2638 5277 2687 5328 itt
2711 5277 2797 5344 ed.

2021 5350 2131 5422 (67)
2150 5348 2695 5422 Ταλαιεξωροῦῖτας.
2718 5343 2906 5398 Comb.
2926 5385 2940 5407 ,
2965 5343 3512 5422 ταλαιπωρήσαντας.

2023 5413 2132 5492 (68)
2174 5420 2280 5472 Καὶ
2295 5413 2518 5492 τῶνκέ
2526 5417 2614 5473 Sic
2641 5418 2804 5492 llegg.
2830 5430 2904 5492 a,_
2927 5416 3014 5484 ph.
3050 5414 3208 5492 Deest
3237 5413 3508 5492 τῶνιιμιι.

2029 5475 2140 5562 (69)
2183 5490 2572 5562 φιλιστορεῖν.
2662 5475 2824 5541 (ὶᾶιὲι.
2867 5475 2940 5550 ’1,
3003 5482 3309 5552 πολυῖστωρ
3357 5475 3515 5534 εἶναι.

1959 5560 2078 5617 Pas.
2089 5602 2104 5623 ,
2133 5560 2575 5628 πολυϊστορεῖναι.

2029 5621 2140 5702 (70)
2184 5628 2328 5693 Τοὺς
2354 5621 2462 5696 τῆς
2492 5627 2816 5692 εὐσεϐείας.
2859 5625 2948 5680 Sic
2975 5624 3154 5694 plures
3179 5622 3334 5675 codd.
3367 5621 3521 5673 Deest

1959 5702 2055 5754 τῆς
2082 5703 2134 5753 ἱιι
2165 5703 2252 5754 ed.

1992 5720 2055 5771 ης
2083 5720 2134 5753 ιιι
2165 5720 2252 5754 eu.

2028 5769 2140 5842 (7i)
2178 5762 2289 5825 ’Ὧν
2317 5769 2372 5842 τί
2391 5769 2478 5842 μὴ
2501 5766 2844 5842 θηρᾴσιμον.
2877 5765 2964 5819 Sic
2992 5777 3175 5820 omnes
3195 5761 3344 5817 codd.
3377 5760 3518 5815 Men:-

1958 5833 2084 5896 dose
2109 5833 2160 5895 i'n
2196 5843 2302 5908 ed.,
2334 5833 2407 5893 ὧν
2430 5833 2479 5891 τί
2512 5833 2600 5910 μοι
2621 5833 2939 5908 θηράσιμον.
