4050 6298
491 298 599 353 5θῦ

1655 302 1711 358 S.
1754 301 2083 359 GREGORII
2123 300 2467 358 THEOLOGI

3619 298 3730 356 504

490 415 614 484 fuga
650 415 842 483 elapsa:
887 414 939 468 in
999 413 1082 469 his
1135 414 1403 468 montibus
1449 415 1804 481 delitescunt;
1871 418 2048 473 multa:

2164 418 2314 471 ποθὲν
2354 417 2754 489 ὐπερφανέντες
2814 417 3043 486 ἀθρόως.
3097 417 3182 480 Ὠς
3237 420 3334 489 μὲν
3377 418 3724 490 εὐμεγέθειςί

491 505 774 558 esculenta:
802 519 926 558 aves
963 519 1121 572 supra
1152 519 1270 568 nos,
1299 506 1389 575 qui
1431 519 1524 561 eas
1551 509 1876 575 expetimus,
1905 509 2042 562 voli-

495 604 645 658 tant;
675 609 900 665 quorum
937 595 1066 664 quid
1103 597 1322 650 omnino
1361 606 1462 664 est,
1487 599 1629 665 quod
1661 609 1731 659 te,
1759 601 1843 654 vel
1873 600 2048 654 solum

491 697 778 752 annuente,
818 703 919 740 non
953 687 1108 742 facile
1131 689 1244 758 rapi
1279 690 1480 758 possit?
1515 689 1637 745 llaec
1671 707 1852 745 eorum
1887 694 2049 745 verba

491 788 765 834 erantzac
812 779 986 848 prada
1041 780 1330 834 verborum
1381 796 1562 835 comes
1602 791 1738 844 erat,
1769 783 2052 836 obsonium

491 869 633 922 ultro
673 867 934 930 oblatum,
969 871 1271 923 convivium
1309 870 1454 923 nullo
1485 871 1665 925 labore
1705 871 2049 932 instructum,

493 961 635 1014 cervi
665 975 694 1014 e
723 961 940 1014 tumulis
965 969 1184 1028 repente
1231 971 1570 1030 apparentes.
1605 962 1774 1028 Quam
1811 963 2046 1030 proceri!

493 1053 661 1117 Quam
714 1053 964 1121 pingues!
1009 1051 1176 1118 Quam
1218 1053 1282 1105 ad
1319 1055 1519 1107 caedem
1571 1054 1799 1122 prdmpti
1835 1064 1889 1107 et
1938 1055 2049 1106 ala-

492 1145 638 1198 t-res!
665 1143 1056 1214 Pmpemodum
1099 1157 1190 1197 eos
1220 1144 1542 1211 conjiceres,
1578 1145 1718 1213 quod
1755 1159 1858 1196 non
1889 1144 2048 1197 cilius

492 1235 662 1287 vocati
691 1242 892 1298 essent,
919 1234 1140 1289 moleste
1175 1234 1338 1290 ferre.
1379 1235 1452 1288 Illi
1493 1235 1721 1303 capitum
1761 1243 1893 1287 nutu
1936 1232 2052 1286 alli-

2153 507 2228 568 ὡς
2255 507 2311 560 δὲ
2337 507 2542 569 πίονεςῐ
2576 507 2650 570 ὡς
2684 506 2739 558 δὲ
2780 507 3044 576 πρόθυμοι
3074 505 3209 576 πρὸς
3241 508 3452 575 σφαγήν
3479 508 3492 559 !
3519 509 3731 560 Μονον-

2155 599 2276 669 ουχὶ
2335 599 2428 651 καὶ
2476 598 2634 650 τοῦτο
2681 598 2916 661 εἰκάζειν
2966 593 3032 667 ἦν
3061 637 3075 660 ,
3123 599 3205 650 ὅτι
3261 598 3334 668 μὴ
3373 599 3486 668 (7‘2)
3536 599 3726 667 τάχιον

2158 689 2482 760 ἐκλήθησαν,
2518 689 2912 758 ἐδυσχέραινον.
2947 691 3007 741 Οί
3045 687 3142 758 μὲν
3171 682 3350 740 εἷλκον
3382 691 3494 750 τοῖς
3525 689 3729 758 νεύμα-

2162 797 2264 844 σιν,
2296 782 2344 832 οί
2369 781 2423 832 δὲ
2444 782 2655 850 ἤγοντο.
2704 781 2860 842 Τίνος
2909 779 3193 842 διώκοντος
3227 780 3259 850 ἦ
3295 780 3726 846 συναναγκάζον·

2158 886 2278 934 τος;
2315 869 2561 933 Οὐδενός.
2621 871 2794 922 Τίνων
2846 869 3092 934 ίππέων;
3138 869 3314 922 Ποίων
3357 869 3467 940 (73)
3513 870 3724 935 κυνῶν;

2157 961 2312 1023 Τίνος
2349 960 2574 1030 ὑλακῆς,
2601 962 2632 1030 ἢ
2655 962 2919 1033 κραυγῆς,
2951 959 2983 1030 ῆ
3030 960 3163 1013 νέων
3208 960 3730 1030 προκαταλαϐόντων

2157 1050 2254 1112 τὰς
2280 1050 2542 1114 διεξόδους
2571 1055 2684 1114 τοῖς
2715 1051 2883 1122 θήρας
2913 1052 3130 1122 νόμοις;
3177 1049 3356 1121 Εὐχῆς
3393 1051 3598 1122 δέσμιοι
3633 1052 3730 1104 καὶ

2155 1141 2364 1204 δικαίας
2386 1143 2672 1212 αἰτήσεως.
2700 1143 2794 1205 Τίς
2812 1142 2951 1210 ἔγνω
2971 1140 3210 1195 τοιοῦτον
3231 1142 3450 1214 θήραμα
3472 1143 3578 1196 τῶν
3604 1142 3725 1208 νῦν,

2157 1233 2190 1303 ἢ
2220 1233 2327 1286 τῶν
2353 1233 2571 1286 πώποτε
2587 1251 2601 1297 ;

494 1326 726 1389 ciebant,
767 1327 818 1380 hi
851 1328 1230 1396 sequebantur.
1294 1327 1407 1393 Quo
1455 1328 1776 1390 insectante,
1841 1335 1894 1380 et
1932 1325 2190 1395 cegente?
2229 1325 2471 1382 Nemiue.
2515 1327 2719 1391 Quibus
2787 1327 2980 1396 equis?
3021 1326 3224 1394 Quibus
3285 1327 3545 1381 canibus?
3607 1328 3727 1396 Quo

493 1420 711 1482 latratu,
755 1431 845 1474 aut
893 1421 1144 1483 clamore.
1175 1431 1262 1473 aut
1309 1421 1556 1491 iuvenum
1619 1419 1820 1485 studio,
1885 1417 2090 1471 viarum
2131 1418 2326 1482 exitus,
2400 1428 2455 1471 ut
2507 1417 2804 1472 venationis
2849 1417 2990 1486 leges
3045 1417 3246 1481 ferunt,
3297 1419 3728 1488 occupantium?

494 1512 764 1566 Orationis
812 1522 1016 1566 tantum
1058 1512 1322 1581 justmque
1372 1510 1644 1580 petitionis
1685 1507 1896 1563 vinculo
1929 1509 2225 1562 constricti.
2296 1507 2452 1574 Quis,
2519 1508 2600 1562 vel
2631 1518 2838 1574 nostra,
2902 1507 2984 1562 vel
3031 1509 3288 1571 omnium,
3355 1511 3445 1577 qui
3483 1526 3723 1580 unquam

495 1608 729 1672 fuerunt,
772 1609 1054 1671 memoria,
1111 1607 1266 1660 talem
1307 1606 1640 1660 venationem
1703 1621 1766 1660 ac
1818 1605 2047 1674 praedam
2087 1603 2378 1671 cognovit?

566 1695 697 1752 Vlll.
727 1697 768 1753 Ο
799 1715 906 1752 rem
932 1697 1298 1752 admirandam
1323 1698 1336 1749 !
1375 1695 1476 1765 Ipsi
1509 1696 1700 1764 praeda:
1729 1710 1838 1750 sua:
1868 1695 2053 1750 arbitri

2230 1691 2309 1746 H'.
2345 1693 2408 1744 Ὢ
2439 1692 2530 1745 τοῦ
2556 1691 2829 1764 θαύματος
2855 1692 2866 1744 !
2895 1692 3057 1744 Αὐτοὶ
3084 1691 3177 1745 τοῦ
3225 1692 3538 1763 θηράματος
3583 1689 3730 1765 ἦσαν

495 1801 669 1846 erant.
694 1790 958 1856 Quidquid
997 1789 1260 1858 placebat,
1287 1788 1556 1842 voluntate
1603 1797 1809 1841 tantum
1842 1788 2058 1842 teneba-

498 1894 616 1946 tur;
655 1879 794 1948 quod
829 1886 1123 1946 supererat,
1177 1878 1242 1931 ad
1284 1878 1446 1932 silvas
1485 1879 1536 1931 in
1583 1878 1872 1931 secundam
1908 1892 2060 1932 men-

497 1985 612 2024 sam
644 1967 998 2037 relegabatur.
1033 1966 1202 2034 Coqui
1235 1967 1646 2035 extemporales,
1678 1982 1832 2022 omna
1865 1968 2056 2036 exqui-

497 2063 622 2124 sita,
653 2059 890 2114 convivae
933 2058 1092 2126 grati,
1144 2073 1380 2127 prasens
1426 2057 1742 2113 miraculum
1805 2066 2058 2126 tanquam

497 2153 806 2222 praaludium
853 2150 1122 2220 quoddam
1168 2165 1345 2203 rerum
1398 2150 1450 2202 in
1500 2163 1595 2218 spe
1633 2149 1930 2218 positarum
1965 2149 2060 2204 ba-

496 2245 704 2296 bentes.
755 2242 833 2294 Ex
875 2255 982 2309 quo
1039 2241 1200 2294 etiam
1244 2240 1310 2293 ad
1352 2253 1470 2294 eam
1515 2238 1942 2307 dimicationem,
1990 2241 2059 2295 ob

497 2353 654 2405 quam
689 2336 802 2390 lucc
841 2333 946 2386 illis
981 2342 1177 2402 praesto
1219 2339 1392 2392 erant,
1433 2331 1726 2385 alacriores
1759 2329 2061 2384 reddeban-

501 2441 604 2480 tur.
640 2428 714 2479 Ac.
750 2427 876 2480 talia
923 2426 1136 2494 quidem
1186 2434 1328 2483 sunt.
1355 2439 1474 2491 quae
1510 2425 1779 2477 narranda
1810 2438 2058 2492 suscepe-

499 2536 634 2574 rant.
665 2517 744 2571 Tu
782 2531 909 2570 vero
945 2517 1140 2569 Dianas
1179 2525 1318 2578 tuas,
1367 2525 1421 2570 et
1470 2513 1716 2581 Oriones,
1758 2525 1813 2570 et
1859 2516 2062 2571 Actaeo-

503 2629 618 2674 nes,
660 2609 900 2664 infelices
954 2609 1072 2664 illos
1119 2619 1422 2675 venatores,
1458 2609 1585 2661 mihi
1627 2624 1821 2669 narra;
1857 2619 1932 2674 tu,
1978 2609 2062 2663 iu-

503 2719 689 2773 quam,
727 2702 816 2771 qui
864 2716 948 2754 me
984 2700 1344 2770 persequeris,
1389 2698 1700 2770 fabulasque
1754 2701 2058 2766 admiraris,

504 2810 568 2850 ac
604 2807 814 2848 cervam
860 2791 1052 2862 virgini
1098 2790 1480 2856 substitutam;
1511 2791 1555 2844 si
1599 2791 1726 2858 quid
1761 2801 1966 2844 tantum
1994 2793 2062 2846 ad

503 2885 716 2940 laudem
745 2895 800 2940 et
827 2885 1049 2954 gloriam
1086 2883 1178 2937 tibi
1221 2882 1474 2951 suppetit,
1509 2892 1567 2936 ut
1604 2883 1820 2937 interim
1873 2898 2062 2936 narra-

508 2979 705 3031 tionem
738 2979 874 3030 hanc
907 2975 1126 3030 minime
1157 2974 1454 3028 fabulosam
1487 2989 1608 3028 esse
1623 2973 1905 3028 donemus.
1933 2973 2062 3039 Quae

2158 1785 2371 1854 ταμίαι.
2425 1785 2586 1838 Ὅσον
2626 1785 2797 1854 φίλον,
2851 1785 3027 1854 εἴχετο
3074 1784 3340 1856 θελήμασι
3370 1787 3482 1856 (74)
3524 1788 3724 1858 μόνον·

2159 1875 2279 1928 ὅσον
2314 1876 2584 1946 περιττὸν,
2614 1875 2944 1948 ἀπεπέμφθη
2971 1881 3092 1940 ταῖς
3117 1877 3344 1948 λόχμαις
3365 1880 3443 1941 είς
3469 1878 3728 1949 δευτέραν

2158 1965 2458 2038 τράπεζαν.
2499 1967 2561 2020 Οἱ
2623 1966 2868 2035 ὀψοποιοὶ
2917 1968 3134 2036 σχέδιοι,
3189 1968 3251 2020 τὸ
3277 1968 3487 2022 δεῖπνον
3525 1970 3730 2040 εὐπρε-

2161 2057 2258 2118 πὲς
2277 2056 2412 2127 (75),
2447 2059 2494 2110 oi
2523 2056 2672 2111 δαιτύ
2681 2059 2838 2129 μονες
2859 2058 3186 2129 εὐχάριστοι,
3211 2059 3490 2130 προοίμιον
3515 2061 3732 2132 ἔχοντες

2159 2148 2258 2220 ἤδη
2292 2148 2402 2201 τῶν
2437 2147 2826 2219 ἐλπιζομένων,
2860 2150 2920 2203 τὸ
2968 2151 3141 2222 παρὸν
3175 2150 3378 2222 θαῦμα.
3425 2150 3513 2216 Ἐξ
3543 2146 3604 2204 οὖ
3629 2153 3733 2206 καὶ

2161 2239 2294 2309 πρὸς
2331 2239 2430 2312 τὴν
2451 2240 2695 2311 ἄθλησιν,
2719 2241 2856 2314 ὑπὲρ
2878 2237 2944 2314 ἦς
2976 2242 3146 2296 ταῦτα
3167 2237 3234 2314 ἥν
3262 2243 3461 2306 αὐτοῖς,
3489 2243 3737 2312 ἐγίνοντο

2161 2331 2575 2404 προθυμότεροι.
2601 2332 2838 2387 Τοιαῦτα
2859 2334 2926 2387 τὰ
2949 2336 3057 2405 ὲμὰ
3082 2334 3415 2405 διηγήματα.
3450 2335 3520 2388 Σύ
3547 2335 3604 2389 δέ
3635 2352 3736 2406 μοι

2161 2423 2284 2491 λέγε
2313 2423 2410 2487 τὰς
2436 2423 2832 2495 Ἐλαφηϐόλους
2866 2425 2974 2495 (76)
2997 2443 3110 2491 σου,
3147 2428 3243 2480 καὶ
3285 2428 3409 2487 τοὺς
3447 2427 3733 2498 Ὠρίωνας,

2162 2521 2255 2574 κα)¹
2286 2522 2406 2584 τοὺς
2453 2522 2802 2585 Ἀκταίωνας,
2837 2524 2961 2585 τοὺς
2995 2523 3390 2594 κακοδαίμονας
3438 2522 3732 2594 θηρευτὰς,

2161 2615 2189 2666 ὁ
2217 2614 2346 2682 ἐμὸς
2398 2612 2652 2685 διώκτης,
2683 2616 2711 2666 ὁ
2741 2615 2866 2678 τοὺς
2926 2613 3127 2685 μύθους
3161 2613 3472 2685 θαυμάζων,
3514 2615 3607 2667 καὶ
3630 2614 3735 2684 τὴν

2161 2705 2524 2758 ἀντιδοθεῖσαν
2555 2704 2750 2774 ἔλαφον
2777 2707 2874 2775 τῆς
2909 2705 3177 2776 παρθένου
3210 2705 3342 2774 (77),
3379 2705 3431 2758 εί
3457 2722 3510 2757 τι
3537 2704 3734 2758 τοσοῦ-

2160 2813 2249 2849 τον
2304 2799 2384 2860 είς
2438 2795 2748 2866 φιλοτιμίαν
2784 2795 2899 2850 ἔστι
2959 2814 3059 2860 σοι,
3094 2797 3197 2851 κᾶν
3225 2796 3404 2867 δῶμεν
3456 2797 3529 2869 μὴ
3562 2796 3736 2867 μῦθον

2162 2885 2298 2942 εἶναι
2322 2888 2384 2940 τὸ
2407 2888 2783 2959 ἱστορούμενον
2813 2889 2946 2956 (78).
2984 2889 3071 2950 Ὠς
3089 2888 3156 2942 τὰ
3179 2905 3242 2956 γε
3270 2888 3395 2958 ἑξῆς
3423 2887 3514 2940 τοῦ
3544 2886 3730 2956 λόγου,

2163 2980 2255 3031 καὶ
2280 2978 2397 3031 λίαν
2422 2980 2642 3050 αἰσχρά.
2673 2980 2737 3031 Τί
2776 2980 2882 3050 γὰρ
2906 2979 3095 3049 ὄφελος
3135 2979 3233 3049 τῆς
3265 2980 3582 3045 ἀντιδόσεως
3609 3022 3622 3046 ,
3675 2984 3728 3034 εἰ

503 3068 756 3135 deinceps
790 3073 1109 3136 sequuntur,
1140 3078 1300 3132 quam
1346 3064 1517 3132 turpia
1541 3053 1715 3117 sunt!
1750 3063 1881 3130 Quae
1917 3063 2060 3117 enim

2168 3072 2326 3136 σώζει
2357 3072 2642 3142 παρθένον,
2673 3073 2758 3125 ἵνα
2797 3071 3120 3136 ξενοκτονεῖν
3169 3072 3407 3144 διδαχθῇ,
3443 3072 3735 3145 ἀπανθρω-

505 3161 664 3225 huius
691 3158 1126 3214 commutationis
1177 3157 1398 3221 utilitas,
1434 3157 1476 3210 si
1518 3171 1578 3211 ea
1609 3162 1674 3212 de
1705 3171 1865 3211 causa
1900 3157 2066 3224 virgi-

505 3269 625 3308 nem
653 3268 682 3307 e
708 3251 942 3322 periculo
973 3249 1243 3312 extrahat,
1277 3257 1334 3301 ut
1363 3249 1664 3317 hospitibus
1690 3263 1876 3302 necem
1903 3246 2064 3300 alier-

505 3362 564 3399 re
593 3345 868 3408 doceatur,
898 3351 952 3395 et
985 3340 1431 3394 inhumanitatem
1466 3353 1562 3407 pro
1590 3339 1928 3392 humanitate
1973 3353 2062 3392 re-

505 3438 741 3505 pendere
767 3431 1087 3488 condiscat?
1116 3433 1290 3498 Atque
1346 3430 1448 3483 hoc
1477 3429 1754 3492 hactenus,
1787 3443 1850 3482 ex
1887 3429 2066 3483 multis

506 3544 689 3592 ιιιιιιιιι,
715 3542 776 3581 ac
806 3541 903 3594 pro
941 3524 1145 3586 multis,
1186 3537 1300 3576 mea
1342 3520 1556 3591 quidem
1599 3521 1882 3575 sententia.
1912 3519 2064 3586 Quod

505 3623 668 3675 etiam
705 3620 878 3688 ipsum
936 3631 1038 3670 non
1075 3632 1142 3669 eo
1169 3615 1604 3676 commemoravi,
1637 3622 1696 3667 ut
1716 3613 1764 3667 ei
1795 3613 2063 3667 cumulum

507 3714 738 3781 aliquem
786 3709 968 3779 gloria:
1011 3706 1229 3760 all'eram
1262 3704 1406 3774 (nam
1440 3720 1536 3758 nec
1572 3719 1721 3758 mare
1750 3703 1948 3767 ﬂuviis,
1972 3703 2062 3772 qui

508 3805 560 3857 iu
590 3804 760 3868 ipsum
789 3797 1033 3860 inﬂuunt,
1069 3811 1202 3864 opus
1248 3795 1425 3858 habet,
1457 3794 1668 3848 etiamsi
1699 3793 1916 3862 plurimi
1948 3809 2063 3846 ma-

508 3893 748 3959 )iitttiqttq
801 3887 1194 3942 inﬂuantzncc
1252 3887 1319 3950 is,
1381 3902 1538 3954 quem
1591 3901 1730 3939 nunc
1764 3885 2063 3952 laudamus,

512 3983 620 4046 his,
650 3998 738 4051 qut
769 3982 833 4035 ad
869 3982 1036 4051 ipsius
1061 3979 1365 4035 encomium
1407 3978 1607 4046 aliquid
1664 3976 1943 4047 erogeut);
1977 3992 2066 4030 ve-

508 4092 648 4139 rum,
708 4085 764 4128 ut
817 4074 1114 4136 ostendam,
1171 4071 1364 4139 quibus
1415 4068 1503 4123 ille
1553 4079 1702 4122 ortus
1753 4069 2066 4138 majoribus,

515 4167 677 4237 776
707 4167 756 4218 in
797 4180 928 4234 quos
963 4165 1107 4217 velut
1156 4163 1207 4216 in
1243 4159 1516 4228 exemplar
1554 4159 1870 4227 respiciens,
1903 4175 2068 4228 quan-

514 4269 569 4311 to
618 4257 826 4327 longius
855 4255 1120 4326 jaculatus
1165 4255 1253 4308 sit.
1313 4249 1444 4305 Nam
1477 4250 1522 4304 si
1553 4250 1672 4304 aliis
1710 4266 1959 4320 maguum
1990 4260 2072 4304 est

2170 3164 2297 3216 πίαν
2339 3163 2582 3233 μαθοῦσα
2628 3163 3035 3235 φιλανθρωπίας
3080 3165 3377 3228 ἀντίδοσινς
3421 3166 3588 3219 Τοῦτο
3627 3166 3733 3236 μὲν

2163 3249 2256 3304 οὖν
2287 3250 2538 3305 τοσοῦτον
2563 3253 2626 3305 ὲκ
2656 3252 2864 3305 πολλῶν
2903 3252 2980 3315 ἓν,
3009 3255 3102 3306 καὶ
3138 3254 3256 3306 ἀντὶ
3307 3253 3534 3317 πολλῶν,
3569 3254 3643 3318 ὡς
3695 3258 3730 3308 ὁ

2163 3343 2292 3413 ἐμὸς
2326 3343 2436 3411 (79)
2467 3343 2642 3410 λόγος.
2685 3344 2788 3396 Καὶ
2811 3343 2968 3396 τοῦτο
3009 3343 3216 3414 διῆλθον
3241 3384 3256 3408 ,
3291 3345 3388 3415 οὐχ
3420 3346 3484 3398 ἵν’
3534 3347 3732 3417 ὲκείνῳ

2165 3432 2384 3504 προσθῶ
2407 3451 2458 3485 τι
2487 3433 2585 3503 τῆς
2633 3432 2874 3498 εὐδοξίας
2931 3433 3075 3504 (οὐτε
3127 3435 3234 3507 γὰρ
3273 3434 3515 3490 θάλασσα
3563 3436 3741 3490 δεῖται

2163 3523 2269 3574 τῶν
2300 3523 2617 3594 εἰσρεόντων
2649 3526 2727 3587 είς
2755 3525 2924 3595 αὐτὴν
2977 3526 3268 3596 ποταμῶν,
3314 3525 3415 3580 κᾶν
3451 3527 3738 3596 εἰσρέωσιν

2166 3616 2246 3667 ὅτι
2287 3615 2526 3668 πλεῖστοι
2563 3617 2658 3669 καὶ
2693 3616 2960 3686 μέγιστοι,
2992 3616 3115 3670 οὐτε
3157 3617 3264 3670 τῶν
3307 3618 3642 3671 είσοισόντων
3679 3636 3738 3671 τι

2165 3706 2301 3775 πρὸς
2333 3707 2627 3777 εὐφημίαν,
2653 3707 2792 3762 ὁνῦν
2822 3708 3225 3779 ἐπαινούμενος)
3249 3725 3262 3738 ·
3295 3709 3408 3762 ἀλλ’
3439 3710 3502 3761 ἵν’
3534 3710 3738 3763 ἐπιδεί-

2165 3797 2340 3868 ξαιμι,
2369 3799 2495 3853 οἵων
2525 3800 2637 3870 (80)
2667 3801 2814 3870 αὐτῷ
2841 3801 2947 3853 τῶν
2977 3801 3211 3872 ὲξαρχῆς
3239 3802 3616 3872 ὑπαρχόντων,
3640 3803 3740 3856 καὶ

2172 3889 2308 3960 πρὸς
2335 3889 2363 3942 ὃ
2393 3891 2736 3962 παράδειγμα
2767 3892 2998 3963 βλέπων.
3019 3895 3140 3946 ὅσον
3171 3895 3738 3965 ὐπερηκόντισενβι).

2173 3979 2235 4031 El
2265 3981 2372 4051 γὰρ
2401 3981 2540 4051 μέγα
2565 3985 2676 4045 τοῖς
2709 3981 2885 4046 ἄλλοις
2909 3983 2968 4034 τὸ
2998 3983 3322 4055 προσλαϐεῖν
3357 4002 3410 4038 τι
3441 3984 3593 4056 παρὰ
3629 3985 3740 4037 τῶν

2170 4071 2376 4126 ἄνωθεν
2409 4074 2488 4136 είς
2517 4073 2854 4145 φιλοτιμίαν,
2914 4074 3094 4146 μεῖζον
3124 4075 3315 4147 ἐκείνῳ
3370 4078 3430 4129 τὸ
3482 4075 3739 4146 προσθεῖ-

2175 4177 2260 4212 ναι
2295 4161 2404 4230 (82)
2433 4164 2542 4226 τοῖς
2566 4163 2677 4216 ἄνω
2701 4165 2828 4238 παρ’
2865 4165 3077 4231 ἑαυτοῦ,
3128 4164 3375 4237 καθάπερ
3403 4164 3510 4236 (85)
3541 4166 3735 4236 ῥεύμα-

2174 4270 2264 4316 τος
2307 4256 2709 4326 ἀνατρέχοντος.

510 4349 709 4418 aliquid
761 4364 788 4401 a
841 4349 1131 4416 majoribus
1178 4345 1243 4399 ad
1282 4344 1510 4413 gloriam
1557 4343 1853 4412 accepisse,
1895 4343 2066 4413 majus
2105 4345 2346 4414 profecto
2376 4347 2476 4416 ipsi
2552 4359 2637 4403 est
2665 4347 2956 4416 majoribus
2985 4350 3096 4404 suis
3132 4349 3308 4404 laudis
3372 4348 3640 4404 cumulum
3666 4362 3735 4401 ex

510 4467 568 4505 se
599 4451 885 4520 adiecisse,
921 4450 1068 4504 velut
1091 4450 1254 4502 ﬂuctu
1291 4445 1684 4514 reciprocante.

579 4540 672 4598 lx.
712 4542 1030 4612 Quanquam
1058 4554 1234 4598 autem
1273 4546 1508 4616 conjugii
1538 4553 1825 4615 parentum
1876 4543 2061 4612 ipsius,

2240 4543 2311 4596 9’.
2347 4543 2458 4612 Τῆς
2483 4542 2538 4594 δὲ
2568 4542 2676 4594 τῶν
2705 4543 2954 4613 πατέριον
2979 4541 3257 4608 συζυγίας,
3287 4540 3385 4610 οὐχ
3411 4535 3574 4609 ἦττον
3593 4536 3738 4590 κατὰ

508 4637 650 4703 quod
697 4652 803 4689 non
851 4637 1027 4690 minus
1072 4637 1321 4700 virtutis,
1370 4652 1528 4706 quam
1577 4649 1863 4704 corporum
1913 4643 2068 4700 erat,

582 4770 693 4840 (72)
733 4770 860 4821 Ὅτι
893 4769 994 4837 μή.
1024 4769 1153 4839 Reg.
1184 4771 1273 4837 ph,
1308 4771 1387 4822 ὅτι
1419 4772 1466 4822 εί
1494 4773 1586 4842 μή.
1624 4771 1690 4824 Et
1718 4773 1768 4823 in
1797 4767 1888 4824 0r.
1920 4769 1976 4834 2,
2001 4770 2077 4832 ὡς

511 4843 560 4894 εί
590 4843 683 4894 μή.

584 4842 696 4978 δὲ)
735 4910 946 4963 Ποίων.
972 4909 1026 4962 ln
1053 4908 1339 4971 nonnullis,
1367 4910 1548 4962 τίνων.

584 4980 694 5049 (74)
737 4979 1056 5048 Gallinam.
1092 4981 1255 5049 llegg.
1297 4995 1350 5041 a,
1384 4995 1432 5042 c,
1483 4981 1535 5041 tl,
1575 4977 1739 5032 Coisl.
1790 4979 1842 5044 1,
1888 4978 1980 5034 Or.
2021 4982 2075 5045 2,

513 5060 641 5104 clc..
668 5048 944 5118 θελήσασι.

587 5119 698 5186 (75)
740 5117 1066 5186 Εῠπρεπές.
1113 5119 1278 5188 Regg.
1312 5119 1418 5188 «κά
1469 5130 1522 5172 et
1565 5119 1746 5172 decem
1783 5117 1952 5182 Colb.,
1990 5119 2079 5171 εὐ-

513 5190 732 5259 τρεπές,
769 5208 786 5238 ι
818 5200 1023 5252 parata.
1060 5209 1078 5241 ι
1113 5187 1354 5255 ὃὶοίιιιείι
1381 5187 1584 5243 Billius.

586 5259 697 5328 (76)
750 5261 1214 5327 ‘Elagaqb’dwvc.
1254 5278 1272 5311 ι
1310 5261 1522 5313 Dianas.
1561 5278 1580 5310 ι
1623 5256 1772 5311 Dicta
1802 5269 1883 5313 est
1928 5259 2078 5313 Ἐλα-

515 5329 746 5399 φηϐὀλος
777 5331 961 5391 Diana,
992 5332 1142 5398 quasi
1180 5345 1368 5384 cervos
1410 5330 1768 5399 sciterﬁgens,
1805 5341 1896 5381 aut
1926 5340 2076 5385 certo

515 5398 622 5453 ictu
649 5401 866 5454 feriens.
901 5400 1022 5453 Haec
1043 5402 1225 5454 Orioni
1257 5408 1310 5454 et
1332 5398 1567 5453 Actasoni
1601 5400 1758 5461 irata,
1792 5399 2016 5454 alterum
2045 5417 2074 5453 a

516 5471 794 5537 scorpione
843 5470 1266 5539 percutiendum,
1306 5469 1531 5523 alterum
1566 5468 1790 5523 suismet
1831 5473 2076 5527 manibus

516 5541 912 5593 dilacerandum
934 5541 1148 5606 objecit.

585 5610 696 5676 (Ti)
741 5609 1168 5664 Ἀντιδοθεῐσιιν
1182 5610 1411 5679 ἔλαφον
1426 5609 1534 5677 τῆς
1554 5610 1866 5678 παρθένου.
1898 5628 1915 5660 ι
1944 5610 2081 5663 Sub-

516 5681 757 5732 stitutam
804 5681 994 5749 virgini
1031 5698 1262 5734 cervam.
1299 5701 1315 5730 ι
1349 5681 1612 5749 Iphigenia
1663 5681 2080 5749 Agamemnonis

519 5750 647 5813 lilia,
684 5767 802 5804 cum
831 5752 1006 5805 Diana:
1046 5755 1096 5806 in
1140 5752 1460 5806 sacriﬁcium
1495 5761 1640 5804 esset
1675 5751 1875 5816 oblata,
1913 5749 2076 5803 Diana

2176 4633 2236 4686 τὸ
2258 4634 2351 4704 τῆς
2372 4634 2570 4704 ἀρετῆς
2593 4633 2868 4704 ὁμότιμον,
2892 4632 2924 4703 ἢ
2956 4633 3049 4686 καὶ
3079 4634 3147 4686 τὰ
3168 4630 3391 4702 σώματα
3409 4629 3542 4702 (84),
3568 4628 3742 4682 πολλό

2186 4769 2530 4840 miseratione
2609 4779 2873 4840 permota,
2941 4766 3106 4836 ipsius
3159 4763 3277 4840 loco
3323 4775 3550 4840 Acervam
3607 4759 3740 4840 sub-

2175 4839 2368 4894 stituit.
2418 4839 2548 4904 Quaa
2596 4831 2777 4900 postea
2821 4831 3000 4892 Diana:
3030 4831 3481 4904 sacerdosrl'acta,
3518 4831 3738 4904 hOSpiti-

2177 4911 2275 4962 bus
2304 4900 2493 4963 manus
2525 4907 2744 4973 inferre,
2772 4908 3126 4976 hominesque
3152 4904 3250 4972 ipsi
3295 4901 3574 4956 immolare
3606 4900 3738 4954 didi-

2180 4990 2271 5032 Cll.

2245 5047 2357 5115 (78)
2402 5048 2470 5100 Τὸ
2504 5048 2947 5114 ἱστορούμενον.
3006 5045 3096 5100 Sic
3127 5044 3286 5112 Regg.
3340 5054 3390 5104 a,
3435 5053 3483 5102 c,
3525 5037 3581 5102 d,
3631 5038 3737 5103 bm,

2174 5118 2242 5187 ph
2274 5133 2317 5170 et
2349 5119 2496 5171 Pass.
2536 5118 2687 5170 Deest
2721 5117 2778 5168 τό
2809 5121 2860 5170 ἱιι
2889 5117 2973 5171 ed.

2248 5188 2372 5258 (79),
2409 5188 2460 5239 Ὀ
2493 5187 2652 5256 ἐμός.
2678 5187 2768 5240 Sic
2805 5188 2973 5258 Regg.
3003 5201 3054 5250 a,
3085 5198 3134 5248 e,
3159 5183 3215 5246 d,
3239 5181 3352 5245 bm,
3381 5182 3470 5249 ph,
3505 5179 3599 5233 0r.
3629 5177 3666 5232 2
3687 5187 3733 5232 et

2171 5257 2323 5312 Pass.
2359 5257 2513 5310 Deest
2541 5260 2568 5310 ὁ
2602 5263 2653 5311 ltt
2679 5259 2761 5310 etl.

2248 5330 2360 5398 (80)
2404 5329 2574 5390 Οῖων,
2629 5326 2895 5398 εἱανΒΞΗ.
2941 5341 3013 5398 :7:
3053 5324 3244 5398 quibus
3296 5319 3628 5398 ornamentis
3675 5319 3733 5398 al

2177 5391 2636 5465 iniiio'prmditus,
2667 5409 2721 5450 et
2752 5397 2802 5450 in
2834 5397 2974 5465 quod
3003 5391 3275 5460 exemplar
3302 5391 3534 5465 intuens.
3576 5408 3594 5440 ι
3636 5397 3736 5442 etc.

2246 5460 2376 5538 (Mf
2405 5460 2907 5535 Ὑπερηκόντισεὶμ.
3052 5466 3106 5526 ‘2,
3132 5460 3552 5538 drispxév'rqcsv.

2245 5533 2356 5608 (82')
2397 5533 2770 5604 Προὰυεῐναι.
2803 5545 2892 5590 Ur.
2912 5536 2976 5608 2,
3009 5533 3328 5608 προσθῇναι.

2247 5603 2356 5677 (85)
2397 5603 2691 5675 Reddat-:1).
2727 5609 2777 5660 In
2815 5603 3152 5677 quibusdam,
3179 5603 3274 5664 ὡς.

2251 5665 2365 5746 (84)
2410 5679 2486 5731 "Il
2534 5665 2647 5731 καῖ’
2669 5677 2738 5731 τὰ
2776 5665 3038 5746 adipata.
3083 5665 3147 5728 In
3189 5670 3476 5737 nonnullis,
3532 5667 3566 5740 ἦ
3605 5665 3731 5722 κατό

2179 5766 2255 5800 σω
2263 5765 2424 5816 ματα.
