4050 6298
261 349 368 406 505

1085 355 1342 412 ORATIO
1383 355 1560 412 XLIII.
1603 389 1672 402 ι-
1705 359 1772 413 IN
1813 359 2092 416 LAUDEM
2135 359 2374 416 BASILII
2415 361 2649 418 MAGNI.

3394 361 3497 418 506

265 467 366 536 μὲν
417 466 510 518 καὶ
548 465 682 520 ἄλλα
723 467 1079 541 γνωρίσματα
1104 511 1119 533 ,
1177 473 1602 544 πτωχοτροφίαι,
1637 473 1838 538 ξενοδο-

1945 475 2108 528 nmlta
2153 491 2363 544 quoque
2403 479 2503 529 alia
2548 474 2774 545 insignia
2805 483 2948 536 sunt,
2984 473 3258 536 nimirum,
3292 489 3498 542 paupe-

261 557 398 628 χίαι,
429 559 609 630 ψυχῆς
642 560 906 632 κάθαρσις
925 561 984 627 ἐξ
1013 564 1338 634 ἐγκρατείας
1365 606 1380 628 ,
1406 565 1679 636 ἀπόμοιρα
1704 568 1835 637 κτή-

264 666 401 713 σεως
447 650 566 722 Θεῷ
596 651 1022 724 καθιερωθείσης
1060 655 1325 726 (πρᾶγμα
1347 654 1498 708 οὔπω
1534 655 1652 708 τότε
1703 657 1835 710 πολ-

259 744 373 806 λοῖς
407 743 866 815 σπουδαζόμενον,
895 743 1082 817 ὥσπερ
1113 747 1210 800 νῦν
1233 747 1464 819 αὐξηθέν
1479 767 1538 801 τε
1565 751 1658 803 καὶ
1681 768 1836 820 τιμη-

259 833 351 886 θὲν
385 835 449 887 ἐκ
473 834 582 889 τῶν
616 835 848 907 πρώτων
873 836 1282 908 ὑποδειγμάτων
1315 837 1428 910 [85]
1444 842 1484 910 ),
1510 840 1580 893 τά
1598 857 1656 893 τε
1679 840 1832 906 ἄλλα,

256 929 357 980 ὅσα
383 928 570 998 Πόντῳ
605 929 714 997 (86)
748 931 840 983 καὶ
866 931 1262 996 Καππαδόκαις
1309 934 1690 1004 μερισαμένοις
1738 934 1835 1005 ἧρ-

257 1035 388 1071 κεσε
419 1019 630 1072 πολλῶν
659 1021 900 1092 πληροῦν
924 1023 1092 1086 ἀκοάς
1121 1040 1134 1052 ·
1175 1024 1299 1094 ἐμοὶ
1327 1024 1383 1077 δὲ
1409 1025 1663 1095 μέγιστον
1691 1026 1836 1079 δοκεῖ

257 1111 354 1164 καὶ
393 1112 854 1183 περιφανέστατον
875 1117 906 1184 ἡ
931 1114 1200 1170 εὐτεκνία.
1231 1117 1368 1178 Τοὺς
1392 1114 1500 1186 γὰρ
1516 1117 1710 1179 αὐτοὺς
1735 1133 1832 1169 ποι

251 1203 524 1266 λύπαιδας
556 1206 647 1257 καὶ
678 1205 1052 1270 καλλίπαιδας,
1096 1207 1254 1277 μῦθοι
1286 1206 1382 1278 μὲν
1425 1208 1552 1271 ἴσως
1588 1207 1829 1278 ἔχουσινο

253 1293 388 1362 ἡμῖν
423 1292 480 1345 δὲ
513 1293 731 1356 τούτους
769 1296 801 1365 ἡ
829 1298 993 1366 πεῖρα
1029 1295 1341 1367 παρέστησε
1367 1336 1382 1360 ,
1413 1296 1687 1360 τοιούτους
1733 1297 1833 1369 μὲν

259 1384 457 1448 αὐτοὺς
489 1386 781 1454 γεγονότας
808 1428 822 1452 ,
878 1387 1018 1441 ὥστε
1060 1390 1108 1441 εἱ
1157 1390 1252 1442 καὶ
1302 1388 1376 1460 μὴ
1414 1389 1666 1442 τοιούτων
1693 1385 1832 1461 ἦσαν

258 1477 517 1548 πατέρες,
566 1480 775 1542 ἑαυτοῖς
820 1482 900 1543 είς
948 1480 1190 1545 εὐδοξίαν
1237 1482 1468 1553 ἀρκεῖνο
1497 1482 1750 1536 τοιούτων
1776 1484 1834 1537 δὲ

256 1568 559 1635 πεφηνότες
597 1569 826 1640 πατέρες
860 1570 970 1642 (87)
997 1611 1010 1633 ,
1045 1570 1185 1624 ὥστε
1226 1573 1274 1626 εί
1307 1573 1399 1626 καὶ
1435 1572 1510 1644 μὴ
1538 1572 1647 1643 (88)
1679 1571 1832 1626 αὐτοὶ

252 1659 510 1714 τοσοῦτον
542 1661 651 1734 (89)
686 1659 824 1734 ἦσαν
861 1667 939 1728 είς
976 1663 1176 1735 ἀρετὴν
1198 1705 1213 1725 ,
1265 1665 1470 1728 πάντας
1516 1663 1832 1734 ὑπεραίρειν

251 1755 316 1823 τῇ
342 1753 613 1825 εὐτεκνίᾳ.
647 1755 782 1808 Ἕνα
810 1755 908 1826 μὲν
940 1755 1048 1825 γὰρ
1073 1755 1105 1826 ἢ
1135 1754 1227 1807 δύο
1256 1753 1504 1822 γενέσθαι
1541 1753 1647 1807 τῶν
1675 1755 1832 1807 ἐπαι-

1939 583 2053 620 rum
2103 567 2414 621 alendorum
2443 607 2457 631 ,
2504 578 2664 635 atque
2718 566 2985 634 liOSpitum
3046 565 3495 634 excipiendorum

1936 659 2197 722 studium,
2234 658 2426 712 animae
2474 658 2720 727 purgatio
2755 672 2849 726 per
2888 658 3296 722 continentiam,
3332 657 3500 712 bono-

1937 767 2053 804 rum
2096 751 2270 820 portio
2317 750 2424 803 Deo
2455 757 2770 803 consecrata
2801 750 2942 816 (quae
2984 763 3070 801 res
3103 748 3336 802 nondum
3371 757 3498 802 tunc

1936 840 2118 894 multis
2173 839 2352 894 stmlio
2394 849 2534 904 erat,
2586 847 2644 892 ut
2694 853 2837 892 nunc
2893 853 2956 892 ex
3003 840 3192 908 primis
3239 839 3498 908 exemplis

1935 934 2160 986 adaucta
2208 945 2262 986 et
2312 932 2454 986 culta
2509 929 2636 1003 est),
2685 932 2894 1002 aliaque
2941 934 3141 997 omnia,
3189 948 3310 1002 quae
3358 933 3498 986 inter

1935 1023 2164 1078 Pontum
2209 1033 2262 1078 et
2307 1023 2653 1094 Cappadoces
2698 1024 2890 1088 divisa,
2939 1024 3229 1078 multorum
3277 1025 3498 1078 auribus

1936 1117 2220 1186 implendis
2267 1114 2630 1182 sull'eccrunt;
2679 1116 2808 1169 mihi
2865 1125 3043 1170 tamen
3097 1115 3389 1168 maximum
3442 1122 3498 1168 et

1935 1209 2288 1262 clarissimum
2331 1222 2452 1262 esse
2499 1208 2712 1261 videtur
2771 1206 3002 1261 felicitas
3029 1207 3081 1260 in
3125 1206 3330 1260 liberis.
3363 1205 3496 1260 Nam

1934 1302 2023 1369 qui
2060 1299 2218 1354 simul
2242 1311 2294 1355 et
2327 1300 2541 1362 multos,
2578 1308 2632 1354 et
2662 1300 2861 1370 probos
2889 1309 3049 1367 atque
3075 1299 3330 1353 honestos
3359 1297 3497 1350 filios

1935 1391 2245 1456 habuerint,
2279 1391 2330 1444 in
2377 1389 2573 1444 fabulis
2601 1389 2832 1446 fortasse
2867 1390 3108 1459 reperias
3141 1405 3153 1440 :
3185 1391 3281 1443 hos
3316 1399 3495 1442 autem

1934 1484 2269 1553 experientia
2301 1483 2415 1553 ipsa
2453 1483 2606 1537 nobis
2629 1483 2892 1547 exhibuit,
2925 1492 2982 1534 ut
3007 1483 3095 1550 qui
3123 1483 3254 1535 tales
3282 1481 3496 1550 quidem

1935 1576 2032 1643 ipsi
2067 1574 2285 1638 fuerint,
2321 1581 2400 1636 ut,
2438 1573 2651 1626 etiamsi
2712 1573 2896 1626 taliunt
2928 1571 3215 1624 liberorum
3249 1576 3499 1635 parentes

1933 1667 2351 1734 haudquaquam
2404 1664 2757 1728 exstitissent,
2791 1662 2890 1716 sibi
2927 1662 3057 1729 ipsis
3085 1671 3262 1714 tamen
3291 1658 3356 1711 ad
3397 1672 3492 1712 no-

1935 1759 2098 1813 minis
2141 1759 2442 1813 claritatem
2483 1756 2726 1810 Sullicere
2768 1755 3096 1824 potuissent;
3141 1765 3352 1804 rursum
3401 1763 3496 1801 au-

250 1842 552 1913 νουμένων,
585 1844 687 1898 κᾶν
735 1849 797 1916 τῇ
853 1847 1012 1915 φύσει
1040 1846 1152 1917 δοίη
1179 1863 1262 1908 τις
1286 1863 1299 1876 ·
1335 1847 1367 1916 ἡ
1398 1845 1452 1898 δὲ
1477 1841 1565 1898 διὰ
1615 1845 1831 1898 πάντων

1938 1860 2040 1902 tem
2075 1849 2334 1920 ejusmodi
2360 1849 2502 1903 filios
2541 1849 2593 1900 in
2637 1846 2807 1899 lucem
2853 1844 3164 1906 extulerint,
3199 1852 3276 1905 ut,
3309 1840 3496 1894 etiam-

249 1937 514 2008 ἀκρότης,
551 1938 719 2006 σαφὲς
742 1938 851 1992 τῶν
880 1939 1194 2007 ἀγαγόντων
1214 1937 1508 2008 ἐγκώμιον.
1543 1937 1702 2008 Δηλοῖ
1725 1938 1780 1991 δὲ
1801 1941 1828 1992 ὁ

251 2029 592 2099 μακαριστὸς
623 2030 730 2082 τῶν
759 2030 948 2101 ἱερέων
982 2031 1074 2084 καὶ
1107 2029 1212 2082 τῶν
1249 2029 1532 2102 παρθένων
1574 2030 1825 2101 ἀριθμὸς,

249 2121 343 2172 καὶ
372 2119 484 2173 τῶν
508 2121 566 2173 ἐν
599 2121 782 2192 γάμῳ,
823 2120 987 2192 μηδὲν
1033 2122 1100 2191 τῇ
1137 2119 1369 2192 συζυγίᾳ
1419 2119 1680 2190 βλαϐῆναι
1715 2120 1826 2192 (90)

249 2212 622 2283 βιασαμένων,
654 2213 792 2286 πρὸς
812 2212 909 2284 τὴν
938 2210 1058 2283 ἴσην
1093 2213 1192 2282 τῆς
1214 2212 1418 2283 ἀρετῆς
1456 2207 1824 2282 εὐδόκίμησιν,

249 2305 386 2357 ἀλλὰ
417 2304 550 2375 βίων
582 2305 691 2376 (91)
722 2305 963 2376 αἱρέσεις
991 2304 1190 2377 μᾶλλον
1219 2346 1234 2371 ,
1274 2303 1308 2375 ἢ
1344 2303 1617 2368 πολιτείας
1652 2302 1826 2358 ταῦτα

250 2396 659 2467 ποιησαμένων.

1937 1941 1980 1994 si
2018 1942 2117 2010 ipsi
2153 1955 2256 1993 non
2289 1949 2430 1993 tanta
2463 1940 2665 1992 virtute
2695 1936 2941 2001 fuissent,
2968 1947 3156 1988 omnes
3189 1941 3366 1986 tamen
3405 1943 3494 1983 so-

1933 2033 2070 2086 bolis
2117 2031 2378 2086 felicitate
2419 2031 2723 2100 superaturi
2774 2038 2975 2083 essent.
3022 2025 3158 2080 Nam
3205 2039 3326 2078 cum
3359 2036 3497 2076 unus

1931 2133 2026 2176 aut
2070 2122 2179 2177 duo
2230 2138 2350 2177 cum
2401 2121 2556 2175 laude
2595 2122 2800 2182 vivunt,
2839 2119 2891 2172 id
2933 2117 3038 2172 tale
3081 2123 3265 2180 est,ul.
3293 2122 3497 2168 naturae

1933 2215 2130 2270 ascribi
2181 2223 2376 2284 queat;
2409 2223 2465 2268 at
2509 2213 2746 2281 undique
2771 2210 3010 2280 perfecta
3043 2216 3094 2264 et
3120 2206 3186 2261 ad
3218 2219 3486 2260 summum

1932 2315 2184 2378 provecta
2219 2306 2460 2361 omnium
2504 2305 2700 2368 virtus,
2730 2303 2797 2358 iis
2825 2303 3004 2373 plane,
3045 2315 3075 2354 a
3119 2298 3312 2368 quibus
3357 2295 3490 2352 editi

1931 2409 1986 2454 et
2027 2399 2239 2454 educati
2285 2407 2430 2465 sunt,
2467 2395 2728 2467 assignari
2773 2395 2951 2449 debet.
2981 2391 3132 2460 Quod
3171 2390 3386 2460 quidem
3431 2387 3497 2440 li-

250 2494 418 2563 quido
476 2496 813 2546 demonstrat
876 2493 964 2546 ille
1005 2492 1280 2548 felicitatis
1349 2492 1564 2546 nomine
1625 2489 1998 2560 przedicandus
2041 2494 2382 2548 sacerdotum
2435 2499 2488 2545 et
2531 2490 2794 2560 virginum
2840 2487 3114 2549 numerus’,
3175 2494 3490 2548 eorumque,

251 2587 339 2649 qui
374 2586 426 2638 in
465 2587 806 2638 matrimonio
833 2601 951 2639 eam
983 2587 1088 2638 vim
1157 2586 1256 2639 sibi
1306 2585 1682 2652 adhibuerunt,
1742 2595 1797 2640 ut
1857 2585 1988 2638 nihil
2053 2586 2435 2656 impedimento
2480 2593 2643 2645 esset,
2690 2579 2978 2649 quominus
3030 2589 3212 2644 parem
3282 2567 3496 2623 Virltllis

250 2679 479 2748 gloriam
526 2688 981 2747 assequerentur;
1039 2689 1200 2747 atque
1245 2677 1373 2730 illud
1443 2677 1762 2747 effecerunt,
1831 2688 1888 2732 ut
1927 2679 2040 2734 lucc
2084 2654 2337 2748 generum
2376 2676 2498 2728 vita:
2541 2673 2741 2742 pOlilIS,
2791 2684 2949 2739 quant
3004 2663 3228 2720 rationis
3271 2654 3501 2715 vivendi”

249 2772 545 2824 elei-tiones
573 2779 774 2824 essent.

325 2869 384 2920 l'.
415 2865 511 2926 Ti;
544 2865 642 2916 οὐκ
659 2858 768 2915 οἶδε
798 2861 888 2914 τὸν
921 2859 1112 2914 τούτου
1147 2859 1388 2931 πατέρα,
1427 2859 1727 2924 Βασίλειον,
1767 2859 1830 2913 τὸ

255 2961 398 3032 μέγα
428 2957 578 3028 παρὰ
608 2957 771 3008 πᾶσιν
803 2954 992 3025 ὄνομα,
1016 2953 1075 3016 ὃς
1109 2953 1381 3023 πατρικῆς
1417 2953 1582 3022 εὐχῆς
1614 2953 1824 3023 ἔτυχεν,

251 3054 342 3106 ἵνα
397 3050 469 3123 μὴ
522 3049 666 3117 λέγω
708 3047 900 3119 μόνος,
957 3045 1114 3116 εἴπερ
1145 3062 1229 3108 τις
1261 3043 1596 3116 ἁνθρώπων;
1624 3045 1828 3110 Παντὸς
1857 3078 1899 3134 c

249 3144 363 3216 γὰρ
397 3141 616 3214 κρατῶν
647 3142 836 3212 ἀρετῇ,
862 3140 1010 3210 παρᾶ
1038 3137 1132 3191 τοῦ
1167 3137 1353 3202 παιδὸς
1377 3136 1640 3190 κωλύεται
1670 3135 1830 3206 μόνου

249 3238 313 3290 τὸ
339 3237 602 3305 πρωτεῖον
628 3233 790 3303 ἔχειν.
828 3233 922 3296 Τίς
955 3231 1250 3302 Ἑμμελίαν
1285 3229 1418 3301 (92),
1447 3228 1544 3299 τὴν
1563 3229 1699 3298 ὅπερ
1721 3227 1832 3295 ὲγέ-

249 3345 378 3384 νετο
409 3325 834 3399 προκληθείσαν,
868 3323 901 3395 ἢ
933 3315 1231 3394 γενομένην
1277 3321 1305 3374 ὃ
1348 3319 1693 3390 προεκλήθη·
1733 3319 1832 3390 τὴν

247 3423 354 3491 τῆς
388 3418 678 3490 ἐμμελείας
703 3417 868 3479 ὄντως
898 3414 1238 3487 φερώνυμον,
1268 3411 1480 3485 ἢτοῦτο
1501 3413 1557 3464 ὲν
1589 3410 1833 3479 γυναιξὶν

248 3509 434 3581 ὤφθη,
466 3508 626 3562 είδεί
674 3506 953 3576 συντόμως
1001 3507 1216 3569 εἰπεῖν,
1279 3504 1416 3574 ὅπερ
1471 3503 1529 3577 ἐν
1576 3501 1832 3572 ἀνδράσιν

248 3608 482 3667 ἐκεῖνος.
511 3603 661 3656 ’Ὢστ’
686 3593 848 3671 (εἴπερ
875 3600 981 3653 ἔδει
1009 3598 1358 3652 δουλεύσοντα
1390 3597 1498 3667 (9³5)
1526 3595 1740 3658 πάντως
1765 3597 1830 3666 τῇ

249 3698 416 3768 φύσει
440 3695 532 3748 τὸν
566 3692 660 3748 νῦν
689 3690 1098 3762 εὑφημούμενον
1121 3689 1230 3760 (94)
1261 3687 1567 3759 ἀνθρώποις
1591 3686 1832 3756 δοθῆναι,

249 3784 446 3853 ὥσπερ
477 3781 598 3835 τινα
644 3780 751 3834 τῶν
785 3779 951 3832 πάλαι
1003 3778 1112 3848 (95)
1163 3776 1313 3848 παρὰ
1358 3775 1492 3829 Θεοῦ
1540 3775 1834 3852 δεδομένων

250 3880 332 3941 εἰς
359 3847 540 3930 κοινὸν
571 3873 783 3944 ὄφελος,
811 3875 944 3944 μήτε
975 3847 1036 3936 ἐξ
1060 3847 1231 3924 ἄλλων
1245 3847 1456 3940 μᾶλλον
1485 3847 1764 3940 ἁρμόζειν,
1799 3869 1831 3937 ἢ

251 3971 482 4026 ἐκείνων
511 3968 699 4022 τοῦτον
731 3966 1002 4036 γενέσθαι,
1035 3967 1171 4037 μήτε
1212 3965 1440 4027 ἐκείνοις
1485 3964 1672 4036 ἑτέρου
1703 3963 1838 4031 μᾶλ-

250 4062 343 4116 λον
367 4061 418 4146 ,ἢ
451 4059 602 4113 τοῦδε
631 4059 902 4130 πατράσιν
927 4056 1325 4128 ὀνομασθῆναιο
1363 4056 1499 4126 ὅπερ
1537 4051 1628 4108 οὖν
1662 4053 1837 4116 καλῶς

253 4153 447 4208 ποιοῦν
479 4152 573 4206 καὶ
602 4149 953 4221 συνέδραμεν.
1006 4150 1158 4204 Ἐπεὶ
1197 4149 1253 4202 δὲ
1298 4149 1395 4212 τὰς
1434 4147 1688 4218 ἀπαρχὰς
1731 4146 1838 4198 τῶν

254 4247 498 4302 ἐπαίνων
522 4244 673 4314 νόμῳ
705 4243 835 4314 Θείῳ
862 4242 1197 4313 πειθόμενοι,
1224 4241 1282 4304 ὃς
1313 4240 1552 4311 πατράσι
1588 4238 1697 4308 (96)
1745 4253 1837 4290 κε-

255 4339 403 4392 λεύει
433 4337 614 4389 πᾶσαν
643 4335 826 4404 νέμειν
863 4332 1049 4404 τιμὴν,
1091 4333 1202 4393 τοῖς
1225 4327 1675 4401 μνημονευθείσιν
1700 4327 1838 4380 ἀπο-

2003 2857 2074 2911 Χ.
2110 2853 2272 2910 Eccui
2325 2850 2579 2922 Basilius,
2607 2845 2784 2898 Basilii
2834 2842 3002 2896 nostri
3047 2848 3222 2910 pater,
3252 2833 3500 2902 incogni-

1937 2959 2021 3003 tus
2051 2956 2154 3009 est,
2188 2945 2268 2996 vir
2309 2941 2486 3011 magni
2513 2940 2652 3008 apud
2681 2939 2866 2990 onmes
2897 2931 3150 2994 nominis,
3181 2928 3268 2992 qui
3293 2923 3498 2994 paterni

1935 3037 2040 3092 voti
2096 3048 2316 3101 compos
2366 3033 2535 3084 factus
2582 3037 2683 3094 est,
2725 3028 2768 3078 si
2813 3024 2930 3092 quis
2958 3034 3192 3088 unquam
3246 3017 3404 3078 alius,
3434 3028 3499 3068 ne

1932 3132 2108 3186 dicam
2135 3125 2322 3182 solus?
2349 3122 2481 3178 Cum
2513 3121 2656 3176 enim
2691 3119 2926 3184 reliquos
2960 3127 3148 3167 omnes
3173 3111 3370 3165 virtute
3400 3122 3498 3160 su-

1933 3221 2154 3292 perarit,
2190 3236 2217 3272 a
2241 3217 2354 3274 solo
2388 3216 2496 3270 ﬁlio
2524 3215 2726 3284 primas
2761 3211 3004 3264 obtinere
3033 3203 3366 3275 prohibetur.
3400 3199 3499 3252 Ec-

1933 3289 2016 3368 cui
2048 3311 2208 3381 777
2244 3307 2522 3372 Emmelia,
2549 3319 2666 3372 quae
2691 3303 2738 3355 id
2764 3301 2914 3369 prius
2939 3295 3199 3366 appellata
3227 3302 3329 3354 est,
3358 3289 3500 3360 quod

1934 3413 2117 3476 postea
2145 3401 2276 3468 fuit;
2307 3410 2399 3453 aut
2433 3399 2484 3453 id
2521 3399 2642 3458 luit,
2675 3393 2816 3464 quod
2859 3392 3008 3460 prius
3039 3395 3344 3453 nuncupata
3383 3381 3499 3436 fue~

1934 3474 2052 3555 rat;
2084 3495 2192 3560 illa,
2224 3495 2464 3562 inquam,
2503 3489 2692 3542 merito
2735 3483 3052 3556 ἐμμελείας,
3080 3480 3129 3534 id
3159 3486 3261 3543 est,
3284 3474 3500 3528 concin-

1935 3588 2132 3648 nitatis.
2181 3600 2372 3641 nomen
2425 3585 2624 3645 ferens,
2676 3596 2816 3647 quae,
2865 3587 2921 3631 ut
2966 3589 3072 3628 uno
3103 3572 3266 3625 verbo
3302 3569 3500 3630 dicam,

1939 3683 2038 3738 hoc
2061 3683 2200 3734 inter
2234 3678 2488 3732 mulieres
2515 3675 2635 3737 fuit,
2669 3672 2811 3741 quod
2845 3670 2933 3722 ille
2967 3669 3107 3720 inter
3135 3664 3312 3726 viros;
3348 3672 3424 3720 ut,
3457 3655 3502 3710 si

1935 3770 2150 3840 quidem
2180 3783 2322 3832 eum,
2353 3767 2504 3832 cujus
2536 3764 2720 3816 laudes
2762 3757 3110 3814 illustrandas
3144 3751 3500 3819 suscepimus,

1935 3864 1999 3916 ad
2034 3861 2344 3915 servitutem
2399 3867 2601 3909 natura:
2643 3851 2969 3916 obeundam,
3041 3841 3354 3900 mortalibus
3387 3837 3503 3892 dari

1938 3949 2242 4022 oportebat,
2266 3947 2412 4002 velut
2435 3945 2742 4014 quempiam
2777 3957 2841 3995 ex
2871 3937 3062 4010 priscis
3087 3935 3191 3988 illis
3226 3931 3379 3994 viris,
3412 3928 3504 3998 qui

1939 4020 2006 4100 ad
2063 4042 2330 4113 publicam
2378 4039 2666 4092 utilitatem
2715 4033 2896 4087 divino
2959 4028 3220 4082 beneficio
3257 4020 3502 4078 concessi

1938 4110 2086 4196 sunt,
2121 4146 2291 4202 neque
2329 4129 2454 4183 huic
2494 4129 2562 4180 ex
2603 4124 2723 4177 aliis
2768 4122 2967 4190 ponus,
3005 4132 3166 4186 quam
3203 4128 3265 4167 ex
3312 4111 3395 4164 his
3433 4110 3510 4179 gi-

1939 4225 2026 4296 gni
2063 4222 2398 4282 conveniret,
2430 4231 2605 4286 neque
2646 4215 2753 4268 illis
2806 4227 2993 4264 rursus
3025 4208 3340 4277 cujusquam
3369 4201 3504 4254 alte-

1942 4318 2052 4372 rius
2095 4316 2293 4386 potius,
2341 4327 2499 4380 quam
2552 4309 2710 4377 hujus
2763 4303 3014 4373 parentes
3054 4297 3342 4354 nominari.
3377 4296 3506 4362 Quae

258 4431 598 4498 δεδώκαμεν,
626 4428 709 4480 ἐπ’
732 4426 894 4480 αὐτὸν
929 4426 1097 4495 ἴωμεν
1131 4425 1253 4494 ἤδη,
1285 4421 1536 4476 τοσοῦτον
1571 4419 1835 4483 εἰπόντες,

1943 4416 2058 4468 dua:
2106 4427 2194 4467 res
2249 4405 2626 4478 percommode
2667 4405 3080 4453 concurrerunt.
3140 4392 3500 4458 Posteaquam

258 4520 285 4573 ὃ
308 4520 407 4574 καὶ
434 4519 603 4572 πᾶσιν
629 4516 693 4570 ἂν
719 4513 872 4587 οἶμαι
918 4515 1120 4581 δόξειεν
1164 4513 1379 4583 danae;
1423 4509 1675 4572 λέγεσθαι
1727 4510 1839 4571 τοῖς

259 4616 467 4668 ἐκεῖνον
504 4611 908 4682 ἐπισταμένοις,
944 4609 1025 4662 ὅτι
1073 4607 1239 4680 μόνης
1283 4608 1415 4676 ἡμῖν
1450 4603 1554 4658 ἔδει
1575 4603 1671 4674 τῆς
1705 4602 1844 4655 ὲκεί-

331 4773 448 4842 (83)
501 4765 982 4842 Ὑποδειγμάτων.
1015 4759 1695 4842 Ραξδηηπαραδειγμὰτων.

331 4825 447 4911 (86)
487 4841 645 4894 Ὅσα
680 4825 911 4911 Πόντῳ,
947 4847 1052 4911 etc.
1080 4825 1268 4911 Basilii
1297 4825 1547 4910 parentes
1579 4837 1685 4911 tam
1721 4825 1840 4911 exi-

262 4897 368 4968 mia
396 4897 612 4981 pietatis
640 4897 1017 4981 muniﬁcentia
1044 4915 1097 4981 et
1123 4897 1696 4981 charitatisexempla,
1727 4906 1839 4949 tum

263 4985 314 5038 in
347 4971 541 5040 Ponto.
573 4992 683 5034 tttm
712 4980 849 5046 apud
873 4977 1218 5047 Cappadoces
1246 4971 1624 5047 praastiterant,
1668 4977 1726 5020 ut
1761 4983 1843 5020 re-

262 5055 453 5124 giones
473 5052 605 5124 illa;
638 5052 704 5104 de
727 5041 966 5124 _i_lloruui
991 5041 1256 5101 laudibus
1280 5041 1842 5124 continuompersona-

263 5108 407 5179 Fent.
457 5123 607 5190 Quod
651 5119 866 5190 quidem
917 5124 1324 5190 n'tonmuenttun
1365 5108 1844 5164 honoriﬁcentissi-

265 5211 412 5248 mum
439 5183 544 5255 est,
569 5206 631 5245 ac
661 5183 776 5260 ipso
808 5201 1080 5241 marmore
1109 5183 1416 5260 pretiosius.

337 5247 463 5336 (87)
487 5247 836 5336 γιίεερηῦότες
869 5247 1136 5336 agtépeé.
1196 5253 1388 5336 Chrys.
1448 5259 1502 5305 et
1559 5247 1723 5336 goisl.
1790 5247 1841 5314 1,

265 5320 867 5404 πεξρηνόταξπατέρας.
907 5320 1422 5404 ξαεὲ.,“πειρυκότας
1446 5320 1708 5404 πατέρας.

340 5387 570 5490 (δίἣεί
611 5387 857 5472 καὶλιήξ
906 5387 1076 5472 ιῖιτςςζ
1136 5387 1284 5458 ε,’.ι1
1349 5407 1404 5448 et
1455 5387 1628 5458 Passi,
1683 5391 1731 5442 ei
1772 5387 1845 5460 μὴ

267 5493 383 5530 και.

343 5545 458 5615 (89)
496 5542 818 5615 Τοσοῆτον.
842 5541 1039 5615 Ψιινδιεζ
1062 5535 1284 5615 e_t_Par.,
1319 5529 1582 5615 τοσοῦτοι.

343 5603 456 5686 (90)
497 5612 824 5686 Βλαϐἦνξᾳι.
860 5603 972 5664 Ι)υό
1001 5608 1188 5686 Cojsl.,
1219 5603 1654 5686 παραβλαβῆναι.

345 5671 476 5758 (91)
513 5671 882 5758 Ἀλλὰλβζων,
917 5692 1024 5735 etc.
1055 5671 1414 5758 Ostendit'bic
1449 5671 1846 5758 Gregorittslsa-

273 5741 598 5819 cei-dolium,
625 5741 936 5808 cmlibatum
960 5760 1014 5805 et
1040 5745 1462 5819 matrimonium,
1490 5741 1609 5819 vita:
1633 5741 1848 5819 quidem

276 5841 476 5898 genere
499 5837 555 5882 et
585 5813 830 5880 instituto
863 5822 1004 5878 inter
1039 5833 1096 5874 se
1127 5816 1357 5873 diﬂen'e.
1386 5830 1488 5869 non
1514 5813 1639 5868 item
1681 5814 1847 5866 ratio-

1947 4516 2124 4559 autem
2179 4501 2277 4571 legi
2325 4498 2518 4552 divinae
2572 4495 3028 4558 obtemperantes,
3069 4499 3187 4554 qua:
3246 4483 3506 4537 honorem

1949 4575 2508 4666 omnem'parentibus
2537 4584 2721 4640 haberi
2749 4583 2920 4653 jubet,
2957 4581 3046 4642 iis,
3076 4589 3302 4648 quormn
3355 4585 3507 4626 men~

1941 4768 2006 4806 ne
2038 4752 2157 4804 vita:
2186 4747 2448 4818 gerendm.
2479 4742 2728 4818 Diversae
2775 4737 2871 4818 via:
2917 4743 3060 4818 sunt,
3094 4732 3289 4818 quibus
3320 4741 3510 4818 amnes

1943 4799 2263 4893 ὗρῖιιίιὲἶῇἷιέι
2293 4799 2521 4870 virtutis
2568 4824 2787 4893 scopum
2823 4808 3038 4893 tendere
3076 4799 3290 4858 debent.
3320 4799 3508 4893 Multps

1943 4869 2083 4946 Enim
2125 4869 2320 4942 liberos
2341 4869 2717 4956 procreaverat
2751 4878 2931 4956 Basilii
2959 4885 3125 4956 pater,
3150 4887 3388 4956 quorum
3416 4869 3505 4921 alii

1946 4943 2453 5029 virginitatettt,'alii
2486 4950 2892 5029 Atuatrinmuium
2932 4943 3187 5013 amplexi,
3221 4943 3286 4994 ad
3326 4955 3507 5029 parem

1942 5010 2266 5086 vii-ﬂii'i's'ab
2313 5010 2530 5098 pietatis
2554 5010 3190 5098 gloriam_perveue_runt,
3231 5021 3306 5098 et;
3339 5021 3394 5062 ut
3429 5010 3510 5090 lo-

1945 5081 2713 5172 qui't‘ur—Tilletirtotttiusftom.
2759 5081 2848 5152 IX,
2885 5096 2990 5139 art.
3015 5087 3242 5172 ‘4,.p:tg,
3273 5081 3328 5142 7,
3372 5099 3388 5130 ι
3429 5081 3513 5132 itt-

1947 5153 2032 5226 ῗέὲ
2046 5153 2182 5226 illos
2203 5169 2413 5240 generis
2445 5153 2587 5231 vitae,
2614 5177 2718 5216 non
2757 5158 3058 5214 sancntatis
3086 5153 3373 5209 discrimen
3417 5165 3514 5202 ex-

1942 5253 2126 5383 ευέίὶῐέ)
2147 5260 2517 5378 ,Ἐμμελίαπ
2551 5303 2604 5356 1η
2637 5299 2923 5366 nonnullis,
2952 5295 3296 5367 Ἐμμέλειαν.
3333 5308 3352 5340 ι
3391 5288 3516 5343 Ειιι-

1947 5382 2127 5444 ntelia,
2171 5404 2190 5434 ι
2223 5382 2402 5433 BaStlii
2435 5389 2623 5428 mater.

2017 5437 2130 5521 (95)
2165 5450 2600 5521 Δουλεύσλοντα.
2639 5443 2814 5521 Pass"
2835 5437 3215 5521 δουλεύσαντα.

2671 5514 2804 5594 ﬁeg.
2843 5505 3335 5594 tl,,ét:a_tvpdpsvpv.

2018 5525 2106 5594 (9i
2164 5525 2647 5590 Εὐφημούμενον.
2679 5525 2804 5580 Heg.
2843 5525 3335 5573 ιι,,επαινουμενον.

2018 5525 2130 5665 (95)
2174 5591 2302 5665 Τῶφς
2322 5587 2524 5665 πάλαι..
2557 5587 2646 5665 Sic
2670 5583 2834 5663 Iiegg.
2858 5598 2908 5644 a,
2934 5599 2983 5665 ς,
3011 5583 3065 5658 d,
3087 5574 3316 5665 htul‘plt,
3347 5567 3512 5624 Coisl.

1949 5667 1974 5720 1
2003 5645 2062 5720 ὁὶ
2077 5645 2133 5726 ἐξ
2161 5665 2251 5716 0r.
2275 5661 2332 5726 2,
2363 5671 2468 5713 etc.
2499 5659 2552 5711 In
2581 5658 2691 5716 ed.,
2723 5645 2830 5705 τὶῧν
2851 5649 3107 5726 κπαλαιῴν
3129 5645 3298 5726 πάλαι

2169 5711 2586 5796 ἶἰλιι-ἷιατλοιῖὶσι.
2641 5711 2730 5779 Sic
2775 5725 3008 5793 quinque
3055 5718 3220 5786 ﬂegg.
3279 5713 3332 5768 In
3402 5711 3513 5774 ed.,

1951 5821 2209 5875 πατρασι.
