4050 6298
477 360 586 423 507

1635 362 1693 420 S.
1734 363 2062 421 GREGORll
2100 363 2442 422 THEOLOGI

3598 362 3705 421 508

481 482 680 537 tionem
732 478 983 545 fecimus,
1011 475 1277 548 primitias
1314 472 1531 527 laudum
1563 473 1940 543 persolvimus,
1975 474 2041 529 ad

2164 492 2231 528 νου
2270 474 2454 545 φωνῆς
2506 473 2706 528 ἐκεῖνον
2765 471 3223 544 ἐγκωμιάζουσιν.
3294 471 3354 525 '0
3406 469 3514 543 γὰρ
3542 472 3711 539 αὐτὸς

480 572 654 638 ipsum
681 569 792 638 jam
822 568 1123 625 oralionem
1149 563 1513 626 conferamus,
1543 571 1646 618 hoc
1671 573 1874 619 tantum
1902 579 2037 632 pra:-

481 658 599 727 l‘ati,
634 659 774 728 quod
816 658 1083 713 nemiuem
1129 655 1245 710 fore
1276 664 1426 723 puto,
1453 651 1546 722 qui
1576 666 1679 708 non
1708 656 1987 710 verissime
2011 670 2041 708 a

482 750 694 805 medici
722 748 1015 814 existimet,
1047 746 1137 817 qui
1164 746 1325 800 modo
1368 744 1518 798 illum
1554 744 1784 811 noverit,
1810 745 1962 801 nobis
1987 746 2040 800 in

483 862 551 902 eo
586 846 851 900 laudando
901 854 1063 914 atque
1097 841 1340 898 ornando
1391 841 1502 895 sola
1557 840 1725 910 ipsius
1760 854 1889 894 voce
1913 854 2046 909 Opus

484 949 625 989 esse.
661 933 803 987 Idem
843 932 985 987 enim
1017 931 1153 1000 ipse,
1186 938 1241 983 et
1267 927 1539 996 splendida
1579 935 1665 980 est
1700 925 1923 979 materia
1957 925 2042 988 iis,

485 1027 577 1096 qui
627 1023 951 1079 laudationis
1000 1036 1196 1076 munus
1237 1017 1724 1089 aggrediontur,et
1765 1016 1915 1071 solus
1947 1029 2046 1080 pro

487 1116 684 1171 eximia
712 1130 810 1169 sua
843 1113 1054 1168 dicendi
1104 1110 1357 1166 facultate
1405 1108 1530 1163 huic
1562 1108 1797 1162 materiae
1830 1121 1947 1176 par.
1978 1107 2048 1160 At

489 1204 906 1278 pulchritudinis
939 1205 1178 1274 quidem,
1221 1210 1273 1257 et
1304 1200 1537 1264 roboris,
1567 1209 1623 1254 et
1667 1197 2047 1268 magnitudinis

490 1300 733 1363 laudem,
780 1295 976 1366 quibus
1011 1296 1298 1365 plerosque
1340 1292 1591 1348 delectari
1634 1291 1925 1361 conspicio,
1956 1305 2052 1343 vo-

492 1390 730 1445 lentibus
774 1388 1173 1457 relinquemus;
1204 1400 1306 1439 non
1347 1383 1489 1453 quod
1515 1382 1568 1436 in
1608 1382 1692 1436 his
1733 1382 1895 1436 etiam
1922 1396 2055 1450 quo-

494 1496 654 1550 quam
695 1494 904 1546 eorum,
939 1480 1029 1548 qui
1079 1493 1164 1532 res
1207 1490 1397 1546 parvas
1430 1475 1484 1527 in
1524 1473 1697 1544 pretio
1749 1475 1968 1538 habent,
2004 1484 2058 1528 et

496 1573 640 1627 circa
683 1585 880 1639 corpus
907 1569 1233 1631 volutantur,
1269 1564 1493 1620 inferior
1522 1574 1689 1629 esset,
1718 1580 1841 1619 cum
1882 1566 2060 1619 adhuc

496 1671 655 1716 aetate
697 1661 943 1724 ﬂoreret,
969 1674 1033 1713 ac
1065 1658 1298 1712 nondum
1344 1654 1682 1724 philos0phia
1716 1670 1932 1709 carnem
1965 1656 2061 1709 do-

2144 564 2397 629 ὑπόθεσίς
2426 582 2486 618 τε
2537 562 2765 637 λαμπρά
2817 566 2931 628 τοῖς
2981 563 3283 627 ἐπαινοῦσι,
3316 564 3412 619 καὶ
3437 564 3598 635 μόνος
3637 567 3707 636 τῇ

2144 656 2238 710 τοῦ
2286 656 2445 726 λόγου
2480 656 2704 727 δυνάμει
2759 654 2855 725 τῆς
2894 654 3205 719 ὑποθέσεως
3247 654 3413 720 ἄξιος.
3463 656 3711 721 Κάλλους

2151 747 2247 818 μὲν
2276 747 2359 819 δὴ,
2387 747 2478 800 καὶ
2513 744 2724 818 ῥώμης,
2755 745 2850 799 καὶ
2873 744 3155 816 μεγέθους,
3176 738 3259 809 οἷς
3289 746 3415 809 τοὺς
3444 744 3554 815 (97)
3582 745 3713 799 πολ-

2148 838 2272 901 λοὺς
2304 836 2417 909 όρῶ
2441 837 2747 908 χαίροντας,
2776 822 2890 899 τοῖς
2927 834 3267 906 βουλομένοις
3322 837 3716 908 παραχωρήσο-

2155 943 2252 996 μεν
2278 924 2387 997 (98)
2409 941 2423 955 ’
2440 926 2538 996 οὐχ
2558 926 2641 979 ὅτι
2666 926 2766 979 κάν
2791 923 2999 987 τούτοις
3034 922 3251 977 ἔλαττόν
3277 940 3420 987 τινος
3444 924 3717 994 ἠνέγκατο

2150 1015 2258 1069 τῶν
2293 1014 2652 1086 μικρολόγων,
2686 1014 2781 1068 καὶ
2811 1013 2939 1084 περὶ
2964 1012 3026 1066 τὸ
3059 1011 3219 1083 σῶμα
3261 1011 3712 1082 καλινδουμένων,

2152 1108 2257 1172 ἕως
2297 1103 2367 1179 ἦν
2416 1107 2496 1160 ἔτι
2543 1106 2682 1172 νέος,
2725 1107 2820 1161 καὶ
2848 1105 3001 1160 οὔπω
3032 1105 3318 1177 φιλοσοφία
3356 1105 3466 1159 τῶν
3499 1104 3719 1179 σαρκῶν

2153 1196 2583 1270 κατεκράτησεν·
2618 1197 2733 1251 ἀλλ’
2759 1197 2846 1251 ἵνα
2879 1197 2952 1269 μὴ
2977 1197 3170 1251 ταυτὸν
3197 1198 3307 1270 (99)
3337 1197 3492 1251 πάθω
3514 1196 3586 1267 (1)
3602 1200 3721 1261 τοῖς

2152 1289 2525 1361 άπειροτέροις
2556 1288 2663 1343 τῶν
2695 1287 2964 1361 ἀθλητῶν,
2991 1289 3040 1342 οἳ
3069 1290 3168 1361 τὴν
3196 1290 3346 1360 ίσχὺν
3370 1291 3427 1343 ὲν
3451 1292 3561 1354 τοῖς
3590 1289 3720 1362 είκῆ

2153 1380 2530 1451 παλαιομένοις
2556 1379 2633 1449 (2)
2666 1381 2759 1435 καὶ
2798 1381 3091 1453 παρέργοις
3122 1379 3453 1443 κενώσαντες
3474 1419 3493 1446 ,
3522 1382 3720 1451 ἥττους

2154 1474 2213 1527 ὲν
2243 1474 2355 1536 τοῖς
2386 1472 2619 1544 καιρίοις
2648 1472 3008 1547 εὑρίσκονται,
3036 1473 3129 1527 καὶ
3154 1475 3265 1536 τοῖς
3297 1472 3355 1539 ἐξ
3377 1467 3451 1527 ὧν
3473 1473 3533 1526 τὸ
3561 1475 3721 1544 νικᾷν

2156 1563 2410 1634 ὑπάρχει,
2438 1563 2531 1616 καὶ
2553 1563 2876 1632 στεφανίτας
2910 1562 3354 1634 ἀναγορεύεσθαι.
3383 1564 3449 1615 ’Δ
3478 1563 3532 1616 δὲ
3560 1563 3722 1615 οὐδα-

2161 1654 2276 1725 μῶς
2312 1654 2386 1723 (5)
2410 1653 2474 1706 ἂν
2507 1651 2675 1707 εἰπὼν
2708 1649 2859 1724 οἶμαι
2882 1655 3132 1725 περιττὸς
3159 1654 3234 1722 (4)
3256 1652 3445 1718 δόξειν,
3473 1653 3589 1707 οὐδὲ
3613 1653 3725 1719 ἔξω

493 1736 755 1814 ἠιιιίεεει;
793 1748 886 1803 sed
931 1762 998 1801 ne
1034 1746 1176 1800 idem
1219 1745 1394 1807 nobis,
1451 1742 1591 1811 quod
1639 1744 2060 1812 imperitioribus

2164 1743 2255 1798 τοῦ
2287 1746 2490 1798 σκοποῦ
2516 1745 2737 1815 ,βάλλειν
2773 1746 2864 1798 τὸν
2890 1746 3066 1814 λόγον,
3102 1744 3252 1799 ταῦτ’
3288 1747 3659 1819 ἐπαινέσομαι.

498 1840 732 1901 athletis,
758 1856 855 1894 usu
892 1841 1091 1903 veniat,
1119 1838 1231 1907 qui,
1268 1838 1502 1907 profusis
1542 1838 1595 1891 in
1626 1852 1759 1891 vana
1813 1839 2137 1909 minimeque
2200 1841 2499 1894 necessaria
2568 1842 2943 1896 colluctatione
3004 1842 3227 1909 viribus,
3252 1842 3305 1896 in
3354 1842 3510 1897 seriis
3534 1853 3723 1912 postea

498 1935 912 1999 certaminibus,
949 1932 1144 2002 quibus
1183 1930 1409 1984 victoria
1455 1941 1818 2000 comparatur,
1845 1946 1906 1985 ac
1927 1933 2189 2002 praeconis
2217 1948 2348 1988 voce
2383 1934 2616 2003 cuipiam
2682 1949 2877 1989 corona
2953 1935 3224 2001 tribuitur,
3288 1934 3568 1991 inferiores
3630 1952 3724 1991 re—

497 2030 798 2098 poriunlur.
836 2028 907 2082 Ea
960 2042 1111 2091 vero,
1152 2041 1271 2097 quae
1310 2041 1410 2082 nec
1451 2027 1595 2083 dictu
1641 2029 1906 2098 superﬂua
2001 2046 2096 2087 nec
2132 2032 2201 2087 ab
2274 2034 2535 2088 orationis
2579 2047 2741 2102 scapo
2787 2032 2962 2087 aliena
2999 2028 3112 2084 fore
3146 2028 3412 2094 videntur,
3454 2026 3728 2081 laudanda

501 2134 814 2190 suscipiam.

568 2213 658 2268 XI.
693 2212 824 2268 Illud
850 2220 1030 2267 autem
1053 2212 1193 2266 inter
1216 2225 1404 2267 omnes
1424 2226 1569 2268 sana:
1594 2214 1797 2268 mentis
1819 2215 2063 2270 homines

498 2315 749 2360 constare
778 2304 1032 2365 arbitror,
1067 2303 1422 2358 eruditionem
1468 2304 1607 2359 inter
1645 2304 1877 2359 humana
1919 2304 2059 2361 bona

500 2397 798 2466 principem
845 2395 1019 2470 locum
1070 2404 1288 2461 tenere;
1322 2410 1425 2450 non
1472 2396 1535 2450 de
1559 2396 1658 2450 hac
1689 2406 1866 2451 nostra
1892 2397 2063 2451 solum

503 2503 567 2542 ac
600 2486 861 2540 nobiliore
901 2482 1107 2554 loquor,
1140 2500 1279 2554 quae,
1329 2493 1638 2552 contempto
1674 2488 1819 2541 omni
1861 2502 2065 2542 sermo-

504 2578 590 2631 nis
639 2578 820 2643 lepore
866 2587 1026 2645 atque
1075 2586 1293 2642 ornatu,
1352 2577 1510 2631 saluti
1551 2579 1662 2640 uni,
1693 2591 1852 2648 atque
1877 2595 2064 2634 earum

506 2683 709 2731 rerum,
732 2683 852 2738 quae
882 2667 1088 2722 ratione
1117 2680 1275 2738 atque
1303 2671 1482 2724 animo
1504 2671 1886 2739 intelliguntur,
1905 2673 2069 2743 778

506 2759 887 2829 pulchritudini
921 2761 1223 2815 arctissime
1245 2761 1443 2825 haeret;
1476 2762 1570 2815 sed
1600 2764 1761 2815 etiam
1792 2762 1857 2816 de
1888 2771 2069 2816 exter-

507 2866 599 2915 na,
637 2866 794 2919 quam
841 2850 1079 2919 plerique
1111 2850 1426 2915 Christiani,
1457 2867 1622 2920 pravo
1665 2853 1895 2921 quodam
1923 2851 2067 2921 judi-

506 2943 616 3004 cio,
645 2951 701 2995 ut
738 2942 1048 2995 insidiosam
1080 2953 1134 2995 et
1160 2941 1542 3010 periculosam,
1575 2956 1639 2995 ac
1666 2942 1851 3011 procﬁl
1894 2957 1923 2995 a
1959 2942 2068 2996 Dco

508 3042 858 3099 avertentem,
888 3042 1265 3102 aspernantur.
1290 3032 1749 3099 Quemadmodum
1787 3034 1929 3087 enim
1954 3049 2067 3089 co:-

508 3124 641 3189 lum,
674 3132 894 3188 terram,
931 3138 1137 3186 aerem,
1186 3137 1249 3177 ac
1292 3139 1517 3193 quaeque
1561 3138 1746 3177 eorum
1783 3125 2066 3194 complexu

510 3224 845 3281 coercentur,
889 3230 990 3267 non
1041 3216 1160 3269 ideo
1204 3226 1553 3269 contemnere
1597 3215 1893 3280 debemus,
1943 3217 2068 3283 quia

511 3305 751 3360 nonnulli
801 3305 1061 3361 scelerate
1100 3315 1443 3375 acceperunt,
1476 3320 1571 3374 pro
1607 3305 1716 3360 Deo
1743 3319 1802 3359 ea
1831 3320 1949 3375 quae
1974 3305 2069 3360 Dei

511 3406 637 3451 sunt
695 3407 1053 3462 venerantes;
1099 3398 1226 3466 quin
1279 3395 1473 3464 potius,
1525 3396 1807 3464 quidquid,
1857 3404 1968 3449 tum
2003 3394 2069 3451 ad

2237 2217 2342 2271 IA'.
2368 2210 2535 2286 Οἶμαι
2561 2214 2618 2267 δὲ
2648 2216 2810 2268 πᾶσιν
2833 2211 3270 2285 ἀνωμολογῆσθαι
3295 2210 3368 2282 (5)
3388 2208 3487 2263 τὸν
3498 2206 3622 2279 νοῦν
3647 2205 3735 2281 (6)

2168 2306 2421 2377 ἐχόντων,
2460 2305 2738 2358 παίδευσιν
2771 2303 2880 2357 τῶν
2919 2305 3046 2375 παρ’
3084 2305 3217 2374 ἡμῖν
3251 2300 3467 2370 ἀγαθῶν
3498 2294 3635 2353 εἶναι
3664 2298 3738 2351 τὸ

2167 2397 2382 2469 πρῶτον
2403 2411 2417 2426 ³
2448 2397 2510 2452 ού
2544 2395 2746 2465 ταύτην
2777 2395 2942 2466 μόνην
2968 2393 3042 2463 (7)
3067 2394 3166 2463 τὴν
3198 2390 3603 2463 εὐγενεστέραν,
3634 2388 3737 2442 καὶ

2165 2489 2461 2560 ἡμετέραν,
2482 2487 2517 2559 ἢ
2551 2490 2658 2541 πᾶν
2685 2484 2756 2558 (8)
2782 2486 2843 2539 τὸ
2868 2487 2926 2539 ὲν
2958 2484 3138 2553 λόγοις
3167 2481 3375 2552 κομψὸν
3407 2481 3497 2535 καὶ
3528 2479 3740 2550 φιλότι-

2171 2598 2269 2651 μον
2297 2580 2663 2651 ἀτιμάζουσα,
2708 2577 2876 2649 μόνης
2927 2575 3109 2646 ἔχεται
3154 2573 3256 2643 τῆς
3300 2572 3600 2644 σωτηρίας,
3637 2572 3739 2624 καὶ

2166 2669 2259 2722 τοῦ
2294 2668 2519 2731 κάλλους
2555 2668 2661 2722 τῶν
2702 2665 3008 2737 νοουμένων
3028 2681 3043 2696 ·
3078 2664 3213 2719 ἀλλὰ
3246 2666 3340 2718 καὶ
3370 2664 3469 2736 τὴν
3510 2661 3733 2727 ἔξωθεν,

2168 2762 2233 2832 ἢν
2261 2762 2308 2814 οἱ
2335 2760 2516 2813 πολλοὶ
2540 2758 2877 2831 Χριστιανῶν
2908 2757 2983 2829 (9)
3013 2756 3377 2817 διαπτύουσιν,
3408 2755 3483 2818 ὡς
3513 2754 3739 2808 ἐπίϐου-

2169 2852 2260 2905 λον
2292 2851 2386 2905 καὶ
2420 2850 2691 2921 σφαλερὰν
2710 2889 2724 2913 ,
2760 2850 2853 2903 καὶ
2885 2847 3018 2902 Θεοῦ
3060 2849 3246 2919 πόρρω
3276 2846 3591 2919 βάλλουσαν,
3627 2863 3736 2899 κα-

2170 2942 2280 3007 κῶς
2300 2943 2515 3005 εἰδότες.
2544 2943 2756 3013 Ὠσπερ
2779 2941 2888 3015 γὰρ
2913 2942 2973 2995 ού
2984 2941 3160 3012 ρανὸν,
3186 2942 3279 2995 καὶ
3300 2943 3421 3012 γῆν,
3454 2940 3547 2993 καὶ
3571 2940 3734 3011 ἀέρα,

2170 3022 2263 3089 καὶ
2287 3036 2385 3087 ὅσα
2404 3034 2628 3098 τούτων,
2654 3034 2754 3086 οὐκ
2779 3033 2966 3105 ἐπειδὴ
2993 3032 3178 3097 κακῶς
3198 3050 3340 3097 τινες
3369 3032 3735 3104 ὲξειλήφασιν,

2169 3125 2289 3178 ἀντὶ
2321 3122 2458 3178 Θεοῦ
2484 3123 2552 3177 τά
2579 3122 2675 3178 τοῦ
2709 3124 2843 3178 Θεοῦ
2879 3124 3150 3188 σέϐοντες,
3178 3123 3265 3177 διὰ
3287 3124 3444 3178 τοῦτο
3475 3140 3743 3196 περιφρο-

2171 3215 2356 3289 νητέον
2373 3232 2388 3248 ’
2417 3215 2531 3269 ἀλλ’
2557 3216 2678 3268 ὅσον
2700 3217 2967 3288 χρήσιμον
2993 3215 3169 3270 αὐτῶν
3201 3216 3566 3289 καρπούμενοι
3600 3218 3742 3289 πρὸς

2172 3323 2230 3359 τε
2265 3303 2408 3376 ζωὴν
2446 3305 2540 3359 κα)⁵
2569 3306 2897 3373 ἀπόλαυσιν,
2926 3307 3050 3362 ὅσον
3082 3307 3418 3361 ἐπικίνδυνον
3446 3307 3739 3379 διαφεύγο-

2175 3415 2274 3468 μεν
2297 3398 2427 3469 (10)·
2453 3398 2512 3451 ού
2537 3397 2613 3469 τῷ
2636 3398 2842 3472 Κτίστῃ
2866 3400 2963 3471 τὴν
2990 3400 3166 3454 κτίσιν
3194 3401 3573 3465 ὲπανιστάντες
3598 3402 3744 3455 κατὰ

513 3485 700 3551 vitam,
731 3494 841 3539 tum
871 3487 937 3539 ad
965 3487 1130 3540 animi
1161 3485 1573 3539 oblectationem
1599 3486 1718 3538 usui
1748 3494 1849 3550 est,
1885 3486 2062 3540 decer-

2170 3491 2295 3554 τοὺς
2314 3491 2573 3562 ἄφρονας,
2608 3491 2721 3544 ἀλλ’
2753 3493 2818 3546 ὲκ
2849 3492 2958 3547 τῶν
2990 3492 3487 3565 δημιουργημάτων
3517 3494 3608 3548 τὸν
3627 3498 3741 3566 Δη-

514 3577 998 3645 pentes,quidquid
1028 3577 1387 3645 periculosum
1417 3585 1518 3638 est,
1552 3573 1812 3645 fugimus;
1843 3592 1947 3631 non
1982 3592 2069 3630 res

514 3677 726 3723 creatas
756 3668 1015 3721 adversus
1041 3667 1383 3733 Creatorem,
1414 3678 1472 3722 ut
1496 3666 1646 3723 stulti
1683 3665 1909 3731 faciunt,
1945 3682 2074 3720 con-

513 3761 765 3821 citantes,
812 3757 905 3812 sed
950 3773 1018 3813 ex
1057 3758 1217 3813 rebus
1255 3758 1486 3814 conditis
1535 3757 1876 3814 Conditorem
1911 3773 2075 3826 agno-

516 3849 813 3916 scentes",
855 3857 1018 3918 atque
1059 3864 1276 3905 onmem
1327 3850 1678 3913 intellectum,
1726 3858 1786 3904 ut
1833 3849 2073 3920 Apostoli

516 3942 695 3996 verbis
751 3940 951 4006 utar",
1013 3939 1228 3996 Christo
1305 3942 1572 4011 captivum
1657 3941 2070 3997 submittentes:

517 4033 962 4103 quemadmodum
1011 4034 1250 4102 insuper,
1301 4049 1399 4089 nec
1438 4035 1597 4104 ignis,
1630 4047 1730 4088 nec
1775 4033 1951 4097 cibus,
1978 4047 2075 4088 nec

518 4123 743 4189 ferrum,
772 4140 871 4179 nec
897 4140 984 4179 res
1003 4124 1103 4178 ulla
1129 4125 1233 4179 alia
1262 4136 1448 4195 suapte
1486 4136 1697 4190 natura,
1725 4125 1809 4179 vel
1842 4124 2077 4179 maxime

519 4214 667 4270 utilis
723 4227 826 4279 est,
870 4216 953 4270 vel
999 4216 1230 4271 tiiaxime
1280 4219 1462 4285 noxia,
1516 4232 1699 4272 verum
1750 4227 1809 4271 ut
1862 4217 1953 4283 iis,
1985 4216 2077 4285 qui

518 4315 760 4374 utuntur,
824 4308 1033 4377 placet;
1084 4318 1245 4377 atque
1294 4310 1427 4364 adeo
1478 4322 1509 4363 e
1562 4308 1843 4379 reptilibus
1895 4306 2079 4362 bestiis

516 4398 779 4467 quasdam
815 4399 1078 4455 interdum
1116 4388 1443 4456 salutaribus
1471 4399 1873 4455 medicamentis
1901 4398 2074 4454 admi-

515 4502 728 4544 scemus
759 4506 774 4543 :
800 4490 985 4545 eodem
1008 4504 1107 4544 nos
1138 4506 1351 4559 quoque
1388 4491 1545 4546 modo
1573 4506 1639 4546 ex
1664 4490 1862 4546 litteris
1893 4490 1996 4544 illis
2020 4500 2074 4545 et

2177 3580 2432 3651 μιουργὸν
2481 3580 3017 3653 καταλαμϐάνοντες,
3054 3585 3181 3649 καὶ,
3223 3586 3252 3639 ὃ
3307 3601 3469 3656 φησιν
3515 3586 3547 3638 ὁ
3596 3584 3746 3650 θεῖος

2181 3670 2520 3736 Ἀπόστολος,
2550 3672 3039 3744 αἰχμαλωτίζοντες
3059 3676 3167 3749 πᾶν
3192 3677 3367 3748 νόημα
3388 3679 3467 3742 είς
3485 3679 3744 3751 Χριστόνο

2167 3761 2244 3827 ὡς
2272 3762 2327 3816 δὲ
2357 3765 2448 3818 καὶ
2477 3766 2668 3836 πυρὸς,
2704 3768 2799 3823 καὶ
2825 3769 3053 3840 τροφῆς,
3084 3770 3178 3823 καὶ
3209 3770 3427 3842 σιδήρου
3447 3812 3462 3839 ,
3493 3771 3588 3824 καὶ
3630 3770 3744 3824 τῶν

2169 3853 2365 3920 ἄλλων,
2398 3855 2550 3911 οὐδὲν
2573 3857 2691 3910 καθ’
2716 3859 2874 3912 ἑαυτὸ
2904 3860 3318 3933 χρησιμώτατον
3348 3863 3525 3933 ἴσμεν,
3552 3862 3584 3934 ἢ
3616 3862 3745 3933 βλα-

2171 3944 2495 4016 ϐερώτατον,
2535 3947 2649 4001 ἀλλ’
2679 3950 2827 4014 ὅπως
2862 3949 2928 4004 ἂν
2968 3952 3097 4024 δοκῇ
3128 3955 3239 4016 τοῖς
3268 3953 3571 4025 χρωμένοις
3602 3954 3739 4025 (11)’

2172 4034 2270 4106 ἤδη
2299 4036 2356 4089 δὲ
2380 4037 2473 4090 ita).
2498 4036 2606 4092 τῶν
2635 4039 2977 4111 ἐρπυστικῶν
3007 4041 3115 4114 (12)
3149 4042 3351 4116 θηρίων
3377 4044 3541 4110 ἔστιν,
3570 4046 3608 4101 ἃ
3629 4049 3744 4110 τοίς

2177 4127 2314 4199 πρὸς
2376 4131 2648 4203 σωτηρίαν
2707 4134 3018 4206 φαρμάκοις
3070 4137 3505 4209 συνεκεράσαμεν
3530 4156 3545 4170 ’
3598 4138 3744 4193 οὕτω

2174 4220 2269 4275 καὶ
2297 4220 2410 4292 (15)
2445 4224 2668 4289 τούτων,
2711 4226 2771 4280 τὺ
2806 4227 2904 4298 μὲν
2948 4226 3286 4293 ὲξεταστικόν
3318 4247 3377 4285 τε
3407 4231 3499 4284 καὶ
3533 4230 3746 4304 θεωρη-

2173 4310 2345 4395 τικὸν,
2382 4311 2715 4382 ὲδεξάμεθα’
2752 4310 2877 4369 ὅσον
2908 4315 2965 4369 δὲ
2998 4319 3079 4378 εἰς
3115 4317 3375 4389 δαίμονας
3415 4319 3601 4391 φέρει,
3647 4321 3745 4374 καὶ⁵

2178 4401 2406 4474 πλάνην,
2438 4408 2533 4459 καὶ
2571 4406 2846 4470 ἀπωλείας
2880 4408 3071 4480 βυθὸν,
3100 4409 3471 4483 διεπτύσαμεν
3493 4427 3508 4441 ·
3540 4411 3621 4465 ὅτι
3664 4414 3745 4484 μὴ

2177 4493 2287 4547 κάκ
2313 4494 2514 4549 τούτων
2542 4499 2679 4570 πρὸς
2705 4499 3010 4555 θεοσέϐειαν
3033 4503 3358 4574 ὼφελήμεθα
3392 4502 3524 4576 (ﬂ),
3555 4504 3619 4559 ὲκ
3649 4505 3745 4559 τοῦ

515 4580 831 4651 disciplinis,
862 4581 914 4635 id
947 4595 1097 4647 sane,
1128 4581 1270 4649 quod
1327 4581 1379 4635 iu
1421 4581 1739 4651 inquirenda
1772 4595 1951 4636 rerum
1976 4595 2062 4635 na-

2179 4585 2420 4658 χείρονος
2478 4588 2540 4642 τὸ
2591 4593 2832 4664 κρεῖττον
2875 4594 3285 4666 καταμαθόντες
3330 4594 3462 4668 (15),
3512 4597 3607 4650 καὶ
3646 4595 3747 4668 τὴν

585 4692 633 4726 ’⁸
670 4691 797 4761 Sap.
825 4707 945 4757 xm,
980 4692 1033 4747 5.
1108 4693 1155 4724 ⁹¹
1191 4693 1229 4748 ll
1260 4693 1387 4748 Cor.
1423 4710 1476 4759 ι,
1503 4694 1556 4749 5.

588 4808 701 4885 (97)
730 4804 1026 4885 pic-fork.
1057 4809 1165 4885 Sic_
1188 4810 1355 4885 R_egg.
1390 4825 1442 4885 ξ.
1482 4826 1534 4877 c,
1567 4812 1621 4885 d,
1652 4813 1762 4877 bm,
1794 4818 1887 4885 ph,
1922 4810 2016 4868 Or.
2045 4810 2083 4866 2

517 4887 574 4933 et
601 4877 785 4932 Comh.
820 4878 985 4932 Prave
1015 4880 1067 4932 in
1100 4880 1187 4934 ed.
1216 4877 1362 4941 Pati,
1394 4880 1476 4933 ὄτι
1505 4881 1646 4944 τούς.

523 5017 591 5090 ρή

520 5164 575 5210 et
603 5154 698 5230 Or.
722 5154 867 5230 lu
901 5159 1010 5230 et!"
1042 5158 1165 5230 μήτ’
1192 5154 1373 5230 αὐτόνῖ

591 5224 669 5300 (1
709 5224 899 5300 ράθω.
930 5224 1198 5300 ΟοίἑΙᾙΩ,
1224 5228 1504 5300 πάθωμεν.

591 5294 670 5435 (2)
702 5297 1147 5377 Παλαιομένοις.
1183 5298 1237 5352 In
1275 5294 1560 5365 nonnullis,
1589 5302 2015 5375 παλαιουμένοις.

616 5365 672 5435 3)
716 5367 785 5419 Ἃ
813 5365 881 5419 δὲ
897 5367 1188 5435 οὐδαμῶς.
1218 5368 1312 5424 Or.
1340 5369 1396 5431 σε,
1429 5369 1457 5421 δ
1489 5370 1533 5435 δ’
1562 5373 1830 5435 οὐδαμῶς.

712 5367 785 5445 :A
813 5365 881 5419 δὲ
897 5367 1188 5445 ορδιξμῶς.
1218 5368 1312 5445 Or.
1429 5369 1457 5421 ὃ
1489 5370 1533 5445 ξ
1562 5365 1830 5445 οὐδαμῶςξ

595 5434 671 5507 (4)
704 5438 997 5505 Περιττός.
1032 5434 1162 5507 Reg.
1188 5442 1255 5504 ph
1290 5439 1451 5503 addit,
1477 5434 1632 5499 εἶναι.

595 5504 1258 5587 (5)}42‘wpq10ﬁ010m.
1317 5508 1430 5587 ξὶιι,
1458 5523 1601 5567 recte
1662 5529 1798 5571 unus
1848 5515 1976 5585 Reg.
2034 5525 2087 5571 et

525 5574 688 5646 Coisl.
708 5576 773 5646 2.;
792 5575 848 5628 In
865 5574 988 5646 ﬁed"
1024 5574 1089 5630 ἂν
1115 5575 1516 5646 ὡμολογῆσθαι.

598 5645 675 5709 (ϐὶ
713 5644 822 5699 Τὸν
841 5645 1008 5700 γοῦν.
1043 5646 1134 5702 Or.
1167 5644 1221 5713 9,
1245 5644 1512 5702 τῶννοῦν.

601 5712 676 5782 (7)
710 5715 932 5785 Μάνην.
967 5717 1060 5773 Or.
1093 5716 1149 5785 2,
1190 5712 1366 5787 μόνον.

589 4946 1268 5068 εὶέὲειὲαραχωρήσομεν.
1302 4948 1469 5021 chg.
1501 4951 1588 5005 bm
1622 4960 1675 5006 et
1699 4952 1788 5021 ph,
1819 4969 2062 5025 παραχω·

2177 4956 2474 5068 ήίῆῗέρίῗέῑ

2254 4814 2331 4939 (8)
2375 4815 2716 4888 Ἦμετέραν,
2823 4814 2965 4872 πᾶν.
3020 4816 3110 4873 Sic
3161 4819 3265 4873 duo
3313 4816 3470 4885 Regg.
3532 4826 3587 4870 et
3639 4817 3745 4872 duo

2256 4902 2345 4939 ts.
2405 4887 2460 4939 In
2519 4888 2802 4939 nonnullis.
2860 4887 3150 4939 ἡμετέραν.
3194 4889 3312 4939 ἣτις
3364 4889 3489 4939 πᾶν.
3526 4887 3581 4939 In
3629 4889 3743 4939 εὐ.-

2177 4885 2345 4942 Coisl.
2405 4885 2460 4941 In
2519 4885 2802 4954 nmmullis,
2860 4887 3150 4960 ἡμετέραν,
3194 4889 3312 4958 ἧτις
3364 4889 3489 4941 πᾶν.
3526 4887 3581 4940 In
3629 4889 3743 4953 ed.,

2177 4956 2474 5027 ἡμετέραν.
2505 4956 2538 5027 ἢ
2565 4958 2695 5027 πᾶν·
2934 5025 2955 5027 _
3078 5026 3087 5027 ί
3282 5026 3287 5027 ,
3630 5025 3669 5027 η

2565 4973 2673 5010 παν
2680 4996 2695 5010 .

2251 5026 2326 5098 (9)
2353 5025 2587 5081 Πολλοὶ
2634 5025 3022 5096 Χριστιανῶν.
3078 5026 3133 5080 1η
3184 5026 3519 5096 quibusdam,
3555 5025 3741 5080 πολλοὶ

856 5089 1106 5162 ταυτόν.
1131 5086 1427 5162 Sic_Rrgg.
1459 5104 1512 5154 a,
1545 5102 1597 5155 c,
1624 5090 1676 5157 d,
1713 5092 1803 5162 ph,
1850 5092 2014 5148 Coisl.
2053 5095 2062 5146 i

2221 5032 2326 5109 _(9)
2365 5032 2447 5081 Πο

2181 5114 2310 5158 των,
2342 5106 2447 5151 etc.

2252 5166 2364 5236 (l0)
2395 5166 2811 5237 Διαφεύγομεν.
2863 5167 2953 5221 Sic
2989 5167 3224 5236 quinque
3265 5164 3456 5237 Regg.,
3491 5167 3586 5224 Or.
3615 5167 3653 5222 2
3687 5177 3740 5222 et

2183 5235 2370 5307 Cotttb.
2407 5237 2461 5289 In
2484 5235 2601 5307 ed“;
2622 5235 3022 5307 διαφεύγωμεν.

2260 5304 2370 5375 (11)
2398 5304 2755 5376 νΧρωμένοιξ.
2783 5304 2945 5361 (Ζοίεἰ.
2976 5307 2998 5359 1
3035 5315 3106 5376 et
3129 5304 3276 5361 Pass.
3313 5304 3531 5372 addunt,
3571 5304 3738 5369 οὕτως

2185 5374 2361 5441 ἔδοξεν
2380 5374 2543 5446 ἔχειν,
2571 5395 2590 5427 ι
2625 5378 2702 5430 sic
2730 5391 2797 5446 se
2819 5376 3064 5446 videntur
3096 5374 3310 5431 habere.
3345 5393 3362 5446 ρ

2410 5445 2841 5531 ᾎΕζρπυστεκῷὶν.
2880 5445 3306 5531 [ἰν-ᾳεδιιηκριι,
3338 5445 3697 5531 ὲρπηστικῶν.

2255 5513 2365 5586 (15)
2407 5513 2567 5568 Οὕτω
2601 5515 2718 5586 καί.
2751 5515 2879 5586 Reg.
2917 5516 3007 5583 ph,
3031 5513 3170 5586 οὕτω
3196 5515 3258 5586 δὴ
3295 5513 3405 5586 καί.

2255 5584 2363 5657 (id)
2411 5584 2792 5657 Ὠερελήμεθιι.
2821 5584 2992 5657 Pass,
3019 5585 3388 5655 ὠφελούμεθα.

2255 5653 2365 5726 (15)
2401 5656 2860 5726 Κατᾳμαιζόντες.
2914 5653 3045 5725 Reg.
3072 5653 3180 5711 bin.
3215 5653 3726 5726 καταμανθάνοντες.

2184 5724 2275 5781 Or.
2307 5724 2362 5786 ‘2.
2391 5724 2912 5790 καταλαμϐάνοντες,
2948 5742 2966 5776 t
3002 5724 3473 5791 deprehendendos.
3505 5744 3524 5777 ι
