4050 6298
251 391 356 448 509

1066 403 1322 465 ORATIO
1360 409 1542 469 XLIII.
1582 444 1651 454 —
1689 414 1753 469 IN
1794 408 2071 473 LAUDEM
2123 409 2363 469 BASIL’II
2409 413 2640 471 MAGNI.

3403 430 3506 486 5!0

250 509 535 565 ἀσθένειαν
567 514 814 581 ἐκείνων,
864 519 1018 589 ἰσχὺν
1060 523 1154 576 τοῦ
1189 524 1311 578 καθ’
1346 530 1494 598 ἡμᾶς
1535 530 1693 599 λόγου
1730 550 1828 585 πε-

1937 545 2052 590 tura
2086 544 2148 591 et
2173 535 2623 603 contemplatione
2658 544 2925 604 versatur,
2960 540 3319 609 suscepimus;
3346 546 3506 610 quid-

251 604 540 671 ποιημένοι
593 606 724 677 (16).
763 608 970 664 Οὔκουν
998 613 1325 684 ἀτιμαστέον
1367 619 1463 689 τὴν
1516 622 1816 688 παίδευσιν,

251 693 335 744 δτι
365 694 526 747 τοῦτο
556 696 704 750 δοκεῖ
732 717 872 753 τισιν
894 720 907 732 ·
938 703 1073 757 ἀλλά
1103 709 1324 771 σκαιοὺς
1351 710 1445 763 καὶ
1474 712 1829 777 ἀπαιδεύτους

253 784 596 857 ὑποληπτέον
648 792 773 855 τοὺς
823 792 991 857 οὕτως
1040 796 1295 867 ἔχοντας,
1353 802 1403 854 οἳ
1462 802 1718 872 βούλοιντ’
1764 806 1830 859 ἂν

252 876 504 942 ἅπαντας
530 875 664 936 εἶναι
692 884 811 937 καθ’
841 887 1086 952 ἑαυτοὺς,
1129 891 1194 945 ἵν’
1231 894 1287 945 ὲν
1321 893 1398 965 τῷ
1428 897 1590 967 κοινῷ
1623 898 1682 950 τὸ
1711 901 1828 951 κατ’

249 969 449 1033 αὐτοὺς
486 972 828 1044 κρύπτηται,
861 978 953 1029 καὶ
998 981 1121 1043 τοὺς
1155 983 1251 1053 τῆς
1294 985 1649 1050 ἀπαιδευσίας
1678 987 1828 1056 ἐλέγ-

250 1077 383 1128 χους
410 1060 883 1132 διαδιδράσκωσιν.
935 1069 1085 1122 Ἐπεὶ
1114 1072 1169 1123 δὲ
1203 1074 1359 1129 τοῦτο
1392 1078 1699 1148 ὑπεθέμεθα
1737 1080 1831 1131 καὶ

248 1150 811 1226 ἀνωμολογησάμεθα,
856 1158 1007 1229 φέρε,
1037 1161 1107 1215 τὰ
1134 1166 1251 1217 κατ’
1284 1166 1442 1221 αὑτὸν
1475 1169 1587 1241 (I7)
1618 1168 1827 1241 θεωρή-

256 1258 333 1293 σω
339 1260 461 1312 μεν.

1936 629 2063 696 quid
2091 633 2279 682 autem
2322 626 2387 678 ad
2423 626 2713 694 daemones,
2755 641 2808 683 et
2841 644 3105 695 errorem,
3136 641 3191 687 et
3231 635 3378 689 exitii
3404 651 3504 690 vo-

1938 720 2181 788 raginem
2224 716 2393 779 ducit,
2424 719 2746 786 respuimus.
2780 720 2889 776 lmo
2922 725 3085 778 etiam
3118 725 3184 780 ab
3213 742 3278 781 eo
3311 730 3376 783 ad
3414 728 3507 783 Dei

1940 810 2142 864 cultum
2193 804 2365 874 udjnti
2423 821 2630 874 sumus,
2686 812 2939 866 nimirum
2994 831 3061 870 ex
3117 818 3392 884 deteriori,
3429 821 3503 885 id,

1936 900 2076 967 quod
2124 896 2471 969 praestantius
2518 906 2619 964 est,
2651 914 3054 969 cognoscentes,
3090 914 3250 974 atque
3303 907 3505 961 doctri-

1937 1006 2058 1043 nam
2078 1000 2325 1045 nostmm
2355 987 2567 1041 illorum
2594 988 2958 1047 imbecillitate
2985 994 3285 1051 fulcientes.
3309 998 3506 1063 Quam-

1934 1084 2142 1151 obrem,
2180 1101 2289 1139 nou
2319 1080 2521 1135 idcirco
2559 1082 2793 1138 eruditio
2831 1089 3217 1142 contemnenda
3240 1101 3340 1157 est,
3363 1093 3505 1160 quod

1935 1173 2007 1225 ita
2046 1174 2371 1242 quibusdam
2405 1169 2688 1236 videatur;
2734 1173 2861 1241 quin
2904 1175 3101 1243 potius,
3143 1176 3291 1231 stulti
3347 1188 3507 1246 atque

1932 1263 2162 1331 imperiti
2216 1260 2448 1320 habendi
2503 1272 2646 1327 sunt,
2687 1264 2775 1330 qui
2804 1264 2905 1317 hoc
2938 1266 3268 1332 existimant,
3296 1269 3493 1336 quique

251 1349 443 1389 omnes
468 1337 549 1390 sui
577 1338 775 1395 similes
802 1357 921 1396 esse
942 1344 1177 1412 cupiant,
1209 1357 1264 1400 ut
1290 1349 1492 1417 privata
1560 1365 1747 1405 eorum
1823 1352 2034 1406 inscitia
2087 1354 2186 1408 sub
2258 1352 2535 1410 communi
2587 1351 2824 1416 delileal.
2870 1368 2968 1408 nec
3019 1357 3305 1424 quisquam
3369 1357 3507 1424 i050'

266 1440 387 1479 rum
416 1427 744 1497 imperitiam
781 1434 974 1502 prodat
1038 1444 1093 1489 et
1148 1452 1425 1506 coarguat.
1493 1441 1607 1495 Hoc
1649 1442 1813 1511 igitur
1879 1444 2052 1510 posito
2099 1454 2258 1512 atque
2314 1460 2412 1513 pro
2454 1438 2701 1499 confesso
2741 1440 2946 1507 habiIO,
2978 1458 3094 1512 age,
3121 1442 3305 1499 Basilii
3336 1446 3500 1500 vitam

254 1518 705 1585 contemplemur.

328 1609 426 1661 nr.
470 1611 552 1663 Τά
578 1613 675 1682 μὲν
701 1615 764 1687 δὴ
793 1618 984 1689 πρῶτα
1006 1622 1105 1692 τῆς
1134 1621 1344 1691 ἡλικίας
1375 1621 1479 1675 ὑπὸ
1511 1622 1588 1692 τῷ
1611 1623 1831 1693 μεγάλῳ

255 1701 447 1770 πατρὶ,
491 1703 550 1755 ὃν
584 1707 759 1761 κοινὸν
807 1712 1099 1783 παιδευτὴν
1142 1712 1340 1783 ἀρετῆς
1381 1713 1409 1762 ὁ
1444 1714 1640 1778 Πόντος
1680 1731 1830 1785 τηνι-

2016 1618 2124 1671 Xll.
2160 1618 2337 1672 Prima
2386 1618 2548 1689 igitur
2580 1624 2741 1674 aetate
2775 1616 2885 1669 sub’
2916 1631 3108 1685 magno
3144 1625 3314 1684 patre,
3344 1632 3500 1686 quem

1937 1725 2278 1765 communem
2311 1710 2522 1763 virtutis
2577 1712 2894 1780 magistrum
2937 1694 3002 1761 eo
3025 1717 3263 1775 tempore
3294 1708 3500 1762 Pontus

254 1794 432 1848 καῦτα
462 1799 830 1867 προύϐάλλετο
849 1843 862 1865 ,
895 1804 1299 1876 σπαργανούται
1329 1806 1420 1858 καὶ
1445 1806 1827 1862 διαπλάττεται

1935 1802 2287 1871 proponebat,
2335 1802 2477 1856 velut
2527 1802 2711 1857 fasciis
2752 1799 3064 1862 involvitur.
3096 1809 3257 1868 atque
3292 1802 3495 1870 optimo

254 1883 454 1937 πλάσιν
500 1887 609 1957 (18)
658 1890 755 1961 τὴν
799 1894 1029 1965 ἀρίστην
1060 1912 1116 1947 τε
1162 1895 1256 1948 καὶ
1292 1893 1710 1967 καθαρωτάτην,
1762 1899 1827 1969 ἣν

252 1976 522 2048 ἡμερινην
566 1982 593 2032 ὁ
642 1981 781 2046 θεῖος
824 1986 988 2039 Δαϐιδ
1036 1986 1214 2049 καλῶς
1263 1986 1549 2055 ὀνομάζει,
1587 1991 1679 2041 καὶ
1728 1991 1829 2060 τῆς

253 2069 578 2138 νυκτερινῆς
613 2072 903 2126 ἀντίθετον.
956 2076 1090 2127 Ὑπὸ
1130 2076 1193 2146 δὴ
1221 2074 1421 2144 τούτῳ,
1455 2079 1546 2130 καὶ
1594 2078 1705 2147 βίον
1738 2081 1827 2132 καὶ

254 2158 411 2226 λόγον
446 2162 943 2236 συναυξανομένους
971 2186 1027 2220 τε
1060 2170 1151 2222 καὶ
1187 2172 1529 2233 συνανιόντας
1560 2171 1822 2242 ἀλλήλοις.

254 2252 279 2302 ὁ
331 2252 638 2323 Θαυμάσιος
689 2260 1100 2315 ὲκπαιδεύεταιο
1150 2264 1211 2315 οὑ
1259 2264 1581 2318 Θετταλικὸν
1636 2283 1688 2318 τι
1736 2267 1827 2319 καὶ

257 2344 430 2413 δρειον
462 2346 654 2417 ἄντρον
688 2349 870 2418 αὐχῶν
892 2392 904 2416 ,
940 2352 1015 2414 ὡς
1052 2353 1256 2423 ἀρετῆς
1294 2356 1672 2427 ἐργαστήριον,
1709 2357 1829 2410 οὐδέ

254 2453 374 2488 τινα
422 2437 735 2509 Κένταυρον
767 2441 875 2510 (l9)
917 2443 1153 2506 ἀλαζόνα
1204 2446 1313 2498 τῶν
1347 2449 1463 2499 κατ’
1504 2448 1663 2500 αὑτὸν
1714 2448 1824 2517 (20)

254 2528 452 2598 ἡρώων
478 2530 817 2595 διδάσκαλον,
842 2535 963 2587 οὐδὲ
988 2536 1207 2599 πτῶκας
1246 2537 1477 2607 βάλλειν,
1561 2542 1824 2611 κατατρέ-

256 2635 370 2686 χειν
396 2618 624 2688 νεϐρῶν,
660 2620 691 2691 ἢ
730 2622 980 2693 θηρεύειν
1012 2624 1242 2693 ἐλάφους
1277 2628 1366 2679 ὑπ’
1391 2628 1553 2680 αὑτοῦ
1585 2629 1828 2684 διδασκό-

258 2725 442 2776 μενος,
471 2709 504 2778 ῆ
530 2711 596 2762 τὰ
618 2711 883 2782 πολεμικά
914 2713 1200 2783 κράτιστος
1223 2711 1380 2781 εἶναι,
1404 2716 1435 2786 ἢ
1460 2717 1827 2787 πωλοδαμνεῖν

255 2799 478 2870 ἄριστα,
511 2800 588 2871 τῷ
626 2802 772 2873 αὐτῷ
800 2802 961 2873 πώλῳ
991 2806 1084 2859 καὶ
1124 2806 1425 2877 διδασκάλῳ
1456 2807 1765 2878 χρώμενος,
1792 2809 1825 2879 ἢ

258 2891 477 2960 μυελοῖς
503 2892 717 2962 ἐλάφων
751 2913 809 2947 τε
849 2897 943 2948 καὶ
965 2897 1196 2950 λεόντων
1221 2901 1329 2962 τοῖς
1364 2899 1611 2968 μυθικοῖς
1640 2902 1827 2972 ἐκτρε-

257 2984 519 3054 φόμενος·
561 2986 696 3039 ἀλλὰ
731 2988 828 3058 τὴν
868 2989 1155 3056 ἐγκύκλιον
1190 2990 1463 3043 παίδευσιν
1505 2993 1825 3063 παιδευόμε-

255 3091 364 3139 νος,
420 3078 515 3130 καὶ
557 3078 867 3131 θεοσέϐειαν
908 3078 1339 3151 ἐξασκούμενος,
1385 3082 1506 3145 καὶ,
1558 3084 1826 3137 συνελόντι

1937 1893 2473 1960 illo,purissimoque
2526 1895 2796 1962 Iigmcuto,
2857 1889 2997 1961 quod
3050 1891 3213 1943 David
3250 1891 3498 1945 diurnum

1936 1986 2156 2054 pulchre
2205 1994 2360 2037 vocat
2403 1984 2472 2047 ",
2523 1997 2891 2054 nocturnoque
2953 1981 3256 2052 oppositum
3297 1982 3501 2053 efﬁngi-

1935 2085 2041 2131 tur.
2066 2076 2175 2132 Sub
2205 2077 2305 2131 hoc
2340 2076 2520 2145 igitur,
2558 2089 2611 2130 et
2637 2077 2741 2131 vita
2782 2076 2959 2141 simul,
2991 2086 3043 2130 et
3066 2090 3314 2130 sermone
3358 2077 3501 2143 pari-

1934 2175 2017 2220 ter
2060 2168 2487 2236 augescentibus,
2545 2177 2707 2236 atque
2752 2168 2802 2220 in
2852 2169 3036 2223 altum.
3070 2167 3498 2236 assurgentibus.

1938 2258 2182 2327 egregius
2218 2256 2533 2310 adolescens
2571 2258 2845 2325 eruditur;
2884 2274 2989 2312 non
3035 2259 3402 2314 Thessalicmn
3444 2266 3498 2310 et

1936 2361 2247 2404 montanum
2300 2349 2462 2418 779
2494 2350 2759 2417 quoddam
2800 2360 3040 2416 antrum,
3070 2352 3221 2420 quasi
3269 2352 3493 2406 virtutis

1936 2440 2175 2496 scholam
2224 2450 2280 2494 et
2332 2440 2635 2503 oﬂicinam,
2683 2442 2933 2507 jactans,
2997 2457 3094 2497 nec
3155 2454 3494 2513 arrogantem

1935 2532 2217 2600 quemdam
2272 2530 2622 2597 Centaurum,
2677 2534 2895 2587 heroum
2951 2536 3033 2588 sui
3074 2538 3331 2604 temporis
3359 2550 3496 2603 prae-

1934 2634 2229 2693 ceptorem,
2271 2639 2369 2677 nec
2405 2623 2473 2677 ab
2525 2640 2589 2678 eo
2639 2635 2808 2679 artem
2849 2627 3097 2695 percipit,
3143 2641 3246 2695 qua
3290 2626 3497 2694 lepores

1934 2716 2145 2786 Sagittis
2197 2716 2449 2785 conligat,
2492 2716 2574 2773 vel
2631 2716 2884 2769 hinnulos
2942 2732 3099 2770 cursu
3155 2718 3487 2786 insequatur,

1942 2809 2023 2862 vel
2068 2823 2260 2862 cervos
2290 2819 2539 2873 venetur,
2569 2808 2653 2861 vel
2687 2809 2738 2861 iu
2785 2810 2944 2863 rebus
3002 2808 3206 2862 bellicis
3236 2808 3481 2871 excellat,

1935 2901 2019 2956 vel
2045 2901 2250 2955 feroces
2288 2916 2461 2969 equos
2485 2902 2687 2968 optime
2718 2901 2917 2964 domet,
2944 2902 3132 2954 eodem
3178 2900 3424 2954 videlicet
3443 2911 3495 2954 et

1933 3008 2070 3060 equo
2097 3001 2250 3046 utens
2305 3001 2359 3045 et
2392 2993 2671 3061 magistro,
2703 3006 2800 3044 nec
2828 2990 3082 3044 fabulosis
3124 3006 3403 3045 cervorum
3433 3006 3496 3043 ac

1936 3084 2150 3140 leonum
2183 3083 2429 3137 medullis
2456 3084 2724 3146 nutritur;
2758 3083 2851 3135 sed
2890 3080 3140 3137 liberales
3170 3090 3313 3135 artes
3338 3082 3492 3135 duee-

255 3168 458 3235 φάναι,
509 3170 645 3241 πρὸς
680 3170 777 3240 τὴν
814 3172 1108 3241 μέλλουσαν
1147 3173 1453 3242 τελειότητα
1490 3174 1579 3227 διὰ
1619 3176 1724 3228 τῶν
1771 3176 1829 3240 ἐξ

1936 3184 2043 3240 tur,
2078 3184 2238 3242 atque
2269 3176 2333 3228 ad
2368 3174 2459 3229 Dei
2495 3174 2693 3228 cultum
2722 3173 3000 3236 excolitur,
3037 3182 3109 3237 et,
3150 3182 3208 3225 ut
3237 3187 3341 3226 uno
3372 3188 3490 3224 vcr-

253 3263 431 3332 ἀρχῆς
469 3262 801 3332 μαθημάτων
827 3265 1110 3335 ἀγόμενος.
1146 3267 1207 3317 ΟΞ
1242 3267 1337 3335 μὲν
1365 3265 1493 3334 γὰρ,
1528 3267 1558 3337 ἢ
1596 3267 1706 3336 βίον
1737 3269 1830 3338 μό-

256 3370 354 3405 νον
381 3354 516 3423 (LII),
540 3354 571 3424 ἦ
602 3354 755 3421 λόγον
782 3355 1225 3426 κατωρθωκότες,
1250 3356 1326 3426 τῷ
1356 3357 1525 3427 ἑτέρῳ
1545 3358 1601 3410 δὲ
1629 3358 1831 3412 λείπον-

250 3461 366 3506 τες,
409 3444 560 3497 ούδὲν
605 3445 712 3499 τῶν
754 3446 1171 3517 έτεροφθάλμων
1211 3449 1333 3517 ἐμοὶ
1368 3448 1542 3501 δοκεῖν
1574 3449 1682 3521 (22)
1712 3450 1827 3502 δια-

251 3536 535 3607 φέρουσιν,
573 3531 655 3600 οἷς
703 3538 909 3608 μεγάλη
972 3540 1069 3608 μὲν
1116 3540 1385 3609 ήζημία,
1438 3539 1618 3609 μεῖζον
1664 3540 1720 3593 δὲ
1768 3542 1829 3593 τὸ

250 3623 441 3698 αἶσχος
480 3628 646 3698 ὁρῶσι
676 3630 770 3682 καὶ
810 3630 1127 3701 ὁρωμένοις.
1166 3626 1259 3695 Οἷς
1295 3632 1352 3684 δὲ
1399 3633 1515 3684 κατ’
1544 3632 1826 3703 ἀμφότερα

250 3719 561 3789 εὐδοκιμεῖν
602 3722 872 3792 ὑπάρχει,
920 3723 1013 3775 καὶ
1056 3719 1192 3776 εἶναι
1228 3724 1583 3793 περιδεξίοις,
1618 3723 1826 3787 τούτοις

252 3813 348 3864 καὶ
386 3811 449 3863 τὸ
477 3808 613 3865 εἶναι
660 3812 770 3883 (‘25)
818 3814 1064 3877 τελείοις,
1110 3814 1202 3867 καὶ
1240 3814 1501 3883 βιοτεύειν
1550 3814 1687 3887 μετά
1728 3816 1825 3884 τῆς

251 3902 463 3955 ἐκεῖθεν
499 3905 915 3976 μακαριότητος.
944 3906 1119 3977 Ὅπερ
1144 3902 1235 3959 οὖν
1265 3908 1455 3978 ἐκείνῳ
1483 3908 1827 3978 συμϐέϐηκεν

252 3992 310 4048 εὖ
350 3996 538 4049 ποιοῦν
579 3998 690 4065 (24)
729 3997 939 4051 οἴκοθεν
968 3998 1141 4069 ἔχοντι
1189 4000 1288 4070 τῆς
1324 4001 1524 4071 ἀρετῆς
1567 4001 1625 4052 τὸ
1653 4001 1826 4072 παρά-

251 4086 473 4157 δειγμα,
515 4087 649 4157 πρὸς
700 4087 728 4140 ὃ
782 4088 992 4157 βλέπων
1025 4088 1181 4151 εὐθὺς
1228 4089 1446 4160 ἀριστος
1477 4085 1565 4160 ἦν.
1619 4091 1824 4161 Ὥσπερ

252 4177 378 4240 τοὺς
417 4176 625 4241 πώλους
651 4179 743 4231 καὶ
772 4180 896 4242 τοὺς
927 4179 1158 4249 μόσχους
1200 4179 1433 4250 ὁρῶμεν,
1468 4180 1603 4249 ὁμοῦ
1637 4183 1701 4249 τῇ
1733 4197 1824 4248 γε-

253 4267 399 4320 νέσει
430 4270 553 4331 ταῖς
597 4269 865 4340 μητράσιν
897 4269 1104 4323 ἑαυτῶν
1138 4272 1615 4343 παρασκαίροντας
1636 4289 1649 4302 ’
1686 4271 1826 4325 οὕτω

254 4361 346 4413 καὶ
384 4361 547 4435 αύτὸς
594 4361 673 4431 τῷ
718 4363 885 4433 πατρὶ
926 4362 1215 4431 παραθέων
1254 4363 1481 4433 ἐγγύθεν
1512 4365 1569 4417 ὲν
1605 4364 1826 4434 πωλικῷ

254 4452 329 4523 τῷ
358 4454 698 4524 φρυάγματι,
735 4457 827 4509 καὶ
865 4454 974 4508 τῶν
1011 4457 1194 4527 ἄκρων
1218 4456 1319 4525 τῆς
1350 4456 1550 4527 ἀρετῆς
1593 4457 1825 4527 κινημά-

1932 3270 2001 3322 bo
2048 3267 2395 3336 complectar,
2435 3281 2529 3336 per
2569 3268 2773 3335 primas
2813 3281 2875 3320 ac
2920 3265 3151 3335 pueriles
3186 3264 3496 3332 disciplinas

1932 3363 1998 3414 ad
2029 3360 2260 3413 futuram
2294 3359 2677 3428 perlectidnem
2710 3358 2939 3413 ducitur.
2968 3354 3123 3419 Nam,
3160 3356 3248 3423 qui
3275 3354 3355 3407 vel
3392 3370 3484 3406 so-

1933 3454 2013 3507 los
2045 3466 2243 3516 mores,
2279 3451 2361 3504 vel
2396 3450 2562 3505 solam
2594 3451 2891 3504 doctrinam
2943 3447 3216 3502 consecuti
3246 3455 3392 3508 sunt,
3423 3444 3491 3497 ab

1929 3546 2095 3597 altera
2128 3558 2256 3597 vero
2295 3543 2635 3604 deseruntur,
2660 3541 2694 3594 ii
2716 3541 2842 3594 mihi
2867 3540 3000 3593 nihil
3030 3554 3059 3592 a
3084 3537 3246 3592 luscis
3278 3534 3491 3589 dilferre

1930 3638 2197 3702 videntur,
2234 3635 2562 3705 quibuscum
2593 3647 2844 3700 magnum
2876 3631 3251 3686 detrimentum
3266 3630 3353 3693 sit,
3384 3640 3491 3682 tum

1929 3744 2056 3784 vero
2084 3729 2256 3798 major
2297 3728 2593 3798 turpitudo,
2651 3728 2766 3781 sive
2803 3725 2936 3779 alios
2987 3733 3226 3791 cernant,
3267 3723 3379 3776 sive
3425 3722 3492 3775 ab

1928 3820 2046 3873 aliis
2077 3830 2385 3873 cernantur.
2421 3818 2490 3871 At
2518 3817 2711 3887 quibus
2751 3826 2978 3884 utraque
3017 3814 3172 3869 laude
3209 3812 3490 3875 excellere,

1927 3928 1991 3966 ac
2018 3912 2159 3966 velut
2190 3910 2540 3967 ambidextris
2582 3924 2698 3964 esse
2722 3908 2965 3978 contigit,
3000 3907 3053 3961 hi
3084 3906 3333 3961 nimirum
3383 3921 3492 3959 om-

1929 4001 2086 4056 nibus
2134 4002 2373 4055 numeris
2408 4000 2639 4056 absoluti
2673 4008 2818 4066 sunt,
2852 4014 2916 4053 ac
2957 4013 3077 4052 cum
3120 3997 3341 4052 alterius
3369 3995 3491 4048 vita:

1927 4094 2258 4148 beatitudine
2300 4094 2461 4147 vitam
2508 4102 2693 4161 agunt.
2732 4091 2884 4158 Quod
2922 4090 3135 4159 quidem
3170 4088 3264 4153 illi,
3300 4096 3356 4140 ut
3393 4100 3491 4154 par

1926 4193 2063 4247 erat,
2099 4183 2345 4253 contigit,
2378 4184 2575 4251 quippe
2608 4180 2699 4249 qui
2743 4179 3093 4234 domesticum
3128 4176 3347 4231 haberet
3374 4176 3487 4228 vir-

1928 4276 2060 4330 tutis
2084 4275 2379 4344 exemplar,
2410 4275 2463 4327 in
2494 4274 2634 4342 quod
2681 4271 2958 4326 oculorum
2996 4271 3163 4323 aciem
3192 4270 3487 4332 intendens,

1927 4364 2109 4417 statim
2169 4365 2404 4432 Optimus
2442 4371 2577 4416 erat.
2625 4360 2692 4414 Et
2740 4359 3184 4427 quemadmodum
3231 4372 3488 4426 equorum

1932 4454 2130 4524 pullos,
2162 4469 2226 4509 ac
2254 4454 2473 4517 vitulos,
2500 4452 2660 4507 simul
2687 4461 2844 4519 atque
2880 4454 2930 4503 in
2959 4451 3126 4504 lucem
3157 4450 3488 4517 prodierunt,

254 4559 381 4607 των,
417 4543 479 4595 ού
516 4545 801 4614 παραπολὺ
831 4545 1145 4616 λειπόμενος
1169 4563 1184 4577 ⁸
1225 4548 1271 4599 εί
1305 4546 1481 4615 βούλει
1514 4545 1591 4610 δὲ,
1624 4548 1724 4600 κάν
1751 4551 1815 4618 τῇ

1932 4549 2185 4604 matribus
2233 4549 2345 4603 suis
2395 4546 2657 4602 assultare
2702 4544 3094 4609 videmus;sic
3141 4542 3229 4597 ille
3279 4552 3487 4611 patrem

328 4653 377 4683 "
397 4652 536 4707 Psal.
568 4670 828 4723 cum”,
862 4656 949 4711 16.

326 4805 440 4928 9,3)
458 4806 887 4928 υξιῗξοέᾎμένοι.
938 4806 1066 4879 Reg.
1130 4812 1184 4874 d,
1239 4808 1614 4880 ποιησάμενοι,
1664 4818 1721 4866 et
1755 4811 1820 4865 ad

256 4893 428 4941 marg.
458 4887 513 4929 ut
550 4894 598 4929 tn
636 4887 721 4929 ed.

330 4948 439 5019 (Π)
487 4947 559 4999 Τὰ
588 4948 714 4999 κατ’
744 4949 956 5019 αὐτόν,
982 4966 999 4998 ι
1036 4948 1182 5003 Hanc
1206 4951 1359 5016 hujus
1382 4950 1505 5006 vita:
1535 4960 1765 5019 partem,
1798 4970 1816 5004 ι

258 5033 378 5088 qua:
426 5018 635 5091 litteras
679 5017 1119 5091 et‘er‘uditionem
1167 5029 1390 5088 spectat,
1428 5038 1447 5073 ι
1490 5017 1821 5091 contemple-

260 5086 400 5142 ritur.
436 5109 452 5138 ι
491 5086 694 5155 Etenim
728 5087 795 5141 de
822 5088 904 5142 his
924 5089 1011 5141 hic
1043 5086 1234 5155 agitur.

329 5157 442 5230 (l8)
469 5154 722 5230 Πλάσιν.
750 5157 906 5230 quta
944 5154 1201 5230 Nicetam,
1237 5159 1480 5229 perillud
1516 5160 1820 5230 ﬁgmentum

260 5227 591 5301 intelligitur;
627 5229 912 5301 baptisma,
966 5228 1048 5283 vel
1104 5227 1277 5301 potius
1331 5227 1733 5301 tnoresfquod
1769 5232 1823 5284 lio

260 5295 534 5370 gmentum
562 5295 725 5370 David
762 5295 1128 5370 ps._cxxxynt,
1156 5299 1243 5364 16,
1278 5318 1296 5351 ι
1321 5300 1566 5355 diurnum
1592 5295 1625 5351 ›’
1648 5310 1817 5366 vocat,

261 5367 447 5421 dicens
480 5382 493 5417 :
535 5386 553 5417 ι
586 5367 698 5430 Die,
734 5387 752 5419 ι
786 5368 872 5421 Vel
902 5386 920 5418 ‹
964 5384 1054 5436 per
1084 5372 1244 5435 diem,
1284 5389 1302 5421 ι
1337 5371 1416 5423 vel
1446 5389 1463 5422 ι
1507 5373 1557 5424 in
1589 5372 1673 5425 die
1714 5372 1821 5423 Ior-

261 5438 570 5491 mabuntur.
599 5454 618 5486 ι
648 5438 738 5511 §ic
755 5437 896 5511 enim
922 5438 1198 5511 legendum
1221 5456 1285 5495 ex
1306 5439 1492 5511 Graeco
1510 5451 1675 5511 textu,
1698 5440 1823 5511 ἠμέ-

261 5520 592 5579 pagfunon‘r
634 5508 747 5561 dies
778 5506 1168 5579 formabuntur,
1212 5528 1231 5561 ι
1262 5511 1395 5571 utin
1436 5508 1680 5578 Vulgata.

332 5576 447 5647 (l9)
487 5576 841 5644 Κένταυρον.
870 5576 1071 5633 Chiron
1111 5578 1428 5644 Centaurus,
1474 5576 1734 5635 Achillem
1769 5579 1823 5634 in

262 5646 598 5718 disciplinam
641 5656 943 5718 acceptum,
1006 5659 1060 5701 et
1120 5651 1326 5718 equime
1392 5666 1500 5704 sua:
1540 5650 1674 5715 parti
1722 5650 1824 5703 im-

263 5718 515 5785 positum,
535 5714 781 5782 jaculari,
818 5731 880 5770 ac
920 5718 1125 5785 lepores
1158 5714 1211 5773 et
1244 5720 1489 5773 hinnulos
1530 5714 1695 5775 ferire
1726 5719 1821 5773 do-

263 5784 434 5854 cchat.
472 5785 605 5839 Eum
636 5787 787 5841 lactis
818 5787 954 5854 loco,
981 5803 1259 5842 cervorum
1294 5802 1356 5842 ac
1379 5791 1587 5843 leonum
1618 5790 1820 5843 medul-

266 5853 328 5910 lis
373 5857 675 5923 nutriebat;
734 5856 877 5914 unde
935 5853 1108 5914 dictus
1148 5869 1229 5914 est
1276 5876 1294 5911 ι
1334 5858 1585 5925 Achilles,
1627 5878 1644 5911 ι
1687 5862 1826 5928 quod

1926 4802 2224 4933 Fomtnunis
2274 4816 2327 4864 et
2363 4807 2544 4863 usitati
2581 4806 2706 4871 cibi,
2735 4807 2826 4876 qui
2860 4805 3018 4876 χιλός)
3052 4804 3262 4871 dicitur,
3293 4818 3485 4875 expers

1950 4889 2106 4933 uertt.

1950 4881 2106 4935 nerit.

1990 4950 2101 5019 (20)
2129 4949 2267 5005 Κατ’
2297 4949 2502 5002 αὐτόν.
2558 4947 2647 5019 Sic
2684 4947 2847 5019 liegg.
2877 4945 2986 5019 b_m,
3031 4944 3119 5014 ph,
3164 4944 3267 5000 duo
3295 4944 3482 5008 Coisl.,

1921 5017 2010 5074 0r.
2032 5017 2089 5083 2,
2120 5020 2266 5083 Par.,
2292 5029 2397 5075 etc.
2432 5019 2485 5071 In
2508 5018 2616 5081 ed.,
2645 5018 2765 5070 κατ’
2790 5017 2986 5069 αὐτῶν.

1990 5090 2206 5162 (21)*[1
2243 5091 2387 5162 ﬁlo?
2422 5089 2630 5162 Major.
2682 5089 2838 5142 Deest
2890 5086 3043 5155 μόνον
3094 5086 3145 5139 in
3200 5085 3393 5157 Chrys.
3426 5085 3483 5140 In

1919 5159 2302 5215 Passfdesuut
2337 5160 2371 5230 ἦ
2395 5170 2449 5230 et
2474 5159 2652 5230 μόνον.

1991 5232 2101 5301 (22)
2143 5227 2370 5284 Δοκεῒνζ
2395 5227 2565 5301 Pass,
2588 5227 2750 5301 δοκεῖ.

2138 5301 2380 5372 Τούτοις,
2423 5298 2518 5372 καὶ
2571 5296 2633 5350 τὸ
2671 5292 2844 5372 εἶναι,
2883 5304 2983 5372 etc.
3017 5315 3035 5345 ι
3078 5295 3177 5372 Qui
3205 5304 3483 5372 utramque

1921 5365 2152 5435 laudem,
2185 5388 2203 5420 ι
2239 5370 2411 5437 inquit
2433 5368 2668 5429 Nicetas,
2706 5388 2723 5417 ι
2757 5367 3015 5420 doctrina:
3040 5365 3255 5437 scilicet
3286 5376 3341 5416 et
3363 5366 3482 5437 vita:

1922 5451 2004 5495 est
2025 5435 2325 5506 assecutus,
2373 5440 2417 5492 is
2466 5437 2735 5506 perfectus
2771 5446 2871 5506 est
2912 5450 3038 5506 :ac
3086 5436 3333 5506 deinceps
3370 5435 3480 5498 jam

1922 5525 2042 5564 cum
2076 5504 2313 5563 alterius
2335 5504 2513 5562 saeculi
2547 5505 2873 5561 beatitudine
2908 5505 3069 5558 vitam
3102 5504 3349 5567 traducit,
3377 5517 3480 5572 qua

1921 5582 2154 5648 puritate
2183 5588 2234 5648 e_t
2266 5576 2712 5648 contemplatione
2743 5575 2922 5648 pollet.
2958 5594 2977 5627 ›

1994 5648 2103 5720 (24)
2143 5644 2230 5701 Εὖ
2285 5639 2516 5720 ποιοῦιᾶ
2554 5646 2624 5720 In_
2667 5639 2953 5720 nonnullis,
3013 5639 3070 5720 εὖ
3127 5645 3318 5720 ποιεῖν,
3368 5651 3477 5720 etc.

1923 5737 1956 5844 lc)
1992 5713 2216 5773 Vir'tutis
2244 5718 2515 5789 exemplar
2543 5716 2762 5782 habens,
2791 5731 2895 5786 quo
2924 5717 3064 5773 domi
3097 5716 3349 5784 praeclare
3375 5713 3477 5770 itu-

1962 5798 2195 5844 ueretnr.
2229 5806 2247 5839 ›

1962 5798 2195 5845 ueretnr.
2229 5806 2247 5839 ›
