4050 6298
538 303 634 358 5H

1687 298 1745 355 S.
1787 295 2111 354 GREGORII
2150 295 2491 352 TIIEOI.OGI

3639 297 3744 352 512

537 433 657 468 cum
685 415 881 484 equino
903 424 956 468 et
985 427 1242 482 generoso
1261 412 1460 481 impetu
1483 426 1512 466 e
1543 413 1839 483 propinquo
1870 409 2087 463 aﬂ‘ecta-

2200 410 2528 480 σκιαγραφίᾳ
2553 409 2614 462 τὸ
2645 409 2830 480 μέλλον
2852 411 2946 480 τῆς
2971 408 3168 478 ἀρετῆς
3195 407 3304 478 (25)
3333 408 3523 473 κάλλος
3548 411 3749 483 ὑποση-

537 509 714 570 batur,
765 521 862 560 nec
905 521 931 560 a
973 505 1197 559 summis
1241 505 1454 558 virtutis
1513 505 1656 559 illius
1709 502 2089 573 agitationibus

535 599 690 668 Ioogo
739 597 1014 650 intervallo
1062 598 1325 661 distabat;
1359 606 1471 663 aut,
1518 598 1562 650 si
1615 597 1806 662 mavis,
1875 597 1928 650 in
1975 595 2086 660 ipsa

2195 500 2432 571 μαίνων,
2465 500 2557 551 καὶ
2587 499 2692 570 πρὸ
2728 499 2821 551 τοῦ
2861 499 3049 569 καιροῦ
3083 498 3180 569 τῆς
3223 498 3525 570 ἀκριϐείας,
3551 498 3619 551 τά
3647 500 3748 565 τῑλς

2192 590 2474 662 ἀκριϐείας
2505 590 3023 661 προχαραττόμενος.

537 707 746 760 quoque
811 693 1023 747 virtutis
1091 691 1522 756 adumbratione,
1569 692 1759 745 futurae
1812 689 2030 744 virtutis
2072 685 2518 756 pulchritudinem
2569 684 2960 750 subindtcabat,
3037 694 3196 752 atque
3239 685 3586 741 accuratioris
3633 687 3754 742 vita:

539 793 695 835 notas
723 794 846 836 ante
868 782 1217 837 accuratioris
1251 781 1373 835 vitae
1405 791 1612 850 tempus
1643 781 1976 851 prwfercbat.

618 872 752 926 XIII.
780 873 892 928 Illic
921 889 1080 941 porro
1112 889 1232 927 cum
1260 876 1392 929 satis
1423 875 1638 928 uberem
1664 873 1960 928 doctrinam
1989 870 2069 925 col

543 963 775 1032 legisset,
805 980 903 1017 nec
927 963 1003 1016 rei
1027 962 1341 1032 cujusquam
1373 963 1610 1017 honestae
1645 962 1888 1028 ignarum
1927 968 1980 1012 et
2006 972 2100 1012 ex-

547 1065 750 1124 pertem
783 1069 903 1108 eum
940 1069 1061 1108 esse
1091 1063 1386 1124 oporteret,
1420 1069 1515 1108 nec
1540 1053 1607 1107 ab
1635 1051 1863 1122 apicula,
1886 1065 2006 1120 quae
2033 1063 2097 1102 ex

543 1145 867 1214 quibuslibet
905 1144 1124 1199 ﬂoribus
1169 1145 1451 1198 utilissima
1481 1158 1703 1213 qumque
1728 1142 1984 1211 decerpit,
2018 1141 2097 1194 la—

544 1236 672 1291 bore
718 1251 780 1290 ac
827 1237 1106 1305 diligentia
1149 1236 1410 1305 superari,
1439 1234 1759 1298 Caesaream,
1788 1241 1845 1286 ut
1885 1231 2101 1286 schola-

548 1341 665 1380 rum
704 1325 852 1380 urbis
889 1327 1028 1382 illius
1061 1329 1326 1396 particeps
1373 1336 1536 1388 esset,
1587 1323 1894 1388 contendit;
1939 1324 2097 1384 hanc,

549 1417 785 1484 inquam,
817 1417 1078 1470 illustrem
1103 1417 1395 1480 civitatem,
1426 1423 1482 1469 et
1509 1424 1747 1468 nostram
1768 1413 1911 1481 (nam
1951 1426 2098 1465 meo-

547 1524 662 1561 rum
693 1523 903 1577 quoque
948 1509 1242 1562 studiorum
1291 1509 1394 1561 dux
1451 1515 1502 1560 et
1550 1507 1800 1575 magistra
1847 1502 2096 1571 exstitit),

551 1614 654 1652 non
691 1599 865 1652 minus
920 1577 1228 1650 litterarum,
1272 1607 1438 1665 atque
1489 1595 1949 1664 doctrinm,quam
2004 1609 2099 1647 ur—

2263 864 2364 917 II".
2405 863 2554 916 Ἐπεὶ
2573 863 2628 915 δὲ
2663 862 2858 926 ἱκανῶς
2885 857 2996 933 εἶχε
3026 863 3122 933 τῆς
3152 861 3380 916 ἐνταῦθα
3402 862 3752 926 παιδεύσεως,

2192 956 2298 1008 ἔδει
2329 956 2373 1008 δ’
2403 954 2562 1006 αὑτὸν
2597 954 2759 1024 μηδὲν
2803 953 2910 1006 τῶν
2942 953 3119 1006 καλῶν
3157 953 3465 1022 διαφυγεῖν,
3501 953 3635 1024 μηδὲ
3679 953 3757 1024 τῷ

2197 1048 2469 1117 φιλοπόνῳ
2512 1046 2611 1113 τῆς
2646 1045 2904 1116 μελίσσης
2940 1045 3360 1114 ἀπολειφθῆναι,
3397 1045 3756 1115 συλλεγούσης

2202 1141 2264 1192 ὲκ
2293 1138 2492 1200 παντὸς
2523 1136 2717 1199 ἄνθους
2748 1136 2814 1189 τά
2853 1135 3269 1208 χρησιμώτατα,
3302 1136 3393 1208 ἐπὶ
3421 1136 3516 1207 τὴν
3548 1138 3757 1190 Καισα-

2199 1230 2334 1302 ρέων
2362 1228 2513 1281 πόλιν
2540 1227 2649 1298 (26)
2673 1207 2968 1295 ἐπείγεται,
2994 1229 3099 1281 τῶν
3124 1228 3246 1298 τῇδε
3273 1207 3510 1298 μεθέξων
3538 1228 3757 1280 παιδευ-

2181 1320 2429 1390 -τηρίωνσ
2465 1318 2667 1387 ταύτην
2699 1319 2755 1371 δὲ
2799 1318 2940 1388 λέγω
2973 1320 3070 1390 τὴν
3102 1319 3370 1389 περιφανῆ
3399 1336 3459 1372 τε
3491 1319 3583 1372 καὶ
3621 1321 3758 1388 ἡμε-

2194 1410 2404 1480 τέραν(
2427 1410 2547 1462 ἐπεὶ
2585 1409 2678 1462 καὶ
2720 1409 2829 1462 τῶν
2869 1409 3014 1480 ἐμῶν
3041 1409 3211 1477 λόγων
3241 1409 3383 1482 αὕτη
3427 1410 3758 1481 καθηγεμὼν

2195 1502 2288 1554 καὶ
2312 1501 2681 1567 διδάσκαλος),
2709 1501 2807 1572 τὴν
2835 1501 2931 1571 οὐχ
2956 1497 3115 1574 ἦττον
3143 1501 3313 1569 λόγων
3343 1501 3691 1572 μητρόπολιν,
3723 1502 3756 1572 ἦ

2193 1592 2301 1646 τῶν
2324 1593 2530 1646 πόλεων
2558 1585 2632 1645 ῶν
2655 1592 2995 1663 ὑπέρκειται,
3027 1594 3117 1646 κα¹ι
3147 1594 3268 1646 καθ’
3296 1586 3371 1646 ὧν
3402 1593 3512 1664 ἔχει
3540 1594 3636 1664 τὴν
3668 1593 3760 1646 δυ-

549 1690 716 1753 bium,
753 1689 916 1759 780
939 1688 1131 1758 quibus
1160 1687 1412 1757 praecellit
1445 1697 1500 1742 et
1533 1687 1859 1748 dominatur,
1908 1694 2099 1738 metro-

2200 1684 2446 1738 ναστείαν
2467 1699 2480 1714 ·
2517 1684 2584 1755 ῆν
2622 1685 2675 1737 εί
2700 1701 2784 1749 τις
2813 1685 2906 1737 τοῦ
2947 1686 3005 1736 ἑν
3040 1685 3218 1753 λόγοις
3264 1685 3497 1756 κράτους
3529 1687 3760 1739 ἀποστε-

547 1748 1032 1849 polim;-qt'ta'm-si
1075 1748 1196 1847 quis
1248 1779 1504 1834 doctrinae
1543 1777 1715 1846 palma
1769 1775 2098 1845 spoliaverit,

2205 1778 2436 1847 ρήσειεν.
2473 1748 2773 1848 ἀιρῃρηκὼς
2814 1775 2963 1828 ἔσται
2997 1748 3127 1828 αύτδ
3168 1776 3226 1829 τὸ
3265 1748 3544 1830 κάλλιστόν
3574 1794 3630 1829 τε
3664 1779 3762 1829 καὶ

551 1886 659 1924 rem
696 1871 929 1924 omnium
968 1871 1382 1940 pulcherrimam
1438 1871 1649 1939 ipsique
1704 1871 1933 1922 maxime
1980 1884 2103 1937 pro-

546 1965 718 2032 priam
751 1963 1023 2032 eripuerit.
1060 1961 1194 2015 Nam
1228 1976 1347 2016 cum
1380 1963 1496 2014 alia:
1537 1961 1782 2014 civitates
1811 1959 1929 2013 aliis
1947 1974 2104 2013 orna-

549 2056 768 2121 tuentis,
807 2053 890 2108 vel
941 2053 1194 2122 antiquis,
1249 2053 1330 2105 vel
1378 2055 1530 2104 novis
1573 2049 1886 2119 glorientur,
1922 2056 2101 2117 prout,

548 2147 758 2215 Opinor.
809 2144 893 2200 vel
932 2143 1195 2205 historiis,
1224 2142 1306 2195 vel
1341 2142 1498 2195 rebus
1526 2140 1840 2210 quibusdam
1871 2138 2103 2193 visendis

544 2245 750 2291 ornata:
785 2244 939 2300 sunt;
970 2233 1107 2288 hanc
1139 2241 1349 2294 contra,
1389 2239 1447 2284 ut
1490 2246 1637 2284 arma
1691 2229 1772 2284 vel
1816 2228 2104 2298 tragtrdias

551 2338 691 2383 nota:
719 2325 962 2396 quadam
992 2332 1154 2394 atque
1192 2322 1444 2392 insignia,
1481 2321 1558 2376 sic
1605 2321 1900 2376 litterarum
1938 2319 2100 2390 gloria

548 2417 811 2478 nobilitat,
837 2414 1204 2482 illustremque
1237 2411 1431 2466 reddit.
1464 2410 1580 2465 Jam
1623 2425 1744 2480 qua:
1787 2418 2101 2480 sequuntur,

549 2507 585 2560 ii
617 2514 902 2574 exponant,
932 2503 1022 2571 qui
1054 2512 1108 2557 et
1133 2518 1252 2557 eum
1301 2503 1438 2570 apud
1468 2516 1526 2556 se
1557 2502 1885 2567 erudierunt,
1913 2508 1968 2555 et
1989 2499 2102 2554 fru—

549 2607 695 2651 ctum
724 2612 787 2650 ex
828 2597 994 2664 ipsius
1033 2595 1332 2648 eruditione
1386 2602 1669 2663 ceperunt;
1710 2603 1938 2661 quantus
1959 2593 2104 2647 vide-

559 2689 682 2742 licet
713 2688 1001 2758 magistris,
1037 2694 1270 2756 quantus
1294 2685 1583 2754 :equalibus
1612 2694 1771 2750 esset,
1807 2685 1923 2740 illos
1949 2684 2105 2738 nimi-

555 2796 673 2832 rum
710 2793 946 2846 aequans,
987 2779 1083 2832 hos
1111 2777 1254 2830 omni
1299 2777 1557 2829 doctrinae
1577 2790 1771 2844 genere
1799 2789 2058 2843 superans
2085 2791 2098 2836 ;

549 2883 803 2938 quantam
845 2867 981 2938 apud
1011 2882 1195 2922 omnes
1237 2876 1344 2922 tum
1395 2867 1650 2936 plebeios,
1706 2880 1814 2921 ttnn
1869 2867 2104 2921 civitatis

547 2963 829 3033 primarios
862 2962 1084 3031 gloriam
1127 2960 1272 3014 brevi
1321 2967 1562 3028 tempore
1609 2969 1883 3012 assecutus
1913 2958 2099 3022 fuerit;

2206 1867 2514 1921 ίδικώτατον
2546 1867 2677 1936 (27).
2711 1867 2900 1919 Ἀλλαι
2929 1868 3025 1937 μὲν
3064 1866 3170 1937 γὰρ
3207 1867 3312 1922 τῶν
3340 1869 3541 1921 πόλεων
3581 1868 3762 1932 ἄλλοις

2202 1957 2520 2026 ἀγάλλονται
2547 1957 3007 2026 καλλωπίσμασιν,
3034 1957 3065 2027 ἢ
3091 1957 3354 2021 παλαιοῖς,
3377 1959 3585 2028 ἢνέοις,
3611 1960 3764 2022 ὅπως

2204 2045 2270 2100 ἂν
2295 2042 2471 2117 οἶμαι,
2507 2045 2614 2099 τῶν
2633 2047 2986 2117 διηγημάτων
3010 2046 3224 2117 ἔχωσιν,
3252 2048 3285 2119 ἢ
3321 2049 3426 2102 τῶν
3446 2050 3761 2120 ὁρωμένων·

2201 2141 2266 2208 τῇ
2302 2137 2380 2201 δὲ,
2408 2137 2554 2206 λόγοι
2586 2137 2645 2190 τὸ
2688 2137 2994 2209 γνώρισμα,
3027 2139 3212 2213 ὥσπερ
3257 2143 3314 2195 ὲν
3345 2145 3455 2206 τοῖς
3493 2142 3677 2206 ὅπλοις
3725 2144 3762 2214 ἦ

2203 2230 2312 2292 τοῖς
2341 2227 2576 2299 δράμασι
2617 2226 2686 2279 τὰ
2731 2227 2995 2298 ἐπίσημα.
3030 2227 3111 2282 Τά
3139 2229 3194 2306 δὲ
3227 2229 3354 2299 ἑξῆς
3381 2230 3762 2300 αύτοὶδιηγεί-

2204 2319 2415 2373 σθωσαν
2433 2358 2448 2383 ,
2503 2321 2552 2372 οἱ
2596 2319 2690 2373 καὶ
2732 2319 3110 2384 παιδεύσαντες
3144 2321 3237 2375 τὸν
3265 2323 3431 2393 ἄνδρα
3473 2326 3600 2395 παρ’
3630 2326 3767 2379 ἑαυ-

2201 2413 2330 2473 τοῖς,
2358 2411 2451 2462 καὶ
2477 2409 2574 2480 τῆς
2599 2409 2932 2474 παιδεύσεως
2955 2410 3357 2477 ἀπολαύσαντες
3375 2431 3389 2445 ο
3416 2415 3537 2478 ὅσος
3565 2415 3662 2485 μὲν
3695 2410 3768 2486 ἦν

2203 2501 2557 2566 διδασκάλοις,
2588 2503 2711 2566 ὅσος
2735 2502 2789 2555 δὲ
2809 2501 2969 2571 ἥλιξι,
3001 2506 3109 2567 τοῖς
3135 2505 3232 2574 μὲν
3253 2507 3766 2578 παρεκτεινὸμενος,

2203 2594 2326 2654 τοὺς
2350 2592 2403 2645 δὲ
2431 2593 2741 2664 ὑπεραίρων
2767 2593 2908 2647 κατὰ
2936 2596 3044 2648 πᾶν
3070 2593 3206 2659 εἶδος
3236 2597 3567 2662 παιδεύσεως
3589 2617 3601 2629 ·
3637 2601 3766 2653 ὅσον

2205 2683 2357 2745 κλέος
2391 2682 2539 2745 ἐντὸς
2560 2683 2737 2752 ὀλίγου
2772 2685 2962 2754 χρόνου
2987 2684 3134 2755 παρὰ
3163 2689 3325 2739 πᾶσιν
3349 2688 3630 2757 ἠνέγκατο,
3667 2690 3767 2744 καὶ

2202 2779 2312 2838 τοῖς
2345 2778 2406 2828 ἐκ
2444 2775 2537 2829 τοῦ
2575 2775 2778 2847 δήμου,
2819 2777 2910 2829 καὶ¹
2952 2779 3062 2840 τοῖς
3106 2777 3340 2848 πρώτοις
3381 2780 3480 2848 τῆς
3516 2780 3762 2844 πόλεως·

2207 2865 2376 2936 μείζω
2418 2866 2514 2937 μὲν
2539 2867 2638 2937 τῆς
2674 2866 2882 2938 ἡλικίας
2927 2869 3021 2941 τὴν
3051 2869 3350 2934 παίδευσιν,
3383 2869 3550 2940 μείζω
3575 2871 3631 2922 δὲ
3659 2871 3766 2940 τῆς

2205 2958 2535 3021 παιδεύσεως
2581 2958 2681 3029 τὴν
2735 2958 2826 3011 τοῦ
2871 2959 3032 3030 ῆθους
3082 2961 3242 3032 πῆξιν
3287 2961 3762 3032 ἐπιδεικνύμενος·

549 3055 806 3122 majorem
841 3053 1053 3122 quidem
1089 3065 1248 3120 quam
1284 3050 1370 3104 illa
1407 3059 1536 3104 aetas
1589 3049 1816 3112 ferebat,
1841 3049 2098 3103 eruditio-

2207 3053 2386 3122 ῥήτωρ
2407 3052 2463 3104 ὲν
2495 3051 2739 3122 ῥήτορσι,
2771 3051 2866 3104 καὶ
2895 3053 2998 3123 πρὸ
3024 3053 3131 3104 τῶν
3159 3052 3268 3124 (28)
3295 3054 3618 3123 σοφιστικῶν
3646 3055 3770 3126 θρό-

548 3160 694 3210 nem,
730 3143 981 3212 majorem
1038 3153 1222 3197 rursus
1252 3142 1553 3195 eruditione
1599 3154 1803 3193 morum
1855 3148 2102 3192 constan-

547 3240 674 3290 tiam
701 3245 755 3290 et
791 3236 1104 3305 gravitatem
1169 3234 1486 3296 ostendens;
1530 3235 1710 3285 rhetor
1755 3233 1890 3288 inter
1930 3233 2097 3286 rheto-

549 3344 658 3387 res.
693 3328 854 3382 etiam
915 3336 1042 3381 ante
1091 3325 1434 3394 sophisticam
1484 3324 1808 3388 exhedram;
1868 3324 2102 3394 philoso-

547 3420 683 3488 phus
720 3421 858 3474 inter
914 3417 1274 3488 philosophos,
1335 3416 1496 3470 etiam
1569 3423 1690 3468 ante
1747 3414 2099 3482 philosophiae

548 3518 811 3566 decreta:
845 3520 920 3573 et,
962 3509 1104 3578 quod
1161 3507 1457 3561 maximum
1507 3517 1609 3567 est,
1646 3507 1898 3559 sacerdos
1951 3504 2107 3558 Citri-

546 3604 755 3666 stianis,
796 3602 956 3656 etiam
1012 3608 1135 3652 ante
1184 3597 1369 3651 initum
1425 3596 1826 3659 sacerdotium;
1899 3605 2104 3648 tantum

548 3695 643 3761 ipsi
697 3708 884 3746 omnes
940 3690 990 3743 in
1047 3687 1296 3742 omnibus
1344 3688 1502 3738 rebus
1545 3685 1930 3739 concedebant.
2000 3683 2102 3754 Ipsi

548 3797 706 3849 porro
734 3779 1049 3848 eloquentiae
1093 3775 1348 3838 studium,
1383 3773 1706 3826 accessionis
1737 3773 2011 3833 duntaxat,
2046 3789 2108 3828 ac

548 3873 695 3926 velut
743 3869 1009 3924 corollarii
1063 3867 1339 3935 cujusdam
1387 3864 1649 3918 rationem
1709 3862 1960 3928 habebat,
2009 3865 2106 3919 hoc

547 3972 753 4016 tantum
785 3961 992 4014 scilicet
1015 3974 1078 4014 ex
1114 3961 1226 4026 ipsa
1251 3957 1455 4011 fructus
1498 3954 1826 4022 decerpenti,
1850 3964 2104 4023 quantum

547 4053 756 4115 auxilii,
789 4060 845 4105 ut
875 4067 936 4106 ea
990 4051 1054 4104 ad
1113 4057 1349 4103 nostram
1393 4046 1784 4116 philosomtiam
1830 4056 2104 4112 uteretur;

549 4144 975 4212 quandoquidem
1015 4142 1080 4196 ad
1121 4139 1436 4210 explicanda
1465 4139 1628 4191 animi
1651 4152 1806 4212 sensa
1838 4139 2002 4204 ipsius
2029 4139 2107 4193 vis

2205 3162 2308 3196 νων
2329 3159 2344 3174 ⁸
2375 3143 2656 3212 φιλόσοφος
2682 3147 2738 3196 ὲν
2765 3143 3088 3214 φιλοσόφοις,
3130 3146 3221 3198 καὶ
3251 3146 3355 3217 πρὸ
3383 3145 3489 3198 τῶν
3531 3149 3587 3199 ὲν
3615 3147 3770 3216 φιλο-

2208 3235 2364 3306 σοφίᾳ
2400 3234 2712 3304 δογμάτων
2755 3235 2815 3287 τὸ
2864 3237 3137 3305 μέγιστον,
3177 3239 3352 3312 ίερεὺς
3384 3239 3765 3308 Χριστιανοῖς,

2197 3327 2290 3379 καὶ
2319 3324 2422 3395 πρὸ
2448 3324 2544 3394 τῆς
2583 3324 2877 3395 ἱερωσύνης
2898 3341 2911 3354 ’
2949 3327 3199 3379 τοσοῦτον
3232 3323 3297 3398 ῆν
3326 3327 3472 3397 αύτῴ
3510 3329 3569 3380 τὸ
3611 3330 3768 3400 παρὰ

2201 3418 2417 3469 πάντων
2454 3418 2872 3488 συγκεχωρηκὸς
2916 3421 2972 3472 ἐν
3012 3419 3229 3474 ἅπασιν.
3265 3421 3353 3492 Τῷ
3395 3421 3451 3474 δὲ
3483 3422 3627 3490 λόγοι
3662 3423 3772 3492 μὲν

2199 3508 2259 3560 τὸ
2300 3509 2580 3579 πάρεργον
2621 3505 2780 3579 ἦσαν,
2830 3511 3081 3564 τοσοῦτον
3122 3512 3180 3577 ἐξ
3218 3514 3394 3566 αὐτῶν
3427 3515 3767 3586 δρεπομένῳ,

2203 3600 2326 3651 ὅσον
2367 3601 2445 3662 είς
2477 3600 2574 3670 τὴν
2602 3601 2722 3652 καθ’
2752 3603 2898 3672 ἡμᾶς
2931 3603 3242 3673 φιλοσοφίαν
3284 3609 3570 3678 συνεργοὺς
3597 3608 3770 3678 ἔχειν·

2204 3688 2386 3758 ἐπειδὴ
2409 3689 2488 3741 δεῖ
2509 3689 2602 3744 καὶ
2625 3691 2720 3760 τῆς
2746 3693 2802 3744 ὲν
2828 3692 3034 3756 τούτοις
3066 3693 3343 3764 δυνάμεως
3374 3696 3506 3765 πρὸς
3533 3695 3629 3767 τὴν
3655 3697 3772 3749 τῶν

2204 3778 2508 3848 νοουμένων
2547 3779 2812 3850 δήλωσιν*
2862 3783 3064 3853 κίνημα
3118 3785 3225 3855 γὰρ
3285 3784 3602 3854 ναρκώντων
3651 3786 3767 3855 (‘29)

2203 3869 2340 3924 ἐστὶ.
2374 3871 2496 3933 νοῦς
2525 3871 2901 3943 άνεκλάλητος.
2935 3876 3219 3946 Φιλοσοφία
3247 3877 3358 3948 δὲή
3397 3878 3593 3948 σπουδὴ
3627 3878 3764 3948 (⁸50),

2202 3959 2294 4011 καὶ
2327 3961 2387 4012 τὸ
2430 3963 2658 4032 ῥαγῆναι
2689 3965 2911 4036 κόσμου,
2941 3970 3033 4020 καὶ
3063 3969 3198 4037 μετὰ
3219 3969 3352 4022 Θεοῦ
3378 3971 3624 4039 γενέσθαι
3653 3975 3769 4034 τοῖς

2201 4049 2352 4101 κάτω
2382 4050 2448 4103 τὰ
2488 4052 2598 4105 ἄνω
2643 4058 3179 4125 πραγματευόμενον,
3224 4060 3317 4112 καὶ
3362 4063 3470 4122 τοῖς
3513 4061 3770 4124 άστάτοις

2202 4143 2295 4194 καὶ
2320 4142 2500 4212 ῥέουσι
2521 4145 2588 4197 τά
2605 4147 2813 4200 ἑστῶτα
2836 4148 2927 4201 καὶ
2948 4150 3175 4219 μένοντα
3197 4152 3444 4204 κατακτώ
3453 4171 3607 4223 μενον
3627 4154 3762 4223 (51).

547 4257 611 4296 ac
674 4240 897 4294 facultas
938 4237 1247 4307 requiritur.
1297 4233 1446 4289 Mens
1485 4233 1648 4298 enim,
1690 4211 1808 4301 q'uze
1849 4233 1920 4294 id,
1967 4233 2108 4302 quod
2145 4237 2326 4303 sentit,
2390 4241 2566 4294 verbis
2636 4244 2936 4311 exprimere
2981 4244 3181 4312 nequit,
3233 4244 3504 4297 hominum
3553 4255 3772 4313 torpore

549 4333 903 4386 laborantium
952 4329 1178 4385 incessui
1227 4330 1637 4398 haudquaquam
1685 4328 1957 4382 dissimilis
1989 4337 2089 4383 est.
2129 4329 2196 4382 At
2230 4345 2356 4384 vero
2390 4333 2587 4387 serium
2663 4345 2717 4389 et
2789 4336 3110 4404 prmcipuum
3161 4337 3302 4391 illius
3345 4337 3577 4392 studium
3613 4339 3664 4392 in
3696 4356 3771 4394 eo

547 4433 878 4495 versabatur,
909 4439 964 4484 ιιι
996 4445 1137 4486 νει-ιε
1184 4428 1534 4497 philosOphia'.
1595 4441 1812 4496 operam
1887 4427 2057 4489 daret.
2126 4442 2351 4496 seseque
2410 4445 2438 4482 a
2497 4432 2678 4484 mundi
2745 4433 3060 4501 contagione
3123 4433 3500 4500 abrumperet,
3549 4431 3764 4500 Deoque

547 4523 874 4591 adjungeret,
913 4539 975 4576 ac
1009 4539 1102 4592 per
1149 4532 1383 4588 terrena,
1426 4538 1615 4592 supera
1665 4523 1979 4586 lucraretur,
2031 4533 2085 4576 ct
2122 4537 2217 4592 per
2284 4524 2419 4578 Ilum
2489 4537 2543 4581 et
2582 4526 2807 4597 fragilia,
2835 4542 2923 4592 ea,
2963 4542 3082 4596 qua:
3117 4527 3266 4582 Iirma
3307 4535 3360 4581 et
3393 4539 3586 4581 aeterna
3618 4539 3764 4597 sunt,

544 4629 900 4688 compararet.

777 4795 892 4871 Τῆς
921 4795 1158 4871 ἀρετῆς.
1190 4796 1488 4871 ῐξτιεςηλτῆς
1523 4801 1752 4871 μορφῆς,
1785 4818 1800 4846 ι
1837 4798 2036 4853 formm.
2076 4819 2094 4853 ι

2277 4801 2386 4869 (27)
2430 4799 2806 4854 Ἰδικώτατοικ
2839 4799 2972 4868 Reg.
3003 4800 3033 4851 d
3067 4809 3121 4853 et
3157 4797 3248 4854 Or.
3286 4797 3320 4851 2
3350 4798 3414 4871 ad
3445 4813 3633 4871 πῖθι-,τη
3670 4800 3764 4852 16t-

617 4867 754 4942 (2ti)__
773 4867 1118 4942 Καισαρέων
1143 4866 1337 4942 πόλιν.
1378 4866 1554 4942 B_i|lius
1589 4866 1652 4942 ad
1687 4866 1850 4938 Marg.
1881 4889 1898 4921 ι
1927 4871 2099 4924 Caesa-

2203 4866 2444 4942 αίτατον.
2477 4871 2686 4942 Nicetas
2717 4872 2860 4942 hunc
2882 4866 3051 4942 locum
3078 4871 3152 4924 sic
3180 4871 3305 4939 legit
3330 4885 3342 4920 :
3371 4867 3519 4922 ἔσται
3543 4869 3604 4921 τὸ
3635 4871 3762 4923 κάλ-

545 4951 689 5010 reatu
722 4935 1013 5010 Pahnstinm
1047 4936 1310 5010 intelligit.
1345 4955 1362 4986 ι
1407 4937 1762 5010 hreatndent
1785 4935 2097 4994 sententiam

2202 4941 2379 4994 λιστον
2411 4941 2581 5010 αὐτῆς
2616 4957 2675 4992 τε
2702 4941 2800 5010 καί
2820 4939 3122 4993 ίδιαίτατον.

548 5005 766 5081 inclinat
790 5005 1180 5081 Tillemontius.
1209 5006 1412 5081 _\'eru_m
1446 5008 1657 5081 Nicetas
1681 5009 1875 5081 aliique
1903 5011 2094 5064 eruditi
2274 5013 2384 5081 (28)
2419 5005 2548 5064 Κ(ιῖ
2575 5011 2685 5078 πρὸ
2739 5009 2874 5074 τῶν,
2905 5021 3007 5065 etc.
3055 5012 3201 5081 Sam.
3242 5008 3399 5062 Petit.
3437 5007 3637 5081 Miscel.
3668 5010 3758 5064 lib.

549 5074 901 5149 ¢_C:e~:tream
927 5074 1269 5149 Cappadocia:
1299 5094 1316 5124 ι
1355 5078 1667 5149 intelligunt.
1705 5074 1806 5132 Pro
1835 5082 1951 5149 ista
1981 5081 2095 5146 opi-

2201 5074 2291 5139 tv.‘
2317 5074 2376 5134 (κ’
2411 5087 2460 5145 I,
2499 5098 2551 5148 p.
2593 5074 2680 5143 1⁷0,
2716 5083 2794 5136 sic
2846 5082 2967 5145 legit
2998 5097 3011 5132 :
3051 5080 3260 5148 Ῥήτωρ
3294 5081 3350 5131 ἐν
3392 5080 3636 5149 ῥήτορσι,
3670 5082 3758 5133 καὶ

547 5144 704 5222 nione
747 5153 982 5222 pugnant
1032 5147 1193 5222 etiam
1241 5148 1510 5222 novissimi
1539 5144 1783 5222 (operum
1825 5144 2098 5222 S.'_Basilii

2203 5144 2453 5222 πρώτων
2476 5144 2801 5222 σοφιστικῶν
2848 5144 3079 5222 θρόνων·
3122 5144 3403 5222 φιλόσοφος
3447 5144 3504 5200 ἒν
3530 5144 3760 5222 ’φιλοσό-

546 5215 802 5292 editores.
831 5228 890 5292 ac
927 5214 1165 5292 pluribus
1198 5229 1246 5268 et
1271 5214 1950 5292 IirmissiInisat'gttmentis
1976 5234 2098 5282 pro-

2203 5214 2341 5289 φὸις,
2385 5222 2478 5274 καὶ
2517 5214 2746 5292 πρώτων
2788 5221 2844 5272 ἐν
2885 5214 3168 5290 ἒριλοσοφίᾲ
3211 5214 3638 5292 δογμάτων-πὸ
3673 5219 3758 5292 μέ-

2200 5288 2406 5360 γιστον,
2461 5288 2634 5363 ἱερεὺς
2677 5294 2734 5344 ἐν
2763 5292 3122 5362 Χριστιανοῖς,
3146 5288 3254 5343 καὶ
3288 5290 3506 5359 πρώτης
3536 5288 3759 5361 ἱερωσύ-

2203 5379 2320 5425 νης.

2257 5409 2384 5496 Titi)
2417 5429 2800 5499 Ναρκώντων.
2834 5429 2921 5485 Sic
2946 5430 3108 5486 Coisl.
3135 5429 3188 5493 2,
3216 5427 3414 5492 Nicet.,
3444 5427 3590 5495 Bas.,
3611 5426 3754 5484 Com-

2204 5501 2309 5556 hef.
2345 5503 2397 5555 In
2425 5504 2532 5563 ed.,
2568 5501 2890 5571 ναρκόντων.
3099 5570 3103 5571 ί
3461 5538 3475 5557 ,

2276 5573 2386 5642 (50)
2423 5569 2684 5642 Σπουδῆ.
2718 5569 2910 5632 Νἰιοιξι..
2951 5570 3135 5642 ἀρετή,
3173 5571 3408 5642 «virtus.
3433 5588 3452 5621 ›

2277 5638 2388 5712 (3|)
2414 5640 2888 5710 Κατακτώμενον.
2921 5638 3064 5697 Pass.
3077 5679 3092 5705 ,
3106 5638 3410 5710 κτώμενον.

549 5283 694 5343 bant,
730 5282 976 5354 Basilinnt
1017 5291 1068 5336 et
1094 5283 1429 5352 Gregorium,
1458 5282 1754 5342 studiorum
1783 5304 1963 5350 causa,
1990 5288 2096 5354 pri-

547 5368 688 5423 rnum
722 5372 740 5404 ι
775 5353 1068 5406 (Σιιιειιι-οιιιιι
1106 5355 1450 5423 Cappadocia:
1481 5378 1499 5410 ι
1547 5359 1842 5412 advenisse.
1878 5353 2092 5421 Deinde,

538 5420 688 5490 juxta
711 5420 1204 5494 eostletnietlilores,
1232 5424 1454 5480 Basilius
1485 5447 1503 5478 ι
1535 5427 2048 5494 Constantinoltolim
2073 5420 2090 5478 ι

547 5494 796 5568 mittitur,
832 5493 1209 5568 et_Gregorius
1247 5514 1264 5546 ι
1307 5497 1602 5568 Cmsaream
1651 5493 1974 5568 Ριιιιιιεῑιιιαι,
2029 5499 2097 5552 ob

545 5565 678 5634 artis
705 5563 949 5634 oratorim
977 5578 1236 5627 amorem,
1274 5584 1290 5615 ι
1327 5576 1383 5617 ιιι
1407 5567 1517 5634 ipse
1540 5566 1788 5630 loquitur,
1814 5580 1894 5620 or.
1920 5581 2013 5630 vu,
2041 5583 2095 5621 n.

545 5630 598 5683 6.
634 5630 762 5685 Vide
795 5632 981 5686 Basilii
1009 5635 1186 5693 vitam.
1211 5637 1296 5688 ed.
1329 5630 1445 5690 Par.
1469 5651 1554 5688 an.
1587 5635 1740 5698 I750,
1773 5647 1898 5689 tom.
1924 5635 2004 5696 III,
2041 5654 2092 5690 ιι.

544 5714 620 5764 vt,
636 5717 749 5772 pag.
764 5701 851 5769 40,
866 5704 950 5756 ubi
964 5705 1308 5772 qurestiohrcc
1330 5705 1525 5773 optimc
1539 5714 1858 5774 pertractata
1873 5709 2099 5764 videtur.
