4050 6298
26 431 32 692 i

229 331 330 387 515
1032 323 1293 380 ORATIO
1333 323 1516 378 XLIII.
1557 353 1624 362 —
1662 321 1728 376 IN
1769 315 2052 378 LAUDEM
2092 319 2332 376 BASILII
2376 320 2607 376 MAGNI.
3219 341 3221 344 '
3350 327 3453 382 514

299 442 396 496 IA'.
441 439 716 494 Ἐντεῦθεν
749 441 840 492 επὶ
873 438 934 490 τὸ
963 437 1283 500 Βυζάντιον,
1314 437 1411 505 τὴν
1454 432 1788 506 προκαθεζο-

1960 432 2100 487 XIV.
2131 431 2262 486 ll‘inc
2287 431 2629 504 Byzantium,
2657 432 2837 486 urbem
2868 433 3030 487 totius
3059 433 3293 488 Orientis
3319 440 3435 506 prin

231 530 400 601 μένην
429 528 528 598 τῆς
550 526 724 598 Ἐᾠας
753 527 903 580 πόλιν
921 526 1034 599 (καὶ
1067 526 1174 595 γὰρ
1207 525 1486 596 ηὐδοκίμει
1523 523 1790 592 σοφιστῶν

224 637 284 674 τε
332 621 428 674 καὶ
477 619 777 688 φιλοσόφων
821 621 931 680 τοῖς
973 617 1343 680 τελεωτάτοις,
1391 609 1465 669 ὧν
1511 617 1567 669 ἐν
1604 614 1794 686 βραχεῖ

226 718 405 781 χρόνῳ
433 709 501 761 τὰ
543 709 806 780 κράτιστα
847 707 1161 772 συνελέξατο
1193 708 1345 777 τάχει
1388 723 1447 758 τε
1488 707 1582 759 καὶ
1634 704 1794 775 μεγέ-

225 800 308 855 θει
344 800 454 871 (52)
487 797 720 868 φύσεως)
738 814 752 830 ·
776 797 1041 862 ἐντεῦθεν,
1075 799 1165 850 ἐπὶ
1191 795 1252 849 τὸ
1277 795 1382 847 τῶν
1403 795 1573 863 λόγων
1603 794 1795 862 ἔδαφος

223 890 328 953 τὰς
368 888 596 958 Ἀθήνας
622 887 727 941 ὑπὸ
756 885 849 940 τοῦ
879 884 1014 939 Θεοῦ
1042 886 1348 956 πέμπεται,
1379 884 1470 937 καὶ
1499 885 1598 953 τῆς
1625 882 1794 953 καλῆς

227 982 362 1052 περὶ
391 981 492 1051 τὴν
525 979 802 1033 παίδευσιν
834 977 1134 1048 ἀπληστίας
1152 993 1165 1007 ⁸
1210 977 1437 1048 Ἀθήνας
1465 975 1563 1038 τάς
1592 976 1795 1046 χρυσᾶς

225 1074 402 1135 όντως
439 1072 581 1142 ἐμοὶ,
624 1070 716 1124 κα).
744 1069 850 1123 τῶν
897 1069 1074 1123 καλῶν
1109 1068 1422 1140 προξένους,
1470 1067 1626 1137 εἴπερ
1668 1066 1792 1119 τινί.

238 1162 478 1213 Ἐκεῖναι
518 1159 626 1231 γάρ
679 1176 766 1230 μοι
802 1158 893 1212 τὸν
940 1157 1105 1227 ἄνδρα
1147 1156 1334 1209 τοῦτον
1378 1154 1678 1227 ἐγνώρισαν
1711 1172 1799 1206 τε·

226 1252 514 1323 λεώτερον,
541 1251 658 1304 οὐδὲ
694 1250 822 1321 πρὶν
850 1248 1211 1318 ἀγνοούμενον
1235 1265 1248 1278 ο
1276 1247 1368 1300 καὶ
1389 1246 1580 1315 λόγους
1606 1247 1798 1315 ἐπιζη-

229 1345 357 1408 τῶν,
414 1341 758 1412 εὐδαιμονίαν
797 1341 1168 1410 ἐκομισάμην·
1217 1339 1312 1392 καὶ
1365 1339 1561 1410 τρόπον
1616 1337 1799 1412 ἕτερον

229 1433 397 1486 ταυτὸ
438 1433 548 1504 (53)
580 1431 822 1484 πέπονθα
854 1430 930 1500 τῷ
970 1430 1162 1495 Σαοὺλ,
1196 1431 1254 1494 ὃς
1281 1429 1380 1493 τὰς
1407 1429 1557 1492 ὄνους
1580 1427 1672 1482 τοῦ
1701 1445 1802 1482 πα-

232 1526 360 1597 τρὸς
407 1524 716 1595 ἐπιζητῶν,
758 1522 1032 1592 βασιλείαν
1075 1522 1272 1593 εὕρατο
1317 1523 1452 1592 (54),
1488 1522 1668 1592 μεῖζον
1706 1519 1799 1572 τοῦ

235 1617 394 1689 ἔργου
416 1616 478 1669 τὸ
505 1619 776 1688 πάρεργον
802 1613 1300 1685 ἐμπορευσάμενος.
1330 1613 1403 1666 Τὸ
1432 1613 1527 1684 μέν
1553 1611 1616 1683 δὴ
1641 1612 1802 1682 μέχρι

233 1709 438 1762 τούτων
467 1708 578 1777 (55)
633 1705 893 1779 εῦδρομος
941 1708 1072 1776 ἡμῖν
1109 1705 1218 1776 (56)
1269 1707 1297 1758 ό
1340 1703 1532 1771 λόγος,
1585 1703 1678 1755 καὶ
1717 1700 1804 1753 διὰ

1893 527 2126 593 cipatttm
2159 533 2451 586 lenentent,
2478 526 2618 578 venit
2650 524 3140 594 (excellentissimis
3164 527 3306 580 enim
3334 544 3456 582 ora-

1896 617 2095 670 toribus
2124 616 2556 684 pltilosophisque
2575 615 2819 683 ﬂorebat,
2858 634 3084 687 quorum
3133 619 3278 672 brevi
3313 621 3452 687 opti-

1895 721 1976 759 ma
2015 720 2239 775 quaeque
2273 706 2467 776 ingenii
2498 708 2775 759 celeritate
2801 723 2864 761 ac
2906 709 3270 776 magnitudine
3298 709 3452 763 colle-

1894 796 2022 865 git);
2063 804 2224 863 atque
2269 795 2392 848 inde
2431 795 2689 856 Athenas,
2741 797 2840 849 hoc
2891 807 2992 860 est,
3036 798 3331 853 litim-aruin
3370 819 3458 854 se-

1895 889 2012 940 dem
2049 901 2111 942 ac
2137 887 2483 948 domicilium,
2517 903 2544 938 a
2596 889 2726 950 Deo,
2763 898 2922 957 atque
2969 891 3266 959 inexplebili
3299 894 3455 946 simul

1896 987 1949 1031 et
1973 977 2226 1046 praeclara
2257 976 2517 1030 doctrinm
2569 977 2860 1046 cupiditate
2898 979 3160 1045 mittitur;
3193 983 3454 1047 Athenas,

1898 1070 2135 1138 inquam,
2163 1069 2294 1122 mihi
2336 1083 2460 1122 vere
2495 1083 2688 1122 aureas
2748 1083 2832 1131 ac,
2858 1070 2902 1122 si
2936 1069 3181 1139 cuiquam
3223 1073 3336 1138 alii,
3369 1076 3460 1127 ho-

1899 1175 2086 1214 norum
2112 1160 2529 1230 procuratrices.
2561 1158 2692 1213 Nam
2735 1160 2837 1213 illa:
2866 1162 3000 1215 mihi
3033 1163 3322 1229 hominem,
3359 1183 3460 1218 non

1897 1249 2044 1303 illttttt
2082 1248 2294 1318 quidem
2326 1261 2450 1302 ante
2502 1248 2764 1317 ignotum,
2793 1249 2884 1304 sed
2917 1260 3088 1306 tamen
3119 1253 3326 1321 plenius
3369 1271 3462 1310 uo-

1899 1341 2154 1394 srendum
2209 1341 2550 1410 prmbuerunt
2599 1355 2613 1392 :
2667 1355 2727 1395 ac
2781 1340 3077 1396 doctrinam
3141 1347 3464 1411 exquirens,

1900 1430 2284 1484 beatitudinem
2339 1433 2542 1498 reperi;
2585 1433 2828 1502 mihique
2873 1433 3072 1502 dispari
3115 1439 3270 1490 modo
3318 1439 3456 1494 idem

1901 1523 2042 1592 quod
2095 1521 2242 1576 Sauli
2304 1523 2460 1592 781
2495 1523 2712 1588 accidit,
2753 1525 2842 1595 qui
2877 1527 3044 1593 patris
3090 1529 3270 1584 asinas
3321 1546 3466 1600 quae—

1903 1625 2047 1674 rens,
2083 1626 2304 1676 regnum
2340 1612 2630 1675 invenit”,
2661 1613 2886 1682 plusque
2949 1615 3000 1670 in
3047 1631 3107 1670 ea
3169 1634 3242 1681 re,
3297 1637 3458 1690 qttatn

1904 1701 2078 1754 ohitrr
2104 1703 2315 1771 agebat,
2347 1716 2504 1770 quant
2533 1702 2583 1755 itt
2612 1717 2694 1768 ea,
2725 1721 2846 1773 quae
2899 1708 3165 1776 przecipuc
3199 1711 3297 1779 ipsi
3325 1694 3467 1768 cura:

235 1801 381 1865 λείας
417 1800 520 1870 τῆς
557 1799 674 1853 ὀδοῦ
703 1797 904 1869 φέρων,
945 1797 1037 1850 κα)¹
1063 1797 1201 1863 ἄγαν
1229 1793 1492 1865 εὐπόρου,
1531 1792 1622 1846 καὶ
1657 1789 1805 1861 βασι-

1914 1801 2044 1853 erat,
2072 1790 2352 1846 lucrifecit.
2382 1789 2497 1844 .lam
2536 1795 2688 1847 nobis
2733 1795 2946 1864 quidem
2997 1800 3252 1854 hactenus
3287 1803 3464 1871 plana,

237 1891 393 1960 Αικῆς
425 1891 595 1952 ὅντως
626 1888 742 1966 τῶν⁸
767 1887 860 1941 τοῦ
899 1883 1008 1958 (³57)
1045 1884 1235 1956 ἀνδρὸς
1286 1881 1608 1953 ἐγκωμίων·
1659 1879 1720 1932 τὸ
1760 1879 1804 1931 δ’

236 1983 510 2047 ἐντεῦθεν,
547 1982 646 2034 οὐκ
678 1974 774 2033 οἷδ’
814 1980 843 2032 ὃ
876 1996 928 2031 τι
957 1976 1034 2048 τῷ
1069 1975 1212 2046 λόγῳ
1249 1975 1560 2046 χρήσωμαι,
1597 1971 1688 2024 καὶ
1717 1971 1808 2022 ποῖ

237 2075 534 2146 τράπωμαι
563 2072 694 2144 (58)’
727 2070 836 2142 ἔχει
864 2069 971 2140 γάρ
997 2085 1050 2121 τι
1077 2067 1170 2120 καὶ
1199 2066 1495 2136 πρόσαντες
1520 2065 1647 2134 ἡμῖν
1671 2065 1698 2115 ὁ
1722 2061 1810 2114 λό-

239 2185 350 2234 γος.
381 2165 542 2221 Ποθῶ
572 2165 668 2236 μὲν
693 2165 801 2234 γὰρ
821 2161 1049 2215 ἐνταῦθα
1075 2157 1172 2212 τοῦ
1199 2159 1358 2227 λόγου
1379 2158 1687 2228 γενόμενος,
1716 2153 1810 2207 καὶ

238 2259 330 2313 τοῦ
371 2257 566 2329 καιροῦ
593 2255 781 2309 τούτου
810 2254 1124 2324 λαϐόμενος,
1162 2251 1255 2304 καὶ
1290 2249 1396 2304 τῶν
1431 2250 1548 2302 κατ’
1578 2247 1811 2318 ἐμαυτόν

243 2371 287 2406 τι
313 2351 630 2424 προσθεῖναι
651 2351 760 2412 τοῖς
786 2346 1114 2418 εἰρημένοις,
1140 2343 1232 2396 καὶ
1265 2341 1455 2412 μικρόν
1476 2357 1527 2393 τι
1555 2338 1812 2410 προσδια-

242 2445 428 2520 τρῖψαι
469 2443 550 2515 τῷ
590 2443 918 2512 διηγήματι,
958 2438 1079 2492 ὅθεν
1109 2453 1168 2489 τε
1213 2437 1308 2489 καὶ
1341 2436 1487 2496 ὅπως
1519 2433 1670 2504 ἡμῖν,
1706 2432 1812 2484 κάκ

241 2537 382 2600 τίνος
409 2535 511 2604 τῆς
540 2533 712 2605 ἀρχῆς
744 2531 972 2600 συνέστη
1004 2528 1066 2581 τὸ
1095 2527 1191 2596 τῆς
1219 2525 1397 2594 φιλίας
1415 2562 1430 2586 ,
1462 2521 1637 2575 εῖτουν
1671 2537 1812 2592 συμ-

247 2631 432 2692 πνοίας
458 2627 554 2682 καὶ
585 2626 880 2696 συμφυΐας,
910 2623 960 2674 εἰ
991 2621 1096 2692 χρὴ
1127 2618 1439 2690 προσειπεῖν
1465 2614 1809 2685 οἰκειότερον.

245 2721 390 2774 his?
415 2718 525 2790 γὰρ
555 2715 679 2770 οὔτε
707 2716 827 2785 ὂψις
868 2713 1063 2785 ῥᾳδίως
1092 2711 1390 2780 ἀναχωρεῖν
1427 2707 1534 2759 τῶν
1567 2705 1813 2776 τερπνῶν

245 2810 555 2882 θεαμάτων,
581 2808 684 2862 κᾶν
705 2806 912 2878 ἀφέλκῃ
935 2821 1018 2866 τις
1049 2802 1158 2872 βίᾳ,
1187 2800 1320 2868 πρὸς
1349 2796 1488 2852 αὐτά
1513 2795 1622 2868 (59)
1653 2795 1814 2850 πάλιν

250 2901 508 2975 φέρεσθαι
527 2915 541 2930 ·
577 2898 697 2953 οὔτε
726 2897 880 2965 λόγος
907 2895 1014 2947 τῶν
1053 2893 1281 2963 ἡδίστων
1307 2888 1677 2960 διηγημάτων.
1715 2887 1813 2940 Δέ-

249 2999 401 3050 δοικα
431 2995 488 3049 δὲ
519 2993 582 3047 τὺ
623 2989 874 3062 φορτικὸν
913 2988 1014 3062 τῆς
1063 2985 1443 3055 ἐγχειρήσεως.
1481 2980 1815 3052 Πειράσομαι

1906 1891 1959 1936 ct
1985 1882 2124 1936 facili
2155 1898 2217 1938 ac
2245 1898 2369 1938 vere
2415 1885 2557 1952 regia
2595 1887 2807 1940 laudum
2852 1889 2992 1943 illius
3030 1891 3112 1944 via
3153 1909 3466 1962 prosperum

1906 1986 2120 2025 cursum
2158 1973 2333 2027 oratio
2391 1975 2558 2028 tenuit
2589 1989 2601 2022 :
2635 1990 2775 2029 rmnc
2818 1988 2994 2030 autem
3035 1993 3193 2045 quam
3251 1983 3464 2038 dicendi

1908 2064 2169 2118 rationem
2198 2078 2412 2131 sequar,
2447 2075 2560 2126 aut,
2590 2082 2695 2134 quo
2735 2083 2819 2121 nte
2867 2080 3092 2133 vertam,
3123 2073 3338 2139 nescio;
3372 2077 3462 2128 Ita-

1911 2155 1998 2210 bel
2021 2156 2161 2208 enim
2193 2156 2320 2208 mihi
2345 2157 2570 2209 arduum
2605 2157 2802 2224 aliquid
2836 2160 2920 2213 hic
2947 2175 3143 2216 Sermo.
3189 2163 3298 2216 Huc
3327 2171 3468 2220 enim

1909 2247 2149 2300 oratione
2204 2263 2535 2316 progressus,
2587 2260 2747 2319 atque
2805 2252 2943 2306 hanc
2996 2257 3335 2311 occasionem
3373 2275 3468 2312 na-

1911 2333 2052 2429 ctits,
2081 2353 2256 2392 rerum
2299 2340 2460 2392 etiam
2501 2358 2742 2396 mearum
2779 2343 2977 2414 aliquid
3003 2347 3310 2417 adjungere,
3345 2367 3474 2420 pau-

1912 2426 2184 2496 lulumque
2213 2429 2264 2481 in
2295 2430 2393 2482 hac
2422 2432 2730 2486 narratione
2765 2433 3038 2488 immorari
3087 2438 3279 2506 gestio,
3311 2451 3472 2508 atque

1913 2521 2076 2585 unde,
2100 2529 2280 2588 etquo
2311 2523 2486 2584 modo,
2519 2537 2580 2576 ac
2613 2525 2806 2592 quibus
2832 2539 2895 2578 ex
2931 2527 3098 2581 initiis
3121 2529 3345 2583 conﬂata
3379 2531 3460 2585 in-

1915 2621 1994 2666 ter
2021 2627 2117 2665 nos
2141 2613 2399 2676 amicitia,
2435 2613 2568 2680 sive,
2606 2625 2661 2667 ut
2687 2619 3068 2684 congruentius
3112 2618 3320 2689 loquar,
3358 2624 3476 2676 aui-

1915 2719 2122 2758 tnorum
2154 2704 2482 2772 conspiratio
2511 2715 2566 2760 et
2597 2715 2802 2761 naturrc
2838 2708 3148 2778 conjunctio
3175 2711 3354 2777 fuerit,
3380 2729 3478 2768 ex-

1915 2793 2132 2866 plicare.
2168 2794 2629 2860 Quemadmodum
2657 2797 2799 2850 enim
2835 2799 2974 2851 oculi
3019 2815 3049 2853 a
3075 2799 3325 2869 jucuudis
3361 2820 3479 2872 Spe-

1915 2885 2140 2941 ctaculis
2162 2901 2264 2939 non
2297 2885 2452 2940 facile
2482 2887 2760 2952 recedunt,
2785 2903 2848 2941 ac
2882 2890 2925 2942 si
2976 2892 3096 2960 quis
3125 2909 3219 2961 per
3254 2895 3356 2947 vim
3387 2911 3481 2950 eos

1919 2977 2176 3042 retrahat,
2207 2978 2396 3031 eodem
2426 2993 2614 3032 rursus
2648 2978 3032 3047 feruntttr;'sic
3089 2999 3188 3037 nec
3235 3000 3412 3039 sermo
3449 3003 3479 3040 a

256 3087 354 3158 μὲν
377 3082 491 3148 οὖν,
516 3077 728 3147 ὠςνοῖόν
749 3097 809 3136 τε
836 3078 1090 3151 μετρίως,
1114 3075 1271 3129 τοῦτο
1299 3074 1491 3126 ποιεῖν.
1519 3074 1616 3125 Ἂν
1637 3071 1682 3124 δ’
1710 3071 1813 3142 ἄρα

1919 3083 2100 3123 rerum
2126 3068 2566 3124 suavissimarum
2604 3072 3133 3128 commemoratione.
3168 3073 3271 3127 Sed
3301 3075 3352 3129 in
3380 3077 3480 3132 hoc

251 3145 301 3232 τι
327 3179 423 3232 καὶ
451 3145 763 3247 βνιαζώμεθα
788 3145 894 3224 ὑπὸ
917 3145 1010 3222 τοῦ
1043 3166 1230 3229 πόθου,
1262 3162 1561 3234 συγγνώμη
1590 3161 1669 3234 τῷ
1704 3162 1812 3216 πά-

1919 3167 2115 3214 conatu
2168 3161 2508 3214 metuendam
2557 3159 2688 3214 mihi
2730 3161 3090 3218 dillicultatem
3119 3179 3237 3218 esse
3264 3172 3483 3235 conspi-

253 3271 346 3335 Θει,
381 3270 598 3323 πάντων
620 3264 804 3320 παθῶν
826 3263 937 3315 ὄντι
967 3257 1310 3329 δικαιοτάτῳ,
1337 3256 1432 3310 κα)⁸
1461 3254 1490 3309 ὃ
1521 3255 1596 3326 μὴ
1619 3252 1810 3308 παθεῖν

1921 3251 2027 3306 cio.
2055 3249 2279 3306 Adnitar
2309 3251 2507 3320 itaque,
2554 3260 2633 3316 ut,
2661 3267 2823 3321 quam
2855 3254 3166 3325 parcissime
3199 3267 3400 3328 potero,
3436 3259 3485 3313 id

252 3363 286 3432 ἡ
320 3359 492 3430 ζημία
519 3359 630 3421 τοῖς
666 3372 728 3424 γε
756 3353 880 3408 νοῦν
909 3350 1140 3421 ἔχουσιν.

1918 3341 2137 3398 faciam.
2180 3340 2332 3408 Quod
2393 3342 2436 3396 si
2494 3357 2590 3396 nos
2635 3343 2771 3398 forte
2826 3345 3026 3398 amoris
3071 3355 3124 3400 et
3175 3349 3485 3417 cupiditatis

251 3429 418 3508 aestus
465 3449 674 3504 modum
722 3445 980 3501 excedere
1030 3437 1282 3509 coegerit,
1337 3435 1548 3491 aﬁ‘eetui
1600 3443 1806 3496 nostro,
1848 3446 2051 3500 quaeso,
2125 3431 2412 3502 ignoscite,
2484 3429 2769 3486 atfmtuutn
2811 3435 3046 3488 omnium
3083 3435 3404 3503 iustissimo,
3435 3446 3486 3494 et

253 3561 364 3616 quo
417 3560 521 3597 non
573 3539 730 3604 aﬂici,
765 3538 1015 3593 damnum
1068 3548 1132 3588 ac
1187 3531 1563 3587 detrimentum
1617 3537 1722 3589 est,
1751 3525 1816 3578 iis
1853 3524 2068 3593 quidem
2098 3532 2267 3590 certe,
2295 3525 2385 3592 qui
2415 3539 2544 3577 sana
2572 3532 2730 3591 atque
2757 3525 2964 3594 integra
2997 3536 3174 3580 meme
3197 3538 3342 3581 ευηι,

321 3657 427 3711 IE’.
457 3649 614 3724 Εἶχον
652 3652 799 3722 ἡμᾶς
844 3649 1080 3713 Ἀθῆναι,
1100 3645 1348 3717 καθάπερ
1368 3661 1420 3698 τι
1458 3643 1632 3715 ῥεῦμα
1663 3641 1825 3695 ποτά-

258 3767 400 3823 μιον,
428 3745 536 3800 ἀπὸ
573 3745 702 3816 μιᾶς
744 3741 1058 3813 σχισθέντας
1091 3739 1270 3810 πηγῆς
1299 3737 1398 3807 τῆς
1431 3734 1708 3806 πατρίδος,
1747 3733 1826 3794 εἰς

197 3837 210 3856 ⁸
254 3844 512 3912 διάφορον
536 3837 830 3908 ὑπερορίαν
861 3834 977 3888 κατ’
1011 3833 1187 3904 ἔρωτα
1207 3831 1304 3902 τῆς
1344 3828 1694 3892 παιδεύσεως,
1735 3825 1828 3880 καὶ

256 3934 420 3988 πάλιν
447 3933 526 3994 είς
562 3930 622 3983 τὸ
653 3929 782 3984 αὐτὸ
817 3926 926 3998 (40)
953 3923 1320 3988 συνελθόντας,
1355 3921 1542 3992 ὥσπερ
1570 3918 1676 3972 ἀπὸ
1704 3935 1829 3970 συν-

257 4026 523 4097 (λήματος,
557 4021 698 4076 οὕτω
720 4017 856 4073 Θεοῦ
885 4019 1220 4088 κινήσαντος.
1256 4009 1414 4084 Εἶχον
1437 4013 1492 4066 δέ
1515 4009 1692 4082 μικρῷ
1719 4008 1830 4078 (M)

261 4119 358 4190 μὲν
389 4117 494 4187 ἐμὲ
527 4114 785 4186 πρότερον
806 4127 819 4140 ·
854 4110 943 4164 τὸν
963 4109 1006 4162 δ’
1041 4107 1200 4171 εὐθὺς
1230 4107 1346 4177 μετ’
1380 4105 1500 4175 ἐμὲ,
1537 4102 1674 4174 μετά
1709 4099 1832 4153 πολ-

257 4209 355 4281 λῆς
384 4205 781 4280 προσδεχθέντα
813 4203 923 4274 (42)
959 4204 1053 4256 καὶ
1097 4196 1426 4271 περιφανοῦς
1464 4197 1561 4267 τῆς
1601 4193 1827 4256 ἐλπίδος.

261 4304 367 4357 Καὶ
391 4301 503 4370 γάρ
526 4301 582 4351 ἐν
613 4297 818 4350 πολλῶν
843 4295 1113 4365 γλώσσαις
1137 4293 1312 4346 ἔκειτο
1335 4291 1462 4363 πρὶν
1487 4289 1678 4358 ἐπιστῇ
1701 4303 1715 4316 ·
1740 4286 1831 4339 καὶ

263 4394 406 4465 μέγα
443 4389 693 4451 ἑκάστοις
721 4384 788 4460 ἦν
827 4384 1255 4459 προκαταλαϐεῖν
1285 4383 1345 4436 τὸ
1375 4377 1823 4448 σπουδαζόμενον.

1992 3637 2104 3696 XV.
2132 3638 2409 3693 Habehant
2431 3653 2521 3692 nos
2544 3639 2937 3702 Atheuagvelut
2959 3639 3156 3695 ﬂuxum
3203 3645 3489 3712 quemdam

1921 3729 2188 3797 ﬂuminis,
2227 3745 2292 3784 ex
2324 3729 2511 3784 eodem
2545 3729 2731 3798 patriae
2763 3729 2910 3785 l'onte
2948 3733 2999 3786 itt
3031 3734 3275 3788 diversas
3318 3741 3489 3806 regio-

1924 3837 2020 3877 nes
2049 3823 2306 3877 doctrina:
2335 3822 2624 3891 cupiditate
2651 3823 2939 3886 dissectos,
2973 3840 3317 3896 rursumque,
3347 3831 3490 3884 velut

1925 3929 1992 3967 ex
2028 3913 2326 3983 composito
2347 3953 2362 3976 ,
2413 3912 2523 3967 Deo
2551 3913 2796 3969 videlicet
2830 3917 2900 3970 ita
2933 3917 3264 3986 impellente,
3299 3935 3481 3978 coeun-

1927 4012 2030 4060 tes.
2056 4006 2134 4058 Ac
2171 4020 2256 4060 me
2288 4004 2500 4074 quidem
2529 4005 2803 4074 aliquanto
2837 4017 2962 4062 ante
2991 4007 3296 4075 habebant;
3345 4011 3492 4066 iitum

1927 4109 2104 4151 autem
2133 4097 2272 4151 haud
2305 4098 2470 4150 multo
2505 4107 2661 4166 post,
2696 4108 2748 4152 et
2780 4098 2992 4166 quidem
3037 4114 3157 4154 cum
3188 4102 3409 4156 miriﬁca
3441 4113 3494 4157 et

1929 4190 2195 4244 luculenta
2240 4205 2335 4260 spe
2387 4198 2778 4260 exspectatum.
2827 4191 3039 4245 Etenim
3093 4193 3143 4246 in
3204 4195 3494 4249 multorum

1930 4279 2122 4349 linguis
2154 4281 2500 4344 versabatur,
2533 4289 2820 4348 antequam
2847 4281 3150 4336 advenisset
3176 4299 3190 4347 ;
3227 4298 3323 4337 nec
3348 4285 3494 4352 quis-

1929 4385 2089 4438 quam
2123 4380 2277 4435 erat,
2325 4369 2415 4438 qui
2459 4384 2564 4423 non
2597 4369 2848 4437 praeclare
2891 4384 3072 4423 secum
3127 4371 3206 4440 agi
3248 4384 3495 4440 putaret,

450 4443 520 4537 76s
548 4476 657 4534 οἷον
675 4443 781 4534 καὶ
808 4443 1024 4550 ἥδυσμά
1058 4495 1109 4530 τι
1139 4475 1447 4548 προσθεῖναι
1479 4471 1556 4542 τῷ
1578 4443 1720 4539 λόγῳ
1748 4487 1813 4539 μιι

1933 4462 1977 4516 si
2010 4463 2093 4528 id,
2117 4463 2257 4530 quod
2287 4475 2497 4514 summo
2531 4460 2708 4515 studio
2738 4462 3058 4528 expetebat,
3090 4463 3238 4528 prior
3269 4476 3496 4531 occupa-

261 4577 390 4649 κρὸν
421 4575 710 4645 ἀφήγημα,
737 4576 849 4636 τοῖς
889 4573 986 4644 μὲν
1025 4570 1237 4632 εωόσιν,
1267 4566 1590 4636 ὑπόμνησιν,
1628 4564 1739 4626 τοῖς
1772 4561 1828 4614 δὲ

261 4665 536 4736 ἀγνοοῦσι,
592 4662 953 4718 διδασκαλίαν.
1014 4657 1504 4729 Σοφιστομανοῦσιν
1571 4653 1826 4724 Ἀθήνῃσι

261 4759 367 4813 τῶν
431 4757 566 4810 νέων
625 4758 672 4809 0i
733 4755 972 4808 πλεῖστοι
1028 4751 1118 4808 καὶ
1169 4749 1593 4822 ἀφρονέστεροι·
1637 4747 1697 4797 οὐ
1726 4743 1832 4796 τῶν

263 4847 508 4917 ἀγεννῶν
543 4847 702 4917 μόνον
737 4845 829 4899 καὶ
852 4843 957 4897 τῶν
985 4840 1300 4910 ἀνωνύμων,
1329 4836 1443 4890 ἀλλ’
1471 4835 1569 4906 ἤδη
1600 4833 1694 4886 καὶ
1728 4831 1834 4885 τῶν

264 4937 322 4995 εὖ
343 4940 646 5010 γεγονότων
676 4940 771 4992 καὶ
800 4933 1290 5011 περιφανεστέρων,
1325 4930 1420 4984 ἆτε
1453 4927 1653 4998 πλῆθος
1699 4925 1838 4996 σύμ-

269 5047 458 5100 μικτον
521 5030 693 5093 ὄντες,
756 5028 850 5082 κα).
909 5026 1039 5089 νέοι,
1089 5024 1182 5077 καὶ
1215 5017 1569 5074 δυσκάθεκτοι
1600 5018 1719 5078 ταῖς
1747 5015 1838 5084 ὁρ-

271 5125 396 5191 μαῖς
426 5119 562 5192 (65).
595 5121 772 5190 Ὅπερ
798 5115 888 5171 οὖν
912 5116 1217 5186 πάσχοντας
1243 5111 1388 5164 ἔστιν
1417 5108 1561 5176 ἰδεῖν,
1593 5105 1720 5178 περὶ
1739 5103 1838 5168 τὰς

337 5235 434 5290 ³³1
471 5235 602 5302 Reg.
633 5249 709 5299 Ix,
737 5232 772 5288 5
799 5249 921 5301 sqq.

362 5347 452 5471 3?
497 5343 753 5414 Μετέθει.
780 5343 916 5411 Reg.
953 5342 1022 5411 ph
1063 5348 1116 5395 et
1144 5340 1236 5395 0r.
1269 5337 1323 5390 2.
1365 5332 1589 5406 μεγέθη.

363 5419 397 5471 5
440 5421 457 5471 l
495 5419 696 5469 Ταυτό.
733 5415 894 5471 licuit.
923 5425 974 5470 C.
1011 5411 1102 5471 ph,
1139 5407 1351 5462 ταυτόν.

363 5407 457 5483 δῖ)
495 5407 696 5469 Ταύτό.
733 5407 894 5482 ιιρςκῖ
923 5407 974 5483 ος.
1011 5411 1102 5480 ph,
1139 5407 1351 5483 ταυτόν.

366 5473 735 5556 54)-Εὗρατο.
776 5473 909 5556 Tres
944 5473 1104 5556 ἣξεις,
1140 5491 1192 5556 et
1221 5482 1309 5530 υτ.
1346 5476 1400 5540 :2,
1433 5473 1642 5544 εὕρετο.

367 5549 459 5628 55)
503 5549 748 5628 ΤούτωνΣ
790 5554 921 5628 Reg.
963 5552 1051 5628 ph.
1083 5549 1269 5602 τούτου

367 5622 458 5696 56)
506 5625 686 5693 Ἡμῖν.
723 5625 876 5696 Deest
907 5625 972 5696 iit
993 5622 1123 5696 Reg.
1154 5637 1200 5673 a.

369 5683 462 5762 37')
493 5683 716 5758 'O'Wtoq
740 5694 857 5747 τῶν
873 5690 997 5744 τοῦ.
1019 5683 1108 5744 Sic
1131 5703 1358 5761 quatuor
1382 5691 1570 5762 chg.,
1596 5683 1761 5742 Cois].
1787 5684 1836 5749 ι,

276 5763 376 5827 οτι
405 5766 461 5837 2,
491 5777 596 5823 etc.
619 5766 778 5822 Deest
806 5763 912 5818 τῶν
937 5764 990 5818 in
1024 5764 1089 5816 ed

1937 4560 2036 4606 ret.
2076 4550 2186 4607 Nec
2220 4566 2346 4605 vero
2391 4551 2620 4604 alienum
2662 4551 2765 4604 erit
2802 4549 3254 4604 narratiunculant
3298 4568 3457 4604 unam
3483 4592 3499 4613 ,

1933 4641 2262 4699 condimenti
2283 4641 2556 4708 cujusdam
2580 4641 2695 4695 vice
2720 4681 2736 4707 ,
2778 4640 3009 4694 orationi
3055 4641 3347 4711 adjungere
3375 4683 3391 4706 ,
3444 4655 3500 4696 ut

1935 4734 2224 4790 scientibus
2253 4736 2464 4803 quidem
2500 4732 2818 4787 memeriam
2847 4742 3099 4797 renovet,
3131 4734 3502 4805 ignorantihus

1939 4836 2120 4880 autem
2166 4825 2489 4880 documento
2523 4825 2617 4880 sit.
2652 4823 2845 4878 Insano
2878 4825 3106 4892 quodam
3140 4840 3267 4896 erga
3317 4828 3502 4896 sophi-

1937 4927 2053 4974 stas
2087 4917 2266 4973 studio
2297 4917 2526 4972 Athenis
2555 4926 2803 4970 tenentur
2829 4930 2990 4984 quam
3021 4917 3236 4984 plurimi
3268 4927 3322 4971 et
3351 4919 3502 4972 stoli-

1944 5010 2148 5065 dissimi
2175 5010 2576 5076 adolescentes;
2611 5024 2714 5062 non
2749 5009 2905 5062 ntodo
2935 5009 3194 5079 ignobiles
3219 5019 3273 5064 et
3307 5012 3502 5064 obscu-

1941 5103 2026 5172 ri,
2064 5105 2156 5162 sed
2179 5105 2388 5163 nobiles
2419 5105 2581 5162 etiam
2606 5112 2660 5158 et
2693 5101 2930 5157 illustres
2952 5140 2968 5167 ,
3009 5112 3068 5157 ut
3112 5102 3203 5170 qui
3235 5103 3503 5158 miscella-

2011 5328 2122 5397 (58)
2153 5325 2490 5397 Χρήσωμαι.
2527 5362 2540 5376 .
2577 5361 2594 5379 .
2634 5323 2956 5393 τράπωμαι.
2988 5322 3080 5379 Or.
3130 5322 3166 5376 2
3197 5331 3252 5378 et
3289 5321 3504 5386 C0mb.,

1940 5401 2233 5471 χρήσομαι.
2263 5435 2276 5450 .
2303 5439 2324 5471 _.
2357 5396 2655 5471 τράπομαι.

2035 5465 2128 5536 ‘59)
2156 5466 2336 5521 Αὐτά.
2375 5467 2503 5536 ιίεε.
2539 5465 2628 5532 ph,
2651 5465 2842 5536 (ἑαυτά.

2033 5535 2123 5606 ,40)
2159 5538 2228 5590 Τὸ
2248 5535 2578 5606 αὐῖόηιιεε.
2611 5535 2700 5602 ph,
2731 5535 2946 5606 ταυτόν.

2013 5549 2123 5608 (Ml)
2159 5549 2228 5590 1'0
2248 5549 2413 5612 avfo.
2448 5549 2578 5657 “eg.
2611 5549 2700 5602 pii,
2731 5550 2838 5587 10w

2013 5609 2123 5679 (41)
2152 5609 2371 5679 Maranga.
2406 5604 2499 5679 ΟΡ,
2571 5645 2584 5663 .
2629 5604 2838 5679 μικρόν.

2163 5669 2640 5754 Ῐζρράᾷεχθέξντιξς
2665 5669 2794 5754 Heg.
2826 5690 2875 5739 c,
2908 5669 3268 5754 εἰσδεχθέντᾳ.

2023 5742 2134 5820 (45)
2177 5742 2309 5811 Ταῖς
2336 5743 2558 5816 ὁρμαῖς.
2595 5745 2724 5814 Reg.
2755 5746 2937 5814 ῥίνη,
2976 5743 3073 5812 τὴν
3101 5742 3295 5812 ὁρμήν.
