4050 6298
650 241 782 297 515'

1844 245 1899 300 S.
1941 246 2266 304 GREGORII
2308 248 2649 306 'l‘llEOLOGl

3729 274 3815 331 516

645 371 744 411 nea
781 357 1022 427 quaedam
1061 356 1346 412 multitudo
1372 357 1513 421 sint,
1554 365 1609 411 et
1641 357 1898 428 juvenes,
1928 369 1982 414 et
2014 363 2084 414 ita
2124 363 2197 416 ef-

2306 363 2610 429 ἀντιθέτους
2638 366 3012 437 ἱπποδρομίας,
3051 368 3174 433 τοὺς
3196 370 3480 440 φιλίππους
3503 395 3557 432 τε
3583 383 3667 436 καὶ
3688 389 3818 454 φιλο-

647 446 789 507 fecti.
809 458 866 502 ut
883 463 1065 502 eorum
1086 448 1312 516 impetus
1335 447 1424 500 vix
1441 448 1658 514 reprimi
1688 449 1912 516 possint.
1937 449 2090 516 Quod
2106 452 2203 520 igi-

644 549 732 592 tur
755 540 806 594 in
833 540 1170 608 equestribus
1189 539 1570 594 certaminibus
1596 541 1660 594 iis
1675 541 1919 596 accidere
1937 544 2199 608 videmus,

643 632 732 700 qui
759 631 909 699 equis
941 640 994 685 et
1023 631 1183 701 ’182
1216 631 1534 699 spectaculis
1559 631 1924 699 oblectamur;
1951 635 2203 689 exsiliunt

640 723 804 788 enim,
833 722 1085 787 clamant,
1123 723 1390 791 pulverem
1423 724 1476 777 in
1501 724 1695 778 cmlum
1729 726 1979 791 mittunt,
2015 729 2222 782 sedenw

643 821 722 869 tes
765 815 1002 869 habenas
1044 815 1425 880 moderantur,
1461 830 1640 870 aerem
1671 817 1995 880 verberant,
2035 833 2202 886 equos

641 905 858 974 digitis,
903 905 1052 975 quasi
1097 906 1356 970 scuttcis,
1403 906 1455 959 in
1503 907 1729 960 alterum
1774 916 1934 976 atque
1975 907 2200 961 alterum

640 995 779 1050 latus
811 996 1034 1050 subinde
1057 996 1310 1066 jungunt,
1340 1013 1461 1050 cum
1489 997 1622 1050 nihil
1655 997 1846 1051 bormn
1885 1000 1934 1051 in
1968 999 2200 1066 ipsorum

640 1097 906 1153 potestate
935 1088 1095 1142 situm
1129 1088 1198 1140 sit
1233 1106 1246 1140 :
1282 1087 1440 1142 facile
1473 1089 1610 1143 inter
1635 1104 1694 1143 se
1719 1091 1935 1158 aurigas
1957 1129 1972 1153 ,
2003 1105 2200 1160 equos,

640 1191 898 1244 equorum
953 1177 1245 1240 stationes,
1295 1180 1606 1232 certaminis
1652 1180 1816 1233 duces
1865 1192 2200 1250 permutant;

640 1267 800 1334 idque
839 1268 1056 1334 quinam
1095 1268 1348 1322 tandem?
1385 1269 1655 1336 Pauperes
1692 1272 2008 1340 plerumque
2043 1285 2203 1342 atque

639 1348 818 1426 inepia
861 1357 1169 1413 laborantes
1195 1399 1209 1422 ,
1249 1367 1303 1414 et
1346 1359 1542 1428 quibus
1585 1377 1650 1416 ne
1699 1363 1748 1414 in
1785 1379 1950 1416 unum
1988 1365 2201 1432 quidem

640 1445 778 1500 diem
811 1446 984 1500 victus
1008 1448 1279 1517 suppetit:
1319 1449 1422 1502 hoc
1461 1448 1590 1518 ipsis
1619 1465 1832 1519 quoque
1878 1452 2034 1520 plane
2061 1454 2200 1508 circa

640 1547 994 1606 praeceptores
1028 1553 1188 1602 suos,
1241 1537 1479 1608 aliosque
1525 1539 1766 1609 ejusdem
1818 1545 1951 1597 artis
1993 1545 2202 1612 profes-

641 1643 793 1682 sores
816 1665 834 1694 ,
867 1642 1158 1697 eorumque
1189 1628 1413 1684 :emulos
1450 1631 1682 1697 accidit;
1725 1633 1776 1686 in
1813 1633 1916 1688 hoc
1951 1635 2201 1690 nimirum

639 1716 1037 1772 elaborantibus
1057 1757 1073 1781 ,
1102 1727 1159 1771 ut
1186 1727 1240 1771 et
1275 1717 1454 1787 plures
1491 1721 1590 1790 ipsi
1615 1722 1724 1776 sint
1755 1763 1770 1788 ,
1803 1718 1869 1778 et'
1894 1725 2013 1779 illos
2043 1741 2203 1794 opera

640 1824 734 1862 sua
760 1809 1132 1880 locupletiores
1155 1809 1407 1864 elﬁciant.
1439 1811 1616 1881 Atque
1651 1829 1712 1868 ea
1745 1831 1832 1869 res
1862 1816 2204 1871 vehementer

639 1901 868 1954 absurda
915 1911 968 1955 et
1013 1901 1316 1970 prodigiosa
1354 1912 1456 1958 est.
1506 1903 1958 1976 Przeoccupantur
2001 1909 2161 1962 urbes
2187 1949 2201 1970 ,

2305 455 2570 525 θεάμονας
2592 474 2604 485 ’
2641 456 2868 526 πηδῶσι,
2897 457 3111 527 βοῶσιν,
3140 462 3350 533 οὐρανῷ
3391 467 3647 536 πέμπουσι
3673 479 3818 546 κόνιν,

2304 546 2569 615 ἡνιοχοῦσι
2599 547 2916 618 καθήμενοι,
2952 551 3168 604 παίουσι
3199 553 3289 605 τὸν
3313 555 3445 627 ἀέρα
3471 558 3598 631 (44),
3621 569 3729 630 τοὺς
3751 572 3818 624 ἴπ-

2304 655 2436 699 πους
2467 637 2530 708 δὴ
2563 641 2672 701 τοῖς
2703 638 3001 704 δακτύλοις,
3046 642 3120 704 ὡς
3171 643 3384 712 μάστιξι
3415 649 3542 722 (45),
3572 653 3820 724 ζευγνύω-

2305 747 2377 790 σι,
2405 730 2904 799 μεταζευγνύουσιν,
2937 731 3146 796 οὐδενὸς
3159 733 3308 798 ὄντες
3337 738 3505 809 κύριοι
3529 758 3541 770 ⁸
3565 745 3818 806 ἀντιδιδόα-

2305 835 2388 870 σιν
2413 817 2661 887 ἀλλήλοις
2718 818 2910 890 ῥᾳδίως
2935 821 3200 890 ἡνιόχους,
3234 822 3447 887 ἵππους,
3480 827 3819 901 ίπποστασίας,

2307 909 2660 980 στρατηγούς.
2698 911 2806 962 Καὶ
2836 911 3005 964 ταῦτα
3042 913 3216 977 τίνες;
3247 914 3309 966 Οἱ
3347 916 3568 988 πένητες
3599 924 3820 993 πολλάκις

2304 1000 2396 1053 καὶ
2429 1000 2642 1071 ἄποροι,
2677 1002 2770 1054 καὶ
2801 1003 2923 1072 μηδ’
2953 1002 3018 1055 ἂν
3042 1006 3120 1066 εἰς
3153 1005 3277 1074 μίαν
3316 1007 3519 1078 ἡμέραν
3545 1015 3730 1084 τροφῆς
3750 1021 3822 1072 εὑ.

2305 1091 2642 1160 πορήσαντες
2671 1090 2778 1160 (46)
2795 1109 2807 1120 ·
2832 1089 2988 1144 τοῦτο
3005 1093 3096 1146 καὶ
3121 1094 3274 1147 αὐτοὶ
3304 1096 3592 1168 πάσχουσιν
3618 1104 3820 1175 ἀτέχνως

2304 1178 2431 1249 περὶ
2481 1178 2604 1240 τοὺς
2653 1178 2859 1231 ἑαυτῶν
2900 1179 3282 1248 διδασκάλους,
3345 1189 3437 1240 καὶ
3502 1190 3817 1264 ἀντιτέχνους,

2303 1272 2450 1334 ὅπως
2477 1271 2691 1334 πλείους
2711 1288 2771 1324 τε
2794 1265 2928 1324 ὦσιν
2955 1273 3128 1336 αὐτοὶ,
3157 1275 3439 1340 κάκείνους
3461 1280 3822 1356 εὐπορωτέρους

2305 1362 2496 1416 ποιῶσι
2536 1363 2601 1416 δι’
2628 1363 2832 1416 ἑαυτῶν
2860 1365 3095 1436 σπουδὴν
3123 1365 3369 1435 ἔχοντες·
3407 1370 3499 1422 καὶ
3528 1371 3587 1424 τὸ
3627 1378 3822 1446 πρᾶγμά

2305 1457 2449 1507 ἑστιν
2471 1455 2725 1518 επιεικῶς
2753 1456 2949 1509 ἄτοπον
2975 1457 3068 1508 καὶ
3093 1457 3387 1526 δαιμόνιον.
3407 1460 3824 1536 Προκαταλαμδὰ-

2305 1563 2481 1598 νονται
2511 1545 2710 1610 πόλεις,
2736 1546 2863 1608 ὁδοὶ,
2887 1547 3125 1616 λιμένες,
3150 1550 3288 1619 δρῶν
3321 1552 3482 1623 ἄκρα,
3504 1555 3668 1620 πεδία,
3687 1560 3821 1627 ἐσχα-

2305 1638 2436 1699 τιαὶ,
2483 1639 2632 1690 οὐδὲν
2665 1639 2692 1691 ὅ
2724 1655 2776 1692 τι
2821 1638 2892 1710 μὴ
2921 1640 3018 1710 τῆς
3061 1640 3308 1712 Ἀττικῆς
3342 1644 3521 1714 μέρος,
3550 1647 3580 1717 ἢ
3607 1649 3694 1718 τῆς
3731 1649 3822 1703 λοι-

2237 1716 2276 1768 Β
2309 1727 2415 1796 πῆς
2445 1727 2714 1790 Ἑλλάδος,
2737 1729 2914 1781 αὐτῶν
2935 1729 3042 1782 τῶν
3071 1730 3181 1801 (47)
3205 1733 3501 1803 οἰκητόρων
3525 1716 3576 1787 οἱ
3591 1716 3820 1791 πλεῖστοι·

2309 1819 2402 1871 καὶ
2433 1819 2540 1890 γὰρ
2567 1820 2787 1884 τούτους
2820 1823 3252 1894 μεμερισμένους
3283 1828 3406 1887 ταῖς
3437 1827 3676 1891 σπουδαῖς
3701 1829 3824 1899 ἔχου-

2309 1926 2414 1962 σιν.

639 1991 770 2055 viaa,
813 2000 1031 2057 portus,
1074 1991 1331 2045 montium
1366 1996 1644 2049 cacumina
1670 2037 1684 2061 ,
1721 1998 1925 2065 campi,
1959 1999 2302 2063 solitudines,
2342 2016 2526 2056 omnes
2558 2003 2787 2073 denique
2849 2005 3034 2058 Attica:
3098 2021 3160 2061 ac
3217 2007 3440 2077 reliquae
3483 2010 3691 2067 Graeciae
3715 2027 3823 2082 par-

641 2093 755 2147 tes,
804 2093 962 2152 atque
1013 2085 1145 2138 adeo
1186 2085 1478 2139 incolarum
1519 2085 1751 2136 maxima
1783 2100 1942 2152 pars,
1990 2101 2110 2139 nam
2150 2100 2202 2140 et

702 2178 842 2234 XVI.
893 2179 1026 2234 Cum
1071 2189 1249 2234 autem
1293 2179 1506 2246 juvenis
1555 2180 1822 2248 quispiam
1870 2183 2198 2246 accesserit,

637 2283 798 2342 atque
838 2273 890 2326 in
929 2288 1116 2326 eorum
1149 2313 1163 2337 ,
1206 2287 1235 2325 a
1280 2272 1478 2340 quibus
1522 2281 1710 2339 captus
1756 2281 1876 2336 est,
1927 2287 2115 2328 manus
2153 2286 2206 2328 et

637 2375 952 2431 potestatem
997 2367 1201 2417 venerit
1248 2362 1430 2434 (venit
1459 2373 1668 2426 autem,
1705 2366 1784 2417 vel
1839 2375 2026 2432 sponte
2055 2405 2070 2426 ,
2119 2366 2198 2419 vel

637 2455 929 2526 coactus);
975 2467 1084 2510 tum
1125 2455 1296 2509 Attica
1331 2458 1444 2511 hate
1471 2456 1577 2509 illis
1605 2458 1936 2511 consuetudo
1966 2469 2048 2511 cst
2071 2499 2086 2524 ,
2122 2458 2202 2510 lu-

639 2548 846 2616 dusque
885 2550 958 2602 rei
999 2549 1155 2602 seria:
1179 2549 1438 2602 admistus
1469 2566 1482 2602 :
1517 2546 1795 2612 Primum,
1837 2549 1973 2616 apud
2021 2564 2203 2602 eorum

639 2639 910 2706 aliquem,
951 2639 1040 2708 qui
1083 2640 1291 2707 priores
1337 2639 1508 2708 ipsum
1561 2639 1921 2708 arripuerint,
1968 2639 2202 2708 hospitio

640 2731 936 2798 accipitur,
975 2731 1056 2784 vel
1110 2733 1439 2795 amicorum,
1491 2730 1572 2784 vel
1608 2730 2026 2798 propinquorum
2053 2773 2067 2795 ,
2126 2732 2206 2785 vel

639 2823 729 2892 qui
755 2821 992 2890 ejusdem
1029 2832 1152 2876 suut
1198 2822 1416 2892 patrias,
1443 2821 1526 2876 vel
1567 2823 1656 2890 qui
1682 2823 2006 2890 sophistices
2037 2833 2206 2877 artem

638 2914 876 2982 apprime
933 2914 1171 2977 callent,
1239 2929 1302 2968 ac
1349 2913 1496 2966 lucra
1549 2913 1821 2981 magistris
1868 2915 2202 2975 conciliant,

636 3020 807 3074 eoque
843 3007 1056 3059 nomine
1099 3005 1234 3074 apud
1294 3021 1386 3060 eos
1439 3019 1650 3058 summo
1700 3007 1901 3059 honore
1939 3020 2001 3057 ac
2040 3006 2207 3074 pretio

637 3104 798 3161 sunt;
832 3096 1257 3164 quandoquidem
1286 3097 1392 3149 illis
1421 3095 1685 3149 mercedis
1717 3095 1832 3150 loco
1867 3107 1969 3160 cst,
2003 3095 2201 3148 habere

637 3190 727 3256 qui
760 3188 990 3257 ipsorum
1023 3189 1314 3242 commodis
1357 3189 1626 3242 studeant.
1674 3189 1910 3251 Deinde,
1952 3205 1980 3240 a
2027 3188 2203 3261 quoli-

635 3281 726 3335 bet
763 3280 970 3334 cavillis
999 3280 1317 3341 lacessitur;
1361 3281 1504 3349 quod
1535 3279 1784 3346 quidem,
1824 3279 1874 3331 ni
1910 3278 2099 3339 fallor.
2139 3295 2202 3332 eo

637 3370 876 3436 faciunt,
921 3381 978 3423 ut
1009 3386 1194 3425 eorum
1223 3411 1238 3435 ,
1280 3371 1370 3438 qui
1414 3385 1584 3437 nuper
1611 3370 1977 3431 advenerunt,
2005 3368 2199 3422 fastum

635 3462 970 3530 reprimant,
1021 3470 1180 3528 atque
1229 3474 1257 3512 a
1319 3457 1579 3526 principio
1629 3457 1776 3525 ipsos
1827 3457 1877 3509 in
1937 3465 2200 3526 potestate

636 3552 899 3620 redigant.
947 3550 1256 3604 Lacessitur
1299 3559 1472 3602 autem
1516 3569 1527 3603 :
1580 3547 1647 3601 ab
1697 3549 1853 3614 aliis,
1903 3549 2196 3613 audacius;

633 3643 700 3698 ab
728 3643 847 3696 aliis
870 3682 885 3705 ,
919 3643 1173 3696 urbanius
1197 3682 1211 3704 ,
1241 3651 1398 3709 prout
1429 3641 1515 3694 ille
1539 3682 1552 3704 ,
1581 3642 1663 3695 vel
1691 3643 1905 3696 rusticis
1928 3648 1980 3693 et
2005 3641 2200 3710 ineptis

633 3745 717 3789 est
770 3735 1050 3798 moribus,
1103 3733 1184 3786 vel
1241 3733 1546 3787 urbanitate
1603 3733 1874 3802 prmditus.
1921 3734 2096 3801 Atque
2149 3732 2198 3784 id

634 3825 835 3894 ignaris
881 3823 1096 3892 quidem
1144 3822 1472 3877 horrendum
1542 3823 1691 3877 valde
1747 3833 1801 3877 et
1849 3822 2196 3875 inhumanum

633 3914 876 3977 videtur,
923 3911 988 3967 iis
1029 3921 1204 3965 autem
1253 3927 1512 3979 perquam
1559 3912 1856 3981 jucundum
1903 3921 1956 3962 et
1999 3925 2194 3972 suave,

633 4005 724 4074 qui
751 4004 853 4058 hoc
881 4005 1029 4073 prius
1059 4014 1271 4058 norunt.
1310 4004 1551 4071 Amplior
1589 4006 1732 4058 enim
1759 4014 1840 4058 est
1873 4005 1985 4058 haec
2026 4004 2198 4057 mina-

633 4110 753 4148 rum
786 4096 1096 4160 ostentatio,
1123 4110 1280 4163 quam
1307 4095 1468 4165 783
1493 4111 1577 4150 res
1600 4095 1882 4166 ipsa.Turn
1913 4113 2006 4165 per
2021 4095 2194 4151 forum

634 4185 699 4238 ad
724 4185 968 4240 balneum
993 4201 1112 4239 cum
1139 4201 1328 4254 pompa
1354 4188 1653 4242 deducitur.
1671 4187 1864 4257 Pompa
1895 4198 2070 4241 autem
2095 4187 2196 4241 hoc

633 4275 793 4328 modo
848 4287 906 4328 se
955 4276 1116 4328 habet
1157 4290 1170 4328 :
1215 4274 1315 4340 Qui
1362 4276 1654 4330 deducendi
1703 4275 1915 4342 juvenis
1977 4290 2196 4329 munere

633 4365 968 4436 funguntur,
1014 4365 1202 4420 ordine
1243 4364 1487 4420 collocati
1515 4405 1528 4426 ,
1584 4375 1742 4432 alque
1788 4365 1956 4433 aequis
2008 4365 2196 4432 spatiis

703 4543 814 4616 (Η)
842 4544 1093 4616 Παίουσι
1125 4542 1236 4616 {dij
1265 4543 1438 4616 ἀέρα,
1466 4550 1570 4616 etc.
1603 4538 1818 4616 l‘licetas
1849 4539 1991 4616 hunc
2015 4537 2188 4616 locum

631 4608 963 4682 slc‘ettponit
1007 4629 1070 4666 ac
1115 4608 1465 4682 distingunt
1512 4610 1668 4682 ἈντίΔ
1701 4608 1795 4661 τοῦ
1841 4609 2018 4682 παίειν
2065 4609 2186 4682 τους

630 4677 830 4746 ἵππους
863 4686 978 4745 ταῖς
1018 4679 1256 4752 μάστιξι,
1287 4681 1374 4732 τὸν
1403 4679 1542 4752 ᾁέρα.
1572 4679 1818 4731 παίουσιν
1851 4680 1962 4740 τοῖς
1994 4677 2187 4752 δακτύ-

631 4755 774 4816 λοις·
810 4770 828 4802 ι
869 4748 1060 4805 Aerem
1098 4751 1278 4818 digitis
1307 4748 1610 4818 verberant,
1641 4764 1767 4818 cum
1783 4762 1947 4815 equos
1969 4748 2186 4818 scuticis

631 4825 916 4876 verberare
939 4835 1042 4872 non
1074 4816 1298 4886 pos—sint.
1333 4835 1350 4867 ι
1399 4816 1453 4869 Id
1491 4825 1655 4870 totum
1689 4816 1936 4882 refertur,
1970 4817 2184 4886 nonad

631 4900 935 4950 certantes,
965 4889 1058 4940 sed
1076 4884 1158 4941 ad
1201 4887 1553 4941 certaminum
1598 4896 1923 4954 spectatores
1944 4925 1959 4948 ,
1993 4884 2186 4954 quibus

631 4976 753 5017 cum
783 4975 886 5013 non
925 4958 1082 5010 liceat
1113 4970 1279 5024 equos
1299 4954 1521 5008 scuticis
1560 4957 1863 5018 verberare,
1899 4965 1991 5008 aut
2023 4956 2185 5008 habe-

632 5045 733 5084 nas
764 5027 1051 5087 moderari,
1081 5037 1256 5079 tamen
1289 5025 1371 5078 vel
1399 5024 1700 5088 clamando,
1743 5025 1826 5079 vel
1859 5024 2057 5092 digitis,
2090 5038 2184 5078 seu

631 5098 876 5152 manibus
901 5096 1218 5164 plaudendo,
1242 5109 1379 5161 sape
1402 5095 1710 5164 aurigarum
1732 5105 1953 5164 conatus
1983 5108 2046 5164 ac
2073 5107 2186 5146 mo-

632 5167 849 5221 litiones
889 5162 1160 5234 frangunt,
1202 5175 1258 5218 et
1287 5162 1546 5229 equorum
1585 5167 1838 5232 impetum
1872 5162 2182 5234 deturbant.

728 5236 816 5303 45)
875 5237 968 5300 Ὡς
1013 5230 1279 5302 ᾆιάστιξι.
1331 5235 1486 5290 Deest
1539 5235 1594 5290 in
1647 5230 1804 5304 Reg.,
1859 5232 2023 5304 Cypr.
2065 5230 2187 5304 Bill.

636 5323 656 5358 ι
695 5303 952 5370 Stimulis,
1011 5324 1030 5356 ι
1080 5320 1240 5374 quam
1294 5303 1787 5373 interpretationem
1842 5303 1947 5356 non
1997 5303 2187 5374 probat

629 5376 1002 5438 Colnbelisius,
1030 5373 1169 5442 quod
1219 5375 1289 5445 ad
1335 5377 1704 5445 metaphoram
1743 5377 1921 5442 inepta
1963 5373 2056 5437 sit,
2091 5386 2187 5426 nec

629 5447 745 5500 voci
781 5445 977 5501 Graeca:
1005 5443 1336 5513 respondeat.

702 5515 811 5586 (ιε)
837 5509 1310 5582 Εὑπορήὸἀντες.
1349 5512 1513 5585 Begg.
1547 5515 1656 5577 bm,
1685 5512 1774 5583 pb.
1802 5519 1857 5567 et
1878 5509 1970 5566 0r.
2007 5511 2062 5578 2,
2093 5511 2181 5565 εύ-

631 5586 972 5657 πορῄῌσοντες.

702 5652 816 5726 (47)
860 5653 996 5710 Τῶν.
1034 5653 1193 5711 Deest
1217 5653 1271 5708 in
1303 5652 1430 5721 Reg.
1460 5667 1511 5708 .

2240 2089 2355 2144 illos
2383 2090 2434 2142 iu
2465 2102 2644 2158 partes
2677 2107 2740 2146 ac
2763 2094 2939 2146 studia
2967 2094 3253 2152 distractos
3282 2101 3500 2154 habent.

2377 2185 2493 2252 ις’.
2546 2186 2694 2238 Ἐπεὶ
2725 2186 2767 2238 δ’
2792 2188 2859 2240 ἂν
2890 2182 2980 2241 οὖν
3029 2206 3113 2252 τις
3143 2191 3338 2262 ἐπιστῇ
3370 2191 3478 2242 τῶν
3501 2192 3648 2254 νέων,
3674 2194 3752 2246 καὶ
3777 2196 3825 2250 ἑν

2303 2277 2457 2346 χερσὶ
2502 2278 2724 2348 γένηται
2757 2278 2866 2330 τῶν
2907 2279 3130 2333 ἑλόντων
3160 2281 3270 2352 (48)
3305 2283 3530 2351 (γίνεται
3571 2283 3642 2346 δὲ,
3681 2284 3823 2355 ῆβια-

2306 2365 2472 2428 σθεὶς,
2529 2367 2560 2437 ἢ
2614 2367 2798 2436 ἑκὼν),
2847 2369 3006 2438 νόμος
3057 2366 3211 2432 οὗτός
3259 2373 3408 2422 ἐστιν
3459 2373 3634 2435 αὐτοῖς
3685 2374 3822 2426 Ἀττι-

2297 2457 2396 2519 ¹κὸς
2417 2457 2549 2529 (49),
2578 2459 2670 2512 καὶ
2706 2459 2890 2512 παιδιὰ
2915 2461 3113 2530 σπουδῇ
3149 2461 3488 2532 σύμμικτος·
3514 2464 3718 2534 Πρῶτον
3747 2465 3818 2533 μὲν

2305 2546 2606 2615 ξεναγείται
2636 2551 2785 2619 παρά
2808 2568 2913 2604 τινι
2943 2551 3050 2604 τῶν
3085 2553 3510 2624 προειληφότων,
3538 2555 3569 2625 ἢ
3607 2555 3820 2624 φίλων,ἢ

2308 2637 2602 2704 συγγενῶν,
2632 2639 2664 2708 ἢ
2693 2638 2799 2690 τῶν
2827 2641 2890 2692 ἑκ
2920 2639 3018 2709 τῆς
3054 2641 3218 2710 αὐτῆς
3247 2642 3523 2712 πατρίδος,
3549 2644 3580 2713 ἢ
3609 2643 3708 2695 τῶν
3734 2643 3822 2695 ὅσοι

2308 2729 2548 2799 περιττοὶ
2577 2729 2644 2782 τὰ
2671 2730 2973 2798 σοφιστικὰ,
3000 2733 3093 2784 καὶ
3119 2735 3470 2803 προσαγωγοί
3506 2733 3608 2785 τῶν
3642 2733 3822 2804 λημμὰο

2305 2836 2432 2884 των,
2459 2819 2751 2873 κάντεῦθεν
2781 2822 3009 2891 μάλιστα
3036 2821 3122 2874 διὰ
3147 2824 3313 2893 τιμῆς
3345 2823 3596 2887 ἐκείνοις·
3629 2826 3732 2877 ἐπεὶ
3750 2825 3821 2877 καὶ

2305 2911 2460 2964 τοῦτο
2495 2911 2678 2982 μισθός
2713 2914 2857 2966 ἐστιν
2904 2913 3083 2976 αὐτοῖς
3123 2915 3227 2966 τῶν
3275 2915 3619 2969 σπουδαττῶν
3656 2916 3817 2986 τυγχάο

2308 3021 2416 3055 νειν
2451 3004 2582 3073 (50).
2618 3005 2844 3056 Ἔπειτα
2889 3002 3249 3074 ἑρεσχελεῖται
3289 3008 3446 3077 παρὰ
3481 3007 3570 3060 τοῦ
3611 3007 3817 3077 βουλομέ-

2309 3114 2397 3149 νου
2444 3097 2673 3159 παντός·
2709 3095 2951 3167 βούλεται
3010 3099 3066 3151 δὲ
3113 3101 3318 3162 αὐτοῖς,
3362 3095 3536 3170 οἶμαι,
3576 3099 3715 3152 τοῦτο
3736 3098 3818 3150 τῶν

2303 3186 2572 3257 νεηλύδων
2609 3187 2911 3240 συστέλλειν
2935 3188 3046 3257 (51)
3065 3188 3126 3241 τὸ
3158 3191 3432 3260 φρόνημα,
3460 3193 3550 3244 καὶ
3577 3172 3672 3243 ύπδ
3698 3193 3820 3260 χεῖρα

2306 3277 2454 3346 σφῶν
2498 3278 2591 3330 ἀπ’
2625 3279 2796 3348 ἀρχῆς
2826 3279 2995 3346 ἄγειν.
3037 3280 3431 3349 Ἑρεσχελεῖται
3468 3281 3544 3347 δὲ,
3577 3279 3713 3352 παρὰ
3744 3278 3819 3348 μὲν

2302 3368 2429 3430 τῶν,
2467 3365 2825 3437 Θρασύτερονο
2871 3367 3018 3438 παρὰ
3061 3367 3116 3419 δὲ
3151 3368 3279 3433 τῶν,
3317 3369 3682 3441 λογικώτερον,
3705 3370 3820 3428 ὅπως

2302 3457 2366 3510 ἂν
2409 3457 2710 3527 ἀγροικίας,
2751 3457 2784 3527 ἢ
2832 3459 3176 3528 ἁστειότητος
3209 3459 3332 3531 ἔχῃ.
3379 3461 3488 3513 Καὶ
3519 3461 3576 3513 τὸ
3609 3461 3818 3530 πρᾶγμα,

2300 3550 2411 3610 τοῖς
2447 3549 2543 3616 μὲν
2581 3547 2826 3615 ἀγνοοῦσι
2865 3548 2981 3601 λίαν
3012 3549 3240 3620 φοϐερὸν
3286 3551 3404 3620 (52)
3447 3551 3541 3604 καὶ
3573 3553 3818 3620 ἀνήμερον,

2299 3641 2409 3701 τοῖς
2441 3639 2497 3690 δὲ
2529 3639 2796 3710 προειδόσι
2847 3641 2938 3692 κα)⁴
2983 3640 3126 3709 μάλα
3175 3642 3270 3711 ἡδὺ
3329 3643 3423 3695 καὶ
3469 3641 3817 3711 φιλάνθρωπον.

2300 3728 2503 3781 Πλείων
2534 3728 2640 3798 γάρ
2668 3729 2811 3779 ἐστιν
2854 3728 2885 3796 ἠ
2915 3726 3154 3793 ἔνδειξις,
3201 3729 3231 3798 ἢ
3267 3730 3331 3781 τὸ
3366 3730 3524 3803 ἔργον
3562 3727 3660 3780 τῶν
3696 3726 3820 3778 ἀπει-

2299 3819 2588 3890 λουμένων.
2629 3820 2854 3872 Ἔπειτα
2877 3820 3144 3888 πομπεύει
3168 3820 3253 3873 διὰ
3287 3821 3387 3891 τῆς
3416 3822 3634 3891 ἀγορᾶς,
3668 3817 3746 3869 ἐπὶ
3769 3813 3813 3864 τὸ

2298 3912 2517 3981 λουτρὸν
2578 3911 2963 3983 προαγόμενος.
3029 3911 3093 3963 'll
3132 3912 3324 3981 πομπὴ
3375 3912 3464 3964 δέ·
3505 3909 3814 3974 Διατάξαπες

2299 4003 2522 4065 ἑαυτοὺς
2552 4001 2829 4072 στοιχηδὸν
2853 4001 2994 4054 κατὰ
3027 4001 3283 4068 συζυγίαν
3314 4004 3378 4054 ἑκ
3408 4003 3758 4071 διαστήματος,
3777 3995 3812 4046 οἱ

2296 4093 2570 4156 τελοῦντες
2605 4092 2681 4162 τῷ
2714 4093 2818 4162 νέῳ
2855 4093 2950 4163 τὴν
2986 4092 3225 4165 πρόοδον,
3259 4094 3350 4145 ἐπὶ
3383 4093 3444 4145 τὸ
3477 4091 3684 4162 λουτρὸν
3711 4102 3815 4157 προσ

2297 4185 2619 4255 πέμπουσιν.
2667 4184 2912 4238 Ἐπειδὰν
2970 4185 3026 4236 δὲ
3078 4184 3419 4254 πλησιάσωσι
3471 4184 3600 4252 (53),
3643 4181 3725 4250 βοῇ
3769 4191 3815 4227 τε

2295 4269 2460 4340 πολλῇ
2485 4271 2577 4324 καὶ
2603 4270 2862 4340 ὲξάλμασι
2888 4270 3177 4342 χρώμενοι,
3204 4271 3456 4343 καθάπερ
3481 4268 3818 4326 ἐνθουσιῶντες

2297 4362 2527 4432 (κελεύει
2563 4362 2619 4414 δὲ
2657 4365 2690 4432 ἡ
2722 4361 2839 4433 βοὴ,
2881 4364 2955 4433 μὴ
2985 4363 3312 4433 προϐαίνειν,
3343 4363 3460 4416 ἀλλ’
3487 4360 3736 4420 ἵστασθαι,
3758 4356 3818 4418 ὡς

2225 4543 2265 4594 D
2363 4537 2470 4606 (68)
2524 4538 2832 4592 Ἑλόντων.
2863 4537 2952 4591 Sic
2982 4537 3145 4605 Regg.
3179 4552 3229 4604 a,
3253 4551 3305 4602 c,
3339 4540 3394 4601 d,
3430 4538 3537 4592 duo
3566 4533 3816 4595 Coisl.,or.

2291 4606 2325 4659 2
2351 4618 2404 4660 et.
2425 4610 2612 4662 Comli.
2645 4608 2698 4659 ln
2724 4613 2833 4668 ed.,
2869 4607 3115 4676 ἑχόντων.

2362 4677 2472 4746 (49)
2518 4676 2786 4747 Ἀττικός.
2821 4673 2967 4747 Par:
3008 4679 3286 4738 Ἀττικοῖς.
3323 4676 3489 4747 Moris
3517 4673 3668 4747 Attici
3690 4685 3816 4747 mell-

2282 4744 2482 4867 gonem
2509 4746 2712 4827 iaciunt
2735 4747 2904 4816 Cyrus
2929 4745 3261 4811 Theodorus,
3286 4757 3342 4801 et
3364 4746 3632 4814 Eunapius
3655 4744 3816 4810 inﬁt:

2331 4829 2588 4867 maeres".

2331 4830 2434 4868 reae
2441 4829 2562 4868 H38"
2575 4855 2588 4868 .

2354 4883 2465 4955 (59)
2496 4883 2899 4939 Σπουδαστῶν
2916 4883 3253 4954 τυγχάνειν.
3281 4884 3342 4940 lu
3367 4882 3653 4945 nonnullis,
3681 4894 3818 4932 σπου-

2280 4953 2484 5026 δαάτῷν
2509 4958 2636 5024 περὶ
2664 4955 2834 5026 ταῦτα
2860 4953 3218 5026 ἐντυγχάνειν.
3497 5022 3524 5026 __
3543 5021 3556 5026 Α
3715 5015 3761 5026 Ν

2353 5025 2466 5094 (5i)
2538 5013 2920 5082 Σὺστέλλειν.
2966 5013 3094 5093 lies.
3142 5041 3194 5089 c,
3271 5021 3664 5078 καταστέλλειν.
3715 5013 3815 5072 Βίιι.

2287 5113 2306 5146 ι
2347 5104 2408 5146 ut
2439 5095 2757 5147 novitiorunt
2791 5095 2996 5149 animos
3023 5095 3364 5149 contrahant.
3399 5113 3417 5145 ι

2357 5163 2470 5233 (52)
2511 5164 2660 5216 Δίαν
2686 5164 2971 5231 φοϐερόν,
3001 5174 3108 5217 etc.
3147 5163 3320 5233 Cyrus
3347 5161 3652 5233 Theodorus
3676 5157 3746 5212 sic
3768 5153 3815 5233 in

2290 5223 2429 5288 hanc
2453 5223 2918 5287 ὀοιιευθῖιιιίηἶειιι
2959 5223 3093 5288 lusit
3141 5251 3154 5286 :
3192 5223 3326 5296 Ναὶ,
3388 5235 3498 5296 ναὶ,
3532 5231 3589 5284 τὸ
3623 5223 3816 5296 λουτρὸν

2284 5304 2395 5374 τοῖς
2442 5301 2694 5374 Ἀθήνῃσι
2728 5301 2928 5374 ξένοις,
2970 5305 3046 5366 ὡς
3089 5291 3396 5374 πλῆκτρονί
3549 5291 3812 5374 φόβητρὸνί

2284 5320 2395 5366 τοις
2448 5320 2694 5423 Ἀυηνῐὲσι
2728 5320 2928 5368 ςενοις,
2970 5320 3046 5366 ως
3089 5320 3396 5374 πληκτρονι
3440 5320 3516 5363 ως
3549 5320 3812 5372 φοοητρυνι

2283 5373 2358 5436 ὡς
2393 5373 2553 5443 καινὴ
2587 5372 2614 5424 Θ
2649 5374 2711 5425 αι
2749 5392 2767 5422 ι
2818 5371 3340 5446 Balneum-profecto
3365 5372 3506 5446 apud
3551 5371 3813 5446 Atheuien-

2281 5457 2389 5506 ses,
2418 5436 2579 5512 quam
2624 5443 2990 5506 metuendum,
3029 5436 3188 5511 quam
3227 5436 3624 5494 formidolosum
3652 5436 3809 5498 hospi-

2280 5513 2452 5586 tibu_s_,_
2477 5527 2638 5586 quam
2669 5527 2864 5586 novum
2891 5513 3250 5586 spectaculum
3277 5512 3302 5586 !_
3329 5529 3348 5560 ι
3433 5579 3446 5586 _
3579 5575 3594 5586 .
3708 5568 3754 5586 η

2347 5582 2461 5653 (55)
2492 5575 3025 5650 Πλησιάῦωσι.’5ἱε
3053 5582 3148 5636 Or.
3179 5581 3233 5635 2.
3289 5581 3342 5635 In
3383 5579 3492 5644 cd.,
3541 5575 3812 5646 πλησιάζω-

2277 5668 2348 5706 σι.
