4050 6298
297 217 402 276 517

1103 220 1359 276 ORATIO
1397 221 1580 276 xuu.
1620 253 1687 263 -
1727 221 1794 276 IN
1830 194 2111 279 LAUDEM
2149 224 2390 281 BASlLll
2431 227 2668 285 MAGNI.

3402 236 3506 291 518

293 330 387 383 τοῦ
412 330 636 402 λουτροῦ
674 334 811 400 σφᾶς
851 332 912 385 οὐ
956 333 1437 403 παραδεχομένου)·
1465 335 1556 387 κα)⁸
1594 334 1707 406 ἅμα
1747 335 1884 394 τῶνη

1963 336 2232 403 distincti,
2273 341 2382 394 bini
2419 355 2540 394 cum
2589 343 2654 394 ad
2701 341 2946 396 balneum
2989 343 3326 398 antecedunt.
3375 347 3512 402 Cum

293 421 472 492 θυρῶν
521 423 926 494 ἀρασσομένων,
967 425 1194 494 πατάγῳ
1219 425 1307 479 τὸν
1342 427 1460 478 νέον
1500 427 1853 497 φοϐήσαντες,

291 510 412 568 εῐτα
467 515 568 584 τὴν
613 515 814 570 εἴσοδον
861 516 1334 587 συγχωρήσαντες,
1389 516 1561 581 οὕτως
1611 518 1713 590 ήδη
1759 520 1859 591 τὴν

289 604 604 675 ἐλευθερίαν
622 606 869 671 διδόασιν,
893 611 1149 678 όμυτιμον
1176 609 1241 660 ὲκ
1269 607 1361 661 τοῦ
1385 607 1630 678 λουτροῦ,
1662 609 1754 662 καὶ
1784 609 1860 674 ὡς

289 691 473 745 αὐτῶν
497 693 591 746 ἕνα
619 693 896 764 διχόμενοι
916 715 929 726 ·
959 696 1050 749 καὶ
1078 695 1230 749 τοῦτό
1264 698 1410 749 ἐστιν
1445 697 1626 760 αὐτοῖς
1654 698 1751 768 τῆς
1771 715 1860 751 τε-

288 780 452 851 λετῆς
499 781 612 850 (54)
654 783 714 835 τὸ
741 783 1126 854 τερπνότατον,
1163 786 1196 854 ἡ
1233 784 1456 855 ταχίστη
1492 786 1598 838 τῶν
1631 785 1860 840 λυπούν-

286 887 399 923 των
431 869 734 944 ᾲάπαλλαγὴ
775 874 870 926 καὶ
910 873 1218 937 κατάλυσις.
1261 874 1392 926 Τότε
1424 873 1602 928 τοίνυν
1631 873 1740 944 ἐγὼ
1770 877 1860 930 τὸν

285 942 569 1032 ἐμὸν’(55)
604 963 697 1016 καὶ
724 963 896 1033 μέγαν
932 965 1228 1029 Βασίλειον,
1260 966 1359 1018 οὐκ
1390 965 1552 1030 αὐτὸς
1586 966 1652 1020 δι’
1675 942 1860 1031 γαίδοῦς

283 1047 426 1123 ἦγον
456 1053 616 1123 μόνον
651 1053 780 1124 (56),
803 1054 865 1106 τό
891 1071 951 1106 τε
977 1054 1068 1107 τοῦ
1108 1055 1270 1126 ἤθους
1305 1056 1564 1126 στάσιμον
1589 1057 1857 1128 καθορῶν,

283 1144 383 1195 καὶ
415 1143 476 1196 τὸ
508 1145 566 1197 ὲν
593 1143 770 1212 λόγοις
797 1144 1027 1216 καίριον,
1057 1146 1192 1200 ἀλλά
1219 1147 1312 1199 καὶ
1349 1148 1472 1210 τοὺς
1499 1147 1688 1212 ἄλλους
1716 1148 1861 1203 ἐπει-

283 1235 381 1288 θον
419 1236 621 1305 ὁμοίως
645 1236 808 1306 ἔχειν,
839 1240 950 1292 ὅσοι
983 1238 1090 1292 τῶν
1130 1238 1263 1292 νέων
1287 1239 1606 1307 ἀγνοοῦντες
1645 1241 1736 1293 τὸν
1764 1241 1858 1295 ἄν·

281 1327 387 1399 δρα
413 1328 726 1398 ἐτύγχανον.
752 1331 875 1395 Τοῖς
904 1332 1012 1403 γὰρ
1041 1331 1251 1394 πολλοῖς
1273 1330 1435 1394 εὐθὺς
1464 1331 1739 1403 αἰδέσιμος
1769 1328 1856 1404 ἦν,

282 1421 425 1490 ἀκοῇ
457 1419 997 1492 προκατειλημμένος
1027 1424 1162 1493 (57).
1200 1424 1287 1492 Ἐξ
1309 1419 1368 1479 οῦ
1394 1425 1446 1480 τί
1472 1427 1677 1494 γίνεται
1706 1445 1720 1494 ;
1750 1429 1862 1482 Μό-

283 1526 377 1572 νος
400 1511 588 1580 σχεδὸν
625 1511 736 1583 (58)
757 1513 865 1565 τῶν
891 1514 1318 1585 ἐπιδημούντων,
1356 1517 1448 1571 τὸν
1474 1519 1651 1573 κοινὸν
1679 1521 1861 1589 διέφυ-

283 1617 351 1670 γε
375 1602 562 1673 νόμον,
590 1603 892 1675 κρείττονος
915 1607 948 1677 ἢ
977 1608 1115 1662 κατὰ
1139 1607 1331 1676 νέηλυν
1357 1608 1605 1674 ἀξιωθεὶς
1627 1612 1724 1682 τῆς
1749 1611 1857 1682 (59)

282 1703 510 1769 “tl-Titi

1958 446 2134 485 autem
2183 433 2401 502 propius
2445 435 2813 499 accesserint,
2856 436 3004 504 quasi
3057 436 3292 491 fanatico
3339 437 3523 492 furore

1959 523 2227 590 correpti.
2261 522 2548 576 clamorem
2592 523 2860 592 ingentem
2897 540 3015 578 cum
3049 526 3374 580 saltitatione
3420 529 3522 582 tol-

1961 613 2132 668 lentes
2166 613 2296 685 (hic
2337 626 2513 668 autem
2551 614 2787 680 clamor,
2822 632 2890 670 ne
2925 617 3144 671 ulterius
3179 619 3525 686 progredian-

1962 712 2079 768 tur,
2111 714 2286 770 vetat,
2329 705 2420 758 sed
2453 716 2510 758 ιιι
2545 705 2826 772 insistant,
2867 716 3116 776 tanquam
3152 724 3245 762 eos
3275 709 3520 764 balneum

1961 795 2181 849 minime
2218 795 2508 862 admittat)
2537 813 2551 861 ;
2579 790 2854 864 simulque
2886 798 3107 866 pulsatis
3135 797 3316 867 ianuis
3341 842 3354 865 ,
3399 815 3520 853 cum

1959 902 2054 955 per
2111 888 2395 956 strepitum
2440 887 2622 958 juveni
2673 899 2870 941 metum
2916 891 3242 945 incusserint
3280 932 3295 954 ,
3344 904 3524 962 postea

1961 990 2216 1030 concesso
2261 977 2539 1046 ingressu,
2586 977 2657 1030 ita
2704 977 2916 1031 demum
2954 994 3074 1032 eum
3125 981 3176 1033 in
3222 981 3522 1037 libertatem

1960 1077 2242 1131 aSserunt;
2291 1078 2452 1137 atque
2498 1083 2528 1122 a
2567 1069 2752 1122 balneo
2807 1071 3114 1124 redeuntem
3166 1072 3418 1140 deinceps
3470 1085 3527 1126 ut

1961 1157 2222 1226 aequalem
2254 1173 2322 1212 ac
2357 1159 2590 1213 sodalem
2631 1159 2940 1227 accipiunt;
2974 1170 3132 1228 atque
3166 1161 3266 1216 hoc
3291 1161 3420 1230 ipsis
3446 1172 3526 1215 est

1963 1250 2124 1305 totius
2151 1251 2372 1320 hujusce
2404 1253 2737 1306 caeremoniae
2764 1251 3235 1319 iucundissimum.
3265 1253 3520 1306 nimirum

1960 1339 2240 1394 celerrima
2289 1342 2596 1395 vexantium
2645 1343 2905 1397 discessio
2960 1357 3023 1397 ac
3073 1353 3248 1398 cmtus
3299 1343 3520 1400 solutio.

1963 1428 2112 1484 Tunc
2141 1431 2300 1500 igitur
2331 1446 2506 1484 meum
2549 1447 2909 1502 magnumque
2948 1433 3235 1498 Basilium,
3271 1447 3375 1492 non
3412 1433 3525 1502 ipse

1961 1526 2132 1578 solum
2161 1526 2504 1580 veneratione
2532 1528 2927 1596 prosequebar,
2969 1528 3109 1596 quod
3141 1526 3282 1580 illius
3318 1534 3428 1578 tum
3470 1526 3522 1578 in

1963 1615 2201 1670 moribus
2238 1617 2585 1683 gravitatem,
2627 1625 2736 1670 tum
2778 1618 2830 1670 in
2870 1619 3210 1672 sermonibus
3245 1618 3524 1672 maturita-

1890 1683 1932 1737 Β
1964 1713 2066 1758 tem
2103 1715 2156 1759 et
2194 1706 2530 1774 prudentiam
2576 1708 2974 1776 conspicerem;
3026 1709 3119 1762 sed
3161 1708 3282 1764 aliis
3324 1709 3524 1772 etiam,

281 1771 486 1857 quibus
525 1804 629 1844 non
677 1792 899 1860 perinde
937 1795 1185 1862 cognitus
1229 1804 1379 1860 erat,
1424 1805 1482 1850 ut
1527 1771 1664 1851 idem
1718 1797 1991 1867 facerent,
2030 1801 2437 1869 persuadebam.
2496 1801 2626 1856 Nam
2695 1804 2832 1869 apud
2872 1802 3068 1857 multos
3134 1805 3314 1858 statim
3348 1803 3402 1857 in
3445 1820 3528 1858 ve-

283 1885 573 1938 neratione
609 1892 724 1938 erat
747 1925 763 1951 ,
799 1895 856 1941 ut
891 1887 979 1956 qui
1010 1885 1154 1942 fama
1186 1897 1240 1944 et
1278 1889 1552 1945 auditione
1592 1890 1699 1958 iam
1730 1907 1861 1966 eum
1886 1895 2280 1965 praecepissent.
2306 1896 2394 1977 Ἐκ
2419 1913 2523 1967 quo
2580 1896 2708 1967 quid
2770 1898 3028 1965 contigit?
3071 1895 3186 1967 lpse
3221 1899 3366 1953 solus
3413 1900 3528 1955 fere
3635 1941 3640 1948 .

283 1987 354 2026 ex
397 1974 688 2040 omnibus,
732 1979 820 2046 qui
857 1979 1154 2034 studiorum
1206 1997 1366 2036 causa
1434 1984 1677 2037 Athenas
1721 1985 2045 2056 veniebant,
2109 1974 2380 2044 communi
2431 1990 2548 2060 lege
2603 1990 2808 2044 solutus
2867 2002 2994 2052 est.
3044 1991 3302 2046 maiorem
3347 1995 3528 2063 utique

287 2069 584 2133 honorem,
632 2085 790 2139 quam
831 2072 1024 2128 tironis
1065 2075 1303 2129 conditio
1352 2076 1494 2131 ferre
1531 2079 1852 2148 videbatur,
1891 2085 2233 2137 consecutus.

356 2182 458 2236 η’.
493 2180 663 2236 Τοῦτο
701 2186 827 2254 ὑμῖν
855 2183 954 2254 τῆς
987 2183 1166 2254 φιλίας
1201 2185 1482 2255 προοίμιον
1504 2203 1518 2217 ·
1543 2187 1790 2240 ἐντεῦθεν
1831 2189 1862 2240 ὁ

285 2271 386 2340 τῆς
421 2273 713 2342 συναφείας
750 2276 1003 2347 σπινθήρ·
1033 2275 1205 2340 οὕτως
1237 2277 1322 2330 ἐπ’
1347 2277 1593 2349 ἀλλήλοις
1621 2279 1861 2352 ἐτρώθη-

288 2383 410 2436 μεν.
445 2369 674 2422 Ἔπειτα
709 2371 1002 2442 συνηνέχθη
1048 2388 1100 2424 τι
1145 2373 1238 2424 καὶ
1269 2373 1506 2426 τοιοῦτον
1530 2390 1542 2404 θ
1589 2373 1707 2426 οὐδὲ
1752 2371 1861 2444 γὰρ

287 2460 446 2513 τοῦτο
473 2461 803 2530 παραλιπεῖν
842 2463 988 2529 ἄξιον
1007 2480 1021 2495 ·
1060 2465 1172 2535 Οὐχ
1213 2464 1413 2518 ἁπλοῦν
1441 2465 1595 2534 γένος
1625 2466 1862 2536 εύρισκω

290 2553 414 2616 τοὺς
452 2553 784 2623 Ἀρμενίους,
816 2553 951 2608 ἀλλά
995 2558 1087 2610 καὶ
1125 2556 1244 2609 λίαν
1275 2557 1515 2628 κρυπτάν
1552 2575 1602 2610 τι
1637 2557 1730 2610 καὶ
1760 2556 1892 2633 ῦφο,

291 2641 436 2695 αλον.
474 2643 608 2696 Τότε
636 2643 812 2698 τοίνυν
838 2645 946 2697 τῶν
965 2645 1028 2698 ὲκ
1057 2647 1298 2711 πλείονος
1323 2646 1468 2718 αὐτῷ
1499 2647 1744 2722 συνήθων
1772 2645 1865 2701 καὶ

292 2734 460 2802 φίλων
495 2735 660 2802 τινὲς,
689 2735 762 2790 ἔτ’
797 2738 861 2790 ὲκ
893 2739 985 2791 τοῦ
1017 2739 1219 2810 πατρὸς
1252 2739 1360 2810 (60)
1391 2740 1484 2793 καὶ
1521 2741 1618 2810 τῆς
1662 2739 1864 2794 ἄνωθεν

295 2826 544 2898 ἑταιρίας
604 2828 738 2897 (καὶ
797 2829 906 2902 γὰρ
958 2830 1172 2903 ἐκείνης
1232 2832 1332 2903 τῆς
1383 2831 1663 2904 διατριϐῆς
1716 2833 1864 2896 ὄντες

295 2918 631 2990 ἐτύγχανον),
676 2922 988 2993 προσιόντες
1014 2921 1162 2992 αὐτῷ
1192 2924 1327 2992 μετὰ
1360 2922 1572 2992 φιλικοῦ
1613 2922 1865 2994 πλάσμα-

2034 2191 2195 2246 XVII.
2233 2191 2342 2245 Hoc
2380 2192 2532 2246 nobis
2581 2192 2830 2246 amicitia:
2870 2193 3218 2262 prceludium:
3263 2195 3388 2249 hinc
3433 2210 3528 2249 ne-

1965 2281 2306 2336 cessitudinis
2364 2281 2626 2350 igniculus
2671 2299 2685 2335 :
2737 2283 2815 2336 sic
2865 2293 3045 2336 mutuo
3079 2299 3262 2337 amore
3303 2285 3527 2338 sauciati

1967 2388 2169 2428 sumus.
2209 2373 2401 2428 Postea
2441 2373 2742 2442 huiusmodi
2773 2390 2984 2444 quoque
3023 2376 3274 2444 quiddam
3301 2378 3526 2442 accidit;

1967 2477 2089 2516 nam
2131 2477 2194 2516 ne
2242 2463 2342 2518 hoc
2383 2464 2596 2532 quidem
2641 2465 2978 2543 praetermitti
3003 2465 3191 2520 debet:
3224 2465 3370 2518 Haud
3403 2469 3530 2521 sim-

1966 2553 2154 2623 plicem
2184 2565 2236 2608 et
2265 2566 2504 2624 apertam
2534 2557 2802 2610 nationem
2828 2557 3112 2612 Armenios
3141 2573 3260 2612 esse
3295 2558 3528 2622 invenio,

1961 2652 2087 2718 quin
2119 2649 2330 2717 potius,
2366 2647 2652 2702 admodum
2699 2658 2892 2703 tectam
2936 2659 2990 2704 et
3027 2649 3351 2704 simulatam.
3391 2650 3525 2704 Tum

1961 2754 2088 2804 ergo
2138 2738 2376 2791 nonnulli
2420 2739 2531 2807 iam
2573 2740 2699 2794 olim
2731 2756 2850 2795 cum
2904 2741 3017 2810 ipso
3060 2742 3429 2798 familiaritate
3475 2754 3532 2800 et

1961 2829 2192 2884 amicitia
2239 2829 2541 2898 conjuncti,
2585 2841 2696 2886 tum
2748 2834 2920 2886 adhuc
2966 2847 3028 2886 ex
3075 2844 3259 2903 patre,
3306 2849 3415 2889 tum
3461 2853 3526 2890 ex

1961 2919 2127 2971 veteri
2163 2918 2409 2972 sodalitio
2462 2918 2629 2990 (nam
2675 2920 2726 2973 in
2777 2921 2864 2974 illa
2907 2921 3090 2974 schola
3144 2924 3370 2977 instituti
3420 2924 3532 2979 fuc-

293 3027 385 3074 τος
415 3011 627 3082 (φθόνος
668 3013 723 3066 δὲ
751 3010 839 3085 ἦν,
874 3015 973 3069 οὐκ
1004 3014 1183 3068 εῦνοια
1215 3015 1275 3068 τὸ
1305 3016 1622 3087 προσάγον),
1647 3015 1862 3088 ἐπηρῶ-

1963 3010 2148 3078 rant),
2194 3010 2260 3063 ad
2293 3009 2466 3078 ipsqu
2513 3027 2606 3079 per
2649 3012 2894 3066 amicitiae
2937 3014 3168 3079 speciem
3213 3016 3528 3069 accedentes

291 3119 401 3156 των
452 3120 512 3156 τε
566 3105 746 3170 αὑτὸν,
807 3105 1124 3174 φιλονείκως
1180 3105 1378 3176 μᾶλλον
1423 3107 1734 3178 ἢλογικῶς.
1771 3108 1866 3161 καὶ

293 3193 602 3247 ῦποκλίνειν
631 3196 843 3260 ἑαυτοῖς
875 3196 1174 3269 ἐπειρῶντο
1203 3196 1288 3250 διὰ
1339 3197 1438 3268 τῆς
1488 3196 1708 3268 πρώτης
1748 3198 1869 3251 ἐπι-

293 3285 616 3356 χειρήσεως,
640 3286 739 3356 τήν
756 3303 815 3338 τε
843 3287 1046 3340 ἄνωθεν
1070 3284 1163 3339 τοῦ
1187 3287 1376 3357 ἀνδρὸς
1401 3288 1626 3357 εὐφυίαν
1648 3290 1864 3351 εἰδότες,

295 3376 393 3428 καὶ
436 3375 534 3447 τὴν
577 3377 695 3430 τότε
740 3377 902 3449 τιμὴν
929 3380 988 3432 οὐ
1015 3380 1284 3452 φέροντες.
1311 3379 1490 3432 Δεινὸν
1516 3379 1625 3450 (61)
1657 3381 1765 3452 γὰρ
1793 3375 1869 3432 εἴ-

297 3487 405 3532 ναι,
426 3470 485 3542 ,εί
520 3469 908 3540 προειληφότες
931 3472 1058 3534 τοὺς
1090 3471 1380 3542 τρίϐωνας,
1420 3472 1511 3524 καὶ
1541 3470 1651 3541 (62)
1679 3472 1870 3543 λαρυγ-

295 3563 470 3632 γίζειν
506 3563 615 3633 (65)
649 3561 1171 3634 προμελετήσαντες,
1219 3563 1292 3633 μὴ
1350 3562 1510 3615 πλέον
1559 3561 1729 3632 ἔχοιεν
1773 3560 1867 3615 τοῦ

298 3651 452 3721 ξένου
493 3671 553 3706 τε
596 3654 688 3707 καὶ
728 3653 998 3725 νεήλυδος.
1051 3653 1189 3721 Ἐγὼ
1224 3654 1280 3706 δὲ
1314 3655 1342 3706 ὁ
1389 3651 1736 3724 φιλαθήναιος
1777 3654 1870 3706 καὶ

299 3747 530 3819 μάταιος
563 3745 645 3817 (οὐ
685 3745 792 3818 γὰρ
819 3744 1065 3816 ᾐσθόμην
1093 3744 1186 3797 τοῦ
1219 3744 1436 3813 φθόνου,
1474 3743 1743 3796 πιστεύων
1792 3742 1868 3814 τῷ

296 3837 623 3908 πλάσματι),
658 3836 760 3907 ἤδη
789 3835 1119 3905 κλινομένων
1155 3834 1352 3898 αὐτῶν,
1388 3836 1480 3888 καὶ
1508 3833 1576 3887 τὰ
1608 3834 1750 3887 νῶτα
1783 3851 1871 3906 με·

299 3929 670 3983 ταόαλλόντων
711 3928 828 4000 (καὶ
873 3928 978 3998 γὰρ
1011 3925 1369 3997 ἐζηλοτύπουν
1394 3927 1454 3980 τὸ
1481 3927 1588 3980 τῶν
1629 3926 1869 3998 Ἀθηνῶν

303 4021 458 4085 κλέος
487 4022 545 4074 ἐν
574 4021 803 4083 ἐκείνοις
828 4019 1210 4090 καταλυθῆναι,
1235 4020 1328 4074 καὶ
1355 4020 1583 4091 τάχιστα
1611 4007 1871 4091 περιφρο-

303 4112 574 4185 νηθῆναι),
606 4112 894 4185 ὑπήρειδόν
929 4129 987 4165 τε
1035 4113 1160 4175 τοὺς
1203 4110 1414 4174 νεανίας
1452 4111 1739 4180 ἐπανάγων
1780 4111 1871 4164 τὸν

301 4205 480 4275 λόγον,
510 4205 604 4258 καὶ
628 4204 727 4275 τὴν
755 4205 884 4276 παρ’
907 4203 1144 4274 ἐμαυτοῦ
1179 4202 1348 4274 ροπὴν
1377 4202 1732 4275 χαριζόμενος
1766 4203 1872 4274 (δύ-

301 4311 459 4352 ναται
493 4295 552 4348 δὲ
580 4296 671 4347 καὶ
695 4297 728 4366 ἡ
757 4294 928 4366 μικρὰ
952 4293 1234 4366 προσθήκη
1266 4293 1328 4346 τὸ
1353 4294 1462 4346 πᾶν
1488 4294 1545 4347 ὲν
1569 4293 1870 4364 τοιούτοις),

1963 3098 2207 3170 (invidia
2251 3112 2466 3164 autem,
2522 3117 2626 3155 non
2673 3103 3042 3158 benevolentia
3099 3104 3469 3174 ducebantur)
3514 3146 3529 3167 ,

1961 3191 2310 3245 contentiosis
2332 3192 2528 3260 potius,
2555 3207 2714 3261 quam
2747 3194 2918 3246 doctis
2949 3202 3002 3246 et
3035 3195 3240 3262 argutis
3271 3196 3528 3264 quaestio-

1962 3283 2120 3336 nibus
2163 3297 2283 3336 eum
2321 3284 2616 3352 urgebant,
2659 3298 2722 3336 ac
2769 3284 2939 3350 primo
2972 3284 3172 3352 impetu
3217 3285 3316 3337 sibi
3361 3286 3531 3353 snlzii-

1964 3387 2087 3427 cere
2123 3373 2490 3437 conabantur,
2527 3382 2635 3426 tum
2671 3379 2811 3442 quod
2865 3375 3129 3442 egregiam
3171 3375 3336 3444 ipsius
3372 3376 3528 3428 indo-
3612 3377 3616 3382 ’

1963 3463 2068 3518 lem
2104 3463 2422 3534 jampridem
2469 3473 2718 3527 nossent,
2768 3475 2877 3518 tum
2914 3467 3058 3536 quod
3094 3466 3352 3520 honorem
3407 3477 3532 3522 tunc

1967 3555 2067 3625 ipsi
2099 3556 2395 3625 prtestitum
2429 3555 2746 3624 permoleste
2783 3555 3006 3615 ferrent.
3041 3559 3213 3614 Grave
3250 3565 3390 3612 enim
3429 3562 3530 3613 ιιιί-

1968 3647 2218 3716 nimeque
2252 3646 2527 3701 ferendum
2561 3662 2679 3701 esse
2704 3647 3012 3716 iudicabant
3034 3689 3046 3713 ,
3081 3664 3202 3709 eos.
3235 3651 3322 3718 qni
3357 3651 3529 3719 philo-

1967 3739 2188 3808 sophica
2214 3739 2368 3810 pallia
2394 3740 2601 3806 priores
2631 3742 2947 3805 induissent,
2969 3753 3128 3810 atque
3153 3742 3317 3814 784.
3337 3743 3388 3796 Ῑη
3411 3744 3532 3796 fun-

1969 3831 2204 3887 ditandis
2221 3832 2399 3887 verbis
2424 3846 2642 3900 operam
2672 3842 2796 3888 ante
2816 3835 3136 3903 posuissent,
3169 3845 3355 3890 extero
3385 3843 3438 3888 et
3468 3835 3534 3888 ti-

1970 3927 2084 3980 roni
2121 3941 2457 3994 nequaquam
2501 3924 2778 3979 anteferri.
2826 3925 2937 3996 Ego
2976 3936 3191 3991 autem,
3244 3926 3331 3981 ille
3369 3927 3534 3980 Athe-

1971 4032 2158 4071 narum
2192 4031 2382 4070 amans
2417 4031 2480 4070 ac
2523 4017 2720 4072 stultus
2762 4016 2900 4090 (non
2942 4019 3085 4072 enim
3119 4019 3368 4074 invidiam
3413 4035 3535 4075 sen-

1971 4123 2146 4163 seram
2172 4149 2188 4172 ,
2224 4107 2418 4162 frontis
2448 4108 2723 4163 involucro
2755 4109 2910 4164 ﬁdem
2943 4112 3168 4173 habens,
3198 4112 3532 4167 Athenarum

1972 4200 2193 4269 gloriam
2240 4200 2296 4253 in
2345 4199 2476 4267 ipsis
2522 4213 2832 4268 oppressam
2883 4210 2939 4254 et
2982 4201 3262 4255 celerrime
3295 4213 3536 4255 contem-

1975 4301 2119 4361 ptam
2145 4289 2362 4360 indigno
2382 4290 2564 4344 animo
2583 4289 2805 4360 ferens),
2835 4292 3239 4346 succumbentes
3259 4291 3368 4360 iam
3401 4292 3532 4343 ado-

308 4389 454 4452 ἴσας
483 4353 981 4456 ὑσμίνῇὼόίτὰς
999 4353 1298 4454 ⁵κεςρςιιίλάς,
1320 4384 1380 4436 τὸ
1411 4384 1504 4438 τοῦ
1539 4385 1718 4454 λόγου,

1977 4353 2238 4437 lescentes
2257 4424 2272 4448 ,
2298 4391 2351 4436 et
2381 4391 2528 4452 terga
2569 4390 2843 4436 vertentes
2866 4419 2881 4446 ,
2927 4381 3143 4435 reducta
3175 4382 3534 4449 disputatione

304 4480 533 4550 έστησα.
575 4477 663 4542 Ὡς
699 4479 755 4531 δὲ
787 4479 847 4536 τὸ
877 4481 972 4550 τῆς
1013 4477 1296 4543 διαλέξεως
1329 4475 1500 4545 ἔγνων
1539 4479 1870 4551 ἀπόρρητον,

302 4570 426 4624 οὐδὲ
458 4567 720 4623 καθεκτὸν
748 4567 826 4621 ἔτι
854 4567 1136 4639 τυγχάνον,
1168 4565 1304 4620 ἀλλὰ
1333 4567 1518 4637 σαφῶς
1551 4568 1650 4640 ἤδη
1692 4585 1872 4640 παρα-

381 4817 498 4891 (54)
543 4817 811 4891 Τεεῑετῆς.
843 4815 935 4891 Sic
973 4814 1138 4891 Regg.
1173 4831 1223 4891 ο,
1255 4829 1305 4891 c_,
1346 4815 1400 4881 d,
1440 4812 1602 4870 Coisl.
1637 4814 1694 4879 2,
1726 4812 1877 4869 Pass.

311 4898 368 4947 et
387 4887 575 4946 Coinb.
609 4889 666 4943 In
698 4891 808 4958 ed.,
835 4887 1109 4958 τελευτῆς,
1139 4905 1158 4938 ι
1194 4887 1334 4953 ﬁnis,
1356 4899 1529 4958 mors.
1551 4904 1592 4958 -ι

380 4959 495 5031 (55)
529 4958 640 5031 Τόν
671 4957 836 5028 ἐμόν.
869 4952 1057 5031 ᾕρεε(
1085 4972 1137 5021 a,
1179 4973 1229 5020 c,
1257 4952 1502 5031 d,_Coisl.
1544 4955 1600 5018 2,
1631 4952 1724 5009 Or.
1759 4952 1796 5007 2
1823 4961 1878 5009 et

311 5027 718 5092 Pass.’addnnt,
752 5027 913 5097 σοφόν
941 5027 1036 5097 τε,
1069 5045 1089 5079 ι
1125 5036 1180 5082 et
1206 5027 1525 5097 sapientem.
1570 5041 1589 5077 ι

379 5100 495 5168 (56)
519 5099 740 5152 Μόνον.
771 5096 945 5162 Pass.,
975 5096 1152 5167 μόνος.

381 5164 500 5292 (57)
519 5164 1128 5238 Προκατειλημμένος.
1167 5165 1297 5238 Reg.
1335 5166 1424 5222 bm
1453 5173 1508 5221 et
1538 5164 1712 5234 Pass.,
1740 5183 1871 5236 προ-

381 5257 467 5292 χτει
503 5238 785 5292 ηωιένοις.

311 5238 785 5311 κατειλημμένοις.

313 5311 498 5382 ’(58)
527 5307 1010 5382 Μόνος-σχεδον.
1051 5305 1254 5382 Eadem
1309 5303 1389 5382 sic
1435 5313 1668 5382 teSt_att_ir
1703 5303 1876 5382 Cyrus

312 5373 646 5450 Theodorus,
671 5373 872 5450 :"AXX‘
904 5377 1238 5450 axpt‘qgﬁm
1263 5373 1356 5450 τοῦ
1403 5373 1875 5450 σοφοῦ-Βασιλείου

316 5451 481 5520 μόνου
511 5449 772 5520 φυγόντος
791 5449 920 5520 τοὺς
938 5444 1221 5520 γνὲηλύδωνᾼ
1242 5445 1465 5520 νόμους·
1497 5465 1518 5520 ¢_
1558 5444 1680 5498 Hac
1709 5459 1878 5520 usque

315 5515 384 5574 ad
437 5515 734 5588 sapientem
789 5515 1079 5583 Basiliam,
1132 5518 1224 5588 qui
1271 5515 1418 5572 salus
1481 5517 1716 5569 tironum
1763 5515 1880 5586 lege

316 5588 575 5644 liberatus
605 5587 723 5643 fuit.
775 5607 794 5641 ι

385 5659 496 5731 (59)
545 5657 827 5724 'A'Ezwaslr
858 5658 986 5728 τῆς,
1023 5667 1126 5717 etc.
1158 5657 1246 5714 Sic
1273 5655 1438 5728 Regg.
1467 5671 1518 5722 a,
1550 5670 1602 5722 c,
1638 5657 1690 5723 d,
1718 5653 1812 5713 0r.
1842 5654 1881 5712 2

1978 4473 2342 4530 sutl‘ulciebam
2370 4514 2385 4538 ,
2433 4482 2594 4541 atque
2633 4473 2818 4527 auxilii
2867 4472 2972 4528 mei
3021 4482 3350 4527 momentum
3403 4475 3534 4542 ipsis

1979 4564 2213 4635 largiens
2252 4563 2350 4632 (in
2392 4561 2695 4631 huiusmodi
2737 4577 2898 4632 porro
2929 4563 3087 4617 rebus
3122 4561 3204 4615 vel
3249 4563 3533 4631 perexigua

1979 4823 2032 4869 et
2054 4814 2244 4886 Comb.
2278 4815 2433 4886 Deest
2461 4814 2559 4886 τῆς
2597 4813 2649 4868 in
2678 4815 2742 4869 ed

2047 4884 2159 4956 (60)
2208 4885 2323 4939 Ἔτ’
2359 4885 2427 4938 ἐκ
2460 4881 2567 4956 τοῦ
2608 4883 2848 4956 πατρός.
2901 4881 3066 4956 C_oisl.
3112 4882 3164 4956 l_,
3196 4883 3300 4956 εἴτ’
3328 4881 3532 4956 ὲκᾷτοῦ

1975 4952 2198 5026 πατρός.
2226 4956 2420 5020 Nicct.,
2455 4955 2519 5010 ἐκ
2548 4971 2607 5026 τε
2639 4954 2732 5008 τοῦ
2779 4952 3001 5026 πατρός.
3040 4971 3060 5004 ι
3109 4952 3208 5019 Qui
3238 4954 3532 5026 quondam,

1973 5024 2222 5095 in‘ipsius
2247 5026 2412 5095 patris
2441 5025 2644 5108 schola,
2671 5026 2849 5080 Basilii
2881 5024 3478 5106 fuerantcondiscipiili.
3509 5042 3530 5076 ι

2041 5096 2151 5152 (61)
2185 5097 2408 5151 Δεινόν.
2440 5095 2530 5152 Sic
2561 5097 2728 5152 ltegg.
2757 5111 2787 5148 a
2813 5103 2866 5149 et
2895 5094 3006 5148 bm.
3030 5093 3087 5147 ln
3118 5094 3226 5152 ed.,
3255 5093 3464 5150 δεινων.

2260 5111 2408 5151 ινον.
2440 5111 2530 5152 διο
2561 5111 2728 5159 ltegg.
2757 5111 2787 5148 a
2813 5111 2866 5149 et
2896 5111 3006 5148 nm.
3030 5111 3087 5147 tn
3118 5111 3226 5159 ed.,
3255 5111 3464 5150 οεινων.

2064 5096 2151 5168 61)
2185 5097 2408 5151 Δεινόν.
2440 5096 2530 5152 Sic
2561 5097 2728 5166 ltegg.
2757 5111 2787 5148 a
2813 5103 2866 5149 et
2895 5096 3006 5148 bm.
3030 5096 3087 5147 In
3118 5096 3226 5159 ed.,
3255 5096 3464 5150 δεινῶν.

2036 5097 2148 5240 (62)
2195 5167 2501 5240 Τριϐωνᾳς,
2540 5166 2660 5240 καί.
2694 5165 2784 5220 Sic
2820 5171 3047 5234 quatuor
3079 5163 3269 5234 Regg.,
3297 5164 3389 5220 0r.
3415 5163 3452 5216 2
3482 5170 3536 5218 et

1971 5235 2159 5293 Co'mb.
2195 5238 2250 5291 In
2279 5240 2364 5292 ed.
2396 5238 2546 5291 deest
2567 5235 2680 5289 καί.

2044 5307 2156 5378 (65)
2189 5306 2588 5378 Λαρυγγίζειν.
2621 5304 2834 5378 Nicetes
2865 5303 3005 5359 hanc
3043 5317 3230 5359 vocem
3264 5301 3482 5371 exponit
3514 5319 3530 5356 :

1973 5375 2428 5450 κομψῷςλέγειν·
2464 5386 2709 5450 «,ornate
2732 5375 2932 5450 dicere.
2970 5392 2990 5426 ι

2043 5441 2343 5521 "(Chilone
2361 5441 2609 5516 ὑσμίνῃ,
2630 5455 2733 5502 etc.
2758 5445 2985 5521 Istudex
3009 5442 3257 5507 Homero,
3272 5441 3432 5495 Iliad.
3457 5457 3534 5502 xi,

1974 5515 2117 5574 vers.
2138 5515 2248 5581 '71,
2281 5519 2642 5586 desumptum,
2673 5526 2730 5574 ut
2756 5515 3019 5586 signiticet
3055 5531 3073 5569 ι
3113 5529 3322 5584 aequam
3355 5520 3411 5568 et
3439 5527 3538 5566 an-

1978 5589 2190 5661 cipitem
2222 5603 2474 5659 pugnam.
2513 5605 2532 5638 ι
