4050 6298
474 255 578 311 519
1658 257 1715 312 S.
1756 257 2084 331 GREGORII
2125 257 2467 316 THEOLOGI
3587 255 3689 310 520

472 373 711 429 accessio
747 374 957 443 quidvis
1001 381 1177 442 potest
1214 373 1232 443 )
1270 413 1283 434 ,
1333 375 1558 443 mquaiia
1587 414 1600 436 ,
1650 383 1706 426 ut
1747 375 1836 429 ille
1860 376 1934 428 ait
1964 375 2025 441 ³⁸,

2137 375 2525 446 γυμνούμενον,
2556 374 2811 443 ἐξαίφνης
2850 373 3183 443 μεταϐαλὼν,
3211 372 3458 443 πρύμναν
3494 391 3552 425 τε
3577 373 3689 442 (65)

470 467 641 537 praelii
682 468 857 536 capita
905 465 1175 519 constitui.
1222 466 1289 519 At
1326 466 1409 518 ubi
1459 465 1839 534 disputationis
1879 481 2031 518 arca-

471 577 596 614 num
635 559 907 616 intellexi,
940 558 1083 627 quod
1120 558 1231 628 jam
1269 573 1332 611 ne
1376 558 1637 611 contineri
1682 558 1894 625 quidem
1933 571 2031 625 po-

473 660 636 713 terat,
675 649 768 703 sed
805 650 1081 717 perspicue
1110 664 1226 702 sese
1255 648 1542 718 prodebat,
1589 658 1804 714 repente
1849 657 2021 699 muta-

474 752 554 795 tus
582 781 596 802 ,
638 741 1039 811 reinigationcm
1082 740 1145 793 ad
1193 739 1413 807 puppim
1447 738 1717 801 converti,
1772 737 1839 790 ab
1894 737 2034 790 illius

468 833 708 897 partibus
779 842 969 897 stans,
1019 830 1431 899 ambiguumque
1475 829 1751 883 victoriam
1804 826 2028 881 reddidi.

468 922 578 988 Qua
608 938 670 975 ex
710 938 765 975 re
798 922 874 992 (ut
894 931 1009 975 erat
1037 921 1247 988 ingenio
1274 920 1324 974 in
1348 921 1533 987 primis
1557 920 1736 990 acuto)
1784 936 2027 989 magnam

468 1011 648 1064 statim
678 1012 1002 1078 voluptatem
1033 1012 1207 1080 copit,
1239 1021 1398 1080 atque
1424 1011 1705 1065 alacritate
1733 1010 1979 1079 perfusus
2011 1050 2025 1074 ,

469 1113 526 1154 ut
578 1118 701 1156 cum
746 1102 1041 1155 Ilomericis
1077 1102 1250 1155 verbis
1273 1103 1489 1156 omnino
1519 1102 1855 1164 describam,
1896 1111 2031 1153 stre-

467 1208 600 1247 nuos
631 1195 746 1246 illos
772 1193 994 1263 juvenes
1018 1194 1380 1263 diSputatione
1415 1197 1751 1262 perturbatos
1789 1195 2013 1247 insecta-

467 1285 655 1351 batur;
679 1301 775 1339 nec
806 1294 929 1339 ante
964 1285 1520 1353 argumentationihus
1549 1298 1641 1337 eos
1668 1283 1829 1337 ferire
1855 1283 2021 1336 desti.

2128 466 2493 536 ἐκρουσάμην,
2526 464 2717 534 ἐκείνῳ
2746 463 2989 533 θέμενος,
3020 464 3110 517 καὶ
3155 462 3449 533 ἑτεραλκέα
3488 463 3585 534 τὴν
3610 464 3691 516 νίς

2128 573 2229 626 κην
2253 555 2361 624 (66)
2401 554 2648 625 ἐποίησα.
2697 556 2753 607 Ὀ
2787 555 2843 607 δὲ
2874 555 3014 625 ἥσθη
3040 554 3147 624 (67)
3183 572 3242 606 τε
3273 554 3464 606 αὐτίκα
3492 554 3567 625 τῷ
3595 572 3691 621 γε·

2128 646 2333 716 νομένῳ
2360 646 2473 713 (καὶ
2501 645 2607 716 γὰρ
2648 640 2714 715 ἦν
2746 646 3015 715 ἀγχίνους,
3047 648 3093 698 εἰ
3127 646 3220 699 καί
3245 663 3326 707 τις
3366 645 3563 716 ἄλλος),
3594 647 3689 699 καὶ

2129 737 2434 808 προθυμίας
2468 738 2742 806 πλησθεὶς,
2778 738 2863 790 ἵνα
2890 738 3085 800 τελέως
3121 737 3227 805 (68)
3258 737 3416 789 αὐτὸν
3443 737 3688 806 καθομη-

2130 828 2284 898 ρίσω,
2334 828 2499 896 ἔφεπε
2547 829 2775 881 κλονέων
2818 828 2893 898 τῷ
2927 829 3068 899 λόγῳ
3099 830 3221 890 τοὺς
3249 828 3504 896 γεννάδας
3549 828 3692 880 ἐκεί-

2128 938 2270 984 νους,
2299 921 2392 973 καὶ
2422 921 2593 973 παίων
2622 921 3015 990 συλλογισμοῖς,
3045 922 3103 973 οὐ
3132 921 3258 992 πρὶν
3289 922 3503 991 ἀνῆκεν,
3533 921 3565 992 ἢ
3601 937 3692 973 τε·

2127 1012 2260 1072 λέως
2308 1010 2627 1082 τρέψασθαι,
2687 1012 2780 1065 καὶ
2831 1012 2890 1065 τὸ
2938 1011 3134 1081 κράτος
3196 1012 3448 1081 καθαρῶς
3499 1012 3692 1083 ἀναδή-

2130 1103 2345 1157 σασθαι.
2405 1096 2575 1165 Οὗτος
2606 1102 2852 1173 δεύτερος
2900 1104 3027 1172 ἡμῖν
3075 1103 3175 1172 τῆς
3225 1103 3424 1171 φιλίας,
3461 1103 3560 1156 οὐκ
3612 1103 3690 1156 ἔτι

2130 1192 2382 1263 σπινθὴρ,
2422 1192 2534 1245 ἀλλ’
2562 1192 2659 1263 ἢδη
2694 1193 2896 1263 πυρσὸς
2934 1193 3228 1246 ἀνάπτεται
3263 1194 3564 1264 περιφανὴς
3596 1196 3690 1247 καὶ

2127 1284 2327 1354 ἀέριος.

467 1377 550 1444 tit,
582 1393 738 1446 quam
773 1393 988 1446 prorsus
1013 1377 1063 1429 in
1094 1375 1268 1444 fugam
1294 1378 1641 1427 convertisset
1663 1412 1677 1435 ,
1707 1371 2092 1439 victoriamque
2125 1372 2263 1424 haud
2299 1371 2511 1424 dubiam
2573 1371 2793 1440 adeptus
2827 1372 3035 1429 fuisset.
3101 1372 3226 1427 Ilaec
3293 1374 3461 1428 altera
3536 1374 3689 1430 nobis

467 1474 714 1527 amicitia:
734 1514 749 1538 ,
779 1489 884 1526 non
904 1472 1012 1542 jam
1044 1469 1271 1525 scintilla
1295 1510 1310 1534 ,
1344 1468 1441 1523 sed
1471 1466 1556 1521 fax
1594 1468 1735 1522 clara
1767 1474 1822 1521 et
1855 1467 2100 1521 sublimis
2127 1467 2459 1521 accenditur.

538 1567 717 1621 XVIII.
745 1569 914 1635 Atque
938 1567 1008 1618 illi
1034 1564 1244 1634 quidem
1270 1563 1350 1618 sic
1379 1562 1573 1616 infecto
1596 1568 1807 1630 negotio
1837 1573 2025 1615 disces-

2206 1564 2311 1615 Ill’.
2340 1563 2402 1616 Οί
2451 1562 2546 1632 μὲν
2578 1556 2669 1614 οὖν
2714 1560 2883 1625 οὕτως
2915 1562 3149 1633 ἀπῆλθον
3193 1564 3479 1634 ἄπρακτοι,
3522 1564 3689 1617 πολλὰ

467 1673 679 1722 serunt.
715 1671 824 1715 tum
855 1677 1005 1715 suam
1041 1660 1396 1713 temeritatem
1432 1656 1655 1710 multum
1688 1657 2026 1721 incusantes,

468 1765 580 1808 tuin
610 1754 919 1806 insidiarum
950 1751 1161 1805 nomine
1184 1758 1383 1803 tantam
1415 1748 1467 1801 in
1502 1764 1586 1802 me
1616 1747 2028 1815 indignationem

468 1846 863 1913 concipientcs,
898 1853 952 1896 ut
982 1843 1139 1897 etiam
1176 1851 1388 1909 apertas
1424 1839 1551 1892 mihi
1598 1838 1909 1892 inimicitias
1948 1839 2030 1892 in-

466 1938 750 1997 dicerent.
798 1952 861 1989 ac
916 1935 1274 2003 proditionem
1324 1932 1661 2000 objicerent,
1715 1946 1817 1984 non
1875 1930 2030 1983 modo

467 2044 671 2091 eorum,
705 2027 798 2081 sed
834 2027 1069 2094 ipsarum
1117 2035 1332 2093 quoque
1377 2021 1745 2082 Athenarum;
1776 2020 2027 2089 quoniam

466 2124 638 2191 primo
663 2121 860 2189 impetu
898 2121 963 2173 ab
999 2134 1104 2172 uno
1137 2117 1359 2171 homine
1402 2115 1659 2168 confutati
1693 2123 1851 2183 atque
1885 2115 2031 2184 igno-

467 2214 633 2267 minia
667 2210 837 2267 allecti
870 2209 1080 2264 fuerant
1106 2249 1120 2273 ,
1166 2220 1218 2261 ct
1246 2207 1461 2276 quidem
1492 2206 1788 2275 ejusmodi,
1834 2206 1922 2273 qui
1963 2221 2028 2258 ne

468 2305 871 2371 fiduciaz‘etiam
910 2313 1112 2371 tempus
1147 2300 1396 2354 habebat.
1425 2298 1540 2367 Ipse
1572 2308 1756 2352 contra
1802 2299 2030 2366 (huma-

470 2414 570 2451 nus
618 2390 758 2450 enim
816 2394 1036 2448 allectus
1077 2401 1198 2455 est,
1246 2408 1365 2447 cum
1394 2432 1409 2452 .
1465 2391 1668 2459 magnis
1714 2390 2026 2459 quibusdam

469 2491 629 2544 rebus
655 2502 747 2557 spe
773 2487 1042 2551 conceptis
1066 2524 1082 2549 ,
1118 2486 1169 2539 in
1205 2500 1299 2539 eas
1339 2483 1516 2538 subito
1553 2482 1876 2548 incidimus,
1914 2480 2030 2550 opi-

471 2580 631 2634 nione
676 2587 858 2631 nostra
902 2576 1184 2631 inferiores
1221 2589 1312 2629 eas
1348 2573 1600 2640 videre),
1644 2574 1758 2641 ipse
1788 2572 2027 2641 ejusdem

469 2686 681 2740 quoque
712 2669 931 2723 affectus
961 2667 1250 2736 periculum
1283 2666 1512 2729 faciens,
1543 2666 1805 2719 maerebat
1825 2703 1840 2724 .
1867 2679 2029 2735 ange-

470 2763 655 2826 batur,
702 2777 802 2815 non
836 2762 1063 2814 habebat
1094 2759 1233 2828 quod
1272 2758 1372 2811 sibi
1408 2758 1472 2810 de
1512 2758 1738 2811 adventu
1772 2771 1870 2811 suo
1904 2771 2028 2827 gra-

470 2856 737 2909 tularetur.
792 2853 1070 2920 Quaerebat
1108 2851 1249 2921 quod
1289 2864 1382 2919 spe
1418 2850 1516 2904 sibi
1560 2848 1869 2914 ellinxerat;
1914 2849 2028 2902 ina-

2131 1652 2229 1723 μέν
2262 1653 2359 1716 τῆς
2390 1653 2720 1724 προπετείας
2761 1654 2971 1717 ἑαυτοῖς
3024 1655 3133 1723 (Gil)
3181 1656 3686 1726 καταμεμψάμενοι,

2130 1744 2297 1797 πολλὰ
2320 1744 2376 1796 δὲ
2401 1745 2499 1815 τῆς
2531 1743 2819 1813 ἐπιϐουλῆς
2858 1746 2979 1815 ἐμοὶ
3015 1746 3458 1817 δυσχεράναντες,
3489 1748 3563 1810 ὡς
3596 1749 3690 1801 καὶ

2129 1833 2366 1906 φανερὰν
2427 1834 2622 1907 ἔχθραν
2662 1836 3009 1907 ὁμολογῆσαι,
3059 1838 3149 1889 καὶ
3180 1838 3465 1907 προδοσίαν
3494 1840 3688 1892 ἐπικα-

2127 1925 2258 1989 λεῖν,
2294 1927 2395 1980 οὐκ
2420 1926 2640 1980 ἐκείνων
2680 1927 2838 1998 μόνον
2873 1928 3003 1999 (70),
3032 1927 3164 1981 ἀλλὰ
3193 1930 3282 1981 καὶ
3313 1930 3487 1982 αὐτῶν
3533 1931 3691 2001 Ἀθη-

2127 2016 2266 2069 νῶν⁶
2308 2018 2382 2081 ὼς
2423 2017 2510 2071 διὰ
2544 2020 2641 2089 τῆς
2675 2017 2895 2088 πρώτης
2931 2021 3124 2091 πείρας
3157 2021 3548 2092 ἐληλεγμένων,
3596 2023 3691 2074 καὶ

2126 2108 2485 2180 ᾐσχυμμένων
2532 2111 2619 2178 ὑφ’
2659 2112 2777 2175 ἐνὸς
2812 2112 3015 2180 ἀνδρὸς,
3063 2114 3157 2165 καὶ
3204 2114 3373 2166 ταῦτα
3421 2115 3556 2185 μηδὲ
3588 2114 3683 2167 eo?)

2129 2201 2349 2273 θαρρεῖν
2381 2203 2568 2273 καιρὸν
2596 2202 2826 2274 ἔχοντος.
2870 2206 2927 2258 '0
2971 2206 3028 2258 δέ
3074 2207 3187 2275 (καὶ
3214 2206 3322 2277 γάρ
3354 2206 3690 2277 ἀνθρώπινον

2127 2296 2188 2347 τὸ
2219 2294 2408 2359 πάθος,
2437 2297 2564 2348 ὃταν
2587 2298 2797 2367 μεγάλα
2823 2298 3139 2362 ἐλπίσαντες
3172 2299 3377 2370 ἀθρόως
3403 2303 3511 2362 τοῖς
3541 2300 3694 2353 ἐλπι-

2130 2386 2330 2440 σθεῖσιν
2363 2388 2473 2457 (71)
2499 2389 2827 2460 ἐντύχωμεν,
2857 2390 3061 2444 ἐλάττω
3099 2391 3198 2461 τῆς
3228 2391 3383 2463 δόξης
3415 2394 3546 2462 ὀρᾷν
3577 2392 3688 2461 (72)

2128 2476 2197 2531 τὰ
2220 2479 2560 2549 φαινόμενα),
2583 2480 2741 2533 τοῦτο
2764 2483 2857 2534 καὶ
2882 2481 3042 2547 αὐτὸς
3067 2484 3305 2554 πάσχων,
3337 2484 3691 2555 ἐσκυθρωπα⁴

2130 2568 2240 2633 ξεν,
2276 2571 2575 2644 ἐδυσφόρει,
2619 2575 2715 2643 τῆς
2746 2575 3036 2644 ἐπιδημίας
3076 2576 3264 2628 ἐαυτὸν
3312 2578 3551 2629 ἐπαινεῖν
3592 2577 3690 2628 οὐκ

2130 2657 2291 2732 εἶχεν.
2364 2663 2572 2733 Ἐζήτει
2628 2666 2687 2717 τὸ
2735 2665 3018 2718 ἐλπισθέψ
3068 2667 3225 2738 κενὴν
3286 2668 3554 2738 μακαρίαν
3593 2667 3690 2729 τὰς

2142 2752 2368 2822 Ἀθήνας
2399 2754 2697 2825 ὠνόμαζεν.
2738 2757 2795 2809 '0
2820 2758 2915 2828 μὲν
2942 2758 3004 2829 δὴ
3034 2757 3231 2811 ταῦτα’
3268 2758 3378 2826 ἐγὼ
3406 2759 3461 2811 δέ
3482 2760 3577 2829 τῆς
3601 2758 3690 2809 1'3-

2130 2861 2236 2914 πης
2262 2846 2503 2917 ἀφῄρουν
2529 2848 2589 2899 τὸ
2613 2847 2879 2911 πλεῖστον,
2914 2850 3005 2901 καὶ
3028 2849 3255 2917 λογικῶς
3283 2851 3685 2919 συγγινόμενος,

470 2957 590 2997 nem
632 2914 938 2996 felicitatem
984 2914 1222 2995 Atheuas
1270 2914 1598 2994 nominabat.
1646 2936 1769 2992 Haec
1812 2938 2023 3008 quidem

2129 2938 2222 2991 καὶ
2244 2939 2560 3010 κατεπᾴδων
2590 2943 2703 3004 τοῖς
2730 2941 3010 3013 λογισμοῖς
3027 2959 3040 2974 ·
3066 2943 3180 3006 καὶ,
3211 2944 3344 3013 ὅπερ
3378 2939 3444 3013 ἦν
3466 2942 3688 3013 ἀληθὲς,

470 3032 600 3087 ille:
645 3046 745 3100 ego
787 3040 961 3084 autem
1010 3029 1299 3083 maximam
1357 3028 1605 3081 mreroris
1664 3038 1869 3097 partem
1926 3027 2025 3097 ipsi

468 3120 788 3182 adimebam,
822 3130 929 3174 tum
961 3119 1287 3188 argumentis
1313 3118 1683 3186 congrediens,
1718 3127 1826 3171 tum
1860 3120 2027 3172 ratio-

2131 3027 2253 3082 οὔτε
2285 3026 2417 3101 ἦθος
2448 3032 2639 3103 ἀνδρὸς
2667 3032 2825 3097 εὐθὺς
2853 3033 3054 3087 ἁλωτὸν
3086 3030 3241 3099 εἶναι,
3267 3034 3457 3103 λέγων,
3496 3036 3577 3088 ὅτι
3612 3037 3686 3108 μὴ

2129 3123 2307 3195 χρόνῳ
2336 3123 2512 3194 πολλῷ
2537 3127 2628 3178 καὶ
2656 3125 2909 3197 συνουσία
2932 3126 3231 3198 τελεωτέρα
3255 3128 3388 3195 (75),
3418 3126 3538 3179 οὔτε
3564 3129 3687 3180 παί-

467 3211 625 3264 nihus
650 3225 770 3264 eum
798 3207 1068 3272 mulcens;
1101 3222 1223 3262 cum
1245 3246 1261 3271 ,
1293 3214 1351 3261 ut
1375 3221 1463 3260 res
1491 3215 1638 3269 erat,
1674 3222 1771 3261 nec
1796 3207 2025 3263 hominis

2127 3215 2303 3267 δευσιν
2345 3219 2457 3278 τοῖς
2490 3216 2874 3286 πειρωμένοις,
2924 3218 2982 3282 ἐξ
3032 3218 3223 3286 ὀλίγων
3270 3236 3326 3271 τε
3371 3218 3462 3270 καὶ
3500 3220 3556 3270 ἐν
3580 3219 3689 3271 όλί-

466 3318 644 3355 mores
666 3302 869 3365 statim,
886 3298 1048 3371 785
1067 3300 1159 3354 sed
1182 3300 1431 3353 diuturno
1448 3308 1707 3367 tempore,
1734 3314 1797 3353 ac
1819 3298 2025 3367 perfec-

2127 3322 2205 3376 γῳ
2250 3306 2359 3378 (74)
2404 3307 2781 3379 γνωρίζεσθαι.
2820 3310 2984 3362 Ὅθεν
3025 3310 3294 3379 ἐπανῆγον
3332 3311 3489 3365 αὐτὸν
3526 3313 3604 3375 είς
3629 3313 3688 3363 τὸ

467 3395 676 3449 tissima
705 3392 1090 3455 familiaritate,
1111 3391 1337 3460 vitaeque
1364 3389 1746 3444 consuetudine
1766 3431 1780 3455 ,
1804 3388 2025 3460 percipi,

2127 3395 2378 3466 εθθυμον,
2425 3397 2519 3450 καὶ
2567 3399 2758 3468 πεῖραν
2804 3398 2977 3461 διδοὺς
3030 3400 3119 3451 καὶ
3167 3398 3474 3469 λαμϐάνων,
3526 3398 3689 3451 πλέον

467 3500 564 3542 nec
593 3486 944 3540 eruditionem
975 3484 1071 3549 iis,
1119 3484 1208 3553 qui
1238 3482 1531 3552 periculum
1577 3482 1743 3549 ipsius
1778 3478 1981 3537 faciunt
2010 3522 2025 3548 ,

2127 3484 2347 3555 ἐμαυτῷ
2382 3485 2668 3556 συνέδησα.

464 3597 528 3636 ex
577 3582 759 3648 paucis
802 3578 1131 3650 argumentis
1178 3592 1242 3632 ac
1315 3577 1463 3631 brevi
1513 3577 1771 3645 agnosci,
1841 3578 2092 3634 dicerem.
2138 3578 2272 3633 llinc
2318 3594 2436 3633 eum
2486 3580 2553 3633 ad
2593 3580 2758 3633 animi
2810 3578 3252 3647 tranquillitatem
3301 3577 3583 3641 revocavi,
3623 3594 3688 3634 ac

465 3671 849 3728 benevolentiae
877 3670 1144 3739 specimen
1168 3667 1326 3722 simul
1354 3668 1595 3735 praebens
1627 3677 1681 3721 et
1713 3668 1982 3737 accipiens
2002 3708 2016 3733 ,
2058 3669 2379 3724 arctioribus
2403 3668 2631 3724 vinculis
2664 3684 2872 3724 mecum
2902 3670 3149 3723 astrinxi.

538 3783 676 3838 XIX.
735 3782 807 3837 Ut
854 3791 1029 3837 autem
1077 3782 1332 3851 temporis
1368 3795 1654 3851 progressu
1709 3780 2028 3836 desiderium

468 3886 709 3931 nostrum
741 3883 923 3929 mutuo
957 3873 1093 3926 inter
1118 3888 1215 3927 nos
1240 3873 1471 3927 confessi
1499 3888 1705 3937 sumus,
1761 3889 1824 3927 ac
1861 3874 2032 3943 philo-

2199 3782 2300 3834 19⁸.
2341 3782 2429 3845 Ὠς
2460 3782 2537 3845 δέ,
2572 3781 2849 3853 προϊόντος,
2882 3780 2972 3834 τοῦ
3007 3783 3195 3853 χρόνου
3216 3822 3230 3845 ,
3266 3782 3357 3835 τὸν
3389 3781 3550 3835 πόθον
3589 3785 3683 3837 άλ-

468 4076 596 4115 vero
619 4061 729 4130 jam
761 4069 985 4128 uterque
1019 4056 1170 4111 alteri
1209 4054 1417 4123 quidvis
1451 4069 1687 4118 eramus,
1742 4053 2025 4109 contuber-

2129 4052 2397 4124 ἀλλήλοις,
2455 4053 2758 4123 ὁμόστεγοι,
2817 4056 3133 4124 ὁμοδίαιτοι,
3177 4059 3463 4124 συμφυεῖς,
3514 4055 3575 4108 τὸ
3628 4052 3682 4107 ἓν

471 4152 643 4218 nales,
681 4150 1036 4212 convictores,
1069 4147 1383 4213 concordes,
1415 4162 1577 4200 unum
1606 4145 1854 4216 idemque
1901 4161 2025 4216 spe-

2133 4145 2440 4215 βλέποντες,
2476 4147 2563 4199 ἀεὶ
2589 4145 2679 4198 τὸν
2713 4146 2877 4199 πόθον
2905 4147 3151 4216 ἀλλήλοις
3186 4145 3538 4211 συναύξοντες
3572 4147 3683 4212 (76)

2127 3873 2307 3944 λήλοις
2330 3873 2885 3945 καθωμολογήσαμεν,
2920 3876 3013 3928 καὶ
3052 3875 3365 3943 φιλοσοφίαν
3406 3874 3516 3945 (75)
3549 3871 3682 3929 εἶναι
3728 3896 3745 3915 ο

468 3969 709 4037 saphiam
763 3968 814 4021 id
866 3982 983 4021 esse
1036 3966 1177 4035 quod
1226 3980 1254 4017 a
1302 3964 1453 4018 nobis
1502 3973 1867 4032 expeteretur,
1920 3975 2025 4019 tum

2128 3963 2187 4015 τὸ
2221 3961 2669 4033 σπουδαζόμενον,
2704 3964 3002 4033 τηνικαῦτα
3046 3964 3144 4033 ῆδη
3200 3963 3266 4017 τά
3314 3963 3489 4017 πάντα
3544 3960 3697 4035 ἦμετ
3776 3968 3787 3983 ‘

466 4254 700 4306 ctantes,
753 4240 1043 4297 ferventius
1082 4237 1323 4308 quotidie
1370 4252 1433 4291 ac
1467 4236 1670 4291 firmius
1704 4237 2024 4291 desiderium

468 4336 624 4392 nobis
665 4335 892 4389 invicem
938 4332 1269 4401 colligentes.
1308 4328 1515 4384 Etenim
1551 4340 1835 4397 corporum
1875 4343 2025 4382 amo-

533 4497 582 4530 ”
617 4493 770 4549 Ilom.
805 4492 969 4547 Iliad.
999 4506 1053 4545 ιι
1075 4532 1090 4556 ,
1124 4504 1264 4545 vers.
1292 4488 1381 4542 72.

538 4628 647 4701 (65)
679 4626 959 4701 ζΙρύμναν
981 4638 1067 4701 τε,
1098 4618 1576 4701 εἰς..“1¹ι·ονει’ὶξξιιηι
1602 4616 1666 4669 de
1695 4614 1759 4669 iis
1779 4616 1866 4701 qui
1900 4631 2024 4701 cur:

467 4687 583 4755 sum
614 4687 912 4754 reﬂectunt,
940 4694 1027 4758 qui
1053 4690 1329 4744 consilium
1355 4690 1408 4758 in
1434 4687 1698 4739 diversum
1726 4695 1952 4751 mutant,
1971 4694 2024 4740 et

468 4779 665 4840 partes,
702 4780 834 4829 quas
863 4756 1009 4840 prius
1042 4760 1347 4840 tuebantur,
1381 4756 1653 4840 deserunt.

538 4822 665 4906 (66),
685 4822 1030 4899 ’ἑτεραλκέα
1058 4826 1173 4906 τῂν
1196 4826 1391 4906 tiatur,
1426 4834 1531 4877 etc.
1564 4823 1653 4877 Sic
1684 4833 1836 4906 recte
1864 4822 2021 4876 Nice-

468 4894 555 4962 tas
580 4894 837 4971 eiponit}
871 4920 888 4951 ‹
928 4910 985 4953 ut
1009 4897 1071 4971 ad
1100 4895 1621 4971 Basiliuiiijergeret
1647 4894 1870 4946 victoria
1904 4909 2022 4971 meo

467 4962 720 5041 suffragio
752 4970 990 5041 (ιπερὶ.)
1028 4967 1176 5041 Hanc
1209 4978 1327 5017 esse
1358 4962 1600 5041 Gregorii
1637 4975 1865 5041 mentem
1893 4962 2023 5041 “Bu-

467 5031 612 5101 decus
636 5031 901 5111 agnoscit.
932 5038 1062 5111 cum
1094 5036 1233 5089 enim
1260 5049 1355 5102 pro
1385 5031 1633 5111 Armenis
1671 5033 1863 5111 stando
1888 5031 2019 5086 Gre~

466 5115 651 5186 gorius
675 5102 931 5186 Eiqualetn
964 5106 1178 5186 fecisset
1206 5118 1392 5186 pugnae
1422 5103 1597 5186 capita
1619 5103 1750 5183 λιιὺί
1777 5102 2017 5186 primum

470 5169 498 5237 ἵ
538 5198 658 5238 sese
694 5169 888 5234 Basilio
915 5169 2019 5248 adjunxit,3_Oépavoq-aﬁr€§i,_victoriam

466 5255 567 5323 ipsi
618 5252 823 5316 tribuit,
856 5238 1015 5320 quam
1054 5238 1302 5302 Arineuis
1340 5238 1569 5298 favendo
1607 5238 1893 5309 ancipitem
1906 5238 2018 5309 ,fe-

496 5332 632 5378 erat.

464 5339 647 5459 “iiii
685 5392 749 5445 Ὀ
794 5388 860 5443 δὲ
893 5389 1072 5457 ἥσθη.
1114 5385 1402 5459 «Laetam
1436 5390 1605 5459 εει-³
1628 5379 1770 5459 -⁰¹¹⁰
1826 5377 2015 5447 “9‘3”

464 5448 642 5535 ᾔσθη,
670 5471 727 5517 et
763 5462 828 5514 ad
876 5448 1047 5513 υἱιὶυέ
1075 5457 1274 5511 codicis
1316 5468 1508 5521 inarg.,
1552 5448 1783 5521 ᾔσθετο,
1825 5465 1843 5499 ι
1894 5462 2018 5517 per-

465 5543 655 5590 SBIISII.
688 5551 707 5583 ι

537 5602 647 5673 (68)
679 5599 921 5673 Τελέωςἐ
951 5596 1082 5673 Reg.
1115 5596 1204 5673 ph‘,
1232 5591 1466 5673 τελείως.
1552 5656 1563 5671 ν

537 5662 645 5743 (69)
694 5662 969 5733 Ἐαυτὸῖς.
1010 5662 1130 5721 Uno
1156 5664 1342 5732 “033.,
1377 5662 1622 5721 ἑαυτούς.

2131 4237 2455 4307 θερμότερόν
2491 4254 2550 4289 τε
2600 4238 2693 4290 καὶ
2746 4236 3084 4309 βεϐαιότερον
3119 4237 3248 4307 (77).
3308 4240 3369 4290 υἱ
3426 4238 3523 4308 μὲν
3574 4239 3685 4307 γὰρ

2130 4327 2238 4381 τῶν
2286 4329 2552 4382 σωμάτων
2608 4329 2841 4399 ἔρωτες,
2899 4328 3082 4399 ἐπειδὴ
3131 4330 3359 4400 ῥεόντων
3396 4328 3534 4394 εἰσὶ,
3588 4330 3682 4383 καὶ

2194 4618 2303 4687 (70)
2337 4618 2556 4671 Μόνον.
2589 4616 2719 4687 Reg.
2747 4631 2798 4679 a,
2840 4598 3033 4685 μόνων.

2194 4685 2307 4757 (71)
2354 4685 2778 4757 Ἐλίτισοεῖσικ.
2813 4687 2902 4757 Sic
2940 4687 3092 4740 codd.
3126 4686 3179 4738 In
3214 4686 3323 4749 ed.,
3356 4686 3678 4739 ἐπισθεῖσιν.

2195 4754 2305 4836 (7?)
2350 4754 2543 4836 ξορᾷν.
2595 4758 2685 4809 Sic
2717 4756 2954 4825 plerique
2996 4772 3061 4809 ac
3101 4757 3313 4822 optima:
3347 4768 3487 4812 nota:
3520 4759 3678 4811 codd.

2122 4826 2177 4881 In
2204 4826 2310 4889 εει,
2344 4826 2592 4896 ὁρῶντες.

2191 4897 2301 4962 (75)
2337 4894 2682 4960 Τελεωτέρςι.
2724 4893 2816 4965 Or.
2856 4893 2910 4965 Ξ,
2956 4891 3119 4965 ΡΜ,
3144 4892 3676 4965 Ροεεηγτελεωτάτῃ.

2192 4968 2302 5047 (74)
2336 4966 2450 5047 ,Ἐν
2485 4965 2682 5032 ὀλίγῳ.
2730 4964 2817 5017 Sic
2874 4962 2967 5018 Or.
3000 4966 3056 5027 2,
3096 4964 3215 5017 Par.
3251 4975 3304 5018 et
3340 4964 3490 5018 Pass.
3526 4962 3684 5020 DeeSl

2120 5036 2854 5177 ffgggialyuloo'oglav:
2873 5103 3112 5177 CoisILl,
3136 5103 3227 5155 καὶ
3252 5103 3312 5177 τὸ
3343 5102 3676 5173 φιλοσοφίαν.

2121 5172 2338 5255 Nicetes
2365 5172 2503 5255 :f'ipa
2531 5173 2895 5255 ἀσκησινκτῶν
2924 5172 3145 5255 καλῶνχ
3168 5191 3187 5224 ‹
3237 5174 3493 5227 virtutum
3530 5192 3548 5223 ι
3565 5192 3680 5255 [seu

2126 5264 2145 5295 ι
2174 5245 2296 5298 vita:
2328 5232 2584 5312 religiosa:
2609 5232 3045 5298 eiercitatioiieiii
3084 5263 3100 5294 ι
3133 5244 3535 5309 interpretatur.
3561 5243 3679 5307 Qua
3758 5288 3761 5291 .

2120 5313 2429 5382 acceptione
2484 5314 2773 5383 Gregorius
2815 5331 2833 5364 ι
2869 5325 3078 5368 ascetas
3117 5332 3136 5364 ι
3190 5313 3534 5382 philosophos
3582 5326 3679 5379 ap-

2119 5383 2299 5522 Ρεέξὶὲἱ
2335 5452 2765 5519 Συναύξοντες.
2823 5452 2879 5506 In
2932 5451 3282 5521 quibusdam,
3320 5450 3676 5518 συναυεάνονο

2115 5539 2226 5586 τες.
2260 5523 2401 5584 Bas.,
2439 5524 2776 5591 συνάγοντες.

2191 5593 2298 5663 (77)
2330 5593 2725 5661 Βεὸαιότερον.
2759 5592 2889 5663 Reg.
2927 5607 2976 5656 c,
3017 5590 3309 5657 βιαιότερον

3972 457 4041 503 ‘21
