4050 6298
264 286 354 342 εει
1070 278 1325 333 ORATIO
1366 277 1549 333 XLIII.
1591 307 1657 319 -—
1695 276 1765 331 1N
1803 273 2087 329 LAUDEM
2126 274 2369 330 BASILII
2411 275 2643 332 MAGNI.
3384 281 3489 335 522

256 397 470 471 ῥέουσιν
506 395 596 448 ῐσα
622 392 716 446 καὶ
741 392 945 461 ἠρινοῖς
966 391 1201 445 ἄνθεσιν.
1240 392 1377 445 Οὔτε
1409 392 1517 461 γάρ
1560 390 1693 460 φλὸξ
1727 390 1821 461 μέ-

1937 404 2034 451 res,
2066 390 2189 457 quia
2232 404 2411 446 rerum
2442 389 2703 443 ﬂuxaruin
2740 401 2883 457 sunt,
2913 391 3087 447 ﬂuunt
3110 406 3325 463 quoque
3364 398 3488 466 ipsi,

254 505 356 554 νει,
378 486 478 554 τῆς
508 483 641 552 ὕλης
663 481 1062 549 δαπανηθείσης
1091 483 1226 549 (ῖ8).
1252 481 1386 535 ἀλλά
1421 481 1498 550 τῷ
1530 481 1819 535 ἀνάπτοντι

256 576 675 645 συναπέρχεται,
700 572 823 625 οὕτε
860 573 1022 635 πόθος
1068 572 1357 641 ὑφίσταται
1389 572 1524 641 (79),
1562 589 1820 642 μαραινο-

256 666 418 738 μένου
468 664 563 717 τοῦ
601 662 1042 732 ὑπεκκαύματος.
1084 662 1148 713 Οἱ
1194 661 1250 713 δὲ
1281 661 1423 715 κατὰ
1468 662 1599 714 Θεόν
1641 678 1699 714 τε
1728 663 1822 714 καὶ

256 757 553 826 σώφρονες.
592 752 780 823 ἐπειδὴ
808 753 1131 823 πράγματος
1156 752 1528 815 ἐστῶτόςείσι,
1551 752 1640 805 διὰ
1667 751 1824 804 τοῦτο

252 848 346 899 καὶ
380 844 762 916 μονιμώτεροι,
792 844 887 895 καὶ⁹
909 845 1017 913 ὅσῳ
1058 843 1220 895 πλέον
1260 843 1371 914 (8υ)
1405 844 1584 907 αὐτοῖς
1606 844 1667 896 τὸ
1696 843 1824 897 κάλ-

251 939 340 1000 λος
369 936 723 1006 φαντάζεται,
758 935 995 1005 τοσούτῳ
1048 935 1246 1005 μᾶλλον
1295 934 1471 1005 ἑαυτῷ
1504 953 1564 988 τε
1608 937 1700 988 κα)⁵
1733 935 1825 988 ἀλ-

250 1026 435 1096 λήλοις
477 1022 656 1076 συνδεῖ
695 1024 819 1085 τοὺς
852 1022 958 1075 τῶν
1000 1021 1181 1074 αύτῶν
1224 1022 1477 1093 ἐραστάς.
1524 1017 1689 1085 Οὗτος
1729 1021 1821 1074 τοῦ

252 1117 396 1187 ὑπὲρ
430 1118 578 1185 ἡμᾶς
607 1116 809 1184 ἔρωτος
863 1114 1006 1182 ’όμος
1041 1114 1173 1184 (81).
1210 1113 1547 1183 Αίσθάνομαι
1578 1114 1677 1182 μὲν
1731 1110 1824 1167 οὖν

250 1206 358 1271 ἔξω
390 1204 487 1257 τοῦ
516 1203 706 1275 καιροῦ
739 1204 831 1257 καὶ
870 1203 963 1255 τοῦ
1013 1202 1211 1273 μέτρου
1257 1202 1574 1273 φερόμενος,
1601 1202 1694 1256 καὶ
1726 1204 1826 1256 οὐκ

249 1294 347 1349 οἶδ’
376 1299 622 1360 ὄπωςείς
652 1296 873 1358 τούτους
906 1296 1165 1363 ἐμπίπτω
1185 1294 1311 1358 τοὺς
1341 1295 1553 1364 λόγους,
1588 1296 1688 1347 οὐκ
1717 1295 1826 1364 ἔχω

248 1388 298 1439 δ’
325 1389 473 1450 ὅπως
524 1386 758 1458 ἐμαυτὸν
796 1387 1006 1457 ἐπίσχω
1042 1386 1137 1439 τοῦ
1168 1386 1523 1457 διηγήματος.
1565 1387 1675 1439 ’Λεὶ
1717 1385 1826 1455 γάρ

250 1492 346 1545 μοι
380 1474 443 1527 τὸ
478 1475 709 1546 παρεθὲν
763 1477 1057 1543 ἀναγκαῖον
1108 1476 1399 1545 φαίνεται,
1447 1476 1539 1529 καὶ
1581 1478 1826 1548 κρεῖττον

247 1565 346 1618 τοῦ
406 1564 829 1635 προληφθέντος.
886 1566 1002 1619 Κάν
1039 1565 1108 1636 μέ
1140 1583 1222 1629 τις
1271 1565 1459 1636 ἀπάγῃ
1501 1565 1594 1617 τοῦ
1642 1565 1828 1636 πρόσω

246 1654 614 1722 τυραννικῶς,
639 1655 699 1705 τὸ
724 1653 834 1706 τῶν
864 1654 1179 1707 πολυπόδων
1200 1654 1481 1724 πείσομαι,
1510 1646 1583 1707 ὧν
1611 1654 1709 1724 τῆς
1733 1652 1830 1708 θα-

1925 497 2028 535 non
2064 496 2218 536 secus
2258 497 2321 535 ac
2355 483 2495 536 veris
2528 482 2705 537 ﬂores.
2755 482 2888 537 Nam
2938 497 3037 538 nec
3079 483 3318 550 ﬂamma,
3363 501 3494 541 con-

1922 582 2132 640 sumpta
2166 573 2411 636 materia,
2450 583 2709 638 remanet,
2758 574 2851 628 sed
2895 588 3007 627 una
3033 588 3154 628 eum
3187 591 3252 631 ea
3288 578 3493 631 exstin-

1922 664 2119 732 guitur,
2151 678 2249 717 nec
2274 663 2597 717 desiderium
2628 706 2642 729 ,
2675 672 3048 719 marcescente
3082 662 3290 731 fomite,
3318 667 3496 720 subsi-

1924 753 2038 807 stit.
2074 755 2142 806 At
2164 753 2339 821 pudici
2378 763 2429 807 et
2465 753 2572 807 Deo
2607 754 2743 823 grati
2788 768 3021 820 amores,
3058 756 3490 826 quandoquidem

1925 845 2001 898 rei
2043 846 2250 899 stabilis
2281 854 2333 900 et
2369 845 2538 900 ﬁrma“:
2587 854 2733 910 sunt,
2789 855 3069 915 propterea
3128 847 3494 901 diuturniores

1923 933 2086 987 etiam
2112 945 2273 1000 sunt;
2302 945 2609 1005 quantoque
2642 936 2813 1004 major
2840 938 3255 1006 pulchritudinis
3284 940 3491 1009 species

1926 1029 2054 1098 ipsis
2090 1027 2361 1095 objicitur,
2418 1037 2565 1082 tanto
2609 1029 2772 1082 etiam
2810 1030 3033 1091 arctius,
3082 1039 3137 1084 et
3187 1046 3390 1098 secum,
3439 1041 3495 1087 et

1926 1120 2067 1173 inter
2118 1133 2195 1182 se,
2249 1119 2555 1172 earumdem
2608 1134 2786 1173 rerum
2832 1130 3104 1176 amatores
3163 1123 3491 1180 devinciunt.

1926 1208 2051 1263 Rzec
2080 1210 2277 1279 quippe
2306 1210 2519 1277 superni
2554 1212 2753 1267 amoris
2802 1212 2883 1265 lex
2930 1221 3035 1268 est.
3082 1213 3339 1283 Equidem
3387 1231 3491 1279 me,

1925 1311 2074 1356 extra
2128 1310 2359 1370 tempus,
2413 1311 2469 1357 et
2522 1312 2676 1358 extra
2723 1302 2960 1368 modum,
3001 1304 3327 1372 praecipitem
3367 1304 3494 1361 ferri

1927 1393 2129 1459 sentio;
2174 1407 2272 1448 nec
2317 1408 2551 1462 quonam
2596 1394 2754 1447 modo
2813 1394 2863 1447 in
2914 1395 3010 1449 hos
3048 1409 3327 1452 sermones
3364 1396 3499 1450 inci-

1928 1484 2050 1536 dam
2086 1483 2234 1549 scio;
2292 1498 2390 1537 nec
2445 1499 2630 1539 rursus
2676 1499 2907 1553 quonam
2950 1496 3104 1554 pacto
3136 1487 3395 1556 meipsum
3430 1486 3499 1541 ab

1928 1574 2237 1643 hujusmodi
2268 1575 2577 1630 narratione
2612 1576 2904 1642 reprimere
2933 1589 3148 1644 queam.
3180 1577 3305 1631 Mihi
3333 1579 3498 1643 enim,

1930 1662 1982 1716 id
2024 1663 2165 1732 quod
2219 1666 2637 1734 prmtermissum
2697 1673 2809 1724 est.
2864 1667 3228 1721 necessarium
3288 1681 3502 1736 semper

246 1743 435 1815 λάμης
468 1744 867 1815 ὲξελκομένων,
919 1744 1271 1816 προσέξονται
1314 1748 1435 1809 ταῖς
1485 1744 1734 1809 κοτύλαις
1773 1746 1829 1798 αἱ

1937 1755 2164 1819 videtur,
2222 1733 2675 1825 praestantiusque
2728 1770 2793 1810 eo
2861 1756 3000 1825 quod
3076 1758 3222 1825 prius
3275 1733 3499 1826 arripui.

248 1836 473 1908 πέτραι,
508 1838 603 1890 καὶ
637 1836 696 1889 οὐ
727 1838 856 1907 πρὶν
904 1835 1289 1906 ἀφεθήσονται,
1324 1834 1356 1905 ἢ
1399 1836 1529 1907 παρ’
1578 1835 1825 1907 ἀλλήλων

244 1946 306 1981 τι
358 1927 686 1999 προσλαϐεῖν
735 1929 797 1980 ὲκ
828 1928 925 1998 τῆς
972 1928 1112 1996 βίας.
1157 1929 1219 1980 El
1270 1928 1367 1997 μὲν
1414 1922 1506 1980 οὖν
1541 1930 1826 1999 συγχωρή-

126 2038 149 2059 ι
250 2038 339 2074 σοι
370 2021 482 2088 (82)
519 2037 637 2083 τις,
687 2018 794 2090 ἔχω
834 2021 895 2073 τὸ
940 2017 1302 2091 ζητούμενον·
1359 2020 1407 2071 εἰ
1450 2018 1506 2071 δὲ
1552 2019 1649 2088 μὴ,
1697 2017 1827 2089 παρ’

248 2112 493 2183 ἐμαυτοῦ
520 2111 780 2182 λήψομαι.

1931 1843 2082 1911 Quod
2118 1845 2162 1899 si
2212 1846 2334 1914 quis
2367 1862 2452 1900 me
2505 1848 2554 1899 vi
2599 1848 2867 1901 abducere
2914 1857 3105 1913 tentet,
3166 1864 3232 1903 ne
3282 1849 3503 1904 ulterius

1932 1934 2264 2003 progrediar,
2298 1936 2436 1989 idem
2475 1936 2623 2000 mihi,
2651 1937 2791 2006 quod
2836 1936 3060 2006 polypis,
3097 1938 3322 2005 accidet,
3359 1953 3496 2006 quo-

1915 2030 2048 2076 ‘rum
2077 2027 2391 2090 acetabulis,
2422 2041 2541 2080 cum
2570 2042 2600 2081 e
2628 2028 2896 2081 cubilibus
2926 2028 3299 2092 extrahuntur,
3332 2041 3498 2097 petrae

1938 2113 2333 2177 adbazrescunt,
2364 2129 2461 2169 nec
2495 2120 2639 2183 prius
2669 2116 3013 2179 divellnntur,
3045 2132 3204 2186 quam
3236 2132 3302 2172 ex
3336 2118 3423 2171 illa
3451 2120 3503 2172 vi

248 2206 530 2273 quidpiam
569 2206 821 2270 utrinque
852 2202 1179 2272 acceperint.
1214 2199 1442 2255 Proinde
1498 2200 1543 2254 si
1578 2200 1697 2270 quis
1767 2200 1895 2257 mihi
1938 2201 2041 2255 hoc
2080 2205 2429 2268 concesserit,
2479 2205 2651 2260 habeo
2696 2208 2837 2275 quod
2872 2224 3082 2278 quaero;
3138 2209 3220 2264 sin
3245 2209 3443 2277 minus,
3473 2226 3504 2264 a

252 2300 467 2361 lltt‘ipso
494 2296 776 2362 accipiam.

328 2386 410 2439 ις’.
448 2386 604 2439 Οὖτω
626 2385 689 2456 δὴ
712 2385 779 2437 τά
814 2383 950 2454 πρὸς
981 2382 1241 2454 ἀλλήλους
1264 2384 1500 2454 ἔχοντες,
1530 2384 1624 2437 καὶ
1652 2383 1832 2437 τοιαύ-

76 2454 141 2509 “"-
250 2493 355 2539 τας
385 2450 787 2545 ὑποστήσαντες
814 2450 1048 2545 εύτειχεῖ
1074 2450 1183 2545 (85)
1208 2450 1432 2546 θαλάμῳ
1457 2474 1691 2547 χρυσέας
1716 2477 1831 2529 κίο-

251 2582 356 2625 νας
405 2564 536 2634 (84),
588 2564 615 2617 ὃ
669 2581 800 2634 φησι
852 2564 1135 2633 Πίνδαρος,
1183 2563 1354 2626 οὕτως
1410 2564 1602 2634 ᾕειμεν
1649 2565 1727 2626 εἰς
1774 2565 1834 2617 τὸ

255 2655 467 2725 πρόσω,
500 2654 620 2725 Θεῴ
653 2655 747 2707 καὶ
775 2654 924 2724 πόθῳ
956 2657 1236 2725 συνεργοῖς
1270 2653 1562 2726 χρώμενοι.
1595 2655 1689 2706 ὨΙ
1718 2653 1832 2717 πῶς

253 2747 526 2816 ἀδακρυτὶ
576 2746 673 2817 τὴν
730 2745 935 2798 τούτων
1001 2747 1209 2814 ἐνέγκω
1254 2748 1507 2817 μνήμην;
1558 2747 1699 2799 Ἰσαι
1736 2746 1834 2815 μὲν

255 2836 476 2899 ἐλπίδες
498 2832 632 2907 ἦγον
662 2838 829 2907 ἡμᾶς,
875 2837 1200 2908 πράγματος
1229 2836 1690 2907 ὲπιφθονωτάτου,
1724 2836 1831 2888 τῶν

254 2925 469 2993 λόγων·
524 2926 714 2994 φθόνος
769 2928 827 2980 δὲ
877 2927 1024 2996 ἀπῆν
1057 2966 1073 2992 ,
1137 2927 1296 2997 ζῆλος
1345 2927 1401 2980 δὲ
1449 2925 1827 2990 ἐσπουδάζετο.

2002 2382 2124 2437 XX.
2174 2383 2305 2438 Cum
2362 2383 2525 2453 igitur
2568 2384 2671 2439 hoc
2714 2384 2854 2440 inter
2900 2402 2997 2443 nos
3036 2402 3214 2442 an.mo
3259 2405 3501 2445 essemus

1938 2476 2177 2544 talesque
2204 2475 2381 2530 valido
2427 2477 2678 2536 thalamo.
2719 2489 2774 2531 ut
2805 2488 2887 2533 est
2925 2481 3063 2548 apud
3110 2480 3399 2536 Pindarum
3430 2482 3501 2547 ",

1933 2582 2125 2621 aureas
2153 2566 2429 2622 columnas
2477 2568 2913 2636 subjecissemus,
2946 2571 3039 2625 ‘ita
3080 2573 3294 2626 demum
3344 2588 3507 2642 porro

1934 2657 2426 2727 progrediebamur,
2508 2658 2616 2714 Deo
2698 2670 2753 2716 et
2837 2662 3100 2717 desiderio
3174 2663 3507 2731 adiutoribus

1940 2758 2170 2803 utentes.
2228 2747 2373 2803 Heu!
2429 2748 2705 2817 Quomodo
2732 2751 2921 2805 barum
2961 2767 3138 2807 rerum
3182 2755 3506 2809 mentionem

1940 2837 2105 2908 786
2133 2838 2248 2892 sine
2273 2838 2526 2909 lacrymis
2557 2839 2789 2895 faciam?
2818 2842 2921 2895 Par
2946 2857 3067 2910 spes
3093 2844 3376 2909 doctrinae,
3406 2847 3511 2900 hoc

1938 2936 2041 2991 est,
2099 2926 2175 2982 r‘ei
2215 2928 2452 2982 omnium
2506 2929 2971 2997 invidiosissime,
3013 2948 3108 2988 nos
3150 2935 3410 3001 ducebat;
3455 2945 3510 2990 et

270 3014 447 3085 Ἀγὼν
479 3016 535 3069 δὲ
569 3016 920 3088 ἀμφοτέροις,
971 3016 1068 3087 ούχ
1098 3016 1244 3079 ὅστις
1283 3017 1445 3080 αὐτὸς
1478 3015 1538 3069 τὸ
1569 3011 1833 3086 πρωτεῖον

1940 3024 2116 3070 tamen
2158 3016 2346 3072 aberat
2395 3017 2618 3084 invidia,
2667 3019 2936 3075 aemulatio
2993 3031 3171 3076 autem
3226 3022 3279 3077 in
3337 3024 3508 3093 pretio

257 3106 372 3176 ἔχοι
389 3107 522 3176 (85),
546 3108 663 3160 ἀλλ’
692 3109 839 3171 ὅπως
858 3108 934 3180 τῷ
964 3108 1134 3180 ἑτέρῳ
1149 3107 1334 3161 τούτου
1361 3108 1831 3179 παραχωρήσειεν’

257 3201 322 3252 τὸ
375 3201 484 3270 γὰρ
518 3200 765 3270 ἀλλήλων
820 3201 1107 3270 εὐδόκιμον
1162 3200 1293 3252 ἴδιον
1338 3197 1685 3269 ἐποιούμεθα.
1720 3196 1837 3251 Μία

261 3292 363 3363 μὲν
394 3292 725 3363 ἀμφοτέροις
758 3292 930 3345 ἐδόκει
966 3292 1133 3363 ψυχὴ,
1174 3290 1265 3343 δύο
1303 3289 1530 3361 σώματα
1576 3290 1832 3361 φέρουσα.

260 3385 374 3438 Καὶ
406 3386 454 3436 εί
497 3384 556 3435 το
589 3384 768 3438 πάντα
801 3385 857 3436 ὲν
890 3386 1025 3437 πᾶσι
1065 3383 1297 3447 κεῖσθαι,
1332 3382 1407 3454 μὴ
1439 3382 1685 3435 πειστέον
1726 3380 1835 3451 (86)

259 3479 374 3539 τοῖς
406 3474 692 3543 λέγουσιν’
746 3476 862 3528 ἀλλ’
890 3477 1022 3545 ἡμῖν
1074 3491 1137 3543 γε
1170 3473 1417 3528 πειστέον
1465 3473 1597 3542 (87),
1653 3473 1727 3536 ὡς
1778 3472 1836 3526 ὲν

262 3567 540 3637 ἀλλήλοις,
574 3568 667 3620 καὶ
690 3566 817 3636 παρ’
848 3566 1097 3638 ἀλλήλοις
1127 3565 1404 3636 ἐκείμεθα.
1435 3563 1530 3617 Ἓν
1567 3563 1610 3615 δ’
1658 3564 1835 3632 ἀμφο-

261 3656 444 3728 τέῳις
467 3656 648 3728 ἔργον,
679 3657 711 3727 ἡ
737 3658 925 3728 ἀρετὴ,
958 3656 1051 3709 καὶ
1090 3656 1149 3709 τὸ
1176 3656 1274 3727 ζῇν
1301 3655 1435 3727 πρὸς
1476 3654 1576 3717 τὰς
1609 3652 1837 3725 μελλού-

265 3766 366 3812 σας
398 3749 640 3814 ὲλπίδας,
681 3750 807 3819 πρὶν
847 3747 1055 3800 ἐνθένδε
1104 3748 1393 3811 ἀπελθεῖν,
1447 3746 1654 3800 ἐνθένδε
1707 3745 1837 3816 μεθ-

266 3837 602 3906 ισταμένοις.
644 3838 787 3908 Πρὸς
814 3837 841 3889 ὃ
883 3836 1187 3905 βλέποντες,
1223 3838 1314 3890 καὶ
1348 3836 1460 3906 βίον
1500 3836 1594 3889 καὶ
1642 3835 1840 3906 πρᾶξιν

266 3928 488 3981 ἃπασαν
532 3927 949 3997 ἀπηυθύνομεν,
983 3928 1135 3999 παρά
1178 3944 1238 3981 τε
1284 3927 1382 3997 τῆς
1414 3925 1632 3995 ἐντολῆς
1671 3924 1841 3987 οὕτως

265 4020 552 4087 ὴόμενοι,
571 4020 664 4072 καὶ
684 4018 932 4089 ἀλλήλοις
948 4018 1043 4089 τὴν
1062 4018 1259 4090 ἀρετὴν
1280 4017 1712 4089 παραθήγοντες·
1727 4017 1840 4082 καὶ,

266 4090 327 4160 εἴ
348 4109 425 4179 μὴ
452 4108 595 4178 μέγα
622 4110 645 4159 ὲ
655 4110 743 4178 μοὶ
761 4108 919 4162 τοῦτο
940 4110 1133 4171 είπεῖν,
1167 4108 1391 4169 κανόνες
1420 4106 1570 4169 ὄντες
1594 4104 1842 4176 ἀλλήλοις

267 4200 366 4252 καὶ
401 4199 661 4267 στάθμαι,
697 4194 778 4260 οἷς
823 4198 884 4251 τὸ
917 4198 1071 4261 εύθὲς
1115 4196 1247 4267 (88),
1294 4197 1388 4249 καί
1436 4195 1533 4266 μὴ,
1568 4196 1841 4266 διακρίνε-

267 4307 379 4343 ται.
421 4288 685 4359 Ἐταίρων
724 4306 783 4341 τε
823 4289 930 4360 γὰρ
962 4288 1293 4359 ὼμιλοῦμεν,
1341 4288 1400 4339 οὑ
1459 4289 1570 4350 τοῖς
1615 4286 1841 4356 ἀσελγε-

272 4381 515 4443 στάτοις,
541 4380 677 4433 ἀλλά
698 4383 805 4443 τοῖς
836 4381 1299 4452 σωφρονεστάτοις
1324 4396 1336 4409 ·
1369 4377 1491 4431 οὐδὲ
1524 4380 1639 4440 τοῖς
1682 4396 1844 4449 μαχιο

276 4471 571 4541 μωτάτοις.
612 4469 751 4523 ἀλλά
788 4473 898 4534 τοῖς
935 4468 1397 4540 είρηνικωτάτοις,
1432 4467 1525 4520 καὶ
1556 4461 1638 4530 οἷς
1668 4470 1845 4521 συνεῖ-

274 4580 361 4615 ναι
391 4560 832 4614 λυσιτελέστατον
854 4577 868 4591 ·
910 4560 1132 4624 εἰδότες,
1165 4562 1246 4613 ὅτι
1290 4558 1488 4622 κακίας
1518 4560 1648 4627 ῥᾷον
1689 4576 1850 4629 μετα-

347 4702 394 4732 ⁹⁸
424 4700 583 4753 l’ind.
627 4698 856 4769 Olymp.,
890 4698 979 4752 od.
1019 4713 1090 4763 vi,
1135 4709 1275 4749 vers.
1314 4694 1366 4746 l.

347 4833 462 4899 (78)
498 4832 964 4898 Δαπανηθείσης.
1000 4829 1133 4896 Reg.
1169 4844 1219 4899 (ε,
1253 4825 1667 4895 δαπανωμένης.

371 4898 463 4966 79)
501 4902 859 4969 ἰ’φίσταται.
892 4900 1029 4969 Reg.
1065 4899 1157 4967 ph,
1188 4898 1421 4969 ἵσταται.

371 4906 463 4966 79)
501 4906 859 4969 ἰ’φίσταται.
894 4906 1029 4967 Reg.
1065 4906 1157 4967 ph,
1188 4906 1421 4951 ἵσταται.

340 4906 463 5038 (80)
506 4973 614 5023 Καὶ
649 4970 773 5034 ὅσῳ
807 4967 1017 5034 πλέον,
1060 4979 1165 5038 etc.
1221 4985 1242 5038 ι
1278 4966 1489 5031 Quanto
1529 4963 1699 5038 _magis
1732 4963 1848 5038 pul-

277 5033 531 5094 chritudo
562 5041 724 5094 menti
744 5033 1020 5105 ’objieitur.
1060 5057 1078 5089 ι
1112 5036 1374 5092 Nimirum
1406 5052 1424 5085 ι
1457 5033 1635 5088 anima
1664 5043 1717 5089 et
1746 5034 1851 5087 vir-

281 5122 386 5171 tus,
426 5130 443 5160 ι
485 5120 536 5161 ιιι
566 5109 782 5176 exponit
812 5109 1043 5161 Nicetas.

348 5181 463 5247 (δι)
508 5170 693 5243 οὗτὸς
730 5178 835 5231 τοῦ
868 5175 1022 5244 ὑπὲρ
1067 5175 1223 5245 ἡμᾶς
1254 5175 1471 5247 ἔρωτος
1509 5173 1711 5247 ιζόμος.
1755 5170 1849 5247 Ni:

280 5241 411 5309 eet,
446 5241 507 5302 ³0
545 5248 635 5301 τοῦ
661 5241 1038 5322 Δπνευματπκοῐι
1080 5241 1176 5299 καὶ
1221 5241 1484 5322 ἡμετέρου
1519 5242 1718 5322 ἔρωτος
1764 5241 1852 5322 νό-

282 5335 404 5386 μος,
446 5338 464 5369 ι
505 5318 705 5371 amoris
736 5312 1031 5384 spi'ritualis
1062 5325 1116 5370 et
1156 5312 1322 5370 nostri
1347 5312 1452 5380 lex,
1490 5331 1509 5364 ι
1544 5312 1695 5380 quasi
1726 5312 1847 5381 phi-

281 5389 542 5455 lusophici
569 5397 621 5440 et
656 5387 973 5440 Christiani.

383 5452 473 5529 8g)
507 5454 913 5529 erxwpiiogt.
949 5456 1080 5529 R_eg.
1117 5453 1206 5524 pb,
1243 5452 1603 5529 συγχωρήσει.

383 5460 473 5529 82)
507 5460 913 5525 Συγχωρήσοι.
949 5460 1080 5524 Reg.
1117 5460 1206 5524 ph,
1243 5460 1603 5523 συγχωρήσει.

353 5460 466 5596 (85)
503 5526 800 5596 γΕὑτειχεῖ.
849 5524 939 5596 Sic
972 5525 1138 5594 Regg.
1169 5539 1222 5596 _a,
1268 5540 1318 5587 e,
1360 5528 1414 5587 d,
1448 5525 1556 5596 tun,
1593 5520 1847 5596 undecim

282 5590 457 5660 Coll),
495 5590 740 5661 Pindar.)
776 5607 881 5652 etc.
910 5595 966 5648 lu
994 5590 1373 5662 ρόῖξεύτυχεῖ,
1410 5612 1426 5643 ι
1467 5591 1638 5657 felici,
1684 5590 1852 5645 fortu-

287 5680 430 5722 nato.
479 5686 498 5719 ι

438 5818 443 5821 ν
520 5756 789 5821 Pauor.
829 5760 941 5818 (ir.
988 5754 1282 5817 XXXVI.

1940 3106 2256 3162 habebatur.
2286 3108 2400 3162 lloe
2438 3109 2651 3178 utrique
2683 3119 2981 3178 certamen,
3016 3128 3122 3167 non
3154 3123 3275 3169 uter
3305 3114 3509 3183 primas

1941 3196 2125 3262 ferret,
2157 3199 2247 3251 sed
2274 3207 2395 3252 uter
2424 3198 2577 3253 alteri
2607 3214 2700 3253 eas
2733 3203 3048 3256 concederet
3073 3219 3087 3265 ;
3122 3213 3345 3271 uterque
3366 3204 3510 3259 enim

1941 3288 2167 3342 alterius
2200 3287 2424 3358 gloriam
2455 3304 2555 3358 pro
2587 3302 2683 3344 sua
2708 3291 2956 3347 ducebat.
3000 3292 3111 3346 Una
3144 3295 3355 3362 utrique
3382 3296 3503 3349 aui-

1940 3394 2026 3433 ma
2054 3378 2357 3444 videbatur,
2387 3380 2493 3435 duo
2520 3396 2745 3451 corpora
2781 3383 2981 3439 ferens.
3006 3383 3158 3450 Quod
3198 3386 3241 3440 si
3271 3385 3402 3442 ﬁdes
3442 3386 3508 3442 iis

1940 3469 2160 3525 minime
2186 3470 2427 3526 habenda
2444 3483 2548 3539 est,
2574 3475 2663 3543 qui
2692 3475 2871 3528 omnia
2902 3475 2953 3529 in
2983 3477 3234 3531 omnibus
3257 3477 3359 3531 sita
3386 3492 3503 3535 esse

1942 3559 2159 3624 dicunt;
2191 3570 2246 3612 at
2273 3561 2429 3615 nobis
2461 3570 2609 3615 certe
2640 3563 2968 3617 credendum
2994 3574 3096 3625 est,
3117 3568 3255 3633 quod
3287 3577 3509 3636 uterque

1942 3648 1995 3702 in
2026 3647 2196 3702 altero
2221 3659 2277 3703 et
2316 3653 2453 3718 apud
2484 3652 2710 3705 alterum
2749 3653 2838 3706 siti
2870 3670 3104 3709 eramus.
3159 3655 3329 3710 Unum
3375 3661 3512 3712 utri-

1942 3753 2047 3808 que
2068 3753 2207 3806 Opus
2236 3750 2289 3793 et
2324 3741 2584 3806 studium,
2611 3742 2783 3796 virtus
2812 3753 2950 3809 erat,
2980 3754 3032 3799 et
3053 3744 3118 3798 ad
3152 3744 3360 3801 futuras
3393 3763 3515 3816 spes

1942 3831 2144 3897 vivere,
2196 3846 2402 3900 nosque
2444 3833 2515 3886 ita
2552 3847 2887 3902 comparare,
2936 3843 3012 3900 ut,
3050 3846 3179 3892 ante
3219 3835 3511 3891 discessum

1943 3935 2010 3974 ex
2042 3920 2141 3975 hac
2175 3922 2305 3987 vita,
2350 3923 2473 3977 hinc
2501 3923 2878 3994 migraremus.
2913 3924 3065 3993 Quod
3095 3925 3308 3997 quidem
3357 3929 3513 3982 nobis

1943 4011 2010 4065 ob
2032 4011 2216 4067 oculos
2231 4027 2513 4082 ponentes,
2530 4016 2697 4068 vitam
2720 4016 3066 4087 actionesque
3090 4032 3277 4072 omnes
3298 4028 3511 4072 nostras

1944 4098 2322 4166 dirigebarnus,
2368 4110 2477 4155 tum
2526 4103 2691 4157 divini
2730 4106 2979 4174 praecepti
3020 4106 3237 4160 ductum
3285 4120 3516 4175 sequen-

1947 4198 2051 4253 tes,
2083 4199 2190 4243 tum
2250 4190 2385 4246 alter
2429 4194 2584 4249 alteri
2626 4196 2842 4250 virtutis
2878 4196 3113 4250 studium
3150 4208 3511 4264 exaeuentes;

1948 4293 2129 4350 atque,
2161 4287 2263 4343 nisi
2316 4286 2416 4339 hoc
2448 4286 2790 4356 arrogantius
2827 4286 3007 4340 dicere
3044 4286 3251 4350 videar,
3287 4295 3513 4357 uterque

1950 4379 2100 4433 alteri
2153 4393 2338 4432 norma
2392 4391 2446 4432 et
2507 4378 2736 4432 amussis
2790 4392 3027 4441 eramus,
3077 4392 3180 4446 qua
3233 4387 3438 4432 rectum
3482 4393 3513 4432 a

1952 4483 2120 4538 pravo
2149 4469 2493 4522 discernitur.
2522 4466 2635 4521 Non
2665 4468 2808 4521 enim
2838 4482 2957 4520 cum
2985 4466 3245 4520 sodalium
3294 4476 3478 4522 nostro
3500 4497 3517 4509 -

1953 4574 2072 4613 rum
2131 4559 2574 4629 petulantissimis
2624 4566 2680 4612 et
2733 4557 3188 4627 impudicissimis,
3239 4559 3334 4613 sed
3392 4573 3515 4614 cum

2024 4822 2136 4893 (86)
2160 4822 2431 4893 Χρυσέας
2452 4822 2676 4888 κίονας.
2709 4822 2798 4893 S_ic
2820 4822 3123 4893 tres_Regg.
3153 4829 3209 4875 et
3233 4830 3347 4893 tres
3365 4819 3515 4893 Coib.

1953 4888 2149 4964 luctu,
2197 4888 2443 4964 χρυσέως
2478 4892 2683 4964 κίονας.
2727 4890 2893 4964 Juxta
2926 4888 3252 4964 Pindarum,
3287 4888 3516 4964 _Olgmp.

1953 4963 2042 5017 od.
2068 4978 2143 5027 vt,
2174 4960 2411 5017 (aurea:
2436 4962 2713 5026 columnae,
2737 4961 2981 5032 praeclari
3003 4960 3262 5030 cujusque
3286 4960 3517 5015 instituti

1956 5034 2106 5087 initia
2133 5041 2275 5086 sunt.
2308 5050 2327 5082 ι

2027 5103 2139 5172 (85)
2174 5104 2362 5172 Ἐχοι.
2399 5099 2455 5153 In
2489 5100 2830 5172 quibusdam,
2858 5098 2990 5172 ἔχει.

2026 5166 2135 5242 (86)
2174 5166 2597 5240 Μὴίπειστέον.
2630 5169 2763 5239 Reg.
2794 5166 2918 5231 bm,
2940 5169 3014 5242 μὴ
3051 5174 3285 5242 πιστέον.
3323 5166 3523 5242 Grego-

1958 5238 2073 5295 rius
2101 5238 2189 5296 liic
2220 5238 2395 5308 carpit
2422 5238 2827 5309 Anaxagoram.
2864 5241 2952 5309 qui
2986 5238 3011 5289 «ἡ
3036 5240 3216 5292 omnia
3248 5241 3298 5290 in
3341 5238 3519 5289 omni-

1955 5312 2054 5364 bus
2076 5325 2196 5365 esse
2228 5330 2246 5363 ι
2276 5308 2490 5373 docuit;
2520 5311 2601 5361 cui
2626 5308 2755 5363 licet
2781 5310 2909 5362 lides
2943 5308 3189 5362 habenda
3219 5322 3324 5361 non
3357 5315 3520 5370 esset,

1956 5381 2055 5434 sibi
2098 5393 2273 5433 tamen
2309 5380 2601 5447 Gregorius
2630 5378 2743 5432 vult
2778 5378 2982 5442 haberi,
3027 5392 3145 5430 eum
3186 5391 3244 5431 se
3282 5378 3333 5429 iu
3374 5373 3521 5426 Basis

1960 5450 2058 5511 lio,
2087 5459 2140 5504 et
2179 5446 2437 5503 Basiluuu
2473 5450 2523 5502 iu
2561 5463 2619 5502 se
2643 5462 2784 5511 esse,
2817 5446 3119 5515 profitetur.

2032 5520 2140 5589 (87)
2173 5516 2476 5589 Πειστέον,
2510 5518 2641 5589 Reg.
2677 5517 2764 5589 bu}
2793 5512 2861 5589 et
2893 5516 3108 5581 Comb.,
3142 5512 3383 5570 πιστέον,

2032 5585 2142 5659 (δε)
2171 5586 2379 5653 εεὺθές.
2414 5588 2575 5643 Coisl.
2598 5585 2648 5657 ι,
2680 5585 2828 5642 εὐθύ.

3141 5738 3211 5799 17
