4050 6298
494 4777 526 4829 1‘

518 4910 519 4915 “
619 4896 749 4982 ’(95)
785 4896 1002 4981 Γύγης.
1058 4910 1211 4982 Plato
1259 4909 1333 4965 De
1382 4909 1578 4979 republ.
1624 4926 1689 4982 An,
1737 4918 1789 4962 et
1835 4909 2023 4982 Cicero
2071 4906 2144 4960 De

564 4982 711 5050 ofﬁc.
731 4977 824 5045 'nt,
853 4977 1095 5046 narrant,
1126 4999 1144 5031 σ
1173 4979 1374 5051 Gygetn
1406 4977 2022 5051 t'invenisseannulum,
2046 4993 2142 5051 cu-

609 260 714 323 521';

1801 260 1861 317 S.
1901 261 2229 320 GREGORH
2270 264 2619 322 TIIEOLOGI

3733 281 3826 340 521i

606 384 927 441 castissimis
979 383 1416 439 consuetudinem
1476 383 1851 446 habebamus;
1901 400 2004 440 nec
2058 402 2153 439 eun

2287 387 2490 451 λαϐεῖν,
2527 389 2559 459 ἢ
2588 388 2789 459 ἀρετῆς
2821 387 3177 459 μεταδοῦναι·
3221 386 3342 441 ἐπεὶ
3379 388 3472 445 κα)⁸
3507 392 3651 449 νόσου
3686 417 3830 469 μετα.

607 476 1036 546 pugnacissimis,
1083 477 1175 529 sed
1227 489 1348 528 cum
1390 474 1771 543 pacatissimis,
1812 476 2003 545 iisque,
2047 493 2176 544 quo-

607 583 725 621 rum
772 566 1105 622 consuetudo
1154 567 1417 621 maximos
1461 565 1670 620 fruetus
1704 566 1999 633 :dl‘erebat;
2052 570 2179 622 illud

604 660 857 713 nimirum
904 658 1238 728 exploratum
1276 659 1556 721 habentes,
1602 657 1810 713 facilius
1838 673 1958 713 esse
1992 661 2178 713 vitium

2290 483 2439 549 σχεῖν
2473 480 2690 551 μᾶλλον,
2726 480 2758 551 ἧ
2817 481 3031 549 ὑγίειαν
3065 481 3174 551 (89)
3205 482 3548 553 χαρίσασθαι.
3584 486 3826 561 Μαθημά-

2289 588 2395 623 των
2442 571 2499 623 δὲ
2542 572 2603 623 ού
2647 574 2759 636 τοῖς
2806 572 3043 641 ἡδίστοις
3093 572 3289 635 πλέον,
3338 574 3370 642 ἢ
3405 578 3514 637 τοῖς
3553 579 3827 648 καλλίστοις

2289 662 2611 732 ἐχαίρομεν·
2658 662 2845 735 ἐπειδὴ
2891 661 3184 716 κάντεῦθεν
3218 662 3384 724 ἐστιν,
3425 664 3459 734 ἢ
3498 667 3627 737 πρὸς
3654 670 3828 743 ἀρετὴν

604 750 947 812 contrahere,
982 764 1141 817 quam
1177 748 1425 802 virtutem
1480 748 1741 818 impertiri
1771 767 1789 806 ξ
1833 746 2153 818 quemadmo

2287 751 2590 806 τυποῦσθαι
2622 754 2748 817 τοὺς
2776 754 2950 819 νέους,
2976 755 3009 825 ἢ
3051 754 3189 825 πρὸς
3218 754 3435 810 κακίαν.

603 846 729 899 dum
762 846 921 899 etiam
956 844 1168 899 facilius
1202 857 1321 899 esse
1352 844 1538 896 morbo
1571 845 1746 898 alieno
1794 845 1958 910 inlici,
2012 861 2168 915 quam
2206 848 2494 902 sanitatem
2545 848 2750 918 largiri.
2786 850 3094 919 Disciplinis
3154 863 3333 918 porro,
3384 864 3485 903 non
3527 860 3628 905 tam
3656 852 3826 921 jucun-

603 939 1033 1007 dissimis,quam
1059 939 1277 1009 optimis
1298 941 1732 1010 oblecta-bamur;
1758 958 1880 997 nam
1909 944 2033 998 hinc
2052 959 2283 1013 quoque,
2311 944 2393 999 vel
2420 945 2486 998 ad
2514 946 2791 1010 virtutem,
2809 947 2890 1002 vel
2914 948 2979 1000 ad
3005 944 3452 1015 vitium,juvenes
3478 946 3822 1006 informantur.

672 1029 811 1083 XXI.
860 1030 984 1085 Duae
1040 1032 1194 1086 nobis
1238 1031 1339 1085 viae
1379 1041 1515 1086 nota:
1554 1040 1752 1086 erant:
1786 1033 1954 1087 altera
2000 1035 2175 1103 prima

599 1132 653 1175 et
686 1122 1065 1191 praestantior;
1107 1122 1339 1176 secunda
1364 1121 1552 1186 altera,
1582 1132 1636 1176 et
1662 1122 1932 1178 inferioris
1970 1124 2123 1192 pretii
2159 1143 2171 1177 :

597 1216 687 1269 illa
715 1216 928 1283 quidem
965 1216 1030 1269 ad
1064 1230 1247 1270 sacras
1272 1216 1412 1269 mdes
1451 1225 1683 1278 nostras,
1719 1223 1773 1269 et
1812 1215 1877 1269 ad
1906 1215 2173 1281 doctores,

595 1306 686 1376 qui
734 1307 841 1360 illic
887 1315 1065 1371 erant,
1111 1305 1345 1371 ferebat;
1401 1306 1513 1361 haec
1562 1315 1740 1359 autem
1800 1307 1866 1359 ad
1921 1316 2173 1361 externos

594 1408 970 1468 prmceptores.
1005 1397 1239 1452 Caeteras
1273 1412 1481 1463 omnes,
1527 1412 1644 1465 quae
1669 1398 1733 1450 ad
1770 1396 1927 1463 festa,
1962 1407 2172 1467 speeta-

594 1492 732 1556 cnla,
761 1491 1002 1546 celebres
1030 1499 1344 1555 conventus,
1384 1492 1588 1560 epulas,
1617 1489 1902 1553 ducebant,
1930 1504 2083 1560 :cquo
2107 1506 2170 1545 ac

594 1582 778 1637 libenti
813 1584 993 1637 animo
1036 1584 1156 1647 aliis
1197 1584 1605 1653 reliqueramus.
1645 1582 1788 1637 Nihil
1833 1583 2003 1645 enim,
2051 1598 2167 1636 mea

2347 1036 2478 1088 KA'.
2515 1035 2629 1111 Δύο
2649 1037 2746 1106 μὲν
2768 1037 3124 1107 ὲγνωρίζοντο
3159 1039 3296 1107 ἡμῖν
3328 1036 3463 1089 όδοίο
3507 1039 3539 1108 ἡ
3571 1039 3665 1108 μὲν
3690 1042 3823 1112 πρώ-

2275 1144 2341 1191 τη
2363 1128 2457 1180 καὶ
2488 1129 2809 1198 τιμιωτέρα,
2836 1132 2867 1200 ἡ
2903 1130 2959 1182 δὲ
2998 1129 3225 1201 δευτέρα
3267 1130 3362 1182 καὶ
3389 1130 3447 1181 ού
3478 1131 3567 1183 τοῦ
3615 1132 3720 1185 ἴσου
3750 1136 3825 1188 λό-

2274 1236 2372 1295 γου
2393 1237 2405 1247 ·
2434 1220 2468 1289 ἦ
2489 1236 2562 1271 -τε
2597 1220 2735 1291 πρὸς
2772 1220 2898 1284 τοὺς
2934 1220 3112 1291 ἱεροὺς
3161 1220 3318 1291 ήμῶν
3352 1220 3548 1287 οἴκους,
3583 1223 3672 1275 κα).
3711 1226 3820 1291 τοὺς

2274 1305 2451 1356 ἐκεῖσε
2485 1305 2839 1369 διδασκάλους
2878 1308 3139 1378 φέρουσα,
3173 1308 3267 1360 καὶ
3302 1309 3334 1378 ἡ
3375 1308 3509 1379 πρὸς
3541 1312 3662 1375 τοὺς
3706 1313 3821 1378 ἔξω·

2278 1395 2368 1448 θεν
2399 1396 2710 1461 παιδευτάς.
2744 1398 2855 1462 Τὰς
2885 1398 3050 1462 ἄλλας
3081 1398 3138 1452 δὲ
3171 1401 3282 1461 τοῖς
3331 1399 3662 1472 βουλομένοις
3704 1422 3823 1475 παρ-

2288 1487 2520 1558 ὴκαμεν,
2557 1490 2768 1562 ἑορτὰς,
2792 1490 3012 1563 θέατρα,
3047 1491 3403 1562 πανηγύρεις,
3434 1496 3714 1563 συμπόσια.
3735 1497 3821 1549 Οὐ-

2278 1580 2367 1633 δὲν
2400 1579 2529 1652 γάρ,
2577 1582 2749 1652 οἶμαι,
2786 1583 2985 1654 τίμιον,
3042 1584 3070 1636 ὃ
3118 1583 3193 1653 μὴ
3238 1583 3374 1653 πρὸς
3424 1584 3616 1654 ἀρετὴν
3665 1587 3817 1656 φέρει,

594 1677 808 1744 quidem
841 1676 1135 1738 sententia,
1181 1652 1361 1744 magni
1402 1676 1704 1731 faciendum
1759 1686 1874 1739 est,
1921 1678 2062 1747 quod
2102 1693 2148 1731 at

2274 1670 2409 1740 μηδὲ
2444 1675 2584 1724 ποιεῖ
2615 1652 2856 1743 βελτίους
2888 1676 3014 1739 τοὺς
3058 1652 3189 1746 περῖ
3209 1652 3343 1727 αὐτὸ
3385 1652 3495 1747 (99)
3529 1652 3819 1741 σπουδάζον-

592 1780 739 1824 recte
791 1771 1123 1839 honesteque
1176 1768 1457 1823 vivendum
1513 1769 1642 1822 nihil
1699 1768 1875 1833 aliert,
1935 1785 2033 1825 nec
2086 1770 2166 1823 sui

592 1862 862 1916 studiosos
900 1861 1144 1915 meliores
1187 1860 1381 1913 reddit.
1419 1858 1537 1913 Jam
1568 1874 1688 1913 cum
1734 1859 1851 1913 aliis
1887 1860 1989 1913 alia
2022 1876 2167 1930 qum-

591 1954 713 2006 dam
747 1961 1100 2021 cognomenta
1128 1952 1259 2015 sint,
1287 1950 1368 2004 vel
1408 1965 1438 2003 a
1469 1950 1781 2018 parentibus
1808 1960 2046 2019 accepta,
2081 1952 2195 2028 vel.

587 2058 652 2097 ex
677 2044 888 2112 seipsis,
922 2043 1019 2096 hoc
1043 2050 1145 2106 est,
1195 2056 1259 2095 ex
1296 2039 1530 2110 propriis
1567 2040 1689 2093 vitae
1732 2039 1925 2095 studiis
1953 2040 2165 2095 institu-

585 2138 763 2205 tisque
814 2148 1123 2205 comparata
1158 2155 1169 2190 :
1200 2135 1355 2187 nobis
1408 2142 1638 2199 contra,
1711 2150 1899 2202 magna
1970 2150 2057 2189 res
2108 2142 2162 2188 ct

586 2244 838 2299 magnum
881 2242 1075 2282 nomen
1111 2234 1248 2288 erat,
1277 2225 1615 2280 Christianos
1653 2234 1708 2279 et
1740 2240 1879 2289 esse,
1909 2235 1963 2280 et
1996 2228 2162 2283 nomi-

585 2320 743 2385 nari;
783 2330 943 2387 atque
981 2334 1043 2373 ea
1067 2334 1125 2373 re
1154 2315 1323 2386 magis
1360 2313 1739 2383 ederebamur,
1776 2332 1937 2387 quam
1986 2317 2161 2388 Gyges

583 2412 718 2479 palm
748 2412 928 2465 annuli
957 2411 1332 2476 conversione,
1384 2412 1428 2465 si
1458 2411 1671 2479 quidem
1709 2411 1811 2463 hoc
1853 2410 2156 2464 fabulosum

585 2519 689 2557 non
732 2512 895 2568 esset,
939 2518 1033 2572 per
1060 2518 1220 2572 quam
1277 2503 1565 2574 Lydiorum
1617 2503 1954 2573 tyrannidem
1992 2504 2156 2574 787

581 2596 907 2663 occupavit:
943 2604 1033 2647 aut
1081 2594 1251 2649 Midas
1297 2610 1460 2657 auro,
1517 2596 1658 2664 quod
1724 2594 1823 2661 ipsi
1878 2594 2154 2649 interitum

586 2685 890 2751 accersivit,
923 2700 1041 2739 cum
1069 2685 1176 2738 voti
1213 2685 1292 2739 sui
1319 2700 1539 2753 compos
1569 2684 1767 2748 factus,
1802 2684 1929 2737 nihil
1962 2695 2156 2753 przeter

581 2790 770 2828 aurum
799 2775 1123 2841 possideret;
1175 2788 1293 2844 qnze
1333 2784 1387 2827 et
1422 2774 1532 2841 ipsa
1568 2773 1800 2845 Phrygia
1838 2782 1919 2829 est
1951 2774 2149 2829 fabula.

580 2865 714 2919 Nam
757 2865 882 2934 quid
911 2863 1239 2935 Hyperborei
1286 2864 1536 2917 Abaridis
1571 2866 1845 2932 sagittam,
1878 2873 1965 2917 aut
2000 2864 2152 2933 Argi-

2269 1777 2384 1824 τας.
2426 1762 2637 1826 Ἀλλοις
2662 1765 2761 1835 μὲν
2794 1760 2886 1818 οὖν
2921 1765 3075 1820 ἄλλαι
3107 1768 3469 1838 προσηγορίαι
3512 1769 3649 1831 τινές
3681 1771 3814 1833 εἰσιν,

2268 1849 2301 1921 ἢ
2353 1852 2643 1922 πατρόθεν,
2689 1854 2722 1925 ἢ
2768 1856 2999 1919 οἴκοθεν,
3037 1859 3101 1910 ὲκ
3143 1858 3248 1911 τῶν
3300 1858 3447 1912 ίδίων
3483 1859 3815 1929 ἐπιτηδευμά-

2267 1958 2395 2006 των,
2422 1937 2454 2013 ἢ
2490 1943 2740 2015 πράξεων
2775 1946 2923 2017 (91)·
2959 1948 3089 2019 ἡμῖν
3120 1948 3175 2000 δὲ
3202 1948 3262 2002 τδ
3299 1950 3442 2020 μέγα
3475 1952 3693 2021 πρᾶγμα
3736 1949 3817 2004 καὶ

2267 2035 2461 2106 ὄνομα,
2489 2038 2849 2107 Χριστιανοὺς
2877 2040 2989 2109 (92)
3020 2040 3115 2095 κα).
3146 2035 3308 2103 εἶναι,
3341 2042 3434 2095 καὶ
3465 2042 3812 2112 ὀνομάζεσθαι’

2264 2118 2308 2193 ᾧ
2341 2128 2504 2181 πλέον
2542 2130 2898 2201 ὲφρονοῢμεν,
2943 2131 2976 2202 ἢ
3018 2134 3083 2201 τῇ
3131 2135 3337 2203 στροφῇ
3370 2133 3468 2203 τῆς
3500 2134 3764 2203 σφενδόνης
3787 2134 3813 2186 ὁ

2265 2218 2449 2289 Γύγης
2478 2220 2612 2290 (93),
2644 2220 2803 2293 εἴπερ
2850 2220 2924 2292 μὴ
2978 2222 3143 2293 μῦθος
3188 2219 3276 2294 ἦν,
3310 2222 3371 2288 ἐξ
3414 2219 3477 2296 ἦς
3512 2223 3684 2278 Λυδῶν
3707 2225 3811 2276 ἐτυ-

2265 2309 2532 2381 ράννησεν
2555 2328 2567 2341 ·
2601 2311 2632 2381 ἢ
2669 2311 2745 2382 τῷ
2770 2311 2955 2384 χρυσῷ
2996 2329 3125 2366 ποτε
3176 2312 3353 2378 Μίδας
3386 2315 3517 2386 (94),
3547 2316 3608 2368 δι’
3640 2314 3692 2367 ὃν
3718 2312 3808 2383 (95)

2262 2404 2513 2459 ἀπώλετο
2550 2406 2822 2477 ἐπιτυχὼν
2868 2411 2965 2479 τῆς
3020 2410 3202 2479 εὒχῆς,
3268 2412 3369 2465 καὶ
3423 2412 3593 2466 πάντα
3639 2410 3808 2481 χρυσὸν

2262 2499 2639 2568 κτησάμενος*
2701 2500 2858 2564 ἄλλος
2888 2496 3040 2565 οὗτος
3090 2502 3329 2573 Φρύγιος
3380 2504 3561 2574 μῦθος.
3597 2503 3691 2557 Τὸν
3719 2501 3806 2571 γὰρ

2273 2589 2556 2660 ’Λϐάριδος
2594 2590 2774 2644 ὀϊστὸν
2811 2590 2921 2662 (96)
2960 2591 3013 2644 τί
3053 2592 3118 2646 ἂν
3162 2593 3381 2664 λέγοιμι
3421 2594 3514 2646 τοῦ
3574 2591 3804 2661 ’Υπερῧοο

2262 2679 2407 2751 ρέου,
2433 2680 2464 2750 ἥ
2491 2681 2581 2734 τὸν
2620 2682 2865 2753 Ἀργεῖον
2901 2682 3160 2752 Πήγασον
3198 2684 3337 2751 (97),
3378 2678 3459 2747 οἷς
3488 2684 3547 2736 ού
3585 2681 3803 2735 τοσοῦτον

2256 2765 2324 2840 ἦν
2346 2770 2405 2823 τὸ
2434 2770 2500 2823 δι’
2544 2771 2706 2841 ἀέρος
2751 2772 3035 2843 φέρεσθαι,
3092 2773 3217 2826 ὅσον
3274 2776 3411 2845 ἡμῖν
3443 2775 3503 2827 τὸ
3536 2774 3660 2845 πρὸς
3688 2770 3801 2823 Θεὸν

2256 2862 2505 2935 αἴρεσθαι
2540 2864 2605 2917 δι’
2658 2864 2923 2937 ἀλλήλων,
2970 2867 3063 2919 καὶ
3114 2868 3210 2920 σὺν
3262 2868 3546 2939 άλλήλοιςς
3600 2866 3731 2918 Εἴπω
3756 2879 3801 2914 τι

578 2972 703 3010 vum
735 2955 996 3026 Pegasum
1039 2955 1237 3020 dicam,
1278 2955 1475 3024 quibus
1522 2969 1625 3009 non
1669 2963 1874 3009 tantum
1908 2966 2025 3011 erat
2059 2970 2152 3024 per

2259 2957 2670 3029 συντομώτερον
2690 2973 2701 2986 ⁸
2742 2958 3014 3030 Βλαδερα).
3045 2959 3156 3030 (98)
3200 2960 3299 3029 μὲν
3329 2964 3442 3023 τοῖς
3471 2959 3640 3021 ἄλλοις
3666 2955 3799 3025 ’Δθῆ-

578 3064 759 3102 aerem
786 3047 933 3111 ferri,
974 3056 1233 3115 quantnnt
1272 3047 1426 3101 nobis
1476 3057 1659 3101 mutua
1694 3062 1857 3116 opera
1892 3056 1945 3101 et
1990 3046 2148 3101 simul

577 3140 645 3193 ad
694 3140 858 3192 Deum
902 3138 1110 3192 attolli?
1161 3137 1356 3205 Atque,
1405 3145 1463 3190 ut
1495 3152 1606 3191 rem
1645 3136 1695 3189 in
1729 3150 1897 3206 pauca
1932 3147 2149 3190 contra-

576 3231 724 3293 ham,
773 3227 1039 3299 pestifera:
1086 3226 1301 3297 quidem
1344 3226 1481 3290 aliis,
1519 3236 1781 3296 quantum
1840 3225 1903 3279 ad
1958 3225 2149 3278 anima:

576 3321 802 3374 salutem
847 3320 1060 3383 attinet,
1104 3319 1326 3372 Athenze
1360 3326 1486 3371 sunt
1532 3318 1664 3378 (nec
1694 3316 1836 3370 enim
1866 3314 1918 3369 id
1968 3329 1996 3367 a
2046 3315 2149 3383 piis

576 3410 706 3463 viris
744 3418 945 3463 temere
990 3408 1399 3473 existimatur);
1453 3405 1609 3459 malis
1657 3419 1889 3473 namque
1932 3404 2148 3472 opibus.

576 3503 679 3557 hoc
726 3510 827 3563 est,
884 3500 1060 3562 idolis,
1098 3514 1256 3567 supra
1302 3498 1559 3567 reliquam
1608 3511 1824 3550 ontnem
1884 3494 2147 3551 Graeciam

572 3590 823 3654 aﬂluunt,
853 3589 1171 3658 ditlicileque
1212 3589 1352 3642 factu
1382 3598 1483 3650 est,
1507 3603 1608 3641 non
1630 3587 1787 3641 sintut
1813 3603 1933 3642 cum
1962 3602 2151 3642 eorum

574 3682 943 3736 laudatoribus
976 3691 1028 3735 ct
1072 3680 1310 3748 patronis
1357 3680 1408 3732 in
1452 3693 1691 3733 errorem
1739 3677 1949 3746 abripi;
1998 3679 2156 3732 nobis

574 3786 753 3828 autem
814 3773 945 3827 nihil
998 3772 1306 3827 detrimenti
1335 3771 1403 3824 ab
1433 3771 1500 3824 iis
1535 3771 1753 3824 allatum
1801 3780 1914 3834 est,
1971 3781 2154 3839 utpote

571 3863 1187 3936 quiauimocomtnuniti
1215 3861 1490 3931 etobsepti
1514 3876 1748 3915 eramus.
1782 3860 1916 3928 Quin
1948 3860 2144 3929 potius,

569 3957 715 4026 quod
772 3958 855 4011 vix
905 3955 1163 4011 credibile
1212 3963 1313 4019 est,
1356 3954 1482 4008 hinc
1514 3954 1580 4007 ad
1636 3954 1790 4007 [idem
1842 3952 2143 4007 conlirmati

571 4065 780 4115 sumus,
825 4049 1062 4118 ipsorunt
1106 4046 1348 4101 fraudem
1381 4054 1435 4101 et
1461 4046 1805 4112 imposturam
1844 4059 2145 4115 agnoscen-

574 4153 672 4209 tes,
700 4151 861 4209 atque
889 4142 995 4194 illic
1025 4140 1294 4194 daamones
1334 4147 1773 4200 contemnentes.
1820 4139 1908 4192 ubi
1944 4138 2141 4191 daemo-

570 4248 665 4287 nes
710 4231 1062 4286 admiratione
1105 4230 1423 4283 adiciuntur.
1462 4229 1611 4295 Quod
1657 4229 1699 4283 si
1740 4229 1860 4296 quis
1888 4238 1991 4292 est,
2044 4236 2138 4282 aut

2257 3064 2365 3110 ναι,
2388 3048 2455 3101 τὰ
2478 3049 2554 3112 εἰς
2580 3047 2757 3120 ψυχὴν
2798 3049 2899 3120 (οὐ
2934 3050 3041 3121 γάρ
3075 3050 3297 3120 φαύλως
3337 3051 3491 3105 τοῦτο
3521 3045 3797 3117 ὑπολαμϐάο

2256 3156 2406 3193 νεται
2453 3143 2566 3203 τοῖς
2605 3141 3078 3213 εύσεϐεστέροις)·
3116 3146 3209 3197 καὶ
3259 3144 3373 3216 γὰρ
3432 3140 3697 3195 πλουτοῦσι
3723 3137 3796 3189 τὸν

2257 3230 2427 3283 κακὸν
2459 3230 2710 3296 πλοῦτον,
2743 3232 2936 3286 εἴδωλα
2972 3236 3106 3303 (99),
3146 3235 3350 3306 μᾶλλον
3380 3235 3480 3304 τῆς
3518 3233 3671 3301 ἄλλης
3702 3227 3795 3280 Έλο

2255 3319 2433 3385 λάδος,
2478 3321 2570 3374 καὶ
2613 3321 2847 3393 χαλεπὸν
2893 3322 2969 3395 μὴ
3009 3325 3457 3396 συναρπασθῆναι
3487 3326 3593 3384 τοῖς
3626 3318 3794 3372 τούτων

2256 3410 2569 3475 ἐπαινέταις
2616 3414 2711 3466 καὶ
2760 3413 3112 3483 συνηγόροιςο
3164 3416 3298 3485 ἡμῖν
3344 3415 3390 3467 δ’
3429 3410 3642 3483 οὐδεμία
3672 3405 3791 3476 παρὰ

2254 3502 2456 3555 τούτων
2481 3502 2673 3573 ζημία,
2705 3504 2804 3573 τὴν
2835 3504 3070 3559 διάνοιαν
3107 3504 3551 3574 πεπυκνωμένοις
3593 3500 3675 3553 καὶ
3710 3511 3791 3547 πε·

2251 3592 2604 3663 φραγμένοις.
2642 3594 2963 3649 Τούναντίον
2995 3596 3095 3665 μὲν
3137 3591 3253 3658 οὖν,
3298 3594 3424 3647 εἴτι
3452 3592 3551 3664 χρὴ
3585 3590 3668 3643 καὶ
3707 3602 3791 3637 πα⁸

2255 3682 2472 3755 ράδοξον
2497 3685 2691 3746 εἰπεῖν,
2740 3686 2821 3748 είς
2866 3685 2963 3755 τὴν
3009 3687 3189 3739 πίστιν
3223 3684 3477 3737 ἐντεῦθεν
3505 3676 3787 3743 ἐϐεϐαιώθηι

2255 3791 2373 3844 μεν,
2430 3774 2838 3846 καταμαθόντες
2877 3777 3056 3829 αὐτῶν
3099 3776 3161 3829 τὸ
3192 3775 3472 3847 ἀπατηλὸν
3517 3772 3606 3825 καὶ
3636 3768 3786 3835 κίϐδη-

2253 3866 2366 3926 λον,
2401 3866 2634 3920 ἐνταῦθα
2656 3866 2925 3936 δαιμόνων
2958 3870 3490 3939 καταφρονήσαντες,
3524 3857 3581 3916 οὗ
3604 3855 3781 3927 θαυμά-

2252 3956 2432 4020 ζονται
2484 3956 2756 4028 δαίμονες.
2822 3959 2931 4010 Καὶ
2977 3958 3032 4011 εἴ
3074 3958 3155 4021 τίς
3200 3959 3371 4021 ἐστιν,
3423 3958 3455 4026 ἢ
3509 3950 3779 4007 πιστεύεται

2251 4046 2491 4112 ποταμὸς
2523 4046 2619 4117 (Ι),
2644 4048 2709 4100 δι’
2745 4048 2922 4119 ἅλμης
2957 4050 3094 4120 ῥέων
3120 4049 3347 4117 γλυκὺς,
3380 4049 3412 4120 ἢ
3439 4046 3572 4111 ζῶον
3599 4047 3650 4096 ὲν
3678 4037 3782 4108 πυρὶ

2254 4140 2473 4207 σκαῖρον
2529 4138 2629 4209 (εὶ),
2674 4133 2719 4207 ᾧ
2775 4140 2844 4193 τὰ
2892 4140 3070 4194 πάντα
3114 4141 3421 4205 ἁλίσκεται,
3466 4137 3616 4192 τοῦτο
3666 4130 3780 4204 ἦμεν

2249 4231 2411 4300 ἡμεῖς
2446 4233 2501 4283 ὲν
2542 4233 2673 4285 πᾶσι
2693 4234 2804 4295 τοῖς
2834 4232 2997 4303 ἥλιξι.

566 4345 687 4385 esse
726 4330 983 4392 creditur,
1030 4328 1245 4389 ﬂuvius,
1283 4341 1376 4394 per
1430 4342 1579 4379 mare
1616 4324 1786 4379 dulcis
1829 4323 2020 4386 ﬂuens,
2076 4331 2169 4377 aut
2216 4325 2415 4380 animal
2463 4328 2517 4380 in
2565 4327 2705 4396 igne,
2758 4342 2864 4397 quo
2904 4328 3085 4383 omnia
3144 4337 3554 4391 consumuntur,
3595 4321 3777 4380 salienS.

568 4423 669 4477 hoc
701 4421 797 4475 insi
833 4422 970 4474 inter
1000 4434 1186 4474 omnes
1220 4417 1454 4487 aequales
1480 4431 1543 4471 ae
1566 4425 1867 4472 coaetaneos
1903 4430 2135 4471 eramus.

636 4565 746 4633 (89)
791 4566 1068 4632 ’Υγίειαικ
1098 4564 1227 4632 Reg.
1278 4565 1388 4624 bnt,
1432 4563 1638 4631 ὑγείαν.

786 4634 923 4700 Περὶ
960 4636 1124 4705 αὑτό.
1156 4633 1332 4705 Pass“
1364 4634 1498 4705 πρὸς
1527 4632 1587 4685 τὸ
1616 4632 1765 4705 αύτό.

658 4703 748 4771 91)
785 4705 859 4755 "H
887 4703 1179 4768 πράξεων.
1216 4702 1518 4761 Ριιδεηκαὶ
1547 4703 1817 4772 πράξεων.

638 4768 750 4842 (92)
780 4774 1190 4839 Χριστιανούς.
1227 4773 1339 4825 Duo
1370 4773 1562 4843 Regg.,
1591 4768 1762 4825 'Coisl.
1796 4772 1830 4824 2
1869 4778 1923 4824 et
1961 4768 2138 4833 Pass,

563 4844 610 4896 Χ
619 4845 929 4905 ριστιανοίς.

558 5047 648 5120 jus
679 5052 852 5119 palam
880 5067 998 5104 cum
1032 5053 1097 5105 ad
1127 5065 1187 5105 se
1222 5047 1578 5115 converteret,
1605 5064 1633 5102 a
1659 5049 1868 5103 nemine
1891 5047 2129 5115 conspici

564 5129 1002 5192 peterat,__eaqne
1042 5130 1157 5192 arte
1202 5120 1495 5191 Lydiornm
1542 5134 1764 5189 regnum
1810 5132 2125 5192 occupasse2

636 5191 747 5259 (94)
784 5187 993 5256 Μίδας.
1024 5209 1041 5241 ι
1072 5187 1287 5246 Midas}
1322 5206 1442 5245 emn
1472 5187 1741 5258 optasset,
1779 5196 1835 5240 ut
1868 5187 2127 5256 quidquid

563 5258 841 5330 tangeret,
894 5262 946 5314 in
998 5276 1184 5314 aurum
1228 5269 1561 5324 verteretur,
1609 5258 1723 5324 ejus
1756 5258 1861 5311 voti
1906 5270 2128 5324 compos

562 5333 756 5394 factus,
788 5332 925 5385 tame
951 5331 1131 5399 periit,
1169 5334 1309 5401 quod
1344 5331 1446 5384 cibi
1482 5345 1674 5384 omnes
1708 5342 1843 5397 quos
1870 5335 2126 5380 attrecta-

562 5412 665 5461 ret,
700 5402 751 5453 iu
776 5416 962 5454 aurum
990 5409 1471 5455 contmutarentur.

634 5460 744 5541 (ξι-ε)
770 5472 847 5522 Δι’
881 5470 969 5541 ὄν.
998 5470 1094 5541 Sic
1119 5486 1308 5525 omnes
1343 5470 1499 5541 codd.
1522 5467 1589 5541 In
1620 5468 1730 5527 ed,
1755 5464 1827 5541 διί
1847 5460 1942 5518 ὧν.

633 5531 743 5609 (θθ)
782 5540 1083 5608 Ἀϐάριδος
1109 5542 1334 5595 ὀϊστόν.
1365 5539 1596 5592 Narrant
1622 5545 1789 5609 poclm
1815 5536 1958 5589 hunc
1989 5531 2131 5609 Aba-

559 5604 734 5664 rideni
762 5609 828 5662 ab
851 5604 1113 5678 Apolline,
1135 5612 1218 5666 cui
1251 5610 1533 5672 servierat,
1559 5604 1810 5674 sagittam
1838 5604 2130 5678 accepisse,

558 5677 717 5747 cujus
736 5674 912 5749 opera'
929 5680 1191 5737 Graeciam
1227 5681 1565 5749 peragrabat,
1589 5691 1650 5732 ac
1680 5674 1897 5731 oracula
1918 5674 2132 5731 edebat.

2173 4566 2217 4620 Ι)
2314 4558 2424 4627 (97)
2457 4554 2707 4626 Ἀργεῖον
2730 4554 3034 4625 Πήγασον.
3062 4555 3357 4627 «Argivum
3382 4552 3650 4627 Pegasum.

2243 4622 2419 4681 dictus
2450 4622 2641 4695 equus,
2668 4628 2757 4694 qui
2790 4622 2964 4679 alatus
2995 4622 3230 4695 tingitur,
3257 4635 3310 4678 et
3335 4626 3388 4676 in
3412 4622 3649 4695 Helicona
3672 4622 3775 4695 cf":

2240 4697 2375 4760 lans,
2407 4705 2461 4750 et
2485 4686 2912 4766 ungula-terram
2948 4686 3177 4766 feriens,
3215 4686 3561 4766 Hypocrenen
3608 4686 3772 4766 tentem

2240 4768 2471 4834 aperuit.
2510 4760 2642 4821 eam
2674 4764 2720 4816 ei
2752 4763 3105 4834 Bellerophon
3139 4760 3399 4823 insidens,
3428 4762 3583 4814 vellet
3608 4760 3766 4834 in.

2240 4819 2355 4889 ιιῖιὶί
2378 4819 2691 4897 ascendere,
2726 4819 2981 4901 Pegasus:
3012 4850 3242 4889 excusso
3277 4819 3508 4894 sessore,
3558 4819 3755 4882 evolaVil

2240 4917 2292 4960 et
2325 4908 2463 4959 inter
2495 4905 2673 4958 sidera
2705 4903 2996 4959 collocatus
3025 4916 3126 4957 est.

2309 4975 2419 5044 (98)
2448 4973 2758 5044 Βλαϐεραί.
2795 4974 2884 5044 Sic
2928 4958 3035 5028 uno
3066 4972 3254 5044 Goisl.,
3292 4980 3397 5027 etc.
3427 4966 3492 5044 _ln
3519 4965 3621 5044 ed_.,
3661 4958 3771 5044 pa.

2238 5033 2413 5115 δερά.’
2441 5044 2562 5098 Mox
2605 5033 3063 5113 ὑπολαμϐάνεται.
3114 5033 3281 5112 Ιὶρες.
3325 5057 3379 5105 a,
3426 5041 3532 5101 bm,
3569 5033 3771 5097 ὑπολαμ·

2238 5117 2509 5170 ϐάνονται.

2310 5162 2702 5256 (deiﬁcum.
2738 5181 2829 5238 Sic
2857 5182 3094 5237 melioris
3123 5190 3259 5236 nota:
3303 5178 3457 5235 codd.
3491 5175 3544 5230 In
3572 5172 3669 5235 θιΙ.,
3711 5162 3766 5219 τὰ

2236 5256 2451 5310 εἴδωλα.

2305 5326 2381 5391 (ί)
2411 5324 2699 5396 Πςταμός.
2735 5341 2755 5376 ι
2788 5324 3023 5396 Alpheus
3049 5341 3067 5374 ι
3103 5320 3345 5396 Arcadimf
3374 5316 3574 5396 ﬂuvius

2303 5384 2379 5466 es
2412 5384 2672 5466 Ζῶριεέιξ
2698 5384 3202 5466 nemo»;
3243 5388 3454 5466 Anima!
3486 5385 3533 5438 ίη
3564 5384 3761 5466 εειεεες

2233 5452 2388 5519 Ιίιξῖιέ.
2427 5483 2444 5515 ι
2506 5463 2691 5518 Schol.
2731 5452 2846 5534 fi]
2887 5452 3270 5533 aalipdvbpa-
3309 5478 3326 5509 ι
3373 5452 3755 5534 salamandra)“:

2232 5550 2353 5603 qua:
2384 5536 2434 5588 in
2464 5533 2639 5602 ignem
2673 5524 2888 5599 injecta,
2921 5524 3042 5586 non'
3062 5524 3262 5603 tantum
3311 5543 3412 5603 non
3432 5524 3654 5603 inditur.
3683 5524 3730 5603 ξς

2237 5580 3265 5674 Γιὶἔῦηἶἐῧᾷἷιῖἶέὶὶῖπὶίίὲέὲῖἰὸέὺᾗ,ήέί
3309 5596 3480 5651 Plinio
3526 5589 3642 5645 lides
3682 5580 3755 5633 ha-

2235 5670 2444 5743 beatur,
2476 5672 2567 5728 lib.
2600 5670 2740 5742 x,'c.
2784 5670 2869 5728 66.
