4050 6298
266 274 364 331 525
1079 267 1339 326 ORATIO
1374 267 1555 323 XLIII.
1596 296 1667 307 —-
1704 264 1771 319 IN
1811 264 2093 320 LAUDEM
2133 261 2374 318 IIASILII
2413 261 2651 317 MAGNI.
3399 264 3506 320 526

332 386 458 440 ΚΒ.
489 385 603 440 Καὶ
632 384 693 438 τὸ
721 383 1023 445 κάλλιστον,
1056 385 1138 437 δτι
1168 386 1260 437 καὶ
1294 383 1533 456 φρατρία
1570 400 1655 445 τις
1706 383 1832 453 περ).

2009 378 2339 433 ΧΧ11.111η(Ι
2397 388 2575 432 autem
2620 377 3129 447 prmclarisumum,
3176 380 3317 449 quod
3364 380 3510 434 circa

264 478 405 549 ἡμᾶς
435 476 538 529 οὐκ
571 476 803 546 ἀγεννὴς
841 472 930 546 ἦν,
971 475 1062 527 ὑπ’
1095 476 1290 545 ἐκείνῳ
1320 474 1656 544 καθηγεμόνι
1706 491 1834 526 παι-

262 565 521 638 δευομένη
553 566 647 619 κα)⁵
680 566 946 637 ἀγομένη,
977 565 1070 617 καὶ
1098 568 1209 627 τοῖς
1236 565 1416 627 αὐτοῖς
1453 564 1715 633 χαίρουσα
1739 578 1754 592 ⁶
1788 565 1837 615 εἰ

263 659 354 711 καί
374 657 531 721 πεζοὶ
560 655 711 726 παρά
750 655 941 708 Λύδιον
980 654 1132 725 ἅρμα
1179 655 1254 723 (ὖ)
1290 653 1533 723 ὲθέομεν,
1567 653 1659 706 τὸν
1692 654 1839 705 ἐκεί-

263 761 351 797 νου
403 745 607 815 δρόμον
656 745 749 797 καὶ
800 745 1001 818 τρόπον
1027 760 1039 772 ⁵
1084 744 1143 807 ἐξ
1171 737 1244 797 ὧν
1277 745 1522 814 ὑπῆρχεν
1555 745 1685 813 ἡμῖν
1720 745 1842 795 ἐπι-

266 838 461 906 σὴμοις
508 837 607 907 μὲν
646 833 784 889 εἶναι
832 835 983 906 παρὰ
1026 838 1137 899 τοῖς
1198 835 1487 906 ἡμετέροις
1526 836 1840 899 παιδευταῖς

265 930 359 982 καὶ
389 930 863 1001 συμπράκτορσιν,
916 930 1209 998 ἐπισήμοις
1258 928 1313 980 δὲ
1350 928 1502 999 παρὰ
1525 930 1591 998 τῇ
1633 928 1842 981 Ἑλλάδι

264 1015 436 1089 πάσῃ,
495 1018 588 1070 καὶ
647 1017 852 1088 ταύτης
908 1016 1143 1087 μάλιστα
1207 1019 1321 1078 τοῖς
1375 1016 1839 1086 γνωριμωτάτοις.

269 1107 405 1178 Ἤδη
433 1108 491 1160 δὲ
518 1108 613 1161 καὶ
669 1108 832 1178 μέχρι
877 1109 975 1178 τῆς
1029 1108 1323 1177 ὑπερορίας
1355 1108 1719 1179 προήλθομεν,
1769 1109 1844 1171 ὡς

266 1201 436 1269 σαφὲς
468 1200 690 1268 γέγονεν
718 1202 781 1252 ἐκ
808 1200 1065 1253 πλειόνων
1112 1201 1218 1253 τῶν
1248 1200 1422 1255 ταῦτα
1453 1201 1843 1272 διηγουμένων.

266 1292 426 1363 Παρὰ
453 1291 729 1353 τοσούτοις
755 1292 854 1362 μὲν
885 1293 991 1363 γάρ
1022 1294 1070 1345 οἱ
1099 1293 1353 1364 ἡμέτεροι
1383 1293 1685 1357 παιδευταὶ,
1715 1296 1845 1364 παρ’

266 1383 411 1446 ὅσοις
457 1383 677 1452 Ἀθῆναι
706 1384 781 1452 (Δ)
803 1401 816 1413 ·
849 1384 1000 1455 παρὰ
1022 1384 1295 1447 τοσούτοις
1435 1385 1491 1437 δὲ
1513 1387 1697 1455 ἡμεῖς,
1716 1386 1846 1455 παρ’

267 1478 414 1540 ὅσοις
445 1479 494 1529 οἱ
530 1477 832 1541 παιδευταὶ,
875 1477 1294 1547 συνακουόμενοί
1348 1495 1408 1529 τε
1461 1476 1709 1549 ἀλλήλοις
1754 1478 1849 1531 καὶ

272 1568 712 1639 συλλαλούμενοι,
740 1569 834 1621 καὶ
853 1568 1085 1639 ξυνωρὶς
1117 1569 1217 1622 οὐκ
1249 1566 1551 1640 ἀνώνυμος,
1580 1570 1674 1624 καὶ
1700 1570 1848 1632 ὄντες

271 1664 403 1734 παρ’
433 1663 638 1724 αὐτοῖς,
690 1662 786 1714 καὶ
833 1661 1144 1725 ἀκούοντες.
1179 1662 1343 1715 Οὐδὲν
1371 1662 1612 1716 τοιοῦτον
1667 1664 1849 1727 αὐτοῖς

268 1754 318 1804 οἱ
351 1721 716 1822 ζυρέσται-(ϐ)
753 1751 846 1804 καὶ
882 1752 932 1804 οἱ
974 1721 1246 1806 Πυλάδαι·
1293 1753 1445 1806 οὐδὲν
1487 1754 1536 1806 οἱ
1592 1721 1844 1807 Moltovi:
1882 1721 1924 1778 Β

269 1842 356 1896 δαι
389 1842 490 1912 (7),
521 1843 619 1912 τῆς
659 1841 960 1912 Ὁμηρικῆς
985 1842 1168 1895 δέλτου
1196 1842 1256 1895 τὸ
1286 1842 1489 1914 θαῦμα,
1522 1844 1616 1906 οὓς
1654 1860 1845 1897 κοινω-

270 1934 362 1987 νία
386 1933 681 2004 συμφορῶν
734 1932 1016 2005 ἐγνώρισε,
1052 1935 1147 1988 καὶ
1178 1936 1238 1987 τὸ
1285 1935 1466 1997 καλῶς
1493 1936 1645 2005 ἆρμα
1692 1934 1853 1988 ἐλαύ-

271 2041 403 2086 νειν,
450 2022 843 2102 μεριζομένους
879 2024 937 2076 ὲν
969 2024 1151 2095 ταυτῷ
1196 2026 1352 2097 ἡνίας
1407 2027 1500 2079 καὶ
1560 2028 1852 2097 μάστιγας.

289 2116 447 2169 Ἀλλὰ
492 2116 603 2186 γὰρ
652 2116 842 2169 ἔλαθον
894 2118 1166 2187 ἐμαυτὸν,
1220 2121 1304 2182 εἱς
1366 2120 1491 2182 τοὺς
1534 2121 1702 2190 ἐμοὺς
1755 2120 1857 2172 ὑπ-

274 2205 462 2275 αχθεὶς
496 2206 573 2276 (8)
603 2206 880 2271 ἐπαίνους,
915 2209 942 2261 ὁ
972 2208 1109 2278 μηδὲ
1144 2209 1276 2281 παρ’
1301 2209 1487 2280 ἐτέρου
1535 2210 1662 2263 ποτὲ
1697 2211 1856 2265 τοῦτο

273 2297 567 2367 δεξάμενος
614 2295 712 2368 (9).
752 2298 863 2351 Καὶ
908 2297 1229 2368 θαυμαστὸν
1262 2300 1433 2362 οὐδὲν,
1482 2302 1532 2353 εἰ
1578 2301 1857 2355 κάνταῦθα

274 2390 371 2459 τῆς
405 2388 615 2441 ἐκείνου
664 2388 845 2456 φιλίας
889 2406 942 2441 τι
979 2391 1399 2461 παραπέλαυσα,
1439 2391 1626 2463 ὥσπερ
1657 2392 1862 2457 ζῶντος

274 2480 350 2541 εἱς
379 2477 602 2550 ἀρετὴν,
633 2478 777 2532 οὕτω
824 2480 1187 2550 μεταστάντος
1246 2484 1326 2544 είς
1375 2483 1671 2553 εὐφημίαν.
1718 2483 1861 2536 Ἀλλ’

276 2571 367 2624 ἐπὶ
396 2570 495 2641 τὴν
526 2570 728 2624 νύσσαν
773 2571 886 2641 (10)
930 2572 1289 2642 ἐπαναγέσθω
1323 2574 1485 2628 πάλιν
1516 2578 1651 2645 ἡμῖν
1701 2578 1730 2628 ὁ
1766 2575 1859 2629 λό-

277 2677 395 2730 γος.

1940 487 2038 526 nos
2064 472 2332 540 quoddam
2368 485 2475 524 non
2508 469 2738 539 ignobile
2774 469 3077 524 sodalitinm
3113 480 3260 536 erat,
3306 483 3510 539 praece-

1939 576 2147 636 ptorem
2177 564 2322 617 illum
2350 564 2577 627 habens,
2618 578 2681 617 ac
2710 563 2900 618 ducem
2925 578 3180 633 sequens,
3218 564 3513 631 iisdemque

1942 660 2103 711 rebus
2148 658 2417 724 gaudens;
2455 654 2701 723 quamvis
2736 654 2930 723 alioqui
2984 655 3212 723 pedites,
3257 663 3315 708 ut
3360 663 3512 708 vetus

1942 746 2104 799 habet
2139 744 2505 814 proverbium,
2556 744 2621 795 ad
2680 742 2903 812 Lydium
2956 758 3211 809 currum,
3256 744 3357 797 hoc
3409 753 3511 807 est,

1945 836 2087 890 illius
2130 849 2345 889 cursum
2390 842 2447 887 et
2495 846 2709 901 mores,
2754 848 3127 900 curreremus;
3182 850 3247 890 ex
3295 849 3401 903 quo
3462 834 3516 887 id

1947 928 2100 983 nobis
2132 927 2380 995 conligit,
2425 933 2503 990 ut,
2541 940 2645 979 non
2682 923 2852 979 solum
2898 927 3036 993 apud
3069 939 3422 996 prmceptorcs
3463 936 3519 981 et

1947 1020 2146 1085 socios,
2193 1018 2289 1072 sed
2342 1017 2503 1071 etiam
2558 1017 2697 1086 apud
2747 1016 3051 1069 universam
3115 1017 3398 1083 Graeciam,
3454 1032 3517 1071 ac

1947 1110 2244 1181 prmsertim
2281 1108 2612 1163 clarissimos
2639 1121 2882 1177 quosque
2911 1107 3133 1161 Gracia:
3165 1110 3341 1171 viros,
3386 1108 3516 1162 clari

1948 1212 2108 1272 atque
2141 1201 2375 1255 illustres
2407 1214 2668 1255 essemus.
2712 1198 2849 1265 Quin
2886 1199 3046 1252 etiam
3069 1238 3082 1263 ,
3126 1200 3263 1252 ultra
3300 1198 3520 1253 Graecia:

1952 1294 2084 1347 lines
2112 1292 2500 1362 processimus,
2544 1299 2601 1342 ut
2631 1305 2695 1343 ex
2731 1288 3061 1371 multis.h:rc
3089 1303 3521 1343 commemoran-

1950 1384 2092 1437 tibus
2136 1382 2478 1451 perspicuum
2534 1379 2731 1433 factum
2784 1387 2886 1433 est.
2974 1378 3104 1433 Nam
3166 1389 3523 1449 praeceptores

1950 1474 2166 1543 quidem
2217 1473 2385 1541 nostri
2432 1472 2571 1541 apud
2624 1479 2701 1524 tot
2754 1470 3002 1525 homines
3052 1471 3295 1527 celebres
3346 1485 3523 1537 erant,

1953 1568 2091 1634 apud
2126 1574 2255 1633 quot
2276 1563 2499 1618 Athenae
2525 1588 2538 1619 ;
2562 1580 2622 1620 ac
2658 1583 2753 1621 nos
2780 1568 2930 1631 item,
2963 1566 3101 1634 apud
3128 1577 3256 1635 quot
3283 1564 3526 1619 homines

1953 1659 2019 1712 de
2063 1657 2482 1725 praeceptoribus
2527 1658 2758 1723 nostris,
2805 1658 2943 1728 apud
2991 1660 3210 1713 totidem
3258 1655 3325 1710 de
3371 1655 3528 1710 nobis

1953 1750 2150 1812 etiam,
2204 1759 2261 1803 et
2322 1749 2663 1816 audiebatur,
2716 1761 2770 1805 et
2830 1750 3255 1818 praedicabatur,
3323 1760 3387 1800 ac
3432 1759 3528 1815 par

1954 1840 2223 1909 quoddam
2290 1855 2393 1894 non
2452 1842 2739 1896 obscurum
2792 1850 2847 1896 et
2901 1841 3171 1896 iucelebre
3226 1838 3365 1908 apud
3409 1851 3524 1900 e03.

1953 1933 2119 2003 788
2147 1943 2200 1988 et
2227 1947 2465 2000 eramus,
2482 1942 2537 1988 et
2565 1933 2900 1988 dicebamur.
2928 1933 3036 1993 Nec
3069 1947 3201 1986 vero
3232 1931 3528 2000 quidquam

1952 2026 2210 2093 ejusmodi
2244 2025 2382 2094 apud
2429 2041 2522 2081 eos
2551 2035 2705 2080 erant
2749 2027 2969 2081 Orestes
3017 2034 3071 2079 et
3123 2023 3378 2094 Pylades,
3430 2039 3529 2079 nec

1954 2117 2257 2172 Molionidte
2289 2118 2385 2183 illi,
2424 2117 2709 2172 Homerico
2732 2133 2892 2172 versu
2919 2116 3200 2181 celebrati,
3224 2131 3362 2186 quos
3386 2116 3530 2171 cala-

1954 2211 2201 2264 mitatum
2233 2210 2486 2272 societas,
2522 2218 2686 2279 atque
2715 2224 2805 2264 ars
2827 2208 3041 2279 egregie
3073 2208 3350 2277 aurigandi
3380 2208 3531 2264 nobi-

1951 2300 2146 2367 litavit,
2183 2302 2372 2357 eodem
2408 2310 2648 2371 tempore
2692 2302 2931 2355 habenas
2958 2311 3010 2355 et
3038 2303 3261 2371 ﬂagrum
3306 2302 3447 2356 inter
3470 2317 3531 2355 se

1953 2394 2267 2464 partientes.
2300 2395 2370 2449 At
2402 2394 2546 2449 enim
2596 2393 2906 2463 imprudens
2934 2393 3047 2462 ipse
3077 2394 3129 2447 in
3170 2407 3319 2447 meas
3348 2393 3533 2448 laudes

1952 2486 2234 2555 prolapsus
2277 2501 2420 2552 sum,
2471 2500 2606 2555 quas
2656 2499 2725 2539 ne
2776 2484 2845 2538 ab
2874 2484 2980 2538 alio
3022 2485 3238 2552 quidem
3291 2499 3531 2553 unquam

1954 2577 2234 2647 praedicari
2265 2577 2516 2631 sustinui.
2549 2575 2659 2631 Nec
2690 2576 2884 2629 mirum
2924 2576 3091 2630 videri
3130 2575 3318 2640 debet,
3358 2576 3402 2630 si
3446 2578 3535 2631 hic

1952 2681 2168 2737 quoque
2222 2666 2457 2721 fructum
2513 2667 2743 2735 aliquem
2790 2680 2855 2720 ex
2900 2666 3043 2719 illius
3078 2666 3319 2731 amicitia
3357 2668 3534 2724 obiter

278 2758 431 2826 cepi;
474 2773 596 2811 nam
657 2758 1132 2827 quemadmodum,
1176 2771 1296 2811 cum
1362 2758 1600 2824 viveret,
1642 2761 1707 2812 ad
1748 2760 2025 2823 virtutem,
2058 2760 2298 2824 ita,cum
2331 2761 2438 2814 vita
2467 2764 2719 2828 excessit,
2761 2760 2830 2815 ad
2897 2760 3106 2815 Iaudem
3172 2770 3225 2815 et
3261 2778 3535 2818 commen-

280 2851 550 2904 dationem
597 2852 724 2904 mihi
767 2852 1004 2919 prodest.
1054 2847 1250 2901 Verum
1290 2848 1358 2902 ad
1403 2862 1599 2903 metam
1650 2866 1861 2904 rursum
1903 2849 2056 2904 nobis
2084 2849 2384 2905 reducenda
2410 2861 2493 2906 est
2521 2853 2714 2907 oratio.

349 2964 481 3016 Kl“.
509 2963 603 3026 Τίς
645 2964 745 3033 μὲν
790 2961 933 3016 οὔτω
981 2963 1163 3027 πολιὸς
1208 2958 1277 3032 ἡν
1325 2963 1422 3034 τὴν
1458 2964 1671 3018 σύνεσιν
1713 2965 1848 3035 (11),

2032 2963 2221 3020 XXIII.
2264 2965 2397 3031 Quis
2432 2967 2711 3035 prudentia
2744 2968 2963 3037 perinde
2991 2984 3162 3026 canus
3196 2982 3333 3039 erat,
3370 2974 3534 3029 etiam

280 3055 374 3109 καὶ
401 3055 509 3125 πρὸ
541 3055 639 3125 τῆς
662 3054 882 3119 πολιᾶς
907 3056 1090 3128 ἐπειδὴ
1112 3056 1287 3127 τούτῳ
1318 3056 1429 3127 (12)
1457 3057 1551 3109 καὶ
1601 3057 1854 3129 Σολομὼν

277 3143 340 3197 τὸ
383 3146 559 3214 γῆρας
614 3142 875 3213 ὁρίζεται.
912 3143 1008 3206 Τίς
1045 3143 1102 3196 δὲ
1135 3144 1306 3207 οὕτως
1336 3144 1633 3214 αἰδέσιμος,
1668 3144 1699 3215 ἢ
1746 3162 1857 3199 πα-

278 3233 468 3296 λαιοῖς,
505 3232 538 3302 ἢ
571 3232 744 3297 νέοις,
800 3231 874 3304 μὴ
922 3234 1004 3286 ὃτι
1049 3232 1158 3285 τῶν
1206 3233 1349 3287 κατὰ
1378 3233 1470 3286 τὸν
1508 3234 1671 3287 αὑτὸν
1724 3237 1857 3305 ἡμῖν

278 3326 494 3397 χρόνον,
532 3324 669 3377 ἀλλὰ
713 3324 807 3377 καὶ
836 3324 944 3377 τῶν
998 3323 1250 3376 πλεῖστον
1293 3322 1738 3394 προειληφότωνς
1770 3324 1856 3387 τίς

281 3415 386 3485 μὲν
409 3410 570 3485 ἦττον
596 3414 767 3466 ἐδεῖτο
796 3413 970 3481 λόγων
994 3412 1131 3482 (15),
1159 3410 1248 3464 διὰ
1276 3412 1367 3465 τὸν
1408 3411 1643 3482 τρόπον;
1681 3410 1764 3475 τίς
1802 3411 1860 3463 δὲ

284 3506 485 3578 μᾶλλον
544 3506 772 3576 μετέσχε
805 3505 985 3574 λόγου,
1022 3505 1116 3558 καὶ
1146 3504 1283 3575 μετὰ
1313 3502 1408 3555 τοῦ
1434 3502 1675 3572 τρόπους
1704 3504 1858 3555 ποῖον

284 3599 386 3671 μὲν
413 3595 551 3661 εἶδος
575 3598 677 3651 οὐκ
709 3596 914 3665 ἐπῆλθε
948 3596 1313 3659 παιδεύσεως;
1350 3593 1550 3665 μᾶλλον
1582 3594 1658 3656 δὲ,
1706 3595 1858 3645 ποῖον

280 3692 343 3745 ού
381 3691 501 3761 μεθ’
525 3690 831 3762 ὑπερϐολῆς
861 3690 936 3753 ὡς
960 3691 1154 3761 μόνον;
1191 3688 1348 3743 Οὕτω
1374 3688 1472 3759 μὲν
1501 3688 1614 3760 (14)
1643 3687 1860 3741 ἅπαντα

282 3780 529 3846 διελθὼν,
558 3782 634 3845 ὡς
671 3781 846 3843 οὐδεὶς
890 3781 948 3834 ἓν
969 3796 982 3810 ’
1018 3780 1161 3833 οὕτω
1193 3780 1248 3832 δὲ
1280 3782 1360 3842 εἰς
1390 3781 1559 3852 ἄκρον
1604 3781 1856 3844 ἕκαστον,

283 3872 361 3938 ὡς
387 3873 495 3926 τῶν
523 3872 699 3927 ἄλλων
754 3871 929 3925 οὐδέν.
968 3871 1179 3941 Σπουδὴ
1224 3870 1333 3942 γὰρ
1365 3872 1561 3943 εὐφυΐα
1609 3873 1865 3944 συνέδρα-

288 3983 411 4035 μεν,
448 3964 509 4029 ἐξ
538 3958 612 4019 ὧν
655 3964 955 4034 ἐπιστῆμαι
1007 3963 1103 4015 καὶ
1160 3962 1345 4032 τέχναι
1376 3963 1441 4016 τὸ
1475 3964 1672 4035 κράτος
1706 3964 1863 4035 ἔχου-

288 4075 371 4109 σιν
402 4057 537 4127 (15).
579 4057 816 4109 ’Ἡκιστα
851 4055 949 4125 μὲν
978 4054 1176 4124 τάχους
1206 4054 1420 4122 φύσεως
1447 4054 1535 4107 διὰ
1572 4056 1721 4108 τόνον
1749 4056 1861 4127 (16)

285 4146 563 4217 δεόμενος,
594 4147 793 4216 ἥκιστα
824 4146 882 4199 δὲ
914 4146 1067 4199 τόνου
1106 4144 1195 4199 διὰ
1229 4146 1391 4216 τάχος
1437 4146 1547 4218 (17)
1571 4162 1585 4178 ο
1632 4145 1774 4200 οὕτω
1818 4148 1864 4201 δ’

359 4306 409 4339 ⁹⁶
441 4306 570 4373 Sap.
608 4320 680 4366 IV,
711 4300 767 4358 8.

1963 3066 2090 3112 ante
2120 3057 2414 3112 canitiem?
2464 3058 2910 3129 Quandoquidem
2951 3063 3054 3119 hac
3098 3078 3157 3119 re
3204 3074 3533 3121 senectutem

1964 3146 2218 3202 Salomon
2245 3162 2458 3217 quoque
2494 3149 2735 3204 delinivit
2760 3151 2827 3204 ".
2867 3152 3016 3219 Quis,
3057 3154 3140 3211 vel
3171 3156 3411 3224 senibus,
3451 3158 3537 3213 vel

1955 3238 2242 3308 juvenibus
2272 3255 2424 3310 aeque
2451 3243 2790 3309 venerabilis,
2832 3261 2935 3299 non
2981 3245 3047 3301 de
3090 3257 3286 3304 nostrae
3329 3260 3536 3305 tantum

1966 3329 2242 3384 memoria
2270 3330 2403 3384 viris
2433 3330 2645 3399 loquor,
2698 3334 2791 3389 sed
2828 3336 2893 3390 de
2924 3336 2989 3389 iis
3018 3337 3209 3402 etiam,
3254 3339 3343 3407 qui
3382 3340 3540 3410 longo

1967 3428 2093 3474 ante
2117 3428 2357 3489 tempore
2382 3423 2672 3478 vixerunt?
2695 3425 2824 3492 Quis
2853 3428 3094 3483 doctrina
3127 3440 3540 3498 praptermores

1967 3511 2146 3565 minus
2175 3512 2352 3581 eguit?
2378 3512 2507 3578 Quis
2539 3522 2715 3570 tamen
2742 3516 3047 3572 uberiorem
3090 3519 3391 3574 doctrinam
3414 3535 3539 3574 cum

1968 3603 2210 3658 moribus
2239 3602 2555 3671 conjunxit?
2602 3606 2754 3673 Quod
2801 3608 3094 3677 disciplina:
3136 3625 3307 3680 genus
3337 3618 3438 3675 est,
3484 3611 3539 3665 in

1968 3708 2076 3763 quo
2114 3705 2362 3751 versatus
2408 3711 2514 3752 non
2562 3698 2664 3763 sit,
2709 3707 2870 3768 atque
2918 3701 2991 3754 ita
3031 3703 3227 3757 eximie
3270 3712 3537 3761 versatus.

1961 3783 2114 3852 quasi
2157 3783 2209 3837 in
2255 3799 2320 3839 eo
2354 3786 2470 3842 solo
2499 3787 2872 3844 elaborasset?
2926 3790 3017 3845 Sic
3064 3792 3315 3846 nimirum
3358 3793 3541 3849 omnia

1959 3874 2293 3943 complexus,
2338 3886 2397 3931 ut
2431 3892 2497 3932 ne
2519 3895 2680 3933 unum
2713 3881 2929 3949 quidem
2960 3882 3285 3950 quisquam,
3328 3883 3542 3950 singula

1960 3980 2146 4020 rursus
2190 3967 2261 4019 ita
2305 3968 2370 4022 ad
2412 3983 2709 4035 summum,
2742 3974 2898 4042 quasi
2928 3973 3062 4027 nihil
3091 3975 3234 4028 aliud
3275 3985 3537 4044 prazterea

1960 4056 2261 4113 didicisset.
2297 4060 2377 4113 Ad
2420 4063 2615 4132 ingenii
2645 4065 2788 4118 enim
2818 4064 3091 4120 solertiam
3120 4066 3354 4121 studium
3384 4083 3540 4124 acce-

1961 4149 2163 4218 debat,
2216 4166 2280 4209 ex
2334 4155 2530 4221 quibus
2584 4156 2867 4225 imperium
2922 4157 3163 4213 scientiis
3222 4168 3277 4213 et
3330 4158 3538 4216 artibus

360 4462 437 4535 (5)
493 4458 659 4537 Παρᾲ
708 4458 931 4537 ᾼύδιον
979 4458 1155 4537 ἅρμα.
1198 4454 1854 4537 TantaeratJLydiorum

1968 4463 2024 4535 et
2074 4452 2414 4537 Ephialtem,
2451 4442 2585 4513 duos
2638 4472 2843 4527 magna:
2893 4460 3235 4529 proceritatis
3293 4464 3541 4537 gigantes

289 4526 543 4589 curruum
575 4526 841 4594 celeritas,
868 4540 924 4581 ut
953 4526 1097 4583 nullo
1130 4529 1286 4581 modo
1312 4526 1576 4580 anteverti
1617 4535 1856 4594 possent.

293 4604 426 4658 [huc
455 4599 833 4669 proverbium,
896 4613 1003 4667 quo
1046 4608 1320 4661 notantur,
1376 4596 1467 4665 qui
1522 4611 1646 4649 cum
1692 4596 1859 4650 multo

290 4670 757 4741 przestantioribus
784 4670 1140 4723 contendunt.

360 4765 437 4834 (ι)
478 4760 730 4830 Ἀθῆναι.
782 4760 933 4815 Pass.
970 4760 1137 4823 addit,
1176 4757 1457 4827 ἠκούοντο,
1499 4774 1517 4807 ι
1566 4754 1855 4810 audiebam

290 4845 394 4888 tur.
435 4852 455 4885 ι

359 4925 437 4995 (5)
487 4923 815 4995 Τοσούτοις.
844 4920 934 4995 Sic
969 4920 1148 4995 plures
1176 4921 1364 4995 ltegg.,
1395 4919 1500 4972 duo
1540 4917 1736 4984 Coi.-.l.,
1766 4916 1860 4972 0r.

287 4996 342 5063 2,
368 4989 517 5059 Pan,
548 4994 723 5055 Pass.,
756 5002 860 5045 ett'.
907 4990 963 5043 In
1000 4991 1112 5052 cd.,
1138 4989 1420 5051 τοιούτοις.

360 5090 439 5157 (6)
461 5089 524 5140 οι
567 5085 857 5155 Ὀρέσται,
882 5092 986 5157 etc.
1025 5101 1042 5157 ς
1077 5080 1295 5136 Orestes
1320 5091 1372 5134 et
1396 5079 1622 5151 Pylades
1635 5099 1675 5157 _i
1714 5089 1862 5157 tanto

289 5151 476 5212 amore
515 5151 652 5210 inter
684 5171 745 5210 se
778 5153 1042 5220 complexi
1082 5162 1230 5213 sunt,
1271 5159 1349 5215 ut,
1393 5161 1601 5204 mortuo
1632 5151 1856 5220 Pylade.

293 5246 395 5281 una
430 5243 552 5283 cum
583 5242 649 5280 eo
680 5223 903 5279 Orestes
933 5225 983 5276 in
1018 5224 1285 5275 infernum
1317 5223 1674 5276 descenderit.

360 5321 440 5391 (7)
484 5316 864 5391 Molzorldat.
911 5333 930 5365 ι
988 5313 1300 5391 Molionidai
1346 5330 1364 5363 ι
1417 5313 1613 5391 gemini
1652 5312 1864 5391 fratres

290 5383 446 5443 erant
481 5400 589 5442 tum
632 5386 951 5456 corporibus
973 5424 988 5449 ,
1022 5393 1134 5437 tum
1181 5384 1406 5456 artibus.
1440 5383 1862 5456 Gregoriu_s__ens

288 5473 324 5517 a
348 5468 521 5513 matre
550 5476 569 5508 ι
604 5452 918 5513 Molionidas
956 5474 976 5506 ι
1005 5464 1197 5517 vocat;
1228 5452 1488 5506 Homerus
1518 5467 1665 5515 vero,
1695 5452 1855 5505 Iliad.

294 5546 368 5593 xi,
403 5544 546 5583 vers.
578 5527 702 5592 7&9,
726 5536 782 5581 et
816 5541 974 5588 xxtlt,
1002 5539 1143 5579 vers.
1174 5523 1299 5585 658,
1332 5538 1360 5575 a
1393 5530 1543 5593 patre
1576 5520 1860 5593 Actoridas

292 5591 545 5668 appellat.
580 5591 733 5668 Quod
762 5596 976 5651 errandi
1013 5592 1612 5668 occasioncmAprazbuit
1643 5591 1852 5668 Nomio,

292 5661 404 5738 qui,
432 5661 623 5725 contra
650 5667 892 5739 Gregorii
920 5673 1173 5729 mentem,
1204 5679 1298 5733 per
1334 5662 1669 5728 Molionidas,
1692 5661 1851 5719 Otum

1969 4524 2253 4579 intellexit.

2162 4616 2483 4690 Ύπᾳχθεις.
2528 4618 2620 4674 Or.
2646 4620 2701 4683 ἓ,
2736 4620 3011 4690 ἐπαχθείς.

2140 4688 2671 4763 ,Δεξάμενοςᾎᾨιδεθ
2683 4732 2696 4755 ,
2728 4688 3182 4763 καταδεξάμενος.

2047 4758 2158 4827 (10)
2185 4760 2463 4815 Νύσσαν.
2493 4759 2583 4814 Sic
2609 4763 2713 4816 duo
2737 4763 2927 4824 Coisl.,
2959 4758 3066 4817 etc.
3088 4764 3144 4818 In
3175 4779 3286 4831 eu.,
3310 4767 3538 4839 νήσσαν.

2044 4850 2156 4919 (11)
2182 4850 2284 4924 Ϊίς
2302 4850 2599 4924 μὲνᾼοῦτω
2616 4853 2843 4924 πολιὸς
2870 4851 2951 4924 ἦν
2975 4855 3089 4923 τὴν
3126 4858 3401 4912 σύνεσιν.
3450 4860 3540 4915 Sic

2009 4918 2369 4992 luresﬂeggq
2399 4920 2491 4977 Or.
2522 4924 2577 4987 2,
2615 4922 2763 4989 Par.,
2788 4918 2902 4979 etc.
2923 4927 2977 4980 In
3000 4918 3109 4992 ed.,
3141 4926 3235 4991 Τίς
3268 4927 3408 4982 οὕτω
3445 4948 3540 4984 πο-

2007 4988 2079 5053 ιὸς
2116 4990 2214 5059 μὲν
2242 4988 2340 5062 τῆν
2374 4992 2606 5047 σύνεσιν.

2042 5082 2155 5155 (12)
2202 5085 2410 5149 Τούτῳ.
2446 5084 2629 5140 Plures
2671 5085 2841 5153 Βρεμι.
2878 5096 2933 5142 et
2961 5087 3174 5155 Comb.,
3216 5091 3397 5146 τοῦτο.

2041 5153 2153 5223 (15)
2192 5155 2417 5224 Λόγων.
2463 5155 2639 5220 Pass.,
2674 5157 2852 5224 λόγου.

2039 5224 2152 5295 (14)
2194 5225 2357 5277 Οὕτω
2382 5224 2515 5295 μέν.
2547 5226 2640 5280 0r.
2667 5227 2702 5278 2
2725 5238 2779 5280 et
2806 5227 2952 5281 Pass.
2982 5229 3204 5294 addunt,
3232 5226 3346 5284 οὖν.

2038 5294 2151 5370 (15)
2188 5294 2259 5370 Tt)
2297 5296 2513 5370 κράτος
2547 5296 2778 5363 ἔχουσι.
2800 5297 3042 5370 _Nicetas
3072 5318 3083 5352 :
3116 5299 3539 5370 Κατορθοῦνται,

1967 5364 2059 5417 καὶ
2090 5364 2190 5434 τὴν
2232 5366 2381 5434 ἰσχὺν
2428 5364 2670 5434 ἔχουσινο
2715 5383 2733 5415 ι
2787 5368 2991 5432 Quibus
3032 5364 3281 5425 scientiae
3300 5380 3353 5425 et
3381 5380 3532 5425 artes

1966 5446 2367 5503 comparantur,
2400 5451 2464 5489 ac
2505 5436 2611 5489 vim
2640 5437 2903 5492 obtinent.

2033 5524 2145 5667 (16)
2180 5525 2380 5578 Τόνον.
2424 5523 2517 5580 Or.
2548 5526 2584 5580 2
2622 5535 2675 5580 ct
2704 5526 2881 5595 Pass.,
2907 5528 2996 5581 τὸν
3026 5526 3199 5581 τόνον,

2033 5596 2121 5667 (17
2186 5592 2391 5663 Τάχως.
2428 5597 2522 5651 Ur.
2568 5595 2603 5650 2
2638 5605 2692 5653 et
2722 5596 2900 5667 Pass.,
2938 5598 2999 5651 τὸ
3030 5598 3194 5667 τάχος

2033 5592 2145 5668 (17)
2186 5592 2391 5663 Τάχος.
2428 5597 2522 5651 Ur.
2568 5595 2603 5650 ε
2638 5605 2692 5653 et
2722 5592 2900 5667 Pass.,
2938 5598 2999 5651 τὸ
3030 5598 3215 5669 τάχος
