4050 6298
456 299 558 356 527

1657 297 1715 355 S.
1754 299 2082 355 GREGORII
2122 301 2465 357 TllEOLOGl

3590 314 3695 371 5‘28

451 421 817 483 comparatur.
867 411 966 478 Qui
1027 425 1149 467 cum
1218 411 1494 469 celeritate
1559 421 1767 470 natura:
1814 425 2016 484 prnplet

2133 419 2418 489 ἀμφότερα
2448 416 2747 482 συλλαϐὼν,
2781 419 2874 472 καὶ
2914 421 2993 485 είς
3024 420 3082 475 ἒν
3120 423 3363 492 ἀγαγὼν,
3399 424 3537 478 ὥστε
3566 428 3697 500 ἀδη-

454 509 689 564 laborem
748 519 801 562 et
854 509 1251 562 contentionem
1300 508 1518 562 minime
1580 524 1715 578 opus
1770 510 2022 575 haberet,

451 600 904 669 quemadmodum
933 613 1031 653 nec
1072 598 1253 654 labore
1280 610 1501 668 propter
1529 600 1727 670 ingenii
1758 605 2023 672 magnitu-

450 692 661 753 dinem;
713 688 791 743 sie
844 698 1020 745 tamen
1076 699 1365 758 utrumque
1403 688 1773 757 coniunxerat,
1813 701 1871 745 ut
1917 708 2021 745 non

450 782 583 836 satis
610 781 861 849 liqueret,
894 791 1017 834 ntro
1046 780 1263 835 nomine
1293 780 1667 835 admirabilior
1698 792 1859 836 esset.
1893 782 2025 848 Quis

449 872 505 927 in
532 874 825 938 rhetorica,
869 872 981 937 illa,
1020 873 1259 941 inquam,
1293 873 1399 926 vim
1442 873 1579 942 ignis
1611 872 1867 943 spirante,
1900 889 2021 928 cum

446 979 513 1019 eo
555 965 972 1032 comparandus,
1006 964 1221 1019 tametsi
1271 964 1414 1019 illius
1455 977 1632 1019 mores
1676 980 1705 1017 a
1748 966 2020 1018 rhetorum

447 1058 689 1111 moribus
718 1056 1072 1111 dissiderent?
1110 1055 1238 1121 Quis
1266 1055 1318 1108 in
1361 1055 1737 1124 grammatica,
1776 1069 1898 1124 quae
1924 1055 2024 1109 lin—

446 1166 602 1219 guam
634 1151 699 1204 ad
727 1150 1077 1204 Grazcismum
1111 1147 1333 1210 format,
1366 1148 1619 1202 historias
1647 1147 1872 1215 colligit,
1907 1163 2022 1200 me-

446 1241 547 1294 tris
588 1249 807 1309 praeest,
846 1238 1179 1315 carminibus
1229 1238 1371 1307 leges
1412 1238 1743 1307 praascribit?
1798 1238 1927 1303 Quis
1968 1239 2020 1291 in

444 1331 815 1400 philosophia,
860 1330 1074 1385 excelsa
1110 1328 1467 1399 proculdubio
1516 1328 1772 1392 scientia,
1813 1340 1865 1381 et
1905 1343 2023 1383 sur-

442 1436 563 1476 sum
614 1422 911 1490 gradiente,
968 1422 1085 1475 sive
1120 1435 1238 1473 eam
1289 1430 1494 1487 partem
1542 1427 1783 1487 snectes,
1813 1433 1931 1486 qua:
1966 1418 2019 1472 in

445 1513 657 1565 actione
684 1521 736 1564 et
762 1509 1126 1578 speculatione
1149 1508 1324 1576 posita
1357 1516 1459 1570 est,
1496 1506 1610 1560 sive
1640 1520 1783 1571 eam,
1816 1519 1935 1573 quae
1966 1506 2017 1556 in

448 1603 633 1673 logicis
686 1600 1243 1658 demonstrationibus
1309 1609 1403 1654 aut
1469 1598 1899 1669 appositionibns
1969 1607 2024 1649 et

446 1694 939 1750 concertationibus
978 1693 1144 1762 789
1178 1701 1444 1757 versatur,
1477 1705 1638 1759 quam
1677 1690 2016 1742 Dialecticam

2128 508 2217 562 λον
2257 505 2416 576 εἶναι,
2478 508 2693 581 ποτέρῳ
2718 510 2922 565 τούτων
2974 515 3177 578 ἐκεῖνος
3225 516 3696 590 θαυμασιώτερος.

2127 596 2224 659 Τίς
2252 599 2350 668 μὲν
2376 598 2672 670 ῥητορικὴν
2698 600 2968 665 τοσοῦτος,
2992 604 3092 674 τὴν
3132 605 3302 676 πυρὸς
3328 607 3486 675 μένος
3521 609 3701 661 πνέου-

2128 707 2225 743 σαν
2256 691 2386 760 (18),
2409 692 2457 744 εί
2488 691 2582 745 καὶ
2609 692 2670 744 τὸ
2706 689 2836 764 ἦθος
2862 694 3009 765 αὐτῷ
3034 694 3107 766 μὴ
3149 697 3289 749 κατά
3322 700 3555 768 ῥήτορας
3580 696 3649 771 ἦν
3680 717 3697 768 ;

2124 780 2208 842 τίς
2227 781 2283 832 δὲ
2315 782 2780 853 γραμματικὴν,ἢ
2806 782 3055 851 γλῶσσαν
3081 784 3429 857 ὲξελληνίζει,
3449 789 3541 841 καὶ
3561 791 3699 842 ίστο-

2129 868 2250 938 ρίαν
2265 870 2373 940 (19)
2392 871 2632 938 συνάγει,
2652 872 2745 925 καὶ
2770 871 2988 942 μέτροις
3003 875 3301 939 ἐπιστατεῖ,
3315 875 3407 929 καὶ
3422 878 3701 947 νομοθετεῖ

2124 963 2445 1029 ποιήμασινς
2468 960 2551 1024 τίς
2566 962 2623 1015 δὲ
2645 962 2982 1031 φιλοσοφίαν,
3003 964 3101 1034 τὴν
3122 965 3290 1029 ὅντως
3308 966 3517 1039 ὑψηλήν
3532 986 3591 1021 τε
3607 971 3700 1024 καὶ

2123 1050 2240 1104 ἄνω
2269 1052 2576 1121 βαίνουσαν,
2604 1056 2702 1126 ὅση
2737 1073 2797 1109 τε
2831 1057 3106 1129 πρακτικὴ
3132 1058 3225 1111 καὶ
3247 1058 3575 1131 θεωρητικὴ,
3598 1063 3697 1134 ὅση

2126 1157 2188 1193 τε
2245 1144 2374 1213 περὶ
2430 1143 2529 1207 τὰς
2585 1144 2810 1212 λογικὰς
2869 1145 3170 1210 ἀποδείξεις
3243 1150 3338 1201 xa‘t
3397 1151 3698 1216 ἀντιθέσεις

2123 1231 2237 1301 ἔχει
2283 1233 2394 1303 (20)
2428 1236 2522 1287 καὶ
2548 1235 2615 1288 τά
2660 1236 3029 1307 παλαίσματα,
3063 1238 3131 1308 ἢν
3162 1238 3226 1309 δὴ
3274 1239 3385 1308 (91)
3430 1240 3702 1297 διαλεκτι⁴

2124 1323 2227 1392 κὴν
2259 1324 2613 1394 ὀνομάζουσιν
2636 1343 2650 1359 ο
2674 1328 2749 1390 ὡς
2772 1330 2901 1399 ῥᾷον
2920 1325 3196 1392 εἶναιτοὺς
3214 1330 3569 1401 λαϐυρίνθους
3585 1334 3701 1404 (22)

2122 1414 2491 1487 διεξελθεῖν,ἢ
2535 1418 2633 1482 τὰς
2678 1420 2886 1473 ἐκείνου
2920 1419 3028 1473 τῶν
3074 1420 3245 1488 λόγων
3286 1423 3459 1492 ἄρκυς
3503 1424 3695 1493 διαφυ-

2124 1510 2260 1575 γεῖν,
2286 1512 2333 1560 εί
2358 1508 2547 1562 τούτου
2575 1510 2847 1581 δεήσειεν;
2892 1512 3283 1583 ’Δστρονομίας
3319 1517 3394 1577 δὲ,
3434 1519 3526 1569 καὶ
3556 1535 3697 1585 γεω-

2127 1599 2373 1668 μετρίας,
2419 1602 2514 1654 κα).
2560 1600 2811 1681 ἀριθμῶν
2868 1602 3158 1671 ἀναλογίας
3191 1605 3442 1659 τοσοῦτον
3494 1607 3696 1672 λαϐὼν,

2123 1692 2245 1744 ὅσον
2297 1691 2371 1762 μὴ
2406 1692 2709 1745 κλονεῖσθαι
2768 1695 2881 1757 τοῖς
2937 1694 3066 1765 περὶ
3115 1695 3286 1748 ταῦτα
3321 1698 3550 1767 κομψοῖς
3572 1718 3586 1731 ·
3638 1702 3698 1755 τὸ

446 1794 669 1851 vocant;
710 1786 763 1840 in
811 1799 913 1854 qua
948 1785 1083 1838 adeo
1109 1782 1381 1847 excelluit,
1422 1791 1480 1835 ut
1523 1781 1608 1843 iis,
1662 1783 1750 1849 qui
1796 1796 1916 1835 cum
1958 1794 2016 1834 eo

2127 1782 2378 1851 περιττὸν
2405 1782 2711 1847 διέπτυσεν,
2747 1782 2823 1845 ὡς
2854 1784 3123 1855 ἄχρηστον
3153 1788 3266 1849 τοῖς
3290 1788 3531 1840 εὐσεϐεῖν
3578 1790 3696 1843 ὲθέ-

445 1878 810 1947 disputabant,
841 1876 1047 1930 facilius
1076 1885 1220 1929 esset
1273 1889 1304 1929 e
1347 1872 1666 1941 labyrinthis
1702 1872 1821 1926 Sese
1857 1872 2024 1925 extri-

446 1982 590 2031 care,
612 1982 772 2037 quam
802 1977 1245 2035 argumentorum
1289 1964 1410 2033 ejus
1440 1963 1660 2032 laqueos
1688 1961 1945 2031 eﬂ'ngere,
1977 1960 2020 2017 si

445 2063 662 2132 quando
699 2077 783 2115 res
817 2062 888 2115 ita
916 2059 1253 2130 postularet?
1291 2058 1410 2113 Jam
1437 2072 1570 2111 vero
1611 2055 2019 2119 astronomiam,

444 2151 828 2217 geometriam,
900 2164 1248 2203 numerorum
1312 2148 1688 2217 proportiones
1763 2146 2022 2200 hactenus

445 2246 697 2299 didicisse
724 2251 1034 2306 contentus,
1066 2250 1125 2295 ut
1148 2255 1253 2295 non
1283 2239 1350 2293 ab
1386 2240 1472 2305 iis,
1508 2238 1600 2308 qui
1630 2238 1683 2291 in
1717 2236 2019 2305 huiusmodi

446 2340 604 2391 rebus
644 2336 766 2390 sciti
813 2345 868 2390 et
898 2333 1098 2387 eruditi
1140 2341 1266 2387 sunt
1310 2331 1706 2401 exagitaretnr;
1760 2328 2020 2397 quidquid

444 2437 748 2497 supererat,
784 2437 842 2480 ut
868 2426 1083 2496 pietatis
1114 2424 1413 2479 cultoribus
1450 2421 1847 2491 infrugiferum,
1893 2435 2021 2473 con-

447 2514 663 2580 tempsit
684 2552 699 2577 ,
729 2512 866 2566 adeo
898 2521 974 2576 ut,
1007 2513 1226 2581 etquod
1259 2510 1439 2579 elegit,
1471 2510 1642 2579 magis
1677 2508 1931 2562 admirari
1958 2523 2021 2562 ac

447 2605 740 2672 prwdicare
765 2604 943 2667 liceat,
967 2619 1132 2672 quam
1167 2602 1308 2671 quod
1340 2601 1588 2671 reliquit,
1634 2609 1690 2654 et
1727 2614 1933 2665 rursus,
1968 2599 2020 2653 id

445 2694 591 2762 quod
646 2694 885 2763 reliquit,
941 2693 1132 2761 majori
1189 2692 1347 2746 laude
1402 2692 1630 2756 efferre,
1671 2706 1831 2758 quam
1876 2691 2019 2758 quod

447 2786 625 2855 elegit.
668 2785 800 2839 Nam
834 2784 1179 2848 medicinam,
1213 2798 1333 2852 qua:
1357 2782 1709 2852 philosophia:
1738 2791 1792 2836 et
1821 2781 2020 2835 laboris

445 2887 608 2945 atque
643 2876 919 2931 industria:
952 2876 1159 2930 fructus
1209 2884 1322 2941 est,
1368 2874 1611 2942 corporis
1654 2873 1905 2940 morbus,
1956 2886 2022 2926 ac

446 2968 618 3023 morbi
667 2968 902 3033 curatio,
955 2967 1313 3022 necessariam
1355 2966 1455 3035 ipsi
1498 2965 1841 3030 reddiderat;
1881 2964 2021 3017 unde

444 3075 692 3122 exorsus,
742 3059 807 3113 ad
857 3058 990 3113 artis
1042 3057 1279 3111 habitum
1321 3057 1533 3109 tandem
1584 3054 1846 3123 pervenit.
1886 3053 2015 3107 Eam

2124 1870 2304 1923 λουσιν
2324 1887 2338 1901 ο
2370 1870 2509 1924 ὥστε
2538 1871 2736 1942 μᾶλλον
2777 1872 2874 1942 μὲν
2913 1873 2974 1925 τὸ
3003 1875 3219 1943 αἰρεθὲν
3240 1875 3333 1927 τοῦ
3365 1878 3699 1949 παρεθέντος

2124 1962 2324 2028 ἐξεῖναι
2389 1962 2712 2033 θαυμάζειν,
2771 1963 2968 2033 μᾶλλον
3016 1964 3072 2016 δὲ
3128 1966 3223 2018 τοῦ
3277 1967 3587 2036 αἱρεθέντος
3637 1970 3702 2023 τὺ

2126 2054 2383 2124 παρεθὲν.
2423 2054 2696 2125 ’ἰατρικὴν
2735 2054 2831 2124 μὲν
2864 2056 2973 2125 γὰρ
3010 2056 3102 2108 καὶ
3134 2057 3167 2125 ἡ
3200 2056 3294 2109 τοῦ
3326 2059 3573 2129 σώματος
3601 2063 3703 2132 ἀρ-

2126 2148 2351 2219 ρωστία,
2392 2148 2486 2202 καὶ
2538 2149 2830 2218 νοσοκομία
2870 2148 3004 2217 (Ξῦ),
3042 2150 3360 2219 φιλοσοφίας
3407 2154 3498 2205 καὶ
3548 2155 3700 2224 φιλο-

2125 2239 2313 2301 πονίας
2338 2234 2504 2290 οὖσαν
2532 2240 2764 2309 καρπὸν,
2791 2241 3093 2309 ἀναγκαίαν
3121 2242 3270 2313 αὐτῷ
3304 2246 3694 2316 πεποιήκασιν·

2123 2328 2244 2383 ὅθεν
2278 2329 2581 2400 ἀρξάμενος
2610 2369 2625 2392 ,
2662 2332 2742 2392 είς
2792 2331 2903 2394 ἕξιν
2937 2331 3037 2401 τῆς
3068 2333 3262 2403 τέχνης
3306 2336 3531 2404 ἀφίκετο
3555 2354 3570 2367 °
3603 2339 3701 2392 καὶ

2122 2420 2345 2489 ταύτης,
2374 2421 2471 2491 οὐχ
2503 2422 2603 2490 ὅση
2657 2422 2786 2492 περὶ
2836 2422 2896 2474 τὸ
2930 2426 3251 2494 φαινόμενον
3301 2426 3411 2497 ἔχει
3446 2430 3540 2481 καὶ
3593 2431 3698 2483 κάρ

2122 2527 2199 2561 τω
2229 2509 2285 2579 (2
2298 2510 2342 2577 ί)
2378 2511 2648 2580 κείμενον,
2688 2510 2803 2563 ἀλλ’
2837 2510 2960 2562 ὅσον
2988 2512 3315 2582 δογματικὸν
3356 2516 3448 2567 καὶ
3479 2516 3697 2583 φιλόσου

2118 2618 2241 2671 φον.
2278 2602 2435 2654 ’Λλλά
2464 2603 2514 2654 τί
2547 2601 2741 2665 ταῦτα,
2765 2603 2967 2673 καίπερ
2996 2604 3300 2672 τηλικαῦτα
3336 2606 3696 2675 τυγχάνοντα,

2123 2691 2257 2760 πρὸς
2284 2691 2380 2761 τὴν
2419 2694 2478 2744 ὲν
2510 2690 2587 2761 τῷ
2631 2692 2751 2761 ἤθει
2797 2692 2890 2745 τοῦ
2933 2693 3123 2763 ἀνδρὸς
3158 2693 3471 2759 παίδευσιν;
3519 2696 3699 2765 Λῆρος

2120 2785 2230 2845 τοῖς
2258 2783 2351 2834 τοῦ
2376 2783 2571 2853 ἀνδρὸς
2608 2785 3037 2854 πεπειραμένοις
3061 2786 3089 2837 ὁ
3118 2784 3297 2848 Μίνως
3326 2786 3440 2855 (25)
3467 2772 3714 2850 ἐκεῖνος,

2122 2874 2215 2927 καὶ
2246 2876 2275 2925 ὁ
2309 2874 2684 2944 Ῥαδάμανθυς
2711 2914 2726 2939 ,
2774 2875 2867 2938 οὓς
2922 2876 3229 2945 ἀσφοδελῶν
3268 2877 3547 2948 λειμώνων
3597 2881 3697 2934 καὶ

2132 2966 2395 3020 Ἥλυσίων
2424 2967 2536 3037 (26)
2584 2966 2781 3019 πεδίων
2813 2966 3053 3037 ἠξίωσαν
3076 2967 3355 3037 Ἕλληνες,
3386 2972 3443 3022 ὲν
3490 2988 3696 3039 φαντασ-

2122 3056 2213 3127 σίᾳ
2256 3058 2351 3110 τοῦ
2405 3058 2525 3111 καθ’
2559 3061 2705 3129 ἡμᾶς
2736 3060 3061 3129 παραδείσου
3111 3060 3413 3130 γενόμενοι,
3468 3062 3535 3114 ὲκ
3584 3063 3696 3117 τῶν

445 3166 607 3219 porro
628 3152 761 3205 artis
785 3160 993 3219 partem
1022 3149 1279 3218 intelligo,
1306 3162 1409 3202 non
1434 3161 1554 3216 quae
1575 3147 1715 3200 circa
1735 3145 2016 3215 perspicua

2123 3149 2451 3213 Μωσαῖκῶν,
2486 3144 2660 3218 οἶμαι,
2698 3148 2917 3219 βιϐλίων
2961 3148 3074 3219 (‘27)
3132 3150 3226 3202 xui
3279 3152 3584 3222 ἡμετέρων,
3636 3154 3687 3207 εί

444 3243 719 3312 oculisque
745 3242 985 3311 subjecta
1023 3251 1075 3295 ct
1098 3241 1319 3296 humilia
1351 3250 1621 3302 versatur,
1664 3240 1758 3294 sed
1798 3253 1917 3308 quae
1960 3238 2012 3292 in

445 3332 686 3385 doctrina
737 3340 792 3386 et
847 3332 1182 3400 philosophia
1230 3330 1498 3385 consistit.
1555 3328 1660 3383 Sed
1702 3330 1829 3397 quid
1878 3329 2012 3395 haec,

2118 3240 2214 3295 καὶ
2245 3240 2373 3311 περ),
2405 3240 2503 3310 τὴν
2538 3241 2726 3310 κλῆσίν
2764 3259 2816 3293 τι
2846 3240 3238 3314 διηνέχθησαν,
3276 3243 3333 3295 ὲν
3370 3243 3550 3308 ἄλλοις
3579 3246 3696 3298 ὄνου

2124 3348 2257 3400 μασι
2282 3330 2440 3382 τοῦτο
2477 3332 2987 3402 παραδηλώσαντες.

446 3424 654 3476 tametsi
706 3438 896 3492 magna
936 3436 989 3476 et
1033 3422 1312 3490 praeclara,
1367 3421 1410 3476 si
1450 3436 1571 3475 cum
1616 3435 1825 3475 morum
1877 3420 2019 3473 illius
2057 3423 2301 3476 doctrina
2334 3421 2718 3477 conferantur?
2748 3425 2845 3490 Qui
2885 3423 3099 3477 virtutis
3161 3423 3329 3492 ipsius
3392 3426 3688 3494 periculum

443 3510 709 3573 fecerunt,
777 3512 1007 3567 Minoem
1063 3512 1210 3566 illum
1264 3527 1328 3567 ac
1386 3512 1854 3566 Rhadamanthum
1916 3524 2015 3577 pro
2086 3512 2239 3579 nugis
2322 3512 2548 3581 habent,
2599 3530 2733 3582 qnos
2783 3518 2950 3585 pratis
3002 3519 3295 3588 asphodelo
3346 3520 3580 3584 refertis,
3637 3530 3694 3575 clt

443 3606 645 3672 eampis
681 3605 874 3670 Elysiis
901 3604 1073 3660 Grmci
1106 3603 1384 3658 donandos
1421 3603 1716 3664 duxerunt,
1763 3602 1997 3669 paradisi
2040 3603 2287 3657 videlicet
2328 3605 2500 3659 nostri
2563 3606 2795 3673 speciem
2860 3609 3147 3673 quamdam
3185 3610 3366 3661 animo
3395 3608 3691 3673 intuentes,

446 3710 608 3769 atque
657 3717 719 3754 ex
773 3699 1043 3769 Mosaicis,
1099 3709 1156 3752 ut
1216 3699 1425 3769 opinor,
1477 3698 1788 3767 nostrisque
1834 3697 2007 3764 libris,
2050 3698 2261 3754 tametsi
2310 3700 2363 3752 in
2408 3700 2622 3754 nomine
2653 3699 2894 3754 nonnihil
2950 3700 3328 3769 discreparint,
3363 3700 3485 3753 aliis
3510 3711 3689 3754 tamen

445 3789 723 3841 vocabulis
746 3790 843 3841 hoc
876 3788 1047 3857 ipsum
1078 3786 1395 3840 indicantes.

519 3880 711 3934 XXIV.
742 3880 920 3948 Atque
960 3878 1074 3932 hate
1108 3878 1179 3930 ita
1214 3892 1271 3931 se
1310 3876 1604 3941 habebant,
1652 3885 1877 3945 eratque
1915 3875 2012 3929 do-

444 3973 634 4026 ctrina:
679 3970 953 4023 mercibus
999 3977 1193 4021 onusta
1243 3965 1430 4027 navis,
1484 3975 1743 4033 quantum
1797 3966 2011 4033 quidam

448 4065 696 4115 humana:
725 4068 930 4113 natura:
962 4058 1175 4126 assequi
1227 4058 1411 4123 datur;
1462 4071 1633 4126 neque
1682 4056 1823 4110 enim
1874 4055 2010 4107 ultra

443 4152 623 4206 Gades
660 4159 990 4206 transmeare
1018 4148 1269 4216 cuiquam
1300 4161 1613 4201 concessum
1643 4156 1763 4209 est;
1814 4160 1876 4199 ac
1900 4146 2011 4211 jam

445 4240 749 4294 faciendum
791 4239 947 4294 nobis
1001 4248 1156 4303 erat,
1190 4247 1248 4291 ut
1290 4238 1340 4291 in
1394 4239 1621 4307 patriam
1674 4236 2009 4297 rediremus,

446 4325 840 4399 perfectiusque
894 4330 1018 4384 vita:
1061 4344 1228 4400 genus
1280 4328 1619 4393 ordirentur,
1673 4342 1868 4393 resque
1916 4340 2011 4394 spe

2187 3875 2311 3925 KA'.
2342 3867 2470 3941 Εἶχε
2517 3870 2615 3941 μὲν
2656 3866 2749 3923 οὖν
2780 3870 2893 3939 (28)
2931 3871 3072 3924 οὕτω
3114 3870 3307 3934 ταῦτα,
3344 3871 3440 3924 καὶ
3477 3869 3693 3942 στλήρης
3796 3912 3799 3913 ν

2118 3963 2506 4032 παιδεύσεωςή
2544 3963 2728 4031 φορτὶς
2771 3961 2905 4031 (29).
2935 3962 3009 4024 ὡς
3049 3961 3178 4029 γοῦν
3231 3963 3450 4028 ἐφικτὸν
3484 3963 3692 4033 ἀνθρω-

2116 4056 2246 4125 πίνη
2269 4054 2425 4121 φύσει
2458 4052 2539 4119 (τὸ
2562 4051 2670 4122 γὰρ
2695 4052 2950 4104 ἐπέκεινα
2982 4052 3252 4123 Γαδείρων
3287 4054 3395 4121 (50)
3435 4055 3497 4106 οὐ
3525 4071 3692 4124 περα-

2118 4144 2230 4201 τόν)
2253 4160 2264 4173 ⁸
2291 4143 2397 4196 ἔδει
2436 4142 2490 4195 δὲ
2527 4141 2711 4197 λοιπὸν
2760 4144 3020 4196 ἐπανόδου
3055 4143 3149 4196 καὶ
3194 4144 3309 4213 βίου
3340 4143 3688 4215 τελεωτέρου,

2119 4234 2211 4286 κα).
2241 4232 2334 4284 τοῦ
2367 4231 2624 4283 λαϐέσθαι
2651 4232 2759 4285 τῶν
2798 4230 3165 4302 ἐλπιζομένων
3191 4235 3323 4303 ἡμῖν
3354 4234 3448 4286 κα),
3473 4251 3690 4302 συγκει-

2122 4322 2316 4392 μένων.
2346 4320 2533 4393 Παρῆν
2577 4322 2611 4391 ἠ
2653 4321 2755 4391 τῆς
2796 4322 3057 4392 ἐκδημίας
3081 4322 3281 4393 ἡμέρα,
3324 4323 3419 4376 καὶ
3463 4324 3566 4377 ὅσα
3592 4325 3687 4394 τῆς

513 4564 624 4634 (18)
658 4564 993 4634 Πνέουσαρττ
1038 4561 1276 4627 Quatuor
1314 4559 1482 4634 Reggf
1506 4569 1560 4634 e_t
1591 4559 1685 4634 0r.
1716 4556 2016 4634 2,_r_rvetou-

2123 4555 2284 4634 telligi
2312 4556 2381 4634 de
2402 4556 2726 4624 leprosorum
2747 4557 2922 4621 domo,
2941 4569 3100 4625 quam
3122 4556 3382 4613 Ctesarete
3409 4568 3689 4615 exstruxe-

446 4627 566 4687 σαν.
613 4634 876 4688 Homerus
920 4631 1083 4683 Iliad.
1128 4647 1200 4691 vt,
1260 4627 1579 4694 vers—182,
1631 4632 1695 4683 de
1741 4627 2007 4682 Chimazra

442 4705 607 4756 verba
648 4703 869 4765 faciens,
897 4700 981 4753 his
1013 4700 1180 4752 utitur
1210 4699 1410 4763 verbis,
1444 4713 1564 4767 qua:
1590 4701 1655 4753 ad
1680 4697 2005 4752 rhetoricam

444 4773 680 4825 traduxit
714 4769 1028 4839 Gregorius.

513 4841 623 4909 (19)
669 4836 982 4909 Ἱστορίαν.
1015 4837 1068 4889 In
1102 4836 1387 4909 nonnullis,
1425 4836 1688 4904 ἱστορίας.

442 4978 468 5032 ἔ
514 4904 626 4979 (ἳθ)
657 4909 786 4965 Καὶ.
822 4904 838 4961 ξ
872 4946 886 4958 .
922 4907 1066 4975 ἔχει.
1102 4906 1267 4975 Regg.
1293 4909 1347 4969 d,
1376 4909 1484 4972 bin,
1516 4909 1583 4975 ph
1615 4921 1667 4960 et
1694 4904 1869 4970 Pass.,

471 4997 574 5032 γοι.

505 4997 574 5033 οι.

471 4998 629 5116 χῖὲι)
665 5050 771 5101 Ἦν
795 5047 892 5113 δή.
931 5044 1120 5100 Comb.
1169 5054 1391 5116 resecal.
1431 5043 1516 5116 δή·

512 5114 624 5188 (22)
663 5118 1086 5185 Λαϐυρίνθους.
1134 5133 1152 5188 ς
1188 5116 1242 5169 In
1296 5114 1452 5169 Creta
1484 5114 1722 5181 'insnla,
1761 5132 1779 5166 ι
1837 5114 2011 5188 inquit

442 5185 686 5250 Nonnus,
726 5205 744 5238 ι
775 5203 929 5241 mons
979 5195 1082 5247 est,
1136 5185 1188 5239 in
1238 5199 1411 5254 eoque
1455 5194 1666 5254 antrum
1714 5185 2006 5253 quoddam,

443 5256 595 5324 cujus
631 5257 810 5312 aditus
842 5267 897 5311 et
936 5256 1113 5309 exitus
1168 5253 1450 5309 admodum
1483 5253 1711 5309 diliicilis
1739 5263 1898 5322 atque
1922 5268 2008 5304 ar-

441 5326 578 5383 duus
627 5339 777 5394 erat,
825 5328 878 5381 in
934 5328 1100 5395 quod.
1132 5325 1463 5380 Minotaurus
1510 5324 1738 5395 injectus
1792 5324 2006 5395 dicitur.

440 5398 701 5463 Quoniam
748 5391 877 5467 et‘go
903 5391 968 5452 ei
1007 5397 1313 5466 labyrintho
1353 5410 1470 5449 sese
1503 5394 1769 5467 extricare
1793 5391 2008 5467 difficile

441 5462 545 5530 est,
596 5462 983 5522 idcireo'hanc
1028 5462 1209 5521 vocem
1263 5467 1328 5517 ad
1381 5480 1471 5517 eas
1513 5466 1836 5531 quaestiones
1875 5462 2008 5515 Gre-

440 5539 622 5615 gorius
656 5538 1113 5602 accommodavit,
1157 5552 1187 5592 e
1223 5536 1417 5605 quibus
1456 5532 1701 5588 elabendi
1748 5532 1895 5585 nulla
1927 5537 2010 5586 est

440 5616 597 5659 ratio.
648 5624 666 5657 ι

512 5675 621 5744 (25)
664 5677 1022 5745 Νοσοκομία.
1066 5677 1195 5747 Reg.
1243 5691 1295 5743 c,
1324 5672 1662 5743 νοσοκομεῖα.
1704 5669 1885 5727 Potest
1927 5670 2010 5725 in~

2123 4637 2204 4680 rat
2230 4628 2473 4679 Basilius.

2212 4696 2302 4764 2i)
2341 4694 2529 4749 Κάτω.
2560 4694 2692 4764 Reg.

2210 4765 2302 4831 ‘25)
2353 4766 2416 4817 '0
2452 4765 2668 4831 Μίνως,
2693 4773 2798 4817 etc.
2834 4784 2852 4817 ι
2881 4765 3050 4818 Minos
3072 4784 3089 4817 ι
3125 4781 3219 4819 rex
3243 4766 3437 4828 Cretae,
3460 4776 3515 4820 et
3544 4767 3686 4821 Rha-

2118 4834 2439 4904 damanthus
2467 4834 2642 4904 Lycia:
2696 4835 2924 4904 reﬁx._0b
2972 4834 3295 4904 singularem
3335 4834 3601 4904 justitiam
3656 4854 3685 4889 ει

2117 4903 2344 4958 Plutone
2398 4902 2693 4958 inferorum
2739 4902 2950 4971 judices
3001 4902 3304 4970 coiIStituti,
3338 4902 3409 4958 ιιι
3462 4917 3688 4960 narrant

2153 4986 2308 5028 θείω.

2117 4990 2662 5115 νοὲίῗοβῌλυσίωτς.
2719 5042 2905 5115 Dictus
2960 5051 3046 5096 est
3096 5041 3185 5115 hic
3240 5040 3388 5115 locus
3437 5043 3685 5115 Elysius,

2108 5111 2530 5182 (ιιιιιδίἀλύσιος,
2568 5112 2672 5173 vel,
2695 5112 3028 5182 __dtrroittiato;
3060 5111 3159 5181 τῆς
3213 5111 3519 5177 κολάσεως,
3544 5118 3686 5182 quod

2114 5179 2140 5233 ι’
2174 5198 2203 5235 a
2239 5198 2394 5253 pmua
2421 5184 2611 5236 solvat.
2638 5200 2657 5253 ι
2694 5179 2818 5236 Haec
2841 5183 2959 5251 fuit,
2986 5179 3137 5251 juxta
3164 5193 3374 5251 poetas,
3405 5179 3685 5239 beatorum

2108 5256 2323 5321 requies
2353 5263 2405 5305 et
2432 5252 2711 5305 habitatio.

2179 5319 2292 5393 (27)
2332 5323 2601 5393 Βιβλίων.
2636 5323 2875 5393 Quatuor
2908 5319 3076 5393 Regg.
3116 5330 3171 5376 et
3200 5322 3291 5378 0r.
3316 5322 3371 5387 9,
3400 5322 3619 5393 βίϐλων.

2179 5388 2291 5463 (28)
2336 5388 2674 5463 Οὖνηυερει
2698 5392 2749 5444 ἱιι
2774 5390 2907 5463 Reg.
2940 5388 3112 5446 bm'et
3133 5395 3225 5446 Ur.
3254 5393 3307 5444 2.

2178 5461 2289 5599 (29)
2329 5461 2557 5530 Φορτίς.
2578 5461 2711 5531 Reg.
2736 5461 2828 5529 ph.
2854 5463 3091 5532 φροντίς,
3118 5482 3135 5513 ι
3161 5476 3309 5527 cura,
3328 5461 3680 5516 sollicitudo.»

2179 5535 2269 5599 (30
2330 5532 2648 5599 Γαδείρων.
2686 5549 2704 5581 ι
2735 5531 2911 5584 Gades
2941 5550 2958 5581 ι
3001 5532 3150 5586 locus
3193 5542 3275 5585 est
3316 5534 3456 5585 inter
3488 5532 3680 5598 llispa-

2179 5531 2289 5603 (30)
2330 5532 2648 5599 Γαδείρων.
2686 5549 2705 5603 ι
2735 5531 2911 5584 Gades
2941 5550 2958 5581 ι
3001 5532 3150 5586 locus
3193 5542 3275 5603 est
3316 5534 3456 5585 inter
3488 5532 3684 5598 llispa-

2109 5602 2251 5658 niam
2283 5612 2336 5657 et
2363 5603 2621 5663 Africam,
2659 5602 2748 5654 ubi
2781 5616 2927 5655 mare
2957 5602 3283 5669 permeabile
3315 5617 3434 5656 esse
3462 5603 3689 5669 negavit

2111 5674 2416 5731 antiquitas.
2452 5671 2599 5727 Unde
2630 5674 2845 5727 ductqu
2873 5685 2953 5726 ρει
2978 5672 3115 5727 istud
3148 5672 3415 5742 adagium.

2726 4695 2817 4764 ph,
2851 4695 2983 4761 ἄνω,
3027 4712 3047 4746 ι
3080 4710 3311 4750 sursum.
3344 4713 3365 4748 ι
