4050 6298
302 252 401 330 59.9

1104 281 1362 338 ORATIO
1403 284 1584 340 XLIII.
1625 318 1693 326 —
1732 289 1797 343 IN
1839 289 2120 347 LAUDEM
2161 295 2406 351 BASILII
2449 298 2682 355 M.\GNI.

3439 316 3545 371 530

296 388 579 458 ἐκδημίας,
616 389 880 458 ἐξιτήριοι
908 391 1077 461 λόγοι,
1127 396 1485 467 προπόμπιοι,
1528 400 1871 473 ἀνακλήσεις,

1978 397 2285 478 conceptas,
2322 423 2483 481 atque
2508 415 2647 468 inter
2672 430 2765 468 nos
2798 431 3122 486 compactas,
3149 425 3538 493 arriperemus.

293 479 542 549 οίμωγαὶ,
583 480 933 550 περιπλοκαὶ,
975 484 1203 555 δάκρυα.
1244 487 1409 539 Οὐδὲν
1455 488 1563 559 γάρ
1589 489 1760 555 οὕτως
1781 497 1873 546 οὑ-

290 571 396 623 δενὶ
425 569 543 640 (51)
569 570 835 642 λυπηρὸν,
865 573 940 636 ὡς
980 578 1094 638 τοῖς
1142 578 1320 629 ἐκεῖσε
1366 580 1671 650 συννόμοις,
1720 584 1874 655 Ἀθη-

292 659 413 724 νῶν,
463 662 559 712 καὶ
597 660 842 733 ἀλλήλων
889 663 1184 737 τέμνεσθαι
1227 665 1361 735 (52).
1418 667 1631 723 Γίνεται
1663 671 1726 742 δὴ
1752 672 1873 725 τότε

293 748 471 817 θέαμά
508 766 561 802 τι
616 750 849 805 ἐλεεινὸν
889 753 981 805 καὶ
1033 753 1272 825 ἱστορίας
1310 752 1477 819 ἄξιον.
1515 758 1876 827 Περιστάντες

292 843 439 911 ἡμᾶς
467 843 497 894 ὁ
531 843 641 898 τῶν
673 844 907 915 ἑταίρων
950 845 1046 898 καὶ
1089 846 1291 915 ήλίκων
1337 848 1515 917 χορὸς,
1561 849 1676 902 ἔστι
1717 850 1773 903 δὲ
1800 845 1873 903 ὧν

290 934 382 985 καὶ
408 934 764 1000 διδασκάλων,
818 936 928 990 οὐδ’
989 937 1076 1003 ἂν,
1135 937 1189 990 εἴ
1234 956 1289 991 τι
1331 940 1562 1007 γένοιτο,
1619 942 1874 1012 μεθήσειν

287 1024 544 1094 ἔφασκον,
592 1027 1042 1092 ἀντιϐολοῦντες,
1087 1027 1427 1100 βιαζόμενοι,
1476 1030 1778 1097 πείθοντες·
1822 1036 1874 1087 τί

286 1120 393 1191 γὰρ
420 1122 484 1173 οὑ
528 1121 811 1189 λέγοντες
839 1122 891 1175 τί
934 1123 980 1175 δ’
1022 1124 1084 1177 οὑ
1115 1124 1466 1195 πράττοντες,
1497 1118 1571 1179 ὧν
1604 1128 1730 1190 τοὺς
1761 1126 1871 1199 (55)

284 1210 588 1279 ἀλγοῦντας
616 1213 800 1279 είκός;
832 1213 1096 1268 Ἐνταῦθα
1118 1231 1171 1267 τι
1193 1217 1558 1289 κατηγορήσω
1585 1218 1684 1288 μὲν
1707 1221 1875 1289 ἐμαυ-

283 1300 402 1367 τοῦ,
432 1304 797 1375 κατηγορήσω
820 1305 877 1357 δὲ
905 1306 1003 1375 τῆς
1051 1306 1202 1370 θείας
1245 1308 1462 1378 ἐκείνης
1492 1309 1588 1363 καὶ
1627 1311 1868 1382 ἀλήπτου

282 1392 487 1463 ψυχῆς,
524 1395 571 1446 εί
621 1395 715 1448 καὶ
761 1394 1054 1467 τολμηρόν.
1108 1398 1168 1450 Ὁ
1221 1398 1322 1469 μὲν
1369 1400 1508 1471 γὰρ,
1551 1401 1651 1465 τὰς
1692 1405 1873 1468 αίτίας

284 1486 456 1539 είπὼν
478 1488 579 1557 τῆς
616 1487 743 1559 περὶ
788 1488 886 1559 τὴν
927 1488 1187 1543 ἐπάνοδον
1227 1490 1578 1559 φιλονεικίας,
1611 1494 1872 1564 κρείττων

283 1574 440 1646 ὤφθη
469 1576 579 1628 τῶν
606 1577 941 1647 κατεχόντων
960 1596 977 1612 ο
1018 1580 1110 1633 καὶ
1160 1579 1250 1650 βία
1284 1582 1405 1651 μὲν,
1453 1583 1801 1655 συνεχωρήθη
1826 1584 1870 1636 δ’

281 1660 377 1716 οὖν
407 1665 559 1735 ὅμως
596 1665 694 1736 τὴν
739 1667 1023 1737 ἐκδημίαν.
1067 1667 1207 1737 Ἐγὼ
1257 1669 1314 1721 δὲ
1356 1670 1683 1741 ὑπελείφθην
1717 1672 1873 1743 Ἀθή-

1977 499 2176 553 Aderat
2230 502 2500 558 discessus
2551 506 2685 569 dies,
2736 515 2791 561 et
2828 511 3085 579 quidquid
3122 514 3187 567 ad
3239 515 3535 573 discessum

1975 591 2323 657 pertinebat,
2361 606 2615 650 extrema:
2670 598 3022 656 allocutiones
3052 642 3067 669 ,
3110 609 3541 671 prosecutiones.

1978 684 2381 749 revocationes,
2416 688 2665 754 gemitus,
2712 693 3044 760 complexus,
3095 694 3365 765 lacrymze.
3401 699 3543 754 Nihil

1975 775 2117 828 enim
2162 777 2411 846 cuiquam
2443 780 2662 847 perinde
2698 782 2977 838 molestum
3026 795 3082 841 et
3137 794 3391 844 acerbum
3438 806 3544 863 est,

1976 872 2031 917 ut
2066 865 2149 931 iis,
2178 866 2268 934 qui
2302 867 2412 921 illic
2439 868 2597 923 simul
2627 873 2836 928 educati
2868 884 3016 941 sunt,
3043 887 3097 933 et
3140 880 3206 935 ab
3229 883 3460 939 Athenis
3491 895 3546 940 et

1978 955 2118 1009 inter
2146 971 2202 1011 se
2232 957 2431 1013 divelli.
2471 958 2605 1013 Tum
2654 963 2815 1031 igitur
2869 966 3021 1021 triste
3068 978 3121 1023 et
3171 972 3427 1027 miserum
3478 990 3542 1031 ae

1975 1048 2488 1103 commemoratione
2562 1050 2779 1120 dignum
2876 1059 3243 1124 spectaculum
3322 1064 3538 1118 accidit.

1975 1133 2342 1191 Circumstare
2393 1153 2492 1192 nos
2521 1139 2786 1193 sodalium
2817 1151 2872 1196 et
2913 1144 3221 1211 a‘qttalium,
3252 1151 3541 1203 nonnullo-

1976 1240 2201 1294 rumque
2231 1228 2395 1281 etiam
2427 1230 2809 1300 magistrorum
2840 1232 3059 1299 chorus,
3100 1249 3319 1303 prorsus
3345 1252 3543 1306 negare

1975 1331 2035 1371 se
2064 1318 2217 1373 nobis
2266 1318 2493 1374 abeundi
2548 1330 2870 1388 potestatem
2914 1323 3189 1393 facturos,
3221 1329 3538 1395 obsecrare,

1975 1421 2187 1475 cogere,
2213 1409 2439 1475 hortari,
2476 1411 2638 1481 790
2659 1416 2839 1467 omnia
2871 1415 3103 1485 denique
3134 1431 3198 1472 ea
3233 1426 3345 1472 tum
3395 1420 3543 1474 face-

1972 1511 2053 1563 re,
2088 1507 2196 1551 tum
2221 1499 2421 1566 dicere,
2440 1517 2559 1570 quae
2583 1504 2878 1558 verisimile
2902 1514 2985 1560 est
3007 1522 3120 1568 eos.
3147 1508 3238 1577 qui
3272 1509 3325 1564 in
3355 1510 3541 1567 dolore

1973 1599 2281 1642 versantur.
2320 1588 2431 1643 Hoc
2466 1591 2584 1645 loco
2624 1591 2840 1659 faciam,
2876 1603 2935 1647 ut
2977 1606 3033 1650 et
3082 1598 3345 1668 meipsum
3373 1610 3427 1655 et
3460 1601 3543 1654 (li-

1974 1679 2151 1734 vinam
2188 1680 2330 1735 illam
2352 1696 2416 1737 ac
2444 1684 2970 1753 irreprchensibilem
3003 1691 3259 1755 animam,
3290 1692 3415 1746 licet
3438 1693 3541 1747 hoc

282 1768 410 1823 νῃσι
429 1770 443 1782 ο
472 1753 534 1805 τὸ
560 1754 658 1823 μέν
679 1771 732 1807 τι
766 1755 1123 1824 μαλακισθεὶς
1146 1758 1447 1830 (εἰρήσεται
1475 1759 1583 1830 γὰρ
1597 1761 1873 1832 τάληθὲς),

1976 1768 2236 1824 audacius
2267 1770 2541 1840 aliquanto
2568 1774 2735 1828 videri
2764 1776 2965 1846 possit,
2996 1778 3242 1832 nonnihil
3269 1794 3539 1835 accusem.

281 1845 343 1897 τὸ
387 1845 445 1899 δέ
506 1863 558 1897 τι
613 1845 894 1916 προδοθεὶς
947 1851 1077 1920 παρ’
1127 1850 1368 1914 ἐκείνου,
1418 1851 1731 1915 πεισθέντος
1760 1853 1870 1925 (54)

280 1936 505 2003 ἀφεῖναι
539 1936 614 2007 μὴ
644 1938 893 2006 ἀφιέντα,
929 1940 1025 1993 καὶ
1055 1942 1456 2013 παραχωρῆσαι
1494 1947 1606 2008 τοῖς
1636 1944 1867 1997 ἕλκουσι.

281 2027 551 2098 Ιῐρᾶγμα,
588 2028 717 2099 πρὶν
762 2030 1037 2098 γενέσθαι,
1088 2032 1163 2103 μὴ
1207 2034 1619 2105 πιστευόμενον·
1665 2036 1872 2104 γίνεται

284 2120 396 2190 γὰρ
420 2118 614 2192 ὥσπερ
641 2120 759 2184 ἑνὸς
788 2119 1037 2192 σώματος
1067 2126 1148 2185 εἰς
1172 2125 1266 2176 δύο
1305 2126 1469 2198 τομὴ,
1500 2126 1595 2180 καὶ
1634 2129 1872 2197 ἀμφοτέ-

270 2219 400 2278 ’ρων
434 2208 701 2279 νέκρωσις
727 2226 741 2240 ⁸
778 2210 810 2281 ἢ
849 2211 1063 2280 μόσχων
1106 2213 1419 2284 συντρόφων
1464 2217 1558 2268 καὶ
1590 2217 1872 2286 όμοζύγων

286 2299 578 2366 διάζευξις,
609 2302 799 2373 γοερὸν
831 2302 941 2373 ('55)
977 2306 1316 2377 μυκωμένων
1363 2308 1449 2361 ἐπ’
1475 2309 1742 2380 ἀλλήλοις,
1780 2312 1873 2364 καὶ

287 2393 346 2444 οὐ
379 2392 654 2461 φερόντων
697 2393 796 2466 τὴν
843 2395 1217 2469 ἀλλοτρίωσιν.
1259 2400 1333 2451 Οὑ
1388 2402 1493 2471 μὴν
1538 2402 1872 2474 μακρότερόν

292 2501 379 2554 μοι
404 2483 517 2551 (36)
548 2484 609 2537 τὸ
635 2486 738 2556 τῆς
764 2485 999 2557 ζημίας·
1033 2490 1092 2542 οὑ
1139 2490 1247 2562 γάρ
1283 2492 1577 2564 ἠνειχόμην
1612 2495 1722 2565 (57)
1752 2496 1871 2547 ὲπι-

290 2573 473 2627 πλεῖον
500 2575 732 2639 ἐλεεινὸς
772 2577 1023 2647 ὁρᾶσθαι,
1057 2582 1152 2633 καὶ
1177 2583 1310 2635 πᾶσι
1346 2583 1499 2653 λόγον
1525 2586 1749 2656 ὑπέχειν
1774 2588 1874 2658 τῆς

288 2663 621 2729 διαστάσεως
646 2682 659 2696 ·
697 2667 811 2720 ἀλλ’
840 2670 1197 2740 ὲπιμείναντά
1224 2691 1290 2743 με
1322 2679 1441 2740 ταῖς
1478 2677 1728 2748 Ἀθήναις
1751 2680 1874 2749 χρό-

252 2762 257 2765 ’
290 2772 375 2808 νον
407 2757 529 2828 οὑχὶ
576 2760 783 2829 συχνὸν,
823 2765 969 2815 ποιεῖ
1010 2764 1103 2819 τὸν
1153 2766 1449 2837 Ὁμηρικὸν
1501 2769 1665 2823 ἵππον
1703 2771 1811 2842 (58)
1845 2773 1873 2824 ὁ

292 2848 453 2912 πόθος
478 2864 492 2878 ·
536 2850 630 2901 καὶ
669 2850 740 2904 τά
784 2851 958 2924 δεσμὰ
1005 2855 1174 2927 ῥήξας
1216 2858 1326 2928 (59)
1370 2859 1478 2913 τῶν
1515 2862 1869 2932 κατεχόντων,

291 2939 529 3010 κροαίνω
575 2942 720 2995 κατὰ
756 2944 974 3009 πεδίων,
1009 2947 1103 2999 καὶ
1147 2949 1282 3018 πρὸς
1326 2950 1415 3003 τὸν
1455 2951 1714 3024 σύννομον
1748 2954 1873 3023 ἐφεο

246 3052 264 3067 ’
293 3029 486 3101 ρόμηνο

1974 1857 2066 1913 ltle
2098 1862 2242 1914 enim
2269 1900 2283 1925 ,
2321 1876 2442 1916 cum
2478 1878 2670 1919 causas
2715 1866 3095 1935 exposuisset,
3135 1884 3232 1922 cur
3265 1871 3330 1924 de
3367 1873 3540 1925 reditu

1972 1965 2073 2007 suo
2105 1961 2211 2008 tam
2238 1954 2435 2010 obnixe
2476 1956 2866 2022 contenderet,
2900 1958 2999 2024 iis,
3025 1960 3112 2027 qui
3146 1975 3266 2014 eum
3308 1963 3542 2017 retinere

1974 2044 2328 2112 conabantur,
2365 2048 2612 2117 superior
2653 2050 2892 2116 exstitit;
2938 2060 2993 2104 et
3033 2066 3341 2120 quanquam
3375 2067 3541 2122 aegre,

1975 2136 2204 2191 abeundi
2239 2147 2416 2192 tamen
2470 2140 2785 2195 facultatem
2845 2128 3169 2209 iuipelravit.
3213 2144 3323 2211 Ego
3357 2156 3537 2199 autem

1973 2228 2202 2283 Athenis
2224 2229 2441 2283 relictus
2462 2245 2615 2297 sum;
2646 2232 2864 2298 partim,
2899 2243 2955 2286 ut
2976 2249 3100 2287 vere
3146 2233 3361 2302 loquar,
3387 2237 3525 2289 ami«

1975 2333 2160 2372 eorum
2209 2317 2459 2387 precibus
2485 2319 2784 2386 emollitus;
2835 2322 3028 2389 partim
3069 2323 3137 2376 ab
3172 2324 3286 2391 ipso
3311 2325 3538 2392 quadam

1975 2424 2040 2461 ex
2071 2417 2225 2479 parte
2249 2408 2518 2478 proditus,
2552 2418 2608 2465 ut
2648 2410 2737 2479 qui
2770 2427 2835 2465 eo
2878 2426 2937 2464 se
2988 2414 3180 2467 adduci
3210 2430 3400 2482 passus
3447 2416 3541 2475 sit.

1975 2511 2034 2553 ut
2096 2502 2394 2557 dimitteret
2450 2517 2557 2556 non
2611 2502 3008 2568 dimittentem,
3046 2504 3238 2574 iisque,
3277 2521 3306 2557 a
3344 2506 3542 2575 quibus

1974 2593 2248 2660 trahebar,
2299 2610 2492 2649 manus
2536 2594 2709 2649 daret.
2766 2594 2871 2650 Res
2931 2594 3211 2665 profecto,
3253 2606 3541 2668 antequam

1974 2685 2288 2754 contigisset
2310 2725 2324 2749 ,
2355 2685 2720 2740 incredibilis!
2759 2685 2843 2739 Fit
2868 2687 3009 2739 enim
3034 2687 3195 2755 quasi
3231 2688 3388 2741 unius
3417 2702 3543 2742 cor-

1974 2777 2119 2847 poris
2147 2777 2199 2830 in
2251 2778 2385 2831 duas
2414 2786 2600 2847 partes
2624 2777 2815 2842 sectio,
2853 2786 3015 2845 atque
3058 2779 3337 2848 utriusque
3377 2780 3545 2835 inter-

1974 2870 2204 2937 emptio;
2256 2877 2350 2923 aut
2413 2869 2595 2932 boum,
2639 2867 2732 2938 qui
2782 2869 2941 2923 simul
2973 2871 3162 2924 nutriti
3195 2879 3353 2937 sunt,
3381 2880 3543 2940 atque

1974 2959 2115 3013 idem
2144 2959 2330 3030 jugum
2361 2969 2664 3025 traxerunt,
2699 2959 3004 3029 disjunctio,
3034 2959 3254 3029 lugubre
3284 2962 3538 3030 quiddam

1977 3051 2255 3119 utriusque
2285 3065 2449 3104 causa
2500 3049 2878 3119 mugientium,
2916 3048 3306 3117 dissidiumque
3331 3064 3543 3116 permo-

290 3120 424 3175 leste
454 3120 763 3180 ferentium.
797 3124 905 3180 Nec
940 3135 1118 3182 tamen
1159 3131 1211 3185 in
1246 3131 1459 3202 longum
1495 3136 1623 3190 mihi
1694 3139 1955 3206 producta
2026 3149 2109 3195 est
2160 3142 2274 3197 haac
2326 3140 2638 3208 calamitas;
2708 3156 2878 3210 neque
2920 3138 3061 3193 enim
3127 3139 3328 3194 diutius
3378 3139 3542 3193 miser

288 3217 552 3284 conspici,
589 3229 894 3287 nostraeque
923 3220 1299 3289 disjunctiouis
1330 3229 1591 3283 rationem
1624 3232 1876 3287 (nauibus
1918 3210 2143 3288 reddere
2180 3236 2444 3302 sustinui;
2486 3236 2583 3292 sed
2614 3251 2722 3290 non
2787 3236 2859 3289 ita
2897 3235 3064 3287 multo
3092 3242 3330 3300 tempore
3370 3233 3531 3287 Athe-

292 3309 373 3363 nis
434 3320 620 3378 postea
671 3320 1078 3377 commoratus,
1108 3326 1169 3371 ut
1223 3333 1332 3388 pra:
1378 3318 1545 3373 animi
1593 3320 1860 3376 desiderio
1898 3335 2093 3391 equum
2170 3324 2316 3379 illum
2370 3325 2710 3381 Homericum
2761 3325 2964 3386 imitor,
3015 3320 3403 3392 perfractisque
3449 3337 3541 3375 eo-

291 3420 447 3471 rum,
514 3421 541 3457 a
600 3407 797 3475 quibus
851 3408 1149 3474 retinebar,
1227 3407 1454 3462 vinculis
1544 3424 1765 3480 campos
1845 3412 2071 3482 pedibus
2121 3415 2294 3483 pulso,
2355 3425 2516 3485 atque
2562 3416 2628 3471 ad
2672 3413 2909 3472 sodalem
2973 3426 3152 3467 meum
3210 3412 3407 3480 impetu
3459 3412 3540 3468 fe-

289 3516 349 3555 ΙὊ
355 3517 400 3557 r.

358 3594 487 3647 KE'.
532 3593 622 3655 Ὠς
643 3592 687 3646 δ’
717 3587 810 3646 οῦν
837 3593 1192 3663 ὲπανήκαμεν
1219 3593 1350 3665 (40),
1381 3594 1553 3666 μικρὰ
1576 3596 1652 3665 τῷ
1683 3596 1871 3669 κόσμῳ

2045 3598 2209 3654 XXV.
2241 3598 2467 3652 Domum
2498 3606 2676 3651 autem
2710 3610 2935 3659 reversi,
2961 3610 3082 3649 cum
3114 3593 3311 3648 mundo
3334 3608 3396 3647 ac
3419 3608 3541 3659 see-

287 3686 381 3742 καὶ
400 3690 467 3758 τῇ
495 3690 669 3759 σκηνῇ
696 3688 1073 3757 χαρισάμενοι,
1113 3688 1205 3740 καὶ
1233 3688 1354 3741 ὅσον
1392 3688 1483 3740 τὸν
1523 3689 1630 3740 τῶν
1658 3688 1867 3741 πολλῶν

289 3778 453 3831 πόθον
484 3776 894 3846 ἀφοσιώσασθαι
941 3778 1052 3846 (41)
1094 3779 1174 3846 (οὑ
1206 3778 1313 3849 γὰρ
1337 3779 1490 3832 αὐτοί
1531 3797 1593 3848 γε
1651 3780 1868 3851 εἴχομεν

288 3867 732 3938 θεατρικῶς,οὑδ’
757 3868 1175 3938 ἐπιδεικτικῶς),
1192 3870 1421 3939 τάχιστα
1437 3871 1732 3941 ἐγενόμεθα
1758 3871 1867 3942 (42)

286 3962 443 4032 ἡμῶν
473 3961 673 4025 αὐτῶν,
707 3963 801 4017 καὶ
838 3960 1100 4031 τελοῦμεν
1136 3965 1214 4025 είς
1243 3962 1440 4032 ἄνδρας
1481 3964 1540 4027 ἐξ
1587 3965 1865 4033 ἀγενείων,

286 4052 688 4123 ἀνδρικώτερον
733 4055 797 4123 τῇ
845 4054 1133 4123 φιλοσοφίᾳ
1180 4054 1597 4124 προσϐαίνοντες
1624 4073 1636 4085 ’
1675 4056 1735 4109 οὑ
1773 4057 1868 4110 σὺν

286 4143 536 4214 ἀλλήλοις
595 4142 694 4213 μὲν
757 4143 837 4195 ἔτι
893 4144 974 4211 (οὑ
1028 4144 1137 4214 γάρ
1194 4144 1404 4214 ἀφῆκεν
1443 4146 1470 4197 ὁ
1510 4142 1744 4215 φθόνος),
1792 4144 1868 4214 τῷ

287 4234 439 4305 πόθῳ
482 4234 539 4287 δὲ
582 4235 675 4287 σὺν
722 4235 992 4306 ἀλλήλοις.
1042 4236 1147 4287 Τὸν
1193 4236 1290 4305 μὲν
1334 4236 1443 4307 γὰρ
1476 4238 1508 4306 ἡ
1546 4237 1868 4307 Καισαρέων

287 4325 506 4395 κατέχει
542 4324 652 4397 (45)
681 4326 852 4389 πόλις,
882 4326 958 4386 ὥς
990 4343 1111 4379 τινα
1140 4324 1390 4396 δεύτερον
1416 4328 1657 4399 οἰκιστήν
1690 4345 1747 4380 τε
1773 4326 1865 4380 καὶ

284 4416 571 4486 πολιοῐχον
594 4436 607 4448 ·
640 4416 831 4470 ἔπειτα
884 4417 1138 4487 ὲκδημίαι
1185 4418 1346 4482 τινὲς,
1398 4418 1582 4488 ἐπειδή
1617 4435 1679 4485 γε
1718 4418 1864 4489 ἡμᾶς

285 4508 385 4561 οὑκ
423 4502 562 4577 εἶχε,
614 4507 722 4560 τῶν
766 4508 1079 4576 ἀναγκαίων
1128 4507 1585 4577 ὑπολαμϐάνουσι,
1635 4510 1727 4561 καὶ
1769 4510 1869 4562 οὑκ

284 4597 394 4652 ἀπὸ
443 4597 645 4651 σκοποῦ
703 4599 802 4670 τῆς
851 4599 1219 4670 προκειμένης
1264 4598 1597 4668 φιλοσοφίας.
1642 4599 1770 4669 Ἐμὲ
1812 4599 1869 4652 δὲ

286 4689 542 4759 πατέρων
571 4690 843 4753 εὐλάϐεια,
880 4690 973 4744 καὶ
1010 4690 1317 4761 γηροκομία
1370 4690 1499 4761 (44),
1538 4691 1630 4743 καὶ
1666 4708 1871 4761 συμφο-

1976 3705 2056 3743 na:
2117 3687 2359 3742 nonnihil
2397 3686 2856 3750 inserviissemus,
2907 3685 3165 3739 hactenus
3220 3683 3445 3745 scilicet,
3484 3690 3541 3736 ut

1979 3780 2365 3848 permnltorum
2422 3778 2690 3834 desiderio
2739 3786 3014 3844 utcunque
3062 3773 3537 3839 satisfaceremus;

1976 3886 2099 3923 nam
2141 3872 2238 3940 ipsi
2274 3870 2490 3939 quidem
2526 3871 2592 3924 ab
2629 3869 2923 3924 ambitione
2950 3882 3013 3921 ac
3046 3866 3309 3921 theatrica
3338 3864 3541 3933 ingenii

1976 3964 2334 4017 Ostentatione
2365 3960 2825 4026 abhorrebamus;
2869 3960 3007 4029 juris
3050 3958 3218 4013 nostri
3261 3956 3540 4027 quampri-

1977 4068 2119 4107 mum
2162 4052 2445 4117 eﬂicimur,
2492 4062 2657 4121 atque
2708 4068 2775 4107 ex
2836 4051 3168 4106 imberbibus
3222 4050 3360 4103 inter
3394 4047 3540 4102 viros

1975 4160 2288 4210 censemur,
2325 4144 2519 4198 fortius
2548 4159 2612 4197 ac
2645 4143 2851 4197 virilius
2882 4145 2949 4196 ad
2976 4140 3367 4210 phil050phiam
3390 4153 3541 4193 acce-

1974 4237 2163 4291 dentes
2182 4274 2197 4299 ,
2229 4250 2334 4288 non
2358 4234 2572 4302 quidem
2594 4232 2703 4301 jam
2728 4246 2953 4300 corpore
2978 4232 3142 4299 {haud
3164 4232 3305 4284 enim
3329 4229 3541 4283 sinebat

1972 4327 2157 4396 livor),
2190 4327 2282 4381 sed
2315 4324 2583 4379 desiderio
2617 4332 2671 4378 et
2717 4337 2902 4377 amore
2937 4321 3229 4390 conjuncti.
3267 4320 3358 4373 llle
3391 4321 3539 4373 enim

1975 4434 2003 4472 a
2034 4417 2351 4473 Czesariensi
2378 4414 2594 4468 civitate
2615 4451 2629 4477 ,
2664 4422 2720 4466 ut
2758 4412 2892 4465 alter
2919 4412 3180 4481 quispiam
3213 4411 3459 4464 conditor
3485 4420 3541 4465 et

1974 4518 2340 4571 conservator,
2394 4505 2693 4569 retinetur;
2756 4518 2817 4556 ac
2873 4503 3086 4567 deinde,
3146 4500 3398 4570 quoniam
3452 4516 3540 4554 me

1976 4600 2216 4664 carebat,
2260 4598 2598 4653 necessarias
2624 4596 2884 4664 quasdam
2938 4594 3419 4664 peregrinationes,
3446 4593 3541 4645 nii—

1977 4693 2226 4759 ninieque
2274 4705 2301 4743 a
2338 4687 2622 4757 proposita:
2661 4686 2762 4740 sibi
2806 4684 3155 4753 philosOphia:
3193 4698 3355 4750 scopo
3403 4683 3535 4735 alie-

289 4778 401 4850 ρῶν
428 4778 796 4845 ἐπανάστασις
825 4780 1192 4851 κατασχοῦσα,
1215 4780 1307 4833 τοῦ
1332 4780 1521 4851 ἀνδρὸς
1558 4780 1860 4851 ἀπήγαγεψ

1974 4796 2089 4846 nas,
2117 4780 2251 4834 iniit.
2282 4778 2348 4831 At
2385 4792 2490 4843 me,
2524 4786 2575 4829 et
2610 4776 2778 4844 pietas
2812 4792 2938 4843 erga
2968 4785 3241 4842 parentes,
3274 4780 3328 4827 et
3349 4771 3535 4826 senilis

378 4937 471 5007 δι)
514 4938 747 4993 orem.
790 4939 920 5009 Reg.
947 4940 1037 5009 ph,
1061 4942 1169 4994 οὐδ’
1204 4941 1304 4995 ὲνί.

352 5008 466 5077 (52)
511 5008 1261 5079 Iéyrso‘liatxinnonnullis.
1288 5009 1696 5079 συντέμνεσθαι.

355 5074 471 5151 (53)
499 5074 625 5151 *τόν
662 5081 824 5151 τούς.
871 5082 973 5151 δῖοί
998 5082 1175 5151 plures
1218 5082 1410 5151 Regg.,
1450 5074 1633 5148 plures
1683 5078 1861 5143 Colb.,

280 5146 451 5200 Coisl.
492 5147 545 5209 1,
583 5161 687 5202 etc.
718 5149 772 5202 In
801 5151 913 5213 ed.,
947 5146 1021 5213 ὡς
1048 5150 1196 5214 τούς.

310 5217 886 5290 ζ(ξῖιίνίῌεισθςέίντος.
945 5220 1036 5274 Sic
1089 5223 1324 5290 quinque
1368 5220 1558 5286 Regg.,
1610 5220 1858 5290 undecim

280 5284 464 5361 Colb.,
500 5288 665 5361 Qeisl.
706 5290 756 5354 I,
791 5291 1005 5361 (.hrys.,
1038 5284 1131 5343 0r.
1171 5284 1414 5356 2,'Par.,
1450 5284 1638 5355 ‘Pass.,
1663 5300 1769 5345 etc.
1805 5288 1857 5342 In

281 5357 367 5408 ed.
380 5395 395 5415 .
432 5356 729 5421 πείθοντος.

510 5429 749 5501 [οερόν.
775 5428 988 5489 Comb.,
1022 5430 1249 5501 γοερῶς.

377 5495 469 5562 36)
508 5495 644 5553 Μοι.
683 5499 811 5563 Iicg.
855 5514 903 5563 c,
952 5495 1177 5554 Coislfl
1216 5514 1270 5553 et
1295 5499 1446 5553 Pass.
1489 5500 1708 5563 addunt,
1738 5516 1859 5553 συνο

279 5561 403 5633 έὸη,
445 5561 464 5614 ι
502 5566 629 5618 mihi
661 5561 929 5622 accidit.)

352 5633 469 5701 (57l
504 5634 886 5709 _'HrStzd}tnr.
918 5638 1081 5709 Regg.
1122 5642 1234 5706 hin,
1278 5639 1371 5709 ph,
1412 5641 1593 5694 decem
1627 5637 1775 5694 Colb.
1811 5648 1865 5695 et

281 5699 465 5769 Pass”
496 5699 821 5776 ἠνεσχόμῆνξ

2205 4936 2522 5007 Ὁμηρικὸν
2546 4936 2753 4991 ἵππον.
2782 4935 2913 4990 Vide
2938 4932 3153 4988 Homer.
3180 4930 3341 4985 Iliad.
3367 4930 3459 4987 lib.
3477 4947 3533 4987 νι

1971 5013 2437 5147 ευίῦὲῗεξὲίξξας.
2475 5076 2611 5141 Reg.
2644 5076 2698 5147 ti.
2736 5074 2899 5147 Cois].
2936 5072 2991 5139 Ξ,
3026 5071 3347 5147 διαρρήξας.

2042 5141 2151 5215 (40)
2204 5141 2630 5216 Ἐπανήκαμεν.
2668 5146 2833 5215 Iiegg.
2856 5144 2965 5211 bm,
3000 5144 3067 5212 ph
3099 5141 3265 5198 «ξιον.
3288 5142 3342 5204 ‘2,
3373 5141 3538 5192 ἐπαν-

1971 5220 2700 5358 ήκῖᾕῖν.’Λεροσιώσασθαι.
2735 5283 2825 5339 Sic
2856 5283 3010 5338 codd.
3046 5282 3098 5335 in
3142 5282 3252 5347 ed.,
3281 5277 3537 5348 ἀφωσιώ-

1968 5360 2455 5501 σαῗὲἕ)ι.Τάχιστα
2496 5423 2845 5501 ἐγενόμεθα,
2892 5431 2995 5478 etc.
3032 5417 3539 5501 Nicctasrxponit,

1973 5518 1991 5549 ι
2031 5500 2137 5550 ritu
2170 5495 2401 5564 quietem
2432 5506 2485 5548 et
2515 5495 2855 5561 tranquillum
2900 5495 3353 5560 recuperuviuius.
3393 5505 3413 5538 ι

2039 5569 2149 5632 (i3)
2191 5565 2455 5632 Κίιτὲχει.
2505 5565 2630 5628 Iit-:4.
2668 5564 2755 5632 ph,
2794 5564 3034 5630 κατεῖχε.

2040 5628 2149 5708 (LI)
2187 5628 2542 5705 ι’τιροκομίίι.
2580 5628 2745 5699 Otii,
2777 5628 3116 5703 γηρωκομία.
