  <div class='ocr_page' id='page_1' title='image "/cluster/home/n/w/nwhite01/storage/ocr_20150623/36/hvd.32044024464877/291.png"; bbox 0 0 4050 6298; ppageno 0'>
   <div class='ocr_carea' id='block_1_1' title="bbox 486 262 587 339">
    <p class='ocr_par' dir='ltr' id='par_1_1' title="bbox 486 262 587 339">
     <span class='ocr_line' id='line_1_1' title="bbox 486 262 587 339; baseline -0.01 -23"><span class='ocrx_word' id='word_1_1' title='bbox 486 262 587 339; x_wconf 62' lang='grc' dir='ltr'><strong>εει</strong></span> 
     </span>
    </p>
   </div>
   <div class='ocr_carea' id='block_1_2' title="bbox 1688 265 2506 325">
    <p class='ocr_par' dir='ltr' id='par_1_2' title="bbox 1688 265 2506 325">
     <span class='ocr_line' id='line_1_2' title="bbox 1688 265 2506 325; baseline 0.004 -4"><span class='ocrx_word' id='word_1_2' title='bbox 1688 265 1744 321; x_wconf 89' lang='lat' dir='ltr'><strong>S.</strong></span> <span class='ocrx_word' id='word_1_3' title='bbox 1788 265 2119 324; x_wconf 80' lang='lat' dir='ltr'><strong>GREGORII</strong></span> <span class='ocrx_word' id='word_1_4' title='bbox 2156 267 2506 325; x_wconf 79' lang='lat' dir='ltr'><strong>THEOLOGI</strong></span> 
     </span>
    </p>
   </div>
   <div class='ocr_carea' id='block_1_3' title="bbox 3648 246 3755 340">
    <p class='ocr_par' dir='ltr' id='par_1_3' title="bbox 3648 246 3755 340">
     <span class='ocr_line' id='line_1_3' title="bbox 3648 246 3755 340; baseline 0.019 -2"><span class='ocrx_word' id='word_1_5' title='bbox 3648 246 3755 340; x_wconf 63' lang='grc' dir='ltr'><strong>ἐπε</strong></span> 
     </span>
    </p>
   </div>
   <div class='ocr_carea' id='block_1_4' title="bbox 484 382 2045 470">
    <p class='ocr_par' dir='ltr' id='par_1_4' title="bbox 484 382 2045 456">
     <span class='ocr_line' id='line_1_4' title="bbox 484 382 2045 456; baseline 0.006 -21"><span class='ocrx_word' id='word_1_6' title='bbox 484 382 661 438; x_wconf 75' lang='lat' dir='ltr'><strong>aetatis</strong></span> <span class='ocrx_word' id='word_1_7' title='bbox 717 397 846 438; x_wconf 90' lang='lat' dir='ltr'><strong>cura</strong></span> <span class='ocrx_word' id='word_1_8' title='bbox 906 390 960 437; x_wconf 89' lang='lat' dir='ltr'><strong>et</strong></span> <span class='ocrx_word' id='word_1_9' title='bbox 1012 382 1351 438; x_wconf 88' lang='lat' dir='ltr'><strong>incursantes</strong></span> <span class='ocrx_word' id='word_1_10' title='bbox 1401 384 1781 456; x_wconf 73' lang='lat' dir='ltr'><strong>calamitates,</strong></span> <span class='ocrx_word' id='word_1_11' title='bbox 1814 389 1882 444; x_wconf 90' lang='lat' dir='ltr'><strong>ab</strong></span> <span class='ocrx_word' id='word_1_12' title='bbox 1917 390 2045 445; x_wconf 70' lang='lat' dir='ltr'><strong>illius</strong></span> 
     </span>
    </p>
   </div>
   <div class='ocr_carea' id='block_1_5' title="bbox 2154 382 3761 470">
    <p class='ocr_par' dir='ltr' id='par_1_5' title="bbox 2162 391 3761 470">
     <span class='ocr_line' id='line_1_5' title="bbox 2162 391 3761 470; baseline 0.01 -28"><span class='ocrx_word' id='word_1_13' title='bbox 2162 391 2223 443; x_wconf 82' lang='grc' dir='ltr'><strong>ού</strong></span> <span class='ocrx_word' id='word_1_14' title='bbox 2254 392 2435 455; x_wconf 79' lang='grc' dir='ltr'>καλῶς</span> <span class='ocrx_word' id='word_1_15' title='bbox 2472 393 2569 462; x_wconf 81' lang='grc' dir='ltr'><strong>μὲν</strong></span> <span class='ocrx_word' id='word_1_16' title='bbox 2616 393 2766 459; x_wconf 73' lang='grc' dir='ltr'>ἴσως,</span> <span class='ocrx_word' id='word_1_17' title='bbox 2815 395 2937 449; x_wconf 81' lang='grc' dir='ltr'>οὐδὲ</span> <span class='ocrx_word' id='word_1_18' title='bbox 2979 397 3221 462; x_wconf 79' lang='grc' dir='ltr'><strong>δικαίως,</strong></span> <span class='ocrx_word' id='word_1_19' title='bbox 3267 399 3521 470; x_wconf 85' lang='grc' dir='ltr'>ἀπήγαγε</span> <span class='ocrx_word' id='word_1_20' title='bbox 3565 401 3613 455; x_wconf 78' lang='grc' dir='ltr'>δ’</span> <span class='ocrx_word' id='word_1_21' title='bbox 3642 397 3761 462; x_wconf 81' lang='grc' dir='ltr'>οὖν.</span> 
     </span>
    </p>
   </div>
   <div class='ocr_carea' id='block_1_6' title="bbox 483 474 2063 549">
    <p class='ocr_par' dir='ltr' id='par_1_6' title="bbox 483 474 2063 549">
     <span class='ocr_line' id='line_1_6' title="bbox 483 474 2063 549; baseline 0.006 -23"><span class='ocrx_word' id='word_1_22' title='bbox 483 474 765 528; x_wconf 88' lang='lat' dir='ltr'><strong>consortio</strong></span> <span class='ocrx_word' id='word_1_23' title='bbox 797 477 1125 528; x_wconf 87' lang='lat' dir='ltr'><strong>abstractum</strong></span> <span class='ocrx_word' id='word_1_24' title='bbox 1162 482 1480 541; x_wconf 86' lang='lat' dir='ltr'><strong>tenuerunt;</strong></span> <span class='ocrx_word' id='word_1_25' title='bbox 1519 477 1659 532; x_wconf 90' lang='lat' dir='ltr'><strong>haud</strong></span> <span class='ocrx_word' id='word_1_26' title='bbox 1690 489 1835 534; x_wconf 87' lang='lat' dir='ltr'><strong>recte</strong></span> <span class='ocrx_word' id='word_1_27' title='bbox 1864 481 1916 535; x_wconf 95' lang='lat' dir='ltr'><strong>id</strong></span> <span class='ocrx_word' id='word_1_28' title='bbox 1941 482 2063 549; x_wconf 80' lang='lat' dir='ltr'><strong>qui-</strong></span> 
     </span>
    </p>
   </div>
   <div class='ocr_carea' id='block_1_7' title="bbox 482 559 2061 629">
    <p class='ocr_par' dir='ltr' id='par_1_7' title="bbox 482 559 2061 629">
     <span class='ocr_line' id='line_1_7' title="bbox 482 559 2061 629; baseline 0.007 -15"><span class='ocrx_word' id='word_1_29' title='bbox 482 560 603 614; x_wconf 85' lang='lat' dir='ltr'><strong>dem</strong></span> <span class='ocrx_word' id='word_1_30' title='bbox 640 559 889 626; x_wconf 76' lang='lat' dir='ltr'><strong>fortasse,</strong></span> <span class='ocrx_word' id='word_1_31' title='bbox 929 574 1027 615; x_wconf 90' lang='lat' dir='ltr'><strong>nec</strong></span> <span class='ocrx_word' id='word_1_32' title='bbox 1055 560 1219 629; x_wconf 87' lang='lat' dir='ltr'><strong>juste.</strong></span> <span class='ocrx_word' id='word_1_33' title='bbox 1255 564 1350 618; x_wconf 88' lang='lat' dir='ltr'><strong>sed</strong></span> <span class='ocrx_word' id='word_1_34' title='bbox 1393 574 1570 621; x_wconf 89' lang='lat' dir='ltr'><strong>tamen</strong></span> <span class='ocrx_word' id='word_1_35' title='bbox 1616 578 1924 625; x_wconf 90' lang='lat' dir='ltr'><strong>tenuerunt.</strong></span> <span class='ocrx_word' id='word_1_36' title='bbox 1959 571 2061 625; x_wconf 83' lang='lat' dir='ltr'><strong>At—</strong></span> 
     </span>
    </p>
   </div>
   <div class='ocr_carea' id='block_1_8' title="bbox 480 651 2061 726">
    <p class='ocr_par' dir='ltr' id='par_1_8' title="bbox 480 651 2061 726">
     <span class='ocr_line' id='line_1_8' title="bbox 480 651 2061 726; baseline 0.009 -24"><span class='ocrx_word' id='word_1_37' title='bbox 480 664 587 719; x_wconf 89' lang='lat' dir='ltr'><strong>que</strong></span> <span class='ocrx_word' id='word_1_38' title='bbox 636 651 777 704; x_wconf 85' lang='lat' dir='ltr'><strong>haud</strong></span> <span class='ocrx_word' id='word_1_39' title='bbox 830 652 966 717; x_wconf 84' lang='lat' dir='ltr'><strong>scio,</strong></span> <span class='ocrx_word' id='word_1_40' title='bbox 1007 668 1073 706; x_wconf 89' lang='lat' dir='ltr'><strong>an</strong></span> <span class='ocrx_word' id='word_1_41' title='bbox 1113 654 1243 708; x_wconf 93' lang='lat' dir='ltr'><strong>mihi</strong></span> <span class='ocrx_word' id='word_1_42' title='bbox 1293 654 1417 711; x_wconf 90' lang='lat' dir='ltr'><strong>hine</strong></span> <span class='ocrx_word' id='word_1_43' title='bbox 1447 671 1662 726; x_wconf 88' lang='lat' dir='ltr'><strong>quoque</strong></span> <span class='ocrx_word' id='word_1_44' title='bbox 1709 661 1887 715; x_wconf 91' lang='lat' dir='ltr'><strong>omnis</strong></span> <span class='ocrx_word' id='word_1_45' title='bbox 1936 662 2061 717; x_wconf 67' lang='lat' dir='ltr'><strong>vitae</strong></span> 
     </span>
    </p>
   </div>
   <div class='ocr_carea' id='block_1_9' title="bbox 480 741 2060 813">
    <p class='ocr_par' dir='ltr' id='par_1_9' title="bbox 480 741 2060 813">
     <span class='ocr_line' id='line_1_9' title="bbox 480 741 2060 813; baseline 0.009 -19"><span class='ocrx_word' id='word_1_46' title='bbox 480 741 771 797; x_wconf 80' lang='lat' dir='ltr'><strong>dill‘icultas</strong></span> <span class='ocrx_word' id='word_1_47' title='bbox 815 743 1189 813; x_wconf 82' lang='lat' dir='ltr'><strong>asperitasque</strong></span> <span class='ocrx_word' id='word_1_48' title='bbox 1237 755 1354 801; x_wconf 88' lang='lat' dir='ltr'><strong>orta</strong></span> <span class='ocrx_word' id='word_1_49' title='bbox 1400 748 1491 813; x_wconf 85' lang='lat' dir='ltr'><strong>sit,</strong></span> <span class='ocrx_word' id='word_1_50' title='bbox 1519 763 1582 802; x_wconf 89' lang='lat' dir='ltr'><strong>ac</strong></span> <span class='ocrx_word' id='word_1_51' title='bbox 1611 751 1947 806; x_wconf 84' lang='lat' dir='ltr'><strong>salebrosum</strong></span> <span class='ocrx_word' id='word_1_52' title='bbox 1992 754 2060 808; x_wconf 87' lang='lat' dir='ltr'><strong>ad</strong></span> 
     </span>
    </p>
   </div>
   <div class='ocr_carea' id='block_1_10' title="bbox 480 831 2059 912">
    <p class='ocr_par' dir='ltr' id='par_1_10' title="bbox 480 831 2059 912">
     <span class='ocr_line' id='line_1_10' title="bbox 480 831 2059 912; baseline 0.008 -27"><span class='ocrx_word' id='word_1_53' title='bbox 480 831 882 902; x_wconf 82' lang='lat' dir='ltr'><strong>philosophiam</strong></span> <span class='ocrx_word' id='word_1_54' title='bbox 930 836 1034 889; x_wconf 83' lang='lat' dir='ltr'><strong>iter</strong></span> <span class='ocrx_word' id='word_1_55' title='bbox 1082 836 1265 902; x_wconf 86' lang='lat' dir='ltr'><strong>fuerit,</strong></span> <span class='ocrx_word' id='word_1_56' title='bbox 1298 852 1397 893; x_wconf 84' lang='lat' dir='ltr'><strong>nec</strong></span> <span class='ocrx_word' id='word_1_57' title='bbox 1433 840 1726 908; x_wconf 84' lang='lat' dir='ltr'><strong>cupiditate</strong></span> <span class='ocrx_word' id='word_1_58' title='bbox 1750 841 1907 912; x_wconf 77' lang='lat'><strong>791</strong></span> <span class='ocrx_word' id='word_1_59' title='bbox 1940 858 2059 897; x_wconf 86' lang='lat' dir='ltr'><strong>mea</strong></span> 
     </span>
    </p>
   </div>
   <div class='ocr_carea' id='block_1_11' title="bbox 478 925 2056 1004">
    <p class='ocr_par' dir='ltr' id='par_1_11' title="bbox 478 925 2056 1004">
     <span class='ocr_line' id='line_1_11' title="bbox 478 925 2056 1004; baseline 0.006 -25"><span class='ocrx_word' id='word_1_60' title='bbox 478 934 533 979; x_wconf 88' lang='lat' dir='ltr'><strong>et</strong></span> <span class='ocrx_word' id='word_1_61' title='bbox 581 925 746 979; x_wconf 87' lang='lat' dir='ltr'><strong>animi</strong></span> <span class='ocrx_word' id='word_1_62' title='bbox 798 927 1044 981; x_wconf 90' lang='lat' dir='ltr'><strong>instituto</strong></span> <span class='ocrx_word' id='word_1_63' title='bbox 1096 930 1232 985; x_wconf 89' lang='lat' dir='ltr'><strong>satis</strong></span> <span class='ocrx_word' id='word_1_64' title='bbox 1280 930 1522 996; x_wconf 80' lang='lat' dir='ltr'><strong>dignum.</strong></span> <span class='ocrx_word' id='word_1_65' title='bbox 1560 931 1666 986; x_wconf 89' lang='lat' dir='ltr'><strong>Sed</strong></span> <span class='ocrx_word' id='word_1_66' title='bbox 1718 950 1805 989; x_wconf 87' lang='lat' dir='ltr'><strong>res</strong></span> <span class='ocrx_word' id='word_1_67' title='bbox 1840 937 2056 1004; x_wconf 84' lang='lat' dir='ltr'><strong>quidem</strong></span> 
     </span>
    </p>
   </div>
   <div class='ocr_carea' id='block_1_12' title="bbox 475 1018 2059 1096">
    <p class='ocr_par' dir='ltr' id='par_1_12' title="bbox 475 1018 2059 1096">
     <span class='ocr_line' id='line_1_12' title="bbox 475 1018 2059 1096; baseline 0.005 -24"><span class='ocrx_word' id='word_1_68' title='bbox 475 1026 703 1086; x_wconf 69' lang='lat' dir='ltr'><strong>postne,</strong></span> <span class='ocrx_word' id='word_1_69' title='bbox 742 1028 798 1072; x_wconf 92' lang='lat' dir='ltr'><strong>ut</strong></span> <span class='ocrx_word' id='word_1_70' title='bbox 848 1018 941 1073; x_wconf 90' lang='lat' dir='ltr'><strong>Dei</strong></span> <span class='ocrx_word' id='word_1_71' title='bbox 989 1020 1240 1076; x_wconf 82' lang='lat' dir='ltr'><strong>voluntas</strong></span> <span class='ocrx_word' id='word_1_72' title='bbox 1294 1023 1513 1092; x_wconf 88' lang='lat' dir='ltr'><strong>tulerit,</strong></span> <span class='ocrx_word' id='word_1_73' title='bbox 1560 1025 1841 1091; x_wconf 87' lang='lat' dir='ltr'><strong>ferantur;</strong></span> <span class='ocrx_word' id='word_1_74' title='bbox 1894 1038 2059 1096; x_wconf 87' lang='lat' dir='ltr'><strong>atque</strong></span> 
     </span>
    </p>
   </div>
   <div class='ocr_carea' id='block_1_13' title="bbox 476 1108 2052 1179">
    <p class='ocr_par' dir='ltr' id='par_1_13' title="bbox 476 1108 2052 1179">
     <span class='ocr_line' id='line_1_13' title="bbox 476 1108 2052 1179; baseline 0.01 -22"><span class='ocrx_word' id='word_1_75' title='bbox 476 1108 678 1160; x_wconf 84' lang='lat' dir='ltr'><strong>utinam</strong></span> <span class='ocrx_word' id='word_1_76' title='bbox 740 1122 835 1176; x_wconf 90' lang='lat' dir='ltr'><strong>per</strong></span> <span class='ocrx_word' id='word_1_77' title='bbox 876 1108 1018 1163; x_wconf 88' lang='lat' dir='ltr'><strong>illius</strong></span> <span class='ocrx_word' id='word_1_78' title='bbox 1058 1110 1499 1179; x_wconf 80' lang='lat' dir='ltr'><strong>deprecationem</strong></span> <span class='ocrx_word' id='word_1_79' title='bbox 1557 1116 1749 1171; x_wconf 89' lang='lat' dir='ltr'><strong>melius</strong></span> <span class='ocrx_word' id='word_1_80' title='bbox 1788 1116 2052 1172; x_wconf 88' lang='lat' dir='ltr'><strong>ferantur.</strong></span> 
     </span>
    </p>
   </div>
   <div class='ocr_carea' id='block_1_14' title="bbox 476 1198 2056 1280">
    <p class='ocr_par' dir='ltr' id='par_1_14' title="bbox 476 1198 2056 1280">
     <span class='ocr_line' id='line_1_14' title="bbox 476 1198 2056 1280; baseline 0.006 -27"><span class='ocrx_word' id='word_1_81' title='bbox 476 1198 634 1254; x_wconf 86' lang='lat' dir='ltr'><strong>Hunc</strong></span> <span class='ocrx_word' id='word_1_82' title='bbox 660 1214 811 1266; x_wconf 91' lang='lat' dir='ltr'><strong>vero,</strong></span> <span class='ocrx_word' id='word_1_83' title='bbox 852 1200 1130 1271; x_wconf 80' lang='lat' dir='ltr'><strong>multiplex</strong></span> <span class='ocrx_word' id='word_1_84' title='bbox 1181 1203 1274 1259; x_wconf 91' lang='lat' dir='ltr'><strong>Dei</strong></span> <span class='ocrx_word' id='word_1_85' title='bbox 1328 1206 1670 1276; x_wconf 77' lang='lat' dir='ltr'><strong>benignitas,</strong></span> <span class='ocrx_word' id='word_1_86' title='bbox 1708 1220 1873 1280; x_wconf 89' lang='lat' dir='ltr'><strong>atque</strong></span> <span class='ocrx_word' id='word_1_87' title='bbox 1929 1224 2056 1279; x_wconf 81' lang='lat' dir='ltr'><strong>erga</strong></span> 
     </span>
    </p>
   </div>
   <div class='ocr_carea' id='block_1_15' title="bbox 474 1302 2057 1372">
    <p class='ocr_par' dir='ltr' id='par_1_15' title="bbox 474 1302 2057 1372">
     <span class='ocr_line' id='line_1_15' title="bbox 474 1302 2057 1372; baseline 0.006 -24"><span class='ocrx_word' id='word_1_88' title='bbox 474 1307 646 1359; x_wconf 81' lang='lat' dir='ltr'><strong>genus</strong></span> <span class='ocrx_word' id='word_1_89' title='bbox 682 1307 925 1351; x_wconf 84' lang='lat' dir='ltr'><strong>nostrum</strong></span> <span class='ocrx_word' id='word_1_90' title='bbox 966 1315 1096 1354; x_wconf 90' lang='lat' dir='ltr'><strong>cura</strong></span> <span class='ocrx_word' id='word_1_91' title='bbox 1128 1310 1183 1356; x_wconf 89' lang='lat' dir='ltr'><strong>et</strong></span> <span class='ocrx_word' id='word_1_92' title='bbox 1222 1302 1578 1372; x_wconf 86' lang='lat' dir='ltr'><strong>dispensatio,</strong></span> <span class='ocrx_word' id='word_1_93' title='bbox 1622 1304 1676 1356; x_wconf 92' lang='lat' dir='ltr'><strong>in</strong></span> <span class='ocrx_word' id='word_1_94' title='bbox 1714 1302 1896 1358; x_wconf 91' lang='lat' dir='ltr'><strong>multis</strong></span> <span class='ocrx_word' id='word_1_95' title='bbox 1926 1313 2057 1358; x_wconf 81' lang='lat' dir='ltr'><strong>ante</strong></span> 
     </span>
    </p>
   </div>
   <div class='ocr_carea' id='block_1_16' title="bbox 474 1387 2056 1464">
    <p class='ocr_par' dir='ltr' id='par_1_16' title="bbox 474 1387 2056 1464">
     <span class='ocr_line' id='line_1_16' title="bbox 474 1387 2056 1464; baseline 0.009 -28"><span class='ocrx_word' id='word_1_96' title='bbox 474 1387 798 1443; x_wconf 84' lang='lat' dir='ltr'><strong>muneribus</strong></span> <span class='ocrx_word' id='word_1_97' title='bbox 829 1390 1169 1459; x_wconf 78' lang='lat' dir='ltr'><strong>exploratum</strong></span> <span class='ocrx_word' id='word_1_98' title='bbox 1192 1432 1208 1459; x_wconf 93' lang='lat'><strong>,</strong></span> <span class='ocrx_word' id='word_1_99' title='bbox 1245 1410 1311 1450; x_wconf 92' lang='lat' dir='ltr'><strong>ac</strong></span> <span class='ocrx_word' id='word_1_100' title='bbox 1340 1394 1581 1464; x_wconf 88' lang='lat' dir='ltr'><strong>quotidie</strong></span> <span class='ocrx_word' id='word_1_101' title='bbox 1623 1394 1906 1450; x_wconf 91' lang='lat' dir='ltr'><strong>clariorem</strong></span> <span class='ocrx_word' id='word_1_102' title='bbox 1932 1396 2056 1450; x_wconf 90' lang='lat' dir='ltr'><strong>illu-</strong></span> 
     </span>
    </p>
   </div>
   <div class='ocr_carea' id='block_1_17' title="bbox 471 1476 2056 1559">
    <p class='ocr_par' dir='ltr' id='par_1_17' title="bbox 471 1476 2056 1559">
     <span class='ocr_line' id='line_1_17' title="bbox 471 1476 2056 1559; baseline 0.008 -29"><span class='ocrx_word' id='word_1_103' title='bbox 471 1476 837 1549; x_wconf 88' lang='lat' dir='ltr'><strong>strioremque</strong></span> <span class='ocrx_word' id='word_1_104' title='bbox 866 1493 1200 1553; x_wconf 84' lang='lat' dir='ltr'><strong>compertum</strong></span> <span class='ocrx_word' id='word_1_105' title='bbox 1227 1526 1242 1551; x_wconf 93' lang='lat'><strong>,</strong></span> <span class='ocrx_word' id='word_1_106' title='bbox 1270 1485 1323 1541; x_wconf 90' lang='lat' dir='ltr'><strong>in</strong></span> <span class='ocrx_word' id='word_1_107' title='bbox 1356 1501 1569 1542; x_wconf 90' lang='lat' dir='ltr'><strong>sacrum</strong></span> <span class='ocrx_word' id='word_1_108' title='bbox 1595 1487 1801 1543; x_wconf 87' lang='lat' dir='ltr'><strong>interea</strong></span> <span class='ocrx_word' id='word_1_109' title='bbox 1832 1489 2056 1559; x_wconf 84' lang='lat' dir='ltr'><strong>presby-</strong></span> 
     </span>
    </p>
   </div>
   <div class='ocr_carea' id='block_1_18' title="bbox 436 1573 2055 1649">
    <p class='ocr_par' dir='ltr' id='par_1_18' title="bbox 436 1573 2055 1649">
     <span class='ocr_line' id='line_1_18' title="bbox 436 1573 2055 1649; baseline 0.01 -29"><span class='ocrx_word' id='word_1_110' title='bbox 436 1575 715 1623; x_wconf 66' lang='lat' dir='ltr'><strong>terorum</strong></span> <span class='ocrx_word' id='word_1_111' title='bbox 748 1573 992 1630; x_wconf 89' lang='lat' dir='ltr'><strong>ordinem</strong></span> <span class='ocrx_word' id='word_1_112' title='bbox 1034 1577 1287 1643; x_wconf 86' lang='lat' dir='ltr'><strong>ascribit,</strong></span> <span class='ocrx_word' id='word_1_113' title='bbox 1332 1594 1395 1635; x_wconf 90' lang='lat' dir='ltr'><strong>ac</strong></span> <span class='ocrx_word' id='word_1_114' title='bbox 1424 1579 1761 1649; x_wconf 86' lang='lat' dir='ltr'><strong>splendidam</strong></span> <span class='ocrx_word' id='word_1_115' title='bbox 1816 1591 1872 1635; x_wconf 89' lang='lat' dir='ltr'><strong>et</strong></span> <span class='ocrx_word' id='word_1_116' title='bbox 1915 1582 2055 1636; x_wconf 89' lang='lat' dir='ltr'><strong>cele-</strong></span> 
     </span>
    </p>
   </div>
   <div class='ocr_carea' id='block_1_19' title="bbox 470 1657 2051 1744">
    <p class='ocr_par' dir='ltr' id='par_1_19' title="bbox 470 1657 2051 1744">
     <span class='ocr_line' id='line_1_19' title="bbox 470 1657 2051 1744; baseline 0.009 -32"><span class='ocrx_word' id='word_1_117' title='bbox 470 1657 623 1715; x_wconf 87' lang='lat' dir='ltr'><strong>brem</strong></span> <span class='ocrx_word' id='word_1_118' title='bbox 659 1661 918 1721; x_wconf 74' lang='lat' dir='ltr'><strong>Ecclesia:</strong></span> <span class='ocrx_word' id='word_1_119' title='bbox 975 1667 1145 1724; x_wconf 81' lang='lat' dir='ltr'><strong>facem</strong></span> <span class='ocrx_word' id='word_1_120' title='bbox 1201 1672 1492 1740; x_wconf 88' lang='lat' dir='ltr'><strong>proponit,</strong></span> <span class='ocrx_word' id='word_1_121' title='bbox 1525 1683 1686 1743; x_wconf 90' lang='lat' dir='ltr'><strong>atque</strong></span> <span class='ocrx_word' id='word_1_122' title='bbox 1712 1713 1727 1738; x_wconf 91' lang='lat'><strong>,</strong></span> <span class='ocrx_word' id='word_1_123' title='bbox 1760 1688 1856 1744; x_wconf 88' lang='lat' dir='ltr'><strong>per</strong></span> <span class='ocrx_word' id='word_1_124' title='bbox 1890 1689 2051 1727; x_wconf 91' lang='lat' dir='ltr'><strong>unam</strong></span> 
     </span>
    </p>
   </div>
   <div class='ocr_carea' id='block_1_20' title="bbox 2165 485 3759 566">
    <p class='ocr_par' dir='ltr' id='par_1_20' title="bbox 2165 485 3759 566">
     <span class='ocr_line' id='line_1_20' title="bbox 2165 485 3759 566; baseline 0.009 -31"><span class='ocrx_word' id='word_1_125' title='bbox 2165 485 2360 537; x_wconf 84' lang='grc' dir='ltr'>Σκοπῶ</span> <span class='ocrx_word' id='word_1_126' title='bbox 2398 485 2474 548; x_wconf 82' lang='grc' dir='ltr'><strong>δὲ,</strong></span> <span class='ocrx_word' id='word_1_127' title='bbox 2533 488 2580 539; x_wconf 89' lang='grc' dir='ltr'>εἰ</span> <span class='ocrx_word' id='word_1_128' title='bbox 2630 488 2704 558; x_wconf 87' lang='grc' dir='ltr'>μὴ</span> <span class='ocrx_word' id='word_1_129' title='bbox 2755 489 3047 543; x_wconf 82' lang='grc' dir='ltr'>κάντεῦθέν</span> <span class='ocrx_word' id='word_1_130' title='bbox 3104 509 3192 561; x_wconf 87' lang='grc' dir='ltr'><strong>μοι</strong></span> <span class='ocrx_word' id='word_1_131' title='bbox 3232 494 3382 546; x_wconf 76' lang='grc' dir='ltr'>πᾶσα</span> <span class='ocrx_word' id='word_1_132' title='bbox 3428 496 3460 565; x_wconf 82' lang='grc' dir='ltr'>ὴ</span> <span class='ocrx_word' id='word_1_133' title='bbox 3510 496 3638 566; x_wconf 85' lang='grc' dir='ltr'><strong>περί</strong></span> <span class='ocrx_word' id='word_1_134' title='bbox 3664 497 3759 551; x_wconf 75' lang='grc' dir='ltr'>τὸν</span> 
     </span>
    </p>
   </div>
   <div class='ocr_carea' id='block_1_21' title="bbox 2166 573 3759 654">
    <p class='ocr_par' dir='ltr' id='par_1_21' title="bbox 2166 573 3759 654">
     <span class='ocr_line' id='line_1_21' title="bbox 2166 573 3759 654; baseline 0.007 -28"><span class='ocrx_word' id='word_1_135' title='bbox 2166 573 2280 643; x_wconf 84' lang='grc' dir='ltr'>βίον</span> <span class='ocrx_word' id='word_1_136' title='bbox 2314 575 2599 645; x_wconf 83' lang='grc' dir='ltr'>ἀνωμαλία</span> <span class='ocrx_word' id='word_1_137' title='bbox 2630 577 2724 629; x_wconf 73' lang='grc' dir='ltr'>καὶ</span> <span class='ocrx_word' id='word_1_138' title='bbox 2765 577 3020 631; x_wconf 83' lang='grc' dir='ltr'>δυσκολία</span> <span class='ocrx_word' id='word_1_139' title='bbox 3064 582 3351 643; x_wconf 78' lang='grc' dir='ltr'><strong>συνέπεσε,</strong></span> <span class='ocrx_word' id='word_1_140' title='bbox 3393 584 3487 635; x_wconf 77' lang='grc' dir='ltr'><strong>καὶ</strong></span> <span class='ocrx_word' id='word_1_141' title='bbox 3526 584 3588 635; x_wconf 87' lang='grc' dir='ltr'><strong>τὸ</strong></span> <span class='ocrx_word' id='word_1_142' title='bbox 3617 584 3759 654; x_wconf 69' lang='grc' dir='ltr'>πρὸς</span> 
     </span>
    </p>
   </div>
   <div class='ocr_carea' id='block_1_22' title="bbox 2161 667 3758 742">
    <p class='ocr_par' dir='ltr' id='par_1_22' title="bbox 2161 667 3758 742">
     <span class='ocr_line' id='line_1_22' title="bbox 2161 667 3758 742; baseline 0.005 -24"><span class='ocrx_word' id='word_1_143' title='bbox 2161 667 2262 736; x_wconf 83' lang='grc' dir='ltr'>τὴν</span> <span class='ocrx_word' id='word_1_144' title='bbox 2310 667 2420 736; x_wconf 64' lang='grc'>(45)</span> <span class='ocrx_word' id='word_1_145' title='bbox 2474 668 2790 737; x_wconf 74' lang='grc' dir='ltr'>φιλοσοφίαν</span> <span class='ocrx_word' id='word_1_146' title='bbox 2855 670 2955 721; x_wconf 81' lang='grc' dir='ltr'><strong>οὐκ</strong></span> <span class='ocrx_word' id='word_1_147' title='bbox 3002 668 3217 732; x_wconf 73' lang='grc' dir='ltr'>εὔοδον,</span> <span class='ocrx_word' id='word_1_148' title='bbox 3259 671 3379 724; x_wconf 78' lang='grc' dir='ltr'>οὐδὲ</span> <span class='ocrx_word' id='word_1_149' title='bbox 3424 673 3522 742; x_wconf 82' lang='grc' dir='ltr'><strong>τῆς</strong></span> <span class='ocrx_word' id='word_1_150' title='bbox 3567 673 3758 725; x_wconf 75' lang='grc' dir='ltr'>ἐπιθυ-</span> 
     </span>
    </p>
   </div>
   <div class='ocr_carea' id='block_1_23' title="bbox 2165 759 3759 833">
    <p class='ocr_par' dir='ltr' id='par_1_23' title="bbox 2165 759 3759 833">
     <span class='ocr_line' id='line_1_23' title="bbox 2165 759 3759 833; baseline 0.006 -23"><span class='ocrx_word' id='word_1_151' title='bbox 2165 759 2295 828; x_wconf 91' lang='grc' dir='ltr'>μίας</span> <span class='ocrx_word' id='word_1_152' title='bbox 2334 759 2444 826; x_wconf 70' lang='grc'>(46)</span> <span class='ocrx_word' id='word_1_153' title='bbox 2487 760 2580 811; x_wconf 70' lang='grc' dir='ltr'><strong>καὶ</strong></span> <span class='ocrx_word' id='word_1_154' title='bbox 2636 760 2735 830; x_wconf 78' lang='grc' dir='ltr'><strong>τῆς</strong></span> <span class='ocrx_word' id='word_1_155' title='bbox 2787 760 3096 824; x_wconf 78' lang='grc' dir='ltr'>ὑποθέσεως</span> <span class='ocrx_word' id='word_1_156' title='bbox 3158 761 3325 825; x_wconf 81' lang='grc' dir='ltr'>ἄξιον.</span> <span class='ocrx_word' id='word_1_157' title='bbox 3381 763 3462 815; x_wconf 88' lang='grc' dir='ltr'><strong>Τά</strong></span> <span class='ocrx_word' id='word_1_158' title='bbox 3511 764 3611 833; x_wconf 84' lang='grc' dir='ltr'>μὲν</span> <span class='ocrx_word' id='word_1_159' title='bbox 3660 759 3759 821; x_wconf 77' lang='grc' dir='ltr'>οὖν</span> 
     </span>
    </p>
   </div>
   <div class='ocr_carea' id='block_1_24' title="bbox 2159 848 3756 922">
    <p class='ocr_par' dir='ltr' id='par_1_24' title="bbox 2159 848 3756 922">
     <span class='ocr_line' id='line_1_24' title="bbox 2159 848 3756 922; baseline 0.004 -21"><span class='ocrx_word' id='word_1_160' title='bbox 2159 848 2424 921; x_wconf 83' lang='grc' dir='ltr'>ἡμέτερα,</span> <span class='ocrx_word' id='word_1_161' title='bbox 2459 852 2565 921; x_wconf 88' lang='grc' dir='ltr'>ὅπη</span> <span class='ocrx_word' id='word_1_162' title='bbox 2600 850 2679 921; x_wconf 81' lang='grc' dir='ltr'>τῷ</span> <span class='ocrx_word' id='word_1_163' title='bbox 2704 851 2821 921; x_wconf 83' lang='grc' dir='ltr'><strong>Θεῷ</strong></span> <span class='ocrx_word' id='word_1_164' title='bbox 2845 852 3016 921; x_wconf 81' lang='grc' dir='ltr'>φίλον,</span> <span class='ocrx_word' id='word_1_165' title='bbox 3052 853 3297 921; x_wconf 73' lang='grc' dir='ltr'>ἀγέσθωο</span> <span class='ocrx_word' id='word_1_166' title='bbox 3327 854 3512 922; x_wconf 78' lang='grc' dir='ltr'>ἄγοιτο</span> <span class='ocrx_word' id='word_1_167' title='bbox 3540 855 3597 907; x_wconf 84' lang='grc' dir='ltr'>δὲ</span> <span class='ocrx_word' id='word_1_168' title='bbox 3629 857 3756 921; x_wconf 83' lang='grc' dir='ltr'>ταῖς</span> 
     </span>
    </p>
   </div>
   <div class='ocr_carea' id='block_1_25' title="bbox 2161 942 3752 1017">
    <p class='ocr_par' dir='ltr' id='par_1_25' title="bbox 2161 942 3752 1017">
     <span class='ocr_line' id='line_1_25' title="bbox 2161 942 3752 1017; baseline 0.004 -24"><span class='ocrx_word' id='word_1_169' title='bbox 2161 942 2371 994; x_wconf 81' lang='grc' dir='ltr'>ἐκείνου</span> <span class='ocrx_word' id='word_1_170' title='bbox 2415 942 2731 1012; x_wconf 87' lang='grc' dir='ltr'>πρεσϐείαις</span> <span class='ocrx_word' id='word_1_171' title='bbox 2773 945 3013 1013; x_wconf 85' lang='grc' dir='ltr'>ἄμεινον.</span> <span class='ocrx_word' id='word_1_172' title='bbox 3066 945 3170 997; x_wconf 80' lang='grc' dir='ltr'>Τὸν</span> <span class='ocrx_word' id='word_1_173' title='bbox 3215 945 3290 1011; x_wconf 85' lang='grc' dir='ltr'><strong>δὲ,</strong></span> <span class='ocrx_word' id='word_1_174' title='bbox 3335 948 3368 1016; x_wconf 79' lang='grc' dir='ltr'>ἡ</span> <span class='ocrx_word' id='word_1_175' title='bbox 3410 946 3752 1017; x_wconf 78' lang='grc' dir='ltr'>πολύτροπος</span> 
     </span>
    </p>
   </div>
   <div class='ocr_carea' id='block_1_26' title="bbox 2158 1032 3748 1105">
    <p class='ocr_par' dir='ltr' id='par_1_26' title="bbox 2158 1032 3748 1105">
     <span class='ocr_line' id='line_1_26' title="bbox 2158 1032 3748 1105; baseline 0.002 -21"><span class='ocrx_word' id='word_1_176' title='bbox 2158 1033 2253 1085; x_wconf 75' lang='grc' dir='ltr'>τοῦ</span> <span class='ocrx_word' id='word_1_177' title='bbox 2280 1032 2415 1085; x_wconf 78' lang='grc' dir='ltr'>θεοῦ</span> <span class='ocrx_word' id='word_1_178' title='bbox 2443 1033 2843 1105; x_wconf 78' lang='grc' dir='ltr'>φιλανθρωπία,</span> <span class='ocrx_word' id='word_1_179' title='bbox 2887 1035 3149 1105; x_wconf 44' lang='grc' dir='ltr'>καίπερ).</span> <span class='ocrx_word' id='word_1_180' title='bbox 3183 1035 3241 1087; x_wconf 79' lang='grc' dir='ltr'>τὸ</span> <span class='ocrx_word' id='word_1_181' title='bbox 3286 1035 3553 1105; x_wconf 85' lang='grc' dir='ltr'>ἡμέτερον</span> <span class='ocrx_word' id='word_1_182' title='bbox 3591 1036 3748 1105; x_wconf 87' lang='grc' dir='ltr'>γένος</span> 
     </span>
    </p>
   </div>
   <div class='ocr_carea' id='block_1_27' title="bbox 2157 1123 3746 1197">
    <p class='ocr_par' dir='ltr' id='par_1_27' title="bbox 2157 1123 3746 1197">
     <span class='ocr_line' id='line_1_27' title="bbox 2157 1123 3746 1197; baseline 0.003 -21"><span class='ocrx_word' id='word_1_183' title='bbox 2157 1124 2459 1194; x_wconf 80' lang='grc' dir='ltr'>οἰκονομία,</span> <span class='ocrx_word' id='word_1_184' title='bbox 2485 1124 2572 1177; x_wconf 88' lang='grc' dir='ltr'><strong>διά</strong></span> <span class='ocrx_word' id='word_1_185' title='bbox 2605 1124 2815 1178; x_wconf 81' lang='grc' dir='ltr'>πολλῶν</span> <span class='ocrx_word' id='word_1_186' title='bbox 2850 1125 2961 1197; x_wconf 78' lang='grc'>(47)</span> <span class='ocrx_word' id='word_1_187' title='bbox 2988 1123 3096 1178; x_wconf 85' lang='grc' dir='ltr'>τῶν</span> <span class='ocrx_word' id='word_1_188' title='bbox 3127 1127 3184 1178; x_wconf 79' lang='grc' dir='ltr'>ἐν</span> <span class='ocrx_word' id='word_1_189' title='bbox 3222 1125 3370 1195; x_wconf 80' lang='grc' dir='ltr'>μέσῳ</span> <span class='ocrx_word' id='word_1_190' title='bbox 3405 1130 3746 1197; x_wconf 84' lang='grc' dir='ltr'>γνωρίσασα,</span> 
     </span>
    </p>
   </div>
   <div class='ocr_carea' id='block_1_28' title="bbox 2158 1211 3747 1285">
    <p class='ocr_par' dir='ltr' id='par_1_28' title="bbox 2158 1211 3747 1285">
     <span class='ocr_line' id='line_1_28' title="bbox 2158 1211 3747 1285; baseline 0.001 -21"><span class='ocrx_word' id='word_1_191' title='bbox 2158 1213 2253 1264; x_wconf 73' lang='grc' dir='ltr'><strong>καὶ</strong></span> <span class='ocrx_word' id='word_1_192' title='bbox 2308 1213 2395 1265; x_wconf 72' lang='grc' dir='ltr'>ἀεὶ</span> <span class='ocrx_word' id='word_1_193' title='bbox 2449 1211 2825 1283; x_wconf 79' lang='grc' dir='ltr'>λαμπρότερον</span> <span class='ocrx_word' id='word_1_194' title='bbox 2878 1213 3207 1279; x_wconf 80' lang='grc' dir='ltr'>ἀποδείξασα</span> <span class='ocrx_word' id='word_1_195' title='bbox 3261 1212 3396 1282; x_wconf 76' lang='grc'>(48),</span> <span class='ocrx_word' id='word_1_196' title='bbox 3447 1212 3747 1285; x_wconf 80' lang='grc' dir='ltr'>λαμπτῆρα</span> 
     </span>
    </p>
   </div>
   <div class='ocr_carea' id='block_1_29' title="bbox 2157 1303 3749 1377">
    <p class='ocr_par' dir='ltr' id='par_1_29' title="bbox 2157 1303 3749 1377">
     <span class='ocr_line' id='line_1_29' title="bbox 2157 1303 3749 1377; baseline 0.003 -22"><span class='ocrx_word' id='word_1_197' title='bbox 2157 1304 2255 1374; x_wconf 78' lang='grc' dir='ltr'><strong>τῆς</strong></span> <span class='ocrx_word' id='word_1_198' title='bbox 2301 1303 2627 1372; x_wconf 81' lang='grc' dir='ltr'>Ἑκκλησίας</span> <span class='ocrx_word' id='word_1_199' title='bbox 2675 1304 2965 1377; x_wconf 75' lang='grc' dir='ltr'>προτίθησι</span> <span class='ocrx_word' id='word_1_200' title='bbox 3015 1304 3287 1377; x_wconf 85' lang='grc' dir='ltr'>περιφανῆ</span> <span class='ocrx_word' id='word_1_201' title='bbox 3339 1321 3399 1356; x_wconf 88' lang='grc' dir='ltr'><strong>τε</strong></span> <span class='ocrx_word' id='word_1_202' title='bbox 3443 1306 3537 1358; x_wconf 84' lang='grc' dir='ltr'><strong>καὶ</strong></span> <span class='ocrx_word' id='word_1_203' title='bbox 3591 1322 3749 1376; x_wconf 85' lang='grc' dir='ltr'>περι-</span> 
     </span>
    </p>
   </div>
   <div class='ocr_carea' id='block_1_30' title="bbox 2158 1396 3742 1469">
    <p class='ocr_par' dir='ltr' id='par_1_30' title="bbox 2158 1396 3742 1469">
     <span class='ocr_line' id='line_1_30' title="bbox 2158 1396 3742 1469; baseline 0.001 -21"><span class='ocrx_word' id='word_1_204' title='bbox 2158 1396 2373 1466; x_wconf 82' lang='grc' dir='ltr'>ϐόητον,</span> <span class='ocrx_word' id='word_1_205' title='bbox 2392 1399 2502 1458; x_wconf 84' lang='grc' dir='ltr'>τοῖς</span> <span class='ocrx_word' id='word_1_206' title='bbox 2528 1397 2692 1465; x_wconf 83' lang='grc' dir='ltr'>ίεροῖς</span> <span class='ocrx_word' id='word_1_207' title='bbox 2719 1396 2809 1449; x_wconf 84' lang='grc' dir='ltr'>τοῦ</span> <span class='ocrx_word' id='word_1_208' title='bbox 2836 1396 3230 1468; x_wconf 82' lang='grc' dir='ltr'>πρεσϐυτερίου</span> <span class='ocrx_word' id='word_1_209' title='bbox 3247 1396 3459 1467; x_wconf 74' lang='grc' dir='ltr'>Θρόνοις</span> <span class='ocrx_word' id='word_1_210' title='bbox 3476 1396 3611 1461; x_wconf 87' lang='grc' dir='ltr'>τέως</span> <span class='ocrx_word' id='word_1_211' title='bbox 3628 1398 3742 1469; x_wconf 69' lang='grc'>(49)</span> 
     </span>
    </p>
   </div>
   <div class='ocr_carea' id='block_1_31' title="bbox 2156 1488 3737 1561">
    <p class='ocr_par' dir='ltr' id='par_1_31' title="bbox 2156 1488 3737 1561">
     <span class='ocr_line' id='line_1_31' title="bbox 2156 1488 3737 1561; baseline -0.001 -19"><span class='ocrx_word' id='word_1_212' title='bbox 2156 1488 2587 1558; x_wconf 81' lang='grc' dir='ltr'>ὲγκαταλέξασα,</span> <span class='ocrx_word' id='word_1_213' title='bbox 2619 1490 2732 1555; x_wconf 76' lang='grc' dir='ltr'>καὶ,</span> <span class='ocrx_word' id='word_1_214' title='bbox 2759 1490 2845 1543; x_wconf 81' lang='grc' dir='ltr'><strong>διὰ</strong></span> <span class='ocrx_word' id='word_1_215' title='bbox 2878 1493 3007 1561; x_wconf 85' lang='grc' dir='ltr'>μιᾶς</span> <span class='ocrx_word' id='word_1_216' title='bbox 3040 1490 3141 1561; x_wconf 78' lang='grc' dir='ltr'><strong>τῆς</strong></span> <span class='ocrx_word' id='word_1_217' title='bbox 3166 1491 3490 1561; x_wconf 77' lang='grc' dir='ltr'>Καισαρέων</span> <span class='ocrx_word' id='word_1_218' title='bbox 3512 1490 3737 1553; x_wconf 80' lang='grc' dir='ltr'>πόλεως,</span> 
     </span>
    </p>
   </div>
   <div class='ocr_carea' id='block_1_32' title="bbox 2156 1580 3741 1653">
    <p class='ocr_par' dir='ltr' id='par_1_32' title="bbox 2156 1580 3741 1653">
     <span class='ocr_line' id='line_1_32' title="bbox 2156 1580 3741 1653; baseline -0.001 -20"><span class='ocrx_word' id='word_1_219' title='bbox 2156 1580 2219 1652; x_wconf 73' lang='grc' dir='ltr'>τῇ</span> <span class='ocrx_word' id='word_1_220' title='bbox 2244 1581 2538 1653; x_wconf 74' lang='grc' dir='ltr'>οἰκουμένῃ</span> <span class='ocrx_word' id='word_1_221' title='bbox 2575 1582 2723 1652; x_wconf 83' lang='grc' dir='ltr'>πάσῃ</span> <span class='ocrx_word' id='word_1_222' title='bbox 2753 1582 3102 1652; x_wconf 86' lang='grc' dir='ltr'>πυρσεύουσα</span> <span class='ocrx_word' id='word_1_223' title='bbox 3148 1581 3280 1651; x_wconf 81' lang='grc'>(50).</span> <span class='ocrx_word' id='word_1_224' title='bbox 3324 1582 3432 1634; x_wconf 76' lang='grc' dir='ltr'>Καὶ</span> <span class='ocrx_word' id='word_1_225' title='bbox 3472 1581 3592 1633; x_wconf 89' lang='grc' dir='ltr'>τίνα</span> <span class='ocrx_word' id='word_1_226' title='bbox 3618 1580 3741 1650; x_wconf 75' lang='grc' dir='ltr'>τρόο</span> 
     </span>
    </p>
   </div>
   <div class='ocr_carea' id='block_1_33' title="bbox 2157 1670 3740 1744">
    <p class='ocr_par' dir='ltr' id='par_1_33' title="bbox 2157 1670 3740 1744">
     <span class='ocr_line' id='line_1_33' title="bbox 2157 1670 3740 1744; baseline -0.003 -17"><span class='ocrx_word' id='word_1_227' title='bbox 2157 1691 2291 1739; x_wconf 89' lang='grc' dir='ltr'>πον;</span> <span class='ocrx_word' id='word_1_228' title='bbox 2320 1675 2392 1726; x_wconf 74' lang='grc' dir='ltr'><strong>Οὐ</strong></span> <span class='ocrx_word' id='word_1_229' title='bbox 2430 1674 2759 1744; x_wconf 81' lang='grc' dir='ltr'>σχεδιάσασα</span> <span class='ocrx_word' id='word_1_230' title='bbox 2786 1674 2877 1727; x_wconf 74' lang='grc' dir='ltr'>τὸν</span> <span class='ocrx_word' id='word_1_231' title='bbox 2917 1673 3141 1743; x_wconf 81' lang='grc' dir='ltr'>βαθμὸν,</span> <span class='ocrx_word' id='word_1_232' title='bbox 3174 1674 3295 1725; x_wconf 74' lang='grc' dir='ltr'>οὐδὲ</span> <span class='ocrx_word' id='word_1_233' title='bbox 3342 1671 3480 1742; x_wconf 78' lang='grc' dir='ltr'>ὁμοῦ</span> <span class='ocrx_word' id='word_1_234' title='bbox 3510 1689 3567 1724; x_wconf 90' lang='grc' dir='ltr'><strong>τε</strong></span> <span class='ocrx_word' id='word_1_235' title='bbox 3607 1670 3740 1723; x_wconf 78' lang='grc' dir='ltr'>πλύ-</span> 
     </span>
    </p>
   </div>
   <div class='ocr_carea' id='block_1_34' title="bbox 471 1749 2045 1835">
    <p class='ocr_par' dir='ltr' id='par_1_34' title="bbox 471 1749 2045 1829">
     <span class='ocr_line' id='line_1_34' title="bbox 471 1749 2045 1829; baseline 0.008 -24"><span class='ocrx_word' id='word_1_236' title='bbox 471 1749 863 1812; x_wconf 74' lang='lat' dir='ltr'><strong>Ctesariensem</strong></span> <span class='ocrx_word' id='word_1_237' title='bbox 916 1760 1231 1829; x_wconf 89' lang='lat' dir='ltr'><strong>civitatem,</strong></span> <span class='ocrx_word' id='word_1_238' title='bbox 1278 1764 1533 1819; x_wconf 91' lang='lat' dir='ltr'><strong>universo</strong></span> <span class='ocrx_word' id='word_1_239' title='bbox 1599 1776 1863 1820; x_wconf 90' lang='lat' dir='ltr'><strong>terrarum</strong></span> <span class='ocrx_word' id='word_1_240' title='bbox 1927 1765 2045 1819; x_wconf 90' lang='lat' dir='ltr'><strong>orbi</strong></span> 
     </span>
    </p>
   </div>
   <div class='ocr_carea' id='block_1_35' title="bbox 2154 1749 3740 1835">
    <p class='ocr_par' dir='ltr' id='par_1_35' title="bbox 2156 1763 3740 1835">
     <span class='ocr_line' id='line_1_35' title="bbox 2156 1763 3740 1835; baseline -0.003 -15"><span class='ocrx_word' id='word_1_241' title='bbox 2156 1782 2296 1820; x_wconf 85' lang='grc' dir='ltr'>νασα</span> <span class='ocrx_word' id='word_1_242' title='bbox 2318 1766 2431 1834; x_wconf 83' lang='grc'>(51)</span> <span class='ocrx_word' id='word_1_243' title='bbox 2461 1767 2554 1818; x_wconf 70' lang='grc' dir='ltr'>καὶ</span> <span class='ocrx_word' id='word_1_244' title='bbox 2586 1767 2875 1835; x_wconf 89' lang='grc' dir='ltr'>σοφίσασα,</span> <span class='ocrx_word' id='word_1_245' title='bbox 2918 1766 3054 1819; x_wconf 88' lang='grc' dir='ltr'><strong>κατά</strong></span> <span class='ocrx_word' id='word_1_246' title='bbox 3086 1766 3209 1827; x_wconf 82' lang='grc' dir='ltr'>τοὺς</span> <span class='ocrx_word' id='word_1_247' title='bbox 3259 1765 3487 1827; x_wconf 76' lang='grc' dir='ltr'>πολλοὺς</span> <span class='ocrx_word' id='word_1_248' title='bbox 3514 1764 3621 1817; x_wconf 83' lang='grc' dir='ltr'>τῶν</span> <span class='ocrx_word' id='word_1_249' title='bbox 3642 1763 3740 1817; x_wconf 79' lang='grc' dir='ltr'>νῦν</span> 
     </span>
    </p>
   </div>
   <div class='ocr_carea' id='block_1_36' title="bbox 470 1845 2045 1929">
    <p class='ocr_par' dir='ltr' id='par_1_36' title="bbox 470 1845 2045 1926">
     <span class='ocr_line' id='line_1_36' title="bbox 470 1845 2045 1926; baseline 0.008 -27"><span class='ocrx_word' id='word_1_250' title='bbox 470 1845 747 1913; x_wconf 62' lang='lat' dir='ltr'><strong>pralucet.</strong></span> <span class='ocrx_word' id='word_1_251' title='bbox 776 1851 1017 1916; x_wconf 88' lang='lat' dir='ltr'><strong>Quonam</strong></span> <span class='ocrx_word' id='word_1_252' title='bbox 1046 1864 1225 1909; x_wconf 90' lang='lat' dir='ltr'><strong>autem</strong></span> <span class='ocrx_word' id='word_1_253' title='bbox 1276 1856 1327 1910; x_wconf 92' lang='lat' dir='ltr'><strong>id</strong></span> <span class='ocrx_word' id='word_1_254' title='bbox 1373 1860 1531 1913; x_wconf 90' lang='lat' dir='ltr'><strong>modo</strong></span> <span class='ocrx_word' id='word_1_255' title='bbox 1561 1859 1585 1911; x_wconf 91' lang='lat'><strong>?</strong></span> <span class='ocrx_word' id='word_1_256' title='bbox 1623 1856 1714 1913; x_wconf 90' lang='lat' dir='ltr'><strong>Sic</strong></span> <span class='ocrx_word' id='word_1_257' title='bbox 1748 1872 1960 1926; x_wconf 89' lang='lat' dir='ltr'><strong>nempe,</strong></span> <span class='ocrx_word' id='word_1_258' title='bbox 1992 1866 2045 1912; x_wconf 89' lang='lat' dir='ltr'><strong>ut</strong></span> 
     </span>
    </p>
   </div>
   <div class='ocr_carea' id='block_1_37' title="bbox 2154 1845 3739 1929">
    <p class='ocr_par' dir='ltr' id='par_1_37' title="bbox 2157 1854 3739 1929">
     <span class='ocr_line' id='line_1_37' title="bbox 2157 1854 3739 1929; baseline -0.003 -18"><span class='ocrx_word' id='word_1_259' title='bbox 2157 1861 2254 1927; x_wconf 76' lang='grc' dir='ltr'>τῆς</span> <span class='ocrx_word' id='word_1_260' title='bbox 2302 1859 2638 1929; x_wconf 84' lang='grc' dir='ltr'>προστασίας</span> <span class='ocrx_word' id='word_1_261' title='bbox 2693 1858 3030 1928; x_wconf 70' lang='grc' dir='ltr'>ἐφιεμένων*</span> <span class='ocrx_word' id='word_1_262' title='bbox 3072 1857 3207 1910; x_wconf 83' lang='grc' dir='ltr'><strong>ἀλλά</strong></span> <span class='ocrx_word' id='word_1_263' title='bbox 3250 1854 3398 1921; x_wconf 81' lang='grc' dir='ltr'>τάξει</span> <span class='ocrx_word' id='word_1_264' title='bbox 3448 1858 3542 1909; x_wconf 75' lang='grc' dir='ltr'><strong>καὶ</strong></span> <span class='ocrx_word' id='word_1_265' title='bbox 3587 1856 3739 1927; x_wconf 86' lang='grc' dir='ltr'>νόμῳ</span> 
     </span>
    </p>
   </div>
   <div class='ocr_carea' id='block_1_38' title="bbox 470 1944 2045 2021">
    <p class='ocr_par' dir='ltr' id='par_1_38' title="bbox 470 1944 2045 2019">
     <span class='ocr_line' id='line_1_38' title="bbox 470 1944 2045 2019; baseline 0.01 -29"><span class='ocrx_word' id='word_1_266' title='bbox 470 1951 596 1991; x_wconf 88' lang='lat' dir='ltr'><strong>eum</strong></span> <span class='ocrx_word' id='word_1_267' title='bbox 637 1955 741 1994; x_wconf 86' lang='lat' dir='ltr'><strong>non</strong></span> <span class='ocrx_word' id='word_1_268' title='bbox 776 1944 954 2000; x_wconf 91' lang='lat' dir='ltr'><strong>subito</strong></span> <span class='ocrx_word' id='word_1_269' title='bbox 992 1945 1057 1999; x_wconf 89' lang='lat' dir='ltr'><strong>ad</strong></span> <span class='ocrx_word' id='word_1_270' title='bbox 1105 1948 1246 2004; x_wconf 90' lang='lat' dir='ltr'><strong>hunc</strong></span> <span class='ocrx_word' id='word_1_271' title='bbox 1292 1950 1517 2019; x_wconf 86' lang='lat' dir='ltr'><strong>gradum</strong></span> <span class='ocrx_word' id='word_1_272' title='bbox 1572 1950 1919 2014; x_wconf 83' lang='lat' dir='ltr'><strong>subveheret,</strong></span> <span class='ocrx_word' id='word_1_273' title='bbox 1953 1964 2045 2005; x_wconf 82' lang='lat' dir='ltr'><strong>nec</strong></span> 
     </span>
    </p>
   </div>
   <div class='ocr_carea' id='block_1_39' title="bbox 2154 1944 3537 2021">
    <p class='ocr_par' dir='ltr' id='par_1_39' title="bbox 2160 1948 3537 2021">
     <span class='ocr_line' id='line_1_39' title="bbox 2160 1948 3537 2021; baseline -0.001 -18"><span class='ocrx_word' id='word_1_274' title='bbox 2160 1951 2537 2021; x_wconf 76' lang='grc' dir='ltr'>πνευματικῆς</span> <span class='ocrx_word' id='word_1_275' title='bbox 2570 1950 2904 2014; x_wconf 86' lang='grc' dir='ltr'>ἀναϐάσεως,</span> <span class='ocrx_word' id='word_1_276' title='bbox 2938 1950 3038 2021; x_wconf 83' lang='grc' dir='ltr'>τῆς</span> <span class='ocrx_word' id='word_1_277' title='bbox 3063 1948 3228 2019; x_wconf 85' lang='grc' dir='ltr'>τιμῆς</span> <span class='ocrx_word' id='word_1_278' title='bbox 3257 1948 3537 2015; x_wconf 80' lang='grc' dir='ltr'>ἀξιώσασα</span> 
     </span>
    </p>
   </div>
   <div class='ocr_carea' id='block_1_40' title="bbox 467 2027 3735 2115">
    <p class='ocr_par' dir='ltr' id='par_1_40' title="bbox 467 2027 3735 2115">
     <span class='ocr_line' id='line_1_40' title="bbox 467 2027 3735 2115; baseline 0.003 -31"><span class='ocrx_word' id='word_1_279' title='bbox 467 2027 632 2084; x_wconf 77' lang='lat' dir='ltr'><strong>simul</strong></span> <span class='ocrx_word' id='word_1_280' title='bbox 685 2049 808 2088; x_wconf 92' lang='lat' dir='ltr'><strong>eum</strong></span> <span class='ocrx_word' id='word_1_281' title='bbox 866 2045 918 2090; x_wconf 89' lang='lat' dir='ltr'><strong>et</strong></span> <span class='ocrx_word' id='word_1_282' title='bbox 968 2038 1209 2097; x_wconf 88' lang='lat' dir='ltr'><strong>ablueret</strong></span> <span class='ocrx_word' id='word_1_283' title='bbox 1272 2054 1328 2097; x_wconf 88' lang='lat' dir='ltr'><strong>et</strong></span> <span class='ocrx_word' id='word_1_284' title='bbox 1383 2044 1643 2114; x_wconf 87' lang='lat' dir='ltr'><strong>sapientia</strong></span> <span class='ocrx_word' id='word_1_285' title='bbox 1700 2046 2033 2110; x_wconf 89' lang='lat' dir='ltr'><strong>instrueret,</strong></span> <span class='ocrx_word' id='word_1_286' title='bbox 2075 2047 2526 2113; x_wconf 89' lang='lat' dir='ltr'><strong>quemadmodum</strong></span> <span class='ocrx_word' id='word_1_287' title='bbox 2591 2046 2876 2115; x_wconf 86' lang='lat' dir='ltr'><strong>plerosque</strong></span> <span class='ocrx_word' id='word_1_288' title='bbox 2918 2060 3103 2099; x_wconf 89' lang='lat' dir='ltr'><strong>eormn</strong></span> <span class='ocrx_word' id='word_1_289' title='bbox 3159 2044 3249 2112; x_wconf 79' lang='lat' dir='ltr'><strong>qui</strong></span> <span class='ocrx_word' id='word_1_290' title='bbox 3317 2058 3457 2097; x_wconf 89' lang='lat' dir='ltr'><strong>nunc</strong></span> <span class='ocrx_word' id='word_1_291' title='bbox 3514 2040 3735 2096; x_wconf 81' lang='lat' dir='ltr'><strong>antisti-</strong></span> 
     </span>
    </p>
   </div>
   <div class='ocr_carea' id='block_1_41' title="bbox 466 2130 3738 2209">
    <p class='ocr_par' dir='ltr' id='par_1_41' title="bbox 466 2130 3738 2209">
     <span class='ocr_line' id='line_1_41' title="bbox 466 2130 3738 2209; baseline 0.004 -34"><span class='ocrx_word' id='word_1_292' title='bbox 466 2130 581 2177; x_wconf 83' lang='lat' dir='ltr'><strong>tum</strong></span> <span class='ocrx_word' id='word_1_293' title='bbox 643 2140 839 2182; x_wconf 91' lang='lat' dir='ltr'><strong>munus</strong></span> <span class='ocrx_word' id='word_1_294' title='bbox 886 2142 1175 2199; x_wconf 90' lang='lat' dir='ltr'><strong>appetunt;</strong></span> <span class='ocrx_word' id='word_1_295' title='bbox 1239 2148 1425 2189; x_wconf 89' lang='lat' dir='ltr'><strong>verum</strong></span> <span class='ocrx_word' id='word_1_296' title='bbox 1504 2137 1731 2202; x_wconf 89' lang='lat' dir='ltr'><strong>ordine,</strong></span> <span class='ocrx_word' id='word_1_297' title='bbox 1783 2152 1846 2192; x_wconf 88' lang='lat' dir='ltr'><strong>ac</strong></span> <span class='ocrx_word' id='word_1_298' title='bbox 1908 2136 2208 2207; x_wconf 88' lang='lat' dir='ltr'><strong>spiritualis</strong></span> <span class='ocrx_word' id='word_1_299' title='bbox 2271 2140 2666 2209; x_wconf 82' lang='lat' dir='ltr'><strong>progressionis</strong></span> <span class='ocrx_word' id='word_1_300' title='bbox 2723 2139 2879 2207; x_wconf 82' lang='lat' dir='ltr'><strong>lege,</strong></span> <span class='ocrx_word' id='word_1_301' title='bbox 2941 2139 3040 2190; x_wconf 91' lang='lat' dir='ltr'><strong>hoc</strong></span> <span class='ocrx_word' id='word_1_302' title='bbox 3094 2150 3216 2190; x_wconf 89' lang='lat' dir='ltr'><strong>cum</strong></span> <span class='ocrx_word' id='word_1_303' title='bbox 3295 2135 3498 2190; x_wconf 86' lang='lat' dir='ltr'><strong>honore</strong></span> <span class='ocrx_word' id='word_1_304' title='bbox 3555 2132 3738 2187; x_wconf 74' lang='lat' dir='ltr'><strong>allice-</strong></span> 
     </span>
    </p>
   </div>
   <div class='ocr_carea' id='block_1_42' title="bbox 467 2221 2045 2267">
    <p class='ocr_par' dir='ltr' id='par_1_42' title="bbox 467 2221 2013 2267">
     <span class='ocr_line' id='line_1_42' title="bbox 467 2221 2013 2267; baseline 0.006 -2"><span class='ocrx_word' id='word_1_305' title='bbox 467 2221 571 2267; x_wconf 86' lang='lat' dir='ltr'><strong>ret.</strong></span> <span class='ocrx_word' id='word_1_306' title='bbox 2008 2232 2013 2233; x_wconf 51' lang='grc'><strong><em>⁷</em></strong></span> 
     </span>
    </p>
   </div>
   <div class='ocr_carea' id='block_1_43' title="bbox 543 2330 2045 2409">
    <p class='ocr_par' dir='ltr' id='par_1_43' title="bbox 543 2330 2039 2409">
     <span class='ocr_line' id='line_1_43' title="bbox 543 2330 2039 2409; baseline 0.011 -25"><span class='ocrx_word' id='word_1_307' title='bbox 543 2330 731 2387; x_wconf 75' lang='lat' dir='ltr'><strong>XXVI.</strong></span> <span class='ocrx_word' id='word_1_308' title='bbox 766 2333 876 2391; x_wconf 83' lang='lat' dir='ltr'><strong>Nec</strong></span> <span class='ocrx_word' id='word_1_309' title='bbox 906 2337 1047 2394; x_wconf 92' lang='lat' dir='ltr'><strong>enim</strong></span> <span class='ocrx_word' id='word_1_310' title='bbox 1089 2339 1219 2394; x_wconf 89' lang='lat' dir='ltr'><strong>mihi</strong></span> <span class='ocrx_word' id='word_1_311' title='bbox 1245 2341 1578 2409; x_wconf 87' lang='lat' dir='ltr'><strong>perturbatio</strong></span> <span class='ocrx_word' id='word_1_312' title='bbox 1609 2342 1695 2397; x_wconf 91' lang='lat' dir='ltr'><strong>illa</strong></span> <span class='ocrx_word' id='word_1_313' title='bbox 1738 2345 2039 2400; x_wconf 82' lang='lat' dir='ltr'><strong>temeritas-</strong></span> 
     </span>
    </p>
   </div>
   <div class='ocr_carea' id='block_1_44' title="bbox 2154 2330 3739 2409">
    <p class='ocr_par' dir='ltr' id='par_1_44' title="bbox 2211 2333 3739 2407">
     <span class='ocr_line' id='line_1_44' title="bbox 2211 2333 3739 2407; baseline -0.003 -14"><span class='ocrx_word' id='word_1_314' title='bbox 2211 2341 2357 2406; x_wconf 72' lang='lat' dir='ltr'><strong>K6,&quot;.</strong></span> <span class='ocrx_word' id='word_1_315' title='bbox 2410 2337 2523 2390; x_wconf 74' lang='grc' dir='ltr'>Οὐκ</span> <span class='ocrx_word' id='word_1_316' title='bbox 2572 2335 2778 2389; x_wconf 79' lang='grc' dir='ltr'>ἐπαινῶ</span> <span class='ocrx_word' id='word_1_317' title='bbox 2817 2335 2925 2407; x_wconf 87' lang='grc' dir='ltr'><strong>γάρ</strong></span> <span class='ocrx_word' id='word_1_318' title='bbox 2966 2333 3078 2405; x_wconf 81' lang='grc' dir='ltr'>ἐγὼ</span> <span class='ocrx_word' id='word_1_319' title='bbox 3119 2335 3219 2407; x_wconf 82' lang='grc' dir='ltr'>τὴν</span> <span class='ocrx_word' id='word_1_320' title='bbox 3261 2333 3392 2405; x_wconf 84' lang='grc' dir='ltr'>παρ’</span> <span class='ocrx_word' id='word_1_321' title='bbox 3434 2335 3567 2406; x_wconf 71' lang='grc' dir='ltr'>ἡμῖν</span> <span class='ocrx_word' id='word_1_322' title='bbox 3602 2334 3739 2388; x_wconf 82' lang='grc' dir='ltr'>ἀτα-</span> 
     </span>
    </p>
   </div>
   <div class='ocr_carea' id='block_1_45' title="bbox 466 2421 2045 2507">
    <p class='ocr_par' dir='ltr' id='par_1_45' title="bbox 466 2426 2039 2507">
     <span class='ocr_line' id='line_1_45' title="bbox 466 2426 2039 2507; baseline 0.011 -33"><span class='ocrx_word' id='word_1_323' title='bbox 466 2437 572 2490; x_wconf 90' lang='lat' dir='ltr'><strong>que</strong></span> <span class='ocrx_word' id='word_1_324' title='bbox 615 2426 895 2493; x_wconf 86' lang='lat' dir='ltr'><strong>probatur,</strong></span> <span class='ocrx_word' id='word_1_325' title='bbox 951 2444 1071 2499; x_wconf 63' lang='lat' dir='ltr'><strong>qua;</strong></span> <span class='ocrx_word' id='word_1_326' title='bbox 1120 2432 1265 2501; x_wconf 89' lang='lat' dir='ltr'><strong>apud</strong></span> <span class='ocrx_word' id='word_1_327' title='bbox 1316 2448 1416 2488; x_wconf 90' lang='lat' dir='ltr'><strong>nos</strong></span> <span class='ocrx_word' id='word_1_328' title='bbox 1470 2450 1852 2507; x_wconf 90' lang='lat' dir='ltr'><strong>nonnunquam</strong></span> <span class='ocrx_word' id='word_1_329' title='bbox 1886 2447 1941 2492; x_wconf 92' lang='lat' dir='ltr'><strong>et</strong></span> <span class='ocrx_word' id='word_1_330' title='bbox 1986 2438 2039 2492; x_wconf 93' lang='lat' dir='ltr'><strong>in</strong></span> 
     </span>
    </p>
   </div>
   <div class='ocr_carea' id='block_1_46' title="bbox 2154 2421 3737 2507">
    <p class='ocr_par' dir='ltr' id='par_1_46' title="bbox 2154 2421 3737 2500">
     <span class='ocr_line' id='line_1_46' title="bbox 2154 2421 3737 2500; baseline -0.001 -19"><span class='ocrx_word' id='word_1_331' title='bbox 2154 2432 2259 2497; x_wconf 78' lang='grc' dir='ltr'>ξίαν</span> <span class='ocrx_word' id='word_1_332' title='bbox 2292 2430 2382 2483; x_wconf 78' lang='grc' dir='ltr'>καὶ</span> <span class='ocrx_word' id='word_1_333' title='bbox 2410 2429 2680 2499; x_wconf 87' lang='grc' dir='ltr'>ἀκοσμίαν</span> <span class='ocrx_word' id='word_1_334' title='bbox 2704 2466 2720 2493; x_wconf 90' lang='grc'><strong>,</strong></span> <span class='ocrx_word' id='word_1_335' title='bbox 2753 2428 2897 2481; x_wconf 82' lang='grc' dir='ltr'>ἔστιν</span> <span class='ocrx_word' id='word_1_336' title='bbox 2929 2428 3016 2482; x_wconf 84' lang='grc' dir='ltr'>ὅτε</span> <span class='ocrx_word' id='word_1_337' title='bbox 3044 2428 3137 2481; x_wconf 70' lang='grc' dir='ltr'><strong>κα)⁵</strong></span> <span class='ocrx_word' id='word_1_338' title='bbox 3161 2429 3247 2498; x_wconf 77' lang='grc' dir='ltr'><strong>ἐφ’</strong></span> <span class='ocrx_word' id='word_1_339' title='bbox 3280 2421 3355 2483; x_wconf 77' lang='grc' dir='ltr'>ὧν</span> <span class='ocrx_word' id='word_1_340' title='bbox 3383 2429 3737 2500; x_wconf 76' lang='grc' dir='ltr'>προεδρεύον-</span> 
     </span>
    </p>
   </div>
   <div class='ocr_carea' id='block_1_47' title="bbox 467 2515 2045 2594">
    <p class='ocr_par' dir='ltr' id='par_1_47' title="bbox 467 2515 2041 2591">
     <span class='ocr_line' id='line_1_47' title="bbox 467 2515 2041 2591; baseline 0.01 -25"><span class='ocrx_word' id='word_1_341' title='bbox 467 2515 741 2571; x_wconf 86' lang='lat' dir='ltr'><strong>nonnullis</strong></span> <span class='ocrx_word' id='word_1_342' title='bbox 803 2519 1060 2575; x_wconf 79' lang='lat' dir='ltr'><strong>Ecclesia:</strong></span> <span class='ocrx_word' id='word_1_343' title='bbox 1111 2524 1427 2591; x_wconf 80' lang='lat' dir='ltr'><strong>praesidibus</strong></span> <span class='ocrx_word' id='word_1_344' title='bbox 1462 2526 1696 2581; x_wconf 85' lang='lat' dir='ltr'><strong>exsistit.</strong></span> <span class='ocrx_word' id='word_1_345' title='bbox 1725 2526 1842 2581; x_wconf 83' lang='lat' dir='ltr'><strong>Non</strong></span> <span class='ocrx_word' id='word_1_346' title='bbox 1895 2528 2041 2582; x_wconf 90' lang='lat' dir='ltr'><strong>enim</strong></span> 
     </span>
    </p>
   </div>
   <div class='ocr_carea' id='block_1_48' title="bbox 2154 2515 3736 2594">
    <p class='ocr_par' dir='ltr' id='par_1_48' title="bbox 2154 2520 3736 2594">
     <span class='ocr_line' id='line_1_48' title="bbox 2154 2520 3736 2594; baseline -0.003 -17"><span class='ocrx_word' id='word_1_347' title='bbox 2154 2541 2248 2578; x_wconf 77' lang='grc' dir='ltr'><strong>των</strong></span> <span class='ocrx_word' id='word_1_348' title='bbox 2274 2524 2332 2576; x_wconf 82' lang='grc' dir='ltr'>ὲν</span> <span class='ocrx_word' id='word_1_349' title='bbox 2361 2520 2621 2592; x_wconf 85' lang='grc' dir='ltr'>βήμασιν.</span> <span class='ocrx_word' id='word_1_350' title='bbox 2655 2520 2730 2572; x_wconf 71' lang='lat' dir='ltr'><strong>Ut)</strong></span> <span class='ocrx_word' id='word_1_351' title='bbox 2768 2520 2876 2594; x_wconf 79' lang='grc' dir='ltr'><strong>γάρ</strong></span> <span class='ocrx_word' id='word_1_352' title='bbox 2916 2520 3172 2573; x_wconf 86' lang='grc' dir='ltr'>ἀπάντων</span> <span class='ocrx_word' id='word_1_353' title='bbox 3214 2520 3468 2591; x_wconf 83' lang='grc' dir='ltr'>τολμήσω</span> <span class='ocrx_word' id='word_1_354' title='bbox 3492 2537 3736 2591; x_wconf 83' lang='grc' dir='ltr'>κατηγο-</span> 
     </span>
    </p>
   </div>
   <div class='ocr_carea' id='block_1_49' title="bbox 468 2606 2045 2690">
    <p class='ocr_par' dir='ltr' id='par_1_49' title="bbox 468 2606 2045 2690">
     <span class='ocr_line' id='line_1_49' title="bbox 468 2606 2045 2690; baseline 0.009 -29"><span class='ocrx_word' id='word_1_355' title='bbox 468 2618 536 2661; x_wconf 84' lang='lat' dir='ltr'><strong>eo</strong></span> <span class='ocrx_word' id='word_1_356' title='bbox 565 2606 803 2663; x_wconf 74' lang='lat' dir='ltr'><strong>audacia:</strong></span> <span class='ocrx_word' id='word_1_357' title='bbox 848 2613 1181 2681; x_wconf 88' lang='lat' dir='ltr'><strong>progrediar,</strong></span> <span class='ocrx_word' id='word_1_358' title='bbox 1225 2624 1283 2669; x_wconf 92' lang='lat' dir='ltr'><strong>ut</strong></span> <span class='ocrx_word' id='word_1_359' title='bbox 1310 2630 1499 2673; x_wconf 88' lang='lat' dir='ltr'><strong>omnes</strong></span> <span class='ocrx_word' id='word_1_360' title='bbox 1545 2633 1830 2686; x_wconf 88' lang='lat' dir='ltr'><strong>accusem;</strong></span> <span class='ocrx_word' id='word_1_361' title='bbox 1864 2620 2045 2690; x_wconf 87' lang='lat' dir='ltr'><strong>inique</strong></span> 
     </span>
    </p>
   </div>
   <div class='ocr_carea' id='block_1_50' title="bbox 2154 2606 3737 2690">
    <p class='ocr_par' dir='ltr' id='par_1_50' title="bbox 2154 2610 3737 2685">
     <span class='ocr_line' id='line_1_50' title="bbox 2154 2610 3737 2685; baseline -0.003 -18"><span class='ocrx_word' id='word_1_362' title='bbox 2154 2617 2277 2685; x_wconf 83' lang='grc' dir='ltr'>ρεῖν,</span> <span class='ocrx_word' id='word_1_363' title='bbox 2306 2612 2425 2665; x_wconf 79' lang='grc' dir='ltr'>οὐδὲ</span> <span class='ocrx_word' id='word_1_364' title='bbox 2456 2612 2683 2667; x_wconf 85' lang='grc' dir='ltr'>δίκαιον.</span> <span class='ocrx_word' id='word_1_365' title='bbox 2721 2610 2959 2664; x_wconf 86' lang='grc' dir='ltr'>Ἐπαινῶ</span> <span class='ocrx_word' id='word_1_366' title='bbox 2992 2610 3083 2664; x_wconf 84' lang='grc' dir='ltr'><strong>τὸν</strong></span> <span class='ocrx_word' id='word_1_367' title='bbox 3111 2611 3301 2681; x_wconf 83' lang='grc' dir='ltr'>νηίτην</span> <span class='ocrx_word' id='word_1_368' title='bbox 3334 2611 3517 2681; x_wconf 83' lang='grc' dir='ltr'>νόμον,</span> <span class='ocrx_word' id='word_1_369' title='bbox 3549 2611 3606 2675; x_wconf 84' lang='grc' dir='ltr'>ὃς</span> <span class='ocrx_word' id='word_1_370' title='bbox 3634 2611 3737 2682; x_wconf 74' lang='grc' dir='ltr'><strong>τὴν</strong></span> 
     </span>
    </p>
   </div>
   <div class='ocr_carea' id='block_1_51' title="bbox 466 2698 2045 2782">
    <p class='ocr_par' dir='ltr' id='par_1_51' title="bbox 466 2698 2045 2782">
     <span class='ocr_line' id='line_1_51' title="bbox 466 2698 2045 2782; baseline 0.011 -32"><span class='ocrx_word' id='word_1_371' title='bbox 466 2698 611 2752; x_wconf 84' lang='lat' dir='ltr'><strong>enim</strong></span> <span class='ocrx_word' id='word_1_372' title='bbox 655 2698 912 2756; x_wconf 82' lang='lat' dir='ltr'><strong>facerem.</strong></span> <span class='ocrx_word' id='word_1_373' title='bbox 946 2704 1143 2760; x_wconf 81' lang='lat' dir='ltr'><strong>Verum</strong></span> <span class='ocrx_word' id='word_1_374' title='bbox 1179 2708 1449 2763; x_wconf 87' lang='lat' dir='ltr'><strong>nauticam</strong></span> <span class='ocrx_word' id='word_1_375' title='bbox 1501 2710 1672 2781; x_wconf 82' lang='lat' dir='ltr'><strong>legem</strong></span> <span class='ocrx_word' id='word_1_376' title='bbox 1710 2710 1889 2777; x_wconf 90' lang='lat' dir='ltr'><strong>laudo,</strong></span> <span class='ocrx_word' id='word_1_377' title='bbox 1925 2727 2045 2782; x_wconf 71' lang='lat' dir='ltr'><strong>quae</strong></span> 
     </span>
    </p>
   </div>
   <div class='ocr_carea' id='block_1_52' title="bbox 2154 2698 3733 2782">
    <p class='ocr_par' dir='ltr' id='par_1_52' title="bbox 2154 2700 3733 2774">
     <span class='ocr_line' id='line_1_52' title="bbox 2154 2700 3733 2774; baseline -0.004 -17"><span class='ocrx_word' id='word_1_378' title='bbox 2154 2703 2337 2774; x_wconf 78' lang='grc' dir='ltr'>κώπην</span> <span class='ocrx_word' id='word_1_379' title='bbox 2378 2702 2641 2774; x_wconf 83' lang='grc' dir='ltr'>πρότερον</span> <span class='ocrx_word' id='word_1_380' title='bbox 2675 2701 2985 2772; x_wconf 76' lang='grc' dir='ltr'>ἐγχειρίσας</span> <span class='ocrx_word' id='word_1_381' title='bbox 3012 2700 3121 2772; x_wconf 84' lang='grc'>(52)</span> <span class='ocrx_word' id='word_1_382' title='bbox 3156 2701 3232 2772; x_wconf 81' lang='grc' dir='ltr'><strong>τῷ</strong></span> <span class='ocrx_word' id='word_1_383' title='bbox 3272 2701 3366 2755; x_wconf 79' lang='grc' dir='ltr'>νῦν</span> <span class='ocrx_word' id='word_1_384' title='bbox 3402 2701 3733 2771; x_wconf 79' lang='grc' dir='ltr'>κυϐερνήτῃ,</span> 
     </span>
    </p>
   </div>
   <div class='ocr_carea' id='block_1_53' title="bbox 466 2789 2045 2870">
    <p class='ocr_par' dir='ltr' id='par_1_53' title="bbox 466 2791 2045 2870">
     <span class='ocr_line' id='line_1_53' title="bbox 466 2791 2045 2870; baseline 0.012 -28"><span class='ocrx_word' id='word_1_385' title='bbox 466 2791 817 2860; x_wconf 77' lang='lat' dir='ltr'><strong>gubernatori</strong></span> <span class='ocrx_word' id='word_1_386' title='bbox 852 2794 1032 2852; x_wconf 91' lang='lat' dir='ltr'><strong>futuro</strong></span> <span class='ocrx_word' id='word_1_387' title='bbox 1060 2801 1290 2867; x_wconf 87' lang='lat' dir='ltr'><strong>primum</strong></span> <span class='ocrx_word' id='word_1_388' title='bbox 1321 2815 1499 2857; x_wconf 89' lang='lat' dir='ltr'><strong>remos</strong></span> <span class='ocrx_word' id='word_1_389' title='bbox 1526 2805 1723 2870; x_wconf 87' lang='lat' dir='ltr'><strong>tradit,</strong></span> <span class='ocrx_word' id='word_1_390' title='bbox 1751 2805 1943 2860; x_wconf 85' lang='lat' dir='ltr'><strong>deinde</strong></span> <span class='ocrx_word' id='word_1_391' title='bbox 1977 2806 2045 2861; x_wconf 89' lang='lat' dir='ltr'><strong>ad</strong></span> 
     </span>
    </p>
   </div>
   <div class='ocr_carea' id='block_1_54' title="bbox 2154 2789 3736 2870">
    <p class='ocr_par' dir='ltr' id='par_1_54' title="bbox 2154 2789 3736 2863">
     <span class='ocr_line' id='line_1_54' title="bbox 2154 2789 3736 2863; baseline -0.004 -15"><span class='ocrx_word' id='word_1_392' title='bbox 2154 2794 2398 2848; x_wconf 78' lang='grc' dir='ltr'>κάκεῖθεν</span> <span class='ocrx_word' id='word_1_393' title='bbox 2422 2794 2514 2845; x_wconf 72' lang='grc' dir='ltr'><strong>ἐπὶ</strong></span> <span class='ocrx_word' id='word_1_394' title='bbox 2543 2792 2644 2863; x_wconf 77' lang='grc' dir='ltr'><strong>τὴν</strong></span> <span class='ocrx_word' id='word_1_395' title='bbox 2682 2790 2908 2862; x_wconf 88' lang='grc' dir='ltr'>πρώραν</span> <span class='ocrx_word' id='word_1_396' title='bbox 2940 2791 3183 2860; x_wconf 85' lang='grc' dir='ltr'>ἀγαγὼν,</span> <span class='ocrx_word' id='word_1_397' title='bbox 3211 2791 3305 2844; x_wconf 76' lang='grc' dir='ltr'>καὶ</span> <span class='ocrx_word' id='word_1_398' title='bbox 3341 2789 3637 2853; x_wconf 80' lang='grc' dir='ltr'>πιστεύσας</span> <span class='ocrx_word' id='word_1_399' title='bbox 3664 2791 3736 2842; x_wconf 87' lang='grc' dir='ltr'><strong>τά</strong></span> 
     </span>
    </p>
   </div>
   <div class='ocr_carea' id='block_1_55' title="bbox 469 2874 2045 2962">
    <p class='ocr_par' dir='ltr' id='par_1_55' title="bbox 469 2874 2045 2962">
     <span class='ocr_line' id='line_1_55' title="bbox 469 2874 2045 2962; baseline 0.01 -28"><span class='ocrx_word' id='word_1_400' title='bbox 469 2895 689 2950; x_wconf 87' lang='lat' dir='ltr'><strong>proram</strong></span> <span class='ocrx_word' id='word_1_401' title='bbox 738 2899 859 2939; x_wconf 84' lang='lat' dir='ltr'><strong>eum</strong></span> <span class='ocrx_word' id='word_1_402' title='bbox 910 2888 1161 2955; x_wconf 88' lang='lat' dir='ltr'><strong>collocat,</strong></span> <span class='ocrx_word' id='word_1_403' title='bbox 1188 2874 1376 2961; x_wconf 88' lang='lat' dir='ltr'><strong>sicque</strong></span> <span class='ocrx_word' id='word_1_404' title='bbox 1427 2893 1701 2962; x_wconf 83' lang='lat' dir='ltr'><strong>prioribus</strong></span> <span class='ocrx_word' id='word_1_405' title='bbox 1732 2897 2045 2951; x_wconf 88' lang='lat' dir='ltr'><strong>muneribus</strong></span> 
     </span>
    </p>
   </div>
   <div class='ocr_carea' id='block_1_56' title="bbox 2154 2874 3737 2962">
    <p class='ocr_par' dir='ltr' id='par_1_56' title="bbox 2154 2879 3737 2958">
     <span class='ocr_line' id='line_1_56' title="bbox 2154 2879 3737 2958; baseline -0.003 -20"><span class='ocrx_word' id='word_1_406' title='bbox 2154 2883 2475 2958; x_wconf 73' lang='grc' dir='ltr'>ἔμπροσθεν,</span> <span class='ocrx_word' id='word_1_407' title='bbox 2502 2883 2676 2947; x_wconf 78' lang='grc' dir='ltr'>οὓτως</span> <span class='ocrx_word' id='word_1_408' title='bbox 2705 2882 2797 2935; x_wconf 77' lang='grc' dir='ltr'><strong>ἐπὶ</strong></span> <span class='ocrx_word' id='word_1_409' title='bbox 2827 2880 2934 2935; x_wconf 83' lang='grc' dir='ltr'><strong>τῶν</strong></span> <span class='ocrx_word' id='word_1_410' title='bbox 2966 2882 3166 2935; x_wconf 83' lang='grc' dir='ltr'>οἰάκων</span> <span class='ocrx_word' id='word_1_411' title='bbox 3205 2882 3437 2947; x_wconf 78' lang='grc' dir='ltr'>καθίζει,</span> <span class='ocrx_word' id='word_1_412' title='bbox 3467 2881 3605 2953; x_wconf 88' lang='grc' dir='ltr'><strong>μετά</strong></span> <span class='ocrx_word' id='word_1_413' title='bbox 3635 2879 3737 2953; x_wconf 75' lang='grc' dir='ltr'><strong>τὴν</strong></span> 
     </span>
    </p>
   </div>
   <div class='ocr_carea' id='block_1_57' title="bbox 465 2971 2045 3054">
    <p class='ocr_par' dir='ltr' id='par_1_57' title="bbox 465 2971 2045 3054">
     <span class='ocr_line' id='line_1_57' title="bbox 465 2971 2045 3054; baseline 0.01 -29"><span class='ocrx_word' id='word_1_414' title='bbox 465 2971 568 3039; x_wconf 88' lang='lat' dir='ltr'><strong>ipsi</strong></span> <span class='ocrx_word' id='word_1_415' title='bbox 597 2977 917 3042; x_wconf 89' lang='lat' dir='ltr'><strong>commissis,</strong></span> <span class='ocrx_word' id='word_1_416' title='bbox 952 2984 1168 3037; x_wconf 85' lang='lat' dir='ltr'><strong>tandem</strong></span> <span class='ocrx_word' id='word_1_417' title='bbox 1196 2997 1354 3051; x_wconf 89' lang='lat' dir='ltr'><strong>eum,</strong></span> <span class='ocrx_word' id='word_1_418' title='bbox 1386 2995 1510 3054; x_wconf 89' lang='lat' dir='ltr'><strong>post</strong></span> <span class='ocrx_word' id='word_1_419' title='bbox 1540 2987 1846 3041; x_wconf 90' lang='lat' dir='ltr'><strong>diuturnam</strong></span> <span class='ocrx_word' id='word_1_420' title='bbox 1880 2989 2045 3042; x_wconf 84' lang='lat' dir='ltr'><strong>remi-</strong></span> 
     </span>
    </p>
   </div>
   <div class='ocr_carea' id='block_1_58' title="bbox 2154 2971 3739 3054">
    <p class='ocr_par' dir='ltr' id='par_1_58' title="bbox 2154 2973 3739 3048">
     <span class='ocr_line' id='line_1_58' title="bbox 2154 2973 3739 3048; baseline -0.003 -17"><span class='ocrx_word' id='word_1_421' title='bbox 2154 2977 2343 3048; x_wconf 85' lang='grc' dir='ltr'>πολλὴν</span> <span class='ocrx_word' id='word_1_422' title='bbox 2371 2976 2482 3047; x_wconf 79' lang='grc'>(55)</span> <span class='ocrx_word' id='word_1_423' title='bbox 2510 2974 2804 3043; x_wconf 86' lang='grc' dir='ltr'>τυφοείσαν</span> <span class='ocrx_word' id='word_1_424' title='bbox 2862 2974 3159 3039; x_wconf 76' lang='grc' dir='ltr'>Θάλασσαν,</span> <span class='ocrx_word' id='word_1_425' title='bbox 3204 2974 3297 3028; x_wconf 81' lang='grc' dir='ltr'>καὶ</span> <span class='ocrx_word' id='word_1_426' title='bbox 3336 2975 3433 3046; x_wconf 83' lang='grc' dir='ltr'><strong>τὴν</strong></span> <span class='ocrx_word' id='word_1_427' title='bbox 3463 2974 3571 3027; x_wconf 83' lang='grc' dir='ltr'>τῶν</span> <span class='ocrx_word' id='word_1_428' title='bbox 3610 2973 3739 3026; x_wconf 76' lang='grc' dir='ltr'>ἀνέο</span> 
     </span>
    </p>
   </div>
   <div class='ocr_carea' id='block_1_59' title="bbox 466 3058 2045 3150">
    <p class='ocr_par' dir='ltr' id='par_1_59' title="bbox 466 3066 2045 3150">
     <span class='ocr_line' id='line_1_59' title="bbox 466 3066 2045 3150; baseline 0.011 -33"><span class='ocrx_word' id='word_1_429' title='bbox 466 3066 737 3133; x_wconf 84' lang='lat' dir='ltr'><strong>gationem</strong></span> <span class='ocrx_word' id='word_1_430' title='bbox 773 3084 836 3124; x_wconf 89' lang='lat' dir='ltr'><strong>ac</strong></span> <span class='ocrx_word' id='word_1_431' title='bbox 867 3081 1149 3128; x_wconf 89' lang='lat' dir='ltr'><strong>ventorum</strong></span> <span class='ocrx_word' id='word_1_432' title='bbox 1185 3075 1643 3145; x_wconf 85' lang='lat' dir='ltr'><strong>observationem,</strong></span> <span class='ocrx_word' id='word_1_433' title='bbox 1672 3080 1738 3133; x_wconf 87' lang='lat' dir='ltr'><strong>ad</strong></span> <span class='ocrx_word' id='word_1_434' title='bbox 1788 3080 2045 3150; x_wconf 86' lang='lat' dir='ltr'><strong>guberna-</strong></span> 
     </span>
    </p>
   </div>
   <div class='ocr_carea' id='block_1_60' title="bbox 2154 3058 3729 3150">
    <p class='ocr_par' dir='ltr' id='par_1_60' title="bbox 2154 3061 3729 3134">
     <span class='ocr_line' id='line_1_60' title="bbox 2154 3061 3729 3134; baseline -0.002 -18"><span class='ocrx_word' id='word_1_435' title='bbox 2154 3079 2268 3134; x_wconf 89' lang='grc' dir='ltr'><strong>μων</strong></span> <span class='ocrx_word' id='word_1_436' title='bbox 2323 3061 2628 3131; x_wconf 68' lang='grc' dir='ltr'>διάσκεψιν.</span> <span class='ocrx_word' id='word_1_437' title='bbox 2667 3062 2761 3126; x_wconf 86' lang='grc' dir='ltr'>Ὣς</span> <span class='ocrx_word' id='word_1_438' title='bbox 2806 3062 2863 3115; x_wconf 83' lang='grc' dir='ltr'>δὲ</span> <span class='ocrx_word' id='word_1_439' title='bbox 2916 3063 3019 3116; x_wconf 83' lang='grc' dir='ltr'><strong>κάν</strong></span> <span class='ocrx_word' id='word_1_440' title='bbox 3065 3065 3176 3127; x_wconf 83' lang='grc' dir='ltr'>τοῖς</span> <span class='ocrx_word' id='word_1_441' title='bbox 3227 3062 3541 3132; x_wconf 81' lang='grc' dir='ltr'>πολεμικοῖς</span> <span class='ocrx_word' id='word_1_442' title='bbox 3582 3061 3729 3131; x_wconf 80' lang='grc' dir='ltr'>ἔχει·</span> 
     </span>
    </p>
   </div>
   <div class='ocr_carea' id='block_1_61' title="bbox 466 3152 2045 3229">
    <p class='ocr_par' dir='ltr' id='par_1_61' title="bbox 466 3155 2045 3229">
     <span class='ocr_line' id='line_1_61' title="bbox 466 3155 2045 3229; baseline 0.011 -20"><span class='ocrx_word' id='word_1_443' title='bbox 466 3155 587 3209; x_wconf 87' lang='lat' dir='ltr'><strong>cula</strong></span> <span class='ocrx_word' id='word_1_444' title='bbox 628 3159 927 3229; x_wconf 84' lang='lat' dir='ltr'><strong>constituit.</strong></span> <span class='ocrx_word' id='word_1_445' title='bbox 953 3161 1151 3218; x_wconf 82' lang='lat' dir='ltr'><strong>Eadem</strong></span> <span class='ocrx_word' id='word_1_446' title='bbox 1186 3166 1262 3220; x_wconf 92' lang='lat' dir='ltr'><strong>rei</strong></span> <span class='ocrx_word' id='word_1_447' title='bbox 1299 3168 1548 3224; x_wconf 89' lang='lat' dir='ltr'><strong>militaris</strong></span> <span class='ocrx_word' id='word_1_448' title='bbox 1574 3177 1656 3225; x_wconf 91' lang='lat' dir='ltr'><strong>est</strong></span> <span class='ocrx_word' id='word_1_449' title='bbox 1682 3169 1822 3226; x_wconf 90' lang='lat' dir='ltr'><strong>ratio</strong></span> <span class='ocrx_word' id='word_1_450' title='bbox 1850 3189 1865 3226; x_wconf 92' lang='lat'><strong>:</strong></span> <span class='ocrx_word' id='word_1_451' title='bbox 1893 3171 2045 3227; x_wconf 88' lang='lat' dir='ltr'><strong>miles</strong></span> 
     </span>
    </p>
   </div>
   <div class='ocr_carea' id='block_1_62' title="bbox 2154 3152 3733 3229">
    <p class='ocr_par' dir='ltr' id='par_1_62' title="bbox 2154 3152 3733 3226">
     <span class='ocr_line' id='line_1_62' title="bbox 2154 3152 3733 3226; baseline 0 -20"><span class='ocrx_word' id='word_1_452' title='bbox 2154 3152 2505 3225; x_wconf 83' lang='grc' dir='ltr'>στρατιώτης,</span> <span class='ocrx_word' id='word_1_453' title='bbox 2551 3153 2875 3225; x_wconf 82' lang='grc' dir='ltr'>ταξίαρχος,</span> <span class='ocrx_word' id='word_1_454' title='bbox 2932 3155 3254 3226; x_wconf 86' lang='grc' dir='ltr'>στρατηγός.</span> <span class='ocrx_word' id='word_1_455' title='bbox 3306 3156 3454 3225; x_wconf 73' lang='grc' dir='ltr'>Αὕτη</span> <span class='ocrx_word' id='word_1_456' title='bbox 3495 3157 3528 3226; x_wconf 77' lang='grc' dir='ltr'>ἡ</span> <span class='ocrx_word' id='word_1_457' title='bbox 3578 3154 3733 3218; x_wconf 82' lang='grc' dir='ltr'>τάξις</span> 
     </span>
    </p>
   </div>
   <div class='ocr_carea' id='block_1_63' title="bbox 465 3245 2045 3333">
    <p class='ocr_par' dir='ltr' id='par_1_63' title="bbox 465 3248 2045 3333">
     <span class='ocr_line' id='line_1_63' title="bbox 465 3248 2045 3333; baseline 0.011 -31"><span class='ocrx_word' id='word_1_458' title='bbox 465 3248 721 3317; x_wconf 89' lang='lat' dir='ltr'><strong>primum,</strong></span> <span class='ocrx_word' id='word_1_459' title='bbox 747 3252 939 3309; x_wconf 86' lang='lat' dir='ltr'><strong>deinde</strong></span> <span class='ocrx_word' id='word_1_460' title='bbox 965 3258 1243 3323; x_wconf 87' lang='lat' dir='ltr'><strong>centurio,</strong></span> <span class='ocrx_word' id='word_1_461' title='bbox 1274 3269 1383 3312; x_wconf 85' lang='lat' dir='ltr'><strong>tum</strong></span> <span class='ocrx_word' id='word_1_462' title='bbox 1428 3262 1741 3331; x_wconf 69' lang='lat' dir='ltr'><strong>imperator.</strong></span> <span class='ocrx_word' id='word_1_463' title='bbox 1780 3262 1878 3318; x_wconf 84' lang='lat' dir='ltr'><strong>Hic</strong></span> <span class='ocrx_word' id='word_1_464' title='bbox 1907 3266 2045 3333; x_wconf 52' lang='lat' dir='ltr'><strong>apti:</strong></span> 
     </span>
    </p>
   </div>
   <div class='ocr_carea' id='block_1_64' title="bbox 2154 3245 3733 3333">
    <p class='ocr_par' dir='ltr' id='par_1_64' title="bbox 2154 3245 3733 3319">
     <span class='ocr_line' id='line_1_64' title="bbox 2154 3245 3733 3319; baseline 0.002 -22"><span class='ocrx_word' id='word_1_465' title='bbox 2154 3246 2339 3316; x_wconf 73' lang='grc' dir='ltr'>ἀρίστη</span> <span class='ocrx_word' id='word_1_466' title='bbox 2396 3245 2487 3297; x_wconf 74' lang='grc' dir='ltr'><strong>καὶ</strong></span> <span class='ocrx_word' id='word_1_467' title='bbox 2536 3245 2952 3317; x_wconf 86' lang='grc' dir='ltr'>λυσιτελεστάτη</span> <span class='ocrx_word' id='word_1_468' title='bbox 3007 3249 3119 3311; x_wconf 86' lang='grc' dir='ltr'>τοῖς</span> <span class='ocrx_word' id='word_1_469' title='bbox 3173 3247 3514 3319; x_wconf 78' lang='grc' dir='ltr'>ἀρχομένοις.</span> <span class='ocrx_word' id='word_1_470' title='bbox 3561 3248 3634 3300; x_wconf 90' lang='grc' dir='ltr'>Τὸ</span> <span class='ocrx_word' id='word_1_471' title='bbox 3685 3246 3733 3300; x_wconf 73' lang='grc' dir='ltr'>δ’</span> 
     </span>
    </p>
   </div>
   <div class='ocr_carea' id='block_1_65' title="bbox 464 3334 2045 3423">
    <p class='ocr_par' dir='ltr' id='par_1_65' title="bbox 464 3343 2045 3423">
     <span class='ocr_line' id='line_1_65' title="bbox 464 3343 2045 3423; baseline 0.009 -29"><span class='ocrx_word' id='word_1_472' title='bbox 464 3355 587 3395; x_wconf 91' lang='lat' dir='ltr'><strong>mus</strong></span> <span class='ocrx_word' id='word_1_473' title='bbox 615 3343 747 3398; x_wconf 91' lang='lat' dir='ltr'><strong>ordo</strong></span> <span class='ocrx_word' id='word_1_474' title='bbox 771 3353 876 3411; x_wconf 92' lang='lat' dir='ltr'><strong>est,</strong></span> <span class='ocrx_word' id='word_1_475' title='bbox 906 3345 1096 3417; x_wconf 88' lang='lat' dir='ltr'><strong>iisque,</strong></span> <span class='ocrx_word' id='word_1_476' title='bbox 1128 3351 1216 3419; x_wconf 87' lang='lat' dir='ltr'><strong>qui</strong></span> <span class='ocrx_word' id='word_1_477' title='bbox 1249 3353 1497 3417; x_wconf 80' lang='lat' dir='ltr'><strong>subsunt,</strong></span> <span class='ocrx_word' id='word_1_478' title='bbox 1541 3355 1589 3406; x_wconf 91' lang='lat' dir='ltr'><strong>iu</strong></span> <span class='ocrx_word' id='word_1_479' title='bbox 1618 3355 1806 3423; x_wconf 84' lang='lat' dir='ltr'><strong>primis</strong></span> <span class='ocrx_word' id='word_1_480' title='bbox 1843 3357 2045 3409; x_wconf 87' lang='lat' dir='ltr'><strong>condu-</strong></span> 
     </span>
    </p>
   </div>
   <div class='ocr_carea' id='block_1_66' title="bbox 2154 3334 3734 3423">
    <p class='ocr_par' dir='ltr' id='par_1_66' title="bbox 2154 3334 3734 3410">
     <span class='ocr_line' id='line_1_66' title="bbox 2154 3334 3734 3410; baseline 0.003 -21"><span class='ocrx_word' id='word_1_481' title='bbox 2154 3337 2435 3409; x_wconf 75' lang='grc' dir='ltr'>ἡμέτερον,</span> <span class='ocrx_word' id='word_1_482' title='bbox 2468 3336 2662 3391; x_wconf 88' lang='grc' dir='ltr'>πολλοῦ</span> <span class='ocrx_word' id='word_1_483' title='bbox 2705 3338 2772 3391; x_wconf 84' lang='grc' dir='ltr'>ἂν</span> <span class='ocrx_word' id='word_1_484' title='bbox 2799 3334 2868 3409; x_wconf 76' lang='grc' dir='ltr'>ἦν</span> <span class='ocrx_word' id='word_1_485' title='bbox 2907 3336 3075 3406; x_wconf 79' lang='grc' dir='ltr'>ἄξιον,</span> <span class='ocrx_word' id='word_1_486' title='bbox 3105 3340 3153 3393; x_wconf 84' lang='grc' dir='ltr'><strong>εί</strong></span> <span class='ocrx_word' id='word_1_487' title='bbox 3177 3339 3351 3403; x_wconf 74' lang='grc' dir='ltr'>οὕτως</span> <span class='ocrx_word' id='word_1_488' title='bbox 3374 3334 3505 3410; x_wconf 78' lang='grc' dir='ltr'>εἶχε.</span> <span class='ocrx_word' id='word_1_489' title='bbox 3536 3339 3651 3392; x_wconf 81' lang='grc' dir='ltr'><strong>Νῦν</strong></span> <span class='ocrx_word' id='word_1_490' title='bbox 3673 3338 3734 3392; x_wconf 80' lang='grc' dir='ltr'>δὲ</span> 
     </span>
    </p>
   </div>
   <div class='ocr_carea' id='block_1_67' title="bbox 464 3431 2045 3515">
    <p class='ocr_par' dir='ltr' id='par_1_67' title="bbox 464 3434 2042 3515">
     <span class='ocr_line' id='line_1_67' title="bbox 464 3434 2042 3515; baseline 0.008 -28"><span class='ocrx_word' id='word_1_491' title='bbox 464 3434 663 3489; x_wconf 88' lang='lat' dir='ltr'><strong>cibilis.</strong></span> <span class='ocrx_word' id='word_1_492' title='bbox 700 3435 874 3503; x_wconf 86' lang='lat' dir='ltr'><strong>Quam</strong></span> <span class='ocrx_word' id='word_1_493' title='bbox 914 3442 1174 3508; x_wconf 60' lang='lat' dir='ltr'><strong>praeclare</strong></span> <span class='ocrx_word' id='word_1_494' title='bbox 1210 3443 1491 3497; x_wconf 86' lang='lat' dir='ltr'><strong>nobiscum</strong></span> <span class='ocrx_word' id='word_1_495' title='bbox 1526 3456 1801 3515; x_wconf 85' lang='lat' dir='ltr'><strong>ageretur,</strong></span> <span class='ocrx_word' id='word_1_496' title='bbox 1823 3448 1865 3502; x_wconf 91' lang='lat' dir='ltr'><strong>si</strong></span> <span class='ocrx_word' id='word_1_497' title='bbox 1901 3448 2042 3501; x_wconf 90' lang='lat' dir='ltr'><strong>idem</strong></span> 
     </span>
    </p>
   </div>
   <div class='ocr_carea' id='block_1_68' title="bbox 2154 3431 3733 3515">
    <p class='ocr_par' dir='ltr' id='par_1_68' title="bbox 2154 3431 3733 3503">
     <span class='ocr_line' id='line_1_68' title="bbox 2154 3431 3733 3503; baseline -0.001 -18"><span class='ocrx_word' id='word_1_498' title='bbox 2154 3431 2465 3499; x_wconf 79' lang='grc' dir='ltr'>κινδυνεύει,</span> <span class='ocrx_word' id='word_1_499' title='bbox 2508 3431 2569 3484; x_wconf 84' lang='grc' dir='ltr'><strong>τὸ</strong></span> <span class='ocrx_word' id='word_1_500' title='bbox 2621 3432 2838 3486; x_wconf 80' lang='grc' dir='ltr'>πάντων</span> <span class='ocrx_word' id='word_1_501' title='bbox 2879 3431 3181 3500; x_wconf 82' lang='grc' dir='ltr'>ἁγιώτατον</span> <span class='ocrx_word' id='word_1_502' title='bbox 3223 3433 3428 3503; x_wconf 88' lang='grc' dir='ltr'>τάγμα,</span> <span class='ocrx_word' id='word_1_503' title='bbox 3456 3432 3564 3485; x_wconf 86' lang='grc' dir='ltr'><strong>τῶν</strong></span> <span class='ocrx_word' id='word_1_504' title='bbox 3601 3432 3733 3502; x_wconf 78' lang='grc' dir='ltr'>παρ’</span> 
     </span>
    </p>
   </div>
   <div class='ocr_carea' id='block_1_69' title="bbox 464 3532 2044 3608">
    <p class='ocr_par' dir='ltr' id='par_1_69' title="bbox 464 3532 2044 3608">
     <span class='ocr_line' id='line_1_69' title="bbox 464 3532 2044 3608; baseline 0.01 -32"><span class='ocrx_word' id='word_1_505' title='bbox 464 3532 608 3578; x_wconf 88' lang='lat' dir='ltr'><strong>esset</strong></span> <span class='ocrx_word' id='word_1_506' title='bbox 664 3539 843 3581; x_wconf 91' lang='lat' dir='ltr'><strong>rerum</strong></span> <span class='ocrx_word' id='word_1_507' title='bbox 880 3538 1192 3584; x_wconf 89' lang='lat' dir='ltr'><strong>nostrarum</strong></span> <span class='ocrx_word' id='word_1_508' title='bbox 1232 3535 1433 3588; x_wconf 90' lang='lat' dir='ltr'><strong>status!</strong></span> <span class='ocrx_word' id='word_1_509' title='bbox 1485 3534 1640 3590; x_wconf 87' lang='lat' dir='ltr'><strong>Nunc</strong></span> <span class='ocrx_word' id='word_1_510' title='bbox 1684 3547 1861 3592; x_wconf 88' lang='lat' dir='ltr'><strong>autem</strong></span> <span class='ocrx_word' id='word_1_511' title='bbox 1899 3540 2044 3608; x_wconf 38' lang='lat' dir='ltr'><strong>peris</strong></span> 
     </span>
    </p>
   </div>
   <div class='ocr_carea' id='block_1_70' title="bbox 462 3614 2045 3701">
    <p class='ocr_par' dir='ltr' id='par_1_70' title="bbox 462 3614 2045 3701">
     <span class='ocr_line' id='line_1_70' title="bbox 462 3614 2045 3701; baseline 0.011 -32"><span class='ocrx_word' id='word_1_512' title='bbox 462 3614 650 3669; x_wconf 88' lang='lat' dir='ltr'><strong>culum</strong></span> <span class='ocrx_word' id='word_1_513' title='bbox 690 3627 794 3683; x_wconf 78' lang='lat' dir='ltr'><strong>eat,</strong></span> <span class='ocrx_word' id='word_1_514' title='bbox 829 3632 895 3674; x_wconf 88' lang='lat' dir='ltr'><strong>ne</strong></span> <span class='ocrx_word' id='word_1_515' title='bbox 920 3621 1053 3674; x_wconf 90' lang='lat' dir='ltr'><strong>ordo</strong></span> <span class='ocrx_word' id='word_1_516' title='bbox 1091 3624 1334 3677; x_wconf 91' lang='lat' dir='ltr'><strong>omnium</strong></span> <span class='ocrx_word' id='word_1_517' title='bbox 1383 3628 1778 3695; x_wconf 88' lang='lat' dir='ltr'><strong>sanctissimus,</strong></span> <span class='ocrx_word' id='word_1_518' title='bbox 1809 3632 1879 3685; x_wconf 89' lang='lat' dir='ltr'><strong>sit</strong></span> <span class='ocrx_word' id='word_1_519' title='bbox 1912 3646 2045 3701; x_wconf 83' lang='lat' dir='ltr'><strong>quo-</strong></span> 
     </span>
    </p>
   </div>
   <div class='ocr_carea' id='block_1_71' title="bbox 464 3707 2043 3778">
    <p class='ocr_par' dir='ltr' id='par_1_71' title="bbox 464 3707 2043 3778">
     <span class='ocr_line' id='line_1_71' title="bbox 464 3707 2043 3778; baseline 0.013 -21"><span class='ocrx_word' id='word_1_520' title='bbox 464 3718 573 3772; x_wconf 89' lang='lat' dir='ltr'><strong>que</strong></span> <span class='ocrx_word' id='word_1_521' title='bbox 620 3707 860 3761; x_wconf 92' lang='lat' dir='ltr'><strong>omnium</strong></span> <span class='ocrx_word' id='word_1_522' title='bbox 897 3710 1133 3766; x_wconf 80' lang='lat' dir='ltr'><strong>maxime</strong></span> <span class='ocrx_word' id='word_1_523' title='bbox 1188 3712 1469 3771; x_wconf 90' lang='lat' dir='ltr'><strong>ridiculus.</strong></span> <span class='ocrx_word' id='word_1_524' title='bbox 1501 3716 1617 3773; x_wconf 82' lang='lat' dir='ltr'><strong>Non</strong></span> <span class='ocrx_word' id='word_1_525' title='bbox 1664 3720 1808 3774; x_wconf 90' lang='lat' dir='ltr'><strong>enim</strong></span> <span class='ocrx_word' id='word_1_526' title='bbox 1844 3722 2043 3778; x_wconf 87' lang='lat' dir='ltr'><strong>virtute</strong></span> 
     </span>
    </p>
   </div>
   <div class='ocr_carea' id='block_1_72' title="bbox 463 3797 2042 3884">
    <p class='ocr_par' dir='ltr' id='par_1_72' title="bbox 463 3797 2042 3884">
     <span class='ocr_line' id='line_1_72' title="bbox 463 3797 2042 3884; baseline 0.012 -33"><span class='ocrx_word' id='word_1_527' title='bbox 463 3797 659 3868; x_wconf 85' lang='lat' dir='ltr'><strong>magis,</strong></span> <span class='ocrx_word' id='word_1_528' title='bbox 682 3814 844 3869; x_wconf 89' lang='lat' dir='ltr'><strong>quam</strong></span> <span class='ocrx_word' id='word_1_529' title='bbox 887 3801 1149 3858; x_wconf 82' lang='lat' dir='ltr'><strong>maleficio</strong></span> <span class='ocrx_word' id='word_1_530' title='bbox 1178 3812 1231 3859; x_wconf 89' lang='lat' dir='ltr'><strong>et</strong></span> <span class='ocrx_word' id='word_1_531' title='bbox 1264 3806 1508 3875; x_wconf 88' lang='lat' dir='ltr'><strong>scelere,</strong></span> <span class='ocrx_word' id='word_1_532' title='bbox 1543 3812 1906 3868; x_wconf 91' lang='lat' dir='ltr'><strong>sacerdotium</strong></span> <span class='ocrx_word' id='word_1_533' title='bbox 1942 3830 2042 3884; x_wconf 86' lang='lat' dir='ltr'><strong>pa-</strong></span> 
     </span>
    </p>
   </div>
   <div class='ocr_carea' id='block_1_73' title="bbox 464 3893 2040 3974">
    <p class='ocr_par' dir='ltr' id='par_1_73' title="bbox 464 3893 2040 3974">
     <span class='ocr_line' id='line_1_73' title="bbox 464 3893 2040 3974; baseline 0.014 -33"><span class='ocrx_word' id='word_1_534' title='bbox 464 3897 656 3955; x_wconf 88' lang='lat' dir='ltr'><strong>ratur;</strong></span> <span class='ocrx_word' id='word_1_535' title='bbox 709 3906 808 3946; x_wconf 92' lang='lat' dir='ltr'><strong>nec</strong></span> <span class='ocrx_word' id='word_1_536' title='bbox 871 3893 1215 3966; x_wconf 78' lang='lat' dir='ltr'><strong>digniorem,</strong></span> <span class='ocrx_word' id='word_1_537' title='bbox 1264 3901 1358 3955; x_wconf 80' lang='lat' dir='ltr'><strong>sed</strong></span> <span class='ocrx_word' id='word_1_538' title='bbox 1402 3904 1810 3974; x_wconf 89' lang='lat' dir='ltr'><strong>potentiorum,</strong></span> <span class='ocrx_word' id='word_1_539' title='bbox 1863 3907 2040 3963; x_wconf 91' lang='lat' dir='ltr'><strong>throni</strong></span> 
     </span>
    </p>
   </div>
   <div class='ocr_carea' id='block_1_74' title="bbox 463 3984 2041 4066">
    <p class='ocr_par' dir='ltr' id='par_1_74' title="bbox 463 3984 2041 4066">
     <span class='ocr_line' id='line_1_74' title="bbox 463 3984 2041 4066; baseline 0.011 -27"><span class='ocrx_word' id='word_1_540' title='bbox 463 3992 611 4039; x_wconf 82' lang='lat' dir='ltr'><strong>Sunt.</strong></span> <span class='ocrx_word' id='word_1_541' title='bbox 646 3984 865 4042; x_wconf 89' lang='lat' dir='ltr'><strong>Samuel</strong></span> <span class='ocrx_word' id='word_1_542' title='bbox 900 3986 1045 4043; x_wconf 85' lang='lat' dir='ltr'><strong>inter</strong></span> <span class='ocrx_word' id='word_1_543' title='bbox 1089 3993 1403 4061; x_wconf 86' lang='lat' dir='ltr'><strong>prophetas.</strong></span> <span class='ocrx_word' id='word_1_544' title='bbox 1438 3995 1547 4061; x_wconf 90' lang='lat' dir='ltr'><strong>ille,</strong></span> <span class='ocrx_word' id='word_1_545' title='bbox 1580 3997 1819 4066; x_wconf 89' lang='lat' dir='ltr'><strong>inquam,</strong></span> <span class='ocrx_word' id='word_1_546' title='bbox 1865 3998 2041 4055; x_wconf 85' lang='lat' dir='ltr'><strong>futura</strong></span> 
     </span>
    </p>
   </div>
   <div class='ocr_carea' id='block_1_75' title="bbox 460 4075 2037 4156">
    <p class='ocr_par' dir='ltr' id='par_1_75' title="bbox 460 4075 2037 4156">
     <span class='ocr_line' id='line_1_75' title="bbox 460 4075 2037 4156; baseline 0.012 -30"><span class='ocrx_word' id='word_1_547' title='bbox 460 4075 835 4143; x_wconf 85' lang='lat' dir='ltr'><strong>prospiciens;</strong></span> <span class='ocrx_word' id='word_1_548' title='bbox 875 4082 970 4133; x_wconf 90' lang='lat' dir='ltr'><strong>sed</strong></span> <span class='ocrx_word' id='word_1_549' title='bbox 1008 4088 1062 4133; x_wconf 89' lang='lat' dir='ltr'><strong>et</strong></span> <span class='ocrx_word' id='word_1_550' title='bbox 1102 4081 1230 4135; x_wconf 87' lang='lat' dir='ltr'><strong>Saul</strong></span> <span class='ocrx_word' id='word_1_551' title='bbox 1263 4123 1278 4147; x_wconf 93' lang='lat'><strong>,</strong></span> <span class='ocrx_word' id='word_1_552' title='bbox 1315 4084 1437 4138; x_wconf 86' lang='lat' dir='ltr'><strong>vilis</strong></span> <span class='ocrx_word' id='word_1_553' title='bbox 1484 4085 1571 4139; x_wconf 91' lang='lat' dir='ltr'><strong>ille</strong></span> <span class='ocrx_word' id='word_1_554' title='bbox 1600 4096 1653 4141; x_wconf 87' lang='lat' dir='ltr'><strong>et</strong></span> <span class='ocrx_word' id='word_1_555' title='bbox 1692 4088 2037 4156; x_wconf 89' lang='lat' dir='ltr'><strong>rejiciendus.</strong></span> 
     </span>
    </p>
   </div>
   <div class='ocr_carea' id='block_1_76' title="bbox 462 4161 2045 4248">
    <p class='ocr_par' dir='ltr' id='par_1_76' title="bbox 462 4161 2045 4248">
     <span class='ocr_line' id='line_1_76' title="bbox 462 4161 2045 4248; baseline 0.011 -31"><span class='ocrx_word' id='word_1_556' title='bbox 462 4161 705 4219; x_wconf 80' lang='lat' dir='ltr'><strong>Roboam</strong></span> <span class='ocrx_word' id='word_1_557' title='bbox 739 4165 1048 4225; x_wconf 87' lang='lat' dir='ltr'><strong>Salomonis</strong></span> <span class='ocrx_word' id='word_1_558' title='bbox 1096 4173 1239 4229; x_wconf 87' lang='lat' dir='ltr'><strong>filius</strong></span> <span class='ocrx_word' id='word_1_559' title='bbox 1295 4174 1437 4230; x_wconf 90' lang='lat' dir='ltr'><strong>inter</strong></span> <span class='ocrx_word' id='word_1_560' title='bbox 1473 4168 1658 4248; x_wconf 76' lang='lat' dir='ltr'><strong>reges;</strong></span> <span class='ocrx_word' id='word_1_561' title='bbox 1683 4180 1776 4234; x_wconf 92' lang='lat' dir='ltr'><strong>sed</strong></span> <span class='ocrx_word' id='word_1_562' title='bbox 1811 4190 1865 4234; x_wconf 89' lang='lat' dir='ltr'><strong>et</strong></span> <span class='ocrx_word' id='word_1_563' title='bbox 1894 4180 2045 4246; x_wconf 82' lang='lat' dir='ltr'><strong>Jero-</strong></span> 
     </span>
    </p>
   </div>
   <div class='ocr_carea' id='block_1_77' title="bbox 461 4255 2039 4341">
    <p class='ocr_par' dir='ltr' id='par_1_77' title="bbox 461 4255 2039 4341">
     <span class='ocr_line' id='line_1_77' title="bbox 461 4255 2039 4341; baseline 0.013 -31"><span class='ocrx_word' id='word_1_564' title='bbox 461 4255 619 4312; x_wconf 88' lang='lat' dir='ltr'><strong>boam</strong></span> <span class='ocrx_word' id='word_1_565' title='bbox 651 4297 667 4322; x_wconf 95' lang='lat'><strong>,</strong></span> <span class='ocrx_word' id='word_1_566' title='bbox 702 4274 891 4315; x_wconf 88' lang='lat' dir='ltr'><strong>servus</strong></span> <span class='ocrx_word' id='word_1_567' title='bbox 927 4273 980 4317; x_wconf 91' lang='lat' dir='ltr'><strong>et</strong></span> <span class='ocrx_word' id='word_1_568' title='bbox 1029 4275 1294 4333; x_wconf 86' lang='lat' dir='ltr'><strong>apostata.</strong></span> <span class='ocrx_word' id='word_1_569' title='bbox 1357 4267 1600 4339; x_wconf 86' lang='lat' dir='ltr'><strong>Cumque</strong></span> <span class='ocrx_word' id='word_1_570' title='bbox 1647 4288 1747 4328; x_wconf 91' lang='lat' dir='ltr'><strong>nec</strong></span> <span class='ocrx_word' id='word_1_571' title='bbox 1803 4274 2039 4341; x_wconf 85' lang='lat' dir='ltr'><strong>medici,</strong></span> 
     </span>
    </p>
   </div>
   <div class='ocr_carea' id='block_1_78' title="bbox 2145 3521 3734 3595">
    <p class='ocr_par' dir='ltr' id='par_1_78' title="bbox 2145 3521 3734 3595">
     <span class='ocr_line' id='line_1_78' title="bbox 2145 3521 3734 3595; baseline 0 -20"><span class='ocrx_word' id='word_1_572' title='bbox 2145 3526 2277 3595; x_wconf 81' lang='grc' dir='ltr'>ἡμῖν</span> <span class='ocrx_word' id='word_1_573' title='bbox 2335 3525 2553 3577; x_wconf 80' lang='grc' dir='ltr'>πάντων</span> <span class='ocrx_word' id='word_1_574' title='bbox 2599 3521 2738 3577; x_wconf 76' lang='grc' dir='ltr'>εἶναι</span> <span class='ocrx_word' id='word_1_575' title='bbox 2790 3524 3344 3592; x_wconf 87' lang='grc' dir='ltr'>καταγελαστότατον.</span> <span class='ocrx_word' id='word_1_576' title='bbox 3401 3524 3475 3578; x_wconf 84' lang='grc' dir='ltr'><strong>υύ</strong></span> <span class='ocrx_word' id='word_1_577' title='bbox 3513 3523 3623 3595; x_wconf 76' lang='grc' dir='ltr'><strong>γὰρ</strong></span> <span class='ocrx_word' id='word_1_578' title='bbox 3673 3522 3734 3589; x_wconf 76' lang='grc' dir='ltr'>ἐξ</span> 
     </span>
    </p>
   </div>
   <div class='ocr_carea' id='block_1_79' title="bbox 2145 3614 3736 3689">
    <p class='ocr_par' dir='ltr' id='par_1_79' title="bbox 2145 3614 3736 3689">
     <span class='ocr_line' id='line_1_79' title="bbox 2145 3614 3736 3689; baseline -0.002 -19"><span class='ocrx_word' id='word_1_579' title='bbox 2145 3616 2345 3689; x_wconf 85' lang='grc' dir='ltr'>ἀρετῆς</span> <span class='ocrx_word' id='word_1_580' title='bbox 2378 3616 2598 3687; x_wconf 84' lang='grc' dir='ltr'>μᾶλλον,</span> <span class='ocrx_word' id='word_1_581' title='bbox 2638 3616 2670 3687; x_wconf 84' lang='grc' dir='ltr'>ἢ</span> <span class='ocrx_word' id='word_1_582' title='bbox 2702 3616 3055 3688; x_wconf 86' lang='grc' dir='ltr'>κακουργίας,</span> <span class='ocrx_word' id='word_1_583' title='bbox 3093 3618 3124 3688; x_wconf 81' lang='grc' dir='ltr'>ὴ</span> <span class='ocrx_word' id='word_1_584' title='bbox 3155 3616 3411 3688; x_wconf 80' lang='grc' dir='ltr'>προεδρία</span> <span class='ocrx_word' id='word_1_585' title='bbox 3435 3614 3544 3687; x_wconf 69' lang='grc'>(54)</span> <span class='ocrx_word' id='word_1_586' title='bbox 3565 3632 3578 3645; x_wconf 92' lang='grc'><strong>·</strong></span> <span class='ocrx_word' id='word_1_587' title='bbox 3613 3614 3736 3668; x_wconf 78' lang='grc' dir='ltr'>οὐδὲ</span> 
     </span>
    </p>
   </div>
   <div class='ocr_carea' id='block_1_80' title="bbox 2144 3704 3729 3779">
    <p class='ocr_par' dir='ltr' id='par_1_80' title="bbox 2144 3704 3729 3779">
     <span class='ocr_line' id='line_1_80' title="bbox 2144 3704 3729 3779; baseline 0.001 -18"><span class='ocrx_word' id='word_1_588' title='bbox 2144 3708 2252 3762; x_wconf 85' lang='grc' dir='ltr'><strong>τῶν</strong></span> <span class='ocrx_word' id='word_1_589' title='bbox 2299 3707 2629 3779; x_wconf 82' lang='grc' dir='ltr'>ἀξιωτέρων,</span> <span class='ocrx_word' id='word_1_590' title='bbox 2684 3707 2822 3760; x_wconf 89' lang='grc' dir='ltr'><strong>ἀλλά</strong></span> <span class='ocrx_word' id='word_1_591' title='bbox 2857 3707 2966 3761; x_wconf 84' lang='grc' dir='ltr'><strong>τῶν</strong></span> <span class='ocrx_word' id='word_1_592' title='bbox 3011 3704 3417 3779; x_wconf 86' lang='grc' dir='ltr'>δυνατωτέρων,</span> <span class='ocrx_word' id='word_1_593' title='bbox 3447 3709 3495 3760; x_wconf 73' lang='grc' dir='ltr'>οἱ</span> <span class='ocrx_word' id='word_1_594' title='bbox 3529 3706 3729 3778; x_wconf 81' lang='grc' dir='ltr'>Θρόνοι.</span> 
     </span>
    </p>
   </div>
   <div class='ocr_carea' id='block_1_81' title="bbox 2144 3798 3727 3873">
    <p class='ocr_par' dir='ltr' id='par_1_81' title="bbox 2144 3798 3727 3873">
     <span class='ocr_line' id='line_1_81' title="bbox 2144 3798 3727 3873; baseline -0.002 -19"><span class='ocrx_word' id='word_1_595' title='bbox 2144 3800 2397 3872; x_wconf 81' lang='grc' dir='ltr'>Σαμουὴλ</span> <span class='ocrx_word' id='word_1_596' title='bbox 2447 3804 2503 3855; x_wconf 85' lang='grc' dir='ltr'>ὲν</span> <span class='ocrx_word' id='word_1_597' title='bbox 2548 3801 2895 3872; x_wconf 84' lang='grc' dir='ltr'>προφήταις,</span> <span class='ocrx_word' id='word_1_598' title='bbox 2934 3803 2962 3855; x_wconf 76' lang='grc' dir='ltr'>ὁ</span> <span class='ocrx_word' id='word_1_599' title='bbox 3001 3800 3071 3854; x_wconf 90' lang='grc' dir='ltr'><strong>τά</strong></span> <span class='ocrx_word' id='word_1_600' title='bbox 3118 3800 3427 3873; x_wconf 79' lang='grc' dir='ltr'>ἔμπροσθεν</span> <span class='ocrx_word' id='word_1_601' title='bbox 3478 3798 3727 3871; x_wconf 75' lang='grc' dir='ltr'>βλέπωνο</span> 
     </span>
    </p>
   </div>
   <div class='ocr_carea' id='block_1_82' title="bbox 2144 3890 3729 3965">
    <p class='ocr_par' dir='ltr' id='par_1_82' title="bbox 2144 3890 3729 3965">
     <span class='ocr_line' id='line_1_82' title="bbox 2144 3890 3729 3965; baseline -0.005 -15"><span class='ocrx_word' id='word_1_602' title='bbox 2144 3894 2282 3950; x_wconf 86' lang='grc' dir='ltr'><strong>ἀλλά</strong></span> <span class='ocrx_word' id='word_1_603' title='bbox 2307 3894 2401 3948; x_wconf 69' lang='grc' dir='ltr'><strong>καὶ</strong></span> <span class='ocrx_word' id='word_1_604' title='bbox 2422 3892 2614 3955; x_wconf 69' lang='grc' dir='ltr'>Σαοὺλ,</span> <span class='ocrx_word' id='word_1_605' title='bbox 2637 3896 2665 3946; x_wconf 86' lang='grc' dir='ltr'>ὁ</span> <span class='ocrx_word' id='word_1_606' title='bbox 2695 3893 3015 3965; x_wconf 85' lang='grc' dir='ltr'>ἀπόϐλητος.</span> <span class='ocrx_word' id='word_1_607' title='bbox 3048 3893 3282 3962; x_wconf 80' lang='grc' dir='ltr'>Ῥοϐοάμ</span> <span class='ocrx_word' id='word_1_608' title='bbox 3311 3894 3368 3945; x_wconf 85' lang='grc' dir='ltr'>ὲν</span> <span class='ocrx_word' id='word_1_609' title='bbox 3396 3890 3729 3963; x_wconf 81' lang='grc' dir='ltr'>βασιλεῦσιν,</span> 
     </span>
    </p>
   </div>
   <div class='ocr_carea' id='block_1_83' title="bbox 2143 3985 3729 4057">
    <p class='ocr_par' dir='ltr' id='par_1_83' title="bbox 2143 3985 3729 4057">
     <span class='ocr_line' id='line_1_83' title="bbox 2143 3985 3729 4057; baseline -0.001 -17"><span class='ocrx_word' id='word_1_610' title='bbox 2143 3989 2170 4041; x_wconf 88' lang='grc' dir='ltr'>ὁ</span> <span class='ocrx_word' id='word_1_611' title='bbox 2196 3986 2539 4057; x_wconf 84' lang='grc' dir='ltr'>Σολομῶντος</span> <span class='ocrx_word' id='word_1_612' title='bbox 2563 4003 2577 4016; x_wconf 86' lang='grc'><strong>·</strong></span> <span class='ocrx_word' id='word_1_613' title='bbox 2608 3986 2743 4039; x_wconf 87' lang='grc' dir='ltr'><strong>ἁλλά</strong></span> <span class='ocrx_word' id='word_1_614' title='bbox 2764 3988 2856 4040; x_wconf 78' lang='grc' dir='ltr'><strong>καὶ</strong></span> <span class='ocrx_word' id='word_1_615' title='bbox 2884 3986 3183 4057; x_wconf 84' lang='grc' dir='ltr'>Ἱεροϐοάμ,</span> <span class='ocrx_word' id='word_1_616' title='bbox 3209 3988 3237 4038; x_wconf 88' lang='grc' dir='ltr'>ὁ</span> <span class='ocrx_word' id='word_1_617' title='bbox 3256 3985 3438 4048; x_wconf 79' lang='grc' dir='ltr'>δοῦλος</span> <span class='ocrx_word' id='word_1_618' title='bbox 3469 3985 3561 4037; x_wconf 77' lang='grc' dir='ltr'><strong>καὶ</strong></span> <span class='ocrx_word' id='word_1_619' title='bbox 3590 3986 3729 4038; x_wconf 83' lang='grc' dir='ltr'>ἀπο·</span> 
     </span>
    </p>
   </div>
   <div class='ocr_carea' id='block_1_84' title="bbox 2145 4075 3730 4149">
    <p class='ocr_par' dir='ltr' id='par_1_84' title="bbox 2145 4075 3730 4149">
     <span class='ocr_line' id='line_1_84' title="bbox 2145 4075 3730 4149; baseline -0.003 -18"><span class='ocrx_word' id='word_1_620' title='bbox 2145 4078 2367 4149; x_wconf 84' lang='grc' dir='ltr'>στάτης.</span> <span class='ocrx_word' id='word_1_621' title='bbox 2400 4078 2510 4131; x_wconf 78' lang='grc' dir='ltr'>Καὶ</span> <span class='ocrx_word' id='word_1_622' title='bbox 2538 4077 2717 4148; x_wconf 84' lang='grc' dir='ltr'>ἰατρὸς</span> <span class='ocrx_word' id='word_1_623' title='bbox 2750 4078 2846 4148; x_wconf 76' lang='grc' dir='ltr'><strong>μὲν</strong></span> <span class='ocrx_word' id='word_1_624' title='bbox 2876 4078 3068 4140; x_wconf 71' lang='grc' dir='ltr'>οὐδεὶς,</span> <span class='ocrx_word' id='word_1_625' title='bbox 3100 4077 3218 4130; x_wconf 69' lang='grc' dir='ltr'>οὐδὲ</span> <span class='ocrx_word' id='word_1_626' title='bbox 3248 4076 3555 4147; x_wconf 79' lang='grc' dir='ltr'>ζωγράφος,</span> <span class='ocrx_word' id='word_1_627' title='bbox 3579 4075 3730 4139; x_wconf 83' lang='grc' dir='ltr'>ὅστις</span> 
     </span>
    </p>
   </div>
   <div class='ocr_carea' id='block_1_85' title="bbox 2142 4167 3731 4240">
    <p class='ocr_par' dir='ltr' id='par_1_85' title="bbox 2142 4167 3731 4240">
     <span class='ocr_line' id='line_1_85' title="bbox 2142 4167 3731 4240; baseline -0.001 -18"><span class='ocrx_word' id='word_1_628' title='bbox 2142 4170 2201 4222; x_wconf 78' lang='grc' dir='ltr'><strong>οὐ</strong></span> <span class='ocrx_word' id='word_1_629' title='bbox 2226 4171 2414 4239; x_wconf 88' lang='grc' dir='ltr'>φύσεις</span> <span class='ocrx_word' id='word_1_630' title='bbox 2431 4170 2881 4239; x_wconf 71' lang='grc' dir='ltr'>ἀρρωστημάτων</span> <span class='ocrx_word' id='word_1_631' title='bbox 2901 4170 3168 4238; x_wconf 67' lang='grc' dir='ltr'>ἐσκέψατο</span> <span class='ocrx_word' id='word_1_632' title='bbox 3198 4169 3532 4240; x_wconf 83' lang='grc' dir='ltr'>πρότερον,ῆ</span> <span class='ocrx_word' id='word_1_633' title='bbox 3558 4167 3731 4221; x_wconf 80' lang='grc' dir='ltr'>πολλὰ</span> 
     </span>
    </p>
   </div>
   <div class='ocr_carea' id='block_1_86' title="bbox 2142 4260 3728 4333">
    <p class='ocr_par' dir='ltr' id='par_1_86' title="bbox 2142 4260 3728 4333">
     <span class='ocr_line' id='line_1_86' title="bbox 2142 4260 3728 4333; baseline 0 -20"><span class='ocrx_word' id='word_1_634' title='bbox 2142 4260 2409 4333; x_wconf 87' lang='grc' dir='ltr'>χρώματα</span> <span class='ocrx_word' id='word_1_635' title='bbox 2450 4261 2828 4332; x_wconf 85' lang='grc' dir='ltr'>συνεκέρασεν,</span> <span class='ocrx_word' id='word_1_636' title='bbox 2864 4261 2896 4333; x_wconf 80' lang='grc' dir='ltr'>ἦ</span> <span class='ocrx_word' id='word_1_637' title='bbox 2932 4263 3247 4333; x_wconf 82' lang='grc' dir='ltr'>ὲμόρφωσεν</span> <span class='ocrx_word' id='word_1_638' title='bbox 3271 4278 3284 4291; x_wconf 91' lang='grc'><strong>·</strong></span> <span class='ocrx_word' id='word_1_639' title='bbox 3327 4264 3355 4315; x_wconf 86' lang='grc' dir='ltr'>ὁ</span> <span class='ocrx_word' id='word_1_640' title='bbox 3387 4262 3442 4313; x_wconf 79' lang='grc' dir='ltr'>δὲ</span> <span class='ocrx_word' id='word_1_641' title='bbox 3471 4260 3728 4332; x_wconf 86' lang='grc' dir='ltr'>πρόεδρος</span> 
     </span>
    </p>
   </div>
   <div class='ocr_carea' id='block_1_87' title="bbox 461 4351 2045 4450">
    <p class='ocr_par' dir='ltr' id='par_1_87' title="bbox 461 4351 2037 4436">
     <span class='ocr_line' id='line_1_87' title="bbox 461 4351 2037 4436; baseline 0.011 -32"><span class='ocrx_word' id='word_1_642' title='bbox 461 4364 564 4405; x_wconf 87' lang='lat' dir='ltr'><strong>nec</strong></span> <span class='ocrx_word' id='word_1_643' title='bbox 610 4351 830 4419; x_wconf 87' lang='lat' dir='ltr'><strong>pictoris</strong></span> <span class='ocrx_word' id='word_1_644' title='bbox 877 4371 1071 4411; x_wconf 91' lang='lat' dir='ltr'><strong>nomen</strong></span> <span class='ocrx_word' id='word_1_645' title='bbox 1108 4362 1393 4429; x_wconf 80' lang='lat' dir='ltr'><strong>quisquam</strong></span> <span class='ocrx_word' id='word_1_646' title='bbox 1434 4364 1699 4430; x_wconf 91' lang='lat' dir='ltr'><strong>obtineat,</strong></span> <span class='ocrx_word' id='word_1_647' title='bbox 1738 4366 1840 4421; x_wconf 88' lang='lat' dir='ltr'><strong>nisi</strong></span> <span class='ocrx_word' id='word_1_648' title='bbox 1889 4368 2037 4436; x_wconf 91' lang='lat' dir='ltr'><strong>prius</strong></span> 
     </span>
    </p>
   </div>
   <div class='ocr_carea' id='block_1_88' title="bbox 2154 4351 3729 4450">
    <p class='ocr_par' dir='ltr' id='par_1_88' title="bbox 2154 4352 3729 4427">
     <span class='ocr_line' id='line_1_88' title="bbox 2154 4352 3729 4427; baseline -0.002 -19"><span class='ocrx_word' id='word_1_649' title='bbox 2154 4356 2453 4427; x_wconf 78' lang='grc' dir='ltr'>εὑρίσκεται</span> <span class='ocrx_word' id='word_1_650' title='bbox 2484 4355 2699 4426; x_wconf 70' lang='grc' dir='ltr'>ῥᾳδίως,</span> <span class='ocrx_word' id='word_1_651' title='bbox 2734 4356 2808 4426; x_wconf 86' lang='grc' dir='ltr'><strong>μὴ</strong></span> <span class='ocrx_word' id='word_1_652' title='bbox 2848 4353 3120 4423; x_wconf 74' lang='grc' dir='ltr'>πονηθεὶς,</span> <span class='ocrx_word' id='word_1_653' title='bbox 3158 4353 3251 4405; x_wconf 76' lang='grc' dir='ltr'>καὶ</span> <span class='ocrx_word' id='word_1_654' title='bbox 3290 4353 3599 4424; x_wconf 82' lang='grc' dir='ltr'>πρόσφατος</span> <span class='ocrx_word' id='word_1_655' title='bbox 3628 4352 3729 4423; x_wconf 77' lang='grc' dir='ltr'>τὴν</span> 
     </span>
    </p>
   </div>
   <div class='ocr_carea' id='block_1_89' title="bbox 460 4441 2036 4520">
    <p class='ocr_par' dir='ltr' id='par_1_89' title="bbox 460 4441 2036 4520">
     <span class='ocr_line' id='line_1_89' title="bbox 460 4441 2036 4520; baseline 0.012 -25"><span class='ocrx_word' id='word_1_656' title='bbox 460 4441 774 4498; x_wconf 88' lang='lat' dir='ltr'><strong>morborum</strong></span> <span class='ocrx_word' id='word_1_657' title='bbox 812 4456 1036 4503; x_wconf 86' lang='lat' dir='ltr'><strong>naturas</strong></span> <span class='ocrx_word' id='word_1_658' title='bbox 1065 4451 1444 4520; x_wconf 80' lang='lat' dir='ltr'><strong>considerarit,</strong></span> <span class='ocrx_word' id='word_1_659' title='bbox 1474 4463 1569 4509; x_wconf 89' lang='lat' dir='ltr'><strong>aut</strong></span> <span class='ocrx_word' id='word_1_660' title='bbox 1606 4455 1801 4511; x_wconf 88' lang='lat' dir='ltr'><strong>multos</strong></span> <span class='ocrx_word' id='word_1_661' title='bbox 1825 4459 2036 4514; x_wconf 89' lang='lat' dir='ltr'><strong>colores</strong></span> 
     </span>
    </p>
   </div>
   <div class='ocr_carea' id='block_1_90' title="bbox 460 4533 2036 4613">
    <p class='ocr_par' dir='ltr' id='par_1_90' title="bbox 460 4533 2036 4613">
     <span class='ocr_line' id='line_1_90' title="bbox 460 4533 2036 4613; baseline 0.01 -29"><span class='ocrx_word' id='word_1_662' title='bbox 460 4533 768 4597; x_wconf 87' lang='lat' dir='ltr'><strong>miscuerit,</strong></span> <span class='ocrx_word' id='word_1_663' title='bbox 804 4536 1091 4606; x_wconf 88' lang='lat' dir='ltr'><strong>variasque</strong></span> <span class='ocrx_word' id='word_1_664' title='bbox 1146 4538 1350 4595; x_wconf 77' lang='lat' dir='ltr'><strong>formas</strong></span> <span class='ocrx_word' id='word_1_665' title='bbox 1388 4543 1642 4610; x_wconf 88' lang='lat' dir='ltr'><strong>penicillo</strong></span> <span class='ocrx_word' id='word_1_666' title='bbox 1672 4546 2036 4613; x_wconf 83' lang='lat' dir='ltr'><strong>expresserit;</strong></span> 
     </span>
    </p>
   </div>
   <div class='ocr_carea' id='block_1_91' title="bbox 458 4623 2034 4700">
    <p class='ocr_par' dir='ltr' id='par_1_91' title="bbox 458 4623 2034 4700">
     <span class='ocr_line' id='line_1_91' title="bbox 458 4623 2034 4700; baseline 0.008 -24"><span class='ocrx_word' id='word_1_667' title='bbox 458 4623 686 4678; x_wconf 90' lang='lat' dir='ltr'><strong>antistes</strong></span> <span class='ocrx_word' id='word_1_668' title='bbox 741 4634 929 4679; x_wconf 78' lang='lat' dir='ltr'><strong>contra</strong></span> <span class='ocrx_word' id='word_1_669' title='bbox 973 4626 1134 4682; x_wconf 88' lang='lat' dir='ltr'><strong>facile</strong></span> <span class='ocrx_word' id='word_1_670' title='bbox 1181 4629 1475 4697; x_wconf 82' lang='lat' dir='ltr'><strong>invenitur,</strong></span> <span class='ocrx_word' id='word_1_671' title='bbox 1527 4648 1632 4688; x_wconf 92' lang='lat' dir='ltr'><strong>non</strong></span> <span class='ocrx_word' id='word_1_672' title='bbox 1683 4633 2034 4700; x_wconf 86' lang='lat' dir='ltr'><strong>elaboratus,</strong></span> 
     </span>
    </p>
   </div>
   <div class='ocr_carea' id='block_1_92' title="bbox 525 4847 1413 4913">
    <p class='ocr_par' dir='ltr' id='par_1_92' title="bbox 525 4847 1413 4913">
     <span class='ocr_line' id='line_1_92' title="bbox 525 4847 1413 4913; baseline 0.009 -12"><span class='ocrx_word' id='word_1_673' title='bbox 525 4847 640 4909; x_wconf 67' lang='grc'>(45)</span> <span class='ocrx_word' id='word_1_674' title='bbox 684 4849 824 4913; x_wconf 74' lang='grc' dir='ltr'><strong>Τήν.</strong></span> <span class='ocrx_word' id='word_1_675' title='bbox 870 4850 1027 4907; x_wconf 83' lang='lat' dir='ltr'><strong>Deest</strong></span> <span class='ocrx_word' id='word_1_676' title='bbox 1050 4852 1101 4906; x_wconf 93' lang='lat' dir='ltr'><strong>in</strong></span> <span class='ocrx_word' id='word_1_677' title='bbox 1125 4855 1413 4910; x_wconf 90' lang='lat' dir='ltr'><strong>nonnullis.</strong></span> 
     </span>
    </p>
   </div>
   <div class='ocr_carea' id='block_1_93' title="bbox 522 4919 1697 4998">
    <p class='ocr_par' dir='ltr' id='par_1_93' title="bbox 522 4919 1697 4998">
     <span class='ocr_line' id='line_1_93' title="bbox 522 4919 1697 4998; baseline 0.01 -27"><span class='ocrx_word' id='word_1_678' title='bbox 687 4919 1053 4998; x_wconf 50' lang='grc' dir='ltr'>ξΕεττιθιιμιίιῖς.</span> <span class='ocrx_word' id='word_1_679' title='bbox 1085 4923 1249 4978; x_wconf 86' lang='lat' dir='ltr'><strong>Coisl.</strong></span> <span class='ocrx_word' id='word_1_680' title='bbox 1271 4927 1333 4998; x_wconf 10' lang='lat' dir='ltr'><strong>gl,</strong></span> <span class='ocrx_word' id='word_1_681' title='bbox 1371 4926 1697 4998; x_wconf 76' lang='grc' dir='ltr'>προθυμίας.</span> 
     </span>
    </p>
   </div>
   <div class='ocr_carea' id='block_1_94' title="bbox 523 4989 2029 5070">
    <p class='ocr_par' dir='ltr' id='par_1_94' title="bbox 523 4989 2029 5070">
     <span class='ocr_line' id='line_1_94' title="bbox 523 4989 2029 5070; baseline 0.01 -32"><span class='ocrx_word' id='word_1_682' title='bbox 523 4989 636 5070; x_wconf 58' lang='grc' dir='ltr'>(δῖ)</span> <span class='ocrx_word' id='word_1_683' title='bbox 673 4990 775 5044; x_wconf 84' lang='grc' dir='ltr'>Διά</span> <span class='ocrx_word' id='word_1_684' title='bbox 807 4991 1077 5070; x_wconf 52' lang='grc' dir='ltr'>πολλῶν,</span> <span class='ocrx_word' id='word_1_685' title='bbox 1121 5003 1223 5070; x_wconf 84' lang='lat' dir='ltr'><strong>etc_.</strong></span> <span class='ocrx_word' id='word_1_686' title='bbox 1245 4989 1432 5070; x_wconf 27' lang='lat' dir='ltr'><strong>‘Recte</strong></span> <span class='ocrx_word' id='word_1_687' title='bbox 1468 4989 1686 5070; x_wconf 76' lang='lat' dir='ltr'><strong>Niéetas</strong></span> <span class='ocrx_word' id='word_1_688' title='bbox 1714 5018 1726 5054; x_wconf 91' lang='lat'>:</span> <span class='ocrx_word' id='word_1_689' title='bbox 1753 4998 2029 5070; x_wconf 85' lang='grc' dir='ltr'>γνώριμον</span> 
     </span>
    </p>
   </div>
   <div class='ocr_carea' id='block_1_95' title="bbox 451 5061 2031 5192">
    <p class='ocr_par' dir='ltr' id='par_1_95' title="bbox 451 5061 2031 5192">
     <span class='ocr_line' id='line_1_95' title="bbox 451 5061 2031 5131; baseline 0.006 -15"><span class='ocrx_word' id='word_1_690' title='bbox 451 5061 746 5131; x_wconf 84' lang='grc' dir='ltr'>ποιήσασα.</span> <span class='ocrx_word' id='word_1_691' title='bbox 790 5080 808 5112; x_wconf 78' lang='grc' dir='ltr'><strong>ι</strong></span> <span class='ocrx_word' id='word_1_692' title='bbox 838 5061 969 5119; x_wconf 82' lang='lat' dir='ltr'><strong>Cum</strong></span> <span class='ocrx_word' id='word_1_693' title='bbox 1006 5079 1071 5117; x_wconf 84' lang='lat' dir='ltr'><strong>ex</strong></span> <span class='ocrx_word' id='word_1_694' title='bbox 1106 5064 1287 5119; x_wconf 89' lang='lat' dir='ltr'><strong>multis</strong></span> <span class='ocrx_word' id='word_1_695' title='bbox 1320 5066 1533 5121; x_wconf 90' lang='lat' dir='ltr'><strong>interim</strong></span> <span class='ocrx_word' id='word_1_696' title='bbox 1560 5084 1681 5122; x_wconf 90' lang='lat' dir='ltr'><strong>eum</strong></span> <span class='ocrx_word' id='word_1_697' title='bbox 1720 5061 2031 5125; x_wconf 74' lang='lat' dir='ltr'><strong>muneribus</strong></span> 
     </span>
     <span class='ocr_line' id='line_1_96' title="bbox 451 5130 1983 5192; baseline 0.004 -6"><span class='ocrx_word' id='word_1_698' title='bbox 451 5142 632 5186; x_wconf 89' lang='lat' dir='ltr'><strong>notum</strong></span> <span class='ocrx_word' id='word_1_699' title='bbox 660 5130 896 5192; x_wconf 84' lang='lat' dir='ltr'><strong>fecisset,</strong></span> <span class='ocrx_word' id='word_1_700' title='bbox 936 5150 996 5186; x_wconf 88' lang='lat' dir='ltr'><strong>ac</strong></span> <span class='ocrx_word' id='word_1_701' title='bbox 1021 5134 1365 5191; x_wconf 87' lang='lat' dir='ltr'><strong>illustriorem</strong></span> <span class='ocrx_word' id='word_1_702' title='bbox 1397 5139 1736 5192; x_wconf 70' lang='lat' dir='ltr'><strong>reddidisset.</strong></span> <span class='ocrx_word' id='word_1_703' title='bbox 1774 5160 1791 5190; x_wconf 70' lang='grc' dir='ltr'><strong>ι</strong></span> <span class='ocrx_word' id='word_1_704' title='bbox 1978 5179 1983 5184; x_wconf 88' lang='grc'><strong>.</strong></span> 
     </span>
    </p>
   </div>
   <div class='ocr_carea' id='block_1_96' title="bbox 451 5148 1983 5196">
    <p class='ocr_par' dir='ltr' id='par_1_96' title="bbox 451 5148 1983 5196">
     <span class='ocr_line' id='line_1_97' title="bbox 451 5148 1983 5196; baseline 0.005 -11"><span class='ocrx_word' id='word_1_705' title='bbox 451 5148 632 5186; x_wconf 85' lang='lat' dir='ltr'><strong>nouun</strong></span> <span class='ocrx_word' id='word_1_706' title='bbox 660 5148 896 5196; x_wconf 83' lang='lat' dir='ltr'><strong>teetssel,</strong></span> <span class='ocrx_word' id='word_1_707' title='bbox 936 5150 996 5186; x_wconf 82' lang='lat' dir='ltr'><strong>ac</strong></span> <span class='ocrx_word' id='word_1_708' title='bbox 1021 5148 1365 5191; x_wconf 86' lang='lat' dir='ltr'><strong>tltttSlrtorem</strong></span> <span class='ocrx_word' id='word_1_709' title='bbox 1397 5148 1736 5193; x_wconf 74' lang='lat' dir='ltr'><strong>reddidisset.</strong></span> <span class='ocrx_word' id='word_1_710' title='bbox 1774 5160 1791 5190; x_wconf 71' lang='grc' dir='ltr'><strong>ι</strong></span> <span class='ocrx_word' id='word_1_711' title='bbox 1978 5179 1983 5184; x_wconf 83' lang='grc'><strong>.</strong></span> 
     </span>
    </p>
   </div>
   <div class='ocr_carea' id='block_1_97' title="bbox 447 5201 2032 5337">
    <p class='ocr_par' dir='ltr' id='par_1_97' title="bbox 447 5201 2032 5337">
     <span class='ocr_line' id='line_1_98' title="bbox 447 5201 2032 5337; baseline 0.006 -82"><span class='ocrx_word' id='word_1_712' title='bbox 447 5271 477 5337; x_wconf 65' lang='grc' dir='ltr'>ξ</span> <span class='ocrx_word' id='word_1_713' title='bbox 522 5201 631 5272; x_wconf 68' lang='grc'>(48)</span> <span class='ocrx_word' id='word_1_714' title='bbox 686 5202 1104 5269; x_wconf 78' lang='grc' dir='ltr'>Ἀποδείξασιι.</span> <span class='ocrx_word' id='word_1_715' title='bbox 1164 5205 1293 5277; x_wconf 80' lang='lat' dir='ltr'><strong>Reg.</strong></span> <span class='ocrx_word' id='word_1_716' title='bbox 1336 5208 1368 5262; x_wconf 88' lang='lat' dir='ltr'><strong>d</strong></span> <span class='ocrx_word' id='word_1_717' title='bbox 1410 5217 1466 5264; x_wconf 84' lang='lat' dir='ltr'><strong>et</strong></span> <span class='ocrx_word' id='word_1_718' title='bbox 1510 5208 1671 5265; x_wconf 81' lang='lat' dir='ltr'><strong>Coisl.</strong></span> <span class='ocrx_word' id='word_1_719' title='bbox 1717 5210 1770 5277; x_wconf 92' lang='lat'><strong>2,</strong></span> <span class='ocrx_word' id='word_1_720' title='bbox 1820 5211 2032 5265; x_wconf 81' lang='grc' dir='ltr'>ἀναδεί-</span> 
     </span>
     <span class='ocr_line' id='line_1_99' title="bbox 481 5290 605 5327; baseline 0 0"><span class='ocrx_word' id='word_1_721' title='bbox 481 5290 605 5327; x_wconf 88' lang='grc' dir='ltr'>ασα.</span> 
     </span>
    </p>
   </div>
   <div class='ocr_carea' id='block_1_98' title="bbox 481 5290 605 5327">
    <p class='ocr_par' dir='ltr' id='par_1_98' title="bbox 481 5290 605 5327">
     <span class='ocr_line' id='line_1_100' title="bbox 481 5290 605 5327; baseline 0 0"><span class='ocrx_word' id='word_1_722' title='bbox 481 5290 605 5327; x_wconf 86' lang='grc' dir='ltr'>ασα.</span> 
     </span>
    </p>
   </div>
   <div class='ocr_carea' id='block_1_99' title="bbox 524 5343 2037 5424">
    <p class='ocr_par' dir='ltr' id='par_1_99' title="bbox 524 5343 2037 5424">
     <span class='ocr_line' id='line_1_101' title="bbox 524 5343 2037 5424; baseline 0.008 -27"><span class='ocrx_word' id='word_1_723' title='bbox 524 5343 637 5415; x_wconf 70' lang='grc'>(49)</span> <span class='ocrx_word' id='word_1_724' title='bbox 684 5343 939 5424; x_wconf 38' lang='grc' dir='ltr'>Τέωςηι-</span> <span class='ocrx_word' id='word_1_725' title='bbox 965 5346 1194 5424; x_wconf 53' lang='lat' dir='ltr'><strong>flantiiu,</strong></span> <span class='ocrx_word' id='word_1_726' title='bbox 1248 5349 1473 5405; x_wconf 86' lang='lat' dir='ltr'><strong>interea.</strong></span> <span class='ocrx_word' id='word_1_727' title='bbox 1516 5369 1533 5403; x_wconf 76' lang='grc' dir='ltr'><strong>ι</strong></span> <span class='ocrx_word' id='word_1_728' title='bbox 1574 5349 1735 5407; x_wconf 84' lang='lat' dir='ltr'><strong>Deest</strong></span> <span class='ocrx_word' id='word_1_729' title='bbox 1790 5352 1841 5407; x_wconf 90' lang='lat' dir='ltr'><strong>iu</strong></span> <span class='ocrx_word' id='word_1_730' title='bbox 1883 5353 2037 5424; x_wconf 70' lang='lat' dir='ltr'><strong>lle-3.,</strong></span> 
     </span>
    </p>
   </div>
   <div class='ocr_carea' id='block_1_100' title="bbox 445 5416 1258 5485">
    <p class='ocr_par' dir='ltr' id='par_1_100' title="bbox 445 5416 1258 5485">
     <span class='ocr_line' id='line_1_102' title="bbox 445 5416 1258 5485; baseline 0.005 -16"><span class='ocrx_word' id='word_1_731' title='bbox 445 5416 633 5485; x_wconf 81' lang='lat' dir='ltr'><strong>Cypr.,</strong></span> <span class='ocrx_word' id='word_1_732' title='bbox 665 5432 764 5471; x_wconf 87' lang='lat' dir='ltr'><strong>nec</strong></span> <span class='ocrx_word' id='word_1_733' title='bbox 794 5417 1024 5471; x_wconf 80' lang='lat' dir='ltr'><strong>reddidit</strong></span> <span class='ocrx_word' id='word_1_734' title='bbox 1054 5419 1258 5475; x_wconf 79' lang='lat' dir='ltr'><strong>Dillius.</strong></span> 
     </span>
    </p>
   </div>
   <div class='ocr_carea' id='block_1_101' title="bbox 517 5486 2033 5563">
    <p class='ocr_par' dir='ltr' id='par_1_101' title="bbox 517 5486 2033 5563">
     <span class='ocr_line' id='line_1_103' title="bbox 517 5486 2033 5563; baseline 0.007 -24"><span class='ocrx_word' id='word_1_735' title='bbox 517 5486 1095 5563; x_wconf 57' lang='lat' dir='ltr'><strong>(50)_Htipoetﬁov0’q.</strong></span> <span class='ocrx_word' id='word_1_736' title='bbox 1140 5491 1303 5563; x_wconf 75' lang='lat' dir='ltr'><strong>llegg.</strong></span> <span class='ocrx_word' id='word_1_737' title='bbox 1345 5507 1395 5559; x_wconf 90' lang='lat' dir='ltr'><strong>c,</strong></span> <span class='ocrx_word' id='word_1_738' title='bbox 1448 5492 1501 5561; x_wconf 85' lang='lat' dir='ltr'><strong>d,</strong></span> <span class='ocrx_word' id='word_1_739' title='bbox 1534 5492 1698 5549; x_wconf 87' lang='lat' dir='ltr'><strong>Coisl.</strong></span> <span class='ocrx_word' id='word_1_740' title='bbox 1731 5494 1786 5562; x_wconf 92' lang='lat'><strong>2,</strong></span> <span class='ocrx_word' id='word_1_741' title='bbox 1832 5493 1925 5549; x_wconf 91' lang='lat' dir='ltr'><strong>0r.</strong></span> <span class='ocrx_word' id='word_1_742' title='bbox 1978 5496 2033 5562; x_wconf 89' lang='lat'><strong>2,</strong></span> 
     </span>
    </p>
   </div>
   <div class='ocr_carea' id='block_1_102' title="bbox 445 5553 1217 5629">
    <p class='ocr_par' dir='ltr' id='par_1_102' title="bbox 445 5553 1217 5629">
     <span class='ocr_line' id='line_1_104' title="bbox 445 5553 1217 5629; baseline 0.008 -20"><span class='ocrx_word' id='word_1_743' title='bbox 445 5553 595 5629; x_wconf 12' lang='lat' dir='ltr'><strong>Par!“</strong></span> <span class='ocrx_word' id='word_1_744' title='bbox 618 5553 807 5629; x_wconf 54' lang='lat' dir='ltr'><strong>Pass”</strong></span> <span class='ocrx_word' id='word_1_745' title='bbox 842 5560 1217 5629; x_wconf 82' lang='grc' dir='ltr'>πυρσεύσασα.</span> 
     </span>
    </p>
   </div>
   <div class='ocr_carea' id='block_1_103' title="bbox 520 5627 2028 5705">
    <p class='ocr_par' dir='ltr' id='par_1_103' title="bbox 520 5627 2028 5705">
     <span class='ocr_line' id='line_1_105' title="bbox 520 5627 2028 5705; baseline 0.011 -27"><span class='ocrx_word' id='word_1_746' title='bbox 520 5627 631 5705; x_wconf 70' lang='grc'>(51)</span> <span class='ocrx_word' id='word_1_747' title='bbox 672 5627 963 5685; x_wconf 53' lang='lat' dir='ltr'><strong>nam-aea</strong></span> <span class='ocrx_word' id='word_1_748' title='bbox 1027 5632 1115 5689; x_wconf 86' lang='lat' dir='ltr'><strong>Sic</strong></span> <span class='ocrx_word' id='word_1_749' title='bbox 1174 5633 1422 5690; x_wconf 83' lang='lat' dir='ltr'><strong>undecim</strong></span> <span class='ocrx_word' id='word_1_750' title='bbox 1472 5634 1645 5704; x_wconf 86' lang='lat' dir='ltr'><strong>Colb.,</strong></span> <span class='ocrx_word' id='word_1_751' title='bbox 1682 5647 1783 5695; x_wconf 88' lang='lat' dir='ltr'><strong>etc.</strong></span> <span class='ocrx_word' id='word_1_752' title='bbox 1822 5636 1878 5695; x_wconf 94' lang='lat' dir='ltr'><strong>In</strong></span> <span class='ocrx_word' id='word_1_753' title='bbox 1921 5641 2028 5705; x_wconf 86' lang='lat' dir='ltr'><strong>ed.,</strong></span> 
     </span>
    </p>
   </div>
   <div class='ocr_carea' id='block_1_104' title="bbox 445 5693 716 5768">
    <p class='ocr_par' dir='ltr' id='par_1_104' title="bbox 445 5693 716 5768">
     <span class='ocr_line' id='line_1_106' title="bbox 445 5693 716 5768; baseline 0.018 -18"><span class='ocrx_word' id='word_1_754' title='bbox 445 5693 716 5768; x_wconf 68' lang='grc' dir='ltr'>πλήνασα.</span> 
     </span>
    </p>
   </div>
   <div class='ocr_carea' id='block_1_105' title="bbox 2151 4444 3729 4519">
    <p class='ocr_par' dir='ltr' id='par_1_105' title="bbox 2151 4444 3729 4519">
     <span class='ocr_line' id='line_1_107' title="bbox 2151 4444 3729 4519; baseline -0.003 -16"><span class='ocrx_word' id='word_1_755' title='bbox 2151 4448 2328 4514; x_wconf 82' lang='grc' dir='ltr'>ἀξίαν,</span> <span class='ocrx_word' id='word_1_756' title='bbox 2367 4447 2503 4519; x_wconf 77' lang='grc' dir='ltr'>ὁμοῦ</span> <span class='ocrx_word' id='word_1_757' title='bbox 2556 4465 2613 4500; x_wconf 86' lang='grc' dir='ltr'><strong>τε</strong></span> <span class='ocrx_word' id='word_1_758' title='bbox 2666 4448 2893 4519; x_wconf 75' lang='grc' dir='ltr'>σπαρεὶς</span> <span class='ocrx_word' id='word_1_759' title='bbox 2935 4446 3045 4515; x_wconf 86' lang='grc'>(55)</span> <span class='ocrx_word' id='word_1_760' title='bbox 3098 4446 3193 4498; x_wconf 74' lang='grc' dir='ltr'>καὶ</span> <span class='ocrx_word' id='word_1_761' title='bbox 3240 4445 3533 4508; x_wconf 72' lang='grc' dir='ltr'>ἀναδοθεὶς,</span> <span class='ocrx_word' id='word_1_762' title='bbox 3581 4444 3657 4507; x_wconf 87' lang='grc' dir='ltr'>ὼς</span> <span class='ocrx_word' id='word_1_763' title='bbox 3699 4446 3729 4498; x_wconf 83' lang='grc' dir='ltr'><strong>ὁ</strong></span> 
     </span>
    </p>
   </div>
   <div class='ocr_carea' id='block_1_106' title="bbox 2153 4532 3726 4610">
    <p class='ocr_par' dir='ltr' id='par_1_106' title="bbox 2153 4532 3726 4610">
     <span class='ocr_line' id='line_1_108' title="bbox 2153 4532 3726 4610; baseline -0.004 -20"><span class='ocrx_word' id='word_1_764' title='bbox 2153 4538 2320 4610; x_wconf 76' lang='grc' dir='ltr'>μῦθος</span> <span class='ocrx_word' id='word_1_765' title='bbox 2380 4538 2490 4609; x_wconf 71' lang='grc'>(56)</span> <span class='ocrx_word' id='word_1_766' title='bbox 2544 4541 2686 4591; x_wconf 88' lang='grc' dir='ltr'>ποιεῖ</span> <span class='ocrx_word' id='word_1_767' title='bbox 2734 4537 2862 4600; x_wconf 80' lang='grc' dir='ltr'>τοὺς</span> <span class='ocrx_word' id='word_1_768' title='bbox 2910 4537 3192 4605; x_wconf 84' lang='grc' dir='ltr'>γίγαντας.</span> <span class='ocrx_word' id='word_1_769' title='bbox 3234 4535 3545 4602; x_wconf 86' lang='grc' dir='ltr'>Πλάττομεν</span> <span class='ocrx_word' id='word_1_770' title='bbox 3590 4532 3726 4585; x_wconf 82' lang='grc' dir='ltr'>αὐθ-</span> 
     </span>
    </p>
   </div>
   <div class='ocr_carea' id='block_1_107' title="bbox 2144 4623 3723 4704">
    <p class='ocr_par' dir='ltr' id='par_1_107' title="bbox 2144 4623 3723 4704">
     <span class='ocr_line' id='line_1_109' title="bbox 2144 4623 3723 4704; baseline -0.004 -21"><span class='ocrx_word' id='word_1_771' title='bbox 2144 4631 2349 4704; x_wconf 83' lang='grc' dir='ltr'>ημερὸν</span> <span class='ocrx_word' id='word_1_772' title='bbox 2370 4632 2496 4695; x_wconf 82' lang='grc' dir='ltr'>τοὺς</span> <span class='ocrx_word' id='word_1_773' title='bbox 2528 4632 2735 4700; x_wconf 84' lang='grc' dir='ltr'>ἁγίους,</span> <span class='ocrx_word' id='word_1_774' title='bbox 2761 4630 2856 4684; x_wconf 74' lang='grc' dir='ltr'><strong>καὶ</strong></span> <span class='ocrx_word' id='word_1_775' title='bbox 2884 4629 3079 4698; x_wconf 68' lang='grc' dir='ltr'>σοφοὺς</span> <span class='ocrx_word' id='word_1_776' title='bbox 3108 4623 3243 4681; x_wconf 83' lang='grc' dir='ltr'>εἶναι</span> <span class='ocrx_word' id='word_1_777' title='bbox 3281 4626 3570 4697; x_wconf 84' lang='grc' dir='ltr'>κελεύομεν</span> <span class='ocrx_word' id='word_1_778' title='bbox 3598 4625 3723 4689; x_wconf 71' lang='grc' dir='ltr'>τοὺς</span> 
     </span>
    </p>
   </div>
   <div class='ocr_carea' id='block_1_108' title="bbox 2215 4855 3486 4936">
    <p class='ocr_par' dir='ltr' id='par_1_108' title="bbox 2215 4855 3486 4936">
     <span class='ocr_line' id='line_1_110' title="bbox 2215 4855 3486 4936; baseline 0 0"><span class='ocrx_word' id='word_1_779' title='bbox 2215 4859 2328 4936; x_wconf 65' lang='lat'><strong>(5:2)</strong></span> <span class='ocrx_word' id='word_1_780' title='bbox 2371 4858 2773 4936; x_wconf 59' lang='grc' dir='ltr'>ζειέκεῖρίεῑςις·</span> <span class='ocrx_word' id='word_1_781' title='bbox 2816 4855 3044 4936; x_wconf 57' lang='lat' dir='ltr'><strong>Chrys».</strong></span> <span class='ocrx_word' id='word_1_782' title='bbox 3068 4856 3411 4936; x_wconf 55' lang='grc' dir='ltr'><strong>ἐγχειρηρεταςο</strong></span> <span class='ocrx_word' id='word_1_783' title='bbox 3440 4923 3486 4936; x_wconf 84' lang='grc'><strong>..</strong></span> 
     </span>
    </p>
   </div>
   <div class='ocr_carea' id='block_1_109' title="bbox 2231 4924 3558 4997">
    <p class='ocr_par' dir='ltr' id='par_1_109' title="bbox 2231 4924 3558 4997">
     <span class='ocr_line' id='line_1_111' title="bbox 2231 4924 3558 4997; baseline -0.002 -17"><span class='ocrx_word' id='word_1_784' title='bbox 2231 4924 2320 4997; x_wconf 71' lang='grc'><strong>55)</strong></span> <span class='ocrx_word' id='word_1_785' title='bbox 2362 4924 2629 4996; x_wconf 56' lang='lat' dir='ltr'><strong>nouam».</strong></span> <span class='ocrx_word' id='word_1_786' title='bbox 2658 4928 2822 4997; x_wconf 76' lang='lat' dir='ltr'><strong>Regg.</strong></span> <span class='ocrx_word' id='word_1_787' title='bbox 2854 4944 2906 4991; x_wconf 88' lang='lat' dir='ltr'><strong>a,</strong></span> <span class='ocrx_word' id='word_1_788' title='bbox 2929 4924 2981 4989; x_wconf 69' lang='lat'><strong>}-,</strong></span> <span class='ocrx_word' id='word_1_789' title='bbox 3015 4930 3044 4980; x_wconf 89' lang='lat' dir='ltr'><strong>d</strong></span> <span class='ocrx_word' id='word_1_790' title='bbox 3078 4924 3141 4978; x_wconf 83' lang='lat' dir='ltr'><strong>et</strong></span> <span class='ocrx_word' id='word_1_791' title='bbox 3157 4924 3250 4981; x_wconf 73' lang='lat' dir='ltr'><strong>Or.</strong></span> <span class='ocrx_word' id='word_1_792' title='bbox 3282 4926 3335 4991; x_wconf 89' lang='lat'><strong>2,</strong></span> <span class='ocrx_word' id='word_1_793' title='bbox 3369 4924 3558 4997; x_wconf 71' lang='grc' dir='ltr'>πολλά.</span> 
     </span>
    </p>
   </div>
   <div class='ocr_carea' id='block_1_110' title="bbox 2206 4934 3728 5071">
    <p class='ocr_par' dir='ltr' id='par_1_110' title="bbox 2206 4934 3728 5071">
     <span class='ocr_line' id='line_1_112' title="bbox 2231 4934 3558 4997; baseline -0.002 -17"><span class='ocrx_word' id='word_1_794' title='bbox 2231 4934 2320 4997; x_wconf 73' lang='grc'><strong>55)</strong></span> <span class='ocrx_word' id='word_1_795' title='bbox 2362 4934 2629 4996; x_wconf 60' lang='grc' dir='ltr'><strong>Πολλὴν.</strong></span> <span class='ocrx_word' id='word_1_796' title='bbox 2659 4934 2822 4997; x_wconf 76' lang='lat' dir='ltr'><strong>Hegg.</strong></span> <span class='ocrx_word' id='word_1_797' title='bbox 2854 4944 2906 4991; x_wconf 70' lang='lat'><strong>1|,</strong></span> <span class='ocrx_word' id='word_1_798' title='bbox 2933 4948 2981 4989; x_wconf 87' lang='lat' dir='ltr'><strong>t&#39;,</strong></span> <span class='ocrx_word' id='word_1_799' title='bbox 3015 4934 3044 4980; x_wconf 86' lang='lat' dir='ltr'><strong>tl</strong></span> <span class='ocrx_word' id='word_1_800' title='bbox 3078 4939 3130 4978; x_wconf 85' lang='lat' dir='ltr'><strong>et</strong></span> <span class='ocrx_word' id='word_1_801' title='bbox 3157 4934 3250 4981; x_wconf 83' lang='lat' dir='ltr'><strong>Ut&#39;.</strong></span> <span class='ocrx_word' id='word_1_802' title='bbox 3282 4934 3335 4991; x_wconf 73' lang='grc'><strong>2,</strong></span> <span class='ocrx_word' id='word_1_803' title='bbox 3369 4934 3558 4978; x_wconf 70' lang='grc' dir='ltr'>πολλὰ.</span> 
     </span>
     <span class='ocr_line' id='line_1_113' title="bbox 2206 4934 3728 5071; baseline -0.004 -18"><span class='ocrx_word' id='word_1_804' title='bbox 2206 4934 2321 5071; x_wconf 47' lang='grc'>(54)</span> <span class='ocrx_word' id='word_1_805' title='bbox 2371 5002 2432 5053; x_wconf 87' lang='grc' dir='ltr'><strong>Ἠ</strong></span> <span class='ocrx_word' id='word_1_806' title='bbox 2460 4998 2758 5067; x_wconf 77' lang='grc' dir='ltr'>προεδρία.</span> <span class='ocrx_word' id='word_1_807' title='bbox 2791 4998 2882 5052; x_wconf 81' lang='lat' dir='ltr'><strong>Sic</strong></span> <span class='ocrx_word' id='word_1_808' title='bbox 2909 4999 3065 5050; x_wconf 83' lang='lat' dir='ltr'><strong>codd.</strong></span> <span class='ocrx_word' id='word_1_809' title='bbox 3099 4997 3266 5050; x_wconf 83' lang='lat' dir='ltr'><strong>Prave</strong></span> <span class='ocrx_word' id='word_1_810' title='bbox 3312 4999 3361 5049; x_wconf 90' lang='lat' dir='ltr'><strong>in</strong></span> <span class='ocrx_word' id='word_1_811' title='bbox 3391 4994 3557 5066; x_wconf 67' lang='lat' dir='ltr'><strong>ed.,ﬁ</strong></span> <span class='ocrx_word' id='word_1_812' title='bbox 3598 5011 3728 5065; x_wconf 70' lang='grc' dir='ltr'>προ-</span> 
     </span>
    </p>
   </div>
   <div class='ocr_carea' id='block_1_111' title="bbox 2136 5072 2689 5135">
    <p class='ocr_par' dir='ltr' id='par_1_111' title="bbox 2136 5072 2689 5135">
     <span class='ocr_line' id='line_1_114' title="bbox 2136 5072 2689 5135; baseline -0.007 -11"><span class='ocrx_word' id='word_1_813' title='bbox 2136 5072 2306 5135; x_wconf 83' lang='grc' dir='ltr'>εδρία,</span> <span class='ocrx_word' id='word_1_814' title='bbox 2346 5089 2364 5121; x_wconf 77' lang='grc' dir='ltr'><strong>ι</strong></span> <span class='ocrx_word' id='word_1_815' title='bbox 2393 5073 2496 5131; x_wconf 87' lang='lat' dir='ltr'><strong>vel,</strong></span> <span class='ocrx_word' id='word_1_816' title='bbox 2529 5090 2546 5119; x_wconf 73' lang='grc' dir='ltr'><strong>ι</strong></span> <span class='ocrx_word' id='word_1_817' title='bbox 2585 5080 2689 5122; x_wconf 76' lang='lat' dir='ltr'><strong>etc.</strong></span> 
     </span>
    </p>
   </div>
   <div class='ocr_carea' id='block_1_112' title="bbox 2199 5122 3724 5213">
    <p class='ocr_par' dir='ltr' id='par_1_112' title="bbox 2199 5122 3724 5213">
     <span class='ocr_line' id='line_1_115' title="bbox 2199 5122 3724 5213; baseline -0.007 -17"><span class='ocrx_word' id='word_1_818' title='bbox 2199 5122 2320 5213; x_wconf 65' lang='grc' dir='ltr'><strong>ι(55)</strong></span> <span class='ocrx_word' id='word_1_819' title='bbox 2360 5122 2635 5208; x_wconf 68' lang='grc' dir='ltr'>Σπιιρείς.</span> <span class='ocrx_word' id='word_1_820' title='bbox 2662 5140 2753 5193; x_wconf 87' lang='lat' dir='ltr'><strong>Sic</strong></span> <span class='ocrx_word' id='word_1_821' title='bbox 2778 5139 2961 5193; x_wconf 89' lang='lat' dir='ltr'><strong>decem</strong></span> <span class='ocrx_word' id='word_1_822' title='bbox 2994 5140 3165 5202; x_wconf 70' lang='grc'><strong>(1011),,</strong></span> <span class='ocrx_word' id='word_1_823' title='bbox 3192 5138 3365 5201; x_wconf 84' lang='lat' dir='ltr'><strong>Pass.,</strong></span> <span class='ocrx_word' id='word_1_824' title='bbox 3399 5145 3503 5191; x_wconf 88' lang='lat' dir='ltr'><strong>etc.</strong></span> <span class='ocrx_word' id='word_1_825' title='bbox 3533 5134 3586 5188; x_wconf 92' lang='lat' dir='ltr'><strong>In</strong></span> <span class='ocrx_word' id='word_1_826' title='bbox 3608 5150 3724 5202; x_wconf 90' lang='lat' dir='ltr'><strong>eu.,</strong></span> 
     </span>
    </p>
   </div>
   <div class='ocr_carea' id='block_1_113' title="bbox 2137 5214 2353 5267">
    <p class='ocr_par' dir='ltr' id='par_1_113' title="bbox 2137 5214 2353 5267">
     <span class='ocr_line' id='line_1_116' title="bbox 2137 5214 2353 5267; baseline 0.019 -3"><span class='ocrx_word' id='word_1_827' title='bbox 2137 5214 2353 5267; x_wconf 77' lang='grc' dir='ltr'>παρείς.</span> 
     </span>
    </p>
   </div>
   <div class='ocr_carea' id='block_1_114' title="bbox 2212 5230 3722 5352">
    <p class='ocr_par' dir='ltr' id='par_1_114' title="bbox 2212 5230 3722 5352">
     <span class='ocr_line' id='line_1_117' title="bbox 2212 5230 3722 5352; baseline -0.007 -11"><span class='ocrx_word' id='word_1_828' title='bbox 2375 5283 2468 5347; x_wconf 86' lang='grc' dir='ltr'>Ὡς</span> <span class='ocrx_word' id='word_1_829' title='bbox 2501 5286 2534 5335; x_wconf 84' lang='grc' dir='ltr'><em>ό</em></span> <span class='ocrx_word' id='word_1_830' title='bbox 2555 5281 2763 5351; x_wconf 81' lang='grc' dir='ltr'>μῦθος,</span> <span class='ocrx_word' id='word_1_831' title='bbox 2795 5290 2900 5352; x_wconf 70' lang='grc' dir='ltr'>εις.</span> <span class='ocrx_word' id='word_1_832' title='bbox 2932 5278 3228 5352; x_wconf 81' lang='lat' dir='ltr'><strong>Finxeritut</strong></span> <span class='ocrx_word' id='word_1_833' title='bbox 3256 5290 3434 5352; x_wconf 48' lang='lat' dir='ltr'><strong>poeta;</strong></span> <span class='ocrx_word' id='word_1_834' title='bbox 3459 5275 3722 5352; x_wconf 77' lang='lat' dir='ltr'><strong>Cadmum</strong></span> 
     </span>
    </p>
   </div>
   <div class='ocr_carea' id='block_1_115' title="bbox 2145 5349 3722 5429">
    <p class='ocr_par' dir='ltr' id='par_1_115' title="bbox 2145 5349 3722 5429">
     <span class='ocr_line' id='line_1_118' title="bbox 2145 5349 3722 5429; baseline -0.008 -21"><span class='ocrx_word' id='word_1_835' title='bbox 2145 5349 2408 5429; x_wconf 77' lang='lat' dir='ltr'><strong>Agenoris</strong></span> <span class='ocrx_word' id='word_1_836' title='bbox 2436 5349 2631 5429; x_wconf 66' lang='lat' dir='ltr'><strong>lilium2</strong></span> <span class='ocrx_word' id='word_1_837' title='bbox 2661 5355 2800 5429; x_wconf 77' lang='lat' dir='ltr'><strong>apud</strong></span> <span class='ocrx_word' id='word_1_838' title='bbox 2850 5350 3068 5429; x_wconf 70' lang='lat' dir='ltr'><strong>Thebas</strong></span> <span class='ocrx_word' id='word_1_839' title='bbox 3097 5351 3318 5429; x_wconf 70' lang='lat' dir='ltr'><strong>Bteotiar.</strong></span> <span class='ocrx_word' id='word_1_840' title='bbox 3358 5349 3563 5429; x_wconf 75' lang='lat' dir='ltr'><strong>urbem.</strong></span> <span class='ocrx_word' id='word_1_841' title='bbox 3597 5350 3722 5429; x_wconf 63' lang='lat' dir='ltr'><strong>dra-</strong></span> 
     </span>
    </p>
   </div>
   <div class='ocr_carea' id='block_1_116' title="bbox 2144 5420 3720 5486">
    <p class='ocr_par' dir='ltr' id='par_1_116' title="bbox 2144 5420 3720 5486">
     <span class='ocr_line' id='line_1_119' title="bbox 2144 5420 3720 5486; baseline -0.006 -7"><span class='ocrx_word' id='word_1_842' title='bbox 2144 5420 2298 5480; x_wconf 77' lang='lat' dir='ltr'><strong>conis</strong></span> <span class='ocrx_word' id='word_1_843' title='bbox 2321 5440 2351 5478; x_wconf 70' lang='grc' dir='ltr'><strong><em>ι</em></strong></span> <span class='ocrx_word' id='word_1_844' title='bbox 2380 5441 2437 5478; x_wconf 85' lang='lat' dir='ltr'><strong>se</strong></span> <span class='ocrx_word' id='word_1_845' title='bbox 2465 5424 2728 5477; x_wconf 82' lang='lat' dir='ltr'><strong>interfecti</strong></span> <span class='ocrx_word' id='word_1_846' title='bbox 2746 5429 2935 5477; x_wconf 86' lang='lat' dir='ltr'><strong>dentes</strong></span> <span class='ocrx_word' id='word_1_847' title='bbox 2960 5423 3182 5484; x_wconf 73' lang='lat' dir='ltr'><strong>sevisse,</strong></span> <span class='ocrx_word' id='word_1_848' title='bbox 3202 5427 3362 5486; x_wconf 90' lang='lat' dir='ltr'><strong>atque</strong></span> <span class='ocrx_word' id='word_1_849' title='bbox 3392 5420 3517 5471; x_wconf 90' lang='lat' dir='ltr'><strong>hinc</strong></span> <span class='ocrx_word' id='word_1_850' title='bbox 3549 5420 3687 5470; x_wconf 80' lang='lat' dir='ltr'><strong>exsti</strong></span> <span class='ocrx_word' id='word_1_851' title='bbox 3710 5445 3720 5456; x_wconf 85' lang='lat'><strong><em>-</em></strong></span> 
     </span>
    </p>
   </div>
   <div class='ocr_carea' id='block_1_117' title="bbox 2145 5486 3718 5564">
    <p class='ocr_par' dir='ltr' id='par_1_117' title="bbox 2145 5486 3718 5564">
     <span class='ocr_line' id='line_1_120' title="bbox 2145 5486 3718 5564; baseline -0.006 -14"><span class='ocrx_word' id='word_1_852' title='bbox 2145 5496 2276 5550; x_wconf 84' lang='lat' dir='ltr'><strong>tisse</strong></span> <span class='ocrx_word' id='word_1_853' title='bbox 2324 5495 2599 5564; x_wconf 86' lang='lat' dir='ltr'><strong>Gigantes,</strong></span> <span class='ocrx_word' id='word_1_854' title='bbox 2655 5492 2902 5564; x_wconf 89' lang='lat' dir='ltr'><strong>homines</strong></span> <span class='ocrx_word' id='word_1_855' title='bbox 2947 5508 2977 5564; x_wconf 87' lang='lat' dir='ltr'><strong>a_</strong></span> <span class='ocrx_word' id='word_1_856' title='bbox 3024 5491 3203 5564; x_wconf 84' lang='lat' dir='ltr'><strong>capite</strong></span> <span class='ocrx_word' id='word_1_857' title='bbox 3254 5503 3423 5564; x_wconf 78' lang='lat' dir='ltr'><strong>usque</strong></span> <span class='ocrx_word' id='word_1_858' title='bbox 3450 5486 3514 5540; x_wconf 85' lang='lat' dir='ltr'><strong>ad</strong></span> <span class='ocrx_word' id='word_1_859' title='bbox 3546 5486 3718 5540; x_wconf 85' lang='lat' dir='ltr'><strong>femur</strong></span> 
     </span>
    </p>
   </div>
   <div class='ocr_carea' id='block_1_118' title="bbox 2141 5562 3719 5636">
    <p class='ocr_par' dir='ltr' id='par_1_118' title="bbox 2141 5562 3719 5636">
     <span class='ocr_line' id='line_1_121' title="bbox 2141 5562 3719 5636; baseline -0.006 -17"><span class='ocrx_word' id='word_1_860' title='bbox 2141 5562 2415 5630; x_wconf 56' lang='lat' dir='ltr'><strong>armatos;</strong></span> <span class='ocrx_word' id='word_1_861' title='bbox 2443 5566 2531 5634; x_wconf 92' lang='lat' dir='ltr'><strong>qui</strong></span> <span class='ocrx_word' id='word_1_862' title='bbox 2573 5563 2758 5636; x_wconf 79' lang='lat' dir='ltr'><strong>eodem</strong></span> <span class='ocrx_word' id='word_1_863' title='bbox 2793 5564 2916 5636; x_wconf 87' lang='lat' dir='ltr'><strong>_die,</strong></span> <span class='ocrx_word' id='word_1_864' title='bbox 2968 5562 3102 5636; x_wconf 71' lang='lat' dir='ltr'><strong>inito</strong></span> <span class='ocrx_word' id='word_1_865' title='bbox 3142 5562 3351 5630; x_wconf 74' lang='lat' dir='ltr'><strong>prndio,</strong></span> <span class='ocrx_word' id='word_1_866' title='bbox 3388 5572 3573 5612; x_wconf 88' lang='lat' dir='ltr'><strong>omnes</strong></span> <span class='ocrx_word' id='word_1_867' title='bbox 3595 5570 3719 5636; x_wconf 76' lang='lat' dir='ltr'><strong>sese</strong></span> 
     </span>
    </p>
   </div>
   <div class='ocr_carea' id='block_1_119' title="bbox 2139 5632 3712 5700">
    <p class='ocr_par' dir='ltr' id='par_1_119' title="bbox 2139 5632 3712 5700">
     <span class='ocr_line' id='line_1_122' title="bbox 2139 5632 3712 5700; baseline -0.006 -10"><span class='ocrx_word' id='word_1_868' title='bbox 2139 5638 2321 5691; x_wconf 86' lang='lat' dir='ltr'><strong>statim</strong></span> <span class='ocrx_word' id='word_1_869' title='bbox 2354 5632 2551 5689; x_wconf 81' lang='lat' dir='ltr'><strong>mutuis</strong></span> <span class='ocrx_word' id='word_1_870' title='bbox 2584 5632 2891 5687; x_wconf 84' lang='lat' dir='ltr'><strong>vulneribus</strong></span> <span class='ocrx_word' id='word_1_871' title='bbox 2917 5632 3285 5696; x_wconf 80' lang='lat' dir='ltr'><strong>confecerunt,</strong></span> <span class='ocrx_word' id='word_1_872' title='bbox 3323 5641 3516 5700; x_wconf 75' lang='lat' dir='ltr'><strong>pneter</strong></span> <span class='ocrx_word' id='word_1_873' title='bbox 3552 5632 3712 5697; x_wconf 81' lang='lat' dir='ltr'><strong>quin-</strong></span> 
     </span>
    </p>
   </div>
   <div class='ocr_carea' id='block_1_120' title="bbox 2137 5704 3070 5778">
    <p class='ocr_par' dir='ltr' id='par_1_120' title="bbox 2137 5704 3070 5778">
     <span class='ocr_line' id='line_1_123' title="bbox 2137 5704 3070 5778; baseline -0.003 -19"><span class='ocrx_word' id='word_1_874' title='bbox 2137 5724 2241 5777; x_wconf 85' lang='lat' dir='ltr'><strong>que</strong></span> <span class='ocrx_word' id='word_1_875' title='bbox 2281 5709 2368 5778; x_wconf 87' lang='lat' dir='ltr'><strong>qtti</strong></span> <span class='ocrx_word' id='word_1_876' title='bbox 2400 5722 2458 5762; x_wconf 86' lang='lat' dir='ltr'><strong>sc</strong></span> <span class='ocrx_word' id='word_1_877' title='bbox 2482 5704 2686 5760; x_wconf 81' lang='lat' dir='ltr'><strong>Cadmo</strong></span> <span class='ocrx_word' id='word_1_878' title='bbox 2712 5705 3070 5759; x_wconf 80' lang='lat' dir='ltr'><strong>associurttnl.</strong></span> 
     </span>
    </p>
   </div>
   <div class='ocr_carea' id='block_1_121' title="bbox 4002 4556 4029 6187">
    <p class='ocr_par' dir='ltr' id='par_1_121' title="bbox 4002 4630 4025 6187">
     <span class='ocr_line' id='line_1_124' title="bbox 4024 4630 4025 4721; baseline 0 0"><span class='ocrx_word' id='word_1_879' title='bbox 4024 4630 4025 4721; x_wconf 75' lang='lat' dir='ltr'><strong>l</strong></span> 
     </span>
     <span class='ocr_line' id='line_1_125' title="bbox 4016 5164 4017 5255; baseline 0 0"><span class='ocrx_word' id='word_1_880' title='bbox 4016 5164 4017 5255; x_wconf 60' lang='grc' dir='ltr'><strong>ι</strong></span> 
     </span>
     <span class='ocr_line' id='line_1_126' title="bbox 4012 5274 4015 5387; baseline 0 0"><span class='ocrx_word' id='word_1_881' title='bbox 4012 5274 4015 5387; x_wconf 74' lang='lat' dir='ltr'><strong>l</strong></span> 
     </span>
     <span class='ocr_line' id='line_1_127' title="bbox 4006 5688 4009 5787; baseline 0 0"><span class='ocrx_word' id='word_1_882' title='bbox 4006 5688 4009 5787; x_wconf 71' lang='lat' dir='ltr'><strong>l</strong></span> 
     </span>
     <span class='ocr_line' id='line_1_128' title="bbox 4006 5834 4007 5921; baseline 0 0"><span class='ocrx_word' id='word_1_883' title='bbox 4006 5834 4007 5921; x_wconf 60' lang='grc' dir='ltr'><strong>ι</strong></span> 
     </span>
     <span class='ocr_line' id='line_1_129' title="bbox 4003 5948 4005 6055; baseline 0 0"><span class='ocrx_word' id='word_1_884' title='bbox 4003 5948 4005 6055; x_wconf 73' lang='lat' dir='ltr'><strong>l</strong></span> 
     </span>
     <span class='ocr_line' id='line_1_130' title="bbox 4002 6120 4003 6187; baseline 0 0"><span class='ocrx_word' id='word_1_885' title='bbox 4002 6120 4003 6187; x_wconf 74' lang='lat' dir='ltr'><strong>t</strong></span> 
     </span>
    </p>
   </div>
  </div>
