4050 6298
252 281 357 336 533
1071 273 1332 331 ORATIO
1372 273 1555 330 xuu.
1596 302 1666 314 -
1704 271 1772 327 IN
1811 271 2096 330 LAUDEM
2137 273 2387 330 nasum
2425 235 2663 329 MAGNI.
3411 276 3518 333 ssi

248 394 402 448 οὐδὲν
427 392 801 463 σοφισθέντας,
825 387 1057 444 οὐδὲτοῦ
1087 389 1296 460 βαθμοῦ
1323 387 1840 460 προεισενεγκὸντας

1964 389 2041 442 ted
2069 402 2281 454 recens,
2315 397 2581 458 quantum
2611 385 2676 441 ad
2708 384 3051 454 dignitatem,
3082 382 3242 441 simul
3277 396 3428 441 satus
3463 397 3520 443 et

250 502 331 548 τι,
367 486 511 556 πλὴν
554 485 647 537 τυ)
688 484 1043 548 βούλεσθαι.
1100 483 1212 535 Καὶ
1255 482 1285 534 6
1337 482 1434 551 μὲν
1481 480 1696 551 στέργει
1737 479 1835 550 τὴν

1964 480 2127 534 aditus
2155 519 2171 544 ,
2205 478 2661 549 quemadmodum
2714 486 2889 545 poetae
2930 476 3176 546 gigantes
3226 475 3521 531 finxerunt.

251 580 405 632 κάτω
442 577 648 648 χώραν,
678 576 775 630 καὶ
806 573 1077 637 ταπεινῶς
1112 572 1221 643 (57)
1250 573 1501 643 ἕστηκεν,
1529 573 1558 625 6
1578 570 1678 641 τῆς
1706 570 1839 641 ὑψη-

1964 568 2064 623 Jno
2117 568 2203 623 die
2257 576 2478 622 sanctos
2541 566 2834 636 ﬁngimus,
2876 578 3079 634 eosque
3131 564 3405 633 sapientes
3461 572 3521 618 et

249 669 346 741 λῆς
382 669 555 734 ἄξιος,
592 669 685 721 κα.)⁹
723 665 893 720 πολλά
928 666 1027 736 μὲν
1060 666 1169 728 τοῖς
1203 665 1366 727 θείοις
1398 664 1577 731 λόγοις
1600 662 1835 734 ἐμμελε-

248 764 446 833 τήσας,
474 761 644 814 πολλά
673 761 730 812 δὲ
768 762 832 830 τῇ
867 759 1029 829 σαρκὶ
1062 756 1429 828 νομοθετήσας
1456 757 1533 818 είς
1560 754 1838 825 ὑποταγὴν

249 854 602 923 πνεύματος·
656 852 684 903 6
732 849 787 902 δὲ
827 849 1073 920 σοϐαρῶς
1120 847 1232 917 (58)
1284 845 1700 917 προκαθέζεται,
1744 845 1840 897 καὶ

250 946 349 1015 τὴν
381 945 556 1016 ὀφρὺν
590 943 733 1013 αἴρει
763 941 906 994 κατά
951 940 1058 993 τῶν
1107 939 1413 1008 βελτιόνων,
1464 937 1558 989 καὶ
1593 937 1693 989 οὐκ
1724 938 1844 988 ὲπι-

250 1038 451 1108 τρέμει
511 1037 625 1096 τοῖς
678 1033 907 1104 θρόνοις,
963 1030 1084 1084 οὐδὲ
1134 1029 1352 1101 φρίσσει
1398 1028 1497 1099 τὴν
1555 1028 1697 1095 δᾲιν,
1756 1026 1846 1078 τὸν

252 1126 504 1198 ἐγκρατῆ
551 1124 701 1178 κάτω
753 1122 996 1192 βλέπων
1044 1121 1155 1174 ἀλλ’
1189 1120 1326 1190 ὁμοῦ
1375 1119 1454 1190 τῷ
1505 1119 1718 1188 κράτει,
1756 1116 1848 1169 καὶ

1944 661 2186 735 eruditos
2222 660 2383 730 792
2410 674 2528 714 esse
2574 657 2843 727 iubemus,
2880 658 2972 727 qui
3012 656 3147 711 nihil
3191 656 3518 720 didicerunt,

1947 766 2045 807 nec
2088 752 2154 805 ad
2199 751 2562 805 sacerdotium
2609 751 2902 819 quidquam
2938 751 3090 819 prius
3130 751 3521 814 contulerunt,

1947 852 2141 913 praeter
2171 844 2317 897 uelle.
2343 844 2520 913 Atque
2558 843 2649 898 ille
2696 843 2912 911 quidem
2968 841 3211 896 inferiori
3246 842 3373 895 sede
3429 856 3520 895 ac-

1944 938 2194 1006 quiescit,
2219 937 2552 1006 humilisque
2580 945 2701 999 stat,
2733 937 2821 1003 qui
2841 934 3124 990 sublimem
3154 944 3518 1005 promeretur,

1946 1037 2109 1096 alque
2136 1036 2191 1081 et
2241 1026 2467 1080 multum
2510 1025 2713 1094 diuque
2751 1024 2802 1077 in
2856 1023 3164 1077 divinorum
3200 1036 3513 1076 sermonum

1952 1116 2302 1173 meditatione
2333 1127 2578 1172 versatus
2612 1126 2694 1172 est
2716 1155 2731 1181 ,
2765 1124 2819 1171 et
2871 1114 3098 1168 multum
3129 1113 3327 1182 diuque
3360 1113 3510 1167 carni

253 1218 569 1290 σοφώτερον
599 1215 787 1270 ἑαυτὸν
815 1214 1209 1285 ὑπολαμϐάνει,
1246 1214 1432 1278 κακῶς
1465 1212 1641 1278 εἰδὼς,
1673 1212 1849 1265 καὶτὸ

1967 1224 2092 1279 eges
2118 1209 2300 1265 sanxit
2346 1209 2411 1263 ad
2439 1208 2649 1278 spiritui
2691 1206 2987 1277 parendum
3015 1225 3027 1260 ς
3056 1204 3147 1259 hic
3200 1212 3390 1259 contra
3425 1220 3520 1258 su-

254 1313 480 1380 φρονεῖν
512 1308 618 1362 ὑπὸ
644 1310 742 1379 τῆς
770 1306 1018 1371 ἐξουσίας
1047 1306 1418 1377 ἀφῃρημένος.

1964 1307 2112 1361 )erbe
2148 1315 2202 1361 et
2238 1315 2554 1375 arroganter
2597 1305 2872 1373 praesidet,
2924 1301 3378 1371 superciliumque
3425 1301 3524 1354 ad-
3573 1342 3581 1351 .

254 1416 451 1456 versus
507 1399 755 1454 meliores
789 1396 1019 1462 attollit,
1064 1411 1166 1451 nec
1227 1398 1437 1450 tbronis
1491 1396 1834 1463 intremiscit,
1873 1411 1973 1452 nec
2006 1413 2071 1452 ex
2100 1404 2318 1465 aspectu
2344 1397 2623 1450 horrorem
2665 1393 2943 1461 concipit,
3010 1392 3280 1445 hominem
3346 1392 3523 1444 conti-

254 1496 458 1549 nentia:
515 1494 815 1557 studiosum
877 1491 1019 1546 infra
1078 1506 1137 1546 se
1170 1491 1393 1556 videns;
1452 1504 1637 1543 verum
1683 1491 1844 1546 simul
1885 1506 2005 1547 cum
2062 1490 2313 1560 imperio,
2385 1489 2765 1558 sapientiorem
2803 1503 3016 1558 quoque
3083 1502 3142 1542 se
3176 1501 3296 1543 esse
3333 1486 3524 1542 existi.—

257 1600 411 1653 mat,
440 1602 615 1665 prave
668 1588 856 1651 utique
914 1586 1178 1649 sentiens,
1232 1596 1395 1655 atque
1430 1601 1457 1638 a
1493 1588 1732 1656 potentia
1786 1596 1839 1641 ct
1877 1586 2202 1643 auctoritate
2240 1587 2308 1642 de
2336 1596 2516 1641 mente
2550 1586 2888 1641 deturbatus.

326 1685 459 1737 KZ'.
502 1682 639 1735 Ἀλλ’
672 1682 769 1752 οὐχ
815 1684 843 1736 6
888 1682 1056 1744 πολὺς
1089 1680 1231 1734 οὕτω
1266 1681 1375 1751 (59)
1406 1681 1501 1734 κα)⁵
1536 1681 1707 1751 μέγας
1740 1682 1848 1733 Βα-

2024 1680 2237 1737 χχνιι.
2268 1682 2337 1736 At
2364 1697 2467 1736 non
2501 1682 2572 1736 ita
2612 1696 2839 1750 magnus
2893 1691 2947 1736 et
2981 1679 3208 1750 insignis
3258 1678 3526 1743 Basilius;

258 1774 495 1836 σίλειοςο
530 1771 644 1825 ἀλλ’
667 1770 854 1841 ὥσπερ
891 1771 1000 1824 τῶν
1052 1769 1225 1824 ἀλλων
1270 1769 1545 1834 ἀπάντων,
1576 1769 1717 1823 οὕτω
1755 1772 1850 1823 καὶ

255 1861 352 1915 τοῦ
390 1861 520 1932 περὶ
550 1860 721 1914 ταῦτα
750 1860 980 1931 κόσμου,
1007 1862 1119 1922 τοῖς
1151 1858 1363 1923 πολλοῖς
1394 1860 1564 1923 τύπος
1596 1859 1852 1913 καθίστα-

255 1970 371 2006 ται.
426 1952 540 2014 Τάς
590 1951 700 2021 γάρ
752 1951 903 2022 ἱερὰς
944 1950 1209 2022 πρότερον
1264 1949 1731 2018 ὑπαναγινώσκων
1774 1949 1852 2020 τῷ

256 2041 375 2113 λαῷ
428 2041 665 2111 βίϐλους,
695 2044 723 2095 6
771 2041 975 2094 τούτων
1029 2038 1321 2112 ἐξηγητὴς,
1369 2043 1465 2094 καὶ
1511 2040 1714 2113 ταύτην
1739 2042 1849 2112 (60)

254 2135 361 2188 οὐκ
405 2132 727 2197 ἀπαξιώσας
770 2132 869 2203 τὴν
919 2130 1071 2198 τάξιν
1125 2131 1218 2185 τοῦ
1270 2131 1533 2202 βήματος,
1578 2132 1750 2197 οὕτως
1796 2136 1853 2187 ὲν

260 2224 507 2295 καθέδρᾳ
540 2224 945 2295 πρεσϐυτέρων,
984 2223 1157 2287 οὕτως
1182 2226 1239 2276 ὲν
1264 2224 1577 2279 ἐπισκόπων
1598 2227 1739 2279 αἰνεῖ
1762 2226 1854 2279 τὸν

261 2316 494 2385 Κύριον,
529 2316 589 2367 οὐ
629 2315 833 2384 κλέψας
866 2314 965 2385 τὴν
994 2316 1264 2382 ἐξουσίαν,
1292 2316 1400 2368 οὐδ’
1428 2316 1699 2387 ἁρπάσας,
1734 2317 1855 2370 οὐδὲ

262 2408 460 2471 διώξας
494 2408 593 2477 τὴν
621 2406 806 2477 τιμὴν,
846 2406 959 2459 ἀλλ’
992 2407 1097 2459 ὑπὸ
1129 2408 1229 2478 τῆς
1261 2408 1429 2478 τιμῆς
1453 2408 1722 2479 διωχθεὶς,
1746 2408 1853 2461 οὐδ’

264 2498 617 2571 ἀνθρωπίνην
647 2498 825 2569 χάριν,
855 2497 967 2550 ἀλλ’
996 2500 1059 2551 ὲκ
1082 2498 1216 2551 Θεοῦ
1243 2501 1338 2553 καὶ
1368 2499 1516 2568 θείαν
1542 2500 1851 2571 δεξάμενος.

278 2593 338 2645 Ὀ
365 2593 466 2663 μὲν
498 2587 591 2644 οὖν
628 2591 727 2661 τῆς
761 2590 1051 2662 προεδρίας
1078 2590 1236 2659 Λόγος
1266 2592 1615 2662 ἀναμεινάτω
1639 2610 1652 2623 ’
1684 2591 1763 2662 τῷ
1800 2591 1855 2644 δὲ

264 2682 366 2752 τῆς
398 2680 657 2751 ὑφεδρίας
691 2680 806 2750 (61)
847 2680 1041 2751 μικρόν
1078 2697 1131 2733 τι
1171 2681 1704 2753 προσδιατριψωμεν.
1732 2676 1856 2734 Οἷον

267 2775 377 2847 γάρ
413 2790 480 2843 με
516 2772 610 2825 καὶ
635 2771 792 2824 τοῦτο
823 2772 1020 2843 μικροῦ
1058 2772 1430 2845 παρέδραμεν,
1469 2775 1527 2827 ὲν
1568 2774 1717 2845 μέσῳ
1749 2772 1856 2826 τῶν

269 2863 576 2936 εἰρημένων
608 2861 857 2934 κείμενον
880 2862 891 2915 Ξ

343 3136 483 3188 KH“.
518 3131 764 3202 Ἐγένετό
794 3149 878 3195 τις
903 3130 1039 3204 πρὸς
1062 3130 1154 3185 τὸν
1183 3129 1352 3200 ἄνδρα
1379 3128 1611 3200 διαφορά
1649 3127 1725 3199 τῷ
1750 3128 1855 3200 πρὸ

272 3224 465 3282 τούτου
492 3223 604 3296 (62)
636 3223 966 3294 καθηγεμόνι
1004 3223 1104 3293 τῆς
1132 3222 1455 3293 Ἐκκλησίας
1486 3222 1567 3290 (τὸ
1592 3221 1688 3291 μὲν
1716 3221 1858 3285 ὅθεν,

276 3318 369 3370 καὶ
407 3318 581 3382 ὅπως,
637 3316 847 3385 σιωπᾷν
898 3314 1152 3385 ἄμεινον,
1208 3313 1345 3384 πλὴν
1386 3313 1659 3381 ἐγένετο),
1710 3313 1861 3383 ἀνδρὶ

274 3406 445 3461 τᾶλλα
505 3405 602 3475 μὲν
648 3405 749 3457 οὐκ
801 3404 1034 3471 ἀγεννεῖ,
1083 3404 1176 3456 καὶ
1223 3402 1520 3473 θαυμαστῷ
1568 3403 1666 3474 τὴν
1714 3403 1865 3455 εὐσέ-

277 3497 432 3551 ϐειαν
463 3497 599 3567 (63),
629 3496 705 3559 ώς
743 3494 941 3559 ἔδειξεν
984 3498 1012 3549 6
1054 3496 1175 3548 τότε
1223 3496 1481 3566 διωγμὸς,
1522 3495 1617 3547 καὶ
1657 3498 1690 3567 ἡ
1729 3495 1865 3565 πρὸς

278 3589 440 3643 αὑτὸν
463 3589 731 3654 ἔνστασις,
763 3589 912 3657 ὅμως
934 3587 991 3640 δέ
1012 3604 1065 3639 τι
1104 3586 1326 3640 παθόντι
1355 3587 1491 3659 πρὸς
1522 3588 1728 3640 ἐκεῖνον
1753 3586 1861 3657 (64)

278 3680 638 3753 ἀνθρώπινον.
678 3681 943 3732 "Amata;
993 3678 1103 3750 γὰρ
1152 3679 1210 3731 οὐ
1258 3679 1366 3732 τῶν
1413 3679 1624 3733 πολλῶν
1675 3679 1864 3750 μόνον,

279 3776 417 3830 ἀλλά
461 3777 558 3827 καὶ
604 3774 710 3827 τῶν
753 3774 992 3845 ἀρίστων
1026 3775 1054 3825 6
1098 3772 1307 3843 μῶμος,
1348 3773 1423 3835 ὡς
1451 3773 1608 3843 μόνον
1631 3771 1696 3825 ἂν
1730 3768 1869 3827 εἶναι

281 3864 379 3919 τοῦ
410 3863 548 3918 Θεοῦ
580 3864 642 3915 τὸ
676 3862 954 3924 παντελῶς
987 3863 1278 3916 ἄπταιστον
1313 3860 1409 3913 καὶ
1459 3859 1731 3914 ἀνάλωτον
1762 3860 1866 3913 πά-

283 3956 421 4011 θεσι.
476 3957 720 4009 Κινεῖται
771 3952 864 4007 οὖν
914 3955 1001 4005 ἐπ’
1042 3952 1204 4006 αὐτὸν
1243 3953 1343 4023 τῆς
1383 3951 1705 4023 Ἐκκλησίας
1749 3954 1869 4005 ὅσον

283 4047 536 4118 ἔκκριτον
564 4045 658 4097 καὶ
690 4042 996 4114 σοφώτερον
1025 4058 1039 4073 ο
1073 4042 1232 4114 εἴπερ
1278 4040 1573 4115 σοφώτεροι
1602 4043 1709 4097 τῶν
1742 4042 1869 4095 πολ·
1898 4066 1901 4069 π

285 4139 412 4203 λῶν,
453 4140 502 4191 οἱ
558 4138 763 4207 κόσμου
817 4134 1150 4205 χωρίσαντες
1203 4134 1315 4204 (63)
1362 4134 1608 4198 ἑαυτοὺς,
1668 4134 1871 4204 καὶτῷ

284 4229 402 4301 Θεῷ
434 4229 527 4281 τὸν
568 4227 679 4297 βίον
737 4224 1189 4296 καθιερώσαντες.
1262 4224 1421 4293 Λέγω
1470 4226 1527 4278 δὲ
1576 4226 1703 4288 τοὺς
1750 4225 1870 4279 καθ’

284 4324 433 4393 ἡμᾶς
469 4318 800 4390 Ναζιραίους
830 4317 966 4388 (66),
1002 4318 1095 4371 καὶ
1124 4319 1252 4388 περὶ
1283 4320 1349 4370 τὶ
1383 4319 1606 4373 τοιαῦτα
1639 4319 1872 4390 μάλιστα

1951 1789 2138 1829 verum
2174 1782 2232 1827 ut
2266 1772 2494 1827 aliarum
2526 1772 2767 1827 omnium
2805 1772 3102 1838 virtutum,
3139 1772 3219 1826 sic
3264 1771 3428 1825 etiam
3472 1770 3526 1824 iu

1954 1864 2039 1918 his
2083 1861 2244 1918 rebus
2293 1862 2500 1917 ordinis
2551 1871 2606 1916 et
2653 1862 2949 1931 disciplina:
2990 1861 3267 1930 exemplar
3301 1860 3422 1915 aliis
3471 1874 3533 1915 se

1954 1956 2177 2025 praebet.
2207 1955 2342 2010 Nam
2372 1970 2494 2009 cum
2520 1955 2671 2023 prius
2715 1968 2900 2007 sacros
2952 1953 3117 2007 libros
3152 1952 3347 2022 p0pulo
3374 1949 3534 2007 lecti-

1958 2054 2145 2112 lasset,
2171 2045 2286 2113 ipse
2328 2057 2514 2098 eorum
2540 2042 2831 2111 interpres,
2860 2056 2961 2096 nec
3004 2041 3134 2095 illud
3159 2042 3381 2097 lectoris
3414 2037 3533 2095 olli-

1956 2136 2098 2191 cium
2134 2150 2193 2190 se
2216 2134 2491 2203 indignum
2520 2132 2794 2196 duxisset,
2828 2132 2901 2185 ita
2935 2132 3148 2185 demum
3180 2132 3527 2200 presbytero-

1958 2242 2098 2292 rum,
2129 2241 2192 2281 ac
2230 2225 2424 2281 deinde
2467 2227 2521 2280 in
2561 2223 2933 2294 episcoporum
2964 2223 3221 2278 cathedra
3247 2222 3535 2277 Dominum

1957 2320 2176 2383 laudat,
2218 2332 2327 2372 non
2366 2316 2505 2370 hanc
2536 2325 2854 2386 potestatem
2906 2315 3118 2368 furatus
3142 2355 3158 2378 ,
3194 2328 3293 2368 nec
3342 2327 3403 2366 ea
3439 2327 3534 2381 per

1956 2413 2063 2467 vim
2096 2410 2433 2481 potitus,ncc
2466 2410 2723 2465 honorem
2751 2417 3088 2478 prosecutus,
3117 2406 3211 2460 sed
3239 2405 3306 2459 ab
3331 2406 3535 2458 honore

1958 2505 2240 2574 quaesitus,
2278 2517 2380 2559 nec
2409 2503 2644 2557 humano
2696 2501 2903 2564 favore,
2932 2498 3023 2554 sed
3058 2497 3315 2552 divinitus
3340 2511 3403 2550 ac
3439 2496 3533 2549 Dei

1959 2596 2130 2669 gratia
2184 2595 2551 2651 sacerdotium
2610 2602 2953 2649 consecutus.
3007 2588 3205 2643 Verum
3266 2588 3330 2641 de
3387 2586 3532 2641 sedis

1959 2686 2266 2757 principatu
2308 2687 2414 2741 hoc
2471 2687 2586 2740 loco
2621 2699 2716 2740 nos
2746 2690 3026 2752 exspectet
3060 2680 3262 2745 oratio;
3297 2688 3456 2747 atque
3485 2677 3541 2731 in

1957 2793 2044 2844 ea,
2071 2793 2190 2847 quae
2242 2776 2311 2833 ad
2357 2775 2670 2831 inferiorem
2716 2774 2994 2844 dignitatis
3049 2772 3224 2828 locum
3275 2772 3536 2841 pertinet,

1961 2868 2208 2925 nonnihil
2247 2868 2620 2921 immorentur.
2652 2865 2820 2931 Quale
2847 2867 2989 2918 enim
3017 2864 3120 2919 hoc
3154 2876 3370 2933 quoque
3402 2860 3541 2915 mihi

1962 2971 2096 3029 pene
2131 2954 2360 3019 efﬂuxit,
2400 2956 2450 3006 in
2485 2955 2665 3009 medio
2696 2968 2909 3013 eorum.
2937 2966 3057 3022 quae
3108 2965 3139 3004 a
3193 2950 3353 3004 nobis
3388 2964 3541 3005 corn-

1884 3046 1927 3103 C
1965 3059 2263 3106 memorata
2305 3058 2452 3113 sunt,
2479 3048 2669 3117 jacens

2037 3137 2272 3196 XXVIII.
2302 3139 2435 3196 Cum
2457 3138 2654 3193 Basilio
2681 3136 3009 3193 simultatem
3041 3134 3329 3204 quamdam
3358 3134 3426 3198 is,
3448 3133 3542 3204 qui

1965 3244 2093 3289 ante
2127 3234 2301 3304 ipsum
2331 3230 2587 3288 Ecclesia:
2614 3228 2848 3301 praefuit,
2881 3226 3173 3285 exercebat
3200 3224 3424 3298 (quibus
3445 3240 3542 3280 au-

1966 3336 2071 3381 tem
2104 3326 2172 3381 de
2200 3324 2381 3381 causis
2404 3363 2420 3390 ,
2456 3332 2551 3379 aut
2588 3321 2860 3394 quomodo
2883 3359 2897 3385 ,
2926 3319 3143 3376 silentio
3202 3318 3545 3374 dissimulare

1967 3417 2135 3472 satius
2170 3425 2275 3483 est,
2304 3426 2557 3471 caeterum
2598 3398 2910 3482 exercebat)
2937 3426 2951 3475 ;
2981 3410 3063 3463 vir
3093 3419 3287 3463 caetera
3324 3408 3540 3477 quidem

1970 3508 2160 3573 fortis,
2194 3522 2260 3562 ac
2286 3505 2522 3561 mirabili
2576 3500 2778 3575 pietate
2817 3501 3095 3572 prazditus,
3128 3510 3189 3553 ut
3231 3498 3374 3552 illius
3415 3506 3547 3553 tem:

1969 3599 2114 3667 poris
2149 3597 2453 3667 persecutio
2505 3606 2561 3651 et
2615 3597 2757 3651 acris
2807 3596 3063 3650 adversus
3105 3607 3229 3648 eum
3292 3599 3541 3659 suscepta

1968 3691 2246 3745 contentio
2275 3689 2562 3759 perspicue
2591 3688 3017 3752 declaravit,sed
3048 3694 3226 3740 tamen
3269 3683 3320 3737 in
3349 3681 3551 3735 Basilio

1971 3780 2174 3851 “lilium
2211 3782 2433 3835 humani
2479 3795 2694 3851 passus.
2734 3777 2922 3850 Neque
2964 3778 3108 3833 enim
3147 3776 3396 3844 vulgares
3426 3782 3546 3825 tan-

1985 3886 2096 3927 tum
2137 3873 2407 3938 homines,
2433 3873 2529 3927 sed
2573 3873 2733 3925 etiam
2777 3869 3251 3941 praestantissimos
3305 3878 3551 3935 quosque

1974 3962 2135 4033 793
2175 3963 2322 4017 viros
2351 3960 2563 4017 Momus
2597 3961 2835 4031 attingit,
2870 3970 2929 4015 ut
2960 3959 3130 4014 solius
3176 3957 3268 4013 Dei
3306 3957 3376 4011 sit
3403 3954 3550 4013 omni

1974 4061 2197 4120 peccato
2226 4066 2451 4116 vacare,
2486 4060 2648 4121 atque
2672 4053 2739 4106 ab
2778 4050 2945 4105 animi
3007 4048 3413 4119 perturbatione
3450 4045 3551 4101 im-

1977 4160 2192 4198 munem
2250 4159 2389 4199 esse.
2416 4145 2495 4200 Ac
2528 4154 2812 4213 propterea
2856 4144 3115 4197 adversus
3145 4156 3266 4196 eum
3298 4138 3552 4195 Ecclesia:

1976 4250 2101 4303 pars
2131 4234 2382 4290 selectior
2419 4244 2474 4289 et
2502 4236 2794 4303 sapientior
2817 4234 3122 4288 concitatur
3146 4272 3160 4294 ,
3195 4233 3240 4286 si
3277 4232 3438 4285 modo
3464 4245 3551 4284 sa-

1980 4324 2276 4392 pientiores
2328 4326 2365 4379 ii
2428 4324 2661 4379 habendi
2722 4333 2884 4387 sunt,
2935 4337 3097 4391 quam
3154 4318 3552 4389 plerique,qui

285 4411 691 4473 ἐσπουδακότας
704 4427 725 4447 -·
765 4410 814 4463 οἳ
846 4409 1016 4461 δεινὸν
1061 4410 1416 4480 ποιησάμενοι
1448 4410 1507 4463 τὸ
1554 4410 1699 4479 σφῶν
1730 4413 1860 4483 κρὰ·

1977 4416 2183 4483 scipsos
2210 4430 2239 4470 a
2268 4416 2468 4471 mundo
2500 4415 2875 4483 sejunxerunt,
2903 4428 2967 4468 ac
3003 4414 3167 4465 vitam
3221 4396 3405 4464 suam‘
3444 4409 3553 4463 Deo

283 4523 376 4569 τος
412 4502 524 4576 (6?)
562 4502 806 4574 παριδεῖν
864 4501 1319 4573 περιυϐρισμένον
1371 4503 1464 4555 καὶ
1506 4503 1867 4573 ἀπωσμένον,

357 4684 471 4755 (57)
518 4681 832 4755 Ταπεηςῶς.
859 4680 961 4755 _O_r.
994 4681 1048 4755 ἓ,
1082 4681 1355 4744 ταπεινός.
1394 4680 1482 4755 Sic
1510 4683 1635 4755 legit
1670 4683 1873 4739 Dillius.

358 4751 472 4824 (58)
515 4752 804 4820 Σοϐαρὼς.
856 4751 947 4805 Sic
995 4751 1166 4822 Begg.
1192 4768 1242 4816 a,
1280 4768 1327 4815 c,
1374 4754 1405 4806 d
1448 4763 1501 4806 et
1531 4754 1692 4807 Coisl.
1732 4755 1784 4807 2.
1820 4758 1874 4809 In

320 4826 395 4878 d..
428 4822 677 4878 006106;.

285 4839 395 4886 eu.,
428 4839 677 4892 σοοαρος.

359 4894 477 4960 (59)
522 4890 704 4946 Οὕτω.
742 4891 832 4946 Sic
860 4891 953 4946 0r.
987 4891 1023 4944 2
1057 4901 1112 4945 et
1132 4890 1284 4946 Pass.
1317 4891 1371 4944 In
1400 4892 1509 4956 θύη
1540 4893 1733 4958 οὕτως.

357 4963 473 5035 (60)
515 4961 627 5016 Καὶ
676 4963 922 5035 («arma
957 4972 1131 5035 etc._t
1165 4960 1272 5016 Nec
1322 4962 1449 5016 illud
1480 4963 1703 5035 lectoris
1760 4966 1873 5020 oﬂi~

287 5031 464 5105 cium,
492 5053 511 5086 ι
544 5043 657 5105 etc.
693 5032 742 5086 ls
773 5031 1012 5105 profecto
1044 5032 1254 5105 videtur
1296 5047 1419 5087 esse
1466 5032 1709 5105 Gregorii
1741 5052 1867 5091 svu-

288 5119 402 5158 sus.
436 5103 665 5158 Basilius
691 5116 925 5174 namque
963 5101 1181 5174 lectoris
1235 5117 1450 5163 munus.
1481 5120 1546 5158 ac
1581 5101 1781 5174 pOpulo
1814 5108 1864 5159 in

290 5174 521 5229 ecclesia
565 5186 748 5227 sacros
787 5171 952 5225 libros
983 5171 1189 5242 legere,
1244 5188 1352 5242 non
1400 5184 1484 5227 est
1532 5171 1868 5242 dedignatus,

290 5260 414 5314 cum
439 5243 554 5313 jam
590 5244 656 5297 iis
690 5241 1043 5314 exponendis,
1082 5243 1261 5314 instar
1290 5241 1550 5314 Magistri,
1584 5241 1679 5314 par
1706 5257 1869 5300 esset.

292 5311 453 5386 Prius
498 5315 655 5386 enim
695 5312 749 5365 in
801 5311 1020 5386 lectoris
1067 5313 1322 5386 subsellio
1346 5353 1361 5374 ,
1389 5311 1596 5386 deinde
1618 5383 1629 5386 _
1653 5317 1874 5386 presby-

295 5385 394 5436 teri
432 5387 579 5449 sede,
627 5383 843 5436 demum
886 5382 1024 5434 inter
1076 5383 1355 5451 episcopos
1405 5383 1568 5436 Deum
1618 5382 1873 5440 laudavit.

295 5452 412 5506 Non
463 5455 600 5508 bene
634 5454 798 5522 igitur
838 5451 1043 5516 Billius,
1081 5471 1098 5502 ι
1132 5453 1418 5507 sacerdotii
1452 5454 1699 5519 gradum,
1730 5474 1748 5506 ι
1795 5457 1875 5508 in-

297 5531 645 5589 terpretatur,
683 5522 824 5592 quod
860 5523 927 5577 de
960 5539 980 5571 ι
1008 5524 1228 5578 lectoris
1281 5524 1458 5577 oflicio
1492 5543 1509 5575 ο
1538 5525 1726 5579 scribit
1752 5525 1879 5580 Gre-

331 5607 498 5647 OI'IIIS.

296 5605 498 5729 802.865).
536 5662 872 5731 ⁸Υρεδρίις.
911 5661 1184 5733 Regtlnu,
1218 5663 1520 5733 ὑφεδρείας.

369 5732 482 5805 (62)
529 5733 612 5799 Τῷ
642 5735 753 5801 πρὸ
788 5734 1017 5787 έσύτοιε.
1048 5732 1194 5802 Regg
1241 5752 1291 5800 ιι,
1326 5732 1373 5798 (³⁷,
1405 5736 1454 5799 il,
1498 5735 1665 5802 3385.,
1702 5733 1874 5802 Pass.,

1979 4522 2391 4564 consecrarunt.
2438 4506 2727 4561 Nazarzeos
2781 4512 3056 4559 nostrates
3106 4502 3245 4566 dico,
3283 4510 3442 4569 atque
3497 4499 3553 4554 in

1978 4688 2056 4758 τῷ
2084 4686 2189 4758 πρὸ
2222 4684 2337 4758 τοῦ.
2368 4682 2619 4758 Intelligit
2652 4682 2964 4758 Eusebium,
3002 4679 3401 4758 qui_proximus
3431 4690 3555 4758 ante

1978 4751 2231 4811 Basilium
2273 4751 2660 4809 CmsarienSem
2694 4753 2988 4808 Ecclesiam
3027 4752 3353 4821 gubernarat
3382 4768 3396 4816 ;
3432 4751 3557 4818 qui-

1977 4843 2083 4896 que
2126 4826 2317 4880 fortem
2369 4839 2430 4878 ac
2482 4833 2819 4896 constantem
2866 4822 3465 4896 animumhprazbuerut
3504 4822 3556 4873 in

1978 4893 2221 4953 Valentis
2248 4895 2626 4964 persecutione
2652 4896 2911 4949 adversus
2949 4893 3279 4964 Catholicos.

2049 4967 2166 5040 (ϐξ)
2194 4960 2549 5040 Εὐσέϐειαν.Δ
2577 4962 2669 5040 Sic
2698 4964 2876 5040 plures
2907 4963 3109 5040 llegg.,_
3133 4963 3310 5027 Pass,
3343 4960 3560 5025 Comb.,

1977 5033 2082 5095 etc.
2120 5033 2371 5090 Mendese
2403 5038 2450 5088 in
2487 5036 2595 5098 eil.,
2627 5034 2903 5097 ἀσέϐειαν,
2933 5052 2951 5085 ι
2987 5033 3338 5102 impietatem.
3378 5051 3397 5083 ι

2049 5108 2161 5177 (64)
2200 5106 2356 5175 Πρὸς
2396 5105 2648 5158 ἐκεῖνον.
2696 5122 2714 5154 ι
2755 5107 3027 5159 Adversus
3078 5106 3238 5169 hunc,
3273 5121 3291 5153 ι
3351 5114 3565 5170 nempe,

1986 5200 2003 5231 ι
2046 5180 2321 5235 Basiliunt.
2358 5197 2374 5226 ›

2053 5250 2163 5319 (65)
2204 5248 2597 5319 Χωρίσαντες.
2639 5243 2732 5319 0r.
2766 5243 2821 5306 2,
2854 5244 3224 5319 χωρήσαντες.

2056 5314 2165 5389 (66)
2205 5316 2569 5384 Ναζζοαίους.
2627 5333 2645 5365 ι
2688 5314 3001 5379 Nazarwos,
3047 5334 3065 5365 ι
3119 5315 3167 5367 id
3220 5320 3321 5373 est,
3386 5328 3403 5359 ι
3447 5324 3565 5360 mo-

1986 5392 2260 5445 nacbos.»

2057 5461 2170 5529 (67)
2216 5457 2286 5512 Τὸ
2328 5454 2502 5525 σφῶν
2554 5454 2788 5529 κράτος.
2843 5453 3096 5529 Basilium
3154 5448 3543 5529 intelligithqu

1987 5518 2125 5585 inter
2157 5518 2459 5583 monachos
2511 5518 2866 5595 principatum
2915 5526 3119 5595 pietate
3164 5537 3238 5595 ac;
3276 5518 3568 5595 virtutibus

1984 5600 2276 5654 obtinebat.
2322 5596 2473 5659 Nam,
2511 5587 2572 5648 'ut
2620 5587 2697 5648 ait
2735 5587 2968 5656 Niceta's,
3002 5591 3297 5663 Ναζιραῖος
3337 5588 3430 5647 καὶ
3466 5587 3569 5643 αὑ.-

1985 5671 2072 5735 τὸς
2099 5666 2182 5741 ἦν·
2226 5689 2244 5720 ι
2278 5668 2561 5723 Nazarwus
2592 5677 2642 5720 et
2682 5666 2792 5735 ipse
2829 5672 2960 5717 erat.
3008 5683 3024 5715 ι
