4050 6298
450 294 557 351 555

1650 280 1704 335 S.
1744 278 2067 336 GREGOBII
2109 274 2449 333 THEOLOGI
2534 294 2537 299 '
3584 274 3690 335 536

457 404 771 477 huiusmodi
809 416 971 458 renus
1020 413 1311 453 maximum
1341 396 1576 451 studium
1609 408 1770 467 atque
1798 412 2016 466 operam

2149 398 2352 467 πρᾶγμα
2393 392 2663 464 τολμῶσιν
2709 390 3194 447 ὲπικινδυνότατον.
3242 393 3564 449 Ἀπόστασιν
3607 399 3692 450 ὲν-

451 504 748 567 pnnentes;
781 493 870 561 qui
902 504 1023 543 cum
1058 504 1218 555 grave
1266 496 1426 556 atque
1454 487 1731 557 indignum
1771 502 1891 543 esse
1921 488 2012 539 dn-

455 593 683 653 xissent,
719 586 851 657 pati,
884 594 943 638 ut
967 585 1033 650 is,
1067 584 1157 651 qni
1201 581 1559 651 principatum
1590 581 1730 634 inter
1758 595 1852 635 eos
1880 580 2022 634 obti-

457 683 639 745 nebat,
676 678 996 733 contumelia
1028 685 1083 731 et
1115 675 1312 745 probro
1353 671 1656 728 aiiiceretur
1685 681 1740 727 et
1773 673 2024 740 rejicere—

461 786 566 837 tur,
593 762 1106 840 periculosissimum
1137 764 1352 818 facinus
1386 762 1792 832 aggrediuntur.
1827 765 1872 815 Α
1908 778 2024 816 ma-

459 877 565 933 gno
592 870 646 916 et
676 876 705 914 a
738 859 1003 915 seditione
1034 857 1208 911 alieno
1238 855 1488 911 Ecclesia:
1513 868 1741 922 corpore
1768 852 2019 917 deiicere,

458 968 684 1020 seseque
713 955 1036 1018 abrumpere
1077 948 1448 1010 constituunt,
1475 960 1579 999 non
1606 945 1858 1014 exiguam
1886 959 2023 1012 quo-

459 1064 563 1118 que
617 1048 789 1118 plebis
850 1055 1056 1114 partem
1121 1050 1463 1111 amputantes
1487 1079 1501 1104 ,
1538 1047 1643 1092 tam
1682 1051 1903 1101 eorum,
1931 1036 2022 1117 qui

460 1137 737 1192 inferioris
767 1134 974 1188 ordinis
1003 1141 1181 1193 erant,
1214 1144 1375 1201 quam
1410 1128 1502 1197 qui
1554 1127 1843 1197 dignitates
1868 1141 2019 1197 gere-

461 1227 613 1281 hant.
645 1226 699 1279 Id
736 1234 912 1280 autem
943 1224 1115 1277 tribus
1150 1222 1214 1276 de
1249 1220 1447 1283 causis,
1476 1219 1647 1287 iisque
1681 1216 2025 1281 ﬁrmissimis,

460 1316 718 1385 perfacile
748 1324 886 1369 erat.
925 1313 1164 1367 Primum
1196 1310 1341 1364 enim
1401 1308 1631 1361 Basilius
1684 1316 1833 1360 tanta
1887 1308 2023 1375 apud

461 1417 651 1456 omnes
670 1402 1021 1455 veneratione
1052 1408 1185 1461 erat,
1224 1406 1423 1465 quanta
1467 1396 1604 1450 haud
1641 1395 1753 1449 scio
1781 1410 1846 1447 an
1880 1397 2029 1463 quis-

463 1508 625 1563 quam
683 1488 879 1547 noStrze
922 1492 1096 1545 aetatis
1154 1488 1611 1559 philosophorum,
1653 1501 1881 1555 eamque
1918 1487 2024 1540 vim

464 1584 717 1649 habebat,
752 1594 808 1636 nt
834 1581 1175 1636 tumultuanti
1213 1579 1385 1649 parti,
1418 1580 1462 1633 si
1499 1578 1781 1641 voluisset,
1812 1578 2028 1633 animos
2070 1624 2078 1632 .

2127 487 2302 542 νοοῦσι
2333 488 2426 539 καὶ
2456 485 2606 556 ῥῆξιν
2649 485 2743 538 τοῦ
2792 485 3027 555 μεγάλου
3071 486 3164 539 καὶ
3213 486 3574 541 ἀστασιάστου
3595 488 3694 558 τῆς

2141 578 2465 649 Ἐκκλησίας
2495 576 2766 647 σώματος,
2805 578 2905 631 οὐκ
2940 578 3126 647 ὀλίγην
3161 580 3251 632 καὶ
3283 580 3375 632 τοῦ
3411 580 3540 633 λαοῦ
3576 583 3696 651 μοῖ-

2131 687 2228 741 ραν
2263 671 2720 740 παρατεμόμενοι,
2750 670 2849 740 ὅση
2895 687 2953 722 τε
2979 670 3086 722 τῶν
3131 670 3300 732 κάτω,
3340 673 3432 724 καὶ
3460 672 3559 742 ὅση
3588 671 3699 726 τῶν

2126 762 2212 813 ἐπ’
2250 761 2427 826 ἀξίαις
2457 760 2587 831 (68).
2625 762 2844 831 Ῥᾷστον
2872 762 2930 814 δὲ
2977 760 3133 815 τοῦτο
3180 758 3248 831 ἢν
3290 764 3353 814 ἐκ
3391 761 3555 831 τριῶν
3590 762 3699 814 τῶν

2131 851 2515 920 ἰσχυροτάτων.
2548 851 2615 901 ’⁸0
2649 867 2706 902 τε
2740 850 2847 920 γὰρ
2886 850 3023 921 ἀνὴρ
3053 850 3345 919 αἰδέσιμος,
3380 850 3454 913 ὡς
3483 851 3583 902 οὐκ
3604 847 3699 903 οἷδ’

2128 940 2292 1002 εῐ-τις
2324 939 2480 1003 ἄλλος
2509 939 2617 992 τῶν
2650 940 2769 992 καθ’
2817 941 2963 1011 ἡμᾶς
3013 940 3334 1010 φιλοσόφων,
3383 943 3474 994 κει)⁵
3518 942 3703 1005 ἱκανὸς

2130 1031 2326 1103 θάρσος
2383 1034 2706 1102 παρασχεῖν,
2758 1031 2912 1103 εἴπερ
2967 1033 3236 1095 ἐϐούλετο,
3287 1032 3366 1102 τῷ
3419 1034 3707 1103 συστήμα-⁹

2127 1143 2180 1177 τι
2215 1106 2348 1194 (69).
2385 1123 2488 1176 Τόν
2516 1140 2575 1176 τε
2606 1122 2876 1176 λυποῦντα
2920 1122 2985 1175 δι’
3027 1122 3263 1191 ὑποψίας
3292 1119 3436 1193 εἶχεν
3462 1124 3495 1193 ἡ
3526 1124 3704 1189 πόλις,

2131 1216 2195 1267 ἐκ
2229 1214 2329 1283 τῆς
2368 1213 2496 1283 περ)¹
2530 1213 2631 1283 τὴν
2678 1212 3010 1265 κατάστασιν
3058 1212 3321 1282 ταραχῆς,
3363 1212 3439 1276 ὡς
3474 1213 3575 1265 οὐκ
3621 1213 3712 1266 ἐν·

2132 1324 2313 1375 νομον,
2354 1306 2473 1358 οὐδὲ
2525 1305 2820 1367 κανονικῶς
2872 1304 3089 1373 μᾶλλον,
3143 1304 3176 1374 ἢ
3225 1305 3559 1371 τυραννικῶς
3607 1306 3711 1375 τὴν

2134 1396 2468 1467 προστασίαν
2514 1396 2825 1466 δεξάμενον.
2884 1397 2994 1449 Καὶ
3034 1398 3288 1467 παρῆσαν
3335 1398 3442 1449 τῶν
3474 1398 3711 1451 δυτικῶν

2134 1488 2434 1559 ἀρχιερέων
2473 1488 2616 1551 τινὲς
2649 1489 2783 1558 (70),
2819 1488 3169 1559 μεθέλκοντες
3198 1490 3331 1559 πρὸς
3361 1491 3584 1553 ἑαυτοὺς
3610 1491 3714 1560 τῆς

2148 1577 2467 1648 Ἐκκλησίας
2495 1579 2616 1631 ὅσον
2638 1577 2937 1648 ὀρθόδοξον.

465 1691 531 1730 ac
564 1676 811 1730 ﬁduciam
847 1673 1332 1743 aﬂ'errepotnisset.
1393 1673 1614 1738 Deinde,
1671 1674 1763 1742 qui
1809 1673 2106 1728 molestiam
2148 1674 2248 1743 ipsi
2304 1674 2618 1738 exhibebat,
2668 1676 2739 1729 ob
2793 1688 2914 1727 eum
2947 1673 3231 1728 tumultum
3260 1713 3276 1740 ,
3318 1674 3493 1742 quiin
3532 1674 3713 1744 ipsius

464 1766 730 1820 electione
766 1766 1055 1829 acciderat,
1118 1765 1321 1819 civitati
1393 1773 1674 1832 suspectus
1699 1774 1837 1830 erat,
1892 1774 1951 1819 ut
2000 1765 2091 1833 qui
2131 1779 2235 1818 non
2296 1774 2403 1818 tam
2462 1764 2701 1835 legitime
2749 1773 2915 1834 atque
2977 1780 3043 1819 ex
3120 1779 3389 1820 canonum
3450 1769 3709 1832 praescri-

466 1865 583 1925 pto,
632 1871 791 1924 quam
842 1872 938 1925 per
1006 1856 1112 1909 vim
1165 1855 1544 1925 prtefecturam
1602 1856 1923 1925 accepisset.
2001 1857 2281 1913 Postremo
2362 1858 2590 1912 aderant
2659 1858 2891 1927 episcopi
2951 1858 3167 1926 quidam
3239 1874 3307 1913 ex
3370 1858 3714 1915 Occidente,

467 1949 556 2018 qui
610 1950 936 2004 orthodoxos
977 1965 1163 2006 omnes
1224 1950 1290 2003 ad
1348 1965 1472 2005 suas
1524 1961 1701 2020 partes
1756 1951 2154 2019 pertrahebant.

538 2040 726 2095 XXIX.
766 2041 904 2108 Quid
927 2043 1090 2112 igitur
1112 2046 1358 2114 egregius
1389 2044 1479 2099 ille
1509 2047 1609 2113 vir,
1634 2054 1689 2099 et
1717 2045 1924 2133 pacifici
1966 2045 2040 2100 di-

2210 2045 2339 2099 KB’.
2381 2046 2445 2099 Τί
2473 2041 2565 2099 οὖν
2589 2049 2617 2099 ὁ
2644 2047 2904 2115 γεννάδας
2936 2047 3161 2112 ἐκεῖνος,
3189 2047 3283 2101 καὶ
3310 2046 3404 2101 τοῦ
3436 2050 3718 2121 εἰρηνικοῦ

466 2132 709 2201 scipulus
735 2133 989 2203 ’7?(Nec
1041 2132 1184 2190 enim
1238 2137 1322 2201 iis,
1368 2137 1457 2206 qui
1508 2138 1830 2192 contumelia
1854 2132 2040 2205 ipsum

466 2222 779 2284 aﬂ‘ecerant.
802 2236 896 2279 aut
915 2226 1007 2295 qui
1035 2226 1135 2295 ipsi
1163 2226 1478 2290 studebant,
1503 2226 1767 2281 obluctari
1795 2236 2039 2296 poterat;

469 2330 569 2370 nec
587 2314 727 2370 illius
741 2324 858 2370 erat
883 2316 1162 2378 dimicare,
1186 2326 1278 2371 aut
1296 2317 1546 2371 Ecclesia:
1569 2332 1763 2386 corpus
1780 2317 2039 2384 lacerare,

469 2419 589 2471 qua:
622 2405 782 2458 etiam
811 2405 1008 2474 alioqui
1041 2407 1108 2459 ab
1150 2407 1438 2471 haereticis,
1467 2407 1557 2475 qui
1600 2416 1711 2460 tum
1748 2408 2043 2477 potentiam

470 2505 632 2563 atque
666 2495 950 2563 imperium
974 2497 1307 2563 obtinebant,
1340 2498 1772 2569 oppugnabatur,
1811 2511 1873 2552 ac
1899 2495 2045 2566 peri-

473 2588 656 2640 culose
679 2585 869 2639 aﬂ‘ecta
899 2587 1079 2656 erat.)
1116 2584 1289 2641 Simul
1348 2588 1510 2641 etiam
1556 2587 1711 2642 nobis
1752 2588 1853 2641 hac
1901 2586 1957 2641 in
1987 2603 2045 2644 re

472 2676 889 2740 consultoribus,
936 2692 997 2732 ac
1031 2679 1256 2732 sinceris
1290 2678 1648 2733 monitoribus
1673 2694 1822 2742 usus,
1860 2679 2045 2733 nobis-

474 2782 598 2820 cum
642 2766 769 2821 hinc
798 2768 852 2821 in
883 2765 1111 2822 Pontum
1138 2767 1391 2837 profugit,
1420 2784 1483 2822 ac
1506 2768 1719 2837 pietatis
1740 2770 2043 2839 gymnasia,

476 2873 595 2925 qua:
622 2858 733 2913 illic
762 2867 940 2925 erant,
990 2860 1333 2926 moderatur;
1366 2860 1614 2929 quodque
1649 2874 2044 2927 commemora-

478 2942 625 3004 tione
654 2951 873 3020 dignum
894 2959 1001 3014 est,
1027 2951 1141 3019 ipso
1171 2966 1288 3005 eum
1319 2950 1431 3004 Elia
1459 2959 1513 3004 et
1540 2949 1768 3015 Joanne,
1821 2952 2050 3006 summis

478 3041 834 3112 philosophis,
867 3042 1214 3098 solitudinem
1240 3042 1614 3109 amplectitur;
1651 3042 2050 3096 conducibilius

477 3136 533 3189 id
563 3134 665 3189 sibi
696 3148 815 3191 esse
857 3135 1195 3200 existimans,
1238 3150 1398 3204 quam
1452 3134 1508 3188 in
1546 3134 1800 3204 prmsenti
1835 3134 2051 3202 negotio

481 3226 857 3298 cogitationem
911 3226 1197 3295 quamdam
1234 3226 1567 3296 philosophia
1622 3240 1718 3280 sua
1775 3225 2051 3295 indignant

480 3318 776 3386 suscipere,
819 3331 884 3373 ac
913 3316 1120 3372 consilii
1174 3325 1228 3371 ct
1286 3317 1583 3386 prudentiae
1609 3314 1773 3387 794
1816 3315 2048 3379 clavum,

2146 2138 2393 2209 μαθητής
2420 2156 2433 2203 ;
2468 2138 2605 2192 Οὔτε
2628 2139 2736 2209 γὰρ
2760 2139 3078 2193 ἀντιτείνειν
3099 2135 3211 2210 εἶχε
3242 2141 3380 2210 πρὸς
3410 2144 3534 2203 τοὺς
3568 2144 3721 2214 ὑδρι-

2146 2228 2297 2291 στὰς,
2326 2228 2509 2297 ἢτοὺς
2537 2229 2891 2294 σπουδαστάς,
2927 2230 3047 2282 οὐδὲ
3076 2230 3212 2301 πρὸς
3241 2231 3406 2285 αὑτοῦ
3448 2233 3510 2285 τὸ
3542 2234 3720 2304 μάχε-

2146 2316 2288 2381 σθαι,
2325 2319 2357 2389 ἢ
2387 2319 2621 2390 διασπᾷν
2651 2319 2712 2372 τὸ
2737 2319 2895 2390 σῶμα
2914 2321 3013 2391 τῆς
3045 2321 3394 2393 Ἐκκλησίας,
3424 2325 3518 2375 καὶ
3539 2323 3721 2389 ἄλλως

2144 2408 2577 2480 πολεμουμένης,
2630 2411 2723 2464 καὶ
2775 2412 3056 2482 σφαλερῶς
3084 2413 3452 2484 διακειμένης,
3481 2416 3585 2467 ὑπὸ
3616 2417 3724 2486 τῆς

2145 2502 2267 2554 τότε
2305 2501 2406 2555 τῶν
2431 2502 2722 2572 αἱρετικῶν
2751 2502 3085 2567 δυναστείας.
3112 2505 3220 2558 Καὶ
3241 2504 3357 2575 ἅμα
3392 2505 3723 2577 συμϐούλοις

2147 2594 2276 2663 ἡμῖν
2303 2595 2432 2666 περὶ
2452 2593 2641 2647 τούτου
2671 2596 3016 2666 χρησάμενος
3053 2597 3145 2648 καὶ
3187 2598 3542 2667 παραινεταις
3583 2615 3726 2669 γνη-

2149 2684 2305 2750 σίοις,
2346 2685 2526 2754 φυγὰς
2551 2686 2759 2739 ἐνθένδε
2792 2687 2886 2739 σὺν
2920 2688 3050 2757 ἡμῖν
3078 2687 3214 2758 πρὸς
3257 2688 3349 2740 τὸν
3388 2689 3585 2743 Πόντον
3619 2708 3725 2760 με-

2148 2777 2412 2845 ταχωρεῖ,
2463 2776 2557 2828 xui.
2596 2777 2710 2837 τοῖς
2737 2776 2917 2827 ἐκεῖσε
2946 2774 3381 2845 φροντιστηρίοις
3408 2776 3719 2839 ἐπιστατεῖ,

2150 2866 2311 2930 αὐτὸς
2356 2866 2413 2919 δὲ
2461 2866 2572 2936 (71)
2605 2865 2839 2936 καθιστᾷ
2870 2883 2921 2918 τι
2982 2867 3201 2936 μνήμης
3238 2866 3387 2931 ἄξιον
3414 2906 3428 2929 ,
3475 2868 3568 2919 καὶ
3620 2870 3724 2939 τὴν

2151 2955 2355 3026 ἔρημον
2384 2956 2496 3025 (72)
2545 2955 2846 3019 ἀσπάζεται
2897 2956 3033 3026 μετὰ
3075 2956 3254 3008 Ἡλίου
3301 2957 3396 3009 καὶ
3434 2958 3721 3020 Ἰωάννου,

2150 3044 2258 3098 τῶν
2283 3045 2423 3099 πάνυ
2446 3044 2749 3113 φιλοσόφων
2771 3062 2784 3075 ’
2812 3045 2970 3097 τοῦτο
2998 3044 3294 3097 λυσιτελεῖν
3331 3046 3477 3116 αὐτῷ
3521 3046 3724 3116 μᾶλλον

2152 3135 2473 3206 ἡγούμενος,
2502 3136 2535 3206 ἡ
2563 3152 2617 3188 τι
2639 3135 2985 3205 διανοηθῆναι
3014 3136 3142 3205 περὶ
3178 3134 3287 3187 τῶν
3312 3136 3593 3205 παρόντων
3623 3137 3726 3204 τῆς

2154 3227 2347 3282 ἑαυτοῦ
2378 3228 2488 3297 (75)
2520 3226 2838 3295 φιλοσοφίας
2875 3227 3118 3291 ἀνάξιον,
3162 3227 3255 3280 κα)⁸
3281 3226 3612 3297 διαφθείρειν
3665 3228 3726 3279 ὲν

2154 3319 2289 3390 ζάλῃ
2321 3320 2417 3389 τὴν
2448 3321 2504 3371 ὲν
2529 3317 2733 3388 γαλήνῃ
2774 3319 2881 3371 τῶν
2905 3317 3182 3386 λογισμῶν
3203 3317 3549 3388 κυϐέρνησιν.
3582 3317 3723 3369 Καί-

481 3424 639 3478 quent
669 3409 720 3463 in
748 3409 1132 3480 tranquillitate
1160 3417 1432 3472 tenuerat,
1481 3408 1533 3461 in
1573 3416 1893 3475 tempestate
1930 3422 2045 3476 per-

2154 3426 2260 3480 περ
2314 3409 2370 3462 δὲ
2418 3409 2561 3463 οὕτω
2603 3409 2893 3480 φιλοσόφου
2943 3410 3037 3463 καὶ
3073 3409 3379 3480 θαυμασίας
3430 3408 3595 3479 οὔσης
3625 3410 3724 3478 τῆς

483 3501 634 3555 dere.
666 3498 921 3567 Quamvis
952 3511 1131 3556 autem
1160 3501 1293 3554 adeo
1314 3498 1679 3569 philosomtica
1724 3508 1778 3552 et
1827 3498 2053 3553 admira-

483 3590 608 3646 bilis
640 3590 780 3646 illius
814 3592 1048 3647 secessio
1099 3591 1279 3658 fuerit,
1311 3589 1739 3661 praestantiorem
1788 3598 1965 3643 tamen
1998 3599 2054 3645 et

487 3682 944 3737 admirabiliorem
989 3682 1157 3752 ipsius
1192 3682 1423 3736 reditum
1476 3680 1641 3734 fuisse
1698 3680 2051 3747 reperiemus.

488 3772 580 3827 Sic
607 3774 748 3827 enim
779 3788 837 3827 se
871 3774 1076 3827 habuit.

560 3862 732 3919 XXX.
762 3866 893 3918 Cum
928 3866 979 3918 in
1018 3864 1103 3919 bis
1129 3864 1321 3918 studiis
1348 3877 1713 3929 versaremur,
1747 3862 1944 3933 ingruit
1974 3878 2055 3917 su-

489 3955 603 4012 bito
631 3956 800 4009 nubes
825 3954 1103 4025 grandinis
1124 3954 1301 4023 plcna,
1336 3962 1389 4007 et
1410 3952 1634 4006 exitiose
1661 3952 1916 4019 stridens,
1939 3968 2057 4023 qua:

490 4047 707 4103 obtrivit
740 4046 1007 4101 Ecclesias
1039 4059 1251 4111 omnes,
1294 4044 1348 4098 in
1377 4058 1511 4113 quas
1556 4042 1774 4108 cecidit,
1810 4053 1866 4097 et
1894 4058 2056 4111 quas-

496 4153 706 4209 cunque
768 4139 990 4204 invasit;
1036 4140 1413 4207 imperatorcm
1438 4136 1576 4197 dico,
1624 4133 1739 4185 auri
1796 4136 2055 4187 amantis-

496 4230 693 4285 simum
724 4239 779 4285 et
831 4230 1031 4287 Christi
1091 4228 1543 4291 inimicissimum,
1601 4239 1662 4278 ac
1724 4222 1932 4279 duobus
1974 4224 2059 4279 his

568 4345 613 4378 ⁹⁷
645 4344 833 4398 Matth.
893 4360 970 4409 XI,
1016 4342 1107 4397 29.

2158 3504 2576 3574 ἀναχωρήσεως,
2608 3502 2841 3573 κρείττω
2879 3502 2973 3554 καὶ
3006 3500 3457 3571 θαυμασιωτέραν
3505 3501 3727 3572 εὑρήσο-

2163 3610 2260 3664 μεν
2289 3594 2388 3663 τὴν
2415 3592 2691 3647 ἐπάνοδον.
2720 3594 2883 3662 Ἔσχε
2911 3592 3019 3663 γὰρ
3040 3592 3211 3654 οὕτως
3236 3608 3252 3624 ⁸

2234 3862 2314 3916 Λ’.
2357 3861 2443 3914 Ἐν
2470 3859 2679 3923 τούτοις
2726 3859 2893 3913 ὅντων
2936 3860 3117 3931 ⁴ημῶν,
3154 3860 3411 3929 ἐξαίφνης
3444 3860 3725 3929 ἐφίσταται

2159 3952 2319 4022 νέφος
2368 3951 2609 4023 χαλάζης
2658 3953 2863 4023 πλῆρες
2906 3952 2999 4004 καὶ
3036 3951 3292 4021 τετριγὺς
3318 3951 3562 4021 ὀλέθριον
3589 3952 3726 4020 (74),

2162 4048 2344 4100 πᾶσαν
2373 4045 2633 4117 ὲκτρῖψαν
2677 4045 3027 4116 Ἐκκλησίαν,
3057 4045 3180 4097 καθ’
3212 4040 3279 4117 ἦς
3334 4045 3544 4115 ἐρράγη
3566 4085 3580 4102 .
3632 4043 3730 4097 καὶ

2162 4135 2294 4203 ὅσην
2337 4134 2568 4188 ἐπέλαϐε
2595 4153 2607 4165 ·
2661 4134 2911 4204 βασιλεὺς
2942 4136 2970 4187 ὁ
3015 4135 3485 4206 φιλοχρυσότατος,
3519 4135 3612 4187 καὶ
3641 4151 3730 4204 μι-

2166 4226 2597 4296 σοχριστότατος,
2626 4225 2835 4279 καὶδύο
2859 4225 2926 4278 τὰ
2944 4224 3175 4295 μέγιστα
3198 4225 3369 4279 ταῦτα
3395 4225 3507 4295 (75)
3536 4223 3727 4289 νοσῶν,

568 4471 1112 4545 (68)7Ὲπ’μάξίαις.
1162 4468 1402 4535 Quatuor
1461 4470 1658 4541 liegg.,
1715 4469 1880 4524 Coisl.
1927 4467 1963 4521 2
2009 4476 2061 4522 et
2094 4464 2417 4545 Dmemor‘ia
2476 4463 2688 4545 dignum
2709 4478 2775 4542 ;.!
2809 4461 3058 4545 scilicet,
3109 4472 3168 4516 ut
3213 4461 3728 4545 exponiti‘iicetas,

494 4540 670 4608 Pisa,
692 4544 780 4596 ἐπ’
805 4540 982 4606 ἀξίας-

572 4606 680 4683 (69)
726 4611 808 4677 Τῷ
838 4611 1195 4683 συστήματι.
1239 4607 1354 4683 Bill.
1382 4623 1395 4661 :
1428 4629 1445 4659 ι
1482 4610 1701 4683 (ἷριιοιιὶ
1725 4624 1852 4663 suat.
1877 4628 1911 4683 ιΔ
1934 4606 2064 4673 anc

499 4678 874 4752 interpretatio
908 4681 1212 4752 significare
1247 4679 1477 4752 videtur,
1513 4678 1765 4752 Basilinm
1797 4679 2063 4752 excitasse

504 4746 657 4806 hunc
692 4746 1000 4813 tnumltuni,
1049 4751 1115 4803 de
1146 4763 1251 4817 quo
1292 4749 1486 4817 agitur,
1520 4749 1672 4817 cuius
1709 4749 1820 4818 ipse
1852 4746 2064 4802 occasio

499 4826 757 4876 duntaxat
785 4819 976 4872 fuerat.
1606 4840 1627 4863 κ

572 4890 684 4959 (70)
735 4888 1076 4959 Ἀρχιερέωῖ
1114 4885 1290 4959 τιλὴές.
1324 4903 1343 4936 ι
1381 4885 1626 4959 Episcopi
1669 4886 1903 4959 quidam.
1939 4905 1957 4936 ι
1997 4883 2062 4959 lii

501 4955 897 5015 erant'anifer
924 4968 978 5010 et
1019 4956 1280 5009 Eusebius
1333 4955 1639 5022 apostolica:
1684 4956 1828 5009 sedis
1879 4955 2060 5023 legati,

502 5030 593 5099 qui
616 5027 1022 5099 ex_0ccidente,
1046 5026 1110 5080 ad
1149 5024 1548 5093 componendos
1577 5032 1772 5089 motus,
1808 5025 2066 5079 Ctesareze

506 5097 650 5153 missi
684 5097 912 5149 fuerant.

575 5167 687 5238 (7|)
727 5165 916 5230 Αὐτὸς
939 5165 1027 5238 δέ,
1054 5175 1156 5220 etc.
1193 5183 1212 5215 ‹
1242 5164 1358 5238 Ipse
1392 5160 1588 5238 aliquid
1621 5170 1836 5229 prastat
1862 5176 2064 5238 memo-

507 5231 624 5294 ratu
651 5231 887 5303 digmnn.
928 5254 947 5287 ι
979 5236 1184 5304 Quippe
1211 5231 1302 5305 qui
1336 5248 1440 5305 non
1475 5232 1645 5305 solum
1675 5231 1953 5305 monachis
1980 5246 2053 5285 re-

508 5307 660 5378 gulas
690 5301 1001 5378 tradiderat,
1032 5301 1311 5378 seti'ctiam
1347 5303 1458 5378 ipse
1498 5302 1659 5378 vitam
1716 5301 2062 5378 monasticam

510 5370 787 5444 amplexus
831 5375 1021 5428 fuerat.
1060 5373 1317 5439 Quamvis
1358 5370 1958 5444 limc_lectio__accurata
1986 5371 2067 5422 vi-

511 5441 719 5510 deatur,
752 5445 929 5514 plures
959 5454 1135 5498 tamen
1176 5445 1338 5513 licgg.
1370 5452 1423 5496 et
1448 5441 1599 5494 Colb.
1625 5441 1823 5514 aliique
1851 5442 2067 5514 optima:

514 5526 653 5569 nota:
689 5510 823 5569 hanc
850 5515 1070 5567 alteram
1099 5510 1378 5568 lectioiném
1417 5528 1523 5580 pra:
1552 5526 1608 5564 se
1640 5510 1856 5564 ferunt:
1886 5512 2068 5573 αὐτοῖς

509 5601 591 5647 τε,
623 5595 748 5646 etc.,
776 5599 935 5651 quam
955 5584 1232 5639 lectionem
1267 5584 1354 5651 qui
1387 5592 1598 5634 secutus
1628 5580 1807 5646 fuerit,
1842 5581 1917 5634 sic
1948 5581 2068 5637 red-

514 5658 644 5710 dere
675 5664 849 5723 pett-st
880 5673 893 5707 :
934 5675 951 5707 ι
989 5656 1158 5723 iisque
1188 5653 1505 5723 (monachis)
1542 5660 1757 5718 prmstat
1796 5651 2067 5719 quidpiam

2173 4535 2493 4587 monasticas
2533 4534 2675 4600 leges
2725 4531 3201 4600 ipsisinstituens:
3238 4534 3287 4585 in
3319 4535 3565 4587 asceticis
3595 4548 3733 4600 pne-

2172 4605 2376 4666 sertim,
2411 4616 2598 4671 qumia
2638 4599 2817 4654 Niceta
2861 4599 3058 4654 Basilio
3107 4601 3440 4667 tribuuntur,
3487 4599 3734 4671 quamvis

2170 4671 2501 4739 Nicephorns
2536 4670 2814 4739 Eustatghio
2856 4671 3117 4725 Sebastia:
3147 4672 3398 4738 episcopo
3437 4672 3657 4725 tribuat.

2217 4737 2352 4863 ί(72)
2395 4738 2678 4807 Ἔρημον.
2713 4737 2899 4795 Plures
2938 4739 3106 4809 Regg.
3141 4737 3196 4794 et
3233 4737 3407 4807 Culb.,
3441 4753 3567 4805 etc.,
3602 4742 3733 4811 ἐρη-

2235 4827 2318 4863 αν.

2172 4827 2318 4877 μιαν.

2242 4880 2352 4949 (75)
2396 4876 2508 4950 Τῆς
2534 4877 2769 4931 ἑαυτοῦ.
2806 4876 2897 4950 Sic
2922 4878 3087 4950 Regg.
3112 4896 3163 4943 a,
3192 4894 3242 4946 c,
3274 4882 3328 4945 d,
3362 4882 3454 4950 ph,
3487 4881 3735 4935 undecim

2169 4950 2322 5004 Coll).
2357 4959 2411 5002 ct
2432 4948 2582 5000 l'ass.
2617 4950 2772 5001 Deest
2804 4948 3074 5002 éau'coﬁiii
3106 4954 3193 5004 ed.

2267 5019 2352 5088 74)
2420 5017 2687 5085 Τετριγὸς
2723 5018 3012 5086 ὀλέθριον.
3050 5020 3274 5090 Schol.:
3316 5020 3527 5090 Οὐάλην
3554 5019 3733 5087 λέγει·

2179 5109 2197 5140 ι
2226 5089 2873 5159 Valentgmqsigmlicat.ir
2893 5090 3049 5143 Aliud
3083 5089 3265 5143 Schol.
3297 5109 3309 5141 :
3345 5089 3534 5144 Ἔνθεν
3558 5090 3735 5159 δῆλον,

2170 5161 2251 5212 ὅτι
2282 5153 2475 5229 οὑκῆν
2505 5157 2532 5209 ὁ
2566 5153 2715 5224 ἅγιος
2745 5158 3018 5229 Βασίλειος
3058 5160 3147 5211 ἐπὶ
3187 5160 3471 5212 Ἰουλιανοῦ
3519 5153 3741 5212 ἐπίσκοὲ

2173 5247 2288 5303 πος,
2327 5228 2461 5281 ἀλλὰ
2494 5228 2716 5303 μετά-τὸ
2745 5228 3058 5298 βασιλεῦσαι
3092 5230 3304 5302 Οὐάλην
3338 5231 3738 5303 προχειρίζεται

2170 5300 2497 5362 ἐπίσκοποςο
2538 5316 2556 5348 ι
2593 5298 2725 5370 llinc
2783 5312 2928 5367 patet
2970 5303 3221 5354 Basiliutn
3263 5298 3575 5370 episcopum
3631 5320 3736 5355 nun

2173 5369 2336 5423 fuisse
2370 5381 2607 5436 tempore
2628 5366 2854 5434 Juliani;
2892 5372 2984 5423 sed
3018 5366 3316 5439 postquam
3338 5366 3526 5426 Vale-ns
3562 5374 3735 5441 impe-

2175 5441 2309 5492 rium
2334 5442 2554 5509 adeptus
2580 5450 2680 5509 est,
2713 5449 2840 5494 tunc
2875 5443 3156 5509 cpiscopus
3185 5453 3395 5495 creatus
3427 5442 3543 5495 fuit.
3578 5460 3596 5492 ι

2244 5511 2353 5579 (73)
2399 5507 2606 5582 Ταῦτα.
2652 5507 2808 5563 Deest
2853 5507 2921 5565 ini
2952 5507 3120 5582 lieg‘g.
3153 5528 3204 5581 a,
3242 5526 3292 5576 c,
3322 5513 3376 5576 d,
3416 5511 3507 5581 pb.
3547 5526 3738 5568 novem

2174 5577 2322 5636 Colb.
2339 5577 2342 5579 ⁷
2359 5591 2409 5635 ct
2440 5577 2589 5632 Pass.
