4050 6298
247 253 354 312 557

1064 248 1324 305 ORATIO
1364 248 1547 307 XLIII.
1589 280 1656 290 —-
1694 248 1761 303 IN
1804 245 2085 303 LAUDEM
2128 248 2370 303 BASILII
2414 247 2648 303 MAG)".

3398 249 3503 306 538

243 359 555 432 ἀπληστίαν
589 360 685 413 καὶ
731 359 1116 430 βλασφημίανο
1167 361 1197 412 ὁ
1236 360 1377 430 μετὰ
1426 360 1520 413 τὸν
1573 359 1826 431 διώκτην,

1934 361 2272 428 gravissimis
2304 360 2533 424 morbis,
2562 359 2867 428 inexplebili
2897 360 3147 415 nimirum
3195 364 3418 419 avaritia
3449 376 3505 422 et

242 452 501 521 διὼκτης,
551 451 646 504 καὶ
683 450 822 520 μετὰ
868 450 960 502 τὸν
993 450 1327 521 ἀποστάτην,
1366 451 1467 503 ούκ
1513 450 1830 519 ἀποστάτης

245 545 367 614 μὲν,
402 543 557 595 οὐδὲν
582 542 638 594 δὲ
664 542 903 611 ἀμείνων
936 543 1283 609 Χριστιανοῖς
1310 582 1324 605 ,
1364 541 1562 612 μᾶλλον
1589 540 1646 592 δὲ
1694 541 1735 592 Χ
1746 557 1829 610 ρι-

242 634 480 687 στιανῶν
502 632 580 702 τῷ
605 632 979 702 εύσεὸεστάτῳ
995 631 1176 702 μέρει,
1205 633 1302 685 καὶ
1322 632 1714 703 καθαρωτάτῳ,
1738 631 1831 683 καὶ

241 727 599 794 προσκυνητῇ
627 724 729 792 τῆς
750 723 998 793 Τριάδος,
1030 726 1096 794 ἣν
1125 722 1191 793 δὴ
1222 723 1386 795 μόνην
1408 722 1686 776 εὐσέϐειαν
1716 720 1826 791 (76)

240 816 357 884 ἐγὼ
387 816 563 879 καλῶ,
595 816 689 867 καὶ
724 814 881 879 δόξαν
912 816 1196 885 σωτήριον.
1230 816 1303 869 Oti
1334 815 1442 885 γὰρ
1472 815 1701 884 θεότητα
1733 829 1830 867 τα·-

239 906 600 976 λαντεύομεν,
627 906 748 957 οὐδὲ
775 905 874 976 τὴν
909 906 1039 976 μίαν
1065 908 1159 959 καὶ
1192 907 1485 975 ἀπρόσιτον
1510 906 1671 974 φύσιν
1701 907 1831 958 ἁπο-

240 998 509 1068 ξενοῦμεν
539 999 761 1069 ἑαυτῆς,
786 983 1497 1069 ὲκφύλοιςάλλοτριότησιν,
1524 998 1644 1051 οὐδὲ
1672 996 1826 1067 κακῴ

237 1090 300 1143 τὸ
324 1089 500 1143 κακὸν
540 1088 770 1158 ἰώμεθα,
824 1089 921 1159 τὴν
969 1090 1127 1142 ἄθεον
1174 1089 1461 1143 Σαδελλίου
1518 1090 1827 1160 συναίρεσιν

239 1179 584 1249 ἀσεϐεστέρᾳ
636 1178 895 1248 διαιρέσει
957 1179 1051 1231 καὶ
1119 1182 1402 1249 κατατομῇ
1459 1177 1710 1242 λύοντες·
1760 1178 1826 1248 ἣν

243 1270 468 1339 Ἄρειος
506 1269 760 1338 νοσήσας,
797 1270 825 1321 ό
871 1269 968 1339 τῆς
1029 1270 1227 1338 μανίας
1280 1269 1566 1339 ἐπώνυμος
1597 1270 1734 1340 (77),
1766 1268 1826 1321 τὸ

238 1358 380 1411 πολὺ
413 1358 516 1427 τῆς
561 1359 887 1428 Ἐκκλησίας
934 1359 1162 1412 διέσεισε
1197 1362 1290 1413 καὶ
1323 1361 1624 1431 διέφθειρεν
1656 1378 1669 1394 ·
1701 1359 1824 1413 οὔτε

234 1453 332 1507 τὸν
370 1452 593 1522 Πατέρα
622 1453 879 1522 τιμήσας,
913 1454 1005 1506 καὶ
1035 1454 1307 1523 ἀτιμάσας
1329 1453 1397 1506 τὰ
1425 1452 1484 1517 ἐξ
1514 1452 1699 1519 αὐτοῦ,
1738 1453 1826 1508 διὰ

235 1544 350 1597 τῶν
380 1542 583 1595 ἀνίσων
615 1543 837 1613 βαθμῶν
887 1545 984 1614 τῆς
1033 1544 1314 1613 θεότητος.
1376 1545 1534 1597 Ἀλλά
1573 1546 1700 1614 μίαν
1728 1546 1824 1615 μὲν

235 1635 399 1699 δόξαν
433 1634 648 1705 Πατρὺς
677 1633 1039 1705 γινώσκομεν,
1062 1636 1161 1707 τὴν
1194 1636 1485 1706 όμοτιμίαν
1517 1636 1612 1688 τοῦ
1645 1638 1821 1690 Μονο-

1931 448 2289 516 blasphemia,
2344 447 2712 513 laborantem;
2764 449 2855 517 qui
2900 459 3022 517 post
3078 464 3501 522 persecutorem,

1930 546 2243 606 persecutor
2266 536 2492 599 exstitit,
2545 547 2667 604 post
2724 547 3063 606 apostatam,
3130 555 3232 594 non
3286 545 3501 610 quidem

1932 636 2201 703 apostata,
2227 627 2318 680 sed
2366 625 2534 679 nihilo
2569 635 2746 680 tamen
2790 628 2975 682 melior
3017 628 3360 697 Christianis,
3399 634 3502 697 vel,

1931 732 1987 775 ut
2017 724 2219 775 rectius
2248 720 2463 789 loquar,
2498 719 2930 774 Christianorum
2964 721 3218 791 piissimus
3243 732 3296 775 et
3324 726 3500 789 puris-

1930 813 2080 865 sima:
2117 810 2281 878 parti,
2326 825 2391 863 ac
2421 809 2708 864 Trinitatis
2733 811 2963 874 cnltrici,
2997 827 3154 879 quam
3179 815 3391 880 quidem
3415 828 3504 866 so-

1929 903 2034 956 lam
2069 902 2319 970 pietatem
2348 914 2411 953 ac
2444 899 2733 953 salutarem
2764 900 3063 954 doctrinam
3110 900 3334 969 appello.
3385 900 3499 955 Non

1928 993 2071 1046 enim
2110 991 2446 1044 divinitatem
2485 988 2629 1042 velut
2678 989 2744 1041 ad
2776 989 2963 1043 libram
2998 991 3366 1059 expendimus,
3401 1005 3499 1043 nec

1930 1096 2088 1134 unam
2119 1088 2174 1133 et
2200 1077 2627 1133 inaccessibilem
2660 1088 2905 1132 naturam
2936 1094 3029 1147 per
3063 1080 3266 1133 alit-nas
3292 1080 3500 1147 disiun-

1928 1172 2135 1224 ctiones
2162 1184 2191 1222 a
2225 1184 2284 1223 se
2317 1170 2433 1237 ipsa
2477 1182 2812 1237 separamus,
2846 1183 2944 1222 nec
2977 1168 3176 1221 malum
3213 1169 3352 1223 malo
3404 1186 3498 1225 cu-

1931 1274 2132 1323 ramus,
2166 1258 2383 1326 impiam
2436 1257 2660 1311 Sabellii
2719 1259 3138 1312 contractionem
3190 1274 3285 1327 per
3326 1275 3499 1330 magis

1924 1334 2146 1418 impiam
2181 1349 2496 1404 divisionem
2549 1357 2603 1401 et
2645 1351 2939 1404 sectionem
2972 1348 3357 1414 dissolventes;
3390 1367 3498 1419 quo

1928 1443 2117 1496 morbo
2144 1452 2424 1509 correptus
2460 1442 2567 1505 ille,
2604 1457 2633 1495 a
2659 1442 2840 1496 furore
2866 1443 3060 1496 nomen
3091 1443 3291 1496 habens
3313 1444 3496 1510 Arius,

1927 1549 2173 1603 magnam
2211 1532 2467 1587 Ecclesia:
2494 1542 2699 1601 partem
2731 1534 3004 1589 concussit
3042 1545 3095 1588 et
3135 1534 3495 1592 labefactavit.

1926 1624 2060 1677 Nam
2091 1639 2189 1678 nec
2212 1624 2423 1678 Patrem
2467 1625 2773 1689 honoravit,
2802 1635 2851 1680 et
2875 1641 2959 1690 ea,
2985 1640 3102 1694 quae
3124 1642 3189 1680 ex
3215 1627 3327 1694 ipso
3349 1640 3494 1690 sunt,

236 1724 433 1793 γενοῦς
460 1741 472 1753 ·
507 1700 637 1794 μίαν
664 1700 724 1777 δὲ
755 1700 1038 1796 Υἰοῦξτὴν
1076 1700 1171 1779 τοῦ
1200 1700 1536 1797 Πνεύματος.
1582 1727 1692 1780 Καὶ
1720 1727 1747 1779 ὃ
1772 1743 1824 1779 τι

1928 1714 2190 1767 dedeCure
2228 1712 2426 1777 all'ecit,
2475 1715 2597 1767 dum
2631 1715 2921 1784 inaequales
2959 1716 3253 1771 divinitatis
3300 1720 3498 1787 gradus

233 1810 303 1862 ἂν
334 1810 442 1862 τῶν
470 1810 640 1879 τριῶν
681 1812 832 1865 κάτω
865 1812 1077 1882 Θῶμεν,
1124 1813 1186 1865 τὸ
1228 1816 1335 1866 πᾶν
1365 1814 1645 1885 καθαιρεῖν
1671 1815 1823 1885 νομί-

233 1898 432 1969 ζῳενσ
472 1901 599 1971 τρία
638 1901 736 1971 μὲν
778 1906 900 1965 ταῖς
956 1904 1213 1973 ἰδιότησιν
1263 1904 1396 1975 (78),
1428 1905 1485 1957 ἒν
1515 1906 1572 1958 δὲ
1605 1908 1670 1975 τῇ
1699 1905 1817 1958 θεό-

230 2007 355 2061 τητι
388 1992 502 2061 (79)
536 1993 784 2056 σέϐοντες
808 1995 900 2046 καὶ
915 1994 1297 2061 γινώσκοντες.
1317 1992 1416 2048 Ὧν
1444 1996 1596 2049 οὐδὲν
1623 1996 1817 2049 ἐννοῶν

231 2085 465 2149 ἐκεῖνος,
492 2086 617 2140 οὐδὲ
658 2087 771 2141 άνω
797 2087 1013 2156 βλέπειν
1040 2089 1360 2159 δυνάμενος,
1413 2091 1529 2144 ἀλλ’
1578 2091 1682 2143 ὑπὸ
1709 2090 1816 2144 τῶν

231 2177 480 2245 ἀγόντων
538 2178 648 2249 (80)
699 2179 860 2231 αὐτὸν
906 2180 1369 2251 ταπεινούμενος,
1431 2181 1817 2234 συνταπεινοῦν

230 2268 536 2341 ἐτόλμησεν
555 2270 736 2340 ἑαυτῴ
766 2274 856 2324 καὶ
888 2272 1047 2339 φύσιν
1067 2272 1344 2342 θεότητος·
1378 2274 1471 2326 καὶ
1501 2274 1704 2344 κτίσμα
1734 2274 1818 2342 γί-

229 2374 381 2411 νεται
404 2360 662 2431 πονηρὸν,
700 2364 779 2424 εἰς
804 2361 1047 2416 δουλείαν
1072 2365 1324 2431 κατάγων
1349 2364 1447 2434 τὴν
1469 2364 1808 2428 δεσποτείαν,

232 2449 327 2499 καὶ
364 2453 504 2519 μετὰ
526 2451 624 2520 τῆς
663 2452 893 2517 κτίσεως
928 2454 1095 2518 τιθεὶς
1117 2454 1213 2525 τὴν
1236 2455 1487 2509 ἄκτιστον
1521 2455 1680 2509 φύσιν
1719 2456 1815 2509 καὶ

229 2538 590 2611 ὑπέρχρονον.

1928 1805 2147 1858 invexit.
2192 1803 2386 1858 Verum
2420 1820 2578 1857 unam
2619 1806 2831 1875 quidem
2887 1805 3062 1861 Patris
3110 1808 3332 1877 gloriam
3377 1824 3497 1863 esse

1925 1899 2303 1965 agnoscimus,
2346 1895 2617 1964 Unigeniti
2666 1898 3026 1965 a‘qualitatem
3057 1938 3072 1962 ,
3102 1915 3261 1952 unam
3315 1911 3494 1955 autem

1928 1987 2073 2050 Filii,
2100 1988 2334 2057 Spiritus
2373 1989 2543 2040 sancti
2572 1988 3014 2056 adu-quationem.
3048 1990 3124 2042 Ac
3162 1990 3204 2041 si
3240 1990 3365 2059 quid
3399 1992 3498 2045 h0-

1928 2095 2043 2132 rum
2074 2079 2235 2132 trium
2264 2078 2400 2131 infra
2430 2078 2781 2142 collocemus,
2813 2081 2886 2133 ita
2908 2080 3300 2145 existimamus,
3328 2091 3494 2137 totam

1920 2170 2292 2225 Trinitatema
2334 2170 2490 2224 nobis
2540 2170 2712 2224 everti
2744 2186 2807 2223 ac
2861 2172 3067 2237 deleri;
3125 2174 3222 2225 tria
3278 2174 3501 2241 quidem.

1915 2263 2089 2332 quoad
2118 2264 2495 2331 proprietates,
2536 2278 2699 2314 unum
2728 2273 2903 2316 autem
2932 2264 3106 2329 quoad
3139 2265 3501 2326 divinitatem,

1916 2364 2232 2409 venerantes
2277 2364 2331 2407 et
2377 2363 2753 2422 agnoscentes.
2783 2353 3017 2419 Quorum
3065 2371 3184 2408 cum
3229 2355 3317 2409 i-lle
3361 2356 3495 2409 nihil

1915 2448 2394 2509 animadverteret,
2432 2460 2529 2499 nec
2575 2460 2786 2499 sursum
2825 2461 3047 2500 cernere
3075 2456 3278 2515 posset,
3307 2462 3494 2500 verum

1915 2544 1982 2597 ab
2009 2542 2095 2606 iis,
2121 2539 2209 2610 qui
2234 2553 2353 2590 eum
2381 2537 2668 2597 ducebant,
2695 2538 3105 2606 deprimeretnr,
3129 2554 3307 2593 secum
3332 2539 3492 2593 etiam

229 2634 536 2688 divinitatis
556 2646 801 2688 naturam
828 2638 1127 2705 deprimere
1153 2654 1255 2694 non
1290 2640 1592 2705 dubitavit,
1620 2648 1782 2708 atque
1811 2637 2107 2707 improbam
2137 2641 2441 2703 creaturam
2477 2643 2535 2682 se
2579 2631 2826 2695 praebuit,
2858 2632 3275 2687 dominationem
3302 2649 3494 2704 nempe

227 2726 283 2782 in
319 2728 636 2780 servitutem
666 2729 973 2791 detrahens,
1006 2740 1361 2799 naturamque
1390 2732 1682 2785 increatam
1704 2741 1759 2786 et
1787 2741 2024 2799 tempore
2043 2724 2407 2780 sublimiorem
2427 2724 2569 2774 inter
2608 2736 2694 2775 res
2723 2732 2929 2775 creatas
2959 2726 3310 2780 constituens.

297 2817 427 2870 ΛΝ.
469 2817 528 2870 '0
552 2818 653 2887 μὲν
681 2814 774 2872 οὖν
803 2819 944 2873 οὕτω
972 2822 1204 2891 φρονῶν,
1244 2824 1340 2875 καὶ
1386 2823 1525 2893 μετὰ
1560 2823 1817 2896 τοιαύτης

1998 2818 2193 2874 XXXI.
2232 2816 2343 2879 Hoc
2376 2816 2463 2867 ille
2493 2816 2706 2883 quidem
2738 2814 2941 2879 animo,
2971 2825 3023 2869 et
3045 2817 3204 2886 795
3234 2834 3354 2871 cum
3396 2820 3494 2873 litt-

224 2906 362 2976 ἡμῖν
395 2908 777 2977 ἐπιστρατεύει
810 2910 909 2979 τῆς
939 2910 1214 2974 ἀσεϐείας.
1259 2913 1333 2964 Ού
1359 2912 1465 2983 γὰρ
1488 2913 1615 2966 ἄλλο
1666 2930 1740 2979 τι,
1777 2913 1810 2983 ἢ

231 2997 576 3080 βαρϐαρικὴν
632 2999 980 3071 καταδρομὴν
1023 3000 1180 3054 τοῦτο
1224 3002 1586 3073 ὑποληπτέον,
1617 3004 1812 3056 καθαι-

230 3090 450 3161 ροῦσαν,
479 3092 540 3143 ού
572 3091 749 3161 τείχη,
786 3093 878 3144 καὶ
913 3091 1115 3155 πόλεις,
1141 3094 1233 3146 καὶ
1259 3094 1455 3158 οίκίας,
1485 3093 1604 3147 οὐδέ
1632 3112 1684 3148 τι
1706 3094 1813 3147 τῶν

231 3181 444 3252 μικρῶν
482 3182 575 3234 καὶ
622 3184 1034 3253 χειροποιήτων,
1069 3184 1163 3236 καὶ
1191 3181 1343 3249 αὖθις
1377 3185 1809 3256 άνορθουμένων,

227 3271 363 3324 ἀλλὰ
394 3273 495 3334 τὰς
527 3272 705 3342 ψυχάς
735 3273 905 3335 αὐτάς
956 3275 1390 3344 κατασύρουσαν.
1435 3275 1812 3328 Συνεισϐάλλει

226 3362 280 3415 δὲ
312 3362 463 3433 αύτῷ
484 3365 578 3415 καὶ
603 3366 831 3436 στρατὸς
854 3365 1023 3431 ἄξιος,
1046 3367 1093 3419 οἱ
1129 3366 1288 3419 κακοὶ¹
1319 3365 1429 3418 τῶν
1468 3366 1809 3438 Ἐκκλησιῶν

228 3454 515 3523 ἡγεμόνες,
550 3456 600 3506 οἱ
631 3457 819 3525 πικροὶ
864 3456 1163 3527 τετράρχαι
1208 3456 1313 3526 τῆς
1354 3457 1445 3509 ὑπ’
1480 3457 1642 3509 αὐτὸν
1692 3456 1805 3528 (81)

228 3544 555 3613 οἰκουμένης
577 3561 590 3574 ·
622 3546 671 3596 οἳ
703 3545 763 3597 τὸ
794 3546 891 3614 μὲν
920 3547 1135 3615 ἔχοντες
1167 3548 1268 3617 ἤδη
1299 3546 1407 3598 τῶν
1452 3546 1805 3617 Ἐκκλησιῶν,

226 3630 302 3700 τῷ
331 3631 388 3683 δὲ
419 3632 853 3701 προσϐάλλοντες
883 3634 1024 3703 (89.),
1052 3634 1112 3686 τὸ
1144 3634 1199 3686 δὲ
1240 3634 1549 3697 ἐλπίζοντες
1598 3636 1659 3686 ἐκ
1708 3635 1807 3704 τῆς

225 3721 316 3774 τοῦ
349 3721 618 3791 βασιλέως
647 3724 822 3792 ῥοπῆς
850 3725 942 3776 καὶ
963 3725 1162 3795 χειρὸς,
1195 3727 1293 3797 τῆς
1316 3726 1415 3796 μὲν
1433 3725 1803 3796 ἐπειγομένης,

222 3809 320 3879 τῆς
346 3810 404 3862 δὲ
455 3812 565 3881 (85)
594 3813 992 3884 ἀπειλουμένης
1015 3855 1030 3879 ,
1085 3811 1218 3886 ἧκον
1272 3818 1366 3870 καὶ
1398 3817 1495 3887 τὴν
1529 3818 1806 3888 ἡμετέραν

223 3903 760 3973 καταστρεψόμενοι,
805 3905 979 3957 οὐδενὶ
1030 3906 1282 3962 τοσοῦτον
1322 3909 1543 3981 θαρρεῖν
1589 3909 1806 3979 ἔχοντες

222 3991 330 4043 τῶν
383 3993 659 4059 ἁπάντων,
693 3996 815 4049 ὅσον
848 3999 911 4067 τῇ
946 3996 1055 4049 τῶν
1098 4000 1509 4070 προειρημένων
1541 4000 1807 4072 μικροῲυ⁴

223 4083 334 4152 χίᾳ.
365 4083 462 4135 καὶ
486 4084 710 4155 ἀπειρία
736 4086 827 4137 τοῦ
849 4087 1147 4155 τηνικαῦτα
1180 4090 1333 4159 ἡμῶν
1362 4091 1800 4161 προεδρεύοντος,

1914 2911 2147 2984 jnsmodi
2180 2910 2472 2977 impietate,
2499 2908 2781 2959 adversum
2820 2922 2916 2961 nos
2949 2909 3341 2975 expeditionem
3372 2926 3492 2964 sns-

1915 3002 2066 3071 cipit.
2126 2999 2235 3053 Nec
2272 2998 2411 3052 enim
2449 2997 2592 3049 aliud
2622 2997 2873 3065 quiddam
2902 3011 2963 3049 ea
2997 3012 3080 3050 res
3132 2998 3493 3052 existimanda

1916 3103 2019 3159 est,
2058 3107 2217 3162 quam
2249 3089 2532 3143 barbarica
2576 3089 2835 3156 incursio,
2866 3105 2968 3159 non
3000 3105 3183 3142 muros
3216 3101 3487 3156 evertens,

1914 3203 2019 3241 non
2046 3187 2226 3248 urbes,
2268 3199 2372 3237 non
2413 3183 2625 3244 domos,
2677 3190 2769 3235 aut
2817 3181 2921 3234 alia
2953 3182 3197 3252 qtuedam
3231 3197 3391 3251 parva
3438 3192 3494 3237 et

1922 3294 2080 3331 manu
2115 3278 2275 3339 facta,
2308 3285 2361 3329 et
2389 3290 2507 3342 qua:
2565 3276 2777 3327 rursum
2814 3274 2958 3327 reﬁci
3001 3284 3160 3342 atque
3192 3275 3487 3327 instaurari

1912 3368 2137 3437 possint,
2164 3367 2491 3421 sedanimas
2523 3366 2666 3434 ipsas
2696 3366 3029 3420 disturbans.
3064 3366 3323 3434 Impetum
3351 3383 3489 3433 quo-

1913 3469 2019 3521 que
2050 3468 2149 3506 una
2183 3468 2302 3507 cum
2344 3468 2408 3506 eo
2427 3451 2552 3505 facit
2579 3452 2854 3505 exercitus
2884 3452 2995 3519 ipso
3015 3453 3227 3520 dignus,
3256 3455 3485 3521 improbi

1910 3542 2272 3597 Ecclesiarnm
2299 3542 2709 3612 gubernatores,
2736 3541 2859 3594 saevi
2879 3552 3039 3607 atque
3067 3542 3325 3595 immanes
3342 3543 3489 3598 orbis

1910 3636 2076 3700 illius,
2114 3635 2203 3704 qui
2254 3634 2429 3703 ipsius
2470 3634 2695 3702 imperio
2725 3644 2780 3689 et
2831 3635 3015 3687 ditioni
3050 3634 3322 3703 subjectus
3352 3645 3487 3699 erat,

1910 3728 2217 3781 tetrarchae.
2252 3725 2352 3791 Qui
2387 3742 2508 3779 cum
2543 3742 2604 3779 ex
2638 3726 2892 3779 Ecclesiis
2920 3726 3052 3778 alias
3076 3724 3184 3791 jam
3218 3737 3481 3791 tenerent,

1910 3819 2045 3873 alias
2078 3829 2471 3888 oppugnarent,
2530 3818 2663 3870 alias
2713 3816 2780 3869 ob
2834 3818 3173 3885 imperatoris
3205 3832 3358 3885 opem
3414 3832 3479 3870 ac

1906 3925 2145 3973 manum,
2169 3926 2288 3977 quae
2317 3910 2512 3977 partim
2555 3908 2930 3972 adhibebatur,
2957 3909 3150 3975 partim
3189 3909 3483 3961 denuntia-

1906 4000 2083 4065 batur,
2114 3999 2166 4051 in
2193 4009 2515 4068 potestatem
2570 4010 2825 4052 venturas
2875 4009 3179 4067 sperarent,
3222 4000 3325 4053 huc
3356 4015 3489 4067 quo-

1908 4105 2034 4160 que,
2068 4100 2122 4143 ut
2154 4101 2394 4144 nostram
2432 4092 2481 4143 in
2530 4091 2785 4144 ditionem
2827 4106 2976 4142 suam
3014 4092 3341 4159 redigerent,
3394 4106 3489 4145 ve-

214 4175 316 4225 -x1‘t
349 4176 463 4235 τοῖς
489 4175 545 4224 ἐν
579 4175 709 4243 ἡμῖν
750 4176 1197 4246 ἀρρωστήμασιν.
1254 4179 1310 4231 Ὀ
1361 4178 1460 4249 μὲν
1513 4175 1604 4232 οὖν
1656 4179 1804 4248 ἀγὼν

1917 4189 2129 4242 nerunt,
2189 4180 2329 4233 nulla
2375 4195 2431 4232 re
2467 4181 2687 4247 perinde
2724 4178 2844 4231 freti
2902 4188 3062 4246 atque
3126 4180 3364 4240 subnixi,
3430 4189 3487 4232 ut

222 4263 420 4327 πολύς·
456 4265 489 4334 ἡ
521 4264 577 4316 δὲ
603 4266 878 4335 προθυμία
911 4267 1019 4320 τῶν
1046 4268 1313 4322 πλείστων
1346 4272 1444 4322 οὐκ
1479 4271 1729 4341 ἀγεννὴς,
1768 4274 1801 4342 ἡ

219 4353 275 4406 δὲ
324 4355 631 4427 παράταξις
660 4355 910 4428 ἀσθενὴς,
936 4358 1033 4409 οὐκ
1058 4357 1254 4427 ἔχουσα
1282 4360 1368 4411 τὸν
1394 4360 1802 4431 προαγωνιστὴν

217 4678 251 4732 6
285 4608 400 4679 ('76)
440 4607 787 4662 Εὐσέϐειαν.
840 4607 929 4664 Sic
985 4611 1140 4667 codd.
1190 4611 1244 4665 ltt
1287 4610 1413 4667 Par.
1462 4615 1580 4676 etl.,
1633 4612 1790 4666 εὐσέ-

253 4697 381 4732 ειον.
886 4696 915 4709 *ν

253 4697 381 4732 ειον.
886 4696 915 4709 *⁷

288 4750 400 4823 (77)
455 4746 517 4799 '0
566 4748 700 4823 τῆς,
710 4749 929 4816 μανίας
963 4749 1292 4823 ἐπώνυμος.
1337 4749 1479 4823 εἶτα.
1512 4754 1603 4823 ph.
1640 4754 1668 4805 ὁ
1694 4752 1793 4823 τῆς

220 4818 471 4891 μαγείας.
504 4817 928 4891 etc.__t)h_servat
968 4819 1235 4891 Petavius,
1274 4817 1481 4875 tomall
1513 4817 1526 4821 ⁷
1549 4817 1794 4891 ΤΙιεοΙοά.

216 4889 417 4957 dogm.,
451 4902 570 4956 pag.
596 4887 688 4949 45,
721 4888 949 4941 Arianos
974 4890 1225 4956 peculiari
1276 4904 1403 4942 voce
1435 4887 1798 4945 Ariomanitas

215 4971 335 5031 esse
368 4958 563 5031 dictos,
612 4971 719 5031 quo
776 4958 992 5031 nomine
1039 4974 1132 5031 eos
1165 4960 1511 5029 appellandos
1556 4963 1798 5031 przecipit

215 5026 447 5099 epistola
479 5041 571 5078 sua
616 5025 1022 5099 Constantinus.
1065 5025 1308 5099 Gregorii
1358 5032 1519 5086 verba
1558 5025 1789 5099 profert,

213 5096 305 5169 qui
344 5094 532 5169 {\rium
586 5106 744 5169 vocat
800 5096 998 5164 μανίας
1050 5094 1358 5169 ἐπώνυμον,
1411 5118 1429 5150 t
1458 5118 1521 5154 eo
1548 5094 1729 5164 sensu,
1770 5120 1788 5152 ι

217 5163 392 5230 inquit
426 5164 695 5239 Petavius,
730 5163 884 5239 rnon
930 5172 1070 5233 quod
1108 5163 1324 5239 ’Ἄρειος
1354 5188 1382 5223 a
1431 5170 1599 5225 Marte
1632 5186 1793 5225 voca-

216 5244 388 5289 retur.
424 5244 480 5284 nt
510 5236 717 5299 putavit
751 5235 1035 5302 interpres.
1075 5256 1093 5286 ι

285 5302 728 5386 (78)“Τρίαιμὲν
759 5302 897 5386 ταῖς
923 5304 1194 5386 ὶδιότηοςι.
1230 5307 1339 5362 Sic.
1385 5310 1540 5386 codd.
1583 5308 1637 5361 In
1673 5310 1791 5386 ⁸ιδιά..

212 5369 337 5442 τρία
498 5369 756 5448 ἰδιώτησι.
801 5390 823 5448 t_
855 5373 988 5428 Tres
1024 5369 1235 5443 quidem
1278 5381 1453 5448 quoad
1501 5369 1794 5447 proprieta?

217 5440 381 5515 iis.)
431 5440 619 5515 Patris
648 5440 947 5515 proprietas
984 5440 1102 5515 est,
1157 5440 1309 5515 quod
1347 5451 1419 5502 sit
1476 5440 1788 5515 ingenitus;

216 5507 360 5571 Filii,
396 5512 539 5586 quod
577 5507 661 5564 sit
680 5507 892 5586 genitus
916 5507 1209 5586 ;_Spiritu's
1244 5519 1435 5581 sancti,
1462 5507 1601 5586 quod
1636 5537 1663 5570 ει
1697 5507 1791 5571 Pa;

217 5588 298 5657 tre
334 5588 388 5633 et
428 5579 565 5657 Filio
601 5579 875 5657 precedat:
933 5579 1101 5657 (ἓνιῇξοί
1148 5588 1389 5657 scribunt
1425 5579 1581 5657 τρία,
1623 5590 1792 5655 rcspi~

214 5648 421 5705 cientes
452 5649 521 5704 ad
549 5649 829 5719 πρόσωπα.
858 5650 1029 5706 Latini
1059 5668 1184 5709 vero
1214 5674 1233 5707 ι
1269 5656 1425 5722 'l‘res,
1459 5648 1481 5707 ἰ
1507 5648 1792 5728 respicien-

1910 4285 2117 4333 eorum,
2150 4270 2217 4323 de
2239 4271 2435 4337 quibus
2486 4269 2642 4337 paulo
2674 4279 2797 4321 ante
2831 4267 2993 4320 locuti
3027 4283 3236 4330 sutnus,
3294 4268 3483 4320 simul-

1914 4371 2042 4439 tate,
2079 4370 2241 4429 atque
2265 4361 2430 4424 illius,
2458 4361 2547 4427 qui
2588 4370 2695 4412 tum
2732 4359 2884 4411 nobis
2929 4357 3269 4426 praesidebat,
3322 4359 3487 4427 impe-

1898 4624 1977 4665 tes
2001 4611 2067 4664 ad
2092 4607 2590 4670 subsistentias,sen
2618 4620 2894 4674 personas.
2922 4605 3011 4661 Sic
3032 4605 3298 4672 Christus,
3323 4608 3481 4669 Joan,

1899 4698 1958 4747 κ,
1981 4682 2070 4746 50,
2113 4700 2131 4731 ‹
2167 4680 2277 4747 Ego
2304 4688 2357 4733 et
2386 4677 2548 4731 Pater
2575 4693 2737 4730 unum
2780 4691 2982 4729 sumus.
3024 4676 3133 4740 Ego
3159 4686 3209 4730 et
3249 4678 3426 4743 Pater,
3460 4703 3478 4733 ι

1902 4755 1991 4820 qui
2033 4766 2218 4803 sumus
2248 4750 2373 4809 duo,
2415 4748 2587 4816 quoad
2640 4762 2922 4809 personas,
2958 4765 2975 4797 ι
3012 4763 3174 4800 unum
3211 4764 3421 4813 sumus,
3460 4771 3480 4802 ι

1908 4819 2084 4890 Quoad
2114 4819 2469 4890 divinitatem.

1979 4891 2089 4959 (79)
2137 4888 2217 4957 Τῇ
2248 4890 2520 4959 ’θεότητπ
2559 4885 2650 4940 Sic
2686 4885 2922 4955 quinque
2979 4888 3182 4956 ttegg.,
3211 4885 3305 4941 0r.
3354 4894 3389 4941 2
3427 4899 3483 4944 et

1908 4958 2061 5014 Pass.
2094 4960 2248 5012 Deest
2277 4960 2341 5027 τῇ
2377 4958 2426 5009 in
2458 4958 2545 5011 ed.

1975 5029 2088 5099 (80)
2141 5025 2454 5097 Ἀγόντων.
2488 5045 2505 5075 ι
2537 5025 2641 5099 Qui
2680 5039 2799 5079 eum
2836 5025 3120 5099 ducebant.
3152 5045 3170 5076 ι
3203 5026 3485 5083 Daemones

1897 5095 2165 5166 intelligit,
2214 5095 2441 5166 quorum
2496 5095 2676 5167 afﬂatu
2712 5105 2906 5167 “atque
2942 5096 3243 5167 _instinctu,
3287 5098 3489 5167 impius

1894 5163 2145 5239 princeps
2177 5163 2456 5239 catholica)
2485 5165 2604 5239 fidei
2643 5163 2837 5239 bellum
2876 5164 3158 5239 ipferebat.

1968 5233 2099 5305 (81)
2130 5239 2259 5291 ’Υπ’
2290 5236 2493 5288 αὐτόν.
2529 5234 2702 5305 Pass.,
2737 5234 2827 5292 ὑπ’
2856 5233 3053 5288 αὐτῶν.

1969 5302 2079 5379 (8⁸2)
2108 5307 2209 5379 ,Τῷ
2252 5305 2319 5357 δὲ
2364 5304 2877 5379 προσϐάλλοντες.
2930 5305 3040 5379 Duo
3094 5305 3286 5379 ᾕρεκη
3340 5302 3478 5379 ραις,

1901 5374 2042 5437 Palu.
2072 5378 2130 5430 τὸ
2163 5378 2219 5430 δὲ
2250 5374 2696 5445 προσϐάλλοντες.
2728 5374 2939 5439 Coinb.,
2984 5374 3044 5429 τὸ
3092 5375 3148 5428 δὲ
3196 5374 3478 5444 προσλαμ-

1902 5450 2171 5503 ϐάνοντες.
3496 5480 3500 5503 τ

1972 5484 2240 5587 Si???”
2268 5514 2470 5587 ,ué'r..._
2496 5512 2604 5580 τῆς
2633 5514 2714 5587 δέ.
2762 5514 2927 5587 [ζςιςεζ.
2974 5530 3038 5587 ιι,
3072 5513 3219 5587 c,_tl,
3241 5511 3473 5587 _C|_irys.,

1900 5580 1991 5642 0r.
2026 5580 2391 5664 sietéggmrg
2418 5583 2581 5664 μὲν...
2622 5586 2733 5645 τοῖς
2769 5580 2906 5635 δέξᾶ
2940 5585 3069 5639 Aliis
3103 5584 3207 5637 vim
3239 5580 3475 5638 illi-elicu—

1903 5670 2030 5722 tem,
2062 5658 2179 5711 aliis
2216 5656 2385 5710 minas
2418 5656 2787 5708 intentantem.
2818 5673 2834 5704 ι
