4050 6298
533 288 637 348 839

1735 292 1794 349 s.
1837 254 2163 349 camena
2223 291 2568 349 TIIEOLOGI

3686 294 3794 355 540

535 410 684 474 ritia,
716 423 778 463 ac
807 408 1008 464 morbis
1038 408 1223 473 etiam,
1259 409 1351 478 qui
1387 410 1526 480 apud
1574 424 1671 464 nos
1705 411 2108 481 grassabantur.

2219 412 2309 465 καὶ
2339 410 2589 481 τεχνίτην
2617 410 2933 482 ύπέρμαχον
2965 412 3022 465 ὲν
3043 410 3268 482 δυνάμει
3316 409 3472 480 λόγου
3500 413 3594 466 καὶ
3623 415 3797 468 Ilvati-

534 500 791 571 Magnum
816 514 943 567 ergo
969 509 1248 554 certamen
1267 501 1600 570 propositum
1622 509 1737 555 erat
1761 519 1777 569 ;
1803 517 1906 557 non
1924 503 2111 572 ignava

530 603 713 647 tamen
761 592 1052 645 multorum
1104 592 1381 657 alacritas,
1416 593 1508 647 sed
1543 592 1753 647 infirma
1781 603 1901 648 erat
1945 595 2110 659 acies,

534 691 717 751 utpote
746 699 867 751 quae
921 696 1339 753 propugnatore,
1393 701 1456 740 ac
1508 686 1683 756 perito
1723 685 2005 741 defensore
2057 686 2110 739 in

534 777 804 829 sermonis
832 784 887 829 et
917 775 1149 844 Spiritus
1172 778 1371 832 virtute
1402 786 1634 835 careret.
1665 777 1804 843 Quid
1837 778 2000 847 igitur
2022 792 2111 846 ge-

533 880 734 919 nerosa
773 866 860 919 illa
895 875 946 921 et
978 868 1191 922 excelsa
1217 868 1424 932 anima,
1445 868 1755 938 Christique
1778 884 1962 923 amore
1984 883 2109 923 vere

533 959 757 1026 praedita
779 959 802 1012 ?
827 959 903 1012 Ne
935 959 1113 1014 multis
1142 961 1358 1030 quidem
1383 961 1723 1016 sermonibus
1746 961 1812 1015 ad
1844 961 1944 1015 hoc
1975 975 2110 1030 opus

535 1048 748 1115 habuit,
788 1058 847 1103 ut
878 1051 1034 1106 nobis
1073 1063 1269 1121 praesto
1304 1061 1469 1115 esset.
1506 1068 1570 1107 ac
1604 1053 1875 1122 suppetias
1911 1052 2108 1117 lerret;

2224 520 2410 573 ματος.
2461 501 2527 553 Τί
2582 498 2735 573 οὖνὴ
2791 504 3015 570 γενναία
3047 504 3142 558 καὶ
3198 504 3553 574 μεγαλόφρων
3609 507 3792 579 ἐκείνη

2216 592 2384 664 ψυχὴ,
2411 592 2505 645 καὶ
2532 592 2700 655 δντως
2729 592 3109 665 φιλόχριστος;
3162 593 3295 646 esse
3343 593 3551 647 πολλῶν
3598 594 3790 668 ἐδεήθη

2218 682 2391 749 λόγων
2427 682 2563 753 πρὸς
2588 682 2650 735 τὸ
2676 685 2930 753 παρεῖναι
2960 683 3053 735 καὶ
3100 684 3407 754 συμμαχεῖν
3429 700 3444 715 ·
3494 683 3609 736 ἀλλ’
3657 685 3793 755 ομοῦ

2217 790 2277 824 τε
2306 769 2445 825 εἶδεν
2490 774 2641 844 ἡμᾶς
2661 772 3065 843 πρεσϐεύοντας
3094 774 3313 846 (κοινὸς
3342 773 3451 845 γὰρ
3494 770 3563 846 ἦν
3591 776 3620 827 ὁ
3648 774 3798 843 ἀγὼν

2221 864 2548 935 ἀμφοτέροις
2578 866 2653 928 ὡς
2674 866 2768 918 τοῦ
2800 865 2960 935 λόγου
3001 866 3113 936 (84)
3146 865 3674 937 προϐεϐλημένοις),
3705 868 3800 919 καὶ

2218 957 2319 1027 τῆς
2340 957 2633 1026 πρεσϐείας
2656 958 2866 1029 ἡττήθη
2882 976 2894 988 ·
2914 959 3009 1011 καὶ
3035 957 3222 1011 διελὼν
3244 958 3440 1027 ἄριστα
3468 959 3597 1027 παρ’
3622 957 3800 1028 ἑαυτῷ

2221 1050 2316 1102 καὶ
2350 1049 2762 1119 φιλοσοφώτατα
2812 1052 2926 1113 τοῖς
2978 1049 3072 1103 τοῦ
3130 1049 3446 1121 Πνεύματος
3493 1050 3798 1119 λογισμοῖς,

536 1153 726 1193 verum
768 1142 928 1196 simul
960 1151 1121 1211 atque
1148 1158 1246 1197 nos
1309 1144 1630 1212 legationem
1689 1144 1949 1197 obeuntes
1979 1144 2116 1197 vidit

2220 1139 2378 1193 ἄλλον
2411 1141 2507 1211 μὲν
2533 1137 2670 1194 εἶναι
2698 1141 3056 1213 μικροψυχίας
3092 1142 3281 1213 καιρὸν
3311 1141 3463 1213 (είτι
3503 1142 3597 1195 καὶ
3626 1139 3803 1193 τοιού-

536 1231 688 1301 (erat
724 1234 867 1288 enim
925 1237 1141 1304 utrique
1170 1247 1413 1292 nostrum
1469 1250 1754 1291 commune
1806 1236 1907 1289 hoc
1942 1245 2117 1290 certa-

2219 1249 2302 1284 τον
2331 1233 2438 1285 ἔδει
2468 1221 2675 1285 παθεῖν
2708 1234 2798 1286 τὸν
2827 1235 2925 1304 τῆς
2981 1233 3182 1304 ἀδείας)
3205 1273 3219 1296 ,
3254 1234 3412 1287 ἄλλον
3434 1233 3491 1286 δὲ
3529 1232 3802 1304 μακροθυ-

539 1337 686 1386 men,
727 1334 786 1380 ut
812 1326 901 1395 qui
930 1326 1049 1381 fidei
1079 1340 1501 1399 propugnatores
1527 1327 1791 1395 designati
1814 1326 2114 1396 essemus),

2221 1323 2368 1394 μίας,
2401 1323 2492 1376 τδν
2516 1323 2618 1394 τῆς
2650 1324 2895 1394 ἀνάγκης
2914 1341 2926 1354 ·
2957 1325 3118 1388 εὐθὺς
3143 1324 3236 1378 τοῦ
3266 1325 3469 1378 Πόντου
3494 1325 3613 1394 μεθ’
3642 1324 3801 1395 ἡμῶν

536 1413 722 1466 statim
752 1413 1004 1483 legationi
1038 1418 1243 1482 cessit;
1289 1432 1352 1471 ac
1386 1416 1756 1487 spiritualibus
1817 1415 2117 1470 rationibus

2219 1415 2602 1481 ἀπανίσταται,
2638 1417 2731 1469 καὶ
2764 1416 3057 1487 ζηλοτυπεῖ
3094 1417 3193 1487 τὴν
3223 1417 3481 1486 ἀλήθειαν
3520 1414 3801 1469 κινδυνεύ-

539 1518 724 1558 seeum
760 1507 963 1574 optime
1001 1508 1512 1578 sapientissitneque
1562 1508 1922 1578 distinguens,
1976 1506 2117 1560 aliud

2219 1524 2412 1571 ουσαν,
2451 1508 2545 1561 καὶ
2581 1509 2791 1576 γίνεται
2827 1508 3111 1578 σύμμαχος
3138 1508 3438 1577 ἐθελοντὴς,
3468 1507 3562 1559 καὶ
3591 1509 3659 1576 τῇ
3690 1523 3798 1577 μη-

540 1596 836 1653 simultatis
874 1609 1083 1670 tempus
1116 1617 1236 1657 esse
1266 1602 1349 1671 (si
1380 1601 1506 1672 quid
1539 1602 1704 1656 etiam
1738 1600 2002 1671 ejusmodi
2034 1599 2117 1652 af-

2219 1598 2307 1667 τρὶ
2340 1597 2521 1667 φέρων
2546 1598 2737 1650 ἑαυτὸν
2772 1600 2839 1668 τῇ
2885 1597 3177 1668 Ἐκκλησία
3210 1597 3441 1651 δίδωσιν.

540 1686 702 1743 fectui
760 1690 1141 1760 indulgendum
1203 1692 1406 1763 esset),
1461 1708 1653 1762 nempe
1705 1691 2011 1748 securitatis
2065 1697 2118 1743 et
2195 1689 2631 1758 tranquillitatis;
2702 1688 2844 1742 aliud
2899 1699 3077 1742 autem
3128 1689 3550 1759 longanimitatis
3606 1704 3670 1740 ac
3704 1702 3803 1757 pa-

540 1779 761 1847 tientiae,
797 1798 989 1852 nempe
1020 1785 1359 1840 necessitatis
1385 1796 1437 1841 et
1478 1767 1838 1856 periculorum
1871 1794 2111 1855 tempus;
2153 1784 2535 1853 hoc,inquam,
2598 1795 2781 1836 secum
2843 1792 3136 1851 reputans,
3208 1780 3494 1835 confestim
3551 1796 3581 1834 e
3626 1777 3805 1835 Ponto

540 1872 819 1929 nobiscum
850 1878 1084 1941 excedit,
1128 1894 1191 1933 ac
1225 1894 1323 1948 pro
1356 1879 1695 1949 periclitante
1725 1879 1952 1934 veritate
2002 1877 2121 1933 zelo
2159 1877 2407 1941 adicitur,
2446 1876 2694 1945 ultroque
2757 1882 2812 1929 et
2872 1883 3063 1944 sponte
3091 1872 3209 1927 belli
3252 1874 3460 1929 socium
3488 1889 3546 1928 se
3573 1875 3800 1944 praebet,

542 1976 825 2035 totumque
856 1986 915 2027 se
940 1975 1095 2027 matri
1126 1973 1379 2029 Ecclesiae
1403 1974 1587 2029 tradit.

613 2060 826 2116 XXXII.
880 2063 949 2116 Λι
998 2062 1228 2131 fortasse
1283 2065 1536 2119 alacriter
1585 2065 1799 2133 quidem
1833 2067 1971 2120 hanc
2002 2081 2116 2121 rem

2291 2062 2412 2115 AB'.
2439 2057 2566 2131 ’Ἆρ’
2588 2056 2682 2113 οὖν
2712 2058 2821 2129 (85)
2851 2057 3206 2129 προεθυμήθη
3228 2058 3343 2128 μὲν
3374 2057 3566 2121 οὕτως,
3598 2059 3802 2128 ἠγώνιο

538 2153 795 2222 suscepit,
828 2168 1013 2209 verum
1045 2170 1410 2225 nequaquam,
1446 2164 1503 2209 ut
1531 2155 1617 2209 illa
1650 2158 1814 2210 animi
1841 2158 2117 2215 alacritate

2224 2171 2344 2207 σται
2374 2154 2429 2207 δὲ
2457 2154 2559 2224 τῆς
2586 2152 2894 2224 προθυμίας
2930 2152 3177 2217 ἔλαττον;
3228 2152 3260 2221 ἢ
3294 2150 3669 2220 διαγωνίζεται
3701 2154 3806 2224 μὲν

537 2242 758 2312 dignum
793 2254 929 2311 erat,
974 2246 1290 2300 dimicavit:
1348 2256 1441 2299 aut
1477 2257 1697 2302 strenue
1750 2248 1836 2302 ille
1892 2248 2111 2317 quidem

2220 2246 2507 2317 ἀνδρικῶς,
2558 2245 2619 2297 οὐ
2677 2243 2913 2307 συνετῶς
2959 2243 3116 2315 δέ;ἢ
3154 2244 3604 2313 πεπαιδευμένως
3664 2245 3804 2313 μὲν,

539 2332 842 2398 dimicavit,
868 2337 963 2389 sed
1001 2351 1107 2391 non
1143 2335 1387 2390 consulte
1432 2351 1496 2391 ac
1545 2336 1871 2406 prudenter:
1912 2348 2005 2390 aut
2045 2338 2117 2390 ita

537 2425 854 2494 prudenter,
886 2437 943 2480 ιιι
971 2436 1148 2481 tamen
1176 2428 1293 2482 sine
1315 2428 1554 2499 periculo
1590 2442 1603 2480 :
1646 2439 1738 2482 aut
1764 2430 1876 2483 haec
1901 2427 2117 2498 quidem

538 2519 717 2571 omnia
748 2519 1009 2588 perfecte,
1047 2534 1108 2574 ac
1144 2534 1304 2589 supra
1330 2535 1490 2590 quam
1533 2521 1633 2575 dici
1661 2530 1848 2589 queat,
1903 2519 2118 2588 praesti-

540 2604 627 2670 tit,
658 2615 914 2659 czeterum
952 2607 1003 2677 in
1027 2606 1170 2662 illius
1199 2607 1379 2662 animo
1422 2610 1626 2664 veteris
1653 2609 1944 2664 simultatis
1992 2610 2120 2663 reli-

544 2699 688 2766 quiae
716 2701 959 2768 quaedam
991 2700 1335 2755 residebant?
1366 2700 1586 2755 Minime
1618 2702 1878 2770 gentium.
1926 2699 2119 2756 Omnia

540 2790 740 2859 quippe
795 2790 955 2844 simul
1010 2799 1268 2860 praestat:
1324 2791 1638 2846 inimicitias
1688 2793 1926 2861 deponit,
1955 2793 2121 2864 796

544 2882 832 2936 consilium
864 2882 1049 2952 agitat,
1079 2883 1248 2937 aciem
1273 2882 1524 2951 instruit;
1556 2884 1811 2939 scandala
1864 2895 1919 2939 et
1950 2885 2118 2941 offen-

541 2972 746 3039 dicula,
773 2988 893 3041 qum
923 2974 973 3027 in
1014 2974 1190 3028 medio
1225 2983 1403 3039 erant,
1429 2988 1493 3028 ac
1521 2984 1713 3029 czetera
1751 2976 1957 3042 omnia,
1983 2991 2117 3045 quo-

540 3081 661 3120 rum
686 3066 901 3133 fiducia,
936 3066 1010 3120 illi
1042 3082 1140 3122 nos
1182 3066 1321 3122 bello
1368 3066 1718 3123 lacessendos
1772 3076 2115 3137 putaverant,

539 3156 840 3211 submovet.
864 3157 1013 3212 Alios
1040 3156 1284 3223 assumit,
1315 3156 1449 3211 alios
1480 3158 1694 3220 retinet,
1729 3158 1863 3212 alios
1897 3159 2118 3227 propni-

541 3258 649 3303 sat.
680 3249 814 3305 Aliis
842 3264 1029 3305 murus
1055 3250 1243 3304 firmus
1288 3258 1343 3305 et
1391 3249 1591 3304 vallum
1619 3250 1671 3281 "
1697 3248 1964 3318 efﬁcitur;
2000 3252 2121 3307 aliis

538 3340 749 3395 securis
796 3350 1006 3410 petram
1042 3340 1295 3395 scindens
1334 3342 1403 3405 ”,
1440 3351 1534 3393 aut
1581 3340 1719 3408 ignis
1776 3341 1828 3395 in
1878 3342 2044 3410 spinis
2077 3344 2117 3408 ί,
2161 3338 2173 3357 ⁸

2221 2336 2519 2399 ἀκινδύνως
2542 2336 2598 2388 δέ
2624 2352 2637 2401 ;
2669 2336 2701 2406 ἢ
2729 2335 2907 2389 πάντα
2944 2337 3040 2406 μὲν
3068 2335 3242 2389 ταῦτα
3281 2336 3501 2400 τελείως
3533 2338 3627 2389 καὶ
3659 2338 3806 2409 ὑπὲρ

2220 2428 2397 2496 λόγον,
2417 2426 2736 2480 ὑπελείπετο
2763 2426 2821 2479 δέ
2840 2443 2891 2479 τι
2907 2427 3007 2496 τῆς
3022 2426 3388 2498 μικροψυχίας
3417 2429 3472 2479 ὲν
3496 2428 3673 2499 ἐαυτῷ
3691 2428 3805 2500 (86)

2219 2516 2496 2586 λείψανονς
2534 2515 2819 2586 Οὐδαμῶς.
2860 2514 2998 2567 Ἀλλ’
3032 2514 3170 2586 ὁμοῦ
3203 2515 3273 2569 τὰ
3298 2516 3475 2570 πάντα
3496 2517 3806 2573 καταλλάτ-

2217 2627 2393 2673 τεται,
2426 2607 2756 2678 βουλεύεται,
2779 2608 3213 2678 παρατάττεται·
3237 2607 3352 2660 λύει
3377 2607 3447 2661 τὰ
3473 2609 3530 2661 ὲν
3548 2608 3627 2680 τῷ
3654 2610 3807 2680 μέσῳ

2222 2698 2406 2752 σκῶλα
2435 2697 2528 2750 καὶ
2559 2698 2984 2768 προσκόμματα,
3013 2697 3107 2751 καὶ
3133 2694 3217 2761 οἷς
3241 2699 3439 2751 ἐκεῖνοι
3473 2698 3807 2771 θαρροῦντες

2220 2790 2340 2844 καθ’
2369 2794 2401 2861 ἡ
2414 2790 2529 2861 μῶν
2554 2790 2990 2862 ἐστρατεύσαντο
3026 2790 3160 2860 (87).
3205 2791 3277 2843 Τὸ
3310 2792 3409 2862 μὲν
3450 2792 3810 2864 προσλαμϐάρ

2221 2901 2321 2947 νει,
2358 2882 2496 2936 τὸδὲ
2535 2884 2779 2954 κατέχει,
2810 2880 2875 2936 τὸ
2923 2884 2979 2937 δὲ
3001 2886 3389 2956 ἀποκρούεται.
3439 2887 3653 2939 Γίνεται
3688 2889 3807 2951 τοῖς

2223 2976 2323 3047 μὲν
2355 2979 2530 3047 τεῖχος
2551 2977 2746 3048 ὀχυρὸν
2780 2978 2873 3030 καὶ
2920 2977 3260 3049 χαράκωμα⁰
3311 2981 3425 3042 τοῖς
3469 2979 3525 3031 δὲ
3570 2979 3810 3043 πέλεκυς

2220 3070 2438 3122 κόπτων
2456 3070 2683 3139 πέτραν,
2709 3068 2742 3139 ἢ
2762 3068 2871 3139 πῦρ
2889 3071 2945 3122 ὲν
2967 3069 3251 3135 ἀκάνθαις,
3268 3071 3296 3123 ὅ
3323 3087 3484 3141 φησιν
3501 3073 3534 3141 η
3553 3071 3671 3124 θεία
3689 3071 3807 3142 (88)

2221 3161 2435 3233 Γραφὴ,
2506 3162 2701 3233 ῥᾳδίως
2763 3162 3052 3216 ἀναλίσκον
3108 3164 3233 3225 τοὺς
3291 3163 3663 3233 φρυγανώδεις
3708 3163 3809 3217 καὶ

2220 3253 2480 3323 ὑϐριστὰς
2513 3254 2613 3325 τῆς
2665 3254 2952 3325 Θεότητος.
3004 3254 3067 3307 Εἰ
3106 3254 3164 3307 δέ
3193 3273 3245 3307 τι
3301 3257 3394 3309 καὶ
3432 3256 3739 3326 Βαρνάϐας,
3777 3258 3809 3311 ὁ

2223 3346 2397 3401 ταῦτα
2444 3345 2621 3415 λέγων
2668 3348 2763 3400 καὶ
2814 3348 3060 3419 γράφων,
3122 3348 3324 3419 Παύλῳ
3372 3349 3803 3419 συνηγωνίσατο,

540 3442 601 3486 ιιι
636 3433 814 3486 divina
852 3432 1134 3501 Scriptura
1166 3432 1421 3501 loquitur,
1459 3432 1829 3487 sarmentitios
1852 3433 2117 3499 homines,

2226 3437 2424 3507 Παύλῳ
2452 3438 2613 3509 χάρις
2644 3438 2723 3508 τῷ
2762 3438 3127 3510 προελομένῳ,
3164 3440 3257 3493 καὶ
3289 3432 3547 3511 συνεργὸν
3571 3457 3805 3512 ποιησα-

538 3536 588 3581 et
623 3528 676 3580 in
709 3525 1047 3580 divinitatem
1107 3525 1550 3592 contumeliosos,
1601 3525 1759 3579 facile
1806 3528 2116 3581 absumens.

2231 3530 2377 3600 μένῳ
2405 3530 2498 3582 τού
2528 3530 2926 3601 ἀγωνίσματος.

539 3619 693 3686 Quod
732 3617 777 3672 si
812 3616 942 3687 quid
973 3615 1156 3670 auxilii
1178 3615 1478 3682 Barnabas,
1505 3615 1594 3685 qui
1628 3617 1742 3671 haec
1792 3616 2032 3686 loquitur
2094 3633 2157 3672 ac
2195 3622 2404 3687 scribit,
2449 3621 2616 3677 Paulo
2667 3623 2963 3678 decertanti
3017 3623 3161 3690 tulit,
3217 3622 3384 3679 Paulo
3436 3624 3679 3680 habenda
3719 3638 3808 3683 est

539 3707 733 3778 gratia,
766 3707 857 3774 qui
891 3705 1037 3759 illum
1064 3704 1227 3773 elegit
1251 3744 1266 3771 ,
1297 3718 1360 3758 ac
1380 3705 1693 3759 certaminis
1722 3705 1928 3760 socium
1957 3706 2222 3762 adhibuit.

608 3797 847 3852 XXXIII.
882 3798 1057 3867 Atque
1094 3796 1167 3849 illi
1192 3813 1320 3853 sane
1371 3799 1449 3855 sic
1483 3799 1698 3854 infectis
1730 3800 1886 3855 rebus
1912 3801 2117 3856 disces-

542 3897 752 3954 serunt,
783 3888 907 3942 mali
936 3888 1074 3942 male
1100 3896 1209 3941 tum
1235 3889 1467 3956 primum
1493 3892 1761 3961 pudefacti
1787 3902 1835 3946 et
1856 3894 2115 3962 superati,

540 3985 705 4045 atque
730 3975 902 4029 edocti
925 4014 939 4038 ,
968 3976 1131 4029 etiam
1171 3976 1214 4029 si
1246 3975 1381 4031 alios
1433 3994 1620 4034 onmes
1656 3980 1934 4047 homines,
1974 3983 2116 4052 Cap-

539 4070 771 4139 padoces
800 4077 981 4122 tamen
1028 4083 1133 4121 non
1171 4069 1242 4122 ita
1279 4079 1480 4127 temere
1528 4084 1874 4129 contemnere
1906 4092 1969 4130 ac
2019 4093 2116 4146 pro

538 4160 709 4214 nihilo
763 4169 984 4228 putare;
1048 4174 1287 4228 quorum
1339 4164 1473 4216 nihil
1527 4176 1632 4219 tam
1689 4168 1965 4236 proprium
2012 4177 2115 4234 est,

542 4268 706 4322 quam
739 4253 859 4307 lidei
918 4254 1167 4320 firmitas,
1227 4264 1389 4325 atque
1432 4272 1558 4328 erga
1616 4258 1933 4315 Trinitatem
1985 4261 2118 4318 tidcs

2297 3804 2419 3858 AI".
2451 3807 2513 3857 Οἱ
2541 3804 2641 3875 μὲν
2670 3801 2763 3858 οὖν
2786 3805 2957 3870 οὕτως
2980 3806 3219 3876 ἀπῆλθον
3249 3806 3540 3878 ἄπρακτοι,
3581 3809 3672 3861 καὶ
3712 3825 3807 3863 κα-

2225 3898 2309 3948 κοὶ
2338 3896 2523 3959 κακῶς
2552 3897 2910 3969 τότεπρῶτον
2945 3897 3322 3968 αἰσχυνθέντες
3347 3898 3799 3969 καὶὴττηθέντες,

2224 3989 2317 4039 καί
2345 3987 2607 4056 μαθόντες
2636 3988 2711 4058 μὴ
2745 3989 2942 4059 ῥᾳδίως
2982 3989 3365 4042 Καππαδοκῶν
3416 3994 3799 4060 καταφρονεῖν,

2223 4083 2270 4132 εί
2296 4082 2389 4132 καὶ
2424 4080 2639 4134 πάντων
2668 4080 2969 4150 ἀνθρώπων
2990 4098 3003 4112 ·
3031 4075 3105 4135 ὧν
3132 4082 3282 4136 οὐδὲν
3327 4082 3498 4146 οὕτως
3536 4084 3693 4147 ἴδιον,
3724 4085 3800 4146 ὼς

2215 4171 2275 4224 τὸ
2324 4171 2423 4240 τῆς
2476 4172 2712 4234 πίστεως
2747 4172 3008 4243 ἀρῤαγὲς,
3045 4174 3137 4225 καὶ
3181 4173 3316 4245 πρὸς
3345 4174 3442 4245 τὴν
3480 4174 3684 4245 Τριάδα
3714 4193 3801 4228 πι-

2217 4260 2340 4313 στὸν
2367 4260 2474 4331 (89)
2513 4262 2606 4313 καὶ
2637 4263 2857 4331 γνήσιον
2876 4279 2889 4292 ’
2920 4262 3050 4334 παρ’
3083 4257 3150 4334 ἦς
3194 4262 3289 4315 καὶ
3338 4262 3399 4315 τὸ
3431 4264 3673 4333 ἡνῶσθαι
3703 4266 3799 4317 καὶ

541 4346 814 4415 animique
845 4346 1166 4414 sinceritas;
1195 4347 1348 4415 cujus
1391 4350 1553 4405 etiam
1591 4352 1853 4407 beneficio
1886 4355 1987 4409 hoc
2020 4356 2115 4409 ha-

2219 4351 2277 4403 τὸ
2332 4351 2535 4421 ἰσχύειν
2574 4353 2759 4415 αὐτοῖς
2814 4352 2946 4423 (90),
3000 4352 3035 4405 δι
3088 4353 3339 4423 βοηθοῦσι
3390 4353 3797 4425 βοηθουμένοις,

539 4439 689 4504 bent,
718 4440 861 4509 quod
887 4440 1081 4494 animis
1112 4441 1383 4510 conjuncti
1424 4450 1573 4507 sunt,
1598 4452 1759 4511 atque
1803 4448 2114 4512 cencordes,

535 4533 851 4601 viribusque
875 4532 1094 4603 pollent,
1125 4533 1312 4586 eadem
1336 4533 1586 4588 videlicet
1616 4534 1837 4602 auxilia,
1883 4552 2000 4605 qua:
2036 4539 2115 4591 di-
2160 4536 2161 4539 “

538 4623 746 4677 vinitati
772 4624 972 4689 ferunt,
1009 4623 1355 4691 accipientes,
1392 4625 1520 4691 imo,
1564 4626 1730 4680 multo
1762 4627 1921 4681 etiam
1972 4643 2111 4696 pra:-

534 4717 798 4770 stantiora
861 4725 915 4770 et
980 4716 1241 4769 firmiora.
1308 4716 1618 4771 Proximum
1674 4728 1851 4775 autem
1910 4720 2111 4775 Basilio

2218 4442 2417 4513 μᾶλλον
2448 4444 2524 4507 δὲ,
2556 4442 2738 4512 πολλῷ
2771 4443 3022 4514 κρείττω,
3040 4447 3135 4499 καὶ
3173 4446 3517 4516 ἰσχυρότερα.
3545 4448 3636 4517 Τῷ
3663 4448 3719 4500 δέ
3747 4466 3799 4501 τι

2214 4535 2465 4606 δεύτερον
2492 4536 2651 4607 ἔργον
2690 4537 2781 4589 καὶ
2812 4537 3137 4608 σπούδασμα
3190 4539 3419 4608 γίνεται,
3472 4540 3799 4611 θεραπεύειν

2218 4625 2309 4679 τὸν
2339 4626 2622 4697 πρόεδρον,
2653 4626 2798 4680 λύειν
2824 4627 2921 4698 τὴν
2948 4630 3203 4698 ὑποψίαν,
3236 4632 3441 4686 πείθειν
3457 4635 3800 4703 (91)πάντας

2220 4718 2557 4790 ἀνθρώπους,
2590 4719 2664 4783 ὡς
2688 4720 2723 4773 ἃ.
2753 4721 2851 4790 μὲν
2879 4720 3167 4792 λελύπητο,
3199 4724 3364 4794 πεῖρά
3390 4743 3474 4788 τις
3499 4722 3568 4797 ἦν
3585 4727 3680 4779 τοῦ
3708 4745 3796 4780 πο-

535 4806 807 4874 negotium
856 4818 920 4858 ac
961 4804 1197 4859 studium
1250 4805 1353 4858 hoc
1417 4806 1534 4872 fuit,
1599 4810 1889 4864 antistitem
1937 4814 2113 4865 colere

2219 4811 2382 4880 νηροῦ
2433 4812 2528 4863 καὶ
2572 4812 2713 4883 πάλη
2766 4813 2877 4881 (92)
2926 4817 3047 4877 ταῖς
3085 4816 3163 4878 είς
3203 4816 3263 4867 τὸ
3307 4817 3468 4870 καλὸν
3516 4819 3797 4888 όμονοίαις

536 4907 699 4966 atque
725 4897 1036 4960 observare,
1073 4894 1434 4964 suspicionem
1463 4900 1828 4967 exstinguere,
1871 4904 2110 4957 mortali-

536 4990 638 5044 bus
663 4989 917 5043 omnibus
972 4988 1318 5058 persuadere,
1389 4990 1690 5044 molestiam
1751 5008 1869 5047 eam
1946 5010 2107 5050 uuam

2219 4902 2600 4973 βασκαίνοντος
2619 4920 2633 4934 ⁸

2678 4905 2840 4967 αὐτὸς
2864 4906 2921 4958 δὲ
2946 4906 3059 4976 ᾔδει
3094 4908 3290 4977 νόμους
3340 4909 3653 4974 εὐπειθείας
3700 4913 3795 4965 καὶ

2218 4998 2592 5067 πνευματικῆς
2621 4997 2845 5061 τάξεως.
2861 4998 2959 5051 Διά
2978 5001 3135 5052 τοῦτο
3156 5002 3332 5072 παρῆν
3353 5001 3485 5073 (95),
3515 5004 3786 5073 ὲσόφιζεν,

604 5144 652 5175 ’⁸
701 5141 897 5195 Jerem.
947 5159 984 5204 I,
1037 5142 1122 5195 IS.
1198 5144 1243 5173 ”
1275 5141 1477 5197 Jcrem.
1523 5159 1674 5211 χχιιι,
1704 5147 1794 5201 29.
1874 5149 1891 5179 ³
1922 5149 2061 5205 Psal.
2094 5165 2263 5214 cxvu,
2306 5150 2386 5204 I2.

607 5299 719 5374 (84)
771 5300 863 5367 Ὠς
893 5301 1009 5374 τοῦΔ
1031 5302 1236 5370 λόγου.
1268 5301 1323 5358 Id
1351 5311 1454 5369 est,
1484 5300 1584 5374 τῆς
1616 5305 1870 5372 πίστεως,
1891 5326 1907 5358 ι
1931 5309 2104 5371 fidei,»

534 5371 617 5425 vel
652 5389 669 5420 ι
706 5374 956 5424 doctrinm.
986 5371 1123 5426 fidei.
1160 5392 1178 5423 ι

606 5440 717 5509 (85)
750 5435 875 5517 'Ap‘_
906 5438 1041 5505 οὖν,
1079 5451 1183 5517 etc.
1234 5441 1324 5496 Sic
1377 5443 1428 5496 in
1475 5444 1743 5514 plerisque
1788 5448 1942 5501 codd.
1995 5463 2112 5517 quae

533 5521 832 5583 Sequuntur
864 5513 1298 5583 Interrogationis
1327 5513 1509 5567 notam
1548 5517 1861 5583 praeferunt.

608 5580 718 5653 (86)
764 5581 871 5653 (Ἑν
898 5581 1106 5653 ἑαυτῷ.
1144 5584 1235 5637 Sic
1270 5583 1436 5653 Itegg.
1479 5580 1611 5652 a,'c,
1641 5586 1792 5640 Pass.
1826 5599 1877 5641 et
1921 5586 2106 5643 Cotnh.

536 5644 593 5703 lu
614 5644 721 5721 ea;
758 5652 816 5703 ὲν
844 5652 1011 5721 αὐτῷ.

610 5719 719 5787 (87)
774 5719 1302 5790 Ἑστρίιτεύσαντο.
1337 5723 1509 5792 Passa,
1544 5727 1944 5795 ἐστρατεύοντο.

2289 5310 2397 5380 (88)
2439 5312 2593 5365 Θεία.
2625 5312 2783 5367 Deest
2815 5312 2864 5365 in
2897 5312 3024 5381 Reg.
3063 5314 3147 5367 bm
3179 5324 3231 5366 et
3257 5310 3348 5366 Or.
3381 5312 3433 5367 2.

2236 5392 2239 5393 ⁷
2289 5383 2398 5449 (89)
2439 5384 2679 5436 Πιστόν.
2713 5383 2841 5451 Reg.
2877 5385 2966 5451 ph,
2994 5383 3180 5436 πιστόν
3205 5401 3281 5435 τε.

2289 5454 2397 5523 (90)
2429 5452 2659 5518 Αὑτοῖς.
2702 5454 2832 5524 Reg.
2875 5454 2943 5520 ph
2977 5454 3143 5519 addit,
3180 5454 3431 5524 ὑπάρχει.

2289 5524 2398 5591 (91)
2437 5525 2688 5576 [Is/08w.
2721 5522 2887 5591 ltegg.
2927 5524 3012 5574 bm
3053 5533 3108 5576 ct
3146 5525 3234 5590 ph,
3274 5522 3480 5576 πείθειν
3504 5539 3585 5578 τε.

2290 5594 2399 5664 (92)
2441 5594 2625 5659 Iliun.
2665 5593 2850 5664 B_asil.,
2883 5592 3087 5664 ἀπάτη,
3120 5611 3138 5642 ι
3175 5593 3341 5647 fraus.
3375 5613 3392 5644 ν

2289 5661 2399 5737 (⁸³5)
2440 5664 2661 5732 Παρῆν.
2699 5661 2843 5730 833.,
2871 5661 3120 5733 παρῄνει,
3166 5683 3184 5714 ι
3218 5664 3552 5719 hortabatur.
3578 5679 3606 5719 ι

3054 5838 3117 5847 -.κ
