  <div class='ocr_page' id='page_1' title='image "/cluster/home/n/w/nwhite01/storage/ocr_20150623/36/hvd.32044024464877/296.png"; bbox 0 0 4050 6298; ppageno 0'>
   <div class='ocr_carea' id='block_1_1' title="bbox 169 276 341 343">
    <p class='ocr_par' dir='ltr' id='par_1_1' title="bbox 169 276 341 343">
     <span class='ocr_line' id='line_1_1' title="bbox 169 276 341 343; baseline -0.023 -10"><span class='ocrx_word' id='word_1_1' title='bbox 169 339 175 343; x_wconf 28' lang='grc' dir='ltr'>λ</span> <span class='ocrx_word' id='word_1_2' title='bbox 236 276 341 332; x_wconf 69' lang='grc' dir='ltr'><strong>σιι</strong></span> 
     </span>
    </p>
   </div>
   <div class='ocr_carea' id='block_1_2' title="bbox 1060 269 2644 329">
    <p class='ocr_par' dir='ltr' id='par_1_2' title="bbox 1060 269 2644 329">
     <span class='ocr_line' id='line_1_2' title="bbox 1060 269 2644 329; baseline -0.003 0"><span class='ocrx_word' id='word_1_3' title='bbox 1060 269 1318 329; x_wconf 75' lang='lat' dir='ltr'><strong>ORATIO</strong></span> <span class='ocrx_word' id='word_1_4' title='bbox 1355 270 1538 326; x_wconf 74' lang='lat' dir='ltr'><strong>XLI“.</strong></span> <span class='ocrx_word' id='word_1_5' title='bbox 1579 297 1650 312; x_wconf 80' lang='lat'><em>-</em></span> <span class='ocrx_word' id='word_1_6' title='bbox 1686 272 1753 326; x_wconf 79' lang='grc' dir='ltr'><strong>ΙΝ</strong></span> <span class='ocrx_word' id='word_1_7' title='bbox 1794 269 2079 329; x_wconf 82' lang='lat' dir='ltr'><strong>LAUDEM</strong></span> <span class='ocrx_word' id='word_1_8' title='bbox 2128 270 2369 327; x_wconf 74' lang='lat' dir='ltr'><strong>BASILII</strong></span> <span class='ocrx_word' id='word_1_9' title='bbox 2407 270 2644 327; x_wconf 67' lang='grc' dir='ltr'><strong>ΜΔΕ-Νι.</strong></span> 
     </span>
    </p>
   </div>
   <div class='ocr_carea' id='block_1_3' title="bbox 3392 277 3501 333">
    <p class='ocr_par' dir='ltr' id='par_1_3' title="bbox 3392 277 3501 333">
     <span class='ocr_line' id='line_1_3' title="bbox 3392 277 3501 333; baseline 0 0"><span class='ocrx_word' id='word_1_10' title='bbox 3392 277 3501 333; x_wconf 73' lang='grc'><strong>542</strong></span> 
     </span>
    </p>
   </div>
   <div class='ocr_carea' id='block_1_4' title="bbox 233 382 1821 458">
    <p class='ocr_par' dir='ltr' id='par_1_4' title="bbox 233 382 1821 457">
     <span class='ocr_line' id='line_1_4' title="bbox 233 382 1821 457; baseline -0.003 -16"><span class='ocrx_word' id='word_1_11' title='bbox 233 385 555 457; x_wconf 76' lang='grc' dir='ltr'>ὑπήκουεν,</span> <span class='ocrx_word' id='word_1_12' title='bbox 609 382 901 450; x_wconf 76' lang='grc' dir='ltr'><strong>ἐνουθέτει,</strong></span> <span class='ocrx_word' id='word_1_13' title='bbox 952 385 1130 441; x_wconf 87' lang='grc' dir='ltr'>πάντα</span> <span class='ocrx_word' id='word_1_14' title='bbox 1182 382 1253 457; x_wconf 74' lang='grc' dir='ltr'>ἦν</span> <span class='ocrx_word' id='word_1_15' title='bbox 1308 385 1477 456; x_wconf 79' lang='grc' dir='ltr'>αὐτῷ,</span> <span class='ocrx_word' id='word_1_16' title='bbox 1521 385 1821 456; x_wconf 75' lang='grc' dir='ltr'>σύμϐουλος</span> 
     </span>
    </p>
   </div>
   <div class='ocr_carea' id='block_1_5' title="bbox 1908 382 3504 458">
    <p class='ocr_par' dir='ltr' id='par_1_5' title="bbox 1928 386 3504 458">
     <span class='ocr_line' id='line_1_5' title="bbox 1928 386 3504 458; baseline 0.006 -21"><span class='ocrx_word' id='word_1_17' title='bbox 1928 395 2224 454; x_wconf 86' lang='lat' dir='ltr'><strong>acceperat,</strong></span> <span class='ocrx_word' id='word_1_18' title='bbox 2258 386 2601 441; x_wconf 88' lang='lat' dir='ltr'><strong>tentationem</strong></span> <span class='ocrx_word' id='word_1_19' title='bbox 2654 386 2940 455; x_wconf 81' lang='lat' dir='ltr'><strong>quamdam</strong></span> <span class='ocrx_word' id='word_1_20' title='bbox 2991 394 3045 440; x_wconf 91' lang='lat' dir='ltr'><strong>et</strong></span> <span class='ocrx_word' id='word_1_21' title='bbox 3095 386 3291 443; x_wconf 87' lang='lat' dir='ltr'><strong>luctatn</strong></span> <span class='ocrx_word' id='word_1_22' title='bbox 3351 392 3504 458; x_wconf 84' lang='lat' dir='ltr'><strong>pravi</strong></span> 
     </span>
    </p>
   </div>
   <div class='ocr_carea' id='block_1_6' title="bbox 232 475 1826 549">
    <p class='ocr_par' dir='ltr' id='par_1_6' title="bbox 232 475 1826 549">
     <span class='ocr_line' id='line_1_6' title="bbox 232 475 1826 549; baseline -0.003 -15"><span class='ocrx_word' id='word_1_23' title='bbox 232 479 464 548; x_wconf 80' lang='grc' dir='ltr'>ἀγαθὸς,</span> <span class='ocrx_word' id='word_1_24' title='bbox 498 476 854 549; x_wconf 77' lang='grc' dir='ltr'><strong>παραστάτης</strong></span> <span class='ocrx_word' id='word_1_25' title='bbox 878 476 1067 542; x_wconf 74' lang='grc' dir='ltr'>δεξιὸς,</span> <span class='ocrx_word' id='word_1_26' title='bbox 1084 476 1192 529; x_wconf 86' lang='grc' dir='ltr'><strong>τῶν</strong></span> <span class='ocrx_word' id='word_1_27' title='bbox 1216 477 1375 529; x_wconf 72' lang='grc' dir='ltr'>θείων</span> <span class='ocrx_word' id='word_1_28' title='bbox 1403 476 1694 546; x_wconf 81' lang='grc' dir='ltr'>ἐξηγητὴς,</span> <span class='ocrx_word' id='word_1_29' title='bbox 1717 475 1826 529; x_wconf 82' lang='grc' dir='ltr'><strong>τῶν</strong></span> 
     </span>
    </p>
   </div>
   <div class='ocr_carea' id='block_1_7' title="bbox 1929 475 3508 542">
    <p class='ocr_par' dir='ltr' id='par_1_7' title="bbox 1929 475 3508 542">
     <span class='ocr_line' id='line_1_7' title="bbox 1929 475 3508 542; baseline 0.004 -14"><span class='ocrx_word' id='word_1_30' title='bbox 1929 475 2069 530; x_wconf 90' lang='lat' dir='ltr'><strong>illius</strong></span> <span class='ocrx_word' id='word_1_31' title='bbox 2089 475 2274 542; x_wconf 81' lang='lat' dir='ltr'><strong>fuisse,</strong></span> <span class='ocrx_word' id='word_1_32' title='bbox 2300 478 2537 531; x_wconf 68' lang='lat' dir='ltr'><strong>honesta:</strong></span> <span class='ocrx_word' id='word_1_33' title='bbox 2561 493 2626 532; x_wconf 92' lang='lat' dir='ltr'><strong>ac</strong></span> <span class='ocrx_word' id='word_1_34' title='bbox 2650 477 2901 531; x_wconf 73' lang='lat' dir='ltr'><strong>laudabili</strong></span> <span class='ocrx_word' id='word_1_35' title='bbox 2925 480 3230 533; x_wconf 65' lang='lat' dir='ltr'><strong>concordiae</strong></span> <span class='ocrx_word' id='word_1_36' title='bbox 3256 479 3508 535; x_wconf 82' lang='lat' dir='ltr'><strong>inviden-</strong></span> 
     </span>
    </p>
   </div>
   <div class='ocr_carea' id='block_1_8' title="bbox 236 566 1821 638">
    <p class='ocr_par' dir='ltr' id='par_1_8' title="bbox 236 566 1821 637">
     <span class='ocr_line' id='line_1_8' title="bbox 236 566 1821 637; baseline -0.002 -17"><span class='ocrx_word' id='word_1_37' title='bbox 236 567 531 636; x_wconf 76' lang='grc' dir='ltr'><strong>πρακτέων</strong></span> <span class='ocrx_word' id='word_1_38' title='bbox 558 566 879 637; x_wconf 78' lang='grc' dir='ltr'><strong>καθηγητὴς</strong></span> <span class='ocrx_word' id='word_1_39' title='bbox 900 566 1034 637; x_wconf 68' lang='grc'>(94),</span> <span class='ocrx_word' id='word_1_40' title='bbox 1066 567 1251 636; x_wconf 79' lang='grc' dir='ltr'>γήρως</span> <span class='ocrx_word' id='word_1_41' title='bbox 1276 566 1566 637; x_wconf 83' lang='grc' dir='ltr'><strong>βακτηρία,</strong></span> <span class='ocrx_word' id='word_1_42' title='bbox 1593 566 1821 629; x_wconf 83' lang='grc' dir='ltr'>πίστεως</span> 
     </span>
    </p>
   </div>
   <div class='ocr_carea' id='block_1_9' title="bbox 1908 566 3508 638">
    <p class='ocr_par' dir='ltr' id='par_1_9' title="bbox 1930 568 3508 638">
     <span class='ocr_line' id='line_1_9' title="bbox 1930 568 3508 638; baseline 0.004 -17"><span class='ocrx_word' id='word_1_43' title='bbox 1930 568 2032 633; x_wconf 90' lang='lat' dir='ltr'><strong>tis;</strong></span> <span class='ocrx_word' id='word_1_44' title='bbox 2069 577 2321 622; x_wconf 64' lang='lat' dir='ltr'><strong>cauerunt</strong></span> <span class='ocrx_word' id='word_1_45' title='bbox 2359 585 2462 622; x_wconf 88' lang='lat' dir='ltr'><strong>non</strong></span> <span class='ocrx_word' id='word_1_46' title='bbox 2488 569 2733 638; x_wconf 85' lang='lat' dir='ltr'><strong>ignarum</strong></span> <span class='ocrx_word' id='word_1_47' title='bbox 2767 585 2825 624; x_wconf 89' lang='lat' dir='ltr'><strong>se</strong></span> <span class='ocrx_word' id='word_1_48' title='bbox 2851 584 2992 631; x_wconf 86' lang='lat' dir='ltr'><strong>esse,</strong></span> <span class='ocrx_word' id='word_1_49' title='bbox 3035 570 3160 638; x_wconf 87' lang='lat' dir='ltr'><strong>quid</strong></span> <span class='ocrx_word' id='word_1_50' title='bbox 3187 570 3508 628; x_wconf 66' lang='lat' dir='ltr'><strong>obedietttiaa</strong></span> 
     </span>
    </p>
   </div>
   <div class='ocr_carea' id='block_1_10' title="bbox 230 657 1825 729">
    <p class='ocr_par' dir='ltr' id='par_1_10' title="bbox 230 657 1825 729">
     <span class='ocr_line' id='line_1_10' title="bbox 230 657 1825 729; baseline -0.001 -18"><span class='ocrx_word' id='word_1_51' title='bbox 230 658 493 729; x_wconf 69' lang='grc' dir='ltr'>ἔρεισμα,</span> <span class='ocrx_word' id='word_1_52' title='bbox 526 657 635 711; x_wconf 86' lang='grc' dir='ltr'>τῶν</span> <span class='ocrx_word' id='word_1_53' title='bbox 659 658 805 710; x_wconf 77' lang='grc' dir='ltr'>ἔνδον</span> <span class='ocrx_word' id='word_1_54' title='bbox 825 659 854 709; x_wconf 83' lang='grc' dir='ltr'>ὁ</span> <span class='ocrx_word' id='word_1_55' title='bbox 888 660 1209 720; x_wconf 85' lang='grc' dir='ltr'>πιστότατος</span> <span class='ocrx_word' id='word_1_56' title='bbox 1234 696 1249 721; x_wconf 94' lang='grc'><strong>,</strong></span> <span class='ocrx_word' id='word_1_57' title='bbox 1289 657 1397 711; x_wconf 84' lang='grc' dir='ltr'><strong>τῶν</strong></span> <span class='ocrx_word' id='word_1_58' title='bbox 1429 658 1585 720; x_wconf 83' lang='grc' dir='ltr'>ἐκτὸς</span> <span class='ocrx_word' id='word_1_59' title='bbox 1612 660 1639 710; x_wconf 89' lang='grc' dir='ltr'>ὁ</span> <span class='ocrx_word' id='word_1_60' title='bbox 1682 676 1825 729; x_wconf 85' lang='grc' dir='ltr'>πρα-</span> 
     </span>
    </p>
   </div>
   <div class='ocr_carea' id='block_1_11' title="bbox 229 748 1823 818">
    <p class='ocr_par' dir='ltr' id='par_1_11' title="bbox 229 748 1823 818">
     <span class='ocr_line' id='line_1_11' title="bbox 229 748 1823 818; baseline -0.001 -14"><span class='ocrx_word' id='word_1_61' title='bbox 229 748 578 811; x_wconf 79' lang='grc' dir='ltr'>κτικώτατος</span> <span class='ocrx_word' id='word_1_62' title='bbox 599 765 615 780; x_wconf 78' lang='grc' dir='ltr'><strong>ο</strong></span> <span class='ocrx_word' id='word_1_63' title='bbox 652 749 733 801; x_wconf 80' lang='grc' dir='ltr'><strong>ἐνὶ</strong></span> <span class='ocrx_word' id='word_1_64' title='bbox 764 748 928 818; x_wconf 86' lang='grc' dir='ltr'>λόγῳ,</span> <span class='ocrx_word' id='word_1_65' title='bbox 955 748 1206 812; x_wconf 81' lang='grc' dir='ltr'>τοσοῦτος</span> <span class='ocrx_word' id='word_1_66' title='bbox 1238 751 1319 811; x_wconf 87' lang='grc' dir='ltr'><strong>είς</strong></span> <span class='ocrx_word' id='word_1_67' title='bbox 1340 748 1571 813; x_wconf 71' lang='grc' dir='ltr'>εὔνοιαν,</span> <span class='ocrx_word' id='word_1_68' title='bbox 1604 751 1728 813; x_wconf 82' lang='grc' dir='ltr'>ὅσος</span> <span class='ocrx_word' id='word_1_69' title='bbox 1746 752 1823 811; x_wconf 84' lang='grc' dir='ltr'>εἰς</span> 
     </span>
    </p>
   </div>
   <div class='ocr_carea' id='block_1_12' title="bbox 229 841 1821 915">
    <p class='ocr_par' dir='ltr' id='par_1_12' title="bbox 229 841 1821 915">
     <span class='ocr_line' id='line_1_12' title="bbox 229 841 1821 915; baseline 0 -19"><span class='ocrx_word' id='word_1_70' title='bbox 229 844 442 914; x_wconf 68' lang='grc' dir='ltr'>ἔχθραν</span> <span class='ocrx_word' id='word_1_71' title='bbox 470 843 531 895; x_wconf 83' lang='grc' dir='ltr'><strong>τὸ</strong></span> <span class='ocrx_word' id='word_1_72' title='bbox 548 843 677 915; x_wconf 75' lang='grc' dir='ltr'>πρὶν</span> <span class='ocrx_word' id='word_1_73' title='bbox 704 841 1003 912; x_wconf 77' lang='grc' dir='ltr'>ἐνομίζετο.</span> <span class='ocrx_word' id='word_1_74' title='bbox 1036 842 1314 896; x_wconf 83' lang='grc' dir='ltr'><strong>Ἐντεῦθεν</strong></span> <span class='ocrx_word' id='word_1_75' title='bbox 1336 842 1484 912; x_wconf 82' lang='grc' dir='ltr'>αὐτῷ</span> <span class='ocrx_word' id='word_1_76' title='bbox 1501 843 1821 914; x_wconf 78' lang='grc' dir='ltr'>περιῆν(9ὄ)</span> 
     </span>
    </p>
   </div>
   <div class='ocr_carea' id='block_1_13' title="bbox 230 932 1822 1003">
    <p class='ocr_par' dir='ltr' id='par_1_13' title="bbox 230 932 1822 1003">
     <span class='ocr_line' id='line_1_13' title="bbox 230 932 1822 1003; baseline -0.003 -16"><span class='ocrx_word' id='word_1_77' title='bbox 230 935 331 987; x_wconf 77' lang='grc' dir='ltr'><strong>καὶ</strong></span> <span class='ocrx_word' id='word_1_78' title='bbox 361 934 427 986; x_wconf 79' lang='grc' dir='ltr'><strong>τὸ</strong></span> <span class='ocrx_word' id='word_1_79' title='bbox 460 934 660 1003; x_wconf 83' lang='grc' dir='ltr'>κράτος</span> <span class='ocrx_word' id='word_1_80' title='bbox 685 933 787 1001; x_wconf 80' lang='grc' dir='ltr'><strong>τῆς</strong></span> <span class='ocrx_word' id='word_1_81' title='bbox 823 932 1172 1002; x_wconf 88' lang='grc' dir='ltr'>Ἑκκλησίας,</span> <span class='ocrx_word' id='word_1_82' title='bbox 1210 933 1259 984; x_wconf 85' lang='grc' dir='ltr'><strong>εί</strong></span> <span class='ocrx_word' id='word_1_83' title='bbox 1307 932 1521 1001; x_wconf 76' lang='grc' dir='ltr'>καὶτῆς</span> <span class='ocrx_word' id='word_1_84' title='bbox 1555 932 1822 1001; x_wconf 80' lang='grc' dir='ltr'>καθέδρας</span> 
     </span>
    </p>
   </div>
   <div class='ocr_carea' id='block_1_14' title="bbox 226 1021 1822 1094">
    <p class='ocr_par' dir='ltr' id='par_1_14' title="bbox 226 1021 1822 1094">
     <span class='ocr_line' id='line_1_14' title="bbox 226 1021 1822 1094; baseline -0.002 -16"><span class='ocrx_word' id='word_1_85' title='bbox 226 1022 346 1094; x_wconf 81' lang='grc' dir='ltr'>εἶχε</span> <span class='ocrx_word' id='word_1_86' title='bbox 370 1024 441 1077; x_wconf 82' lang='grc' dir='ltr'>τὰ</span> <span class='ocrx_word' id='word_1_87' title='bbox 467 1024 717 1094; x_wconf 87' lang='grc' dir='ltr'>δεύτερα.</span> <span class='ocrx_word' id='word_1_88' title='bbox 748 1024 860 1094; x_wconf 81' lang='grc' dir='ltr'><strong>Τὴν</strong></span> <span class='ocrx_word' id='word_1_89' title='bbox 890 1022 999 1093; x_wconf 82' lang='grc' dir='ltr'>γὰρ</span> <span class='ocrx_word' id='word_1_90' title='bbox 1037 1021 1253 1077; x_wconf 72' lang='grc' dir='ltr'>εὔνοιαν</span> <span class='ocrx_word' id='word_1_91' title='bbox 1280 1024 1549 1094; x_wconf 75' lang='grc' dir='ltr'>εἰσφέρων</span> <span class='ocrx_word' id='word_1_92' title='bbox 1567 1063 1582 1086; x_wconf 91' lang='grc'><strong>,</strong></span> <span class='ocrx_word' id='word_1_93' title='bbox 1605 1022 1702 1093; x_wconf 83' lang='grc' dir='ltr'><strong>τὴν</strong></span> <span class='ocrx_word' id='word_1_94' title='bbox 1735 1021 1822 1087; x_wconf 82' lang='grc' dir='ltr'>ἐξ·</span> 
     </span>
    </p>
   </div>
   <div class='ocr_carea' id='block_1_15' title="bbox 224 1110 1819 1187">
    <p class='ocr_par' dir='ltr' id='par_1_15' title="bbox 224 1110 1819 1187">
     <span class='ocr_line' id='line_1_15' title="bbox 224 1110 1819 1187; baseline -0.003 -16"><span class='ocrx_word' id='word_1_95' title='bbox 224 1118 423 1172; x_wconf 85' lang='grc' dir='ltr'>ουσίαν</span> <span class='ocrx_word' id='word_1_96' title='bbox 455 1116 855 1187; x_wconf 74' lang='grc' dir='ltr'>ἀντελάμϐανεο</span> <span class='ocrx_word' id='word_1_97' title='bbox 886 1115 980 1167; x_wconf 75' lang='grc' dir='ltr'><strong>καὶ</strong></span> <span class='ocrx_word' id='word_1_98' title='bbox 1008 1110 1075 1184; x_wconf 82' lang='grc' dir='ltr'>ἦν</span> <span class='ocrx_word' id='word_1_99' title='bbox 1106 1114 1394 1185; x_wconf 86' lang='grc' dir='ltr'>θαυμαστή</span> <span class='ocrx_word' id='word_1_100' title='bbox 1420 1116 1560 1185; x_wconf 86' lang='grc' dir='ltr'>τιςή</span> <span class='ocrx_word' id='word_1_101' title='bbox 1597 1131 1819 1185; x_wconf 86' lang='grc' dir='ltr'>συμφω-</span> 
     </span>
    </p>
   </div>
   <div class='ocr_carea' id='block_1_16' title="bbox 223 1202 1815 1278">
    <p class='ocr_par' dir='ltr' id='par_1_16' title="bbox 223 1202 1815 1278">
     <span class='ocr_line' id='line_1_16' title="bbox 223 1202 1815 1278; baseline -0.003 -16"><span class='ocrx_word' id='word_1_102' title='bbox 223 1209 340 1271; x_wconf 86' lang='grc' dir='ltr'>νία,</span> <span class='ocrx_word' id='word_1_103' title='bbox 364 1208 461 1261; x_wconf 75' lang='grc' dir='ltr'>καὶ</span> <span class='ocrx_word' id='word_1_104' title='bbox 499 1210 532 1278; x_wconf 83' lang='grc' dir='ltr'>ἡ</span> <span class='ocrx_word' id='word_1_105' title='bbox 560 1207 732 1278; x_wconf 80' lang='grc' dir='ltr'>πλοκὴ</span> <span class='ocrx_word' id='word_1_106' title='bbox 753 1206 846 1259; x_wconf 79' lang='grc' dir='ltr'>τοῦ</span> <span class='ocrx_word' id='word_1_107' title='bbox 868 1205 1147 1259; x_wconf 89' lang='grc' dir='ltr'>δύνασθαι.</span> <span class='ocrx_word' id='word_1_108' title='bbox 1183 1206 1241 1258; x_wconf 85' lang='lat'><strong>&#39;0</strong></span> <span class='ocrx_word' id='word_1_109' title='bbox 1272 1205 1371 1275; x_wconf 81' lang='grc' dir='ltr'><strong>μὲν</strong></span> <span class='ocrx_word' id='word_1_110' title='bbox 1395 1206 1484 1257; x_wconf 86' lang='grc' dir='ltr'><strong>τὸν</strong></span> <span class='ocrx_word' id='word_1_111' title='bbox 1507 1206 1634 1275; x_wconf 82' lang='grc' dir='ltr'>λαὸν</span> <span class='ocrx_word' id='word_1_112' title='bbox 1661 1202 1815 1276; x_wconf 78' lang='grc' dir='ltr'>ἦγεν,</span> 
     </span>
    </p>
   </div>
   <div class='ocr_carea' id='block_1_17' title="bbox 220 1292 1818 1368">
    <p class='ocr_par' dir='ltr' id='par_1_17' title="bbox 220 1292 1818 1368">
     <span class='ocr_line' id='line_1_17' title="bbox 220 1292 1818 1368; baseline -0.003 -16"><span class='ocrx_word' id='word_1_113' title='bbox 220 1302 251 1353; x_wconf 79' lang='grc' dir='ltr'>ὁ</span> <span class='ocrx_word' id='word_1_114' title='bbox 277 1299 340 1351; x_wconf 82' lang='grc' dir='ltr'>δὲ</span> <span class='ocrx_word' id='word_1_115' title='bbox 375 1298 468 1351; x_wconf 77' lang='grc' dir='ltr'><strong>τὸν</strong></span> <span class='ocrx_word' id='word_1_116' title='bbox 512 1298 742 1366; x_wconf 78' lang='grc' dir='ltr'>ἄγοντα·</span> <span class='ocrx_word' id='word_1_117' title='bbox 775 1298 870 1350; x_wconf 73' lang='grc' dir='ltr'><strong>καὶ</strong></span> <span class='ocrx_word' id='word_1_118' title='bbox 895 1292 1006 1351; x_wconf 77' lang='grc' dir='ltr'>οἷον</span> <span class='ocrx_word' id='word_1_119' title='bbox 1034 1296 1388 1367; x_wconf 84' lang='grc' dir='ltr'>λεοντοκόμος</span> <span class='ocrx_word' id='word_1_120' title='bbox 1415 1313 1499 1359; x_wconf 89' lang='grc' dir='ltr'><strong>τις</strong></span> <span class='ocrx_word' id='word_1_121' title='bbox 1521 1292 1589 1366; x_wconf 79' lang='grc' dir='ltr'>ἦν</span> <span class='ocrx_word' id='word_1_122' title='bbox 1607 1335 1621 1358; x_wconf 91' lang='grc'><strong>,</strong></span> <span class='ocrx_word' id='word_1_123' title='bbox 1653 1297 1818 1368; x_wconf 84' lang='grc' dir='ltr'>τέχνῃ</span> 
     </span>
    </p>
   </div>
   <div class='ocr_carea' id='block_1_18' title="bbox 222 1385 1817 1456">
    <p class='ocr_par' dir='ltr' id='par_1_18' title="bbox 222 1385 1817 1456">
     <span class='ocr_line' id='line_1_18' title="bbox 222 1385 1817 1456; baseline -0.002 -14"><span class='ocrx_word' id='word_1_124' title='bbox 222 1388 568 1443; x_wconf 87' lang='grc' dir='ltr'>τιθασσεύων</span> <span class='ocrx_word' id='word_1_125' title='bbox 602 1388 692 1441; x_wconf 83' lang='grc' dir='ltr'><strong>τὸν</strong></span> <span class='ocrx_word' id='word_1_126' title='bbox 722 1386 1136 1441; x_wconf 79' lang='grc' dir='ltr'>δυναστεύοντα.</span> <span class='ocrx_word' id='word_1_127' title='bbox 1192 1387 1302 1440; x_wconf 79' lang='grc' dir='ltr'><strong>Καὶ</strong></span> <span class='ocrx_word' id='word_1_128' title='bbox 1325 1385 1432 1456; x_wconf 87' lang='grc' dir='ltr'>γὰρ</span> <span class='ocrx_word' id='word_1_129' title='bbox 1462 1385 1650 1448; x_wconf 82' lang='grc' dir='ltr'>ἐδεῖτο,</span> <span class='ocrx_word' id='word_1_130' title='bbox 1686 1403 1817 1439; x_wconf 79' lang='grc' dir='ltr'>νεω·</span> 
     </span>
    </p>
   </div>
   <div class='ocr_carea' id='block_1_19' title="bbox 222 1476 1818 1550">
    <p class='ocr_par' dir='ltr' id='par_1_19' title="bbox 222 1476 1818 1550">
     <span class='ocr_line' id='line_1_19' title="bbox 222 1476 1818 1550; baseline -0.004 -16"><span class='ocrx_word' id='word_1_131' title='bbox 222 1482 314 1534; x_wconf 78' lang='grc' dir='ltr'><strong>στὶ</strong></span> <span class='ocrx_word' id='word_1_132' title='bbox 357 1482 459 1550; x_wconf 85' lang='grc' dir='ltr'>μὲν</span> <span class='ocrx_word' id='word_1_133' title='bbox 484 1481 578 1533; x_wconf 77' lang='grc' dir='ltr'><strong>ἐπὶ</strong></span> <span class='ocrx_word' id='word_1_134' title='bbox 611 1480 710 1550; x_wconf 80' lang='grc' dir='ltr'>τὴν</span> <span class='ocrx_word' id='word_1_135' title='bbox 735 1479 1005 1549; x_wconf 85' lang='grc' dir='ltr'>καθέδραν</span> <span class='ocrx_word' id='word_1_136' title='bbox 1032 1478 1210 1542; x_wconf 79' lang='grc' dir='ltr'>τεθεὶς</span> <span class='ocrx_word' id='word_1_137' title='bbox 1230 1517 1245 1541; x_wconf 96' lang='grc'><strong>,</strong></span> <span class='ocrx_word' id='word_1_138' title='bbox 1286 1477 1365 1531; x_wconf 79' lang='grc' dir='ltr'>ἔτι</span> <span class='ocrx_word' id='word_1_139' title='bbox 1398 1476 1453 1529; x_wconf 80' lang='grc' dir='ltr'>δὲ</span> <span class='ocrx_word' id='word_1_140' title='bbox 1487 1476 1587 1546; x_wconf 76' lang='grc' dir='ltr'>τῆς</span> <span class='ocrx_word' id='word_1_141' title='bbox 1621 1494 1818 1546; x_wconf 87' lang='grc' dir='ltr'>κοσμι-</span> 
     </span>
    </p>
   </div>
   <div class='ocr_carea' id='block_1_20' title="bbox 218 1569 1816 1644">
    <p class='ocr_par' dir='ltr' id='par_1_20' title="bbox 218 1569 1816 1644">
     <span class='ocr_line' id='line_1_20' title="bbox 218 1569 1816 1644; baseline -0.003 -18"><span class='ocrx_word' id='word_1_142' title='bbox 218 1572 330 1641; x_wconf 80' lang='grc' dir='ltr'>κῆς</span> <span class='ocrx_word' id='word_1_143' title='bbox 365 1573 502 1644; x_wconf 77' lang='grc' dir='ltr'>ὕλης</span> <span class='ocrx_word' id='word_1_144' title='bbox 534 1591 586 1627; x_wconf 88' lang='grc' dir='ltr'><strong>τι</strong></span> <span class='ocrx_word' id='word_1_145' title='bbox 614 1571 722 1643; x_wconf 85' lang='grc'>(96)</span> <span class='ocrx_word' id='word_1_146' title='bbox 758 1572 955 1635; x_wconf 83' lang='grc' dir='ltr'>πνέων,</span> <span class='ocrx_word' id='word_1_147' title='bbox 1008 1569 1160 1623; x_wconf 77' lang='grc' dir='ltr'>οὔπω</span> <span class='ocrx_word' id='word_1_148' title='bbox 1197 1570 1253 1623; x_wconf 85' lang='grc' dir='ltr'><strong>δέ</strong></span> <span class='ocrx_word' id='word_1_149' title='bbox 1293 1571 1729 1641; x_wconf 79' lang='grc' dir='ltr'>κατηρτισμένος</span> <span class='ocrx_word' id='word_1_150' title='bbox 1758 1570 1816 1621; x_wconf 83' lang='grc' dir='ltr'><strong>ἐν</strong></span> 
     </span>
    </p>
   </div>
   <div class='ocr_carea' id='block_1_21' title="bbox 214 1658 1816 1734">
    <p class='ocr_par' dir='ltr' id='par_1_21' title="bbox 214 1658 1816 1734">
     <span class='ocr_line' id='line_1_21' title="bbox 214 1658 1816 1734; baseline -0.003 -17"><span class='ocrx_word' id='word_1_151' title='bbox 214 1665 339 1727; x_wconf 83' lang='grc' dir='ltr'>τοῖς</span> <span class='ocrx_word' id='word_1_152' title='bbox 376 1662 473 1716; x_wconf 80' lang='grc' dir='ltr'>τοῦ</span> <span class='ocrx_word' id='word_1_153' title='bbox 512 1662 831 1734; x_wconf 84' lang='grc' dir='ltr'>Πνεύματος</span> <span class='ocrx_word' id='word_1_154' title='bbox 879 1662 1015 1733; x_wconf 85' lang='grc'>(97),</span> <span class='ocrx_word' id='word_1_155' title='bbox 1065 1659 1260 1714; x_wconf 82' lang='grc' dir='ltr'>πολλοῦ</span> <span class='ocrx_word' id='word_1_156' title='bbox 1306 1660 1364 1713; x_wconf 79' lang='grc' dir='ltr'><strong>δὲ</strong></span> <span class='ocrx_word' id='word_1_157' title='bbox 1414 1658 1509 1713; x_wconf 81' lang='grc' dir='ltr'><strong>τοῦ</strong></span> <span class='ocrx_word' id='word_1_158' title='bbox 1549 1659 1816 1722; x_wconf 82' lang='grc' dir='ltr'>κλύδωνος</span> 
     </span>
    </p>
   </div>
   <div class='ocr_carea' id='block_1_22' title="bbox 1924 659 3507 730">
    <p class='ocr_par' dir='ltr' id='par_1_22' title="bbox 1924 659 3507 730">
     <span class='ocr_line' id='line_1_22' title="bbox 1924 659 3507 730; baseline 0.005 -19"><span class='ocrx_word' id='word_1_159' title='bbox 1924 659 2236 728; x_wconf 88' lang='lat' dir='ltr'><strong>ordinisque</strong></span> <span class='ocrx_word' id='word_1_160' title='bbox 2257 659 2554 729; x_wconf 89' lang='lat' dir='ltr'><strong>spiritualis</strong></span> <span class='ocrx_word' id='word_1_161' title='bbox 2595 660 2741 730; x_wconf 83' lang='lat' dir='ltr'><strong>leges</strong></span> <span class='ocrx_word' id='word_1_162' title='bbox 2769 660 3099 730; x_wconf 90' lang='lat' dir='ltr'><strong>postularent</strong></span> <span class='ocrx_word' id='word_1_163' title='bbox 3128 679 3142 715; x_wconf 89' lang='lat'><strong>:</strong></span> <span class='ocrx_word' id='word_1_164' title='bbox 3179 678 3242 717; x_wconf 89' lang='lat' dir='ltr'><strong>ac</strong></span> <span class='ocrx_word' id='word_1_165' title='bbox 3282 664 3507 730; x_wconf 84' lang='lat' dir='ltr'><strong>proinde</strong></span> 
     </span>
    </p>
   </div>
   <div class='ocr_carea' id='block_1_23' title="bbox 1924 753 3504 824">
    <p class='ocr_par' dir='ltr' id='par_1_23' title="bbox 1924 753 3504 824">
     <span class='ocr_line' id='line_1_23' title="bbox 1924 753 3504 824; baseline 0.004 -20"><span class='ocrx_word' id='word_1_166' title='bbox 1924 753 2135 817; x_wconf 83' lang='lat' dir='ltr'><strong>adesse,</strong></span> <span class='ocrx_word' id='word_1_167' title='bbox 2165 753 2383 818; x_wconf 85' lang='lat' dir='ltr'><strong>docere,</strong></span> <span class='ocrx_word' id='word_1_168' title='bbox 2419 754 2563 807; x_wconf 91' lang='lat' dir='ltr'><strong>dicto</strong></span> <span class='ocrx_word' id='word_1_169' title='bbox 2596 754 2903 808; x_wconf 75' lang='lat' dir='ltr'><strong>audientem</strong></span> <span class='ocrx_word' id='word_1_170' title='bbox 2957 769 3018 808; x_wconf 92' lang='lat' dir='ltr'><strong>se</strong></span> <span class='ocrx_word' id='word_1_171' title='bbox 3067 756 3331 824; x_wconf 66' lang='lat' dir='ltr'><strong>prtebere,</strong></span> <span class='ocrx_word' id='word_1_172' title='bbox 3383 771 3504 811; x_wconf 82' lang='lat' dir='ltr'><strong>mo-</strong></span> 
     </span>
    </p>
   </div>
   <div class='ocr_carea' id='block_1_24' title="bbox 1922 844 3499 916">
    <p class='ocr_par' dir='ltr' id='par_1_24' title="bbox 1922 844 3499 916">
     <span class='ocr_line' id='line_1_24' title="bbox 1922 844 3499 916; baseline 0.003 -20"><span class='ocrx_word' id='word_1_173' title='bbox 1922 858 2075 907; x_wconf 86' lang='lat' dir='ltr'><strong>nere,</strong></span> <span class='ocrx_word' id='word_1_174' title='bbox 2107 844 2320 912; x_wconf 83' lang='lat' dir='ltr'><strong>quidvis</strong></span> <span class='ocrx_word' id='word_1_175' title='bbox 2379 845 2611 914; x_wconf 91' lang='lat' dir='ltr'><strong>denique</strong></span> <span class='ocrx_word' id='word_1_176' title='bbox 2666 845 2738 899; x_wconf 86' lang='lat' dir='ltr'><strong>illi</strong></span> <span class='ocrx_word' id='word_1_177' title='bbox 2801 860 2942 911; x_wconf 86' lang='lat' dir='ltr'><strong>esse,</strong></span> <span class='ocrx_word' id='word_1_178' title='bbox 2997 848 3230 900; x_wconf 88' lang='lat' dir='ltr'><strong>monitor</strong></span> <span class='ocrx_word' id='word_1_179' title='bbox 3280 846 3499 916; x_wconf 89' lang='lat' dir='ltr'><strong>probus,</strong></span> 
     </span>
    </p>
   </div>
   <div class='ocr_carea' id='block_1_25' title="bbox 1922 934 3501 1003">
    <p class='ocr_par' dir='ltr' id='par_1_25' title="bbox 1922 934 3501 1003">
     <span class='ocr_line' id='line_1_25' title="bbox 1922 934 3501 1003; baseline 0 -14"><span class='ocrx_word' id='word_1_180' title='bbox 1922 934 2219 1003; x_wconf 80' lang='lat' dir='ltr'><strong>opitulator</strong></span> <span class='ocrx_word' id='word_1_181' title='bbox 2248 936 2583 1000; x_wconf 87' lang='lat' dir='ltr'><strong>commodus,</strong></span> <span class='ocrx_word' id='word_1_182' title='bbox 2616 934 2923 989; x_wconf 88' lang='lat' dir='ltr'><strong>divinorum</strong></span> <span class='ocrx_word' id='word_1_183' title='bbox 2956 936 3297 990; x_wconf 83' lang='lat' dir='ltr'><strong>oraculorum</strong></span> <span class='ocrx_word' id='word_1_184' title='bbox 3328 938 3501 990; x_wconf 87' lang='lat' dir='ltr'><strong>inter-</strong></span> 
     </span>
    </p>
   </div>
   <div class='ocr_carea' id='block_1_26' title="bbox 1920 1023 3499 1094">
    <p class='ocr_par' dir='ltr' id='par_1_26' title="bbox 1920 1023 3499 1094">
     <span class='ocr_line' id='line_1_26' title="bbox 1920 1023 3499 1094; baseline 0.001 -18"><span class='ocrx_word' id='word_1_185' title='bbox 1920 1038 2064 1089; x_wconf 87' lang='lat' dir='ltr'><strong>pres,</strong></span> <span class='ocrx_word' id='word_1_186' title='bbox 2102 1039 2283 1079; x_wconf 88' lang='lat' dir='ltr'><strong>rerum</strong></span> <span class='ocrx_word' id='word_1_187' title='bbox 2336 1025 2664 1094; x_wconf 84' lang='lat' dir='ltr'><strong>agendarum</strong></span> <span class='ocrx_word' id='word_1_188' title='bbox 2697 1032 3159 1093; x_wconf 67' lang='lat' dir='ltr'><strong>praemonstrator,</strong></span> <span class='ocrx_word' id='word_1_189' title='bbox 3207 1023 3499 1079; x_wconf 90' lang='lat' dir='ltr'><strong>senectutis</strong></span> 
     </span>
    </p>
   </div>
   <div class='ocr_carea' id='block_1_27' title="bbox 1920 1114 3497 1183">
    <p class='ocr_par' dir='ltr' id='par_1_27' title="bbox 1920 1114 3497 1183">
     <span class='ocr_line' id='line_1_27' title="bbox 1920 1114 3497 1183; baseline 0.001 -14"><span class='ocrx_word' id='word_1_190' title='bbox 1920 1116 2243 1181; x_wconf 87' lang='lat' dir='ltr'><strong>subsidium,</strong></span> <span class='ocrx_word' id='word_1_191' title='bbox 2268 1116 2390 1170; x_wconf 84' lang='lat' dir='ltr'><strong>ﬁdei</strong></span> <span class='ocrx_word' id='word_1_192' title='bbox 2415 1116 2823 1183; x_wconf 83' lang='lat' dir='ltr'><strong>adminiculum,</strong></span> <span class='ocrx_word' id='word_1_193' title='bbox 2848 1116 3265 1170; x_wconf 87' lang='lat' dir='ltr'><strong>domesticorum</strong></span> <span class='ocrx_word' id='word_1_194' title='bbox 3294 1114 3497 1170; x_wconf 80' lang='lat' dir='ltr'><strong>ﬁdelis-</strong></span> 
     </span>
    </p>
   </div>
   <div class='ocr_carea' id='block_1_28' title="bbox 1910 1206 3495 1276">
    <p class='ocr_par' dir='ltr' id='par_1_28' title="bbox 1910 1206 3495 1276">
     <span class='ocr_line' id='line_1_28' title="bbox 1910 1206 3495 1276; baseline -0.002 -15"><span class='ocrx_word' id='word_1_195' title='bbox 1910 1208 2111 1271; x_wconf 11' lang='lat' dir='ltr'><strong>Vsitnus,</strong></span> <span class='ocrx_word' id='word_1_196' title='bbox 2165 1216 2513 1261; x_wconf 79' lang='lat' dir='ltr'><strong>externorum</strong></span> <span class='ocrx_word' id='word_1_197' title='bbox 2570 1207 2638 1260; x_wconf 92' lang='lat' dir='ltr'><strong>ad</strong></span> <span class='ocrx_word' id='word_1_198' title='bbox 2693 1222 2781 1262; x_wconf 90' lang='lat' dir='ltr'><strong>res</strong></span> <span class='ocrx_word' id='word_1_199' title='bbox 2836 1206 3100 1276; x_wconf 78' lang='lat' dir='ltr'><strong>gerendas</strong></span> <span class='ocrx_word' id='word_1_200' title='bbox 3151 1206 3495 1274; x_wconf 89' lang='lat' dir='ltr'><strong>aptissimus;</strong></span> 
     </span>
    </p>
   </div>
   <div class='ocr_carea' id='block_1_29' title="bbox 1916 1297 3498 1366">
    <p class='ocr_par' dir='ltr' id='par_1_29' title="bbox 1916 1297 3498 1366">
     <span class='ocr_line' id='line_1_29' title="bbox 1916 1297 3498 1366; baseline -0.001 -12"><span class='ocrx_word' id='word_1_201' title='bbox 1916 1299 2083 1354; x_wconf 89' lang='lat' dir='ltr'><strong>verbo</strong></span> <span class='ocrx_word' id='word_1_202' title='bbox 2125 1299 2325 1366; x_wconf 90' lang='lat' dir='ltr'><strong>dicam,</strong></span> <span class='ocrx_word' id='word_1_203' title='bbox 2392 1307 2572 1353; x_wconf 88' lang='lat' dir='ltr'><strong>tantus</strong></span> <span class='ocrx_word' id='word_1_204' title='bbox 2632 1299 2699 1353; x_wconf 89' lang='lat' dir='ltr'><strong>ad</strong></span> <span class='ocrx_word' id='word_1_205' title='bbox 2759 1297 3211 1361; x_wconf 78' lang='lat' dir='ltr'><strong>benevolentiam,</strong></span> <span class='ocrx_word' id='word_1_206' title='bbox 3264 1308 3498 1366; x_wconf 90' lang='lat' dir='ltr'><strong>quantus</strong></span> 
     </span>
    </p>
   </div>
   <div class='ocr_carea' id='block_1_30' title="bbox 1918 1389 3494 1459">
    <p class='ocr_par' dir='ltr' id='par_1_30' title="bbox 1918 1389 3494 1459">
     <span class='ocr_line' id='line_1_30' title="bbox 1918 1389 3494 1459; baseline -0.001 -16"><span class='ocrx_word' id='word_1_207' title='bbox 1918 1391 2068 1459; x_wconf 90' lang='lat' dir='ltr'><strong>prius</strong></span> <span class='ocrx_word' id='word_1_208' title='bbox 2093 1392 2159 1445; x_wconf 89' lang='lat' dir='ltr'><strong>ad</strong></span> <span class='ocrx_word' id='word_1_209' title='bbox 2185 1392 2519 1444; x_wconf 89' lang='lat' dir='ltr'><strong>inimicitiam</strong></span> <span class='ocrx_word' id='word_1_210' title='bbox 2546 1407 2666 1445; x_wconf 89' lang='lat' dir='ltr'><strong>esse</strong></span> <span class='ocrx_word' id='word_1_211' title='bbox 2689 1392 3000 1459; x_wconf 82' lang='lat' dir='ltr'><strong>putabatur.</strong></span> <span class='ocrx_word' id='word_1_212' title='bbox 3039 1392 3119 1444; x_wconf 78' lang='lat' dir='ltr'><strong>Ex</strong></span> <span class='ocrx_word' id='word_1_213' title='bbox 3162 1406 3267 1458; x_wconf 88' lang='lat' dir='ltr'><strong>quo</strong></span> <span class='ocrx_word' id='word_1_214' title='bbox 3295 1389 3494 1444; x_wconf 84' lang='lat' dir='ltr'><strong>factum</strong></span> 
     </span>
    </p>
   </div>
   <div class='ocr_carea' id='block_1_31' title="bbox 1917 1476 3497 1547">
    <p class='ocr_par' dir='ltr' id='par_1_31' title="bbox 1917 1476 3497 1547">
     <span class='ocr_line' id='line_1_31' title="bbox 1917 1476 3497 1547; baseline -0.001 -12"><span class='ocrx_word' id='word_1_215' title='bbox 1917 1491 2018 1545; x_wconf 86' lang='lat' dir='ltr'><strong>est,</strong></span> <span class='ocrx_word' id='word_1_216' title='bbox 2058 1490 2134 1545; x_wconf 91' lang='lat' dir='ltr'><strong>ut,</strong></span> <span class='ocrx_word' id='word_1_217' title='bbox 2187 1476 2400 1535; x_wconf 87' lang='lat' dir='ltr'><strong>etiamsi</strong></span> <span class='ocrx_word' id='word_1_218' title='bbox 2451 1482 2706 1536; x_wconf 85' lang='lat' dir='ltr'><strong>cathedra</strong></span> <span class='ocrx_word' id='word_1_219' title='bbox 2772 1483 2993 1537; x_wconf 78' lang='lat' dir='ltr'><strong>inferior</strong></span> <span class='ocrx_word' id='word_1_220' title='bbox 3024 1491 3189 1547; x_wconf 88' lang='lat' dir='ltr'><strong>esset,</strong></span> <span class='ocrx_word' id='word_1_221' title='bbox 3241 1481 3497 1535; x_wconf 76' lang='lat' dir='ltr'><strong>Ecclesia:</strong></span> 
     </span>
    </p>
   </div>
   <div class='ocr_carea' id='block_1_32' title="bbox 1921 1572 3493 1643">
    <p class='ocr_par' dir='ltr' id='par_1_32' title="bbox 1921 1572 3493 1643">
     <span class='ocr_line' id='line_1_32' title="bbox 1921 1572 3493 1643; baseline 0 -18"><span class='ocrx_word' id='word_1_222' title='bbox 1921 1581 2097 1625; x_wconf 90' lang='lat' dir='ltr'><strong>tamen</strong></span> <span class='ocrx_word' id='word_1_223' title='bbox 2124 1572 2408 1641; x_wconf 90' lang='lat' dir='ltr'><strong>imperium</strong></span> <span class='ocrx_word' id='word_1_224' title='bbox 2432 1573 2717 1628; x_wconf 88' lang='lat' dir='ltr'><strong>obtineret.</strong></span> <span class='ocrx_word' id='word_1_225' title='bbox 2746 1574 2954 1629; x_wconf 88' lang='lat' dir='ltr'><strong>Etenim</strong></span> <span class='ocrx_word' id='word_1_226' title='bbox 2979 1589 3076 1643; x_wconf 90' lang='lat' dir='ltr'><strong>pro</strong></span> <span class='ocrx_word' id='word_1_227' title='bbox 3098 1573 3493 1639; x_wconf 78' lang='lat' dir='ltr'><strong>benevolentia,</strong></span> 
     </span>
    </p>
   </div>
   <div class='ocr_carea' id='block_1_33' title="bbox 1917 1662 3494 1734">
    <p class='ocr_par' dir='ltr' id='par_1_33' title="bbox 1917 1662 3494 1734">
     <span class='ocr_line' id='line_1_33' title="bbox 1917 1662 3494 1734; baseline 0.002 -18"><span class='ocrx_word' id='word_1_228' title='bbox 1917 1677 2077 1731; x_wconf 88' lang='lat' dir='ltr'><strong>quam</strong></span> <span class='ocrx_word' id='word_1_229' title='bbox 2104 1662 2382 1731; x_wconf 80' lang='lat' dir='ltr'><strong>aﬂ‘erehat,</strong></span> <span class='ocrx_word' id='word_1_230' title='bbox 2417 1667 2797 1719; x_wconf 90' lang='lat' dir='ltr'><strong>auctoritatem</strong></span> <span class='ocrx_word' id='word_1_231' title='bbox 2831 1665 3151 1734; x_wconf 82' lang='lat' dir='ltr'><strong>recipiebat;</strong></span> <span class='ocrx_word' id='word_1_232' title='bbox 3206 1679 3271 1718; x_wconf 91' lang='lat' dir='ltr'><strong>ac</strong></span> <span class='ocrx_word' id='word_1_233' title='bbox 3324 1665 3494 1719; x_wconf 83' lang='lat' dir='ltr'><strong>mirus</strong></span> 
     </span>
    </p>
   </div>
   <div class='ocr_carea' id='block_1_34' title="bbox 218 1739 1821 1827">
    <p class='ocr_par' dir='ltr' id='par_1_34' title="bbox 218 1750 1809 1827">
     <span class='ocr_line' id='line_1_34' title="bbox 218 1750 1809 1827; baseline -0.003 -19"><span class='ocrx_word' id='word_1_234' title='bbox 218 1772 287 1807; x_wconf 86' lang='grc' dir='ltr'><strong>πε</strong></span> <span class='ocrx_word' id='word_1_235' title='bbox 295 1753 595 1827; x_wconf 79' lang='grc' dir='ltr'>ριζέοντος,</span> <span class='ocrx_word' id='word_1_236' title='bbox 610 1755 702 1808; x_wconf 76' lang='grc' dir='ltr'>καὶ</span> <span class='ocrx_word' id='word_1_237' title='bbox 727 1754 833 1807; x_wconf 84' lang='grc' dir='ltr'><strong>τῶν</strong></span> <span class='ocrx_word' id='word_1_238' title='bbox 858 1753 1222 1823; x_wconf 79' lang='grc' dir='ltr'>ἐπικειμένων</span> <span class='ocrx_word' id='word_1_239' title='bbox 1238 1751 1337 1821; x_wconf 73' lang='grc' dir='ltr'>τῆς</span> <span class='ocrx_word' id='word_1_240' title='bbox 1360 1750 1683 1822; x_wconf 85' lang='grc' dir='ltr'>Ἑκκλησίας</span> <span class='ocrx_word' id='word_1_241' title='bbox 1700 1750 1809 1822; x_wconf 87' lang='lat'><strong>(98)</strong></span> 
     </span>
    </p>
   </div>
   <div class='ocr_carea' id='block_1_35' title="bbox 1908 1739 3493 1827">
    <p class='ocr_par' dir='ltr' id='par_1_35' title="bbox 1916 1754 3493 1826">
     <span class='ocr_line' id='line_1_35' title="bbox 1916 1754 3493 1826; baseline 0.002 -19"><span class='ocrx_word' id='word_1_242' title='bbox 1916 1754 2131 1823; x_wconf 89' lang='lat' dir='ltr'><strong>quidem</strong></span> <span class='ocrx_word' id='word_1_243' title='bbox 2158 1765 2275 1808; x_wconf 90' lang='lat' dir='ltr'><strong>erat</strong></span> <span class='ocrx_word' id='word_1_244' title='bbox 2311 1765 2607 1810; x_wconf 85' lang='lat' dir='ltr'><strong>concentus</strong></span> <span class='ocrx_word' id='word_1_245' title='bbox 2633 1772 2912 1826; x_wconf 81' lang='lat' dir='ltr'><strong>nexusque</strong></span> <span class='ocrx_word' id='word_1_246' title='bbox 2938 1758 3241 1826; x_wconf 87' lang='lat' dir='ltr'><strong>potestatis.</strong></span> <span class='ocrx_word' id='word_1_247' title='bbox 3264 1756 3354 1811; x_wconf 90' lang='lat' dir='ltr'><strong>llle</strong></span> <span class='ocrx_word' id='word_1_248' title='bbox 3378 1755 3493 1825; x_wconf 83' lang='lat' dir='ltr'><strong>pie-</strong></span> 
     </span>
    </p>
   </div>
   <div class='ocr_carea' id='block_1_36' title="bbox 214 1841 1812 1917">
    <p class='ocr_par' dir='ltr' id='par_1_36' title="bbox 214 1841 1812 1917">
     <span class='ocr_line' id='line_1_36' title="bbox 214 1841 1812 1917; baseline -0.003 -20"><span class='ocrx_word' id='word_1_249' title='bbox 214 1844 456 1917; x_wconf 83' lang='grc' dir='ltr'>ἐχθρῶν,</span> <span class='ocrx_word' id='word_1_250' title='bbox 500 1845 594 1899; x_wconf 82' lang='grc' dir='ltr'>τοῦ</span> <span class='ocrx_word' id='word_1_251' title='bbox 629 1842 1097 1915; x_wconf 77' lang='grc' dir='ltr'>χειραγωγοῦντος</span> <span class='ocrx_word' id='word_1_252' title='bbox 1130 1843 1223 1895; x_wconf 79' lang='grc' dir='ltr'><strong>καὶ</strong></span> <span class='ocrx_word' id='word_1_253' title='bbox 1260 1841 1653 1911; x_wconf 83' lang='grc' dir='ltr'>ὑπερείδοντος.</span> <span class='ocrx_word' id='word_1_254' title='bbox 1711 1841 1812 1894; x_wconf 74' lang='grc' dir='ltr'>Διὰ</span> 
     </span>
    </p>
   </div>
   <div class='ocr_carea' id='block_1_37' title="bbox 211 1931 1809 2007">
    <p class='ocr_par' dir='ltr' id='par_1_37' title="bbox 211 1931 1809 2007">
     <span class='ocr_line' id='line_1_37' title="bbox 211 1931 1809 2007; baseline -0.003 -18"><span class='ocrx_word' id='word_1_255' title='bbox 211 1938 378 1989; x_wconf 77' lang='grc' dir='ltr'>τοῦτο</span> <span class='ocrx_word' id='word_1_256' title='bbox 430 1938 525 1989; x_wconf 79' lang='grc' dir='ltr'>καὶ</span> <span class='ocrx_word' id='word_1_257' title='bbox 557 1936 656 2007; x_wconf 76' lang='grc' dir='ltr'><strong>τὴν</strong></span> <span class='ocrx_word' id='word_1_258' title='bbox 711 1934 1028 2005; x_wconf 80' lang='grc' dir='ltr'>συμμαχίαν</span> <span class='ocrx_word' id='word_1_259' title='bbox 1059 1933 1247 2002; x_wconf 84' lang='grc' dir='ltr'>ἠγάπα</span> <span class='ocrx_word' id='word_1_260' title='bbox 1276 1972 1290 1998; x_wconf 90' lang='grc'><strong>,</strong></span> <span class='ocrx_word' id='word_1_261' title='bbox 1339 1934 1432 1986; x_wconf 76' lang='grc' dir='ltr'>καὶ</span> <span class='ocrx_word' id='word_1_262' title='bbox 1483 1931 1809 2003; x_wconf 74' lang='grc' dir='ltr'>κρατοῦντος</span> 
     </span>
    </p>
   </div>
   <div class='ocr_carea' id='block_1_38' title="bbox 211 2024 1308 2099">
    <p class='ocr_par' dir='ltr' id='par_1_38' title="bbox 211 2024 1308 2099">
     <span class='ocr_line' id='line_1_38' title="bbox 211 2024 1308 2099; baseline 0.001 -20"><span class='ocrx_word' id='word_1_263' title='bbox 211 2029 458 2091; x_wconf 81' lang='grc' dir='ltr'>ἐκείνου,</span> <span class='ocrx_word' id='word_1_264' title='bbox 500 2030 719 2099; x_wconf 84' lang='grc' dir='ltr'>κρατεῖν</span> <span class='ocrx_word' id='word_1_265' title='bbox 744 2027 906 2090; x_wconf 77' lang='grc' dir='ltr'>αὐτὸς</span> <span class='ocrx_word' id='word_1_266' title='bbox 936 2024 1308 2095; x_wconf 78' lang='grc' dir='ltr'>ὑπελάμϐανε.</span> 
     </span>
    </p>
   </div>
   <div class='ocr_carea' id='block_1_39' title="bbox 1916 1848 3492 1917">
    <p class='ocr_par' dir='ltr' id='par_1_39' title="bbox 1916 1848 3492 1917">
     <span class='ocr_line' id='line_1_39' title="bbox 1916 1848 3492 1917; baseline 0 -15"><span class='ocrx_word' id='word_1_267' title='bbox 1916 1849 2038 1902; x_wconf 90' lang='lat' dir='ltr'><strong>hem</strong></span> <span class='ocrx_word' id='word_1_268' title='bbox 2070 1848 2322 1913; x_wconf 87' lang='lat' dir='ltr'><strong>ducebat,</strong></span> <span class='ocrx_word' id='word_1_269' title='bbox 2355 1848 2443 1903; x_wconf 92' lang='lat' dir='ltr'><strong>hic</strong></span> <span class='ocrx_word' id='word_1_270' title='bbox 2478 1850 2788 1913; x_wconf 86' lang='lat' dir='ltr'><strong>ductorem;</strong></span> <span class='ocrx_word' id='word_1_271' title='bbox 2819 1864 2884 1903; x_wconf 89' lang='lat' dir='ltr'><strong>ac</strong></span> <span class='ocrx_word' id='word_1_272' title='bbox 2913 1849 3057 1902; x_wconf 91' lang='lat' dir='ltr'><strong>velut</strong></span> <span class='ocrx_word' id='word_1_273' title='bbox 3104 1850 3323 1917; x_wconf 91' lang='lat' dir='ltr'><strong>quidam</strong></span> <span class='ocrx_word' id='word_1_274' title='bbox 3380 1848 3492 1902; x_wconf 89' lang='lat' dir='ltr'><strong>leo-</strong></span> 
     </span>
    </p>
   </div>
   <div class='ocr_carea' id='block_1_40' title="bbox 1914 1933 3490 2004">
    <p class='ocr_par' dir='ltr' id='par_1_40' title="bbox 1914 1933 3490 2004">
     <span class='ocr_line' id='line_1_40' title="bbox 1914 1933 3490 2004; baseline -0.002 -14"><span class='ocrx_word' id='word_1_275' title='bbox 1914 1951 2041 1990; x_wconf 91' lang='lat' dir='ltr'><strong>num</strong></span> <span class='ocrx_word' id='word_1_276' title='bbox 2063 1948 2282 1990; x_wconf 89' lang='lat' dir='ltr'><strong>curator</strong></span> <span class='ocrx_word' id='word_1_277' title='bbox 2313 1944 2455 1999; x_wconf 86' lang='lat' dir='ltr'><strong>erat,</strong></span> <span class='ocrx_word' id='word_1_278' title='bbox 2480 1946 2601 1990; x_wconf 88' lang='lat' dir='ltr'><strong>arte</strong></span> <span class='ocrx_word' id='word_1_279' title='bbox 2634 1936 2944 1990; x_wconf 90' lang='lat' dir='ltr'><strong>demulcens</strong></span> <span class='ocrx_word' id='word_1_280' title='bbox 2973 1950 3117 1997; x_wconf 88' lang='lat' dir='ltr'><strong>eum,</strong></span> <span class='ocrx_word' id='word_1_281' title='bbox 3149 1935 3241 2004; x_wconf 91' lang='lat' dir='ltr'><strong>qui</strong></span> <span class='ocrx_word' id='word_1_282' title='bbox 3287 1933 3490 2003; x_wconf 87' lang='lat' dir='ltr'><strong>princi-</strong></span> 
     </span>
    </p>
   </div>
   <div class='ocr_carea' id='block_1_41' title="bbox 1910 2024 3493 2095">
    <p class='ocr_par' dir='ltr' id='par_1_41' title="bbox 1910 2024 3493 2095">
     <span class='ocr_line' id='line_1_41' title="bbox 1910 2024 3493 2095; baseline -0.001 -16"><span class='ocrx_word' id='word_1_283' title='bbox 1910 2035 2091 2095; x_wconf 85' lang='lat' dir='ltr'><strong>patum</strong></span> <span class='ocrx_word' id='word_1_284' title='bbox 2130 2026 2348 2080; x_wconf 88' lang='lat' dir='ltr'><strong>tenebat</strong></span> <span class='ocrx_word' id='word_1_285' title='bbox 2372 2040 2387 2091; x_wconf 90' lang='lat'><strong>;</strong></span> <span class='ocrx_word' id='word_1_286' title='bbox 2415 2028 2631 2095; x_wconf 89' lang='lat' dir='ltr'><strong>quippe,</strong></span> <span class='ocrx_word' id='word_1_287' title='bbox 2667 2034 2724 2078; x_wconf 90' lang='lat' dir='ltr'><strong>ut</strong></span> <span class='ocrx_word' id='word_1_288' title='bbox 2752 2042 2919 2094; x_wconf 90' lang='lat' dir='ltr'><strong>nuper</strong></span> <span class='ocrx_word' id='word_1_289' title='bbox 2964 2025 3016 2079; x_wconf 92' lang='lat' dir='ltr'><strong>in</strong></span> <span class='ocrx_word' id='word_1_290' title='bbox 3044 2024 3298 2080; x_wconf 84' lang='lat' dir='ltr'><strong>cathedra</strong></span> <span class='ocrx_word' id='word_1_291' title='bbox 3325 2024 3493 2079; x_wconf 61' lang='lat' dir='ltr'><strong>colloc-</strong></span> 
     </span>
    </p>
   </div>
   <div class='ocr_carea' id='block_1_42' title="bbox 214 2115 3491 2187">
    <p class='ocr_par' dir='ltr' id='par_1_42' title="bbox 214 2115 3491 2187">
     <span class='ocr_line' id='line_1_42' title="bbox 214 2115 3491 2187; baseline -0.001 -14"><span class='ocrx_word' id='word_1_292' title='bbox 214 2134 398 2185; x_wconf 82' lang='lat' dir='ltr'><strong>catus,</strong></span> <span class='ocrx_word' id='word_1_293' title='bbox 435 2134 501 2173; x_wconf 88' lang='lat' dir='ltr'><strong>ac</strong></span> <span class='ocrx_word' id='word_1_294' title='bbox 533 2117 819 2173; x_wconf 63' lang='lat' dir='ltr'><strong>mundana:</strong></span> <span class='ocrx_word' id='word_1_295' title='bbox 851 2118 1093 2171; x_wconf 72' lang='lat' dir='ltr'><strong>materiae</strong></span> <span class='ocrx_word' id='word_1_296' title='bbox 1118 2115 1317 2184; x_wconf 89' lang='lat' dir='ltr'><strong>aliquid</strong></span> <span class='ocrx_word' id='word_1_297' title='bbox 1349 2115 1523 2169; x_wconf 92' lang='lat' dir='ltr'><strong>adhuc</strong></span> <span class='ocrx_word' id='word_1_298' title='bbox 1570 2130 1801 2183; x_wconf 84' lang='lat' dir='ltr'><strong>sptrans,</strong></span> <span class='ocrx_word' id='word_1_299' title='bbox 1846 2116 2190 2185; x_wconf 89' lang='lat' dir='ltr'><strong>nondumque</strong></span> <span class='ocrx_word' id='word_1_300' title='bbox 2220 2117 2272 2171; x_wconf 89' lang='lat' dir='ltr'><strong>in</strong></span> <span class='ocrx_word' id='word_1_301' title='bbox 2308 2116 2437 2187; x_wconf 77' lang='lat' dir='ltr'><strong>his,</strong></span> <span class='ocrx_word' id='word_1_302' title='bbox 2477 2132 2596 2187; x_wconf 66' lang='lat' dir='ltr'><strong>quae</strong></span> <span class='ocrx_word' id='word_1_303' title='bbox 2643 2115 2876 2184; x_wconf 89' lang='lat' dir='ltr'><strong>Spiritus</strong></span> <span class='ocrx_word' id='word_1_304' title='bbox 2942 2126 3118 2183; x_wconf 90' lang='lat' dir='ltr'><strong>erant,</strong></span> <span class='ocrx_word' id='word_1_305' title='bbox 3168 2118 3491 2171; x_wconf 62' lang='lat' dir='ltr'><strong>instructus,</strong></span> 
     </span>
    </p>
   </div>
   <div class='ocr_carea' id='block_1_43' title="bbox 212 2206 3490 2280">
    <p class='ocr_par' dir='ltr' id='par_1_43' title="bbox 212 2206 3490 2280">
     <span class='ocr_line' id='line_1_43' title="bbox 212 2206 3490 2280; baseline -0.002 -17"><span class='ocrx_word' id='word_1_306' title='bbox 212 2225 282 2265; x_wconf 90' lang='lat' dir='ltr'><strong>ac</strong></span> <span class='ocrx_word' id='word_1_307' title='bbox 346 2209 609 2280; x_wconf 74' lang='lat' dir='ltr'><strong>praeterea</strong></span> <span class='ocrx_word' id='word_1_308' title='bbox 676 2208 879 2280; x_wconf 75' lang='lat' dir='ltr'><strong>ingenti</strong></span> <span class='ocrx_word' id='word_1_309' title='bbox 925 2215 1243 2276; x_wconf 88' lang='lat' dir='ltr'><strong>tempestate</strong></span> <span class='ocrx_word' id='word_1_310' title='bbox 1295 2206 1530 2274; x_wconf 88' lang='lat' dir='ltr'><strong>undique</strong></span> <span class='ocrx_word' id='word_1_311' title='bbox 1586 2217 1872 2272; x_wconf 68' lang='lat' dir='ltr'><strong>arstuante,</strong></span> <span class='ocrx_word' id='word_1_312' title='bbox 1916 2207 2078 2277; x_wconf 83' lang='lat'><strong>797</strong></span> <span class='ocrx_word' id='word_1_313' title='bbox 2113 2217 2278 2277; x_wconf 88' lang='lat' dir='ltr'><strong>atque</strong></span> <span class='ocrx_word' id='word_1_314' title='bbox 2311 2207 2716 2261; x_wconf 88' lang='lat' dir='ltr'><strong>imminentibus</strong></span> <span class='ocrx_word' id='word_1_315' title='bbox 2756 2206 3011 2261; x_wconf 74' lang='lat' dir='ltr'><strong>Ecclesia:</strong></span> <span class='ocrx_word' id='word_1_316' title='bbox 3057 2206 3323 2271; x_wconf 90' lang='lat' dir='ltr'><strong>hostibus,</strong></span> <span class='ocrx_word' id='word_1_317' title='bbox 3353 2220 3490 2275; x_wconf 88' lang='lat' dir='ltr'><strong>opus</strong></span> 
     </span>
    </p>
   </div>
   <div class='ocr_carea' id='block_1_44' title="bbox 212 2298 3491 2371">
    <p class='ocr_par' dir='ltr' id='par_1_44' title="bbox 212 2298 3491 2371">
     <span class='ocr_line' id='line_1_44' title="bbox 212 2298 3491 2371; baseline -0.002 -13"><span class='ocrx_word' id='word_1_318' title='bbox 212 2304 454 2358; x_wconf 80' lang='lat' dir='ltr'><strong>habebat</strong></span> <span class='ocrx_word' id='word_1_319' title='bbox 485 2303 725 2367; x_wconf 83' lang='lat' dir='ltr'><strong>homine,</strong></span> <span class='ocrx_word' id='word_1_320' title='bbox 759 2318 786 2356; x_wconf 94' lang='lat' dir='ltr'><strong>a</strong></span> <span class='ocrx_word' id='word_1_321' title='bbox 811 2316 918 2371; x_wconf 93' lang='lat' dir='ltr'><strong>quo</strong></span> <span class='ocrx_word' id='word_1_322' title='bbox 939 2299 1084 2353; x_wconf 90' lang='lat' dir='ltr'><strong>velut</strong></span> <span class='ocrx_word' id='word_1_323' title='bbox 1136 2305 1380 2368; x_wconf 86' lang='lat' dir='ltr'><strong>porrecta</strong></span> <span class='ocrx_word' id='word_1_324' title='bbox 1442 2313 1604 2352; x_wconf 88' lang='lat' dir='ltr'><strong>manu</strong></span> <span class='ocrx_word' id='word_1_325' title='bbox 1668 2298 1957 2353; x_wconf 86' lang='lat' dir='ltr'><strong>duceretur</strong></span> <span class='ocrx_word' id='word_1_326' title='bbox 2018 2310 2073 2354; x_wconf 89' lang='lat' dir='ltr'><strong>et</strong></span> <span class='ocrx_word' id='word_1_327' title='bbox 2135 2299 2435 2354; x_wconf 77' lang='lat' dir='ltr'><strong>l‘ulciretur.</strong></span> <span class='ocrx_word' id='word_1_328' title='bbox 2468 2300 2828 2366; x_wconf 84' lang='lat' dir='ltr'><strong>Quamobrem</strong></span> <span class='ocrx_word' id='word_1_329' title='bbox 2880 2299 3047 2367; x_wconf 85' lang='lat' dir='ltr'><strong>ipsius</strong></span> <span class='ocrx_word' id='word_1_330' title='bbox 3077 2298 3335 2352; x_wconf 84' lang='lat' dir='ltr'><strong>auxilium</strong></span> <span class='ocrx_word' id='word_1_331' title='bbox 3367 2313 3491 2351; x_wconf 82' lang='lat' dir='ltr'><strong>am-</strong></span> 
     </span>
    </p>
   </div>
   <div class='ocr_carea' id='block_1_45' title="bbox 210 2394 1879 2471">
    <p class='ocr_par' dir='ltr' id='par_1_45' title="bbox 210 2394 1879 2471">
     <span class='ocr_line' id='line_1_45' title="bbox 210 2394 1879 2471; baseline 0.006 -26"><span class='ocrx_word' id='word_1_332' title='bbox 210 2394 556 2464; x_wconf 77' lang='lat' dir='ltr'><strong>plectebatur</strong></span> <span class='ocrx_word' id='word_1_333' title='bbox 585 2434 600 2459; x_wconf 94' lang='lat'><strong>,</strong></span> <span class='ocrx_word' id='word_1_334' title='bbox 631 2409 802 2463; x_wconf 90' lang='lat' dir='ltr'><strong>eoque</strong></span> <span class='ocrx_word' id='word_1_335' title='bbox 851 2399 1057 2454; x_wconf 79' lang='lat' dir='ltr'><strong>victore</strong></span> <span class='ocrx_word' id='word_1_336' title='bbox 1078 2440 1092 2463; x_wconf 90' lang='lat'><strong>,</strong></span> <span class='ocrx_word' id='word_1_337' title='bbox 1120 2415 1177 2454; x_wconf 89' lang='lat' dir='ltr'><strong>se</strong></span> <span class='ocrx_word' id='word_1_338' title='bbox 1205 2399 1317 2469; x_wconf 87' lang='lat' dir='ltr'><strong>ipse</strong></span> <span class='ocrx_word' id='word_1_339' title='bbox 1351 2399 1605 2455; x_wconf 84' lang='lat' dir='ltr'><strong>victorem</strong></span> <span class='ocrx_word' id='word_1_340' title='bbox 1640 2401 1879 2471; x_wconf 86' lang='lat' dir='ltr'><strong>putabat.</strong></span> 
     </span>
    </p>
   </div>
   <div class='ocr_carea' id='block_1_46' title="bbox 283 2485 1808 2563">
    <p class='ocr_par' dir='ltr' id='par_1_46' title="bbox 283 2485 1808 2563">
     <span class='ocr_line' id='line_1_46' title="bbox 283 2485 1808 2563; baseline 0.003 -23"><span class='ocrx_word' id='word_1_341' title='bbox 283 2488 415 2540; x_wconf 79' lang='lat' dir='ltr'><strong>AA’.</strong></span> <span class='ocrx_word' id='word_1_342' title='bbox 446 2485 560 2555; x_wconf 81' lang='grc' dir='ltr'><strong>Τῆς</strong></span> <span class='ocrx_word' id='word_1_343' title='bbox 587 2485 644 2537; x_wconf 82' lang='grc' dir='ltr'>δὲ</span> <span class='ocrx_word' id='word_1_344' title='bbox 685 2488 812 2559; x_wconf 72' lang='grc' dir='ltr'>περ).</span> <span class='ocrx_word' id='word_1_345' title='bbox 837 2489 934 2559; x_wconf 79' lang='grc' dir='ltr'>τὴν</span> <span class='ocrx_word' id='word_1_346' title='bbox 986 2491 1310 2562; x_wconf 81' lang='grc' dir='ltr'>Ἐκκλησίαν</span> <span class='ocrx_word' id='word_1_347' title='bbox 1360 2491 1455 2543; x_wconf 81' lang='grc' dir='ltr'>τοῦ</span> <span class='ocrx_word' id='word_1_348' title='bbox 1489 2492 1682 2562; x_wconf 78' lang='grc' dir='ltr'>ἀνδρὸς</span> <span class='ocrx_word' id='word_1_349' title='bbox 1706 2510 1808 2563; x_wconf 84' lang='grc' dir='ltr'>κη-</span> 
     </span>
    </p>
   </div>
   <div class='ocr_carea' id='block_1_47' title="bbox 207 2578 1808 2655">
    <p class='ocr_par' dir='ltr' id='par_1_47' title="bbox 207 2578 1808 2655">
     <span class='ocr_line' id='line_1_47' title="bbox 207 2578 1808 2655; baseline 0.004 -23"><span class='ocrx_word' id='word_1_350' title='bbox 207 2578 471 2648; x_wconf 84' lang='grc' dir='ltr'>δεμονίας</span> <span class='ocrx_word' id='word_1_351' title='bbox 500 2579 596 2632; x_wconf 78' lang='grc' dir='ltr'><strong>καὶ</strong></span> <span class='ocrx_word' id='word_1_352' title='bbox 626 2583 983 2650; x_wconf 85' lang='grc' dir='ltr'>προστασίας,</span> <span class='ocrx_word' id='word_1_353' title='bbox 1039 2584 1208 2638; x_wconf 77' lang='grc' dir='ltr'>πολλὰ</span> <span class='ocrx_word' id='word_1_354' title='bbox 1253 2584 1350 2655; x_wconf 83' lang='grc' dir='ltr'><strong>μὲν</strong></span> <span class='ocrx_word' id='word_1_355' title='bbox 1383 2584 1476 2636; x_wconf 80' lang='grc' dir='ltr'>καὶ</span> <span class='ocrx_word' id='word_1_356' title='bbox 1500 2585 1635 2638; x_wconf 83' lang='grc' dir='ltr'>ἄλλα</span> <span class='ocrx_word' id='word_1_357' title='bbox 1665 2600 1808 2653; x_wconf 87' lang='grc' dir='ltr'>γνω-</span> 
     </span>
    </p>
   </div>
   <div class='ocr_carea' id='block_1_48' title="bbox 211 2670 1801 2746">
    <p class='ocr_par' dir='ltr' id='par_1_48' title="bbox 211 2670 1801 2746">
     <span class='ocr_line' id='line_1_48' title="bbox 211 2670 1801 2746; baseline 0.006 -25"><span class='ocrx_word' id='word_1_358' title='bbox 211 2670 483 2740; x_wconf 84' lang='grc' dir='ltr'>ρίσματα·</span> <span class='ocrx_word' id='word_1_359' title='bbox 524 2672 806 2743; x_wconf 77' lang='grc' dir='ltr'>παρρησία</span> <span class='ocrx_word' id='word_1_360' title='bbox 848 2674 983 2744; x_wconf 77' lang='grc' dir='ltr'>πρὸς</span> <span class='ocrx_word' id='word_1_361' title='bbox 1017 2676 1312 2746; x_wconf 79' lang='grc' dir='ltr'>ἄρχοντας,</span> <span class='ocrx_word' id='word_1_362' title='bbox 1351 2675 1477 2739; x_wconf 87' lang='grc' dir='ltr'>τούς</span> <span class='ocrx_word' id='word_1_363' title='bbox 1505 2693 1565 2729; x_wconf 88' lang='grc' dir='ltr'><strong>τε</strong></span> <span class='ocrx_word' id='word_1_364' title='bbox 1591 2675 1801 2742; x_wconf 76' lang='grc' dir='ltr'>ἄλλους,</span> 
     </span>
    </p>
   </div>
   <div class='ocr_carea' id='block_1_49' title="bbox 207 2761 1803 2839">
    <p class='ocr_par' dir='ltr' id='par_1_49' title="bbox 207 2761 1803 2839">
     <span class='ocr_line' id='line_1_49' title="bbox 207 2761 1803 2839; baseline 0.003 -23"><span class='ocrx_word' id='word_1_365' title='bbox 207 2762 471 2825; x_wconf 73' lang='grc' dir='ltr'>καὶτοὺς</span> <span class='ocrx_word' id='word_1_366' title='bbox 504 2761 911 2829; x_wconf 84' lang='grc' dir='ltr'>δυνατωτάτους</span> <span class='ocrx_word' id='word_1_367' title='bbox 966 2768 1064 2837; x_wconf 84' lang='grc' dir='ltr'><strong>τῆς</strong></span> <span class='ocrx_word' id='word_1_368' title='bbox 1109 2766 1335 2830; x_wconf 73' lang='grc' dir='ltr'>πόλεως’</span> <span class='ocrx_word' id='word_1_369' title='bbox 1391 2767 1662 2839; x_wconf 81' lang='grc' dir='ltr'>διαφορῶν</span> <span class='ocrx_word' id='word_1_370' title='bbox 1708 2766 1803 2819; x_wconf 91' lang='grc' dir='ltr'>λύ-</span> 
     </span>
    </p>
   </div>
   <div class='ocr_carea' id='block_1_50' title="bbox 208 2853 1801 2928">
    <p class='ocr_par' dir='ltr' id='par_1_50' title="bbox 208 2853 1801 2928">
     <span class='ocr_line' id='line_1_50' title="bbox 208 2853 1801 2928; baseline 0.002 -21"><span class='ocrx_word' id='word_1_371' title='bbox 208 2870 330 2917; x_wconf 71' lang='lat' dir='ltr'><strong>cst;</strong></span> <span class='ocrx_word' id='word_1_372' title='bbox 356 2853 469 2924; x_wconf 91' lang='lat'><strong>(99)</strong></span> <span class='ocrx_word' id='word_1_373' title='bbox 506 2855 607 2907; x_wconf 85' lang='grc' dir='ltr'><strong>ούκ</strong></span> <span class='ocrx_word' id='word_1_374' title='bbox 662 2856 1080 2927; x_wconf 84' lang='grc' dir='ltr'>ἀπιστούμεναι,</span> <span class='ocrx_word' id='word_1_375' title='bbox 1134 2858 1248 2911; x_wconf 77' lang='grc' dir='ltr'>ἀλλ’</span> <span class='ocrx_word' id='word_1_376' title='bbox 1295 2856 1400 2910; x_wconf 84' lang='grc' dir='ltr'><strong>ὑπὸ</strong></span> <span class='ocrx_word' id='word_1_377' title='bbox 1443 2857 1542 2928; x_wconf 75' lang='grc' dir='ltr'>τῆς</span> <span class='ocrx_word' id='word_1_378' title='bbox 1590 2857 1801 2911; x_wconf 88' lang='grc' dir='ltr'>ἐκείνου</span> 
     </span>
    </p>
   </div>
   <div class='ocr_carea' id='block_1_51' title="bbox 204 2946 1798 3022">
    <p class='ocr_par' dir='ltr' id='par_1_51' title="bbox 204 2946 1798 3022">
     <span class='ocr_line' id='line_1_51' title="bbox 204 2946 1798 3022; baseline 0.003 -24"><span class='ocrx_word' id='word_1_379' title='bbox 204 2946 400 3017; x_wconf 69' lang='grc' dir='ltr'>φωνῆς</span> <span class='ocrx_word' id='word_1_380' title='bbox 433 2947 802 3019; x_wconf 89' lang='grc' dir='ltr'>τυπούμεναι,</span> <span class='ocrx_word' id='word_1_381' title='bbox 862 2950 1011 3020; x_wconf 87' lang='grc' dir='ltr'>νόμῳ</span> <span class='ocrx_word' id='word_1_382' title='bbox 1064 2949 1141 3020; x_wconf 83' lang='grc' dir='ltr'>τῷ</span> <span class='ocrx_word' id='word_1_383' title='bbox 1174 2952 1358 3022; x_wconf 87' lang='grc' dir='ltr'>τρόπῳ</span> <span class='ocrx_word' id='word_1_384' title='bbox 1395 2950 1470 3020; x_wconf 77' lang='grc'>(1)</span> <span class='ocrx_word' id='word_1_385' title='bbox 1499 2948 1798 3021; x_wconf 81' lang='grc' dir='ltr'>χρώμεναι’</span> 
     </span>
    </p>
   </div>
   <div class='ocr_carea' id='block_1_52' title="bbox 1988 2492 3490 2563">
    <p class='ocr_par' dir='ltr' id='par_1_52' title="bbox 1988 2492 3490 2563">
     <span class='ocr_line' id='line_1_52' title="bbox 1988 2492 3490 2563; baseline 0.001 -16"><span class='ocrx_word' id='word_1_386' title='bbox 1988 2492 2226 2549; x_wconf 80' lang='lat' dir='ltr'><strong>XXXIV.</strong></span> <span class='ocrx_word' id='word_1_387' title='bbox 2266 2492 2386 2549; x_wconf 81' lang='lat' dir='ltr'><strong>Jam</strong></span> <span class='ocrx_word' id='word_1_388' title='bbox 2438 2507 2568 2549; x_wconf 84' lang='lat' dir='ltr'><strong>vero</strong></span> <span class='ocrx_word' id='word_1_389' title='bbox 2612 2492 2779 2563; x_wconf 88' lang='lat' dir='ltr'><strong>ipsius</strong></span> <span class='ocrx_word' id='word_1_390' title='bbox 2833 2508 2959 2562; x_wconf 87' lang='lat' dir='ltr'><strong>erga</strong></span> <span class='ocrx_word' id='word_1_391' title='bbox 3004 2492 3296 2548; x_wconf 90' lang='lat' dir='ltr'><strong>Ecclesiam</strong></span> <span class='ocrx_word' id='word_1_392' title='bbox 3343 2507 3490 2548; x_wconf 71' lang='lat' dir='ltr'><strong>cura:</strong></span> 
     </span>
    </p>
   </div>
   <div class='ocr_carea' id='block_1_53' title="bbox 1910 2583 3493 2655">
    <p class='ocr_par' dir='ltr' id='par_1_53' title="bbox 1910 2583 3493 2655">
     <span class='ocr_line' id='line_1_53' title="bbox 1910 2583 3493 2655; baseline 0 -16"><span class='ocrx_word' id='word_1_393' title='bbox 1910 2598 1975 2640; x_wconf 90' lang='lat' dir='ltr'><strong>ac</strong></span> <span class='ocrx_word' id='word_1_394' title='bbox 2012 2585 2269 2655; x_wconf 65' lang='lat' dir='ltr'><strong>praesidii,</strong></span> <span class='ocrx_word' id='word_1_395' title='bbox 2307 2583 2474 2638; x_wconf 90' lang='lat' dir='ltr'><strong>multa</strong></span> <span class='ocrx_word' id='word_1_396' title='bbox 2504 2585 2608 2638; x_wconf 88' lang='lat' dir='ltr'><strong>alia</strong></span> <span class='ocrx_word' id='word_1_397' title='bbox 2642 2584 2859 2653; x_wconf 89' lang='lat' dir='ltr'><strong>quidem</strong></span> <span class='ocrx_word' id='word_1_398' title='bbox 2896 2584 3091 2639; x_wconf 90' lang='lat' dir='ltr'><strong>indicia</strong></span> <span class='ocrx_word' id='word_1_399' title='bbox 3138 2591 3264 2638; x_wconf 84' lang='lat' dir='ltr'><strong>sunt</strong></span> <span class='ocrx_word' id='word_1_400' title='bbox 3292 2601 3307 2638; x_wconf 92' lang='lat'><strong>:</strong></span> <span class='ocrx_word' id='word_1_401' title='bbox 3339 2583 3493 2639; x_wconf 83' lang='lat' dir='ltr'><strong>nimi-</strong></span> 
     </span>
    </p>
   </div>
   <div class='ocr_carea' id='block_1_54' title="bbox 1914 2674 3488 2744">
    <p class='ocr_par' dir='ltr' id='par_1_54' title="bbox 1914 2674 3488 2744">
     <span class='ocr_line' id='line_1_54' title="bbox 1914 2674 3488 2744; baseline 0 -15"><span class='ocrx_word' id='word_1_402' title='bbox 1914 2690 2058 2741; x_wconf 90' lang='lat' dir='ltr'><strong>rum,</strong></span> <span class='ocrx_word' id='word_1_403' title='bbox 2082 2675 2291 2729; x_wconf 87' lang='lat' dir='ltr'><strong>dicendi</strong></span> <span class='ocrx_word' id='word_1_404' title='bbox 2326 2674 2550 2729; x_wconf 89' lang='lat' dir='ltr'><strong>libertas</strong></span> <span class='ocrx_word' id='word_1_405' title='bbox 2578 2675 2719 2743; x_wconf 89' lang='lat' dir='ltr'><strong>apud</strong></span> <span class='ocrx_word' id='word_1_406' title='bbox 2747 2675 3023 2744; x_wconf 65' lang='lat' dir='ltr'><strong>praesides,</strong></span> <span class='ocrx_word' id='word_1_407' title='bbox 3054 2690 3176 2729; x_wconf 92' lang='lat' dir='ltr'><strong>cum</strong></span> <span class='ocrx_word' id='word_1_408' title='bbox 3194 2674 3349 2737; x_wconf 88' lang='lat' dir='ltr'><strong>alios,</strong></span> <span class='ocrx_word' id='word_1_409' title='bbox 3376 2683 3488 2729; x_wconf 88' lang='lat' dir='ltr'><strong>tum</strong></span> 
     </span>
    </p>
   </div>
   <div class='ocr_carea' id='block_1_55' title="bbox 1913 2765 3488 2835">
    <p class='ocr_par' dir='ltr' id='par_1_55' title="bbox 1913 2765 3488 2835">
     <span class='ocr_line' id='line_1_55' title="bbox 1913 2765 3488 2835; baseline -0.001 -15"><span class='ocrx_word' id='word_1_410' title='bbox 1913 2766 2319 2835; x_wconf 88' lang='lat' dir='ltr'><strong>potentissimos</strong></span> <span class='ocrx_word' id='word_1_411' title='bbox 2377 2780 2621 2834; x_wconf 89' lang='lat' dir='ltr'><strong>quosque</strong></span> <span class='ocrx_word' id='word_1_412' title='bbox 2675 2765 2942 2831; x_wconf 88' lang='lat' dir='ltr'><strong>civitatis;</strong></span> <span class='ocrx_word' id='word_1_413' title='bbox 2996 2765 3488 2820; x_wconf 87' lang='lat' dir='ltr'><strong>controversiarum</strong></span> 
     </span>
    </p>
   </div>
   <div class='ocr_carea' id='block_1_56' title="bbox 1912 2856 3492 2927">
    <p class='ocr_par' dir='ltr' id='par_1_56' title="bbox 1912 2856 3492 2927">
     <span class='ocr_line' id='line_1_56' title="bbox 1912 2856 3492 2927; baseline 0.002 -17"><span class='ocrx_word' id='word_1_414' title='bbox 1912 2856 2302 2925; x_wconf 87' lang='lat' dir='ltr'><strong>diremptiones</strong></span> <span class='ocrx_word' id='word_1_415' title='bbox 2337 2871 2678 2925; x_wconf 84' lang='lat' dir='ltr'><strong>nequaquam</strong></span> <span class='ocrx_word' id='word_1_416' title='bbox 2702 2866 2984 2925; x_wconf 68' lang='lat' dir='ltr'><strong>suspectae,</strong></span> <span class='ocrx_word' id='word_1_417' title='bbox 3010 2859 3103 2911; x_wconf 91' lang='lat' dir='ltr'><strong>sed</strong></span> <span class='ocrx_word' id='word_1_418' title='bbox 3128 2858 3194 2911; x_wconf 89' lang='lat' dir='ltr'><strong>ab</strong></span> <span class='ocrx_word' id='word_1_419' title='bbox 3217 2857 3334 2927; x_wconf 90' lang='lat' dir='ltr'><strong>ejus</strong></span> <span class='ocrx_word' id='word_1_420' title='bbox 3359 2871 3492 2913; x_wconf 87' lang='lat' dir='ltr'><strong>voce</strong></span> 
     </span>
    </p>
   </div>
   <div class='ocr_carea' id='block_1_57' title="bbox 1913 2946 3486 3016">
    <p class='ocr_par' dir='ltr' id='par_1_57' title="bbox 1913 2946 3486 3016">
     <span class='ocr_line' id='line_1_57' title="bbox 1913 2946 3486 3016; baseline 0.003 -18"><span class='ocrx_word' id='word_1_421' title='bbox 1913 2946 2178 3010; x_wconf 62' lang='lat' dir='ltr'><strong>formata},</strong></span> <span class='ocrx_word' id='word_1_422' title='bbox 2205 2955 2261 3001; x_wconf 90' lang='lat' dir='ltr'><strong>et</strong></span> <span class='ocrx_word' id='word_1_423' title='bbox 2289 2946 2500 3000; x_wconf 89' lang='lat' dir='ltr'><strong>ratione</strong></span> <span class='ocrx_word' id='word_1_424' title='bbox 2536 2947 2713 3012; x_wconf 89' lang='lat' dir='ltr'><strong>modi,</strong></span> <span class='ocrx_word' id='word_1_425' title='bbox 2763 2948 2940 3016; x_wconf 81' lang='lat' dir='ltr'><strong>legum</strong></span> <span class='ocrx_word' id='word_1_426' title='bbox 2987 2948 3156 3002; x_wconf 87' lang='lat' dir='ltr'><strong>instar</strong></span> <span class='ocrx_word' id='word_1_427' title='bbox 3195 2949 3486 3016; x_wconf 70' lang='lat' dir='ltr'><strong>adhibitae;</strong></span> 
     </span>
    </p>
   </div>
   <div class='ocr_carea' id='block_1_58' title="bbox 204 3029 1821 3111">
    <p class='ocr_par' dir='ltr' id='par_1_58' title="bbox 204 3037 1804 3111">
     <span class='ocr_line' id='line_1_58' title="bbox 204 3037 1804 3111; baseline 0.004 -24"><span class='ocrx_word' id='word_1_428' title='bbox 204 3037 541 3107; x_wconf 81' lang='grc' dir='ltr'>προστασίαι</span> <span class='ocrx_word' id='word_1_429' title='bbox 570 3038 679 3092; x_wconf 84' lang='grc' dir='ltr'><strong>τῶν</strong></span> <span class='ocrx_word' id='word_1_430' title='bbox 726 3038 1028 3109; x_wconf 84' lang='grc' dir='ltr'>δεομένων,</span> <span class='ocrx_word' id='word_1_431' title='bbox 1075 3040 1131 3091; x_wconf 82' lang='grc' dir='ltr'>αἱ</span> <span class='ocrx_word' id='word_1_432' title='bbox 1172 3040 1271 3111; x_wconf 81' lang='grc' dir='ltr'><strong>μὲν</strong></span> <span class='ocrx_word' id='word_1_433' title='bbox 1308 3038 1525 3103; x_wconf 87' lang='grc' dir='ltr'>πλείους</span> <span class='ocrx_word' id='word_1_434' title='bbox 1560 3056 1804 3109; x_wconf 86' lang='grc' dir='ltr'>πνευμα-</span> 
     </span>
    </p>
   </div>
   <div class='ocr_carea' id='block_1_59' title="bbox 1908 3029 3485 3111">
    <p class='ocr_par' dir='ltr' id='par_1_59' title="bbox 1908 3037 3485 3109">
     <span class='ocr_line' id='line_1_59' title="bbox 1908 3037 3485 3109; baseline 0.001 -17"><span class='ocrx_word' id='word_1_435' title='bbox 1908 3037 2179 3107; x_wconf 81' lang='lat' dir='ltr'><strong>egentium</strong></span> <span class='ocrx_word' id='word_1_436' title='bbox 2235 3038 2576 3106; x_wconf 87' lang='lat' dir='ltr'><strong>patrocinia,</strong></span> <span class='ocrx_word' id='word_1_437' title='bbox 2640 3038 2794 3107; x_wconf 88' lang='lat' dir='ltr'><strong>plura</strong></span> <span class='ocrx_word' id='word_1_438' title='bbox 2863 3039 3077 3108; x_wconf 87' lang='lat' dir='ltr'><strong>quidem</strong></span> <span class='ocrx_word' id='word_1_439' title='bbox 3146 3040 3485 3109; x_wconf 88' lang='lat' dir='ltr'><strong>spiritualia,</strong></span> 
     </span>
    </p>
   </div>
   <div class='ocr_carea' id='block_1_60' title="bbox 201 3129 1801 3203">
    <p class='ocr_par' dir='ltr' id='par_1_60' title="bbox 201 3129 1801 3203">
     <span class='ocr_line' id='line_1_60' title="bbox 201 3129 1801 3203; baseline 0.002 -22"><span class='ocrx_word' id='word_1_440' title='bbox 201 3129 361 3182; x_wconf 76' lang='grc' dir='ltr'>τικαὶ</span> <span class='ocrx_word' id='word_1_441' title='bbox 386 3170 402 3196; x_wconf 92' lang='grc'><strong>,</strong></span> <span class='ocrx_word' id='word_1_442' title='bbox 460 3130 561 3183; x_wconf 85' lang='grc' dir='ltr'><strong>ούκ</strong></span> <span class='ocrx_word' id='word_1_443' title='bbox 602 3130 777 3200; x_wconf 84' lang='grc' dir='ltr'>ὀλίγαι</span> <span class='ocrx_word' id='word_1_444' title='bbox 822 3131 878 3183; x_wconf 81' lang='grc' dir='ltr'>δὲ</span> <span class='ocrx_word' id='word_1_445' title='bbox 914 3133 1010 3185; x_wconf 73' lang='grc' dir='ltr'><strong>καὶ</strong></span> <span class='ocrx_word' id='word_1_446' title='bbox 1070 3133 1378 3203; x_wconf 77' lang='grc' dir='ltr'>σωματικαὶ</span> <span class='ocrx_word' id='word_1_447' title='bbox 1413 3130 1529 3202; x_wconf 70' lang='grc' dir='ltr'>(καὶ</span> <span class='ocrx_word' id='word_1_448' title='bbox 1562 3130 1669 3202; x_wconf 81' lang='grc' dir='ltr'>γὰρ</span> <span class='ocrx_word' id='word_1_449' title='bbox 1707 3132 1801 3184; x_wconf 86' lang='grc' dir='ltr'><strong>καί</strong></span> 
     </span>
    </p>
   </div>
   <div class='ocr_carea' id='block_1_61' title="bbox 201 3221 1801 3294">
    <p class='ocr_par' dir='ltr' id='par_1_61' title="bbox 201 3221 1801 3294">
     <span class='ocr_line' id='line_1_61' title="bbox 201 3221 1801 3294; baseline 0.001 -21"><span class='ocrx_word' id='word_1_450' title='bbox 201 3221 369 3274; x_wconf 74' lang='grc' dir='ltr'>τοῦτο</span> <span class='ocrx_word' id='word_1_451' title='bbox 408 3222 672 3286; x_wconf 86' lang='grc' dir='ltr'>πολλάκις</span> <span class='ocrx_word' id='word_1_452' title='bbox 697 3225 778 3286; x_wconf 80' lang='grc' dir='ltr'><strong>είς</strong></span> <span class='ocrx_word' id='word_1_453' title='bbox 816 3223 992 3294; x_wconf 70' lang='grc' dir='ltr'>ψυχὴν</span> <span class='ocrx_word' id='word_1_454' title='bbox 1051 3223 1206 3294; x_wconf 80' lang='grc' dir='ltr'>φέρει</span> <span class='ocrx_word' id='word_1_455' title='bbox 1236 3223 1303 3276; x_wconf 84' lang='grc' dir='ltr'>δι’</span> <span class='ocrx_word' id='word_1_456' title='bbox 1339 3223 1551 3286; x_wconf 79' lang='grc' dir='ltr'>εὐνοίας</span> <span class='ocrx_word' id='word_1_457' title='bbox 1581 3222 1801 3276; x_wconf 84' lang='grc' dir='ltr'>δουλού-</span> 
     </span>
    </p>
   </div>
   <div class='ocr_carea' id='block_1_62' title="bbox 203 3311 1796 3383">
    <p class='ocr_par' dir='ltr' id='par_1_62' title="bbox 203 3311 1796 3383">
     <span class='ocr_line' id='line_1_62' title="bbox 203 3311 1796 3383; baseline -0.001 -19"><span class='ocrx_word' id='word_1_458' title='bbox 203 3328 374 3382; x_wconf 84' lang='grc' dir='ltr'>μενον</span> <span class='ocrx_word' id='word_1_459' title='bbox 388 3311 514 3383; x_wconf 57' lang='grc'><strong>[29⁸</strong></span> <span class='ocrx_word' id='word_1_460' title='bbox 547 3312 972 3383; x_wconf 86' lang='grc' dir='ltr'>πτωχοτροφίαι,</span> <span class='ocrx_word' id='word_1_461' title='bbox 1004 3312 1317 3383; x_wconf 79' lang='grc' dir='ltr'>ξενοδοχίαι,</span> <span class='ocrx_word' id='word_1_462' title='bbox 1348 3312 1796 3383; x_wconf 85' lang='grc' dir='ltr'>παρθενοκομίαι·</span> 
     </span>
    </p>
   </div>
   <div class='ocr_carea' id='block_1_63' title="bbox 202 3404 1796 3476">
    <p class='ocr_par' dir='ltr' id='par_1_63' title="bbox 202 3404 1796 3476">
     <span class='ocr_line' id='line_1_63' title="bbox 202 3404 1796 3476; baseline -0.001 -18"><span class='ocrx_word' id='word_1_463' title='bbox 202 3404 525 3475; x_wconf 85' lang='grc' dir='ltr'>νομοθεσίαι</span> <span class='ocrx_word' id='word_1_464' title='bbox 560 3404 840 3475; x_wconf 80' lang='grc' dir='ltr'>μοναστῶν</span> <span class='ocrx_word' id='word_1_465' title='bbox 864 3406 963 3475; x_wconf 81' lang='grc'>(5),</span> <span class='ocrx_word' id='word_1_466' title='bbox 1019 3405 1287 3476; x_wconf 80' lang='grc' dir='ltr'>ἐγγραφοί</span> <span class='ocrx_word' id='word_1_467' title='bbox 1324 3422 1383 3457; x_wconf 89' lang='grc' dir='ltr'><strong>τε</strong></span> <span class='ocrx_word' id='word_1_468' title='bbox 1414 3404 1507 3457; x_wconf 73' lang='grc' dir='ltr'><strong>καὶ</strong></span> <span class='ocrx_word' id='word_1_469' title='bbox 1538 3404 1796 3475; x_wconf 67' lang='grc' dir='ltr'>ἄγραφον</span> 
     </span>
    </p>
   </div>
   <div class='ocr_carea' id='block_1_64' title="bbox 201 3498 1800 3571">
    <p class='ocr_par' dir='ltr' id='par_1_64' title="bbox 201 3498 1800 3571">
     <span class='ocr_line' id='line_1_64' title="bbox 201 3498 1800 3571; baseline 0.001 -20"><span class='ocrx_word' id='word_1_470' title='bbox 201 3498 387 3569; x_wconf 79' lang='grc' dir='ltr'>εὐχῶν</span> <span class='ocrx_word' id='word_1_471' title='bbox 408 3498 681 3563; x_wconf 79' lang='grc' dir='ltr'>διατάξεις</span> <span class='ocrx_word' id='word_1_472' title='bbox 710 3499 807 3570; x_wconf 71' lang='grc'>(4),</span> <span class='ocrx_word' id='word_1_473' title='bbox 839 3500 1129 3571; x_wconf 81' lang='grc' dir='ltr'>εὐκοσμίαι</span> <span class='ocrx_word' id='word_1_474' title='bbox 1158 3499 1253 3553; x_wconf 82' lang='grc' dir='ltr'>τοῦ</span> <span class='ocrx_word' id='word_1_475' title='bbox 1273 3499 1532 3571; x_wconf 82' lang='grc' dir='ltr'>βήματος,</span> <span class='ocrx_word' id='word_1_476' title='bbox 1573 3498 1640 3552; x_wconf 82' lang='grc' dir='ltr'>τὰ</span> <span class='ocrx_word' id='word_1_477' title='bbox 1668 3499 1800 3553; x_wconf 76' lang='grc' dir='ltr'>ἄλλα</span> 
     </span>
    </p>
   </div>
   <div class='ocr_carea' id='block_1_65' title="bbox 202 3580 1798 3659">
    <p class='ocr_par' dir='ltr' id='par_1_65' title="bbox 202 3580 1798 3659">
     <span class='ocr_line' id='line_1_65' title="bbox 202 3580 1798 3659; baseline 0.003 -23"><span class='ocrx_word' id='word_1_478' title='bbox 202 3580 288 3647; x_wconf 74' lang='grc' dir='ltr'>οἷς</span> <span class='ocrx_word' id='word_1_479' title='bbox 318 3582 389 3637; x_wconf 83' lang='grc' dir='ltr'><strong>ἂν</strong></span> <span class='ocrx_word' id='word_1_480' title='bbox 419 3587 448 3636; x_wconf 86' lang='grc' dir='ltr'><strong>ό</strong></span> <span class='ocrx_word' id='word_1_481' title='bbox 477 3584 694 3655; x_wconf 84' lang='grc' dir='ltr'>ἀληθῶς</span> <span class='ocrx_word' id='word_1_482' title='bbox 736 3587 1019 3659; x_wconf 83' lang='grc' dir='ltr'>ἅνθρωπος</span> <span class='ocrx_word' id='word_1_483' title='bbox 1052 3587 1145 3641; x_wconf 80' lang='grc' dir='ltr'>τοῦ</span> <span class='ocrx_word' id='word_1_484' title='bbox 1170 3588 1305 3641; x_wconf 79' lang='grc' dir='ltr'><strong>Θεοῦ</strong></span> <span class='ocrx_word' id='word_1_485' title='bbox 1326 3627 1342 3653; x_wconf 92' lang='grc'><strong>,</strong></span> <span class='ocrx_word' id='word_1_486' title='bbox 1377 3587 1471 3642; x_wconf 76' lang='grc' dir='ltr'>καὶ</span> <span class='ocrx_word' id='word_1_487' title='bbox 1504 3588 1641 3658; x_wconf 82' lang='grc' dir='ltr'>μετὰ</span> <span class='ocrx_word' id='word_1_488' title='bbox 1664 3586 1798 3641; x_wconf 84' lang='grc' dir='ltr'><strong>Θεοῦ</strong></span> 
     </span>
    </p>
   </div>
   <div class='ocr_carea' id='block_1_66' title="bbox 201 3674 1799 3748">
    <p class='ocr_par' dir='ltr' id='par_1_66' title="bbox 201 3674 1799 3748">
     <span class='ocr_line' id='line_1_66' title="bbox 201 3674 1799 3748; baseline 0.003 -22"><span class='ocrx_word' id='word_1_489' title='bbox 201 3675 565 3743; x_wconf 86' lang='grc' dir='ltr'>τεταγμένος,</span> <span class='ocrx_word' id='word_1_490' title='bbox 607 3674 734 3729; x_wconf 82' lang='grc' dir='ltr'>λαὸν</span> <span class='ocrx_word' id='word_1_491' title='bbox 765 3676 1120 3747; x_wconf 83' lang='grc' dir='ltr'>ὠφελήσειεν·</span> <span class='ocrx_word' id='word_1_492' title='bbox 1177 3677 1234 3730; x_wconf 80' lang='grc' dir='ltr'>ἓν</span> <span class='ocrx_word' id='word_1_493' title='bbox 1266 3676 1343 3740; x_wconf 82' lang='grc' dir='ltr'>δὲ,</span> <span class='ocrx_word' id='word_1_494' title='bbox 1378 3677 1406 3730; x_wconf 87' lang='grc' dir='ltr'>ὃ</span> <span class='ocrx_word' id='word_1_495' title='bbox 1444 3677 1697 3748; x_wconf 85' lang='grc' dir='ltr'>μέγιστόν</span> <span class='ocrx_word' id='word_1_496' title='bbox 1738 3694 1799 3730; x_wconf 89' lang='grc' dir='ltr'><strong>τε</strong></span> 
     </span>
    </p>
   </div>
   <div class='ocr_carea' id='block_1_67' title="bbox 203 3765 1799 3842">
    <p class='ocr_par' dir='ltr' id='par_1_67' title="bbox 203 3765 1799 3842">
     <span class='ocr_line' id='line_1_67' title="bbox 203 3765 1799 3842; baseline 0.003 -22"><span class='ocrx_word' id='word_1_497' title='bbox 203 3768 299 3820; x_wconf 75' lang='grc' dir='ltr'><strong>καὶ</strong></span> <span class='ocrx_word' id='word_1_498' title='bbox 332 3766 778 3837; x_wconf 81' lang='grc' dir='ltr'>γνωριμώτατον.</span> <span class='ocrx_word' id='word_1_499' title='bbox 813 3769 983 3839; x_wconf 83' lang='grc' dir='ltr'>Λιμὸς</span> <span class='ocrx_word' id='word_1_500' title='bbox 1008 3765 1097 3840; x_wconf 78' lang='grc' dir='ltr'>ἦν,</span> <span class='ocrx_word' id='word_1_501' title='bbox 1131 3770 1224 3822; x_wconf 80' lang='grc' dir='ltr'><strong>καὶ</strong></span> <span class='ocrx_word' id='word_1_502' title='bbox 1265 3769 1373 3822; x_wconf 80' lang='grc' dir='ltr'>τῶν</span> <span class='ocrx_word' id='word_1_503' title='bbox 1403 3768 1623 3823; x_wconf 85' lang='grc' dir='ltr'>πώποτε</span> <span class='ocrx_word' id='word_1_504' title='bbox 1666 3788 1799 3842; x_wconf 89' lang='grc' dir='ltr'>μνη-</span> 
     </span>
    </p>
   </div>
   <div class='ocr_carea' id='block_1_68' title="bbox 206 3859 1800 3935">
    <p class='ocr_par' dir='ltr' id='par_1_68' title="bbox 206 3859 1800 3935">
     <span class='ocr_line' id='line_1_68' title="bbox 206 3859 1800 3935; baseline 0.002 -23"><span class='ocrx_word' id='word_1_505' title='bbox 206 3859 593 3929; x_wconf 86' lang='grc' dir='ltr'>μονευομένων</span> <span class='ocrx_word' id='word_1_506' title='bbox 621 3861 647 3911; x_wconf 86' lang='grc' dir='ltr'>ὁ</span> <span class='ocrx_word' id='word_1_507' title='bbox 671 3859 1071 3929; x_wconf 75' lang='grc' dir='ltr'>χαλεπώτατος·</span> <span class='ocrx_word' id='word_1_508' title='bbox 1107 3859 1313 3930; x_wconf 82' lang='grc' dir='ltr'>ἔκαμνε</span> <span class='ocrx_word' id='word_1_509' title='bbox 1335 3860 1389 3913; x_wconf 88' lang='grc' dir='ltr'><strong>δὲ</strong></span> <span class='ocrx_word' id='word_1_510' title='bbox 1415 3863 1453 3935; x_wconf 73' lang='grc' dir='ltr'><strong>ἡ</strong></span> <span class='ocrx_word' id='word_1_511' title='bbox 1479 3861 1653 3925; x_wconf 81' lang='grc' dir='ltr'>πόλις,</span> <span class='ocrx_word' id='word_1_512' title='bbox 1687 3864 1800 3916; x_wconf 80' lang='grc' dir='ltr'>ἐπι-</span> 
     </span>
    </p>
   </div>
   <div class='ocr_carea' id='block_1_69' title="bbox 202 3947 1799 4023">
    <p class='ocr_par' dir='ltr' id='par_1_69' title="bbox 202 3947 1799 4023">
     <span class='ocr_line' id='line_1_69' title="bbox 202 3947 1799 4023; baseline 0.001 -19"><span class='ocrx_word' id='word_1_513' title='bbox 202 3950 406 4020; x_wconf 84' lang='grc' dir='ltr'>κουρία</span> <span class='ocrx_word' id='word_1_514' title='bbox 428 3951 472 4003; x_wconf 80' lang='grc' dir='ltr'>δ’</span> <span class='ocrx_word' id='word_1_515' title='bbox 507 3947 574 4021; x_wconf 81' lang='grc' dir='ltr'>ἦν</span> <span class='ocrx_word' id='word_1_516' title='bbox 609 3952 929 4023; x_wconf 81' lang='grc' dir='ltr'>οὐδαμόθεν,</span> <span class='ocrx_word' id='word_1_517' title='bbox 990 3951 1110 4004; x_wconf 85' lang='grc' dir='ltr'>ούδέ</span> <span class='ocrx_word' id='word_1_518' title='bbox 1137 3969 1188 4005; x_wconf 90' lang='grc' dir='ltr'><strong>τι</strong></span> <span class='ocrx_word' id='word_1_519' title='bbox 1222 3952 1512 4023; x_wconf 78' lang='grc' dir='ltr'>φάρμακον</span> <span class='ocrx_word' id='word_1_520' title='bbox 1560 3955 1658 4023; x_wconf 77' lang='grc' dir='ltr'>τῆς</span> <span class='ocrx_word' id='word_1_521' title='bbox 1700 3970 1799 4005; x_wconf 87' lang='grc' dir='ltr'>κα-</span> 
     </span>
    </p>
   </div>
   <div class='ocr_carea' id='block_1_70' title="bbox 203 4042 1799 4115">
    <p class='ocr_par' dir='ltr' id='par_1_70' title="bbox 203 4042 1799 4115">
     <span class='ocr_line' id='line_1_70' title="bbox 203 4042 1799 4115; baseline 0 -19"><span class='ocrx_word' id='word_1_522' title='bbox 203 4042 454 4105; x_wconf 82' lang='grc' dir='ltr'>κώσεως.</span> <span class='ocrx_word' id='word_1_523' title='bbox 483 4044 550 4095; x_wconf 83' lang='grc' dir='ltr'><strong>Αἱ</strong></span> <span class='ocrx_word' id='word_1_524' title='bbox 578 4043 676 4113; x_wconf 80' lang='grc' dir='ltr'>μὲν</span> <span class='ocrx_word' id='word_1_525' title='bbox 710 4044 816 4115; x_wconf 75' lang='grc' dir='ltr'>γὰρ</span> <span class='ocrx_word' id='word_1_526' title='bbox 846 4042 1106 4115; x_wconf 86' lang='grc' dir='ltr'>παραλίαι</span> <span class='ocrx_word' id='word_1_527' title='bbox 1151 4043 1240 4113; x_wconf 83' lang='grc'>(5)</span> <span class='ocrx_word' id='word_1_528' title='bbox 1272 4043 1369 4107; x_wconf 85' lang='grc' dir='ltr'>τὰς</span> <span class='ocrx_word' id='word_1_529' title='bbox 1410 4042 1665 4107; x_wconf 82' lang='grc' dir='ltr'>τοιαύτας</span> <span class='ocrx_word' id='word_1_530' title='bbox 1713 4043 1799 4096; x_wconf 86' lang='grc' dir='ltr'>ἐν-</span> 
     </span>
    </p>
   </div>
   <div class='ocr_carea' id='block_1_71' title="bbox 202 4120 1797 4203">
    <p class='ocr_par' dir='ltr' id='par_1_71' title="bbox 202 4120 1797 4203">
     <span class='ocr_line' id='line_1_71' title="bbox 202 4120 1797 4203; baseline 0 -18"><span class='ocrx_word' id='word_1_531' title='bbox 202 4134 355 4197; x_wconf 85' lang='grc' dir='ltr'>δείας</span> <span class='ocrx_word' id='word_1_532' title='bbox 397 4120 457 4185; x_wconf 74' lang='grc' dir='ltr'><strong>ού</strong></span> <span class='ocrx_word' id='word_1_533' title='bbox 496 4133 748 4202; x_wconf 85' lang='grc' dir='ltr'>χαλεπῶς</span> <span class='ocrx_word' id='word_1_534' title='bbox 776 4133 1107 4203; x_wconf 78' lang='grc' dir='ltr'>ἀναφέρουσι</span> <span class='ocrx_word' id='word_1_535' title='bbox 1151 4133 1250 4203; x_wconf 83' lang='grc'>(6),</span> <span class='ocrx_word' id='word_1_536' title='bbox 1282 4132 1521 4187; x_wconf 75' lang='grc' dir='ltr'>διδοῦσαι</span> <span class='ocrx_word' id='word_1_537' title='bbox 1550 4132 1619 4186; x_wconf 77' lang='grc' dir='ltr'>τὰ</span> <span class='ocrx_word' id='word_1_538' title='bbox 1668 4134 1797 4203; x_wconf 80' lang='grc' dir='ltr'>παρ’</span> 
     </span>
    </p>
   </div>
   <div class='ocr_carea' id='block_1_72' title="bbox 203 4223 1791 4295">
    <p class='ocr_par' dir='ltr' id='par_1_72' title="bbox 203 4223 1791 4295">
     <span class='ocr_line' id='line_1_72' title="bbox 203 4223 1791 4295; baseline -0.001 -18"><span class='ocrx_word' id='word_1_539' title='bbox 203 4224 451 4287; x_wconf 80' lang='grc' dir='ltr'>ἑαυτῶν,</span> <span class='ocrx_word' id='word_1_540' title='bbox 485 4226 575 4277; x_wconf 75' lang='grc' dir='ltr'><strong>καὶ</strong></span> <span class='ocrx_word' id='word_1_541' title='bbox 613 4225 680 4278; x_wconf 74' lang='grc' dir='ltr'>τὰ</span> <span class='ocrx_word' id='word_1_542' title='bbox 727 4228 879 4295; x_wconf 73' lang='grc' dir='ltr'>παρὰ</span> <span class='ocrx_word' id='word_1_543' title='bbox 917 4225 992 4295; x_wconf 87' lang='lat'><strong>(7)</strong></span> <span class='ocrx_word' id='word_1_544' title='bbox 1039 4224 1135 4293; x_wconf 82' lang='grc' dir='ltr'>τῆς</span> <span class='ocrx_word' id='word_1_545' title='bbox 1170 4224 1444 4293; x_wconf 85' lang='grc' dir='ltr'>θαλάσσης</span> <span class='ocrx_word' id='word_1_546' title='bbox 1486 4223 1791 4294; x_wconf 88' lang='grc' dir='ltr'>δεχόμεναι·</span> 
     </span>
    </p>
   </div>
   <div class='ocr_carea' id='block_1_73' title="bbox 203 4308 1773 4389">
    <p class='ocr_par' dir='ltr' id='par_1_73' title="bbox 203 4308 1773 4389">
     <span class='ocr_line' id='line_1_73' title="bbox 203 4308 1773 4389; baseline 0.001 -20"><span class='ocrx_word' id='word_1_547' title='bbox 203 4318 314 4380; x_wconf 89' lang='grc' dir='ltr'>τοῖς</span> <span class='ocrx_word' id='word_1_548' title='bbox 336 4317 383 4369; x_wconf 88' lang='grc' dir='ltr'>δ’</span> <span class='ocrx_word' id='word_1_549' title='bbox 420 4317 753 4387; x_wconf 77' lang='grc' dir='ltr'>ἠπειρώταις</span> <span class='ocrx_word' id='word_1_550' title='bbox 784 4319 935 4389; x_wconf 79' lang='grc' dir='ltr'>ἡμῖν,</span> <span class='ocrx_word' id='word_1_551' title='bbox 962 4316 1056 4369; x_wconf 79' lang='grc' dir='ltr'><strong>καὶ</strong></span> <span class='ocrx_word' id='word_1_552' title='bbox 1082 4316 1141 4370; x_wconf 87' lang='grc' dir='ltr'><strong>τὸ</strong></span> <span class='ocrx_word' id='word_1_553' title='bbox 1172 4316 1486 4388; x_wconf 80' lang='grc' dir='ltr'>περιττεῦον</span> <span class='ocrx_word' id='word_1_554' title='bbox 1515 4308 1773 4388; x_wconf 86' lang='grc' dir='ltr'>ἀνόνητον</span> 
     </span>
    </p>
   </div>
   <div class='ocr_carea' id='block_1_74' title="bbox 276 4501 1397 4574">
    <p class='ocr_par' dir='ltr' id='par_1_74' title="bbox 276 4501 1397 4574">
     <span class='ocr_line' id='line_1_74' title="bbox 276 4501 1397 4574; baseline -0.003 -17"><span class='ocrx_word' id='word_1_555' title='bbox 276 4501 391 4574; x_wconf 57' lang='grc'>(94)</span> <span class='ocrx_word' id='word_1_556' title='bbox 432 4502 804 4574; x_wconf 58' lang='grc' dir='ltr'>Καθηγητλής.</span> <span class='ocrx_word' id='word_1_557' title='bbox 840 4501 971 4571; x_wconf 80' lang='lat' dir='ltr'><strong>Reg.</strong></span> <span class='ocrx_word' id='word_1_558' title='bbox 1003 4503 1059 4574; x_wconf 83' lang='lat' dir='ltr'><strong>d,</strong></span> <span class='ocrx_word' id='word_1_559' title='bbox 1090 4502 1397 4574; x_wconf 85' lang='grc' dir='ltr'>ὑφηγητής.</span> 
     </span>
    </p>
   </div>
   <div class='ocr_carea' id='block_1_75' title="bbox 276 4568 1783 4644">
    <p class='ocr_par' dir='ltr' id='par_1_75' title="bbox 276 4568 1783 4644">
     <span class='ocr_line' id='line_1_75' title="bbox 276 4568 1783 4644; baseline -0.001 -18"><span class='ocrx_word' id='word_1_560' title='bbox 276 4568 393 4644; x_wconf 80' lang='grc'>(95)</span> <span class='ocrx_word' id='word_1_561' title='bbox 434 4568 676 4644; x_wconf 60' lang='grc' dir='ltr'>Περιηῆν.</span> <span class='ocrx_word' id='word_1_562' title='bbox 722 4568 872 4626; x_wconf 78' lang='lat' dir='ltr'><strong>Deest</strong></span> <span class='ocrx_word' id='word_1_563' title='bbox 923 4568 973 4625; x_wconf 81' lang='lat' dir='ltr'><strong>in</strong></span> <span class='ocrx_word' id='word_1_564' title='bbox 1010 4568 1198 4642; x_wconf 42' lang='lat' dir='ltr'><strong>Reggﬁ</strong></span> <span class='ocrx_word' id='word_1_565' title='bbox 1226 4568 1281 4636; x_wconf 69' lang='grc' dir='ltr'><strong>ιι,</strong></span> <span class='ocrx_word' id='word_1_566' title='bbox 1312 4568 1421 4635; x_wconf 78' lang='lat' dir='ltr'><strong>bin,</strong></span> <span class='ocrx_word' id='word_1_567' title='bbox 1453 4571 1522 4640; x_wconf 89' lang='lat' dir='ltr'><strong>plt</strong></span> <span class='ocrx_word' id='word_1_568' title='bbox 1546 4579 1601 4625; x_wconf 90' lang='lat' dir='ltr'><strong>et</strong></span> <span class='ocrx_word' id='word_1_569' title='bbox 1628 4568 1783 4624; x_wconf 85' lang='lat' dir='ltr'><strong>Pass.</strong></span> 
     </span>
    </p>
   </div>
   <div class='ocr_carea' id='block_1_76' title="bbox 273 4643 973 4716">
    <p class='ocr_par' dir='ltr' id='par_1_76' title="bbox 273 4643 973 4716">
     <span class='ocr_line' id='line_1_76' title="bbox 273 4643 973 4716; baseline -0.003 -19"><span class='ocrx_word' id='word_1_570' title='bbox 273 4644 386 4716; x_wconf 51' lang='grc' dir='ltr'>(θῇ)</span> <span class='ocrx_word' id='word_1_571' title='bbox 435 4647 511 4716; x_wconf 47' lang='grc' dir='ltr'><strong>ΖΞ.</strong></span> <span class='ocrx_word' id='word_1_572' title='bbox 552 4643 709 4716; x_wconf 69' lang='lat' dir='ltr'><strong>Deest</strong></span> <span class='ocrx_word' id='word_1_573' title='bbox 740 4644 791 4695; x_wconf 89' lang='lat' dir='ltr'><strong>in</strong></span> <span class='ocrx_word' id='word_1_574' title='bbox 827 4644 973 4716; x_wconf 62' lang='lat' dir='ltr'><strong>Pass.</strong></span> 
     </span>
    </p>
   </div>
   <div class='ocr_carea' id='block_1_77' title="bbox 274 4709 1786 4786">
    <p class='ocr_par' dir='ltr' id='par_1_77' title="bbox 274 4709 1786 4786">
     <span class='ocr_line' id='line_1_77' title="bbox 274 4709 1786 4786; baseline -0.003 -19"><span class='ocrx_word' id='word_1_575' title='bbox 274 4709 388 4786; x_wconf 81' lang='lat'><strong>(97)</strong></span> <span class='ocrx_word' id='word_1_576' title='bbox 443 4714 541 4786; x_wconf 65' lang='grc' dir='ltr'><strong>ξεν</strong></span> <span class='ocrx_word' id='word_1_577' title='bbox 586 4711 709 4777; x_wconf 81' lang='grc' dir='ltr'>τοῖς</span> <span class='ocrx_word' id='word_1_578' title='bbox 747 4713 853 4767; x_wconf 85' lang='grc' dir='ltr'>τοῦ</span> <span class='ocrx_word' id='word_1_579' title='bbox 881 4713 1245 4783; x_wconf 83' lang='grc' dir='ltr'>Πνεύματος.</span> <span class='ocrx_word' id='word_1_580' title='bbox 1281 4712 1337 4766; x_wconf 87' lang='lat' dir='ltr'><strong>In</strong></span> <span class='ocrx_word' id='word_1_581' title='bbox 1360 4709 1704 4782; x_wconf 83' lang='lat' dir='ltr'><strong>quibusdam,</strong></span> <span class='ocrx_word' id='word_1_582' title='bbox 1728 4711 1786 4763; x_wconf 82' lang='grc' dir='ltr'><strong>ἐν</strong></span> 
     </span>
    </p>
   </div>
   <div class='ocr_carea' id='block_1_78' title="bbox 200 4781 615 4850">
    <p class='ocr_par' dir='ltr' id='par_1_78' title="bbox 200 4781 615 4850">
     <span class='ocr_line' id='line_1_78' title="bbox 200 4781 615 4850; baseline -0.014 -10"><span class='ocrx_word' id='word_1_583' title='bbox 200 4781 291 4850; x_wconf 65' lang='grc' dir='ltr'>τιῖί</span> <span class='ocrx_word' id='word_1_584' title='bbox 312 4781 615 4850; x_wconf 86' lang='grc' dir='ltr'>Πνεύματι.</span> 
     </span>
    </p>
   </div>
   <div class='ocr_carea' id='block_1_79' title="bbox 234 4804 1783 4926">
    <p class='ocr_par' dir='ltr' id='par_1_79' title="bbox 234 4804 1783 4926">
     <span class='ocr_line' id='line_1_79' title="bbox 234 4804 615 4857; baseline -0.005 -20"><span class='ocrx_word' id='word_1_585' title='bbox 234 4804 280 4857; x_wconf 78' lang='grc' dir='ltr'>ῳ</span> <span class='ocrx_word' id='word_1_586' title='bbox 313 4804 615 4850; x_wconf 83' lang='grc' dir='ltr'>Ιινευματι.</span> 
     </span>
     <span class='ocr_line' id='line_1_80' title="bbox 234 4850 1783 4926; baseline -0.003 -16"><span class='ocrx_word' id='word_1_587' title='bbox 234 4925 240 4926; x_wconf 16' lang='grc' dir='ltr'><strong>γ</strong></span> <span class='ocrx_word' id='word_1_588' title='bbox 272 4853 387 4926; x_wconf 90' lang='lat'><strong>(98)</strong></span> <span class='ocrx_word' id='word_1_589' title='bbox 420 4852 535 4926; x_wconf 75' lang='grc' dir='ltr'><strong>Τῆς</strong></span> <span class='ocrx_word' id='word_1_590' title='bbox 576 4854 952 4926; x_wconf 61' lang='grc' dir='ltr'>Ἐκκλησίας.</span> <span class='ocrx_word' id='word_1_591' title='bbox 1005 4851 1161 4926; x_wconf 80' lang='lat' dir='ltr'><strong>Reg._</strong></span> <span class='ocrx_word' id='word_1_592' title='bbox 1189 4852 1405 4926; x_wconf 48' lang='grc' dir='ltr'>[ηιμ-τῇ</span> <span class='ocrx_word' id='word_1_593' title='bbox 1467 4850 1783 4926; x_wconf 71' lang='grc' dir='ltr'>Ἐκκλησία.</span> 
     </span>
    </p>
   </div>
   <div class='ocr_carea' id='block_1_80' title="bbox 203 4921 1781 4996">
    <p class='ocr_par' dir='ltr' id='par_1_80' title="bbox 203 4921 1781 4996">
     <span class='ocr_line' id='line_1_81' title="bbox 203 4921 1781 4996; baseline -0.004 -15"><span class='ocrx_word' id='word_1_594' title='bbox 203 4921 425 4996; x_wconf 46' lang='lat' dir='ltr'><strong>Chrys&quot;</strong></span> <span class='ocrx_word' id='word_1_595' title='bbox 455 4925 555 4996; x_wconf 78' lang='grc' dir='ltr'><strong>τῆς</strong></span> <span class='ocrx_word' id='word_1_596' title='bbox 581 4923 858 4995; x_wconf 83' lang='grc' dir='ltr'>ἀληθείας,</span> <span class='ocrx_word' id='word_1_597' title='bbox 892 4942 912 4975; x_wconf 79' lang='grc' dir='ltr'><strong>ι</strong></span> <span class='ocrx_word' id='word_1_598' title='bbox 952 4923 1215 4996; x_wconf 66' lang='lat' dir='ltr'><strong>veritatis.</strong></span> <span class='ocrx_word' id='word_1_599' title='bbox 1252 4941 1270 4973; x_wconf 78' lang='grc' dir='ltr'><strong>ι</strong></span> <span class='ocrx_word' id='word_1_600' title='bbox 1303 4921 1393 4976; x_wconf 81' lang='lat' dir='ltr'><strong>Sic</strong></span> <span class='ocrx_word' id='word_1_601' title='bbox 1414 4921 1574 4977; x_wconf 88' lang='lat' dir='ltr'><strong>etiam</strong></span> <span class='ocrx_word' id='word_1_602' title='bbox 1616 4921 1781 4991; x_wconf 78' lang='lat' dir='ltr'><strong>chg.</strong></span> 
     </span>
    </p>
   </div>
   <div class='ocr_carea' id='block_1_81' title="bbox 203 4992 1299 5065">
    <p class='ocr_par' dir='ltr' id='par_1_81' title="bbox 203 4992 1299 5065">
     <span class='ocr_line' id='line_1_82' title="bbox 203 4992 1299 5065; baseline -0.003 -17"><span class='ocrx_word' id='word_1_603' title='bbox 203 5011 253 5064; x_wconf 84' lang='lat' dir='ltr'><strong>c,</strong></span> <span class='ocrx_word' id='word_1_604' title='bbox 279 4992 344 5059; x_wconf 54' lang='lat' dir='ltr'><strong>d&#39;;</strong></span> <span class='ocrx_word' id='word_1_605' title='bbox 372 4993 467 5047; x_wconf 88' lang='lat' dir='ltr'><strong>sed</strong></span> <span class='ocrx_word' id='word_1_606' title='bbox 491 4992 556 5047; x_wconf 82' lang='lat' dir='ltr'><strong>ad</strong></span> <span class='ocrx_word' id='word_1_607' title='bbox 581 4992 777 5065; x_wconf 55' lang='lat' dir='ltr'><strong>mai-(5.,</strong></span> <span class='ocrx_word' id='word_1_608' title='bbox 809 4996 907 5065; x_wconf 84' lang='grc' dir='ltr'>τῆς</span> <span class='ocrx_word' id='word_1_609' title='bbox 954 4992 1299 5065; x_wconf 75' lang='grc' dir='ltr'>Ἐκκλησίας.</span> 
     </span>
    </p>
   </div>
   <div class='ocr_carea' id='block_1_82' title="bbox 274 5060 1786 5137">
    <p class='ocr_par' dir='ltr' id='par_1_82' title="bbox 274 5060 1786 5137">
     <span class='ocr_line' id='line_1_83' title="bbox 274 5060 1786 5137; baseline -0.005 -17"><span class='ocrx_word' id='word_1_610' title='bbox 274 5066 390 5137; x_wconf 85' lang='grc'>(99)</span> <span class='ocrx_word' id='word_1_611' title='bbox 428 5060 992 5137; x_wconf 49' lang='grc' dir='ltr'>Διαφορῶὤ-λύσεις,</span> <span class='ocrx_word' id='word_1_612' title='bbox 1022 5060 1151 5137; x_wconf 29' lang='lat' dir='ltr'><strong>etc!</strong></span> <span class='ocrx_word' id='word_1_613' title='bbox 1171 5062 1395 5137; x_wconf 63' lang='lat' dir='ltr'><strong>Niretas</strong></span> <span class='ocrx_word' id='word_1_614' title='bbox 1424 5060 1677 5137; x_wconf 85' lang='lat' dir='ltr'><strong>sic__h_unc</strong></span> <span class='ocrx_word' id='word_1_615' title='bbox 1709 5060 1786 5137; x_wconf 78' lang='lat' dir='ltr'><strong>lo-</strong></span> 
     </span>
    </p>
   </div>
   <div class='ocr_carea' id='block_1_83' title="bbox 203 5131 1787 5201">
    <p class='ocr_par' dir='ltr' id='par_1_83' title="bbox 203 5131 1787 5201">
     <span class='ocr_line' id='line_1_84' title="bbox 203 5131 1787 5201; baseline -0.004 -10"><span class='ocrx_word' id='word_1_616' title='bbox 203 5131 328 5191; x_wconf 80' lang='lat' dir='ltr'><strong>cum</strong></span> <span class='ocrx_word' id='word_1_617' title='bbox 359 5131 583 5201; x_wconf 81' lang='lat' dir='ltr'><strong>exponit</strong></span> <span class='ocrx_word' id='word_1_618' title='bbox 620 5151 635 5188; x_wconf 88' lang='lat'><strong>:</strong></span> <span class='ocrx_word' id='word_1_619' title='bbox 675 5153 693 5185; x_wconf 82' lang='grc' dir='ltr'><strong>ι</strong></span> <span class='ocrx_word' id='word_1_620' title='bbox 737 5135 915 5198; x_wconf 79' lang='lat' dir='ltr'><strong>Ratio,</strong></span> <span class='ocrx_word' id='word_1_621' title='bbox 960 5150 1068 5201; x_wconf 85' lang='lat' dir='ltr'><strong>qua</strong></span> <span class='ocrx_word' id='word_1_622' title='bbox 1105 5134 1333 5187; x_wconf 83' lang='lat' dir='ltr'><strong>Basilius</strong></span> <span class='ocrx_word' id='word_1_623' title='bbox 1384 5133 1436 5185; x_wconf 90' lang='lat' dir='ltr'><strong>in</strong></span> <span class='ocrx_word' id='word_1_624' title='bbox 1474 5131 1787 5201; x_wconf 84' lang='lat' dir='ltr'><strong>dirimendis</strong></span> 
     </span>
    </p>
   </div>
   <div class='ocr_carea' id='block_1_84' title="bbox 203 5200 1789 5273">
    <p class='ocr_par' dir='ltr' id='par_1_84' title="bbox 203 5200 1789 5273">
     <span class='ocr_line' id='line_1_85' title="bbox 203 5200 1789 5273; baseline -0.002 -15"><span class='ocrx_word' id='word_1_625' title='bbox 203 5200 596 5260; x_wconf 79' lang='lat' dir='ltr'><strong>controversiis</strong></span> <span class='ocrx_word' id='word_1_626' title='bbox 631 5205 903 5271; x_wconf 89' lang='lat' dir='ltr'><strong>utebatur,</strong></span> <span class='ocrx_word' id='word_1_627' title='bbox 929 5200 1263 5273; x_wconf 83' lang='lat' dir='ltr'><strong>nequaquam</strong></span> <span class='ocrx_word' id='word_1_628' title='bbox 1291 5202 1394 5257; x_wconf 88' lang='lat' dir='ltr'><strong>lidc</strong></span> <span class='ocrx_word' id='word_1_629' title='bbox 1424 5200 1660 5273; x_wconf 83' lang='lat' dir='ltr'><strong>carebat,</strong></span> <span class='ocrx_word' id='word_1_630' title='bbox 1695 5210 1789 5273; x_wconf 85' lang='lat' dir='ltr'><strong>aut</strong></span> 
     </span>
    </p>
   </div>
   <div class='ocr_carea' id='block_1_85' title="bbox 201 5269 1787 5343">
    <p class='ocr_par' dir='ltr' id='par_1_85' title="bbox 201 5269 1787 5343">
     <span class='ocr_line' id='line_1_86' title="bbox 201 5269 1787 5343; baseline -0.003 -12"><span class='ocrx_word' id='word_1_631' title='bbox 201 5277 255 5331; x_wconf 89' lang='lat' dir='ltr'><strong>in</strong></span> <span class='ocrx_word' id='word_1_632' title='bbox 288 5274 509 5328; x_wconf 89' lang='lat' dir='ltr'><strong>dubium</strong></span> <span class='ocrx_word' id='word_1_633' title='bbox 553 5274 823 5341; x_wconf 81' lang='lat' dir='ltr'><strong>veniebat,</strong></span> <span class='ocrx_word' id='word_1_634' title='bbox 855 5269 983 5343; x_wconf 89' lang='lat' dir='ltr'><strong>quin</strong></span> <span class='ocrx_word' id='word_1_635' title='bbox 1014 5269 1158 5329; x_wconf 78' lang='lat' dir='ltr'><strong>recta</strong></span> <span class='ocrx_word' id='word_1_636' title='bbox 1194 5284 1359 5335; x_wconf 84' lang='lat' dir='ltr'><strong>esset,</strong></span> <span class='ocrx_word' id='word_1_637' title='bbox 1391 5271 1485 5327; x_wconf 85' lang='lat' dir='ltr'><strong>sed</strong></span> <span class='ocrx_word' id='word_1_638' title='bbox 1518 5269 1585 5323; x_wconf 81' lang='lat' dir='ltr'><strong>ab</strong></span> <span class='ocrx_word' id='word_1_639' title='bbox 1623 5271 1787 5340; x_wconf 89' lang='lat' dir='ltr'><strong>ipsius</strong></span> 
     </span>
    </p>
   </div>
   <div class='ocr_carea' id='block_1_86' title="bbox 200 5343 1787 5406">
    <p class='ocr_par' dir='ltr' id='par_1_86' title="bbox 200 5343 1787 5406">
     <span class='ocr_line' id='line_1_87' title="bbox 200 5343 1787 5406; baseline -0.003 -7"><span class='ocrx_word' id='word_1_640' title='bbox 200 5345 472 5399; x_wconf 84' lang='lat' dir='ltr'><strong>sententia</strong></span> <span class='ocrx_word' id='word_1_641' title='bbox 508 5346 934 5399; x_wconf 85' lang='lat' dir='ltr'><strong>constituebatur</strong></span> <span class='ocrx_word' id='word_1_642' title='bbox 976 5352 1031 5397; x_wconf 90' lang='lat' dir='ltr'><strong>et</strong></span> <span class='ocrx_word' id='word_1_643' title='bbox 1075 5343 1530 5406; x_wconf 81' lang='lat' dir='ltr'><strong>conﬁrmabatur;</strong></span> <span class='ocrx_word' id='word_1_644' title='bbox 1579 5355 1640 5393; x_wconf 87' lang='lat' dir='ltr'><strong>ac</strong></span> <span class='ocrx_word' id='word_1_645' title='bbox 1673 5357 1787 5394; x_wconf 90' lang='lat' dir='ltr'><strong>mo-</strong></span> 
     </span>
    </p>
   </div>
   <div class='ocr_carea' id='block_1_87' title="bbox 201 5410 1785 5484">
    <p class='ocr_par' dir='ltr' id='par_1_87' title="bbox 201 5410 1785 5484">
     <span class='ocr_line' id='line_1_88' title="bbox 201 5410 1785 5484; baseline -0.004 -14"><span class='ocrx_word' id='word_1_646' title='bbox 201 5420 304 5470; x_wconf 91' lang='lat' dir='ltr'><strong>dus</strong></span> <span class='ocrx_word' id='word_1_647' title='bbox 332 5415 444 5479; x_wconf 90' lang='lat' dir='ltr'><strong>ille,</strong></span> <span class='ocrx_word' id='word_1_648' title='bbox 486 5429 594 5483; x_wconf 89' lang='lat' dir='ltr'><strong>quo</strong></span> <span class='ocrx_word' id='word_1_649' title='bbox 638 5415 859 5469; x_wconf 90' lang='lat' dir='ltr'><strong>dissidia</strong></span> <span class='ocrx_word' id='word_1_650' title='bbox 903 5414 1300 5484; x_wconf 78' lang='lat' dir='ltr'><strong>exstinguebat,</strong></span> <span class='ocrx_word' id='word_1_651' title='bbox 1341 5413 1473 5482; x_wconf 84' lang='lat' dir='ltr'><strong>legis</strong></span> <span class='ocrx_word' id='word_1_652' title='bbox 1506 5410 1785 5484; x_wconf 83' lang='lat' dir='ltr'><strong>vim_obti-</strong></span> 
     </span>
    </p>
   </div>
   <div class='ocr_carea' id='block_1_88' title="bbox 202 5482 1787 5554">
    <p class='ocr_par' dir='ltr' id='par_1_88' title="bbox 202 5482 1787 5554">
     <span class='ocr_line' id='line_1_89' title="bbox 202 5482 1787 5554; baseline -0.004 -15"><span class='ocrx_word' id='word_1_653' title='bbox 202 5487 361 5552; x_wconf 83' lang='lat' dir='ltr'><strong>nuit;</strong></span> <span class='ocrx_word' id='word_1_654' title='bbox 393 5482 529 5539; x_wconf 89' lang='lat' dir='ltr'><strong>adeo</strong></span> <span class='ocrx_word' id='word_1_655' title='bbox 572 5494 630 5539; x_wconf 86' lang='grc' dir='ltr'><strong>ιιι</strong></span> <span class='ocrx_word' id='word_1_656' title='bbox 667 5487 921 5553; x_wconf 90' lang='lat' dir='ltr'><strong>deinceps</strong></span> <span class='ocrx_word' id='word_1_657' title='bbox 957 5482 1260 5554; x_wconf 73' lang='lat' dir='ltr'><strong>huiusmodi</strong></span> <span class='ocrx_word' id='word_1_658' title='bbox 1292 5482 1673 5537; x_wconf 69' lang='lat' dir='ltr'><strong>controversiae</strong></span> <span class='ocrx_word' id='word_1_659' title='bbox 1685 5497 1787 5554; x_wconf 72' lang='lat' dir='ltr'><strong>eo-</strong></span> 
     </span>
    </p>
   </div>
   <div class='ocr_carea' id='block_1_89' title="bbox 204 5550 1785 5622">
    <p class='ocr_par' dir='ltr' id='par_1_89' title="bbox 204 5550 1785 5622">
     <span class='ocr_line' id='line_1_90' title="bbox 204 5550 1785 5622; baseline -0.003 -14"><span class='ocrx_word' id='word_1_660' title='bbox 204 5550 325 5608; x_wconf 88' lang='lat' dir='ltr'><strong>dem</strong></span> <span class='ocrx_word' id='word_1_661' title='bbox 359 5555 520 5609; x_wconf 89' lang='lat' dir='ltr'><strong>modo</strong></span> <span class='ocrx_word' id='word_1_662' title='bbox 549 5550 947 5610; x_wconf 80' lang='lat' dir='ltr'><strong>dirimerentur.</strong></span> <span class='ocrx_word' id='word_1_663' title='bbox 993 5550 1216 5609; x_wconf 53' lang='lat' dir='ltr'><strong>{Tanta</strong></span> <span class='ocrx_word' id='word_1_664' title='bbox 1238 5554 1502 5622; x_wconf 89' lang='lat' dir='ltr'><strong>siquidem</strong></span> <span class='ocrx_word' id='word_1_665' title='bbox 1536 5560 1652 5603; x_wconf 91' lang='lat' dir='ltr'><strong>erat</strong></span> <span class='ocrx_word' id='word_1_666' title='bbox 1684 5550 1785 5604; x_wconf 87' lang='lat' dir='ltr'><strong>Ba-</strong></span> 
     </span>
    </p>
   </div>
   <div class='ocr_carea' id='block_1_90' title="bbox 206 5624 1787 5701">
    <p class='ocr_par' dir='ltr' id='par_1_90' title="bbox 206 5624 1787 5701">
     <span class='ocr_line' id='line_1_91' title="bbox 206 5624 1787 5701; baseline 0 -24"><span class='ocrx_word' id='word_1_667' title='bbox 206 5624 309 5701; x_wconf 84' lang='lat' dir='ltr'><strong>silii</strong></span> <span class='ocrx_word' id='word_1_668' title='bbox 336 5625 635 5701; x_wconf 74' lang='lat' dir='ltr'><strong>auctoritas</strong></span> <span class='ocrx_word' id='word_1_669' title='bbox 660 5625 724 5701; x_wconf 83' lang='lat' dir='ltr'><strong>in</strong></span> <span class='ocrx_word' id='word_1_670' title='bbox 750 5626 1002 5701; x_wconf 72' lang='lat' dir='ltr'><strong>solvenda</strong></span> <span class='ocrx_word' id='word_1_671' title='bbox 1041 5624 1221 5701; x_wconf 66' lang='lat' dir='ltr'><strong>dubia,</strong></span> <span class='ocrx_word' id='word_1_672' title='bbox 1246 5624 1593 5701; x_wconf 67' lang='lat' dir='ltr'><strong>quarstiones,</strong></span> <span class='ocrx_word' id='word_1_673' title='bbox 1633 5636 1787 5701; x_wconf 82' lang='lat' dir='ltr'><strong>nego-</strong></span> 
     </span>
    </p>
   </div>
   <div class='ocr_carea' id='block_1_91' title="bbox 205 5693 1787 5767">
    <p class='ocr_par' dir='ltr' id='par_1_91' title="bbox 205 5693 1787 5767">
     <span class='ocr_line' id='line_1_92' title="bbox 205 5693 1787 5767; baseline -0.001 -17"><span class='ocrx_word' id='word_1_674' title='bbox 205 5693 307 5763; x_wconf 65' lang='lat' dir='ltr'><strong>tia,</strong></span> <span class='ocrx_word' id='word_1_675' title='bbox 350 5696 581 5767; x_wconf 72' lang='lat' dir='ltr'><strong>quaead</strong></span> <span class='ocrx_word' id='word_1_676' title='bbox 623 5694 743 5767; x_wconf 86' lang='lat' dir='ltr'><strong>ejus</strong></span> <span class='ocrx_word' id='word_1_677' title='bbox 787 5695 1073 5753; x_wconf 89' lang='lat' dir='ltr'><strong>arbitrium</strong></span> <span class='ocrx_word' id='word_1_678' title='bbox 1115 5694 1516 5760; x_wconf 83' lang='lat' dir='ltr'><strong>deferebantur,</strong></span> <span class='ocrx_word' id='word_1_679' title='bbox 1567 5702 1625 5747; x_wconf 91' lang='lat' dir='ltr'><strong>ut</strong></span> <span class='ocrx_word' id='word_1_680' title='bbox 1671 5693 1787 5761; x_wconf 86' lang='lat' dir='ltr'><strong>ejus</strong></span> 
     </span>
    </p>
   </div>
   <div class='ocr_carea' id='block_1_92' title="bbox 1909 3130 3488 3199">
    <p class='ocr_par' dir='ltr' id='par_1_92' title="bbox 1909 3130 3488 3199">
     <span class='ocr_line' id='line_1_93' title="bbox 1909 3130 3488 3199; baseline -0.001 -14"><span class='ocrx_word' id='word_1_681' title='bbox 1909 3130 2003 3185; x_wconf 88' lang='lat' dir='ltr'><strong>sed</strong></span> <span class='ocrx_word' id='word_1_682' title='bbox 2066 3138 2247 3184; x_wconf 90' lang='lat' dir='ltr'><strong>tamen</strong></span> <span class='ocrx_word' id='word_1_683' title='bbox 2302 3143 2565 3198; x_wconf 87' lang='lat' dir='ltr'><strong>corporea</strong></span> <span class='ocrx_word' id='word_1_684' title='bbox 2610 3144 2714 3182; x_wconf 89' lang='lat' dir='ltr'><strong>non</strong></span> <span class='ocrx_word' id='word_1_685' title='bbox 2757 3144 2923 3198; x_wconf 90' lang='lat' dir='ltr'><strong>pauca</strong></span> <span class='ocrx_word' id='word_1_686' title='bbox 2960 3130 3122 3199; x_wconf 91' lang='lat' dir='ltr'><strong>(nam</strong></span> <span class='ocrx_word' id='word_1_687' title='bbox 3180 3131 3231 3185; x_wconf 93' lang='lat' dir='ltr'><strong>id</strong></span> <span class='ocrx_word' id='word_1_688' title='bbox 3272 3145 3488 3199; x_wconf 91' lang='lat' dir='ltr'><strong>quoque</strong></span> 
     </span>
    </p>
   </div>
   <div class='ocr_carea' id='block_1_93' title="bbox 1907 3220 3487 3291">
    <p class='ocr_par' dir='ltr' id='par_1_93' title="bbox 1907 3220 3487 3291">
     <span class='ocr_line' id='line_1_94' title="bbox 1907 3220 3487 3291; baseline 0 -15"><span class='ocrx_word' id='word_1_689' title='bbox 1907 3234 2281 3291; x_wconf 73' lang='lat' dir='ltr'><strong>saepenumero</strong></span> <span class='ocrx_word' id='word_1_690' title='bbox 2312 3220 2378 3275; x_wconf 88' lang='lat' dir='ltr'><strong>ad</strong></span> <span class='ocrx_word' id='word_1_691' title='bbox 2406 3220 2639 3273; x_wconf 91' lang='lat' dir='ltr'><strong>animam</strong></span> <span class='ocrx_word' id='word_1_692' title='bbox 2674 3220 2863 3286; x_wconf 88' lang='lat' dir='ltr'><strong>tendit,</strong></span> <span class='ocrx_word' id='word_1_693' title='bbox 2912 3235 3007 3289; x_wconf 90' lang='lat' dir='ltr'><strong>per</strong></span> <span class='ocrx_word' id='word_1_694' title='bbox 3059 3220 3487 3276; x_wconf 88' lang='lat' dir='ltr'><strong>benevolentiam</strong></span> 
     </span>
    </p>
   </div>
   <div class='ocr_carea' id='block_1_94' title="bbox 1910 3310 3485 3382">
    <p class='ocr_par' dir='ltr' id='par_1_94' title="bbox 1910 3310 3485 3382">
     <span class='ocr_line' id='line_1_95' title="bbox 1910 3310 3485 3382; baseline -0.001 -17"><span class='ocrx_word' id='word_1_695' title='bbox 1910 3312 2186 3381; x_wconf 80' lang='lat' dir='ltr'><strong>subigens,</strong></span> <span class='ocrx_word' id='word_1_696' title='bbox 2232 3326 2297 3365; x_wconf 90' lang='lat' dir='ltr'><strong>ac</strong></span> <span class='ocrx_word' id='word_1_697' title='bbox 2346 3310 2492 3365; x_wconf 81' lang='lat' dir='ltr'><strong>velut</strong></span> <span class='ocrx_word' id='word_1_698' title='bbox 2538 3310 2592 3365; x_wconf 88' lang='lat' dir='ltr'><strong>in</strong></span> <span class='ocrx_word' id='word_1_699' title='bbox 2643 3312 2958 3365; x_wconf 79' lang='lat' dir='ltr'><strong>servitutem</strong></span> <span class='ocrx_word' id='word_1_700' title='bbox 3018 3312 3300 3382; x_wconf 86' lang='lat' dir='ltr'><strong>trahens);</strong></span> <span class='ocrx_word' id='word_1_701' title='bbox 3356 3327 3485 3381; x_wconf 87' lang='lat' dir='ltr'><strong>erga</strong></span> 
     </span>
    </p>
   </div>
   <div class='ocr_carea' id='block_1_95' title="bbox 1907 3404 3488 3477">
    <p class='ocr_par' dir='ltr' id='par_1_95' title="bbox 1907 3404 3488 3477">
     <span class='ocr_line' id='line_1_96' title="bbox 1907 3404 3488 3477; baseline 0.003 -21"><span class='ocrx_word' id='word_1_702' title='bbox 1907 3418 2174 3477; x_wconf 85' lang='lat' dir='ltr'><strong>pauperes</strong></span> <span class='ocrx_word' id='word_1_703' title='bbox 2208 3404 2451 3468; x_wconf 86' lang='lat' dir='ltr'><strong>alendos,</strong></span> <span class='ocrx_word' id='word_1_704' title='bbox 2497 3404 2739 3474; x_wconf 81' lang='lat' dir='ltr'><strong>hOSpites</strong></span> <span class='ocrx_word' id='word_1_705' title='bbox 2802 3404 3171 3474; x_wconf 79' lang='lat' dir='ltr'><strong>excipiendos,</strong></span> <span class='ocrx_word' id='word_1_706' title='bbox 3214 3405 3488 3460; x_wconf 89' lang='lat' dir='ltr'><strong>curandas</strong></span> 
     </span>
    </p>
   </div>
   <div class='ocr_carea' id='block_1_96' title="bbox 1908 3496 3487 3567">
    <p class='ocr_par' dir='ltr' id='par_1_96' title="bbox 1908 3496 3487 3567">
     <span class='ocr_line' id='line_1_97' title="bbox 1908 3496 3487 3567; baseline 0.001 -17"><span class='ocrx_word' id='word_1_707' title='bbox 1908 3497 2144 3567; x_wconf 75' lang='lat' dir='ltr'><strong>virgines</strong></span> <span class='ocrx_word' id='word_1_708' title='bbox 2219 3497 2491 3562; x_wconf 86' lang='lat' dir='ltr'><strong>studium;</strong></span> <span class='ocrx_word' id='word_1_709' title='bbox 2554 3496 2973 3551; x_wconf 89' lang='lat' dir='ltr'><strong>tnonasticarum</strong></span> <span class='ocrx_word' id='word_1_710' title='bbox 3035 3496 3210 3564; x_wconf 86' lang='lat' dir='ltr'><strong>legum</strong></span> <span class='ocrx_word' id='word_1_711' title='bbox 3272 3498 3487 3553; x_wconf 81' lang='lat' dir='ltr'><strong>institu-</strong></span> 
     </span>
    </p>
   </div>
   <div class='ocr_carea' id='block_1_97' title="bbox 1912 3587 3483 3658">
    <p class='ocr_par' dir='ltr' id='par_1_97' title="bbox 1912 3587 3483 3658">
     <span class='ocr_line' id='line_1_98' title="bbox 1912 3587 3483 3658; baseline 0.001 -18"><span class='ocrx_word' id='word_1_712' title='bbox 1912 3588 2105 3651; x_wconf 87' lang='lat' dir='ltr'><strong>tiones,</strong></span> <span class='ocrx_word' id='word_1_713' title='bbox 2162 3595 2275 3640; x_wconf 88' lang='lat' dir='ltr'><strong>tum</strong></span> <span class='ocrx_word' id='word_1_714' title='bbox 2321 3587 2547 3654; x_wconf 89' lang='lat' dir='ltr'><strong>scripto,</strong></span> <span class='ocrx_word' id='word_1_715' title='bbox 2613 3596 2725 3640; x_wconf 90' lang='lat' dir='ltr'><strong>tum</strong></span> <span class='ocrx_word' id='word_1_716' title='bbox 2773 3601 2904 3642; x_wconf 87' lang='lat' dir='ltr'><strong>voce</strong></span> <span class='ocrx_word' id='word_1_717' title='bbox 2955 3588 3199 3654; x_wconf 76' lang='lat' dir='ltr'><strong>traditae;</strong></span> <span class='ocrx_word' id='word_1_718' title='bbox 3263 3604 3483 3658; x_wconf 89' lang='lat' dir='ltr'><strong>precum</strong></span> 
     </span>
    </p>
   </div>
   <div class='ocr_carea' id='block_1_98' title="bbox 1908 3676 3488 3747">
    <p class='ocr_par' dir='ltr' id='par_1_98' title="bbox 1908 3676 3488 3747">
     <span class='ocr_line' id='line_1_99' title="bbox 1908 3676 3488 3747; baseline 0.002 -18"><span class='ocrx_word' id='word_1_719' title='bbox 1908 3676 2317 3746; x_wconf 87' lang='lat' dir='ltr'><strong>descriptiones,</strong></span> <span class='ocrx_word' id='word_1_720' title='bbox 2346 3677 2478 3732; x_wconf 90' lang='lat' dir='ltr'><strong>cleri</strong></span> <span class='ocrx_word' id='word_1_721' title='bbox 2513 3677 2734 3732; x_wconf 88' lang='lat' dir='ltr'><strong>ordines</strong></span> <span class='ocrx_word' id='word_1_722' title='bbox 2780 3687 2835 3732; x_wconf 92' lang='lat' dir='ltr'><strong>et</strong></span> <span class='ocrx_word' id='word_1_723' title='bbox 2885 3678 3088 3744; x_wconf 81' lang='lat' dir='ltr'><strong>oll’tcia,</strong></span> <span class='ocrx_word' id='word_1_724' title='bbox 3144 3693 3206 3733; x_wconf 84' lang='lat' dir='ltr'><strong>ea</strong></span> <span class='ocrx_word' id='word_1_725' title='bbox 3254 3679 3488 3747; x_wconf 88' lang='lat' dir='ltr'><strong>denique</strong></span> 
     </span>
    </p>
   </div>
   <div class='ocr_carea' id='block_1_99' title="bbox 1905 3767 3487 3837">
    <p class='ocr_par' dir='ltr' id='par_1_99' title="bbox 1905 3767 3487 3837">
     <span class='ocr_line' id='line_1_100' title="bbox 1905 3767 3487 3837; baseline -0.002 -15"><span class='ocrx_word' id='word_1_726' title='bbox 1905 3769 2107 3833; x_wconf 87' lang='lat' dir='ltr'><strong>omnia,</strong></span> <span class='ocrx_word' id='word_1_727' title='bbox 2161 3769 2357 3836; x_wconf 89' lang='lat' dir='ltr'><strong>quibus</strong></span> <span class='ocrx_word' id='word_1_728' title='bbox 2413 3768 2676 3837; x_wconf 86' lang='lat' dir='ltr'><strong>quispiam</strong></span> <span class='ocrx_word' id='word_1_729' title='bbox 2728 3783 2855 3823; x_wconf 90' lang='lat' dir='ltr'><strong>vere</strong></span> <span class='ocrx_word' id='word_1_730' title='bbox 2902 3767 2995 3822; x_wconf 90' lang='lat' dir='ltr'><strong>Dei</strong></span> <span class='ocrx_word' id='word_1_731' title='bbox 3032 3768 3214 3833; x_wconf 89' lang='lat' dir='ltr'><strong>homo,</strong></span> <span class='ocrx_word' id='word_1_732' title='bbox 3278 3784 3343 3823; x_wconf 91' lang='lat' dir='ltr'><strong>ac</strong></span> <span class='ocrx_word' id='word_1_733' title='bbox 3380 3768 3487 3822; x_wconf 85' lang='lat' dir='ltr'><strong>Deo</strong></span> 
     </span>
    </p>
   </div>
   <div class='ocr_carea' id='block_1_100' title="bbox 1905 3856 3484 3929">
    <p class='ocr_par' dir='ltr' id='par_1_100' title="bbox 1905 3856 3484 3929">
     <span class='ocr_line' id='line_1_101' title="bbox 1905 3856 3484 3929; baseline 0.001 -18"><span class='ocrx_word' id='word_1_734' title='bbox 1905 3856 2209 3925; x_wconf 79' lang='lat' dir='ltr'><strong>adiunctus,</strong></span> <span class='ocrx_word' id='word_1_735' title='bbox 2242 3857 2379 3929; x_wconf 87' lang='lat' dir='ltr'><strong>plebi</strong></span> <span class='ocrx_word' id='word_1_736' title='bbox 2412 3859 2669 3928; x_wconf 87' lang='lat' dir='ltr'><strong>prodesse</strong></span> <span class='ocrx_word' id='word_1_737' title='bbox 2697 3868 2880 3927; x_wconf 88' lang='lat' dir='ltr'><strong>queat.</strong></span> <span class='ocrx_word' id='word_1_738' title='bbox 2906 3860 3050 3915; x_wconf 84' lang='lat' dir='ltr'><strong>Istud</strong></span> <span class='ocrx_word' id='word_1_739' title='bbox 3100 3870 3281 3915; x_wconf 88' lang='lat' dir='ltr'><strong>autem</strong></span> <span class='ocrx_word' id='word_1_740' title='bbox 3320 3876 3484 3913; x_wconf 89' lang='lat' dir='ltr'><strong>unum</strong></span> 
     </span>
    </p>
   </div>
   <div class='ocr_carea' id='block_1_101' title="bbox 1906 3951 3486 4015">
    <p class='ocr_par' dir='ltr' id='par_1_101' title="bbox 1906 3951 3486 4015">
     <span class='ocr_line' id='line_1_102' title="bbox 1906 3951 3486 4015; baseline 0.001 -12"><span class='ocrx_word' id='word_1_741' title='bbox 1906 3952 2198 4004; x_wconf 76' lang='lat' dir='ltr'><strong>maximum</strong></span> <span class='ocrx_word' id='word_1_742' title='bbox 2252 3960 2336 4004; x_wconf 83' lang='lat' dir='ltr'><strong>est.</strong></span> <span class='ocrx_word' id='word_1_743' title='bbox 2380 3959 2437 4006; x_wconf 82' lang='lat' dir='ltr'><strong>et</strong></span> <span class='ocrx_word' id='word_1_744' title='bbox 2480 3952 2937 4007; x_wconf 44' lang='lat' dir='ltr'><strong>celeberritnnm.”</strong></span> <span class='ocrx_word' id='word_1_745' title='bbox 2972 3951 3169 4007; x_wconf 88' lang='lat' dir='ltr'><strong>Fames</strong></span> <span class='ocrx_word' id='word_1_746' title='bbox 3227 3960 3366 4015; x_wconf 87' lang='lat' dir='ltr'><strong>erat,</strong></span> <span class='ocrx_word' id='word_1_747' title='bbox 3430 3961 3486 4005; x_wconf 84' lang='lat' dir='ltr'><strong>et</strong></span> 
     </span>
    </p>
   </div>
   <div class='ocr_carea' id='block_1_102' title="bbox 1905 4040 3486 4112">
    <p class='ocr_par' dir='ltr' id='par_1_102' title="bbox 1905 4040 3486 4112">
     <span class='ocr_line' id='line_1_103' title="bbox 1905 4040 3486 4112; baseline -0.001 -17"><span class='ocrx_word' id='word_1_748' title='bbox 1905 4042 2123 4112; x_wconf 87' lang='lat' dir='ltr'><strong>quidem</strong></span> <span class='ocrx_word' id='word_1_749' title='bbox 2159 4052 2279 4109; x_wconf 88' lang='lat' dir='ltr'><strong>post.</strong></span> <span class='ocrx_word' id='word_1_750' title='bbox 2304 4042 2585 4097; x_wconf 88' lang='lat' dir='ltr'><strong>hominum</strong></span> <span class='ocrx_word' id='word_1_751' title='bbox 2615 4044 2929 4098; x_wconf 89' lang='lat' dir='ltr'><strong>memoriam</strong></span> <span class='ocrx_word' id='word_1_752' title='bbox 2955 4042 3316 4100; x_wconf 83' lang='lat' dir='ltr'><strong>atrocissima.</strong></span> <span class='ocrx_word' id='word_1_753' title='bbox 3350 4040 3486 4095; x_wconf 89' lang='lat' dir='ltr'><strong>Lan-</strong></span> 
     </span>
    </p>
   </div>
   <div class='ocr_carea' id='block_1_103' title="bbox 1906 4131 3485 4203">
    <p class='ocr_par' dir='ltr' id='par_1_103' title="bbox 1906 4131 3485 4203">
     <span class='ocr_line' id='line_1_104' title="bbox 1906 4131 3485 4203; baseline 0 -19"><span class='ocrx_word' id='word_1_754' title='bbox 1906 4134 2103 4203; x_wconf 81' lang='lat' dir='ltr'><strong>guehat</strong></span> <span class='ocrx_word' id='word_1_755' title='bbox 2142 4133 2356 4198; x_wconf 89' lang='lat' dir='ltr'><strong>civitas,</strong></span> <span class='ocrx_word' id='word_1_756' title='bbox 2388 4147 2486 4187; x_wconf 89' lang='lat' dir='ltr'><strong>nec</strong></span> <span class='ocrx_word' id='word_1_757' title='bbox 2515 4133 2620 4187; x_wconf 89' lang='lat' dir='ltr'><strong>ulla</strong></span> <span class='ocrx_word' id='word_1_758' title='bbox 2648 4148 2713 4187; x_wconf 84' lang='lat' dir='ltr'><strong>ex</strong></span> <span class='ocrx_word' id='word_1_759' title='bbox 2747 4144 2901 4201; x_wconf 89' lang='lat' dir='ltr'><strong>parte</strong></span> <span class='ocrx_word' id='word_1_760' title='bbox 2931 4133 3191 4186; x_wconf 77' lang='lat' dir='ltr'><strong>auxilium</strong></span> <span class='ocrx_word' id='word_1_761' title='bbox 3221 4131 3485 4186; x_wconf 75' lang='lat' dir='ltr'><strong>affereba-</strong></span> 
     </span>
    </p>
   </div>
   <div class='ocr_carea' id='block_1_104' title="bbox 1908 4223 3484 4290">
    <p class='ocr_par' dir='ltr' id='par_1_104' title="bbox 1908 4223 3484 4290">
     <span class='ocr_line' id='line_1_105' title="bbox 1908 4223 3484 4290; baseline -0.001 -12"><span class='ocrx_word' id='word_1_762' title='bbox 1908 4235 2013 4290; x_wconf 88' lang='lat' dir='ltr'><strong>tur,</strong></span> <span class='ocrx_word' id='word_1_763' title='bbox 2040 4240 2137 4280; x_wconf 91' lang='lat' dir='ltr'><strong>nec</strong></span> <span class='ocrx_word' id='word_1_764' title='bbox 2171 4225 2276 4278; x_wconf 91' lang='lat' dir='ltr'><strong>ulla</strong></span> <span class='ocrx_word' id='word_1_765' title='bbox 2304 4232 2420 4286; x_wconf 80' lang='lat' dir='ltr'><strong>erat</strong></span> <span class='ocrx_word' id='word_1_766' title='bbox 2449 4224 2773 4278; x_wconf 87' lang='lat' dir='ltr'><strong>calamitatis</strong></span> <span class='ocrx_word' id='word_1_767' title='bbox 2802 4225 3088 4277; x_wconf 89' lang='lat' dir='ltr'><strong>medicina.</strong></span> <span class='ocrx_word' id='word_1_768' title='bbox 3133 4223 3268 4276; x_wconf 82' lang='lat' dir='ltr'><strong>Nam</strong></span> <span class='ocrx_word' id='word_1_769' title='bbox 3319 4224 3484 4277; x_wconf 88' lang='lat' dir='ltr'><strong>mari-</strong></span> 
     </span>
    </p>
   </div>
   <div class='ocr_carea' id='block_1_105' title="bbox 1908 4314 3481 4388">
    <p class='ocr_par' dir='ltr' id='par_1_105' title="bbox 1908 4314 3481 4388">
     <span class='ocr_line' id='line_1_106' title="bbox 1908 4314 3481 4388; baseline -0.002 -17"><span class='ocrx_word' id='word_1_770' title='bbox 1908 4316 2053 4373; x_wconf 80' lang='lat' dir='ltr'><strong>tima:</strong></span> <span class='ocrx_word' id='word_1_771' title='bbox 2080 4317 2296 4388; x_wconf 88' lang='lat' dir='ltr'><strong>quidem</strong></span> <span class='ocrx_word' id='word_1_772' title='bbox 2328 4316 2489 4373; x_wconf 87' lang='lat' dir='ltr'><strong>urbes</strong></span> <span class='ocrx_word' id='word_1_773' title='bbox 2510 4314 2776 4383; x_wconf 83' lang='lat' dir='ltr'><strong>ejusmodi</strong></span> <span class='ocrx_word' id='word_1_774' title='bbox 2804 4330 2986 4369; x_wconf 89' lang='lat' dir='ltr'><strong>rerum</strong></span> <span class='ocrx_word' id='word_1_775' title='bbox 3013 4316 3292 4382; x_wconf 89' lang='lat' dir='ltr'><strong>penuriam</strong></span> <span class='ocrx_word' id='word_1_776' title='bbox 3326 4316 3481 4368; x_wconf 80' lang='lat' dir='ltr'><strong>facile</strong></span> 
     </span>
    </p>
   </div>
   <div class='ocr_carea' id='block_1_106' title="bbox 1819 4492 3478 4566">
    <p class='ocr_par' dir='ltr' id='par_1_106' title="bbox 1819 4492 3478 4566">
     <span class='ocr_line' id='line_1_107' title="bbox 1819 4492 3478 4566; baseline -0.004 -15"><span class='ocrx_word' id='word_1_777' title='bbox 1819 4504 1864 4561; x_wconf 82' lang='grc' dir='ltr'>ι)</span> <span class='ocrx_word' id='word_1_778' title='bbox 1887 4496 2089 4566; x_wconf 87' lang='lat' dir='ltr'><strong>judicia</strong></span> <span class='ocrx_word' id='word_1_779' title='bbox 2127 4510 2225 4566; x_wconf 93' lang='lat' dir='ltr'><strong>pro</strong></span> <span class='ocrx_word' id='word_1_780' title='bbox 2258 4495 2376 4563; x_wconf 81' lang='lat' dir='ltr'><strong>lege</strong></span> <span class='ocrx_word' id='word_1_781' title='bbox 2399 4493 2754 4556; x_wconf 88' lang='lat' dir='ltr'><strong>haberentur,</strong></span> <span class='ocrx_word' id='word_1_782' title='bbox 2805 4507 2866 4546; x_wconf 90' lang='lat' dir='ltr'><strong>ac</strong></span> <span class='ocrx_word' id='word_1_783' title='bbox 2896 4492 3189 4546; x_wconf 89' lang='lat' dir='ltr'><strong>etiamnum</strong></span> <span class='ocrx_word' id='word_1_784' title='bbox 3243 4492 3478 4546; x_wconf 74' lang='lat' dir='ltr'><strong>hahean.</strong></span> 
     </span>
    </p>
   </div>
   <div class='ocr_carea' id='block_1_107' title="bbox 1897 4580 2002 4621">
    <p class='ocr_par' dir='ltr' id='par_1_107' title="bbox 1897 4580 2002 4621">
     <span class='ocr_line' id='line_1_108' title="bbox 1897 4580 2002 4621; baseline 0 0"><span class='ocrx_word' id='word_1_785' title='bbox 1897 4580 2002 4621; x_wconf 78' lang='lat' dir='ltr'><strong>lllr.</strong></span> 
     </span>
    </p>
   </div>
   <div class='ocr_carea' id='block_1_108' title="bbox 1968 4632 3481 4704">
    <p class='ocr_par' dir='ltr' id='par_1_108' title="bbox 1968 4632 3481 4704">
     <span class='ocr_line' id='line_1_109' title="bbox 1968 4632 3481 4704; baseline -0.005 -13"><span class='ocrx_word' id='word_1_786' title='bbox 1968 4640 2045 4704; x_wconf 90' lang='grc'>(1)</span> <span class='ocrx_word' id='word_1_787' title='bbox 2082 4635 2255 4703; x_wconf 81' lang='grc' dir='ltr'>Νόμῳ</span> <span class='ocrx_word' id='word_1_788' title='bbox 2283 4632 2362 4699; x_wconf 82' lang='grc' dir='ltr'>τῷ</span> <span class='ocrx_word' id='word_1_789' title='bbox 2396 4632 2610 4699; x_wconf 81' lang='grc' dir='ltr'>τρόπῳ,</span> <span class='ocrx_word' id='word_1_790' title='bbox 2643 4643 2748 4687; x_wconf 91' lang='lat' dir='ltr'><strong>etc.</strong></span> <span class='ocrx_word' id='word_1_791' title='bbox 2788 4651 2807 4685; x_wconf 82' lang='grc' dir='ltr'><strong>ι</strong></span> <span class='ocrx_word' id='word_1_792' title='bbox 2848 4632 3049 4704; x_wconf 83' lang='lat' dir='ltr'><strong>Quibus</strong></span> <span class='ocrx_word' id='word_1_793' title='bbox 3074 4646 3169 4701; x_wconf 89' lang='lat' dir='ltr'><strong>pro</strong></span> <span class='ocrx_word' id='word_1_794' title='bbox 3202 4632 3313 4701; x_wconf 84' lang='lat' dir='ltr'><strong>lege</strong></span> <span class='ocrx_word' id='word_1_795' title='bbox 3336 4643 3481 4686; x_wconf 80' lang='lat' dir='ltr'><strong>esset</strong></span> 
     </span>
    </p>
   </div>
   <div class='ocr_carea' id='block_1_109' title="bbox 1896 4703 3478 4763">
    <p class='ocr_par' dir='ltr' id='par_1_109' title="bbox 1896 4703 3478 4763">
     <span class='ocr_line' id='line_1_110' title="bbox 1896 4703 3478 4763; baseline -0.004 0"><span class='ocrx_word' id='word_1_796' title='bbox 1896 4707 2028 4763; x_wconf 88' lang='lat' dir='ltr'><strong>tanti</strong></span> <span class='ocrx_word' id='word_1_797' title='bbox 2066 4708 2163 4759; x_wconf 89' lang='lat' dir='ltr'><strong>viri</strong></span> <span class='ocrx_word' id='word_1_798' title='bbox 2199 4704 2493 4758; x_wconf 81' lang='lat' dir='ltr'><strong>auctoritas</strong></span> <span class='ocrx_word' id='word_1_799' title='bbox 2525 4715 2578 4755; x_wconf 91' lang='lat' dir='ltr'><strong>et</strong></span> <span class='ocrx_word' id='word_1_800' title='bbox 2614 4704 2803 4758; x_wconf 86' lang='lat' dir='ltr'><strong>virtus.</strong></span> <span class='ocrx_word' id='word_1_801' title='bbox 2843 4722 2862 4755; x_wconf 74' lang='grc' dir='ltr'><strong>ι</strong></span> <span class='ocrx_word' id='word_1_802' title='bbox 2902 4703 3082 4757; x_wconf 86' lang='lat' dir='ltr'><strong>Schol.</strong></span> <span class='ocrx_word' id='word_1_803' title='bbox 3115 4722 3127 4757; x_wconf 91' lang='lat'>:</span> <span class='ocrx_word' id='word_1_804' title='bbox 3165 4705 3337 4758; x_wconf 77' lang='grc' dir='ltr'>Πιστά</span> <span class='ocrx_word' id='word_1_805' title='bbox 3364 4704 3478 4756; x_wconf 84' lang='grc' dir='ltr'>ἐδό-</span> 
     </span>
    </p>
   </div>
   <div class='ocr_carea' id='block_1_110' title="bbox 1895 4772 3475 4845">
    <p class='ocr_par' dir='ltr' id='par_1_110' title="bbox 1895 4772 3475 4845">
     <span class='ocr_line' id='line_1_111' title="bbox 1895 4772 3475 4845; baseline -0.003 -13"><span class='ocrx_word' id='word_1_806' title='bbox 1895 4796 1981 4832; x_wconf 89' lang='grc' dir='ltr'><strong>κει</strong></span> <span class='ocrx_word' id='word_1_807' title='bbox 2004 4777 2091 4829; x_wconf 63' lang='lat' dir='ltr'><strong>aia</strong></span> <span class='ocrx_word' id='word_1_808' title='bbox 2114 4775 2204 4829; x_wconf 86' lang='grc' dir='ltr'><strong>τὸν</strong></span> <span class='ocrx_word' id='word_1_809' title='bbox 2238 4774 2436 4845; x_wconf 83' lang='grc' dir='ltr'>τρόπον</span> <span class='ocrx_word' id='word_1_810' title='bbox 2460 4772 2553 4826; x_wconf 83' lang='grc' dir='ltr'>τοῦ</span> <span class='ocrx_word' id='word_1_811' title='bbox 2584 4773 2835 4843; x_wconf 87' lang='grc' dir='ltr'>λέγοντος</span> <span class='ocrx_word' id='word_1_812' title='bbox 2856 4792 2868 4804; x_wconf 91' lang='grc'>·</span> <span class='ocrx_word' id='word_1_813' title='bbox 2914 4793 2931 4823; x_wconf 84' lang='grc' dir='ltr'><strong>ι</strong></span> <span class='ocrx_word' id='word_1_814' title='bbox 2974 4774 3108 4828; x_wconf 74' lang='lat' dir='ltr'><strong>Vera</strong></span> <span class='ocrx_word' id='word_1_815' title='bbox 3135 4776 3475 4837; x_wconf 83' lang='lat' dir='ltr'><strong>videbantur,</strong></span> 
     </span>
    </p>
   </div>
   <div class='ocr_carea' id='block_1_111' title="bbox 1899 4845 2763 4916">
    <p class='ocr_par' dir='ltr' id='par_1_111' title="bbox 1899 4845 2763 4916">
     <span class='ocr_line' id='line_1_112' title="bbox 1899 4845 2763 4916; baseline -0.012 -11"><span class='ocrx_word' id='word_1_816' title='bbox 1899 4852 1967 4905; x_wconf 89' lang='lat' dir='ltr'><strong>ob</strong></span> <span class='ocrx_word' id='word_1_817' title='bbox 1999 4846 2270 4916; x_wconf 87' lang='lat' dir='ltr'><strong>loquentis</strong></span> <span class='ocrx_word' id='word_1_818' title='bbox 2300 4845 2700 4916; x_wconf 87' lang='lat' dir='ltr'><strong>auctoritatem.</strong></span> <span class='ocrx_word' id='word_1_819' title='bbox 2745 4863 2763 4895; x_wconf 82' lang='grc' dir='ltr'><strong>ι</strong></span> 
     </span>
    </p>
   </div>
   <div class='ocr_carea' id='block_1_112' title="bbox 1968 4914 3473 4988">
    <p class='ocr_par' dir='ltr' id='par_1_112' title="bbox 1968 4914 3473 4988">
     <span class='ocr_line' id='line_1_113' title="bbox 1968 4914 3473 4988; baseline -0.003 -18"><span class='ocrx_word' id='word_1_820' title='bbox 1968 4918 2044 4988; x_wconf 70' lang='lat'><strong>(2)</strong></span> <span class='ocrx_word' id='word_1_821' title='bbox 2070 4914 2522 4988; x_wconf 49' lang='grc' dir='ltr'>’Δουλούμενοντ</span> <span class='ocrx_word' id='word_1_822' title='bbox 2553 4915 2684 4988; x_wconf 60' lang='lat' dir='ltr'><strong>lieg.</strong></span> <span class='ocrx_word' id='word_1_823' title='bbox 2715 4916 2897 4988; x_wconf 34' lang='lat' dir='ltr'><strong>Cypra</strong></span> <span class='ocrx_word' id='word_1_824' title='bbox 2925 4914 3271 4985; x_wconf 86' lang='grc' dir='ltr'>δηλούμενον,</span> <span class='ocrx_word' id='word_1_825' title='bbox 3305 4933 3323 4965; x_wconf 74' lang='grc' dir='ltr'><strong>ι</strong></span> <span class='ocrx_word' id='word_1_826' title='bbox 3354 4929 3473 4968; x_wconf 90' lang='lat' dir='ltr'><strong>cunt</strong></span> 
     </span>
    </p>
   </div>
   <div class='ocr_carea' id='block_1_113' title="bbox 1892 4986 3172 5059">
    <p class='ocr_par' dir='ltr' id='par_1_113' title="bbox 1892 4986 3172 5059">
     <span class='ocr_line' id='line_1_114' title="bbox 1892 4986 3172 5059; baseline -0.006 -16"><span class='ocrx_word' id='word_1_827' title='bbox 1892 5004 1988 5059; x_wconf 90' lang='lat' dir='ltr'><strong>per</strong></span> <span class='ocrx_word' id='word_1_828' title='bbox 2014 4986 2439 5059; x_wconf 72' lang='lat' dir='ltr'><strong>benevolentiam</strong></span> <span class='ocrx_word' id='word_1_829' title='bbox 2467 4986 2516 5059; x_wconf 74' lang='lat' dir='ltr'><strong>id</strong></span> <span class='ocrx_word' id='word_1_830' title='bbox 2538 4986 2782 5053; x_wconf 67' lang='lat' dir='ltr'><strong>obsequii</strong></span> <span class='ocrx_word' id='word_1_831' title='bbox 2808 4987 3111 5059; x_wconf 73' lang='lat' dir='ltr'><strong>exhibetur.</strong></span> <span class='ocrx_word' id='word_1_832' title='bbox 3155 5004 3172 5035; x_wconf 81' lang='grc' dir='ltr'><strong>ι</strong></span> 
     </span>
    </p>
   </div>
   <div class='ocr_carea' id='block_1_114' title="bbox 1968 5054 3478 5127">
    <p class='ocr_par' dir='ltr' id='par_1_114' title="bbox 1968 5054 3478 5127">
     <span class='ocr_line' id='line_1_115' title="bbox 1968 5054 3478 5127; baseline -0.003 -16"><span class='ocrx_word' id='word_1_833' title='bbox 1968 5058 2044 5127; x_wconf 86' lang='grc'>(5)</span> <span class='ocrx_word' id='word_1_834' title='bbox 2090 5054 2442 5110; x_wconf 75' lang='grc' dir='ltr'>Μοναστῶν.</span> <span class='ocrx_word' id='word_1_835' title='bbox 2466 5055 2649 5127; x_wconf 47' lang='lat' dir='ltr'><strong>Pass”</strong></span> <span class='ocrx_word' id='word_1_836' title='bbox 2687 5055 2955 5125; x_wconf 85' lang='grc' dir='ltr'>μοναχῶν.</span> <span class='ocrx_word' id='word_1_837' title='bbox 2987 5058 3056 5109; x_wconf 85' lang='lat' dir='ltr'><strong>De</strong></span> <span class='ocrx_word' id='word_1_838' title='bbox 3084 5054 3329 5109; x_wconf 86' lang='lat' dir='ltr'><strong>asceticis</strong></span> <span class='ocrx_word' id='word_1_839' title='bbox 3355 5068 3478 5123; x_wconf 84' lang='lat' dir='ltr'><strong>pro-</strong></span> 
     </span>
    </p>
   </div>
   <div class='ocr_carea' id='block_1_115' title="bbox 1895 5125 2764 5195">
    <p class='ocr_par' dir='ltr' id='par_1_115' title="bbox 1895 5125 2764 5195">
     <span class='ocr_line' id='line_1_116' title="bbox 1895 5125 2764 5195; baseline -0.005 -13"><span class='ocrx_word' id='word_1_840' title='bbox 1895 5125 2145 5185; x_wconf 30' lang='lat' dir='ltr'><strong>cul‘dubio</strong></span> <span class='ocrx_word' id='word_1_841' title='bbox 2184 5128 2419 5195; x_wconf 92' lang='lat' dir='ltr'><strong>loquitur</strong></span> <span class='ocrx_word' id='word_1_842' title='bbox 2449 5125 2764 5195; x_wconf 85' lang='lat' dir='ltr'><strong>Gregorius.</strong></span> 
     </span>
    </p>
   </div>
   <div class='ocr_carea' id='block_1_116' title="bbox 1966 5195 3472 5269">
    <p class='ocr_par' dir='ltr' id='par_1_116' title="bbox 1966 5195 3472 5269">
     <span class='ocr_line' id='line_1_117' title="bbox 1966 5195 3472 5269; baseline -0.003 -18"><span class='ocrx_word' id='word_1_843' title='bbox 1966 5199 2043 5269; x_wconf 70' lang='lat'><strong>(4)</strong></span> <span class='ocrx_word' id='word_1_844' title='bbox 2083 5197 2299 5266; x_wconf 82' lang='grc' dir='ltr'><strong>Εὺχῶν</strong></span> <span class='ocrx_word' id='word_1_845' title='bbox 2339 5195 2669 5269; x_wconf 56' lang='grc' dir='ltr'>διατάξεις.</span> <span class='ocrx_word' id='word_1_846' title='bbox 2710 5215 2728 5247; x_wconf 80' lang='grc' dir='ltr'><strong>ι</strong></span> <span class='ocrx_word' id='word_1_847' title='bbox 2775 5197 3044 5269; x_wconf 76' lang='lat' dir='ltr'><strong>Ordinatze</strong></span> <span class='ocrx_word' id='word_1_848' title='bbox 3074 5211 3298 5269; x_wconf 6' lang='lat' dir='ltr'><strong>(preces,</strong></span> <span class='ocrx_word' id='word_1_849' title='bbox 3360 5204 3472 5247; x_wconf 86' lang='lat' dir='ltr'><strong>tum</strong></span> 
     </span>
    </p>
   </div>
   <div class='ocr_carea' id='block_1_117' title="bbox 1895 5266 3472 5343">
    <p class='ocr_par' dir='ltr' id='par_1_117' title="bbox 1895 5266 3472 5343">
     <span class='ocr_line' id='line_1_118' title="bbox 1895 5266 3472 5343; baseline -0.005 -19"><span class='ocrx_word' id='word_1_850' title='bbox 1895 5266 2032 5331; x_wconf 58' lang='lat' dir='ltr'><strong>alia},</strong></span> <span class='ocrx_word' id='word_1_851' title='bbox 2072 5286 2090 5319; x_wconf 81' lang='grc' dir='ltr'><strong>ι</strong></span> <span class='ocrx_word' id='word_1_852' title='bbox 2133 5269 2307 5337; x_wconf 85' lang='lat' dir='ltr'><strong>inquit</strong></span> <span class='ocrx_word' id='word_1_853' title='bbox 2336 5266 2570 5330; x_wconf 87' lang='lat' dir='ltr'><strong>Nicctas,</strong></span> <span class='ocrx_word' id='word_1_854' title='bbox 2613 5284 2631 5315; x_wconf 77' lang='grc' dir='ltr'><strong>ι</strong></span> <span class='ocrx_word' id='word_1_855' title='bbox 2673 5276 2781 5320; x_wconf 87' lang='grc' dir='ltr'>ιιιιιι</span> <span class='ocrx_word' id='word_1_856' title='bbox 2828 5268 3020 5320; x_wconf 78' lang='lat' dir='ltr'><strong>divina:</strong></span> <span class='ocrx_word' id='word_1_857' title='bbox 3052 5267 3314 5343; x_wconf 67' lang='lat' dir='ltr'><strong>_liturgi:e,</strong></span> <span class='ocrx_word' id='word_1_858' title='bbox 3353 5280 3472 5332; x_wconf 68' lang='lat' dir='ltr'><strong>qua:</strong></span> 
     </span>
    </p>
   </div>
   <div class='ocr_carea' id='block_1_118' title="bbox 1896 5338 3470 5407">
    <p class='ocr_par' dir='ltr' id='par_1_118' title="bbox 1896 5338 3470 5407">
     <span class='ocr_line' id='line_1_119' title="bbox 1896 5338 3470 5407; baseline -0.006 -13"><span class='ocrx_word' id='word_1_859' title='bbox 1896 5350 1949 5394; x_wconf 91' lang='lat' dir='ltr'><strong>et</strong></span> <span class='ocrx_word' id='word_1_860' title='bbox 1980 5349 2216 5403; x_wconf 78' lang='lat' dir='ltr'><strong>exstant,</strong></span> <span class='ocrx_word' id='word_1_861' title='bbox 2251 5348 2307 5389; x_wconf 91' lang='lat' dir='ltr'><strong>nt</strong></span> <span class='ocrx_word' id='word_1_862' title='bbox 2342 5352 2429 5390; x_wconf 88' lang='lat' dir='ltr'><strong>res</strong></span> <span class='ocrx_word' id='word_1_863' title='bbox 2456 5351 2625 5390; x_wconf 76' lang='lat' dir='ltr'><strong>sacra:</strong></span> <span class='ocrx_word' id='word_1_864' title='bbox 2663 5349 2899 5407; x_wconf 85' lang='lat' dir='ltr'><strong>congrua</strong></span> <span class='ocrx_word' id='word_1_865' title='bbox 2925 5338 3153 5406; x_wconf 88' lang='lat' dir='ltr'><strong>quadam</strong></span> <span class='ocrx_word' id='word_1_866' title='bbox 3190 5338 3470 5401; x_wconf 74' lang='lat' dir='ltr'><strong>majestate</strong></span> 
     </span>
    </p>
   </div>
   <div class='ocr_carea' id='block_1_119' title="bbox 1894 5409 2406 5480">
    <p class='ocr_par' dir='ltr' id='par_1_119' title="bbox 1894 5409 2406 5480">
     <span class='ocr_line' id='line_1_120' title="bbox 1894 5409 2406 5480; baseline -0.012 -16"><span class='ocrx_word' id='word_1_867' title='bbox 1894 5410 2076 5480; x_wconf 79' lang='lat' dir='ltr'><strong>peragi</strong></span> <span class='ocrx_word' id='word_1_868' title='bbox 2120 5409 2341 5480; x_wconf 79' lang='lat' dir='ltr'><strong>possint.</strong></span> <span class='ocrx_word' id='word_1_869' title='bbox 2388 5426 2406 5458; x_wconf 70' lang='grc' dir='ltr'><strong>ι</strong></span> 
     </span>
    </p>
   </div>
   <div class='ocr_carea' id='block_1_120' title="bbox 1896 5475 3449 5604">
    <p class='ocr_par' dir='ltr' id='par_1_120' title="bbox 1896 5475 3449 5604">
     <span class='ocr_line' id='line_1_121' title="bbox 1896 5475 3449 5604; baseline -0.005 -71"><span class='ocrx_word' id='word_1_870' title='bbox 1896 5475 2052 5604; x_wconf 32' lang='lat'><strong>5(5)</strong></span> <span class='ocrx_word' id='word_1_871' title='bbox 2082 5475 2392 5547; x_wconf 72' lang='grc' dir='ltr'>Παραλίιιι.</span> <span class='ocrx_word' id='word_1_872' title='bbox 2439 5476 2571 5547; x_wconf 82' lang='lat' dir='ltr'><strong>Reg.</strong></span> <span class='ocrx_word' id='word_1_873' title='bbox 2606 5491 2660 5540; x_wconf 87' lang='lat' dir='ltr'><strong>a,</strong></span> <span class='ocrx_word' id='word_1_874' title='bbox 2706 5495 2754 5545; x_wconf 88' lang='lat' dir='ltr'><strong>c,</strong></span> <span class='ocrx_word' id='word_1_875' title='bbox 2797 5479 2851 5537; x_wconf 84' lang='lat' dir='ltr'><strong>d,</strong></span> <span class='ocrx_word' id='word_1_876' title='bbox 2889 5478 2958 5547; x_wconf 90' lang='lat' dir='ltr'><strong>ph</strong></span> <span class='ocrx_word' id='word_1_877' title='bbox 2992 5486 3045 5532; x_wconf 87' lang='lat' dir='ltr'><strong>et</strong></span> <span class='ocrx_word' id='word_1_878' title='bbox 3081 5475 3156 5529; x_wconf 89' lang='lat' dir='ltr'><strong>Or</strong></span> <span class='ocrx_word' id='word_1_879' title='bbox 3234 5476 3291 5541; x_wconf 74' lang='grc'>2,</span> <span class='ocrx_word' id='word_1_880' title='bbox 3331 5488 3449 5545; x_wconf 85' lang='grc' dir='ltr'><strong>παρ</strong></span> 
     </span>
     <span class='ocr_line' id='line_1_122' title="bbox 1967 5569 2055 5604; baseline 0.011 -1"><span class='ocrx_word' id='word_1_881' title='bbox 1967 5569 2055 5604; x_wconf 84' lang='grc' dir='ltr'>ιοι.</span> 
     </span>
    </p>
   </div>
   <div class='ocr_carea' id='block_1_121' title="bbox 1967 5569 2055 5604">
    <p class='ocr_par' dir='ltr' id='par_1_121' title="bbox 1967 5569 2055 5604">
     <span class='ocr_line' id='line_1_123' title="bbox 1967 5569 2055 5604; baseline 0.011 -1"><span class='ocrx_word' id='word_1_882' title='bbox 1967 5569 2055 5604; x_wconf 87' lang='grc' dir='ltr'>ιοι.</span> 
     </span>
    </p>
   </div>
   <div class='ocr_carea' id='block_1_122' title="bbox 1970 5617 3065 5691">
    <p class='ocr_par' dir='ltr' id='par_1_122' title="bbox 1970 5617 3065 5691">
     <span class='ocr_line' id='line_1_124' title="bbox 1970 5617 3065 5691; baseline 0 -18"><span class='ocrx_word' id='word_1_883' title='bbox 1970 5622 2044 5691; x_wconf 82' lang='lat'><strong>(6)</strong></span> <span class='ocrx_word' id='word_1_884' title='bbox 2084 5618 2496 5689; x_wconf 66' lang='grc' dir='ltr'>Ἀνίιφέρουσι.</span> <span class='ocrx_word' id='word_1_885' title='bbox 2529 5618 2700 5691; x_wconf 61' lang='grc' dir='ltr'>Οι·.2,</span> <span class='ocrx_word' id='word_1_886' title='bbox 2730 5617 3065 5691; x_wconf 83' lang='grc' dir='ltr'>ἐπιφέρουσι.</span> 
     </span>
    </p>
   </div>
   <div class='ocr_carea' id='block_1_123' title="bbox 1970 5689 2915 5764">
    <p class='ocr_par' dir='ltr' id='par_1_123' title="bbox 1970 5689 2915 5764">
     <span class='ocr_line' id='line_1_125' title="bbox 1970 5689 2915 5764; baseline -0.004 -19"><span class='ocrx_word' id='word_1_887' title='bbox 1970 5689 2047 5764; x_wconf 82' lang='lat'><strong>(7)</strong></span> <span class='ocrx_word' id='word_1_888' title='bbox 2086 5691 2271 5760; x_wconf 77' lang='grc' dir='ltr'>Παρὰ.</span> <span class='ocrx_word' id='word_1_889' title='bbox 2311 5692 2364 5745; x_wconf 91' lang='lat' dir='ltr'><strong>In</strong></span> <span class='ocrx_word' id='word_1_890' title='bbox 2401 5690 2689 5758; x_wconf 83' lang='lat' dir='ltr'><strong>nonnullis,</strong></span> <span class='ocrx_word' id='word_1_891' title='bbox 2714 5689 2861 5761; x_wconf 88' lang='grc' dir='ltr'>περί.</span> <span class='ocrx_word' id='word_1_892' title='bbox 2896 5689 2915 5705; x_wconf 57' lang='grc'><strong>⁷⁷</strong></span> 
     </span>
    </p>
   </div>
  </div>
