4050 6298
471 277 534 333 5-!
545 277 578 333 5

1676 275 1734 330 S.
1780 265 2110 331 GREGORII
2149 267 2500 330 TIlEOLOGl

3627 272 3739 327 5M

471 391 772 462 perferunt,
813 391 1002 447 dantes
1040 392 1294 446 nimirum
1331 405 1417 458 ea,
1462 391 1658 462 quibus
1687 391 1931 456 afﬂuunt,
1984 407 2047 447 ac

2166 393 2244 444 ιαὶ
2275 391 2338 444 τὸ
2365 391 2541 444 ἐνδέον
2572 389 2943 460 ἀνεπινόητον,
2981 388 3079 442 οὐκ
3103 387 3318 459 ἔχουσιν
3347 388 3514 456 ὅπως,
3557 392 3590 462 ἢ
3621 392 3744 444 δια-

456 483 711 536 vicissim
745 496 830 547 ea,
855 481 1048 550 quibus
1080 492 1290 549 carent,
1347 499 1380 540 a
1423 484 1564 538 mari
1600 485 1960 554 accipientes;
1993 496 2048 540 at

472 587 590 636 nos,
620 573 710 642 qui
737 573 921 642 procul
951 589 980 626 a
1017 574 1153 627 mari
1188 575 1453 643 degimus,
1507 590 1606 630 nec
1631 590 1696 629 ex
1739 576 1827 640 iis,
1853 576 2049 645 quibus

475 668 858 730 redundamus,
914 668 1200 739 utilitatem
1255 669 1419 723 ullam
1461 670 1730 738 capimus,
1796 685 1897 725 nec
1961 685 2048 735 ea,

473 757 671 826 quibus
733 771 974 829 egemus,
1033 759 1138 813 ulla
1205 769 1326 814 arte
1377 773 1691 829 comparare
1743 775 2050 830 possumus,

475 856 662 915 utpote
706 849 821 916 qui,
875 863 976 903 nec
1021 849 1451 917 qnahabemus,
1495 859 1805 917 exportare,
1838 863 1934 904 nec
1965 864 2050 915 ea,

475 939 671 1008 quibus
700 955 974 1003 caremus,
1023 940 1318 1009 importare
1354 955 1638 1010 queamus.
1685 940 1792 995 Sed
1850 941 1902 995 in
1952 942 2052 996 hu-

474 1030 712 1097 jusmodi
745 1029 898 1084 malis
923 1030 1057 1084 nihil
1098 1030 1316 1100 gravius
1341 1038 1444 1095 est,
1479 1046 1637 1098 quam
1675 1030 1966 1087 crudelitas
1993 1046 2055 1087 ac

479 1121 822 1190 inexplebilis
853 1137 1062 1188 eorum,
1088 1123 1178 1192 qui
1210 1123 1540 1178 frumentum
1578 1123 1799 1186 habent,
1851 1122 2062 1192 cupidi-

470 1221 582 1266 .tas.
619 1211 918 1266 Observant
946 1213 1090 1267 enim
1135 1223 1432 1282 temporum
1467 1211 1834 1279 difﬁcultates,
1875 1224 1930 1267 et
1958 1228 2055 1282 pe-

479 1303 692 1356 nuriam
763 1303 817 1357 in
877 1312 1141 1372 qumstum
1201 1311 1444 1368 vertunt,
1497 1313 1662 1372 atque
1711 1319 1776 1360 ex
1831 1305 2056 1359 aliorum

479 1392 880 1448 calamitatibus
910 1411 1140 1450 messem
1173 1394 1408 1462 faciunt;
1463 1409 1562 1450 nec
1605 1395 1732 1450 illud
1759 1397 2058 1462 audientes,

480 1499 626 1550 eum,
657 1485 748 1554 qui
778 1500 1070 1556 pauperum
1116 1486 1422 1551 miseretur,
1473 1486 1698 1541 Domino
1737 1486 1967 1542 fenerari
1999 1491 2059 1556 ’ς

487 1593 586 1634 nec
614 1594 801 1634 rursus
837 1581 984 1646 illud,
1030 1594 1180 1644 eum,
1241 1581 1332 1650 qui
1379 1579 1710 1635 frumentum
1761 1582 2060 1648 abscondit,

479 1671 624 1740 plebi
661 1673 1044 1728 exsecrabilem
1085 1687 1206 1728 esse
1248 1673 1270 1704 ⁸
1309 1691 1323 1727 :
1357 1686 1454 1728 nec
1494 1673 1726 1742 denique
1770 1669 2062 1744 quidquam

2151 482 2373 554 θώμεθά
2401 500 2454 534 τι
2486 479 2595 534 τῶν
2623 479 2812 548 ὄντων,
2854 481 2887 551 ἢ
2931 480 3041 532 τῶν
3085 480 3186 533 οὑκ
3233 480 3402 534 ὄντων
3429 483 3744 552 είσκομισό-

2153 573 2290 644 μεθα
2320 572 2421 646 (8)·
2449 573 2544 625 καὶ
2573 571 2602 624 ὃ
2632 569 3016 642 χαλεπώτατόν
3053 571 3200 625 ἐστιν
3231 573 3290 624 ἐν
3313 575 3426 636 τοῖς
3455 574 3742 638 τοιούτοις,

2139 666 2184 735 ὴ
2231 664 2339 717 τῶν
2390 663 2622 733 ἐχόντων
2671 662 2976 733 ἀναλγησία
3024 663 3119 716 καὶ
3168 663 3464 734 ἀπληστία.
3496 665 3748 735 Τηροῦσι

2150 757 2258 827 γὰρ
2279 758 2406 820 τοὺς
2444 757 2691 827 καιροὺς,
2721 756 2816 809 καὶ
2855 755 3481 826 καταπραγματεύονται
3508 756 3608 826 τῆς
3659 759 3750 809 ἐν·

2151 848 2298 910 δείας
2328 850 2425 919 (9),
2483 849 2578 901 καὶ
2632 847 2942 919 γεωργοῦσι
3003 848 3103 910 τὰς
3127 847 3435 922 συμφοράςς
3483 847 3626 912 οὔτε,
3661 846 3748 918 τῷ

2153 938 2345 1009 Κυρίῳ
2399 938 2666 1004 δανείζειν
2706 938 2797 992 τὸν
2839 938 3091 991 ἐλεοῦντα
3124 939 3394 1007 πτωχοὺς,
3431 936 3746 1000 ἀκούοντες·

2154 1027 2262 1080 οὐδ’
2296 1028 2378 1081 ὅτι
2410 1030 2439 1080 ὁ
2503 1028 2746 1098 συνέχων
2801 1031 2946 1082 σῖτον
2975 1027 3443 1099 δημοκατάρατος·
3479 1027 3592 1083 οὔτ’
3616 1029 3750 1082 ἄλλο

2155 1118 2308 1172 οὐδὲν
2336 1117 2444 1170 τῶν
2479 1117 2512 1188 ἢ
2540 1121 2654 1180 τοῖς
2675 1117 3079 1189 φιλανθρώποις
3109 1117 3553 1186 ἐπηγγελμένων,
3577 1117 3610 1187 ἦ
3630 1120 3751 1182 τοῖς

2159 1207 2546 1279 ἀπανθρώπως
2601 1209 3007 1280 ἠπειλημένων.
3071 1207 3209 1260 Ἀλλ’
3243 1208 3350 1260 εἰσὶ
3382 1207 3475 1260 τοῦ
3535 1209 3750 1272 δέοιτος

2159 1301 2578 1372 ἀπληστότεροι,
2626 1301 2720 1354 καὶ
2751 1298 3007 1372 φρονοῦσι
3042 1299 3248 1363 ιιαιιῶς⁸
3281 1300 3511 1362 ἐκείνοις
3547 1301 3644 1370 μὲν
3675 1300 3754 1352 τά

2159 1391 2389 1456 ἑαυτῶν,
2414 1393 2628 1456 ἑαυτοῖς
2651 1391 2708 1445 δὲ
2733 1392 2801 1445 τὰ
2833 1391 2928 1444 τοῦ
2962 1390 3097 1444 Θεοῦ
3134 1390 3419 1460 σπλάγχνα
3451 1391 3747 1454 κλείοντες,

2160 1477 2222 1538 οῦ
2250 1485 2345 1538 καὶ
2374 1484 2574 1556 μᾶλλον
2597 1483 2889 1556 χρῄζοντες
2939 1483 3244 1552 ἀγνοοῦσιν,
3268 1484 3302 1555 ἢ
3339 1481 3517 1536 αὐτῶν
3544 1483 3747 1554 ἕτεροι.

2161 1577 2348 1631 Ταῦτα
2381 1577 2480 1648 μὲν
2525 1579 2575 1630 οἱ
2599 1576 2826 1630 σιτῶναι
2862 1576 2957 1630 καὶ
2992 1575 3364 1646 σιτοκάπηλοι,
3405 1575 3497 1628 καὶ
3521 1575 3654 1644 μήτε
3682 1573 3754 1628 τδ

2167 1671 2423 1740 συγγενὲς
2452 1671 2779 1741 αἰδούμενοι,
2815 1672 2951 1741 μήτε
2980 1670 3107 1742 περὶ
3131 1669 3192 1722 τὸ
3224 1669 3378 1721 Θείον
3411 1667 3749 1738 εὐχάριστοι,

482 1760 628 1816 aliud
656 1777 860 1826 eorum,
897 1778 1018 1832 quae
1041 1763 1124 1817 vel
1164 1763 1407 1833 benignis
1436 1779 1500 1819 ac
1560 1765 1859 1820 mansuetis
1895 1764 2065 1819 homi-

2168 1765 2297 1833 παρ’
2325 1758 2384 1818 οῦ
2411 1763 2474 1816 τὸ
2498 1762 2638 1833 ἔχειν
2655 1755 2846 1826 ἀὐτοῖς
2870 1762 3002 1833 (10),
3027 1762 3201 1815 ἄλλων
3222 1758 3576 1830 πιεζομένων.

481 1852 644 1908 nibus
678 1854 958 1923 pollicetur
993 1853 1295 1921 Scriptura,
1340 1854 1425 1909 vel
1454 1854 1606 1908 duris
1656 1862 1711 1910 et
1750 1853 2060 1909 inhumanis
2097 1853 2264 1923 798
2288 1854 2668 1908 comminatur.
2703 1851 2905 1906 Verum
2947 1852 3014 1905 ad
3089 1867 3199 1904 rem
3279 1850 3549 1903 avidiores
3594 1857 3750 1903 sunt.

483 1959 644 2016 quam
678 1962 774 2017 par
800 1948 888 2014 sit,
926 1948 1174 2018 maleque
1201 1948 1301 2003 sibi
1336 1948 1667 2016 consulunt;
1743 1949 2192 2018 quemadmodum
2256 1946 2461 2022 scilicet
2535 1945 2655 2002 aliis
2731 1959 2850 2010 sua,
2893 1945 2962 1997 ita
2994 1941 3230 2012 sibiipsis
3285 1941 3400 2004 Dei,
3449 1943 3602 2008 cujus
3643 1955 3752 2008 ope

487 2039 656 2106 magis
724 2054 782 2093 se
831 2039 1075 2109 indigere
1129 2040 1410 2103 nesciunt,
1486 2055 1648 2110 quam
1703 2041 1794 2096 alii
1856 2041 2096 2110 ipsorum
2171 2039 2374 2094 auxilio
2422 2048 2634 2107 egeant,
2689 2041 2896 2092 viscera
2947 2033 3361 2103 prmcludcntes.
3417 2033 3749 2102 Atqueharc

484 2133 702 2199 quidem
728 2133 982 2188 frumenti
1017 2143 1292 2204 emptores
1331 2143 1670 2206 ctcanpones
1707 2135 1932 2201 faciunt,
1962 2136 2053 2205 qui
2093 2149 2191 2189 nec
2230 2133 2566 2203 cognationis
2619 2131 2744 2202 jure
2809 2139 3244 2196 commoventur,
3277 2144 3376 2184 nec
3413 2127 3542 2193 Deo,
3591 2126 3753 2196 cujus

483 2221 752 2278 beneﬂcio
806 2224 906 2292 ipsi
943 2220 1274 2278 frumentum
1322 2225 1543 2290 habent,
1590 2240 1709 2280 cum
1750 2224 1840 2280 alii
1877 2225 2270 2296 opprimantur,
2293 2225 2493 2293 gratias
2515 2222 2776 2278 referunt.

553 2315 773 2371 XXXV.
817 2316 886 2371 At
917 2316 1164 2382 Basilius,
1200 2331 1298 2371 nec
1325 2317 1576 2386 precibus
1612 2319 1826 2386 quidem
1870 2332 2063 2386 panem

484 2406 682 2462 οοοοιιο
713 2407 736 2438 ⁵
766 2405 1013 2471 fundere,
1039 2423 1139 2462 nec
1170 2407 1461 2478 fugitivum
1483 2409 1735 2479 populum
1767 2409 1820 2462 in
1849 2408 2064 2463 deserto

487 2498 631 2552 alere
670 2506 898 2566 poterat,
930 2513 1028 2554 nec
1060 2499 1453 2555 indeficientem
1490 2499 1796 2554 alimoniam
1819 2513 1850 2554 e
1876 2514 2067 2554 vascu—

489 2592 556 2647 lis
579 2591 622 2654 ⁵,
662 2591 830 2646 fontis
879 2591 1072 2658 instar,
1114 2593 1399 2655 scaturire,
1433 2607 1574 2662 quze,
1601 2607 1688 2648 res
1709 2593 1876 2647 mira!
1920 2593 2067 2662 ipso-

490 2691 602 2738 met
632 2697 801 2736 vacuo
832 2683 1196 2752 rapiebantur,
1223 2691 1282 2736 ut
1314 2684 1575 2738 nutricem
1619 2699 1768 2739 suam
1799 2685 1853 2740 in
1889 2684 2070 2754 hospi-

494 2773 718 2828 talitatis
778 2775 1056 2842 praemium
1117 2775 1312 2842 aleret;
1394 2791 1492 2830 nec
1540 2763 1774 2831 demum
1834 2776 2070 2846 quinque

496 2863 722 2931 panibus
752 2866 772 2896 ⁸
800 2864 963 2918 multa
1004 2865 1280 2920 hominum
1325 2866 1490 2921 millia
1540 2879 1784 2938 pascere,
1841 2881 2096 2937 quorum,

499 2954 738 3023 reliquias
765 2971 980 3025 quoque
1015 2957 1144 3026 ipsa?
1179 2958 1310 3013 tales
1355 2967 1532 3021 erant,
1585 2968 1644 3012 ut
1678 2958 1922 3028 pluribus
1951 2957 2071 3012 aliis

492 3047 697 3101 mensis
744 3046 1070 3102 sullicerent.
1132 3048 1258 3104 Haec
1313 3053 1458 3104 enim
1511 3051 1708 3122 Moysis
1767 3062 1957 3116 erant,
2017 3061 2072 3107 ct

492 3135 639 3199 Elim,
672 3143 726 3188 et
761 3135 849 3190 Dei
885 3137 1009 3202 mei,
1060 3153 1088 3191 a
1137 3154 1245 3208 quo
1286 3140 1352 3193 ad
1379 3155 1472 3195 eos
1507 3111 1720 3209 quoque
1761 3111 2066 3210 huiusmodi
2097 3111 2142 3172 Ο

491 3236 734 3296 potestas
793 3238 1126 3284 manaverat.
1194 3229 1447 3286 Fortasse
1520 3231 1682 3286 etiam
1735 3234 2068 3302 temporibus

492 3319 617 3383 illis,
651 3331 810 3388 atque
835 3320 962 3376 huic
987 3336 1169 3375 rerum
1193 3323 1356 3376 statui
1382 3325 1807 3393 conveniebant;
1835 3326 2069 3394 quando-

490 3410 707 3478 quidem
761 3412 913 3480 signa
961 3411 1288 3480 infidelibus,
1347 3428 1452 3470 non
1498 3414 1742 3471 fidelibus
1789 3417 1984 3471 dantur
2013 3418 2057 3472 ⁷.

493 3501 690 3556 Verum
725 3515 844 3572 qua:
873 3501 958 3556 his
991 3511 1351 3558 consentanea
1401 3515 1548 3570 sunt,
1605 3515 1660 3560 et
1704 3508 1890 3562 eodem
1948 3516 2064 3563 ten-

492 3593 645 3659 dunt,
700 3607 765 3648 ea
811 3609 934 3648 cum
986 3595 1100 3663 pari
1158 3595 1261 3648 fide
1295 3596 1552 3664 cogitavit
1613 3606 1773 3664 atque
1823 3599 2066 3668 perfecit.

490 3682 750 3752 Aperiens
785 3683 928 3738 enim
973 3684 1138 3738 verbo
1164 3692 1219 3738 et
1249 3685 1717 3742 cohortationibus
1756 3687 1866 3742 suis
1907 3689 2063 3745 locu-

495 3773 694 3841 pletum
723 3772 939 3839 horrea,
980 3772 1115 3827 facit
1143 3774 1284 3842 quod
1315 3782 1397 3828 est
1431 3773 1482 3828 in
1517 3774 1827 3846 Scriptura,
1889 3780 2066 3832 cibum

424 3905 434 3913 .
497 3863 864 3918 esurientibus
913 3863 1111 3934 frangit
1147 3864 1191 3933 ⁸,
1242 3867 1577 3936 panibusque
1612 3883 1876 3938 pauperes
1917 3881 2068 3925 satu-

497 3958 643 4020 rat’,
661 3956 862 4026 alitque
883 3971 976 4012 eos
1005 3957 1060 4011 in
1091 3955 1234 4012 fame
1257 3957 1325 4023 ³⁸,
1348 3967 1509 4028 atque
1537 3959 1836 4015 esurientes
1862 3961 2069 4016 animas

498 4046 683 4114 implet
726 4045 881 4101 bonis
913 4047 977 4101 “.
1008 4046 1125 4112 Quo
1159 4047 1372 4101 tandem
1425 4047 1623 4102 modo?
1686 4047 1870 4118 Neque
1926 4050 2068 4104 enim

497 4139 600 4192 hoc
628 4137 693 4191 ad
719 4137 892 4192 laudis
922 4138 1192 4192 cumulum
1223 4137 1372 4206 parvi
1408 4141 1663 4192 momenti
1693 4153 1797 4192 esu
1828 4140 1880 4192 ln
1906 4156 2068 4193 unum

500 4227 702 4279 ctenim
733 4240 950 4296 cogens,
984 4241 1118 4296 quos
1158 4226 1328 4281 fames
1364 4227 1638 4293 vulnerat,
1678 4237 1733 4281 ct
1785 4229 2070 4284 nonnullos

501 4318 690 4383 etiam,
713 4319 802 4388 qui
829 4319 1079 4387 spiritum
1107 4334 1249 4387 aegre
1281 4321 1589 4386 trahebant,
1624 4323 1791 4384 viros,
1825 4320 2069 4389 feminas,

2234 2318 2358 2370 AE'.
2400 2317 2457 2370 Ὀ
2495 2315 2549 2369 δὲ
2584 2314 2698 2368 ὕειν
2730 2314 2826 2385 μὲν
2854 2313 2954 2367 οὐκ
2982 2307 3126 2383 εἶχεν
3151 2312 3316 2383 ἄρτον
3349 2309 3408 2375 ἐξ
3425 2310 3651 2381 ούρανοῦ
3677 2310 3734 2364 ει

2162 2409 2347 2478 εὐχῆς.
2404 2408 2499 2460 καὶ
2557 2406 2776 2477 τρέφειν
2817 2406 2874 2458 ἐν
2934 2405 3126 2476 ἐρήμῳ
3166 2404 3295 2457 λαὸν
3352 2403 3580 2471 φυγάδα,
3621 2401 3751 2453 οὐδὲ

2165 2499 2402 2570 πυθμέσι
2461 2497 2732 2569 πηγάζειν
2785 2496 2990 2568 τροφὴν
3049 2494 3322 2548 ἀδάπανον
3374 2494 3482 2564 (ll)
3525 2491 3754 2546 κενώσει

2165 2589 2582 2662 πληρουμένοις,
2617 2588 2645 2642 ὃ
2673 2587 2767 2641 καὶ¹
2796 2585 3116 2658 παράδοξον,
3143 2585 3228 2638 ἵνα
3255 2585 3430 2655 τρέφῃ
3448 2583 3756 2654 τρέφουσαν

2165 2687 2247 2748 εἰς
2276 2682 2579 2752 φιλοξενίας
2633 2679 2922 2734 ἀντίδοσινο
2978 2677 3097 2731 οὐδὲ
3128 2676 3289 2729 πέντε
3339 2676 3523 2747 ἄρτοις
3566 2673 3756 2744 ἑστιᾷν

2171 2772 2438 2844 χιλιάδας,
2476 2766 2552 2826 ὧν
2573 2771 2669 2825 καὶ
2697 2771 2765 2824 τὰ
2806 2768 3034 2838 λείψανα
3062 2766 3270 2820 πολλῶν
3295 2764 3580 2837 τραπεζῶν
3612 2764 3755 2834 άλλη

2167 2865 2415 2935 δύναμις.
2460 2863 2644 2917 Ταῦτα
2690 2862 2800 2934 γάρ
2832 2859 3110 2922 Μωῦσέως
3132 2855 3221 2930 ἦν,
3288 2859 3379 2911 καὶ
3418 2857 3621 2920 Ἥλίου,
3654 2858 3757 2908 καὶ

2167 2956 2261 3008 τοῦ
2297 2955 2430 3027 ἐμοῦ
2464 2955 2622 3019 Θεοῦ,
2649 2955 2776 3026 παρ’
2799 2945 2859 3008 οὖ
2885 2952 3158 3013 κάκείνοις
3181 2950 3242 3002 τὸ
3270 2949 3441 3003 ταῦτα.
3471 2947 3752 3000 δύνασθαι.

2175 3049 2334 3111 Ἴσως
2362 3047 2418 3100 δὲ
2457 3048 2552 3100 καὶ
2579 3045 2689 3100 τῶν
2736 3045 2941 3116 καιρῶν
2969 3042 3214 3108 ἐκείνων,
3244 3041 3338 3096 καὶ
3387 3041 3486 3111 τῆς
3512 3040 3632 3093 τότε
3653 3057 3756 3092 κα-

2169 3139 2502 3203 ταστάσεως·
2540 3140 2734 3210 ἐπειδὴ
2765 3139 2836 3191 τὰ
2866 3139 3065 3209 σημεῖα
3099 3139 3212 3199 τοῖς
3247 3135 3514 3197 ἀπίστοις,
3546 3134 3604 3185 οὐ
3638 3135 3756 3198 τοῖς

2171 3228 2536 3282 πιστεύουσιν.
2572 3228 2641 3280 "A
2687 3227 2744 3279 δὲ
2775 3225 2987 3289 τούτοις
3024 3225 3171 3278 ἐστὶν
3203 3221 3492 3287 ἀκόλουθα,
3525 3222 3618 3275 καὶ
3670 3225 3756 3286 εἰς

2167 3319 2364 3373 ταυτὸν
2393 3320 2570 3391 φέρει,
2601 3318 2772 3373 ταῦτα
2803 3318 2899 3372 καὶ
2935 3317 3180 3388 διενοήθη
3229 3316 3323 3369 καὶ
3373 3313 3760 3385 διατεπράξατο

2173 3411 2312 3484 μετὰ
2334 3413 2433 3483 τῆς
2476 3413 2646 3480 αὐτῆς
2693 3409 2949 3473 πίστεως.
3003 3408 3161 3478 Λόγῳ
3187 3407 3294 3478 γὰρ
3321 3406 3420 3469 τὰς
3457 3406 3563 3459 τῶν
3600 3407 3758 3475 ὲχόν-

2167 3522 2275 3556 των
2306 3503 2590 3573 ἀποθήκας
2622 3501 2836 3566 ἀνοίξας
2864 3501 2959 3553 καὶ
2989 3499 3361 3571 παραινέσεσι,
3395 3500 3536 3550 ποιεῖ
3563 3497 3624 3548 τὸ
3655 3495 3764 3565 τῆς

2168 3596 2411 3668 Γραφῆς·
2445 3592 2774 3664 Διαθρύπτει
2804 3591 3031 3646 πεινῶσι
3083 3589 3287 3661 τροφὴν
3311 3630 3325 3652 ,
3359 3590 3454 3642 καὶ
3504 3587 3760 3659 χορτάζει

2168 3687 2418 3754 πτωχοὺς
2451 3685 2628 3756 ἄρτων
2661 3684 2804 3758 (12),
2839 3684 2931 3738 καὶ
2961 3682 3238 3753 διατρέφει
3269 3683 3465 3745 αὐτοὺς
3497 3682 3555 3732 ἐν
3586 3679 3759 3750 λιμῷ,

2169 3777 2261 3829 καὶ
2289 3775 2463 3847 ψυχάς
2495 3776 2766 3840 πεινώσας
2789 3773 3172 3846 ἐμπίμπλησιν
3225 3773 3462 3843 ἀγαθῶν.
3493 3773 3604 3825 Καὶ
3629 3772 3757 3825 τίνα

2167 3868 2402 3937 τρόπον;
2438 3867 2560 3920 οὐδὲ
2589 3867 2698 3938 γὰρ
2717 3867 2876 3920 τοῦτο
2904 3866 3100 3937 μικρὸν
3139 3867 3221 3929 είς
3249 3863 3590 3936 προσθήκην.
3622 3864 3762 3916 Συν-

2169 3959 2390 4030 αγαγὼν
2414 3960 2522 4031 γὰρ
2557 3960 2614 4012 ἐν
2635 3958 2819 4029 ταυτῷ
2855 3960 2981 4021 τοὺς
3020 3955 3180 4028 λιμοῦ
3239 3955 3602 4025 τραυματίας,
3636 3954 3759 4007 ἐστι

2169 4053 2226 4107 δέ
2277 4052 2373 4117 οὒς
2407 4053 2504 4106 καὶ
2571 4051 2766 4123 μικρὸν
2813 4049 3198 4111 ἀναπνέοντας,
3259 4047 3458 4118 ἄνδρας
3513 4047 3623 4115 (15)
3660 4049 3762 4100 καὶ

2171 4149 2458 4213 γυναῖκας,
2488 4144 2740 4214 νηπίους,
2771 4143 3062 4214 γέροντας,
3097 4142 3279 4194 πᾶσαν
3305 4140 3523 4212 ἡλικίαν
3588 4140 3761 4192 ἐλεει-

2171 4239 2288 4308 νὴν,
2320 4241 2429 4290 πᾶν
2463 4232 2602 4300 εἶδος
2627 4235 2838 4308 τροφῆς
2867 4233 3152 4306 ἐρανίζων,
3181 4235 3280 4304 ὅση
3315 4233 3573 4304 τυγχάνει
3597 4233 3762 4302 λιμοῦ

2175 4329 2414 4400 βοήθεια,
2441 4329 2627 4391 ἔτνους
2651 4327 2762 4400 (14)
2789 4345 2847 4380 τε
2879 4328 3107 4398 πλήρεις
3135 4325 3358 4395 προθεὶς
3387 4325 3639 4398 λέϐητας,
3663 4325 3764 4377 καὶ

496 4424 712 4498 pueros,
740 4425 916 4476 senes,
962 4409 1324 4466 miserabilem
1363 4426 1578 4466 omnem
1608 4421 1844 4474 aetatem,
1884 4412 2063 4492 omnia

2175 4419 2272 4473 τοῦ
2307 4412 2627 4492 ταριχευτοῦ
2663 4418 2794 4488 παρ’
2831 4419 2966 4487 ἡμῖν
3020 4415 3186 4485 ὄψου,
3219 4416 3312 4468 καὶ
3374 4415 3605 4482 πένητας
3631 4414 3764 4483 τρέ-

498 4483 712 4556 interim
741 4503 984 4558 ciborum
1013 4518 1231 4571 genera,
1259 4502 1457 4575 quibus
1496 4503 1667 4557 fames
1691 4501 1884 4571 depelli
1914 4483 2071 4568 solet,

498 4608 812 4663 corrogatis,
853 4602 1015 4663 atque
1049 4592 1184 4649 ollas
1217 4593 1570 4662 leguminum,
1603 4593 1838 4664 salsique
1861 4602 2072 4647 nostra-

500 4684 570 4738 tis
589 4685 823 4748 obsonii,
851 4692 905 4739 ct
927 4685 992 4737 ad
1020 4684 1295 4738 levandam
1323 4699 1616 4753 pauperum
1643 4684 1836 4738 famem
1861 4700 2074 4740 accom-

499 4777 725 4843 modati,
756 4780 942 4846 plenas
972 4789 1308 4845 proponens;
1355 4777 1468 4844 ipse
1499 4778 1690 4832 deinde
1728 4777 1950 4843 Christi,
1983 4777 2072 4846 qui

571 4872 592 4901 ²
616 4870 774 4923 Prov.
809 4868 1033 4931 x1x,l7.
1141 4870 1161 4899 ³
1192 4865 1349 4922 Prov.
1389 4885 1466 4930 ιι,
1499 4869 1588 4923 96.

498 4957 610 4998 xiv,
650 4939 747 4999 l9;
785 4939 911 4992 an.
941 4955 1014 5002 ιιι,
1050 4937 1148 5001 16;
1203 4934 1361 4994 Joan.
1398 4955 1474 5004 γι,
1521 4939 1608 4993 11.

497 5025 670 5074 xxxtt,
706 5009 787 5064 19.
862 5009 904 5040 ²¹
938 5006 1066 5061 Luc.
1103 5007 1252 5070 1,55.

569 5099 645 5162 (8)
681 5101 1176 5168 Είᾳκομισόμεθα.
1215 5098 1342 5167 Reg.
1377 5113 1426 5168 c,
1451 5096 1775 5168 εἰσοίσομεν.

568 5173 645 5237 (ti)
693 5167 805 5234 Τῆς
833 5166 1083 5234 ἐνδείας.
1117 5170 1209 5222 0r.
1241 5166 1304 5230 2,
1330 5167 1432 5230 τὰς
1464 5166 1690 5229 ἐνδείας.
1737 5166 1952 5237 Nicetas
2000 5167 2078 5222 sic

498 5236 719 5323 exponit
734 5240 871 5323 3.913
916 5238 1274 5323 θεραπεύουσι
1327 5239 1411 5323 τί).
1431 5237 1716 5323 ὑστέρημα
1731 5236 1856 5323 ἡτῶν
1888 5236 2071 5323 δεομέ-

500 5327 625 5372 νων,
667 5308 780 5362 ἀλλ’
809 5307 1166 5380 ἐπιτρίϐουσι,
1194 5309 1285 5362 καὶ
1313 5307 1534 5375 αὔξουσι
1563 5307 1624 5360 τὸ
1652 5307 1818 5369 πάθος
1838 5322 1850 5335 ·
1891 5325 1907 5358 ι
1948 5309 2080 5374 Ιίὶεεο

503 5395 693 5431 nurum
734 5380 968 5447 inopiam
1012 5395 1116 5433 non
1161 5380 1358 5441 levant,
1395 5382 1485 5433 sed
1517 5381 1769 5431 obterunt
1796 5387 1956 5445 atque
1983 5394 2079 5430 au-

501 5460 644 5519 gent.
685 5469 702 5500 ι
732 5449 853 5503 Bill.
882 5490 898 5513 ,
934 5468 953 5500 ι
995 5449 1187 5519 famem
1215 5450 1574 5519 negotiantur.
1615 5468 1632 5499 ι

574 5518 686 5588 (10)
730 5521 934 5586 "Exi-nr
954 5518 1177 5584 αὐτοῖς.
1207 5517 1338 5586 Reg.
1371 5535 1421 5582 c,
1447 5519 1590 5588 ἔχειν
1628 5517 1774 5588 ἐστξιν
1811 5517 2010 5588 αιξτοῖς.

1695 4870 1717 4901 ⁸
1743 4870 1910 4923 Exod.
1951 4887 2060 4934 xw,
2105 4876 2196 4938 15;
2231 4877 2371 4932 Psal.
2406 4892 2610 4939 Lxxvu,
2637 4874 2726 4930 21.

1706 4941 1726 4970 τ
1760 4940 1777 4994 l
1814 4941 1936 4996 Cor.
1982 4957 2091 5005 xw,
2115 4945 2205 4999 :12.

575 5519 689 5657 (1οζ
730 5521 934 5586 "Exi-nr
954 5519 1177 5584 αὐτοῖς.
1207 5519 1338 5586 Reg.
1371 5535 1421 5582 c,
1447 5519 1590 5588 ἔχειν
1628 5519 1774 5569 ἐστὶν
1811 5519 2010 5578 αὐτοῖς.

575 5588 656 5658 (11
725 5589 958 5658 Τροφὴν
998 5588 1329 5646 ἀδάπανον.
1372 5590 1549 5643 Schol.
1589 5608 1601 5641 :
1636 5587 1806 5658 Τοῦτο
1833 5583 2085 5658 εἷπεᾷδιά

503 5656 621 5732 τὴν
649 5656 845 5731 ὑδρίαν
888 5656 982 5714 τοῦ
1025 5659 1254 5731 ἀλεύρου
1299 5661 1398 5732 τὴν
1431 5658 1570 5712 κατὰ
1612 5657 1711 5726 τὴν
1772 5656 2084 5727 Σαραφθίαν

2177 4526 2386 4579 φοντος.
2428 4510 2657 4562 Ἔπειτα
2696 4508 2794 4578 τὴν
2839 4504 2934 4559 τοῦ
2973 4502 3210 4576 Χριστοῦ
3258 4503 3531 4556 διακονίαν
3567 4501 3768 4572 μιμού-

2180 4617 2360 4671 μενος,
2414 4600 2492 4663 ὃς,
2537 4600 2630 4653 καὶ
2673 4597 2864 4669 λεντίῳ
2921 4594 3370 4665 διαζωννύμενος,
3398 4593 3497 4646 οὐκ
3529 4592 3763 4660 ἀπηξίου

2177 4693 2386 4746 νίπτειν
2415 4695 2543 4757 τοὺς
2571 4692 2736 4755 πόδας
2785 4689 2892 4744 τῶν
2950 4687 3229 4760 μαθητῶν,
3268 4687 3362 4739 καὶ
3403 4687 3514 4748 τοῖς
3567 4685 3766 4738 ἑαυτοῦ

2181 4785 2391 4848 παισὶν,
2449 4785 2627 4837 εῖτουν
2684 4780 3008 4844 συνδούλοις,
3079 4779 3216 4850 πρὸς
3262 4777 3420 4831 τοῦτο
3479 4779 3768 4847 συνεργοῖς

2841 4875 2862 4905 ³
2897 4871 2957 4924 lll
2990 4872 3122 4940 Reg.
3161 4884 3293 4934 xvu,
3336 4869 3420 4923 1-1.
3519 4868 3550 4940 ξ
3569 4867 3762 4940 Matth-

2315 4949 2336 4980 ⁸
2366 4949 2466 5003 lsa.
2503 4937 2656 5011 LVlll,
2685 4945 2739 5001 7.
2851 4946 2871 4976 ⁰
2899 4942 3042 4997 Psal.
3075 4937 3277 5004 θείνει,
3311 4940 3394 4994 15.
3513 4937 3575 4970 ’⁸⁷
3615 4937 3762 4990 l’sal-

2185 5102 2358 5172 χήραν
2383 5117 2398 5131 ο
2431 5121 2450 5154 ι
2487 5101 2600 5156 Hoc
2629 5101 2765 5172 dixit
2809 5110 3028 5170 prepter
3083 5099 3326 5172 hydnam
3377 5099 3563 5172 farinae
3587 5101 3771 5158 vidua:

2186 5170 2560 5240 sarephlance.
2589 5189 2608 5222 ι
2636 5170 2753 5224 Bill.
2785 5188 2799 5225 :
2835 5189 2854 5222 ι
2887 5170 3174 5240 gratuitam
3211 5171 3539 5224 alimoniam.
3570 5190 3587 5222 ι

2175 5252 2221 5313 ξ·
2264 5242 2377 5313 (12)
2398 5243 2644 5313 Ἀρζωνκ
2661 5241 2962 5313 ASicplures
2987 5241 3224 5311 Regg.et
3244 5240 3417 5304 Colb.,
3437 5240 3540 5294 duo
3568 5240 3769 5306 Coisl.,

2186 5311 2366 5383 Pass.,
2391 5321 2494 5366 etc.
2524 5311 2581 5383 l‘n
2607 5311 2928 5383 ειίηίάρτον.

2259 5381 2372 5451 (15)
2415 5381 2691 5449 Ἀνδρας.
2727 5380 2795 5434 Ιιι’
2819 5385 2908 5436 ed.
2939 5381 3181 5451 sequitur
3211 5398 3326 5446 και,
3358 5395 3499 5450 quoa
3523 5380 3768 5435 auctori-

2194 5461 2302 5504 tate
2333 5450 2575 5505 Codicum
2606 5451 2842 5505 melioris
2868 5450 3348 5506 notaz'delevimns.

2264 5521 2376 5590 (M)
2409 5523 2681 5586 Ἕτνους.
2709 5521 2798 5590 Sic
2823 5536 3009 5590 omnes
3032 5520 3270 5590 melioris
3289 5528 3428 5574 notzc
3451 5519 3607 5574 codd.
3637 5528 3772 5590 ara-

2194 5589 2281 5643 t'e'
2303 5589 2365 5644 in
2388 5593 2497 5654 cd.,
2532 5590 2735 5654 ἔθνους.
2759 5589 2918 5644 Juxta
2955 5589 3193 5644 Nicetam
3219 5589 3370 5653 ἔτνος
3407 5609 3425 5642 ι
3457 5599 3542 5646 est
3576 5589 3772 5644 conci-

2194 5676 2309 5714 sum
2343 5659 2606 5729 legumen,
2648 5680 2667 5712 ι
2713 5660 2915 5716 scilicet
2951 5679 2974 5711 ι
3009 5659 3148 5714 faba.
3186 5677 3204 5709 ι
