4050 6298
212 259 318 314 545

1036 246 1295 303 ORATIO
1336 246 1520 300 XLIlI.
1564 275 1631 286 -ν-
1673 245 1737 298 IN
1781 247 2065 303 LAUDEM
2100 247 2344 303 BASILII
2388 249 2625 306 MAG-Ni.

3363 250 3471 308 δια

211 370 510 443 χρώμενος,
538 368 835 438 ἐθεράπευε
867 369 964 437 μὲν
993 370 1060 422 τὰ
1115 367 1344 439 σώματα
1377 368 1484 423 τῶν
1505 369 1795 439 δεομένων,

1902 370 2067 424 linteo
2100 373 2442 439 praecinctus,
2493 374 2876 444 discipulorum
2914 376 3077 446 pedes
3103 378 3320 433 abluere
3367 383 3472 435 mi-

211 461 506 531 ἐθεράπευε
538 459 596 513 δέ
622 459 720 522 τὰς
747 459 941 528 ψυχὰς,
979 459 1305 531 συμπλέκων
1332 463 1399 531 τῇ
1420 460 1580 532 χρείᾳ
1608 460 1670 513 τὸ
1695 463 1793 531 τῆς

209 552 393 622 τιμῆς,
421 550 516 605 καὶ
540 551 704 621 ῥᾴους
731 550 903 604 ποιῶν
936 550 1348 623 ἀμφοτέρωθεν.

1899 463 2046 516 nime
2075 462 2515 530 grave'duxcrat,
2550 466 2904 520 ministerium
2936 469 3176 535 imitans,
3207 470 3470 541 simulque

1901 567 2211 622 puerorum,
2252 554 2365 608 sive
2391 569 2770 610 conservorum
2803 573 3045 620 suorum,
3098 561 3165 612 ad
3209 576 3326 613 eam
3357 577 3469 615 rem

209 658 367 710 opera
396 653 575 707 utens,
610 657 903 711 pauperum
940 659 1162 713 corpora
1232 657 1286 699 et
1337 646 1547 700 animas
1612 646 1854 711 curabat,
1897 646 2155 700 honorem
2200 661 2390 717 nempe
2436 664 2558 703 cum
2610 650 2918 705 necessario
2964 650 3219 705 alimento
3271 666 3476 707 conne-

208 746 389 797 ctcns,
432 743 593 802 atque
631 734 867 802 ipsorum
906 734 1265 789 calamitatem
1296 737 1549 805 utrinque
1588 737 1813 795 leniens.

273 829 415 894 AG".
447 827 699 891 Τοιοῦτος
717 824 785 897 ἦν
810 829 838 880 6
864 828 982 891 νέος
1009 828 1451 900 σιτοδότηςὴμῖν,
1480 832 1574 884 καὶ
1604 831 1789 885 δεύτε-

206 937 297 990 ρος
343 921 565 988 Ἰωσήφ·
597 920 735 989 πλὴν
762 921 843 973 ὅτι
878 921 972 973 καὶ
1000 908 1240 973 πλέοντι
1271 921 1447 989 λέγειν
1476 922 1691 993 ἔχομεν,
1731 924 1789 975 Ὀ

206 1010 305 1077 μὲν
327 1009 437 1079 γάρ
461 1011 1057 1079 καταπραγματεύεται
1096 1011 1191 1064 τοῦ
1228 1012 1411 1084 λιμοῦ,
1455 1015 1547 1067 καὶ
1569 1015 1669 1085 τὴν
1696 1016 1791 1067 Αἴ-

201 1117 408 1169 γυπτον
447 1101 725 1167 ἐξωνείται
751 1102 829 1172 τῷ
855 1103 1244 1175 φιλανθρώπῳ,
1282 1106 1373 1159 τὸν
1404 1106 1504 1176 τῆς
1531 1107 1788 1175 ἀφθονίας

112 1187 117 1192 ’
203 1192 391 1261 καιρὸν
412 1194 493 1254 εἰς
511 1192 603 1244 τὸν
628 1193 721 1245 τοῦ
752 1193 910 1263 λιμοῦ
939 1195 1274 1265 διαθέμενος,
1325 1198 1420 1251 καὶ
1444 1202 1555 1261 τοῖς
1588 1200 1788 1269 ἑτέρων

200 1284 430 1354 ὀνείροις
463 1285 544 1347 είς
598 1283 757 1337 τοῦτο
791 1286 902 1357 (15)
930 1286 1368 1359 διαταττόμενος·
1417 1292 1445 1342 6
1478 1291 1533 1343 δὲ
1582 1295 1783 1362 προῖκα

200 1371 438 1444 χρηστὸς
476 1368 564 1442 ἦν,
593 1375 686 1427 καὶ
724 1378 822 1446 τῆς
876 1377 1138 1440 σιτοδείας
1161 1379 1273 1447 (16)
1298 1380 1585 1452 ἐπίκουρος
1609 1384 1788 1454 ἀπρα-

199 1466 533 1534 γμάτευτος,
558 1464 693 1536 πρὸς
716 1465 777 1519 ἓν
812 1467 977 1538 δρῶν,
1004 1467 1083 1538 τῷ
1109 1470 1471 1542 φιλανθρώπῳ
1510 1471 1570 1525 τὸ
1603 1473 1788 1540 φιλάν-

199 1555 420 1626 θρωπον
469 1556 792 1626 κτήσασθαι,
830 1559 924 1611 καὶ
953 1560 1062 1613 τῶν
1094 1562 1302 1616 ἐκεῖθεν
1336 1568 1521 1634 τυχεῖν
1569 1566 1788 1633 ἀγαθῶν

1970 830 2212 885 XXXVI.
2264 831 2410 887 Talis
2447 841 2563 887 erat
2613 849 2784 889 novus
2816 844 3000 889 noster
3035 847 3368 903 procurator,
3418 849 3471 893 et

1895 922 2163 977 secundus
2210 921 2404 991 Josepb
2439 941 2453 978 :
2488 924 2595 978 imo
2644 926 2807 979 etiam
2848 926 3012 995 799
3051 929 3220 996 majus
3270 930 3469 996 aliquid

1897 1012 2080 1065 dicere
2137 1027 2441 1081 possumus.
2519 1014 2611 1067 llle
2668 1016 2813 1068 enim
2874 1031 2940 1069 ex
3003 1015 3143 1069 fame
3208 1028 3468 1086 qtta'stutu

1896 1114 2091 1171 captat,
2129 1119 2192 1157 ac
2227 1105 2554 1175 benignitate
2585 1106 2879 1176 Egyptum
2912 1108 3045 1160 emit
3092 1110 3153 1168 ι’,
3209 1109 3468 1163 ubertatis

1895 1202 2107 1262 tempus
2134 1195 2198 1247 ad
2229 1194 2382 1251 famis
2412 1207 2623 1267 tempus
2659 1200 2949 1266 disponens
2976 1210 3029 1251 et
3062 1200 3464 1263 administrans,

1893 1292 2052 1351 atque
2080 1284 2307 1338 aliorum
2350 1288 2573 1341 somniis
2611 1288 2676 1341 ad
2713 1303 2829 1340 eam
2876 1303 2986 1341 rem
3035 1290 3330 1342 ordinatus.
3369 1288 3467 1343 ilic

1896 1383 2073 1427 autem
2126 1375 2357 1452 gratuito
2390 1376 2654 1445 benignus
2707 1388 2849 1441 erat,
2903 1392 3078 1447 neque
3132 1379 3183 1431 in
3226 1379 3327 1433 hoc
3371 1382 3467 1433 tri-

1895 1464 2089 1518 buendi
2128 1464 2384 1520 frumenti
2426 1467 2628 1520 auxilio
2672 1468 2881 1521 lucrum
2914 1468 3078 1521 ullum
3112 1468 3383 1537 Captabat,
3414 1471 3466 1524 id

1896 1570 2058 1607 unum
2098 1563 2372 1623 spectans,
2414 1564 2473 1608 ut
2497 1555 2866 1609 misericordia
2906 1558 3329 1612 misericordiam
3360 1561 3461 1614 sibi

196 1650 280 1704 διὰ
308 1651 412 1720 τῆς
451 1651 684 1703 ἐνταῦθα
741 1652 1109 1722 σιτομετρίας.
1169 1654 1355 1707 Ταῦτα
1380 1655 1518 1726 μετά
1550 1658 1650 1726 τῆς
1696 1659 1788 1711 τοῦ

1894 1652 2250 1713 compararet,
2302 1661 2365 1699 ac
2398 1646 2645 1714 prmsenti
2696 1661 2923 1699 annona:
2955 1648 3236 1714 largitione
3284 1648 3461 1702 futura

197 1741 355 1806 λόγου
386 1741 614 1810 τροφῆς,
669 1742 890 1811 καὶτῆς
939 1743 1272 1813 τελεωτέρας
1332 1746 1650 1817 εὐεργεσίας
1695 1749 1787 1801 καὶ

195 1829 510 1890 διαδόσεως,
565 1829 665 1898 τῆς
692 1830 865 1893 ὅντως
902 1832 1151 1902 οὐρανίου
1195 1835 1290 1887 καὶ
1338 1836 1570 1906 ὑψηλῆς
1627 1839 1783 1909 εἰπερ

195 1920 359 1991 ἄρτος
391 1920 641 1988 ἀγγέλων
684 1921 860 1988 λόγος,
890 1916 934 1989 ᾧ
971 1922 1138 1993 ψυχαὶ
1161 1925 1457 1995 τρέφονται
1504 1927 1597 1979 καὶ
1636 1929 1787 1980 ποτί-

196 2012 381 2075 ζονται
415 2011 548 2063 Θεὸν
582 2010 866 2077 πεινῶσαι,
891 2013 985 2066 καὶ
1015 2012 1273 2084 ζητοῦσαι
1304 2017 1512 2087 τροφὴν
1544 2019 1604 2069 οὐ
1641 2018 1789 2088 ῥέου-

195 2120 313 2163 σαν.
344 2104 459 2156 οὐδ’
509 2102 810 2169 ἀπιοῦσαν,
845 2105 958 2157 ἀλλ’
983 2107 1069 2159 ἀεὶ
1106 2107 1217 2176 (17)
1252 2108 1538 2178 μένουσαν·
1594 2105 1663 2180 ἧς
1706 2128 1788 2163 σι-

194 2195 423 2265 τοδότης
452 2190 521 2265 ἦν
551 2198 776 2259 ἐκεῖνος,
821 2197 916 2249 καὶ
973 2197 1115 2266 μάλα
1150 2199 1420 2265 πλούσιος,
1468 2204 1496 2254 6
1526 2202 1784 2256 πενέστα-

172 2301 280 2359 -τος
307 2278 390 2339 ὧν
417 2285 573 2355 ἴσμεν
606 2287 700 2339 καὶ
731 2286 1103 2357 ἀπορώτατος,
1149 2290 1210 2342 οὐ
1238 2289 1391 2360 λιμὸν
1417 2291 1617 2362 ἄρτων,
1663 2294 1781 2346 οὐδὲ

193 2375 350 2444 δίψαν
379 2376 573 2439 ὓδατος
610 2376 920 2448 ἐξιώμενος,
956 2377 1112 2445 λόγου
1136 2378 1193 2432 δὲ
1234 2380 1415 2444 πόθον,
1445 2382 1538 2435 τοῦ
1568 2384 1782 2453 ἀληθῶς

194 2465 431 2530 ζωτικοὸ
456 2468 552 2520 καὶ
578 2469 735 2539 τροφί
742 2486 866 2539 μου,
890 2470 984 2522 καὶ
1012 2471 1093 2532 είς
1125 2470 1351 2540 αὔξησιν
1380 2473 1602 2541 ἄγοντος
1623 2492 1782 2528 πνευ-

196 2559 440 2629 ματικῆς
472 2559 688 2628 ἡλικίας
717 2560 808 2613 τὸν
837 2560 1014 2626 καλῶς
1044 2562 1394 2633 τρεφόμενον.

260 2826 390 2877 ΛΖ’.
436 2824 532 2876 Ἐκ
553 2823 615 2894 δὴ
648 2823 849 2877 τούτων
901 2824 994 2877 καὶ
1028 2823 1138 2877 τῶν
1162 2825 1416 2878 τοιούτων
1458 2825 1532 2897 (τί
1555 2826 1663 2897 γὰρ
1699 2826 1779 2879 δεῖ

194 2914 380 2967 πάντα
410 2914 638 2982 λέγοντα
664 2914 962 2986 διατρίϐειν
1020 2914 1133 2987 [18]
1159 2918 1203 2981 ς)
1242 2916 1365 2987 ἀρτι
1414 2917 1508 2969 τοῦ
1535 2917 1778 2986 φερωνύ-

1892 1736 2031 1788 hona
2076 1747 2518 1803 consequeretur.
2590 1737 2897 1791 Accedebat
2937 1739 3155 1807 insuper
3196 1741 3464 1794 sermonis

1894 1826 2173 1890 alimonia,
2209 1838 2261 1881 ct
2293 1828 2584 1897 perfectius
2612 1830 2953 1894 benelicium,
2991 1846 3055 1885 ac
3089 1832 3297 1900 largitio
3337 1848 3464 1887 vere

1889 1919 2124 1974 caelestis
2180 1927 2235 1974 et
2284 1906 2565 1984 sublimis;
2631 1922 2897 1989 siquidem
2946 1923 3262 1992 angelorum
3309 1924 3465 1994 panis

1887 2025 2066 2065 sermo
2088 2019 2190 2075 est,
2233 2025 2339 2079 quo
2369 2010 2586 2064 aluntur
2613 2021 2775 2080 atque
2815 2013 3108 2080 irrigantur
3139 2015 3329 2067 animus
3371 2017 3461 2069 Dei

1889 2104 2029 2158 fame
2054 2102 2383 2165 laborantes,
2421 2117 2482 2157 ac
2520 2104 2725 2167 cibum,
2756 2119 2860 2157 non
2894 2104 3144 2158 fluentem
3170 2113 3223 2158 et
3253 2108 3458 2161 abeun-

1891 2205 2018 2258 tem,
2070 2194 2165 2248 sed
2244 2203 2503 2262 perpetuo
2555 2204 2865 2247 manentem
2911 2205 3261 2262 expetentes;
3309 2198 3462 2267 cujus

1888 2284 2002 2351 ipse
2032 2283 2373 2352 dispensator
2410 2292 2548 2345 erat,
2584 2295 2635 2337 et
2658 2286 2871 2351 quidem
2898 2299 3157 2353 perquam
3203 2286 3459 2355 locuples.

1888 2375 2046 2428 homo
2075 2374 2277 2443 alioqui
2318 2373 2582 2439 omnium,
2629 2389 2764 2441 quos
2798 2376 2955 2440 novi,
3001 2379 3372 2445 pauperrimus
3408 2392 3462 2432 et

1884 2464 2289 2531 egentissimus,
2353 2476 2457 2516 non
2519 2462 2676 2530 panis
2726 2461 2921 2516 famem
2975 2472 3068 2517 aut
3119 2466 3262 2518 sitim
3308 2482 3462 2535 aqua:

1886 2569 2104 2617 sanans,
2136 2554 2231 2607 scd
2260 2553 2456 2607 famem
2486 2555 2633 2609 verbi
2669 2554 2831 2618 illius,
2856 2556 2995 2623 quod
3022 2568 3146 2609 vere
3175 2557 3332 2611 vitale
3356 2568 3458 2622 est,

1885 2661 1947 2699 ac
1984 2647 2089 2698 vim
2121 2644 2294 2698 alendi
2332 2644 2511 2709 habet,
2562 2660 2826 2714 eumque,
2874 2646 2964 2713 qui
3011 2657 3155 2700 recte
3204 2649 3457 2716 nutritur,

1885 2733 1951 2787 ad
1984 2734 2281 2801 spiritualis
2311 2733 2490 2786 :etatis
2520 2733 2909 2787 incrementum
2941 2736 3104 2787 ducit.

1954 2822 2214 2877 XXXVII.
2267 2823 2347 2877 0b
2403 2824 2517 2877 haec
2567 2824 2747 2893 igitur,
2803 2840 2866 2879 ac
2913 2835 3057 2878 tanta
3119 2826 3279 2895 (quid
3313 2828 3456 2881 enim

1883 2913 2062 2966 omnia
2101 2913 2429 2967 recensendo
2463 2914 2661 2967 diutius
2706 2914 2981 2968 immorari
3030 2930 3250 2970 necesse
3291 2917 3455 2986 est?)

195 3024 296 3075 μου
325 3008 429 3077 τῆς
459 3007 741 3070 εὐσεϐείας
774 2984 885 3077 (19)
925 2984 1329 3076 μετατεθέντος,
1368 3010 1463 3063 καὶ
1490 2984 1769 3072 ταῖςήέκεί-

1885 3004 2130 3069 Basilius,
2191 3018 2311 3057 cum
2374 3004 2443 3067 is,
2500 3004 2590 3072 qui
2648 3018 2840 3058 nomen
2889 3020 2918 3058 a
2967 3006 3164 3074 pietate
3215 2984 3457 3075 apposite

193 3114 283 3149 νου
313 3098 508 3168 χερσὶν
540 3098 708 3167 ἡδέως
741 3098 1196 3166 ἐναποψύξαντος,
1231 3100 1322 3153 ἐπὶ
1341 3100 1431 3154 τὸν
1458 3100 1659 3171 ὑψηλὸν
1684 3104 1782 3171 τῆς

192 3190 506 3259 ἐπισκοπῆς
534 3189 721 3261 θρόνον
750 3190 1032 3258 ἀνάγεταιο
1084 3192 1183 3244 οὐκ
1216 3192 1454 3262 ἀμογητὶ
1485 3192 1603 3261 μὲν,
1659 3194 1780 3245 οὐδὲ

191 3281 320 3335 ἄνευ
367 3282 666 3350 βασκανίας
690 3283 780 3335 καὶ
816 3284 992 3352 πάλης
1025 3283 1134 3338 τῶν
1171 3301 1228 3336 τε
1258 3285 1357 3353 τῆς
1388 3285 1641 3355 πατρίδος
1667 3285 1778 3354 (20)

191 3374 658 3444 προεδρευόντων,
701 3377 793 3428 καὶ
850 3376 958 3430 τῶν
1017 3378 1399 3449 πονηροτάτων
1429 3379 1530 3447 τῆς
1573 3379 1781 3441 πόλεως

192 3463 429 3525 ἐκείνοις
452 3466 919 3536 συντεταγμένων.
939 3467 1086 3538 Πλὴν
1111 3467 1215 3520 ἔδει
1240 3470 1459 3538 νικῆσαι
1483 3467 1543 3519 τὸ
1556 3467 1779 3538 Πνεῦμα

192 3555 248 3608 τὸ
272 3557 455 3625 ἃγιοεν
488 3558 584 3610 καὶ
615 3561 798 3629 μέντοι
827 3561 918 3613 καὶ
950 3563 1074 3631 νικᾷ
1102 3561 1213 3630 (21)
1250 3561 1413 3632 πολλῇ
1446 3563 1510 3631 τῇ
1556 3577 1773 3632 περιου-

195 3647 302 3715 σία.
335 3650 496 3700 Κινεῖ
514 3648 622 3720 γὰρ
645 3651 708 3702 ἐκ
732 3652 831 3720 τῆς
856 3652 1151 3722 ὑπερορίας
1178 3652 1287 3722 (29)
1310 3654 1435 3715 τοὺς
1463 3651 1771 3723 χρίσοντας,

190 3739 394 3813 ἄνδραέ
431 3739 517 3791 ἐπ’
565 3741 812 3813 εὐσεϐείᾳ
874 3744 1184 3815 γνωρίμους
1243 3744 1337 3796 καὶ
1358 3740 1630 3814 ζηλωτάς,
1681 3745 1775 3797 καὶ

194 3832 334 3897 μετὰ
366 3830 569 3883 τούτων
592 3832 681 3885 τὸν
709 3833 825 3887 νέον
862 3834 1115 3906 Ἀϐραὰμ
1145 3836 1239 3888 καὶ
1266 3834 1608 3905 πατριάρχην
1637 3835 1775 3905 ἡμέ-

191 3938 375 3992 τερον,
409 3922 497 3974 τὸν
528 3924 657 3992 ἐμὸν
712 3914 854 3992 λέγω
912 3927 1024 3995 (23)
1054 3927 1287 3999 πατέρα,
1329 3927 1455 3999 περὶ
1490 3928 1549 3980 ὃν
1577 3944 1628 3979 τι
1683 3926 1775 3979 καὶ

194 4013 827 4084 συμϐαίνειθαυμάσιον.
873 4017 945 4070 Οὐ
976 4017 1085 4089 γὰρ
1135 4017 1211 4088 τῷ
1241 4018 1431 4090 πλήθει
1484 4016 1587 4070 τῶν
1638 4017 1774 4070 ἐτῶν

196 4103 358 4173 μόνον
387 4103 714 4169 ἐκλελοιπὼς
742 4108 878 4175 (24),
905 4108 1039 4161 ἀλλὰ
1069 4109 1161 4161 καὶ
1183 4109 1322 4179 νόσῳ
1341 4108 1771 4179 τετρυχωμένος.

194 4196 286 4247 καὶ
327 4195 470 4265 πρὸς
526 4198 644 4261 ταῖς
697 4198 951 4269 ἐσχάταις
982 4202 1275 4265 ἀναπνοαῖς
1308 4200 1416 4263 ὢν,
1458 4200 1773 4271 κατατολμᾷ

192 4289 289 4356 τῆς
319 4286 467 4350 ὁδοῦ,
496 4287 773 4360 βοηθήσων
794 4293 857 4361 τῇ
899 4291 1082 4362 ψήφῳ,
1119 4292 1213 4345 καὶ
1254 4291 1533 4364 θαρσήσας
1558 4292 1670 4361 (25)
1693 4291 1770 4361 τῷ

194 4379 495 4450 11νεύματι.
526 4381 635 4433 Καί
659 4399 710 4434 τι
762 4382 1021 4452 σύντομον
1055 4382 1380 4453 φθέγξομαι,
1406 4383 1597 4454 νεκρὸς
1629 4384 1770 4436 ἐντε-

194 4474 306 4536 θεὶς
339 4473 417 4535 ὡς
447 4474 605 4544 τάφῳ
642 4474 746 4526 τινὶ
791 4473 869 4544 τῷ
896 4476 1097 4545 φορείῳ
1133 4476 1270 4546 (26),
1308 4476 1429 4538 νέος
1470 4475 1768 4537 ἐπάνεισιν,

196 4565 477 4635 εὐσθενὴς,
505 4564 619 4617 ἄνω
651 4563 884 4633 βλέπων,
924 4566 1153 4635 ῥωσθεὶς
1192 4569 1255 4619 ἐκ
1310 4566 1410 4635 τῆς
1439 4565 1618 4637 χειρὸς
1675 4567 1770 4618 καὶ

266 4721 308 4751 ’⁸
344 4722 481 4775 Gen.
534 4737 640 4783 λιι,
693 4721 713 4772 1
760 4738 877 4791 Mli].

269 4880 383 4948 (15)
421 4879 525 4941 Εἰς
552 4877 748 4948 τοῦτο.
775 4875 947 4948 pass,
978 4874 1113 4948 πρὸς
1138 4874 1318 4948 τοῦτο,

265 4944 378 5019 (16)
420 4944 741 5019 Σιτοδξίας.
771 4944 1295 5019 [διιδεησιτοδοσίας.

264 5015 402 5090 (17).
422 5015 748 5090 Ἀείηοιχῑζ,
777 5016 984 5090 εἰςᾼάεί.

264 5082 372 5155 (18)
422 5088 482 5159 Τί
514 5086 624 5159 γὰρ
656 5086 816 5159 δεῖν,
847 5086 1185 5159 διατρίϐειγ.
1239 5082 1330 5141 Sic
1367 5086 1545 5153 plures
1576 5086 1767 5159 Regg.,

192 5173 296 5214 etc.
327 5161 378 5211 lu
412 5158 522 5228 ell._,
551 5157 602 5208 τί
624 5157 733 5227 γὰρ
931 5156 1217 5228 διατρίϐει.

264 5205 378 5297 iis}
417 5205 1273 5293 '195'.‘.wtagzg...'xtitaiiad
1311 5244 1330 5277 ι
1368 5225 1579 5281 Eusebii
1613 5246 1632 5279 ι
1667 5243 1767 5282 ηο-

193 5314 332 5362 men,
360 5299 507 5367 quod
543 5312 571 5350 a
611 5313 738 5351 νοευ
766 5298 1034 5363 εὐσέϐεια,
1078 5298 1127 5352 id
1165 5308 1246 5351 est
1282 5315 1301 5347 ι
1336 5298 1526 5365 pietas,
1569 5317 1588 5349 ι
1620 5299 1764 5353 deri-

263 5381 360 5421 ΞΙΙΓ.

419 5436 543 5491 Τῶν
570 5453 633 5489 τε
667 5437 775 5505 τῆς
805 5436 1105 5505 πατρίδος,
1132 5446 1233 5492 etc.
1265 5435 1479 5490 Nicetas
1506 5439 1762 5505 exponit:

190 5507 488 5576 ἄρχοντας·
531 5526 547 5557 ι
594 5513 865 5575 prtrsides,
908 5527 925 5560 ο
972 5510 1113 5563 haud
1156 5508 1315 5563 dubie
1344 5508 1765 5577 pt‘ovittcia‘epi-

192 5589 379 5645 tmpus
410 5593 471 5629 ac
497 5580 764 5642 prtelalus.

264 5646 373 5715 (21)
411 5646 518 5700 Καὶ
547 5645 703 5711 νικᾷ.
745 5649 834 5704 Sic
878 5649 1054 5718 plures
1089 5648 1251 5716 chg.
1290 5658 1341 5703 et
1388 5644 1480 5701 0r.
1523 5646 1573 5699 ΕΞ.
1610 5647 1763 5701 llecst

1883 3096 2132 3160 ducebat,
2178 3109 2245 3148 ex
2305 3094 2404 3148 hac
2454 3095 2561 3147 vita
2624 3094 2931 3163 migrasset,
2984 3104 3147 3162 atque
3196 3096 3247 3149 in
3288 3098 3456 3165 ipsius

1883 3187 2130 3241 manibus
2166 3186 2401 3240 animam
2449 3187 2681 3241 libenter
2716 3186 3039 3252 exhalasset,
3086 3188 3153 3239 ad
3182 3187 3451 3241 excelsum
3496 3240 3507 3251 ,

1882 3282 2221 3349 episcopatus
2292 3278 2542 3332 thronum
2605 3279 2881 3343 evehitur;
2960 3293 3067 3333 non
3123 3279 3175 3332 id
3236 3280 3450 3348 quidem

1881 3373 2013 3425 citra
2052 3371 2315 3433 laborem,
2346 3386 2411 3425 ac
2450 3370 2587 3426 citra
2630 3371 2887 3424 invidiam
2924 3380 2979 3424 et
3024 3372 3447 3438 dimicationem,

1884 3474 1993 3516 tum
2030 3477 2241 3528 eorum,
2269 3464 2357 3534 qui
2385 3463 2571 3531 patriae
2606 3463 2987 3532 praesidebant,
3017 3473 3128 3517 tum
3155 3467 3452 3533 perditissi-

1881 3540 2091 3609 morum
2143 3570 2483 3624 quorumque
2536 3554 2685 3611 urbis
2728 3555 2947 3618 civium,
2999 3555 3090 3624 qui
3145 3560 3210 3609 ad
3265 3572 3449 3611 eorum

1881 3656 2060 3717 partes
2101 3661 2219 3701 sese
2269 3647 2646 3716 adjunxerant.
2704 3646 2899 3701 Verum
2957 3646 3071 3702 ﬁeri
3132 3648 3290 3701 aliter
3344 3662 3448 3701 nou

1878 3750 2109 3809 poterat,
2142 3739 2269 3808 quin
2308 3740 2542 3809 Spiritus
2567 3748 2790 3794 sanctus
2828 3740 3100 3806 vinceret;
3126 3750 3286 3808 atque
3316 3742 3451 3794 adeo

1877 3831 2088 3884 aliunde
2128 3832 2278 3884 vicit.
2315 3830 2445 3882 Nam
2483 3831 2548 3884 ad
2581 3846 2702 3884 eum
2744 3832 3046 3899 ungendum
3079 3831 3224 3885 viros
3252 3832 3449 3900 pietate

1877 3918 2051 3973 claros
2117 3934 2180 3975 ac
2243 3920 2358 3973 zelo
2404 3918 2722 3990 flagrantes,
2781 3910 2849 3974 ab
2895 3923 3095 3975 exteris
3140 3922 3449 3991 regionibus

1875 4013 2152 4076 excitavit,
2181 4022 2235 4066 ct
2263 4028 2385 4066 cum
2415 4014 2480 4068 iis
2512 4028 2710 4067 novum
2738 4014 3098 4067 Abrahamnm
3129 4023 3182 4067 et
3216 4015 3446 4083 patriar-

1875 4105 2031 4157 cham
2086 4116 2348 4169 nostrum,
2400 4118 2699 4174 parentem,
2763 4105 3019 4172 inquam,
3081 4121 3300 4170 nicum,
3357 4107 3443 4159 cui

1876 4202 2117 4255 miranda
2149 4202 2310 4256 etiam
2350 4216 2434 4255 res
2461 4202 2704 4270 quaedam
2756 4201 2973 4254 accidit.
3027 4199 3157 4252 Nam
3199 4199 3446 4267 quamvis

1879 4310 1982 4347 non
2018 4294 2189 4349 solum
2236 4304 2513 4348 senectute
2560 4292 2863 4356 confectus,
2917 4292 3009 4345 sed
3043 4292 3204 4345 etiam
3258 4291 3447 4344 morbo

1880 4388 2079 4441 fractus
2131 4401 2196 4441 ac
2250 4387 2558 4440 debilitatus
2610 4398 2790 4450 esset,
2854 4387 3200 4455 animamque
3238 4394 3443 4455 ageret,

1878 4479 1981 4531 iter
2024 4488 2200 4532 tamen
2240 4478 2453 4547 aggredi
2513 4493 2619 4531 non
2671 4477 2955 4541 dubitavit,
3007 4487 3067 4531 ut
3104 4477 3309 4532 calculo
3346 4490 3446 4529 suo
3509 4458 3527 4475 ⁸

1876 4569 2190 4624 electionem
2244 4569 2491 4635 iuvaret,
2545 4568 2779 4638 Spiritus
2831 4569 3075 4624 videlicet
3127 4583 3227 4638 ope
3279 4575 3441 4637 atque

1876 4884 2055 5023 “((2%
2079 4885 2458 5024 ρ’(ίίξπερορίας.
2490 4955 3060 5019 Intelliait‘Eusebium
3095 4957 3442 5011 Samosaten-

1868 5038 2005 5096 sein,
2032 5024 2122 5093 qui
2170 5041 2292 5079 cum
2326 5027 2605 5093 Gregorio,
2639 5028 2866 5096 tbeolugi
2898 5028 3063 5080 nostri
3093 5039 3262 5095 patre,
3295 5027 3443 5080 Basi-

1870 5093 1997 5146 lium
2026 5098 2383 5169 consecravit.
2412 5098 2528 5153 Mox
2558 5093 2887 5169 γνωρίμοιὶς.
2932 5097 3023 5152 Sic
3061 5093 3213 5152 codd.
3250 5098 3302 5151 lu
3329 5101 3439 5161 ed.,
3482 5140 3483 5143 η

1865 5165 2228 5235 γνωρισμούς.

1938 5236 2049 5309 (εὶξ)
2094 5237 2472 5309 ίΕμύνῇλέγω,
2500 5235 2599 5309 _Sic
2632 5237 2810 5309 iliegg.
2854 5253 2903 5302 c,
2951 5238 3002 5304 d,
3046 5239 3136 5309 ph,
3188 5236 3352 5293 Cuisl.
3384 5268 3436 5295 ,ον

1870 5302 1962 5357 0r.
1999 5306 2055 5366 2,
2094 5302 2241 5359 Pass.
2273 5302 2423 5360 Deest
2454 5306 2596 5375 λέγω
2629 5308 2678 5360 in
2710 5302 2793 5361 ed.

1943 5376 2053 5443 (21)
2088 5375 2497 5442 Ἐκλελοιπώς.
2535 5378 2705 5440 l’ass.,
2735 5377 3016 5441 λελοιπώς.

1942 5446 2056 5515 (9.5)
2094 5444 2434 5513 Θαρσήσας.
2468 5446 2631 5517 Regg.
2699 5463 2747 5513 c,
2797 5451 2865 5518 ph
2908 5460 2962 5505 et
3000 5448 3091 5503 0r.
3143 5446 3197 5511 ‘2,
3234 5444 3438 5514 θαρρή-

1873 5533 2053 5656 σαίέϐ)
2089 5558 2323 5655 Φὸρείῳ.
2378 5602 2491 5657 ηερε.
2529 5589 2636 5652 bm,
2662 5588 2853 5659 φορίῳ.
