4050 6298
449 287 553 343 547

1640 273 1696 328 S.
1739 269 2067 328 GREGORII
2104 266 2195 322 ΤΠ
2205 263 2448 321 EOLOGI

3597 257 3706 314 διε

448 400 648 456 auxilio
685 397 872 450 fretus.
917 395 1090 461 Atque
1141 401 1201 446 ut
1242 404 1356 444 rem
1397 388 1448 441 in
1505 403 1675 457 pauca
1723 390 2020 451 conferam,

2138 383 2222 451 τῆς
2245 381 2497 451 χρίσεως,
2529 376 2590 430 οὐ
2637 375 2769 429 πολὺ
2796 375 2850 427 δὲ
2880 375 3071 437 εἰπεῖν,
3105 373 3187 427 ὅτι
3215 374 3308 427 καὶ
3333 373 3432 443 τῆς
3463 374 3709 446 κεφαλῆς

447 488 714 549 vehiculo,
747 502 849 540 non
885 499 1039 539 secus
1066 498 1128 536 ac
1157 492 1397 537 mortuus
1443 480 1641 534 feretro
1663 519 1678 541 ,
1716 479 2017 548 impositus,

444 581 659 653 juvenis
709 579 869 639 redit,
932 576 1116 628 firmus
1168 588 1230 627 ac
1300 572 1505 635 valens,
1561 570 1745 626 oculos
1809 578 2021 623 erectos

451 673 676 731 habens,
715 684 743 720 a
774 680 1023 720 manuum
1072 662 1237 731 800
1273 661 1613 731 impositione
1644 668 1699 714 et
1746 657 2018 721 unctione,

452 762 588 816 addo
638 760 823 819 etiam,
880 764 935 809 et
975 755 1041 807 ab
1090 754 1264 819 illius,
1319 752 1410 822 qui
1452 752 1776 819 ungehatur,
1821 750 2016 817 capite,

2127 474 2218 527 τοῦ
2264 471 2600 544 χρισθέντος.
2639 470 2808 523 Τοῦτο
2845 466 3186 539 προσκείσθω
3216 469 3328 527 τοῖς
3361 466 3605 523 παλαιοῖς
3634 466 3715 519 δι-

2125 565 2423 634 ηγήμασιν,
2451 564 2531 615 ὅτι
2561 561 2719 623 πόνος
2748 559 2935 628 ὑγείαν
2970 558 3081 627 (27)
3110 558 3413 627 χαρίζεται,
3449 558 3544 609 καὶ
3569 574 3711 628 προ-

2128 657 2293 727 θυμία
2320 657 2545 729 νεκροὺς
2564 656 2837 708 ἀνίστησι.
2871 652 2964 705 καὶ
2985 652 3129 721 πηδᾷ
3160 651 3334 721 γῆρας
3356 650 3573 722 χρισθὲν
3592 650 3709 721 (Ξ8)

2128 750 2204 819 τῷ
2229 748 2523 817 Πνεύματι.

452 852 753 905 roboratus.
804 846 914 900 Hoc
953 846 1113 915 igitur
1141 843 1204 896 ad
1236 847 1443 911 priscas
1491 842 1829 895 narrationes
1875 839 2116 902 accedat,
2178 840 2318 908 quod
2384 841 2533 894 labor
2595 838 2883 892 sanitatem
2928 835 3103 899 alTert,
3168 844 3221 887 et
3257 834 3421 887 animi
3454 834 3714 889 alacritas

451 952 689 997 mortuos
746 938 970 999 excitat,
1021 944 1076 987 et
1133 935 1309 988 exsilit
1363 943 1612 987 senectus
1661 930 1863 998 Spiritu
1919 929 2177 984 delibuta.

526 1033 805 1090 XXXVIII.
853 1031 985 1085 Cum
1022 1037 1199 1083 autem
1229 1023 1494 1092 primariae
1530 1020 1671 1073 sedis
1713 1019 1915 1071 honore
1950 1017 2026 1070 ita

450 1126 676 1182 allectus
702 1125 911 1186 fuisset,
946 1129 1129 1189 utpar
1154 1126 1269 1171 erat
1312 1129 1404 1168 eos
1428 1155 1443 1177 ,
1494 1112 1580 1179 qui
1632 1110 1701 1161 ita
1755 1109 2024 1170 vixerant,

2196 1020 2322 1072 ΑΠ’.
2360 1016 2514 1069 Οὕτω
2541 1014 2598 1068 δὲ
2640 1014 2741 1083 τῆς
2786 1013 3077 1084 προεδρίας
3118 1013 3398 1079 ἀξιωθεὶς,
3432 1014 3536 1079 ώς,
3583 1028 3715 1077 τους

2123 1110 2394 1172 τοιούτους
2428 1108 2525 1178 μὲν
2557 1105 2872 1175 γεγονότας,
2917 1106 3171 1176 τοιαύτης
3201 1106 3256 1158 δὲ
3293 1106 3513 1178 χάριτος
3550 1118 3715 1158 τετυ-

450 1231 676 1285 eamqne
705 1214 931 1285 gratiam
977 1208 1255 1264 consecuti
1291 1207 1524 1266 fuerant,
1570 1216 1632 1253 ac
1677 1200 1838 1253 talem
1887 1197 2027 1265 apud

2138 1204 2382 1275 χηκότας,
2415 1202 2555 1254 οὕτω
2588 1201 2645 1252 δὲ
2675 1198 3134 1269 ὑπειλημμένους,
3163 1197 3328 1260 εἰκός·
3359 1197 3419 1249 οὐ
3437 1198 3720 1267 κατῄσχυ-

451 1304 696 1357 homines
720 1300 1176 1356 existimationem
1207 1294 1519 1349 obtinebant
1547 1305 1563 1356 ;
1626 1289 1844 1340 minime
1879 1303 2027 1339 com-

454 1395 622 1458 misit,
672 1401 729 1446 ut
760 1391 863 1445 ulla
902 1392 953 1443 in
994 1404 1050 1441 re
1099 1397 1320 1458 postea,
1360 1383 1439 1436 vel
1489 1380 1838 1450 philosophia:
1892 1392 2024 1441 sum,

450 1486 533 1540 vel
562 1500 768 1548 eorum,
806 1482 899 1553 qui
945 1483 1043 1535 hoc
1080 1494 1275 1534 munus
1314 1476 1415 1546 ipsi
1462 1473 1833 1533 crediderant,
1888 1470 2024 1539 spei,

451 1574 695 1630 dedecori
740 1582 905 1627 esset.
943 1570 1080 1636 Quin
1121 1566 1335 1636 potius,
1370 1573 1628 1631 quantum
1676 1561 1809 1613 alios
1855 1560 2023 1628 prius,

454 1676 661 1720 tantum
698 1663 937 1733 quotidie
979 1662 1212 1727 seipsum
1268 1656 1548 1717 vincebat,
1602 1652 1804 1719 optime
1841 1652 2026 1719 utique

2124 1314 2212 1350 νεν
2236 1294 2409 1349 οίδδεν)⁵
2445 1293 2555 1346 τῶν
2584 1291 2731 1363 ἑξῆς,
2756 1292 2788 1361 ἢ
2828 1290 2926 1361 τὴν
2957 1289 3150 1344 ἑαυτοῦ
3181 1289 3517 1358 φιλοσοφίαν,
3549 1290 3582 1360 ἢ
3611 1289 3719 1351 τὰς

2128 1386 2236 1439 τῶν
2275 1384 2718 1438 πεπιστευκότων
2760 1382 3002 1445 ἐλπίδας
3052 1381 3187 1435 ἀλλὰ
3235 1380 3485 1434 τοσοῦτον
3518 1380 3719 1433 ἑαυτὸν

2131 1477 2481 1549 ὑπερϐάλλων
2514 1476 2622 1536 ἀεὶ,
2675 1475 2798 1526 ὅσον
2822 1473 2927 1545 πρὸ
2952 1472 3139 1525 τούτου
3186 1473 3314 1535 τοὺς
3354 1472 3544 1534 ἄλλους
3574 1472 3720 1523 ὲδεί-

2130 1584 2313 1631 κνυτο,
2346 1565 2606 1621 κάλλιστά
2656 1582 2707 1618 τε
2740 1565 2833 1617 καὶ
2886 1563 3295 1632 φιλοσοφώτατα
3333 1564 3459 1634 περ).
3505 1563 3717 1615 τούτων

2130 1658 2527 1728 διανοούμενος.
2568 1657 2780 1724 Ἠγεῖτο
2808 1655 2937 1726 γὰρ,
2968 1655 3176 1708 ίδιώτου
3210 1655 3309 1725 μὲν
3325 1654 3521 1725 ἀρετὴν
3545 1649 3717 1719 εἶναι,

450 1773 513 1810 ac
562 1754 958 1826 sapientissime
988 1757 1055 1805 de
1100 1750 1184 1803 his
1229 1746 1388 1801 rebus
1438 1745 1703 1799 sentiens.
1752 1742 1841 1796 Sic
1890 1743 2027 1796 enim

2138 1753 2193 1806 τὸ
2222 1752 2295 1823 μὴ
2316 1751 2483 1804 κακὸν
2514 1746 2671 1813 εἶναι,
2702 1751 2735 1820 ἦ
2774 1767 2828 1801 τι
2856 1750 2955 1802 καῖ
3001 1749 3183 1812 ποσῶς
3214 1748 3439 1817 ἀγαθόν.
3484 1750 3721 1817 ’Ἄρχον-

451 1848 813 1910 existimabat,
844 1843 1035 1912 privati
1072 1841 1284 1911 quidem
1320 1839 1553 1892 hominis
1583 1835 1835 1889 virtutem
1881 1834 1934 1887 in
1960 1849 2026 1888 eo

452 1939 771 1998 consistere,
796 1945 855 1988 ιιι
882 1934 1009 1987 vitio
1041 1940 1244 1995 careat,
1283 1938 1373 1982 aut
1408 1941 1625 1997 quoquo
1658 1925 1815 1978 modo
1841 1923 2027 1994 probi-

454 2039 619 2084 tatem
671 2026 844 2089 colat;
897 2026 1190 2094 principem
1247 2030 1426 2074 autein
1480 2028 1535 2072 et
1590 2016 1909 2078 antistitem,
1964 2029 2027 2069 ac

456 2119 759 2190 prazsertim
790 2115 1092 2183 bujusmodi
1135 2111 1417 2179 imperium
1447 2117 1744 2178 gerentem,
1777 2106 2028 2176 improbi-

455 2214 579 2267 tatis
610 2220 788 2265 notam
820 2206 1053 2275 ell‘ugere
1079 2219 1183 2257 non
1215 2215 1402 2271 posse,
1451 2199 1552 2254 nisi
1595 2199 1821 2252 multum
1873 2207 2026 2250 ante-

451 2305 632 2368 cellat,
672 2317 735 2357 ac
780 2300 970 2354 melior
1004 2299 1053 2350 in
1082 2296 1197 2351 dies
1226 2294 1472 2357 exsistat,
1521 2306 1818 2362 paremque
1850 2291 2025 2361 digni-

455 2398 548 2450 tati
580 2411 688 2449 suaa
720 2409 782 2447 ac
817 2393 1010 2446 throno
1046 2389 1295 2441 virtutem
1328 2385 1535 2440 all'erat.
1570 2386 1666 2439 Vix
1702 2387 1843 2439 enim
1884 2399 2024 2447 esse,

454 2497 511 2540 ut
541 2488 592 2540 in
623 2498 832 2539 summo
860 2482 1084 2552 positus,
1139 2479 1372 2533 medium
1421 2486 1763 2545 assequatur,
1820 2493 1884 2529 ac
1935 2491 2029 2545 per

453 2578 834 2631 exuberantem
868 2571 1079 2625 virtutis
1125 2568 1553 2637 amplitudinem,
1591 2567 1780 2636 vulgus
1814 2567 1878 2619 ad
1913 2582 2028 2619 me-

455 2666 792 2721 diocritatem
825 2664 1123 2731 pertrahat.
1166 2660 1276 2714 lino
1307 2675 1458 2722 vero,
1499 2668 1556 2712 ιιι
1598 2659 1795 2713 rectius
1838 2658 1903 2711 de
1944 2657 2027 2710 his

455 2756 616 2811 rebus
666 2754 948 2819 disseram,
993 2752 1133 2821 quod
1179 2766 1278 2820 ego
1326 2750 1377 2803 in
1443 2749 1723 2804 Salvatore
1761 2749 2027 2818 prospicio

456 2848 637 2917 (atque
663 2845 844 2907 etiam,
878 2854 936 2897 ut
961 2841 1575 2911 opinor,sapientiorum
1616 2841 1882 2909 quilibet),
1922 2855 2028 2910 quo

459 2950 701 3009 tempore
732 2937 1011 2990 nobiscum
1033 2933 1261 2998 exstitit,
1286 2934 1579 2987 secundum
1611 2934 1662 2987 id
1691 2932 1834 3002 quod
1866 2947 2027 3001 supra

457 3047 578 3093 nos.
638 3039 692 3083 et
740 3041 979 3083 nostrum
1016 3037 1155 3088 erat,
1207 3026 1498 3091 formatus,
1560 3027 1661 3080 hoc
1694 3039 1909 3095 quoque
1944 3025 2029 3078 hic

2132 1859 2221 1905 τος
2246 1842 2302 1894 δὲ
2326 1842 2419 1894 καὶ
2449 1839 2752 1910 προστάτου
2782 1839 3000 1905 κακίαν,
3032 1839 3125 1890 κα).
3152 1838 3383 1908 μάλιστα
3409 1836 3504 1907 τὴν
3528 1837 3721 1888 τοιαύ-

2131 1950 2231 2003 την
2253 1933 2447 2003 ἀρχὴν,
2475 1932 2535 1984 τὸ
2586 1931 2661 2001 μὴ
2690 1930 2822 1983 πολὺ
2856 1930 2966 1983 τῶν
3028 1930 3237 1984 πολλῶν
3268 1930 3538 2000 προέχειν,
3576 1929 3721 1999 μηδὲ

2132 2027 2217 2079 ἀεὶ
2252 2026 2483 2096 κρείττω
2522 2024 2833 2092 φαίνεσθαι,
2867 2024 3000 2095 μηδὲ
3028 2026 3359 2094 συμμετρεῖν
3384 2028 3448 2093 τῇ
3477 2023 3596 2094 ἰξίᾳ
3616 2024 3719 2077 καὶ

2133 2116 2211 2187 τῷ
2279 2117 2453 2188 θρόνῳ
2501 2116 2599 2187 τὴν
2659 2117 2877 2187 ἀρετήν.
2935 2117 3108 2184 Μόγις
3152 2116 3263 2185 (29)
3298 2115 3405 2185 γὰρ
3457 2110 3591 2168 εἶναι
3630 2113 3719 2185 τῷ

2133 2209 2287 2280 ἄκρῳ
2308 2208 2402 2261 τοῦ
2430 2208 2592 2278 μέσου
2627 2207 3073 2277 κατατυγχάνειν,
3110 2208 3203 2261 καὶ
3230 2208 3308 2278 τῷ
3341 2208 3580 2277 περιόντι
3609 2208 3718 2277 τῆς

2134 2302 2333 2373 ἀρετῆς
2358 2301 2529 2367 ἕλξειν
2554 2301 2679 2363 τοὺς
2703 2300 2929 2363 πολλοὺς
2953 2303 3031 2364 εἰς
3056 2301 3115 2353 τὸ
3144 2301 3385 2371 μέτριον
3411 2301 3604 2370 μᾶλλον
3628 2301 3712 2363 δὲ,

2133 2392 2220 2444 ἴνα
2255 2410 2307 2443 τι
2342 2392 2684 2461 φιλοσοφήσω
2713 2391 2843 2462 περὶ
2897 2390 3101 2443 τούτων
3153 2392 3406 2461 ἄμεινον.
3455 2391 3591 2460 ὅπερ
3616 2391 3716 2443 ἐπὶ

2133 2484 2226 2537 τοῦ
2260 2484 2510 2555 Σωτῆρος
2536 2482 2645 2551 ἐγὼ
2677 2482 2885 2555 θεωρῶ,
2920 2479 3071 2553 οἶμαι
3105 2482 3163 2536 δὲ
3208 2484 3303 2535 καὶ
3341 2483 3447 2535 τῶν
3479 2483 3720 2551 σοφωτέη

2137 2592 2244 2646 ρων
2297 2574 2546 2637 ἕκαστος,
2600 2574 2763 2644 ἡνίκα
2810 2573 2926 2643 μεθ’
2968 2572 3126 2643 ἡμῶν
3174 2574 3427 2641 ἐγένετο,
3490 2590 3717 2643 μορφωε-

2136 2665 2248 2729 θεὶς
2277 2665 2386 2733 (50)
2408 2666 2466 2718 τὸ
2496 2665 2636 2735 ὑπὲρ
2666 2665 2811 2734 ἡμᾶς
2836 2664 2927 2717 καὶ
2944 2663 3229 2735 ἡμέτερον,
3256 2664 3413 2717 τοῦτο
3433 2663 3718 2717 κάνταῦθα

2137 2754 2537 2825 συμϐεϐηκέναι
2563 2753 2866 2823 λογίζομαι.
2896 2754 3131 2816 Ἐκεῖνός
3160 2771 3219 2806 τε
3246 2753 3355 2825 γὰρ
3383 2754 3714 2825 προέκοπτε,

2139 2844 2327 2915 φησὶν,
2360 2843 2548 2914 ὥσπερ
2577 2842 2784 2913 ἡλικίᾳ,
2809 2841 2950 2895 οὕτω
2978 2842 3041 2913 δὴ
3074 2844 3165 2895 καὶ
3199 2844 3357 2915 σοφία
3387 2843 3478 2896 καὶ
3505 2845 3715 2913 χάριτι*

2134 2937 2196 2989 οὐ
2229 2934 2304 3006 τῷ
2329 2935 2500 2989 ταῦτα
2530 2934 2824 3006 λαμϐάνειν
2854 2934 3103 3004 αῠξησιν,
3134 2936 3206 3006 (τί
3226 2936 3333 3007 γὰρ
3355 2935 3448 2988 τοῦ
3484 2937 3578 2989 ἀπ’
3613 2937 3719 3005 ἁρ-

2136 3028 2236 3097 χῆς
2279 3026 2483 3079 τελείου
2538 3027 2732 3096 γένοιτ’
2770 3027 2836 3081 ἂν
2882 3026 3206 3098 τελεώτερον
3229 3027 3267 3098 ;)
3304 3028 3436 3081 ἀλλὰ
3469 3026 3545 3097 τῷ
3573 3028 3720 3081 κατὰ

455 3123 750 3193 contigisse
788 3120 1176 3173 animadverto.
1210 3117 1530 3173 Proliciebat
1556 3118 1720 3184 enim,
1750 3116 1943 3187 inquit,
1971 3123 2027 3169 ut

2140 3116 2331 3188 μικρὸν
2360 3116 2532 3169 ταῦτα
2564 3117 3051 3189 παραγυμνοῦσθαι
3086 3119 3179 3172 καὶ
3221 3117 3713 3189 παρεκφαίνεσθαι.

456 3224 637 3276 aetate,
662 3214 730 3266 ita
755 3212 913 3267 etiam
936 3210 1192 3279 sapientia
1216 3218 1268 3263 et
1302 3210 1472 3279 gratia
1500 3210 1579 3273 ¹³;
1610 3225 1716 3262 non
1746 3208 1887 3277 quod
1915 3208 2030 3263 haec

458 3306 512 3361 in
545 3304 631 3358 illo
658 3305 1048 3357 incrementum
1073 3310 1329 3371 caperent
1354 3318 1369 3367 ;
1396 3301 1522 3369 quid
1552 3301 1693 3354 enim
1720 3315 1804 3362 eo,
1841 3301 2029 3368 quoda

382 3447 395 3457 .
456 3397 719 3468 principio
744 3396 1033 3465 perfectum
1061 3406 1198 3460 erat.
1226 3393 1514 3466 perfectius
1540 3408 1661 3447 esse
1694 3392 1894 3461 possit?
1939 3391 2033 3446 sed

2137 3210 2246 3279 Τήν
2269 3224 2328 3261 τε
2358 3207 2451 3260 τοῦ
2478 3208 2666 3279 ἀνδρὸς
2689 3210 2907 3280 ἀρετὴν,
2932 3209 3051 3278 οὐχὶ
3079 3209 3537 3281 προσθήκην,ἀλλ’
3556 3210 3724 3280 ὲργα-

2139 3301 2258 3354 σίαν
2284 3295 2439 3370 οἶμαι
2492 3301 2664 3371 μείζω
2695 3302 2996 3371 τηνικαῦτα
3028 3302 3345 3373 λαμϐάνειν,
3380 3301 3481 3374 ὕλῃ
3510 3301 3720 3355 πλείονι

2138 3392 2205 3460 τῇ
2240 3386 2457 3459 ἐξουσίᾳ⁵
2485 3390 2793 3463 χρωμένην.

456 3489 597 3558 quod
628 3489 737 3542 [nec
761 3488 1010 3555 paulatim
1035 3488 1410 3556 detegerentur
1440 3493 1494 3539 et
1522 3484 1813 3538 elueereut.
1852 3481 2050 3535 Eodem
2084 3482 2239 3536 modo
2263 3479 2444 3534 Basilii
2475 3481 2729 3536 virtutem
2753 3496 2819 3537 eo
2850 3491 3108 3556 tempore,
3145 3499 3249 3539 non
3289 3486 3721 3551 incrementum,

458 3580 551 3637 sed
581 3576 833 3642 majorem
860 3581 1221 3644 operationem
1253 3577 1530 3645 accepisse
1564 3576 1823 3639 arbitror,
1845 3590 1965 3629 cum
2005 3574 2103 3645 ipsi
2131 3575 2381 3628 nimirum
2405 3584 2643 3637 potestas
2670 3577 2970 3631 uberiorem
3016 3578 3297 3631 materiam
3321 3579 3713 3647 suppeditaret.

529 3664 769 3719 XXXIX.
838 3667 917 3719 Ac
984 3666 1212 3732 primum
1283 3667 1496 3734 quidem
1566 3665 1692 3718 illud
1772 3664 2025 3717 omnibus

460 3755 800 3823 perspicumn
852 3756 1001 3818 facit,
1053 3771 1249 3809 munus
1292 3756 1365 3819 id,
1417 3770 1525 3824 quo
1576 3753 1798 3807 affectus
1828 3754 2024 3819 fuerat,

381 3863 400 3875 ·
464 3862 569 3901 ιιοιι
599 3849 834 3899 humano
860 3846 1063 3910 favore,
1098 3848 1189 3900 sed
1220 3846 1400 3900 divino
1431 3846 1692 3900 beneﬁcio
1724 3844 1820 3912 ipsi
1854 3844 2028 3898 conti-

463 3938 624 4005 gisse.
654 3936 708 3989 Id
738 3949 916 3992 autem
955 3953 1019 3991 ex
1056 3938 1207 3993 nobis
1237 3953 1451 4007 quoque
1492 3938 1691 4006 liquido
1736 3936 2023 3990 constabit.

463 4029 652 4097 Qualia
684 4029 825 4082 enim
859 4043 1066 4083 mecum
1096 4028 1239 4082 circa
1274 4027 1403 4082 illud
1448 4037 1656 4097 tempus
1684 4026 2029 4096 phil050pha-

467 4119 658 4174 batur?
699 4118 829 4172 Nam
863 4134 982 4173 cum
1011 4119 1133 4174 aliis
1168 4119 1417 4173 omnibus
1458 4119 1674 4171 dubium
1721 4134 1822 4171 non
1873 4126 2032 4179 esset,

464 4213 615 4281 quin,
642 4228 763 4267 cum
792 4212 843 4265 id
874 4212 1218 4281 contigisset,
1251 4212 1433 4267 statim
1473 4211 1632 4280 801
1672 4226 2034 4273 aceurrerem,

464 4307 808 4375 maximaque
847 4305 1010 4359 animi
1044 4305 1314 4374 voluptate
1361 4303 1711 4374 perfunderer
1760 4303 1845 4373 (id
1891 4303 2033 4372 quod

463 4396 695 4453 fortasse
721 4396 855 4451 alius
890 4397 1157 4466 quispiam
1191 4396 1404 4451 fecisset
1426 4396 1465 4466 ),
1518 4410 1579 4449 ac
1618 4410 1738 4449 cum
1771 4410 1835 4448 eo
1862 4395 2031 4463 impe-

462 4490 602 4546 rium
640 4489 814 4558 potius
855 4490 1109 4558 partirer,
1135 4505 1294 4558 quam
1327 4504 1609 4557 supparem
1656 4488 2028 4542 auctoritatem

408 4592 419 4605 '
466 4597 527 4636 ac
572 4583 861 4651 potentiam
908 4580 1185 4645 haberem,
1236 4580 1395 4648 idque
1440 4594 1505 4632 ex
1556 4579 1793 4633 amicitia
1847 4588 2028 4633 nostra

464 4674 860 4741 conjectareut;
899 4685 997 4738 ego
1047 4681 1248 4735 tamen,
1303 4686 1424 4726 cum
1473 4671 1527 4723 itt
1576 4671 1827 4724 omnibus
1870 4672 2032 4725 rebus

466 4763 784 4829 arrogziniim
817 4762 1195 4829 suspicionem,
1244 4771 1299 4815 ut
1333 4762 1375 4816 si
1422 4761 1547 4829 quis
1590 4762 1747 4828 alius,
1797 4762 2027 4832 fugiens,

540 4875 580 4906 ⁸³
612 4874 739 4929 Luc.
768 4892 828 4938 ιι,
866 4875 954 4930 52.

535 4987 649 5057 (27)
694 4987 935 5057 Ὑγείαν.
976 4985 1072 5043 Or.
1094 4987 1151 5051 2,
1183 4987 1415 5055 ὑγιείαν.

537 5056 650 5125 αδ)
680 5058 846 5139 "esse
878 5056 1081 5139 ηπῖῆρας
1121 5056 1672 5139 κιέτσίῖένῖε..ῐξεε·.ι)τη
1707 5059 1898 5139 είπηδᾷ
1926 5060 2030 5139 γῆ-

469 5144 566 5201 ρας
590 5127 845 5197 χρησθέν.
877 5129 968 5181 Sic
996 5133 1155 5180 etiam
1188 5130 1315 5194 legit
1347 5128 1533 5181 Billius
1569 5128 1619 5181 in
1661 5127 2031 5184 vetustissimo

465 5200 670 5263 codice,
720 5214 880 5267 quant
930 5198 1429 5266 lectionem,prohat
1458 5198 1831 5253 Combelisins.
1866 5200 1918 5253 Si
1946 5203 2029 5254 cui

467 5270 582 5323 haec
607 5269 762 5322 lectio
786 5269 1061 5337 placuerit,
1093 5270 1161 5321 ita
1194 5270 1414 5322 reddere
1443 5278 1646 5336 potest:
1683 5287 1700 5319 ι
1741 5270 1927 5322 Ιαίιιείιιι
1948 5287 2032 5323 se-

466 5347 674 5399 nectus,
710 5354 830 5407 qua:
874 5352 932 5391 se
967 5338 1185 5404 Spiritui
1217 5340 1466 5393 utendam
1500 5341 1806 5407 praebuerit.
1846 5359 1863 5391 ι
1914 5341 2035 5395 llaec

463 5416 547 5460 est
594 5410 734 5482 enim
782 5410 870 5482 vis
913 5409 1361 5482 verbidxlxpnpt,
1400 5409 1608 5482 χρῄζω,
1663 5428 1681 5459 ι
1728 5414 2031 5482 commodo,

465 5479 717 5547 tuendum
747 5479 979 5547 przcbeo.
1018 5496 1035 5529 ι
1073 5479 1207 5544 Quin
1257 5479 1449 5534 SeholI
1482 5480 1610 5547 lleg.
1655 5482 1740 5530 bm
1787 5481 1898 5532 lucc
1934 5485 2031 5533 ha-

464 5545 574 5618 bet,
601 5564 719 5618 qua:
750 5545 799 5602 in
831 5564 927 5602 suo
959 5550 1143 5602 codice
1168 5551 1356 5618 legisse
1393 5545 1620 5604 testatur
1655 5548 1838 5601 Billius
1870 5566 1885 5601 :
1924 5551 2034 5602 Καὶ

2211 3661 2333 3715 ΛΘ.
2360 3662 2579 3732 Πρῶτον
2641 3663 2739 3734 μὲν
2788 3667 2963 3719 ἐκεῖνο
3015 3669 3146 3720 πᾶσι
3187 3668 3331 3721 ποιεί
3360 3668 3611 3739 φανερὸν,
3638 3668 3724 3732 t'o;

2142 3753 2240 3806 οὑκ
2274 3752 2618 3825 ἀνθρωπίνης
2652 3755 2872 3826 χάριτος
2913 3752 2981 3827 ἦν
3004 3757 3172 3828 αὐτῷ·
3205 3758 3384 3830 ἔργον,
3414 3759 3545 3811 ἀλλὰ
3578 3759 3721 3812 Θεοῦ

2143 3845 2311 3916 δῶρον
2340 3847 2398 3899 τὸ
2421 3846 2718 3916 δεδομένονο
2750 3847 2977 3918 δηλώσει
3010 3849 3067 3901 δὲ
3091 3850 3185 3902 καὶ
3213 3851 3273 3902 τὸ
3302 3851 3585 3921 ἡμέτερον.
3612 3845 3722 3907 Οἴει

2144 3936 2251 4008 γάρ
2300 3954 2390 4007 μοι
2421 3937 2795 4007 φιλοσοφοῦντι
2826 3941 2951 4010 περὶ
2985 3940 3077 3993 τὸν
3110 3942 3297 4012 καιρὸν
3343 3945 3543 3994 ἐκεῖνον
3592 3957 3724 3996 συνο

2144 4029 2487 4099 εφιλοσόφειί
2528 4030 2648 4083 Τῶν
2687 4031 2784 4102 γὰρ
2815 4032 2987 4086 ἄλλων
3021 4034 3272 4087 ἁπάντων
3320 4036 3579 4107 οἰομένων
3619 4036 3722 4088 καὶ

2137 4122 2596 4193 προσδραμεῖσθαί
2627 4142 2693 4193 με
2729 4126 2806 4196 τῷ
2832 4127 3096 4195 γεγονότι,
3132 4129 3226 4180 καὶ
3252 4129 3719 4199 περιχαρήσεσθαι

2137 4216 2293 4286 (ὅπερ
2327 4216 2512 4286 ἑτέρου
2545 4217 2658 4286 (51)
2692 4218 2787 4270 καὶ
2818 4218 3011 4271 παθεῖν
3059 4221 3189 4284 ἴσως
3215 4217 3327 4291 ἦν),
3375 4223 3467 4275 καὶ
3505 4221 3718 4275 συνδια-

2066 4355 2109 4407 D
2138 4307 2416 4407 νεμεῖσθαι
2449 4308 2559 4407 (⁸52)
2586 4308 2685 4381 τὴν
2711 4309 2883 4381 ἀρχὴν
2916 4311 3167 4383 μᾶλλονῆ
3197 4313 3718 4384 παραδυναστεύειν,

2142 4399 2236 4451 καὶ
2258 4401 2323 4468 τῇ
2363 4399 2513 4470 φιλίᾳ
2541 4400 2700 4454 τοῦτο
2728 4404 3192 4473 τεκμαιρομένωνο
3236 4406 3421 4475 ἐπειδὴ
3444 4404 3506 4457 τὸ
3527 4422 3721 4475 φορτι-

2143 4489 2237 4542 κὸν
2269 4490 2482 4559 φεύγων
2506 4491 2633 4560 ἐγὼ,
2650 4494 2742 4546 καὶ
2768 4494 2875 4566 γὰρ
2905 4497 2962 4547 ὲν
2987 4495 3211 4559 ἅπασιν,
3241 4497 3397 4567 εἴπερ
3424 4496 3578 4559 ἄλλος
3604 4513 3716 4562 τις,

2143 4583 2237 4636 καὶ
2264 4584 2377 4653 ἅμα
2398 4583 2491 4635 τοῦ
2515 4585 2707 4657 καιροῦ
2758 4587 2818 4639 τὸ
2844 4587 3150 4657 ἐπίφθονον,
3190 4588 3362 4653 ἄλλως
3389 4606 3449 4642 τε
3485 4591 3580 4643 καὶ
3605 4588 3722 4642 τῶν

2144 4673 2263 4724 κατ’
2306 4672 2465 4725 αὐτὸν
2509 4673 2619 4744 (55)
2667 4676 2965 4730 ώδινόντων
3007 4677 3087 4730 ἔτι
3120 4679 3212 4730 καὶ
3272 4678 3721 4749 ταρασσομένων,

2144 4764 2279 4818 οἶκοι
2309 4767 2624 4838 κατέμεινα,
2650 4767 2740 4840 βίᾳ
2773 4768 3076 4840 χαλινώσας
3101 4770 3191 4823 τὸν
3216 4770 3394 4825 πόθον.
3422 4770 3723 4841 Μέμφεται

2138 5004 2361 5064 δμιτιιιι.
2392 5009 2733 5050 commenoo.
2768 5015 2786 5047 ι

2208 5065 2319 5138 (29)
2346 5068 2550 5136 Μόγις.
2587 5066 2691 5138 Sex
2722 5066 2888 5138 Regg.
2932 5076 2986 5122 et
3011 5067 3105 5123 0r.
3132 5066 3187 5130 9.,
3222 5066 3393 5138 μόλις.

2205 5137 2315 5207 (ὅθ)
2351 5137 2711 5205 Μορφωθείς,
2745 5137 2856 5191 etc.
2885 5158 2902 5187 ι
2940 5137 3459 5207 Formainindutus,
3507 5146 3624 5200 qua!
3659 5140 3730 5207 (ξι

2137 5202 2303 5259 nobis
2338 5202 2605 5274 superior,
2654 5219 2707 5260 ct
2739 5218 2918 5262 nostra
2959 5218 3095 5260 erat.
3138 5226 3157 5257 ι
3189 5205 3243 5258 Id
3269 5215 3369 5266 est,
3407 5213 3465 5256 ut
3497 5202 3732 5270 exponit

2138 5274 2376 5399 Ngcetas,
2404 5277 2595 5333 similis
2624 5277 2797 5345 nobis,
2826 5278 3143 5346 iisdemque,
3175 5285 3369 5345 prtcter
3402 5285 3721 5343 peccatum,

2140 5360 2172 5399 ο
2214 5362 2424 5399 noxius.

2140 5360 2424 5401 ODIIOXIUS.

2211 5417 2322 5486 (51)
2355 5416 2607 5485 Ἑτέρου.
2641 5419 2698 5472 In
2731 5418 3020 5479 nonnullis,
3049 5415 3237 5486 ἕτερον

2204 5484 2316 5554 (52)
2356 5484 2908 5557 Συνδιανεμεῖσθαι.
2937 5484 3184 5557 Nonnulli
3221 5484 3429 5557 addtt_nt_
3455 5497 3542 5551 με.

2350 5560 2486 5635 Καί
2519 5543 2721 5635 αιὶτιξν.
2754 5559 2845 5635 Sic
2881 5559 3043 5635 Ilegg.
3077 5556 3186 5635 bin.
3220 5557 3309 5623 ph,
3339 5543 3501 5611 Coisl.
3538 5549 3591 5615 1,
3618 5543 3732 5604 Οτι

464 5615 697 5699 ἑλλαχοῦ
718 5621 745 5671 ὁ
779 5618 939 5699 αὑτός
962 5636 1163 5699 φησιν’.
1189 5615 1318 5673 Ἰδοὺ
1348 5621 1580 5699 κίχρημι
1606 5618 1705 5681 τὰς
1741 5622 1927 5690 χεῖρας
1955 5620 2027 5691 τῷ

2138 5626 2182 5693 2,
2209 5615 2322 5684 ‘Jcs'.
2351 5636 2403 5682 el
2431 5628 2621 5686 Contb.
2656 5630 2708 5683 lit
2738 5629 2847 5683 ed..
2882 5615 3229 5680 καξάὑτῶνξ

464 5686 771 5757 Πυεύματιθ
810 5709 827 5743 ι
865 5690 929 5744 ISt
976 5686 1109 5745 alibi
1153 5690 1264 5760 ipse
1310 5686 1458 5745 ait
1492 5686 1630 5746 Ecce
1662 5686 1848 5745 manus
1887 5686 2032 5746 ineas
