  <div class='ocr_page' id='page_1' title='image "/cluster/home/n/w/nwhite01/storage/ocr_20150623/36/hvd.32044024464877/300.png"; bbox 0 0 4050 6298; ppageno 0'>
   <div class='ocr_carea' id='block_1_1' title="bbox 214 261 317 317">
    <p class='ocr_par' dir='ltr' id='par_1_1' title="bbox 214 261 317 317">
     <span class='ocr_line' id='line_1_1' title="bbox 214 261 317 317; baseline -0.019 0"><span class='ocrx_word' id='word_1_1' title='bbox 214 261 317 317; x_wconf 66' lang='lat'><strong>589</strong></span> 
     </span>
    </p>
   </div>
   <div class='ocr_carea' id='block_1_2' title="bbox 1048 257 2629 327">
    <p class='ocr_par' dir='ltr' id='par_1_2' title="bbox 1048 257 2629 327">
     <span class='ocr_line' id='line_1_2' title="bbox 1048 257 2629 327; baseline 0.01 -16"><span class='ocrx_word' id='word_1_2' title='bbox 1048 257 1306 314; x_wconf 72' lang='lat' dir='ltr'><strong>ORATIO</strong></span> <span class='ocrx_word' id='word_1_3' title='bbox 1347 257 1528 314; x_wconf 83' lang='lat' dir='ltr'><strong>XLIII.</strong></span> <span class='ocrx_word' id='word_1_4' title='bbox 1571 290 1634 301; x_wconf 89' lang='lat'><strong>—-</strong></span> <span class='ocrx_word' id='word_1_5' title='bbox 1677 261 1745 315; x_wconf 79' lang='lat' dir='ltr'>IN</span> <span class='ocrx_word' id='word_1_6' title='bbox 1784 261 2070 319; x_wconf 63' lang='lat' dir='ltr'><strong>LAUDEM</strong></span> <span class='ocrx_word' id='word_1_7' title='bbox 2112 266 2352 323; x_wconf 70' lang='lat' dir='ltr'>BASILII</span> <span class='ocrx_word' id='word_1_8' title='bbox 2394 270 2629 327; x_wconf 65' lang='lat' dir='ltr'><strong>MAG-NI.</strong></span> 
     </span>
    </p>
   </div>
   <div class='ocr_carea' id='block_1_3' title="bbox 3366 282 3480 344">
    <p class='ocr_par' dir='ltr' id='par_1_3' title="bbox 3366 282 3480 344">
     <span class='ocr_line' id='line_1_3' title="bbox 3366 282 3480 344; baseline 0.035 -4"><span class='ocrx_word' id='word_1_9' title='bbox 3366 282 3480 344; x_wconf 74' lang='lat'><strong>330</strong></span> 
     </span>
    </p>
   </div>
   <div class='ocr_carea' id='block_1_4' title="bbox 215 368 1811 464">
    <p class='ocr_par' dir='ltr' id='par_1_4' title="bbox 215 368 1799 448">
     <span class='ocr_line' id='line_1_4' title="bbox 215 368 1799 448; baseline 0.004 -24"><span class='ocrx_word' id='word_1_10' title='bbox 215 375 332 446; x_wconf 75' lang='grc' dir='ltr'>μὲν,</span> <span class='ocrx_word' id='word_1_11' title='bbox 366 368 733 439; x_wconf 78' lang='grc' dir='ltr'><strong>συγγινώσκει</strong></span> <span class='ocrx_word' id='word_1_12' title='bbox 756 370 833 423; x_wconf 75' lang='grc' dir='ltr'>δέ.</span> <span class='ocrx_word' id='word_1_13' title='bbox 866 371 975 424; x_wconf 78' lang='grc' dir='ltr'>Καὶ</span> <span class='ocrx_word' id='word_1_14' title='bbox 1000 373 1136 442; x_wconf 74' lang='grc' dir='ltr'>μετὰ</span> <span class='ocrx_word' id='word_1_15' title='bbox 1162 373 1318 426; x_wconf 84' lang='grc' dir='ltr'>τοῦτο</span> <span class='ocrx_word' id='word_1_16' title='bbox 1347 376 1644 430; x_wconf 72' lang='grc' dir='ltr'><strong>ἐπιστάντα</strong></span> <span class='ocrx_word' id='word_1_17' title='bbox 1682 379 1799 448; x_wconf 82' lang='grc' dir='ltr'>μὲν,</span> 
     </span>
    </p>
   </div>
   <div class='ocr_carea' id='block_1_5' title="bbox 1898 368 3475 464">
    <p class='ocr_par' dir='ltr' id='par_1_5' title="bbox 1907 381 3475 464">
     <span class='ocr_line' id='line_1_5' title="bbox 1907 381 3475 464; baseline 0.013 -31"><span class='ocrx_word' id='word_1_18' title='bbox 1907 396 1970 434; x_wconf 85' lang='lat' dir='ltr'><strong>ac</strong></span> <span class='ocrx_word' id='word_1_19' title='bbox 2000 381 2160 435; x_wconf 86' lang='lat' dir='ltr'><strong>simul</strong></span> <span class='ocrx_word' id='word_1_20' title='bbox 2198 387 2454 454; x_wconf 84' lang='lat' dir='ltr'><strong>temporis</strong></span> <span class='ocrx_word' id='word_1_21' title='bbox 2484 388 2624 444; x_wconf 89' lang='lat' dir='ltr'><strong>illius</strong></span> <span class='ocrx_word' id='word_1_22' title='bbox 2652 389 2907 444; x_wconf 81' lang='lat' dir='ltr'><strong>invidiam</strong></span> <span class='ocrx_word' id='word_1_23' title='bbox 2947 391 3143 459; x_wconf 82' lang='lat' dir='ltr'><strong>vitans,</strong></span> <span class='ocrx_word' id='word_1_24' title='bbox 3174 398 3475 464; x_wconf 73' lang='lat' dir='ltr'><strong>pmsertim</strong></span> 
     </span>
    </p>
   </div>
   <div class='ocr_carea' id='block_1_6' title="bbox 209 463 1797 539">
    <p class='ocr_par' dir='ltr' id='par_1_6' title="bbox 209 463 1797 539">
     <span class='ocr_line' id='line_1_6' title="bbox 209 463 1797 539; baseline 0.004 -25"><span class='ocrx_word' id='word_1_25' title='bbox 209 466 306 534; x_wconf 80' lang='grc' dir='ltr'>τὴν</span> <span class='ocrx_word' id='word_1_26' title='bbox 331 465 387 516; x_wconf 85' lang='grc' dir='ltr'><strong>δε</strong></span> <span class='ocrx_word' id='word_1_27' title='bbox 411 465 511 534; x_wconf 83' lang='grc' dir='ltr'>τῆς</span> <span class='ocrx_word' id='word_1_28' title='bbox 550 463 820 534; x_wconf 78' lang='grc' dir='ltr'><strong>καθέδρας</strong></span> <span class='ocrx_word' id='word_1_29' title='bbox 842 464 1008 533; x_wconf 81' lang='grc' dir='ltr'>τιμὴν</span> <span class='ocrx_word' id='word_1_30' title='bbox 1039 464 1100 515; x_wconf 82' lang='grc' dir='ltr'><strong>οὐ</strong></span> <span class='ocrx_word' id='word_1_31' title='bbox 1142 464 1452 535; x_wconf 79' lang='grc' dir='ltr'>δεξάμενον,</span> <span class='ocrx_word' id='word_1_32' title='bbox 1501 468 1600 537; x_wconf 83' lang='grc' dir='ltr'>τῆς</span> <span class='ocrx_word' id='word_1_33' title='bbox 1630 470 1797 539; x_wconf 75' lang='grc' dir='ltr'>αὐτῆς</span> 
     </span>
    </p>
   </div>
   <div class='ocr_carea' id='block_1_7' title="bbox 210 551 1796 629">
    <p class='ocr_par' dir='ltr' id='par_1_7' title="bbox 210 551 1796 629">
     <span class='ocr_line' id='line_1_7' title="bbox 210 551 1796 629; baseline 0.003 -24"><span class='ocrx_word' id='word_1_34' title='bbox 210 555 397 606; x_wconf 71' lang='grc' dir='ltr'>ἕνεκεν</span> <span class='ocrx_word' id='word_1_35' title='bbox 430 554 633 615; x_wconf 85' lang='grc' dir='ltr'>αἰτίας,</span> <span class='ocrx_word' id='word_1_36' title='bbox 666 552 783 604; x_wconf 81' lang='grc' dir='ltr'>οὐδὲ</span> <span class='ocrx_word' id='word_1_37' title='bbox 822 552 921 623; x_wconf 83' lang='grc' dir='ltr'>τὴν</span> <span class='ocrx_word' id='word_1_38' title='bbox 965 551 1072 604; x_wconf 91' lang='grc' dir='ltr'><strong>τῶν</strong></span> <span class='ocrx_word' id='word_1_39' title='bbox 1107 554 1494 625; x_wconf 77' lang='grc' dir='ltr'>πρεσϐυτέρων</span> <span class='ocrx_word' id='word_1_40' title='bbox 1526 558 1796 629; x_wconf 79' lang='grc' dir='ltr'>προτίμη-</span> 
     </span>
    </p>
   </div>
   <div class='ocr_carea' id='block_1_8' title="bbox 212 643 1793 716">
    <p class='ocr_par' dir='ltr' id='par_1_8' title="bbox 212 643 1793 716">
     <span class='ocr_line' id='line_1_8' title="bbox 212 643 1793 716; baseline 0.003 -20"><span class='ocrx_word' id='word_1_41' title='bbox 212 663 316 703; x_wconf 83' lang='grc' dir='ltr'>σιν,</span> <span class='ocrx_word' id='word_1_42' title='bbox 343 643 469 696; x_wconf 72' lang='grc' dir='ltr'>οὔτε</span> <span class='ocrx_word' id='word_1_43' title='bbox 514 643 819 713; x_wconf 73' lang='grc' dir='ltr'>ἐμέμψατο,</span> <span class='ocrx_word' id='word_1_44' title='bbox 883 644 976 696; x_wconf 74' lang='grc' dir='ltr'><strong>καὶ</strong></span> <span class='ocrx_word' id='word_1_45' title='bbox 1017 646 1461 716; x_wconf 70' lang='grc' dir='ltr'>προσεπῄνεσεν,</span> <span class='ocrx_word' id='word_1_46' title='bbox 1511 643 1569 700; x_wconf 81' lang='grc' dir='ltr'>εὖ</span> <span class='ocrx_word' id='word_1_47' title='bbox 1604 649 1793 701; x_wconf 84' lang='grc' dir='ltr'>ποιῶν·</span> 
     </span>
    </p>
   </div>
   <div class='ocr_carea' id='block_1_9' title="bbox 210 735 1794 810">
    <p class='ocr_par' dir='ltr' id='par_1_9' title="bbox 210 735 1794 810">
     <span class='ocr_line' id='line_1_9' title="bbox 210 735 1794 810; baseline 0.003 -21"><span class='ocrx_word' id='word_1_48' title='bbox 210 735 380 804; x_wconf 68' lang='grc' dir='ltr'>τῦφον</span> <span class='ocrx_word' id='word_1_49' title='bbox 431 735 880 805; x_wconf 80' lang='grc' dir='ltr'>κατηγορηθῆναι</span> <span class='ocrx_word' id='word_1_50' title='bbox 934 736 1135 804; x_wconf 81' lang='grc' dir='ltr'>μᾶλλον</span> <span class='ocrx_word' id='word_1_51' title='bbox 1168 736 1259 788; x_wconf 75' lang='grc' dir='ltr'>ὑπ’</span> <span class='ocrx_word' id='word_1_52' title='bbox 1298 737 1493 805; x_wconf 79' lang='grc' dir='ltr'>ὀλίγων</span> <span class='ocrx_word' id='word_1_53' title='bbox 1521 739 1794 810; x_wconf 79' lang='grc' dir='ltr'>ἑλόμενος,</span> 
     </span>
    </p>
   </div>
   <div class='ocr_carea' id='block_1_10' title="bbox 208 825 1796 904">
    <p class='ocr_par' dir='ltr' id='par_1_10' title="bbox 208 825 1796 904">
     <span class='ocr_line' id='line_1_10' title="bbox 208 825 1796 904; baseline 0.004 -24"><span class='ocrx_word' id='word_1_54' title='bbox 208 828 316 881; x_wconf 85' lang='grc' dir='ltr'><strong>τῶν</strong></span> <span class='ocrx_word' id='word_1_55' title='bbox 343 825 552 897; x_wconf 78' lang='grc' dir='ltr'>ταύτην</span> <span class='ocrx_word' id='word_1_56' title='bbox 582 827 964 896; x_wconf 79' lang='grc' dir='ltr'><strong>ἀγνοησάντων</strong></span> <span class='ocrx_word' id='word_1_57' title='bbox 1001 828 1100 897; x_wconf 82' lang='grc' dir='ltr'>τὴν</span> <span class='ocrx_word' id='word_1_58' title='bbox 1126 828 1458 897; x_wconf 79' lang='grc' dir='ltr'>οἰκονομίαν,</span> <span class='ocrx_word' id='word_1_59' title='bbox 1498 830 1531 901; x_wconf 77' lang='grc' dir='ltr'>ἦ</span> <span class='ocrx_word' id='word_1_60' title='bbox 1569 849 1620 883; x_wconf 94' lang='grc' dir='ltr'><strong>τι</strong></span> <span class='ocrx_word' id='word_1_61' title='bbox 1661 837 1796 904; x_wconf 75' lang='grc' dir='ltr'>πρᾶ-</span> 
     </span>
    </p>
   </div>
   <div class='ocr_carea' id='block_1_11' title="bbox 212 917 1792 992">
    <p class='ocr_par' dir='ltr' id='par_1_11' title="bbox 212 917 1792 992">
     <span class='ocr_line' id='line_1_11' title="bbox 212 917 1792 992; baseline 0.004 -20"><span class='ocrx_word' id='word_1_62' title='bbox 212 918 296 983; x_wconf 84' lang='grc' dir='ltr'>ξαι</span> <span class='ocrx_word' id='word_1_63' title='bbox 328 917 407 988; x_wconf 80' lang='grc' dir='ltr'><strong>τῷ</strong></span> <span class='ocrx_word' id='word_1_64' title='bbox 434 918 577 989; x_wconf 71' lang='grc' dir='ltr'>λόγῳ</span> <span class='ocrx_word' id='word_1_65' title='bbox 615 919 708 971; x_wconf 75' lang='grc' dir='ltr'><strong>καὶ</strong></span> <span class='ocrx_word' id='word_1_66' title='bbox 756 920 871 981; x_wconf 87' lang='grc' dir='ltr'>τοῖς</span> <span class='ocrx_word' id='word_1_67' title='bbox 923 918 1088 971; x_wconf 73' lang='grc' dir='ltr'>αὐτοῦ</span> <span class='ocrx_word' id='word_1_68' title='bbox 1134 920 1495 992; x_wconf 81' lang='grc' dir='ltr'>βουλεύμασιν</span> <span class='ocrx_word' id='word_1_69' title='bbox 1530 924 1792 980; x_wconf 77' lang='grc' dir='ltr'>ἐναντίον.</span> 
     </span>
    </p>
   </div>
   <div class='ocr_carea' id='block_1_12' title="bbox 209 1008 1798 1085">
    <p class='ocr_par' dir='ltr' id='par_1_12' title="bbox 209 1008 1798 1085">
     <span class='ocr_line' id='line_1_12' title="bbox 209 1008 1798 1085; baseline 0.003 -23"><span class='ocrx_word' id='word_1_70' title='bbox 209 1009 426 1073; x_wconf 78' lang='grc' dir='ltr'>Καίτοι,</span> <span class='ocrx_word' id='word_1_71' title='bbox 465 1009 581 1072; x_wconf 87' lang='grc' dir='ltr'><strong>πῶς</strong></span> <span class='ocrx_word' id='word_1_72' title='bbox 606 1010 670 1063; x_wconf 84' lang='grc' dir='ltr'>ἂν</span> <span class='ocrx_word' id='word_1_73' title='bbox 705 1010 903 1080; x_wconf 78' lang='grc' dir='ltr'>μᾶλλον</span> <span class='ocrx_word' id='word_1_74' title='bbox 932 1008 1130 1074; x_wconf 81' lang='grc' dir='ltr'>ἔδειξεν</span> <span class='ocrx_word' id='word_1_75' title='bbox 1167 1011 1453 1083; x_wconf 85' lang='grc' dir='ltr'>ἄνθρωπος</span> <span class='ocrx_word' id='word_1_76' title='bbox 1490 1015 1667 1085; x_wconf 83' lang='grc' dir='ltr'>πάσης</span> <span class='ocrx_word' id='word_1_77' title='bbox 1702 1015 1798 1067; x_wconf 81' lang='grc' dir='ltr'>θω-</span> 
     </span>
    </p>
   </div>
   <div class='ocr_carea' id='block_1_13' title="bbox 210 1100 1798 1175">
    <p class='ocr_par' dir='ltr' id='par_1_13' title="bbox 210 1100 1798 1175">
     <span class='ocr_line' id='line_1_13' title="bbox 210 1100 1798 1175; baseline 0.004 -23"><span class='ocrx_word' id='word_1_78' title='bbox 210 1102 373 1163; x_wconf 85' lang='grc' dir='ltr'>πείας</span> <span class='ocrx_word' id='word_1_79' title='bbox 405 1101 501 1153; x_wconf 73' lang='grc' dir='ltr'><strong>καὶ</strong></span> <span class='ocrx_word' id='word_1_80' title='bbox 541 1100 827 1163; x_wconf 77' lang='grc' dir='ltr'>κολακείας</span> <span class='ocrx_word' id='word_1_81' title='bbox 857 1101 1086 1172; x_wconf 83' lang='grc' dir='ltr'>κρείττω</span> <span class='ocrx_word' id='word_1_82' title='bbox 1130 1103 1227 1173; x_wconf 79' lang='grc' dir='ltr'>τὴν</span> <span class='ocrx_word' id='word_1_83' title='bbox 1282 1103 1458 1174; x_wconf 76' lang='grc' dir='ltr'>ψυχὴν</span> <span class='ocrx_word' id='word_1_84' title='bbox 1497 1104 1655 1175; x_wconf 81' lang='grc' dir='ltr'>ἔχων,</span> <span class='ocrx_word' id='word_1_85' title='bbox 1705 1108 1798 1160; x_wconf 73' lang='grc' dir='ltr'>καὶ</span> 
     </span>
    </p>
   </div>
   <div class='ocr_carea' id='block_1_14' title="bbox 212 1187 1797 1266">
    <p class='ocr_par' dir='ltr' id='par_1_14' title="bbox 212 1187 1797 1266">
     <span class='ocr_line' id='line_1_14' title="bbox 212 1187 1797 1266; baseline 0.004 -26"><span class='ocrx_word' id='word_1_86' title='bbox 212 1189 347 1259; x_wconf 73' lang='grc' dir='ltr'>πρὸς</span> <span class='ocrx_word' id='word_1_87' title='bbox 379 1187 435 1240; x_wconf 80' lang='grc' dir='ltr'>ἓν</span> <span class='ocrx_word' id='word_1_88' title='bbox 464 1189 622 1258; x_wconf 74' lang='grc' dir='ltr'>μόνον</span> <span class='ocrx_word' id='word_1_89' title='bbox 675 1189 907 1259; x_wconf 79' lang='grc' dir='ltr'>βλέπων,</span> <span class='ocrx_word' id='word_1_90' title='bbox 936 1191 1028 1243; x_wconf 83' lang='grc' dir='ltr'><strong>τὸν</strong></span> <span class='ocrx_word' id='word_1_91' title='bbox 1056 1190 1151 1243; x_wconf 87' lang='grc' dir='ltr'><strong>τοῦ</strong></span> <span class='ocrx_word' id='word_1_92' title='bbox 1186 1192 1351 1245; x_wconf 88' lang='grc' dir='ltr'>καλοῦ</span> <span class='ocrx_word' id='word_1_93' title='bbox 1382 1195 1564 1265; x_wconf 84' lang='grc' dir='ltr'>νόμον,</span> <span class='ocrx_word' id='word_1_94' title='bbox 1600 1195 1631 1266; x_wconf 78' lang='grc' dir='ltr'>ἢ</span> <span class='ocrx_word' id='word_1_95' title='bbox 1671 1199 1797 1265; x_wconf 75' lang='grc' dir='ltr'>περὶ</span> 
     </span>
    </p>
   </div>
   <div class='ocr_carea' id='block_1_15' title="bbox 209 1279 1797 1354">
    <p class='ocr_par' dir='ltr' id='par_1_15' title="bbox 209 1279 1797 1354">
     <span class='ocr_line' id='line_1_15' title="bbox 209 1279 1797 1354; baseline 0.005 -23"><span class='ocrx_word' id='word_1_96' title='bbox 209 1280 369 1350; x_wconf 70' lang='grc' dir='ltr'>ἡμῶν</span> <span class='ocrx_word' id='word_1_97' title='bbox 393 1279 540 1333; x_wconf 76' lang='grc' dir='ltr'>οὕτω</span> <span class='ocrx_word' id='word_1_98' title='bbox 586 1280 906 1351; x_wconf 77' lang='grc' dir='ltr'>διανοηθεὶς,</span> <span class='ocrx_word' id='word_1_99' title='bbox 953 1281 1049 1346; x_wconf 76' lang='grc' dir='ltr'><strong>οῦς</strong></span> <span class='ocrx_word' id='word_1_100' title='bbox 1087 1285 1144 1336; x_wconf 83' lang='grc' dir='ltr'><strong>ἐν</strong></span> <span class='ocrx_word' id='word_1_101' title='bbox 1195 1283 1432 1354; x_wconf 76' lang='grc' dir='ltr'>πρώτοις</span> <span class='ocrx_word' id='word_1_102' title='bbox 1458 1285 1565 1339; x_wconf 90' lang='grc' dir='ltr'><strong>τῶν</strong></span> <span class='ocrx_word' id='word_1_103' title='bbox 1602 1286 1797 1339; x_wconf 79' lang='grc' dir='ltr'>ἑαυτοῦ</span> 
     </span>
    </p>
   </div>
   <div class='ocr_carea' id='block_1_16' title="bbox 209 1371 1146 1445">
    <p class='ocr_par' dir='ltr' id='par_1_16' title="bbox 209 1371 1146 1445">
     <span class='ocr_line' id='line_1_16' title="bbox 209 1371 1146 1445; baseline 0 -20"><span class='ocrx_word' id='word_1_104' title='bbox 209 1373 382 1441; x_wconf 82' lang='grc' dir='ltr'>φίλων</span> <span class='ocrx_word' id='word_1_105' title='bbox 416 1374 511 1425; x_wconf 75' lang='grc' dir='ltr'><strong>καὶ</strong></span> <span class='ocrx_word' id='word_1_106' title='bbox 547 1373 792 1445; x_wconf 74' lang='grc' dir='ltr'>συνήθων</span> <span class='ocrx_word' id='word_1_107' title='bbox 820 1371 1146 1443; x_wconf 82' lang='grc' dir='ltr'>ἐγνώρισεν;</span> 
     </span>
    </p>
   </div>
   <div class='ocr_carea' id='block_1_17' title="bbox 1900 475 3480 551">
    <p class='ocr_par' dir='ltr' id='par_1_17' title="bbox 1900 475 3480 551">
     <span class='ocr_line' id='line_1_17' title="bbox 1900 475 3480 551; baseline 0.013 -25"><span class='ocrx_word' id='word_1_108' title='bbox 1900 486 2021 526; x_wconf 89' lang='lat' dir='ltr'><strong>cum</strong></span> <span class='ocrx_word' id='word_1_109' title='bbox 2080 488 2169 527; x_wconf 92' lang='lat' dir='ltr'><strong>res</strong></span> <span class='ocrx_word' id='word_1_110' title='bbox 2218 475 2335 544; x_wconf 86' lang='lat' dir='ltr'><strong>ejus</strong></span> <span class='ocrx_word' id='word_1_111' title='bbox 2390 480 2625 533; x_wconf 88' lang='lat' dir='ltr'><strong>nomlum</strong></span> <span class='ocrx_word' id='word_1_112' title='bbox 2680 491 2885 550; x_wconf 64' lang='lat' dir='ltr'><strong>pacatae</strong></span> <span class='ocrx_word' id='word_1_113' title='bbox 2937 495 3141 551; x_wconf 85' lang='lat' dir='ltr'><strong>essent,</strong></span> <span class='ocrx_word' id='word_1_114' title='bbox 3192 503 3258 543; x_wconf 86' lang='lat' dir='ltr'><strong>ac</strong></span> <span class='ocrx_word' id='word_1_115' title='bbox 3302 491 3480 547; x_wconf 90' lang='lat' dir='ltr'><strong>adhuc</strong></span> 
     </span>
    </p>
   </div>
   <div class='ocr_carea' id='block_1_18' title="bbox 1903 563 3479 651">
    <p class='ocr_par' dir='ltr' id='par_1_18' title="bbox 1903 563 3479 651">
     <span class='ocr_line' id='line_1_18' title="bbox 1903 563 3479 651; baseline 0.017 -40"><span class='ocrx_word' id='word_1_116' title='bbox 1903 563 2271 629; x_wconf 86' lang='lat' dir='ltr'><strong>turbarentur,</strong></span> <span class='ocrx_word' id='word_1_117' title='bbox 2299 568 2573 625; x_wconf 90' lang='lat' dir='ltr'><strong>desiderio</strong></span> <span class='ocrx_word' id='word_1_118' title='bbox 2613 587 2733 627; x_wconf 92' lang='lat' dir='ltr'><strong>meo</strong></span> <span class='ocrx_word' id='word_1_119' title='bbox 2760 573 2971 630; x_wconf 98' lang='lat' dir='ltr'><strong>frenum</strong></span> <span class='ocrx_word' id='word_1_120' title='bbox 3013 576 3189 644; x_wconf 89' lang='lat' dir='ltr'><strong>injeci,</strong></span> <span class='ocrx_word' id='word_1_121' title='bbox 3219 580 3479 651; x_wconf 81' lang='lat' dir='ltr'><strong>domique</strong></span> 
     </span>
    </p>
   </div>
   <div class='ocr_carea' id='block_1_19' title="bbox 1903 658 3476 743">
    <p class='ocr_par' dir='ltr' id='par_1_19' title="bbox 1903 658 3476 743">
     <span class='ocr_line' id='line_1_19' title="bbox 1903 658 3476 743; baseline 0.015 -37"><span class='ocrx_word' id='word_1_122' title='bbox 1903 670 1987 707; x_wconf 90' lang='lat' dir='ltr'><strong>me</strong></span> <span class='ocrx_word' id='word_1_123' title='bbox 2018 658 2282 712; x_wconf 77' lang='lat' dir='ltr'><strong>continui.</strong></span> <span class='ocrx_word' id='word_1_124' title='bbox 2314 660 2431 726; x_wconf 85' lang='lat' dir='ltr'><strong>Quo</strong></span> <span class='ocrx_word' id='word_1_125' title='bbox 2465 664 2679 717; x_wconf 87' lang='lat' dir='ltr'><strong>nomine</strong></span> <span class='ocrx_word' id='word_1_126' title='bbox 2702 682 2913 721; x_wconf 91' lang='lat' dir='ltr'><strong>mecum</strong></span> <span class='ocrx_word' id='word_1_127' title='bbox 2942 670 3158 737; x_wconf 87' lang='lat' dir='ltr'><strong>quidem</strong></span> <span class='ocrx_word' id='word_1_128' title='bbox 3196 673 3281 726; x_wconf 91' lang='lat' dir='ltr'><strong>ille</strong></span> <span class='ocrx_word' id='word_1_129' title='bbox 3308 689 3476 743; x_wconf 80' lang='lat' dir='ltr'><strong>expo-</strong></span> 
     </span>
    </p>
   </div>
   <div class='ocr_carea' id='block_1_20' title="bbox 1900 747 3477 831">
    <p class='ocr_par' dir='ltr' id='par_1_20' title="bbox 1900 747 3477 831">
     <span class='ocr_line' id='line_1_20' title="bbox 1900 747 3477 831; baseline 0.012 -30"><span class='ocrx_word' id='word_1_130' title='bbox 1900 747 2143 813; x_wconf 88' lang='lat' dir='ltr'><strong>stulavit,</strong></span> <span class='ocrx_word' id='word_1_131' title='bbox 2181 762 2432 807; x_wconf 68' lang='lat' dir='ltr'><strong>caeterum</strong></span> <span class='ocrx_word' id='word_1_132' title='bbox 2459 756 2672 810; x_wconf 82' lang='lat' dir='ltr'><strong>veniam</strong></span> <span class='ocrx_word' id='word_1_133' title='bbox 2704 759 2866 812; x_wconf 86' lang='lat' dir='ltr'><strong>dedit.</strong></span> <span class='ocrx_word' id='word_1_134' title='bbox 2904 760 2980 815; x_wconf 82' lang='lat' dir='ltr'><strong>Ac</strong></span> <span class='ocrx_word' id='word_1_135' title='bbox 3003 774 3211 831; x_wconf 81' lang='lat' dir='ltr'><strong>poSIea,</strong></span> <span class='ocrx_word' id='word_1_136' title='bbox 3243 780 3365 819; x_wconf 89' lang='lat' dir='ltr'><strong>cum</strong></span> <span class='ocrx_word' id='word_1_137' title='bbox 3408 768 3477 820; x_wconf 86' lang='lat' dir='ltr'><strong>ad</strong></span> 
     </span>
    </p>
   </div>
   <div class='ocr_carea' id='block_1_21' title="bbox 1902 842 3477 914">
    <p class='ocr_par' dir='ltr' id='par_1_21' title="bbox 1902 842 3477 914">
     <span class='ocr_line' id='line_1_21' title="bbox 1902 842 3477 914; baseline 0.011 -21"><span class='ocrx_word' id='word_1_138' title='bbox 1902 853 2024 893; x_wconf 88' lang='lat' dir='ltr'><strong>eum</strong></span> <span class='ocrx_word' id='word_1_139' title='bbox 2079 842 2365 909; x_wconf 82' lang='lat' dir='ltr'><strong>venissem,</strong></span> <span class='ocrx_word' id='word_1_140' title='bbox 2423 854 2584 914; x_wconf 87' lang='lat' dir='ltr'><strong>atque</strong></span> <span class='ocrx_word' id='word_1_141' title='bbox 2635 850 2821 903; x_wconf 87' lang='lat' dir='ltr'><strong>eadem</strong></span> <span class='ocrx_word' id='word_1_142' title='bbox 2878 852 2943 905; x_wconf 91' lang='lat' dir='ltr'><strong>de</strong></span> <span class='ocrx_word' id='word_1_143' title='bbox 2994 868 3153 908; x_wconf 88' lang='lat' dir='ltr'><strong>causa</strong></span> <span class='ocrx_word' id='word_1_144' title='bbox 3207 857 3477 911; x_wconf 76' lang='lat' dir='ltr'><strong>cathedra:</strong></span> 
     </span>
    </p>
   </div>
   <div class='ocr_carea' id='block_1_22' title="bbox 1907 928 3478 1013">
    <p class='ocr_par' dir='ltr' id='par_1_22' title="bbox 1907 928 3478 1013">
     <span class='ocr_line' id='line_1_22' title="bbox 1907 928 3478 1013; baseline 0.013 -32"><span class='ocrx_word' id='word_1_145' title='bbox 1907 928 2193 994; x_wconf 87' lang='lat' dir='ltr'><strong>h0norem,</strong></span> <span class='ocrx_word' id='word_1_146' title='bbox 2220 932 2680 1005; x_wconf 89' lang='lat' dir='ltr'><strong>insignioremque</strong></span> <span class='ocrx_word' id='word_1_147' title='bbox 2711 938 2851 994; x_wconf 87' lang='lat' dir='ltr'><strong>inter</strong></span> <span class='ocrx_word' id='word_1_148' title='bbox 2885 945 3228 1013; x_wconf 70' lang='lat' dir='ltr'><strong>presbyteros</strong></span> <span class='ocrx_word' id='word_1_149' title='bbox 3260 947 3478 1002; x_wconf 82' lang='lat' dir='ltr'><strong>honoris</strong></span> 
     </span>
    </p>
   </div>
   <div class='ocr_carea' id='block_1_23' title="bbox 1906 1017 3474 1088">
    <p class='ocr_par' dir='ltr' id='par_1_23' title="bbox 1906 1017 3474 1088">
     <span class='ocr_line' id='line_1_23' title="bbox 1906 1017 3474 1088; baseline 0.013 -20"><span class='ocrx_word' id='word_1_150' title='bbox 1906 1017 2076 1071; x_wconf 83' lang='lat' dir='ltr'><strong>locum</strong></span> <span class='ocrx_word' id='word_1_151' title='bbox 2126 1035 2482 1088; x_wconf 89' lang='lat' dir='ltr'><strong>rccusassem,</strong></span> <span class='ocrx_word' id='word_1_152' title='bbox 2534 1041 2639 1082; x_wconf 91' lang='lat' dir='ltr'><strong>non</strong></span> <span class='ocrx_word' id='word_1_153' title='bbox 2692 1029 2850 1083; x_wconf 89' lang='lat' dir='ltr'><strong>modo</strong></span> <span class='ocrx_word' id='word_1_154' title='bbox 2893 1045 3071 1085; x_wconf 88' lang='lat' dir='ltr'><strong>meum</strong></span> <span class='ocrx_word' id='word_1_155' title='bbox 3122 1033 3222 1087; x_wconf 90' lang='lat' dir='ltr'><strong>hoc</strong></span> <span class='ocrx_word' id='word_1_156' title='bbox 3275 1034 3474 1088; x_wconf 87' lang='lat' dir='ltr'><strong>factum</strong></span> 
     </span>
    </p>
   </div>
   <div class='ocr_carea' id='block_1_24' title="bbox 1903 1108 3474 1190">
    <p class='ocr_par' dir='ltr' id='par_1_24' title="bbox 1903 1108 3474 1190">
     <span class='ocr_line' id='line_1_24' title="bbox 1903 1108 3474 1190; baseline 0.013 -32"><span class='ocrx_word' id='word_1_157' title='bbox 1903 1121 2008 1161; x_wconf 85' lang='lat' dir='ltr'><strong>non</strong></span> <span class='ocrx_word' id='word_1_158' title='bbox 2051 1108 2340 1175; x_wconf 69' lang='lat' dir='ltr'><strong>incursavit,</strong></span> <span class='ocrx_word' id='word_1_159' title='bbox 2374 1113 2467 1167; x_wconf 89' lang='lat' dir='ltr'><strong>sed</strong></span> <span class='ocrx_word' id='word_1_160' title='bbox 2511 1115 2696 1179; x_wconf 89' lang='lat' dir='ltr'><strong>etiam,</strong></span> <span class='ocrx_word' id='word_1_161' title='bbox 2736 1126 2793 1170; x_wconf 91' lang='lat' dir='ltr'><strong>ut</strong></span> <span class='ocrx_word' id='word_1_162' title='bbox 2827 1118 3029 1185; x_wconf 91' lang='lat' dir='ltr'><strong>debuit,</strong></span> <span class='ocrx_word' id='word_1_163' title='bbox 3062 1124 3474 1190; x_wconf 82' lang='lat' dir='ltr'><strong>comprobavit;</strong></span> 
     </span>
    </p>
   </div>
   <div class='ocr_carea' id='block_1_25' title="bbox 1904 1202 3474 1279">
    <p class='ocr_par' dir='ltr' id='par_1_25' title="bbox 1904 1202 3474 1279">
     <span class='ocr_line' id='line_1_25' title="bbox 1904 1202 3474 1279; baseline 0.013 -31"><span class='ocrx_word' id='word_1_164' title='bbox 1904 1205 2069 1265; x_wconf 85' lang='lat' dir='ltr'><strong>atque</strong></span> <span class='ocrx_word' id='word_1_165' title='bbox 2098 1214 2126 1251; x_wconf 90' lang='lat' dir='ltr'><strong>a</strong></span> <span class='ocrx_word' id='word_1_166' title='bbox 2159 1202 2452 1265; x_wconf 88' lang='lat' dir='ltr'><strong>nonnullis,</strong></span> <span class='ocrx_word' id='word_1_167' title='bbox 2485 1205 2575 1273; x_wconf 86' lang='lat' dir='ltr'><strong>qui</strong></span> <span class='ocrx_word' id='word_1_168' title='bbox 2614 1207 2841 1262; x_wconf 80' lang='lat' dir='ltr'><strong>rationis</strong></span> <span class='ocrx_word' id='word_1_169' title='bbox 2875 1210 3043 1277; x_wconf 86' lang='lat' dir='ltr'><strong>ipsius</strong></span> <span class='ocrx_word' id='word_1_170' title='bbox 3088 1212 3257 1278; x_wconf 82' lang='lat' dir='ltr'><strong>ignari</strong></span> <span class='ocrx_word' id='word_1_171' title='bbox 3297 1225 3474 1279; x_wconf 86' lang='lat' dir='ltr'><strong>erant,</strong></span> 
     </span>
    </p>
   </div>
   <div class='ocr_carea' id='block_1_26' title="bbox 1907 1287 3472 1371">
    <p class='ocr_par' dir='ltr' id='par_1_26' title="bbox 1907 1287 3472 1371">
     <span class='ocr_line' id='line_1_26' title="bbox 1907 1287 3472 1371; baseline 0.014 -32"><span class='ocrx_word' id='word_1_172' title='bbox 1907 1287 2080 1343; x_wconf 86' lang='lat' dir='ltr'><strong>fastus</strong></span> <span class='ocrx_word' id='word_1_173' title='bbox 2138 1291 2436 1348; x_wconf 89' lang='lat' dir='ltr'><strong>insimulari</strong></span> <span class='ocrx_word' id='word_1_174' title='bbox 2500 1296 2727 1365; x_wconf 88' lang='lat' dir='ltr'><strong>maluit,</strong></span> <span class='ocrx_word' id='word_1_175' title='bbox 2791 1315 2951 1369; x_wconf 89' lang='lat' dir='ltr'><strong>quam</strong></span> <span class='ocrx_word' id='word_1_176' title='bbox 3013 1302 3215 1371; x_wconf 89' lang='lat' dir='ltr'><strong>aliquid</strong></span> <span class='ocrx_word' id='word_1_177' title='bbox 3267 1304 3472 1370; x_wconf 84' lang='lat' dir='ltr'><strong>facere,</strong></span> 
     </span>
    </p>
   </div>
   <div class='ocr_carea' id='block_1_27' title="bbox 1902 1382 3480 1459">
    <p class='ocr_par' dir='ltr' id='par_1_27' title="bbox 1902 1382 3480 1459">
     <span class='ocr_line' id='line_1_27' title="bbox 1902 1382 3480 1459; baseline 0.013 -28"><span class='ocrx_word' id='word_1_178' title='bbox 1902 1382 2044 1449; x_wconf 91' lang='lat' dir='ltr'><strong>quod</strong></span> <span class='ocrx_word' id='word_1_179' title='bbox 2105 1384 2302 1438; x_wconf 85' lang='lat' dir='ltr'><strong>rationi</strong></span> <span class='ocrx_word' id='word_1_180' title='bbox 2356 1388 2705 1459; x_wconf 86' lang='lat' dir='ltr'><strong>consiliisque</strong></span> <span class='ocrx_word' id='word_1_181' title='bbox 2768 1392 2879 1447; x_wconf 89' lang='lat' dir='ltr'><strong>suis</strong></span> <span class='ocrx_word' id='word_1_182' title='bbox 2939 1393 3338 1450; x_wconf 81' lang='lat' dir='ltr'><strong>adversaretur.</strong></span> <span class='ocrx_word' id='word_1_183' title='bbox 3407 1399 3480 1452; x_wconf 82' lang='lat' dir='ltr'><strong>At</strong></span> 
     </span>
    </p>
   </div>
   <div class='ocr_carea' id='block_1_28' title="bbox 209 1466 3478 1546">
    <p class='ocr_par' dir='ltr' id='par_1_28' title="bbox 209 1466 3478 1546">
     <span class='ocr_line' id='line_1_28' title="bbox 209 1466 3478 1546; baseline 0.009 -30"><span class='ocrx_word' id='word_1_184' title='bbox 209 1474 381 1527; x_wconf 89' lang='lat' dir='ltr'><strong>certe,</strong></span> <span class='ocrx_word' id='word_1_185' title='bbox 438 1478 673 1531; x_wconf 88' lang='lat' dir='ltr'><strong>quonam</strong></span> <span class='ocrx_word' id='word_1_186' title='bbox 725 1466 883 1519; x_wconf 90' lang='lat' dir='ltr'><strong>modo</strong></span> <span class='ocrx_word' id='word_1_187' title='bbox 943 1470 1263 1525; x_wconf 90' lang='lat' dir='ltr'><strong>luculentius</strong></span> <span class='ocrx_word' id='word_1_188' title='bbox 1314 1472 1585 1541; x_wconf 88' lang='lat' dir='ltr'><strong>specimen</strong></span> <span class='ocrx_word' id='word_1_189' title='bbox 1636 1472 1794 1526; x_wconf 90' lang='lat' dir='ltr'><strong>edere</strong></span> <span class='ocrx_word' id='word_1_190' title='bbox 1832 1476 2094 1541; x_wconf 90' lang='lat' dir='ltr'><strong>potuisset</strong></span> <span class='ocrx_word' id='word_1_191' title='bbox 2129 1479 2294 1533; x_wconf 87' lang='lat' dir='ltr'><strong>animi</strong></span> <span class='ocrx_word' id='word_1_192' title='bbox 2360 1482 2424 1535; x_wconf 90' lang='lat' dir='ltr'><strong>ah</strong></span> <span class='ocrx_word' id='word_1_193' title='bbox 2464 1484 2606 1536; x_wconf 92' lang='lat' dir='ltr'><strong>omni</strong></span> <span class='ocrx_word' id='word_1_194' title='bbox 2653 1486 2962 1542; x_wconf 80' lang='lat' dir='ltr'><strong>adulatione</strong></span> <span class='ocrx_word' id='word_1_195' title='bbox 3023 1497 3077 1542; x_wconf 91' lang='lat' dir='ltr'><strong>et</strong></span> <span class='ocrx_word' id='word_1_196' title='bbox 3108 1493 3478 1546; x_wconf 83' lang='lat' dir='ltr'><strong>assentatione</strong></span> 
     </span>
    </p>
   </div>
   <div class='ocr_carea' id='block_1_29' title="bbox 208 1554 3480 1643">
    <p class='ocr_par' dir='ltr' id='par_1_29' title="bbox 208 1554 3480 1643">
     <span class='ocr_line' id='line_1_29' title="bbox 208 1554 3480 1643; baseline 0.009 -37"><span class='ocrx_word' id='word_1_197' title='bbox 208 1554 396 1619; x_wconf 85' lang='lat' dir='ltr'><strong>alieni,</strong></span> <span class='ocrx_word' id='word_1_198' title='bbox 429 1554 711 1624; x_wconf 85' lang='lat' dir='ltr'><strong>solamque</strong></span> <span class='ocrx_word' id='word_1_199' title='bbox 737 1556 953 1613; x_wconf 86' lang='lat' dir='ltr'><strong>honesti</strong></span> <span class='ocrx_word' id='word_1_200' title='bbox 998 1560 1169 1631; x_wconf 85' lang='lat' dir='ltr'><strong>legem</strong></span> <span class='ocrx_word' id='word_1_201' title='bbox 1221 1563 1493 1625; x_wconf 88' lang='lat' dir='ltr'><strong>intuentis,</strong></span> <span class='ocrx_word' id='word_1_202' title='bbox 1531 1578 1692 1629; x_wconf 89' lang='lat' dir='ltr'><strong>quam</strong></span> <span class='ocrx_word' id='word_1_203' title='bbox 1725 1564 1796 1618; x_wconf 90' lang='lat' dir='ltr'><strong>ita</strong></span> <span class='ocrx_word' id='word_1_204' title='bbox 1836 1564 1901 1617; x_wconf 91' lang='lat' dir='ltr'><strong>de</strong></span> <span class='ocrx_word' id='word_1_205' title='bbox 1926 1566 2104 1632; x_wconf 90' lang='lat' dir='ltr'><strong>nobis,</strong></span> <span class='ocrx_word' id='word_1_206' title='bbox 2142 1582 2278 1637; x_wconf 88' lang='lat' dir='ltr'><strong>quos</strong></span> <span class='ocrx_word' id='word_1_207' title='bbox 2346 1570 2400 1625; x_wconf 87' lang='lat' dir='ltr'><strong>in</strong></span> <span class='ocrx_word' id='word_1_208' title='bbox 2461 1574 2855 1643; x_wconf 65' lang='lat' dir='ltr'><strong>praecipuorum</strong></span> <span class='ocrx_word' id='word_1_209' title='bbox 2892 1579 3191 1633; x_wconf 88' lang='lat' dir='ltr'><strong>amicorum</strong></span> <span class='ocrx_word' id='word_1_210' title='bbox 3218 1589 3271 1634; x_wconf 88' lang='lat' dir='ltr'><strong>et</strong></span> <span class='ocrx_word' id='word_1_211' title='bbox 3319 1580 3480 1634; x_wconf 80' lang='lat' dir='ltr'><strong>fami-</strong></span> 
     </span>
    </p>
   </div>
   <div class='ocr_carea' id='block_1_30' title="bbox 208 1644 1605 1719">
    <p class='ocr_par' dir='ltr' id='par_1_30' title="bbox 208 1644 1605 1719">
     <span class='ocr_line' id='line_1_30' title="bbox 208 1644 1605 1719; baseline 0.005 -21"><span class='ocrx_word' id='word_1_212' title='bbox 208 1644 424 1699; x_wconf 89' lang='lat' dir='ltr'><strong>liarium</strong></span> <span class='ocrx_word' id='word_1_213' title='bbox 469 1645 587 1700; x_wconf 88' lang='lat' dir='ltr'><strong>loco</strong></span> <span class='ocrx_word' id='word_1_214' title='bbox 624 1662 957 1719; x_wconf 87' lang='lat' dir='ltr'><strong>numeroque</strong></span> <span class='ocrx_word' id='word_1_215' title='bbox 990 1652 1200 1714; x_wconf 86' lang='lat' dir='ltr'><strong>habuit,</strong></span> <span class='ocrx_word' id='word_1_216' title='bbox 1234 1653 1605 1706; x_wconf 87' lang='lat' dir='ltr'><strong>constituens?</strong></span> 
     </span>
    </p>
   </div>
   <div class='ocr_carea' id='block_1_31' title="bbox 277 1738 1811 1827">
    <p class='ocr_par' dir='ltr' id='par_1_31' title="bbox 277 1738 1790 1815">
     <span class='ocr_line' id='line_1_31' title="bbox 277 1738 1790 1815; baseline 0.003 -21"><span class='ocrx_word' id='word_1_217' title='bbox 277 1742 368 1794; x_wconf 82' lang='lat' dir='ltr'><strong>M&#39;.</strong></span> <span class='ocrx_word' id='word_1_218' title='bbox 406 1738 671 1804; x_wconf 81' lang='grc' dir='ltr'>Ἔπειτα,</span> <span class='ocrx_word' id='word_1_219' title='bbox 702 1744 762 1795; x_wconf 82' lang='grc' dir='ltr'><strong>τὸ</strong></span> <span class='ocrx_word' id='word_1_220' title='bbox 796 1746 1084 1809; x_wconf 79' lang='grc' dir='ltr'>στασιάζον</span> <span class='ocrx_word' id='word_1_221' title='bbox 1114 1746 1249 1814; x_wconf 80' lang='grc' dir='ltr'>πρὸς</span> <span class='ocrx_word' id='word_1_222' title='bbox 1275 1747 1466 1799; x_wconf 73' lang='grc' dir='ltr'>ἑαυτὸν</span> <span class='ocrx_word' id='word_1_223' title='bbox 1504 1746 1790 1815; x_wconf 84' lang='grc' dir='ltr'>μαλάσσει,</span> 
     </span>
    </p>
   </div>
   <div class='ocr_carea' id='block_1_32' title="bbox 1898 1738 3477 1827">
    <p class='ocr_par' dir='ltr' id='par_1_32' title="bbox 1964 1747 3477 1827">
     <span class='ocr_line' id='line_1_32' title="bbox 1964 1747 3477 1827; baseline 0.008 -26"><span class='ocrx_word' id='word_1_224' title='bbox 1964 1747 2078 1803; x_wconf 82' lang='lat' dir='ltr'><strong>XL.</strong></span> <span class='ocrx_word' id='word_1_225' title='bbox 2122 1750 2345 1814; x_wconf 90' lang='lat' dir='ltr'><strong>Deinde,</strong></span> <span class='ocrx_word' id='word_1_226' title='bbox 2371 1765 2484 1816; x_wconf 91' lang='lat' dir='ltr'><strong>eos,</strong></span> <span class='ocrx_word' id='word_1_227' title='bbox 2510 1753 2599 1821; x_wconf 93' lang='lat' dir='ltr'><strong>qui</strong></span> <span class='ocrx_word' id='word_1_228' title='bbox 2626 1756 2693 1808; x_wconf 87' lang='lat' dir='ltr'><strong>ab</strong></span> <span class='ocrx_word' id='word_1_229' title='bbox 2723 1756 2839 1823; x_wconf 92' lang='lat' dir='ltr'><strong>ipso</strong></span> <span class='ocrx_word' id='word_1_230' title='bbox 2879 1756 3229 1824; x_wconf 75' lang='lat' dir='ltr'><strong>dissidebant,</strong></span> <span class='ocrx_word' id='word_1_231' title='bbox 3250 1760 3477 1827; x_wconf 91' lang='lat' dir='ltr'><strong>emollit,</strong></span> 
     </span>
    </p>
   </div>
   <div class='ocr_carea' id='block_1_33' title="bbox 208 1833 1798 1913">
    <p class='ocr_par' dir='ltr' id='par_1_33' title="bbox 208 1833 1798 1913">
     <span class='ocr_line' id='line_1_33' title="bbox 208 1833 1798 1913; baseline 0.006 -28"><span class='ocrx_word' id='word_1_232' title='bbox 208 1834 300 1886; x_wconf 69' lang='grc' dir='ltr'><strong>καὶ</strong></span> <span class='ocrx_word' id='word_1_233' title='bbox 329 1833 628 1903; x_wconf 79' lang='grc' dir='ltr'>θεραπεύει</span> <span class='ocrx_word' id='word_1_234' title='bbox 656 1835 833 1902; x_wconf 78' lang='grc' dir='ltr'>λόγοις</span> <span class='ocrx_word' id='word_1_235' title='bbox 858 1838 1106 1907; x_wconf 75' lang='grc' dir='ltr'>ἰατρικῆς</span> <span class='ocrx_word' id='word_1_236' title='bbox 1131 1838 1553 1910; x_wconf 75' lang='grc' dir='ltr'>μεγαλόφρονος.</span> <span class='ocrx_word' id='word_1_237' title='bbox 1585 1841 1658 1893; x_wconf 82' lang='grc' dir='ltr'><strong>Οὐ</strong></span> <span class='ocrx_word' id='word_1_238' title='bbox 1690 1841 1798 1913; x_wconf 86' lang='grc' dir='ltr'>γὰρ</span> 
     </span>
    </p>
   </div>
   <div class='ocr_carea' id='block_1_34' title="bbox 208 1924 1798 1997">
    <p class='ocr_par' dir='ltr' id='par_1_34' title="bbox 208 1924 1798 1997">
     <span class='ocr_line' id='line_1_34' title="bbox 208 1924 1798 1997; baseline 0.004 -22"><span class='ocrx_word' id='word_1_239' title='bbox 208 1924 589 1987; x_wconf 76' lang='grc' dir='ltr'>θωπευτικῶς,</span> <span class='ocrx_word' id='word_1_240' title='bbox 613 1925 731 1978; x_wconf 74' lang='grc' dir='ltr'>οὐδὲ</span> <span class='ocrx_word' id='word_1_241' title='bbox 760 1926 1128 1997; x_wconf 84' lang='grc' dir='ltr'>ἀνελευθέρως</span> <span class='ocrx_word' id='word_1_242' title='bbox 1163 1928 1319 1982; x_wconf 87' lang='grc' dir='ltr'>τοῦτο</span> <span class='ocrx_word' id='word_1_243' title='bbox 1345 1932 1508 1993; x_wconf 86' lang='grc' dir='ltr'>ποιεῖ,</span> <span class='ocrx_word' id='word_1_244' title='bbox 1541 1930 1675 1983; x_wconf 77' lang='grc' dir='ltr'>ἀλλὰ</span> <span class='ocrx_word' id='word_1_245' title='bbox 1706 1931 1798 1983; x_wconf 80' lang='grc' dir='ltr'><strong>καὶ</strong></span> 
     </span>
    </p>
   </div>
   <div class='ocr_carea' id='block_1_35' title="bbox 207 2016 1799 2089">
    <p class='ocr_par' dir='ltr' id='par_1_35' title="bbox 207 2016 1799 2089">
     <span class='ocr_line' id='line_1_35' title="bbox 207 2016 1799 2089; baseline 0.004 -20"><span class='ocrx_word' id='word_1_246' title='bbox 207 2016 326 2070; x_wconf 81' lang='grc' dir='ltr'>λίαν</span> <span class='ocrx_word' id='word_1_247' title='bbox 361 2016 628 2080; x_wconf 81' lang='grc' dir='ltr'>νεανικῶς</span> <span class='ocrx_word' id='word_1_248' title='bbox 667 2017 759 2070; x_wconf 79' lang='grc' dir='ltr'><strong>καὶ</strong></span> <span class='ocrx_word' id='word_1_249' title='bbox 804 2019 1266 2089; x_wconf 79' lang='grc' dir='ltr'>μεγαλοπρεπῶς,</span> <span class='ocrx_word' id='word_1_250' title='bbox 1298 2021 1372 2085; x_wconf 87' lang='grc' dir='ltr'>ὼς</span> <span class='ocrx_word' id='word_1_251' title='bbox 1408 2022 1472 2075; x_wconf 80' lang='grc' dir='ltr'><strong>ἀν</strong></span> <span class='ocrx_word' id='word_1_252' title='bbox 1517 2040 1601 2086; x_wconf 86' lang='grc' dir='ltr'><strong>τις</strong></span> <span class='ocrx_word' id='word_1_253' title='bbox 1645 2022 1705 2075; x_wconf 83' lang='grc' dir='ltr'><strong>ού</strong></span> <span class='ocrx_word' id='word_1_254' title='bbox 1738 2022 1799 2075; x_wconf 85' lang='grc' dir='ltr'><strong>τὸ</strong></span> 
     </span>
    </p>
   </div>
   <div class='ocr_carea' id='block_1_36' title="bbox 205 2107 1799 2183">
    <p class='ocr_par' dir='ltr' id='par_1_36' title="bbox 205 2107 1799 2183">
     <span class='ocr_line' id='line_1_36' title="bbox 205 2107 1799 2183; baseline 0.003 -24"><span class='ocrx_word' id='word_1_255' title='bbox 205 2107 384 2178; x_wconf 79' lang='grc' dir='ltr'>παρὸν</span> <span class='ocrx_word' id='word_1_256' title='bbox 412 2107 631 2160; x_wconf 81' lang='grc' dir='ltr'>σκοπῶν</span> <span class='ocrx_word' id='word_1_257' title='bbox 658 2109 836 2177; x_wconf 76' lang='grc' dir='ltr'>μόνον,</span> <span class='ocrx_word' id='word_1_258' title='bbox 869 2109 1003 2162; x_wconf 85' lang='grc' dir='ltr'><strong>άλλά</strong></span> <span class='ocrx_word' id='word_1_259' title='bbox 1036 2111 1130 2164; x_wconf 77' lang='grc' dir='ltr'><strong>καὶ</strong></span> <span class='ocrx_word' id='word_1_260' title='bbox 1163 2111 1259 2181; x_wconf 80' lang='grc' dir='ltr'>τὴν</span> <span class='ocrx_word' id='word_1_261' title='bbox 1290 2112 1587 2183; x_wconf 76' lang='grc' dir='ltr'>μέλλουσαν</span> <span class='ocrx_word' id='word_1_262' title='bbox 1616 2113 1799 2165; x_wconf 80' lang='grc' dir='ltr'>εὐπεί-</span> 
     </span>
    </p>
   </div>
   <div class='ocr_carea' id='block_1_37' title="bbox 207 2185 1795 2272">
    <p class='ocr_par' dir='ltr' id='par_1_37' title="bbox 207 2185 1795 2272">
     <span class='ocr_line' id='line_1_37' title="bbox 207 2185 1795 2272; baseline 0.005 -23"><span class='ocrx_word' id='word_1_263' title='bbox 207 2196 363 2249; x_wconf 78' lang='grc' dir='ltr'>θειαν</span> <span class='ocrx_word' id='word_1_264' title='bbox 410 2198 731 2267; x_wconf 58' lang='grc' dir='ltr'>οἰκονομῶν.</span> <span class='ocrx_word' id='word_1_265' title='bbox 790 2197 962 2269; x_wconf 86' lang='grc' dir='ltr'>Ὁρῶν</span> <span class='ocrx_word' id='word_1_266' title='bbox 1005 2199 1111 2271; x_wconf 85' lang='grc' dir='ltr'>γὰρ</span> <span class='ocrx_word' id='word_1_267' title='bbox 1161 2185 1275 2269; x_wconf 59' lang='lat' dir='ltr'><strong>(SI)</strong></span> <span class='ocrx_word' id='word_1_268' title='bbox 1324 2203 1385 2254; x_wconf 70' lang='grc' dir='ltr'>τὺ</span> <span class='ocrx_word' id='word_1_269' title='bbox 1436 2203 1533 2272; x_wconf 76' lang='grc' dir='ltr'><strong>μὲν</strong></span> <span class='ocrx_word' id='word_1_270' title='bbox 1567 2204 1795 2266; x_wconf 70' lang='grc' dir='ltr'>ἁπαλὸν,</span> 
     </span>
    </p>
   </div>
   <div class='ocr_carea' id='block_1_38' title="bbox 205 2288 1798 2364">
    <p class='ocr_par' dir='ltr' id='par_1_38' title="bbox 205 2288 1798 2364">
     <span class='ocr_line' id='line_1_38' title="bbox 205 2288 1798 2364; baseline 0.004 -22"><span class='ocrx_word' id='word_1_271' title='bbox 205 2289 435 2342; x_wconf 75' lang='grc' dir='ltr'>ἔκλυτον</span> <span class='ocrx_word' id='word_1_272' title='bbox 481 2288 573 2341; x_wconf 76' lang='grc' dir='ltr'>καὶ</span> <span class='ocrx_word' id='word_1_273' title='bbox 614 2289 945 2359; x_wconf 73' lang='grc' dir='ltr'>μαλακίξον,</span> <span class='ocrx_word' id='word_1_274' title='bbox 992 2290 1052 2342; x_wconf 80' lang='grc' dir='ltr'>τὸ</span> <span class='ocrx_word' id='word_1_275' title='bbox 1098 2291 1154 2344; x_wconf 76' lang='grc' dir='ltr'>δὲ</span> <span class='ocrx_word' id='word_1_276' title='bbox 1188 2293 1494 2364; x_wconf 81' lang='grc' dir='ltr'>αὐστηρὸν,</span> <span class='ocrx_word' id='word_1_277' title='bbox 1529 2295 1798 2364; x_wconf 74' lang='grc' dir='ltr'>τραχῦνον</span> 
     </span>
    </p>
   </div>
   <div class='ocr_carea' id='block_1_39' title="bbox 206 2379 1796 2455">
    <p class='ocr_par' dir='ltr' id='par_1_39' title="bbox 206 2379 1796 2455">
     <span class='ocr_line' id='line_1_39' title="bbox 206 2379 1796 2455; baseline 0.001 -21"><span class='ocrx_word' id='word_1_278' title='bbox 206 2383 300 2435; x_wconf 78' lang='grc' dir='ltr'><strong>καὶ</strong></span> <span class='ocrx_word' id='word_1_279' title='bbox 338 2379 747 2445; x_wconf 81' lang='grc' dir='ltr'>ἀπαυθαδιάζον</span> <span class='ocrx_word' id='word_1_280' title='bbox 781 2380 916 2450; x_wconf 77' lang='grc'><strong>(55),</strong></span> <span class='ocrx_word' id='word_1_281' title='bbox 943 2382 1276 2452; x_wconf 76' lang='grc' dir='ltr'>ἀμφοτέροις</span> <span class='ocrx_word' id='word_1_282' title='bbox 1309 2382 1494 2453; x_wconf 84' lang='grc' dir='ltr'>βοηθεῖ</span> <span class='ocrx_word' id='word_1_283' title='bbox 1521 2384 1588 2436; x_wconf 90' lang='grc' dir='ltr'>δι’</span> <span class='ocrx_word' id='word_1_284' title='bbox 1634 2385 1796 2455; x_wconf 85' lang='grc' dir='ltr'>ἀλλή-</span> 
     </span>
    </p>
   </div>
   <div class='ocr_carea' id='block_1_40' title="bbox 205 2474 1796 2545">
    <p class='ocr_par' dir='ltr' id='par_1_40' title="bbox 205 2474 1796 2545">
     <span class='ocr_line' id='line_1_40' title="bbox 205 2474 1796 2545; baseline 0.003 -20"><span class='ocrx_word' id='word_1_285' title='bbox 205 2474 341 2527; x_wconf 86' lang='grc' dir='ltr'>λων·</span> <span class='ocrx_word' id='word_1_286' title='bbox 382 2474 659 2543; x_wconf 74' lang='grc' dir='ltr'>ἐπιεικείᾳ</span> <span class='ocrx_word' id='word_1_287' title='bbox 710 2474 808 2543; x_wconf 89' lang='grc' dir='ltr'>μὲν</span> <span class='ocrx_word' id='word_1_288' title='bbox 837 2474 896 2526; x_wconf 86' lang='grc' dir='ltr'><strong>τὸ</strong></span> <span class='ocrx_word' id='word_1_289' title='bbox 924 2475 1245 2536; x_wconf 79' lang='grc' dir='ltr'>ἀντιτυπὲς.</span> <span class='ocrx_word' id='word_1_290' title='bbox 1293 2476 1611 2545; x_wconf 75' lang='grc' dir='ltr'>στερρότητι</span> <span class='ocrx_word' id='word_1_291' title='bbox 1651 2476 1796 2529; x_wconf 78' lang='grc' dir='ltr'>δὲτὸ</span> 
     </span>
    </p>
   </div>
   <div class='ocr_carea' id='block_1_41' title="bbox 203 2565 1793 2639">
    <p class='ocr_par' dir='ltr' id='par_1_41' title="bbox 203 2565 1793 2639">
     <span class='ocr_line' id='line_1_41' title="bbox 203 2565 1793 2639; baseline 0 -19"><span class='ocrx_word' id='word_1_292' title='bbox 203 2566 415 2620; x_wconf 80' lang='grc' dir='ltr'>ἁπαλὸν</span> <span class='ocrx_word' id='word_1_293' title='bbox 451 2565 862 2638; x_wconf 76' lang='grc' dir='ltr'>κερασάμενοςο</span> <span class='ocrx_word' id='word_1_294' title='bbox 892 2566 1048 2634; x_wconf 86' lang='grc' dir='ltr'>ὀλίγα</span> <span class='ocrx_word' id='word_1_295' title='bbox 1085 2567 1183 2636; x_wconf 80' lang='grc' dir='ltr'><strong>μὲν</strong></span> <span class='ocrx_word' id='word_1_296' title='bbox 1225 2567 1384 2635; x_wconf 88' lang='grc' dir='ltr'>λόγου</span> <span class='ocrx_word' id='word_1_297' title='bbox 1419 2568 1793 2639; x_wconf 69' lang='grc' dir='ltr'>προσδεηθεὶς,</span> 
     </span>
    </p>
   </div>
   <div class='ocr_carea' id='block_1_42' title="bbox 204 2657 1795 2731">
    <p class='ocr_par' dir='ltr' id='par_1_42' title="bbox 204 2657 1795 2731">
     <span class='ocr_line' id='line_1_42' title="bbox 204 2657 1795 2731; baseline 0.002 -21"><span class='ocrx_word' id='word_1_298' title='bbox 204 2658 353 2728; x_wconf 76' lang='grc' dir='ltr'>ἔργῳ</span> <span class='ocrx_word' id='word_1_299' title='bbox 385 2658 441 2710; x_wconf 83' lang='grc' dir='ltr'><strong>δὲ</strong></span> <span class='ocrx_word' id='word_1_300' title='bbox 484 2657 555 2710; x_wconf 77' lang='grc' dir='ltr'>τὰ</span> <span class='ocrx_word' id='word_1_301' title='bbox 596 2658 768 2711; x_wconf 87' lang='grc' dir='ltr'>πλείω</span> <span class='ocrx_word' id='word_1_302' title='bbox 798 2658 1046 2727; x_wconf 70' lang='grc' dir='ltr'>δυνηθεὶς</span> <span class='ocrx_word' id='word_1_303' title='bbox 1075 2659 1213 2729; x_wconf 83' lang='grc' dir='ltr'>πρὸς</span> <span class='ocrx_word' id='word_1_304' title='bbox 1247 2660 1344 2729; x_wconf 81' lang='grc' dir='ltr'>τὴν</span> <span class='ocrx_word' id='word_1_305' title='bbox 1373 2659 1702 2731; x_wconf 77' lang='grc' dir='ltr'>θεραπείαν·</span> <span class='ocrx_word' id='word_1_306' title='bbox 1734 2661 1795 2714; x_wconf 81' lang='grc' dir='ltr'><strong>ού</strong></span> 
     </span>
    </p>
   </div>
   <div class='ocr_carea' id='block_1_43' title="bbox 203 2747 1794 2820">
    <p class='ocr_par' dir='ltr' id='par_1_43' title="bbox 203 2747 1794 2820">
     <span class='ocr_line' id='line_1_43' title="bbox 203 2747 1794 2820; baseline 0.003 -21"><span class='ocrx_word' id='word_1_307' title='bbox 203 2748 370 2818; x_wconf 78' lang='grc' dir='ltr'>τέχνῃ</span> <span class='ocrx_word' id='word_1_308' title='bbox 414 2747 790 2818; x_wconf 76' lang='grc' dir='ltr'>δουλούμενος,</span> <span class='ocrx_word' id='word_1_309' title='bbox 839 2748 954 2801; x_wconf 75' lang='grc' dir='ltr'>ἀλλ’</span> <span class='ocrx_word' id='word_1_310' title='bbox 984 2749 1167 2819; x_wconf 74' lang='grc' dir='ltr'>εὐνοίᾳ</span> <span class='ocrx_word' id='word_1_311' title='bbox 1213 2750 1695 2820; x_wconf 74' lang='grc' dir='ltr'>σφετεριζόμενος·</span> <span class='ocrx_word' id='word_1_312' title='bbox 1734 2752 1794 2803; x_wconf 77' lang='grc' dir='ltr'><strong>οὐ</strong></span> 
     </span>
    </p>
   </div>
   <div class='ocr_carea' id='block_1_44' title="bbox 202 2838 1793 2912">
    <p class='ocr_par' dir='ltr' id='par_1_44' title="bbox 202 2838 1793 2912">
     <span class='ocr_line' id='line_1_44' title="bbox 202 2838 1793 2912; baseline 0.003 -21"><span class='ocrx_word' id='word_1_313' title='bbox 202 2838 499 2909; x_wconf 71' lang='grc' dir='ltr'>δυναστεία</span> <span class='ocrx_word' id='word_1_314' title='bbox 519 2840 628 2907; x_wconf 83' lang='grc'><strong>(56)</strong></span> <span class='ocrx_word' id='word_1_315' title='bbox 658 2838 1101 2911; x_wconf 83' lang='grc' dir='ltr'>προσχρώμενος,</span> <span class='ocrx_word' id='word_1_316' title='bbox 1128 2840 1263 2893; x_wconf 78' lang='grc' dir='ltr'>ἀλλὰ</span> <span class='ocrx_word' id='word_1_317' title='bbox 1287 2841 1364 2911; x_wconf 79' lang='grc' dir='ltr'>τῷ</span> <span class='ocrx_word' id='word_1_318' title='bbox 1385 2841 1643 2894; x_wconf 85' lang='grc' dir='ltr'>δύνασθαι</span> <span class='ocrx_word' id='word_1_319' title='bbox 1673 2842 1793 2912; x_wconf 81' lang='grc' dir='ltr'>μὲν.</span> 
     </span>
    </p>
   </div>
   <div class='ocr_carea' id='block_1_45' title="bbox 204 2929 1796 3003">
    <p class='ocr_par' dir='ltr' id='par_1_45' title="bbox 204 2929 1796 3003">
     <span class='ocr_line' id='line_1_45' title="bbox 204 2929 1796 3003; baseline 0.001 -21"><span class='ocrx_word' id='word_1_320' title='bbox 204 2929 491 2999; x_wconf 82' lang='grc' dir='ltr'>φείδεσθαι</span> <span class='ocrx_word' id='word_1_321' title='bbox 519 2930 576 2983; x_wconf 75' lang='grc' dir='ltr'>δὲ</span> <span class='ocrx_word' id='word_1_322' title='bbox 606 2931 1035 3001; x_wconf 83' lang='grc' dir='ltr'>προσαγόμενος.</span> <span class='ocrx_word' id='word_1_323' title='bbox 1069 2932 1142 2985; x_wconf 78' lang='grc' dir='ltr'>Τὸ</span> <span class='ocrx_word' id='word_1_324' title='bbox 1172 2932 1228 2985; x_wconf 83' lang='grc' dir='ltr'>δὲ</span> <span class='ocrx_word' id='word_1_325' title='bbox 1258 2932 1369 3003; x_wconf 82' lang='grc'><strong>(57)</strong></span> <span class='ocrx_word' id='word_1_326' title='bbox 1416 2932 1693 3002; x_wconf 81' lang='grc' dir='ltr'>μέγιστον,</span> <span class='ocrx_word' id='word_1_327' title='bbox 1718 2932 1796 3001; x_wconf 82' lang='grc' dir='ltr'>τῷ</span> 
     </span>
    </p>
   </div>
   <div class='ocr_carea' id='block_1_46' title="bbox 206 3018 1793 3094">
    <p class='ocr_par' dir='ltr' id='par_1_46' title="bbox 206 3018 1793 3094">
     <span class='ocr_line' id='line_1_46' title="bbox 206 3018 1793 3094; baseline 0.003 -25"><span class='ocrx_word' id='word_1_328' title='bbox 206 3018 422 3081; x_wconf 82' lang='grc' dir='ltr'>πάντας</span> <span class='ocrx_word' id='word_1_329' title='bbox 451 3019 717 3089; x_wconf 79' lang='grc' dir='ltr'>ἡττᾶσθαι</span> <span class='ocrx_word' id='word_1_330' title='bbox 748 3021 847 3091; x_wconf 84' lang='grc' dir='ltr'>τῆς</span> <span class='ocrx_word' id='word_1_331' title='bbox 882 3020 1045 3073; x_wconf 78' lang='grc' dir='ltr'>αὑτοῦ</span> <span class='ocrx_word' id='word_1_332' title='bbox 1079 3021 1337 3086; x_wconf 86' lang='grc' dir='ltr'>διανοίας,</span> <span class='ocrx_word' id='word_1_333' title='bbox 1370 3021 1465 3075; x_wconf 72' lang='grc' dir='ltr'>καὶ</span> <span class='ocrx_word' id='word_1_334' title='bbox 1499 3021 1793 3094; x_wconf 82' lang='grc' dir='ltr'>ἀπρόσιτον</span> 
     </span>
    </p>
   </div>
   <div class='ocr_carea' id='block_1_47' title="bbox 1900 1839 3475 1907">
    <p class='ocr_par' dir='ltr' id='par_1_47' title="bbox 1900 1839 3475 1907">
     <span class='ocr_line' id='line_1_47' title="bbox 1900 1839 3475 1907; baseline 0.01 -16"><span class='ocrx_word' id='word_1_335' title='bbox 1900 1855 1962 1892; x_wconf 89' lang='lat' dir='ltr'><strong>ac</strong></span> <span class='ocrx_word' id='word_1_336' title='bbox 1995 1839 2243 1896; x_wconf 90' lang='lat' dir='ltr'><strong>sublimis</strong></span> <span class='ocrx_word' id='word_1_337' title='bbox 2290 1849 2343 1894; x_wconf 90' lang='lat' dir='ltr'><strong>et</strong></span> <span class='ocrx_word' id='word_1_338' title='bbox 2376 1842 2599 1907; x_wconf 68' lang='lat' dir='ltr'><strong>excelsa:</strong></span> <span class='ocrx_word' id='word_1_339' title='bbox 2635 1845 2914 1900; x_wconf 65' lang='lat' dir='ltr'><strong>medicinae</strong></span> <span class='ocrx_word' id='word_1_340' title='bbox 2961 1848 3259 1904; x_wconf 84' lang='lat' dir='ltr'><strong>rationibus</strong></span> <span class='ocrx_word' id='word_1_341' title='bbox 3301 1860 3475 1906; x_wconf 90' lang='lat' dir='ltr'><strong>curat.</strong></span> 
     </span>
    </p>
   </div>
   <div class='ocr_carea' id='block_1_48' title="bbox 1900 1929 3480 2007">
    <p class='ocr_par' dir='ltr' id='par_1_48' title="bbox 1900 1929 3480 2007">
     <span class='ocr_line' id='line_1_48' title="bbox 1900 1929 3480 2007; baseline 0.007 -24"><span class='ocrx_word' id='word_1_342' title='bbox 1900 1929 2014 1983; x_wconf 87' lang='lat' dir='ltr'><strong>Non</strong></span> <span class='ocrx_word' id='word_1_343' title='bbox 2047 1931 2189 1984; x_wconf 92' lang='lat' dir='ltr'><strong>enim</strong></span> <span class='ocrx_word' id='word_1_344' title='bbox 2223 1930 2523 1988; x_wconf 90' lang='lat' dir='ltr'><strong>adulatorie</strong></span> <span class='ocrx_word' id='word_1_345' title='bbox 2551 1949 2618 1987; x_wconf 91' lang='lat' dir='ltr'><strong>ac</strong></span> <span class='ocrx_word' id='word_1_346' title='bbox 2647 1937 2937 1999; x_wconf 87' lang='lat' dir='ltr'><strong>serviliter,</strong></span> <span class='ocrx_word' id='word_1_347' title='bbox 2971 1938 3061 1991; x_wconf 90' lang='lat' dir='ltr'><strong>sed</strong></span> <span class='ocrx_word' id='word_1_348' title='bbox 3090 1953 3343 2007; x_wconf 88' lang='lat' dir='ltr'><strong>perquam</strong></span> <span class='ocrx_word' id='word_1_349' title='bbox 3368 1942 3480 1995; x_wconf 81' lang='lat' dir='ltr'><strong>for-</strong></span> 
     </span>
    </p>
   </div>
   <div class='ocr_carea' id='block_1_49' title="bbox 1906 2020 3479 2097">
    <p class='ocr_par' dir='ltr' id='par_1_49' title="bbox 1906 2020 3479 2097">
     <span class='ocr_line' id='line_1_49' title="bbox 1906 2020 3479 2097; baseline 0.007 -23"><span class='ocrx_word' id='word_1_350' title='bbox 1906 2022 2032 2074; x_wconf 89' lang='lat' dir='ltr'><strong>titer</strong></span> <span class='ocrx_word' id='word_1_351' title='bbox 2063 2029 2113 2073; x_wconf 89' lang='lat' dir='ltr'><strong>et</strong></span> <span class='ocrx_word' id='word_1_352' title='bbox 2144 2020 2426 2090; x_wconf 73' lang='lat' dir='ltr'><strong>magnifice</strong></span> <span class='ocrx_word' id='word_1_353' title='bbox 2473 2022 2575 2077; x_wconf 93' lang='lat' dir='ltr'><strong>hoc</strong></span> <span class='ocrx_word' id='word_1_354' title='bbox 2628 2023 2791 2090; x_wconf 81' lang='lat' dir='ltr'><strong>facit,</strong></span> <span class='ocrx_word' id='word_1_355' title='bbox 2831 2027 3007 2094; x_wconf 90' lang='lat' dir='ltr'><strong>utqui</strong></span> <span class='ocrx_word' id='word_1_356' title='bbox 3046 2042 3149 2081; x_wconf 90' lang='lat' dir='ltr'><strong>non</strong></span> <span class='ocrx_word' id='word_1_357' title='bbox 3194 2032 3479 2097; x_wconf 68' lang='lat' dir='ltr'><strong>prmseatis</strong></span> 
     </span>
    </p>
   </div>
   <div class='ocr_carea' id='block_1_50' title="bbox 1903 2112 3475 2182">
    <p class='ocr_par' dir='ltr' id='par_1_50' title="bbox 1903 2112 3475 2182">
     <span class='ocr_line' id='line_1_50' title="bbox 1903 2112 3475 2182; baseline 0.005 -16"><span class='ocrx_word' id='word_1_358' title='bbox 1903 2112 2076 2166; x_wconf 78' lang='lat' dir='ltr'><strong>solum</strong></span> <span class='ocrx_word' id='word_1_359' title='bbox 2115 2113 2374 2181; x_wconf 89' lang='lat' dir='ltr'><strong>temporis</strong></span> <span class='ocrx_word' id='word_1_360' title='bbox 2415 2114 2679 2169; x_wconf 87' lang='lat' dir='ltr'><strong>rationem</strong></span> <span class='ocrx_word' id='word_1_361' title='bbox 2714 2116 2969 2182; x_wconf 90' lang='lat' dir='ltr'><strong>haberet,</strong></span> <span class='ocrx_word' id='word_1_362' title='bbox 3005 2119 3098 2173; x_wconf 87' lang='lat' dir='ltr'><strong>sed</strong></span> <span class='ocrx_word' id='word_1_363' title='bbox 3132 2120 3294 2174; x_wconf 89' lang='lat' dir='ltr'><strong>etiam</strong></span> <span class='ocrx_word' id='word_1_364' title='bbox 3327 2121 3475 2174; x_wconf 79' lang='lat' dir='ltr'><strong>fatu-</strong></span> 
     </span>
    </p>
   </div>
   <div class='ocr_carea' id='block_1_51' title="bbox 1899 2200 3475 2277">
    <p class='ocr_par' dir='ltr' id='par_1_51' title="bbox 1899 2200 3475 2277">
     <span class='ocr_line' id='line_1_51' title="bbox 1899 2200 3475 2277; baseline 0.006 -23"><span class='ocrx_word' id='word_1_365' title='bbox 1899 2216 2013 2254; x_wconf 85' lang='lat' dir='ltr'><strong>ram</strong></span> <span class='ocrx_word' id='word_1_366' title='bbox 2048 2200 2408 2255; x_wconf 91' lang='lat' dir='ltr'><strong>obedientiam</strong></span> <span class='ocrx_word' id='word_1_367' title='bbox 2444 2214 2789 2271; x_wconf 67' lang='lat' dir='ltr'><strong>procuraret.</strong></span> <span class='ocrx_word' id='word_1_368' title='bbox 2819 2205 2950 2260; x_wconf 85' lang='lat' dir='ltr'><strong>Nam</strong></span> <span class='ocrx_word' id='word_1_369' title='bbox 2977 2223 3098 2261; x_wconf 87' lang='lat' dir='ltr'><strong>cum</strong></span> <span class='ocrx_word' id='word_1_370' title='bbox 3127 2210 3475 2277; x_wconf 83' lang='lat' dir='ltr'><strong>perspiceret,</strong></span> 
     </span>
    </p>
   </div>
   <div class='ocr_carea' id='block_1_52' title="bbox 1898 2296 3477 2364">
    <p class='ocr_par' dir='ltr' id='par_1_52' title="bbox 1898 2296 3477 2364">
     <span class='ocr_line' id='line_1_52' title="bbox 1898 2296 3477 2364; baseline 0.004 -14"><span class='ocrx_word' id='word_1_371' title='bbox 1898 2296 2232 2350; x_wconf 87' lang='lat' dir='ltr'><strong>subditorum</strong></span> <span class='ocrx_word' id='word_1_372' title='bbox 2272 2296 2484 2350; x_wconf 86' lang='lat' dir='ltr'><strong>animos</strong></span> <span class='ocrx_word' id='word_1_373' title='bbox 2527 2296 2752 2353; x_wconf 89' lang='lat' dir='ltr'><strong>mollitie</strong></span> <span class='ocrx_word' id='word_1_374' title='bbox 2786 2302 3065 2364; x_wconf 81' lang='lat' dir='ltr'><strong>enervari,</strong></span> <span class='ocrx_word' id='word_1_375' title='bbox 3100 2310 3155 2356; x_wconf 92' lang='lat' dir='ltr'><strong>et</strong></span> <span class='ocrx_word' id='word_1_376' title='bbox 3190 2302 3351 2356; x_wconf 88' lang='lat' dir='ltr'><strong>nimia</strong></span> <span class='ocrx_word' id='word_1_377' title='bbox 3381 2318 3477 2357; x_wconf 83' lang='lat' dir='ltr'><strong>au-</strong></span> 
     </span>
    </p>
   </div>
   <div class='ocr_carea' id='block_1_53' title="bbox 1896 2384 3479 2461">
    <p class='ocr_par' dir='ltr' id='par_1_53' title="bbox 1896 2384 3479 2461">
     <span class='ocr_line' id='line_1_53' title="bbox 1896 2384 3479 2461; baseline 0.006 -23"><span class='ocrx_word' id='word_1_378' title='bbox 1896 2384 2143 2439; x_wconf 81' lang='lat' dir='ltr'><strong>steritate</strong></span> <span class='ocrx_word' id='word_1_379' title='bbox 2184 2400 2407 2454; x_wconf 89' lang='lat' dir='ltr'><strong>asperos</strong></span> <span class='ocrx_word' id='word_1_380' title='bbox 2448 2394 2611 2454; x_wconf 89' lang='lat' dir='ltr'><strong>atque</strong></span> <span class='ocrx_word' id='word_1_381' title='bbox 2643 2394 2986 2442; x_wconf 87' lang='lat' dir='ltr'><strong>contumaces</strong></span> <span class='ocrx_word' id='word_1_382' title='bbox 3026 2390 3216 2454; x_wconf 91' lang='lat' dir='ltr'><strong>reddi,</strong></span> <span class='ocrx_word' id='word_1_383' title='bbox 3264 2393 3479 2461; x_wconf 90' lang='lat' dir='ltr'><strong>utrique</strong></span> 
     </span>
    </p>
   </div>
   <div class='ocr_carea' id='block_1_54' title="bbox 1899 2475 3474 2544">
    <p class='ocr_par' dir='ltr' id='par_1_54' title="bbox 1899 2475 3474 2544">
     <span class='ocr_line' id='line_1_54' title="bbox 1899 2475 3474 2544; baseline 0.008 -17"><span class='ocrx_word' id='word_1_384' title='bbox 1899 2476 2039 2529; x_wconf 90' lang='lat' dir='ltr'><strong>malo</strong></span> <span class='ocrx_word' id='word_1_385' title='bbox 2069 2491 2166 2544; x_wconf 93' lang='lat' dir='ltr'><strong>per</strong></span> <span class='ocrx_word' id='word_1_386' title='bbox 2192 2475 2421 2530; x_wconf 90' lang='lat' dir='ltr'><strong>alterum</strong></span> <span class='ocrx_word' id='word_1_387' title='bbox 2452 2477 2727 2541; x_wconf 84' lang='lat' dir='ltr'><strong>medetur,</strong></span> <span class='ocrx_word' id='word_1_388' title='bbox 2758 2478 3008 2533; x_wconf 86' lang='lat' dir='ltr'><strong>duritiam</strong></span> <span class='ocrx_word' id='word_1_389' title='bbox 3042 2481 3294 2535; x_wconf 87' lang='lat' dir='ltr'><strong>nimirum</strong></span> <span class='ocrx_word' id='word_1_390' title='bbox 3322 2499 3474 2538; x_wconf 82' lang='lat' dir='ltr'><strong>man-</strong></span> 
     </span>
    </p>
   </div>
   <div class='ocr_carea' id='block_1_55' title="bbox 1907 2565 3481 2641">
    <p class='ocr_par' dir='ltr' id='par_1_55' title="bbox 1907 2565 3481 2641">
     <span class='ocr_line' id='line_1_55' title="bbox 1907 2565 3481 2641; baseline 0.006 -23"><span class='ocrx_word' id='word_1_391' title='bbox 1907 2566 2192 2621; x_wconf 80' lang='lat' dir='ltr'><strong>suetudine</strong></span> <span class='ocrx_word' id='word_1_392' title='bbox 2223 2574 2278 2620; x_wconf 90' lang='lat' dir='ltr'><strong>et</strong></span> <span class='ocrx_word' id='word_1_393' title='bbox 2328 2565 2611 2629; x_wconf 83' lang='lat' dir='ltr'><strong>facilitate,</strong></span> <span class='ocrx_word' id='word_1_394' title='bbox 2662 2567 2940 2621; x_wconf 88' lang='lat' dir='ltr'><strong>mollitiem</strong></span> <span class='ocrx_word' id='word_1_395' title='bbox 2998 2579 3178 2625; x_wconf 87' lang='lat' dir='ltr'><strong>autem</strong></span> <span class='ocrx_word' id='word_1_396' title='bbox 3213 2573 3481 2641; x_wconf 74' lang='lat' dir='ltr'><strong>gravitate</strong></span> 
     </span>
    </p>
   </div>
   <div class='ocr_carea' id='block_1_56' title="bbox 1895 2655 3479 2726">
    <p class='ocr_par' dir='ltr' id='par_1_56' title="bbox 1895 2655 3479 2726">
     <span class='ocr_line' id='line_1_56' title="bbox 1895 2655 3479 2726; baseline 0.005 -16"><span class='ocrx_word' id='word_1_397' title='bbox 1895 2668 2056 2726; x_wconf 88' lang='lat' dir='ltr'><strong>atque</strong></span> <span class='ocrx_word' id='word_1_398' title='bbox 2102 2655 2269 2710; x_wconf 83' lang='lat' dir='ltr'><strong>animi</strong></span> <span class='ocrx_word' id='word_1_399' title='bbox 2306 2656 2561 2710; x_wconf 87' lang='lat' dir='ltr'><strong>firmitate</strong></span> <span class='ocrx_word' id='word_1_400' title='bbox 2594 2666 2939 2726; x_wconf 86' lang='lat' dir='ltr'><strong>temperans;</strong></span> <span class='ocrx_word' id='word_1_401' title='bbox 2977 2673 3227 2715; x_wconf 87' lang='lat' dir='ltr'><strong>sermone</strong></span> <span class='ocrx_word' id='word_1_402' title='bbox 3262 2663 3327 2717; x_wconf 87' lang='lat' dir='ltr'><strong>ad</strong></span> <span class='ocrx_word' id='word_1_403' title='bbox 3356 2664 3479 2718; x_wconf 83' lang='lat' dir='ltr'><strong>ani-</strong></span> 
     </span>
    </p>
   </div>
   <div class='ocr_carea' id='block_1_57' title="bbox 1899 2749 3482 2824">
    <p class='ocr_par' dir='ltr' id='par_1_57' title="bbox 1899 2749 3482 2824">
     <span class='ocr_line' id='line_1_57' title="bbox 1899 2749 3482 2824; baseline 0.006 -21"><span class='ocrx_word' id='word_1_404' title='bbox 1899 2766 2105 2804; x_wconf 78' lang='lat' dir='ltr'><strong>tuarum</strong></span> <span class='ocrx_word' id='word_1_405' title='bbox 2149 2750 2487 2804; x_wconf 88' lang='lat' dir='ltr'><strong>curationem</strong></span> <span class='ocrx_word' id='word_1_406' title='bbox 2543 2750 2682 2802; x_wconf 85' lang='lat' dir='ltr'><strong>haud</strong></span> <span class='ocrx_word' id='word_1_407' title='bbox 2728 2749 2953 2803; x_wconf 90' lang='lat' dir='ltr'><strong>multum</strong></span> <span class='ocrx_word' id='word_1_408' title='bbox 2986 2751 3268 2822; x_wconf 81' lang='lat' dir='ltr'><strong>indigens,</strong></span> <span class='ocrx_word' id='word_1_409' title='bbox 3317 2770 3482 2824; x_wconf 82' lang='lat' dir='ltr'><strong>opere</strong></span> 
     </span>
    </p>
   </div>
   <div class='ocr_carea' id='block_1_58' title="bbox 1895 2841 3479 2910">
    <p class='ocr_par' dir='ltr' id='par_1_58' title="bbox 1895 2841 3479 2910">
     <span class='ocr_line' id='line_1_58' title="bbox 1895 2841 3479 2910; baseline 0.004 -19"><span class='ocrx_word' id='word_1_410' title='bbox 1895 2857 2055 2910; x_wconf 83' lang='lat' dir='ltr'><strong>qnam</strong></span> <span class='ocrx_word' id='word_1_411' title='bbox 2101 2841 2333 2910; x_wconf 89' lang='lat' dir='ltr'><strong>plurima</strong></span> <span class='ocrx_word' id='word_1_412' title='bbox 2364 2841 2688 2909; x_wconf 87' lang='lat' dir='ltr'><strong>perliciens;</strong></span> <span class='ocrx_word' id='word_1_413' title='bbox 2727 2856 2831 2894; x_wconf 91' lang='lat' dir='ltr'><strong>non</strong></span> <span class='ocrx_word' id='word_1_414' title='bbox 2869 2841 3063 2895; x_wconf 89' lang='lat' dir='ltr'><strong>callido</strong></span> <span class='ocrx_word' id='word_1_415' title='bbox 3103 2844 3335 2898; x_wconf 84' lang='lat' dir='ltr'><strong>artificio</strong></span> <span class='ocrx_word' id='word_1_416' title='bbox 3382 2844 3479 2897; x_wconf 91' lang='lat' dir='ltr'><strong>ho-</strong></span> 
     </span>
    </p>
   </div>
   <div class='ocr_carea' id='block_1_59' title="bbox 1896 2928 3471 2999">
    <p class='ocr_par' dir='ltr' id='par_1_59' title="bbox 1896 2928 3471 2999">
     <span class='ocr_line' id='line_1_59' title="bbox 1896 2928 3471 2999; baseline 0.002 -15"><span class='ocrx_word' id='word_1_417' title='bbox 1896 2933 2066 2985; x_wconf 90' lang='lat' dir='ltr'><strong>mines</strong></span> <span class='ocrx_word' id='word_1_418' title='bbox 2116 2930 2392 2999; x_wconf 81' lang='lat' dir='ltr'><strong>subigens,</strong></span> <span class='ocrx_word' id='word_1_419' title='bbox 2442 2929 2534 2982; x_wconf 91' lang='lat' dir='ltr'><strong>sed</strong></span> <span class='ocrx_word' id='word_1_420' title='bbox 2576 2928 2945 2984; x_wconf 89' lang='lat' dir='ltr'><strong>benevolentia</strong></span> <span class='ocrx_word' id='word_1_421' title='bbox 2993 2930 3095 2985; x_wconf 91' lang='lat' dir='ltr'><strong>sibi</strong></span> <span class='ocrx_word' id='word_1_422' title='bbox 3132 2932 3471 2996; x_wconf 87' lang='lat' dir='ltr'><strong>concilians;</strong></span> 
     </span>
    </p>
   </div>
   <div class='ocr_carea' id='block_1_60' title="bbox 1897 3019 3473 3089">
    <p class='ocr_par' dir='ltr' id='par_1_60' title="bbox 1897 3019 3473 3089">
     <span class='ocr_line' id='line_1_60' title="bbox 1897 3019 3473 3089; baseline 0.001 -15"><span class='ocrx_word' id='word_1_423' title='bbox 1897 3035 1997 3075; x_wconf 89' lang='lat' dir='ltr'><strong>nec</strong></span> <span class='ocrx_word' id='word_1_424' title='bbox 2027 3019 2232 3089; x_wconf 90' lang='lat' dir='ltr'><strong>imperii</strong></span> <span class='ocrx_word' id='word_1_425' title='bbox 2266 3025 2529 3087; x_wconf 87' lang='lat' dir='ltr'><strong>potestate</strong></span> <span class='ocrx_word' id='word_1_426' title='bbox 2564 3026 2720 3071; x_wconf 89' lang='lat' dir='ltr'><strong>utens</strong></span> <span class='ocrx_word' id='word_1_427' title='bbox 2741 3057 2756 3082; x_wconf 92' lang='lat'><strong>,</strong></span> <span class='ocrx_word' id='word_1_428' title='bbox 2801 3020 2894 3074; x_wconf 81' lang='lat' dir='ltr'><strong>sed</strong></span> <span class='ocrx_word' id='word_1_429' title='bbox 2923 3034 3019 3088; x_wconf 91' lang='lat' dir='ltr'><strong>per</strong></span> <span class='ocrx_word' id='word_1_430' title='bbox 3049 3019 3435 3089; x_wconf 86' lang='lat' dir='ltr'><strong>indulgentiam</strong></span> <span class='ocrx_word' id='word_1_431' title='bbox 3456 3063 3473 3088; x_wconf 95' lang='lat'><strong>,</strong></span> 
     </span>
    </p>
   </div>
   <div class='ocr_carea' id='block_1_61' title="bbox 201 3093 1811 3192">
    <p class='ocr_par' dir='ltr' id='par_1_61' title="bbox 201 3093 1791 3192">
     <span class='ocr_line' id='line_1_61' title="bbox 201 3093 1791 3192; baseline 0.003 -31"><span class='ocrx_word' id='word_1_432' title='bbox 201 3109 403 3161; x_wconf 70' lang='grc' dir='ltr'>εἰδέναι</span> <span class='ocrx_word' id='word_1_433' title='bbox 432 3109 531 3179; x_wconf 79' lang='grc' dir='ltr'><strong>τὴν</strong></span> <span class='ocrx_word' id='word_1_434' title='bbox 563 3110 763 3181; x_wconf 82' lang='grc' dir='ltr'>ἀρετήν</span> <span class='ocrx_word' id='word_1_435' title='bbox 782 3127 798 3140; x_wconf 85' lang='grc'><strong>·</strong></span> <span class='ocrx_word' id='word_1_436' title='bbox 829 3112 921 3165; x_wconf 69' lang='grc' dir='ltr'><strong>καὶ</strong></span> <span class='ocrx_word' id='word_1_437' title='bbox 953 3111 1082 3183; x_wconf 84' lang='grc' dir='ltr'>μίαν</span> <span class='ocrx_word' id='word_1_438' title='bbox 1110 3112 1209 3183; x_wconf 83' lang='grc' dir='ltr'><strong>μὲν</strong></span> <span class='ocrx_word' id='word_1_439' title='bbox 1237 3113 1448 3178; x_wconf 79' lang='grc' dir='ltr'>ἑαυτοῖς</span> <span class='ocrx_word' id='word_1_440' title='bbox 1478 3093 1589 3187; x_wconf 75' lang='grc'><strong>(58)</strong></span> <span class='ocrx_word' id='word_1_441' title='bbox 1619 3137 1791 3192; x_wconf 80' lang='grc' dir='ltr'>σωτη-</span> 
     </span>
    </p>
   </div>
   <div class='ocr_carea' id='block_1_62' title="bbox 1898 3093 3472 3192">
    <p class='ocr_par' dir='ltr' id='par_1_62' title="bbox 1898 3109 3472 3181">
     <span class='ocr_line' id='line_1_62' title="bbox 1898 3109 3472 3181; baseline 0.001 -17"><span class='ocrx_word' id='word_1_442' title='bbox 1898 3126 2055 3181; x_wconf 79' lang='lat' dir='ltr'><strong>qttam</strong></span> <span class='ocrx_word' id='word_1_443' title='bbox 2106 3111 2161 3165; x_wconf 91' lang='lat' dir='ltr'><strong>in</strong></span> <span class='ocrx_word' id='word_1_444' title='bbox 2193 3118 2462 3179; x_wconf 85' lang='lat' dir='ltr'><strong>potestate</strong></span> <span class='ocrx_word' id='word_1_445' title='bbox 2508 3109 2827 3177; x_wconf 88' lang='lat' dir='ltr'><strong>adhibebat,</strong></span> <span class='ocrx_word' id='word_1_446' title='bbox 2876 3124 2970 3165; x_wconf 91' lang='lat' dir='ltr'><strong>eos</strong></span> <span class='ocrx_word' id='word_1_447' title='bbox 3023 3110 3287 3167; x_wconf 88' lang='lat' dir='ltr'><strong>alliciens.</strong></span> <span class='ocrx_word' id='word_1_448' title='bbox 3321 3112 3472 3179; x_wconf 83' lang='lat' dir='ltr'><strong>Quod</strong></span> 
     </span>
    </p>
   </div>
   <div class='ocr_carea' id='block_1_63' title="bbox 202 3199 1794 3282">
    <p class='ocr_par' dir='ltr' id='par_1_63' title="bbox 202 3199 1794 3282">
     <span class='ocr_line' id='line_1_63' title="bbox 202 3199 1794 3282; baseline 0.008 -30"><span class='ocrx_word' id='word_1_449' title='bbox 202 3199 326 3272; x_wconf 79' lang='grc' dir='ltr'>ρίαν</span> <span class='ocrx_word' id='word_1_450' title='bbox 360 3199 652 3269; x_wconf 75' lang='grc' dir='ltr'>ἡγεῖσθαι,</span> <span class='ocrx_word' id='word_1_451' title='bbox 687 3201 748 3253; x_wconf 81' lang='grc' dir='ltr'><strong>τὸ</strong></span> <span class='ocrx_word' id='word_1_452' title='bbox 793 3202 910 3272; x_wconf 84' lang='grc' dir='ltr'>μετ’</span> <span class='ocrx_word' id='word_1_453' title='bbox 959 3204 1167 3257; x_wconf 77' lang='grc' dir='ltr'>ἐκείνου</span> <span class='ocrx_word' id='word_1_454' title='bbox 1206 3222 1265 3258; x_wconf 90' lang='grc' dir='ltr'><strong>τε</strong></span> <span class='ocrx_word' id='word_1_455' title='bbox 1319 3207 1413 3259; x_wconf 77' lang='grc' dir='ltr'>καὶ</span> <span class='ocrx_word' id='word_1_456' title='bbox 1453 3209 1545 3262; x_wconf 83' lang='grc' dir='ltr'>ὑπ’</span> <span class='ocrx_word' id='word_1_457' title='bbox 1601 3212 1794 3282; x_wconf 80' lang='grc' dir='ltr'>ἐκείνῳ</span> 
     </span>
    </p>
   </div>
   <div class='ocr_carea' id='block_1_64' title="bbox 199 3290 1794 3372">
    <p class='ocr_par' dir='ltr' id='par_1_64' title="bbox 199 3290 1794 3372">
     <span class='ocr_line' id='line_1_64' title="bbox 199 3290 1794 3372; baseline 0.008 -28"><span class='ocrx_word' id='word_1_458' title='bbox 199 3290 593 3360; x_wconf 71' lang='grc' dir='ltr'>τετάχθαι,“ἑνα</span> <span class='ocrx_word' id='word_1_459' title='bbox 615 3292 671 3345; x_wconf 84' lang='grc' dir='ltr'>δὲ</span> <span class='ocrx_word' id='word_1_460' title='bbox 698 3293 962 3359; x_wconf 84' lang='grc' dir='ltr'>κίνδυνον,</span> <span class='ocrx_word' id='word_1_461' title='bbox 989 3296 1048 3347; x_wconf 79' lang='grc' dir='ltr'>τὸ</span> <span class='ocrx_word' id='word_1_462' title='bbox 1076 3297 1435 3367; x_wconf 89' lang='grc' dir='ltr'>προσκρούειν</span> <span class='ocrx_word' id='word_1_463' title='bbox 1459 3300 1670 3372; x_wconf 80' lang='grc' dir='ltr'>ἐκείνῳ,</span> <span class='ocrx_word' id='word_1_464' title='bbox 1702 3305 1794 3357; x_wconf 77' lang='grc' dir='ltr'>καὶ</span> 
     </span>
    </p>
   </div>
   <div class='ocr_carea' id='block_1_65' title="bbox 201 3383 1797 3457">
    <p class='ocr_par' dir='ltr' id='par_1_65' title="bbox 201 3383 1797 3457">
     <span class='ocr_line' id='line_1_65' title="bbox 201 3383 1797 3457; baseline 0.006 -20"><span class='ocrx_word' id='word_1_465' title='bbox 201 3383 560 3454; x_wconf 74' lang='grc' dir='ltr'>ἀλλοτρίωσιν</span> <span class='ocrx_word' id='word_1_466' title='bbox 586 3384 694 3437; x_wconf 85' lang='grc' dir='ltr'><strong>ἀπὸ</strong></span> <span class='ocrx_word' id='word_1_467' title='bbox 724 3385 858 3438; x_wconf 89' lang='grc' dir='ltr'>Θεοῦ</span> <span class='ocrx_word' id='word_1_468' title='bbox 899 3386 1140 3456; x_wconf 82' lang='grc' dir='ltr'>νομίζειν</span> <span class='ocrx_word' id='word_1_469' title='bbox 1174 3388 1275 3457; x_wconf 83' lang='grc' dir='ltr'>τὴν</span> <span class='ocrx_word' id='word_1_470' title='bbox 1308 3390 1404 3442; x_wconf 80' lang='grc' dir='ltr'>ἀπ’</span> <span class='ocrx_word' id='word_1_471' title='bbox 1438 3390 1645 3444; x_wconf 77' lang='grc' dir='ltr'>ἐκείνου</span> <span class='ocrx_word' id='word_1_472' title='bbox 1682 3391 1797 3447; x_wconf 84' lang='grc' dir='ltr'>διά-</span> 
     </span>
    </p>
   </div>
   <div class='ocr_carea' id='block_1_66' title="bbox 201 3474 1795 3558">
    <p class='ocr_par' dir='ltr' id='par_1_66' title="bbox 201 3474 1795 3558">
     <span class='ocr_line' id='line_1_66' title="bbox 201 3474 1795 3558; baseline 0.008 -31"><span class='ocrx_word' id='word_1_473' title='bbox 201 3482 425 3529; x_wconf 74' lang='grc' dir='ltr'><strong>στάσιν⁸</strong></span> <span class='ocrx_word' id='word_1_474' title='bbox 462 3474 636 3539; x_wconf 75' lang='grc' dir='ltr'>οὕτως</span> <span class='ocrx_word' id='word_1_475' title='bbox 668 3476 884 3539; x_wconf 76' lang='grc' dir='ltr'>ἑκόντες</span> <span class='ocrx_word' id='word_1_476' title='bbox 916 3478 1279 3550; x_wconf 76' lang='grc' dir='ltr'>ὑπεχώρησαν</span> <span class='ocrx_word' id='word_1_477' title='bbox 1301 3482 1412 3551; x_wconf 82' lang='grc'><strong>(59)</strong></span> <span class='ocrx_word' id='word_1_478' title='bbox 1435 3485 1527 3537; x_wconf 77' lang='grc' dir='ltr'>καὶ</span> <span class='ocrx_word' id='word_1_479' title='bbox 1558 3486 1795 3558; x_wconf 81' lang='grc' dir='ltr'>ἡττήθη-</span> 
     </span>
    </p>
   </div>
   <div class='ocr_carea' id='block_1_67' title="bbox 201 3566 1791 3646">
    <p class='ocr_par' dir='ltr' id='par_1_67' title="bbox 201 3566 1791 3646">
     <span class='ocr_line' id='line_1_67' title="bbox 201 3566 1791 3646; baseline 0.008 -27"><span class='ocrx_word' id='word_1_480' title='bbox 201 3583 301 3619; x_wconf 84' lang='grc' dir='ltr'><strong>σαν</strong></span> <span class='ocrx_word' id='word_1_481' title='bbox 345 3567 483 3635; x_wconf 68' lang='grc'><strong>(40),</strong></span> <span class='ocrx_word' id='word_1_482' title='bbox 526 3568 621 3620; x_wconf 77' lang='grc' dir='ltr'>καὶ</span> <span class='ocrx_word' id='word_1_483' title='bbox 665 3566 742 3631; x_wconf 84' lang='grc' dir='ltr'><strong>ὡς</strong></span> <span class='ocrx_word' id='word_1_484' title='bbox 772 3569 889 3639; x_wconf 58' lang='lat' dir='ltr'><strong>ﬁxa)</strong></span> <span class='ocrx_word' id='word_1_485' title='bbox 930 3569 1161 3641; x_wconf 81' lang='grc' dir='ltr'>βροντῆς</span> <span class='ocrx_word' id='word_1_486' title='bbox 1196 3573 1601 3646; x_wconf 82' lang='grc' dir='ltr'>ὑπεκλίθησαν,</span> <span class='ocrx_word' id='word_1_487' title='bbox 1637 3576 1791 3642; x_wconf 78' lang='grc' dir='ltr'>ἄλλος</span> 
     </span>
    </p>
   </div>
   <div class='ocr_carea' id='block_1_68' title="bbox 199 3657 1792 3741">
    <p class='ocr_par' dir='ltr' id='par_1_68' title="bbox 199 3657 1792 3741">
     <span class='ocr_line' id='line_1_68' title="bbox 199 3657 1792 3741; baseline 0.006 -29"><span class='ocrx_word' id='word_1_488' title='bbox 199 3657 360 3712; x_wconf 79' lang='grc' dir='ltr'>ἀλλον</span> <span class='ocrx_word' id='word_1_489' title='bbox 402 3660 484 3720; x_wconf 77' lang='grc' dir='ltr'><strong>εἰς</strong></span> <span class='ocrx_word' id='word_1_490' title='bbox 517 3658 811 3727; x_wconf 85' lang='grc' dir='ltr'>ἀπολογίαν</span> <span class='ocrx_word' id='word_1_491' title='bbox 860 3661 1298 3731; x_wconf 75' lang='grc' dir='ltr'>προφθάνοντες,</span> <span class='ocrx_word' id='word_1_492' title='bbox 1343 3667 1437 3719; x_wconf 79' lang='grc' dir='ltr'>καὶ</span> <span class='ocrx_word' id='word_1_493' title='bbox 1485 3667 1546 3719; x_wconf 84' lang='grc' dir='ltr'>τὸ</span> <span class='ocrx_word' id='word_1_494' title='bbox 1597 3669 1792 3741; x_wconf 86' lang='grc' dir='ltr'>μέτρον</span> 
     </span>
    </p>
   </div>
   <div class='ocr_carea' id='block_1_69' title="bbox 199 3750 1791 3824">
    <p class='ocr_par' dir='ltr' id='par_1_69' title="bbox 199 3750 1791 3824">
     <span class='ocr_line' id='line_1_69' title="bbox 199 3750 1791 3824; baseline 0.007 -22"><span class='ocrx_word' id='word_1_495' title='bbox 199 3750 299 3819; x_wconf 77' lang='grc' dir='ltr'>τῆς</span> <span class='ocrx_word' id='word_1_496' title='bbox 334 3750 634 3819; x_wconf 83' lang='grc' dir='ltr'>ἀπεχθείας</span> <span class='ocrx_word' id='word_1_497' title='bbox 660 3753 740 3815; x_wconf 82' lang='grc' dir='ltr'><strong>εἰς</strong></span> <span class='ocrx_word' id='word_1_498' title='bbox 772 3753 967 3824; x_wconf 83' lang='grc' dir='ltr'>μέτρον</span> <span class='ocrx_word' id='word_1_499' title='bbox 995 3756 1670 3824; x_wconf 29' lang='grc' dir='ltr'>μετενεγκόντεςνεύνοίας,</span> <span class='ocrx_word' id='word_1_500' title='bbox 1698 3762 1791 3813; x_wconf 69' lang='grc' dir='ltr'>καὶ</span> 
     </span>
    </p>
   </div>
   <div class='ocr_carea' id='block_1_70' title="bbox 199 3841 1790 3919">
    <p class='ocr_par' dir='ltr' id='par_1_70' title="bbox 199 3841 1790 3919">
     <span class='ocr_line' id='line_1_70' title="bbox 199 3841 1790 3919; baseline 0.006 -27"><span class='ocrx_word' id='word_1_501' title='bbox 199 3841 302 3910; x_wconf 82' lang='grc' dir='ltr'>τῆς</span> <span class='ocrx_word' id='word_1_502' title='bbox 330 3842 411 3903; x_wconf 81' lang='grc' dir='ltr'>εἰς</span> <span class='ocrx_word' id='word_1_503' title='bbox 446 3844 647 3912; x_wconf 75' lang='grc' dir='ltr'>ἀρετὴν</span> <span class='ocrx_word' id='word_1_504' title='bbox 692 3844 1008 3907; x_wconf 75' lang='grc' dir='ltr'>ἐπιδόσεως,</span> <span class='ocrx_word' id='word_1_505' title='bbox 1061 3845 1126 3915; x_wconf 83' lang='grc' dir='ltr'>ἣν</span> <span class='ocrx_word' id='word_1_506' title='bbox 1166 3845 1230 3916; x_wconf 85' lang='grc' dir='ltr'>δὴ</span> <span class='ocrx_word' id='word_1_507' title='bbox 1284 3847 1451 3917; x_wconf 82' lang='grc' dir='ltr'>μόνην</span> <span class='ocrx_word' id='word_1_508' title='bbox 1494 3850 1790 3919; x_wconf 86' lang='grc' dir='ltr'>ἀπολογίαν</span> 
     </span>
    </p>
   </div>
   <div class='ocr_carea' id='block_1_71' title="bbox 204 3933 1790 4010">
    <p class='ocr_par' dir='ltr' id='par_1_71' title="bbox 204 3933 1790 4010">
     <span class='ocr_line' id='line_1_71' title="bbox 204 3933 1790 4010; baseline 0.007 -27"><span class='ocrx_word' id='word_1_509' title='bbox 204 3933 571 4004; x_wconf 73' lang='grc' dir='ltr'>ἰσχυροτάτην</span> <span class='ocrx_word' id='word_1_510' title='bbox 593 3933 855 4005; x_wconf 73' lang='grc' dir='ltr'>ηὕρισκον</span> <span class='ocrx_word' id='word_1_511' title='bbox 886 3935 996 4005; x_wconf 77' lang='grc' dir='ltr'><strong>(Η)</strong></span> <span class='ocrx_word' id='word_1_512' title='bbox 1018 3952 1031 3965; x_wconf 70' lang='grc'><strong><em>⁸</em></strong></span> <span class='ocrx_word' id='word_1_513' title='bbox 1067 3936 1205 4007; x_wconf 81' lang='grc' dir='ltr'>πλὴν</span> <span class='ocrx_word' id='word_1_514' title='bbox 1232 3936 1391 4001; x_wconf 75' lang='grc' dir='ltr'>εἴτις</span> <span class='ocrx_word' id='word_1_515' title='bbox 1425 3939 1534 4010; x_wconf 68' lang='lat'><strong>(42)</strong></span> <span class='ocrx_word' id='word_1_516' title='bbox 1570 3940 1658 3993; x_wconf 77' lang='grc' dir='ltr'>διὰ</span> <span class='ocrx_word' id='word_1_517' title='bbox 1692 3958 1790 3994; x_wconf 80' lang='grc' dir='ltr'>καο</span> 
     </span>
    </p>
   </div>
   <div class='ocr_carea' id='block_1_72' title="bbox 201 4025 1789 4100">
    <p class='ocr_par' dir='ltr' id='par_1_72' title="bbox 201 4025 1789 4100">
     <span class='ocr_line' id='line_1_72' title="bbox 201 4025 1789 4100; baseline 0.006 -26"><span class='ocrx_word' id='word_1_518' title='bbox 201 4025 327 4077; x_wconf 82' lang='grc' dir='ltr'>κίαν</span> <span class='ocrx_word' id='word_1_519' title='bbox 361 4025 579 4078; x_wconf 85' lang='grc' dir='ltr'>ἀνίατον</span> <span class='ocrx_word' id='word_1_520' title='bbox 608 4026 854 4098; x_wconf 75' lang='grc' dir='ltr'>ἠμελήθη</span> <span class='ocrx_word' id='word_1_521' title='bbox 891 4029 983 4079; x_wconf 73' lang='grc' dir='ltr'>καὶ</span> <span class='ocrx_word' id='word_1_522' title='bbox 1014 4028 1327 4100; x_wconf 75' lang='grc' dir='ltr'>παρερῤίφη</span> <span class='ocrx_word' id='word_1_523' title='bbox 1363 4031 1495 4099; x_wconf 76' lang='grc'><strong>(43),</strong></span> <span class='ocrx_word' id='word_1_524' title='bbox 1527 4032 1593 4083; x_wconf 78' lang='grc' dir='ltr'>ἵν’</span> <span class='ocrx_word' id='word_1_525' title='bbox 1626 4033 1789 4095; x_wconf 76' lang='grc' dir='ltr'>αὐτὸς</span> 
     </span>
    </p>
   </div>
   <div class='ocr_carea' id='block_1_73' title="bbox 200 4114 1789 4193">
    <p class='ocr_par' dir='ltr' id='par_1_73' title="bbox 200 4114 1789 4193">
     <span class='ocr_line' id='line_1_73' title="bbox 200 4114 1789 4193; baseline 0.007 -28"><span class='ocrx_word' id='word_1_526' title='bbox 200 4115 259 4165; x_wconf 80' lang='grc' dir='ltr'>ὲν</span> <span class='ocrx_word' id='word_1_527' title='bbox 289 4114 472 4184; x_wconf 80' lang='grc' dir='ltr'>ἑαυτῷ</span> <span class='ocrx_word' id='word_1_528' title='bbox 504 4118 759 4188; x_wconf 74' lang='grc' dir='ltr'>συντριϐῇ</span> <span class='ocrx_word' id='word_1_529' title='bbox 792 4118 885 4172; x_wconf 74' lang='grc' dir='ltr'><strong>καὶ</strong></span> <span class='ocrx_word' id='word_1_530' title='bbox 913 4119 1290 4190; x_wconf 83' lang='grc' dir='ltr'>καταναλωθῇ,</span> <span class='ocrx_word' id='word_1_531' title='bbox 1323 4121 1572 4193; x_wconf 85' lang='grc' dir='ltr'>καθάπερ</span> <span class='ocrx_word' id='word_1_532' title='bbox 1603 4122 1677 4186; x_wconf 78' lang='grc' dir='ltr'><strong>ἰὸς</strong></span> <span class='ocrx_word' id='word_1_533' title='bbox 1709 4141 1789 4176; x_wconf 86' lang='grc' dir='ltr'>σι-</span> 
     </span>
    </p>
   </div>
   <div class='ocr_carea' id='block_1_74' title="bbox 198 4205 887 4279">
    <p class='ocr_par' dir='ltr' id='par_1_74' title="bbox 198 4205 887 4279">
     <span class='ocr_line' id='line_1_74' title="bbox 198 4205 887 4279; baseline 0.009 -22"><span class='ocrx_word' id='word_1_534' title='bbox 198 4205 262 4276; x_wconf 81' lang='grc' dir='ltr'>δή</span> <span class='ocrx_word' id='word_1_535' title='bbox 273 4224 355 4277; x_wconf 84' lang='grc' dir='ltr'>ρῳ</span> <span class='ocrx_word' id='word_1_536' title='bbox 382 4207 700 4261; x_wconf 87' lang='grc' dir='ltr'>συνδαπανώ</span> <span class='ocrx_word' id='word_1_537' title='bbox 706 4227 887 4279; x_wconf 88' lang='grc' dir='ltr'>μενος.</span> 
     </span>
    </p>
   </div>
   <div class='ocr_carea' id='block_1_75' title="bbox 1896 3201 3475 3266">
    <p class='ocr_par' dir='ltr' id='par_1_75' title="bbox 1896 3201 3475 3266">
     <span class='ocr_line' id='line_1_75' title="bbox 1896 3201 3475 3266; baseline 0.002 -12"><span class='ocrx_word' id='word_1_538' title='bbox 1896 3213 2070 3258; x_wconf 86' lang='lat' dir='ltr'><strong>autem</strong></span> <span class='ocrx_word' id='word_1_539' title='bbox 2096 3202 2311 3257; x_wconf 83' lang='lat' dir='ltr'><strong>maximi</strong></span> <span class='ocrx_word' id='word_1_540' title='bbox 2344 3201 2598 3255; x_wconf 88' lang='lat' dir='ltr'><strong>momenti</strong></span> <span class='ocrx_word' id='word_1_541' title='bbox 2638 3210 2741 3266; x_wconf 88' lang='lat' dir='ltr'><strong>est,</strong></span> <span class='ocrx_word' id='word_1_542' title='bbox 2771 3215 2960 3256; x_wconf 91' lang='lat' dir='ltr'><strong>omnes</strong></span> <span class='ocrx_word' id='word_1_543' title='bbox 2990 3204 3185 3257; x_wconf 91' lang='lat' dir='ltr'><strong>mentis</strong></span> <span class='ocrx_word' id='word_1_544' title='bbox 3222 3203 3475 3258; x_wconf 88' lang='lat' dir='ltr'><strong>acumine</strong></span> 
     </span>
    </p>
   </div>
   <div class='ocr_carea' id='block_1_76' title="bbox 1896 3292 3474 3364">
    <p class='ocr_par' dir='ltr' id='par_1_76' title="bbox 1896 3292 3474 3364">
     <span class='ocr_line' id='line_1_76' title="bbox 1896 3292 3474 3364; baseline 0 -17"><span class='ocrx_word' id='word_1_545' title='bbox 1896 3295 1996 3364; x_wconf 84' lang='lat' dir='ltr'><strong>ipsi</strong></span> <span class='ocrx_word' id='word_1_546' title='bbox 2026 3294 2308 3359; x_wconf 84' lang='lat' dir='ltr'><strong>cedebant,</strong></span> <span class='ocrx_word' id='word_1_547' title='bbox 2341 3307 2570 3362; x_wconf 88' lang='lat' dir='ltr'><strong>eamque</strong></span> <span class='ocrx_word' id='word_1_548' title='bbox 2600 3292 2767 3363; x_wconf 91' lang='lat' dir='ltr'><strong>ipsius</strong></span> <span class='ocrx_word' id='word_1_549' title='bbox 2798 3292 3048 3346; x_wconf 89' lang='lat' dir='ltr'><strong>virtutem</strong></span> <span class='ocrx_word' id='word_1_550' title='bbox 3089 3307 3209 3347; x_wconf 89' lang='lat' dir='ltr'><strong>esse</strong></span> <span class='ocrx_word' id='word_1_551' title='bbox 3236 3304 3430 3347; x_wconf 91' lang='lat' dir='ltr'><strong>norant</strong></span> <span class='ocrx_word' id='word_1_552' title='bbox 3455 3332 3474 3357; x_wconf 88' lang='lat'><strong>,</strong></span> 
     </span>
    </p>
   </div>
   <div class='ocr_carea' id='block_1_77' title="bbox 1896 3384 3563 3458">
    <p class='ocr_par' dir='ltr' id='par_1_77' title="bbox 1896 3384 3563 3458">
     <span class='ocr_line' id='line_1_77' title="bbox 1896 3384 3563 3458; baseline 0.002 -20"><span class='ocrx_word' id='word_1_553' title='bbox 1896 3397 1952 3439; x_wconf 90' lang='lat' dir='ltr'><strong>ut</strong></span> <span class='ocrx_word' id='word_1_554' title='bbox 1978 3386 2044 3439; x_wconf 90' lang='lat' dir='ltr'><strong>ad</strong></span> <span class='ocrx_word' id='word_1_555' title='bbox 2079 3401 2197 3440; x_wconf 91' lang='lat' dir='ltr'><strong>eam</strong></span> <span class='ocrx_word' id='word_1_556' title='bbox 2230 3399 2389 3439; x_wconf 91' lang='lat' dir='ltr'><strong>nemo</strong></span> <span class='ocrx_word' id='word_1_557' title='bbox 2418 3384 2663 3453; x_wconf 88' lang='lat' dir='ltr'><strong>aspirare</strong></span> <span class='ocrx_word' id='word_1_558' title='bbox 2695 3394 2909 3458; x_wconf 79' lang='lat' dir='ltr'><strong>posset;</strong></span> <span class='ocrx_word' id='word_1_559' title='bbox 2936 3393 3098 3453; x_wconf 81' lang='lat' dir='ltr'><strong>atque</strong></span> <span class='ocrx_word' id='word_1_560' title='bbox 3130 3401 3289 3439; x_wconf 90' lang='lat' dir='ltr'><strong>unam</strong></span> <span class='ocrx_word' id='word_1_561' title='bbox 3330 3388 3475 3443; x_wconf 88' lang='lat' dir='ltr'><strong>hanc</strong></span> <span class='ocrx_word' id='word_1_562' title='bbox 3558 3454 3563 3457; x_wconf 89' lang='lat'>_</span> 
     </span>
    </p>
   </div>
   <div class='ocr_carea' id='block_1_78' title="bbox 1894 3474 3473 3545">
    <p class='ocr_par' dir='ltr' id='par_1_78' title="bbox 1894 3474 3473 3545">
     <span class='ocr_line' id='line_1_78' title="bbox 1894 3474 3473 3545; baseline 0 -15"><span class='ocrx_word' id='word_1_563' title='bbox 1894 3478 2107 3531; x_wconf 85' lang='lat' dir='ltr'><strong>demum</strong></span> <span class='ocrx_word' id='word_1_564' title='bbox 2130 3476 2233 3531; x_wconf 90' lang='lat' dir='ltr'><strong>sibi</strong></span> <span class='ocrx_word' id='word_1_565' title='bbox 2261 3476 2484 3531; x_wconf 90' lang='lat' dir='ltr'><strong>salutem</strong></span> <span class='ocrx_word' id='word_1_566' title='bbox 2513 3489 2634 3531; x_wconf 90' lang='lat' dir='ltr'><strong>esse</strong></span> <span class='ocrx_word' id='word_1_567' title='bbox 2660 3474 3090 3542; x_wconf 88' lang='lat' dir='ltr'><strong>arbitrabantur,</strong></span> <span class='ocrx_word' id='word_1_568' title='bbox 3114 3476 3158 3529; x_wconf 90' lang='lat' dir='ltr'><strong>si</strong></span> <span class='ocrx_word' id='word_1_569' title='bbox 3184 3490 3305 3529; x_wconf 89' lang='lat' dir='ltr'><strong>cum</strong></span> <span class='ocrx_word' id='word_1_570' title='bbox 3334 3477 3473 3545; x_wconf 86' lang='lat' dir='ltr'><strong>ipso,</strong></span> 
     </span>
    </p>
   </div>
   <div class='ocr_carea' id='block_1_79' title="bbox 1892 3563 3476 3635">
    <p class='ocr_par' dir='ltr' id='par_1_79' title="bbox 1892 3563 3476 3635">
     <span class='ocr_line' id='line_1_79' title="bbox 1892 3563 3476 3635; baseline 0.002 -18"><span class='ocrx_word' id='word_1_571' title='bbox 1892 3575 1947 3620; x_wconf 83' lang='lat' dir='ltr'><strong>et</strong></span> <span class='ocrx_word' id='word_1_572' title='bbox 1980 3566 2079 3621; x_wconf 91' lang='lat' dir='ltr'><strong>sub</strong></span> <span class='ocrx_word' id='word_1_573' title='bbox 2113 3566 2228 3635; x_wconf 92' lang='lat' dir='ltr'><strong>ipso</strong></span> <span class='ocrx_word' id='word_1_574' title='bbox 2250 3604 2266 3629; x_wconf 93' lang='lat'><strong>,</strong></span> <span class='ocrx_word' id='word_1_575' title='bbox 2301 3578 2421 3620; x_wconf 85' lang='lat' dir='ltr'><strong>sese</strong></span> <span class='ocrx_word' id='word_1_576' title='bbox 2450 3563 2815 3629; x_wconf 90' lang='lat' dir='ltr'><strong>collocarent,</strong></span> <span class='ocrx_word' id='word_1_577' title='bbox 2848 3579 3014 3617; x_wconf 88' lang='lat' dir='ltr'><strong>unum</strong></span> <span class='ocrx_word' id='word_1_578' title='bbox 3051 3579 3178 3619; x_wconf 89' lang='lat' dir='ltr'><strong>vero</strong></span> <span class='ocrx_word' id='word_1_579' title='bbox 3215 3565 3381 3635; x_wconf 74' lang='lat'><strong>802</strong></span> <span class='ocrx_word' id='word_1_580' title='bbox 3419 3576 3476 3620; x_wconf 90' lang='lat' dir='ltr'><strong>et</strong></span> 
     </span>
    </p>
   </div>
   <div class='ocr_carea' id='block_1_80' title="bbox 1892 3654 3470 3726">
    <p class='ocr_par' dir='ltr' id='par_1_80' title="bbox 1892 3654 3470 3726">
     <span class='ocr_line' id='line_1_80' title="bbox 1892 3654 3470 3726; baseline 0 -16"><span class='ocrx_word' id='word_1_581' title='bbox 1892 3657 2253 3711; x_wconf 87' lang='lat' dir='ltr'><strong>certissimum</strong></span> <span class='ocrx_word' id='word_1_582' title='bbox 2280 3655 2602 3726; x_wconf 87' lang='lat' dir='ltr'><strong>periculum,</strong></span> <span class='ocrx_word' id='word_1_583' title='bbox 2636 3655 2681 3710; x_wconf 90' lang='lat' dir='ltr'><strong>si</strong></span> <span class='ocrx_word' id='word_1_584' title='bbox 2718 3654 2772 3710; x_wconf 92' lang='lat' dir='ltr'><strong>in</strong></span> <span class='ocrx_word' id='word_1_585' title='bbox 2804 3656 2970 3724; x_wconf 89' lang='lat' dir='ltr'><strong>ipsius</strong></span> <span class='ocrx_word' id='word_1_586' title='bbox 3000 3654 3349 3710; x_wconf 77' lang='lat' dir='ltr'><strong>oﬂ&#39;ensionem</strong></span> <span class='ocrx_word' id='word_1_587' title='bbox 3384 3657 3470 3711; x_wconf 83' lang='lat' dir='ltr'><strong>in-</strong></span> 
     </span>
    </p>
   </div>
   <div class='ocr_carea' id='block_1_81' title="bbox 1892 3746 3472 3815">
    <p class='ocr_par' dir='ltr' id='par_1_81' title="bbox 1892 3746 3472 3815">
     <span class='ocr_line' id='line_1_81' title="bbox 1892 3746 3472 3815; baseline 0.002 -14"><span class='ocrx_word' id='word_1_588' title='bbox 1892 3756 2210 3812; x_wconf 85' lang='lat' dir='ltr'><strong>currerent;</strong></span> <span class='ocrx_word' id='word_1_589' title='bbox 2274 3748 2342 3802; x_wconf 88' lang='lat' dir='ltr'><strong>ab</strong></span> <span class='ocrx_word' id='word_1_590' title='bbox 2390 3762 2454 3802; x_wconf 91' lang='lat' dir='ltr'><strong>eo</strong></span> <span class='ocrx_word' id='word_1_591' title='bbox 2482 3748 2644 3801; x_wconf 90' lang='lat' dir='ltr'><strong>etiam</strong></span> <span class='ocrx_word' id='word_1_592' title='bbox 2691 3746 2947 3815; x_wconf 86' lang='lat' dir='ltr'><strong>disjungi,</strong></span> <span class='ocrx_word' id='word_1_593' title='bbox 2996 3746 3131 3800; x_wconf 90' lang='lat' dir='ltr'><strong>nihil</strong></span> <span class='ocrx_word' id='word_1_594' title='bbox 3180 3748 3321 3801; x_wconf 89' lang='lat' dir='ltr'><strong>aliud</strong></span> <span class='ocrx_word' id='word_1_595' title='bbox 3352 3764 3472 3804; x_wconf 85' lang='lat' dir='ltr'><strong>esse</strong></span> 
     </span>
    </p>
   </div>
   <div class='ocr_carea' id='block_1_82' title="bbox 1884 3837 3471 3907">
    <p class='ocr_par' dir='ltr' id='par_1_82' title="bbox 1884 3837 3471 3907">
     <span class='ocr_line' id='line_1_82' title="bbox 1884 3837 3471 3907; baseline 0 -14"><span class='ocrx_word' id='word_1_596' title='bbox 1884 3838 2233 3907; x_wconf 85' lang='lat' dir='ltr'><strong>judicabant,</strong></span> <span class='ocrx_word' id='word_1_597' title='bbox 2268 3853 2427 3907; x_wconf 89' lang='lat' dir='ltr'><strong>quam</strong></span> <span class='ocrx_word' id='word_1_598' title='bbox 2463 3854 2492 3892; x_wconf 91' lang='lat' dir='ltr'><strong>a</strong></span> <span class='ocrx_word' id='word_1_599' title='bbox 2539 3838 2647 3892; x_wconf 88' lang='lat' dir='ltr'><strong>Deo</strong></span> <span class='ocrx_word' id='word_1_600' title='bbox 2688 3837 2982 3892; x_wconf 89' lang='lat' dir='ltr'><strong>abalienari</strong></span> <span class='ocrx_word' id='word_1_601' title='bbox 3015 3855 3029 3892; x_wconf 92' lang='lat'><strong>:</strong></span> <span class='ocrx_word' id='word_1_602' title='bbox 3058 3838 3137 3892; x_wconf 91' lang='lat' dir='ltr'><strong>sic</strong></span> <span class='ocrx_word' id='word_1_603' title='bbox 3169 3837 3308 3892; x_wconf 91' lang='lat' dir='ltr'><strong>ultro</strong></span> <span class='ocrx_word' id='word_1_604' title='bbox 3349 3854 3471 3894; x_wconf 85' lang='lat' dir='ltr'><strong>ces-</strong></span> 
     </span>
    </p>
   </div>
   <div class='ocr_carea' id='block_1_83' title="bbox 1896 3929 3468 3999">
    <p class='ocr_par' dir='ltr' id='par_1_83' title="bbox 1896 3929 3468 3999">
     <span class='ocr_line' id='line_1_83' title="bbox 1896 3929 3468 3999; baseline -0.001 -14"><span class='ocrx_word' id='word_1_605' title='bbox 1896 3939 2112 3995; x_wconf 87' lang='lat' dir='ltr'><strong>serunt,</strong></span> <span class='ocrx_word' id='word_1_606' title='bbox 2153 3945 2218 3985; x_wconf 89' lang='lat' dir='ltr'><strong>ac</strong></span> <span class='ocrx_word' id='word_1_607' title='bbox 2264 3944 2456 3984; x_wconf 90' lang='lat' dir='ltr'><strong>manus</strong></span> <span class='ocrx_word' id='word_1_608' title='bbox 2510 3929 2803 3994; x_wconf 87' lang='lat' dir='ltr'><strong>dederunt,</strong></span> <span class='ocrx_word' id='word_1_609' title='bbox 2839 3937 2893 3983; x_wconf 92' lang='lat' dir='ltr'><strong>et</strong></span> <span class='ocrx_word' id='word_1_610' title='bbox 2926 3929 3079 3999; x_wconf 86' lang='lat' dir='ltr'><strong>quasi</strong></span> <span class='ocrx_word' id='word_1_611' title='bbox 3132 3930 3198 3984; x_wconf 89' lang='lat' dir='ltr'><strong>ad</strong></span> <span class='ocrx_word' id='word_1_612' title='bbox 3248 3931 3468 3984; x_wconf 75' lang='lat' dir='ltr'><strong>tonitrui</strong></span> 
     </span>
    </p>
   </div>
   <div class='ocr_carea' id='block_1_84' title="bbox 1897 4020 3467 4092">
    <p class='ocr_par' dir='ltr' id='par_1_84' title="bbox 1897 4020 3467 4092">
     <span class='ocr_line' id='line_1_84' title="bbox 1897 4020 3467 4092; baseline 0.001 -15"><span class='ocrx_word' id='word_1_613' title='bbox 1897 4038 2086 4077; x_wconf 91' lang='lat' dir='ltr'><strong>sonum</strong></span> <span class='ocrx_word' id='word_1_614' title='bbox 2118 4037 2239 4078; x_wconf 89' lang='lat' dir='ltr'><strong>sese</strong></span> <span class='ocrx_word' id='word_1_615' title='bbox 2270 4022 2667 4088; x_wconf 86' lang='lat' dir='ltr'><strong>submiserunt,</strong></span> <span class='ocrx_word' id='word_1_616' title='bbox 2708 4020 2844 4076; x_wconf 89' lang='lat' dir='ltr'><strong>alius</strong></span> <span class='ocrx_word' id='word_1_617' title='bbox 2888 4022 3052 4077; x_wconf 88' lang='lat' dir='ltr'><strong>alium</strong></span> <span class='ocrx_word' id='word_1_618' title='bbox 3081 4024 3146 4076; x_wconf 88' lang='lat' dir='ltr'><strong>ad</strong></span> <span class='ocrx_word' id='word_1_619' title='bbox 3176 4023 3273 4092; x_wconf 87' lang='lat' dir='ltr'><strong>ipsi</strong></span> <span class='ocrx_word' id='word_1_620' title='bbox 3308 4025 3467 4079; x_wconf 84' lang='lat' dir='ltr'><strong>satis-</strong></span> 
     </span>
    </p>
   </div>
   <div class='ocr_carea' id='block_1_85' title="bbox 1896 4114 3467 4183">
    <p class='ocr_par' dir='ltr' id='par_1_85' title="bbox 1896 4114 3467 4183">
     <span class='ocr_line' id='line_1_85' title="bbox 1896 4114 3467 4183; baseline 0.001 -15"><span class='ocrx_word' id='word_1_621' title='bbox 1896 4114 2200 4170; x_wconf 82' lang='lat' dir='ltr'><strong>faciendum</strong></span> <span class='ocrx_word' id='word_1_622' title='bbox 2247 4121 2661 4177; x_wconf 86' lang='lat' dir='ltr'><strong>antevertentes,</strong></span> <span class='ocrx_word' id='word_1_623' title='bbox 2704 4122 3124 4183; x_wconf 86' lang='lat' dir='ltr'><strong>conceptamque</strong></span> <span class='ocrx_word' id='word_1_624' title='bbox 3172 4114 3321 4182; x_wconf 87' lang='lat' dir='ltr'><strong>prius</strong></span> <span class='ocrx_word' id='word_1_625' title='bbox 3371 4116 3467 4169; x_wconf 87' lang='lat' dir='ltr'><strong>ad-</strong></span> 
     </span>
    </p>
   </div>
   <div class='ocr_carea' id='block_1_86' title="bbox 1896 4203 3467 4276">
    <p class='ocr_par' dir='ltr' id='par_1_86' title="bbox 1896 4203 3467 4276">
     <span class='ocr_line' id='line_1_86' title="bbox 1896 4203 3467 4276; baseline -0.002 -17"><span class='ocrx_word' id='word_1_626' title='bbox 1896 4223 2082 4264; x_wconf 86' lang='lat' dir='ltr'><strong>versus</strong></span> <span class='ocrx_word' id='word_1_627' title='bbox 2108 4208 2281 4276; x_wconf 90' lang='lat' dir='ltr'><strong>ipsum</strong></span> <span class='ocrx_word' id='word_1_628' title='bbox 2313 4207 2421 4261; x_wconf 87' lang='lat' dir='ltr'><strong>odii</strong></span> <span class='ocrx_word' id='word_1_629' title='bbox 2458 4206 2587 4270; x_wconf 92' lang='lat' dir='ltr'><strong>vim,</strong></span> <span class='ocrx_word' id='word_1_630' title='bbox 2632 4206 2682 4258; x_wconf 93' lang='lat' dir='ltr'><strong>in</strong></span> <span class='ocrx_word' id='word_1_631' title='bbox 2716 4218 2819 4258; x_wconf 86' lang='lat' dir='ltr'><strong>non</strong></span> <span class='ocrx_word' id='word_1_632' title='bbox 2852 4204 3114 4258; x_wconf 90' lang='lat' dir='ltr'><strong>minorem</strong></span> <span class='ocrx_word' id='word_1_633' title='bbox 3140 4203 3467 4272; x_wconf 84' lang='lat' dir='ltr'><strong>benevoleu_</strong></span> 
     </span>
    </p>
   </div>
   <div class='ocr_carea' id='block_1_87' title="bbox 200 4295 3463 4379">
    <p class='ocr_par' dir='ltr' id='par_1_87' title="bbox 200 4295 3463 4379">
     <span class='ocr_line' id='line_1_87' title="bbox 200 4295 3463 4379; baseline -0.001 -26"><span class='ocrx_word' id='word_1_634' title='bbox 200 4302 290 4365; x_wconf 69' lang='grc' dir='ltr'>ιὶω</span> <span class='ocrx_word' id='word_1_635' title='bbox 348 4302 499 4365; x_wconf 83' lang='lat' dir='ltr'><strong>vim,</strong></span> <span class='ocrx_word' id='word_1_636' title='bbox 554 4317 618 4356; x_wconf 87' lang='lat' dir='ltr'><strong>ac</strong></span> <span class='ocrx_word' id='word_1_637' title='bbox 650 4304 859 4358; x_wconf 90' lang='lat' dir='ltr'><strong>virtutis</strong></span> <span class='ocrx_word' id='word_1_638' title='bbox 908 4305 1296 4361; x_wconf 90' lang='lat' dir='ltr'><strong>incrementum</strong></span> <span class='ocrx_word' id='word_1_639' title='bbox 1332 4306 1512 4379; x_wconf 90' lang='lat' dir='ltr'><strong>(quam</strong></span> <span class='ocrx_word' id='word_1_640' title='bbox 1562 4309 1774 4378; x_wconf 91' lang='lat' dir='ltr'><strong>quidem</strong></span> <span class='ocrx_word' id='word_1_641' title='bbox 1820 4302 2378 4359; x_wconf 26' lang='lat' dir='ltr'><strong>nnamrtirmissimam</strong></span> <span class='ocrx_word' id='word_1_642' title='bbox 2446 4299 2547 4368; x_wconf 90' lang='lat' dir='ltr'><strong>ipsi</strong></span> <span class='ocrx_word' id='word_1_643' title='bbox 2582 4295 2946 4352; x_wconf 85' lang='lat' dir='ltr'><strong>satisfaciendi</strong></span> <span class='ocrx_word' id='word_1_644' title='bbox 3017 4297 3277 4349; x_wconf 88' lang='lat' dir='ltr'><strong>rationem</strong></span> <span class='ocrx_word' id='word_1_645' title='bbox 3307 4297 3463 4351; x_wconf 88' lang='lat' dir='ltr'><strong>inve-</strong></span> 
     </span>
    </p>
   </div>
   <div class='ocr_carea' id='block_1_88' title="bbox 201 4387 3465 4469">
    <p class='ocr_par' dir='ltr' id='par_1_88' title="bbox 201 4387 3465 4469">
     <span class='ocr_line' id='line_1_88' title="bbox 201 4387 3465 4469; baseline -0.001 -26"><span class='ocrx_word' id='word_1_646' title='bbox 201 4393 447 4460; x_wconf 70' lang='lat' dir='ltr'><strong>niebant)</strong></span> <span class='ocrx_word' id='word_1_647' title='bbox 491 4402 914 4461; x_wconf 90' lang='lat' dir='ltr'><strong>commutantes;</strong></span> <span class='ocrx_word' id='word_1_648' title='bbox 957 4407 1311 4467; x_wconf 85' lang='lat' dir='ltr'><strong>praeterquam</strong></span> <span class='ocrx_word' id='word_1_649' title='bbox 1380 4400 1421 4453; x_wconf 92' lang='lat' dir='ltr'><strong>si</strong></span> <span class='ocrx_word' id='word_1_650' title='bbox 1493 4401 1613 4469; x_wconf 84' lang='lat' dir='ltr'><strong>quis</strong></span> <span class='ocrx_word' id='word_1_651' title='bbox 1678 4400 1747 4453; x_wconf 92' lang='lat' dir='ltr'><strong>ob</strong></span> <span class='ocrx_word' id='word_1_652' title='bbox 1803 4397 2133 4463; x_wconf 84' lang='lat' dir='ltr'><strong>deploratam</strong></span> <span class='ocrx_word' id='word_1_653' title='bbox 2187 4392 2580 4461; x_wconf 87' lang='lat' dir='ltr'><strong>improbitatem</strong></span> <span class='ocrx_word' id='word_1_654' title='bbox 2626 4387 2899 4457; x_wconf 88' lang='lat' dir='ltr'><strong>neglectus</strong></span> <span class='ocrx_word' id='word_1_655' title='bbox 2938 4400 3001 4440; x_wconf 90' lang='lat' dir='ltr'><strong>ac</strong></span> <span class='ocrx_word' id='word_1_656' title='bbox 3048 4387 3316 4455; x_wconf 89' lang='lat' dir='ltr'><strong>projectus</strong></span> <span class='ocrx_word' id='word_1_657' title='bbox 3360 4397 3465 4452; x_wconf 91' lang='lat' dir='ltr'><strong>est,</strong></span> 
     </span>
    </p>
   </div>
   <div class='ocr_carea' id='block_1_89' title="bbox 202 4474 3465 4556">
    <p class='ocr_par' dir='ltr' id='par_1_89' title="bbox 202 4474 3465 4556">
     <span class='ocr_line' id='line_1_89' title="bbox 202 4474 3465 4556; baseline -0.004 -16"><span class='ocrx_word' id='word_1_658' title='bbox 202 4498 260 4540; x_wconf 89' lang='lat' dir='ltr'><strong>ut</strong></span> <span class='ocrx_word' id='word_1_659' title='bbox 283 4489 399 4556; x_wconf 89' lang='lat' dir='ltr'><strong>ipse</strong></span> <span class='ocrx_word' id='word_1_660' title='bbox 429 4487 483 4541; x_wconf 89' lang='lat' dir='ltr'><strong>in</strong></span> <span class='ocrx_word' id='word_1_661' title='bbox 524 4487 706 4554; x_wconf 85' lang='lat' dir='ltr'><strong>seipso</strong></span> <span class='ocrx_word' id='word_1_662' title='bbox 740 4495 1108 4544; x_wconf 88' lang='lat' dir='ltr'><strong>contereretur</strong></span> <span class='ocrx_word' id='word_1_663' title='bbox 1164 4497 1326 4555; x_wconf 84' lang='lat' dir='ltr'><strong>atque</strong></span> <span class='ocrx_word' id='word_1_664' title='bbox 1376 4498 1808 4550; x_wconf 88' lang='lat' dir='ltr'><strong>consumeretur,</strong></span> <span class='ocrx_word' id='word_1_665' title='bbox 1851 4501 1955 4539; x_wconf 91' lang='lat' dir='ltr'><strong>non</strong></span> <span class='ocrx_word' id='word_1_666' title='bbox 2019 4497 2176 4539; x_wconf 88' lang='lat' dir='ltr'><strong>secus</strong></span> <span class='ocrx_word' id='word_1_667' title='bbox 2238 4495 2305 4535; x_wconf 87' lang='lat' dir='ltr'><strong>ac</strong></span> <span class='ocrx_word' id='word_1_668' title='bbox 2366 4478 2555 4548; x_wconf 79' lang='lat' dir='ltr'><strong>rubigo</strong></span> <span class='ocrx_word' id='word_1_669' title='bbox 2585 4475 2742 4532; x_wconf 91' lang='lat' dir='ltr'><strong>simul</strong></span> <span class='ocrx_word' id='word_1_670' title='bbox 2776 4489 2897 4529; x_wconf 92' lang='lat' dir='ltr'><strong>cum</strong></span> <span class='ocrx_word' id='word_1_671' title='bbox 2921 4474 3064 4529; x_wconf 86' lang='lat' dir='ltr'><strong>ferro</strong></span> <span class='ocrx_word' id='word_1_672' title='bbox 3097 4474 3342 4529; x_wconf 88' lang='lat' dir='ltr'><strong>consumi</strong></span> <span class='ocrx_word' id='word_1_673' title='bbox 3371 4489 3465 4528; x_wconf 86' lang='lat' dir='ltr'><strong>su-</strong></span> 
     </span>
    </p>
   </div>
   <div class='ocr_carea' id='block_1_90' title="bbox 204 4582 298 4636">
    <p class='ocr_par' dir='ltr' id='par_1_90' title="bbox 204 4582 298 4636">
     <span class='ocr_line' id='line_1_90' title="bbox 204 4582 298 4636; baseline 0.021 -2"><span class='ocrx_word' id='word_1_674' title='bbox 204 4582 298 4636; x_wconf 89' lang='lat' dir='ltr'><strong>let.</strong></span> 
     </span>
    </p>
   </div>
   <div class='ocr_carea' id='block_1_91' title="bbox 271 4665 1811 4745">
    <p class='ocr_par' dir='ltr' id='par_1_91' title="bbox 271 4670 1780 4745">
     <span class='ocr_line' id='line_1_91' title="bbox 271 4670 1780 4745; baseline -0.007 -11"><span class='ocrx_word' id='word_1_675' title='bbox 271 4681 411 4734; x_wconf 83' lang='lat' dir='ltr'><strong>MA&#39;.</strong></span> <span class='ocrx_word' id='word_1_676' title='bbox 452 4677 605 4731; x_wconf 75' lang='grc' dir='ltr'>Ἐπεὶ</span> <span class='ocrx_word' id='word_1_677' title='bbox 632 4677 689 4731; x_wconf 80' lang='grc' dir='ltr'>δὲ</span> <span class='ocrx_word' id='word_1_678' title='bbox 717 4676 785 4731; x_wconf 90' lang='grc' dir='ltr'><strong>τά</strong></span> <span class='ocrx_word' id='word_1_679' title='bbox 812 4678 948 4731; x_wconf 78' lang='grc' dir='ltr'>οἴκοι</span> <span class='ocrx_word' id='word_1_680' title='bbox 978 4694 1119 4731; x_wconf 78' lang='grc' dir='ltr'>κατα</span> <span class='ocrx_word' id='word_1_681' title='bbox 1145 4675 1270 4731; x_wconf 92' lang='grc' dir='ltr'>νοῦν</span> <span class='ocrx_word' id='word_1_682' title='bbox 1303 4670 1447 4745; x_wconf 69' lang='grc' dir='ltr'>εἶχεν</span> <span class='ocrx_word' id='word_1_683' title='bbox 1479 4673 1647 4744; x_wconf 78' lang='grc' dir='ltr'>αὐτῷ,</span> <span class='ocrx_word' id='word_1_684' title='bbox 1686 4672 1780 4725; x_wconf 74' lang='grc' dir='ltr'>καὶ</span> 
     </span>
    </p>
   </div>
   <div class='ocr_carea' id='block_1_92' title="bbox 1898 4665 3461 4745">
    <p class='ocr_par' dir='ltr' id='par_1_92' title="bbox 1956 4665 3461 4734">
     <span class='ocr_line' id='line_1_92' title="bbox 1956 4665 3461 4734; baseline 0.001 -13"><span class='ocrx_word' id='word_1_685' title='bbox 1956 4666 2091 4721; x_wconf 76' lang='lat' dir='ltr'><strong>XLI.</strong></span> <span class='ocrx_word' id='word_1_686' title='bbox 2134 4665 2425 4732; x_wconf 87' lang='lat' dir='ltr'><strong>Postquam</strong></span> <span class='ocrx_word' id='word_1_687' title='bbox 2474 4672 2652 4719; x_wconf 90' lang='lat' dir='ltr'><strong>autem</strong></span> <span class='ocrx_word' id='word_1_688' title='bbox 2690 4677 2779 4720; x_wconf 88' lang='lat' dir='ltr'><strong>res</strong></span> <span class='ocrx_word' id='word_1_689' title='bbox 2824 4665 2992 4734; x_wconf 90' lang='lat' dir='ltr'><strong>ipsius</strong></span> <span class='ocrx_word' id='word_1_690' title='bbox 3040 4665 3349 4723; x_wconf 72' lang='lat' dir='ltr'><strong>domestica:</strong></span> <span class='ocrx_word' id='word_1_691' title='bbox 3393 4681 3461 4723; x_wconf 80' lang='lat' dir='ltr'><strong>ex</strong></span> 
     </span>
    </p>
   </div>
   <div class='ocr_carea' id='block_1_93' title="bbox 200 4762 1785 4839">
    <p class='ocr_par' dir='ltr' id='par_1_93' title="bbox 200 4762 1785 4839">
     <span class='ocr_line' id='line_1_93' title="bbox 200 4762 1785 4839; baseline -0.005 -17"><span class='ocrx_word' id='word_1_692' title='bbox 200 4766 278 4834; x_wconf 85' lang='grc' dir='ltr'>ὡς</span> <span class='ocrx_word' id='word_1_693' title='bbox 305 4769 407 4821; x_wconf 64' lang='grc' dir='ltr'><strong>οὐκ</strong></span> <span class='ocrx_word' id='word_1_694' title='bbox 434 4769 498 4822; x_wconf 88' lang='grc' dir='ltr'><strong>ἀν</strong></span> <span class='ocrx_word' id='word_1_695' title='bbox 522 4786 604 4831; x_wconf 86' lang='grc' dir='ltr'><strong>τις</strong></span> <span class='ocrx_word' id='word_1_696' title='bbox 629 4767 782 4839; x_wconf 75' lang='grc' dir='ltr'>ᾠήθη</span> <span class='ocrx_word' id='word_1_697' title='bbox 815 4769 920 4820; x_wconf 89' lang='grc' dir='ltr'><strong>τῶν</strong></span> <span class='ocrx_word' id='word_1_698' title='bbox 956 4768 1199 4820; x_wconf 86' lang='grc' dir='ltr'>ἀπίστων</span> <span class='ocrx_word' id='word_1_699' title='bbox 1232 4768 1485 4819; x_wconf 84' lang='grc' dir='ltr'>κάκεῖνον</span> <span class='ocrx_word' id='word_1_700' title='bbox 1519 4762 1785 4833; x_wconf 66' lang='grc' dir='ltr'>ἠγνοηκό-</span> 
     </span>
    </p>
   </div>
   <div class='ocr_carea' id='block_1_94' title="bbox 270 5037 1771 5109">
    <p class='ocr_par' dir='ltr' id='par_1_94' title="bbox 270 5037 1771 5109">
     <span class='ocr_line' id='line_1_94' title="bbox 270 5037 1771 5109; baseline 0.001 -16"><span class='ocrx_word' id='word_1_701' title='bbox 270 5038 382 5109; x_wconf 72' lang='grc'><strong>(54)</strong></span> <span class='ocrx_word' id='word_1_702' title='bbox 406 5037 609 5109; x_wconf 10' lang='grc' dir='ltr'>ξὈρῶν</span> <span class='ocrx_word' id='word_1_703' title='bbox 649 5037 778 5108; x_wconf 73' lang='grc' dir='ltr'>γάρ,</span> <span class='ocrx_word' id='word_1_704' title='bbox 818 5048 921 5094; x_wconf 91' lang='lat' dir='ltr'><strong>etc.</strong></span> <span class='ocrx_word' id='word_1_705' title='bbox 957 5039 1168 5094; x_wconf 82' lang='lat' dir='ltr'><strong>Nicetas</strong></span> <span class='ocrx_word' id='word_1_706' title='bbox 1200 5056 1262 5093; x_wconf 81' lang='lat' dir='ltr'><strong>cx</strong></span> <span class='ocrx_word' id='word_1_707' title='bbox 1302 5041 1655 5095; x_wconf 87' lang='lat' dir='ltr'><strong>Demosthene</strong></span> <span class='ocrx_word' id='word_1_708' title='bbox 1684 5058 1771 5095; x_wconf 84' lang='lat' dir='ltr'><strong>re-</strong></span> 
     </span>
    </p>
   </div>
   <div class='ocr_carea' id='block_1_95' title="bbox 197 5107 1774 5180">
    <p class='ocr_par' dir='ltr' id='par_1_95' title="bbox 197 5107 1774 5180">
     <span class='ocr_line' id='line_1_95' title="bbox 197 5107 1774 5180; baseline 0.002 -19"><span class='ocrx_word' id='word_1_709' title='bbox 197 5108 323 5171; x_wconf 83' lang='lat' dir='ltr'><strong>fert,</strong></span> <span class='ocrx_word' id='word_1_710' title='bbox 364 5107 663 5180; x_wconf 84' lang='lat' dir='ltr'><strong>plerosque</strong></span> <span class='ocrx_word' id='word_1_711' title='bbox 690 5107 741 5180; x_wconf 86' lang='lat' dir='ltr'><strong>in</strong></span> <span class='ocrx_word' id='word_1_712' title='bbox 772 5112 1181 5164; x_wconf 88' lang='lat' dir='ltr'><strong>mansuetudine</strong></span> <span class='ocrx_word' id='word_1_713' title='bbox 1218 5110 1434 5180; x_wconf 85' lang='lat' dir='ltr'><strong>quidem</strong></span> <span class='ocrx_word' id='word_1_714' title='bbox 1468 5111 1694 5164; x_wconf 87' lang='lat' dir='ltr'><strong>humiles</strong></span> <span class='ocrx_word' id='word_1_715' title='bbox 1722 5122 1774 5165; x_wconf 90' lang='lat' dir='ltr'><strong>et</strong></span> 
     </span>
    </p>
   </div>
   <div class='ocr_carea' id='block_1_96' title="bbox 192 5177 1774 5249">
    <p class='ocr_par' dir='ltr' id='par_1_96' title="bbox 192 5177 1774 5249">
     <span class='ocr_line' id='line_1_96' title="bbox 192 5177 1774 5249; baseline 0.002 -18"><span class='ocrx_word' id='word_1_716' title='bbox 192 5181 460 5249; x_wconf 72' lang='lat' dir='ltr'><strong>abiectos,</strong></span> <span class='ocrx_word' id='word_1_717' title='bbox 493 5177 545 5249; x_wconf 86' lang='lat' dir='ltr'><strong>in</strong></span> <span class='ocrx_word' id='word_1_718' title='bbox 568 5179 833 5249; x_wconf 83' lang='lat' dir='ltr'><strong>gravitate</strong></span> <span class='ocrx_word' id='word_1_719' title='bbox 867 5190 1044 5234; x_wconf 87' lang='lat' dir='ltr'><strong>autem</strong></span> <span class='ocrx_word' id='word_1_720' title='bbox 1075 5177 1387 5249; x_wconf 80' lang='lat' dir='ltr'><strong>arrogantes</strong></span> <span class='ocrx_word' id='word_1_721' title='bbox 1421 5189 1475 5235; x_wconf 89' lang='lat' dir='ltr'><strong>et</strong></span> <span class='ocrx_word' id='word_1_722' title='bbox 1500 5190 1774 5234; x_wconf 89' lang='lat' dir='ltr'><strong>contuma-</strong></span> 
     </span>
    </p>
   </div>
   <div class='ocr_carea' id='block_1_97' title="bbox 191 5246 1769 5306">
    <p class='ocr_par' dir='ltr' id='par_1_97' title="bbox 191 5246 1769 5306">
     <span class='ocr_line' id='line_1_97' title="bbox 191 5246 1769 5306; baseline 0.002 -5"><span class='ocrx_word' id='word_1_723' title='bbox 191 5265 285 5302; x_wconf 86' lang='lat' dir='ltr'><strong>ces</strong></span> <span class='ocrx_word' id='word_1_724' title='bbox 316 5246 527 5301; x_wconf 87' lang='lat' dir='ltr'><strong>haberi.</strong></span> <span class='ocrx_word' id='word_1_725' title='bbox 572 5248 718 5303; x_wconf 89' lang='lat' dir='ltr'><strong>llanc</strong></span> <span class='ocrx_word' id='word_1_726' title='bbox 764 5248 1136 5304; x_wconf 85' lang='lat' dir='ltr'><strong>Demosthenis</strong></span> <span class='ocrx_word' id='word_1_727' title='bbox 1166 5246 1487 5306; x_wconf 78' lang='lat' dir='ltr'><strong>séntentiam</strong></span> <span class='ocrx_word' id='word_1_728' title='bbox 1519 5252 1569 5304; x_wconf 91' lang='lat' dir='ltr'><strong>in</strong></span> <span class='ocrx_word' id='word_1_729' title='bbox 1601 5251 1769 5304; x_wconf 85' lang='lat' dir='ltr'><strong>inter-</strong></span> 
     </span>
    </p>
   </div>
   <div class='ocr_carea' id='block_1_98' title="bbox 191 5318 1792 5387">
    <p class='ocr_par' dir='ltr' id='par_1_98' title="bbox 191 5318 1792 5387">
     <span class='ocr_line' id='line_1_98' title="bbox 191 5318 1792 5387; baseline 0.004 -19"><span class='ocrx_word' id='word_1_730' title='bbox 191 5318 501 5387; x_wconf 79' lang='lat' dir='ltr'><strong>pretatione</strong></span> <span class='ocrx_word' id='word_1_731' title='bbox 556 5333 654 5371; x_wconf 90' lang='lat' dir='ltr'><strong>sua</strong></span> <span class='ocrx_word' id='word_1_732' title='bbox 702 5321 1042 5387; x_wconf 89' lang='lat' dir='ltr'><strong>amplectitur</strong></span> <span class='ocrx_word' id='word_1_733' title='bbox 1078 5319 1283 5374; x_wconf 89' lang='lat' dir='ltr'><strong>Billins.</strong></span> <span class='ocrx_word' id='word_1_734' title='bbox 1332 5319 1552 5373; x_wconf 88' lang='lat' dir='ltr'><strong>Fatetur</strong></span> <span class='ocrx_word' id='word_1_735' title='bbox 1592 5330 1792 5374; x_wconf 79' lang='lat' dir='ltr'><strong>tanteu&#39;</strong></span> 
     </span>
    </p>
   </div>
   <div class='ocr_carea' id='block_1_99' title="bbox 190 5386 1766 5458">
    <p class='ocr_par' dir='ltr' id='par_1_99' title="bbox 190 5386 1766 5458">
     <span class='ocr_line' id='line_1_99' title="bbox 190 5386 1766 5458; baseline 0.003 -18"><span class='ocrx_word' id='word_1_736' title='bbox 190 5386 640 5458; x_wconf 23' lang='lat' dir='ltr'><strong>Grcgoriiuverha</strong></span> <span class='ocrx_word' id='word_1_737' title='bbox 675 5386 1161 5443; x_wconf 27' lang='lat' dir='ltr'><strong>non’incommode</strong></span> <span class='ocrx_word' id='word_1_738' title='bbox 1191 5406 1347 5458; x_wconf 88' lang='lat' dir='ltr'><strong>posse</strong></span> <span class='ocrx_word' id='word_1_739' title='bbox 1372 5391 1649 5445; x_wconf 87' lang='lat' dir='ltr'><strong>transitive</strong></span> <span class='ocrx_word' id='word_1_740' title='bbox 1679 5407 1766 5445; x_wconf 86' lang='lat' dir='ltr'><strong>ac-</strong></span> 
     </span>
    </p>
   </div>
   <div class='ocr_carea' id='block_1_100' title="bbox 188 5456 1188 5525">
    <p class='ocr_par' dir='ltr' id='par_1_100' title="bbox 188 5456 1188 5525">
     <span class='ocr_line' id='line_1_100' title="bbox 188 5456 1188 5525; baseline 0.004 -15"><span class='ocrx_word' id='word_1_741' title='bbox 188 5459 321 5525; x_wconf 86' lang='lat' dir='ltr'><strong>cipi.</strong></span> <span class='ocrx_word' id='word_1_742' title='bbox 347 5456 611 5510; x_wconf 86' lang='lat' dir='ltr'><strong>Addimus</strong></span> <span class='ocrx_word' id='word_1_743' title='bbox 630 5467 681 5510; x_wconf 91' lang='lat' dir='ltr'><strong>et</strong></span> <span class='ocrx_word' id='word_1_744' title='bbox 706 5460 1012 5521; x_wconf 77' lang='lat' dir='ltr'><strong>accipienda</strong></span> <span class='ocrx_word' id='word_1_745' title='bbox 1049 5474 1188 5513; x_wconf 78' lang='lat' dir='ltr'><strong>esse.</strong></span> 
     </span>
    </p>
   </div>
   <div class='ocr_carea' id='block_1_101' title="bbox 264 5525 1773 5598">
    <p class='ocr_par' dir='ltr' id='par_1_101' title="bbox 264 5525 1773 5598">
     <span class='ocr_line' id='line_1_101' title="bbox 264 5525 1773 5598; baseline 0.005 -22"><span class='ocrx_word' id='word_1_746' title='bbox 264 5526 378 5598; x_wconf 62' lang='grc' dir='ltr'><strong>(ᾆῇ)</strong></span> <span class='ocrx_word' id='word_1_747' title='bbox 430 5525 913 5598; x_wconf 61' lang='grc' dir='ltr'>’ᾼπαυθαδιάζονκ</span> <span class='ocrx_word' id='word_1_748' title='bbox 949 5529 1135 5583; x_wconf 79' lang='lat' dir='ltr'><strong>Plures</strong></span> <span class='ocrx_word' id='word_1_749' title='bbox 1164 5530 1329 5598; x_wconf 71' lang='lat' dir='ltr'><strong>llegg.</strong></span> <span class='ocrx_word' id='word_1_750' title='bbox 1354 5546 1418 5585; x_wconf 89' lang='lat' dir='ltr'><strong>ac</strong></span> <span class='ocrx_word' id='word_1_751' title='bbox 1443 5529 1615 5596; x_wconf 90' lang='lat' dir='ltr'><strong>Colb.,</strong></span> <span class='ocrx_word' id='word_1_752' title='bbox 1643 5529 1773 5583; x_wconf 74' lang='grc' dir='ltr'>αὐθ-</span> 
     </span>
    </p>
   </div>
   <div class='ocr_carea' id='block_1_102' title="bbox 191 5593 1379 5665">
    <p class='ocr_par' dir='ltr' id='par_1_102' title="bbox 191 5593 1379 5665">
     <span class='ocr_line' id='line_1_102' title="bbox 191 5593 1379 5665; baseline 0.003 -15"><span class='ocrx_word' id='word_1_753' title='bbox 191 5593 438 5659; x_wconf 76' lang='grc' dir='ltr'>αδιάζον.</span> <span class='ocrx_word' id='word_1_754' title='bbox 475 5595 638 5665; x_wconf 76' lang='lat' dir='ltr'><strong>Ilegg.</strong></span> <span class='ocrx_word' id='word_1_755' title='bbox 675 5599 761 5651; x_wconf 84' lang='lat' dir='ltr'><strong>bm</strong></span> <span class='ocrx_word' id='word_1_756' title='bbox 795 5608 847 5651; x_wconf 90' lang='lat' dir='ltr'><strong>et</strong></span> <span class='ocrx_word' id='word_1_757' title='bbox 874 5598 1047 5662; x_wconf 83' lang='lat' dir='ltr'><strong>Pass.,</strong></span> <span class='ocrx_word' id='word_1_758' title='bbox 1076 5593 1379 5662; x_wconf 73' lang='grc' dir='ltr'>αὑθαδίζον.</span> 
     </span>
    </p>
   </div>
   <div class='ocr_carea' id='block_1_103' title="bbox 265 5666 1771 5740">
    <p class='ocr_par' dir='ltr' id='par_1_103' title="bbox 265 5666 1771 5740">
     <span class='ocr_line' id='line_1_103' title="bbox 265 5666 1771 5740; baseline 0.003 -21"><span class='ocrx_word' id='word_1_759' title='bbox 265 5666 379 5735; x_wconf 77' lang='lat'><strong>(56)</strong></span> <span class='ocrx_word' id='word_1_760' title='bbox 410 5667 768 5735; x_wconf 77' lang='grc' dir='ltr'>Δυναστείᾳ.</span> <span class='ocrx_word' id='word_1_761' title='bbox 819 5667 954 5739; x_wconf 85' lang='lat' dir='ltr'><strong>Reg.</strong></span> <span class='ocrx_word' id='word_1_762' title='bbox 993 5672 1085 5740; x_wconf 90' lang='lat' dir='ltr'><strong>ph,</strong></span> <span class='ocrx_word' id='word_1_763' title='bbox 1114 5670 1206 5726; x_wconf 91' lang='lat' dir='ltr'><strong>Or.</strong></span> <span class='ocrx_word' id='word_1_764' title='bbox 1234 5670 1270 5722; x_wconf 58' lang='grc' dir='ltr'>ἓ</span> <span class='ocrx_word' id='word_1_765' title='bbox 1316 5681 1365 5725; x_wconf 90' lang='lat' dir='ltr'><strong>et</strong></span> <span class='ocrx_word' id='word_1_766' title='bbox 1400 5671 1574 5736; x_wconf 75' lang='lat' dir='ltr'><strong>l’ass.,</strong></span> <span class='ocrx_word' id='word_1_767' title='bbox 1610 5670 1771 5724; x_wconf 75' lang='grc' dir='ltr'>δυναο</span> 
     </span>
    </p>
   </div>
   <div class='ocr_carea' id='block_1_104' title="bbox 1896 4756 3458 4829">
    <p class='ocr_par' dir='ltr' id='par_1_104' title="bbox 1896 4756 3458 4829">
     <span class='ocr_line' id='line_1_104' title="bbox 1896 4756 3458 4829; baseline 0 -16"><span class='ocrx_word' id='word_1_768' title='bbox 1896 4760 2061 4814; x_wconf 90' lang='lat' dir='ltr'><strong>animi</strong></span> <span class='ocrx_word' id='word_1_769' title='bbox 2095 4758 2359 4814; x_wconf 85' lang='lat' dir='ltr'><strong>sententia</strong></span> <span class='ocrx_word' id='word_1_770' title='bbox 2388 4756 2690 4813; x_wconf 78' lang='lat' dir='ltr'><strong>constituta:</strong></span> <span class='ocrx_word' id='word_1_771' title='bbox 2737 4767 2882 4825; x_wconf 90' lang='lat' dir='ltr'><strong>sunt,</strong></span> <span class='ocrx_word' id='word_1_772' title='bbox 2925 4769 2978 4815; x_wconf 89' lang='lat' dir='ltr'><strong>et</strong></span> <span class='ocrx_word' id='word_1_773' title='bbox 3011 4761 3458 4829; x_wconf 87' lang='lat' dir='ltr'><strong>quemadmodum</strong></span> 
     </span>
    </p>
   </div>
   <div class='ocr_carea' id='block_1_105' title="bbox 1876 5042 2106 5103">
    <p class='ocr_par' dir='ltr' id='par_1_105' title="bbox 1876 5042 2106 5103">
     <span class='ocr_line' id='line_1_105' title="bbox 1876 5042 2106 5103; baseline 0 -8"><span class='ocrx_word' id='word_1_774' title='bbox 1876 5042 2106 5103; x_wconf 85' lang='grc' dir='ltr'>στείαις.</span> 
     </span>
    </p>
   </div>
   <div class='ocr_carea' id='block_1_106' title="bbox 1945 5105 3453 5180">
    <p class='ocr_par' dir='ltr' id='par_1_106' title="bbox 1945 5105 3453 5180">
     <span class='ocr_line' id='line_1_106' title="bbox 1945 5105 3453 5180; baseline -0.003 -16"><span class='ocrx_word' id='word_1_775' title='bbox 1945 5111 2057 5179; x_wconf 81' lang='grc'><strong>(57)</strong></span> <span class='ocrx_word' id='word_1_776' title='bbox 2097 5110 2166 5163; x_wconf 84' lang='grc' dir='ltr'><em>Τὸ</em></span> <span class='ocrx_word' id='word_1_777' title='bbox 2192 5107 2278 5162; x_wconf 84' lang='grc' dir='ltr'>δέ.</span> <span class='ocrx_word' id='word_1_778' title='bbox 2330 5107 2420 5163; x_wconf 90' lang='lat' dir='ltr'><strong>Sic</strong></span> <span class='ocrx_word' id='word_1_779' title='bbox 2462 5109 2627 5180; x_wconf 74' lang='lat' dir='ltr'><strong>chg.</strong></span> <span class='ocrx_word' id='word_1_780' title='bbox 2660 5123 2714 5173; x_wconf 89' lang='lat' dir='ltr'><strong>a,</strong></span> <span class='ocrx_word' id='word_1_781' title='bbox 2744 5109 2857 5173; x_wconf 66' lang='lat' dir='ltr'><strong>lim,</strong></span> <span class='ocrx_word' id='word_1_782' title='bbox 2882 5107 2975 5176; x_wconf 81' lang='lat' dir='ltr'><strong>ph,</strong></span> <span class='ocrx_word' id='word_1_783' title='bbox 3007 5105 3101 5161; x_wconf 89' lang='lat' dir='ltr'><strong>Or.</strong></span> <span class='ocrx_word' id='word_1_784' title='bbox 3128 5107 3179 5173; x_wconf 72' lang='grc' dir='ltr'>Ξ,</span> <span class='ocrx_word' id='word_1_785' title='bbox 3212 5118 3314 5159; x_wconf 68' lang='grc' dir='ltr'>νην.</span> <span class='ocrx_word' id='word_1_786' title='bbox 3357 5106 3453 5160; x_wconf 71' lang='grc' dir='ltr'><strong>Πε-</strong></span> 
     </span>
    </p>
   </div>
   <div class='ocr_carea' id='block_1_107' title="bbox 1871 5181 2231 5237">
    <p class='ocr_par' dir='ltr' id='par_1_107' title="bbox 1871 5181 2231 5237">
     <span class='ocr_line' id='line_1_107' title="bbox 1871 5181 2231 5237; baseline -0.011 0"><span class='ocrx_word' id='word_1_787' title='bbox 1871 5194 1949 5237; x_wconf 85' lang='lat' dir='ltr'><strong>est</strong></span> <span class='ocrx_word' id='word_1_788' title='bbox 1973 5182 2030 5234; x_wconf 80' lang='grc' dir='ltr'><em>δέ</em></span> <span class='ocrx_word' id='word_1_789' title='bbox 2060 5182 2110 5233; x_wconf 82' lang='grc' dir='ltr'><strong>ἰη</strong></span> <span class='ocrx_word' id='word_1_790' title='bbox 2144 5181 2231 5234; x_wconf 87' lang='lat' dir='ltr'><strong>ed.</strong></span> 
     </span>
    </p>
   </div>
   <div class='ocr_carea' id='block_1_108' title="bbox 1944 5248 2996 5319">
    <p class='ocr_par' dir='ltr' id='par_1_108' title="bbox 1944 5248 2996 5319">
     <span class='ocr_line' id='line_1_108' title="bbox 1944 5248 2996 5319; baseline -0.004 -16"><span class='ocrx_word' id='word_1_791' title='bbox 1944 5252 2056 5319; x_wconf 80' lang='grc'><strong>(58)</strong></span> <span class='ocrx_word' id='word_1_792' title='bbox 2094 5248 2378 5315; x_wconf 83' lang='grc' dir='ltr'>Ἐαυτοῖς.</span> <span class='ocrx_word' id='word_1_793' title='bbox 2407 5249 2539 5301; x_wconf 89' lang='lat' dir='ltr'><strong>Tres</strong></span> <span class='ocrx_word' id='word_1_794' title='bbox 2569 5248 2758 5316; x_wconf 76' lang='lat' dir='ltr'><strong>chg.,</strong></span> <span class='ocrx_word' id='word_1_795' title='bbox 2785 5248 2996 5310; x_wconf 80' lang='grc' dir='ltr'>αὐτοῖς.</span> 
     </span>
    </p>
   </div>
   <div class='ocr_carea' id='block_1_109' title="bbox 1942 5315 3169 5391">
    <p class='ocr_par' dir='ltr' id='par_1_109' title="bbox 1942 5315 3169 5391">
     <span class='ocr_line' id='line_1_109' title="bbox 1942 5315 3169 5391; baseline -0.004 -18"><span class='ocrx_word' id='word_1_796' title='bbox 1942 5315 2054 5391; x_wconf 73' lang='grc'><strong>(59)</strong></span> <span class='ocrx_word' id='word_1_797' title='bbox 2109 5318 2541 5391; x_wconf 59' lang='grc' dir='ltr'>ἰ’θῇτεχώρησαν.</span> <span class='ocrx_word' id='word_1_798' title='bbox 2574 5315 2764 5391; x_wconf 62' lang='lat' dir='ltr'><strong>Cojitb.</strong></span> <span class='ocrx_word' id='word_1_799' title='bbox 2798 5319 2945 5391; x_wconf 81' lang='lat' dir='ltr'><strong>addit</strong></span> <span class='ocrx_word' id='word_1_800' title='bbox 2971 5315 3169 5391; x_wconf 82' lang='grc' dir='ltr'>καλῶς.</span> 
     </span>
    </p>
   </div>
   <div class='ocr_carea' id='block_1_110' title="bbox 1945 5386 3315 5460">
    <p class='ocr_par' dir='ltr' id='par_1_110' title="bbox 1945 5386 3315 5460">
     <span class='ocr_line' id='line_1_110' title="bbox 1945 5386 3315 5460; baseline -0.004 -16"><span class='ocrx_word' id='word_1_801' title='bbox 1945 5386 2057 5460; x_wconf 64' lang='grc'><strong>(40)</strong></span> <span class='ocrx_word' id='word_1_802' title='bbox 2087 5389 2198 5443; x_wconf 77' lang='grc' dir='ltr'><strong>Καὶ</strong></span> <span class='ocrx_word' id='word_1_803' title='bbox 2240 5386 2607 5455; x_wconf 67' lang='grc' dir='ltr'>ἡττήθησαν.</span> <span class='ocrx_word' id='word_1_804' title='bbox 2648 5386 2770 5460; x_wconf 66' lang='lat' dir='ltr'><strong>&quot;me</strong></span> <span class='ocrx_word' id='word_1_805' title='bbox 2800 5389 2983 5460; x_wconf 81' lang='lat' dir='ltr'><strong>desunt</strong></span> <span class='ocrx_word' id='word_1_806' title='bbox 3016 5405 3064 5439; x_wconf 74' lang='lat' dir='ltr'><strong>tu</strong></span> <span class='ocrx_word' id='word_1_807' title='bbox 3101 5388 3228 5453; x_wconf 69' lang='lat' dir='ltr'><strong>llo-g.</strong></span> <span class='ocrx_word' id='word_1_808' title='bbox 3266 5400 3315 5438; x_wconf 70' lang='grc' dir='ltr'>θ.</span> 
     </span>
    </p>
   </div>
   <div class='ocr_carea' id='block_1_111' title="bbox 1945 5457 3198 5529">
    <p class='ocr_par' dir='ltr' id='par_1_111' title="bbox 1945 5457 3198 5529">
     <span class='ocr_line' id='line_1_111' title="bbox 1945 5457 3198 5529; baseline -0.006 -15"><span class='ocrx_word' id='word_1_809' title='bbox 1945 5457 2055 5529; x_wconf 69' lang='grc'><strong>(41)</strong></span> <span class='ocrx_word' id='word_1_810' title='bbox 2084 5461 2407 5525; x_wconf 71' lang='grc' dir='ltr'>Ηῦρισκον.</span> <span class='ocrx_word' id='word_1_811' title='bbox 2448 5461 2612 5529; x_wconf 68' lang='lat' dir='ltr'><strong>Ilegg,</strong></span> <span class='ocrx_word' id='word_1_812' title='bbox 2639 5473 2687 5521; x_wconf 73' lang='grc' dir='ltr'><strong>ρ,</strong></span> <span class='ocrx_word' id='word_1_813' title='bbox 2724 5457 2776 5521; x_wconf 83' lang='lat' dir='ltr'><strong>tl,</strong></span> <span class='ocrx_word' id='word_1_814' title='bbox 2812 5458 2903 5526; x_wconf 90' lang='lat' dir='ltr'><strong>ph,</strong></span> <span class='ocrx_word' id='word_1_815' title='bbox 2927 5457 3198 5529; x_wconf 75' lang='grc' dir='ltr'>εὕρισκον.</span> 
     </span>
    </p>
   </div>
   <div class='ocr_carea' id='block_1_112' title="bbox 1944 5522 3452 5599">
    <p class='ocr_par' dir='ltr' id='par_1_112' title="bbox 1944 5522 3452 5599">
     <span class='ocr_line' id='line_1_112' title="bbox 1944 5522 3452 5599; baseline -0.005 -15"><span class='ocrx_word' id='word_1_816' title='bbox 1944 5522 2053 5599; x_wconf 69' lang='grc'><strong>(42)</strong></span> <span class='ocrx_word' id='word_1_817' title='bbox 2093 5522 2267 5595; x_wconf 64' lang='grc' dir='ltr'><em>Πλὴν</em></span> <span class='ocrx_word' id='word_1_818' title='bbox 2320 5530 2376 5581; x_wconf 84' lang='grc' dir='ltr'>εἴ</span> <span class='ocrx_word' id='word_1_819' title='bbox 2420 5522 2549 5590; x_wconf 51' lang='lat' dir='ltr'><strong>uc.—</strong></span> <span class='ocrx_word' id='word_1_820' title='bbox 2577 5527 2741 5597; x_wconf 68' lang='lat' dir='ltr'><strong>Itegg.</strong></span> <span class='ocrx_word' id='word_1_821' title='bbox 2776 5522 2825 5591; x_wconf 73' lang='lat' dir='ltr'><strong>c,</strong></span> <span class='ocrx_word' id='word_1_822' title='bbox 2860 5530 2913 5589; x_wconf 74' lang='grc' dir='ltr'><strong>(Ι,</strong></span> <span class='ocrx_word' id='word_1_823' title='bbox 2945 5522 3161 5596; x_wconf 78' lang='lat' dir='ltr'><strong>Chrys.,</strong></span> <span class='ocrx_word' id='word_1_824' title='bbox 3198 5525 3289 5578; x_wconf 82' lang='lat' dir='ltr'><strong>Or.</strong></span> <span class='ocrx_word' id='word_1_825' title='bbox 3322 5522 3358 5577; x_wconf 75' lang='grc'>9.</span> <span class='ocrx_word' id='word_1_826' title='bbox 3395 5527 3452 5577; x_wconf 79' lang='lat' dir='ltr'><strong>ct</strong></span> 
     </span>
    </p>
   </div>
   <div class='ocr_carea' id='block_1_113' title="bbox 1870 5600 2404 5669">
    <p class='ocr_par' dir='ltr' id='par_1_113' title="bbox 1870 5600 2404 5669">
     <span class='ocr_line' id='line_1_113' title="bbox 1870 5600 2404 5669; baseline -0.006 -14"><span class='ocrx_word' id='word_1_827' title='bbox 1870 5600 2081 5664; x_wconf 82' lang='lat' dir='ltr'><strong>Couth.,</strong></span> <span class='ocrx_word' id='word_1_828' title='bbox 2117 5603 2164 5652; x_wconf 87' lang='grc' dir='ltr'><strong>εἰ</strong></span> <span class='ocrx_word' id='word_1_829' title='bbox 2197 5602 2270 5669; x_wconf 87' lang='grc' dir='ltr'>μή</span> <span class='ocrx_word' id='word_1_830' title='bbox 2300 5617 2404 5662; x_wconf 87' lang='grc' dir='ltr'>τις.</span> 
     </span>
    </p>
   </div>
   <div class='ocr_carea' id='block_1_114' title="bbox 1946 5668 3024 5743">
    <p class='ocr_par' dir='ltr' id='par_1_114' title="bbox 1946 5668 3024 5743">
     <span class='ocr_line' id='line_1_114' title="bbox 1946 5668 3024 5743; baseline -0.002 -21"><span class='ocrx_word' id='word_1_831' title='bbox 1946 5669 2057 5741; x_wconf 68' lang='lat' dir='ltr'><strong>(I3)</strong></span> <span class='ocrx_word' id='word_1_832' title='bbox 2098 5668 2451 5740; x_wconf 57' lang='grc' dir='ltr'>Πιιρερῤίρη.</span> <span class='ocrx_word' id='word_1_833' title='bbox 2484 5672 2617 5743; x_wconf 60' lang='lat' dir='ltr'><strong>Reg.</strong></span> <span class='ocrx_word' id='word_1_834' title='bbox 2644 5687 2691 5735; x_wconf 93' lang='lat' dir='ltr'><strong>c,</strong></span> <span class='ocrx_word' id='word_1_835' title='bbox 2725 5668 3024 5738; x_wconf 72' lang='grc' dir='ltr'>ἀπερρίφη.</span> 
     </span>
    </p>
   </div>
  </div>
