4050 6298
461 249 561 308 bii!

1693 242 1751 296 S.
1796 240 2123 297 GREGORII
2163 240 2508 297 TIIEOLOGI

3605 242 3719 298 55?.

462 379 621 420 nemo
648 365 750 416 Iide
775 374 988 423 carens,
1016 357 1340 426 sirtutisque
1365 356 1509 410 illius
1533 355 1770 425 ignarus,
1798 370 2033 424 unquam

2145 373 2266 417 των,
2298 355 2541 424 περινοεῖ
2570 372 2622 407 τι
2659 353 2771 424 (Η)
2803 357 2871 425 τῇ
2913 351 3123 424 διανοίᾳ
3164 352 3350 424 μεῖζον
3382 355 3476 407 καὶ
3509 354 3717 426 ὑψηλό-

464 457 759 511 arbitratns
794 462 955 517 esset,
989 450 1165 518 majus
1209 450 1482 517 quidpiam
1512 456 1565 501 et
1611 446 1891 500 sublimius
1919 446 2035 499 ani-

465 565 553 603 mo
582 550 785 616 agitare
820 544 1025 613 incipit.
1055 542 1186 595 Nam
1230 556 1350 595 cum
1381 541 1468 593 alii
1496 553 1686 592 omnes
1713 538 1764 590 id
1799 547 2033 590 tantum—

465 640 642 702 modo,
689 638 830 707 quo-l
877 646 1001 690 ante
1025 636 1188 705 pedes
1214 648 1296 687 εει
1318 672 1332 696 ,
1366 631 1617 693 videant,
1644 643 1845 697 suaque
1894 638 1947 681 ut
1982 628 2033 681 in

465 738 582 783 tuto
610 730 751 793 sint,
802 729 1047 780 laborent
1085 725 1149 795 (si
1185 734 1365 778 tamen
1418 722 1468 775 id
1517 721 1650 775 satis
1702 730 1873 773 tutum
1916 733 2035 773 esse

466 818 698 888 potest),
726 833 823 871 nec
858 818 1084 871 ulterius
1119 815 1552 884 progrediantur,
1595 826 1693 865 nec
1732 810 1908 880 magni
1939 811 2038 863 ali-

463 910 591 978 quid
626 918 680 963 et
716 909 961 972 strenui,
994 905 1075 959 vel
1104 904 1429 975 cogitatione
1472 901 1775 970 complecti,
1811 899 1891 952 vel
1925 898 2037 953 eili-

464 1017 587 1057 eere
621 1010 850 1071 queant;
880 999 992 1068 ipse
1019 1008 1203 1052 contra
1234 1036 1247 1058 ,
1286 995 1496 1049 tametsi
1536 991 1748 1046 exteris
1784 990 1835 1043 in
1871 991 2033 1044 rebus

462 1094 770 1147 moderatus
791 1100 954 1154 esset,
981 1091 1031 1143 in
1065 1088 1147 1141 his
1175 1098 1351 1140 tamen
1378 1084 1589 1138 modum
1621 1082 2033 1149 haudquaquam

464 1194 643 1249 tenet;
682 1198 863 1236 verum
913 1182 1124 1235 sublato
1181 1180 1232 1231 in
1280 1177 1446 1230 altum
1482 1174 1692 1242 capite,
1731 1173 2032 1240 mentisque

461 1276 635 1330 oculis
667 1287 1099 1343 quoquoversum
1131 1269 1370 1339 jactatis,
1406 1280 1594 1319 omnes
1627 1277 1718 1317 eas
1744 1263 1889 1316 orbis
1915 1277 2037 1330 par-

465 1379 567 1429 tes,
601 1381 736 1435 quas
778 1363 1054 1419 salutifera
1087 1360 1284 1415 Christi
1319 1359 1559 1412 doctrina
1592 1365 1879 1425 pervagata
1916 1363 2034 1419 est,

463 1454 895 1523 comprehendit.
930 1452 1065 1505 Cum
1116 1461 1294 1503 autem
1335 1448 1563 1511 videret,
1606 1460 1852 1515 itiagnam
1891 1444 2035 1498 illam

464 1547 560 1601 Dei
592 1546 983 1605 haereditatem,
1028 1542 1306 1611 ipsiusque
1340 1538 1580 1591 doctrina
1605 1546 1661 1590 et
1702 1536 1928 1604 legibus,
1957 1545 2039 1588 at-

465 1653 569 1706 que
604 1636 932 1697 cruciatibus
964 1633 1323 1701 acquisitam,
1347 1639 1561 1699 gentem
1596 1629 1738 1682 illam
1770 1639 2033 1695 sanctam,

2135 464 2311 517 τερον.
2351 446 2473 498 Τῶν
2516 445 2625 517 γὰρ
2672 447 2847 500 ἄλλων
2886 447 3141 499 ἁπάντων
3180 446 3241 499 τὸ
3280 447 3338 498 ἐν
3377 447 3505 500 ποσὶ
3557 448 3725 519 μόνον

2133 537 2405 607 ὁρώντων,
2432 537 2526 590 καὶ
2548 537 2609 588 τὸ
2635 536 2755 589 κατ’
2780 536 2977 599 αὐτοὺς
3008 537 3118 604 (65)
3144 537 3290 599 ὅπως
3319 537 3579 604 ἀσφαλῶς
3605 538 3724 603 ἕξει

2135 625 2519 696 λογιζομένων,
2556 627 2713 698 εἴπερ
2744 624 2903 679 τοῦτο
2932 626 3200 693 ἀσφαλὲς,
3234 628 3541 697 περαιτέρω
3574 627 3617 679 δ’
3653 627 3721 679 οὐ

2136 718 2454 790 προϊόντων,
2484 719 2607 771 οὐδὲ.
2651 737 2703 771 τι
2739 718 2882 787 μέγα
2912 718 3005 771 καὶ
3034 718 3311 781 νεανικὸν,
3355 718 3386 789 ἢ
3437 719 3720 788 ἐννοῆσαι,

2136 809 2169 879 ἢ
2204 811 2658 880 καταπράξασθαι
2690 810 3002 880 δυναμένων
3026 826 3038 839 ⁸
3082 809 3257 861 καίτοι
3284 809 3454 862 τᾶλλα
3496 811 3724 881 μέτριος

2135 899 2232 963 ῶν,
2264 902 2321 953 ἐν
2348 900 2559 963 τούτοις
2585 902 2644 952 οὐ
2680 901 2995 971 μετριάζειν
3028 900 3142 953 ἀλλ’
3177 900 3310 969 ὑψοῦ
3345 901 3443 971 τὴν
3477 901 3724 973 κεφαλὴν

2135 991 2347 1055 διάρας,
2391 993 2485 1045 καὶ
2519 992 2703 1063 κύκλῳ
2730 993 2790 1045 τὸ
2814 992 2914 1061 τῆς
2948 992 3127 1061 ψυχῆς
3157 991 3309 1062 ὄμμα
3341 993 3724 1064 περιαγαγὼν,

2138 1080 2317 1132 πᾶσαν
2351 1079 2482 1131 είσω
2517 1082 2753 1132 ποιεῖται
2796 1081 2895 1150 τὴν
2931 1082 3276 1151 οἰκουμένην,
3307 1082 3437 1152 ὅσην
3481 1084 3510 1134 ό
3546 1084 3729 1153 σωτή-

2142 1187 2254 1238 ριος
2278 1170 2435 1238 λόγος
2460 1170 2791 1242 ἐπέδραμεν.
2835 1171 3007 1243 Ὁρῶν
3037 1172 3094 1225 δὲ
3129 1172 3219 1225 τὸν
3252 1172 3427 1243 μέγαν
3458 1173 3549 1227 τού
3585 1173 3725 1226 Θεοῦ

2138 1261 2358 1332 κλῆρον,
2402 1262 2497 1315 καὶ
2526 1265 2637 1324 τοῖς
2672 1262 2835 1315 αὐτοῦ
2876 1262 3086 1330 λόγοις,
3114 1263 3209 1316 καὶ
3247 1262 3453 1334 νόμοις,
3484 1265 3577 1318 καὶ
3615 1266 3725 1319 πά-

2139 1350 2256 1403 θεσι
2287 1350 2727 1421 περιπειηθέντα,
2760 1350 2821 1402 τὸ
2859 1349 3013 1418 ἅγιον
3049 1351 3227 1415 ἔθνος,
3259 1351 3320 1404 τὸ
3347 1350 3617 1420 βασίλειον
3644 1354 3727 1404 ἱε-

2142 1443 2408 1513 ράτευμα,
2446 1441 2634 1504 κακῶς
2678 1441 3055 1512 διακείμενον,
3100 1443 3180 1505 εἷς
3226 1460 3285 1495 τε
3331 1443 3531 1514 μυρίας
3566 1443 3730 1508 δόξας

2139 1536 2236 1587 xai.
2266 1534 2473 1597 πλάνας
2500 1533 2897 1605 διεσπασμένον
2926 1533 3037 1604 (46)
3063 1551 3076 1564 ·
3108 1535 3203 1587 καὶ
3231 1535 3329 1606 τὴν
3362 1535 3421 1599 ἐξ
3447 1535 3727 1601 Αἰγύπτου

2144 1626 2496 1696 μετηρμὲνην
2523 1628 2618 1679 καὶ
2655 1626 3209 1696 μεταπεφυτευμένην
3237 1627 3500 1695 ἄμπελον,
3530 1629 3594 1680 ἐκ
3625 1628 3729 1696 τῆς

464 1730 672 1798 regium
707 1728 833 1781 illud
861 1726 1217 1781 sacerdotium
1248 1724 1312 1787 ‘5,
1343 1723 1481 1775 male
1521 1736 1578 1775 se
1608 1721 1810 1775 habere
1830 1761 1843 1782 ,
1875 1731 2038 1790 atque

2145 1717 2304 1771 ἀθέου
2346 1718 2441 1769 καὶ
2484 1719 2765 1787 σκοτεινῆς
2796 1717 3019 1786 ἀγνοίας
3055 1719 3135 1781 εἰς
3177 1718 3374 1781 κάλλος
3403 1737 3462 1771 τε
3494 1721 3590 1771 καὶ
3629 1721 3733 1789 μέ-

465 1822 517 1874 in
551 1827 829 1872 sexcentas
860 1816 1139 1883 opiniones
1166 1824 1220 1867 et
1255 1828 1470 1867 errores
1503 1813 1819 1865 distractum
1852 1826 1973 1865 esse
2008 1831 2022 1866 :

464 1919 624 1978 atque
655 1909 861 1960 vineam
900 1906 1043 1957 illam
1064 1943 1078 1967 ,
1131 1919 1250 1972 qua}
1295 1918 1359 1956 ex
1391 1902 1657 1973 Egypto,
1702 1902 1803 1956 hoc
1834 1911 1938 1968 est,
1970 1917 2038 1957 ex

464 2000 623 2067 impia
679 2008 733 2051 et
774 1997 1063 2063 caliginosa
1099 1995 1425 2064 ignorantia,
1461 1994 1725 2046 translata
1763 2002 1817 2045 et
1856 2000 2037 2045 trans-

462 2094 697 2161 plantata
719 2090 895 2145 fuerat
919 2091 985 2153 ⁸³,
1008 2102 1231 2156 qumque
1245 2087 1309 2139 ad
1330 2096 1434 2139 tam
1455 2086 1770 2139 immensam
1799 2083 2037 2151 pulchri-

465 2186 704 2238 tudinem
757 2191 812 2235 et
866 2178 1292 2249 magnitudinem
1340 2186 1697 2244 pervenerat,
1731 2185 1787 2228 ut
1840 2184 2039 2228 terram

462 2276 768 2328 universam
812 2271 1075 2339 operiret,
1102 2282 1167 2320 ac
1196 2281 1358 2334 supra
1396 2276 1605 2319 montes
1637 2274 1690 2318 et
1723 2265 1914 2318 cedros
1946 2280 2038 2319 as-

461 2372 746 2431 surgeret;
786 2361 946 2422 hanc,
975 2358 1217 2423 inquam,
1247 2371 1275 2406 a
1306 2369 1472 2423 pravo
1501 2362 1555 2407 et
1586 2358 1784 2423 agresti
1809 2368 1960 2421 apro,
1987 2353 2040 2407 id

463 2463 569 2517 est,
633 2468 665 2504 a
716 2449 952 2511 diabolo,
1006 2446 1385 2500 labefactatam
1437 2455 1492 2498 et
1548 2453 1911 2513 pervastatam
1958 2445 2036 2511 ης

2142 1808 2301 1878 γεθος
2340 1808 2566 1879 ἄπειρον
2604 1809 2995 1897 προελθοῦσαν,
3030 1810 3105 1875 ὡς
3146 1811 3381 1881 καλύψαι
3415 1813 3594 1867 πᾶσαν
3626 1812 3734 1884 τὴν

2142 1902 2266 1972 γῆν,
2308 1902 2402 1954 καὶ
2451 1901 2593 1972 ὁρῶν
2635 1902 2728 1953 καὶ
2769 1902 2976 1973 κέδρων
3030 1903 3541 1974 ὑπερεκτείνεσθαι·
3589 1904 3733 1958 ταύ-

2140 2009 2239 2062 την
2286 1993 2395 2063 (47)
2445 1993 2668 2064 πονηρῷ
2706 1995 2801 2047 καὶ
2835 1994 3011 2065 ἀγρίῳ
3042 1995 3149 2059 συῒ,
3178 1996 3257 2067 τῷ
3289 1998 3537 2069 διαϐόλῳ,
3573 1998 3735 2052 λελυ-

2146 2084 2433 2155 μασμένην
2454 2102 2466 2115 ·
2492 2085 2592 2138 οὑκ
2613 2084 2885 2157 αὔταρκες
2908 2087 3280 2157 ὑπολαμϐάνει
3304 2089 3520 2162 Θρηνεῖν
3547 2091 3732 2161 ἡσυχῆ

2144 2174 2207 2226 τὸ
2257 2174 2449 2239 πάθος,
2495 2176 2589 2228 καὶ
2647 2176 2782 2245 πρὸς
2836 2176 2968 2229 Θεὸν
3021 2177 3180 2247 μόνον
3231 2177 3406 2249 αἴρειν
3463 2178 3577 2249 (48)
3628 2179 3735 2241 τὰς

2147 2270 2357 2337 χεῖρας,
2382 2268 2477 2319 xui.
2510 2267 2640 2337 παρ’
2672 2268 2882 2320 ἐκείνου
2907 2267 3017 2321 τῶν
3046 2270 3383 2339 κατεχόντων
3417 2270 3601 2323 κακῶν
3630 2269 3731 2321 λύ-

2148 2375 2232 2411 σιν
2266 2359 2470 2429 ζητεῖν,
2498 2359 2659 2422 αὐτὸς
2690 2360 2748 2413 δὲ
2777 2359 3058 2413 καθεύδειν
3077 2375 3091 2390 ⁸
3122 2362 3259 2414 ἀλλά
3283 2379 3334 2414 τι
3360 2363 3455 2415 καὶ
3487 2361 3730 2433 βοηθεῖν,

2146 2447 2242 2500 καὶ
2273 2448 2403 2518 παρ’
2437 2446 2627 2501 ἑαυτοῦ
2664 2449 3038 2520 συνεισφέρειν
3073 2451 3209 2522 ᾤετο
3241 2451 3370 2506 δεῖν.

465 2549 880 2615 haudquaquam
929 2545 1061 2597 satis
1125 2556 1246 2596 esse
1281 2540 1578 2609 judicavit,
1650 2543 1693 2593 si
1759 2540 1898 2594 hanc
1937 2541 2299 2596 calamitatem
2353 2547 2513 2598 tacite
2557 2543 2899 2614 deploraret,
2939 2562 3235 2615 manusque
3276 2546 3342 2600 ad
3387 2546 3551 2601 Deum
3587 2547 3734 2601 dun-

467 2651 614 2695 taxat
646 2640 899 2704 tolleret,
929 2638 997 2691 ab
1037 2651 1229 2705 eoque,
1259 2647 1314 2689 ut
1345 2636 1598 2707 urgentia
1637 2635 1779 2689 mala
1814 2635 2124 2705 depelleret,
2189 2638 2436 2706 precibus
2504 2640 2876 2704 contenderet,
2948 2640 3063 2708 ipse
3107 2657 3236 2694 vero
3268 2641 3474 2696 interea
3527 2643 3738 2698 dormi-

464 2744 581 2798 ret;
610 2748 797 2786 verum
834 2733 1139 2785 faciendum
1174 2730 1273 2783 sibi
1302 2744 1519 2799 quoque
1544 2730 1770 2798 putavit,
1800 2740 1861 2783 ut
1884 2745 2041 2798 opem
2082 2734 2368 2800 quamdam
2397 2730 2631 2798 aﬂerret,
2662 2749 2726 2788 ae
2755 2734 2822 2788 de
2855 2750 2952 2788 suo
2982 2733 3182 2802 aliquid
3212 2744 3484 2803 erogaret.

532 2826 693 2882 XLII.
735 2827 872 2892 Quid
929 2826 1071 2878 enim
1129 2826 1228 2879 hac
1289 2826 1597 2879 calamitate
1632 2825 1860 2889 tristius,
1917 2841 2037 2879 cum

2213 2829 2346 2881 MB'.
2383 2830 2447 2881 Τί
2484 2828 2594 2900 γὰρ
2635 2824 2789 2883 εἶναι’
2807 2831 2904 2901 τῆς
2938 2834 3225 2903 συμφορᾶς
3260 2833 3463 2902 ταύτης
3509 2831 3738 2903 ἀνιαρό-

465 2921 635 2975 satius
669 2926 831 2983 esset,
865 2927 923 2969 ut
956 2915 1001 2969 is
1023 2956 1036 2980 ,
1072 2917 1161 2984 qui
1208 2932 1421 2969 sursum
1459 2924 1691 2985 spectat,
1716 2917 1881 2987 803
1915 2931 2044 2985 ope-

464 3027 579 3067 ram
615 3012 664 3063 in
705 3024 815 3063 rem
862 3009 1130 3077 publicam
1185 3008 1493 3062 conferret?
1540 3007 1660 3062 Uno
1709 3011 1905 3063 etenim
1941 3010 2042 3063 ho-

468 3105 610 3156 mine
650 3113 797 3155 recte
836 3114 928 3154 aut
979 3101 1118 3155 male
1154 3117 1212 3155 se
1247 3112 1490 3168 gerente,
1524 3102 1656 3155 nihil
1710 3102 1833 3156 hinc
1869 3102 2045 3171 reipu-

465 3195 617 3251 blicte
646 3194 921 3266 portendi;
974 3202 1031 3247 at
1057 3193 1331 3261 republica
1377 3193 1479 3248 hoc
1522 3203 1612 3247 aut
1658 3194 1747 3247 illo
1776 3197 1937 3249 modo
1983 3210 2043 3249 se

468 3288 726 3352 habente,
761 3284 1000 3354 singulos
1034 3284 1197 3336 etiam
1240 3285 1428 3337 eodem
1474 3286 1631 3338 modo
1657 3284 1797 3339 aiIlei
1827 3300 2046 3340 necesse

466 3396 604 3434 esse.
643 3378 763 3430 llzcc
801 3378 965 3445 igitur
992 3376 1099 3428 ille
1155 3374 1357 3442 publici
1397 3378 1664 3429 commodi
1726 3388 2045 3445 procurator

465 3483 520 3525 ct
582 3472 808 3523 antistes
866 3483 1047 3522 secum
1125 3480 1383 3535 reputans
1464 3478 1625 3536 atque
1706 3470 2046 3535 perpendens

466 3560 923 3635 (quandoquidem
966 3559 1107 3611 tinea
1142 3558 1343 3610 ossium
1390 3564 1473 3610 est
1518 3572 1615 3611 cor
1641 3571 1799 3610 sensu
1851 3560 2046 3626 przedl-

468 3666 604 3717 tum,
640 3664 698 3707 ut
724 3651 997 3705 Salomoui
1032 3651 1072 3680 "
1106 3662 1159 3702 et
1186 3650 1397 3703 veritati
1436 3649 1645 3716 placet;
1682 3659 1845 3718 atque
1880 3659 1936 3702 ut
1959 3652 2044 3703 in-

467 3746 702 3802 dolentia
738 3745 854 3797 heta
896 3752 978 3796 est
1010 3753 1063 3795 et
1092 3741 1302 3804 hilaris,
1336 3742 1408 3793 ita
1440 3742 1843 3794 commiseratio
1876 3741 2045 3797 tristis

466 3849 520 3892 et
538 3837 750 3898 aeerba,
777 3844 1071 3903 pectusque
1092 3831 1307 3886 conlicit
1331 3834 1581 3885 diuturna
1608 3832 1883 3901 cogitatio)
1915 3850 1928 3897 ;
1960 3833 2033 3887 id-

467 3930 615 3981 circo
656 3924 952 3989 mmrebat,
985 3923 1307 3992 angebatur,
1348 3922 1865 3985 convulnerabatur,
1904 3922 2043 3977 idem

469 4019 593 4089 ipsi,
622 4018 763 4087 quod
790 4014 1026 4079 Jonze“,
1068 4014 1206 4083 quod
1249 4014 1455 4078 Davidi,
1499 4029 1597 4066 usu
1627 4015 1895 4079 veniebat,
1928 4018 2045 4069 aui-

469 4126 617 4166 mum
646 4107 1035 4176 despondebat,
1065 4120 1184 4169 nec,
1207 4115 1299 4157 aut
1318 4119 1567 4158 somnum
1589 4104 1783 4166 oculis,
1806 4114 1900 4158 aut
1922 4106 2045 4159 dor-

2145 2936 2331 2991 τερον,
2369 2920 2510 2992 ὑπὲρ
2552 2922 2609 2973 δὲ
2649 2922 2743 2975 τοῦ
2787 2923 2968 2976 κοινοῦ
3009 2924 3207 2995 χρῆναι
3262 2925 3459 2995 μᾶλλον
3495 2926 3737 2980 σπουδά-

2147 3010 2260 3074 ζειν
2296 3010 2406 3082 (49)
2440 3011 2531 3064 τὸν
2566 3011 2678 3066 ἄνω
2716 3013 3009 3084 βλέποντα;
3055 3015 3204 3079 Ἐνδς
3240 3016 3337 3086 μὲν
3389 3017 3499 3088 γάρ
3528 3016 3640 3088 (50)
3669 3013 3733 3071 εὗ

2148 3102 2498 3172 πράττοντος,
2534 3105 2566 3173 ἣ
2599 3104 2812 3170 κακῶς,
2844 3107 2997 3160 οὐδὲν
3035 3107 3113 3178 τῷ
3151 3109 3314 3179 κοινῴ
3344 3109 3501 3164 τοῦτο
3538 3112 3737 3183 ἐπιση-

2150 3194 2364 3263 μαίνειν
2386 3210 2399 3224 ο
2428 3193 2521 3245 τού
2548 3194 2729 3247 κοινοῦ
2759 3196 2813 3249 δὲ
2845 3197 3019 3261 οὓτως
3051 3198 3083 3269 ἢ
3115 3199 3338 3262 ἐκείνως
3368 3199 3606 3271 ἔχοντος,
3637 3202 3737 3259 καὶ

2145 3283 2236 3335 τὸν
2264 3282 2383 3334 καθ’
2410 3282 2638 3335 ἕκαστον
2661 3284 2862 3354 ὁμοίως
2889 3285 3051 3355 ἔχειν,
3085 3287 3263 3338 πᾶσαν
3292 3282 3431 3339 εἶναι
3457 3287 3729 3360 ἀνάγκην.

2147 3372 2313 3425 Ταῦτ’
2358 3370 2451 3427 οὖν
2497 3374 2693 3428 ἐννοῶν
2737 3376 2830 3427 καὶ
2866 3374 3086 3427 σκοπῶν
3134 3377 3341 3438 ἐκεῖνος
3382 3376 3516 3446 (51),
3569 3379 3598 3430 ὁ
3633 3374 3735 3432 τοῦ

2148 3464 2325 3517 κοινοῦ
2367 3465 2620 3536 κηδεμὼν
2653 3466 2749 3519 καὶ
2791 3467 3102 3536 προστάτης
3137 3466 3366 3537 (ἐπειδὴ
3401 3468 3499 3536 σὴς
3528 3468 3737 3524 ὀστέων

2148 3556 2344 3627 καρδία
2372 3557 2685 3629 αἰσθητικὴ,
2719 3558 2795 3621 ὡς
2826 3558 3133 3628 Σολομῶντι
3168 3560 3261 3611 καὶ
3292 3562 3358 3631 τῇ
3386 3560 3614 3631 ἀληθείᾳ
3646 3560 3739 3615 δο-

2148 3650 2266 3700 κεῖ’
2309 3648 2404 3701 καὶ
2428 3648 2491 3701 τὸ
2528 3648 2626 3718 μὲν
2664 3648 2987 3721 ἀνάλγητον,
3017 3648 3286 3721 εὔθυμον·
3329 3652 3392 3704 τὸ
3415 3652 3470 3705 δὲ
3512 3670 3740 3724 συμπα-

2148 3737 2257 3801 θὲς,
2286 3738 2563 3810 λυτιεσηρόν⁸
2589 3740 2683 3792 καὶ
2711 3740 2866 3811 ’πῆξις
2895 3742 3143 3811 καρδίας,
3161 3742 3398 3813 ἕμμονος
3425 3744 3734 3817 λογισμὸς),

2147 3831 2238 3884 διὰ
2298 3832 2456 3886 τοῦτο
2527 3834 2862 3901 ἐσφάδαζεν,
2940 3837 3155 3906 ἠνιᾶτο,
3228 3839 3734 3910 κατετιτρώσκετο,

2147 3924 2353 3995 ἔπασχε
2380 3925 2440 3977 τὸ
2477 3927 2649 3988 Ἰωνᾶ,
2677 3928 2738 3980 τὸ
2759 3927 2941 3993 Δαϐιδ,
2968 3928 3263 3997 ἁπελέγετο
3283 3930 3380 4001 τὴν
3401 3930 3601 4002 ψυχὴν,
3629 3933 3737 3988 οὐκ

2147 4018 2316 4070 ἐδίδου
2368 4017 2535 4071 ὕπνον
2576 4023 2688 4083 τοῖς
2734 4021 3060 4093 ὀφθαλμοῖς,
3095 4023 3215 4075 οὐδὲ
3260 4025 3567 4095 νυσταγμὺν
3617 4028 3738 4091 τοῖς

2151 4109 2474 4181 βλεφάροις
2509 4112 2893 4182 προσεδαπάνα
2926 4114 2986 4166 τὸ
3018 4114 3335 4186 λειπόμενον
3366 4116 3474 4169 τῶν
3511 4117 3735 4188 σαρκῶν

468 4201 809 4257 mitationem
838 4195 1108 4267 palpebris
1147 4195 1476 4251 concedebat
1505 4196 1547 4228 ¹⁹
1578 4213 1591 4249 :
1636 4195 1898 4265 quidquid
1923 4211 2017 4250 car

2151 4202 2270 4262 ταῖς
2295 4200 2593 4271 φροντίσιν,
2628 4202 2731 4265 ἕως
2760 4202 2896 4276 εὕρῃ
2926 4203 3019 4257 τοῦ
3059 4203 3229 4257 κακοῦ
3266 4204 3417 4257 λύσιν
3437 4222 3451 4235 ·
3484 4205 3737 4277 ἐπιζητεῖ

468 4295 615 4350 nium
658 4298 958 4363 supererat,
986 4292 1129 4345 curis
1161 4288 1497 4353 absumebat,
1522 4288 1698 4358 quoad
1746 4288 1869 4342 huic
1896 4288 2037 4344 malo

469 4386 766 4440 remedium
804 4384 1130 4445 invenisset;
1162 4380 1399 4435 divinam
1440 4391 1494 4433 et
1521 4380 1814 4434 humanam
1842 4395 1995 4450 opem
2021 4419 2037 4443 ,

468 4494 586 4549 qua:
614 4477 884 4547 publicum
930 4475 1235 4530 incendium
1269 4474 1672 4541 comprimeret,
1705 4470 2039 4542 oil‘usamque

469 4570 626 4625 nobis
648 4568 935 4637 caliginem
975 4566 1296 4629 discuteret,
1331 4564 1675 4633 implorabat.

536 4661 718 4716 XLIII.
752 4662 928 4728 Atque
979 4657 1109 4711 illud
1145 4656 1361 4723 quidem
1411 4670 1577 4708 unum
1612 4654 1768 4709 valde
1804 4654 2040 4709 salutife-

470 4766 587 4806 rum
620 4750 913 4819 excogitat.
956 4746 1089 4800 Nam
1122 4760 1244 4800 cum
1302 4745 1563 4813 seipsum,
1610 4753 1868 4813 quantmn
1926 4743 2041 4799 fieri

541 4864 587 4897 “
612 4863 628 4918 l
655 4862 800 4917 Petr.
834 4877 895 4921 II,
926 4859 979 4913 9.
1059 4858 1101 4891 ¹⁵
1130 4857 1273 4912 Psal.
1304 4872 1467 4911 um
1519 4855 1573 4911 9.
1651 4856 1694 4886 ¹⁶
1724 4856 1854 4911 ibid.
1881 4856 1968 4911 Il.

542 5028 654 5095 (M)
700 5030 778 5079 Tt.
810 5025 865 5077 In
900 5024 1183 5095 nonnullis,
1218 5023 1316 5076 ἔτι.

694 5095 832 5150 Κατ’
870 5094 1109 5159 αὐτούς.
1143 5095 1232 5148 Sic
1274 5094 1450 5163 plures
1491 5090 1645 5145 codd.
1686 5091 1740 5145 In
1785 5091 1893 5157 ed.,
1923 5093 2041 5145 καθ’

473 5186 1168 5310 ωῗὲἔξᾏιεσπασμένον.
1200 5233 1374 5310 Pass,
1407 5229 1817 5310 διεσπαρμένον.

543 5303 656 5379 (47)
702 5303 1031 5375 Ταύτηνξὴι
1062 5310 1146 5361 ed.
1175 5306 1416 5374 sequitur
1446 5305 1522 5368 δέ,
1554 5306 1693 5370 quod
1720 5303 2039 5358 auctoritate

469 5381 626 5435 codd.
657 5380 971 5432 delevituus.

508 5450 651 5535 ’(48)
691 5449 889 5535 Μόνον
910 5448 1117 5514 αἴρειν.
1149 5443 1237 5500 Sic
1267 5444 1434 5514 Regg.
1460 5461 1510 5511 a,
1536 5444 1624 5499 bm
1649 5456 1702 5500 et
1728 5445 1816 5501 ob.
1851 5443 1903 5496 In
1926 5445 2035 5511 ed.,

468 5519 643 5589 αἴρειν
667 5519 844 5590 μόνον.

540 5591 649 5657 (49)
696 5587 863 5656 Ὑπὲρ
890 5587 956 5640 δὲ
980 5585 1083 5639 τοῦ
1115 5585 1316 5639 κοινοῦ
1338 5583 1823 5657 χρῆναιλιιῖᾼλον
1851 5597 2039 5657 σπου-

469 5655 684 5720 δάζειν.
720 5658 809 5715 Sic
831 5655 1007 5729 Itegg.
1035 5673 1085 5723 a,
1115 5660 1167 5725 d,
1195 5658 1299 5713 duo
1330 5657 1519 5719 Uoisl.,
1549 5655 1641 5710 0r.
1670 5656 1724 5722 2,
1752 5667 1804 5711 et
1846 5656 2033 5710 Comb.

2048 4858 2090 4889 ⁸⁷
2122 4857 2283 4917 Prov.
2322 4878 2431 4929 xiv,
2457 4863 2543 4918 50.

2154 4289 2304 4342 Θείαν
2341 4289 2613 4361 βοήθειαν,
2645 4292 2677 4362 ἢ
2724 4293 3068 4366 ἀνθρωπίνην
3100 4294 3232 4365 (52),
3268 4296 3389 4365 ἥτις
3421 4296 3607 4366 στήσει
3636 4296 3738 4352 τὸν

2154 4383 2328 4434 κοινὸν
2358 4383 2706 4455 ἐμπρησμὸν,
2744 4385 2839 4437 καὶ
2870 4386 2969 4459 τὴν
3010 4388 3308 4459 ἐπέχουσαν
3357 4389 3505 4459 ἡμᾶς
3543 4389 3739 4442 σκοτό-

2154 4488 2369 4541 μαιναν.

2219 4656 2317 4709 ΜΓ
2319 4663 2352 4709 ’.
2394 4659 2489 4710 Ἐν
2533 4660 2630 4728 μὲν
2674 4654 2766 4711 οὖν
2811 4660 2987 4712 ἐκεῖνο
3029 4662 3235 4713 ἐπινοεῖ
3269 4662 3362 4714 καὶ
3397 4662 3516 4715 λίαν
3553 4664 3737 4735 σωτή-

2154 4762 2295 4816 ριον·
2331 4747 2663 4816 Συναγαγὼν
2714 4748 2939 4815 ἐαυτὸν,
2977 4749 3054 4813 ὡς
3094 4744 3203 4801 οἷόν
3236 4767 3293 4802 τε
3326 4746 3417 4820 ἦν,
3452 4752 3547 4804 καὶ
3593 4768 3735 4820 συγ-

2626 4864 2668 4895 ¹⁸
2699 4863 2820 4918 Jun.
2861 4879 2947 4928 tv,
2978 4864 3033 4919 9.
3102 4865 3143 4897 ¹⁹
3167 4864 3305 4919 Psal.
3332 4880 3489 4919 cum
3511 4906 3527 4932 ,
3567 4866 3625 4922 4.

2146 5024 2201 5078 In
2231 5025 2317 5080 ed.
2347 5039 2360 5076 :
2390 5024 2531 5094 ὑπὲρ
2555 5023 2610 5076 δὲ
2641 5020 2734 5075 τοῦ
2760 5021 2957 5092 μᾶλλον
2984 5021 3182 5091 χρῆναι
3207 5019 3523 5083 σπουδάζειν
3544 5060 3558 5085 ,
3585 5025 3735 5093 quod

2146 5097 2225 5149 sic
2271 5097 2431 5149 vertit
2461 5095 2646 5147 Bittius
2681 5109 2752 5164 :_t
2784 5094 2888 5146 Aut
2931 5109 3027 5160 pro
3062 5107 3166 5159 qua
3198 5094 3408 5164 tandem
3444 5107 3503 5147 re
3558 5094 3738 5164 magis

2145 5166 2529 5219 elaborandum
2557 5165 2603 5218 ei
2628 5162 2719 5231 qui
2749 5178 2957 5216 sursum
2994 5162 3239 5228 spectat?
3281 5181 3299 5212 ι

2381 5233 2543 5311 ’β’-νὸς
2576 5229 2693 5311 μέν
2719 5231 2848 5311 γᾴρ.
2878 5232 3043 5309 (ἓιιιιτἐ
3077 5229 3458 5311 ςιι1.‹1ἰι.ἀνδρόῇ

2228 5300 2337 5376 (Si)
2390 5300 2649 5376 ‘Erroc'br
2701 5302 2796 5376 καί
2846 5300 3090 5376 σκοπῶν
3112 5300 3373 5376 ἐκεῖνος.
3424 5300 3513 5353 Sic
3549 5315 3738 5376 putres

2156 5370 2329 5442 chg.
2379 5385 2433 5428 et
2482 5374 2573 5426 Or.
2611 5373 2665 5428 2.
2723 5373 2778 5425 lu
2824 5375 2934 5437 ed.,
2982 5370 3176 5425 ἐννοῶν
3221 5372 3443 5434 ἐκεῖνος,
3483 5370 3577 5422 καὶ
3607 5388 3739 5423 σκο-

2159 5462 2296 5497 πων.

2228 5514 2338 5584 (52)
2379 5516 2874 5581 ”11ανσρωπ.νην.
2933 5513 3063 5581 lleg.
3109 5514 3179 5567 hu
3220 5518 3274 5566 et
3331 5509 3478 5577 Pan,
3509 5527 3608 5563 ουκ
3642 5525 3734 5563 αν-

2157 5585 2453 5656 θρωπίνην.
2484 5584 2538 5639 In
2566 5585 2835 5639 nonnullis
2864 5584 3010 5639 deest
3035 5584 3087 5653 ἦ.
