4050 6298
285 223 390 280 553

1132 230 1390 293 ORATIO
1430 232 1613 295 XLIII.
1655 273 1721 283 -—
1760 236 1827 295 IN
1865 238 2147 300 LAUDEM
2187 242 2430 304 BASILH
2469 250 2702 310 MAGNI.

3432 256 3535 324 εει

281 334 505 401 κλείσας
535 334 612 409 τῷ
646 336 954 411 πνεύματι,
990 345 1085 399 καὶ
1116 348 1320 413 πάντας
1362 351 1461 421 μὲν
1492 353 1862 424 ἀνθρωπίνους

281 424 574 446 ,ψη-ηπ
724 430 736 446 ,
957 435 984 446 ..
1063 436 1102 446 -.
1189 437 1215 446 -
1286 440 1326 446 _
1455 442 1479 446 μ
1716 445 1721 446 κ

1968 368 2196 427 poterat,
2254 362 2581 433 collegisset,
2633 375 2686 421 et
2748 381 2869 423 cum
2908 369 3101 440 spiritu
3157 375 3532 446 conclusisset,

279 424 578 497 λογισμοὺς
619 430 872 500 κινήσας,
907 435 1015 487 πᾶν
1056 436 1114 488 δὲ
1146 437 1255 492 τῶν
1286 440 1520 511 Γραφῶν
1558 444 1667 515 (55)
1703 445 1865 515 βάθος

275 516 710 588 ἀναλεξάμενος,
744 520 1075 595 λογογραφεῖ
1109 528 1206 600 τὴν
1248 530 1552 600 εὐσέϐειαν,
1596 537 1685 589 καὶ
1716 537 1865 592 άντι-

275 606 457 672 θέτοις
498 609 701 675 πάλαις
743 615 837 666 καὶ
873 616 1076 686 μάχαις
1123 620 1185 673 τὸ
1232 622 1366 675 πολὺ
1420 625 1526 677 τῶν
1570 626 1862 698 αἱρετικῶν

271 700 645 771 ἀποκρούεται
672 704 873 775 θράσος
897 724 910 737 ⁸
942 712 1069 773 τοὺς
1101 711 1197 781 μὲν
1221 714 1315 767 καὶ
1341 717 1421 779 είς
1442 721 1632 787 χεῖρας
1661 721 1858 786 ἰόντας,

269 792 609 864 ἀγχεμάχοις
637 796 822 859 ὅπλοις
855 802 966 864 τοῖς
996 802 1104 855 ἀπὸ
1131 803 1382 877 γλώσσης
1412 814 1861 885 καταστρεφόμε-

268 898 356 945 νος
382 899 401 915 ⁸
439 888 568 951 τοὺς
601 888 657 941 δὲ
695 891 1011 962 πόρρωθεν,
1047 893 1257 964 βάλλων
1304 898 1601 971 τοξεύμασι
1646 907 1760 968 τοῖς
1794 909 1857 959 ἐκ

271 977 539 1050 μέλανος,
578 983 732 1037 οὐδὲν
763 985 1088 1056 ἀτιμοτέρου
1130 987 1240 1058 (54)
1278 989 1387 1044 τῶν
1435 992 1493 1043 ἐν
1533 998 1653 1057 ταῖς
1693 995 1857 1062 πλαξὶ

267 1073 644 1143 χαραγμάτων
664 1089 677 1104 ·
712 1074 834 1127 οὐδὲ
879 1076 959 1129 ἐνὶ
987 1077 1087 1147 τῆς
1138 1079 1398 1144 Ἰουδαίας
1437 1083 1615 1152 ἔθνει,
1644 1087 1739 1139 καὶ
1768 1106 1857 1159 μι-

265 1162 387 1233 κρῷ
415 1163 615 1232 τούτῳ,
651 1166 1068 1236 νομοθετοῦντος
1096 1169 1225 1241 περὶ
1260 1170 1582 1243 βρωμάτων,
1617 1177 1709 1230 καὶ
1743 1195 1855 1230 πω-

268 1254 484 1325 μάτων,
517 1256 611 1308 καὶ
655 1258 1005 1330 προσκαίρων
1040 1258 1262 1323 θυσιῶν,
1296 1264 1389 1316 acati.
1420 1266 1620 1335 σαρκὸς
1648 1268 1854 1340 καθαρ-

264 1344 399 1399 σίων
418 1361 433 1372 ·
472 1345 609 1400 ἀλλὰ
635 1348 799 1401 παντὶ
826 1348 940 1417 (55)
978 1350 1125 1417 γένει
1158 1352 1253 1405 καὶ
1283 1352 1437 1425 μέρει
1467 1357 1565 1427 τῆς
1598 1360 1851 1430 οἰκουμέ-

260 1452 383 1504 νης,
412 1438 543 1507 περὶ
570 1437 665 1490 τοῦ
704 1438 865 1507 λόγου
904 1440 1003 1512 τῆς
1036 1441 1312 1514 ἀληθείας,
1346 1446 1406 1510 ἐξ
1445 1440 1507 1499 οὖ
1534 1448 1629 1501 καὶ
1658 1451 1718 1504 τὸ
1745 1450 1850 1504 σώ-

259 1520 456 1584 ζεσθαι
500 1524 866 1594 περιγίνεται.
911 1526 1173 1598 Δεύτερον
1210 1530 1266 1583 δὲ
1321 1532 1455 1603 (καὶ
1490 1535 1599 1607 γάρ
1646 1538 1847 1608 ὁμοίως

257 1613 451 1676 ἀτελὲς
487 1614 682 1683 ἄλογος
715 1616 935 1689 πρᾶξις,
966 1620 1060 1672 καὶ
1104 1620 1261 1690 λόγος
1298 1623 1642 1699 ἄπρακτος),
1675 1647 1845 1699 προσ-

1966 458 2125 517 atque
2156 462 2210 506 et
2236 466 2425 508 omnes
2468 455 2733 513 humanos
2774 474 2967 518 sensus
2997 464 3306 532 excitasset,
3352 480 3405 525 et
3453 472 3533 525 al-

1967 540 2174 594 tissima
2216 556 2440 613 qumque
2480 546 2769 615 Scripturte
2820 550 2931 607 loca
2969 558 3315 623 pervolvisset
3339 600 3353 624 ,
3389 562 3530 629 piam

1964 628 2264 686 doctrinam
2311 634 2505 689 litteris
2550 640 2829 710 tronsignat
2853 686 2867 709 ,
2902 646 3331 718 adversariisque
3361 628 3532 705 collu-

1961 722 2288 778 ctationibus
2322 734 2376 781 et
2418 729 2617 796 prmliis
2646 732 2912 800 ittgcntettt
2955 736 3330 794 haereticorum
3363 743 3531 796 auda-

1959 812 2097 867 ciam
2127 814 2329 885 frangit
2368 831 2432 870 ac
2460 820 2734 888 propulsat
2760 838 2774 887 ;
2812 840 2904 879 eos
2930 830 3144 895 quidem
3172 871 3187 895 ,
3219 832 3308 900 qtti
3338 848 3529 889 manus

1958 896 2204 953 conferre
2253 901 2369 956 ausi
2409 901 2659 971 fuerant,
2691 908 2858 962 armis
2892 909 3087 979 lingua}
3113 896 3357 970 cominus
3401 932 3531 973 con-

1959 990 2221 1056 tundens;
2258 1006 2352 1047 eos
2390 1003 2591 1053 autem.
2624 999 2712 1067 qui
2747 1000 2933 1068 procul
2963 1002 3030 1057 ab
3050 1018 3113 1059 eo
3140 1004 3308 1061 dissiti
3337 1018 3527 1074 erant,

1955 1081 2165 1151 sagittis
2191 1096 2254 1137 ex
2292 1093 2598 1141 atramento
2638 1090 2897 1146 confectis
2940 1091 3155 1160 feriens,
3191 1098 3355 1152 nihilo
3391 1099 3528 1154 infe-

1954 1170 2098 1227 riore
2148 1172 2215 1228 iis
2251 1174 2478 1242 litteris,
2526 1194 2648 1247 quas
2696 1182 2745 1234 in
2794 1182 2990 1237 tabulis
3038 1186 3316 1255 insculpta:
3357 1198 3521 1246 sunt:

1953 1279 2051 1318 nec
2078 1264 2167 1319 uni
2203 1274 2409 1321 tantum
2445 1279 2498 1324 et
2533 1271 2741 1342 exiguae
2776 1272 3077 1331 indecorum
3115 1281 3312 1335 nationi
3347 1284 3412 1337 de
3444 1284 3523 1338 ci-

1952 1356 2035 1410 bis
2078 1366 2133 1412 et
2178 1358 2508 1428 potionibus,
2557 1375 2613 1417 et
2654 1364 2874 1420 caducis
2906 1367 3207 1435 sacrificiis,
3237 1374 3523 1442 carnisque

1948 1444 2355 1512 purgationibus
2384 1448 2464 1513 ²⁰;
2519 1450 2613 1504 sed
2672 1452 2923 1509 omnibus
2975 1457 3317 1525 hominibus,
3363 1472 3524 1533 atque

1947 1535 2199 1590 omnibus
2226 1536 2373 1593 orbis
2419 1542 2699 1610 partibus,
2739 1543 2806 1601 de
2842 1548 3082 1603 veritatis
3137 1552 3381 1609 doctrina
3406 1597 3421 1620 ,
3454 1571 3522 1612 ex

1945 1638 2051 1692 qua
2105 1625 2251 1681 salus
2296 1640 2660 1699 comparatur,
2722 1635 2868 1705 leges
2924 1647 3211 1697 statuente.
3275 1643 3518 1712 Deinde,

255 1702 430 1756 ετίθει
461 1704 540 1775 τῷ
565 1705 707 1778 λόγῳ
733 1709 827 1761 καὶ
859 1709 958 1781 τὴν
987 1710 1052 1764 ἐκ
1081 1711 1174 1765 τοῦ
1210 1714 1471 1785 πράττειν
1498 1718 1838 1793 ἐπικουρίανο

1942 1716 2194 1784 quoniam
2216 1733 2368 1790 aeque
2397 1719 2709 1793 imperfecta
2741 1740 2827 1781 res
2857 1736 2956 1788 est,
2984 1731 3127 1785 actio
3154 1748 3405 1793 sermone
3428 1738 3520 1792 det-

254 1799 367 1861 τοῖς
413 1798 515 1868 μὲν
547 1800 828 1873 ἐπιδημῶν
848 1842 862 1867 ,
906 1803 1044 1875 πρὸς
1079 1805 1135 1859 δὲ
1168 1807 1296 1872 τοὺς
1328 1809 1645 1880 πρεσϐεύων
1667 1851 1683 1875 ,
1717 1814 1843 1877 τοὺς

251 1889 311 1942 δὲ
341 1890 526 1944 καλῶν
561 1891 695 1964 (56),
739 1893 1038 1962 νουθετῶν,
1070 1896 1330 1968 ἐλέγχων,
1361 1902 1651 1972 ἐπιτιμῶν,
1689 1904 1846 1957 ἀπει-

252 1979 395 2043 λῶν,
432 1980 739 2047 ὀνειδίζων,
775 1983 1139 2055 προπολεμῶν
1180 1988 1349 2043 ἐθνῶν
1371 2031 1385 2055 ,
1429 1990 1671 2058 πόλεων,
1733 1994 1843 2047 τῶν

253 2072 380 2126 καθ’
408 2073 661 2140 ἕκαστον,
693 2076 801 2129 πᾶν
825 2071 1220 2141 εἶὼςηέπινοῶν
1250 2081 1546 2152 σωτηρίας,
1573 2088 1843 2157 πανταχό-

255 2161 351 2216 θεν
402 2162 635 2234 ίώμενος
656 2181 668 2195 '
698 2168 726 2220 6
754 2166 1018 2238 Βεσελεὴλ
1049 2169 1275 2234 ἐκεῖνος,
1305 2173 1333 2224 6
1375 2175 1475 2243 τῆς
1505 2172 1657 2239 θείας
1686 2177 1844 2247 ἀρχι-

250 2252 465 2306 τέκτων
504 2255 731 2325 σκηνῆς,
770 2258 919 2331 πάσῃ
966 2258 1101 2331 πρὸς
1130 2259 1190 2313 τὸ
1221 2261 1381 2331 ἔργον
1417 2261 1517 2335 ὕλῃ
1550 2266 1644 2317 καὶ
1677 2267 1841 2339 τέχνῃ

254 2342 573 2416 χρώμενος,
622 2345 718 2399 καὶ
753 2346 929 2402 πάντα
958 2348 1171 2405 πλέκων
1213 2353 1295 2416 είς
1332 2352 1564 2420 κάλλους
1592 2355 1711 2421 ἐνὸς
1744 2374 1841 2411 πε-

156 2480 175 2505 μ
257 2438 502 2507 ριουσίαν
546 2440 640 2492 καὶ
668 2439 952 2510 ἁρμονίαν.

1942 1804 2151 1870 stituta,
2190 1817 2245 1862 et
2294 1823 2474 1865 sermo
2527 1811 2595 1867 ab
2628 1816 2842 1869 actione
2879 1828 3137 1887 remotus,
3178 1822 3382 1881 idcirco
3425 1842 3519 1883 ac—

1944 1895 2103 1954 tionis
2130 1899 2427 1956 subsidium
2458 1906 2691 1959 sermoni
2726 1905 3073 1978 adjungehat,
3103 1913 3235 1969 alios
3261 1917 3515 1974 nimirum

1939 1985 2147 2055 adiens,
2202 1990 2269 2043 ad
2316 1990 2451 2046 alios
2479 1991 2800 2062 legationem
2844 1999 3099 2065 mittens;
3150 2002 3284 2060 alios
3316 2021 3510 2064 accer-

1938 2092 2087 2145 sens,
2111 2079 2431 2144 admonens,
2461 2099 2714 2153 arguens,
2746 2087 3030 2158 increpans
3064 2095 3131 2157 ²¹,
3171 2097 3332 2153 minis
3366 2100 3515 2155 inse-

1939 2178 2113 2234 ctans,
2150 2170 2361 2239 probris
2385 2173 2679 2240 incessens,
2715 2192 2812 2247 pro
2840 2182 3106 2249 gentibus,
3139 2198 3236 2254 pro
3268 2188 3509 2254 urbibus,

1937 2273 2035 2328 pro
2056 2260 2283 2329 singulis
2325 2264 2489 2318 etiam
2522 2266 2830 2326 hominibus
2868 2281 3143 2330 certamen
3174 2279 3470 2349 suscipiens
3491 2320 3508 2349 ,

1934 2367 2095 2407 omne
2122 2354 2313 2411 salutis
2337 2371 2507 2427 genus
2528 2359 2863 2429 excogitans,
2906 2366 3258 2442 undecunque
3289 2377 3512 2434 medici-

1935 2459 2059 2499 nam
2093 2447 2280 2503 morbo
2316 2449 2609 2520 adhibens;
2650 2450 2889 2510 Beseleel
2930 2457 3051 2525 ille,
3083 2460 3172 2517 ille
3196 2501 3211 2527 ,
3256 2465 3498 2537 inquam,

254 2528 422 2582 divini
475 2516 772 2585 fabricator
821 2532 1145 2588 tabernaculi
1174 2535 1241 2603 “,
1288 2537 1568 2592 materiam
1611 2552 1827 2593 omnem
1865 2548 1922 2595 et
1984 2548 2154 2594 artem
2197 2540 2265 2595 ad
2310 2541 2581 2610 opilicium
2656 2548 3107 2617 accommodans,
3149 2516 3511 2631 8041mun

255 2621 436 2673 omnia
470 2630 766 2677 contexens
791 2662 805 2685 ,
840 2625 905 2676 ad
938 2622 1190 2678 eximiam
1220 2625 1509 2695 quamdam
1538 2628 1696 2682 unius
1721 2627 1901 2697 operis
1922 2626 2374 2698 pulchritudinem
2405 2640 2460 2686 et
2488 2634 2928 2699 concinnitatem.

318 2708 453 2763 MA’.
508 2711 574 2763 Τί
628 2713 794 2767 τᾶλλα
850 2713 954 2787 χρὴ
1005 2716 1217 2786 λέγειν;
1288 2718 1432 2771 Ἀλλ’
1482 2713 1619 2791 ἧκεν
1677 2716 1837 2784 αὖθις

2014 2704 2196 2776 XLIV.
2238 2721 2375 2789 Quid
2405 2724 2510 2780 alia
2532 2725 2711 2783 dicere
2732 2745 2952 2791 necesse
2973 2739 3089 2793 eSt?
3117 2740 3314 2797 Verum
3340 2744 3509 2804 enim-

248 2802 384 2873 ἡμῖν
412 2802 525 2873 (57)
571 2805 599 2855 6
631 2807 993 2877 χριστομάχος
1030 2807 1301 2879 βασιλεὺς,
1333 2810 1430 2864 καὶ
1460 2810 1558 2882 τῆς
1596 2810 1833 2875 πίστεως

1939 2825 2069 2866 vero
2108 2811 2309 2867 Christi
2356 2813 2527 2870 hostis
2576 2817 2886 2890 imperator,
2939 2833 2994 2880 et
3041 2826 3165 2884 fidei
3218 2802 3503 2901 tyrannus,

249 2893 536 2964 τύραννος,
568 2895 707 2966 μετὰ
738 2897 981 2963 πλείονος
1025 2900 1121 2971 τῆς
1153 2899 1406 2965 ἀσεϐείας
1436 2903 1533 2956 καὶ
1571 2901 1832 2975 θερμοτέ-
1856 2956 1862 2992 ⁴

1938 2917 2060 2957 cum
2102 2903 2289 2973 majori
2340 2903 2633 2974 impietate,
2682 2923 2747 2963 ac
2797 2910 3105 2969 ferventiori
3141 2893 3281 2986 acie,
3325 2928 3507 2991 utpote

252 3000 353 3055 ρας
385 2985 488 3056 τῆς
516 2988 907 3058 παρατάξεως,
942 2990 1017 3054 ὡς
1055 2990 1193 3063 πρὸς
1237 2993 1647 3065 ἀνταγωνιστὴν
1680 2996 1830 3065 ἰσχυο
1859 2985 1862 2992 ’

1938 3002 2056 3047 cum
2091 2992 2379 3062 potentiori
2424 2994 2735 3052 adversario
2786 3014 2900 3055 rem
2948 2985 3356 3075 babiturus,ad
3384 2985 3505 3070 ἠοσ

250 3075 474 3148 ρότερον
505 3077 660 3143 ὄντος
698 3080 848 3152 αὐτῷ
876 3081 970 3135 τοῦ
1008 3082 1190 3151 λόγου.
1234 3086 1374 3139 κατὰ
1417 3086 1478 3139 τὸ
1521 3084 1830 3158 ἀκάθαρτον

1938 3083 2130 3139 iterum
2166 3084 2332 3152 venit,
2366 3085 2557 3154 impuri
2586 3103 2650 3143 ac
2688 3092 2838 3158 pravi
2869 3092 3013 3150 illius
3041 3098 3262 3166 spiritus
3299 3102 3352 3157 in
3383 3120 3497 3161 mo-

249 3168 425 3221 ἐκεῖνο
463 3170 683 3241 πνεῦμα
716 3174 810 3226 καὶ
842 3175 1078 3246 πονηρὸν
1098 3214 1112 3240 ,
1141 3176 1169 3229 ὃ
1207 3176 1302 3229 τοῦ
1336 3176 1625 3248 ἀνθρώπου
1670 3176 1832 3231 λυθὲν

1938 3178 2085 3240 dum,
2110 3176 2204 3245 qui
2245 3190 2312 3230 ex
2341 3177 2577 3234 hominis
2608 3194 2835 3248 corpore
2863 3183 3066 3252 pulsus,
3111 3189 3309 3260 diuque
3337 3208 3504 3265 vaga-

250 3260 343 3311 καὶ
373 3261 813 3334 πριπλανηθέν,
850 3264 988 3336 πρὸς
1027 3265 1120 3319 τὸν
1146 3267 1309 3320 αὐτὸν
1342 3266 1671 3337 ἀναστρέφει
1716 3266 1830 3337 (58)

1938 3276 2023 3321 tus
2044 3304 2061 3331 ,
2092 3267 2157 3320 ad
2188 3269 2434 3324 eumdem
2464 3285 2654 3327 rursus
2691 3287 2815 3329 cum
2861 3274 3051 3345 majori
3090 3280 3374 3346 spirituum
3410 3260 3503 3357 ag-

252 3351 392 3423 μετά
414 3352 676 3407 πλειόνων
704 3357 1030 3427 πνευμάτων
1054 3356 1587 3429 είσοικισθησόμενον
1602 3395 1618 3423 ,
1640 3356 1828 3431 ὥσπερ

249 3444 305 3497 ἐν
337 3448 456 3509 τοῖς
494 3447 847 3517 Εὑαγγελίοις
885 3450 1222 3521 ἠκούσαμεν.
1253 3448 1458 3503 Τούτου
1485 3448 1697 3518 γίνεται
1734 3467 1829 3522 μι-

251 3537 428 3609 μητὴς
464 3538 576 3611 (59)
625 3541 865 3607 ἐκεῖνος,
905 3542 1041 3612 ὁμοῦ
1090 3558 1150 3595 τε
1192 3541 1292 3612 τὴν
1337 3540 1610 3613 προτέραν
1656 3536 1827 3613 ἧτταν

249 3631 739 3703 ἀνακαλεσόμενος,
770 3633 865 3686 καὶ
891 3633 1218 3704 προσθήσων
1238 3650 1293 3688 τι
1314 3636 1427 3697 τοῖς
1449 3631 1685 3703 πρώτοις
1713 3633 1825 3705 (60)

248 3723 610 3793 παλαίσμασι.
639 3724 823 3779 Δεινὺν
847 3723 955 3797 γὰρ
984 3722 1122 3779 εἶναι
1148 3727 1245 3779 καὶ
1271 3725 1513 3796 σχέτλιον
1543 3725 1673 3796 (61),
1696 3726 1827 3779 πολ-

245 3814 351 3867 λῶν
383 3816 481 3885 μὲν
516 3812 685 3869 ἐθνῶν
711 3816 1040 3887 ἐπάρχοντα,
1064 3817 1268 3888 πολλῆς
1303 3818 1359 3871 δὲ
1391 3816 1548 3888 δόξης
1597 3816 1827 3890 ἠξιωμέ-

245 3922 356 3968 νον,
384 3906 591 3969 πάντας
615 3907 672 3960 δέ
696 3908 820 3970 τοὺς
841 3906 1025 3977 κύκλῳ
1053 3906 1571 3977 καταστρεψάμενον
1594 3906 1671 3978 τῷ
1697 3908 1824 3979 κρά-

244 4015 328 4051 τει
360 3999 462 4069 τῆς
487 3998 763 4066 ἀσεϐείας,
788 3999 881 4053 καὶ
905 3999 1306 4070 χειρωσάμενον
1338 3999 1445 4050 πᾶν
1475 3996 1538 4051 τὸ
1583 4015 1821 4069 προστυδ

244 4090 358 4160 χδν,
395 4089 517 4152 ἐνὸς
544 4091 755 4161 ἀνδρὸς,
792 4090 887 4144 καὶ
918 4090 1047 4160 μιᾶς
1080 4089 1286 4152 πόλεως
1317 4090 1466 4159 ἥττω
1504 4087 1613 4160 (62)
1652 4088 1822 4159 ὀφθῆ-

245 4197 354 4245 ναι,
385 4180 481 4233 καὶ
508 4181 721 4249 γέλωτα
749 4179 956 4249 ὅιρλειν,
999 4179 1059 4231 οὺ
1094 4181 1210 4243 τοῖς
1244 4179 1436 4248 ἄγουσι
1468 4178 1627 4249 μόνον
1656 4180 1819 4235 αὑτὸν

1933 3362 2080 3416 mine
2113 3363 2452 3417 habitaturus
2489 3364 2651 3431 redit,
2688 3368 3139 3435 quemadmodum
3180 3372 3233 3427 in
3264 3374 3506 3448 Evange-

1929 3449 2005 3506 lio
2046 3451 2280 3507 habetur
2301 3452 2369 3507 ³³.
2399 3453 2566 3524 llujus
2590 3454 2683 3511 ille
2704 3457 3026 3514 imitatorem
3057 3475 3115 3516 se
3145 3465 3364 3532 praebet,
3390 3476 3501 3524 tum

1928 3552 1988 3597 ut
2017 3541 2226 3598 cladem
2256 3544 2405 3613 prius
2429 3555 2705 3617 acceptam
2730 3549 2979 3616 sarciret,
3012 3563 3119 3607 tum
3149 3566 3205 3610 ut
3234 3560 3505 3628 prioribus

1927 3634 2195 3705 palaestris
2219 3636 2418 3706 aliquid
2434 3638 2676 3694 adderet.
2697 3639 2974 3711 Indignum
2999 3647 3142 3702 enim
3166 3660 3220 3704 et
3240 3651 3499 3709 miserum

1926 3743 2049 3784 esse
2074 3728 2456 3796 existimabat,
2486 3745 2607 3785 cum
2653 3733 2847 3790 multas
2880 3745 3067 3807 gentes
3102 3740 3325 3810 imperio
3351 3754 3501 3803 tene-

1930 3828 2034 3885 ret,
2070 3834 2432 3891 magnamque
2470 3821 2695 3892 gloriam
2731 3836 3053 3884 consecutus
3084 3842 3250 3898 esset,
3283 3848 3347 3890 ac
3386 3836 3503 3893 fini-

1929 3913 2089 3968 timos
2122 3928 2312 3968 omnes
2356 3912 2649 3983 impietatis
2696 3916 2888 3973 robore
2926 3927 3088 3990 atque
3130 3928 3367 3992 potentia
3397 3929 3497 3983 do-

1868 4000 1882 4011 ‘
1924 4002 2180 4067 muisset,
2215 4003 2513 4075 ditionique
2552 4019 2697 4070 suae,
2730 4006 2991 4077 quidquid
3029 4012 3246 4069 obvium
3286 4015 3497 4072 habue-

1924 4101 2039 4158 rat,
2087 4093 2439 4162 suhjecisset,
2473 4096 2541 4151 ab
2593 4108 2702 4151 uno
2732 4097 2983 4167 homine,
3017 4115 3233 4173 unaque
3280 4107 3500 4164 civitate

1923 4184 2209 4254 superari,
2239 4201 2340 4239 nec
2366 4186 2538 4241 solum
2583 4188 2874 4256 impietatis
2924 4193 3165 4258 patronis
3186 4231 3203 4257 ,
3234 4209 3265 4249 a
3300 4198 3499 4266 quibus

244 4272 580 4343 προστάταις
608 4275 706 4343 τῆς
736 4271 954 4339 άθεϊας,
987 4271 1122 4326 ἀλλὰ
1159 4271 1251 4325 καὶ
1295 4272 1461 4325 πᾶσιν
1491 4268 1817 4341 ἀνθρώποιςν
1849 4304 1862 4361 ]

1938 4275 2244 4340 ducebatur,
2274 4278 2369 4332 sed
2408 4278 2569 4332 etiam
2598 4279 2849 4333 omnibus
2871 4281 3209 4349 mortalibus,
3247 4295 3304 4341 ut
3329 4288 3499 4358 ipsius

243 4363 317 4429 ὡς
346 4363 724 4434 ὑπελάμϐανε.

309 4455 446 4508 ME'.
494 4454 599 4507 Τὸν
627 4454 725 4526 μὲν
766 4454 830 4526 δὴ
867 4455 1094 4526 Περσῶν
1129 4453 1354 4525 βασιλέα
1393 4455 1575 4524 φασὶν,
1627 4453 1813 4524 ἐπειδὴ

241 4561 370 4600 ποτε
411 4544 555 4600 κατὰ
596 4547 695 4617 τῆς
748 4546 998 4611 Ἑλλάδος
1038 4546 1331 4616 ἐστράτευε
1384 4544 1517 4618 (63),
1568 4547 1675 4601 πᾶν
1716 4546 1816 4616 μὲν

242 4637 396 4707 γένος
421 4636 723 4711 ἀνθρώπων
754 4639 841 4691 ἐπ’
876 4638 1074 4702 αὐτοὺς
1101 4636 1371 4702 ἐλαύνων,
1404 4637 1565 4691 παντὶ
1593 4638 1650 4690 δὲ
1680 4637 1814 4702 ζέων

243 4727 397 4799 θυμῷ
440 4728 535 4783 καὶ
566 4730 905 4800 φρονήματι,
936 4730 994 4781 οὐ
1031 4729 1207 4804 ταύτῃ
1261 4730 1418 4800 μόνον
1471 4728 1813 4801 ἐπαίρεσθαι,

1921 4366 2104 4436 Opinio
2129 4366 2358 4433 fereba:,
2383 4369 2517 4423 risui
2544 4383 2683 4424 esse.

1998 4455 2156 4512 XLV.
2198 4456 2483 4513 Persarum
2506 4459 2720 4530 quidem
2752 4476 2935 4531 regem
2974 4475 3220 4531 narrant,
3261 4481 3382 4522 cum
3414 4470 3496 4523 in-

1924 4548 2132 4604 finitam
2165 4549 2435 4619 quondam
2474 4552 2750 4607 hominum
2782 4554 3018 4622 cujusvis
3057 4557 3292 4612 nationis
3312 4560 3495 4615 multi~

1925 4640 2163 4693 tudinem
2202 4654 2383 4695 secum
2414 4640 2635 4707 ducens,
2668 4651 2833 4711 atque
2869 4645 3145 4700 iracundia
3176 4657 3229 4701 et
3267 4649 3491 4705 audacia

1924 4732 2137 4787 fervens
2164 4772 2180 4798 ,
2212 4731 2264 4786 in
2294 4730 2559 4788 Grzeciam
2590 4735 2984 4804 expeditionem
3026 4735 3249 4806 faceret,
3294 4757 3397 4796 non
3425 4756 3490 4797 eo

312 4842 358 4875 '°
391 4841 555 4897 llebr.
581 4859 655 4910 ιιι,
684 4843 736 4898 9.
813 4844 857 4875 “
892 4843 936 4898 ll
962 4844 1102 4899 Tim.
1132 4859 1207 4913 tv,
1236 4844 1290 4898 2.
1370 4846 1414 4877 “
1446 4845 1618 4901 Exod.
1663 4861 1815 4914 χχχι,
1860 4856 1862 4868 '

1938 4862 2046 4918 sqq.
2124 4845 2172 4879 ³³
2196 4840 2327 4903 Luc.
2358 4862 2438 4916 χι,
2459 4848 2531 4903 24
2552 4861 2675 4920 sqq.

311 4953 426 5025 (53)
464 4952 595 5009 Πᾶν
647 4953 713 5007 δὲ
752 4952 873 5008 τῶν
920 4953 1195 5025 Γραφῶν,
1227 4964 1331 5009 etc.
1368 4958 1395 5007 r‘
1428 4955 1561 5009 Cum
1601 4971 1815 5009 omnem

1986 4956 2098 5030 (59)
2135 4957 2431 5030 Μιμητής.
2461 4976 2480 5010 ι
2512 4957 2775 5015 imitator.
2812 4980 2831 5013 ι
2865 4961 2954 5015 Sic
2981 4978 3168 5018 omnes
3192 4963 3303 5021 fere
3330 4967 3485 5024 codd.

242 5023 652 5107 Scripturarun‘t‘
698 5023 1117 5091 profunditatem
1159 5033 1430 5107 scrutatus
1477 5034 1619 5105 esset
1648 5036 1662 5078 :
1692 5041 1815 5080 cum
1916 5026 1971 5107 lu
1995 5023 2470 5107 edl_,_uat'01jrﬂg_',_t
2507 5032 2817 5107 discipulus.
2849 5052 2869 5083 ι
2914 5031 3066 5107 Pass.
3096 5035 3160 5087 ad
3192 5050 3360 5107 marg.
3388 5023 3485 5092 haé

242 5095 379 5148 altos
406 5109 596 5148 omnes
621 5092 1019 5161 Scriptttrarum
1051 5109 1243 5149 sensus
1268 5096 1646 5161 decerpsisset.
1683 5114 1703 5144 ι

310 5163 424 5233 (54)
477 5163 855 5232 Ἀτιμοτέρου.
913 5164 1044 5234 Reg.
1104 5179 1134 5217 c
1187 5174 1241 5218 et
1295 5162 1508 5227 C0tnb.,
1560 5164 1866 5255 άτιμοτέ-.

476 5300 654 5375 ᾉτιτῑὰ
677 5301 874 5375 παντί.
901 5302 992 5375 Sic
1021 5311 1131 5359 tres
1152 5302 1341 5375 Regg.,
1366 5300 1463 5359 Or.»
1491 5303 1526 5357 2
1549 5313 1602 5359 et
1622 5303 1807 5365 Comi).

238 5371 295 5428 In
321 5370 434 5434 em,
467 5370 603 5426 ἀλλὰ
629 5372 725 5424 καὶ
752 5373 929 5426 παντί.

310 5440 426 5511 (56)
461 5441 697 5511 Καλῶν.
724 5440 902 5509 Pass.,
931 5441 1277 5511 παρακαλῶν.

310 5463 403 5511 (00
461 5463 697 5495 ηωων.
726 5463 902 5509 Ι’358.,
931 5463 1277 5511 παρακαλῶν.

310 5463 426 5583 (57)
463 5506 647 5576 Αὖθις
674 5512 837 5581 ἡμῖν.
870 5513 961 5568 Sic
994 5524 1105 5568 tres
1131 5513 1298 5584 Regg.
1331 5513 1383 5568 In
1420 5514 1529 5578 ed.,
1561 5512 1692 5587 ἡμῖν
1715 5513 1815 5571 αὗ-

239 5579 421 5723 οιῖέδλ
475 5648 867 5721 Ἀγαστρόφει.
900 5651 1030 5722 Reg.
1060 5650 1152 5722 ph,
1178 5650 1613 5727 ἀντεπιστρέφει.

555 5744 829 5805 Ρλτιιοι..
875 5746 994 5807 (in.
1044 5746 1337 5811 XXXVI.

1913 5516 1967 5570 2.
2006 5516 2063 5587 In
2093 5518 2179 5587 ed.
2212 5530 2266 5573 et
2288 5520 2341 5573 in
2377 5516 2643 5574 nonnullis
2675 5516 2852 5587 COtltl.,

1913 5097 2003 5152 bet
2034 5114 2048 5150 :
2080 5097 2358 5153 Οὐάλεντα
2380 5099 2557 5156 λέγω*
2594 5100 2899 5156 «Valentem
2936 5102 3075 5156 dico.
3115 5123 3134 5156 ι

1986 5166 2098 5238 (60)
2135 5168 2413 5237 Πρώτοις.
2442 5166 2601 5225 Deest
2621 5171 2673 5226 itt
2708 5172 2838 5242 Reg.
2885 5173 2977 5242 ph.
3027 5173 3082 5227 In
3126 5173 3266 5238 aliis,
3297 5176 3487 5246 προτέ-

1917 5254 2098 5384 ρῗξῖῑί)
2138 5308 2660 5384 Σχέτλιονηξςιιοι.
2701 5311 2832 5381 Reg.
2867 5311 2976 5379 bm,
3018 5309 3272 5384 χαλεπόν.
3308 5334 3325 5366 ι
3359 5314 3491 5369 Per-

1916 5378 2198 5443 niciosum,
2235 5394 2418 5447 grave.
2443 5378 2674 5435 difﬁcile.
2706 5401 2723 5432 ι

1988 5447 2097 5525 (fi?)
2139 5446 2349 5525 ξἨττῳ.
2381 5446 2472 5505 Sic
2502 5450 2800 5525 legendum,
2840 5454 2919 5525 vel
2948 5455 3169 5525 ἥττονα,
3207 5465 3262 5507 ut
3304 5454 3356 5507 in
3389 5452 3486 5510 0r.

2006 5524 2063 5572 In
2093 5524 2179 5572 ed.
2212 5530 2266 5573 et
2288 5524 2341 5573 in
2377 5524 2643 5574 nonnullis
2675 5524 2852 5587 COtl‘tl.,
2885 5524 3085 5591 ἥττων.

1987 5586 2099 5657 (65)
2150 5584 2517 5657 Ἑστράτευε.
2551 5590 2738 5648 Plures
2763 5592 2928 5665 liegg.
2954 5605 3007 5649 ct
3034 5593 3197 5649 Coisl.
3220 5593 3274 5658 2,
3299 5592 3489 5664 ἐστρά·

1987 5668 2095 5708 δσε.

1915 5673 2095 5711 τευσε.

3104 5757 3177 5817 18
