4050 6298
457 204 563 262 555

1651 201 1707 258 s.
1749 201 2080 280 cneconu
2119 203 2472 261 THEOLOGI

3598 212 3708 268 556

458 330 666 378 tantum
695 319 913 376 nomine
951 317 1201 388 superbia
1240 319 1437 372 elatum
1469 325 1522 372 et
1555 317 1607 371 in
1644 318 1804 374 minis
1833 318 2026 374 immo-

2131 325 2220 376 καὶ
2252 323 2488 394 ἄμετρον
2515 315 2652 374 εἶναι
2683 323 2805 384 ταῖς
2833 321 3086 386 ἀπειλαῖς
3109 337 3123 356 ο
3160 321 3273 376 ἀλλ’
3301 321 3376 386 ὼς
3401 322 3469 377 ἂν
3504 324 3710 395 μᾶλλον

458 415 639 470 dicum
691 411 890 477 fuisse;
921 410 1012 465 sed
1035 449 1050 476 ,
1073 417 1132 463 ut
1162 409 1416 476 majorem
1460 409 1563 462 illis
1597 417 1857 464 terrorem
1890 409 2032 464 incu-

461 513 632 569 teret,
677 518 774 573 per
820 517 881 556 ea
911 501 1110 567 etiam,
1141 515 1258 569 quae
1307 515 1441 554 novo
1473 510 1528 554 et
1577 499 1830 553 inusitato
1877 501 2032 554 modo

461 597 720 652 adversus
769 594 1032 650 elementa
1086 592 1419 662 designabat,
1467 591 1856 645 formidabilem
1915 607 2032 646 sese

459 688 773 744 reddidisse.
809 684 953 740 Nova
987 685 1230 753 quedam
1277 693 1417 737 terra
1451 692 1504 737 et
1541 698 1734 736 novum
1765 699 1912 737 mare
1936 699 2033 736 au-

461 777 709 831 diebatur
759 775 880 830 novi
927 774 1068 828 illius
1111 773 1321 843 opiﬁcis
1348 812 1363 838 ,
1395 782 1446 826 et
1474 774 1741 827 exercitus
1777 773 1830 827 in
1862 772 2033 826 couti-

461 869 609 922 nenti
639 867 920 935 navigans,
950 882 1014 921 ac
1042 880 1254 920 rursum
1283 865 1506 933 pedibus
1543 878 1691 917 mare
1720 878 2030 934 peragrans,

462 960 696 1028 abreptae
742 958 868 1012 item
905 956 1129 1020 insulae,
1173 964 1226 1010 et
1263 969 1414 1008 mare
1465 954 1772 1008 verberibus
1801 968 2030 1020 caesum,

462 1059 765 1118 caateraque
805 1050 1018 1112 omnia,
1074 1061 1192 1115 quae
1232 1047 1412 1101 vesani
1466 1045 1737 1100 exercitus
1777 1045 2034 1113 ducisque

463 1142 607 1196 haud
647 1141 863 1196 dubium
895 1147 1268 1210 argumentum
1299 1146 1454 1192 erant
1477 1177 1492 1200 ,
1524 1136 1888 1206 ignavioribus
1917 1137 2034 1204 qui-

463 1236 585 1288 dem
641 1232 1024 1294 formidahilia,
1087 1230 1399 1285 fortioribus
1449 1238 1629 1282 autem
1684 1242 1748 1282 ac
1809 1227 2032 1281 ﬂrtniori

462 1325 644 1380 animo
677 1324 918 1394 praeditis
958 1324 1117 1376 stulta
1165 1333 1217 1377 ot
1266 1319 1508 1374 ridicula.
1562 1319 1659 1373 llic
1703 1333 1829 1374 vero
1855 1357 1870 1381 ,
1901 1317 2032 1372 nihil

465 1416 680 1484 quidem
715 1413 824 1468 ulla
859 1412 1160 1482 hujusmodi
1207 1426 1263 1465 re
1303 1426 1438 1479 opus
1481 1409 1736 1472 habebat,
1768 1423 1888 1462 cum
1923 1409 2035 1460 bel-

464 1507 575 1562 lum
625 1507 911 1561 adversum
953 1519 1049 1559 nos
1091 1511 1470 1570 compararet;
1517 1515 1724 1563 verum,
1761 1498 1902 1568 quod
1953 1498 2036 1552 his

463 1597 617 1668 pejus
645 1607 700 1652 et
729 1595 1082 1666 perniciosius
1109 1602 1256 1659 erat,
1291 1593 1389 1648 hoc
1420 1632 1433 1655 ,
1463 1603 1514 1647 et
1552 1591 1748 1654 facere,
1781 1600 1831 1644 et
1859 1590 2036 1645 dicere

2133 415 2326 477 αὐτοὺς
2356 413 2744 484 κατα-πλήξειε,
2778 413 3006 484 φοϐερὸν
3036 413 3228 468 ἑαυτὸν
3253 417 3449 477 ποιεῖν,
3471 417 3564 468 καὶ
3584 420 3712 480 ταῖς

2134 505 2273 558 κατὰ
2300 505 2410 573 (64)
2435 505 2541 557 τῶν
2567 504 2844 574 στοιχείων
2864 506 3251 576 καινοτομίαις.
3279 507 3356 576 Γῆ
3373 523 3458 570 τις
3477 507 3711 576 ἠκούετο

2133 595 2257 665 ξένη
2275 635 2288 659 ,
2315 597 2409 648 καὶ
2437 595 2678 648 θάλασσα
2724 595 2817 647 τοῦ
2852 596 2971 648 νέου
2998 597 3330 668 δημιουργοῦ
3352 636 3366 661 ,
3403 597 3516 673 καὶχ
3539 615 3714 670 στρα-

2131 683 2222 747 τὸς
2253 685 2476 754 ἤπειρον
2508 683 2683 738 πλέων
2705 725 2718 748 ,
2767 686 2860 738 καὶ
2888 685 3129 750 πεζεύων
3167 688 3423 757 πέλαγος,
3464 688 3615 758 νῆσοί
3645 706 3712 742 τε

2133 774 2542 844 ἁρπαζόμεναι,
2602 775 2695 826 καὶ
2731 773 2972 828 θάλασσα
3029 775 3432 846 μαστιζομένη,
3481 778 3574 830 καὶ
3606 779 3712 834 ὅσα.

2132 862 2232 931 τῆς
2270 863 2585 936 ἐμπλήκτου
2627 863 2812 930 σαφῶς
2845 859 2912 934 ἦν
2939 867 3200 934 στρατιᾶς
3226 867 3320 918 καὶ
3354 866 3709 936 στρατηγίας,

2133 953 2470 1024 κατάπληξις
2507 955 2604 1024 μὲν
2653 957 2764 1017 τοῖς
2817 956 3244 1026 ἀγεννεστέροις,
3293 957 3465 1025 γέλως
3500 957 3556 1009 δὲ
3595 960 3712 1019 τοῖς

2135 1047 2549 1117 ἀνδρικωτέροις
2593 1048 2686 1100 καὶ
2733 1048 3107 1118 στερῤοτέροις
3151 1048 3210 1100 τὸ
3242 1049 3514 1118 φρόνημα.
3557 1048 3616 1102 ⁸0
3650 1047 3712 1100 δὲ

2133 1137 2374 1192 τοιούτου
2413 1138 2511 1207 μὲν
2540 1137 2752 1200 οὐδενὸς
2786 1138 2956 1190 ἐδεῖτο
2995 1139 3116 1190 καθ’
3151 1138 3309 1208 ἡμῶν
3360 1138 3670 1209 στρατεύων
3691 1155 3708 1169 ’

2134 1227 2162 1280 ὃ
2213 1228 2268 1280 δὲ
2327 1224 2395 1299 ἦν
2447 1228 2668 1281 ἐκείνων
2719 1231 2898 1298 χεῖρον
2957 1230 3050 1281 κα).
3110 1229 3512 1302 βλαϐερώτερον
3571 1232 3707 1303 (65),

2135 1318 2293 1370 τοῦτο
2319 1317 2430 1389 (66)
2455 1317 2622 1370 ποιῶν
2671 1318 2764 1372 καὶ
2787 1319 2962 1386 λέγων
2992 1319 3242 1389 ἠκούετο.
3280 1322 3473 1374 Ἔθετο
3512 1324 3591 1385 είς
3619 1323 3713 1376 ού-

2141 1407 2299 1478 ρανὸν
2331 1408 2391 1460 τὸ
2441 1407 2614 1478 στόμα
2659 1408 2858 1470 αὐτοῦ,
2911 1409 3258 1481 βλασφημίαν
3305 1409 3482 1464 λαλῶν
3522 1415 3600 1476 είς
3645 1412 3712 1465 τὸ

2140 1498 2291 1568 ὕψος,
2334 1499 2427 1552 καὶ
2455 1501 2486 1568 ἡ
2517 1499 2737 1566 γλῶσσα
2762 1500 2926 1552 αὑτοῦ
2955 1501 3169 1571 διῆλθεν
3201 1502 3294 1554 ἐπὶ
3319 1501 3418 1573 τῆς
3441 1503 3564 1572 γῆς.
3592 1505 3710 1556 Κα-

2138 1588 2242 1652 λῶς
2276 1588 2383 1660 γὰρ
2415 1588 2574 1642 αὐτὸν
2603 1589 2630 1640 ὁ
2669 1589 2809 1652 θεῖος
2838 1590 3002 1644 Δαϐὶδ
3038 1591 3138 1661 πρὸ
3163 1592 3318 1662 ἡμῶν
3342 1594 3707 1662 ἐστηλίτευσε,

467 1689 765 1744 ferebatur.
793 1688 976 1742 Posuit
1000 1687 1053 1740 in
1081 1685 1277 1740 coelum
1318 1701 1379 1740 os
1418 1699 1612 1746 suum,
1646 1681 2031 1751 blasphemiam

2134 1680 2224 1732 τὸν
2272 1678 2496 1751 οὐρανὸν
2548 1682 2629 1742 είς
2681 1680 2785 1750 γῆν
2825 1679 3082 1734 κλίναντα
3123 1682 3255 1753 (67),
3299 1685 3392 1736 καὶ
3427 1685 3567 1754 μετά
3607 1686 3711 1756 τῆς

467 1781 521 1834 in
567 1779 836 1835 excelsum
892 1780 1133 1848 loquens,
1181 1785 1236 1831 et
1289 1777 1466 1846 lingua
1519 1776 1634 1845 ejus
1694 1774 1940 1827 transivit
1973 1773 2025 1826 in

468 1883 613 1927 terra
635 1875 700 1927 ἰ.
723 1871 950 1926 Pulchre
973 1870 1114 1924 enim
1140 1869 1305 1923 David
1339 1883 1460 1922 eum
1497 1878 1622 1922 ante
1654 1882 1750 1920 nos
1777 1864 1995 1920 confixit
2019 1879 2034 1929 ;

471 1963 643 2029 illum,
664 1962 1015 2031 inquam,‘_qui
1038 1959 1231 2016 cmlum
1263 1959 1313 2012 in
1330 1958 1492 2029 805
1512 1967 1708 2012 terram
1730 1956 2039 2017 inclinabat,

467 2069 531 2108 ac
560 2053 610 2107 in
657 2067 834 2106 rerum
864 2060 1168 2106 creatarum
1207 2065 1486 2104 numerum
1525 2049 1748 2118 cogebat
1799 2055 2042 2101 naturam

2134 1767 2362 1832 κτίσεως
2388 1767 2722 1846 ἀριθμοῦντα
2747 1768 2907 1838 φύσιν
2937 1769 3034 1840 τὴν
3067 1771 3454 1842 ὑπερκόσμιον,
3489 1775 3554 1842 ἣν
3587 1774 3710 1828 οὐδὲ

2137 1860 2331 1930 χωρεῖν
2361 1861 2393 1928 ἡ
2422 1859 2597 1921 κτίσις
2630 1858 2872 1924 δύναται,
2905 1858 3007 1912 κᾶν
3043 1860 3160 1930 μεθ’
3197 1861 3354 1932 ἡμῶν
3397 1879 3449 1915 τι
3477 1862 3585 1933 (68)
3613 1865 3710 1932 γέν

2138 1965 2295 2016 νηται
2321 1947 2462 2018 λόγῳ
2488 1947 2912 2018 φιλανθρωπίας,
2939 1950 3003 2002 ἵν’
3026 1953 3174 2022 ἡμᾶς
3203 1953 3404 2026 ἑλκύσῃ
3430 1956 3540 2026 (69)
3571 1957 3710 2029 πρὸς

2143 2040 2340 2111 ἑαυτὴν
2365 2041 2538 2110 χαμαί
2561 2040 2866 2110 κειμένους.

467 2145 666 2199 mundo
707 2143 1112 2207 sublimiorem,
1144 2157 1302 2210 quam
1349 2155 1416 2194 ne
1460 2153 1654 2208 capere.
1694 2138 1906 2208 quidem
1954 2149 2038 2189 res
2074 2132 2178 2186 ulla
2211 2143 2388 2186 creata
2438 2140 2630 2200 potest,
2697 2131 2943 2198 tametsi,
2975 2133 3044 2188 ob
3105 2136 3274 2189 nostri
3304 2151 3574 2202 amorem,
3606 2138 3710 2193 alia

467 2239 780 2309 quantisper
821 2236 1096 2291 nobiscum
1122 2245 1333 2290 versata
1365 2235 1454 2298 sit,
1484 2243 1540 2288 ut
1569 2249 1665 2289 nos
1693 2233 1837 2287 humi
1857 2231 2098 2300 jacentes
2124 2229 2188 2281 ad
2223 2227 2451 2294 seipsam
2479 2226 2798 2282 attraheret.

535 2329 722 2385 XLVI.
759 2328 928 2383 Porro
973 2342 1093 2381 cum
1138 2326 1366 2381 illustria
1405 2327 1634 2395 quidem
1681 2327 1854 2396 prima
1891 2325 2031 2378 illius

466 2417 706 2474 facinora
733 2415 951 2482 fuerint,
985 2427 1093 2469 tum
1137 2430 1262 2470 vero
1300 2416 1592 2470 illustriora
1623 2416 1772 2470 fuere
1813 2431 1875 2472 ea
1904 2431 2026 2469 cer-

469 2506 693 2570 lamina,
731 2521 849 2574 qua:
887 2513 1158 2574 postrema
1184 2505 1468 2559 adversum
1511 2519 1607 2559 nos
1641 2505 1845 2559 habuit.
1873 2504 2030 2571 Qum-

468 2612 595 2649 uam
649 2608 826 2650 autem
879 2596 1049 2664 prima
1083 2595 1244 2650 dico?
1286 2595 1503 2661 Exsilia,
1553 2595 1722 2662 fugae,
1775 2597 2032 2650 bonorum

467 2685 909 2754 proscriptiones.
928 2685 1150 2750 insidiae,
1177 2694 1281 2737 tam
1314 2697 1534 2754 apertae,
1555 2700 1715 2754 quam
1745 2685 1988 2742 obscurae
2015 2703 2030 2751 ;

469 2793 778 2834 sermonum
819 2777 1100 2840 illecebrae,
1139 2778 1224 2832 ubi
1255 2777 1467 2831 occasio
1499 2791 1557 2831 se
1591 2777 1879 2842 olIerebat;
1924 2778 2028 2842 vis,

2209 2319 2352 2387 ttq'.
2389 2321 2495 2373 Kal
2537 2321 2600 2392 δὴ
2642 2321 2869 2392 λαμπρὰ
2905 2323 3002 2392 μὲν
3043 2323 3208 2376 αὑτοῦ
3254 2327 3322 2378 τὰ
3362 2326 3554 2397 πρῶτα
3585 2345 3714 2382 νεα-

2134 2409 2417 2480 νιεύματα,
2448 2409 2801 2479 λαμπρότερα
2845 2409 2899 2461 δὲ
2932 2409 2998 2462 τὰ
3042 2410 3326 2466 τελευταῖα
3373 2413 3494 2468 καθ’
3552 2416 3715 2485 ἡμῶν

2136 2500 2510 2570 ἀγωνίσματι.
2554 2500 2683 2552 Τίνα
2733 2500 2795 2570 δὴ
2830 2500 2974 2568 λέγω
3021 2501 3087 2554 τὰ
3145 2503 3336 2574 πρῶτα
3367 2505 3516 2572 (70);
3591 2505 3715 2571 Ἐξ..

2138 2590 2304 2657 ορίαι,
2335 2590 2522 2658 φυγαὶ,
2558 2589 2869 2660 δημεύσεις,
2904 2593 3184 2646 ἐπιϐουλαὶ
3233 2595 3344 2665 (71)
3371 2598 3600 2667 φανεραί
3647 2616 3712 2652 τε

2142 2681 2234 2733 καὶ
2261 2682 2483 2748 ἀφανεῖς
2502 2697 2515 2710 °
2537 2682 2596 2734 τὸ
2627 2682 2852 2745 πείθειν,
2882 2676 2942 2736 οὗ
2963 2685 3152 2754 καιρὸς
3176 2682 3241 2756 ἦν
3263 2701 3276 2714 ·
3309 2686 3370 2738 τὸ
3401 2687 3708 2754 βιάζεσθαι,

2135 2773 2228 2826 τοῦ
2291 2773 2497 2826 πείθειν
2542 2775 2642 2826 οὐκ
2685 2774 2854 2838 ὃντος.
2916 2777 2978 2829 Οί
3032 2778 3129 2847 μὲν
3183 2777 3539 2849 ἐξωθούμενοι
3597 2781 3712 2835 τῶν

469 2869 556 2926 ubi
593 2871 874 2924 verborum
902 2867 1169 2922 blanditiis
1201 2869 1347 2922 locus
1384 2884 1486 2922 non
1513 2877 1649 2922 erat.
1684 2867 1783 2921 Alii
1815 2867 2030 2936 quidem

2147 2864 2499 2934 Ἐκκλησιῶν,
2562 2866 2675 2918 ὅσοι
2723 2866 2816 2919 τοῦ
2877 2867 3035 2938 ὀρθοῦ
3089 2869 3245 2937 λόγου
3299 2873 3392 2924 καὶ
3429 2871 3522 2924 τοῦ
3579 2873 3685 2926 καθ

467 2961 534 3016 ab
570 2958 823 3013 Ecclesiis
863 2957 1308 3020 extrudebantur,
1361 2956 1451 3025 qui
1482 2955 1688 3010 scilicet
1725 2956 1884 3008 tidem
1943 2969 2032 3008 or-

469 3052 758 3106 thodoxam
825 3065 886 3104 ac
932 3057 1173 3102 nostram
1225 3050 1638 3118 profitebantur.
1693 3048 1796 3102 Alli
1853 3057 2032 3102 autem

469 3143 968 3204 introducebantur,
1015 3154 1206 3208 nempe
1253 3141 1342 3209 qui
1387 3139 1698 3209 pestiferam
1747 3148 1801 3193 et
1839 3139 2032 3194 exitia-

467 3235 572 3289 lem
608 3235 947 3304 imperatoris
985 3234 1280 3288 doctrinam
1326 3234 1601 3298 tenebant,
1651 3232 1742 3301 qui
1782 3232 2030 3300 impieta-

469 3328 537 3380 tis
575 3324 930 3393 chirographa
965 3323 1270 3393 exigebant,
1300 3322 1388 3390 qui
1439 3321 1522 3376 his
1569 3321 1744 3376 adhuc
1783 3322 2032 3390 graviora

468 3414 795 3468 scribebant.
841 3411 1166 3481 Presbyteri
1221 3411 1274 3465 in
1330 3410 1505 3464 medio
1549 3409 1681 3462 mari
1735 3409 2030 3474 combusti;

470 3503 617 3572 impii
645 3502 762 3556 belli
798 3501 978 3565 duces,
1016 3517 1117 3556 non
1156 3500 1345 3554 Persas
1377 3508 1711 3568 superantes,
1765 3515 1867 3554 non
1904 3499 2033 3569 Scy-

468 3595 588 3648 thas
619 3595 672 3647 iu
702 3601 1020 3661 poles-tatem
1049 3593 1370 3661 redigentes,
1407 3603 1512 3642 non
1546 3588 1704 3642 aliam
1741 3587 2031 3656 quamdam

466 3684 806 3739 barbaricam
855 3693 1064 3754 gentem
1117 3680 1482 3744 debellantes;
1532 3694 1717 3732 verum
1773 3679 2034 3734 Ecclesiis

468 3773 664 3828 bellum
698 3773 1008 3838 inferentes,
1043 3772 1092 3824 in
1120 3769 1376 3824 altaribus
1404 3769 1725 3831 saltitantes,
1757 3770 2032 3822 hominum

469 3872 523 3917 et
551 3862 888 3916 victimarum
923 3861 1180 3930 sanguine
1212 3861 1492 3913 incruenta
1549 3858 1812 3912 sacriﬁcia
1847 3870 2035 3913 conta-

468 3957 758 4018 minautes,
795 3969 858 4009 ac
889 3953 1150 4020 virginum
1191 3951 1444 4021 pudorem
1479 3953 1675 4018 probro
1716 3950 2030 4006 allicientes.

468 4047 632 4113 quue
671 4058 828 4112 quant
866 4043 1076 4096 tandem
1117 4044 1185 4095 ob
1224 4040 1478 4096 causam?
1522 4039 1808 4102 Nimirum,
1843 4048 1900 4094 ut
1945 4040 2035 4096 Ja-

468 4132 568 4187 cob
601 4132 902 4201 patriarcha
935 4129 1315 4200 expelleretur,
1352 4130 1556 4201 ipsique
1584 4128 1724 4184 Esau
1761 4130 1864 4196 ille,
1907 4138 2034 4188 ante

553 4308 600 4340 ’δ
631 4307 775 4365 Psal.
805 4323 970 4374 uxu,
995 4307 1047 4362 9.

481 4485 484 4488 ’
539 4487 650 4558 (64)
689 4487 868 4541 Κατά.
899 4487 1059 4558 Deest
1092 4490 1143 4542 in
1173 4489 1323 4544 Pass.
1463 4507 1466 4509 ·
1577 4553 1580 4556 ,

537 4556 646 4630 (65)
685 4556 1150 4626 Βλαϐερώτεροὶε.
1180 4560 1308 4628 Reg.
1341 4574 1389 4624 c,
1416 4560 1508 4616 Or.
1537 4561 1571 4613 2
1595 4569 1647 4615 et
1667 4558 1876 4623 Comb.,
1909 4559 2030 4630 βλα-

469 4626 790 4698 ϐερώτατον,

562 4697 650 4766 66)
696 4697 892 4750 Τοῦτο.
936 4697 1100 4766 llegg.
1132 4711 1180 4759 c,
1218 4698 1272 4762 d,
1305 4699 1506 4753 addunt
1533 4716 1642 4754 και.

562 4699 650 4764 66)
696 4699 892 4750 Τοῦτο.
936 4699 1100 4766 Regg.
1132 4711 1180 4759 c,
1218 4699 1272 4762 d,
1305 4699 1506 4753 addunt
1533 4716 1642 4754 και.

539 4699 649 4836 (67)
688 4766 1008 4818 Κλίναντα.
1070 4765 1235 4834 Regg.
1278 4769 1403 4832 bm,
1456 4770 1527 4836 ph
1577 4778 1630 4822 et
1684 4767 1873 4834 Pass,,
1922 4769 2032 4821 κλί-

467 4853 642 4888 νοντα.

529 4905 649 4972 (68)
690 4902 819 4956 Κᾶν
843 4905 971 4971 μεθ’
1012 4901 1183 4970 ’ἡμῶν
1219 4919 1292 4965 τι,
1339 4913 1420 4957 etc
1464 4923 1481 4953 ι
1508 4903 1737 4959 Tametsi
1770 4920 1828 4961 se
1876 4907 2028 4962 nobis

469 4973 834 5036 inclinaverit;
869 4972 1141 5025 nobiscum
1174 4973 1551 5026 commercium
1583 4974 1848 5038 habuerit,
1874 4995 1891 5026 ι
1934 4993 2026 5028 no-

470 5052 638 5096 strain
683 5040 884 5094 scilicet
915 5049 1160 5094 naturam
1197 5056 1496 5095 assumens.
1526 5041 1686 5096 Deest
1713 5060 1764 5096 τι
1797 5046 1848 5098 in
1898 5061 2028 5100 non-

470 5112 647 5165 nullis.
779 5154 782 5156 .

541 5178 651 5250 (69)
701 5177 991 5250 Ἑλκύφηο
1023 5177 1116 5250 ον.
1140 5179 1194 5243 2ο
1226 5179 1377 5250 ἕλκη-

469 5247 830 5371 “clamabam
875 5247 950 5317 δὴ
995 5247 1147 5318 λέγω
1188 5249 1260 5304 τὰ
1305 5247 1534 5318 πρῶτικ
1577 5249 1701 5306 “me
1749 5253 1940 5308 desunt
1974 5254 2025 5307 in

519 5333 577 5382 eg
632 5333 722 5382 νη.

539 5333 1052 5526 (ξιξωὲπιϐουλαί.
1085 5387 1240 5444 Deest
1272 5389 1323 5442 in
1359 5389 1522 5460 Regg.
1548 5406 1599 5455 a,
1625 5392 1678 5454 d,
1714 5392 1824 5454 Iun,
1861 5391 1952 5459 ph.

539 5458 627 5526 (7‘2
702 5457 1096 5526 Ἐμπρησμοί,
1136 5462 1237 5513 etc.
1269 5459 1467 5514 Allttdit
1499 5461 1562 5513 ad
1607 5463 1874 5526 octoginta
1909 5477 1952 5526 pl

538 5457 648 5528 (7‘2)
702 5457 1096 5528 Ἐμπρησμοί,
1136 5462 1237 5513 etc.
1269 5457 1562 5514 Alludit‘ad
1607 5457 1874 5526 octaginta
1909 5475 2022 5526 pre-

465 5527 733 5596 sbyteros,
760 5529 848 5594 qui
894 5527 1252 5582 NiComediam
1293 5529 1354 5581 ad
1393 5529 1664 5583 Valentem
1714 5531 1860 5583 missi
1908 5529 2021 5583 fue-

466 5605 608 5660 rant,
637 5596 836 5666 quique
869 5599 1093 5654 navibus
1124 5599 1352 5654 incensis
1393 5599 1645 5669 impositi,
1691 5608 1862 5656 morte
1893 5613 2016 5654 cru-

2133 2958 2281 3027 ἡμᾶς
2305 2973 2316 2986 ·
2353 2957 2401 3009 οί
2435 2957 2500 3008 -δε
2539 2959 2902 3029 είσαγὸμενοι,
2945 2962 3059 3014 ὅσοι
3114 2963 3213 3033 τῆς
3247 2961 3534 3034 βασιλικῆς
3596 2966 3709 3018 ἁπ-

2133 3047 2325 3110 ωλείας
2374 3046 2698 3118 ἐτύγχανον,
2746 3051 2887 3103 οἱτὰ
2914 3053 3256 3122 χειρόγραφα
3307 3055 3405 3124 τῆς
3452 3055 3708 3120 ἀσεϐείας

2134 3136 2509 3202 ἀπαιτοῦντες,
2537 3142 2583 3192 οἱ
2611 3141 2913 3210 γράφοντες
2959 3143 3027 3196 τὰ
3071 3143 3274 3197 τούτων
3319 3145 3399 3198 ἔτι
3452 3147 3707 3216 χαλεπώ-

2133 3245 2288 3300 τερα.
2364 3230 2752 3303 Πρεσῦυτέρων
2821 3235 3138 3306 ἐμπρησμοὶ
3195 3235 3305 3307 (72)
3367 3236 3638 3292 θαλάττιοι
3685 3257 3702 3269 ·

2137 3321 2430 3390 στρατηγοὶ
2460 3321 2778 3386 δυσσεϐεῖς,
2825 3325 2885 3377 οὐ
2940 3327 3163 3396 Περσῶν
3213 3329 3541 3399 κρατοῦντες
3569 3372 3583 3395 ,
3640 3335 3704 3387 οὐ

2135 3409 2343 3473 Σκύθας
2387 3411 2760 3482 χειρούμενοι,
2796 3415 2894 3467 οὐκ
2939 3415 3064 3469 ἄλλο
3107 3434 3159 3469 τι
3193 3417 3522 3490 βαρϐαρικὸν
3555 3422 3707 3487 ἔθνος

2136 3501 2630 3574 ἀνακαθαίροντες·
2699 3506 2813 3560 ἀλλ’
2886 3509 3232 3578 Ἐκκλησίαις
3287 3512 3710 3584 ὲπιστρατεύοψ-

2135 3611 2224 3656 τες
2247 3593 2378 3663 (75),
2409 3595 2502 3647 και)¹
2544 3595 2943 3669 θυσιαστηρίων
2973 3600 3082 3670 (74)
3111 3603 3560 3674 κατορχούμενοι,
3609 3609 3709 3661 καὶ

2134 3683 2229 3747 τὰς
2276 3685 2644 3755 ἀναιμάκτους
2687 3687 2876 3752 θυσίας
2919 3690 3217 3761 ἀνθρώπων
3245 3694 3339 3748 καὶ
3378 3694 3578 3750 θυσιῶν
3615 3699 3708 3752 αἶα

2138 3793 2271 3846 μασι
2301 3777 2610 3847 χραίνοντες
2639 3819 2654 3842 ,
2691 3781 2786 3833 καὶ
2832 3782 3114 3853 παρθένων
3165 3784 3297 3838 αίδῶ
3349 3786 3708 3860 καθυϐρίζον-

2134 3883 2242 3928 τες.
2274 3869 2390 3922 Ἵνα
2415 3869 2468 3922 τί
2499 3869 2757 3941 γένηται;
2795 3871 2892 3924 ”1ν’
2926 3873 3132 3945 ὲξωσθῇ
3167 3876 3266 3946 μὲν
3304 3875 3496 3931 Ἰακὼϐ
3529 3880 3642 3948 (75)
3673 3885 3708 3936 ὁ

2135 3962 2498 4032 πατριάρχης,
2554 3962 2876 4035 ἀντεισαχθῇ
2915 3965 2971 4018 δὲ
3017 3966 3209 4033 Ἠσαῦ,
3259 3969 3288 4024 ὁ
3331 3971 3706 4040 μεμισημένος

2135 4049 2228 4100 καὶ
2257 4049 2362 4120 πρὸ
2403 4051 2685 4118 γενέσεως.
2730 4054 2912 4109 Ταῦτα
2956 4056 3063 4110 τῶν
3112 4058 3342 4128 πρώτων
3384 4060 3549 4114 αὑτοῦ
3575 4078 3706 4116 νεα⁸

2117 4140 2438 4221 ¹νιευμόιτων
2464 4139 2532 4192 τὰ
2549 4139 2884 4214 διηγήματα,
2923 4144 2958 4199 ἃ
2986 4147 3079 4200 καὶ
3114 4147 3273 4218 μέχρι
3315 4147 3410 4202 τοῦ
3435 4148 3532 4206 νῦν
3560 4155 3702 4207 κινεί

2059 4499 2103 4554 D
2133 4493 2400 4574 delissima
2432 4496 2766 4553 interierunt.
2805 4497 2922 4553 Bill.
2963 4517 2982 4552 ‹
3014 4498 3229 4554 Marine
3261 4501 3698 4574 presbyterorum

2131 4576 2458 4620 CXIISUOIH'S.
2483 4585 2500 4616 ι

2199 4635 2310 4702 (75)
2363 4635 2737 4702 Ἐκκλησίαις
2773 4637 3312 4704 ἐπιστρατεύοντες.
3363 4638 3534 4704 Pass...
3577 4642 3694 4695 Ἐκ·

2129 4703 2353 4774 κλησίας
2403 4705 2876 4774 ἀνακαθαίροντες.
2927 4703 3306 4774 Sebastianus,
3366 4709 3696 4767 Manichazus

2129 4776 2230 4850 dux
2264 4775 2550 4850 exercitus,
2593 4789 2830 4850 accensa
2852 4777 3191 4831 Alexandriae
3225 4793 3376 4850 pyra,
3406 4780 3470 4831 ad
3518 4781 3697 4850 ignem

2129 4843 2443 4915 denudatas
2480 4843 2714 4915 virgines
2767 4846 3008 4900 admotas
3083 4843 3468 4915 compellebat,
3527 4843 3585 4904 ιῖι
3638 4865 3700 4904 se

2128 4911 2354 4984 lli-ianus
2397 4913 2655 4967 dicerent.
2693 4914 2892 4968 Deinde
2940 4911 3295 4984 quadraginta
3351 4917 3493 4970 viros
3541 4933 3696 4972 acer-

2126 4980 2345 5035 bissime
2395 4983 2674 5036 cruciavit.
2716 4984 2796 5036 Ad
2847 4980 2984 5037 hanc
3040 4980 3408 5039 crudelitatem
3462 4989 3699 5042 accessit

2125 5049 2384 5118 sacrilega
2427 5052 2788 5126 adolescentis
2820 5055 3094 5126 cujusdam
3131 5055 3450 5122 petulantia,
3495 5057 3589 5126 qui
3618 5059 3699 5110 al-

2126 5126 2241 5171 tare
2275 5123 2656 5185 conscendens,
2689 5123 2738 5172 in
2768 5135 2832 5175 eo
2859 5123 3094 5177 saltavit.

2195 5188 2306 5256 (74)
2345 5189 2452 5241 Καὶ
2488 5191 2950 5258 θυσιαστηρίων,
2994 5201 3097 5246 etc.
3149 5209 3169 5242 ι
3197 5191 3470 5246 Altaribus
3521 5192 3695 5247 insul-

2127 5264 2337 5312 tantes:
2375 5261 2432 5329 in
2457 5274 2641 5312 eorum
2687 5261 3066 5314 contumeliam
3099 5270 3152 5315 et
3198 5260 3543 5329 approbrium
3577 5264 3686 5318 sal-

2135 5335 2325 5399 tantes.
2349 5346 2376 5399 »ξ
2397 5325 2649 5399 Budaeus,
2682 5346 2700 5379 ι
2731 5330 2976 5399 tripudiis
3005 5325 3433 5384 lichenes-tantes.
3459 5348 3478 5380 ι

2202 5395 2314 5462 (75)
2367 5397 2576 5466 Ἰακώϐ.
2602 5407 2707 5452 etc.
2753 5395 2852 5451 For
2895 5418 2912 5450 ι
2939 5399 3124 5466 Jacob,
3168 5399 3560 5452 Athanasium»
3613 5400 3697 5454 in-

2129 5464 2350 5537 telligit._
2375 5465 2478 5537 Per
2526 5466 2730 5536 (Esau,
2765 5464 3121 5537 Georgiumn
3164 5470 3278 5536 qui,
3315 5467 3484 5534 ejecto
3521 5470 3697 5524 Atha-

2125 5535 2297 5602 nasio,
2338 5535 2391 5590 in
2429 5535 2752 5606 ejus'locum
2787 5535 3108 5608 subrogatus
3139 5535 3332 5592 fuerat.
