4050 6298
287 248 393 309 557

1128 255 1384 320 ORATIO
1420 262 1602 321 XLIII.
1642 295 1712 305 --
1750 258 1818 321 ΙΝ
1849 263 2130 323 LAUDEM
2170 268 2413 327 BASILII
2446 270 2681 329 MAGNI.

3412 284 3516 339 558

286 368 402 431 τοῖς
423 368 633 436 πολλοῖς
660 371 1014 468 δάκρυονρίξ)
1032 378 1110 440 εἰς
1134 381 1354 451 μνήμην
1380 382 1526 437 ἰόντα
1556 383 1648 436 καὶ
1667 384 1850 438 ἀκουό-

1954 385 2307 455 etiam,quam
2330 387 2381 440 in
2406 387 2578 445 lucem
2602 390 2912 461 prodiisset,
2940 394 3064 451 odio
3090 396 3371 468 habitus”,
3395 407 3511 461 sub-

284 475 448 531 μενα.

349 724 482 781 MZ'.
528 726 683 784 Ἐπεὶ
704 728 761 786 δὲ
791 734 969 789 πάντα
1009 737 1312 803 διεξελθὼν,
1350 744 1442 797 ἐπὶ
1475 743 1572 816 τὴν
1603 745 1851 802 ἄσειστον

276 814 376 868 καὶ
408 818 818 889 ἀνεπηρέαστον
862 826 1021 895 τήνδε
1071 828 1180 882 τῶν
1237 814 1569 904 Ἐκκλησιῶν
1620 839 1847 909 μητέρα,

272 905 353 969 ὡς
388 907 806 981 δουλωσόμενος,
855 914 1102 988 ὥρμησε.
1142 920 1233 974 καὶ
1274 922 1365 975 τὸν
1420 905 1735 996 λειπόμενον
1762 905 1847 982 ’ἔτι

275 996 439 1063 μόνον
467 998 578 1067 (77)
608 1000 836 1064 ζωτικὸν
898 1006 1169 1077 σπινθῆρα
1224 1011 1328 1081 τῆς
1386 1012 1675 1084 ἀληθείας·
1727 1019 1847 1072 τότε

272 1083 493 1154 πρῶτον
548 1088 744 1158 ᾔσθετο
786 1094 970 1158 κακῶς
1012 1094 1456 1168 βουλευσάμενος.
1505 1104 1593 1167 Ὠς
1623 1104 1729 1177 γὰρ
1759 1107 1848 1176 βέο

266 1173 365 1237 λος
418 1176 749 1251 ἰσχυροτέρῳ
798 1186 1125 1253 προσπεσὸν,
1183 1188 1528 1264 ἀπεκρούσθη
1566 1173 1710 1266 (78),
1753 1173 1845 1250 καὶ

268 1264 346 1329 ὡς
380 1266 561 1330 καλῶς
591 1270 796 1339 ῥαγεὶς,
833 1274 1176 1347 ὑπεχώρησε,
1225 1282 1267 1332 Τ
1270 1282 1460 1353 οιούτῳ
1499 1285 1575 1357 τῷ
1605 1288 1843 1358 προστά-

266 1369 335 1427 τῃ
370 1357 474 1426 τῆς
509 1356 834 1431 Ἐκκλησίας
883 1365 1122 1437 ἐνέτυχε,
1180 1372 1273 1423 καὶ
1319 1356 1557 1445 τοσούτῳ
1596 1356 1843 1450 προϐόλῳ

268 1451 639 1519 περιρραγεὶς
682 1453 918 1525 διελύθη.
956 1459 1034 1512 Τὰ
1062 1462 1161 1530 μὲν
1188 1459 1281 1516 οὖν
1325 1464 1457 1519 ἄλλα
1491 1467 1752 1535 λεγόντων
1783 1488 1841 1525 τε

267 1537 367 1590 καὶ
406 1541 783 1611 ἱστορούντων,
846 1547 953 1600 τῶν
1010 1551 1128 1604 τότε
1188 1557 1636 1627 πεπειραμένων,
1695 1560 1838 1614 ἔστιν

266 1630 491 1686 ἀκούειν
515 1650 529 1663 ⁸
566 1635 769 1706 ἱστορεῖ
800 1639 857 1691 δὲ
898 1642 1089 1707 οὐδεὶς,
1126 1646 1273 1709 ὅστις
1306 1649 1368 1699 οὑ
1401 1649 1509 1702 τῶν
1560 1652 1833 1705 ἁπάντων.

1957 483 2264 545 rogaretur.
2329 477 2551 533 Habetis
2619 483 2914 550 primorum
2982 486 3146 555 ipsius
3215 489 3514 550 facinorum

1956 562 2263 631 historiam,
2304 581 2534 635 quorum
2570 570 2681 639 ipsa
2714 587 2927 643 quoque
2970 584 3413 640 commemoratio
3457 596 3517 642 et

1954 655 2164 709 auditio
2194 656 2380 713 multis
2414 659 2708 715 etiamnum
2745 663 3012 734 lacrymas
3035 679 3232 724 movet.

2025 739 2231 798 XLVII.
2279 743 2346 799 Ut
2380 761 2504 802 vero
2533 752 2831 820 peragratis
2875 755 3125 811 omnibus
3168 759 3397 829 oppidis,
3444 764 3510 818 ad

1955 830 2090 886 hanc
2128 834 2338 888 firmam
2376 845 2430 890 et
2464 837 2775 894 inoti‘cnsam
2808 841 3173 901 Ecclesiarum
3198 858 3421 905 matrent
3453 868 3512 908 se

1951 923 2177 976 contulit
2213 934 2269 977 ut
2302 939 2417 979 eam
2449 927 2503 981 in
2537 928 2853 996 potestatem
2886 934 3169 1006 redigeret,
3209 954 3272 994 ac
3296 942 3510 996 vitalem

1948 1011 2094 1066 illum
2131 1016 2373 1069 veritatis
2421 1017 2736 1087 igniculum,
2787 1023 2877 1091 qui
2910 1025 3053 1080 solus
3081 1043 3381 1097 supererat,
3414 1050 3510 1089 cx-

1946 1100 2270 1171 stingtteret;
2301 1112 2409 1159 tum
2437 1107 2668 1175 primum
2696 1124 2757 1165 se
2787 1111 2985 1166 malum
3008 1118 3293 1173 consilium
3323 1121 3513 1178 iniisse

1946 1193 2135 1247 sensit.
2171 1193 2326 1260 Nam,
2354 1207 2409 1250 ut
2434 1198 2627 1265 sagitta
2662 1200 2712 1253 in
2741 1200 2925 1257 durius
2972 1218 3035 1260 ac
3066 1207 3287 1263 solidius
3318 1226 3512 1280 corpus

1944 1279 2210 1345 incidens,
2245 1286 2492 1353 repulsus
2521 1298 2624 1355 est,
2652 1296 2704 1342 et
2750 1292 2990 1348 rudentis
3036 1295 3207 1351 instar
3234 1299 3507 1367 eﬂractus,

1942 1371 2123 1425 cessit.
2157 1372 2213 1425 lu
2249 1375 2406 1429 talem
2449 1376 2702 1432 Ecclesia:
2734 1384 3028 1438 antistitem
3048 1386 3275 1444 incidit:
3309 1391 3362 1445 in
3395 1402 3509 1446 tan-

1942 1470 2055 1515 tum
2096 1464 2369 1533 scapulum
2413 1468 2676 1536 impactus
2716 1486 2835 1526 sese
2880 1474 3099 1547 infregit
3147 1494 3209 1534 ac
3245 1482 3503 1539 dissolvit.

1940 1551 2117 1622 Atque
2154 1556 2256 1609 alia
2284 1558 2496 1626 quidem
2531 1574 2596 1613 ex
2626 1575 2836 1627 eorum,
2880 1566 3046 1637 806
3072 1569 3162 1637 qui
3207 1579 3332 1627 tunc
3361 1576 3507 1642 peri-

1944 1642 2125 1696 culum
2158 1643 2420 1711 fecerunt,
2458 1664 2708 1706 sermone
2736 1667 2799 1706 ac
2824 1662 3332 1716 commemoratione
3368 1667 3506 1720 acci-

275 1720 443 1774 Ἀλλά
473 1725 715 1779 τοσοῦτοι
739 1727 1126 1799 θαυμάζουσιν,
1166 1737 1278 1789 ὅσοι
1312 1741 1436 1800 τοὺς
1466 1741 1585 1793 τότε
1625 1742 1840 1810 ἀγῶνας

1946 1743 2074 1797 pere
2099 1730 2259 1798 licet;
2302 1750 2458 1789 nemo
2500 1749 2808 1803 autemest,
2844 1745 2934 1812 qui
2990 1762 3091 1801 non
3143 1748 3256 1805 haec
3304 1768 3505 1807 memo-

262 1812 617 1883 γνωρίζουσι,
668 1818 765 1880 τὰς
829 1822 1150 1890 προσόολὰς,
1205 1827 1303 1890 τὰς
1353 1830 1691 1899 ὑποσχέσεις,
1740 1832 1837 1897 τὰς

259 1902 521 1968 ἀπειλὰς,
558 1907 682 1970 τοὺς
728 1909 790 1961 ὲκ
838 1911 929 1962 τοῦ
963 1912 1278 1969 δικαστικοῦ
1333 1902 1611 1991 τάγματος
1666 1941 1835 1995 προσ-

261 1996 659 2064 πεμπομένους
686 1998 794 2071 (79)
828 2001 994 2072 αὐτῷ,
1040 2006 1133 2059 καὶ
1162 2009 1368 2065 πείθειν
1406 2014 1832 2087 ἐπιχειροῦντας,

258 2085 392 2146 τοὺς
437 2086 503 2137 ὲκ
532 2086 625 2139 τοῦ
675 2095 1085 2160 στρατιωτικοῦ,
1120 2100 1246 2162 τοὺς
1281 2104 1344 2155 ὲκ
1376 2104 1472 2173 τῆς
1503 2085 1617 2173 (80⁷)
1645 2125 1834 2175 γυναι-

259 2175 567 2243 κωνίτιδος,
609 2181 734 2245 τοὺς
766 2186 823 2236 ὲν
862 2189 1104 2253 γυναιξὶν
1147 2192 1364 2264 ἄνδρας,
1412 2197 1502 2249 καὶ
1529 2199 1587 2250 ὲν
1612 2201 1835 2271 ἀνδράσι

258 2270 551 2332 γυναῖκας,
580 2273 704 2335 τοὺς
733 2274 892 2329 τοῦτο
916 2278 1074 2348 μόνον
1108 2281 1391 2352 ἀνδρικοὺς
1421 2284 1517 2355 τὴν
1550 2288 1831 2343 ἀσέϐειαν·

257 2357 382 2410 om
395 2362 645 2429 φυσικῶς
664 2366 1005 2441 ἀσελγαίνειν
1028 2374 1127 2425 οὐκ
1153 2373 1382 2445 ἔχοντες,
1398 2370 1440 2444 ᾧ
1458 2378 1705 2434 δύνανται
1723 2380 1832 2450 (81)

260 2450 451 2517 μόνον,
475 2454 541 2520 τῇ
577 2452 791 2527 γλώσσῃ
832 2460 1150 2529 πορνεύουσι
1192 2462 1323 2534 (8'2)°
1361 2467 1451 2518 τὸν
1496 2467 1829 2538 ἀρχιμάγει-

257 2555 357 2607 ρον
388 2540 779 2615 Ναὸουζαρδάν
811 2548 943 2618 (83),
974 2551 1072 2614 τὰς
1115 2555 1176 2606 ἐκ
1214 2556 1313 2624 τῆς
1344 2557 1537 2627 τέχνης
1560 2561 1833 2632 μαχαίρας

257 2632 685 2700 ἑπαπειλοῦντα,
735 2640 935 2709 καὶτῷ
979 2643 1162 2713 οἰκείῳ
1199 2649 1330 2718 eripi.
1360 2650 1729 2720 πεμπόμενον.
1767 2655 1831 2706 Ὃ

253 2720 313 2773 δὲ
353 2722 592 2791 μάλιστά
616 2743 704 2795 μοι
732 2728 838 2780 τῶν
863 2730 1067 2784 ἐκείνου
1099 2733 1417 2804 θαυμάσιον,
1448 2739 1542 2791 καὶ
1567 2740 1685 2793 οὐδὲ
1712 2740 1831 2811 βου-

254 2809 473 2883 λομένῳ
506 2817 793 2888 παρελθεῖν
814 2818 1051 2876 δυνατὸν.
1084 2825 1241 2878 τοῦτο
1267 2826 1422 2880 δώσω
1442 2829 1516 2899 τῷ
1536 2830 1679 2902 λόγῳ
1710 2849 1832 2885 συν-

254 2900 398 2955 ελὼν
427 2904 552 2959 ὅσον
583 2907 875 2978 ἐνδέχεται.

328 3171 467 3226 MH'.
498 3174 595 3238 Τίς
638 3177 737 3230 οὑκ
777 3173 883 3230 οἶδε
929 3177 1020 3232 τὸν
1065 3180 1367 3250 τηνικαῦτα
1407 3180 1650 3254 ὕπαρχον
1694 3184 1829 3251 (84),

254 3265 442 3336 πολλῷ
487 3267 583 3337 μὲν
615 3268 693 3338 τῷ
743 3269 925 3340 οἰκείῳ
979 3270 1167 3340 θράσει
1220 3271 1340 3322 καθ’
1392 3273 1546 3342 ἡμῶν
1599 3274 1829 3343 μάλιστα

198 3376 207 3382 '
253 3355 539 3428 χρώμενον
570 3358 789 3430 (ἐπειδὴ
832 3361 925 3413 καὶ
959 3363 1089 3432 παρ’
1130 3362 1352 3414 ἐκείνων
1380 3358 1448 3433 ἦν
1496 3363 1574 3433 τῷ
1639 3365 1829 3434 eam.

256 3464 425 3517 σματι
460 3448 749 3514 τελεσθεὶς,
784 3452 815 3521 ἢ
854 3452 1419 3524 συντελεσθεὶς(85)),
1454 3453 1622 3507 πλείω
1642 3457 1696 3509 δὲ
1719 3458 1827 3511 τῶν

253 3536 574 3605 ἀναγκαίων
595 3540 968 3611 ὑπηρετοῦντα
998 3540 1076 3611 τῷ
1104 3542 1465 3608 ἐπιτάττοντι,
1500 3544 1593 3597 καὶ
1615 3544 1702 3598 διὰ
1733 3546 1827 3599 τοῦ

253 3630 435 3684 πάντα
490 3630 841 3701 χαρίζεσθαι,
876 3632 936 3684 τὸ
983 3633 1184 3703 κράτος
1228 3633 1407 3704 ἑαυτῷ
1460 3638 1827 3707 συντηροῦντα

253 3722 350 3775 καὶ
382 3721 720 3790 φυλάττοντα
751 3722 1141 3794 χρονιώτερον;
1178 3725 1364 3796 Τούτῳ
1400 3726 1655 3797 βρέμοντι
1686 3729 1827 3783 κατά

250 3813 352 3883 τῆς
395 3814 745 3884 Ἐκκλησίας,
789 3816 883 3867 καὶ
925 3815 1187 3869 λεόντειον
1221 3816 1319 3885 μὲν
1364 3817 1424 3870 τὸ
1454 3813 1591 3881 εἶδος
1626 3820 1825 3889 προϐε-

253 3906 530 3979 ϐλημένῳ,
586 3908 847 3960 λεόντειον
892 3908 1002 3978 (86)
1046 3908 1103 3960 δὲ
1138 3908 1499 3979 βρυχωμένῳ,
1544 3911 1637 3963 καὶ
1692 3911 1824 3981 μηδὲ

251 3997 511 4067 προσιτὸν
548 3998 659 4068 (87)
686 4000 796 4059 τοῖς
821 3996 1058 4049 πλείοσιν
1089 3997 1224 4065 (88),
1259 3998 1286 4048 ὁ
1328 3998 1587 4063 γεννάδας
1618 4000 1824 4063 ἐκεῖνος

253 4088 533 4155 εἰσάγεται
557 4106 571 4121 ο
606 4087 801 4158 μᾶλλον
848 4088 921 4151 δὲ,
957 4088 1177 4140 εἴσεισιν
1202 4128 1215 4149 ,
1251 4087 1439 4159 ὥσπερ
1482 4091 1560 4150 εἰς
1606 4089 1821 4161 ἑορτὴν,

249 4181 352 4235 οὐκ
381 4183 463 4243 εἰς
493 4182 671 4251 κρίσιν
712 4180 1058 4249 καλούμενος.
1093 4179 1216 4243 Πῶς
1258 4178 1323 4231 ἂν
1352 4179 1516 4243 ἀξίως
1556 4180 1823 4251 διηγησά-

252 4289 381 4345 μην,
416 4273 571 4345 ἢτὴν
612 4272 703 4326 τοῦ
739 4274 983 4343 ὑπάρχου
1013 4270 1345 4342 θρασύτητα,
1390 4271 1422 4342 ἢ
1453 4271 1551 4340 τὴν
1594 4271 1688 4324 τοῦ
1730 4274 1823 4325 ἀν-

1941 1822 2033 1875 ria:
2065 1825 2278 1891 prodat.
2316 1823 2507 1882 Verum
2541 1832 2577 1884 ii
2622 1832 2836 1888 demunt
2879 1836 3236 1897 admiratione
3267 1843 3507 1901 alliciun-

1938 1919 2045 1978 tur,
2079 1915 2270 1984 quibus
2298 1921 2511 1988 cognita
2550 1932 2675 1977 sunt
2710 1928 2965 1993 temporis
3004 1929 3146 1986 illius
3179 1938 3498 2003 certamina,

1938 2003 2201 2071 insultus,
2250 2008 2698 2079 pollicitationes,
2761 2017 2947 2083 minaz;
3008 2020 3082 2075 illi
3133 2039 3198 2078 ex
3261 2025 3501 2093 judicum

1935 2093 2133 2159 classe,
2164 2098 2354 2166 qui‘ad
2378 2116 2498 2154 eum
2530 2105 2898 2174 mittebantur,
2937 2126 3166 2181 cmnque
3200 2115 3415 2175 ﬂectere
3437 2138 3500 2175 ac

1939 2200 2252 2252 permovere
2285 2190 2654 2258 conabantur;
2694 2195 2765 2249 illi
2811 2213 2876 2253 ex
2922 2200 3139 2256 militari
3171 2204 3385 2271 ordine;
3427 2209 3498 2262 illi

1936 2289 1997 2329 ex
2039 2291 2326 2347 gynaeceo;
2369 2280 2440 2333 illi
2476 2282 2618 2337 inter
2649 2286 2876 2341 feminas
2921 2290 3040 2355 viri,
3086 2302 3138 2346 et
3168 2294 3313 2349 inter
3356 2298 3500 2355 viros

1937 2365 2167 2432 feminae,
2194 2385 2292 2424 nec
2316 2371 2468 2426 virile
2494 2355 2787 2442 quidquam
2813 2388 3005 2447 prmtcr
3032 2382 3361 2452 impietatem
3405 2389 3501 2443 lia-

1935 2459 2161 2527 bentes;
2194 2462 2285 2530 qui
2315 2479 2435 2516 cum
2470 2468 2696 2520 naturali
2724 2472 2880 2525 modo
2910 2471 3349 2544 libidinioperam
3374 2482 3501 2537 dare

1935 2562 2223 2617 nequeant,
2266 2555 2407 2623 quod
2454 2571 2617 2610 unttm
2661 2569 2901 2629 possunt,
2943 2562 3120 2635 lingua
3156 2582 3495 2640 scortantur;

1936 2640 2023 2695 ille
2049 2643 2278 2712 denique
2313 2646 2688 2716 Nabuzardan,
2724 2665 3017 2721 coquornm
3043 2659 3346 2726 praefectus,
3368 2672 3501 2719 artts

1932 2746 2042 2787 suae
2064 2733 2269 2804 gladios
2288 2738 2564 2803 minitans,
2589 2749 2749 2809 atque
2778 2742 2843 2797 ad
2873 2744 3045 2815 ignem
3070 2749 3170 2803 sibi
3201 2766 3500 2821 congruen-

1936 2834 2042 2877 tem
2106 2827 2476 2883 transmissus.
2531 2830 2640 2900 Ego
2682 2840 2812 2887 Vero
2860 2835 2931 2902 id,
2978 2841 3122 2905 quod
3150 2854 3214 2893 ex
3251 2843 3501 2902 onmibus

1932 2913 2046 2981 ejus
2073 2914 2320 2972 laudibus
2349 2934 2556 2975 summe
2589 2922 2914 2988 admiror,et
2932 2929 3092 2995 quod,
3126 2944 3192 2984 ne
3214 2932 3257 2985 si
3288 2935 3496 3002 cupiam

1931 3007 2464 3077 quidem,prazterire
2496 3028 2711 3082 queam,
2746 3016 2999 3083 breviter,
3031 3024 3207 3090 quoad
3241 3024 3357 3094 ejus
3381 3026 3496 3082 ﬁeri

1932 3099 2150 3166 pulerit,
2190 3115 2476 3171 exponam.

2003 3189 2229 3245 XLVIII.
2266 3194 2427 3249 Eccui
2482 3198 2695 3254 tandem
2740 3201 3041 3273 incognitus
3101 3205 3187 3260 ille
3238 3216 3340 3273 est,
3404 3212 3495 3280 qui

1932 3290 2059 3336 tunc
2112 3285 2250 3351 apud
2305 3301 2403 3341 nos
2453 3290 2690 3356 prrefecti
2750 3309 2972 3349 munere
3006 3295 3343 3368 fungebatur,
3383 3310 3492 3355 tum

1929 3383 2116 3441 suapte
2161 3377 2380 3455 audacia
2421 3380 2681 3438 adversus
2723 3401 2819 3440 nos
2865 3389 3165 3455 praesertim
3196 3388 3496 3446 inflamma-

1931 3469 2014 3516 tus
2040 3464 2184 3531 (nam
2209 3466 2277 3520 ab
2313 3454 2419 3522 illis
2453 3485 2665 3540 quoque
2700 3454 3037 3542 baptismatis
3084 3492 3222 3547 aqua
3274 3480 3490 3549 tinctus,

1928 3552 2013 3607 vel
2046 3555 2580 3622 potius,submersus
2600 3561 2829 3632 fuerat);
2883 3574 2991 3619 tum
3039 3567 3200 3621 etiam
3240 3570 3491 3638 amplius,

1926 3656 2087 3710 quam
2130 3659 2351 3700 necesse
2393 3659 2555 3713 esset,
2584 3650 2894 3721 imperatori
2922 3656 3286 3723 subserviens,
3330 3670 3492 3728 atque

1927 3750 1990 3788 ex
2014 3750 2076 3789 eo
2105 3738 2243 3804 quod
2274 3737 2349 3791 illi
2374 3740 2628 3797 omnibus
2660 3743 2710 3796 in
2737 3744 2897 3799 rebus
2924 3746 3330 3815 obsequeretur,
3372 3751 3491 3805 ditt-

1929 3826 2136 3881 turnius
2161 3828 2445 3897 imperium
2475 3831 2574 3886 sibi
2600 3837 2960 3892 conservans?
2998 3838 3077 3891 Ad
3105 3839 3269 3907 hunc,
3296 3841 3489 3897 adver-

1923 3931 2018 3971 sus
2050 3917 2338 3974 Ecclesiam
2369 3920 2708 3987 frementem,
2731 3925 3005 3997 leonisque
3033 3930 3264 3999 speciem
3298 3946 3407 4000 prae
3431 3948 3491 3988 se

1925 4008 2206 4073 ferentem,
2254 4026 2317 4064 ac
2367 4012 2536 4069 leonis
2596 4030 2745 4069 more
2797 4018 3116 4085 rugientem,
3158 4029 3323 4091 atque
3348 4024 3492 4096 ejus-

1926 4100 2092 4163 modi,
2128 4109 2188 4153 ut
2237 4117 2265 4154 a
2296 4103 2478 4157 multis
2516 4119 2583 4159 ne
2616 4106 2751 4159 adiri
2784 4108 2997 4174 quidem
3039 4120 3239 4179 posset,
3270 4114 3355 4166 vir
3383 4115 3491 4168 for-

1925 4190 1995 4245 tis
2022 4190 2339 4256 adducitur;
2388 4193 2495 4247 imo
2537 4208 2685 4259 vero,
2726 4196 3041 4264 ingreditur,
3088 4201 3305 4267 perinde
3341 4217 3405 4256 ac
3443 4205 3489 4256 si

1926 4294 2031 4333 non
2067 4281 2132 4334 ad
2157 4282 2436 4351 judicium.
2478 4285 2570 4338 sed
2599 4286 2664 4338 ad
2698 4285 2888 4338 festum
2922 4298 3221 4342 vocaretur.
3243 4289 3486 4355 Quonam

248 4366 377 4436 δρὸς
410 4366 547 4437 πρὸς
580 4365 739 4418 αὑτὸν
788 4363 926 4435 μετά
968 4364 1235 4425 συνέσεως
1292 4361 1579 4427 ἕνστασιν;
1620 4364 1680 4416 TI
1711 4380 1817 4428 σοι,

1935 4379 2101 4423 autem
2140 4373 2317 4433 modo,
2340 4375 2421 4426 vel
2466 4374 2698 4441 prmfecti
2732 4376 3030 4442 audaciam,
3065 4377 3146 4431 vel
3175 4377 3486 4445 Basiliidvir-

250 4453 512 4529 φησὶν,ὦ
539 4452 715 4522 οὗτος
772 4454 905 4527 (89),
945 4455 1232 4520 βούλεται
1267 4493 1282 4518 ,
1328 4452 1565 4523 τοῦνομα
1598 4470 1820 4524 προσει-

320 4574 367 4604 ⁹⁸
390 4572 551 4626 Rom.
585 4585 660 4636 Ix,
690 4570 776 4626 11.

340 4686 433 4764 Ζεὶ)
472 4684 761 4764 earnm.-
789 4683 929 4764 “es:
948 4681 1039 4764 P'I:
1061 4681 1287 4764 Wm-

341 4750 432 4821 77)
472 4750 692 4809 Μόνον.
727 4750 891 4836 Deest
919 4750 978 4836 ἰπὶ.
1004 4752 1131 4820 lieg.
1214 4762 1259 4804 et
1289 4750 1445 4836 Pass.
1479 4819 1504 4836 ⁵
1557 4818 1575 4836 ς
1598 4819 1615 4836 Ι

340 4690 433 4752 '76)
472 4690 759 4751 Δάκρυον.
790 4690 921 4752 Reg.
948 4690 1039 4752 ph,
1061 4690 1287 4751 δάκρυα.

341 4758 432 4821 77)
472 4757 692 4809 Μόνον.
727 4754 884 4807 Deest
919 4754 967 4805 in
1004 4752 1131 4820 lieg.
1161 4768 1189 4803 c
1214 4762 1259 4804 et
1300 4750 1445 4805 Pass.
1479 4819 1504 4834 ἢ
1598 4819 1615 4836 Ι

306 4690 441 4948 3'78;
489 4824 918 4890 Ἀπεκρούσθη.
946 4822 1017 4904 Ἰιι
1075 4820 1423 4890 quibusdam,
1476 4818 1713 4892 οιελυθη.
1758 4821 1817 4877 In

306 4914 388 4948 ns-
445 4894 698 4948 ιεὸοάγη.
729 4902 784 4947 et
813 4890 1054 4948 διεγυθη.

246 4890 388 4958 aliis,
412 4890 698 4966 διερῤάγη,
729 4902 784 4947 et
813 4890 1054 5031 δὲιῖίύθη.
1680 4890 1687 4892 ‘

315 4967 431 5031 (79)
473 4969 836 5031 Προσπεμπο
910 4977 1079 5031 fove.
1122 4958 1320 5031 Comb.
1356 4969 1409 5013 et
1458 4959 1637 5025 Pass.,
1689 4977 1817 5031 προ-

315 4967 431 5037 (79)
473 4967 1079 5038 Ιιροσπεμπομέρςομς.
1122 4967 1321 5038 (ὶοωῠκ
1356 4969 1419 5038 et_
1459 4967 1637 5025 Pass.,
1689 4977 1763 5032 πρ

249 5028 673 5112 πεμπομένουςη
698 5028 878 5108 (quas
905 5028 1101 5112 yalens
1136 5028 1517 5112 tgmmittebat.
1547 5048 1591 5112 r_
1626 5097 1661 5112 ﬂ

316 5096 453 5175 ('80)'
475 5102 717 5187 To‘z‘mﬁx
743 5096 873 5179 ἑῇς.
905 5096 994 5151 Sic
1015 5106 1123 5151 tres
1149 5096 1340 5168 Regg.,
1369 5099 1516 5153 Pass.
1545 5109 1599 5153 et
1623 5097 1815 5155 Camb.

246 5173 303 5228 ln
325 5173 449 5239 'ed'.,
478 5173 603 5234 τοὺς
632 5173 695 5223 ὲκ
721 5173 834 5221 τοῦ.
1768 5238 1780 5252 ο

316 5243 428 5313 (8|)
467 5236 536 5313 ᾭ
587 5240 889 5294 δύνανται.
931 5237 1045 5291 Duo
1093 5234 1259 5307 Begg.
1300 5246 1355 5290 et
1397 5236 1618 5304 Comb.,
1652 5237 1680 5290 ὃ
1724 5237 1813 5290 δυ-

246 5330 728 5453 ναῖἕΞιΤλὼσσῃ
754 5376 1133 5443 πορνεύουσι.
1157 5375 1537 5429 ΡΓωνςιι-ῑςειίο
1572 5376 1622 5428 in
1649 5376 1813 5430 Deum

246 5384 511 5501 αιιοόιίιιπι
542 5448 908 5501 fornicationis
938 5460 1106 5501 uenus
1138 5457 1238 5498 est.
1281 5444 1431 5499 Unde
1467 5444 1629 5498 David
1676 5445 1810 5501 nsal.

242 5444 511 5527 quoddam
532 5444 908 5527 [arnicationis
938 5460 1106 5527 genus
1138 5457 1238 5527 est.
1281 5444 1431 5527 unde
1460 5444 1629 5527 David
1676 5445 1810 5526 psal.

244 5514 330 5585 (ἓν,
358 5520 449 5582 59,
485 5538 503 5569 ι
532 5517 802 5573 Fornicati
838 5524 964 5569 sunt
1008 5516 1060 5567 in
1109 5514 1578 5585 adiuventionibus
1630 5516 1760 5585 suis.
1787 5534 1806 5567 ι

242 5582 339 5644 ilic
364 5599 545 5643 autem
572 5586 861 5654 Gregorius
884 5586 1107 5654 aulicos,
1126 5582 1216 5649 qui
1262 5582 1375 5636 fere
1407 5599 1595 5639 omnes
1613 5582 1812 5638 Ariana
1912 5598 2013 5637 σοι.
2048 5621 2063 5636 .

244 5658 437 5715 haeresi
474 5654 660 5711 infecti
687 5652 870 5722 crant,
905 5670 923 5706 ι
954 5652 1228 5722 Spa‘dones
1250 5672 1269 5704 ι
1310 5664 1487 5708 vocat.

1924 4466 2090 4513 tutem
2131 4469 2186 4515 et
2215 4462 2552 4530 sapientiam,
2584 4476 2727 4531 eam,
2762 4461 3003 4531 inquam,
3047 4478 3152 4534 qua
3184 4465 3233 4519 ei
3270 4444 3485 4533 resiitit,

1990 4679 2591 4752 (85)__Na6ov(ap§dr.
2630 4678 2880 4749 intelligit
2915 4699 2939 4752 γι
2967 4681 3378 4739 Demosthenem
3400 4724 3414 4748 ,
3457 4704 3476 4737 ι

1920 4749 2307 4819 ρυειῐιγνιιιθηε
2338 4755 2403 4803 ad
2434 4749 2689 4803 Basiliunt
2743 4751 3099 4819 praemiserat,
3136 4756 3480 4819 quemadmo-

1916 4818 2040 4872 dum
2069 4818 2565 4873 Nalmchodonosor
2594 4818 3120 4876 misitNabuzardan
3154 4818 3475 4889 Jerusalem,

1916 4902 1974 4943 ttt
1998 4889 2270 4943 civitatem
2303 4889 2633 4944 incenderet.

1988 4956 2101 5028 (86)
2135 4958 2459 5027 Ὕπαρχον.
2490 4957 2760 5014 Modestus
2790 4961 2835 5013 is
2862 4968 2980 5014 erat
3011 4960 3312 5028 praefectus.

2140 5022 2298 5113 Πειρδ
2325 5022 2589 5113 exstrue.
2618 5068 2640 5113 _.
2670 5067 2683 5082 .
2722 5022 3175 5113 Ξυντελεάθείς.
3200 5031 3370 5113 ‘Coi'sl.
3422 5033 3477 5101 2,

1917 5094 2044 5167 παρ’
2077 5094 2308 5166 ἐκείνῳ.
2362 5094 2476 5159 llic,
2517 5097 2667 5164 juxta
2722 5098 2984 5163 Nicetam,
3041 5094 3474 5183 συντελεσθῆναι,

1915 5167 2055 5219 idem
2085 5166 2330 5234 estquod
2362 5168 2877 5241 καταποντισθῆναι,
2914 5186 2933 5218 ‹
2971 5168 3264 5241 submergt.
3304 5191 3324 5224 ι
3354 5173 3473 5227 Βιιί.

1919 5252 1939 5286 r
1986 5234 2068 5287 Ab
2100 5235 2225 5288 illis.
2265 5272 2279 5287 .
2310 5271 2325 5288 .
2356 5238 2634 5291 confectus
2662 5234 2855 5291 fuerat.
2898 5253 2917 5287 ι

2128 5304 2547 5388 ῥτεόντειρνκίη
2571 5305 2913 5388 quibusdath
2942 5305 3233 5363 λεονταῖον.

1983 5373 2095 5458 ςὲἒὶ
2125 5374 2439 5458 Ηρρσιτςίη-
2469 5373 2932 5458 Oratam??-
2966 5440 3005 5458 η.
3106 5455 3114 5458 _
3216 5445 3312 5458 _.

1983 5442 2096 5515 (@8)
2132 5443 2257 5515 Τοῖς
2287 5443 2585 5515 πλείοσιν.
2628 5442 2741 5515 Sic;
2760 5442 2914 5500 codd.
2936 5514 2939 5515 ν
2962 5442 3122 5515 Deest
3155 5450 3265 5510 τοῖς
3300 5445 3351 5500 in
3388 5444 3478 5502 ed.

1982 5507 2091 5583 ('89)
2127 5512 2299 5599 lgor.”
2336 5552 2349 5566 .
2386 5507 2432 5567 ὦ
2475 5508 2670 5580 οὗτος.
2712 5512 2801 5570 Sic
2846 5514 3004 5571 codd.
3048 5507 3318 5572 Prave'in
3366 5514 3478 5587 ed.,

2100 5621 2113 5635 .
2140 5598 2183 5648 ῳ
2216 5597 2388 5645 ουτος.
