4050 6298
456 238 561 298 559

1657 226 1715 283 S.
1755 226 2083 285 GREGORII
2125 224 2470 283 TllEOLOGI

3602 231 3709 286 560

452 358 586 413 satis
619 354 777 425 digna
820 349 1061 433 oratione
1102 345 1470 415 complectar?
1510 345 1641 411 Quae
1672 354 1766 401 tua
1798 356 1910 413 est,
1950 350 2031 402 in-

2138 347 2253 400 πὼν
2285 344 2468 417 (οὔπω
2506 344 2613 417 γὰρ
2645 344 2941 399 ἐπίσκοπον
2972 344 3126 416 ἠξίου
3157 344 3411 415 καλεῖν),
3456 346 3521 399 τὸ
3555 350 3709 402 κατὰ

453 448 590 518 quit,
619 445 781 512 ratio,
814 444 941 497 heus
978 449 1055 505 tu,
1085 437 1307 493 nomine
1331 436 1485 492 illum
1507 438 1840 506 compellans
1868 438 2026 509 (non-

456 537 581 592 dum
646 535 787 591 enim
836 545 959 586 eum
1027 529 1335 598 episcopum
1402 542 1602 582 vocare
1653 527 2027 598 dignabatur);

456 637 510 681 ut
537 625 681 680 tanta
700 620 1005 692 imperatori
1032 620 1279 672 obsistere
1296 618 1518 682 audeas,
1536 618 1780 689 solusque
1799 618 2030 672 omnium

455 715 834 772 contumaciter
885 723 932 766 te
972 711 1161 783 geras?
1210 710 1497 776 Quorsum,
1550 711 1827 781 respondit
1878 709 2033 765 Basi-

455 810 576 875 lius,
609 806 718 861 hcec
741 803 913 859 oratio
942 811 1161 869 spectat,
1200 811 1247 854 et
1278 816 1520 869 qua'nam
1540 796 1670 855 ΔΙιανιε
1704 800 2034 854 contumacia

454 908 504 955 et
541 897 890 966 arrogantia?
926 892 1174 948 Nondum
1196 893 1333 945 enim
1366 892 1420 945 id
1448 893 1581 945 satis
1609 892 1865 959 intelligo.
1896 891 2059 967 0110-,

455 993 619 1057 niam,
648 988 823 1058 inquit
851 987 959 1050 ille,
1007 986 1337 1053 imperatoris
1371 985 1671 1054 religionem
1701 984 1915 1037 minime
1943 1000 2032 1037 co-

454 1082 541 1145 lis,
585 1080 824 1134 omnibus
872 1076 992 1129 aliis
1024 1076 1141 1144 jam
1181 1074 1448 1128 inclinatis
1496 1091 1557 1127 ac
1593 1074 1873 1141 superatis.
1908 1072 2033 1127 Non

454 1169 612 1232 enim,
650 1165 822 1235 inquit
857 1165 1110 1229 Basilius,
1140 1163 1249 1216 ha'c
1280 1162 1385 1217 vult
1421 1164 1704 1229 imperator
1743 1179 1910 1228 meus,
1942 1180 2033 1218 nec

456 1274 563 1312 rem
607 1256 772 1309 ullam
821 1264 1050 1309 creatam
1094 1256 1318 1306 adorare
1350 1252 1601 1319 sustineo,
1632 1252 1795 1323 807
1828 1270 1943 1307 cum
1984 1262 2034 1307 et

455 1348 563 1414 ipse
608 1363 640 1400 a
689 1346 791 1399 Deo
840 1352 1048 1398 creatus
1093 1345 1211 1404 sim,
1262 1353 1308 1395 et
1357 1343 1483 1396 deus
1527 1359 1636 1396 esse
1672 1343 1887 1413 jubear.
1921 1342 2034 1398 Nos

456 1454 599 1505 vero,
643 1436 822 1505 inquit
853 1434 972 1501 ille,
1006 1435 1128 1504 quid
1155 1434 1363 1485 tandem
1393 1432 1484 1485 tibi
1514 1432 1793 1486 uidemur?
1820 1430 2035 1486 Nihilne

457 1545 637 1582 sumus
671 1528 759 1597 qui
790 1524 1189 1594 Ittecjubcmus?
1224 1521 1364 1588 Quid
1397 1523 1598 1592 igitur?
1632 1518 1755 1576 Non
1785 1540 2036 1593 maguum

2130 438 2425 491 τοσούτου
2452 436 2705 505 κράτους
2736 434 2983 506 τολμᾷν,
3021 436 3117 490 καὶ
3147 439 3339 506 μόνον
3361 436 3478 492 τῶν
3503 438 3713 494 ἄλλων

2132 528 2714 592 ἀπαυθαδιάζεσθαι;
2764 528 2875 582 Τοῦ
2922 526 3135 597 χάριν,
3188 530 3217 582 ὁ
3247 528 3509 597 γεννάδας
3554 530 3708 601 φησὶ,

2132 618 2231 672 καὶ
2278 619 2371 685 τίς
2408 621 2446 687 ἡ
2493 620 2787 682 ἀπόνοια;
2835 619 3009 672 Οὔπω
3041 620 3152 688 γὰρ
3204 619 3321 689 ἔχω
3372 620 3708 691 γινώσκειν.

2136 709 2265 763 Ὅτι
2292 708 2377 778 μὴ
2407 708 2479 761 τὰ
2497 707 2804 773 βασιλέως
2834 710 3205 776 θρησκεύεις,
3251 710 3407 780 φησὶ,
3434 710 3554 763 τῶν
3596 710 3712 764 ἄλ-

2134 805 2259 857 λων
2289 798 2573 859 ἁπάντων
2608 802 3057 857 ὐποκλιθέντων
3100 802 3197 856 καὶ
3230 803 3592 872 ἡττημένων.
3626 807 3712 860 Οὐ

2135 893 2246 963 γὰρ
2270 893 2477 957 ταῦτα,
2511 892 2636 963 ἔφη,
2654 893 2956 959 ,βασιλεὺς
2990 896 3021 947 ό
3039 893 3181 962 ἐμὸς
3205 894 3495 957 βούλεται
3513 911 3527 924 ο
3568 894 3715 949 οὐδὲ

2136 984 2361 1053 κτίσμα
2393 1001 2447 1038 τι
2481 984 2853 1052 προσκυνεῖν
2873 982 3183 1053 ἀνέχομαι,
3215 985 3363 1039 Θεοῦ
3390 1001 3455 1038 τε
3490 986 3717 1054 κτίσμα

2136 1072 2472 1143 τυγχάνων,
2498 1073 2595 1126 καὶ
2626 1074 2761 1139 θεὸς
2780 1069 2934 1128 εἶναι
2972 1074 3472 1143 κεκελευσμένος.
3523 1075 3717 1145 Ἡμεῖς

2135 1163 2203 1217 δὲ
2244 1164 2301 1217 τί
2330 1178 2429 1217 σοι
2468 1164 2793 1234 δοκοῦμεν;
2830 1166 2901 1219 Ἦ
2934 1165 3116 1219 οὐδὲν
3158 1166 3287 1236 (90),
3330 1166 3469 1237 ἔφη,
3525 1167 3718 1221 ταῦτα

2138 1253 2653 1322 προστάττοντες;
2693 1256 2754 1309 Τί
2776 1254 2876 1309 δαί
2895 1272 2913 1320 ;
2946 1258 3018 1311 οὐ
3048 1257 3202 1326 μέγα
3240 1273 3339 1311 σοι
3372 1257 3441 1309 τὸ
3478 1256 3606 1325 μεθ’
3644 1258 3717 1326 η·

2130 1343 2264 1415 μῶν
2284 1342 2582 1414 τετάχθαι,
2611 1345 2709 1399 καὶ
2738 1346 3063 1413 κοινωνοὺς
3079 1347 3243 1415 ἔχειν
3266 1346 3458 1415 macie;
3487 1348 3718 1416 ’Ὕπαρ-

2137 1454 2231 1506 χοι
2256 1436 2392 1505 μὲν,
2439 1437 2624 1506 φησὶν,
2689 1437 2880 1507 ὑμεῖς,
2936 1437 3033 1491 καὶ
3075 1437 3196 1491 τῶν
3221 1438 3550 1507 ἐπιφανῶν,
3600 1440 3718 1491 οὐκ

2136 1526 2476 1597 ἀρνήσομαι
2508 1545 2521 1558 ·
2566 1529 2730 1583 οὔπω
2779 1528 2848 1582 δὲ
2896 1529 3042 1583 Θεοῦ
3097 1528 3440 1598 τιμιώτεροι.
3498 1530 3609 1583 Kal
3645 1528 3713 1583 τὸ

458 1631 503 1674 et
538 1617 885 1685 honoriﬁcum
910 1614 1176 1669 existimas
1219 1613 1287 1665 ad
1325 1623 1530 1666 nostras
1574 1622 1746 1680 partes
1788 1614 2030 1683 adjungi,

2138 1618 2466 1685 κοινωνοὺς
2481 1619 2663 1688 ἔχειν,
2687 1618 2843 1689 μέγα
2866 1621 2983 1689 μὲν
3008 1617 3155 1687 (πῶς
3180 1618 3291 1688 γὰρ
3320 1620 3427 1683 oi);
3456 1618 3715 1689 πλάσμα

460 1712 730 1781 sociosque
785 1725 877 1762 nos
924 1706 1159 1759 habere?
1194 1705 1270 1757 Ad
1318 1705 1432 1759 haec
1462 1701 1690 1759 Basilius
1721 1723 1734 1759 :
1789 1703 1888 1759 Vos
1917 1705 2029 1773 qui-

2136 1707 2285 1762 Θεοῦ
2338 1708 2436 1763 καὶ
2485 1710 2711 1781 ὑμεῖς),
2744 1688 2881 1765 ἀλλ’
2927 1710 3073 1763 ὡσεί
3114 1727 3277 1776 τινας
3323 1711 3554 1777 ἄλλους
3594 1688 3719 1764 τῶν

460 1806 576 1858 dem
607 1799 837 1870 pra'fecti
884 1799 1029 1859 estis,
1058 1807 1105 1849 et
1143 1795 1351 1864 quidem
1381 1793 1637 1860 illustres,
1676 1812 1778 1849 non
1822 1796 2029 1864 inﬁcias

2137 1798 2240 1869 ὑφ’
2267 1801 2411 1870 ἡμῖν
2438 1800 2545 1873 (9i)
2578 1800 2967 1872 τεταγμένων.
2988 1802 3070 1855 Οὐ
3098 1786 3213 1873 γὰρ
3236 1802 3579 1871 προσώποις
3607 1802 3718 1857 τὸν

460 1908 558 1956 eo;
603 1890 814 1943 minime
848 1898 1020 1941 tamen
1055 1883 1163 1938 Deo
1199 1886 1617 1955 prcestantiores.
1661 1884 1843 1940 Socios
1863 1896 2033 1944 autem

2140 1889 2637 1962 Χριστιανισμὸν,’
2658 1892 2819 1946 ἀλλὰ
2851 1892 3050 1947 πίστει
3092 1892 3639 1963 χαρακτηρίζεσθαι.

461 2002 545 2039 vos
601 1983 788 2036 habere
844 1978 971 2033 mihi
1030 1976 1243 2049 quidem
1294 1976 1525 2044 amplum
1581 1986 1630 2031 et
1691 1979 2035 2048 honoriﬁcum
2076 1979 2463 2052 fuertl(quidni
2498 1985 2803 2054 enim?ipsi
2839 2002 3038 2055 quoque
3098 1988 3188 2042 Dei
3256 1997 3506 2042 creatura:
3539 1987 3716 2055 estis);

459 2082 549 2137 sed
572 2090 624 2134 ut
662 2079 795 2133 alios
824 2076 1077 2144 quosdam
1107 2089 1170 2127 ea;
1198 2071 1299 2135 his,
1334 2070 1424 2140 qui
1457 2071 1604 2124 nobis
1642 2070 2024 2140 subjectisunt.
2070 2071 2192 2127 Non
2227 2078 2366 2130 enim
2416 2094 2762 2148 personarum
2826 2080 3096 2149 dignitate,
3174 2084 3257 2137 sed
3293 2083 3399 2151 ﬁde
3446 2081 3722 2137 Christia-

461 2174 659 2229 nismus
690 2170 997 2240 insignitur.
2612 2190 2615 2191 ,
2990 2180 2993 2183 λ

536 2263 714 2320 XLlX.
747 2264 859 2318 llac
887 2260 1133 2315 oratione
1168 2266 1469 2314 commotus
1498 2258 1805 2328 praefectus,
1836 2276 1897 2317 ac
1927 2276 2034 2316 ma-

456 2359 561 2428 jori
588 2358 667 2411 ira
692 2366 1008 2418 succensus,
1032 2350 1099 2405 de
1125 2349 1376 2404 subsellio
1406 2351 1662 2416 surrexit,
1692 2360 1853 2421 atque
1874 2367 2031 2421 aspe-

462 2444 695 2501 rioribus
727 2443 905 2498 verbis
932 2457 1052 2496 cum
1106 2456 1170 2495 eo
1215 2456 1376 2511 agerc
1417 2442 1673 2510 perrexit.
1711 2442 1892 2508 Quid?
1931 2443 2032 2499 Po-

463 2546 695 2591 tes'atem
726 2537 859 2588 hanc
888 2550 991 2588 non
1020 2533 1380 2602 pertimescis?
1417 2531 1525 2586 Cur
1556 2549 1674 2588 vero
1702 2534 2031 2603 pertimesce-

2215 2255 2342 2312 MB'.
2376 2257 2511 2311 Τότε
2558 2256 2622 2328 δὴ
2659 2257 2948 2328 κινηθέντα
2996 2256 3086 2310 τὸν
3139 2254 3402 2326 ὕπαρχον,
3458 2254 3612 2319 ζέσαι
3653 2271 3721 2307 τε

2140 2350 2400 2420 πλέοντῷ
2443 2348 2617 2420 θυμῷ,
2650 2349 2743 2402 κα)¹
2774 2350 2870 2421 τῆς
2900 2348 3167 2419 καθέδρας
3215 2346 3588 2417 ἐξαναστῆναι,
3617 2345 3720 2399 καὶ

2139 2440 2496 2513 ’βραχυτέροις
2528 2439 2664 2511 πρὸς
2691 2439 2853 2491 αὑτὸν
2879 2436 3184 2511 χρήσασθαι
3222 2435 3420 2506 λόγοις.
3465 2435 3525 2488 Τί
3559 2433 3660 2488 δαί
3695 2450 3718 2498 ;

2139 2534 2210 2586 οὺ
2243 2528 2399 2599 φοϐῇ
2427 2529 2542 2597 τὴν
2560 2528 2870 2593 ἐξουσίαν,
2927 2527 3125 2598 φησίν;
3175 2525 3270 2594 Μὴ
3310 2525 3369 2578 τί
3420 2524 3660 2594 γένηται
3697 2540 3719 2586 ;

463 2642 591 2691 rens,
633 2626 806 2694 inquit
830 2624 1098 2678 Basilius?
1136 2623 1273 2687 Quid
1299 2624 1430 2691 ﬁet?
1456 2622 1595 2688 Quid
1622 2625 1841 2690 patiar?
1888 2625 2028 2692 Quid

2135 2624 2216 2695 μὴ
2248 2622 2317 2678 δὲ
2342 2624 2401 2678 τί
2427 2622 2622 2685 addat;
2648 2624 2706 2675 Μ
2710 2621 2745 2691 ἡ
2763 2622 2850 2683 τί;
2888 2618 3009 2674 Τῶν
3033 2617 3279 2673 πολλῶν
3296 2616 3386 2681 ἓν,
3404 2616 3443 2671 ἃ
3465 2615 3575 2684 τῆς
3594 2616 3716 2688 (92)

461 2715 697 2784 patieris,
724 2713 900 2768 intulit
926 2710 1053 2767 ille?
1099 2711 1273 2765 Unum
1308 2728 1335 2766 e
1374 2721 1481 2766 tam
1528 2711 1730 2777 multis,
1761 2730 1879 2783 qua:
1909 2731 2033 2770 meae

2135 2717 2285 2786 ἐμῆς
2313 2714 2675 2780 δυναστείας
2702 2712 2893 2766 ἐστίν.
2925 2711 3065 2766 Τίνα
3090 2710 3313 2774 ταῦτα;
3348 2706 3721 2780 γνωριζέσθω

464 2816 587 2860 sunt
625 2806 918 2874 potestatis.
958 2803 1215 2870 Quamam
1257 2804 1387 2868 ha'c,
1435 2802 1710 2873 subiungit.
1764 2804 2033 2861 Basilius?

2135 2808 2247 2879 γὰρ
2281 2808 2444 2878 ἡμῖν.
2487 2806 2809 2876 Δήμευσιν,
2842 2803 3103 2872 ἐξορίαν,
3140 2802 3460 2869 ,ϐασάνους
3479 2843 3494 2867 ,
3533 2800 3719 2855 θάνα-

464 2897 581 2952 Fac
608 2900 745 2951 cnim
787 2897 1156 2965 intelligamus.
1200 2893 1491 2961 Bonorum,
1541 2896 1715 2965 inquit
1757 2896 1865 2964 ille,
1913 2912 2038 2966 pro-

2135 2917 2262 2954 τον.
2293 2899 2365 2951 Εἴ
2391 2916 2446 2952 τι
2466 2897 2641 2961 ἄλλο,
2675 2897 2859 2967 φησὶν,
2886 2895 3120 2950 ἀπείλει
3143 2912 3157 2925 ·
3186 2895 3415 2949 τούτων
3466 2893 3577 2964 γὰρ
3611 2895 3717 2946 οὺ·-

461 2989 815 3058 scriptionem,
857 2986 1120 3049 exsilium,
1157 2986 1442 3051 cruciatus,
1480 2996 1719 3041 mortem.
1759 2988 1896 3042 Tum
1931 2988 2033 3042 Ba-

2135 2991 2241 3045 δὲν
2267 2990 2441 3061 ημῶν
2472 2988 2735 3044 ἅπτεται.
2765 2988 2876 3042 Καὶ
2908 2986 2998 3041 τὸν
3021 2988 3196 3040 εἰπεῖν
3215 3002 3229 3017 ’
3265 2984 3397 3051 Πῶς
3436 2985 3535 3039 καὶ
3579 2984 3719 3037 τίνα

463 3081 614 3134 silius
640 3095 653 3131 :
684 3076 743 3132 Si
766 3077 890 3146 quid
922 3075 1068 3129 aliud
1095 3076 1271 3137 habes,
1295 3077 1348 3129 id
1374 3077 1520 3130 nobis
1546 3076 2034 3133 miuitare.Horum

462 3168 620 3235 enim,
648 3183 764 3238 qua:
791 3170 962 3221 adhuc
1000 3167 1439 3232 commemorasti,
1474 3167 1611 3221 nihil
1653 3183 1748 3222 nos
1803 3170 2032 3239 attingit.

466 3260 709 3326 Quonam
754 3258 926 3326 modo,
963 3258 1136 3327 inquit
1187 3257 1323 3312 ille?
1351 3257 1637 3323 Quoniam,
1671 3259 1847 3330 inquit
1884 3260 2037 3315 Basi-

463 3354 591 3417 lius,
647 3351 897 3405 bonorum
936 3348 1308 3416 proscriptioni
1353 3350 1608 3404 obnoxius
1654 3366 1758 3404 non
1800 3362 1898 3417 est,
1942 3353 2037 3422 qui

465 3443 592 3497 nihil
614 3442 801 3505 habet;
830 3440 929 3493 nisi
963 3441 1097 3508 forte
1118 3438 1306 3492 laceris
1329 3448 1376 3492 et
1420 3439 1626 3493 detritis
1659 3439 1802 3493 hisce
1845 3441 2035 3509 pannis

463 3534 663 3603 indiges
702 3548 763 3585 ac
805 3531 986 3599 paucis
1031 3528 1238 3594 libellis,
1265 3530 1318 3582 in
1358 3530 1544 3599 quibus
1570 3546 1748 3584 omnes
1784 3530 1913 3585 mihi
1952 3533 2037 3599 fa-

463 3624 680 3677 cultates
696 3631 743 3676 et
763 3622 925 3689 copia:
952 3631 1093 3673 sunt.
1112 3619 1370 3674 Exsilium
1393 3632 1564 3674 autem
1585 3622 1729 3674 haud
1758 3638 2035 3692 cognosco,

463 3714 553 3782 qui
586 3712 729 3766 nullo
757 3712 869 3765 loco
903 3711 1324 3779 circumscriptus
1360 3726 1514 3774 sum;
1545 3726 1608 3764 ac
1641 3726 1803 3780 neque
1839 3720 2036 3767 terram

465 3811 621 3871 hanc,
649 3820 805 3873 quant
836 3819 969 3856 nunc
994 3803 1368 3866 iucolo,meam
1395 3803 1578 3868 habeo,
1596 3812 1645 3856 et
1674 3820 1788 3857 eam
1808 3820 2033 3870 omnem,

465 3899 518 3949 in
558 3910 713 3965 quam
768 3893 1032 3962 projectus
1081 3892 1249 3961 fuero,
1292 3906 1386 3958 pro
1437 3907 1550 3945 mea
1597 3894 1765 3955 duco;
1810 3894 1936 3960 into,
1979 3906 2035 3949 ut

466 3987 656 4041 rectius
684 3984 891 4053 loquar,
925 3983 1223 4035 universam
1247 3991 1440 4035 terram
1474 3981 1568 4036 Dei
1592 3999 1703 4037 esse
1730 3986 2036 4054 scio,cujus

465 4078 666 4132 advena
700 4093 793 4146 ego
824 4090 940 4129 sum
987 4082 1037 4128 et
1085 4073 1571 4153 peregrinus._Jam
1609 4084 1871 4131 tormenta
1909 4080 2035 4148 quid

467 4172 699 4238 accipere
724 4176 938 4240 queant,
967 4183 1085 4222 cum
1117 4183 1303 4231 corpus
1330 4166 1481 4231 desit,
1520 4166 1623 4220 nisi
1650 4168 1785 4237 [orte
1809 4172 2060 4244 primum.

464 4261 674 4330 plagam
705 4260 902 4314 dixeris
921 4259 946 4311 1’
971 4256 1146 4326 Hujus
1163 4258 1297 4311 enim
1326 4257 1490 4312 solius
1512 4274 1665 4324 penes
1683 4266 1732 4313 te
1755 4261 2033 4313 arbitrium

2141 3081 2393 3149 τρόπον;
2425 3079 2552 3132 Ὅτι
2578 3094 2684 3143 τοι,
2722 3076 2844 3149 ἔφη,
2872 3076 3157 3146 δημεύσει
3176 3075 3292 3146 μὲν
3319 3077 3431 3145 οὐχ
3459 3076 3712 3141 άλωτὸς,

2140 3176 2173 3226 ό
2205 3172 2399 3243 μηδὲν
2424 3170 2605 3240 ἔχων,
2633 3168 2801 3239 πλὴν
2828 3171 2881 3224 εὶ
2910 3170 3137 3224 τούτων
3170 3169 3415 3238 χρήσεις
3452 3168 3567 3238 (9'5)
3594 3166 3718 3221 τῶν

2139 3262 2435 3332 τρυχίνων
2475 3279 2595 3332 μου
2638 3262 2887 3331 ῥακίων,
2940 3260 3040 3315 καὶ
3072 3261 3328 3326 βιϐλίων
3373 3260 3614 3331 ὀλίγων,
3642 3260 3716 3313 ἐν

2138 3350 2229 3420 οἷς
2258 3355 2291 3407 ό
2320 3351 2438 3420 πᾶς
2465 3353 2593 3423 ἐμοὶ
2610 3354 2771 3419 βίος.
2832 3353 3107 3421 Ἐξορίαν
3138 3351 3207 3406 δὲ
3239 3354 3311 3408 οὐ
3354 3351 3647 3423 γινώσκω,
3678 3355 3715 3406 ὁ

2140 3444 2347 3513 μηδενὶ
2375 3446 2537 3512 τόπῳ
2555 3446 2975 3514 περίγραπτος,
3004 3444 3103 3500 καὶ
3122 3443 3274 3515 μήτε
3303 3445 3528 3513 ταύτην
3551 3444 3716 3513 ἔχων

2136 3535 2311 3606 ἐμὴν,
2348 3535 2429 3605 ἢν
2466 3534 2610 3591 οἰκῶ
2646 3537 2784 3602 νῦν,
2814 3537 2912 3591 καὶ
2940 3537 3148 3592 πᾶσαν
3170 3536 3344 3607 ἐμὴν,
3380 3539 3468 3602 εις
3516 3535 3597 3604 ἣν
3634 3537 3719 3590 ἂν

2133 3627 2286 3698 ριφῶ
2306 3645 2318 3657 °
2342 3626 2582 3697 μᾶλλον
2610 3626 2699 3691 δὲ,
2729 3628 2834 3682 τοῦ
2867 3629 3019 3684 Θεοῦ
3048 3627 3158 3697 (94)
3189 3628 3414 3691 πᾶσαν,
3456 3623 3529 3684 οὗ
3561 3627 3717 3695 πάρ-

2137 3737 2298 3786 οικος
2324 3719 2439 3789 ἐγὼ
2470 3718 2567 3773 καὶ
2601 3719 3029 3789 παρεπίδημος.
3052 3719 3404 3785 Αίβάσανοι
3437 3718 3526 3786 δὲ,
3560 3719 3617 3772 τί
3635 3718 3718 3772 ἂν

2135 3810 2402 3877 λάϐοιεν,
2430 3813 2543 3866 οὐκ
2573 3811 2748 3878 ὄντος
2769 3810 3061 3882 σώματος,
3084 3812 3250 3880 πλὴν
3261 3814 3313 3867 ει
3333 3811 3449 3880 τὴν
3468 3810 3717 3879 πρώτην

2135 3902 2336 3972 λέγοις
2351 3901 2594 3973 πληγήν
2609 3919 2629 3967 ;
2664 3903 2889 3970 Ταύτης
2912 3902 3022 3972 γὰρ
3041 3902 3122 3957 σὺ
3132 3906 3327 3973 μόνης
3348 3902 3461 3971 (95)
3482 3903 3713 3970 κύριος.

2149 3990 2202 4045 '0
2230 3989 2299 4043 δὲ
2326 3990 2580 4057 θάνατος
2604 3990 2936 4060 εὐεργέτης.
2970 3990 3079 4045 Kal
3108 3990 3219 4061 γὰρ
3246 3991 3460 4046 θᾶττον
3484 3990 3716 4059 πέμψει

2130 4099 2208 4152 με
2239 4082 2389 4150 πρὸς
2418 4082 2587 4148 Θεὸν,
2641 4075 2690 4148 ᾧ
2739 4081 2830 4145 ζῶ,
2884 4083 2982 4136 καὶ
3030 4086 3411 4154 πολιτεύομαι
3440 4082 3576 4155 (96),
3612 4084 3716 4136 και

2135 4173 2214 4238 τῷ
2240 4173 2505 4241 πλείστῳ
2536 4173 2669 4244 (97),
2701 4172 2975 4243 τέθνηκα,
3005 4175 3101 4228 καὶ
3155 4175 3305 4243 πρὸς
3350 4175 3426 4229 ὃν
3470 4174 3715 4243 ἐπείγο-

2130 4282 2236 4334 μαι
2270 4267 2590 4335 πόρρωθεν.

464 4362 512 4405 et
550 4361 777 4421 potestas
818 4358 913 4404 est.
948 4348 1094 4403 Mors
1127 4364 1282 4415 porro
1312 4348 1546 4432 beneﬁcii
1597 4350 1726 4404 mihi
1757 4350 1871 4405 loco
1893 4352 2027 4418 erit;
2062 4354 2216 4409 citius
2248 4358 2382 4411 enim
2423 4374 2504 4414 me
2540 4360 2609 4412 ad
2646 4357 2813 4421 Deum
2841 4361 3180 4428 transmittet,
3204 4361 3289 4415 cui
3322 4361 3433 4416 vivo
3490 4370 3539 4415 et
3601 4376 3717 4413 ser-

462 4448 565 4511 vio,
600 4446 931 4513 maximaque
966 4458 1032 4496 ea:
1070 4449 1219 4510 parte
1261 4449 1478 4493 mortem
1517 4440 1645 4505 obii,
1695 4451 1743 4495 et
1783 4443 1850 4495 ad
1887 4461 2039 4512 quem
2071 4446 2386 4515 jampridem
2410 4465 2648 4517 propero.

533 4539 592 4593 L.
630 4538 745 4603 Quo
771 4548 1018 4591 sermone
1050 4532 1453 4602 obstupefactus
1472 4534 1760 4603 praefectus
1791 4553 1805 4590 :
1840 4536 2031 4603 Nemo,

2208 4539 2291 4593 N'.
2321 4540 2541 4606 Τούτοις
2574 4542 2991 4611 καταπλαγέντα
3024 4541 3114 4595 τὸν
3157 4541 3421 4613 ὕπαρχον,
3475 4542 3707 4609 οὐδεὶς,

464 4631 657 4699 inquit,
710 4645 790 4681 me
840 4628 1168 4697 (nomenque
1222 4638 1379 4678 suum
1435 4625 1717 4695 adjungit),
1772 4627 1841 4680 ad
1894 4628 2030 4681 hunc

2135 4628 2313 4698 φάναι,
2339 4629 2515 4701 μέχρι
2540 4632 2647 4685 τοῦ
2674 4633 2790 4687 νῦν
2819 4633 3009 4697 οὕτως
3049 4632 3177 4701 ἐμοὶ
3230 4630 3574 4697 διείλεκται,
3607 4634 3710 4686 καὶ

461 4735 623 4789 usque
662 4720 823 4779 diem,
881 4717 979 4780 ita,
1032 4730 1122 4768 nec
1166 4715 1282 4783 pari
1329 4716 1601 4770 verborum
1651 4716 1903 4782 libertate,
1956 4729 2030 4772 est

461 4808 740 4862 allocutus.
778 4804 957 4874 Neque
990 4804 1146 4867 enim,
1179 4802 1253 4857 ait
1287 4802 1533 4873 Basilius,
1574 4806 1795 4875 fortasse
1830 4808 1886 4863 in
1915 4810 2025 4877 epi-

536 5002 649 5077 (99)
687 4998 986 5077 nassa.
1035 5008 1160 5077 etc._
1206 4999 1326 5077 Bill.
1392 5000 1595 5077 ¢_ni_ltil
1650 5019 1800 5071 sane,
1853 5008 2025 5077 inquit

467 5073 715 5143 Basilius,
757 5072 884 5143 dum
930 5071 1304 5143 liaeejultctis.
1354 5090 1372 5124 ι
1426 5072 1529 5126 Sed
1582 5088 1861 5143 perperam
1914 5071 2026 5133 time

465 5141 626 5214 uerba
670 5140 867 5214 Basilio
912 5140 1118 5214 tribuit.
1150 5138 1515 5214 Codiceslim
1549 5138 1604 5197 et
1654 5138 1723 5214 p'lt
1780 5147 2021 5203 indicant

467 5212 580 5265 haec
613 5212 774 5265 verba
807 5224 925 5265 esse
959 5209 1213 5277 praefecti.
1248 5211 1327 5264 Ad
1353 5210 1563 5266 illorum
1598 5209 1740 5268 enim
1775 5217 2022 5271 codicum

463 5279 836 5368 oraIm‘legitur
861 5296 889 5368 τι
911 5280 1215 5368 timuerit?
1248 5282 1499 5368 praelecto
1540 5281 1825 5368 :INihilue,
1854 5302 1877 5368 ρ
1915 5294 2019 5367 etc.

536 5347 814 5425 (91)ξιξφί
856 5347 1019 5425 ἡμῖν.
1055 5347 1302 5425 Goisl._l,
1348 5349 1497 5425 Fata,
1541 5349 1683 5425 _Jes.,
1725 5347 1821 5425 ὑφ’⁷
1846 5354 2022 5425 ὑμῶν.

463 5416 639 5483 Ροεε.,
671 5418 759 5489 lupi
791 5416 1119 5489 opio._c_qui
1151 5420 1301 5489 vobis
1330 5420 1552 5485 subjecti
1579 5433 1723 5477 sunt.
1762 5416 1781 5477 ἱ

536 5488 646 5559 (92)
811 5486 1351 5562 sunanegam
1386 5489 1457 5562 ἐν
1481 5489 1537 5562 ,ά
1568 5491 1723 5562 τῆς,
1748 5504 1856 5550 etc.
1890 5494 2024 5562 Reg.

460 5555 831 5641 gypr.',.Mr’(-ct
868 5559 975 5612 τῶν
1009 5557 1225 5641 πολλῶν¹
1250 5557 1540 5641 saxeae“
1586 5555 1667 5641 σε,
1690 5555 1739 5616 *a
1767 5563 1889 5641 τῆς,
1919 5555 2025 5641 etc.

458 5626 636 5694 Quam
664 5626 948 5686 lectionem
977 5626 1561 5697 probatCombetiSius,
1583 5634 1640 5686 et
1661 5626 1922 5690 vertit'ic
1952 5635 2029 5692 Nc

2123 4724 2271 4790 μετὰ
2328 4724 2624 4790 τοσαύτης
2649 4723 2759 4792 τῆς
2805 4724 3167 4791 παρρησίας,
3226 4722 3287 4775 τὸ
3338 4722 3534 4775 ἑαυτοῦ
3583 4722 3699 4792 (98)

2135 4813 2391 4882 προσθεὶς
2412 4814 2784 4885 ὄνομα..οὺδέ
2823 4814 2931 4884 γὰρ
2992 4814 3302 4880 ἐπισκόπῳ
3380 4815 3549 4880 ἴσως,
3596 4831 3709 4885 φη·-

2125 5022 2285 5061 unum
2314 5022 2344 5082 e
2376 5008 2587 5075 multis,
2623 5026 2741 5081 qme
2786 5026 2918 5066 mete
2961 5018 3089 5068 sunt
3138 5009 3447 5082 potestatis,
3492 5006 3713 5081 frangat

2125 5085 2198 5142 te,
2224 5080 2370 5132 etde
2402 5080 2673 5135 sententia
2713 5082 3005 5138 dimoveat.
3047 5099 3068 5133 ι

2197 5147 2310 5229 (ἓξ)
2340 5150 2795 5229 ἕρῄσέιςοΡθξῖη
2826 5152 3071 5229 χρῄζεις.

2195 5216 2309 5287 (94)
2349 5216 2459 5292 Τοῦ
2508 5220 2676 5276 Θεοῦ.
2716 5222 2805 5277 Sic
2828 5216 2932 5278 se;
2968 5222 3136 5292 [ἰείη.
3182 5227 3238 5275 et
3266 5216 3364 5274 0r.
3402 5218 3460 5275 2.
3506 5219 3565 5276 In
3608 5222 3699 5278 ed.

2126 5287 2297 5351 deest,
2336 5288 2454 5342 τοῦ.

2200 5359 2307 5433 (95)
2332 5363 2555 5433 Μάνης.
2582 5361 2755 5425 Pass.,
2782 5363 2960 5433 μόνος.

2199 5423 2307 5502 (9o)
2341 5430 2449 5483 Kal
2478 5423 2881 5501 πολιτεύομαι.
2914 5423 3063 5489 Pass.
3094 5433 3187 5486 xui.
3214 5423 3258 5500 ᾧ
3288 5429 3635 5502 πολίτευμαι.

2341 5500 2857 5581 (gemmeum.
2888 5512 2945 5556 et
2968 5502 3120 5581 Pass.
3158 5503 3379 5581 addunt,
3401 5500 3593 5581 ‘uée‘u.

2203 5569 2315 5638 (98)
2352 5569 2423 5623 Τὸ
2449 5570 2717 5645 ἐαυτοῦέ
2758 5569 2944 5645 Suum.
2987 5592 3004 5625 ι
3036 5572 3169 5645 Reg.
3198 5588 3246 5638 c,
3275 5571 3333 5624 τὸ
3356 5569 3543 5639 αὑτοῦ,
3576 5591 3598 5624 ι
3636 5570 3700 5627 il-

2133 5638 2255 5707 lius,
2299 5659 2318 5693 ι
2362 5654 2577 5711 nempe,
2616 5660 2635 5692 ι
2669 5640 2869 5699 Basilii.
2912 5661 2930 5695 ι
