4050 6298
250 283 345 339 561

1100 290 1362 347 ORATIO
1401 291 1583 349 XLIII.
1623 325 1693 335 ——
1731 296 1800 351 ΙΝ
1836 298 2121 356 LAUDEM
2161 295 2403 353 BASILII
2444 293 2679 351 MAGNI.

3396 290 3505 350 562

253 402 337 456 σὶν
370 400 510 474 (99),
561 402 879 473 ἐνέτυχεςο
918 402 957 473 ἢ
1014 403 1251 471 πάντως
1296 404 1372 460 ἂν
1419 407 1634 461 τοῦτον
1692 409 1831 464 διει-

1930 428 2143 481 scopum
2184 412 2437 466 incidisti.
2488 409 2700 479 Alioqui
2741 410 2836 463 hoc
2873 423 3088 478 prorsus
3140 408 3292 463 modo
3339 410 3504 464 disse-

247 493 437 561 λέχθη
464 492 574 546 τὸν
602 495 844 561 τρόπον,
872 492 1026 562 ὺπέρ
1053 496 1337 549 τοιούτων
1379 496 1821 568 ἀγωνιζόμενος.

252 585 458 639 Τᾶλλα
492 583 610 654 μὲν
672 585 783 654 γὰρ
832 584 1113 651 ἐπιεικεῖς
1158 584 1329 655 ἡμεῖς
1355 627 1369 650 ,
1411 588 1681 657 ῦπαρχε,
1725 591 1827 645 καὶ

246 676 478 741 παντὸς
499 675 695 729 ἄλλου
738 676 1166 744 ταπεινότεροι,
1200 677 1376 731 τοῦτο
1420 678 1531 746 τῆς
1571 680 1827 748 ἐντολῆς

243 767 661 834 κελευούσης-ο
697 765 906 836 καὶμὴ
936 766 1026 820 ὅτι
1078 768 1346 833 τοσούτῳ
1398 769 1620 838 κράτει,
1668 772 1828 826 ἀλλὰ

236 856 402 927 μηδὲ
458 856 579 911 τῶν
634 859 945 927 τυχόντων
996 858 1088 913 ἐνὶ
1124 860 1201 929 (1)
1236 860 1351 929 τὴν
1388 862 1580 930 ὀφρὺν
1630 863 1829 933 αἴρον-

242 965 366 1015 τες.
406 944 491 1005 Οὗ
526 948 595 1002 δὲ
639 949 786 1014 Θεὸς
813 948 880 1003 τὸ
913 949 1421 1021 κινδυνευόμενον
1468 954 1567 1007 καὶ
1594 956 1828 1023 προκεί-

236 1058 455 1111 μενον,
498 1041 697 1095 τᾶλλα
750 1043 1272 1111 περιφρονοῦντες,
1332 1044 1481 1113 πρὸς
1536 1045 1725 1100 αὐτὸν
1752 1046 1826 1117 (ἓ)

236 1132 787 1203 μόνονβλέπομεν.
828 1132 955 1203 Πῦρ
987 1133 1076 1198 δὲ,
1117 1135 1216 1188 καὶ
1259 1134 1455 1204 ξίφος,
1494 1136 1592 1189 καὶ
1630 1134 1825 1204 θῆρες,

243 1221 346 1276 καὶ
401 1226 458 1277 οἱ
513 1223 621 1290 τὰς
675 1224 910 1291 σάρκας
961 1224 1283 1295 τέμνοντες
1336 1224 1573 1296 ὄνυχες,
1633 1225 1831 1295 τρυφὴ,

238 1311 490 1382 μᾶλλον
511 1313 659 1382 ἡμῖν
694 1316 875 1378 εἰσιν,
913 1313 953 1382 ἣ
991 1314 1388 1383 κατάπληξις.
1435 1315 1590 1384 Πρὸς
1643 1316 1830 1369 ταῦτα

244 1403 462 1471 ὕϐριζε,
499 1404 756 1466 ἀπείλει,
788 1404 943 1458 ποίει
969 1403 1092 1459 πᾶν
1119 1404 1152 1458 ὅ
1181 1422 1237 1459 τι
1263 1401 1379 1460 οὖν
1411 1405 1488 1459 ἂν
1515 1401 1556 1477 ᾖ
1585 1407 1662 1477 (5)
1688 1406 1831 1471 βου-

241 1494 486 1564 ,ιομένῳ
536 1510 658 1561 σοι,
709 1494 822 1562 τῆς
872 1494 1161 1562 ἐξουσίας
1218 1496 1511 1550 ἀπόλαυε.
1550 1496 1829 1550 Ἄκουέτω

242 1585 439 1640 ταῦτα
467 1587 566 1640 καὶ
590 1587 926 1653 ,ϐασιλεύςο
973 1589 1055 1653 ὡς
1103 1586 1263 1656 ἡμᾶς
1294 1606 1360 1657 τε
1385 1589 1497 1659 οὐχ
1534 1588 1825 1657 αἱρήσεις,

239 1675 390 1731 οὐδὲ
418 1677 675 1743 πείσεις,
718 1675 1053 1732 συνθέσθαι
1086 1674 1159 1745 τῇ
1204 1676 1471 1745 ἀσεϐείᾳ,
1517 1677 1634 1731 κᾶν
1664 1676 1829 1731 ἀπει-

240 1768 368 1838 λῆς
406 1767 817 1840 χαλεπώτερα.

312 2036 451 2091 NA’.
518 2034 735 2105 Ἐπειδὴ
767 2033 844 2104 (4)
871 2031 1045 2088 ταῦτα
1079 2034 1254 2086 εἰπεῖν
1310 2032 1404 2086 καὶ
1454 2032 1684 2087 ἀκοῦσαι
1742 2033 1832 2086 τὸν

242 2130 523 2200 ὕπαρχον,
560 2130 653 2181 καὶ
685 2127 787 2198 τὴν
810 2126 1055 2180 ἔνστασιν
1082 2126 1271 2196 μαθεῖν
1294 2124 1389 2178 τοῦ
1416 2125 1632 2197 ἀνδρὸς,
1660 2125 1831 2190 οὕτως

238 2220 675 2292 ἀκατάπληκτον
716 2220 810 2272 καὶ
861 2219 1151 2289 ἀήττητον,
1194 2218 1288 2271 τὸν
1335 2218 1433 2289 μὲν
1474 2217 1578 2283 ἔξω
1616 2218 1831 2289 πέμψαι

239 2317 340 2371 καὶ
367 2314 833 2387 μεταστήσασθαι,
866 2314 965 2367 οὐκ
990 2314 1070 2366 ἔτι
1100 2311 1236 2384 μετά
1262 2312 1360 2383 τῆς
1384 2312 1555 2382 αὐτῆς
1581 2312 1830 2381 ἀπειλῆς,

238 2408 382 2461 ἀλλά
412 2423 560 2469 τινος
604 2404 787 2468 αἰδοῦς
832 2404 926 2458 καὶ
970 2403 1391 2475 ὑποχωρήσεως.
1438 2402 1612 2456 Αὐτὸν
1650 2401 1709 2455 δὲ
1752 2400 1831 2472 τῷ

242 2500 463 2571 βασιλεῖ
502 2496 897 2569 προσελθόντα,
931 2495 1008 2558 ὡς
1053 2489 1168 2565 εἶχε
1214 2493 1443 2565 τάχους,
1500 2492 1827 2563 Ηττήμεθα,

236 2591 539 2659 βασιλεῦ,
569 2592 766 2654 εἰπεῖν,
810 2588 918 2643 τοῦ
960 2587 1152 2657 τῆσδε
1184 2585 1673 2655 προϐεϐλημένου
1716 2583 1830 2653 τῆς

252 2682 658 2751 Ἑκκλησίας.
697 2681 995 2749 Κρείττων
1023 2677 1289 2733 ἀπειλῶν
1330 2680 1364 2731 ό
1412 2676 1602 2745 ἀνὴρ,
1633 2676 1833 2746 λόγων

238 2777 639 2845 στερρότερος
661 2812 677 2837 ,
725 2771 969 2837 πειθοῦς
1027 2771 1430 2840 ἰσχυρότερος.
1474 2771 1692 2825 Ἄλλον
1742 2768 1838 2823 δεῖ

238 2886 380 2923 τινα
407 2867 622 2936 πειρᾷν
662 2864 783 2920 τῶν
826 2862 1234 2934 ἀγενεστέρων
1278 2862 1386 2931 (5)’
1419 2861 1635 2917 τοῦτον
1666 2861 1753 2929 δὲ,
1788 2862 1827 2931 ἢ

233 2959 556 3025 βιάζεσθαι
588 2954 881 3026 φανερῶς,
920 2954 960 3021 ἡ
994 2953 1082 3024 μὴ
1114 2951 1467 3022 προσδοκᾶν
1490 2952 1679 3018 εἴξειν
1700 2952 1830 3019 ταῖς

238 3049 545 3117 ἀπειλαῖς.
591 3049 707 3117 Ἐφ’
735 3043 835 3112 οἷς,
871 3045 1067 3099 ἑαυτοῦ
1090 3043 1431 3113 καταγνόντα
1457 3043 1549 3097 τὸν
1579 3043 1826 3115 βασιλέα,

240 3144 343 3197 καὶ
367 3143 476 3197 τῶν
505 3140 800 3211 ἐγκωμίων
835 3137 927 3192 τοῦ
966 3136 1160 3207 ἀνδρὸς
1193 3134 1493 3206 ἡττηθέντα
1520 3135 1827 3208 (θαυμάζει
1856 3127 1901 3189 C

238 3232 355 3304 γὰρ
386 3231 581 3303 ἀνδρὸς
609 3231 811 3303 ἀρετὴν
862 3230 955 3282 καὶ
1009 3227 1325 3298 πολέμιος),
1362 3228 1499 3297 μήτε
1544 3226 1826 3296 βιάζεσθαι

239 3324 542 3379 κελεῦσαι·
574 3324 667 3377 καὶ
693 3324 888 3375 ταυτὸν
916 3320 994 3392 τῷ
1027 3319 1230 3391 σιδήρῳ
1268 3318 1479 3383 παθεῖν,
1517 3318 1577 3381 δς
1614 3319 1827 3390 μαλάσ-

238 3434 399 3470 σεται
419 3416 517 3486 μὲν
532 3414 610 3485 τῷ
630 3414 779 3485 πυρὶ,
803 3412 952 3483 μένει
963 3412 1018 3465 δὲ
1032 3412 1179 3482 ὅμως
1192 3409 1429 3482 σίδηρος*
1447 3408 1542 3463 καὶ
1555 3409 1830 3480 τρέψαντα

240 3510 324 3571 εἰς
372 3505 559 3577 θαῦμα
605 3505 703 3575 τὴν
732 3502 983 3574 ἀπειλὴν,
1040 3501 1137 3573 τὴν
1189 3502 1287 3572 μὲν
1342 3502 1627 3556 κοινωνίαν
1657 3501 1729 3573 (ϐ)
1766 3502 1826 3557 οὑ

238 3597 526 3666 δέξασθαι,
562 3596 661 3666 τὴν
723 3594 1014 3667 μετάθεσιν
1065 3592 1475 3665 αἰσχυνόμενον,
1535 3592 1717 3664 ζητεῖν
1770 3595 1826 3647 δὲ

240 3690 562 3759 ἀπολογίαν,
587 3690 708 3759 ἥτις
734 3686 1155 3760 εὐπρεπεστάτη
1177 3703 1191 3716 ο
1220 3684 1451 3757 δηλώσει
1484 3686 1540 3740 δὲ
1573 3687 1667 3740 καὶ
1690 3687 1826 3741 ταύ-

238 3801 341 3854 την
373 3784 403 3835 ὁ
424 3781 604 3849 λόγος.
1752 3770 1757 3771 ν

310 3985 440 4039 NB'.
476 3983 574 4049 El;
607 3983 717 4055 γὰρ
743 3983 802 4037 τὸ
838 3982 980 4054 ἱερὸν
1027 3981 1283 4035 εἰσελθὼν
1333 3979 1471 4053 μετά
1516 3982 1697 4051 πάσης
1728 3981 1825 4052 τῆς

239 4077 373 4147 περὶ
425 4074 587 4129 αὐτὸν
619 4074 945 4147 δορυφορίας
989 4068 1092 4144 (ἦν
1136 4072 1193 4125 δὲ
1238 4072 1423 4144 ἡμέρα
1455 4072 1561 4125 τῶν
1597 4073 1827 4140 Ἐπιφα-

237 4175 392 4238 γίων,
429 4174 526 4227 κα).
558 4171 877 4242 ἀθροίσιμος
911 4167 1057 4241 [7]),
1105 4167 1200 4221 καὶ
1232 4165 1327 4221 τοῦ
1361 4165 1492 4220 λαοῦ
1539 4166 1703 4238 μέρος
1735 4184 1826 4235 γε-

238 4264 487 4334 νόμενος,
520 4261 694 4325 οὕτως
739 4259 1061 4329 ἀφοσιοῦται
1116 4256 1215 4328 τὴν
1253 4256 1469 4311 ἕνωσιν.
1522 4255 1706 4321 Ἀξιον
1763 4255 1845 4308 es

243 4356 380 4429 μηδὲ
412 4355 572 4409 τοῦτο
600 4334 995 4424 παραδραμεῖν.
1037 4351 1255 4423 Ἐπειδὴ
1283 4352 1393 4422 γὰρ
1416 4350 1563 4405 ἔνδον
1584 4349 1820 4417 ἐγένετο,

1936 504 2149 567 ruisset,
2190 519 2285 571 pro
2329 501 2635 572 hujusmodi
2677 501 2827 556 rebus
2864 502 2922 556 in
2965 509 3224 556 certamen
3273 500 3501 558 veniens.

1936 592 2078 647 Nam
2112 593 2315 647 creteris
2351 593 2559 661 quidem
2600 594 2655 647 in
2712 592 2886 659 rebus,
2949 607 2979 646 ο
3018 590 3302 661 prwfecte,
3347 607 3501 646 man-

1933 685 2067 737 sueti
2113 699 2163 737 et
2204 682 2401 752 placidi
2431 700 2632 748 sumus,
2681 693 2837 755 atque
2867 683 3035 755 808
3083 684 3315 739 omnium
3357 683 3505 753 abje-

1932 776 2171 842 ctissinti,
2208 777 2644 847 quemadmodum
2683 776 2779 830 hoc
2815 776 2964 830 nobis
3008 776 3116 846 lege
3146 777 3504 847 prtescriptum

1932 878 2047 933 est;
2089 886 2151 922 ac
2190 884 2292 923 non
2346 869 2520 923 dicam
2566 868 2816 923 adversus
2854 875 3058 923 tantum
3117 867 3504 936 imperatorem,

1932 961 2022 1014 sed
2057 976 2118 1014 ne
2153 960 2400 1014 adversus
2445 958 2702 1025 plebeium
2735 958 2945 1029 quidem
2987 972 3295 1026 quemquam
3337 964 3385 1008 et
3417 955 3503 1008 in-

1930 1052 2042 1119 ﬁmi
2078 1052 2277 1109 ordinis
2307 1052 2569 1105 hominem
2604 1049 2939 1119 supercilium
2969 1046 3273 1103 attollimus.
3314 1044 3505 1100 Verum

1933 1144 2022 1198 ubi
2066 1141 2208 1197 Deus
2248 1142 2395 1197 nobis
2439 1144 2790 1212 periclitatur,
2819 1157 2880 1195 ac
2913 1140 3239 1209 proponitur,
3274 1147 3380 1191 tutu
3410 1138 3504 1191 de-

1932 1250 2075 1288 mum
2121 1233 2229 1288 alia
2268 1235 2443 1288 omnia
2486 1250 2581 1302 pro
2624 1232 2787 1287 nihilo
2830 1241 3092 1300 putantes,
3139 1232 3303 1296 ipsum
3337 1228 3506 1285 solum

1932 1325 2219 1378 intuentur.
2251 1320 2401 1392 Ignis
2441 1332 2637 1383 autem,
2678 1332 2723 1374 et
2763 1314 2994 1390 gladiu‘s,
3023 1326 3073 1372 et
3102 1318 3295 1381 bestiaz,
3324 1325 3373 1371 et
3407 1334 3504 1371 un-

1932 1413 2069 1483 gulae
2106 1429 2314 1467 carnem
2353 1414 2666 1478 lacerantes,
2715 1411 2966 1479 voluptati
3014 1410 3159 1464 nobis
3205 1425 3267 1462 ac
3302 1408 3504 1463 deliciis

1930 1504 2102 1573 potius
2138 1514 2282 1570 sunt,
2316 1520 2476 1569 quam
2514 1504 2724 1557 terrori.
2778 1500 3012 1554 Proinde
3041 1498 3369 1555 contumeliis
3414 1513 3506 1551 nos

1932 1593 2095 1662 aﬂice,
2149 1595 2492 1659 comminare,
2537 1592 2623 1661 [ac
2666 1593 2827 1660 igitur
2876 1591 3129 1662 quidquid
3190 1588 3505 1651 collibuerit,

1931 1691 2180 1750 potestate
2208 1694 2297 1736 tua
2340 1682 2535 1751 fruere.
2590 1681 2783 1737 Audiat
2830 1681 2939 1733 htec
2974 1681 3130 1733 etiam
3180 1680 3506 1746 imperator;

1862 1794 1905 1849 Β
1933 1789 2256 1844 nequaquam
2293 1773 2525 1841 profecto
2566 1789 2657 1829 nos
2709 1773 2901 1834 vinces,
2946 1787 3035 1825 nec
3087 1771 3291 1840 efﬁcies,
3322 1780 3373 1823 ut
3406 1771 3507 1823 int-

1934 1863 2037 1932 pite
2077 1862 2331 1917 doctrina:
2359 1864 2729 1928 assentiamur,
2754 1878 2815 1916 ne
2840 1864 2885 1917 si
2914 1863 2992 1916 his
3018 1862 3220 1932 quidem
3251 1861 3505 1915 atrociora

1935 1954 2211 2011 miniteris.

2013 2043 2101 2099 Li.
2132 2043 2258 2102 Haec
2287 2053 2571 2116 postquam
2600 2043 2887 2115 praefectus
2916 2043 3072 2111 dixit,
3112 2051 3272 2113 atque
3309 2040 3502 2109 audiit,

1937 2137 2212 2207 ipsiusque
2246 2138 2663 2193 ‘contentionem
2719 2136 2882 2193 animi
2925 2150 3044 2192 eam
3073 2149 3194 2191 esse
3235 2134 3506 2206 cognovit,

1940 2239 2001 2283 ut
2028 2228 2170 2283 nuila
2206 2227 2290 2283 vis
2326 2242 2450 2283 eum
2478 2226 2906 2299 perterrefacere.
2934 2241 2998 2282 ac
3026 2240 3283 2297 superare
3305 2234 3509 2296 posset,

1937 2318 2111 2389 ipsum
2142 2318 2356 2386 quidem
2386 2317 2531 2375 foras
2557 2318 2726 2386 misit,
2761 2326 2922 2387 atque
2951 2315 3239 2388 ablegavit,
3270 2328 3374 2370 non
3396 2315 3506 2386 jam

1934 2422 2055 2465 cum
2085 2408 2273 2464 iisdem
2313 2408 2497 2475 minis,
2530 2409 2624 2463 sed
2669 2424 2787 2463 cum
2834 2409 3066 2478 quadam
3110 2407 3414 2464 reverentia
3454 2415 3510 2463 et

1936 2500 2343 2559 summissione.
2385 2499 2503 2571 Ipse
2538 2507 2739 2564 autem,
2770 2514 2929 2569 quam
2981 2497 3264 2554 celerrime
3315 2500 3507 2569 potuit,

1938 2593 2317 2663 imperatorem
2357 2590 2547 2646 adiens
2592 2608 2605 2644 :
2659 2588 2975 2659 Imperator,
3016 2588 3211 2660 inquit,
3254 2589 3316 2643 ab
3348 2587 3510 2657 hujus

1934 2682 2187 2739 Ecclesia:
2222 2684 2454 2738 antistite
2501 2682 2622 2737 victi
2665 2698 2865 2736 sumus.
2916 2680 3078 2735 Minis
3123 2683 3363 2751 superior
3409 2691 3509 2747 est,

1932 2776 2257 2830 sermonibus
2276 2776 2497 2844 ﬁrmior,
2529 2776 2795 2829 verborum
2814 2773 3078 2827 blanditiis
3113 2771 3321 2841 fortior.
3348 2770 3509 2843 Igna-

1932 2868 2134 2921 viorum
2187 2868 2324 2921 alius
2368 2867 2625 2935 quispiam
2668 2865 2949 2918 lentandus
2988 2874 3108 2926 est;
3153 2864 3275 2918 huic
3310 2875 3504 2928 autent,

1933 2969 2022 3014 aut
2049 2960 2124 3015 vis
2154 2971 2331 3029 aperte
2375 2960 2670 3028 inferenda,
2707 2972 2796 3013 aut
2840 2976 2942 3013 non
2988 2960 3416 3027 exspectandum,
3451 2970 3506 3012 ut

1934 3054 2090 3107 minis
2120 3054 2289 3109 cedat.
2320 3052 2436 3120 Qua
2472 3054 2536 3107 de
2561 3068 2747 3118 causa,
2778 3052 2980 3107 factum
3014 3066 3171 3108 suum
3195 3052 3507 3121 improbans

1935 3144 2247 3212 imperator,
2277 3142 2573 3214 Basiliique
2616 3143 2866 3199 laudibus
2915 3145 3091 3199 victus
3123 3143 3318 3215 (virtus
3362 3142 3505 3198 enim

1935 3234 2074 3289 hosti
2128 3249 2345 3304 quoque
2395 3234 2745 3290 admirationi
2778 3233 2909 3307 est),
2956 3234 3066 3289 vim
3119 3234 3221 3305 ipsi
3262 3234 3506 3290 adhiberi

1933 3324 2147 3379 vetuit:
2188 3325 2444 3395 idemque
2499 3326 2602 3396 ipsi
2664 3326 2882 3394 accidit,
2944 3325 3087 3396 quod
3147 3324 3293 3382 ferro
3346 3325 3503 3389 solet,

1932 3416 2074 3485 quod
2102 3416 2352 3485 quamvis
2384 3416 2492 3487 igni
2522 3415 2852 3482 emolliatur,
2877 3416 3006 3472 ferri
3044 3427 3220 3472 tamen
3254 3425 3504 3470 naturam

1931 3507 2166 3572 retinet;
2200 3507 2472 3577 minisque
2497 3506 2550 3561 in
2582 3506 3004 3562 admirationem
3031 3506 3332 3570 conversis,
3363 3505 3505 3559 illius

1928 3596 2150 3668 quidem
2208 3597 2528 3654 societatem
2579 3597 2991 3668 haudquaquam
3056 3598 3335 3666 amplexus
3397 3607 3503 3662 est,

1930 3691 2071 3759 quod
2110 3691 2461 3746 mutationem
2500 3689 2869 3756 erubesceret,
2926 3698 3179 3746 caeterum
3238 3689 3504 3746 rationem

1929 3779 2199 3849 quaesivit,
2232 3795 2339 3849 qua
2380 3779 2763 3836 honestissime
2797 3779 2900 3853 ipsi
2945 3778 3307 3848 satisfaceret,
3342 3794 3502 3851 quam

1928 3873 2088 3926 etiam
2119 3874 2293 3927 oratio
2320 3871 2637 3935 declarabit.

1998 3985 2106 4041 LII.
2146 3985 2380 4052 Etenim,
2409 4001 2530 4041 cum
2551 3986 2603 4040 in
2625 3984 2902 4055 templum,
2928 3984 3181 4041 universa
3209 3983 3502 4040 satellitum

1926 4093 2090 4133 manu
2141 4076 2396 4145 stipatus,
2430 4076 2705 4145 ingressus
2742 4073 2937 4131 fuisset
2962 4073 3101 4145 (erat
3147 4082 3326 4129 autem
3377 4074 3502 4144 Epi-

1925 4169 2139 4241 phaniae
2155 4169 2294 4235 dies,
2324 4177 2605 4237 coetusque
2632 4166 3052 4237 amplissimus),
3089 4166 3313 4221 acinter
3336 4166 3502 4222 laieos

1926 4260 2103 4315 locum
2146 4258 2445 4322 habuisset,
2478 4258 2550 4312 ita
2582 4269 2643 4310 se
2668 4256 2856 4325 gessit,
2878 4264 2938 4310 ut
2973 4257 3143 4326 ipsius
3166 4256 3505 4312 communio-

1927 4352 2010 4406 nis
2043 4349 2441 4421 quodammodo
2493 4347 2761 4418 particeps
2789 4362 2910 4401 esse
2934 4347 3225 4403 videretur.
3253 4348 3323 4401 At
3353 4361 3421 4401 ne
3448 4347 3500 4401 id

240 4449 333 4503 καὶ
366 4446 468 4517 τὴν
504 4444 673 4516 ἀκοὴν
701 4444 1083 4517 προσϐαλούσῃ
1112 4446 1178 4515 τῇ
1207 4441 1500 4514 ψαλμῳδία
1528 4439 1824 4511 κατεϐρον-

1931 4445 2145 4516 quidem
2174 4440 2688 4513 przetermittendum
2732 4451 2836 4495 est.
2876 4438 3168 4508 Postquam
3226 4439 3371 4493 enim
3418 4439 3502 4493 in-

237 4539 401 4610 τήθη,
429 4535 524 4591 τοῦ
558 4553 620 4590 τε
653 4534 783 4590 λαοῦ
812 4536 873 4588 τὸ
918 4536 1155 4604 πέλαγος
1210 4531 1336 4599 εἶδε,
1373 4533 1468 4588 καὶ⁸
1512 4534 1692 4586 πᾶσαν
1724 4532 1823 4604 τὴν

1932 4545 2016 4591 tus
2054 4534 2175 4599 fuit,
2206 4541 2369 4601 atque
2401 4531 2569 4601 ipsius
2602 4543 2762 4585 aures
2801 4527 3129 4599 psalmorum
3171 4536 3354 4596 cantu,
3390 4543 3497 4583 non

239 4634 562 4705 εὐκοσμίαν,
594 4631 694 4701 ὅση
733 4646 794 4683 τε
824 4629 953 4698 περὶ
982 4629 1043 4682 τὸ
1077 4628 1228 4699 βῆμα
1258 4626 1357 4697 (8),
1393 4626 1489 4679 καὶ
1538 4626 1639 4696 ὅση
1684 4625 1821 4696 πλη-

241 4727 378 4790 σίον,
404 4722 703 4793 ἀγγελικὴν
738 4720 939 4792 μᾶλλον
972 4720 1005 4790 ἢ
1049 4718 1396 4791 ἀνθρωπίνην
1422 4732 1435 4747 ⁵
1465 4716 1554 4770 τὸν
1588 4717 1686 4787 μὲν
1724 4713 1820 4769 τοῦ

238 4815 369 4871 λαοῦ
405 4813 850 4887 προτεταγμένον
885 4811 961 4883 (9)
990 4809 1191 4883 ὄρθιον,
1225 4803 1337 4863 οἷον
1377 4809 1469 4862 τὸν
1513 4806 1766 4879 Σαμουὴλ
1792 4810 1820 4861 ὁ

239 4908 399 4977 λόγος
430 4907 652 4978 γράφει,
702 4903 899 4974 ἀκλινῆ
951 4902 1045 4956 καὶ
1086 4901 1149 4955 τὸ
1178 4901 1356 4972 σῶμα,
1390 4902 1484 4953 καὶ
1524 4900 1624 4972 τὴν
1653 4900 1774 4970 όψιν
1803 4939 1817 4964 ,

240 4999 334 5058 καὶ
362 4999 460 5071 τὴν
486 4998 745 5065 διάνοιαν,
776 4995 969 5067 ὥσπερ
1001 4994 1213 5059 οὐδενὸς
1267 4992 1455 5048 καινοῦ
1484 4992 1767 5061 γεγονότος
1801 5032 1815 5058 ,

332 5242 442 5314 99)
458 5241 650 5314 Ἴσως,

334 5316 386 5382 1)
404 5308 414 5314 ’
431 5313 579 5367 Ἐνί.
613 5313 669 5367 In
685 5308 992 5375 vitennullis,
1021 5308 1147 5382 τινί.

331 5377 387 5451 2)
416 5382 574 5451 Πρὸς
601 5382 808 5451 αὐτόν.
839 5382 928 5436 Sic
958 5380 1113 5451 qodd.
1156 5378 1221 5451 [tl
1241 5377 1353 5451 ed.,
1383 5379 1518 5451 πρὸς
1544 5378 1756 5433 ἑαυτόν.

330 5428 386 5515 Si
416 5428 583 5508 ’ἡὲἱέι
601 5428 808 5507 asia
830 5428 1142 5520 eam;
1156 5428 1261 5520 ’ᾗς
1276 5428 1366 5503 Si}:
1391 5428 1666 5520 Vtile—Egi},
1684 5428 1818 5515 bin,

237 5513 328 5597 ph:
348 5513 457 5597 Or.
489 5524 525 5576 2
547 5523 768 5597 et_P_ass.
792 5522 847 5577 ltt
871 5523 990 5597 ed.,
1014 5513 1301 5597 «uisendi:
1334 5520 1363 5573 δ
1391 5535 1445 5572 τι
1476 5513 1541 5573 ἂν

333 5596 391 5664 ι)
426 5591 691 5659 Ἐπειδή.
718 5593 857 5664 Reg.
896 5607 947 5664 c_,
974 5589 1100 5644 ἐπεὶ
1124 5590 1205 5664 δέ..

333 5598 391 5664 ι)
426 5598 691 5659 Ἐπειδὴ.
724 5598 857 5663 Reg.
896 5607 947 5654 c,
974 5598 1100 5644 ἐπεὶ
1124 5598 1205 5642 δέ.

309 5598 389 5736 (5)
423 5661 871 5736 Ἀγενεστέρωνξ
906 5662 1146 5736 Quatuor
1174 5658 1819 5736 Κοπράγεννεστὲρων.

310 5668 367 5736 (5
423 5668 871 5733 Ἁγενεστέρων.
906 5668 1146 5727 Quatuor
1174 5668 1366 5729 11633.,
1396 5668 1813 5731 ἀγεννεστερων.

310 5668 389 5808 (6)
409 5734 760 5791 Κοινωνίαν.
790 5752 807 5786 ι
830 5729 1297 5798 Cotuntunionetu,
1314 5730 1780 5787 ﬁdeisocietatem.
1795 5748 1813 5783 ι

682 5242 894 5311 φησιν.
922 5241 1014 5295 Sic
1042 5239 1200 5311 codd.
1236 5238 1291 5293 in
1323 5238 1434 5303 ed.,
1470 5239 1635 5309 φησιν
1665 5236 1816 5300 ἴσως.

1928 4641 2087 4682 secus
2122 4640 2185 4681 ac
2230 4623 2471 4679 tonitruo
2499 4620 2733 4690 quodam
2763 4632 3183 4691 personuerunt,
3221 4621 3500 4691 plebisque

1927 4706 2145 4788 pelagus
2181 4714 2336 4782 vidit,
2390 4725 2719 4781 omnemque
2757 4709 3001 4766 ordinem
3052 4718 3106 4767 et
3162 4709 3500 4766 concinnita-

1927 4815 2059 4871 tem,
2096 4819 2215 4875 quaa
2255 4815 2363 4859 tam
2396 4803 2449 4859 in
2487 4800 2747 4869 sacrario,
2795 4800 2965 4874 809
3000 4816 3161 4873 quam
3193 4814 3360 4871 prope
3405 4814 3499 4855 sa-

1926 4898 2161 4956 crarium
2208 4905 2348 4965 erat,
2392 4894 2691 4966 angelicam
2736 4895 2917 4966 p0tius
2967 4910 3128 4965 quam
3174 4895 3494 4971 humanam;

1927 5004 2089 5063 atque
2129 4992 2303 5062 ipsum
2356 4990 2571 5063 quidem
2626 4998 2750 5044 ante
2776 4987 3028 5059 populum
3085 4994 3232 5042 recto
3269 4999 3497 5055 corpore

1990 5240 2066 5311 (7)
2112 5237 2683 5311 Ἀθροίσιμοςηιῖοκσ
2706 5239 2785 5311 _hu
2812 5236 3052 5311 et‘goisl.
3077 5236 3148 5311 Δ1,
3178 5236 3489 5311 ἀθροίσμος.

1991 5307 2067 5381 (8)
2097 5307 2255 5380 ’Ὂση
2284 5307 2515 5381 τεπερι
2550 5310 2616 5361 τὸ
2642 5307 2846 5381 ﬂium;
2869 5308 2973 5381 Sic_
2989 5308 3145 5363 codd.
3176 5307 3491 5381 Cdmbﬁad—

1917 5376 2014 5445 dit,
2044 5376 2291 5447 τέτακτο,
2316 5381 2418 5444 vel,
2442 5376 2715 5433 τέτακται.
2736 5376 2770 5429 ⁷(
2805 5376 2937 5431 Tam
2962 5377 3014 5433 in
3045 5378 3305 5441 sacrario,
3330 5392 3489 5447 quam

1919 5467 2086 5520 prepe
2127 5452 2330 5506 elerum
2378 5461 2432 5520 et
2480 5451 2796 5505 monachos.
2842 5466 2861 5500 ι
2907 5448 3077 5503 Pravc
3113 5449 3164 5501 in
3212 5447 3333 5501 Par.
3378 5449 3490 5517 ed.,

1917 5519 2029 5592 ὅση
2051 5539 2110 5575 τε
2144 5521 2272 5592 περὶ
2296 5520 2357 5576 τὸ
2385 5519 2584 5590 βόημα.

1990 5587 2066 5661 (⁷9)
2121 5587 2627 5663 Προτεταγμένον.
2691 5590 2781 5663 Sic
2832 5599 3064 5659 quatuor
3114 5587 3315 5663 βεδε..
3385 5589 3492 5647 duo

1922 5657 2085 5720 Cois].
2118 5657 2183 5720 et'
2197 5663 2375 5733 plures
2394 5657 2552 5722 Coll).
2588 5663 2643 5718 lu
2674 5662 2785 5728 ed.,
2818 5657 3241 5733 προτεταμένον.
