4050 6298
475 238 582 294 563
1663 240 1720 298 S.
1761 241 2085 299 GltEGORll
2123 243 2468 301 THEOLOG!
3587 243 3697 299 564

460 357 715 412 stantem,
744 350 955 420 qualem
994 350 1270 421 Scriptura
1309 352 1614 409 Samuelem
1644 357 1901 412 describit
1935 360 2018 423 ",
2053 406 2056 419 ε

2161 358 2236 410 λλ’
2266 358 2375 429 (10)
2405 357 2801 427 ἐστηλωμένον,
2834 359 2899 411 ἵν’
2937 358 3108 421 οὕτως
3151 357 3313 421 εἴπω,
3341 354 3459 427 Θεῷ
3490 337 3584 409 xui
3612 356 3697 424 τῷ

462 454 561 495 nec
592 453 838 509 corpore,
868 455 967 495 nec
1001 441 1190 507 oculis,
1238 457 1338 497 nec
1388 443 1590 507 animo,
1622 445 1843 512 perinde
1885 461 1948 499 ac
1977 447 2023 500 si

2161 449 2333 518 ηήματι
2360 467 2375 480 ·
2401 448 2526 510 τοὺς
2556 448 2611 500 δὲ
2641 449 2768 518 περὶ
2800 449 2959 502 αὑτὸν
3000 448 3294 518 ἑστηκότας
3321 450 3377 501 ὲν
3410 448 3559 518 φόῦῳ
3586 450 3697 502 τινὶ

464 528 598 581 nihil
631 529 749 583 novi
796 530 1129 600 contigisset,
1180 532 1344 587 ullam
1386 532 1440 587 in
1468 543 1672 603 partem
1702 550 1761 588 se
1798 551 2021 589 moven-

2131 538 2224 590 xui
2272 537 2602 607 σεδάσματι·
2635 538 2819 609 ἐπειδὴ
2851 539 3022 592 ταῦτα
3055 535 3159 592 εἶδε
3180 578 3194 602 ,
3229 540 3322 592 xui
3354 538 3491 609 πρὸς
3545 538 3699 591 οὐδὲν

467 630 599 685 tem,
648 620 763 683 sed,
807 619 860 673 in
910 620 1047 690 cippi
1088 621 1321 685 modum,
1356 631 1414 675 ut
1461 622 1533 676 ita
1591 623 1785 689 dicam,
1818 622 1930 677 Deo
1976 633 2031 678 et

2128 628 2475 699 παράδειγμα
2510 628 2739 697 ἠδύνατο
2763 629 2873 699 (li)
2908 630 3130 700 θεωρεῖν
3157 631 3225 683 τὰ
3252 628 3525 700 ὁρώμενα,
3561 629 3700 682 Ercu-

467 710 625 764 altari
666 711 925 777 allixum;
973 726 1067 766 eos
1116 719 1315 775 autem,
1356 727 1385 766 a
1441 713 1638 781 quibus
1690 714 2026 783 cingebatur,

2164 717 2265 770 ἑτι
2295 719 2655 790 ἀνθρώπινον,
2709 722 2900 775 σκότου
2949 722 3043 775 xui
3075 722 3221 792 δίνης
3257 722 3556 792 πληροῦται
3595 721 3699 791 τὴν

468 816 591 854 cum
644 801 837 856 timore
875 801 1108 870 quodam
1156 817 1217 857 ac
1254 804 1552 857 reverentia
1608 812 1809 860 stantes
1844 824 1857 858 :
1894 806 2030 872 haec,

2161 806 2249 873 ψιν
2306 808 2398 861 xui
2425 808 2522 879 τὴν
2548 809 2723 880 ψυχὴν
2767 812 2832 864 ἐκ
2875 810 2973 864 τοῦ
2999 810 3257 881 θάμϐους.
3291 812 3399 864 Kui
3441 812 3598 864 τοῦτο
3625 807 3700 882 ἦν

468 892 708 959 inquam,
766 890 925 946 simul
964 900 1127 961 atque
1184 893 1455 961 perspexit
1496 893 1615 963 (nec
1670 894 1811 948 enim
1858 895 2035 949 simile

2164 900 2241 960 οἷς
2270 897 2480 961 πολλοῖς
2514 900 2705 971 ἄδηλον
2732 900 2830 954 ἔτι.
2872 900 3025 954 Ἐπεὶ
3064 902 3121 954 δὲ
3148 902 3216 955 τὰ
3265 902 3412 972 δῶρα
3468 902 3578 971 (12)
3627 905 3697 973 τῇ

468 980 760 1050 quidquam
815 995 1054 1050 unquam
1112 981 1377 1051 viderat),
1425 983 1716 1038 humanum
1781 984 2035 1053 quiddam

2161 988 2254 1055 eiu
2280 987 2527 1060 τραπέζῃ
2561 993 2946 1059 προσενεγκεῖν
2983 992 3088 1044 ἔδει
3109 1032 3124 1056 ,
3156 985 3229 1044 ὧν
3283 992 3578 1063 αὐτουργὸς
3604 989 3699 1062 ἦν,

468 1085 661 1140 passus
694 1079 800 1137 est,
841 1070 1064 1143 ejusque
1087 1071 1222 1127 oculi
1250 1081 1304 1126 et
1345 1073 1524 1128 anima
1553 1073 1813 1140 vertigine
1850 1088 1915 1128 ac
1948 1084 2040 1129 ιε-

2161 1074 2528 1129 ῖυνεπελάὃετο
2550 1077 2596 1128 δ’
2614 1079 2807 1143 οὐδεὶς,
2830 1080 2977 1133 ὥσπε
2986 1099 3017 1153 ρ
3057 1078 3123 1151 ἦν
3155 1082 3297 1149 ἔθος,
3326 1083 3517 1153 ἄδηλον
3542 1083 3623 1149 ὃν,
3649 1084 3705 1137 ει

471 1160 657 1215 nebris
691 1175 801 1229 pra:
846 1161 1037 1217 timore
1074 1161 1370 1230 replentur.
1426 1162 1604 1232 Atque
1655 1162 1706 1215 id
1765 1162 2038 1231 plerisque

2161 1162 2464 1232 προσήσεται
2499 1165 2634 1237 (15),
2680 1168 2983 1237 τηνικαῦτα
3026 1169 3087 1222 τὸ
3134 1170 3303 1235 πάθος
3353 1172 3701 1243 γνωρίζεται.

474 1249 649 1304 adhuc
693 1250 981 1305 obscurum
1030 1260 1149 1305 erat
1189 1261 1242 1306 et
1290 1251 1638 1318 incognitum.
1675 1248 1874 1305 Verum
1916 1266 2036 1305 cum

2161 1252 2468 1322 Ῑεριτρέπει
2492 1256 2603 1325 (14)
2632 1258 2762 1328 γὰρ,
2792 1259 2887 1311 xui
2923 1261 2971 1312 εἰ
3020 1261 3094 1331 μή
3133 1278 3216 1325 τις
3251 1262 3357 1314 τῶν
3382 1264 3447 1315 ἐκ
3475 1263 3570 1315 τοῦ
3606 1263 3707 1333 βή-

475 1340 639 1406 dona,
673 1354 903 1409 quorum
947 1340 1170 1409 ipsemet
1194 1338 1371 1409 cpifex
1412 1349 1549 1404 erat,
1597 1340 1791 1394 divinae
1841 1354 2039 1394 mensa:

2161 1358 2305 1405 ιατος
2335 1344 2585 1414 ὑποσχὼν
2613 1347 2708 1418 τὴν
2738 1353 2915 1420 χεῖρα,
2963 1350 3059 1422 τὴν
3108 1353 3441 1424 περιτροπήν
3484 1355 3711 1425 ἔστησε,

476 1431 751 1486 offerenda
792 1440 993 1497 essent,
1038 1446 1136 1485 nec
1182 1431 1488 1501 quisquam,
1535 1438 1593 1485 ut
1646 1444 1763 1484 mos
1812 1429 2043 1494 ferebat,

2161 1433 2240 1486 ιᾶν
2273 1436 2580 1508 κατηνέχθη
2610 1440 2809 1511 πτῶμα
2842 1441 3091 1513 δακρύων
3117 1443 3285 1508 ἄξιον.
3319 1440 3444 1497 Εἶεν
3471 1444 3605 1514 (15).

476 1522 635 1577 simul
669 1537 730 1578 ea
785 1532 1029 1594 caperet,
1064 1532 1247 1595 utpote
1282 1524 1566 1589 incertum,
1618 1539 1685 1577 an
1734 1539 1795 1577 ea
1826 1523 2055 1579 Basilius
2088 1537 2403 1596 accepturus
2467 1540 2629 1595 esset,
2669 1543 2778 1588 tum
2827 1535 3112 1592 manifeste
3153 1550 3211 1591 se
3259 1534 3482 1591 affectus
3521 1536 3708 1606 prodi,-

479 1614 575 1667 dit.
616 1613 691 1668 ita
731 1615 873 1669 enim
919 1615 1151 1669 titubare
1202 1614 1388 1683 coepit,
1437 1622 1492 1666 ut
1528 1613 1938 1682 nisi'quispiam
1990 1629 2053 1668 ex
2130 1617 2361 1671 sacrarii
2408 1619 2666 1678 ministris
2700 1622 3337 1696 vacillantenysupposita
3373 1640 3534 1679 manu
3574 1626 3711 1680 reti-.

480 1708 703 1775 nuisset,
735 1707 930 1763 misere
960 1707 1144 1777 utique
1171 1716 1226 1761 et
1274 1707 1517 1762 luctuose
1555 1699 1905 1775 prolapsurus
1934 1707 2114 1763 fuerit.
2142 1712 2316 1779 Atque
2354 1715 2466 1768 haec
2501 1714 2596 1768 ita.

550 1798 682 1854 Llll.
730 1798 845 1853 Jam
874 1813 1000 1853 vero
1051 1813 1168 1866 qum
1217 1798 1283 1852 ad
1331 1798 1505 1868 ipsum
1562 1799 1961 1866 imperatorem,
1993 1809 2045 1854 et

2214 1804 2350 1860 Nl".
2406 1806 2473 1858 *Δ
2495 1805 2551 1859 δὲ
2591 1794 2739 1877 αὐτῷ
2767 1805 3056 1869 διείλεκται
3084 1806 3163 1876 τῷ
3195 1807 3420 1876 βασιλεῖ,
3468 1808 3561 1861 xui
3588 1793 3723 1878 μεθἈ

485 1901 681 1957 quanta
715 1906 834 1945 cum
861 1890 1122 1958 sapientia
1169 1889 1477 1957 prolocutus
1514 1897 1599 1943 est
1641 1889 1785 1956 (cum
1828 1890 2043 1957 quidem

2161 1896 2275 1965 ὅσης
2306 1897 2404 1967 τῆς
2433 1897 2751 1966 φιλοσοφίας
2798 1897 3001 1968 (ἐπειδή
3052 1915 3116 1965 γε
3160 1894 3313 1961 αὖθις
3357 1900 3557 1971 τρόπον
3588 1900 3721 1963 τινὰ,

484 1982 595 2049 ille,
625 1982 808 2037 nescio
847 1996 953 2051 quo
1004 1992 1179 2052 pacto,
1212 1995 1400 2037 rursus
1457 1979 1732 2035 nobiscum
1776 1981 1829 2034 in
1876 1980 2047 2036 eccle-

482 2079 619 2130 siam
653 2089 710 2129 se
735 2073 1071 2139 contulisset,
1122 2083 1176 2129 et
1212 2074 1353 2127 intra
1396 2073 1570 2129 velum
1611 2074 1924 2139 exstitisset,
1968 2081 2048 2128 at-

482 2178 588 2235 que
618 2164 670 2219 in
706 2164 849 2220 illius
880 2173 1224 2235 conspectum
1257 2164 1707 2235 colloquiumque,
1743 2165 1883 2234 quod
1902 2164 2045 2232 jam-

482 2256 690 2325 pridem
758 2255 1078 2326 expetebat,
1125 2254 1416 2326 venisset);
1464 2255 1717 2324 quidnam
1773 2255 1918 2309 aliud
1967 2254 2049 2308 di-

485 2348 713 2403 cendum
741 2356 844 2412 est,
875 2347 977 2401 nisi
1015 2347 1105 2400 Dei
1136 2360 1294 2401 voces
1321 2361 1414 2401 eas
1448 2346 1643 2411 fuisse,
1669 2360 1823 2415 quas,
1855 2353 1909 2400 et
1958 2346 2047 2413 qui

486 2455 609 2496 cum
646 2440 971 2508 imperatore
1013 2448 1189 2504 erant,
1226 2447 1281 2493 et
1315 2453 1433 2505 nos,
1468 2438 1558 2508 qui
1612 2438 1771 2492 simul
1825 2438 2048 2509 ingressi

489 2530 780 2594 fueramus,
829 2528 1167 2583 audivimus?
1210 2527 1333 2583 llaec
1384 2536 1471 2584 est
1522 2528 1877 2598 imperatoria:
1923 2541 2048 2597 erga

491 2635 591 2675 nos
615 2619 968 2674 humanitatis
987 2620 1157 2689 origo,
1180 2634 1241 2675 ae
1270 2619 1440 2689 prima
1478 2635 1656 2674 rerum
1691 2620 1744 2673 in
1778 2618 2051 2673 meliorem

490 2719 693 2764 statum
722 2710 1072 2780 compositio;
1122 2711 1235 2765 bace
1267 2709 1480 2764 occasio
1513 2709 1799 2763 maximam
1831 2709 2054 2778 impres-

490 2803 657 2858 sionis
688 2803 849 2867 illius,
904 2817 1009 2871 qua
1044 2812 1151 2856 tum
1177 2803 1527 2868 vexabamur,
1560 2814 1788 2870 partem,
1826 2816 1931 2857 non
1963 2816 2057 2858 se-.

492 2906 590 2947 cus
614 2907 677 2946 ac
712 2889 904 2946 fluctus
932 2891 1213 2961 quosdam,
1245 2892 1401 2958 [regit
1430 2906 1495 2946 ac
1545 2890 1807 2946 dissolvit.

558 2978 692 3035 LIV.
734 2981 988 3051 Sequitur
1017 2980 1120 3034 alia
1158 2981 1415 3046 narratio,
1467 2981 1834 3049 superioribus
1881 2980 2054 3036 haud—

490 3088 757 3143 quaquam
794 3071 1037 3129 inferior.
1063 3072 1358 3126 Vincebant
1391 3071 1639 3140 improbi,
1672 3081 1833 3140 atque
1868 3073 2055 3126 adver-

2148 1988 2612 2059 συνεκκλησιάσας
2669 1992 2840 2060 ἡμῖν,
2893 1990 3022 2041 εἵσω
3074 1988 3166 2041 τοῦ
3216 1992 3717 2060 παραπετάσματος

2147 2076 2335 2129 ἑαυτὸν
2366 2077 2481 2147 (16)
2515 2062 2803 2149 ἐποιήσατο
2822 2116 2836 2141 ,
2870 2079 2949 2141 εῖς
2970 2094 3028 2130 τε
3050 2078 3169 2148 ὄψιν
3192 2074 3321 2149 ἦλθε
3368 2080 3459 2133 xui
3501 2079 3729 2156 λόγους,⁵

2150 2168 2329 2223 ποθῶν
2352 2171 2414 2223 ὲκ
2438 2170 2736 2241 πλείονος),
2763 2171 2814 2223 τί
2839 2172 2945 2243 χρὴ
2972 2172 3065 2229 xui
3088 2173 3263 2241 λέγειν
3286 2173 3420 2245 (l7),
3443 2174 3493 2226 τί
3518 2174 3561 2227 δ’
3585 2174 3727 2245 ἄλλο(

2146 2275 2209 2326 γε
2232 2298 2247 2322 ,
2278 2259 2309 2329 ἢ
2343 2258 2477 2312 Θεοῦ
2512 2260 2729 2330 φωνὰς,
2776 2261 2830 2314 αἳ
2856 2265 2969 2325 τοῖς
3021 2263 3148 2333 περὶ
3188 2262 3279 2315 τὸν
3327 2261 3573 2333 βασιλέα,
3618 2265 3723 2317 xui.

2149 2352 2277 2420 ἡμῖν
2323 2352 2435 2411 τοῖς
2480 2350 2905 2404 συνεισελθοῦσιν
2959 2351 3091 2422 (18),
3140 2340 3519 2423 ἠκούσθησαν;
3563 2352 3731 2427 Αὕτη

2148 2440 2356 2507 γίνεται
2389 2439 2489 2509 τῆς
2530 2439 2621 2492 τοῦ
2668 2441 2929 2510 βασιλέως
2971 2443 3097 2513 περὶ
3136 2444 3283 2514 ἡμᾶς
3313 2442 3727 2514 φιλανθρωπίας,

2151 2529 2295 2602 ἁρχὴ
2319 2569 2333 2594 ,
2382 2532 2473 2584 καὶ
2505 2532 2833 2597 κατάστασις
2872 2533 3061 2605 πρώτη
3111 2534 3221 2606 (i9)
3245 2551 3258 2565 '
3306 2535 3462 2589 τοῦτο
3489 2536 3550 2588 τὸ
3574 2535 3720 2606 λῆμ-

2147 2640 2230 2693 μα
2259 2624 2370 2692 (‘20)
2415 2624 2514 2695 τῆς
2544 2624 2662 2677 τότε
2701 2624 3012 2697 διοχλούσης
3041 2627 3303 2699 ἐπηρείας
3343 2626 3405 2680 τὺ
3426 2625 3734 2704 πλεῖστον,δῆ

2151 2713 2338 2786 ὥσπερ
2364 2732 2415 2766 τι
2444 2713 2641 2785 ῥεῦμα,
2669 2713 2911 2779 διέλυσεν

2224 2981 2359 3033 ΝΔν.
2415 2982 2640 3053 Ἕτερον
2694 2982 2751 3034 δὲ
2799 2981 2907 3035 τῶν
2965 2982 3270 3055 εἰρημένων
3315 2982 3413 3036 οὐκ
3461 2981 3717 3051 ἔλαττονη

2168 3070 2393 3122 Ἐνίκων
2416 3072 2466 3122 οἱ
2504 3072 2764 3142 πονηροὶ,
2815 3071 2909 3125 xui
2940 3072 3196 3142 κυροῦται
3225 3071 3366 3126 κατὰ
3396 3072 3491 3125 τοῦ
3531 3073 3722 3142 ἀνδρὸς

495 3183 587 3222 sus
640 3165 894 3221 Basilium
927 3165 1170 3220 exsilium
1218 3164 1555 3230 decernitur;
1617 3179 1713 3219 nec
1766 3164 2055 3233 quidquam

2161 3157 2341 3228 ὲξορία
2364 3174 2377 3188 ·
2406 3158 2500 3211 xui
2527 3159 2676 3211 οὐδὲν
2702 3160 2847 3230 ἀπῆν
2876 3160 2982 3212 τῶν
3010 3162 3086 3223 εἰς
3113 3160 3270 3214 τοῦτο
3308 3161 3598 3234 φερόντων.
3657 3160 3735 3225 Ἡ⁹

493 3273 700 3323 eorum,
751 3272 867 3327 qua:
925 3259 992 3312 ad
1044 3271 1160 3311 eam
1198 3272 1308 3310 rem
1348 3256 1664 3321 attinebant,
1720 3256 2060 3310 desideraba-

502 3358 608 3403 tur.
642 3345 755 3402 Nox
791 3347 1000 3412 aderat,
1028 3347 1081 3401 in
1114 3353 1361 3415 promptu
1399 3360 1608 3410 currus,
1663 3346 1715 3400 in
1759 3346 1946 3416 plausu
1972 3346 2062 3402 ho-

495 3448 626 3503 stes,
660 3437 713 3493 in
743 3436 887 3492 luctu
934 3437 1027 3505 pii,
1064 3451 1164 3491 nos
1195 3434 1367 3505 parati
1404 3444 1564 3505 atque
1598 3436 1795 3491 alacris
1838 3435 2061 3490 viatoris

496 3528 640 3583 latus
675 3527 1059 3597 cingebamus;
1108 3526 1240 3580 nihil
1273 3525 1525 3595 denique,
1558 3527 1698 3595 quod
1732 3528 1796 3579 ad
1836 3526 2060 3594 prmcla-

499 3633 618 3673 ram
652 3618 999 3686 ignominiam
1026 3625 1315 3687 spectaret,
1352 3618 1744 3687 requirebatur.
1798 3615 1903 3670 Sed
1938 3617 2063 3685 quid

498 3708 726 3761 accidit?
774 3707 961 3763 Exsilii
998 3708 1272 3763 decretum
1306 3708 1444 3763 Deus
1474 3706 1749 3762 rescindit.
1802 3705 1935 3760 Nam
1971 3706 2063 3776 qul

500 3796 745 3869 Egypti,
781 3800 1038 3855 adversus
1064 3799 1332 3854 lsraelitas
1363 3799 1651 3864 smvientis,
1680 3799 2065 3867 primogenitos

498 3890 667 3961 810
703 3901 1046 3960 percusserat
1086 3892 1151 3956 ³⁷,
1190 3892 1330 3946 idem
1374 3890 1715 3960 imperatoris
1752 3905 1964 3959 quoque
2005 3890 2067 3944 fi-

502 3983 635 4038 lium
670 3983 839 4038 morbi
874 3983 1026 4053 plaga
1054 3982 1234 4038 allicit.
1265 3984 1328 4038 Et
1352 3985 1566 4053 quidem
1601 3998 1703 4052 qua
1754 3983 2057 4038 celeritate!

502 4072 654 4128 illinc
679 4072 855 4128 exsilii
887 4073 1102 4138 tabulae,
1130 4073 1257 4128 hinc
1300 4074 1472 4129 morbi
1508 4074 1817 4137 decretum;
1859 4085 1923 4125 ac
1951 4083 2068 4126 sce-

502 4160 659 4216 lerati
691 4161 971 4231 scriptoris
1002 4178 1189 4217 manus
1231 4162 1501 4217 inhibetur
1521 4202 1536 4225 ,
1567 4172 1622 4218 et
1657 4170 1874 4215 sanctus
1929 4160 2069 4229 peri-

505 4254 626 4309 culo
661 4255 939 4318 liberatur,
980 4253 1145 4321 fitque
1189 4255 1272 4309 vir
1302 4257 1419 4325 pius
1468 4254 1632 4310 febris
1679 4254 1876 4307 donum
1902 4291 1918 4318 ,
1965 4265 2069 4321 qua

505 4350 847 4419 imperatoris
882 4349 1103 4403 audacia
1156 4358 1453 4403 coercetur.
1488 4346 1624 4414 Quid
1658 4345 1759 4399 hoc
1793 4344 1885 4399 Dei
1923 4342 2068 4412 judi-

506 4440 611 4506 cio,
676 4440 761 4495 vel
811 4440 1037 4510 aquius,
1090 4439 1170 4493 vel
1228 4439 1457 4494 celerius
1507 4435 1800 4505 excogitari
1866 4433 2070 4502 potest?

2160 3250 2255 3317 νὺξ
2282 3252 2485 3322 παρῆν,
2510 3252 2537 3303 ὁ
2562 3252 2750 3321 δίφρος
2775 3253 3042 3324 εὐτρεπὴς
3063 3293 3077 3318 ,
3116 3256 3165 3306 οἱ
3199 3254 3481 3324 μισοῦντες
3512 3256 3568 3308 ἐν
3597 3253 3727 3324 κρό-

2161 3359 2294 3409 τοις,
2329 3346 2386 3398 ὲν
2420 3343 2625 3415 ἀθυμία
2650 3345 2708 3397 τὸ
2738 3345 2975 3409 εὐσεϐὲς,
3010 3347 3135 3417 περὶ
3156 3346 3244 3399 τὸν
3273 3346 3546 3417 πρόθυμον
3584 3347 3725 3400 ὁδοι-

2162 3434 2327 3504 πόρον
2353 3437 2511 3505 ἡμεῖς
2533 3476 2546 3497 ,
2579 3434 2745 3488 τᾶλλα
2783 3436 2884 3489 ὅσα
2934 3436 3035 3507 τῆς
3068 3436 3236 3507 καλῆς
3290 3438 3508 3507 ἀτιμίας
3550 3438 3729 3491 πάντα

2164 3523 2513 3595 πεπλήρωται
2544 3524 2677 3594 (ει).
2708 3524 2772 3576 Τί
2798 3521 2923 3591 οὖνς
2956 3524 3084 3578 Λύει
3116 3525 3319 3597 ταύτην
3343 3525 3493 3588 Θεός.
3537 3525 3595 3580 ’0
3618 3526 3727 3598 γὰρ

2164 3616 2411 3682 πατάξας
2463 3616 2737 3685 Αἰγύπτου
2795 3617 2863 3670 τὰ
2911 3618 3267 3689 πρωτότοκα,
3323 3618 3731 3689 τραχυνομένης

2165 3705 2304 3758 κατὰ
2346 3704 2438 3757 τοῦ
2472 3706 2685 3777 Ἰσραὴλ
2702 3745 2717 3771 ,
2740 3701 2895 3769 οὗτος
2918 3708 3012 3760 xui
3035 3706 3124 3759 τὸν
3154 3707 3318 3760 παῖδα
3343 3707 3435 3760 τοῦ
3468 3707 3731 3777 βασιλέως

2167 3796 2355 3867 θραύει
2381 3796 2535 3849 νόσου
2564 3797 2744 3868 πληγῇ
2767 3814 2779 3828 ·
2811 3798 2905 3851 xui
2930 3797 2990 3850 τὸ
3016 3798 3174 3868 τάχος
3199 3798 3319 3852 ὅσον
3344 3800 3357 3851 i
3405 3798 3641 3851 Ἐκεῖθεν
3669 3797 3732 3851 τὸ

2166 3887 2398 3958 γράμμα
2421 3886 2521 3950 τῆς
2564 3887 2777 3959 ὲξορίας
2800 3930 2815 3955 ,
2848 3888 3091 3942 ὲντεῦθεν
3115 3887 3176 3941 τὸ
3214 3888 3391 3959 δόγμα
3428 3889 3524 3959 τῆς
3549 3889 3731 3961 ἀρρω-

2170 3976 2321 4040 στίας
2344 3994 2357 4007 ·
2405 3977 2500 4030 xui.
2531 3979 2564 4048 ἡ
2598 3978 2719 4049 χεὶρ
2769 3978 3027 4049 ὲπέχεται
3056 3978 3149 4032 τοῦ
3190 3977 3425 4049 πονηροῦ
3455 3978 3732 4049 γραφέως,

2168 4069 2261 4121 xui
2288 4069 2316 4120 ὁ
2345 4066 2496 4135 ἅγιος
2525 4067 2862 4131 ἀνασώζεται
2888 4112 2903 4135 ,
2935 4070 3027 4123 xui
3058 4069 3265 4138 γίνεται
3302 4069 3535 4141 πυρετοῦ
3564 4069 3739 4141 δῶρον

2168 4158 2305 4230 ἀνὴρ
2344 4159 2591 4230 εὐσεϐὴς,
2635 4159 2859 4229 βασιλέα
2917 4160 3121 4232 θρασὺν
3167 4161 3601 4233 σωφρονίζοντος.
3668 4158 3737 4215 Τί

2168 4250 2371 4305 τούτων
2405 4250 2788 4323 ἐνδικώτερον,
2842 4252 2874 4323 ἢ
2917 4252 3242 4322 ταχύτερον;
3304 4251 3383 4304 Τὰ
3426 4252 3484 4304 δὲ
3530 4252 3736 4305 τούτων

2170 4341 2324 4410 ἐξῆςο
2352 4342 2627 4413 Ἕκαμνεν
2652 4345 2680 4396 ό
2714 4330 2841 4407 παῖς
2870 4341 2946 4412 τῷ
2976 4341 3202 4412 βασιλεῖ,
3226 4341 3320 4394 xui
3352 4341 3601 4412 πονηρῶς
3622 4340 3737 4411 εἶχε

2170 4435 2263 4488 τοῦ
2309 4434 2586 4505 σώματος·
2619 4434 2921 4505 συνέκαμνε
2960 4434 3015 4486 δὲ
3044 4433 3295 4503 ὁπατὴρ,
3333 4435 3445 4497 (xui
3466 4433 3515 4485 τι
3559 4433 3668 4504 γὰρ
3708 4436 3741 4487 ὁ

509 4532 711 4588 Deinde
734 4531 1077 4602 imperatoris
1106 4530 1246 4585 filius
1283 4531 1598 4600 aegrotabat,
1625 4528 1925 4597 atllictoque
1954 4539 2056 4581 cor«

2178 4527 2363 4597 πατήρ
2396 4525 2571 4596 (22);)
2625 4525 2959 4597 πανταχόθεν
2999 4524 3270 4597 ἐπιζητῶν
3322 4524 3637 4596 ἐπικουρίαν
3661 4524 3743 4596 τῷ

582 4688 628 4720 ’⁸
651 4688 669 4741 l
695 4686 827 4757 Reg.
864 4702 975 4752 xix,
998 4685 1092 4741 20.

585 4799 696 4869 (l0)
735 4800 910 4869 Ἀλλ’.
943 4799 1097 4853 Deest
1124 4799 1175 4851 in
1204 4797 1377 4853 οδε.
1478 4866 1504 4869 _
1547 4866 1557 4869 _
1598 4866 1606 4869 Α
1676 4867 1693 4869 _
1793 4843 1796 4847 .

610 4865 693 4937 ll)
749 4867 1048 4937 ᾙδύνατο.
1088 4869 1214 4937 licg.
1249 4869 1319 4935 ph
1355 4878 1407 4921 et
1454 4866 1723 4937 (Coisl._f2,
1768 4865 2006 4919 εδύνατο.

610 4872 693 4938 ll)
749 4872 1048 4921 Ἠδύνατο.
1088 4872 1214 4937 licg.
1249 4872 1319 4935 ph
1355 4878 1407 4921 et
1467 4872 1629 4921 Coisl.
1670 4872 1723 4927 Ξ,
1768 4872 2006 4919 εδύνατο.

584 4872 698 5009 (12)
730 4935 911 5009 Δῶρα.
953 4937 1148 5009 ¢_Vasa
1176 4952 1359 5001 aurea,
1401 4954 1419 4988 ι
1453 4936 1623 5004 inquit
1648 4935 1878 5002 Nicetas,
1906 4954 1924 4987 ι
1960 4948 2078 4989 cum

518 5007 941 5078 ips'efahricatus
972 5007 1242 5078 fuerat.__
1303 5076 1314 5078 4
1426 5075 1465 5078 ﬂ
1557 5073 1636 5078 ,ψ
1710 5016 1719 5021 ’

590 5078 700 5143 (l5)
726 5075 1127 5141 Προσιξσεται.
1156 5075 1338 5129 Schol.
1370 5094 1382 5130 :
1424 5073 1757 5140 Ἀναδέξεται
1782 5073 2074 5136 Βασίλειος·

526 5166 543 5199 ι
580 5146 806 5199 Basilius
844 5148 1128 5213 acciperet.
1184 5164 1200 5196 ι

588 5216 700 5285 (14)
732 5212 1084 5283 Περιτρέπει.
1125 5213 1339 5280 Comb.,
1377 5213 1785 5286 περιτρέπεται,
1817 5231 1836 5264 ι
1868 5212 2085 5281 titubat,

522 5288 926 5351 circumagitur.
968 5306 988 5337 ι

596 5356 705 5423 (15)
734 5350 892 5411 Εἶεν.
931 5357 985 5411 id
1025 5366 1128 5421 est,
1161 5364 1218 5407 ut
1246 5362 1495 5409 observat
1529 5353 1739 5407 Nicetas
1762 5392 1777 5418 ,
1821 5352 1989 5406 ταῦτα
2025 5350 2081 5404 δὲ

520 5427 723 5489 οὕτως·
757 5444 777 5477 ι
811 5427 985 5496 Atque
1028 5426 1141 5481 lucc
1173 5424 1272 5478 ita.
1305 5443 1321 5475 ι
1361 5424 1482 5477 llaec
1504 5433 1586 5478 est
1617 5425 1695 5496 vis
1722 5423 2080 5496 huj_n_s___vocis,

522 5508 575 5551 et
605 5492 1189 5559 commoda—transitio,
1233 5510 1389 5563 quam
1426 5494 1769 5561 praetermisit
1802 5492 2009 5555 Billius.

593 5566 702 5635 (16)
746 5567 1007 5621 Ἐαυτόν.
1037 5562 1261 5627 Comb.,
1278 5562 1455 5635 αὐτόν.

594 5632 707 5707 (17)
748 5640 973 5706 Λέγειν.
1004 5636 1171 5709 chg.
1201 5649 1254 5704 ιι,
1284 5650 1332 5703 c,
1363 5634 1455 5688 xui
1483 5632 1676 5700 λέγειν.

1192 4685 1234 4716 ’⁷
1269 4685 1433 4741 Exod.
1460 4699 1559 4751 xu,
1588 4682 1678 4742 29.

2241 4789 2360 4872 (18)
2415 4787 2938 4843 Συνεισελθοῦσιν.
2995 4787 3089 4845 0r.
3131 4787 3167 4841 ε).
3211 4797 3264 4842 et
3312 4785 3498 4850 Pass,
3557 4785 3747 4839 συνελ·

2176 4862 2377 5001 θοῖἵὲ).
2406 4898 2788 5001 [ἰατὰστασις
2839 4898 3056 4997 πρώτη.
3092 4924 3215 5001 llzec
3253 4942 3280 4978 a
3322 4924 3477 5001 Dillio
3506 4935 3749 5001 praeter:

2177 4993 2365 5056 missa.
2411 4999 2637 5053 Budauts
2685 5015 2699 5051 :
2742 4993 2775 5050 ι“
2808 4993 2976 5063 prima
3025 4993 3248 5050 Sedatio.
3295 5013 3313 5045 ι
3366 4996 3465 5047 Ista
3499 4993 3749 5061 Gregorii

2177 5070 2342 5125 verba
2387 5068 2699 5121 doctissimo
2749 5068 3091 5122 Tillemontio
3120 5066 3298 5118 fucum
3337 5065 3529 5123 fecere.
3558 5072 3613 5115 ut
3638 5066 3745 5120 ob-

2182 5147 2367 5195 servat
2404 5138 2538 5191 Viiw
2566 5136 2756 5191 Basilii
2788 5148 2994 5201 auctor,
3031 5146 3161 5190 tom.
3195 5134 3259 5188 lll
3293 5134 3595 5187 novissimae
3629 5132 3750 5186 edi-

2179 5209 2359 5267 tionis.
2388 5208 2576 5274 ineius
2607 5205 2727 5260 Vita
2764 5222 2815 5261 c.
2847 5207 2939 5269 20,
2977 5223 3030 5260 n.
3054 5206 3107 5270 8,
3149 5221 3269 5275 pag.
3303 5203 3425 5256 lOi.

2252 5278 2362 5347 (20)
2399 5269 2635 5346 Λῆξιιμα.
2676 5294 2694 5328 ι
2740 5277 2919 5331 Animi
2963 5269 3285 5342 constantia,
3318 5285 3377 5326 ut
3404 5269 3623 5339 exponit
3650 5269 3752 5325 Ni-

2180 5357 2363 5488 c“(3%)
2405 5414 2817 5486 Πεπλήρωται.
2856 5414 2970 5471 Duo
3026 5411 3192 5485 Regg.
3220 5420 3274 5468 et
3310 5392 3405 5467 Or.
3443 5411 3501 5477 2,
3534 5410 3752 5479 πεπλήο

2183 5504 2368 5624 ραῖὲἒ)
2402 5557 2463 5610 Τί
2487 5555 2597 5625 γὰρ
2622 5558 2657 5610 ὀ
2693 5555 2907 5625 πατὴρ.
2933 5553 3171 5621 Quatuor
3198 5552 3365 5623 Begg.
3397 5561 3451 5608 et
3480 5548 3575 5606 Or.
3606 5550 3665 5615 9,
3695 5546 3754 5601 τί

2182 5626 2288 5698 γὰρ
2321 5627 2351 5696 ἢ
2391 5627 2588 5696 πατὴρ·
