4050 6298
222 349 326 408 565

1086 355 1344 413 onmo
1385 341 1568 413 mn.
1607 388 1664 398 —
1719 358 1790 413 tN
1827 357 2111 413 LAUDEM
2145 358 2387 413 BASlLll
2429 359 2671 418 MAGNI:

3381 361 3487 420 566

224 463 384 520 πάθει
406 503 421 527 ,
471 465 567 518 καί
596 463 797 538 ἰατρῶν
825 468 952 529 τοὺς
981 466 1240 538 ἀρίστους
1269 469 1629 542 ἐκλεγόμενος
1647 511 1661 535 ,
1717 473 1812 526 καὶ
1840 523 1845 534 ,

1934 486 2043 526 »οι-θ
2074 481 2223 536 erat;
2271 481 2424 542 paler
2473 472 2656 538 etiam,
2709 481 2892 543 utpote
2926 481 3093 543 pater,
3127 472 3284 528 simul
3341 490 3486 544 ωδε-ο

222 552 396 619 λιταῖς
441 557 840 627 προσκείμενος
864 597 880 621 ,
933 559 1089 631 εἴπερ
1119 561 1305 614 ἄλλοτέ
1331 579 1462 614 ποτε
1485 603 1498 624 ,
1541 563 1631 615 καὶ
1665 561 1806 615 κατὰ

223 646 328 716 γῆς
359 647 714 718 ἐρριμμένος.
763 650 916 704 Ποιεί
948 649 1058 723 γὰρ
1102 652 1197 705 καὶ
1242 652 1495 723 βασιλέας
1521 653 1807 716 ταπεινοὺς

225 736 396 800 πάθος
417 755 432 770 ο
485 739 580 792 καὶ
613 737 924 810 Θαυμαστὸν
966 742 1125 795 οὐδὲν
1146 782 1160 806 ,
1203 744 1326 796 ἐπεὶ
1365 745 1460 796 καὶ
1487 743 1648 797 Δαϐὶδ
1673 744 1808 815 πρό-

221 845 382 900 τερον
430 829 598 882 ταυτὺ
648 828 758 900 (25)
799 831 890 883 ἐπὶ
921 830 1000 902 τῷ
1046 834 1196 886 παιδὶ
1243 833 1527 897 πεπονθὼς
1552 875 1566 898 ,
1618 835 1811 902 ἀναγέ-

223 935 488 990 γραπται.
557 919 648 984 Ὧς
676 920 733 973 δὲ
757 921 911 975 οὐδὲν
949 923 1200 995 εὕρισκεν
1234 925 1348 997 (24)
1375 926 1670 996 οὐδαμόθεν
1715 926 1808 980 τοῦ

224 1007 400 1062 κακοῦ
444 1007 736 1082 φάρμακον
761 1051 776 1076 ,
830 1012 924 1065 ἐπὶ
955 1015 1054 1084 τὴν
1081 1015 1262 1068 πίστιν
1287 1015 1380 1068 τοῦ
1414 1017 1604 1086 ἀνδρὸς
1645 1033 1812 1070 κατα-

225 1099 459 1170 φεύγει·
515 1102 610 1154 κα).
658 1102 726 1156 δι’
759 1103 954 1157 ἑαυτοῦ
1003 1106 1101 1176 μὲν
1149 1106 1250 1160 οὐκ
1283 1107 1556 1172 εἰσκαλεῖ,
1604 1108 1664 1160 τὸ
1713 1107 1814 1178 τῆς

227 1192 446 1265 ὕϐρεως
469 1195 738 1262 ὑπόγυιον
769 1195 883 1267 (25)
913 1199 1300 1270 αἰσχυνόμενος
1322 1240 1336 1264 ,
1391 1200 1600 1272 ἑτέροις
1631 1199 1687 1253 δὲ
1714 1200 1812 1272 τὴν

226 1285 528 1356 πρεσϐείαν
575 1287 860 1360 ἐπιτρέπει
910 1289 1019 1344 τῶν
1086 1291 1433 1346 οἰκειοτάτων
1493 1291 1669 1363 ἐαυτῷ
1717 1273 1813 1346 καί

228 1379 524 1448 φιλτάτων.
611 1365 727 1435 Καί
765 1381 826 1446 ag
875 1382 986 1454 (26)
1016 1383 1218 1454 παρῆν,
1278 1383 1428 1437 οὐδὲν
1453 1383 1647 1445 ἀναδὺς
1679 1380 1810 1452 (27),

227 1471 350 1524 οὐδὲ
381 1470 476 1524 τοῦ
509 1472 705 1543 καιροῦ
731 1474 1158 1538 κατεξαναστάς,
1189 1473 1336 1528 ὥσπε
1345 1492 1376 1546 ρ
1400 1474 1556 1538 ἄλλος
1580 1491 1693 1537 τις,
1721 1472 1816 1526 καὶ

230 1562 364 1633 ὁμοῦ
421 1566 489 1634 τῇ
541 1565 814 1636 παρουσίᾳ
851 1567 1052 1638 ῥᾴωνή
1086 1567 1238 1630 νόσος
1266 1567 1474 1635 γίνεται
1502 1608 1516 1634 ,
1550 1565 1642 1618 καὶ
1684 1581 1817 1635 χρη-

232 1654 503 1726 στοτέρων
524 1657 551 1708 ό
574 1656 756 1728 πατὴρ
786 1657 894 1710 τῶν
917 1657 1174 1711 ἐλπίδων·
1209 1658 1303 1712 καὶ
1325 1659 1374 1710 εί
1411 1658 1484 1729 μὴ
1513 1657 1612 1728 τὴν
1639 1655 1816 1727 ἅλμην

228 1743 307 1815 τῷ
341 1744 562 1816 ποτίμῳ
592 1745 747 1799 ῦδατι
775 1747 1154 1818 συνεκέρασεν,
1181 1747 1313 1819 ὁμοῦ
1335 1765 1393 1801 τε
1416 1747 1604 1802 τοῦτον
1635 1748 1817 1800 εἰσκα-

1915 564 2096 617 aninto
2149 565 2480 632 urgebatur,
2521 564 2818 618 remedium
2889 566 3241 634 undecunque
3300 567 3488 622 morbo

1915 654 2264 722 cunquirens,
2298 665 2460 722 atque
2515 655 2748 723 Optimos
2782 670 3027 724 quosque
3083 657 3317 711 medicos
3363 655 3489 712 seli-

1917 761 2064 813 gens,
2097 759 2160 797 ac
2193 745 2461 813 precibus,
2501 753 2558 797 ut
2591 746 2635 798 si
2671 746 2804 798 alias
2856 761 3114 816 unquam,
3148 748 3484 814 incumbens,

1919 834 2174 902 humique
2203 833 2536 902 provolutus.
2575 832 2706 906 Nam
2748 849 2898 905 reges
2932 850 3143 906 quoque
3177 837 3405 891 humiles
3435 845 3490 891 et

1919 925 2157 994 abiectos
2192 925 2366 980 reddit
2412 901 2694 979 calamitas
2736 944 2748 978 :
2799 942 2896 980 nec
2927 927 3141 992 tnirunt,
3191 943 3315 982 cum
3381 916 3524 982 Da-h

1918 1018 2092 1074 videm
2123 1019 2282 1074 etiam
2339 1018 2490 1087 prius
2537 1018 2607 1073 ob
2667 1018 2759 1073 lilii
2807 1019 3048 1074 morbum
3106 1021 3294 1076 eodem
3332 1022 3490 1076 modo

1919 1108 2167 1164 affectum
2210 1111 2375 1165 fuisse
2425 1110 2700 1181 Scriptura
2740 1121 2963 1166 lestetur
2991 1112 3054 1167 ’⁸.
3117 1111 3250 1166 Cum
3311 1123 3491 1168 autem

1923 1199 2046 1254 huic
2077 1199 2218 1253 malo
2248 1199 2571 1254 medicinam
2615 1199 2814 1254 nullam
2871 1199 3152 1266 inveniret,
3191 1201 3256 1254 ad
3310 1199 3493 1254 Basilii

1923 1291 2079 1346 fidem
2111 1291 2351 1361 confugit
2398 1310 2410 1346 :
2448 1303 2502 1346 et.
2557 1293 2833 1362 quamam,
2865 1291 2933 1346 ob
2985 1291 3362 1346 contumeliam
3411 1308 3496 1347 re-

1921 1399 2050 1439 cens
2088 1383 2188 1454 ipsi
2241 1383 2467 1449 illatam,
2496 1399 2617 1438 eum
2659 1401 2756 1438 suo
2804 1384 3020 1438 nomine
3053 1398 3330 1438 accersere
3383 1399 3492 1452 pra:

1923 1477 2128 1544 pudore
2161 1491 2264 1528 non
2293 1475 2534 1538 auderet,
2565 1475 2706 1538 aliis,
2742 1490 2874 1542 quos
2921 1467 3221 1528 arctissitna
3267 1474 3495 1528 familia-

1923 1568 2083 1622 ritate
2111 1576 2165 1622 et
2192 1567 2564 1622 benevolentia
2599 1568 2880 1620 devinctos
2933 1558 3185 1629 habebat,
3241 1565 3376 1620 hanc
3425 1565 3500 1621 le-

1925 1658 2198 1727 gationem
2241 1657 2548 1712 committit.
2583 1656 2676 1711 Ille
2712 1671 2840 1711 vero
2868 1656 3000 1710 nihil
3026 1666 3329 1725 cunctatus,
3377 1672 3497 1722 nec,

1926 1748 2068 1817 quod
2111 1748 2342 1802 fortasse
2376 1735 2514 1802 alius
2556 1746 2791 1814 fecisset,
2844 1748 3102 1801 adversus
3147 1755 3358 1817 tempus
3415 1747 3499 1801 itt-

227 1837 416 1901 λέσας,
441 1839 666 1902 καὶτοῖς
687 1839 772 1890 έτε
783 1838 1014 1910 ροδόξοις
1036 1839 1353 1902 πιστεύσας,
1379 1839 1480 1893 κᾶν
1497 1839 1684 1908 ὑγείας
1706 1837 1818 1904 (28)

1934 1839 2150 1906 sultans,
2207 1839 2487 1894 confestim
2528 1837 2736 1904 adfuit,
2771 1849 2929 1908 atque
2957 1839 3022 1892 ad
3053 1838 3166 1909 eius
3216 1841 3500 1897 adventum

228 1928 413 1998 τυχὼν
468 1931 498 1982 ὁ
557 1931 687 1993 παῖς
736 1932 857 1992 ταῖς
902 1929 998 1982 τοῦ
1031 1930 1235 2002 πατρὸς
1294 1931 1480 2002 χερσὶν
1534 1927 1813 1998 ἀπεσώθη.

228 2019 344 2078 Καὶ
405 2019 565 2074 τοῦτο
622 2020 938 2074 ἐπιστεύετο
993 2020 1103 2091 (29)
1155 2022 1307 2092 παρὰ
1355 2021 1464 2074 τῶν
1513 2017 1836 2093 τηνικαῦτα,

233 2114 541 2186 παρόντων,
571 2113 664 2167 καὶ
694 2114 1092 2175 κοινωνούντων
1121 2113 1215 2167 τοῦ
1246 2113 1473 2178 πάθους.

1926 1931 2109 1984 statim
2155 1928 2324 1984 levior
2352 1928 2409 1983 lit
2445 1930 2688 1992 morbus,
2715 1943 2778 1982 ac
2833 1928 3106 1983 meliorem
3145 1944 3295 1997 spem
3351 1938 3502 1999 pater

1929 2019 2110 2075 animo
2137 2020 2403 2090 concipit;
2458 2028 2513 2074 et
2541 2029 2708 2083 certe,
2739 2020 2838 2074 nisi
2873 2021 3067 2075 salsam
3109 2035 3304 2090 aquam
3357 2021 3502 2076 dulci

1931 2115 2331 2180 admiscuissel,
2365 2113 2522 2168 simul
2547 2113 2794 2168 videlicet
2822 2121 2875 2167 et
2919 2113 3092 2181 ipsum
3125 2115 3416 2178 advocatis,
3445 2123 3502 2168 et

240 2203 515 2260 haereticis
551 2205 798 2271 credens,
866 2221 1299 2282 sanumquoque
1346 2215 1400 2261 et
1435 2208 1757 2262 incolumem
1797 2207 1967 2262 lilium
2009 2207 2242 2262 fortasse
2316 2206 2626 2276 recepisset.
2686 2206 2740 2261 ω
2809 2220 3043 2276 namque
3089 2213 3187 2276 pro
3243 2215 3393 2262 certo
3445 2212 3503 2264 et

251 2295 556 2352 indubitata
598 2296 888 2360 habebant,
916 2295 1008 2366 qui
1042 2306 1172 2350 tunc
1220 2298 1466 2360 aderant,
1500 2297 1940 2368 calamitatisque
1971 2299 2265 2368 participes
2294 2305 2469 2351 erant.

301 2393 450 2448 NE'.
515 2393 588 2446 Τὸ
616 2392 673 2446 δὲ
699 2392 832 2446 αὐτὸ
864 2393 959 2447 καὶ
986 2391 1063 2464 τῷ
1092 2393 1322 2466 ὑπάρχῳ
1369 2396 1564 2467 μικρὸν
1598 2395 1824 2467 ὕστερόν

235 2501 365 2554 φασι
413 2483 710 2555 συμϐῆναι.
763 2484 1023 2554 Κάμπτει
1054 2485 1150 2538 καὶ
1178 2485 1365 2540 τοῦτον
1391 2489 1508 2551 ταῖς
1542 2488 1636 2541 τοῦ
1666 2489 1823 2557 ἁγίου

233 2593 391 2649 χερσι
412 2593 476 2628 συ
485 2593 593 2645 μπε
603 2575 694 2628 σοῦ
703 2577 769 2629 σά
780 2593 863 2640 τις
882 2576 1179 2648 ἀρρωστία.
1201 2579 1310 2630 Καὶ
1331 2579 1500 2643 ὅντως
1514 2578 1694 2651 πληγὴ
1713 2583 1826 2644 τοῖς

237 2660 294 2722 εὗ
324 2664 586 2737 φρονοῦσι
626 2666 902 2737 παίδευμα
925 2668 1156 2736 γίνεται,
1199 2669 1292 2722 καὶ
1324 2669 1586 2741 κρείττων
1626 2671 1826 2742 εὐημε-

241 2759 360 2830 ρίας
413 2757 673 2820 πολλάκις
732 2757 1090 2814 κακοπάθεια.
1160 2760 1476 2830 Ἐκαμνεν,
1537 2761 1817 2833 ἐδάκρυεν,

239 2847 548 2919 ἐδυσφόρει,
580 2846 976 2918 προσέπεμπεν
1001 2846 1137 2918 (50),
1164 2849 1453 2917 ἠντιϐόλει.
1522 2850 1642 2918 Τὴν
1669 2851 1819 2904 ἀπο-

241 2942 460 3011 λογίαν
489 2941 647 3010 ἔχει(
677 2981 690 3005 ,
729 2940 859 2994 ὲϐόα
883 2979 898 3005 ,
935 2939 1040 3007 δὸς
1074 2942 1393 3009 σωτηρίαν.
1461 2942 1572 2995 Καὶ
1613 2942 1710 3013 μέν
1740 2960 1822 2995 τοι

243 3039 336 3091 καὶ
368 3029 626 3106 τυγχάνει
655 3034 877 3106 ταύτης,
910 3034 986 3099 ὡς
1009 3034 1171 3098 αὑτός
1191 3051 1250 3088 τε
1281 3036 1392 3105 (51)
1420 3036 1706 3106 ὡμολόγει,
1731 3037 1824 3089 καὶ

245 3127 474 3191 πολλοὺς
507 3126 691 3180 ἔπειθε
720 3125 828 3179 τῶν
854 3126 954 3179 οὐκ
989 3125 1207 3178 εἰδότων
1227 3143 1240 3157 ·
1271 3127 1332 3179 οὐ
1360 3126 1468 3197 γὰρ
1495 3127 1731 3182 ἐπαύετο
1756 3127 1822 3182 τὰ

2003 2396 2114 2452 LV.
2149 2397 2294 2452 Idem
2324 2405 2502 2452 autem
2537 2407 2590 2452 et
2632 2397 2734 2468 ipsi
2766 2397 3019 2467 pratfecto
3053 2415 3158 2456 non
3192 2398 3357 2453 multo
3381 2406 3504 2467 post

1934 2489 2199 2544 accidisse
2229 2498 2474 2543 narrant.
2514 2487 2646 2542 Nam
2681 2489 2822 2544 hunc
2851 2505 3064 2561 quoque
3094 2489 3310 2544 morbus
3353 2491 3506 2559 quis-

1933 2578 2076 2647 piam
2133 2577 2505 2642 oborlus,viri
2539 2577 2711 2631 sancti
2769 2580 3018 2636 manibus
3073 2579 3388 2635 substernit.
3441 2578 3510 2635 Et

1931 2670 2151 2740 quidem
2181 2670 2426 2740 profecto
2455 2669 2607 2740 plaga
2643 2672 2880 2726 conlatis
2915 2671 3222 2726 hominibus
3266 2671 3509 2727 doctrina

1940 2761 2185 2828 elIicitur,
2216 2777 2280 2816 ac
2303 2763 2616 2832 plerumque
2640 2777 2896 2832 prospero
2927 2777 3105 2818 rerum
3132 2777 3386 2818 successu
3413 2777 3510 2831 po-

1941 2854 2046 2910 tior
2080 2869 2144 2908 ac
2177 2853 2532 2923 praestabilior
2562 2862 2644 2908 est
2669 2852 2906 2907 amictio.
2927 2851 3098 2922 (Egro
3124 2867 3350 2921 corpore
3370 2861 3509 2916 erat,

1942 2946 2337 3014 illacrymabat,
2393 2944 2849 3012 dislorquebatur,
2879 2943 3136 2998 Basiliam
3179 2945 3508 3012 accersebat,

1939 3037 2282 3094 obsecrabat.
2302 3036 2729 3106 Salisfactioneut
2761 3036 2936 3100 habes,
2965 3033 3251 3098 clamabat,
3278 3035 3346 3088 da
3362 3037 3510 3088 salu-

1943 3140 2064 3185 lem.
2087 3130 2152 3184 Et
2185 3130 2399 3197 quidem
2436 3130 2575 3184 hanc
2605 3138 2926 3184 consecutus
2949 3136 3052 3192 est,
3089 3135 3215 3183 utet
3243 3128 3356 3197 ipse
3379 3127 3511 3182 fate-

245 3222 456 3275 ὲκείνου
484 3219 579 3274 καὶ
613 3218 907 3289 θαυμάζων
949 3220 1043 3272 καὶ
1065 3218 1442 3290 διηγούμενος.
1488 3216 1613 3292 Ἆρ’
1641 3217 1734 3275 οὖν
1757 3223 1827 3276 τά

1934 3223 2110 3288 batur,
2143 3231 2196 3277 et
2222 3222 2403 3276 multis
2435 3221 2592 3290 hujus
2627 3222 2707 3276 rei
2753 3221 2956 3291 ignaris
2989 3219 3384 3288 persuadebat;
3413 3234 3510 3274 ne-

249 3311 348 3381 μὲν
375 3310 513 3381 πρὸς
543 3309 787 3371 ἐκείνους
813 3307 962 3378 αὐτῷ
986 3308 1230 3371 τοιαῦτα,
1266 3309 1359 3362 καὶ
1387 3311 1467 3372 είς
1490 3309 1634 3363 τοῦθ’
1668 3311 1830 3381 ¹ἧκον-

247 3419 314 3456 τα
343 3400 533 3463 τέλους
571 3398 704 3470 (52).
766 3399 848 3452 Τά
870 3416 927 3452 τε
969 3399 1106 3472 πρὸς
1133 3399 1349 3473 ἐτέρους
1384 3400 1617 3470 ἑτέρως,
1644 3401 1676 3471 ἢ
1706 3403 1836 3472 περὶ

251 3493 486 3566 μικρῶν,
523 3493 555 3563 ἦ
589 3480 764 3564 μικρά
794 3491 1190 3564 πεπολέμηται,
1217 3492 1248 3562 ἣ
1287 3491 1520 3564 μετρίως
1548 3492 1834 3560 πεφιλοσό-

251 3602 420 3658 φηται
455 3583 566 3654 (55)
593 3624 608 3650 ,
641 3584 672 3654 ἦ
706 3584 865 3655 σιγῆς
913 3583 1112 3650 ἀξίως,
1161 3584 1194 3654 ἢ
1243 3585 1302 3636 ού
1336 3583 1454 3637 λίαν
1501 3585 1848 3651 ἐπαινετῶς,

250 3676 565 3748 Οὐμενοῦνο
622 3676 735 3729 ἀλλ’
768 3676 797 3727 ὁ
843 3678 1071 3744 κινήσας
1114 3675 1244 3728 ποτὲ
1287 3675 1366 3746 τῷ
1426 3676 1639 3748 Ἰσραὴλ
1671 3677 1839 3750 Ἀδερ.

250 3768 341 3822 τὸν
371 3768 684 3840 ἀλιτήριον,
719 3761 874 3832 οὗτος
900 3769 1041 3820 κινεῖ
1072 3767 1166 3822 καί
1191 3767 1365 3838 τούτῳ
1395 3767 1486 3820 τὸν
1517 3769 1614 3840 τῆς
1646 3770 1836 3823 Ποντι-

252 3861 358 3932 κῆς
396 3861 594 3932 μοίρας
648 3859 893 3932 ὕπαρχον
923 3860 1032 3930 (51)
1055 3876 1070 3890 ο
1122 3860 1390 3931 προφάσει
1431 3861 1542 3932 (55)
1574 3862 1672 3932 μὲν
1695 3901 1710 3926 ,
1761 3861 1836 3926 ὡς

254 3955 398 4026 ὑπὲρ
423 3953 648 4022 γυναίου
680 3953 822 4018 τινὸς
856 3952 1298 4022 ἀγανακτοῦντα,
1347 3952 1406 4006 τὸ
1436 3953 1480 4005 δ’
1511 3952 1708 4024 ἀληθὲς
1739 3954 1837 4024 τῆς

254 4048 513 4111 ἀσεϐείας
559 4046 1019 4118 ὑπερμαχοῦντα,
1071 4046 1167 4100 καὶ
1219 4046 1360 4100 κατὰ
1408 4049 1505 4116 τῆς
1557 4045 1836 4109 εὐσεϐείας

260 4140 572 4210 ἱστάμενον.
634 4137 738 4192 Ἐὦ
788 4137 954 4191 τᾶλλα
985 4138 1084 4190 ὅσα
1138 4136 1248 4205 (56)
1291 4138 1384 4190 καὶ
1450 4132 1536 4190 οἷα
1572 4137 1710 4191 κατὰ
1743 4139 1836 4191 τοῦ

256 4229 451 4301 ἀνδρὸς
480 4229 786 4302 ἐξύϐρισεν,
817 4228 930 4282 ἴσον
963 4228 1019 4282 δὲ
1045 4230 1217 4282 εἰπεῖν
1237 4269 1251 4290 ,
1275 4229 1368 4281 καὶ
1392 4229 1534 4282 κατὰ
1563 4228 1655 4282 τοῦ
1677 4229 1835 4296 Θεοῦ,

260 4323 398 4394 πρὸς
431 4323 512 4385 ὃν,
547 4322 642 4375 καὶ
663 4320 728 4374 δι’
761 4321 820 4373 ὃν
853 4323 881 4374 ὁ
914 4319 1147 4390 πόλεμος
1171 4335 1186 4350 ·
1224 4318 1252 4372 ὃ
1288 4319 1344 4372 δὲ
1379 4320 1612 4390 μάλιστα
1638 4321 1727 4374 καὶ
1750 4321 1838 4375 τὸν

259 4413 525 4486 ὑϐριστὴν
556 4412 757 4483 ᾔσχυνε
781 4450 795 4473 ,
829 4411 924 4464 καὶ
949 4409 1040 4462 τὸν
1071 4409 1372 4479 ἀγωνιστὴν
1403 4408 1615 4478 ὕψωσεν
1639 4448 1653 4473 ,
1682 4409 1839 4481 εἴπερ

259 4525 311 4560 τι
343 4506 491 4580 μέγα
527 4505 618 4558 καὶ
648 4503 851 4574 ὑψηλὸν
883 4505 916 4573 ὴ
937 4501 1237 4571 φιλοσοφία
1259 4543 1274 4567 ,
1321 4501 1413 4553 καὶ
1443 4501 1502 4554 τὸ
1539 4501 1840 4570 κρατοῦντα

1933 3328 2038 3383 que
2075 3313 2218 3367 enim
2251 3311 2394 3366 illius
2425 3311 2651 3366 virtutes
2691 3311 2950 3366 admirari
2983 3325 3045 3365 ac
3094 3310 3389 3379 praedicare
3417 3309 3512 3365 de—

1939 3401 2169 3457 sinebat.
2204 3402 2270 3455 At
2301 3401 2606 3468 hnjusmodi
2637 3399 2855 3469 quidem
2886 3399 3114 3455 fortasse
3141 3413 3226 3464 ea,
3250 3411 3370 3466 qua:
3391 3409 3512 3452 eum

1937 3495 2041 3550 illis
2067 3495 2200 3563 egit,
2236 3494 2473 3558 fuerunt,
2505 3505 2738 3560 eumque
2763 3491 2923 3546 linem
2958 3491 3258 3546 habuerunt
3288 3507 3305 3558 ;
3355 3497 3516 3545 caete-

1939 3602 2055 3640 rum
2091 3586 2264 3656 811’
2295 3599 2426 3640 vero
2469 3600 2590 3639 cum
2615 3584 2736 3638 aliis
2769 3582 2874 3637 alio
2910 3583 3070 3636 modo
3101 3597 3161 3636 se
3207 3582 3394 3653 gessit,
3425 3590 3516 3635 aut

1943 3679 2124 3748 parvis
2157 3679 2224 3732 de
2257 3677 2440 3742 rebus,
2478 3686 2569 3730 aut
2602 3690 2791 3745 parum
2848 3673 3060 3744 egregie
3099 3673 3392 3737 dimicavit,
3421 3680 3516 3726 aut

1941 3785 2045 3825 non
2074 3771 2148 3825 ita
2181 3783 2432 3840 magnam
2458 3767 2705 3822 exhibuit
2731 3767 3109 3830 constantiam,
3134 3779 3236 3820 nec
3259 3773 3317 3818 ut
3339 3765 3518 3820 homi-

1940 3877 2066 3918 num
2127 3861 2726 3925 commemorationem,
2764 3867 2858 3913 aut
2903 3867 3051 3913 certe
3095 3857 3360 3925 insignem
3403 3854 3516 3910 lau-

1939 3957 2086 4021 dem,
2131 3953 2466 4010 mereretur?
2519 3951 2738 4006 Minime
2769 3965 2917 4008 sane.
2945 3949 3146 4004 Verum
3201 3948 3268 4014 is,
3301 3948 3390 4018 qui
3429 3961 3519 4003 ne-

1939 4047 2140 4102 farium
2177 4046 2324 4101 illum
2352 4045 2504 4102 Adad
2531 4045 2790 4102 adversus
2817 4041 3066 4098 lsraelem
3101 4042 3228 4097 olim
3259 4054 3518 4109 provoca-

1941 4137 2018 4192 vit
2039 4139 2108 4202 “,
2146 4138 2286 4192 idem
2314 4145 2503 4191 contra
2549 4135 2691 4190 hunc
2720 4149 2934 4204 quoque
2961 4132 3191 4188 Pontica:
3229 4130 3518 4202 provinciae

1943 4227 2251 4297 praefectum
2296 4227 2584 4291 excitavit;
2647 4226 2747 4280 hoc
2786 4225 3000 4295 quidem
3051 4230 3332 4294 praetextu,
3363 4221 3518 4292 quasi

1944 4319 2272 4374 mulierculae
2303 4319 2581 4387 cujusdam
2617 4332 2778 4372 causa
2826 4316 3278 4378 stomacharetur,
3312 4313 3406 4368 sed
3459 4327 3519 4367 re

1946 4427 2070 4466 vera
2117 4411 2408 4478 impietatis
2446 4411 2814 4464 defensionem
2863 4407 3185 4474 suscipiens,
3228 4419 3290 4458 ac
3345 4405 3518 4472 pieta-

1947 4513 2052 4558 tem
2111 4516 2448 4572 oppugnans.
2511 4501 2663 4554 Mitto
2722 4499 2857 4552 alias
2904 4511 3094 4552 onmes
3143 4494 3554 4558 contumelias,‘

262 4600 371 4652 τῶν
412 4597 625 4652 πολλῶν
661 4595 835 4666 ταύτῃ
875 4593 1199 4664 φαίνεσθαι,
1245 4592 1401 4646 τοῦτο
1437 4591 1592 4646 δώσω
1640 4593 1719 4664 τῷ
1753 4594 1841 4647 λό-

1949 4563 2446 4663 ριιὶὺυεἿίιι-εἰιὶυιιι
2479 4592 2712 4654 vexavit,
2763 4591 2904 4659 quod
2950 4588 3170 4658 perinde
3207 4597 3313 4652 est,
3355 4601 3421 4642 ac
3474 4589 3519 4642 si

265 4710 342 4762 γιρ
371 4689 510 4760 (57)-

349 4785 400 4816 ”
431 4783 471 4837 11
507 4781 643 4849 Reg.
685 4798 780 4843 xu,
811 4779 899 4834 16.
975 4780 1019 4811 '9
1049 4777 1111 4831 111
1151 4779 1280 4848 lteg.
1324 4795 1398 4841 tu,
1432 4780 1518 4836 M.

343 4880 454 4950 (25)
494 4877 699 4950 Ίϊιυτό.
746 4874 803 4928 lu
848 4874 1128 4950 nonnullis
1151 4913 1182 4950 ,_
1222 4873 1435 4926 ταυτόν.
1505 4874 1662 4950 hl_em_
1719 4875 1844 4930 olim

271 4944 460 5012 David'i
484 4948 780 5016 contigisse
811 4947 880 5016 ob
910 4945 1004 4999 11111
1049 4945 1294 5016 morbum
1329 4955 1514 5016 narrat
1547 4944 1844 5012 Scriptura.

340 5020 455 5092 (24)
495 5010 814 5092 Εὕριὶῖκεν.
843 5015 1009 5092 00181.
1043 5015 1079 5068 2
1103 5023 1158 5066 et
1191 5013 1364 5092 [iussu
1398 5010 1679 5092 qﬁetcxsy.

341 5082 456 5161 (25)
523 5082 864 5159 Ὑπόγυιον.
907 5087 1148 5152 Quatuor
1181 5083 1364 5153 .llegg.
1389 5082 1442 5138 et
1480 5082 1575 5138 Or.
1610 5085 1678 5149 2,
1716 5083 1848 5137 ὑπό-

337 5172 420 5216 σν.

271 5180 456 5300 γυ(⁵211)
489 5227 599 5300 Καὶ
629 5228 716 5300 de.
744 5227 913 5300 Coisl.
945 5226 981 5278 2
1012 5232 1068 5279 et
1088 5224 1569 5300 90lllb.,nxil‘t_ctt§.

243 5325 250 5331 .
283 5374 294 5386 .
344 5292 776 5422 (ἰηιἎν-αδύς,
806 5297 1056 5364 Quinque
1088 5295 1281 5365 Regg.,
1316 5292 1482 5346 Coisl.
1517 5297 1552 5348 2
1582 5305 1633 5349 et
1678 5293 1853 5360 Pass.,

273 5391 373 5422 ανα
407 5389 466 5422 DE
493 5387 543 5422 ς.

273 5372 543 5432 ἀναδυείς.

369 5444 460 5496 ’281
506 5439 744 5508 Ὑγείας.
785 5439 839 5493 In
874 5433 1475 5508 quibusdant,_t'ty_ts_la_;.

369 5445 460 5496 '28)
506 5445 744 5508 Ὑγείας.
785 5445 839 5493 In
874 5445 1215 5505 quibuscum,
1243 5445 1475 5501 ῡγιειας.

343 5445 462 5584 (29)
515 5511 914 5584 [Επιστεύετο.
964 5505 1056 5584 _Sic
1083 5504 1190 5558 duo
1222 5505 1388 5559 Cois].
1421 5505 1476 5561 In
1501 5506 1598 5562 Or.
1641 5505 1694 5570 2,
1731 5505 1853 5558 ἐπί-

273 5579 486 5639 mm.
515 5580 571 5634 In
605 5583 716 5642 εει..
762 5579 1099 5634 ἐπιστεύετε.
1302 5623 1305 5625 ,

347 5650 945 5725 (50))Προσέπεμπεν.
982 5649 1148 5716 llegg.
1181 5645 1214 5700 d
1239 5651 1294 5699 et
1331 5647 1425 5717 ph,
1457 5647 1852 5720 προσέπιπτεν,

278 5742 304 5782 ι
335 5724 665 5794 procidebat.
700 5740 719 5773 ι

345 5789 462 5865 (31)
503 5793 693 5859 Αὐτός
727 5809 810 5846 τε.
853 5790 983 5864 Reg.
1022 5805 1072 5858 c,
1106 5789 1267 5857 αὐτός
1309 5805 1392 5860 γε.

1953 4689 2118 4743 Deum
2147 4687 2403 4752 dicerem,
2437 4686 2692 4740 adversus
2721 4698 2903 4754 quem,
2948 4691 3000 4738 et
3031 4681 3185 4751 cujus
3219 4694 3380 4756 causa
3408 4679 3522 4735 bel-

2022 4874 2132 4941 (32)
2169 4873 2405 4940 Τέλους.
2447 4873 2617 4941 Regg.
2655 4886 2683 4924 a
2721 4879 2774 4925 et
2807 4871 2896 4938 plt,
2924 4869 3096 4932 τέλος.

2170 4945 2244 5016 Ἢ
2265 4937 2511 5014 μετρίως
2534 4937 3032 5016 πεφιλοσόφηται.
3067 4957 3086 4990 ι
3117 4937 3223 4992 Aut
3247 4951 3352 4990 non
3374 4952 3522 5016 egre-

1956 5009 2042 5085 ﬁie
2073 5009 2665 5086 philosophatusestiz‘
2687 5023 2778 5066 aut
2821 5026 2926 5086 non
2966 5011 3040 5086 ita
3084 5021 3334 5086 magnam
3362 5009 3519 5086 eahi-

1957 5078 2471 5141 buit'constantiam.
2520 5101 2536 5133 ι
2572 5083 2772 5152 Agitur
2795 5083 2936 5152 enim
2966 5079 3058 5133 hic
3089 5093 3192 5132 non
3219 5078 3518 5152 deverbia,

1957 5158 2050 5210 sed
2083 5157 2150 5211 tle
2181 5155 2344 5209 animi
2374 5146 2695 5208 constantia.
2731 5151 2884 5207 Unde
2915 5166 3019 5204 non
3054 5157 3198 5204 recte
3220 5146 3342 5200 Bill.
3373 5164 3392 5197 ι
3431 5157 3521 5202 aut

1957 5243 2060 5285 non
2089 5228 2359 5295 sapienter
2389 5223 2660 5295 disseruit.
2699 5239 2718 5272 ι

2028 5287 2192 5366 (5ι1)”’
2205 5293 2572 5366 Υπαρχονᾼε
2601 5292 2753 5366 Ponti
2783 5290 3068 5366 prmleetus
3089 5297 3206 5345 erat
3236 5287 3520 5350 Eusebius,

1954 5362 2042 5436 qui
2070 5362 2642 5436 calumniisBasiliutn
2676 5362 2942 5436 iuttrebat.

2023 5435 2132 5506 (ὃς)
2167 5433 2492 5506 Προφάσει.
2527 5432 2694 5506 Regg.
2720 5432 3004 5506 bm_,ph_et
3029 5430 3122 5506 or.
3145 5426 3517 5506 2,-πρόςρασιν.

2025 5495 2134 5578 (56)
2187 5495 2548 5578 nitier
2575 5495 2748 5578 μὸῗοῖςι.Δ
2787 5495 3029 5578 Sié_tltto
3073 5495 3282 5563 Coisl.,'
3311 5497 3407 5551 0r.
3461 5495 3517 5560 2,

1952 5572 2128 5640 Pass;
2162 5587 2270 5647 etc.
2310 5576 2362 5628 ltt
2393 5575 2504 5647 ed.,
2536 5573 2610 5625 ἐῶ
2636 5573 2802 5647 τᾶλλα
2829 5572 3074 5647 καὶ-ᾆσα,
3096 5579 3205 5647 etc.
3255 5646 3261 5647 γ
3306 5635 3318 5647 ,

2026 5634 2136 5715 (57)
2175 5645 2352 5699 Τοῦτο
2382 5634 2552 5699 δώσω
2588 5643 2668 5710 τῷ
2710 5644 2887 5713 λόγῳ.
2931 5641 3054 5697 Haec
3079 5641 3270 5696 desunt
3306 5635 3358 5692 in
3385 5634 3521 5703 Reg.

1955 5719 1986 5774 d
2016 5727 2066 5772 et
2087 5716 2178 5772 0r.
2212 5717 2265 5771 2.
3137 5743 3140 5745 >
