4100 6276
549 245 653 303 567
1749 248 1809 305 S.
1845 248 2176 308 GBEGORII
2209 248 2551 311 THEOLOGI
3671 256 3788 315 568

550 362 656 417 lum
688 363 987 433 gerebatur.
1030 363 1182 432 Quod
1213 372 1410 430 autem,
1444 371 1498 421 et
1539 380 1683 431 eum,
1717 366 1807 437 qui
1842 369 2224 424 contumeliam
2261 368 2547 437 inferebat,
2582 370 2813 426 maxima
2865 371 3155 443 ignominia
3226 371 3430 439 all'ecit,
3497 383 3551 431 et
3621 387 3786 448 pugi-

553 453 657 509 lem
690 459 933 510 nostrum
976 469 1312 525 summopere
1346 457 1535 512 extulit
1569 458 1633 525 (si
1680 458 1839 514 modo
1869 474 2117 528 magnum
2156 460 2406 530 quiddam
2434 471 2488 516 et
2517 462 2789 517 excelsum
2818 462 3232 519 existimandum
3290 473 3374 521 est
3413 465 3783 538 philosophia.

551 555 608 601 et
638 544 797 614 hujus
836 545 993 600 laude
1032 545 1221 616 vulgus
1273 547 1519 617 anteire),
1576 549 1626 601 id
1656 550 1900 605 oratione
1933 565 2243 621 prosequar.

620 636 756 692 LVI.
794 635 1002 691 Mulieri
1038 638 1249 693 cuidam
1281 639 1611 708 amplissimo
1650 640 1765 694 loco
1818 650 1977 706 naue,
2015 659 2111 695 cu-
2140 647 2186 705 Α

2167 649 2186 705 ί
2285 643 2393 710 NG
2411 650 2439 698 '.
2494 644 2733 698 Γυναῖκά
2775 663 2896 700 τινα
2942 646 3047 700 τῶν
3100 646 3378 716 ἐπιφανῶν
3414 646 3472 714 ἐξ
3501 647 3692 719 ἀνδρὸς
3720 649 3786 720 οὐ

542 728 631 798 jus
666 729 890 782 maritus
925 728 1064 782 haud
1093 729 1300 797 pridem
1330 739 1573 786 extremo
1605 734 1727 786 vitae
1766 733 1850 785 die
1898 732 2109 788 functus

2210 734 2317 804 πρὸ
2363 734 2555 787 πολλοῦ
2589 735 2681 789 τὸν
2721 736 2832 805 βίον
2876 736 3262 798 ἀπολιπόντος,
3312 735 3471 800 ὁ-τοῦ
3524 735 3785 791 δικαστοῦ

550 818 690 885 erat,
718 819 914 890 iudicis
960 833 1200 874 asscssor
1231 821 1338 874 vim
1364 820 1658 886 «aﬂerebat,
1689 823 2015 890 invitumque
2043 825 2110 878 ad

2212 821 2463 893 σύνεδρος
2495 822 2776 887 ἐϐιάζετο,
2825 824 2962 895 πρὸς
3001 825 3176 893 γάμον
3210 824 3381 878 ἕλκων
3428 824 3782 889 ἀπαξιοῦσαν.

549 895 763 979 nuptias
799 911 1164 980 pertrahebat.
1190 909 1281 965 Illa
1314 921 1509 976 autem,
1545 929 1664 968 cum
1709 913 1849 967 nulla
1904 914 2125 968 ratione.

2223 913 2288 965 Ἦ
2323 914 2380 966 δὲ
2410 915 2510 967 οὐκ
2562 914 2799 985 ἔχουσα,
2854 916 3001 980 ὅπως
3050 916 3288 988 διαφύγῃ
3330 915 3425 987 τὴν
3467 918 3783 988 τυραννίδα,

548 998 691 1054 hanc
719 1000 825 1054 vim
867 999 1097 1069 ell‘ugere
1129 1009 1327 1069 posset,
1355 1001 1633 1056 consilium
1677 1002 1838 1069 capit,
1868 1017 1973 1056 non
2002 1017 2112 1056 ma-

2215 1000 2407 1073 βουλὴν
2443 990 2776 1073 βουλεύεται,
2822 1004 2882 1057 ού
2915 1003 3193 1075 τολμηρὰν
3225 1003 3424 1073 μᾶλλον
3463 1004 3497 1074 ἦ
3531 1007 3782 1076 συνετήν.

546 1088 682 1158 joris
715 1088 969 1151 audaciae,
1003 1103 1163 1158 quam
1209 1090 1502 1158 prudentiae
1531 1089 1762 1157 plenum.
1788 1090 1867 1145 Ad
1900 1107 2109 1147 sacram

2212 1093 2290 1162 Τῇ
2331 1093 2451 1163 ἱερᾷ
2501 1094 2748 1166 τραπέζῃ
2802 1094 3133 1164 προσφεύγει
3158 1132 3172 1157 ,
3226 1094 3322 1147 καὶ
3372 1093 3503 1147 Θεὸν
3548 1097 3786 1147 ποιεῖται

551 1178 749 1234 etenim
779 1193 1017 1233 mensam
1052 1178 1309 1249 confugit,
1369 1178 1643 1248 Deumque
1673 1181 1929 1235 adversus
1977 1184 2113 1238 hanc

2213 1185 2523 1254 προστάτην
2568 1183 2710 1237 κατά
2746 1185 2845 1254 τῆς
2878 1185 3141 1255 ἐπηρείας
3188 1183 3320 1255 (38).
3413 1185 3477 1236 Τί
3527 1179 3620 1238 οὖν
3672 1184 3786 1238 ἔδει

550 1268 798 1340 iniuriam
825 1279 1275 1341 prOpugnatorem
1323 1271 1422 1325 sibi
1464 1272 1701 1340 adoptat.
1762 1271 1898 1338 Quid
1931 1273 2111 1343 igitur,

2214 1275 2386 1324 ποιεῖν
2405 1311 2419 1335 ,
2448 1265 2492 1323 ὧ
2522 1271 2658 1342 πρὸς
2690 1271 2789 1342 τῆς
2820 1272 3047 1343 Τριάδος
3093 1273 3261 1342 αὐτῆς
3307 1273 3405 1343 (ἶν’
3435 1274 3571 1325 εἴπω
3602 1290 3653 1326 τι
3684 1274 3785 1326 καὶ

547 1378 646 1434 per
687 1362 1007 1427 Trinitatem
1040 1362 1243 1431 ipsam!
1304 1370 1363 1417 ut
1403 1361 1602 1418 forensi
1647 1377 1857 1432 quoque
1904 1364 2113 1418 dicendi

2213 1362 2503 1426 δικανικῶς
2555 1361 2756 1434 μεταξὺ
2780 1361 2889 1415 τῶν
2916 1362 3207 1433 έπαίνων)ί
3247 1363 3321 1434 μὴ
3366 1363 3447 1415 ὅτι
3490 1362 3578 1417 τὸν
3607 1362 3784 1433 μέγαν

547 1442 744 1523 genere
784 1453 1025 1507 nonnihil
1059 1454 1197 1508 inter
1222 1454 1404 1508 laudes
1446 1462 1585 1519 utar,
1637 1451 1934 1507 faciendum
1994 1452 2110 1520 fuit,

2214 1454 2491 1507 Βασίλειον
2512 1491 2526 1517 ,
2563 1453 2654 1506 καὶ
2688 1452 2798 1505 τῶν
2834 1453 3086 1505 τοιούτων
3120 1453 3290 1506 ἅπασι
3319 1453 3646 1523 νομοθέτην,
3683 1451 3782 1507 ἄλ·-

548 1561 657 1601 non
690 1545 810 1600 dico
854 1544 1043 1616 Magno
1100 1544 1320 1608 Basilio,
1376 1545 1466 1613 qui
1516 1544 1599 1601 his
1655 1546 1719 1601 de
1758 1546 1917 1600 rebus
1972 1548 2115 1614 leges

2214 1544 2302 1599 λον
2334 1544 2390 1598 δέ
2421 1561 2541 1598 τινα
2568 1544 2674 1597 τῶν
2705 1542 2835 1597 πολὺ
2872 1544 2989 1613 μετ’
3017 1545 3241 1608 ἐκεῖνον,
3299 1543 3449 1614 ίερέα
3490 1543 3546 1597 δὲ
3595 1545 3781 1614 om;

549 1649 763 1705 quoque
809 1635 1059 1691 omnibus
1126 1642 1406 1701 statuerat,
1438 1636 1530 1689 sed
1560 1635 1645 1690 alii
1692 1637 1921 1708 cuipiam
1962 1638 2117 1708 longe

2215 1636 2330 1689 Οὐκ
2353 1634 2759 1711 ἀντιποιεῖσθαι,
2784 1634 3049 1703 κατέχειν,
3072 1633 3365 1703 κήδεσθαι,
3391 1637 3545 1704 χεῖρα
3567 1633 3782 1704 ὀρέγειν

549 1725 639 1781 illo
674 1725 937 1791 inferiori,
984 1725 1140 1781 modo
1180 1731 1360 1779 tamen
1394 1724 1466 1779 sit
1491 1728 1793 1783 sacerdotio
1822 1730 2115 1797 prmditus?

2216 1727 2348 1781 Θεοῦ
2380 1725 2753 1797 φιλανθρωπίᾳ
2776 1764 2791 1788 ,
2817 1723 2912 1777 καὶ
2956 1723 3105 1793 νόμῳ
3142 1723 3219 1794 τῷ
3254 1724 3567 1793 τετιμηκότι
3590 1722 3783 1776 θυσια-

549 1815 684 1882 Quid
714 1813 877 1879 aliud,
910 1816 1095 1869 nisiut
1148 1829 1265 1870 eam
1300 1825 1587 1881 assereret,
1646 1817 1919 1883 retineret,
1971 1819 2114 1875 omni

2219 1819 2447 1890 στήρια;
2478 1818 2538 1870 ού
2571 1816 2748 1870 πάντα
2773 1815 2966 1886 δρᾶσαι
3014 1815 3108 1868 καὶ
3145 1815 3334 1869 παθεῖν
3360 1813 3613 1884 ἐθελῆσαι
3641 1813 3782 1886 πρό-

549 1921 678 1963 cura
713 1914 971 1970 tueretur,
996 1905 1089 1961 Dei
1117 1905 1435 1974 clementiae,
1470 1916 1524 1961 et
1547 1906 1673 1977 legi,
1712 1923 1830 1978 quae
1857 1909 2117 1967 altaribus
2161 1946 2164 1949 -

2162 1946 2164 1949 τ
2217 1928 2394 1983 τερον,
2421 1910 2457 1981 ἦ
2502 1926 2555 1962 τι
2606 1906 2992 1979 βουλεύσασθαι
3019 1907 3138 1959 κατ’
3182 1906 3349 1976 αὐτῆς
3392 1904 3781 1977 ἀπάνθρωπον,

547 1998 806 2052 honorem
842 1996 1022 2050 haberi
1081 1995 1252 2065 jubet,
1298 2011 1516 2052 manum
1564 1999 1884 2069 porrigeret,
1928 1989 2166 2057 omniaI

2165 1991 2183 2045 ἶ
2214 2003 2309 2057 καὶ
2332 2000 2659 2071 καθυϐρίσαι
2690 1998 2787 2069 μὲν
2816 1997 2913 2069 τὴν
2937 1996 3086 2067 ἱερὰν
3121 1994 3422 2067 τράπεζαν,
3450 1994 3784 2065 καθυϐρίσαι

548 2085 779 2156 denique
803 2086 954 2157 prius
985 2085 1184 2142 faceret
1235 2095 1291 2143 et
1314 2095 1607 2158 pateretur,
1648 2104 1807 2160 quam
1843 2098 1902 2145 ut
1948 2092 2108 2147 inhu-

2213 2093 2270 2147 δὲ
2297 2091 2395 2163 τὴν
2445 2090 2626 2145 πίστιν
2676 2089 2792 2160 μεθ’
2824 2082 2892 2158 ἦς
2950 2086 3187 2140 ἱκέτευεν
3216 2087 3360 2157 (59);
3414 2088 3529 2150 Οὐ,
3564 2086 3725 2156 φησὶν
3750 2087 3783 2139 ὁ

545 2179 763 2234 manius
790 2179 955 2233 ullum
992 2182 1248 2236 adversus
1293 2192 1412 2234 eam
1454 2179 1734 2235 consilium
1770 2181 1954 2252 iniret,
2005 2186 2109 2240 sic-

2214 2184 2367 2248 κενὸς
2412 2182 2524 2253 (40)
2577 2181 2857 2252 δικαστήςε
2944 2178 3079 2232 ἀλλ’
3130 2176 3420 2245 ἡττᾶσθαι
3466 2177 3582 2245 χρὴ
3626 2178 3783 2230 πάν.

547 2283 652 2339 que
694 2279 747 2325 et
787 2283 1030 2325 mensam
1064 2278 1484 2336 sacrosanctam,
1541 2278 1595 2326 et
1626 2270 1781 2327 tidem
1826 2274 1987 2330 etiam
2042 2274 2108 2329 il-

2212 2293 2320 2341 τας
2369 2275 2479 2347 (Η)
2538 2271 2648 2341 τῆς
2678 2271 2827 2341 ἐμῆς
2876 2270 3274 2335 δυναστείας,
3332 2268 3429 2321 καὶ
3484 2266 3783 2352 προδότας

546 2360 681 2423 lam,
709 2374 829 2414 cum
882 2373 988 2429 qua
1038 2360 1255 2431 supplex
1294 2368 1431 2426 erat,
1487 2361 1806 2417 contumelia
1840 2362 2110 2419 alliceret?

2213 2368 2490 2439 γενέσθαι
2544 2363 2937 2433 Χριστιανοὺς
2994 2360 3112 2415 τῶν
3168 2361 3399 2415 οἰκείων
3434 2358 3649 2428 νόμων.
3717 2359 3780 2412 Ὁ

552 2448 923 2521 Nequaquam,
956 2451 1125 2521 inquit
1151 2450 1622 2521 superbusjudex;
1666 2453 1755 2506 sed
1793 2469 1966 2508 omnes
2003 2456 2107 2509 im-

2216 2458 2314 2528 μὲν
2342 2456 2522 2527 ἐζήτει
2547 2456 2647 2527 τὴν
2683 2453 2883 2507 ίκέτιψ
2935 2454 2963 2505 ὁ
3019 2450 3063 2503 δ’
3111 2452 3287 2522 εἴχετο
3311 2447 3670 2520 κατακράτος.
3718 2448 3781 2501 Ὁ

546 2540 692 2606 peric
730 2556 841 2594 meo
878 2541 1077 2607 cedere,
1108 2558 1170 2596 ac
1207 2540 1531 2597 Christianos
1561 2541 1695 2612 leges
1727 2560 1849 2597 suae
1891 2544 2109 2612 prodere

2213 2544 2257 2597 δ’
2285 2542 2619 2614 ἐξεμαίνετο,
2665 2541 2761 2595 καὶ
2786 2540 2937 2603 τέλος
2964 2539 3170 2609 πέμπει
3208 2537 3358 2601 τινὰς
3383 2536 3489 2589 τῶν
3516 2536 3603 2589 ἐπ’
3625 2535 3780 2602 ὲξουυ

549 2636 773 2693 oportet.
815 2628 906 2684 llle
938 2630 1098 2699 igitur
1129 2630 1416 2701 supplicem
1448 2632 1797 2702 deposcebat;
1841 2633 1929 2688 hic
1962 2636 2105 2689 omni

2216 2635 2357 2698 σίας,
2403 2634 2495 2687 τὸν
2519 2630 2614 2686 τοῦ
2659 2631 2814 2699 ἁγίου
2843 2628 3191 2684 κοιτωνίσκον
3215 2626 3681 2698 ἐξερευνήσοντας,
3713 2625 3780 2679 οὐ

547 2718 601 2772 vi
643 2720 927 2775 retinebat.
965 2720 1055 2775 llle
1096 2737 1309 2777 rursum
1341 2720 1521 2777 furore
1551 2711 1869 2788 concitatur,
1897 2738 1961 2778 ac
1993 2738 2109 2778 ma-

2247 2725 2353 2779 ατὰ
2394 2724 2582 2796 χρείαν
2620 2722 2848 2793 μᾶλλον,
2880 2720 2914 2791 ἦ
2945 2719 3188 2791 ἀτιμίαν.
3256 2718 3321 2771 Τί
3350 2717 3561 2785 λέγεις;
3612 2712 3779 2769 Οἷκον
3860 2737 3866 2743 ·

550 2809 810 2879 gistratus
864 2812 1122 2881 quosdam
1178 2810 1360 2875 mittit,
1400 2812 1490 2881 qui
1529 2812 1717 2867 sancti
1744 2812 1845 2867 viri
1891 2813 2111 2869 cubicu-

2212 2816 2416 2871 ἐκείνου
2450 2813 2541 2869 τοῦ
2572 2810 2845 2879 ἀπαθοῦς,
2868 2810 2925 2864 ὃν
2951 2809 3061 2882 (ιε)
3082 2807 3428 2881 περιέπουσιν
3463 2805 3700 2874 ἄγγελοι,
3729 2796 3779 2871 ᾧ

549 2899 665 2954 lum
704 2910 1187 2970 perscrutarentur,
1213 2902 1517 2973 ignominiae
1548 2916 1711 2958 causa
1738 2900 1914 2972 potius
1943 2901 1994 2957 id
2024 2902 2108 2957 fa-

2212 2904 2306 2961 καὶ
2344 2902 2701 2976 προσϐλέπειν
2738 2900 2950 2953 ὖκνουσι
2978 2898 3089 2969 (45)
3116 2897 3369 2966 γυναῖκες
3393 2910 3408 2959 ;
3436 2894 3547 2946 Καὶ
3575 2892 3633 2944 ού
3659 2890 3780 2944 τοῦ·

547 2988 721 3056 ciens,
750 3005 909 3060 quam
943 2992 1083 3061 quod
1111 2991 1368 3062 ejusmodi
1420 2992 1711 3061 quidquam
1755 3005 1975 3047 necesse
2022 3005 2108 3046 es-

2210 3012 2272 3049 το
2306 2995 2496 3067 μόνον,
2529 2991 2662 3045 ἀλλὰ
2691 2990 2786 3043 καὶ
2820 2986 2982 3042 αὐτὸν
3004 2987 3253 3058 παρεῖναι
3275 2983 3373 3036 καὶ
3392 2980 3777 3048 ἀπολογεῖσθαι

547 3089 652 3137 aet.
685 3080 820 3148 Quid
848 3082 960 3137 ais?
1005 3082 1299 3137 Domumne
1335 3081 1499 3149 illius,
1542 3080 1634 3151 qui
1682 3081 1749 3137 ab
1793 3080 1937 3136 onmi
1987 3078 2108 3135 libi-

2212 3084 2450 3139 κελεύει*
2505 3082 2624 3136 οὐδὲ
2658 3080 2879 3153 ἡμέρως
2917 3078 3010 3133 καὶ
3062 3073 3456 3147 φιλανθρώπως
3481 3113 3497 3139 ,
3534 3070 3649 3124 ἀλλ’
3701 3070 3779 3133 ὡς

547 3173 691 3230 dinis
718 3181 862 3229 motu
885 3175 1022 3230 liber
1042 3183 1143 3243 est,
1161 3190 1317 3245 quem
1350 3174 1520 3245 angeli
1547 3174 1712 3245 812
1742 3171 2107 3243 complectun-

2211 3177 2308 3229 ἕνα
2355 3173 2460 3227 τῶν
2512 3172 2877 3243 κατακρίτων.
2950 3168 3060 3224 Καὶ
3109 3169 3137 3220 ὁ
3192 3166 3290 3237 μὲν
3333 3163 3442 3235 (44)
3472 3161 3693 3233 παρῆν·
3746 3160 3779 3212 ὁ

547 3275 663 3330 tur,
691 3278 846 3335 quem
882 3264 966 3319 vel
1012 3264 1182 3321 solum
1215 3264 1408 3319 intueri
1440 3263 1665 3319 femina:
1719 3260 2108 3317 reformidant?
2150 3336 2155 3337 γ

2212 3266 2269 3319 δὲ
2298 3264 2413 3337 (45)
2448 3262 2796 3335 προύκάθητο
2816 3302 2829 3327 ,
2863 3260 3050 3331 γέμων
3083 3255 3253 3328 θυμοῦ
3286 3255 3379 3309 κα)⁵
3410 3253 3774 3324 φρονήματος.

547 3354 658 3412 Nec
696 3371 762 3412 eo
790 3366 1098 3422 contentus,
1134 3357 1307 3427 ipsum
1362 3356 1579 3425 insuper
1632 3354 1837 3420 adesse,
1871 3361 1928 3410 et
1978 3367 2106 3408 cau-
2130 3336 2166 3395 ε

2155 3337 2174 3394 ἶ
2209 3336 2464 3428 Είστήκει
2495 3355 2551 3408 δὲ
2571 3395 2586 3421 ,
2620 3349 2730 3408 οἷον
2762 3356 2790 3406 ὁ
2822 3352 2952 3423 ἐμὸς
2992 3349 3196 3420 Ἰησοῦς
3220 3388 3233 3412 ,
3285 3346 3517 3402 Πιλάτου
3560 3341 3774 3413 κρίνον-

547 3461 664 3503 sam
698 3446 1069 3516 dicerejubet,
1103 3461 1279 3516 neque
1305 3446 1358 3501 id
1384 3445 1594 3516 placide
1633 3453 1689 3501 et
1737 3445 1990 3508 humane,
2021 3445 2114 3500 sed

2208 3466 2319 3512 τος.
2348 3449 2412 3501 Οἱ
2444 3446 2696 3517 κεραυνοὶ
2725 3444 2783 3497 δὲ
2807 3444 3060 3515 ἠμέλουν,
3088 3445 3121 3514 ἠ
3153 3442 3210 3494 δὲ
3241 3440 3333 3495 τοῦ
3364 3439 3497 3493 Θεοῦ
3533 3437 3779 3507 μάχαιρα

549 3537 702 3607 quasi
742 3552 903 3592 unum
934 3552 998 3592 ex
1030 3537 1118 3600 iis,
1146 3538 1236 3607 qui
1268 3536 1461 3605 capitis
1491 3534 1735 3591 damnati
1761 3544 1905 3591 sunt.
1938 3535 2118 3604 Atque

2212 3536 2523 3592 ὲστιλϐοῦτο
2569 3534 2649 3588 ἔτι
2687 3532 2831 3605 (46),
2880 3534 2973 3586 καὶ
3017 3530 3369 3585 ἁνεϐάλλετο“
3417 3529 3510 3583 καὶ
3536 3528 3597 3581 τὸ
3623 3526 3780 3590 τόξον

548 3627 666 3697 ipse
702 3626 917 3695 quidem
946 3611 1153 3679 aderat.
1203 3624 1297 3678 Ille
1348 3633 1526 3678 autem
1581 3623 1659 3677 ira
1699 3633 1754 3678 et
1809 3625 2117 3693 arrogantia

2217 3629 2509 3683 ὲνετείνετο
2541 3626 2672 3699 μὲν,
2718 3625 3000 3695 κατείχετο
3034 3624 3091 3676 δὲ
3118 3664 3132 3688 ,
3180 3626 3245 3693 τῇ
3300 3621 3554 3693 μετανοίᾳ
3587 3615 3778 3691 καιρὸν

549 3717 742 3786 plenus
769 3731 866 3786 pro
897 3716 1147 3771 tribunali
1179 3715 1417 3770 sedebat.
1448 3715 1638 3769 Stabat
1665 3713 1910 3780 Basilius,
1930 3730 2115 3783 quem-

1958 3730 2115 3783 [uem-
2219 3716 2530 3783 ύπανοῖγον.
2583 3715 2770 3777 Ὅστις
2798 3712 2907 3784 (47)
2938 3713 3002 3783 δὴ
3034 3711 3126 3764 τοῦ
3158 3710 3292 3764 Θεοῦ
3326 3710 3505 3782 νόμος.
3569 3724 3577 3732 ·

553 3806 838 3861 admodum
896 3804 1079 3861 Jesus‘
1114 3820 1283 3870 meus,
1318 3804 1487 3861 Pilato
1542 3804 1835 3872 iudicante.
1894 3805 2301 3861 Cunctabantur
2331 3821 2493 3878 porro
2518 3805 2759 3874 fulmina,
2794 3805 2997 3875 Deique
3025 3804 3234 3876 gladius
3261 3803 3438 3857 adhuc
3486 3796 3779 3856 exacueba-

555 3909 661 3965 tur,
724 3906 789 3961 et
810 3896 1191 3962 diﬂ‘erebatur;
1245 3911 1405 3951 arcus
1466 3910 1681 3965 quoque
1750 3898 1822 3952 ita
1870 3898 2317 3964 contendebatur,
2376 3905 2435 3953 ut
2499 3907 2677 3953 tamen
2738 3896 3084 3961 retineretur,
3144 3893 3467 3963 paenitentia:
3518 3890 3767 3945 videlicet

552 4001 765 4060 tempus
794 4004 857 4043 ac
902 3989 1073 4043 locum
1102 3990 1367 4060 aperiens.
1409 3988 1518 4044 lloc
1569 3990 1711 4044 enim
1768 3990 1906 4057 apud
1962 3988 2130 4044 Deum
2169 3990 2224 4044 in
2256 4003 2406 4045 more
2436 3999 2598 4059 atque
2626 4004 2727 4045 usu
2772 3988 3007 4059 positum
3061 3997 3161 4042 est.

625 4101 780 4157 LVII.
818 4101 929 4172 Age
962 4115 1111 4169 vero,
1144 4100 1365 4157 alterum
1401 4087 1761 4172 persecutoris
1804 4111 1859 4157 ct
1906 4101 2119 4158 athletae

2284 4102 2421 4156 NZ'.
2501 4101 2691 4176 Ἀθρει
2750 4103 2813 4174 δὴ
2870 4102 3046 4173 πάλην
3098 4101 3288 4171 ἑτέραν
3345 4097 3640 4169 ἀγωνιστοῦ
3687 4097 3778 4151 καὶ

553 4205 825 4252 certamen
885 4205 1087 4264 specta.
1126 4195 1215 4248 llle
1267 4194 1485 4264 pallium
1540 4194 1748 4251 detrahi
1800 4203 1854 4250 ct
1893 4194 2120 4250 lacerari

2214 4193 2461 4249 διώκτου.
2504 4194 2577 4248 Τὸ
2606 4195 2979 4267 περιαυχένιον
3001 4194 3165 4266 ῥάκος
3198 4191 3581 4260 σφενδονᾶσθαι
3609 4207 3777 4261 προσ-

547 4288 809 4357 jubebat;
850 4287 992 4343 iste:
1030 4285 1235 4342 Exuam
1281 4298 1550 4355 prwterea,
1599 4288 1645 4341 si
1679 4288 1752 4340 ita
1777 4286 1933 4348 lubet,
1966 4285 2119 4339 etiam

2217 4284 2438 4340 έταττεν
2458 4303 2472 4315 ’
2519 4288 2546 4339 ὁ
2576 4287 2653 4352 δὲ,
2716 4284 3262 4356 Προσαποδύσομαί
3290 4283 3399 4355 (48)
3430 4297 3525 4336 σοι
3549 4323 3563 4344 ,
3592 4281 3775 4352 φησὶν,

552 4379 803 4433 tunicam.
849 4378 942 4433 Ille
972 4393 1112 4441 eum,
1148 4378 1236 4445 qui
1275 4377 1453 4432 carnis
1482 4390 1673 4447 expers
1704 4384 1841 4440 erat,
1866 4358 2121 4430 verbera-

2216 4379 2265 4430 εί
2298 4377 2515 4442 βούλει
2542 4418 2557 4443 ,
2596 4380 2693 4433 καί
2722 4378 2788 4432 τὸ
2823 4380 3111 4448 χιτώνιον.
3188 4360 3425 4429 Τύπτειν
3447 4373 3658 4444 ἠπείλει
3687 4372 3776 4425 τὸν

552 4478 737 4526 turum
770 4485 829 4525 se
855 4470 1158 4525 minabatur
1190 4487 1204 4522 :
1251 4470 1352 4523 iste
1375 4483 1568 4539 corpus
1593 4467 1957 4524 submittebat.
2008 4466 2117 4534 Ille,

2215 4468 2454 4541 ἀσαρκον
2478 4486 2491 4498 ·
2527 4471 2555 4522 ὁ
2592 4468 2648 4523 δὲ
2686 4469 2984 4523 ύπέκυπτε.
3038 4468 3188 4520 Ξέειν
3217 4466 3327 4536 (49)
3366 4468 3479 4529 τοῖς
3510 4463 3717 4528 ἆνυξινο
3749 4465 3778 4516 ὁ

549 4577 610 4618 se
643 4562 854 4633 ungulis
884 4564 1274 4625 laccraturum;
1308 4562 1476 4615 atiste
1502 4579 1514 4614 :
1541 4559 2122 4629 Ilujusmodilaniatio-

2214 4559 2291 4624 δὲ,
2325 4558 2665 4628 Ἰατρεύεις,
2704 4558 2867 4630 φησὶ,
2902 4559 2966 4611 τὸ
2996 4553 3178 4628 ἧπαρ,
3219 4554 3361 4624 ὁρᾷς
3389 4555 3547 4621 ὅπως
3568 4572 3644 4624 με
3676 4572 3778 4609 καρ

552 4668 639 4723 ne,
662 4653 856 4722 inquit,
899 4653 1206 4707 medicinam
1255 4652 1427 4719 hepati
1462 4652 1671 4721 afferes,
1699 4666 2027 4723 magnopere,
2065 4657 2122 4704 ut

2216 4651 2513 4721 τατρύχον
2556 4652 2681 4721 τοῖς
2729 4651 3013 4717 τοιούτοις
3049 4649 3385 4719 θεραπεύων
3409 4647 3517 4718 (50)
3547 4645 3776 4716 σπαρὰ-

623 4868 736 4941 (58)
775 4870 1107 4941 Ἐπηρειάς.
1133 4868 1222 4924 Sic
1249 4870 1425 4940 plures
1447 4870 1639 4941 Regg.,
1666 4867 1761 4923 0r.
1786 4868 1821 4922 2
1843 4879 1896 4925 et
1920 4869 2109 4927 Comb.
2138 4836 2191 4897 Β

2084 4894 2109 4926 ι.
2138 4836 2191 4897 Ῑ)
2284 4872 2396 4937 (ιι)
2420 4871 2589 4941 Καιδ
2612 4869 2744 4939 μέν.
2779 4868 2869 4941 Sic
2895 4868 3026 4941 neg.
3060 4868 3153 4941 ph.
3186 4867 3352 4941 Deest
3378 4864 3469 4941 καί
3499 4864 3547 4916 ἰη
3580 4864 3703 4941 edit.

549 4932 1075 5013 ιηῖεξίέἐνξῖτειβείαςέ
1134 5008 1165 5013 _
1249 4932 1263 4940 ’
1384 5012 1390 5013 ,
1447 5010 1456 5013 _
1531 4932 1633 4941 w

2284 4932 2395 5013 (45)
2434 4943 2485 4993 '0
2515 4932 2724 5013 δέ.ᾟὶλο
2754 4938 2862 5013 tres
2883 4932 3082 5013 ΔΠρηξῖςᾷ
3108 4936 3270 4991 Coisl.
3296 4935 3352 4997 2,
3382 4934 3601 5004 Chrys.,
3631 4932 3774 4998 Pan,

627 5009 739 5077 (39)
788 5007 1090 5064 Ἱκέτευεν.
1134 5008 1266 5077 Reg.
1294 5025 1344 5075 c,
1380 5010 1671 5064 ἱκέτευσεν.
2213 5024 2242 5065 e

1297 5025 1344 5075 c,
1380 5010 1671 5064 ἱκέτευσεν.
2213 5007 2318 5065 etc.
2354 5007 2520 5066 Prave
2551 5013 2601 5064 in
2634 5010 2744 5074 ed.,
2776 5007 2916 5061 οὐδέ.

625 5079 737 5162 (49)
777 5079 983 5162 Κενός.
1034 5076 1329 5162 «‘Vaniis..
1361 5099 1379 5131 ι
1432 5079 1520 5135 Sic
1575 5082 1739 5151 liegg.
1781 5096 1829 5146 c,
1872 5082 1976 5151 ph,
2011 5083 2115 5137 duo

2440 5083 2589 5162 ⁸ξιξτι.
2618 5079 2762 5162 Βρςὲ
2794 5079 2860 5145 ph
2902 5076 3189 5162 aildil,_1le‘.
3250 5142 3284 5162 ο
3358 5142 3561 5162 mu“
3662 5141 3751 5162 ut:

556 5141 746 5222 Coislﬁ,
785 5159 885 5222 etc.
927 5141 1139 5222 ln_ed.,
1179 5150 1433 5222 xatv6;,_e
1473 5141 1723 5222 novus”)
1802 5141 1826 5222 γ’
1874 5141 1972 5222 ’ψ’

2286 5141 2399 5222 (47)
2445 5153 2669 5222 Ὅστις.
2701 5141 2857 5217 “Reg.
2900 5148 2989 5201 bm
3034 5156 3087 5200 et
3118 5148 3210 5201 0r.
3250 5142 3306 5207 2,
3358 5142 3588 5211 Ὂσπερ.
3650 5141 3771 5206 Alii,

628 5218 741 5294 (ιι)
763 5219 893 5294 ᾂρῂ
936 5218 1184 5294 miserae.
1234 5220 1343 5294 Sic_.
1388 5220 1550 5294 Regg.
1603 5221 1712 5285 bm,
1741 5221 1853 5294 ph,
1894 5220 2111 5294 Chrys,
2212 5222 2247 5275 ἄ

2212 5218 2398 5294 ὥσπερ
2426 5231 2473 5271 et
2504 5221 2657 5290 ὅπερ.
2726 5287 2783 5294 Δ.
3048 5284 3061 5294 _
3689 5280 3739 5294 Μ

556 5280 735 5346 (Σοῖειί
757 5280 831 5351 2(
857 5280 949 5345 Or.
990 5288 1044 5349 2.
1075 5280 1193 5343 Par.
1223 5300 1271 5342 et
1314 5280 1654 5345 Pass."l)eest
1681 5280 1886 5353 πάντας
1938 5280 2111 5345 in'cd.

2283 5280 2394 5358 (48')
2431 5280 2994 5357 Προσὰποδύσομαι.
3046 5284 3099 5338 lu
3144 5282 3430 5346 nonnullis,
3479 5280 3777 5334 συναποδύ-

626 5361 757 5439 (42)
785 5360 1088 5425 Ἁπαθσῦς,
1117 5360 1206 5413 ὄν.
1243 5359 1332 5414 Sic
1362 5361 1515 5414 codd.
1552 5362 1719 5417 l’ruve
1744 5365 1797 5417 in
1838 5362 1947 5423 eJ.,
1977 5360 2117 5412 ἀπα·
2216 5378 2245 5413 σ

1584 5360 2117 5423 ’νιιγθὶίιεά.,ὰπα-
2216 5378 2498 5439 σομᾳξεη,
2645 5426 2679 5439 Α
2761 5427 2793 5439 Α
2864 5426 2944 5439 ,η
3039 5422 3053 5439 ι
3149 5421 3203 5439 ρο

553 5421 697 5495 θοῦς.
721 5421 779 5484 ’6.
1045 5421 1057 5425 ⁷
1935 5421 1940 5423 ’
2034 5497 2049 5499 _

1935 5421 1940 5423 ’
2034 5497 2049 5499 _
2280 5421 2398 5499 ’(49)
2428 5429 2612 5483 Ξέειν.
2640 5426 2733 5483 Or.
2761 5427 2797 5481 2
2820 5435 2881 5499 et
2907 5422 3119 5499 Comi);
3145 5421 3291 5499 ξύει)

621 5487 753 5573 (ὦ)
782 5502 1087 5573 Ὄκννουσι.
1147 5519 1176 5573 ι
1215 5501 1507 5573 Verentur,
1548 5516 1650 5573 non
1696 5502 1910 5573 audent.
1936 5518 1967 5573 _)
2027 5497 2119 5553 Sic
2222 5571 2234 5573 _

2222 5571 2234 5573 _
2282 5487 2394 5569 (50)
2421 5499 2787 5573 Θεραπεύων.
2819 5497 3003 5551 Plures
3027 5487 3216 5563 Regg.,
3244 5492 3336 5548 0r.
3354 5492 3408 5557 ἓ,
3426 5491 3574 5548 Puta.
3599 5487 3772 5551 Pass.,

551 5567 853 5643 Begg.'bm.
887 5572 977 5643 ph,
1014 5573 1116 5643 duo
1138 5570 1325 5643 cois!”
1364 5569 1457 5626 0r.
1488 5570 1726 5643 2,_Par.,
1754 5567 1885 5639 Jes.,
1936 5569 2114 5631 Puss.,

970 5612 977 5634 ,
1014 5573 1116 5643 duo
1138 5570 1325 5643 Goislp
1364 5569 1457 5626 0r.
1488 5570 1726 5643 2,_Par.,
1754 5567 1885 5639 Jes.,
1936 5569 2114 5631 Pass.,
2214 5567 2589 5643 θεραπεύσεις.

550 5640 761 5708 ϐῶκα,
790 5640 897 5699 etc.
932 5640 987 5697 lu
1019 5642 1130 5709 ed.,
1161 5640 1388 5702 οἰκοῦσι,
1435 5660 1453 5693 ς
1489 5641 1749 5695 habitant.
1782 5660 1800 5691 ι
