4100 6276
302 270 401 328 56]
1172 285 1431 371 ORATIO
1466 291 1652 349 XLIII.
1685 318 1755 337 -ι
1793 295 1860 349 ΙΝ
1901 297 2185 355 LAUDEM
2226 302 2469 359 BASILII
2511 306 2743 363 MAGNI.
3450 311 3554 367 570

299 408 545 497 ῖμαξτιῖ.
715 394 813 497 μὲν
834 391 946 497 ⁸οὖν
973 400 1030 453 ὲν
1064 403 1272 469 τούτοις
1300 402 1459 489 ἦσαν.
1528 410 1595 463 Ἢ
1621 410 1678 464 δὲ
1704 412 1878 476 πόλις,
1913 462 1918 475 ,

1933 420 1955 475 t
1987 417 2146 481 vides,
2172 434 2251 471 me
2277 423 2554 491 prementi.
2581 424 2756 491 A'que
2808 423 2858 478 hi
2895 425 3107 493 quidem
3140 424 3193 479 in
3242 426 3331 483 his
3377 434 3552 483 erantt

298 481 376 545 ὡς
402 481 601 552 ᾔσθετο
630 484 740 555 (51)
768 485 863 539 τοῦ
896 489 1067 543 κακοῦ
1093 531 1107 554 ,
1163 495 1257 547 καὶ
1296 481 1410 549 “rei;
1436 500 1616 560 κοινοῦ
1663 500 1877 555 πάντων

302 572 547 603 υ...ἒ.ἲ..λη
596 576 860 603 l..l..§....-..
914 579 1019 603 μὶ.-
1064 582 1160 603 νηί.
1180 601 1201 603 _
1346 588 1360 603 ι
1509 589 1535 599 -ι
1631 592 1641 603 .
1724 592 1788 603 ...-

1981 506 2187 562 Civitas
2235 519 2447 577 autem,
2498 514 2658 567 simul
2714 524 2872 584 alque
2925 516 3226 603 huiusmodi
3274 517 3469 572 malum
3492 534 3555 574 ac

302 572 548 626 κινδύνου
596 576 860 643 (κίνδυνον
914 579 1022 651 γὰρ
1064 582 1294 648 ἕκαστος
1341 588 1537 642 ἑαυτοῦ
1590 592 1693 662 τὴν
1724 592 1878 665 ὓϐριν

1985 612 2271 655 commune
2302 603 2596 669 periculum
2634 607 2850 660 rescivit
2881 584 3199 677 (perieulum
3225 612 3365 663 enim
3397 625 3551 664 suum

299 665 503 733 ταύτην
529 665 641 735 (52)
666 666 933 740 ἐνόμιζεν)
956 710 970 735 ,
998 673 1317 743 ὲκμαίνεται
1347 680 1497 733 πᾶσα
1524 683 1617 734 καὶ
1643 684 1878 739 ἀνάπτε-

1981 691 2212 759 quisque
2240 692 2407 761 ipsius
2440 697 2821 752 contumeliam
2859 714 2978 753 esse
3021 700 3406 771 existimabat),
3443 711 3549 756 tota

299 771 425 809 ται’
461 758 556 810 καὶ
602 759 679 821 ὡς
707 761 912 814 καπνοῦ
961 765 1165 836 σμῆνος
1190 767 1300 839 (55)
1326 772 1678 842 κινήσαντος,
1726 775 1879 840 ἄλλος

1980 779 2163 836 furore
2210 784 2519 851 corripitur,
2569 798 2728 858 atque
2769 790 3103 856 incenditur;
3161 807 3242 853 ac,
3274 792 3422 846 velut
3466 793 3550 846 fu-

301 849 389 900 ἐπ’
428 849 582 919 ἄλλῳ
603 851 928 923 διεγείρεται
958 857 1052 909 καὶ
1083 858 1388 923 ἀνίσταται,
1410 862 1565 931 γένος
1588 865 1753 931 ἅπαν,
1786 867 1880 921 καὶ

1980 884 2071 927 mo
2112 887 2271 942 apum
2305 890 2528 931 examen
2567 890 2830 946 movente,
2865 884 3105 937 certatim
3155 898 3343 939 omnes
3379 887 3554 954 cujus-

299 940 491 1009 ήλικία
502 944 672 1006 πᾶσα,
696 945 745 997 οἳ
768 946 895 1016 περὶ
916 946 1014 1018 τήν
1036 948 1462 1023 ὀπλοποιητικὴν
1488 956 1583 1008 καὶ
1612 956 1878 1025 βασίλειον

1980 966 2108 1021 libet
2160 967 2374 1036 generis
2398 976 2563 1037 atque
2599 972 2772 1027 aetatis
2797 972 3098 1027 excitantur
3135 985 3189 1027 et
3233 986 3550 1046 exsurgunt,

300 1033 653 1104 ἱστουργικὴν
697 1035 933 1105 μάλιστα
1011 1039 1122 1093 Καὶ
1155 1041 1263 1114 γάρ
1288 1046 1393 1096 είσι
1426 1046 1552 1117 περὶ
1588 1047 1655 1100 τὰ
1698 1049 1881 1102 τοιαῦ-

1980 1072 2044 1113 ac
2084 1059 2380 1128 prmsertim
2422 1076 2694 1116 armorum
2719 1063 2961 1132 opilices,
2986 1065 3420 1135 imperatoriique
3447 1078 3553 1122 tex-

297 1140 366 1176 τα
397 1124 512 1195 (54)
540 1124 892 1198 θερμότεροι,
946 1129 1131 1215 καὶτὸ
1176 1131 1380 1203 τολμᾷν
1419 1135 1485 1188 ὲκ
1522 1136 1625 1207 τῆς
1668 1141 1881 1211 παρρη-

1984 1159 2148 1205 tores.
2175 1150 2308 1205 Nam
2335 1153 2388 1207 hi
2421 1154 2471 1206 in
2498 1154 2799 1224 huiusmodi
2828 1156 2987 1210 rebus
3016 1157 3366 1212 ferventiores
3401 1166 3548 1223 sunt,

299 1213 422 1276 σίας
457 1214 693 1283 ἔχοντες.
748 1217 858 1270 Καὶ
888 1218 997 1271 πᾶν
1037 1213 1104 1290 ἦν
1138 1220 1301 1273 ὅπλον
1342 1222 1558 1296 ἑκάστῳ
1579 1267 1593 1287 ,
1622 1228 1683 1280 τὸ
1707 1229 1881 1299 παρὸν

1984 1249 2166 1310 atque,
2194 1240 2263 1295 ob
2295 1213 2598 1297 libertatem
2634 1259 2697 1299 ac
2729 1244 2997 1299 licentiam
3032 1260 3136 1315 qua
3186 1247 3452 1311 fruuntur,
3484 1246 3552 1300 ad

299 1309 363 1360 ὲκ
390 1309 492 1377 τῆς
522 1309 735 1379 τέχνης,
768 1312 877 1364 εἴτε
920 1330 973 1365 τι
1012 1312 1140 1367 ἄλλο
1163 1316 1239 1386 τῷ
1273 1318 1451 1388 καιρῷ
1478 1320 1629 1390 τύχοι
1662 1320 1879 1391 σχεδια-

1982 1332 2289 1387 audendum
2352 1337 2676 1404 paratiores.
2725 1336 3025 1406 Unicuique
3075 1354 3231 1405 porro
3292 1338 3377 1392 teli
3435 1338 3551 1392 loco

302 1400 451 1453 σθεν.
480 1402 546 1453 Αἱ
580 1401 735 1472 δᾷδες
757 1403 817 1457 ὲν
838 1403 1025 1474 χερσὶν
1044 1442 1061 1471 ,
1087 1407 1138 1459 oi
1170 1407 1310 1462 λίθοι
1335 1410 1787 1483 προϐεϐλημένοι,
1812 1414 1883 1467 τὰ

1982 1433 2121 1487 erat,
2162 1422 2247 1477 vel
2295 1426 2435 1493 quod
2473 1442 2560 1481 ars
2609 1427 2887 1493 offerebat,
2920 1429 2998 1483 vel
3036 1431 3173 1497 quod
3230 1431 3279 1482 in
3328 1445 3382 1482 re
3417 1443 3552 1496 prat-

300 1494 516 1565 ρόπαλα
542 1495 803 1567 εὐτρεπῆ,
835 1497 1036 1568 δρόμος
1058 1500 1313 1555 ἁπάντων
1342 1499 1443 1567 εἷς,
1473 1503 1568 1576 βοὴ
1604 1506 1721 1576 μία,
1755 1524 1882 1577 προ-

2015 1512 2122 1565 enti
2177 1515 2522 1588 tumultuarie
2579 1518 2907 1572 confecerat.
2967 1494 3138 1572 Faces
3172 1519 3224 1571 in
3285 1518 3550 1581 manibus,
3626 1582 3629 1586 Α

297 1584 468 1656 θυμία
493 1589 671 1658 κοινή.
706 1587 890 1658 Θυμὸς
910 1629 924 1653 ,
970 1591 998 1643 6
1030 1591 1202 1656 δεινὸς
1230 1594 1454 1666 ὁπλίτης
1473 1637 1488 1660 ,
1519 1596 1552 1667 ἢ
1579 1596 1690 1669 (55)
1715 1614 1882 1669 στρα-

1983 1618 2134 1667 saxa,
2195 1604 2361 1661 fustes
2420 1608 2474 1661 in
2535 1616 2804 1677 promptu,
2852 1623 2990 1662 unus
3049 1608 3287 1662 omnium
3340 1622 3550 1674 cursus,

295 1678 485 1747 τηγὸς.
557 1679 691 1733 Οὐδὲ
714 1684 983 1748 γυναῖκες
1026 1684 1217 1737 ἄοπλοι
1246 1687 1546 1757 τηνικαῦτα
1569 1727 1584 1753 ,
1630 1689 1723 1742 τοῦ
1757 1706 1880 1742 και-

1937 1760 1942 1762 _
1986 1711 2124 1751 unus
2152 1697 2377 1762 clamor,
2411 1699 2717 1753 communis
2768 1698 3068 1753 animorum
3125 1699 3373 1753 alacritas
3414 1715 3427 1751 :
3473 1698 3556 1752 fu-

297 1769 394 1841 ροῦ
426 1769 720 1839 θήγοντος·
752 1774 934 1844 μελίαι
962 1775 1006 1827 δ’
1027 1773 1168 1846 ἦσαν
1195 1778 1386 1842 αὐταῖς
1427 1782 1481 1832 αί
1508 1780 1756 1852 κερκίδες
1778 1798 1791 1813 ·
1820 1783 1875 1836 αἳ
1915 1808 1916 1811 η

1935 1760 1955 1814 ³
1987 1804 2098 1855 ror,
2132 1788 2284 1843 miles
2349 1790 2662 1857 vehemens,
2694 1790 2805 1845 imo
2850 1790 2971 1844 belli
3009 1792 3133 1844 dux.
3192 1791 3268 1843 Ne
3300 1790 3554 1845 mulieres

292 1862 417 1915 οὐδὲ
449 1867 708 1931 γυναῖκες
738 1865 930 1935 έμενον
957 1866 1035 1920 ἔτι
1057 1908 1074 1933 ,
1119 1866 1197 1937 τῷ
1236 1865 1380 1939 ζήλῳ
1413 1869 1704 1941 ῥωσθεῖσαι
1731 1910 1746 1934 ,
1782 1874 1878 1927 καὶ

1988 1880 2206 1949 quidem
2245 1891 2371 1936 tunc
2406 1882 2663 1951 temporis
2694 1882 2927 1937 inermes
2964 1892 3136 1943 erant,
3173 1882 3271 1937 hac
3299 1882 3554 1936 nimirum

294 1955 377 2017 είς
410 1954 626 2025 ἀνδρῶν
660 1954 772 2027 (56)
808 1956 1007 2027 Θάρσος
1040 1957 1148 2029 (57)
1189 1961 1704 2031 μεταλλαττόμεναι.
1739 1963 1880 2033 Βρα-

1985 1972 2271 2026 occasione
2315 1967 2533 2025 animos
2579 1986 2766 2026 earum
2820 1981 3142 2037 exacuente;
3201 1970 3334 2023 radii
3374 1980 3551 2041 autem

295 2043 396 2113 χὺς
447 2043 478 2096 6
515 2042 705 2111 λόγος’
767 2045 1089 2117 μερίζεσθαι
1123 2049 1222 2118 τὴν
1256 2049 1535 2103 εὐσέϐειαν
1568 2049 1769 2122 ᾤοντο,
1828 2055 1877 2107 εί

1985 2061 2116 2131 ipsis
2154 2063 2435 2117 hastarum
2467 2062 2587 2117 loco
2624 2072 2809 2131 erant;
2855 2065 2983 2129 imo,
3025 2077 3125 2115 nec
3157 2061 3406 2115 mulieres
3443 2062 3552 2127 jam

293 2134 486 2188 τοῦτον
516 2135 807 2190 διέλοιντο’
838 2139 933 2190 καὶ
964 2134 1117 2202 οὗτος
1148 2141 1332 2204 αὐτοῖς
1368 2142 1752 2215 εὐσεϐέστερος
1786 2139 1875 2216 ἦν,

1986 2154 2300 2218 manebant,
2336 2156 2534 2224 quippe
2559 2170 2695 2224 quas
2724 2155 2870 2210 zelus
2901 2154 3227 2215 roborasset,
3274 2162 3437 2220 atque
3484 2152 3550 2203 ad

294 2225 354 2291 ὃς
381 2226 605 2298 πρῶτος
628 2228 875 2308 ἑπιϐαλεί
896 2233 1051 2302 χεῖρα
1077 2230 1156 2302 τῷ
1180 2232 1421 2304 τολμητῇ
1453 2234 1561 2287 τῶν
1595 2234 1875 2290 τοιούτων.

1982 2253 2190 2309 virilem
2255 2253 2622 2307 fortitudinem
2678 2250 2952 2320 animique
2989 2248 3407 2318 magnitudinem
3450 2256 3552 2299 tra-

294 2318 362 2370 Τί
386 2314 484 2372 οὖν
507 2321 537 2373 6
569 2320 801 2391 σοϐαρὸς
835 2320 947 2391 (58)
978 2322 1185 2386 ἐκεῖνος
1213 2322 1308 2374 καὶ¹
1346 2322 1551 2394 θρασὺς
1582 2324 1877 2398 δικαστής;

1984 2346 2244 2400 duxisset.
2278 2344 2414 2411 Quid
2450 2343 2653 2413 plura?
2698 2341 2958 2397 Pietatem
2994 2355 3180 2396 omnes
3229 2340 3302 2393 ita
3338 2338 3551 2391 demum

306 2411 517 2483 Ἱκέτης
546 2407 636 2483 ἦν,
664 2412 915 2477 ἐλεεινὸς,
950 2413 1151 2480 ἄθλιος,
1202 2416 1345 2481 τίνος
1370 2417 1430 2469 οὐ
1459 2418 1875 2489 ταπεινότερος;

1985 2437 2126 2492 inter
2158 2451 2217 2491 se
2253 2437 2550 2505 partitnros
2581 2438 2896 2502 censebant,
2949 2434 2991 2489 si
3035 2435 3209 2503 ipsum
3257 2432 3555 2487 dividerent

292 2504 399 2568 ἕως
434 2504 721 2573 ἐπιφανεὶς
751 2507 780 2559 6
812 2506 981 2577 χωρὶς
1022 2508 1251 2578 αἵματος
1292 2509 1502 2580 μάρτυς
1522 2549 1539 2574 ,
1582 2512 1677 2564 καὶ
1708 2512 1879 2583 χωρὶς

1985 2541 2048 2582 ac
2076 2504 2482 2596 discerperent;
2533 2535 2697 2595 atque
2740 2525 2786 2581 is
2841 2524 3097 2594 majorem
3135 2521 3274 2590 apud
3321 2534 3415 2574 eos
3442 2517 3555 2585 pie-

295 2595 524 2665 πληγῶν
583 2598 908 2669 στεφανίτης
931 2638 945 2663 ,
1001 2600 1096 2652 καὶ
1132 2599 1225 2672 βίᾳ
1278 2600 1370 2654 τὸν
1409 2602 1532 2657 λαὸν
1586 2602 1878 2675 κατασχὼν

1985 2617 2113 2671 tatis
2166 2595 2381 2671 laudem
2438 2617 2716 2672 habiturus
2768 2615 3072 2679 videbatur,
3105 2612 3194 2681 qui
3245 2610 3449 2681 primus
3496 2606 3551 2660 in

216 2759 220 2763 _
295 2690 437 2744 αἰδοῖ
470 2690 844 2761 κρατηθέντα,
882 2692 972 2745 τὸν
1002 2694 1186 2765 ίκέτην
1219 2693 1414 2749 ἑαυτοῦ
1450 2696 1562 2767 (59)
1590 2698 1683 2751 καὶ
1722 2697 1835 2770 ὕϐρι

1983 2724 2129 2773 eum,
2161 2708 2253 2778 qui
2294 2717 2500 2763 tantum
2565 2708 2776 2763 facinus
2812 2719 3095 2777 aggressus
3128 2710 3289 2767 esset,
3333 2712 3552 2754 manum

298 2782 431 2853 στὴν
461 2782 773 2837 διεσώσατο.
860 2784 1042 2839 Ταῦτα
1067 2788 1095 2839 6
1118 2785 1228 2841 τῶν
1258 2787 1429 2856 ἁγίων
1457 2787 1621 2854 Θεὸς,
1650 2791 1679 2843 ὁ
1708 2790 1878 2843 ποιῶν

1984 2802 2275 2872 iniecisset.
2298 2800 2433 2868 Quid
2456 2801 2619 2871 igitur
2642 2800 2807 2870 813
2830 2799 3002 2853 audax
3034 2797 3122 2850 ille
3143 2805 3197 2849 et
3215 2794 3449 2849 insolens
3470 2790 3554 2858 ju-

296 2877 477 2929 πάντα
528 2878 623 2931 καὶ
675 2878 1096 2947 μετασκευάζων
1145 2880 1238 2933 ἐπὶ
1282 2880 1342 2934 τὸ
1388 2879 1634 2951 βέλτιον,
1687 2884 1718 2936 6
1764 2884 1880 2947 τοῖς

1984 2892 2126 2948 dex?
2160 2892 2395 2962 Supplex
2423 2902 2560 2956 erat,
2595 2890 2938 2955 miserabilis,
2969 2887 3336 2949 calamitosus,
3365 2880 3554 2951 quovis

295 2970 670 3041 ὑπερηφάνοις
698 2971 1174 3042 ἀντιτασσόμενος,
1201 2977 1476 3038 ταπεινοῖς
1502 2974 1558 3027 δὲ
1588 2975 1746 3047 χάριν
1765 2979 1880 3032 ἐπι-

1985 2983 2205 3039 homine
2249 2982 2526 3052 dejectior,
2572 2981 2749 3050 quoad
2798 2982 2849 3034 in
2902 2985 3250 3045 conspectum
3304 2973 3555 3043 prodiens

300 3060 540 3131 μετρῶν.
596 3060 662 3113 Τί
692 3061 750 3122 δὲ
778 3061 878 3114 οὐκ
907 3060 1131 3132 ἔμελλεν
1158 3064 1187 3115 6
1215 3061 1396 3133 τεμὼν
1428 3064 1701 3120 θάλασσαν
1720 3106 1735 3132 ,
1780 3071 1878 3123 καὶ
1909 3118 1919 3163 ⁴

2033 3075 2075 3130 le
2100 3074 2412 3130 incruentus
2439 3084 2665 3142 martyr,
2693 3082 2747 3126 et
2796 3072 2913 3125 sine
2951 3068 3119 3138 plagis
3152 3071 3463 3127 coronatus,
3490 3074 3555 3115 a3
3644 3131 3652 3143 ι

298 3152 544 3222 ποταμὸν
574 3152 852 3221 ἀνακύψας
877 3195 891 3219 ,
944 3155 1038 3206 καὶ
1068 3158 1313 3225 στοιχεῖα
1354 3158 1698 3230 τυραννήσας
1718 3199 1733 3225 ,
1786 3161 1881 3214 καὶ
1911 3152 1917 3162 ’

1933 3152 1950 3167 ’
1982 3165 2236 3237 populum
2293 3166 2496 3235 pudore
2550 3165 2751 3218 victum
2815 3162 2864 3215 vi
2919 3160 3201 3222 retinens,
3258 3153 3552 3225 supplicem

296 3247 502 3318 χειρῶν
529 3248 749 3300 ἐκτάσει
799 3247 1033 3317 τρόπαια
1079 3250 1315 3319 στήσας,
1353 3249 1440 3302 ἵνα
1466 3249 1707 3323 διασώσῃ
1753 3251 1881 3305 λαὸν

1984 3272 2141 3312 suum
2168 3266 2224 3313 et
2249 3267 2559 3312 vexatorem
2587 3270 2616 3309 a
2657 3253 2896 3323 periculo
2923 3249 3231 3305 vindicavit.
3269 3245 3393 3300 Haec
3434 3257 3556 3299 san-

297 3341 536 3411 φυγάδα,
565 3343 659 3394 καὶ
691 3339 880 3394 τοῦτον
913 3340 1299 3412 ἐξαιρήσεσθαι
1324 3342 1433 3396 τῶν
1466 3343 1761 3411 κινδύνων;

1985 3358 2199 3404 ctorum
2231 3347 2393 3412 Deus,
2416 3348 2506 3417 qni
2528 3347 2709 3401 omnia
2740 3345 2887 3409 facit,
2917 3350 3076 3410 atque
3107 3341 3158 3393 in
3188 3337 3379 3393 melius
3402 3348 3554 3390 com-

299 3442 499 3500 mutat,
533 3436 621 3502 qui
658 3435 907 3503 superbis
958 3434 1187 3501 resistit,
1254 3445 1309 3491 et
1340 3435 1635 3493 humilibus
1686 3440 1912 3509 gratiam
1952 3442 2292 3498 abundanter
2331 3441 2518 3497 tribuit
2550 3441 2614 3496 ⁸ο.
2676 3439 2872 3506 Quidni
2914 3446 3091 3490 autem
3133 3436 3197 3499 is,
3262 3431 3350 3501 qui
3404 3441 3555 3483 mare

295 3526 481 3592 scidit,
513 3535 567 3582 et
612 3526 852 3583 ﬂuminis
904 3543 1126 3584 cursum
1177 3529 1433 3597 inhibuit,
1488 3541 1543 3586 et
1598 3532 1880 3590 elementis
1918 3536 2025 3591 vim
2051 3539 2247 3605 attulit,
2309 3550 2364 3595 et
2392 3553 2646 3593 manuum
2699 3536 3016 3593 extensione
3043 3532 3335 3601 trophazum
3358 3524 3554 3589 erexit,

298 3629 358 3675 ut
398 3617 624 3689 fugitivo
664 3619 861 3689 populo
905 3621 1065 3675 saluti
1102 3633 1265 3686 esset,
1293 3621 1435 3677 hunc
1472 3625 1637 3679 etiam
1670 3640 1703 3679 a
1745 3628 2003 3696 periculis
2029 3633 2393 3687 extraheret?
2590 3608 2593 3609 ν

366 3711 503 3765 NH'.
558 3711 619 3763 ὐ
651 3710 750 3781 μὲν
777 3710 839 3781 δὴ
880 3712 1142 3781 κοσμικὸς
1194 3713 1431 3784 πόλεμος
1475 3716 1711 3771 ἐνταῦθα
1762 3720 1881 3773 ἐτε-

2059 3723 2241 3779 LVIII.
2309 3725 2407 3780 Hic
2465 3724 2681 3795 quidem
2743 3723 3071 3777 mundanum
3128 3715 3327 3771 bellum
3388 3714 3546 3768 linem

297 3804 548 3875 λεύτησε,
598 3804 693 3856 καὶ
726 3802 901 3875 πέρας
948 3799 1096 3881 εἶχεν
1148 3805 1211 3857 ἐκ
1257 3804 1393 3860 Θεοῦ
1434 3806 1627 3876 δεξιὸν,
1654 3810 1882 3884 καὶτῆς

1978 3816 2207 3887 accepit,
2263 3816 2573 3886 exitumque
2636 3814 2841 3879 habuit,
2889 3811 2998 3865 Deo
3066 3808 3313 3873 favente,
3370 3805 3547 3859 laetum

299 3896 508 3951 ἐκείνου
547 3895 784 3958 πίστεως
823 3895 991 3959 ἄξιον.
1043 3896 1307 3969 Ἀρχεται
1360 3898 1418 3952 δὲ
1469 3902 1497 3952 6
1532 3901 1764 3972 πόλεμος
1791 3903 1880 3955 ὲν-

1978 3918 2140 3978 atque
2187 3907 2421 3974 felicem,
2485 3906 2805 3977 qualemque
2856 3903 2997 3958 illius
3045 3901 3175 3955 ﬁdes
3221 3898 3547 3953 merebatur.

299 3991 449 4045 θένδε
475 3991 575 4061 ἤδη
603 3991 712 4044 τῶν
746 3990 1083 4056 ἐπισκόπων,
1108 3993 1204 4046 καὶ
1234 3992 1344 4045 τῶν
1384 3994 1617 4059 ἐκείνοις
1658 3997 1882 4068 συμμά-

1978 3997 2116 4052 Hinc
2182 4011 2315 4053 vero
2382 3995 2495 4062 jam
2551 3995 2764 4049 initium
2825 3993 2989 4049 sumit
3041 3990 3434 4064 episcoporum,
3492 3991 3548 4040 et

300 4102 409 4155 χων
433 4098 448 4114 ⁶
477 4078 538 4137 οὗ
566 4083 703 4136 πολὺ
742 4083 840 4154 μὲν
869 4084 929 4135 τὸ
952 4082 1159 4150 ἄδοξον,
1192 4084 1394 4139 πλείων
1428 4084 1540 4156 (60)
1571 4087 1677 4158 δὲή
1710 4088 1882 4161 βλάϐη

1980 4102 2187 4153 eorum,
2224 4087 2315 4159 qui
2354 4086 2533 4143 socios
2592 4100 2651 4141 se
2707 4084 2837 4154 ipsis
2876 4082 3255 4151 adiunxerant,
3309 4076 3549 4142 bellum;

298 4178 411 4239 τοῖς
449 4175 794 4247 ἀρχομένοις.
823 4174 919 4237 Τίς
944 4176 1053 4245 γὰρ
1083 4173 1148 4227 ἂν
1181 4178 1308 4239 τοὺς
1328 4175 1524 4240 ἄλλους
1561 4179 1764 4233 πείσειε
1789 4197 1883 4250 μεο

1980 4180 2205 4245 hellum,
2261 4181 2505 4249 inquam,
2538 4180 2664 4232 tum
2718 4191 2813 4245 per
2875 4190 2932 4229 se
2981 4173 3266 4227 admodum
3319 4177 3474 4237 turpe
3500 4175 3556 4221 et

297 4268 564 4341 τριάζειν,
600 4267 740 4321 οὕτω
769 4266 878 4320 τῶν
904 4268 1262 4338 προεστώτων
1294 4268 1691 4341 διακειμένων;
1722 4267 1883 4341 Εἶχον

1982 4271 2419 4342 ignominiosum,
2482 4280 2592 4324 tum
2651 4267 2879 4323 subditis
2908 4265 3037 4333 ipsis
3090 4263 3262 4332 magis
3286 4256 3553 4331 pernicio-

303 4359 403 4430 μὲν
434 4358 545 4427 γὰρ
562 4357 670 4411 οὐδ’
688 4359 753 4410 ὲκ
778 4359 1021 4422 πλείονος
1055 4358 1315 4423 ἐπιεικῶς
1343 4361 1481 4431 πρὸς
1508 4361 1691 4428 αὑτὸν,
1717 4362 1882 4433 τριῶν

1982 4381 2125 4419 sum.
2161 4364 2293 4431 Quis
2325 4364 2470 4420 enim
2496 4362 2633 4416 alios
2657 4361 2723 4413 ad
2758 4356 3073 4413 modestiam
3093 4355 3348 4408 inducere
3370 4359 3551 4421 queat,

298 4452 471 4506 ὄντων
500 4451 609 4505 τῶν
635 4452 921 4508 ὑπαιτίων.
954 4450 1091 4504 Οὔτε
1111 4451 1219 4524 γὰρ
1244 4452 1322 4524 τῷ
1356 4456 1455 4524 τῆς
1481 4454 1718 4517 πίστεως
1743 4452 1885 4524 λόγῳ

1984 4474 2106 4513 cum
2142 4458 2242 4527 ipsi
2268 4454 2525 4526 prtesules
2548 4453 2628 4508 sic
2658 4466 2718 4508 se
2752 4448 2974 4505 affectos
3002 4444 3315 4515 praebeant?
3342 4444 3418 4496 Ac
3443 4450 3551 4495 tres

302 4545 640 4612 συνέϐαινον,
671 4547 752 4599 ὅτι
795 4547 869 4617 μὴ
908 4548 1063 4601 πᾶσα
1095 4547 1308 4617 ἀνάγκη
1354 4550 1470 4612 τοῖς
1509 4548 1735 4620 πλήθεσι
1767 4548 1887 4619 βια-

1985 4548 2200 4618 qnidem
2238 4554 2395 4603 erant
2425 4560 2621 4609 causae,
2641 4558 2737 4596 cur
2756 4540 2906 4594 multi
2937 4541 3098 4593 etiam
3125 4536 3330 4607 pridem
3362 4545 3551 4602 parum

301 4637 542 4711 ζόμενοι·
571 4636 694 4691 οὔτε
727 4638 826 4709 τὴν
855 4639 946 4692 ἐπὶ
972 4642 1037 4710 τῇ
1058 4638 1361 4712 χειροτονίᾳ
1381 4640 1491 4710 (61)
1524 4640 1885 4713 μικροψυχίαν

1984 4638 2091 4695 leni
2123 4653 2251 4707 erga
2279 4652 2400 4691 eum
2448 4635 2630 4690 animo
2667 4640 2867 4687 essent.
2910 4629 3117 4693 Prima,
3157 4626 3298 4696 quod
3345 4625 3398 4678 in
3428 4621 3551 4677 lidei

299 4730 503 4794 τελέως
546 4729 980 4785 καταλελύκασιν
1013 4730 1126 4803 (62)
1150 4746 1162 4760 ο
1219 4730 1316 4784 καὶ
1348 4731 1409 4784 τὸ
1441 4733 1593 4803 παρὰ
1626 4732 1760 4786 πολὺ
1786 4732 1887 4803 τῆς

1983 4730 2197 4799 negotio
2230 4742 2349 4782 cum
2383 4740 2448 4783 eo
2501 4724 2723 4780 minime
2777 4720 3207 4783 consentiebant,
3252 4714 3353 4771 nisi
3384 4728 3554 4783 quan-

300 4822 459 4895 δόξης
491 4820 836 4896 κρατεῖσθαι,
888 4822 1106 4877 πάντων
1144 4821 1440 4897 βαρύτατον
1466 4817 1533 4895 ἦν
1584 4824 1786 4889 αὐτοῖς,
1833 4825 1880 4877 εί
1916 4821 1919 4873 1

1935 4820 2095 4878 )tum
2146 4822 2195 4875 id
2253 4821 2404 4891 ipsis,
2444 4827 2670 4889 cogente
2722 4814 3081 4879 multitudine,
3125 4809 3430 4867 necessario
3476 4804 3554 4860 fa-

388 4965 436 4996 ”
466 4962 583 5024 Jac.
619 4978 695 5029 tv,
719 4962 773 5017 6.

372 5101 497 5175 (51)
544 5098 640 5164 Ὠς
668 5098 923 5175 ᾔσθετο..
962 5094 1051 5175 Si_c
1080 5096 1255 5175 Iiegg.
1288 5094 1379 5175 bin
1417 5100 1469 5147 et
1490 5093 1600 5175 ,νινε
1644 5092 1697 5175 Ip
1739 5092 1877 5175 aliis,

1583 5136 1600 5175 .-
1644 5092 1697 5175 ιει
1739 5092 1877 5175 aliis.
2056 5092 2170 5175 liii)
2208 5077 3202 5175 Psittacus-PI;9;-F5.’Ei‘f'1<*tv-

302 5154 650 5242 ὡςιῇσθοντο.
673 5154 863 5232 Ῥεδεη
894 5167 970 5231 ὡς
1006 5154 1316 5242 ᾔσθετο-ιῖτοῦ
1346 5154 1635 5242 κακοῦτὴν
1664 5154 1882 5242 επιϐουὲ
2208 5154 2483 5242 ἶᾼγδρῶν.
2503 5154 2781 5242 ῇΒεεὶρΙι,
2802 5154 3016 5242 δινξρξςζ

301 5224 434 5307 λῆνί
462 5243 582 5306 καί,
615 5251 747 5307 etc.,
781 5257 800 5291 ι
834 5224 892 5292 ut
916 5224 1043 5292 maii
1074 5237 1297 5292 insidias
1321 5224 1604 5306 persensit,
1637 5253 1658 5287 ι
1685 5245 1789 5290 etc.
1823 5232 1879 5287 In

1473 5224 1604 5298 insit,
1637 5253 1658 5287 ι
1685 5245 1789 5290 etc.
1823 5232 1879 5287 Iit
2203 5224 2456 5307 ἒάρὰος.
2501 5224 2625 5307 Diuo
2646 5224 2840 5307 Reg-55.,
2873 5224 3092 5307 θράσος.

301 5244 421 5366 λῃν,
462 5244 582 5306 καί,
615 5251 747 5307 etc.,
781 5257 800 5291 ι
834 5248 892 5292 ut
916 5244 1043 5292 mali
1074 5244 1297 5292 insidias
1321 5244 1604 5306 persensit,
1637 5253 1658 5287 ι
1685 5245 1789 5290 etc.
1826 5244 1879 5287 tn

301 5328 331 5365 e
374 5356 386 5367 .
426 5314 580 5367 deest
606 5311 702 5374 ὡς.
900 5380 907 5381 ί
1112 5376 1162 5381 __
1394 5375 1430 5381 _
1724 5373 1759 5381 ﬁ

1502 5244 1604 5298 lSIl,
1637 5253 1658 5287 ι
1685 5245 1789 5290 etc.
1826 5244 1879 5287 ιιι
2052 5244 2138 5299 (51
2203 5244 2456 5298 ϐαρσος.
2501 5244 2615 5281 υιιο
2647 5244 2840 5293 negg.,
2873 5244 3093 5295 υρασος.

1724 5373 1759 5381 -
2053 5244 2165 5381 ea;
2198 5299 2489 5381 §96apéo
2514 5293 3121 5381 ,κεεο.,νιυ,,ςωδαρός;

373 5364 747 5453 (52)Ῠ⁶Υϐῥιν
801 5380 1049 5453 fugitur.
1108 5376 1199 5433 Sic
1251 5391 1345 5433 sex
1394 5375 1561 5446 Regg.
1619 5384 1674 5429 et
1724 5373 1875 5429 Pass.
1958 5428 1965 5435 ,

1528 5389 1561 5445 ς·
1619 5384 1674 5429 ει
1724 5373 1875 5429 Pass-
1958 5428 1965 5435 ο
2053 5364 2162 5453 ea
2197 5364 3147 5453 itaessoﬁon'aqemetiar:m5-

303 5433 709 5520 neé'si’miséﬁi
735 5452 785 5505 in
825 5433 985 5505 edit:
1037 5433 1044 5434 ί
1235 5518 1263 5521 Δ
1477 5433 1539 5521 ἣν
1626 5514 1657 5521 _
1698 5515 1709 5521 _
1745 5514 1758 5521 _

1477 5433 1539 5446 ’Ν
1626 5514 1657 5521 _
1698 5515 1709 5521 _
1745 5514 1758 5521 _
1959 5433 1964 5435 ’
2185 5440 2439 5521 Lysim.
2477 5435 2610 5521 Reg.
2637 5433 2991 5521 οἱπλεῖστρν,

381 5502 1197 5593 (56)ξέμῆἧᾷῨέὶοήίιυιιιιιοι·
1234 5518 1429 5590 Regg.,
1476 5519 1578 5573 duo
1617 5514 1779 5572 Coisl.
1826 5523 1881 5571 ct

1838 5523 1881 5571 ει
2051 5502 2163 5593 (fit)
2192 5510 2272 5593 [ἦ
2297 5502 2649 5593 tremoris-
2676 5508 2832 5593 ,”eef?
2856 5502 3168 5593 ffliﬂl‘fg'
3198 5513 3457 5593 3;“.-.

381 5565 496 5593 \VV’
526 5565 680 5592 "J’"('
701 5565 789 5587 "5'
842 5565 932 5575 ν’*
966 5565 1187 5590 Ὶ““’“’“’⁷“
1234 5565 1429 5590 -"UD'7
1478 5565 1573 5573 *⁷⁷⁷
1626 5565 1760 5572 *⁷⁷”⁷’
1831 5565 1878 5571 ’⁷

299 5589 456 5650 Pass.
490 5591 547 5646 In
580 5594 694 5657 ed.,
731 5592 967 5661 cxﬁvog.
1132 5660 1173 5661 ρ
1498 5656 1529 5661 Δ
1725 5654 1753 5661 Α
1848 5655 1873 5661 Α

2050 5565 2164 5657 (ϐἀ)
2189 5565 2701 5638 Maxumum.
2767 5575 2825 5631 In
2855 5565 3145 5638 nonnullis,
3198 5565 3549 5622 καταλελῦκε·

400 5662 491 5733 54)
522 5654 777 5733 Περίτὰ
814 5654 1079 5733 τοιαῦτα.
1123 5660 1211 5715 Sic
1256 5670 1461 5730 septem
1498 5656 1689 5729 3033.,
1718 5654 1811 5711 0r.
1844 5655 1879 5708 2
1981 5672 2079 5709 σαν

306 5742 362 5789 et
390 5730 544 5790 Passi.
573 5730 632 5788 Iit
661 5735 771 5800 ed.,
802 5732 931 5803 περὶ
966 5730 1157 5787 ταῦτα.
