4100 6276
506 296 609 355 57!

1735 302 1796 356 ε.
1836 300 2163 359 GREGORII
2203 302 2548 360 THEOLOGI

3636 304 3743 361 5η

507 412 757 471 ciendum
810 418 949 467 erat.
995 409 1200 475 Altera,
1260 411 1402 480 quod
1465 410 1727 479 dolorem,
1781 428 1850 468 ex
1903 416 2059 485 ipsius

2177 419 2270 473 καὶ
2299 419 2581 490 ὁμολογεῖν
2607 418 2900 488 αἴσχιστον,
2940 416 3185 486 Ἐγένετο
3228 415 3339 487 (65)
3392 417 3448 471 δὲ
3482 420 3574 472 καὶ
3604 420 3740 492 ἄλλη

500 505 766 560 electione
806 509 1141 571 conceptum,
1195 505 1429 557 nondum
1477 505 1699 560 omnino
1740 521 1809 560 ex
1872 508 2068 563 animis

502 597 792 667 ejecerant.
822 594 1124 662 Postrema,
1151 596 1292 665 quod
1336 609 1395 650 se
1445 596 1602 667 longe
1634 599 1965 668 multumque
1999 602 2067 655 ab

501 702 572 745 eo
599 688 763 758 gloria
806 688 1050 757 superari
1082 688 1430 744 acerbissime
1492 690 1711 757 ferrent,
1751 692 1963 745 tametsi
2015 691 2066 745 id

504 776 755 832 confiteri
798 776 1163 842 turpissimum
1205 785 1370 832 esset.
1425 775 1555 831 Orta
1582 785 1666 831 est
1695 786 1750 831 et
1781 776 1883 830 alia
1917 792 2067 845 qum-

503 867 626 923 dam
672 866 939 933 simultas,
989 882 1108 935 qua:
1147 867 1261 920 hare
1299 867 1476 921 omnia
1528 866 1902 921 redulceravit.
1932 865 2066 920 Nam

497 972 623 1013 cum
670 958 842 1025 patria
887 968 1069 1012 nostra
1104 958 1157 1012 in
1196 958 1331 1013 duas
1360 960 1665 1028 provincias
1712 969 1766 1014 et
1798 970 2068 1029 metropo-

498 1050 580 1105 les
608 1048 777 1105 divisa
803 1058 963 1114 esset,
989 1064 1053 1104 ac
1107 1049 1273 1104 multa
1304 1064 1370 1104 ex
1409 1050 1575 1120 priori
1604 1066 1753 1105 nova:
1784 1052 2064 1120 metropoli

499 1141 937 1213 adjungerentnr,
993 1157 1058 1197 ea
1109 1144 1175 1199 de
1236 1157 1398 1199 causa
1449 1144 1587 1199 inter
1622 1143 1743 1199 illos
1776 1143 2062 1199 dissidium

499 1234 790 1289 excitatum
839 1243 941 1288 est.
979 1234 1074 1289 ille
1101 1234 1243 1289 enim
1290 1250 1502 1300 zequum
1556 1249 1679 1289 esse
1720 1234 1948 1300 dicebat,
1981 1242 2061 1301 ut,

501 1340 623 1382 cum
647 1326 877 1396 publicis
899 1327 1240 1394 dimcesibus,
1284 1336 1484 1382 nostra:
1512 1341 1725 1396 quoque
1752 1326 1910 1381 simul
1932 1326 2065 1381 divi-

498 1415 795 1483 derentur;
831 1417 900 1472 ob
952 1432 1180 1488 eamque
1212 1432 1430 1472 causam
1488 1431 1580 1472 eas
1630 1417 1911 1485 parmcias,
1944 1431 2064 1486 quae

499 1522 653 1563 novae
681 1508 970 1578 provincia:
999 1524 1169 1578 nuper
1200 1508 1467 1577 adjunctze
1504 1506 1737 1571 fuerant,
1769 1517 1827 1560 ut
1853 1505 1963 1574 jam
1993 1508 2061 1562 ad

497 1614 559 1656 se
608 1601 919 1667 attinentes,
946 1610 1108 1670 atque
1161 1604 1226 1654 ab
1277 1598 1366 1653 illo
1407 1599 1711 1664 dislractas,
1735 1596 2057 1653 vindicabat.

502 1690 603 1747 llic
626 1702 810 1746 contra
837 1690 1003 1747 veteri
1030 1688 1425 1753 consuetudini,
1445 1698 1607 1759 atque
1634 1690 1759 1744 huic
1781 1688 2057 1752 divisioni,

2169 527 2255 574 τις
2282 511 2536 583 διαφορὰ,
2564 512 2598 582 ἢ
2631 510 2802 563 ταῦτα
2836 509 3233 579 ὲκαινοποίησε.
3258 509 3370 578 Τῆς
3396 509 3502 579 γὰρ
3548 513 3745 581 πατρί-

2167 603 2256 666 δος
2292 603 2448 673 ἡμῶν
2498 603 2607 672 (64)
2639 604 2717 665 είς
2771 602 2864 655 δύο
2909 600 3270 670 διαιρεθείσης
3312 600 3604 671 ἡγεμονίας
3642 604 3741 655 καὶ

2173 693 2552 763 μητροπόλεις,
2576 693 2669 746 καὶ
2694 692 2861 747 πολλὰ
2890 692 2998 745 τῶν
3032 693 3095 743 ὲκ
3123 690 3221 759 τῆς
3256 691 3522 762 προτέρας
3541 694 3604 761 τῇ
3640 692 3739 762 νέᾳ

2169 784 2555 855 προσαγούσης
2584 783 2720 855 (65),
2748 782 2995 836 ἐντεῦθεν
3022 783 3114 836 καὶ
3139 782 3206 837 τὰ
3245 782 3464 836 ἐκείνων
3490 783 3740 835 ἐστασιά-

2169 874 2291 946 σθη.
2332 877 2390 928 Ὀ
2426 875 2522 946 μὲν
2566 874 2675 944 γὰρ
2723 874 2873 944 ἠξίου
2914 877 3026 937 τοῖς
3061 873 3338 944 δημοσίοις
3365 872 3474 943 (66)
3498 872 3735 926 συνδιαι-

2168 966 2378 1037 ρεῖσθαι
2410 965 2504 1018 καὶ
2534 964 2603 1017 τὰ
2625 965 2865 1035 ἡμέτερα
2897 963 3029 1033 (67),
3072 965 3165 1017 καὶ
3180 963 3268 1016 διὰ
3292 963 3447 1017 τοῦτο
3478 982 3735 1035 μετεποι-

2165 1058 2279 1109 εῖτο
2328 1054 2438 1108 τῶν
2482 1055 2672 1108 νεωστὶ
2712 1054 3137 1125 προσελθόντων,
3177 1054 3252 1117 ὡς
3276 1055 3425 1125 αὐτῷ
3451 1055 3734 1127 διαφερόν-

2164 1162 2274 1199 των
2300 1146 2401 1217 ἤδη
2447 1147 2701 1200 κάκείνου
2749 1146 3201 1218 κεχωρισμένων’
3234 1148 3262 1199 ό
3293 1146 3348 1200 δὲ
3376 1148 3472 1219 τῆς
3498 1149 3735 1212 παλαιᾶς

2166 1234 2343 1305 εἴχετο
2378 1236 2683 1307 συνηθείας,
2733 1239 2826 1290 καὶ
2855 1242 2954 1308 τῆς
2981 1238 3045 1290 ὲκ
3088 1238 3193 1291 τῶν
3232 1238 3489 1309 Πατέρων
3526 1239 3732 1293 ἄνωθεν

2164 1326 2477 1397 διαιρέσεως
2516 1326 2655 1397 (68).
2702 1327 2789 1393 Ἐξ
2826 1320 2900 1381 ὧν
2932 1328 3100 1382 πολλὰ
3152 1330 3246 1381 καὶ
3295 1330 3463 1394 δεινὰ,
3508 1331 3575 1384 τὰ
3630 1332 3730 1401 μὲν

2167 1415 2479 1470 συνέϐαινεν
2511 1415 2633 1486 ἤδη,
2664 1416 2733 1470 τὰ
2765 1416 2821 1469 δὲ
2849 1417 3084 1472 ὠδίνετο.
3121 1418 3471 1471 ’Υπεσπῶντο
3522 1420 3729 1474 σύνοδοι

2165 1505 2318 1577 παρὰ
2341 1504 2435 1559 τοῦ
2460 1505 2579 1559 νέου
2619 1506 3011 1577 μητροπολίτου
3043 1506 3178 1577 (69),
3227 1509 3474 1579 πρόσοδοι
3499 1509 3730 1581 διηρπά-

2165 1595 2358 1659 ζοντο·
2414 1596 2771 1668 πρεσϐύτεροι
2815 1598 2921 1650 τῶν
2967 1599 3324 1669 Ἐκκλησιῶν,
3381 1602 3431 1653 οἱ
3503 1602 3599 1672 μὲν
3637 1603 3732 1655 ἀν-

2162 1685 2459 1749 επείθοντο,
2480 1688 2528 1740 οἱ
2549 1687 2605 1739 δὲ
2634 1686 3051 1756 ὑπηλλάττοντο.
3095 1690 3184 1754 Ἐξ
3214 1684 3287 1743 ὧν
3317 1691 3611 1759 συνέϐαινε,
3634 1695 3732 1746 καὶ

499 1798 619 1854 qua:
647 1783 774 1838 olim
806 1798 836 1837 a
880 1782 1127 1836 Patribus
1166 1781 1305 1835 facta
1354 1752 1550 1847 fuerat,
1588 1779 1900 1835 inhaerebat.
1957 1780 2058 1831 At-

2165 1774 2236 1829 τὰ
2269 1775 2377 1829 τῶν
2418 1752 2754 1845 Ἐκκλησιῶν
2802 1778 2984 1848 χεῖρον
3026 1752 3179 1847 ἔχειν.
3233 1752 3608 1850 διισταμένων.
3634 1780 3732 1834 καὶ

497 1886 603 1942 que
650 1870 752 1927 hac
810 1869 1155 1925 contentione
1218 1867 1482 1937 permulta
1519 1866 1678 1930 mala,
1721 1868 1915 1935 partim
1944 1865 2056 1935 jam

497 1959 897 2030 contingebant,
921 1958 1113 2028 partim
1144 1957 1545 2025 impendebant.
1591 1955 2060 2011 Subtrahebantur

496 2060 787 2106 conventus
806 2064 835 2103 a
870 2063 1007 2104 novo
1024 2048 1387 2117 metropolita,
1417 2056 1710 2117 proventus
1730 2046 2058 2115 diripieban-

496 2151 622 2209 tur;
658 2141 831 2214 8η.
850 2141 1204 2197 Ecclesiarum
1234 2140 1554 2209 presbyteri,
1574 2139 1665 2193 alii
1696 2138 1912 2209 quidem
1942 2152 2058 2192 ser-

492 2248 711 2292 monum
741 2234 1009 2288 blanditiis
1049 2232 1444 2297 alliciebantur,
1473 2231 1560 2284 alii
1613 2243 1740 2283 vero
1802 2228 2057 2282 immuta-

498 2325 716 2380 bantur.
752 2324 830 2379 Ex
871 2340 975 2393 quo
1029 2324 1156 2378 illud
1205 2321 1567 2391 contingebat,
1596 2331 1655 2374 ut
1691 2320 2053 2374 Ecclesiarum

496 2416 711 2485 negotia
754 2416 993 2470 deterius
1038 2430 1096 2469 se
1124 2413 1403 2479 haberent,
1439 2422 1620 2482 utpote
1651 2427 1767 2481 quae
1789 2412 1837 2465 in
1876 2420 2056 2480 partes

492 2519 558 2559 ac
608 2506 783 2560 studia
825 2506 1218 2561 scinderentur.
1276 2505 1527 2561 Homines
1565 2504 1771 2573 jquippe
1796 2516 2053 2557 novarum

493 2613 673 2652 rerum
726 2598 903 2653 studio
955 2597 1347 2667 quodammodo
1375 2596 1732 2659 delectantur,
1763 2609 1827 2648 ac
1870 2592 2053 2648 libenti

499 2689 679 2743 animo
744 2704 916 2743 noxas
965 2704 1093 2743 suas
1156 2688 1331 2743 obiter
1374 2687 1710 2754 elucrantur;
1743 2684 2056 2752 faciliusque

491 2790 578 2835 est
612 2782 899 2836 constituta
923 2780 1271 2847 labefactare,
1303 2794 1460 2848 quam
1502 2778 1821 2833 labefactata
1853 2776 1906 2830 in
1945 2776 2056 2845 pri-

494 2871 697 2926 stinum
725 2880 924 2925 statum
953 2873 1227 2925 reducere.
1248 2870 1396 2937 Quod
1423 2879 1601 2924 autem
1635 2869 1780 2922 illum
1809 2868 1977 2937 magis
2000 2868 2053 2921 in

492 2959 729 3017 furorem
760 2964 971 3031 agebat,
1012 2961 1225 3016 Taurici
1256 2963 1456 3016 reditus
1510 2969 1685 3025 erant,
1726 2960 1815 3028 qui
1847 2962 1913 3013 ab
1938 2960 2054 3029 ipso

489 3054 706 3123 quidem
742 3054 794 3108 in
847 3056 1069 3109 transitu
1112 3056 1492 3119 cernebantur,
1547 3053 1613 3107 ad
1666 3051 2051 3107 Caesariensem

2165 1866 2534 1937 τεμνομένων.
2559 1866 2668 1920 Kal.
2699 1867 2809 1938 γάρ
2832 1885 2947 1931 πως
2977 1871 3097 1932 ταῖς
3118 1870 3485 1939 καινοτομίαις
3505 1871 3728 1940 χαίρου-

2168 1975 2252 2011 σιν
2301 1956 2577 2027 ἅνθρωποι
2602 1998 2620 2022 ,
2672 1958 2767 2010 καὶ
2814 1956 2882 2011 τὰ
2935 1958 3085 2026 σφῶν
3130 1957 3298 2029 ἡδέως
3368 1959 3733 2030 παρακερδαί-

2166 2064 2317 2102 νουσι
2343 2046 2453 2117 (70)
2475 2062 2489 2077 ’
2522 2048 2616 2100 καὶ
2640 2047 2768 2117 ῥᾷόν
2792 2064 2845 2099 τι
2873 2046 3171 2103 καταλῦσαι
3222 2048 3328 2101 τῶν
3354 2047 3749 2114 καθεστώτωνλ

2162 2139 2197 2211 ἢ
2229 2137 2529 2193 καταλυθὲν
2562 2140 2948 2207 ἐπαναγαγεῖν.
2998 2139 3061 2193 Ὃ
3099 2139 3155 2191 δὲ
3188 2139 3367 2194 πλεῖον
3412 2140 3573 2193 αὑτὸν
3642 2141 3732 2206 ὲξ-

2165 2230 2386 2301 έμηνεν,
2413 2230 2473 2284 αἱ
2499 2231 2766 2300 Ταυρικαὶ
2797 2230 3046 2301 πρόσοδοι
3063 2226 3173 2301 (71)
3202 2233 3294 2285 καὶ
3321 2233 3565 2303 παρόδιοι
3591 2232 3728 2305 (72),

2164 2322 2311 2394 αὐτῷ
2356 2322 2455 2393 μὲν
2484 2321 2779 2394 ὁρώμεναι,
2821 2323 3016 2393 ἐκείνῳ
3057 2323 3116 2377 δὲ
3140 2324 3565 2396 προσγενόμεναι
3593 2326 3726 2396 (75).

2164 2416 2259 2468 καὶ
2291 2414 2382 2468 τὸν
2407 2413 2563 2481 ἅγιον
2591 2412 2847 2484 Ὀρέστην
2880 2414 3308 2484 έκκαρποῠσθαι,
3336 2416 3476 2486 μέγα
3498 2417 3724 2469 ἐτίθετο·

2163 2499 2238 2563 ὡς
2260 2499 2354 2552 καὶ
2378 2499 2485 2553 τῶν
2511 2499 2751 2570 ἡμιόνων
2784 2500 3039 2555 λαϐέσθαι
3086 2502 3214 2554 ποτὲ
3236 2503 3329 2556 τοῦ
3354 2506 3544 2575 ἀνδρὸς
3592 2505 3747 2559 ἰδίαν

2161 2592 2279 2644 ὁδὸν
2311 2590 2606 2657 όδεύοντος,
2643 2590 2842 2662 εἵργων
2883 2591 2977 2645 τοῦ
3026 2593 3211 2663 πρόσω
3259 2596 3395 2664 μετὰ
3435 2595 3728 2667 λῃστρικοῦ

2165 2682 2561 2752 συντάγματος.
2590 2684 2698 2736 Καὶ
2736 2684 2768 2754 ὴ
2801 2670 3019 2752 σσιῆψις,
3048 2685 3122 2747 ὡς
3163 2686 3469 2756 εὐπρεπήςὲ
3509 2687 3587 2740 Τὰ
3615 2687 3728 2760 γὰρ

2164 2773 2509 2845 πνευματικὰ
2531 2774 2717 2839 τέκνα,
2748 2776 2841 2829 καὶ
2874 2778 2929 2828 αἱ
2959 2776 3147 2846 ψυχαὶ,
3186 2777 3278 2829 xai.
3316 2779 3344 2830 ὁ
3368 2778 3465 2847 τῆς
3494 2777 3729 2841 πίστεως

2168 2864 2345 2932 λόγος,
2375 2865 2468 2916 καὶ
2499 2864 2671 2917 ταῦτα
2700 2863 2769 2917 τὰ
2806 2865 2903 2934 τῆς
2943 2865 3244 2935 ἀπληστίας
3274 2866 3383 2936 (74)
3427 2866 3730 2936 ἐπικαλύμ-

2167 2975 2342 3029 ματα,
2395 2959 2628 3028 πρᾶγμα
2661 2956 2768 3010 τῶν
2823 2957 3188 3029 εὐπορίστων,
3222 2959 3316 3012 καὶ
3347 2959 3406 3011 τὸ
3436 2959 3509 3030 μὴ
3532 2959 3728 3029 χρῆναι

2166 3049 2529 3119 δασμοφορεῖν
2563 3047 2870 3113 κακοδόξοις
2889 3064 2905 3080 ·
2953 3051 3061 3112 πᾶς
3094 3048 3201 3120 γὰρ
3231 3052 3259 3103 ὁ
3306 3049 3486 3103 λυπῶν
3514 3089 3529 3117 ,
3561 3051 3729 3104 κακό-

488 3112 620 3200 vero
669 3145 1090 3209 devehebantur,
1143 3161 1206 3200 ac
1256 3145 1427 3199 sancti
1500 3142 1704 3199 Orestis
1764 3112 2124 3211 proventusC
2157 3140 2304 3204 δοξος
2338 3141 2470 3210 (75).

492 3233 765 3303 colligere,
820 3234 998 3303 magni
1051 3235 1395 3289 aestimabat:
1425 3234 1558 3287 adeo
1624 3242 1683 3285 ut
1750 3232 1921 3302 ipsius
1973 3232 2135 3285 etiam
2178 3232 2279 3286 iter
2312 3230 2558 3287 facientis
2593 3230 2763 3285 mulos
2815 3231 3101 3299 aliquando
3154 3232 3489 3300 corripuerit,
3537 3247 3617 3297 ac,
3660 3250 3728 3288 ne

490 3324 629 3377 ultra
654 3326 1127 3394 progrederemur,
1175 3339 1295 3378 cum
1365 3323 1684 3393 praedatoria
1744 3337 1903 3376 manu
1969 3322 2324 3389 prohibuerit.
2372 3321 2437 3375 Et
2488 3336 2648 3390 quam
2722 3323 2995 3390 speciosus
3051 3322 3134 3376 bis
3204 3324 3362 3377 rebus
3429 3333 3721 3391 prmtextus

490 3415 875 3470 adhibebatur!
936 3414 1058 3468 Filii
1110 3413 1435 3483 spiritualcs,
1485 3422 1539 3466 et
1584 3412 1799 3477 animae,
1839 3421 1893 3466 et
1945 3412 2067 3466 fidei
2109 3413 2376 3475 doctrina,
2408 3423 2710 3480 cazteraque
2761 3411 3064 3480 hnjusmodi
3126 3414 3431 3481 cupiditatis
3486 3416 3726 3486 inexple-

485 3512 611 3568 bilis
659 3513 1020 3577 integumenta
1082 3506 1191 3574 (res
1236 3506 1452 3559 inventu
1496 3504 1813 3571 perfacilis),
1878 3504 2114 3573 itemque
2154 3503 2330 3559 illud:
2379 3503 2662 3558 Tributum
2701 3503 2965 3558 haereticis
3009 3505 3342 3575 pendendum
3398 3522 3503 3561 non
3559 3524 3713 3565 esse:

486 3602 732 3674 quisquis
803 3602 944 3652 enim
987 3596 1282 3649 molestiam
1340 3596 1648 3660 exhibebat,
1681 3596 1738 3651 in
1778 3596 2157 3651 haereticorum
2190 3609 2412 3650 numero
2447 3595 2763 3648 habebatur.

562 3692 699 3747 LIX.
751 3692 861 3746 Nec
908 3700 1087 3744 tamen
1148 3689 1235 3741 ille
1290 3687 1383 3741 Dei
1434 3698 1676 3752 sanctus,
1716 3704 1780 3743 ac
1814 3704 2059 3759 supernae

486 3784 783 3843 Jerusalem
806 3796 931 3836 vere
962 3778 1349 3848 metropolites,
1377 3787 1466 3831 aut
1494 3793 1615 3833 cum
1650 3780 1736 3846 iis,
1771 3779 1858 3849 qui
1905 3795 2055 3832 erra-

489 3874 644 3937 bant,
676 3873 938 3927 abductus
974 3879 1078 3934 est,
1108 3878 1199 3922 aut
1224 3869 1323 3923 hoc
1356 3868 1698 3923 dissimulare
1727 3883 1788 3922 ac
1827 3869 2056 3939 neglige-

490 3980 551 4021 re
577 3962 855 4025 sustinuit,
878 3972 970 4015 ant
990 3974 1218 4030 parvum
1250 3959 1409 4028 hujus
1434 3959 1556 4012 mali
1579 3960 1870 4014 remedium
1893 3975 2057 4014 exco-

490 4055 701 4128 gitavit.
750 4053 856 4109 Sed
914 4051 1327 4122 perspiciamus,
1362 4067 1564 4120 quaeso,
1601 4064 1762 4121 quam
1803 4064 2053 4120 magnum

490 4158 546 4205 et
587 4145 979 4212 admirandum,
1017 4152 1068 4197 et
1111 4142 1271 4207 illius,
1318 4143 1444 4213 quid
1489 4144 1630 4198 enim
1680 4143 1821 4196 aliud
1853 4143 2050 4205 dicam,

2228 3689 2355 3742 NB'.
2389 3688 2463 3741 Οὑ
2507 3687 2611 3758 μὴν
2661 3688 2689 3738 ό
2735 3688 2886 3755 ᾶγιος
2919 3686 3009 3740 τοῦ
3043 3686 3207 3749 Θεοῦ,
3244 3688 3454 3759 καὶτῆς
3479 3690 3589 3743 ἄνω
3632 3691 3728 3744 Ἱε-

2166 3778 2444 3850 ρουσαλὴμ
2481 3776 2647 3839 ὅντως
2686 3776 3106 3848 μητροπολίτης,
3160 3777 3192 3848 ἢ
3249 3778 3563 3849 συναπήχθη
3614 3783 3728 3844 τοῖς

2162 3869 2446 3923 πταίουσιν
2478 3866 2611 3938 (76),
2637 3868 2669 3939 ἢ
2702 3868 2945 3939 παριδεῖν
2972 3868 3143 3921 ταῦτα
3169 3868 3444 3939 ἠνέσχετο,
3467 3870 3499 3939 ἢ
3526 3872 3725 3940 μικρὰν

2159 3961 2253 4014 τοῦ
2280 3959 2447 4013 κακοῦ
2471 3959 2623 4012 λύσιν
2655 3960 2884 4012 ἐπενόει.
2927 3958 3087 4012 Ἀλλὰ
3111 3960 3419 4028 σκοπῶμεν,
3451 3962 3524 4025 ὡς
3560 3964 3728 4031 μεγά-

2160 4053 2259 4123 λην
2291 4053 2382 4105 καὶ
2415 4051 2720 4121 θαυμασίαν
2751 4051 2885 4121 (77),
2921 4051 3103 4121 (καὶτί
3132 4051 3357 4121 γάρ;)ἢ
3391 4052 3486 4123 τῆς
3516 4054 3723 4106 ἐκείνου

2161 4145 2337 4216 ψυχῆς
2364 4145 2540 4210 ἀξίαν.
2582 4143 2901 4215 Προσθήκην
2930 4143 3037 4214 γὰρ
3082 4144 3179 4212 τῆς
3213 4144 3532 4214 Ἐκκλησίας
3566 4148 3727 4198 ποιεῖ-

496 4244 675 4299 anima
706 4242 950 4310 dignum.
988 4239 1195 4294 Etenim
1227 4240 1507 4294 dissidium
1567 4241 1667 4295 hoc
1708 4239 1760 4294 in
1803 4238 2055 4294 Ecclesia:

2164 4257 2253 4292 ται
2283 4238 2381 4310 τὴν
2419 4238 2622 4300 στάσιν,
2647 4236 2739 4289 καὶ
2759 4234 2856 4306 τὴν
2892 4235 3195 4306 συμφορὰν,
3224 4235 3297 4297 ὡς
3326 4236 3583 4289 κάλλιστα
3611 4237 3727 4290 δια-

495 4332 835 4389 commodum
884 4340 939 4386 et
981 4331 1372 4386 incrementum
1428 4331 1712 4397 convertit,
1744 4341 1904 4399 atque
1924 4332 2059 4386 hanc

2164 4330 2386 4395 τίθεται,
2437 4329 2676 4382 πλείοσιν
2724 4327 3041 4389 ἐπισκόποις
3094 4325 3190 4396 τὴν
3220 4327 3451 4396 πατρίδα
3481 4344 3727 4381 καταπυ-

496 4445 995 4585 ὲπὲῇζέξγένετο.
1025 4445 1157 4501 Tres
1170 4445 1362 4521 Regg.,
1385 4448 1548 4505 Coisl.
1571 4449 1627 4517 2,
1653 4449 1845 4521 aliique
1869 4450 2067 4519 plures,

570 4589 678 4659 (64)
743 4588 947 4657 Ήμῶν.
1012 4588 1169 4645 Deest
1228 4587 1280 4641 in
1339 4589 1510 4645 tribus
1561 4590 1750 4660 Regg.,
1805 4588 1895 4645 Or.
1944 4590 1979 4643 2
2017 4599 2070 4645 et

490 4658 676 4795 Paiséé)
731 4729 1181 4797 Προσαγούσηςο
1248 4726 1383 4783 Tres
1437 4728 1628 4799 “933.,
1684 4731 2065 4800 προσαγαγού-

567 4864 676 4934 (66)
711 4863 835 4941 ζοῖς
864 4864 1199 4941 δημοσίοις.
1242 4866 1476 4941 Hicetas.
1512 4868 1719 4941 ἀρχαῖς
1748 4871 1842 4921 καὶ
1868 4869 2064 4941 διοική-

501 4952 639 4990 σεσι.
676 4952 695 4985 ι
715 4935 847 4988 Cum
877 4937 1101 5001 publicis
1133 4939 1466 5004 przefecturis
1497 4935 1561 4990 et'
1582 4935 2063 4995 administrationi-

496 5007 619 5065 bus,
653 5004 901 5058 Ecclesia:
936 5008 1093 5057 etiam
1117 5006 1234 5071 jura
1261 5008 1641 5060 dividerentur.
1670 5027 1685 5057 ι

568 5075 681 5142 (67)
709 5074 1187 5144 Συνδιαιρεῑσθαι
1227 5077 1324 5130 καὶ
1378 5077 1447 5129 τὰ
1502 5075 1771 5144 ἡμέτερα.
1831 5076 1921 5134 Sic
1968 5094 2060 5134 sex

495 5145 667 5219 Regg.
704 5143 758 5219 In
789 5146 898 5219 ed,
921 5147 1013 5197 καὶ
1047 5145 1115 5198 τὰ
1144 5146 1385 5219 ἡμέτερα
1413 5143 1850 5219 συνδιαιρείσθαι.

532 5213 697 5336 €923)"
711 5213 1075 5281 Διαιρέσεως.
1106 5213 1196 5270 Sic
1224 5213 1463 5287 plerique
1502 5213 1657 5273 codd.
1701 5219 1753 5270 lu
1788 5218 1896 5283 cd.,
1928 5216 2062 5271 διαι-

562 5301 717 5338 σεων.

498 5300 878 5425 ρεῗὲξῧν.Νέου
917 5358 1373 5424 μητροπολίτου.
1429 5356 1605 5411 Novus
1662 5357 1748 5411 ille
1796 5367 2061 5425 metropo-

501 5424 593 5478 lita
619 5426 716 5478 fuit
740 5427 1048 5491 Anthintns,
1090 5444 1194 5480 non
1226 5444 1353 5481 vero
1393 5428 1729 5493 Anthemius,
1783 5438 1839 5481 ut
1872 5443 2057 5496 perpe-

492 5508 610 5549 ram
642 5505 862 5550 annotat
887 5496 1258 5551 Montacntius.

588 5563 681 5631 70)
729 5566 838 5619 Kal
894 5566 963 5619 τὰ
1020 5565 1193 5635 σφῶν
1259 5569 1447 5636 ἡδέως
1501 5567 2056 5637 παρακερδαίνουσι.

502 5647 520 5682 ι
548 5637 657 5685 Sua
691 5637 903 5756 propria
946 5637 1063 5690 lazto
1093 5638 1271 5692 animo
1320 5641 1615 5694 lucramur.
1639 5657 1656 5690 ι
1699 5641 1832 5692 Cum
1863 5638 2060 5705 promi-

502 5714 625 5756 seua
657 5717 690 5756 ι)
714 5705 809 5756 ebs
856 5707 1161 5756 sacerdotes
1222 5718 1506 5756 narrantes
1562 5710 1750 5756 cernit.
1780 5708 1831 5756 id
1860 5707 2057 5756 lucrari

497 5714 625 5758 scua
657 5705 809 5771 plebs
856 5707 1161 5763 sacerdotes
1222 5718 1506 5781 peccantes
1562 5710 1757 5775 cernit,
1780 5708 1831 5763 id
1860 5707 2058 5762 lucrari

2166 4448 2265 4504 sibi
2297 4449 2527 4513 videtur,
2558 4456 2616 4500 ut
2655 4446 2813 4501 faciat
2866 4446 3005 4514 quod
3038 4445 3185 4511 velit,
3236 4455 3417 4514 utpote
3436 4445 3546 4514 jam
3571 4462 3727 4503 nemo

2167 4522 2257 4578 sit.
2283 4518 2372 4588 qui
2398 4518 2512 4587 ejus
2545 4528 2757 4588 peccata
2787 4525 3039 4588 coarguat
3065 4529 3118 4569 et
3147 4517 3453 4588 ins_cctetur.

2238 4584 2347 4659 (ἷί)
2378 4584 2446 4641 AZ
2481 4587 2753 4653 Tuvpmal
2798 4584 3101 4659 πρόσοδοι.
3164 4604 3180 4635 ι
3202 4584 3413 4638 Tanrici
3453 4585 3672 4659 reditus.
3698 4604 3719 4637 ι

2163 4654 2393 4712 Fructus
2429 4666 2482 4711 et
2511 4668 2797 4723 proventus
2827 4657 2879 4708 Sc
2915 4654 3140 4715 Orestis,
3197 4670 3291 4723 per
3331 4667 3560 4709 montem
3584 4655 3728 4706 Tau-

2164 4743 2304 4792 rum,
2342 4728 2433 4795 qui
2466 4736 2548 4781 est
2574 4726 2714 4780 inter
2737 4725 2978 4780 Ciliciam
3018 4736 3068 4779 et
3107 4725 3517 4793 Cappadociam,
3563 4726 3727 4778 deve-

2164 4797 2672 4938 bei);;)wl;izpddtou
2732 4861 2922 4938 Savil_.,
2963 4864 3278 4938 παρωρεῖοι,
3336 4882 3354 4914 ι
3386 4851 3727 4938 montiadja-

2160 4933 2362 4989 centes.
2391 4956 2408 4987 ι
2443 4937 2654 4989 Nicetas
2694 4935 2912 5000 exponit
2943 4950 2956 4985 :
2992 4933 3383 5003 παροδεύουσαι
3406 4949 3420 4963 ·
3478 4953 3495 4984 ι
3526 4935 3622 4999 Qui
3655 4934 3723 4986 il-

2167 5005 2255 5060 luc
2312 5007 2627 5066 transirent,
2683 5014 2842 5071 atque
2874 5003 3307 5072 injconspectum
3359 5004 3598 5060 Anthitni
3635 5018 3725 5057 ve-

2162 5077 2387 5139 nientes,
2420 5076 2535 5143 cjus
2558 5074 3225 5143 cupiditatenrmovergnt.
3257 5090 3274 5123 ι

2237 5147 2345 5213 (75)
2376 5140 2866 5212 Προσγειλόμεναι.
2898 5140 3085 5196 Plures
3106 5141 3277 5212 liegg.
3306 5152 3362 5199 et
3382 5142 3475 5198 0r.
3498 5142 3739 5213 2,προστη

2159 5216 2454 5283 γινόμεναι.

2226 5286 2341 5367 (η)
2382 5286 2462 5367 Τὰ
2489 5283 2600 5367 τῇς
2637 5282 3000 5350 ἀπληστίας.
3030 5280 3118 5336 Sic
3164 5282 3398 5352 quinque
3439 5283 3600 5352 ηερε.
3631 5281 3725 5335 ου-

2159 5356 2727 5509 εεέἷέῗέὲιίἓδοξος.
2758 5422 2847 5476 Sic
2880 5422 2983 5475 duo
3020 5422 3204 5484 Cois...
3240 5432 3344 5475 etc.
3381 5423 3434 5476 In
3482 5423 3591 5487 ed.,
3625 5438 3725 5475 κα-

2159 5495 2716 5646 ῗοῗὲῗίιῖᾓταιόυσιν.
2747 5562 2870 5616 Bas.
2912 5560 3169 5629 ctGatbr-.
3203 5564 3525 5636 πταίσμασιν
3580 5580 3598 5613 ⁴
3644 5558 3727 5616 οῖ’

2159 5634 2458 5689 fctidiculis.
2487 5653 2504 5685 ι

2231 5705 2343 5775 (77)
2373 5704 2741 5774 Θαυμασίαν.
2769 5702 2944 5770 Pass,
2968 5703 3302 5777 θαυμαστήν.
