4100 6276
320 309 427 366 573

1136 313 1397 371 ORATIO
1433 314 1620 369 XI‘JII.
1658 345 1727 355 —
1764 315 1833 370 ΙΝ
1872 315 2155 372 LAUDEM
2200 318 2444 375 BASlLll
2487 318 2722 373 MAGNI.

3461 322 3567 380 574

322 427 561 492 non;
593 426 669 495 ΕΞ
701 423 760 484 ἃ.)
786 428 837 482 τί
853 428 1101 500 γίνεταιε
1131 432 1269 504 Τρία
1295 430 1364 484 τὰ
1386 430 1645 484 κάλλιστα
1668 449 1682 463 ι
1709 431 1895 502 ψυχῶν

2007 435 2370 492 calamitatem
2411 450 2572 504 quam
2621 431 2978 503 pulcherrime
3034 432 3332 500 constituit,
3390 440 3565 505 patria

323 517 618 588 ἐπιμέλεια
650 518 871 577 πλείων.
928 536 1023 573 και
1059 519 1121 574 τὸ
1153 519 1305 573 πόλιν
1334 520 1568 591 ἑκάστην
1596 519 1666 572 τά
1700 520 1898 589 ἑαυτῆς

321 608 493 680 ἔχειν,
523 610 693 664 καὶτὸ
716 610 939 681 λυθῆναι
962 610 1136 685 ταύτῃ
1164 612 1254 666 τὸν
1275 612 1529 682 πόλεμον.
1562 612 1775 683 Ταύτης
1798 611 1897 682 τῆς
1954 622 1957 625 ’

323 702 570 765 ἐπινοίας
601 703 831 765 δέδοικα,
863 702 937 773 μὴ
970 704 1064 755 κα)⁵
1102 703 1264 765 αὐτὸς
1300 702 1566 773 ἐγενόμην
1598 702 1895 772 πάρεργον.

325 795 398 848 Ἦ
426 795 528 847 οὐκ
551 789 650 846 οἷδ’
682 795 710 847 ὅ
732 811 784 846 τι
814 795 908 847 καὶ
928 796 1099 847 εἰπεῖν
1128 794 1392 866 εὐτρεπὲς
1422 794 1533 865 (78)
1568 794 1896 864 χρή.Πάντα

323 888 437 958 γὰρ
461 886 557 939 τοῦ
612 885 802 956 ἀνδρὸς
856 885 1170 956 θαυμάζων,
1201 885 1461 956 οὐμενοῦν
1496 886 1689 938 ὁπόσον
1724 886 1897 938 εἰπεῖν

322 978 575 1043 δυνατὸν,
614 978 673 1030 ἒν
700 978 857 1031 τοῦτο
881 978 1121 1030 ἐπαινεῖν
1145 978 1243 1031 οὐκ
1278 977 1385 1047 ἔχω
1411 977 1527 1041 (καὶ
1551 976 1659 1046 γὰρ
1708 976 1898 1046 ὁμολο-

320 1071 481 1141 γήσω
527 1070 590 1123 τὸ
621 1068 833 1139 πάθος),
864 1068 983 1121 οὐδὲ
1013 1068 1186 1131 ἄλλως
1216 1071 1327 1131 τοῖς
1359 1067 1572 1129 πολλοῖς
1604 1066 1901 1136 ἀγνοούμε-

321 1178 434 1223 νον,
474 1161 577 1232 τὴν
621 1160 751 1231 περὶ
789 1161 936 1230 ἡμᾶς
966 1158 1313 1229 καινοτομίαν
1347 1159 1439 1211 καὶ
1472 1157 1727 1211 ἀπιστίαν
1759 1156 1895 1227 (79),

320 1245 390 1322 ἦς
416 1250 537 1302 οὐδὲ
565 1252 594 1303 ὁ
621 1250 810 1321 χρόνος
841 1248 937 1319 τὴν
976 1248 1153 1320 λύπην
1178 1247 1473 1302 ἀνάλωσεν.
1515 1248 1751 1302 Ἐκεῖθεν
1788 1248 1897 1318 γάρ

325 1357 417 1410 μοι
456 1340 613 1392 πᾶσα
663 1339 959 1392 συνέπεσεν
1006 1338 1039 1408 ἡ
1072 1336 1199 1407 περὶ
1226 1337 1316 1390 τὸν
1346 1337 1459 1407 βίον
1492 1337 1775 1408 ἀνωμαλία
1804 1338 1897 1392 καὶ

325 1429 613 1499 σύγχυσις,
642 1428 736 1482 κα)⁸
764 1430 825 1482 τὸ
852 1430 1159 1499 φιλοσοφεῖν
1186 1428 1259 1499 μὴ
1286 1428 1601 1499 δυνηθῆναι,
1632 1430 1664 1499 ἢ
1705 1428 1782 1500 μὴ
1814 1446 1899 1482 νο-

324 1517 604 1589 μίξεσθαι,
652 1519 699 1571 εἰ
728 1519 822 1571 καὶ
871 1518 1073 1589 βραχὺς
1102 1517 1195 1571 τοῦ
1232 1518 1485 1588 δευτέρου
1519 1517 1675 1586 λόγος
1700 1536 1713 1549 ·
1762 1519 1897 1590 πλὴν

321 1610 376 1666 εί
395 1627 481 1672 τις
531 1611 706 1663 ἐκεῖνο
754 1609 993 1675 δέξαιτο,
1042 1612 1075 1679 ἡ
1086 1608 1201 1679 μῶν
1229 1608 1321 1661 τοῦ
1350 1609 1540 1680 ἀνδρὸς
1568 1609 1899 1680 ὑπερααιτολο⁴

318 1698 630 1770 γουμένων,
690 1699 770 1752 ὅτι
808 1697 976 1768 μείζω
1024 1696 1270 1767 φρονῶν,
1310 1697 1343 1767 ἢ
1388 1697 1531 1750 κατὰ
1568 1697 1633 1749 τὰ
1683 1695 1896 1769 ἀνθρώ-

2002 527 2256 580 nimirum
2314 526 2556 595 pluribus
2610 523 2874 593 episcOpis
2921 523 3270 578 communita.
3331 525 3410 581 Ex
3458 542 3567 598 quo

2002 627 2109 671 tres
2126 615 2551 685 prmclarissimm
2578 628 2665 667 res
2698 620 2897 668 secutae
2928 621 3073 666 sunt.
3116 611 3250 667 Nam
3285 623 3339 668 et
3362 616 3567 673 anima.

1998 721 2117 761 rum
2149 720 2277 759 cura
2305 703 2472 770 major
2533 712 2779 771 suscepta
2822 713 2904 755 est
2936 720 2948 755 :
2976 712 3030 756 et
3076 702 3327 771 quaelibet
3377 705 3566 779 civitas

1998 804 2289 866 proventus
2335 808 2461 848 suos
2513 791 2701 846 habuit
2755 811 2769 847 :
2830 800 2884 845 ct
2932 792 3131 846 bellum
3188 793 3290 847 hac
3352 796 3563 851 ratione

2004 897 2372 951 compressum
2404 890 2457 935 et
2475 880 2799 935 exstinctum
2822 889 2924 935 est.
2946 880 3113 947 Hujus
3139 882 3346 937 consilii
3376 899 3567 941 vereor

1999 990 2067 1029 ne
2122 971 2271 1028 velut
2328 971 2594 1041 appendix
2653 971 2894 1039 qumdam
2948 971 3063 1037 ipse
3113 970 3327 1027 fuerim.
3383 973 3569 1044 Neque

1998 1066 2142 1120 enim
2175 1063 2454 1119 honestius
2485 1077 2550 1117 ac
2582 1061 2877 1132 speciosius
2909 1063 3156 1129 verbum,
3178 1078 3285 1132 quo
3306 1074 3446 1130 utar,
3472 1081 3567 1121 oc-

1997 1158 2188 1215 currit.
2215 1155 2347 1209 Nam
2372 1170 2493 1209 cum
2524 1164 2721 1209 caatera
2747 1153 2927 1208 omnia
2954 1152 3111 1220 lmjus
3141 1155 3240 1207 viri
3286 1154 3447 1219 facta,
3477 1172 3570 1211 su-

1999 1262 2095 1318 pra
2119 1261 2279 1316 quam
2342 1244 2445 1299 dici
2496 1253 2679 1313 queat,
2713 1243 2966 1308 admirer,
2998 1258 3160 1296 unttm
3208 1243 3309 1298 hoc
3350 1245 3571 1302 laudare

2001 1332 2209 1405 nequeo
2239 1332 2499 1394 (dolorem
2531 1333 2674 1388 enim
2725 1332 3040 1397 confitebor,
3084 1333 3277 1401 alioqui
3310 1349 3410 1390 nec
3433 1335 3572 1390 mul-

2001 1426 2071 1481 tis
2121 1424 2494 1494 incognitum),
2549 1437 2669 1477 eam
2723 1423 3184 1492 nimirum,quam
3220 1426 3271 1479 iu
3298 1442 3396 1481 nos
3417 1428 3571 1482 adhi-

2000 1516 2133 1581 buit,
2162 1515 2507 1569 novationem
2560 1528 2624 1568 ac
2670 1513 2975 1582 perfidiam,
3010 1515 3160 1583 cujus
3197 1532 3479 1573 maerorem
3505 1533 3573 1576 ne

2003 1616 2213 1671 tempus
2257 1606 2470 1673 quidem
2524 1605 2697 1658 adhuc
2733 1604 3021 1659 exhaurire
3055 1608 3246 1673 potuit.
3275 1608 3409 1663 llinc
3428 1610 3571 1665 enim

2000 1698 2131 1753 mihi
2159 1698 2335 1753 omnis
2352 1699 2472 1750 vitae
2496 1696 2853 1750 inconstantia
2876 1706 2930 1749 et
2953 1698 3287 1765 perturbatio
3312 1702 3567 1765 manavit,

321 1807 456 1855 πινα
493 1791 629 1859 (80),
662 1788 883 1843 καὶτῶν
912 1788 1120 1841 ἐνθένδε
1144 1787 1273 1859 πρὶν
1303 1788 1604 1841 ἀποὸιῶναι
1662 1804 1897 1858 μετανα-

2006 1790 2254 1861 quodque
2282 1788 2648 1860 philosophari
2695 1786 2864 1858 815
2905 1788 3256 1855 nequiverim,
3289 1798 3381 1843 aut
3425 1802 3573 1845 certe

322 1880 478 1944 στὰς,
513 1881 691 1935 πάντα
724 1882 958 1933 ἐποιεῖτο
984 1879 1076 1932 τοῦ
1103 1878 1417 1949 Πνεύματος
1437 1897 1451 1911 ο
1484 1880 1577 1932 καὶ
1605 1880 1784 1949 φιλίαν
1811 1881 1893 1933 ai-

319 1971 530 2026 δεῖσθαι
571 1971 749 2036 εἰδὼς,
781 1969 1012 2025 ἐνταῦθα
1054 1971 1210 2041 μόνον
1239 1967 1529 2041 ἠτίμαζεν,
1555 1966 1615 2024 οῦ
1637 1971 1767 2024 Θεὸν
1792 1972 1899 2025 ἔδει

318 2063 767 2136 προτιμηθῆναι,
817 2063 912 2116 καὶ
962 2061 1145 2115 πλεῖον
1184 2061 1296 2135 (81)
1345 2060 1486 2134 ἔχειν
1543 2062 1653 2116 τῶν
1705 2063 1902 2135 λυομέ-

319 2175 431 2213 νων
460 2158 572 2229 (82)
600 2157 671 2211 τὰ
706 2157 1055 2230 ἐλπιζόμενα.

1996 1897 2104 1936 non
2131 1882 2424 1948 existimer,
2454 1880 2663 1935 tametsi
2691 1881 2757 1933 de
2785 1879 3065 1945 posteriori
3110 1895 3213 1934 non
3242 1896 3572 1951 magnopere

1997 1970 2277 2038 laborem;
2314 1973 2415 2026 nisi
2455 1972 2578 2041 quis
2614 1980 2788 2024 tamen
2837 1969 2988 2024 hoca
3027 1984 3111 2024 me
3144 1985 3242 2039 pro
3274 1971 3415 2026 illius
3445 1988 3573 2042 apo-

1998 2062 2136 2131 logia
2191 2062 2438 2131 accipiat,
2474 2064 2615 2131 quod
2656 2060 2989 2123 sublimiora,
3014 2075 3173 2130 quam
3214 2076 3311 2129 pro
3338 2062 3570 2118 hominis

1997 2155 2327 2219 conditione,
2364 2155 2624 2220 sentiens,
2676 2164 2837 2224 atque
2862 2154 3007 2220 hinc,
3042 2153 3192 2221 prius
3211 2154 3373 2208 etiam
3401 2170 3566 2225 quam

321 2246 435 2300 vita
465 2248 773 2312 excederet,
797 2249 1093 2319 digressus,
1113 2249 1294 2304 omnia
1349 2249 1414 2304 ad
1442 2250 1700 2320 Spiritum
1761 2248 2065 2314 referebat;
2111 2258 2273 2318 atque
2315 2249 2565 2303 amicitiae
2596 2246 2794 2311 oilicia,
2826 2262 2944 2315 quae
2994 2248 3193 2314 alioqui
3246 2259 3429 2303 sancte
3485 2263 3571 2304 τος

321 2335 494 2403 lebat,
530 2336 619 2391 hic
650 2337 822 2392 solum
858 2336 1268 2406 aspernabatur,
1294 2337 1381 2393 ubi
1409 2339 1573 2395 Deum
1611 2338 1886 2408 anteponi,
1928 2348 2089 2409 atque
2112 2353 2200 2394 res
2243 2338 2297 2393 in
2333 2353 2429 2408 spe
2485 2340 2711 2407 positas,
2778 2352 2939 2407 quam
2972 2336 3192 2408 fragiles
3228 2349 3283 2395 et
3313 2343 3568 2409 caducas,

321 2429 499 2499 pluris
520 2429 702 2485 facere
721 2431 1023 2499 oportebat.

390 2539 469 2594 Ξ’.
497 2539 719 2595 Δέδοικα
752 2543 849 2614 μὲν
888 2541 1000 2610 οὖν,
1052 2544 1125 2617 μὴ
1162 2546 1432 2619 ῥᾳθυμίας
1464 2547 1719 2619 ἔγκλημα
1769 2548 1901 2618 φεύ-

322 2646 458 2699 γων,
489 2632 640 2703 παρά
672 2635 784 2697 τοῖς
806 2634 875 2689 τὰ
903 2636 1111 2690 ἐκείνου
1137 2638 1313 2691 πάντα
1342 2637 1709 2709 ἐπιζητοῦσιν,
1736 2638 1901 2709 ἀπλη-

326 2722 481 2786 στίας
511 2724 792 2793 περιπέσω
816 2730 1022 2797 γραφῇ,
1061 2728 1212 2799 παρά
1239 2731 1350 2792 τοῖς
1406 2727 1687 2783 ἐπαινοῦσι
1711 2729 1772 2782 τὸ
1806 2729 1903 2800 μέ-

324 2830 496 2885 τριον,
521 2813 551 2866 ὃ
586 2815 721 2886 μηδὲ
748 2818 951 2880 ἐκεῖνος
984 2818 1238 2889 ἠτίμαζε,
1286 2817 1355 2872 Τὸ
1382 2817 1506 2873 πᾶν
1532 2819 1752 2888 μέτρον
1782 2819 1896 2889 (85)

326 2906 597 2974 ἄριστον,
634 2909 691 2961 ἐν
720 2912 832 2971 τοῖς
861 2910 1094 2979 μάλιστα
1125 2911 1381 2978 ἐπαινῶν,
1413 2911 1507 2964 καὶ
1534 2914 1684 2983 παρὰ
1723 2914 1899 2966 πάντα

324 2996 417 3049 τὸν
451 2996 645 3049 ἑαυτοῦ
673 2996 784 3067 βίον
814 2998 1270 3070 φυλάξας.”ομως
1298 2999 1354 3054 δέ
1376 3001 1717 3073 ἀμφοτέρους
1745 3019 1900 3073 περι-

2018 2540 2185 2626 ‘LX.
2220 2540 2481 2612 Equidem
2515 2543 2644 2597 mihi
2669 2545 2955 2599 verendum
2980 2559 3101 2601 esse
3129 2545 3305 2610 video,
3331 2560 3401 2600 ne
3445 2546 3569 2600 dum

1998 2638 2137 2704 apud
2161 2649 2276 2699 eos,
2301 2636 2391 2705 qui
2418 2648 2607 2689 omnes
2655 2633 2795 2689 illius
2842 2634 3028 2690 laudes
3076 2637 3376 2704 requirunt,
3405 2635 3573 2705 negli-
3686 2706 3695 2714 .

1998 2728 2191 2796 gentia:
2222 2726 2432 2797 culpam
2464 2727 2638 2781 vitare
2661 2727 2839 2796 cupio,
2872 2728 2922 2782 iu
2951 2728 3251 2783 immodicas
3287 2730 3569 2796 prolixita-

2001 2819 2068 2874 tis
2117 2818 2323 2873 crimen
2372 2820 2510 2888 apud
2564 2833 2658 2874 eos
2701 2819 2956 2883 incidam,
3005 2820 3096 2888 qui
3149 2821 3573 2875 mediocritatem

2000 2910 2238 2974 laudant,
2285 2925 2444 2980 quam
2498 2926 2597 2965 nec
2647 2910 2738 2965 ille
2805 2911 3207 2976 contemnebat,
3240 2923 3424 2976 utpote
3480 2915 3571 2982 qui

1997 3000 2322 3055 sententiam
2374 3000 2533 3068 hanc,
2574 2999 2765 3054 Modus
2794 3000 2962 3054 omnis
3010 3003 3258 3069 optimus,
3300 3004 3351 3056 in
3385 3004 3576 3072 primis

327 3087 565 3158 φρονῶν,
625 3088 751 3151 τούς
810 3107 871 3143 τε
923 3089 1041 3143 λίαν
1094 3092 1408 3162 συντόμους,
1464 3093 1557 3145 καὶ
1598 3094 1725 3157 τοὺς
1757 3094 1895 3160 ἄγαν

2002 3092 2317 3156 laudaverit,
2351 3106 2415 3145 ac
2439 3107 2535 3161 per
2564 3106 2780 3146 onmem
2810 3093 2930 3147 vita:
2972 3107 3189 3146 cursum
3249 3095 3573 3150 observave-

325 3178 660 3250 ἀπλήστους,
693 3179 788 3232 ὡδί
841 3197 952 3243 πως
977 3179 1054 3250 τῷ
1081 3180 1223 3251 λόγῳ
1264 3185 1556 3253 χρήσομαι.
1586 3184 1768 3236 ’Ἄλλοι
1800 3185 1898 3255 μὲν

323 3265 419 3322 οὖν
445 3269 572 3323 ἄλλο
604 3287 656 3322 τι
706 3271 1080 3342 κατορθοῦσιν,
1111 3274 1158 3324 οἰ
1203 3272 1260 3325 δέ
1295 3290 1416 3326 τινα
1442 3274 1549 3327 τῶν
1579 3274 1675 3344 τῆς
1699 3277 1900 3347 ἀρετῆς

326 3361 486 3413 εἰδῶν
513 3361 682 3415 ὄντων
710 3362 968 3437 πλειόνων
988 3381 1001 3394 ·
1032 3363 1243 3417 ἅπαντα
1263 3364 1318 3416 δὲ
1340 3364 1513 3427 οὐδεὶς
1538 3365 1740 3434 ἐπῆλθε
1766 3366 1900 3437 πρὸς

325 3452 390 3505 τὸ
427 3452 747 3523 ἀκρότατον,
775 3452 969 3508 οὔκουν
999 3454 1104 3507 τῶν
1147 3454 1240 3508 νῦν
1289 3457 1417 3525 ἡμῖν
1447 3456 1862 3525 γινωσκομένων
1882 3473 1895 3487 ο

324 3544 444 3597 ἀλλ’
477 3539 631 3608 οὗτος
651 3546 868 3615 ἀριστος
906 3546 1060 3615 ἡμῖν,
1077 3544 1135 3609 ὃς
1158 3545 1222 3599 ἂν
1247 3545 1314 3598 τὰ
1334 3545 1500 3598 πλείω
1524 3547 1765 3619 τυγχάνῃ
1789 3548 1898 3616 (84)

326 3635 734 3707 κατωρθωκὼς,
767 3636 799 3708 ἢ
825 3636 883 3689 ἓν
912 3638 992 3689 ὅτι
1027 3636 1276 3707 μάλιστα.
1319 3638 1377 3690 '0
1407 3637 1464 3690 δὲ
1495 3637 1636 3691 οὕτω
1664 3638 1749 3691 διὰ
1774 3639 1904 3691 πάν-

326 3745 440 3781 των
495 3728 743 3796 ἀφίκετο,
772 3728 848 3793 ὡς
902 3724 1041 3782 εἶναι
1082 3727 1361 3798 φιλοτιμία
1385 3746 1469 3792 τις
1491 3728 1722 3797 φύσεως.
1765 3731 1900 3785 Σκο-

329 3821 526 3889 πῶμεν
556 3820 613 3874 δὲ
663 3820 866 3884 οὕτως·
912 3820 1204 3889 Ἀκττισίαν
1255 3820 1338 3883 τίς
1393 3821 1623 3885 ἐπαινεῖ,
1655 3822 1748 3875 καὶ
1789 3822 1905 3892 βίον

328 3913 564 3967 ἄσκευον
597 3912 737 3983 (85),
786 3911 879 3965 καὶ
908 3910 1228 3982 ἀπέριττον;
1273 3910 1492 3981 Ἐκείνῳ
1540 3911 1617 3975 δὲ,
1664 3911 1715 3965 τί
1774 3930 1902 3973 ποτε

326 3997 400 4074 ἦν
426 4001 560 4071 (86),
594 4000 733 4072 πλὴν
762 3999 857 4053 τοῦ
893 3999 1163 4070 σώματος,
1196 3999 1288 4052 καὶ
1321 3998 1428 4051 τῶν
1460 4002 1771 4070 ἀναγκαίων
1803 4002 1904 4074 τῆς

330 4094 536 4165 σαρκὸς
562 4092 934 4164 καλυμμάτων
955 4109 969 4157 ;
1002 4091 1237 4157 Πλοῦτος
1261 4094 1336 4155 δὲ,
1356 4096 1419 4149 τὸ
1439 4095 1604 4167 μηδὲν
1632 4095 1793 4165 ἔχειν,
1811 4097 1904 4148 καὶ

324 4187 359 4239 ὁ
384 4185 634 4255 σταυρὸς,
663 4178 709 4252 ᾧ
735 4184 932 4257 συνέζη
958 4184 1119 4255 μόνῳ,
1146 4183 1205 4237 ὃν
1231 4185 1437 4239 πολλῶν
1471 4188 1766 4257 χρημάτων
1793 4187 1906 4241 ἐνό-

331 4277 491 4348 μιζεν
523 4275 701 4346 ἐαυτῷ
732 4274 1080 4348 τιμιώτερον.
1113 4276 1362 4330 Ἃπαντα
1410 4276 1508 4348 μὲν
1537 4278 1645 4351 γὰρ
1670 4278 1776 4331 οὐδ’
1814 4279 1902 4345 ἂν,

327 4370 379 4420 εί
435 4365 680 4437 βούλοιτό
707 4384 810 4433 τις,
845 4366 1070 4419 δυνατὸν
1117 4363 1255 4420 εἶναι
1304 4367 1643 4438 κτήσασθαιο
1686 4370 1903 4423 πάντων

2001 3182 2092 3237 rit.
2148 3180 2256 3250 Ego
2306 3191 2507 3246 tamen,
2543 3182 2785 3250 utrisque
2825 3183 3126 3252 perpensis,
3163 3198 3355 3253 nempe
3382 3194 3438 3239 et
3483 3185 3571 3252 iis,

1999 3273 2087 3341 qui
2120 3274 2397 3329 brevitatis
2429 3274 2680 3327 nimirum
2710 3274 2933 3329 studiosi
2967 3283 3111 3337 sunt,
3145 3285 3199 3327 et
3221 3275 3306 3338 iis,
3332 3276 3422 3345 qui
3455 3278 3575 3331 nul-

2000 3364 2048 3418 la
2079 3368 2325 3419 oratione
2355 3367 2588 3419 saturari
2618 3377 2861 3434 possunt,
2893 3367 3035 3420 hunc
3064 3366 3177 3420 fere
3212 3368 3421 3422 dicendi
3454 3385 3571 3425 mo-

2001 3458 2126 3511 dum
2148 3458 2384 3512 rtenebo.
2412 3458 2514 3511 Alii
2568 3459 2674 3513 alio
2732 3459 2965 3526 quodam
3012 3459 3223 3513 virtutis
3254 3458 3427 3514 ofﬁcio
3451 3459 3572 3515 fun-

2001 3556 2217 3617 guutur.
2250 3546 2501 3602 Nonnulli
2528 3549 2692 3603 etiam
2716 3563 2780 3602 ex
2811 3548 3052 3617 pluribus
3099 3548 3311 3603 virtutis
3359 3552 3575 3619 generi-

2001 3640 2102 3694 bus
2162 3638 2405 3708 quaedam
2470 3648 2847 3708 assequuntur.
2908 3639 3074 3693 Nemo
3111 3649 3291 3694 autem
3327 3650 3431 3704 est,
3479 3643 3572 3712 qui

2002 3744 2099 3798 per
2119 3731 2298 3785 omnia
2330 3730 2396 3784 ad
2423 3744 2691 3784 summum
2736 3746 2905 3801 usque
2949 3741 3229 3801 grassatus
3271 3734 3362 3799 sit,
3390 3748 3576 3788 eorum

2009 3821 2225 3892 quidem
2283 3831 2456 3888 certe,
2516 3821 2608 3891 qui
2678 3822 2830 3875 nobis
2890 3823 3003 3876 uoti
3082 3833 3229 3877 sunt.
3282 3822 3480 3892 νιν-ειη]
3529 3824 3578 3879 is

2005 3914 2143 3983 apud
2182 3928 2280 3968 nos
2326 3914 2804 3984 praestantissimus
2842 3921 2944 3980 est,
2971 3913 3084 3982 qui,
3112 3914 3194 3969 vel
3238 3915 3577 3984 quampluri-

2005 4021 2089 4061 ma
2120 4007 2449 4076 prmstiterit,
2475 4007 2559 4061 vel
2588 4022 2750 4060 unum
2779 4021 2943 4076 quam
2989 4007 3221 4061 maxime
3242 4017 3296 4062 et
3318 4018 3579 4076 prastan-

2007 4096 2233 4151 tissime.
2266 4096 2336 4149 At
2385 4095 2614 4151 Basilius
2645 4096 2718 4150 ita
2759 4096 2938 4149 omnia
2984 4098 3310 4165 peragravit,
3344 4107 3399 4150 ut
3438 4099 3579 4152 ineo

2004 4186 2189 4256 gloria:
2240 4186 2541 4253 materiam,
2566 4185 2884 4256 quaesivisse
2948 4197 3141 4239 natura
3204 4187 3469 4241 videatur.
3523 4188 3579 4242 ld

2005 4286 2183 4331 autem
2216 4278 2295 4332 sic.
2339 4277 2751 4347 perspiciamus.
2797 4276 3005 4331 Laudat
3047 4278 3314 4346 quispiam
3360 4294 3578 4347 posses-

2006 4371 2218 4426 sionum
2247 4369 2550 4440 penuriam,
2587 4369 2861 4437 vitamque
2893 4367 3241 4436 supellectilis
3276 4378 3575 4435 expertem,

326 4462 386 4516 δὲ
414 4461 613 4515 εἰδέναι
645 4460 1025 4532 καταφρονεῖν,
1061 4459 1156 4513 καὶ
1182 4458 1326 4512 οὕτω
1371 4459 1601 4530 κρείττω
1627 4460 1734 4513 τῶν
1766 4461 1903 4513 πάν-

2005 4470 2061 4515 et
2089 4460 2506 4529 supervacaneis
2530 4459 2692 4511 rebus
2730 4458 2995 4511 vacuam?
3036 4457 3112 4510 llli
3136 4471 3264 4512 vero
3317 4460 3442 4526 quid
3474 4476 3575 4514 ιιιι-

327 4570 439 4607 των
472 4551 780 4622 φαίνεσθαι.
815 4550 971 4603 Οὕτω
1001 4549 1057 4601 δὲ
1081 4549 1404 4620 διανοηθεὶς,
1425 4552 1520 4603 κα)¹
1543 4549 1714 4613 οὕτως
1743 4550 1901 4621 ἔχων,

333 4643 520 4715 βωμοῦ
574 4643 672 4714 μὲν
704 4642 805 4695 οὐκ
857 4641 1073 4712 ἐδεήθη,
1128 4641 1221 4695 καὶ
1264 4641 1363 4712 τῆς
1388 4641 1548 4711 κενῆς
1575 4640 1751 4711 δόξης,
1782 4642 1904 4694 οὐδὲ

329 4734 593 4807 δημοσίου
646 4733 1001 4824 κηριξγματος
1050 4732 1179 4799 τοῦ,
1227 4730 1462 4801 Κράτης
1497 4731 1605 4803 (87)
1634 4730 1906 4801 Κράτητα

406 4958 519 5031 (78)
548 4956 873 5026 Εὐτρεπές.
932 4955 1101 5026 Regg.
1134 4955 1245 5022 bm,
1286 4957 1357 5026 ph
1387 4966 1441 5012 et
1466 4958 1677 5025 Comb.,
1703 4958 1903 5033 εὐπρεη

333 5030 523 5169 πέδω
563 5097 920 5169 Ἀπιστίανη
959 5113 978 5148 ι
1001 5095 1307 5169 Perﬁdiam,
1332 5114 1351 5147 ι
1378 5111 1450 5169 _a_c
1470 5097 1633 5153 veluti
1661 5101 1911 5159 amicitia)

308 5165 452 5239 'jur'a
484 5165 739 5224 violasset
787 5186 803 5221 :
840 5165 945 5233 vel,
967 5235 979 5239 _
1001 5177 1061 5239 ιιι
1110 5167 1327 5236 exponit
1378 5167 1611 5239 Nicetas,
1639 5238 1645 5239 ί
1679 5186 1696 5217 ι
1724 5184 1909 5237 parum

337 5235 795 5322 servatamnﬁdem
822 5254 878 5303 ;›
910 5235 1130 5291 minime
1166 5235 1313 5305 vero,
1353 5255 1371 5287 ι
1392 5235 1762 5303 difﬁdentiam,
1788 5257 1806 5290 ι
1852 5250 1913 5293 ιιι

336 5311 498 5363 vertit
532 5309 735 5363 Billitts.

347 5447 365 5448 η
406 5380 520 5448 (80)
550 5378 713 5434 Κατὰ
739 5377 812 5432 τὰ
839 5376 1203 5446 ἀνθρώπινα.
1242 5376 1375 5445 Reg.
1400 5377 1472 5448 ph
1516 5387 1571 5434 et
1599 5379 1744 5445 Bas.,
1769 5382 1913 5447 κατά

334 5447 432 5506 ἄνθ
441 5447 643 5521 ρωπον.
1405 5447 1416 5448 ί

408 5519 522 5589 (8t)
546 5517 785 5589 Πλεῖον.
827 5515 1077 5589 Quinque
1108 5516 1300 5587 Regg.,
1324 5517 1513 5589 πλέον.

411 5587 537 5665 (82⁷).
554 5588 893 5665 ᾼυομένων.
924 5587 981 5642 lu
1000 5590 1293 5659 nonnullis,
1313 5588 1681 5665 βλεπομένων,
1705 5609 1726 5643 ι
1749 5605 1919 5663 quam.

336 5674 461 5731 quia:
473 5660 757 5731 _videntur.
785 5675 804 5710 ι

413 5726 526 5801 (8⁵)
552 5728 621 5797 Τὸ
647 5726 772 5786 πᾶν
794 5726 1036 5800 μέτρον,
1092 5739 1196 5789 etc.
1254 5749 1275 5789 ι
1301 5729 1487 5791 Modus
1538 5732 1714 5791 omnis
1773 5730 1910 5801 opti-

2009 4566 2168 4621 quam
2195 4550 2313 4616 fuit,
2341 4556 2768 4618 przelet’corpus,
2794 4563 2858 4603 ac
2885 4550 3191 4603 necessaria
3224 4549 3403 4604 carnis
3436 4551 3578 4605 inte-

2009 4644 2303 4713 gumenta?
2342 4643 2551 4697 Divitia:
2580 4652 2757 4696 autem
2800 4641 2875 4694 illi
2914 4650 3069 4713 erant
3100 4640 3233 4694 nihil
3276 4642 3497 4707 habere,
3522 4652 3579 4698 et

2011 4752 2163 4803 crux,
2197 4750 2319 4792 cum
2356 4748 2461 4804 qua
2485 4733 2597 4789 sola
2631 4732 2801 4803 ipsius
2830 4731 2937 4786 vita
2972 4730 3306 4800 versabatur,
3336 4741 3391 4786 et
3415 4748 3574 4803 quam

2010 4975 2151 5016 mus.
2171 4979 2189 5013 ι
2225 4960 2503 5017 Sententia
2525 4972 2609 5019 est
2635 4960 2897 5028 Cleobuli,
2929 4962 3086 5017 unius
3116 4975 3182 5016 ex
3204 4968 3405 5028 septem
3424 4957 3576 5015 Gm-

2008 5040 2103 5086 ctaz
2136 5034 2484 5100 sapientibus.

2077 5099 2409 5170 (84)Πλείω
2439 5101 2727 5173 τυγχάνῃ.
2772 5100 2863 5155 Sic
2889 5101 3054 5170 chg.
3088 5104 3195 5165 bm,
3225 5100 3295 5168 ph
3324 5108 3377 5153 et
3406 5099 3574 5154 unde-

2006 5170 2119 5242 cim,
2143 5172 2293 5242 Colb.
2321 5174 2373 5225 lu
2399 5170 2756 5236 θό.,”πλείονα
2787 5173 3046 5242 τυγχάνῃ.

2078 5241 2189 5310 (85)
2218 5243 2539 5298 Ἀσκευον.
2578 5262 2595 5293 ι
2625 5243 2799 5295 Vitam
2817 5236 3065 5305 .ten'uein,
3091 5238 3408 5309 simplicem,
3436 5236 3577 5291 nullo

2010 5322 2224 5379 sumptu
2257 5323 2309 5367 et
2339 5323 2615 5382 apparatu.
2642 5330 2661 5361 ι

2081 5372 2487 5506 (815)119te'ﬁr.
2544 5380 2633 5435 Sic
2667 5379 2902 5449 quinque
2948 5378 3137 5450 Regg.,
3200 5377 3293 5434 Or.
3320 5378 3354 5431 2
3384 5384 3436 5431 et
3463 5372 3574 5429 Jes.

2084 5462 2163 5505 est
2187 5449 2254 5506 ἦν
2280 5469 2330 5505 ιη
2363 5468 2391 5505 e
2432 5489 2449 5506 .
2977 5486 2987 5493 -

2007 5449 2163 5524 Deest
2187 5449 2254 5524 ἦν
2280 5454 2340 5524 in_
2363 5449 2449 5506 ed.
2591 5518 2621 5524 _
2977 5486 2987 5493 -

2079 5523 2189 5593 (87)
2211 5518 2474 5590 Κράτης.
2535 5538 2553 5571 ι
2583 5518 2789 5579 Crates.
2815 5520 3110 5593 _r__pra2diis
3135 5518 3355 5593 relictis,
3386 5529 3578 5593 ascen-

2006 5584 2096 5648 (ιιι
2125 5584 2182 5645 iri
2203 5584 2413 5647 editum
2431 5584 2627 5653 locum,
2656 5605 2720 5644 ac
2742 5584 2947 5659 publice
2967 5589 3311 5659 proclamavit
3344 5600 3359 5640 :
3397 5602 3415 5659 ι
3443 5584 3579 5640 Cra-

2011 5672 2093 5717 tes
2117 5661 2385 5732 Cratetem
2415 5661 2657 5732 libertate
2684 5654 2871 5715 donat.
2894 5678 2913 5711 ι
2942 5654 2997 5732 id
3024 5670 3126 5728 est,
3162 5675 3191 5715 a
3226 5654 3576 5732 pecuniarum

2009 5730 2266 5790 servitute
2299 5745 2357 5788 se
2379 5732 2432 5789 in
2472 5729 2773 5788 libertatem
2802 5731 3013 5790 asserit.
