4100 6276
488 317 597 376 575

1726 318 1790 371 S.
1836 315 2165 373 GREGORII
2206 314 2549 372 THEOLOGI

3620 316 3727 373 576

494 444 685 513 majori
715 441 768 496 in
801 440 972 509 pretio
1013 439 1269 505 habebat,
1310 452 1470 507 quam
1526 437 1767 507 ingentes
1822 439 2060 505 pecuniae

2170 434 2425 503 Θηϐαῖον
2454 433 2776 500 ἐλευθεροῖ.
2814 428 2965 486 Εἶναι
2994 431 3119 502 γὰρ,
3152 432 3211 484 οὐ
3234 431 3428 495 δοκεῖν,
3459 432 3727 485 ἐσπουδα-

489 548 731 592 acervos.
780 532 958 601 Neque
1020 530 1162 583 enim
1217 543 1562 598 quemquam,
1621 529 1832 582 etiamsi
1883 530 2056 581 maxi-

493 641 579 681 me
610 625 807 693 cnpiat,
834 622 1013 677 omnia
1040 619 1258 689 adipisci
1294 633 1487 688 posse;
1533 632 1689 687 posse
1718 627 1891 671 autem
1939 633 2057 671 om-

491 716 582 772 nia
610 725 972 775 contemnere,
1008 712 1191 780 sicque
1220 710 1466 765 omnibus
1513 709 1672 763 rebus
1721 712 2058 776 przestautio-
2096 756 2103 763 .

493 820 605 860 rem
647 820 703 859 se
732 804 989 872 prtebere.
1015 801 1129 857 Ilac
1164 815 1325 869 porro
1356 809 1534 853 mente
1579 800 1855 868 praeditus,
1897 808 2060 867 atque

491 895 565 950 ita
602 903 961 963 comparatus,
1008 907 1100 945 ara
1147 889 1360 959 quidem
1389 904 1521 956 opus
1565 904 1667 942 non
1705 889 1911 950 habuit,
1961 903 2059 941 nec

2158 525 2247 589 ζεν
2281 526 2525 594 ἄριστος.
2577 522 2711 575 Οὐδὲ
2758 522 2910 574 πίθον
2967 520 3099 590 ᾤκει
3162 520 3272 591 (88)
3300 521 3395 572 καὶ
3428 521 3598 590 μέσην
3630 520 3732 591 τὴν

2157 614 2387 687 ἀγορὰν,
2408 614 2545 665 ὥστε
2573 615 2702 665 πᾶσι
2718 614 3076 684 παρατρυφᾷν
3100 610 3229 681 (89),
3254 609 3443 681 καινὴν
3471 612 3736 683 εὐπορίαν

2158 707 2217 759 τὸ
2250 707 2475 777 ἀπορεῖν
2511 707 2855 774 ποιούμενος·
2898 702 3214 772 ἀφιλότιμος
3240 701 3349 773 (90)
3379 701 3434 754 δὲ
3462 701 3630 772 πένης
3658 696 3732 770 ἦν

2158 797 2255 851 καὶ
2290 798 2549 867 ἀνήροτος
2568 813 2581 826 ο
2614 797 2707 847 καὶ
2735 794 2949 847 πάντων
2975 793 3197 862 ἐκϐολὴν
3224 791 3466 863 στέρξας,
3489 785 3562 845 ὧν
3595 809 3731 844 ποτε

2159 883 2293 957 εἶχε,
2331 887 2545 955 κούφως
2574 885 2683 956 (91)
2712 885 2916 937 διέπλει
2939 884 3033 954 τὴν
3068 883 3161 935 τοῦ
3193 882 3304 953 βίον
3341 882 3633 936 θάλασσαν.

491 987 636 1043 inani
663 986 849 1055 gloria,
884 998 980 1037 nec
1012 982 1222 1052 publico
1253 980 1627 1049 illo:pra'conio
1656 995 1670 1033 :
1703 978 1879 1033 Crates
1906 978 2162 1032 Cratetem
2188 978 2483 1032 Thebanum
2514 978 2746 1031 libertate
2769 978 2949 1029 donat.
2975 974 3087 1027 Non
3112 976 3251 1027 enim
3276 976 3507 1042 optimus
3532 972 3728 1037 videri,

491 1083 585 1135 sed
642 1094 780 1141 esse,
813 1076 1077 1133 studebat.
1111 1074 1221 1129 Nec
1250 1089 1375 1129 vero
1412 1074 1463 1128 in
1499 1074 1661 1136 dolio,
1698 1080 1855 1138 atque
1890 1071 1941 1122 in
1981 1069 2154 1122 medio
2185 1067 2301 1123 foro
2358 1069 2649 1133 habitabat,
2691 1075 2748 1120 ut
2790 1066 2927 1136 apud
2972 1080 3157 1118 omnes
3198 1064 3383 1118 luxum
3414 1079 3478 1117 ac
3507 1063 3732 1118 delicias

491 1168 591 1223 sibi
650 1163 1272 1234 compararetﬁinopiam
1301 1162 1467 1231 816
1516 1162 1570 1215 in
1622 1175 1800 1213 rerum
1841 1157 2047 1226 copiam
2074 1172 2211 1211 novo
2240 1160 2396 1213 modo
2421 1166 2769 1211 convertens:
2799 1170 2981 1208 verum
3019 1154 3086 1206 ab
3117 1155 3261 1207 tnnni
3291 1155 3469 1223 gloriae
3505 1154 3724 1223 cupidi-

490 1265 601 1313 tate
634 1256 855 1316 alienus,
887 1268 1091 1324 pauper
1129 1265 1247 1309 erat
1285 1264 1336 1310 et
1362 1254 1594 1309 incultus
1620 1272 1634 1319 ;
1665 1263 1824 1322 atque
1857 1252 2105 1308 omnibus
2143 1250 2521 1321 facultatibus,
2559 1266 2691 1322 quas
2728 1267 2960 1321 unquam
3008 1252 3270 1305 habuerat
3300 1290 3317 1317 ,
3356 1266 3509 1320 aequo
3545 1251 3731 1305 animo

491 1347 763 1416 proiectis,
789 1346 973 1399 leviter
1012 1343 1270 1411 facileque
1305 1344 1424 1398 vitae
1461 1345 1677 1413 pelagus
1715 1344 2134 1398 transmittebat.

566 1434 701 1489 LXI.
733 1433 1058 1487 Admiranda
1121 1448 1227 1496 res,
1274 1430 1622 1493 continentia,
1646 1439 1701 1484 et
1727 1445 1893 1500 parvo
1921 1445 2052 1484 con-

495 1536 698 1582 tentntn
732 1525 930 1587 vivere,
970 1538 1067 1576 nec
1110 1537 1137 1575 a
1173 1522 1532 1588 voluptatibus
1563 1523 1828 1589 superari,
1880 1537 1977 1577 nec
2023 1539 2054 1577 a

492 1629 698 1680 ventre,
724 1626 976 1685 tanquatn
1001 1631 1028 1667 a
1058 1630 1200 1669 saevo
1228 1623 1281 1668 et
1326 1615 1542 1667 sordido
1579 1615 1816 1681 domino,
1851 1616 2051 1683 guber-

494 1709 642 1761 nari!
698 1707 828 1772 Quis
871 1720 1102 1774 unquam
1156 1712 1299 1758 tanta
1344 1703 1517 1758 inedia
1559 1703 1681 1767 fuit,
1711 1720 1845 1773 pene
1892 1707 2055 1759 etiam

495 1798 742 1860 dixerim,
768 1797 887 1865 quis
927 1807 1032 1848 tam
1065 1794 1246 1848 carnis
1284 1794 1512 1863 expers?
1554 1794 1686 1849 Nam
1734 1796 2058 1851 voracitates

492 1899 546 1945 et
568 1889 875 1943 saturitates
925 1888 989 1943 ad
1049 1902 1140 1942 cos
1192 1886 1480 1956 abiecerat,
1533 1887 1623 1956 qui
1673 1886 1737 1940 ad
1778 1888 2057 1942 brutorum

495 1992 738 2035 naturam
780 1980 997 2050 propius
1037 1979 1318 2042 accedunt,
1347 1993 1681 2047 quorumque
1732 1980 1945 2034 servilis
1976 1989 2060 2033 at-

493 2073 671 2142 quein
704 2082 895 2126 terram
933 2085 1099 2140 prona
1156 2069 1263 2124 vita
1310 2080 1411 2125 est.
1452 2070 1568 2138 Ipse
1595 2080 1771 2124 autem
1815 2071 2060 2126 nihileo-

497 2177 639 2226 rum,
672 2174 789 2229 qua:
818 2169 937 2231 post
985 2168 1168 2231 guttur
1217 2161 1332 2228 pari
1378 2161 1632 2229 deinceps
1669 2164 1869 2217 honore
1910 2175 2055 2229 sunt,

494 2263 744 2318 magnum
777 2261 895 2302 esse
922 2249 1221 2313 censebat;
1258 2262 1445 2301 verum
1488 2250 1806 2305 necessariis
1856 2260 2058 2305 tantum

496 2339 651 2403 cibis,
699 2340 931 2416 quandiu
981 2338 1147 2405 licuit,
1184 2340 1347 2393 vitam
1406 2339 1687 2407 tolerabat,
1732 2351 1890 2411 atque
1920 2344 2063 2398 hunc

495 2434 667 2490 solum
688 2434 872 2489 luxum
901 2444 1073 2496 norat,
1109 2450 1299 2504 nempe
1336 2450 1365 2489 a
1392 2436 1516 2489 luxu
1540 2438 1830 2499 abstinere.
1870 2455 1969 2493 nec
1990 2441 2059 2494 ob

497 2540 617 2580 eam
648 2539 865 2579 causam
921 2525 1161 2593 pluribus
1214 2526 1373 2581 rebus
1426 2526 1699 2595 indigere;
1741 2531 1836 2582 sed
1868 2529 1973 2583 lilia
2009 2537 2063 2584 et

497 2630 645 2681 aves,
720 2616 912 2684 quibus
963 2616 1184 2685 simplex
1236 2622 1397 2686 atque
1438 2617 1653 2671 artificii
1693 2633 1886 2688 expers
1935 2619 2056 2688 pul-

502 2706 748 2760 chritudo
803 2714 903 2770 est,
960 2716 1012 2760 et
1059 2706 1237 2763 victus
1289 2706 1465 2761 facilis
1513 2718 1672 2776 atque
1704 2724 1766 2762 ex
1818 2718 2059 2777 tempore

502 2792 778 2862 quaesitus,
806 2793 875 2848 ob
894 2794 1078 2848 oculos
1101 2794 1321 2859 habere,
1348 2796 1799 2864 quemadmodum
1819 2796 2061 2852 Christus

410 2920 413 2929 .
502 2893 652 2933 meus
720 2870 903 2933 monet
951 2879 1020 2943 ³¹,
1065 2880 1155 2949 qui
1219 2882 1398 2936 carnis
1452 2894 1816 2952 paupertatem
1872 2896 2058 2941 nostra

2225 1431 2342 1486 EA’.
2378 1431 2697 1502 Θαυμαστὸν
2726 1434 2758 1502 ἡ
2786 1432 3097 1503 ἐγκράτεια,
3139 1433 3233 1485 καὶ
3248 1432 3561 1503 ὀλιγάρκεια
3592 1431 3728 1503 (92),

2163 1523 2263 1575 κα)⁵
2292 1522 2354 1575 τὸ
2387 1524 2460 1594 μὴ
2501 1524 2817 1595 κρατεῖσθαι
2845 1525 2949 1577 τῶν
2976 1524 3195 1595 ἡδονῶν,
3229 1524 3368 1595 μηδ’,
3406 1525 3478 1586 ὡς
3505 1524 3608 1577 ὑπὸ
3637 1542 3733 1577 πι-

2088 1651 2129 1705 B
2167 1614 2305 1683 κρᾶς
2338 1619 2431 1665 καὶ
2476 1614 2827 1686 ἀνελευθέρου
2860 1615 3161 1687 δεσποίνης,
3207 1615 3311 1683 τῆς,
3334 1615 3565 1686 γαστρὸς
3606 1615 3735 1682 ἄγε-

2162 1705 2304 1757 σθαι.
2334 1706 2428 1768 Τίς
2456 1705 2597 1758 οὕτω
2631 1708 2827 1776 μᾶλλον
2846 1708 3077 1777 ἄτροφος
3097 1703 3183 1778 ἦν,
3209 1708 3270 1759 οὐ
3301 1706 3431 1758 πολὺ
3449 1706 3503 1757 δὲ
3532 1707 3727 1776 εἰπεζν,

2159 1795 2255 1849 καὶ
2286 1793 2559 1865 ἄσαρκος;
2594 1797 2703 1859 Τὰς
2732 1798 2830 1868 μὲν
2858 1796 2964 1868 γὰρ
3010 1797 3321 1867 πλησμονὰς
3352 1798 3444 1849 καὶ
3477 1798 3601 1858 τοὺς
3638 1796 3733 1848 κόν

2165 1904 2291 1957 ρους
2323 1890 2436 1951 τοῖς
2471 1888 2828 1959 ἀλογωτέροις
2851 1891 3139 1961 ἀπέρριψε,
3164 1890 3257 1943 καὶ
3286 1883 3359 1941 ὧν
3386 1889 3732 1959 ἀνδρα-ποδῶν

2160 1977 2257 2047 δης
2289 1978 2385 2030 καὶ
2413 1978 2562 2030 κάτω
2587 1977 2851 2043 νενευκὼς
2877 1979 2904 2030 ὁ
2935 1979 3065 2048 βίος.
3105 1980 3275 2041 Αὐτὸς
3330 1980 3386 2032 δὲ
3423 1979 3575 2031 οὐδὲν
3615 1980 3731 2048 (95)

2161 2068 2280 2139 ⁴ᾔδει
2316 2069 2459 2139 μέγα
2487 2069 2597 2122 τῶν
2627 2069 2762 2140 μετὰ
2790 2070 2879 2123 τὸν
2909 2069 3102 2139 λαιμὸν
3130 2072 3425 2140 ὁμοτίμων,
3459 2069 3592 2123 ἀλλὰ
3616 2072 3733 2134 τοῖς

2160 2160 2477 2229 ἀναγκαίοις
2530 2160 2678 2232 διέζη
2735 2162 2914 2233 μόνον,
2954 2163 3056 2226 ἕως
3102 2163 3249 2232 ἐξῆν,
3294 2165 3387 2216 καὶ
3420 2165 3584 2233 μόνην
3612 2164 3731 2233 ᾔδει

2161 2250 2396 2322 τρυφὴν,
2421 2251 2482 2303 τὸ
2508 2250 2581 2322 μὴ
2607 2251 2821 2323 τρυφῶν
2844 2252 2951 2323 (94)
2978 2252 3282 2321 φαίνεσθαι,
3308 2253 3439 2323 μηδὲ
3463 2253 3549 2305 διὰ
3572 2252 3732 2305 τοῦτο

2163 2340 2660 2395 δεῖσθαιοπλειόνων
2684 2360 2698 2372 ’
2743 2342 2879 2396 ἀλλὰ
2926 2344 3062 2413 πρὸς
3102 2343 3171 2396 τὰ
3201 2343 3363 2414 κρίνα
3392 2342 3606 2412 βλέπειν
3636 2345 3733 2397 καὶ

2165 2432 2234 2485 τὰ
2266 2431 2462 2507 1:;qut,
2483 2428 2563 2495 οἷς
2589 2432 2811 2502 ἄτεχνον
2838 2432 2899 2486 τὸ
2914 2433 3128 2501 κάλλος,
3146 2435 3239 2487 καὶ
3258 2434 3459 2503 σχέδιος
3478 2435 3511 2504 ὴ
3531 2434 3730 2504 τροφὴ,

2162 2526 2304 2578 κατὰ
2336 2524 2434 2595 τὴν
2461 2524 2699 2594 μεγάλην
2729 2524 3047 2597 παραίνεσιν
3076 2524 3168 2579 τοῦ
3202 2526 3335 2596 ἐμοῦ
3361 2525 3614 2596 Χριστοῦ,
3635 2526 3738 2577 καὶ

2167 2616 2347 2687 σάρκα
2372 2617 2482 2685 (95)
2512 2615 2578 2668 δι’
2607 2618 2756 2687 ἡμᾶς
2809 2617 3239 2688 πτωχεύσαντος,
3268 2617 3333 2669 ἵν’
3372 2619 3528 2688 ἡμεῖς
3562 2616 3731 2670 πλου-

2166 2708 2439 2778 τισθῶμεν
2475 2707 2722 2777 θεότητα.
2764 2708 3043 2762 Ἐνθεῦοεν
3087 2710 3233 2780 αὐτῷ
3265 2710 3324 2763 τὸ
3373 2708 3429 2762 ἓν
3460 2707 3734 2779 χιτώνιον,

2167 2799 2259 2849 καὶ
2280 2796 2583 2868 τριϐώνιον,
2605 2797 2698 2850 καὶ
2724 2799 2757 2867 ἡ
2785 2797 3051 2868 χαμευνία
3082 2797 3214 2869 (96),
3246 2799 3340 2851 καὶ
3374 2801 3407 2869 ἡ
3436 2799 3733 2869 ἀγρυπνία,

2166 2891 2259 2941 καὶ
2298 2891 2330 2958 ἡ
2384 2888 2632 2953 ἀλουσία,
2663 2888 2731 2942 τὰ
2764 2889 2972 2943 ἐκείνου
3030 2890 3498 2962 σεμνολογήματα,
3539 2893 3631 2943 καὶ
3671 2890 3735 2943 τὸ

502 2985 658 3025 causa
685 2971 870 3037 subiit,
908 2979 965 3025 ut
996 2986 1094 3027 nos
1126 2972 1294 3040 ipsius
1337 2974 1616 3029 divinitate
1660 2976 2059 3044 locupletemur.

2168 2980 2384 3049 ἥδιστον
2416 2980 2632 3032 δεῖπνον
2680 2980 2775 3033 καὶ
2828 2980 2976 3050 ὄψον,
3035 2983 3063 3034 ὁ
3113 2982 3276 3052 ἄρτος
3325 2983 3418 3036 καὶ
3443 2983 3492 3035 οἱ
3522 2982 3667 3045 ἆλες,
3698 2984 3735 3053 ἠ

503 3060 728 3116 llincilli
755 3064 927 3117 tunica
957 3078 1085 3129 una,
1108 3073 1164 3118 et
1187 3064 1400 3134 pallium
1429 3081 1613 3131 unum,
1651 3076 1705 3119 et
1733 3076 1904 3121 status
1925 3069 2070 3125 humi

2170 3068 2329 3140 καινὴ
2350 3068 2635 3139 καροκεία,
2665 3071 2761 3123 καὶ
2793 3071 2954 3123 ποτὸν
2987 3072 3241 3142 νηφάλιόν
3276 3090 3335 3128 τε
3368 3075 3459 3126 καὶ
3482 3073 3732 3142 ἄφθονον,

503 3153 745 3219 lectulus,
775 3164 828 3208 et
870 3154 1082 3224 vigilias,
1111 3165 1165 3209 et
1211 3155 1419 3210 illuvies
1480 3156 1591 3226 (illa
1636 3156 1755 3225 ejus
1804 3158 1991 3211 decora
2017 3165 2070 3213 et

2168 3158 2197 3210 ὂ
2228 3159 2534 3227 γεωργοῦσι
2567 3160 2675 3229 (97)
2710 3162 2884 3230 πηγαὶ
2912 3162 3077 3232 μηδὲν
3106 3164 3474 3233 πονουμένοις.
3517 3166 3602 3230 Ἐξ
3634 3158 3733 3229 ὧν,

470 3260 477 3265 ·
504 3243 855 3315 ornamenta),
881 3254 935 3299 et
959 3246 1271 3300 suavissima
1311 3258 1467 3300 caena
1494 3256 1547 3301 et
1568 3248 1881 3312 obsonium,
1910 3250 2068 3318 panis

504 3341 556 3388 et
592 3334 690 3397 sal,
722 3349 939 3400 novum,
976 3336 1215 3404 inquam,
1254 3334 1383 3390 illud
1412 3337 1840 3403 condimentum,
1881 3348 1934 3394 et
1977 3355 2069 3408 po-

504 3425 577 3481 tio
614 3427 790 3481 sobria
827 3436 884 3481 et
911 3427 1207 3495 uberrima,
1253 3442 1415 3497 quam
1450 3427 1604 3484 nobis
1638 3430 1772 3483 nihil
1818 3430 2066 3485 laboran-

2169 3247 2201 3317 ἢ
2230 3245 2347 3314 μεθ’
2379 3244 2451 3299 ὧν
2485 3248 2796 3317 νοσοκομίαι
2847 3250 2941 3302 καὶ
3000 3252 3247 3323 ἰατρεῖαι,
3287 3253 3345 3304 τὸ
3375 3254 3549 3308 κοινὸν
3580 3254 3734 3325 ἡμῶν

2169 3339 2612 3409 ὲμφιλοσνίφημα.
2648 3341 2795 3393 Ἔδει
2841 3340 2952 3412 γάρ
3006 3360 3074 3413 με
3116 3344 3222 3398 τῶν
3262 3346 3495 3415 ἀνιαρῶν
3533 3346 3593 3398 τὸ
3623 3345 3735 3399 ἴσον

2170 3430 2339 3501 ἔχειν,
2376 3434 2486 3494 τοῖς
2521 3430 2698 3496 ἄλλοις
2734 3431 3069 3502 λειπόμενον.

506 3518 653 3573 tibus
706 3517 881 3573 fontes
928 3518 1279 3586 profundunt.
1313 3519 1394 3571 Ex
1417 3518 1632 3587 quibus,
1682 3520 1789 3574 imo
1812 3534 1933 3573 cum
1963 3520 2179 3588 quibus.
2218 3520 2523 3574 morborum
2579 3521 2884 3575 curationes
2949 3536 3013 3577 ac
3077 3522 3456 3578 medicationes
3519 3538 3735 3591 proma-

506 3615 717 3674 narunt,
745 3609 886 3677 quod
915 3622 1197 3662 commune
1236 3607 1514 3676 utriusque
1554 3616 1797 3663 nostrum
1830 3610 2065 3663 studium
2104 3607 2227 3664 fuit.
2256 3610 2547 3678 Oportebat
2572 3611 2712 3664 enim
2738 3624 2843 3676 me,
2885 3624 3007 3665 cum
3065 3613 3118 3667 in
3187 3611 3305 3666 aliis
3330 3612 3485 3666 rebus
3514 3612 3737 3667 inferior

506 3704 1119 3775 essem,;calamitatum
1184 3704 1372 3756 saltem
1437 3718 1642 3772 mquam
1698 3712 1903 3771 partem
1959 3703 2178 3759 habere.

576 3793 732 3849 LXII.
772 3793 962 3864 Magna
1011 3809 1096 3847 res
1152 3792 1456 3862 virginitas,
1491 3802 1546 3845 et
1571 3793 1868 3852 caelibatus.
1913 3804 2077 3863 atque

2247 3794 2366 3848 ΞΒ’.
2399 3795 2561 3863 Μέγα
2586 3794 2871 3865 παρθενέα,
2904 3796 2995 3848 καὶ
3042 3795 3256 3862 ἁζυγία,
3288 3796 3377 3846 καὶ
3406 3794 3465 3846 τὸ
3501 3794 3617 3863 μετ’
3639 3796 3738 3863 ἁγ-

509 3888 561 3941 in
593 3886 930 3957 angelorum,
965 3898 1275 3952 natumque
1303 3884 1591 3953 singularis
1627 3885 1813 3938 ordine
1850 3887 2070 3951 censeri,

2176 3887 2350 3954 γέλων
2380 3886 2658 3957 τετάχθαι,
2694 3886 2787 3939 καὶ
2839 3885 2935 3956 τῆς
2984 3886 3272 3956 μοναδικῆς
3326 3886 3567 3953 ιρύσεως·
3598 3886 3738 3938 ὀκνῶ

510 3994 696 4034 vereor
740 3979 882 4032 enim
916 3978 1093 4033 dicere
1127 3976 1349 4040 Christi,
1396 3977 1509 4045 qui,
1556 3991 1677 4031 cum
1715 3986 1931 4046 propter
1984 3992 2070 4031 nos

2177 3976 2283 4050 γὰρ
2314 3977 2487 4029 εἰπεῖν
2514 3974 2767 4047 Χριστοῦ,
2794 3975 2872 4040 ὃς,
2897 3976 2989 4029 καὶ
3022 3976 3341 4047 γεννηθῆναι
3374 3975 3600 4044 θελήσας
3627 3975 3736 4045 (98)

509 4069 715 4139 genitos
752 4067 901 4122 nasci
946 4067 1125 4129 vellet,
1158 4082 1224 4120 ex
1267 4065 1487 4136 Virgine
1509 4064 1765 4134 gignitur,
1801 4065 2070 4135 virginita-

2176 4068 2265 4121 διὰ
2289 4067 2414 4132 τοὺς
2438 4067 2730 4138 γεννητοὺς
2754 4068 2920 4139 ἡμᾶς,
2941 4068 3003 4119 ἐκ
3025 4067 3297 4139 Παρθένου
3317 4070 3585 4134 γεννᾶται,
3612 4082 3741 4136 παρ-

513 4170 618 4215 tem
642 4158 786 4214 velut
808 4159 914 4213 lata
934 4158 1046 4228 lege
1069 4158 1335 4229 sanciens,
1379 4167 1435 4211 ut
1478 4158 1601 4212 hinc
1627 4158 1983 4213 abducentcm
2012 4172 2070 4212 ac

2188 4160 2366 4213 θενίαν
2405 4158 2708 4228 νομοθετῶν
2759 4158 2890 4229 (99),
2919 4158 2992 4222 ὡς
3022 4159 3227 4212 ἐνθένδε
3266 4160 3623 4229 μετάγουσαν,
3648 4175 3742 4212 κα.

511 4254 762 4307 mundum
838 4252 1310 4317 conscindentem;
1377 4250 1463 4306 vel
1530 4251 1726 4319 potius,
1814 4250 2069 4303 mundum

2178 4252 2381 4322 κόσμον
2413 4252 2831 4322 συντέμνουσαν,
2880 4252 3073 4322 μᾶλλον
3098 4252 3151 4304 δὲ
3182 4252 3382 4321 κόσμον
3423 4252 3611 4322 κόσμῳ
3642 4268 3743 4304 πα-

406 4342 409 4349 ’
510 4346 575 4401 ad
624 4346 881 4401 tnundum
937 4347 1389 4407 transmittenlem
1437 4353 1755 4399 praesentem
1814 4342 2069 4397 nimirum

579 4466 622 4498 "
652 4465 842 4520 Matth.
874 4480 948 4533 vr,
981 4464 1051 4519 26
1080 4480 1203 4535 sqq.

584 4580 694 4651 (88)
723 4576 874 4632 Οὐδὲ
900 4580 1079 4651 πίθον
1104 4577 1263 4651 ᾤκει.
1289 4576 1548 4645 Diogenes
1574 4573 1801 4651 Cynicus
1827 4574 1879 4627 in
1902 4575 2076 4651 media

515 4644 650 4705 urbe
676 4644 879 4703 dolium
933 4649 1229 4706 habitabat,
1279 4656 1338 4699 ιιι
1369 4644 1828 4714 paupertatemin
1861 4645 2081 4712 opulen-

513 4724 601 4774 tia:
638 4719 1052 4773 instrumentum
1098 4712 1453 4777 converteret,
1503 4723 1684 4781 atque,
1721 4712 1788 4766 ab
1833 4716 2080 4769 omnibus

512 4788 705 4856 stipem
734 4786 1022 4856 accipiens,
1047 4787 1220 4853 ample
1239 4799 1321 4856 _ac
1343 4784 1559 4856 profuse
1590 4782 1811 4856 viveret.

584 4850 696 4928 (89)
728 4850 887 4909 [Iside
910 4850 1323 4922 παρατρὺφᾷν.
1343 4850 1557 4907 Ὲοωι).
1620 4866 1639 4900 ι
1666 4860 1724 4903 ut
1748 4850 1962 4906 delicias
1984 4866 2083 4906 un-

515 4927 798 4994 deQuaque
822 4934 1104 4991 qumreret.
1128 4942 1149 4976 ›

588 4987 724 5065 (’90)’
746 4987 1143 5062 Ἀςὲιλότιμος,
1174 5000 1297 5065 εις.⁸
1314 5010 1334 5043 ι
1358 4989 1569 5065 Pauper
1584 4987 1736 5065 nulla
1764 4987 2078 5065 ambitione,

518 5059 652 5120 niliil
680 5059 967 5132 captans,»
1007 5059 1124 5116 'nec
1155 5072 1213 5116 ut
1248 5059 1619 5132 ACynici,_qni,
1671 5059 1924 5113 ementita
1956 5077 2089 5132 pau-

522 5130 763 5204 pertate,
784 5134 898 5204 suis
920 5134 1216 5204 commodis
1244 5130 1629 5204 inserviebam.

593 5200 704 5273 (91)
734 5202 996 5273 Κούερῳς.
1024 5200 1236 5273 Βεεηό,
1259 5200 1475 5273 κοῦφος.

747 5270 1856 5345 ’0_.1tydpx_sta._l_nttonttullis,d)ttyatpxia.

593 5342 704 5415 (95)
736 5340 929 5415 ᾼὺτὸς
957 5342 1023 5393 δὲ
1050 5341 1249 5415 οὐδέν,
1281 5350 1389 5415 etc.
1446 5340 1720 5415 Heinsius:
1756 5340 1968 5397 exercit.
2001 5356 2083 5415 δᾳ·
2118 5365 2126 5373 ·

523 5411 635 5477 cro,
664 5411 717 5481 p.
753 5412 841 5476 5t,
880 5416 957 5465 sic
981 5412 1139 5464 vertit
1173 5429 1187 5465 :
1240 5428 1259 5461 ι
1288 5411 1404 5479 Ipse
1429 5425 1556 5465 vero
1586 5413 1716 5465 nihil
1741 5427 1808 5467 ex
1838 5414 1903 5466 iis
1933 5411 2080 5465 sesu-

524 5485 729 5547 mabat,
764 5496 884 5550 qua:
907 5492 1189 5549 p05tquam
1242 5492 1424 5551 guttur
1456 5484 1787 5536 transierunt
1836 5482 2079 5551 ejusdem

528 5551 687 5623 pretii
716 5562 873 5614 sunt;
898 5567 1020 5605 cum
1042 5550 1386 5616 necessariis,
1404 5552 1646 5619 quandiu
1673 5552 1845 5618 licuit,
1868 5550 1933 5607 se
1965 5560 2083 5605 tan-

532 5631 643 5677 tum
665 5628 1007 5683 sustentaset.
1031 5639 1050 5671 ι

736 5672 1005 5759 ήΤρυέρῶιέ.
1032 5690 1177 5747 Unus
1208 5688 1359 5760 Reg,
1381 5691 1609 5761 τρυφᾷν.

2205 4342 2588 4413 απέμπουσαν.
2653 4343 2746 4395 τὸν
2799 4342 3067 4395 ἐνεστῶτα
3118 4340 3191 4412 (1)
3250 4341 3326 4393 τῶ
3357 4342 3618 4396 μέλλοντι.
3648 4340 3745 4404 Τις

2276 4568 2362 4634 95)
2397 4567 2503 4621 Καὶ
2529 4564 2746 4634 σάρκα.
2784 4566 2954 4631 Pass.,
2980 4564 3073 4634 τοῦ
3098 4564 3191 4617 καὶ
3232 4563 3430 4634 σάρκα.

2276 4569 2343 4623 95
2397 4568 2503 4621 Καὶ
2529 4568 2746 4634 σάρκα.
2784 4568 2954 4631 Pass.,
2980 4568 3073 4618 τοῦ
3098 4568 3191 4617 καὶ
3232 4568 3430 4634 σάρκα.

2253 4568 2363 4709 (96)
2407 4637 2517 4689 Καὶ
2546 4639 2582 4704 ἠ
2624 4636 2935 4709 χαμευνίᾳ.
2998 4633 3184 4709 (Nuda
3237 4637 3416 4709 humo
3447 4630 3693 4709 lectulus.
3719 4650 3747 4688 ι

2185 4702 2276 4766 sui
2302 4702 2538 4776 quinque
2573 4702 2748 4776 ilegg.
2776 4716 2831 4758 et
2866 4706 2960 4760 0r.
2999 4703 3241 4776 2._l)eest
3273 4702 3382 4776 καί
3406 4704 3456 4755 in
3496 4703 3581 4756 ed.

2256 4770 2365 4846 (97)
2407 4770 2468 4827 Ὅ
2509 4770 2865 4846 γεωργοῦσι,
2900 4783 3002 4828 etc.
3054 4773 3284 4827 Budaeus
3341 4770 3656 4846 ϐοζηιηεηιη
3690 4788 3746 4840 p.

2184 4826 2410 4909 749,51ic
2437 4826 2578 4899 hunc
2602 4826 2803 4897 Ἰόέιίιί.
2837 4826 3235 4912 interpretatur
3268 4826 3301 4895 7:
3356 4860 3374 4891 ι
3403 4826 3748 4910 Nequaquam

2187 4917 2461 4973 doloribus
2484 4916 2549 4967 iis
2577 4912 2960 4977 laborantibus,
2993 4930 3021 4968 e
3048 4912 3243 4982 quibus
3274 4912 3655 4964 triedicationes
3692 4921 3749 4963 et

2187 4989 2784 5058 (agrorumcurationes
2811 4992 2948 5058 natae
2983 4994 3126 5046 sunt,
3152 4983 3202 5033 in
3233 4982 3425 5058 quibus
3455 4982 3751 5051 disciplinis

2189 5052 2348 5123 vulgo
2376 5054 2831 5123 philosophantur,
2864 5052 2965 5123 hoc
2991 5062 3091 5119 est,
3120 5053 3463 5123 studemus.)
3639 5118 3691 5123 __
3789 5094 3800 5101 .

2265 5118 3083 5195 (98)“Γεννήθῆναι-θελήσας.
3120 5140 3149 5195 Δι
3181 5119 3332 5195 Nasci
3359 5121 3558 5172 volens.
3587 5138 3617 5195 ιΔ
3631 5118 3749 5195 Plu-

2190 5188 2282 5252 res'
2309 5188 2497 5262 llegg.,
2533 5207 2721 5245 novent
2748 5191 2924 5255 Colb.,
2987 5190 3079 5245 0r.
3112 5192 3168 5253 ‘2,
3230 5188 3401 5251 Pass.,
3431 5188 3753 5260 γεννηθῆναι

2188 5269 2404 5328 δεήσας,
2441 5284 2456 5311 ς
2482 5278 2601 5315 cum
2628 5276 2749 5313 eum
2780 5263 2920 5314 nasci
2955 5270 3295 5328 oporteret.)

2288 5285 2404 5328 σας,
2441 5285 2456 5311 ε
2482 5285 2601 5315 Clllll
2628 5285 2749 5313 Clllll
2780 5285 2920 5314 ιιίιδυι
2955 5285 3244 5328 υμυϊιωϊι.
3276 5285 3295 5309 Ι

2250 5285 2370 5407 (99)
2430 5330 2763 5407 Παρθεντίατ
2791 5329 3172 5407 νομοθετῶν.
3239 5327 3493 5407 Testatur
3542 5332 3754 5407 Nicetas

2189 5400 2444 5461 Basiliam
2492 5403 2567 5454 De
2617 5400 2910 5467 virginitate
2964 5402 3157 5453 librum
3205 5401 3607 5467 conscripsisse.
3668 5403 3760 5454 Ait.

2188 5478 2329 5531 enim
2365 5491 2378 5527 :
2413 5470 2583 5539 Λόγον
2624 5466 2759 5539 ,περὶ
2800 5468 3110 5539 παρθενίας
3154 5466 3552 5539 συνεγράψατο,
3597 5469 3759 5525 Com-

2190 5544 2413 5600 befisius
2435 5536 2582 5609 legit,
2608 5536 2877 5610 ἀσαρκίαν
2896 5536 3223 5609 νομοθετῶν.
3271 5536 3648 5594 ιίῦιοιεριὶοιιὶ
3679 5539 3760 5595 fa-

2191 5625 2281 5669 vet
2304 5614 2453 5665 Pass.

2268 5682 2343 5754 (ι)
2383 5678 2724 5734 Ὲνεστῶτα.
2758 5680 2998 5747 Quatuor
3027 5678 3215 5748 Regg.,
3247 5678 3472 5732 ἑστῶτα.
