4100 6276
325 234 434 295 επ

1134 238 1391 296 ORATIO
1432 240 1617 297 XLIII.
1656 272 1725 284 —-
1761 241 1829 298 IN
1867 241 2148 301 LAUDEM
2187 246 2434 304 BASILII
2476 250 2711 307 MAGNI.

3459 256 3563 312 578

324 350 420 410 οὖν
472 356 686 410 ἐκείνου
734 356 951 427 μᾶλλον,
999 357 1033 428 ἢ
1088 360 1387 430 παρθενίαν
1433 362 1511 430 (2)
1551 362 1894 434 ἐτίμησεν,ἢ

2001 365 2353 422 adfuturum.
2392 368 2523 434 Quis
2562 369 2724 437 igitur
2764 367 2931 439 magis
2952 383 3112 438 quam
3142 368 3255 435 ille,
3278 378 3370 429 aut
3410 371 3566 443 virgi-

325 447 491 519 σαρκὶ
513 447 930 519 ἐνομοθέτησεν,
954 450 1015 502 οὐ
1046 449 1123 519 τῷ
1161 450 1283 503 καθ’
1314 451 1506 504 ἑαυτὸν
1537 453 1898 523 ὑποδείγματι

2002 457 2220 510 nitatem
2247 458 2299 510 iu
2328 460 2499 526 pretio
2553 459 2761 524 habuit,
2803 469 2896 514 aut
2928 459 3076 513 carni
3119 458 3260 529 leges
3283 461 3557 532 imposuit,

325 537 511 607 μόνον,
546 536 685 590 ἀλλά
714 537 807 589 καὶ⁵
822 532 904 599 οἷς
933 539 1230 592 ἐσπούδασε
1249 558 1263 606 ;
1283 542 1438 603 Τίνος
1463 542 1512 595 οί
1531 543 1894 613 παρθενῶνες,

322 627 419 680 καὶ
451 625 522 679 τά
557 627 811 698 ἐγγραφα
846 628 1210 698 διατάγματα,
1250 625 1331 693 οἷς
1363 632 1543 684 πᾶσαν
1577 631 1676 702 μὲν
1702 631 1894 703 αἴσθη-

323 733 411 770 σιν
435 717 788 789 ἐσωφρόνιζε,
844 719 951 771 πᾶν
979 719 1035 771 δὲ
1070 720 1231 790 μέλος
1278 720 1559 792 ἐρύθμιζε,
1603 722 1695 774 καὶ
1728 721 1895 785 ὅντως

321 813 678 884 παρθενεύειν
699 813 932 877 ἔπειθεν,
956 812 1087 865 εἵσω
1107 812 1175 866 τὰ
1199 813 1365 884 κάλλη
1391 816 1638 883 στρέφων
1663 814 1766 866 ἀπὸ
1787 813 1893 866 τῶν

316 904 614 975 ὁρωμένων
640 903 732 955 ἐπὶ
758 902 828 959 1τά
856 904 928 973 μὴ
961 902 1264 972 βλεπόμενα
1287 921 1300 932 ·
1334 905 1426 956 καὶ
1446 904 1505 956 τὸ
1533 904 1629 973 μὲν
1661 904 1736 971 (5)
1764 902 1895 967 ἔξω·

315 992 409 1046 θεν
442 993 865 1063 ἀπομαραίνων,
908 993 1002 1047 καὶ
1050 994 1148 1063 τὴν
1209 992 1338 1064 ὓλην
1399 992 1654 1046 ύποσπῶν
1691 993 1765 1064 (4)
1796 995 1893 1063 τῆς

316 1082 537 1151 φλογὸς,
564 1082 625 1134 τὺ
656 1082 711 1135 δὲ
749 1083 988 1152 κρυπτὸν
1009 1081 1084 1151 τῷ
1108 1081 1227 1151 Θεῴ
1253 1082 1484 1143 δεικνὺς,
1513 1081 1571 1144 ὃς
1600 1081 1758 1151 μόνος
1784 1081 1891 1134 τῶν

314 1173 577 1244 καθαρῶν
610 1173 795 1243 ψυχῶν
843 1176 958 1226 ἐστι
994 1175 1248 1244 νυμφίος,
1299 1175 1392 1227 καὶ
1443 1173 1540 1236 τὰς
1582 1172 1891 1243 ἀγρύπνους

315 1264 497 1333 ἑαυτῷ
553 1264 859 1332 συνεισάγει
906 1264 1101 1334 ψυχὰς,
1154 1266 1247 1319 ἐὰν
1303 1264 1438 1334 μετὰ
1482 1263 1749 1334 λαμπρῶν
1782 1263 1888 1317 τῶν

313 1353 618 1423 λαμπάδων
661 1353 810 1423 αὐτῷ
843 1355 939 1425 (5),
974 1356 1068 1407 καὶ
1107 1354 1364 1424 δαῲιλοὺς
1421 1354 1521 1423 τῆς
1558 1354 1652 1406 τοῦ
1708 1353 1888 1409 ἐλαίου

311 1442 522 1512 τροφῆς
546 1443 961 1513 ἀπαντήσωσινς
990 1443 1095 1495 Τοῦ
1125 1444 1303 1496 τοίνυν
1335 1443 1601 1514 ἐρημικοῦ
1631 1443 1764 1513 βίου,
1794 1445 1889 1497 καὶ

312 1532 407 1586 τοῦ
437 1533 685 1602 μιγάδος,
716 1534 1033 1604 μαχομένων
1058 1535 1194 1605 πρὸς
1218 1535 1476 1605 ἀλλήλους
1505 1536 1577 1596 ὡς
1602 1535 1672 1589 τά
1696 1535 1884 1601 πολλὰ,

313 1625 407 1678 καὶ
429 1625 812 1695 διισταμένων,
844 1626 938 1678 καὶ
962 1626 1248 1697 οὐδετέρου
1288 1628 1358 1696 (6)
1394 1627 1611 1687 πάντως
1638 1626 1670 1697 ἢ
1704 1628 1764 1680 τὸ
1787 1645 1887 1681 κα·-

1998 546 2175 615 idque,
2209 563 2310 601 non
2332 563 2429 602 suo
2454 556 2657 602 tantum
2681 549 2941 616 exemplo,
2963 550 3128 619 317
3157 550 3251 604 sed
3279 551 3439 606 etiam
3468 568 3563 621 per

1995 651 2055 690 ea
2084 637 2279 705 quibus
2300 652 2515 705 operam
2547 638 2731 691 dedit?
2761 636 2925 707 Cujus
2963 650 3087 692 sunt
3132 640 3398 709 virginum
3441 655 3555 696 cm-

1995 728 2180 791 nobia,
2204 741 2268 781 ac
2302 735 2565 795 praecepta
2593 726 2679 779 illa
2708 726 2908 783 litteris
2940 730 3190 783 mandata
3214 770 3228 794 ,
3263 731 3461 799 quibus
3507 740 3563 786 et

1993 830 2181 870 omnes
2210 829 2401 871 sensus
2437 816 2739 878 coercebat,
2767 824 2820 869 et
2850 818 3090 870 membra
3117 819 3297 872 omnia
3329 832 3581 887 compov

1994 901 2175 965 nebat,
2231 916 2294 955 ac
2346 916 2471 955 vere
2544 902 2902 971 virginitatem
2966 905 3143 959 colere
3212 908 3555 973 admonebat,

1993 992 2465 1061 pulchritudinem,
2492 991 2559 1045 ab
2594 992 2659 1044 iis
2689 994 2868 1057 rebus,
2901 1008 3018 1061 qua:
3056 1006 3270 1061 aspectu
3315 998 3557 1051 sentiun-

1995 1092 2099 1149 tur,
2129 1083 2195 1137 ad
2224 1098 2306 1146 ea,
2338 1098 2455 1152 qua:
2488 1084 2763 1137 oculorum
2798 1084 3041 1139 obtutum
3068 1087 3298 1156 fugiunt,
3323 1104 3553 1144 conver-

1990 1176 2144 1235 tens;
2170 1179 2329 1239 atque
2381 1170 2429 1221 id
2462 1170 2699 1238 quidem,
2755 1172 2896 1238 quod
2924 1181 3200 1226 externum
3230 1184 3333 1238 est,
3365 1176 3556 1229 debili-

1994 1266 2132 1320 laus,
2160 1255 2495 1324 ﬂammaeque
2522 1261 2800 1311 materiam
2832 1260 3170 1324 subtrahens,
3203 1264 3342 1331 quod
3372 1275 3550 1319 autem

1992 1350 2259 1403 internum
2288 1356 2343 1403 et
2378 1350 2645 1405 occultum
2671 1360 2772 1417 est,
2828 1351 2958 1416 Deo,
2990 1354 3080 1422 qui
3112 1353 3257 1410 solus
3279 1363 3363 1411 est
3389 1372 3553 1425 pura-

1990 1456 2107 1495 rum
2160 1441 2461 1495 animarum
2507 1456 2759 1509 sponsus,
2806 1451 2966 1513 atque
3012 1446 3288 1500 insomnes
3316 1449 3550 1512 animas,

1989 1532 2034 1587 si
2069 1532 2226 1587 modo
2255 1547 2375 1584 cum
2424 1532 2585 1585 claris
2640 1533 2973 1600 lampadibus
2993 1543 3045 1587 et
3072 1536 3285 1605 copiosa
3317 1538 3419 1591 olei
3455 1539 3554 1589 ali-

1988 1623 2163 1677 monia
2216 1622 2427 1676 obviam
2478 1622 2574 1689 ipsi
2634 1624 2945 1690 prodierint,
3000 1639 3183 1679 secum
3237 1627 3549 1692 introducit,

311 1718 426 1782 λδν,
451 1716 485 1787 ἢ
511 1718 572 1769 τὸ
603 1716 801 1786 φαῦλον
827 1716 1187 1785 ἀνεπίμικτον
1216 1718 1460 1787 ἔχοντοςο
1486 1718 1621 1771 ἀλλά
1643 1718 1736 1770 τοῦ
1764 1719 1881 1788 μὲν,

1988 1712 2334 1783 spectandum
2366 1712 2638 1768 oll'erens?
2679 1714 2811 1767 Cum
2859 1716 3018 1784 igitur
3058 1716 3298 1771 solitaria
3329 1718 3458 1783 vita,
3498 1724 3553 1771 et

307 1808 540 1879 ἡσυχίου
593 1809 691 1877 μὲν
723 1807 873 1869 ὄντος
915 1806 1134 1876 μᾶλλον,
1176 1809 1267 1860 καὶ
1319 1807 1735 1878 καθεστηκότος,
1788 1808 1884 1859 καὶ

308 1896 433 1967 Θεῷ
464 1897 807 1964 συνάγοντος,
858 1896 956 1948 οὐκ
1004 1895 1209 1964 ἀτύφου
1238 1896 1314 1959 δὲ,
1358 1896 1446 1949 διὰ
1473 1896 1532 1948 τὸ
1557 1897 1653 1966 τῆς
1680 1897 1882 1968 ἀρετῆς

309 1986 673 2039 ἀϐασάνιστον
700 1986 792 2037 καὶ
815 1984 1143 2055 ἀσύγκριτον
1169 2001 1181 2014 ⁸
1214 1985 1305 2039 τοῦ
1328 1987 1403 2049 δὲ,
1431 1987 1879 2057 πρακτικωτέρου

308 2078 413 2147 μὲν
444 2075 644 2147 μᾶλλον
678 2076 770 2127 καὶ
822 2075 1260 2148 χρησιμωτέρου,
1296 2077 1355 2129 τὸ
1381 2078 1436 2129 δὲ
1468 2078 1541 2149 (7)
1573 2078 1881 2149 θορυϐῶδες

308 2169 371 2222 ού
406 2167 701 2236 φεύγοντος
752 2164 850 2236 (8),
899 2166 992 2218 καὶ¹
1026 2165 1245 2229 τούτους
1298 2166 1495 2237 ἄριστα
1545 2166 1880 2240 κατήλλαξεν

308 2257 564 2327 ἀλληλοις
590 2256 683 2309 καὶ
706 2254 1062 2327 συνεκέρασεν
1086 2272 1100 2287 ο
1151 2257 1461 2328 ἀσκητήρια
1491 2258 1564 2327 (9)
1591 2259 1685 2311 καὶ
1715 2274 1881 2328 μονα-

308 2349 510 2419 στήρια
551 2347 875 2417 δειμάμενος
928 2346 1049 2417 μὲν,
1092 2347 1152 2399 ού
1184 2348 1375 2420 πόρρω
1407 2347 1464 2400 δὲ
1492 2347 1600 2401 τῶν
1633 2365 1881 2401 κοινωνι-

307 2438 421 2491 κῶν
451 2437 547 2491 καὶ
599 2438 839 2508 μιγάδων
862 2478 876 2499 ,
914 2436 1059 2499 οὐδὲ,
1105 2436 1293 2509 ὥσπερ
1336 2433 1525 2509 τειχίῳ
1562 2438 1669 2491 τινὶ
1704 2438 1876 2509 μέσῳ,

307 2526 480 2582 ταῦτα
511 2525 781 2580 διαλαϐὼν
799 2526 893 2581 καὶ
926 2528 1021 2580 ἀπ’
1041 2528 1286 2596 ἀλλήλων
1314 2528 1425 2599 (I0)
1459 2528 1724 2599 χωρίσας,
1742 2527 1880 2581 ἀλλὰ.

307 2617 537 2689 πλησίον
564 2615 804 2685 συνάψας
829 2615 922 2669 καὶ
946 2615 1227 2680 διαζεύξας
1245 2633 1258 2647 ·
1299 2617 1387 2671 ίνα
1412 2619 1547 2689 μήτε
1578 2618 1637 2670 τὸ
1666 2618 1879 2687 φιλόσο-

305 2725 404 2776 φον
425 2707 789 2778 ἀκοινώνητον
815 2702 870 2778 ᾖ,
917 2706 1053 2776 μήτε
1082 2707 1143 2758 τὸ
1180 2708 1481 2777 πρακτικὸν
1510 2706 1837 2775 ἀφιλόσοφον
1859 2722 1874 2738 ο

305 2800 497 2869 ὥσπερ
518 2798 576 2850 δὲ
603 2800 674 2868 γῆ
696 2799 789 2852 καὶ
826 2797 1087 2861 θάλασσα,
1120 2796 1188 2850 τὰ
1228 2798 1358 2869 παρ’
1391 2798 1599 2852 ἑαυτῶν
1627 2800 1880 2871 ἀλλήλοις

305 2888 685 2953 ἀντιδιδόντες,
720 2891 799 2951 είς
835 2888 961 2959 μίαν
981 2886 1136 2951 δόξαν
1159 2887 1293 2942 Θεοῦ
1325 2890 1678 2962 συντρέχωσι.

1982 1818 2065 1868 ea,
2089 1818 2209 1873 qua:
2232 1803 2491 1858 societate
2532 1805 2745 1872 gaudet,
2775 1812 2831 1857 ut
2863 1804 3151 1872 plurimum
3186 1806 3323 1860 inter
3347 1822 3406 1862 se
3444 1808 3545 1861 dis-

1980 1892 2240 1957 siderent,
2296 1907 2358 1948 ac
2431 1902 2752 1962 pugnarent,
2794 1904 3090 1963 neutraque
3154 1898 3405 1962 omnino,
3465 1898 3551 1953 vel

1981 1984 2294 2050 commoda,
2327 1983 2410 2038 vel
2452 1985 2783 2038 incommoda
2829 1998 2924 2038 sua
2948 2000 3079 2052 pura
3103 1996 3156 2040 et
3186 1987 3418 2044 immista
3456 1991 3551 2043 ha-

1977 2075 2162 2142 beret;
2192 2090 2383 2143 verum.
2405 2075 2489 2127 illa
2532 2078 2702 2144 magis
2734 2076 2950 2144 quidem
2974 2078 3258 2145 tranquilla
3283 2086 3336 2131 et
3360 2082 3546 2135 sedata

1976 2174 2140 2229 esset,
2181 2178 2245 2219 ac
2297 2165 2405 2218 Deo
2458 2165 2665 2220 animos
2706 2166 3000 2235 copularet,
3036 2179 3289 2222 Caeterum
3321 2171 3389 2224 ob
3422 2185 3543 2224 eam

1977 2271 2195 2311 causam
2230 2256 2371 2310 fastu
2400 2270 2501 2311 non
2530 2264 2761 2319 careret,
2793 2259 2936 2324 quod
2972 2259 3143 2314 virtus
3168 2275 3273 2315 non
3295 2262 3544 2330 explora-

1975 2356 2145 2409 retur,
2191 2360 2290 2401 nec
2332 2347 2384 2401 in
2420 2347 2878 2415 comparationem
2925 2349 3163 2416 veniret;
3200 2352 3312 2406 haec
3365 2362 3542 2406 autem

1976 2436 2148 2505 magis
2178 2436 2394 2505 quidem
2431 2447 2649 2513 actuosa
2697 2446 2750 2491 et
2785 2436 2929 2492 utilis
2976 2447 3141 2504 esset,
3164 2454 3348 2494 verum
3378 2455 3407 2494 a
3459 2450 3544 2494 lu-

1976 2527 2233 2583 multibus
2257 2531 2435 2582 minus
2459 2528 2627 2583 libera
2653 2543 2781 2595 ;eas
2811 2529 3066 2599 prmclare
3099 2530 3241 2586 inter
3267 2546 3327 2587 se
3353 2547 3542 2587 recon-

1975 2615 2180 2671 ciliavit
2204 2631 2268 2670 ac
2306 2617 2648 2684 permiscuit,
2683 2619 2897 2687 pietatis
2951 2620 3206 2675 nimirum
3258 2625 3540 2692 gymnasia

1974 2716 2027 2761 et
2052 2708 2372 2760 monasteria
2394 2717 2700 2775 exstrueus,
2722 2723 2825 2762 uon
2859 2716 3037 2764 tamen
3068 2710 3229 2779 longo
3256 2711 3541 2769 intervallo

1975 2797 2041 2852 ab
2062 2797 2147 2864 iis,
2172 2797 2262 2866 qui
2312 2798 2365 2851 iu
2413 2798 2660 2855 sodalitio
2705 2800 2916 2863 vivunt,
2960 2813 3188 2865 remota,
3238 2818 3355 2868 nec,
3397 2806 3541 2861 velut

1976 2904 2129 2943 muro
2153 2888 2403 2957 quopiam
2430 2888 2743 2957 interjecto,
2788 2905 2852 2944 ea
2875 2890 3207 2956 distinguens
3234 2904 3395 2964 atque
3419 2910 3448 2948 a
3480 2911 3540 2950 se

305 2982 538 3037 Invicem
578 2997 855 3051 separans,
909 2995 1091 3034 verum
1159 2994 1323 3048 prope
1392 2978 1724 3050 conjungens
1764 2993 1828 3035 ac
1890 2976 2193 3032 dirimens:
2261 2985 2321 3031 ut
2351 2992 2452 3033 nec
2483 2978 2864 3049 contemplatio
2904 2981 3403 3038 communicationis
3439 2999 3537 3039 ex-

305 3090 431 3145 pers
468 3083 631 3141 esset,
664 3088 765 3128 nec
813 3074 955 3128 actio
1006 3072 1459 3142 contemplatione
1527 3080 1772 3139 careret;
1841 3069 1937 3125 sed
1974 3069 2420 3138 quemadmodum
2473 3079 2616 3125 terra
2653 3080 2708 3126 et
2745 3086 2922 3138 mare,
2975 3072 3051 3126 ita
3082 3072 3243 3127 etiam
3290 3075 3372 3130 hae
3422 3078 3540 3133 dum

304 3169 427 3222 vita:
458 3167 738 3222 commoda
759 3180 855 3220 sua
879 3165 1020 3219 inter
1048 3177 1106 3217 se
1146 3161 1625 3225 communicantes,
1643 3162 1709 3215 ad
1743 3160 1954 3214 unicam
1983 3158 2074 3239 Dei
2098 3159 2319 3228 gloriam
2345 3172 2745 3217 concurrerent.

373 3260 496 3312 ΞΡ.
525 3256 590 3311 Τί
618 3258 734 3323 ἔτι;
763 3256 944 3309 Καλὸν
974 3253 1379 3326 φιλανθρωπία,
1432 3251 1526 3305 καὶ
1558 3269 1867 3322 πτωχοτρο-
1894 3274 1899 3309 ι

2040 3249 2219 3306 LXIII.
2257 3249 2395 3317 Quid
2424 3255 2725 3322 praeterea?
2770 3255 3000 3312 Pulchra
3052 3275 3156 3327 res,
3205 3261 3539 3332 benignitas,

303 3351 440 3421 φία,
496 3349 588 3402 καὶ
631 3348 692 3401 τὸ
731 3348 833 3418 τῆς
884 3345 1227 3417 ἀνθρωπίνης
1278 3342 1563 3406 ἀσθενείας
1596 3341 1868 3413 βοήθημα.

305 3440 515 3496 Μικοδν
558 3440 668 3493 ἀπὸ
712 3439 811 3510 τῆς
857 3437 1063 3499 πόλεως
1104 3434 1364 3506 πρόελθε,
1405 3434 1499 3486 καὶ
1548 3432 1739 3485 θέασαι
1774 3431 1872 3503 τὴν

302 3533 497 3603 καινὴν
522 3531 677 3584 πόλιν
708 3530 840 3600 (II),
867 3528 928 3581 τδ
955 3528 1053 3598 τῆς
1080 3525 1358 3587 εὐσεϐείας
1386 3525 1612 3594 ταμεῖον
1645 3520 1777 3593 (1‘2),
1811 3522 1873 3576 τὸ

300 3626 482 3679 κοινὸν
513 3622 621 3675 τῶν
663 3622 894 3692 ἐχόντων
928 3618 1310 3691 θησαύρισμα,
1348 3618 1425 3679 είς
1464 3617 1493 3669 ὃ
1535 3616 1606 3670 τὰ
1637 3614 1871 3687 περιττά

298 3715 396 3769 τοῦ
428 3713 688 3778 πλούτου,
723 3711 825 3783 ἤδη
861 3709 919 3764 δὲ
957 3710 1052 3764 καὶ
1081 3708 1151 3762 τὰ
1191 3710 1468 3777 ἀναγκαῖα
1498 3712 1616 3770 ταῖς
1661 3708 1869 3762 ἐκείνου

299 3805 690 3875 παραινέσεσιν
727 3801 1043 3857 ἀποτίθεται
1078 3799 1187 3869 (I5)
1208 3838 1222 3863 ,
1266 3798 1435 3870 σῆτας
1466 3797 1868 3869 ἀποσειόμενα,

299 3899 394 3952 καὶ
432 3896 673 3958 κλέπτας
711 3894 813 3948 οὐκ
858 3892 1253 3963 εὐφραίνοντα,
1290 3891 1385 3942 καὶ
1419 3888 1617 3957 φθόνου
1660 3888 1870 3959 πάλην,

300 3990 395 4043 καὶ⁵
441 3986 636 4058 καιροῦ
686 3984 898 4056 φθορὰν
945 3983 1056 4053 (14)
1100 3983 1464 4052 διαφεύγοντα
1491 4000 1504 4012 ·
1548 3983 1605 4033 ὲν
1716 3981 1870 4046 νόσος

299 4080 701 4149 φιλοσοφεῖται,
756 4078 849 4133 καὶ
897 4074 1152 4146 συμφορὰ
1213 4072 1609 4144 μακαρίζεται,
1652 4072 1748 4126 καὶ
1807 4073 1867 4125 τὸ

298 4169 584 4241 συμπαθὲς
620 4168 995 4239 δοκιμάζεται.
1036 4166 1101 4220 Τί
1142 4182 1234 4237 μοι
1276 4165 1386 4237 (15)
1428 4165 1563 4234 πρὸς
1603 4164 1769 4218 τοῦτο
1806 4164 1868 4218 τὸ

389 4395 446 4450 '2)
481 4394 828 4463 Παρθενίαν,
862 4391 1038 4457 Pass,
1060 4389 1351 4463 ἀσαρκίαν.

393 4460 598 4535 5)](ᾀὶ
635 4463 703 4535 τῤ
741 4461 875 4531 μέν.
924 4460 1187 4535 Sic__Reg.
1212 4465 1322 4535 but,
1365 4460 1646 4535 duodecim
1681 4460 1858 4535 Colb._.

297 4531 405 4592 duo
428 4531 622 4600 'Coisl.,
658 4532 829 4600 Pass.,
872 4542 979 4587 etc.
1010 4531 1265 4588 Meudose
1294 4533 1349 4586 in
1375 4531 1499 4585 Par.
1538 4531 1648 4598 ed.,
1688 4532 1781 4586 καὶ
1803 4531 1865 4585 τὸ

299 4607 441 4693 μήι.1ὶ
481 4672 793 4693 ΩΨΑΑῌΑἏΑ-
835 4669 888 4693 Ι..
922 4670 1230 4693 -.-ει.--.1,...
1287 4668 1501 4693 1.----3

366 4669 444 4743 (4)
481 4672 810 4743 ’Υποσπῶπ
835 4669 1256 4743 Ιηίίιιῂὺυξάειη,
1281 4669 1563 4743 ἀποσπῶν.

365 4739 806 4812 (ὕδΛαμπάδων
846 4740 1029 4812 αὐτῷ,
1085 4742 1176 4812 Sic
1231 4741 1468 4810 quinque
1518 4739 1712 4812 Regg.,
1758 4739 1862 4795 duo

293 4810 458 4870 Coisl.
498 4810 726 4881 et'Pass.
754 4810 813 4865 In
838 4812 950 4875 ed.,
974 4810 1121 4880 αὐτῷ
1152 4814 1366 4881 ponitur
1392 4819 1510 4881 post
1545 4810 1770 4881 τροφῆς.

364 4883 442 4953 (6)
472 4880 815 4952 Οὺὸετέρου.
878 4881 1009 4951 Ileg.
1050 4878 1160 4947 bin,
1194 4879 1286 4936 Or.
1315 4880 1351 4932 2
1380 4878 1432 4934 et
1461 4878 1674 4945 Couib.,
1703 4878 1859 4933 οὐθε-

290 4954 470 5008 τίοου.
1278 4956 1289 4971 ⁸

355 4971 544 5093 ί((21).Τρ
571 5021 658 5093 δέ.
690 5020 781 5093 Sic
805 5019 1041 5091 quinque
1072 5017 1263 5091 Regg.,
1296 5020 1398 5074 duo
1425 5018 1588 5075 Coisl.
1619 5026 1675 5073 et
1701 5016 1855 5074 Pass.

296 5091 454 5147 Deest
485 5091 543 5144 δέ
568 5091 623 5145 in
662 5091 752 5145 ed.

361 5161 439 5233 (8)
469 5161 820 5231 Φεύγοντος.
863 5157 954 5214 Sic
980 5157 1163 5228 plures
1203 5157 1358 5214 codd.
1390 5155 1449 5212 In
1483 5156 1594 5223 ed.,
1628 5156 1855 5226 φεύγον-

291 5248 399 5287 τες.

347 5249 435 5372 (θ)
473 5301 852 5368 Ἀσκητὴρια,
886 5306 990 5372 etc.
1026 5294 1249 5372 Xidetur
1275 5296 1564 5372 Gregorius
1587 5295 1857 5372 haesuri-

287 5365 376 5427 cte
398 5365 663 5439 accipere,
722 5365 885 5435 atque
915 5365 1210 5439 intelligere
1258 5365 1509 5439 eos,'qui
1539 5367 1749 5439 singuli
1799 5370 1853 5422 in

284 5435 594 5504 solitudine,
628 5441 850 5494 semotis
875 5435 1120 5505 arbitris,
1145 5436 1200 5489 in
1223 5435 1450 5492 virtutis
1468 5435 1714 5505 palaestra
1734 5452 1853 5492 sese

286 5518 562 5565 exercent.
618 5509 702 5562 Ad
731 5509 870 5562 hanc
897 5504 1127 5560 formam
1157 5505 1386 5562 instituti
1422 5504 1668 5563 videntur
1711 5506 1847 5561 Car-

288 5580 518 5635 thusiani
544 5588 597 5633 et
624 5576 1079 5632 Camaldulenses.

352 5649 470 5719 (ιο)
510 5646 964 5712 maritumum
1021 5644 1110 5702 Sic
1141 5645 1375 5717 quinque
1407 5646 1598 5719 Regg.,
1626 5654 1729 5704 etc.
1788 5645 1848 5702 In

1980 3352 2036 3398 et
2065 3358 2359 3412 pauperum
2412 3343 2727 3401 alendorum
2773 3351 3033 3415 stttdium,
3078 3362 3240 3421 atque
3289 3355 3537 3411 humana:

1980 3431 2273 3517 iutirmitagi
2314 3446 2470 3501 Opem
2521 3434 2687 3489 ferre.
2736 3436 3020 3493 Paululum
3067 3451 3221 3496 extra
3266 3444 3537 3500 civitatem

1977 3523 2166 3592 pedem
2192 3525 2346 3587 ell'er,
2384 3536 2449 3578 ac
2498 3538 2691 3578 novam
2748 3528 3023 3584 civitatem
3078 3533 3352 3601 conspice,
3411 3534 3541 3590 illud

1977 3612 2192 3681 pietatis
2217 3613 2667 3682 promptuarium,
2700 3616 2830 3670 illud
2878 3634 3163 3675 commune
3211 3621 3538 3692 locupletum

1975 3703 2247 3769 aerarium,
2270 3705 2333 3758 in
2368 3705 2533 3774 quod,
2559 3721 2663 3761 non
2691 3708 2849 3763 modo
2872 3710 3230 3768 redundantes
3260 3728 3322 3767 ac
3349 3730 3540 3783 super-

1974 3793 2095 3850 ﬂua:
2125 3810 2276 3865 opes,
2328 3798 2422 3853 sed
2469 3796 2580 3865 jam
2623 3801 2943 3856 necessaria:
2976 3817 3190 3873 quoque
3247 3804 3537 3860 facultates
3616 3810 3619 3813 ’

1978 3897 2072 3956 per
2108 3886 2249 3942 illius
2281 3888 2681 3946 cohortationes
2733 3892 3116 3959 reconduntur,
3167 3897 3336 3949 tineas
3371 3911 3539 3951 excu-

1978 3976 2190 4043 tienles,
2221 3978 2369 4035 fures
2395 3996 2504 4036 non
2534 3981 2892 4048 obiectantes,
2920 3985 3137 4041 invidia:
3165 3997 3461 4051 certamen,
3485 3999 3541 4043 ct

1977 4068 2233 4139 temporis
2257 4072 2656 4141 corruptionem
2703 4072 3057 4144 effugientes;
3088 4076 3141 4130 in
3168 4091 3273 4146 quo
3322 4078 3539 4132 morbus

1972 4174 2126 4231 aequo
2155 4162 2337 4218 animo
2369 4164 2648 4231 toleratur,
2676 4160 3036 4223 et'calamitas
3075 4168 3230 4222 beata
3263 4176 3534 4235 censetur,

1892 4392 2075 4459 Ded.,
2137 4391 2224 4445 ἐπ’
2270 4389 2529 4461 ἀλλήλων.
2592 4389 2734 4454 Mox,
2775 4392 3034 4461 χωρίσας,
3089 4395 3180 4450 0r.
3224 4391 3283 4460 2,
3347 4397 3531 4466 χωρή.

1968 4478 2146 4603 σαῗὶι)
2202 4530 2432 4603 Καινὴῖ
2476 4531 2676 4603 πόλιν.
2705 4527 2992 4603 _Iut_elligit
3056 4530 3370 4603 hospitalem
3433 4533 3532 4588 do-

1965 4596 2135 4665 mum,
2190 4615 2349 4669 quam
2381 4596 2633 4669 Basilius,
2671 4596 2877 4652 alendis
2918 4596 3246 4669 pauperibus
3270 4612 3321 4655 et
3349 4602 3532 4657 foven-

1967 4672 2049 4724 dis
2087 4668 2319 4740 tegrotis,
2357 4679 2509 4723 extra
2561 4668 2864 4723 Caesaream
2920 4673 3338 4725 construendam
3376 4686 3528 4727 cura-

1962 4749 2143 4877 veiifz')
2181 4806 2441 4878 Ταμεῖον.
2472 4772 2737 4871 ⁹(ὶιιιιιυοι
2770 4805 2959 4878 Regg.,
3022 4807 3176 4864 Pass.
3206 4819 3261 4864 et
3313 4810 3527 4878 Comb.,

1960 4881 2221 4947 ταμιεῖον.

2034 4948 2142 5018 (15)
2186 4944 2720 5018 Ἀποτξθεταιειὶθς.
2746 4956 2838 5018 ph,
2874 4945 3249 5001 ἀποτίθενται.

2031 5015 2143 5087 (14)
2187 5015 2434 5083 Φθορὰν.
2483 5017 2726 5085 Quinque
2760 5016 2927 5087 Ilegg.
2993 5027 3048 5073 et
3103 5018 3275 5085 Pass.,
3331 5020 3521 5091 φοράν,

2263 5166 2515 5227 ponetc.
2570 5152 2784 5225 Septem
2845 5156 3027 5227 mundi
3085 5157 3341 5227 miracula
3371 5158 3457 5213 hic
3491 5175 3519 5211 a

1956 5224 2218 5295 Gregorio
2257 5224 2660 5293 intelliguntur;
2704 5239 2915 5295 nempe,
2968 5224 3165 5282 Thebae
3213 5228 3264 5281 in
3316 5227 3521 5283 Bmotia

1954 5293 2159 5364 septem
2211 5305 2392 5378 portas
2418 5295 2693 5358 habentes,
2716 5304 2810 5383 et“
2832 5293 3111 5383 'IL‘hebzejn
3141 5296 3373 5383 Allgypto
3396 5313 3523 5383 ceu-

1958 5376 2066 5419 tutn
2101 5370 2268 5435 portis
2310 5367 2528 5426 cinctae;
2593 5364 2730 5417 muri
2771 5364 3046 5433 Babylonii
3096 5381 3126 5419 a
3170 5364 3524 5420 Seiniramide

1954 5437 2247 5501 exstructi;
2287 5434 2835 5501 Mausolisepulcrum
2866 5435 2916 5487 iu
2949 5434 3109 5490 Caria
3138 5437 3205 5489 ab
3229 5435 3518 5488 Artemisia

1953 5519 2120 5561 uxore
2144 5500 2446 5573 conditum;
2479 5500 2695 5572 [Egypti
2726 5506 3068 5573 pyramides;
3108 5505 3347 5559 colossus
3374 5503 3522 5558 Ilho~

1953 5576 2103 5638 dius;
2162 5574 2344 5630 Romae
2379 5572 3014 5643 Capitolium;’Adriani
3065 5573 3321 5644 templum
3378 5575 3520 5643 apud

1952 5644 2267 5715 Cyzicenos.
