  <div class='ocr_page' id='page_1' title='image "/cluster/home/n/w/nwhite01/storage/ocr_20150623/36/hvd.32044024464877/315.png"; bbox 0 0 4100 6276; ppageno 0'>
   <div class='ocr_carea' id='block_1_1' title="bbox 514 248 619 306">
    <p class='ocr_par' dir='ltr' id='par_1_1' title="bbox 514 248 619 306">
     <span class='ocr_line' id='line_1_1' title="bbox 514 248 619 306; baseline -0.038 -1"><span class='ocrx_word' id='word_1_1' title='bbox 514 248 619 306; x_wconf 80' lang='lat'><strong>579</strong></span> 
     </span>
    </p>
   </div>
   <div class='ocr_carea' id='block_1_2' title="bbox 1707 227 2527 295">
    <p class='ocr_par' dir='ltr' id='par_1_2' title="bbox 1707 227 2527 295">
     <span class='ocr_line' id='line_1_2' title="bbox 1707 227 2527 295; baseline -0.015 0"><span class='ocrx_word' id='word_1_2' title='bbox 1707 239 1769 295; x_wconf 88' lang='lat' dir='ltr'><strong>S.</strong></span> <span class='ocrx_word' id='word_1_3' title='bbox 1811 232 2143 294; x_wconf 77' lang='lat' dir='ltr'><strong>GREGOBll</strong></span> <span class='ocrx_word' id='word_1_4' title='bbox 2180 227 2527 287; x_wconf 79' lang='lat' dir='ltr'><strong>TllEOLOGl</strong></span> 
     </span>
    </p>
   </div>
   <div class='ocr_carea' id='block_1_3' title="bbox 3650 222 3756 278">
    <p class='ocr_par' dir='ltr' id='par_1_3' title="bbox 3650 222 3756 278">
     <span class='ocr_line' id='line_1_3' title="bbox 3650 222 3756 278; baseline -0.019 1"><span class='ocrx_word' id='word_1_5' title='bbox 3650 222 3756 278; x_wconf 78' lang='lat'><strong>580</strong></span> 
     </span>
    </p>
   </div>
   <div class='ocr_carea' id='block_1_4' title="bbox 516 337 2099 431">
    <p class='ocr_par' dir='ltr' id='par_1_4' title="bbox 516 353 2085 431">
     <span class='ocr_line' id='line_1_4' title="bbox 516 353 2085 431; baseline -0.01 -10"><span class='ocrx_word' id='word_1_6' title='bbox 516 378 573 421; x_wconf 88' lang='lat' dir='ltr'><strong>et</strong></span> <span class='ocrx_word' id='word_1_7' title='bbox 629 361 996 418; x_wconf 77' lang='lat' dir='ltr'><strong>misericordia</strong></span> <span class='ocrx_word' id='word_1_8' title='bbox 1034 359 1204 431; x_wconf 69' lang='lat'><strong>818</strong></span> <span class='ocrx_word' id='word_1_9' title='bbox 1235 358 1571 429; x_wconf 72' lang='lat' dir='ltr'><strong>exploratur.</strong></span> <span class='ocrx_word' id='word_1_10' title='bbox 1611 354 1751 422; x_wconf 83' lang='lat' dir='ltr'><strong>Quid</strong></span> <span class='ocrx_word' id='word_1_11' title='bbox 1804 369 1925 410; x_wconf 90' lang='lat' dir='ltr'><strong>cum</strong></span> <span class='ocrx_word' id='word_1_12' title='bbox 1982 353 2085 407; x_wconf 88' lang='lat' dir='ltr'><strong>hoc</strong></span> 
     </span>
    </p>
   </div>
   <div class='ocr_carea' id='block_1_5' title="bbox 2203 337 3757 431">
    <p class='ocr_par' dir='ltr' id='par_1_5' title="bbox 2203 337 3757 422">
     <span class='ocr_line' id='line_1_5' title="bbox 2203 337 3757 422; baseline -0.004 -26"><span class='ocrx_word' id='word_1_13' title='bbox 2203 352 2376 422; x_wconf 69' lang='grc' dir='ltr'>ἔργον,</span> <span class='ocrx_word' id='word_1_14' title='bbox 2408 343 2706 399; x_wconf 78' lang='grc' dir='ltr'><strong>ἑπτάπυλοι</strong></span> <span class='ocrx_word' id='word_1_15' title='bbox 2732 340 2906 412; x_wconf 78' lang='grc' dir='ltr'>Θῆϐαι</span> <span class='ocrx_word' id='word_1_16' title='bbox 2927 379 2940 403; x_wconf 94' lang='grc'><strong>,</strong></span> <span class='ocrx_word' id='word_1_17' title='bbox 2971 337 3067 392; x_wconf 79' lang='grc' dir='ltr'>καὶ</span> <span class='ocrx_word' id='word_1_18' title='bbox 3098 337 3392 405; x_wconf 75' lang='grc' dir='ltr'><strong>Αἰγύπτιαι</strong></span> <span class='ocrx_word' id='word_1_19' title='bbox 3411 376 3424 395; x_wconf 88' lang='grc'><strong>.</strong></span> <span class='ocrx_word' id='word_1_20' title='bbox 3467 339 3560 391; x_wconf 74' lang='grc' dir='ltr'>καὶ</span> <span class='ocrx_word' id='word_1_21' title='bbox 3597 340 3757 411; x_wconf 80' lang='grc' dir='ltr'>τείχη</span> 
     </span>
    </p>
   </div>
   <div class='ocr_carea' id='block_1_6' title="bbox 514 446 2090 523">
    <p class='ocr_par' dir='ltr' id='par_1_6' title="bbox 514 446 2090 523">
     <span class='ocr_line' id='line_1_6' title="bbox 514 446 2090 523; baseline -0.008 -11"><span class='ocrx_word' id='word_1_22' title='bbox 514 470 678 523; x_wconf 84' lang='lat' dir='ltr'><strong>opere</strong></span> <span class='ocrx_word' id='word_1_23' title='bbox 715 468 1017 523; x_wconf 88' lang='lat' dir='ltr'><strong>comparem</strong></span> <span class='ocrx_word' id='word_1_24' title='bbox 1048 450 1261 506; x_wconf 84' lang='lat' dir='ltr'><strong>Thebas</strong></span> <span class='ocrx_word' id='word_1_25' title='bbox 1285 458 1488 521; x_wconf 82' lang='lat' dir='ltr'><strong>septem</strong></span> <span class='ocrx_word' id='word_1_26' title='bbox 1512 458 1692 518; x_wconf 89' lang='lat' dir='ltr'><strong>portas</strong></span> <span class='ocrx_word' id='word_1_27' title='bbox 1719 446 2001 511; x_wconf 86' lang='lat' dir='ltr'><strong>habentes,</strong></span> <span class='ocrx_word' id='word_1_28' title='bbox 2032 454 2090 500; x_wconf 88' lang='lat' dir='ltr'><strong>et</strong></span> 
     </span>
    </p>
   </div>
   <div class='ocr_carea' id='block_1_7' title="bbox 514 536 2086 619">
    <p class='ocr_par' dir='ltr' id='par_1_7' title="bbox 514 536 2086 619">
     <span class='ocr_line' id='line_1_7' title="bbox 514 536 2086 619; baseline -0.011 -13"><span class='ocrx_word' id='word_1_29' title='bbox 514 547 800 619; x_wconf 67' lang='lat' dir='ltr'><strong>Egyptias</strong></span> <span class='ocrx_word' id='word_1_30' title='bbox 827 546 967 609; x_wconf 90' lang='lat' dir='ltr'><strong>illas,</strong></span> <span class='ocrx_word' id='word_1_31' title='bbox 997 554 1053 597; x_wconf 91' lang='lat' dir='ltr'><strong>et</strong></span> <span class='ocrx_word' id='word_1_32' title='bbox 1080 558 1264 597; x_wconf 92' lang='lat' dir='ltr'><strong>muros</strong></span> <span class='ocrx_word' id='word_1_33' title='bbox 1328 539 1707 611; x_wconf 83' lang='lat' dir='ltr'><strong>Babylonicos,</strong></span> <span class='ocrx_word' id='word_1_34' title='bbox 1735 546 1790 591; x_wconf 87' lang='lat' dir='ltr'><strong>et</strong></span> <span class='ocrx_word' id='word_1_35' title='bbox 1839 536 2086 591; x_wconf 89' lang='lat' dir='ltr'><strong>Carieum</strong></span> 
     </span>
    </p>
   </div>
   <div class='ocr_carea' id='block_1_8' title="bbox 517 626 2090 703">
    <p class='ocr_par' dir='ltr' id='par_1_8' title="bbox 517 626 2090 703">
     <span class='ocr_line' id='line_1_8' title="bbox 517 626 2090 703; baseline -0.01 -9"><span class='ocrx_word' id='word_1_36' title='bbox 517 638 740 694; x_wconf 73' lang='lat' dir='ltr'><strong>Mausoli</strong></span> <span class='ocrx_word' id='word_1_37' title='bbox 778 637 1106 703; x_wconf 82' lang='lat' dir='ltr'><strong>sepulcrum,</strong></span> <span class='ocrx_word' id='word_1_38' title='bbox 1136 644 1191 687; x_wconf 89' lang='lat' dir='ltr'><strong>et</strong></span> <span class='ocrx_word' id='word_1_39' title='bbox 1218 632 1555 703; x_wconf 84' lang='lat' dir='ltr'><strong>Pyramides,</strong></span> <span class='ocrx_word' id='word_1_40' title='bbox 1581 639 1634 684; x_wconf 88' lang='lat' dir='ltr'><strong>et</strong></span> <span class='ocrx_word' id='word_1_41' title='bbox 1657 627 1862 684; x_wconf 88' lang='lat' dir='ltr'><strong>Colossi</strong></span> <span class='ocrx_word' id='word_1_42' title='bbox 1883 642 1957 681; x_wconf 67' lang='lat' dir='ltr'><strong>ms</strong></span> <span class='ocrx_word' id='word_1_43' title='bbox 1989 626 2090 679; x_wconf 84' lang='lat' dir='ltr'><strong>im-</strong></span> 
     </span>
    </p>
   </div>
   <div class='ocr_carea' id='block_1_9' title="bbox 518 713 2089 790">
    <p class='ocr_par' dir='ltr' id='par_1_9' title="bbox 518 713 2089 790">
     <span class='ocr_line' id='line_1_9' title="bbox 518 713 2089 790; baseline -0.008 -8"><span class='ocrx_word' id='word_1_44' title='bbox 518 740 784 790; x_wconf 86' lang='lat' dir='ltr'><strong>mensum,</strong></span> <span class='ocrx_word' id='word_1_45' title='bbox 837 732 892 779; x_wconf 91' lang='lat' dir='ltr'><strong>et</strong></span> <span class='ocrx_word' id='word_1_46' title='bbox 922 722 1141 777; x_wconf 88' lang='lat' dir='ltr'><strong>delubra</strong></span> <span class='ocrx_word' id='word_1_47' title='bbox 1196 720 1331 774; x_wconf 91' lang='lat' dir='ltr'><strong>mira</strong></span> <span class='ocrx_word' id='word_1_48' title='bbox 1388 718 1763 788; x_wconf 79' lang='lat' dir='ltr'><strong>magnitudine</strong></span> <span class='ocrx_word' id='word_1_49' title='bbox 1788 724 1952 784; x_wconf 81' lang='lat' dir='ltr'><strong>atque</strong></span> <span class='ocrx_word' id='word_1_50' title='bbox 1980 713 2089 769; x_wconf 81' lang='lat' dir='ltr'><strong>ele-</strong></span> 
     </span>
    </p>
   </div>
   <div class='ocr_carea' id='block_1_10' title="bbox 519 804 2087 885">
    <p class='ocr_par' dir='ltr' id='par_1_10' title="bbox 519 804 2087 885">
     <span class='ocr_line' id='line_1_10' title="bbox 519 804 2087 885; baseline -0.008 -18"><span class='ocrx_word' id='word_1_51' title='bbox 519 815 664 885; x_wconf 86' lang='lat' dir='ltr'><strong>ganti</strong></span> <span class='ocrx_word' id='word_1_52' title='bbox 692 823 809 868; x_wconf 86' lang='lat' dir='ltr'><strong>arte</strong></span> <span class='ocrx_word' id='word_1_53' title='bbox 837 812 1108 876; x_wconf 88' lang='lat' dir='ltr'><strong>confecta,</strong></span> <span class='ocrx_word' id='word_1_54' title='bbox 1140 810 1251 880; x_wconf 89' lang='lat' dir='ltr'><strong>jam</strong></span> <span class='ocrx_word' id='word_1_55' title='bbox 1272 804 1461 864; x_wconf 76' lang='lat' dir='ltr'><strong>eversa</strong></span> <span class='ocrx_word' id='word_1_56' title='bbox 1494 815 1548 861; x_wconf 86' lang='lat' dir='ltr'><strong>et</strong></span> <span class='ocrx_word' id='word_1_57' title='bbox 1578 813 1873 875; x_wconf 90' lang='lat' dir='ltr'><strong>prostrata,</strong></span> <span class='ocrx_word' id='word_1_58' title='bbox 1924 813 2087 859; x_wconf 71' lang='lat' dir='ltr'><strong>caete-</strong></span> 
     </span>
    </p>
   </div>
   <div class='ocr_carea' id='block_1_11' title="bbox 520 895 2092 973">
    <p class='ocr_par' dir='ltr' id='par_1_11' title="bbox 520 895 2092 973">
     <span class='ocr_line' id='line_1_11' title="bbox 520 895 2092 973; baseline -0.008 -14"><span class='ocrx_word' id='word_1_59' title='bbox 520 918 689 973; x_wconf 88' lang='lat' dir='ltr'><strong>raque</strong></span> <span class='ocrx_word' id='word_1_60' title='bbox 711 904 911 969; x_wconf 83' lang='lat' dir='ltr'><strong>omnia,</strong></span> <span class='ocrx_word' id='word_1_61' title='bbox 941 916 1060 972; x_wconf 71' lang='lat' dir='ltr'><strong>qua:</strong></span> <span class='ocrx_word' id='word_1_62' title='bbox 1086 900 1330 954; x_wconf 86' lang='lat' dir='ltr'><strong>homines</strong></span> <span class='ocrx_word' id='word_1_63' title='bbox 1351 897 1705 958; x_wconf 78' lang='lat' dir='ltr'><strong>admirantur,</strong></span> <span class='ocrx_word' id='word_1_64' title='bbox 1735 906 1898 964; x_wconf 86' lang='lat' dir='ltr'><strong>atque</strong></span> <span class='ocrx_word' id='word_1_65' title='bbox 1927 895 2092 948; x_wconf 87' lang='lat' dir='ltr'><strong>histo-</strong></span> 
     </span>
    </p>
   </div>
   <div class='ocr_carea' id='block_1_12' title="bbox 520 986 2093 1067">
    <p class='ocr_par' dir='ltr' id='par_1_12' title="bbox 520 986 2093 1067">
     <span class='ocr_line' id='line_1_12' title="bbox 520 986 2093 1067; baseline -0.01 -14"><span class='ocrx_word' id='word_1_66' title='bbox 520 997 617 1053; x_wconf 85' lang='lat' dir='ltr'><strong>riis</strong></span> <span class='ocrx_word' id='word_1_67' title='bbox 650 995 1039 1067; x_wconf 88' lang='lat' dir='ltr'><strong>prodiderunt;</strong></span> <span class='ocrx_word' id='word_1_68' title='bbox 1071 1005 1137 1044; x_wconf 80' lang='lat' dir='ltr'><strong>ex</strong></span> <span class='ocrx_word' id='word_1_69' title='bbox 1174 989 1368 1057; x_wconf 85' lang='lat' dir='ltr'><strong>quibus</strong></span> <span class='ocrx_word' id='word_1_70' title='bbox 1419 988 1688 1050; x_wconf 89' lang='lat' dir='ltr'><strong>omnibus,</strong></span> <span class='ocrx_word' id='word_1_71' title='bbox 1722 995 1919 1054; x_wconf 69' lang='lat' dir='ltr'><strong>praeter</strong></span> <span class='ocrx_word' id='word_1_72' title='bbox 1975 986 2093 1039; x_wconf 88' lang='lat' dir='ltr'><strong>ina-</strong></span> 
     </span>
    </p>
   </div>
   <div class='ocr_carea' id='block_1_13' title="bbox 520 1076 2091 1156">
    <p class='ocr_par' dir='ltr' id='par_1_13' title="bbox 520 1076 2091 1156">
     <span class='ocr_line' id='line_1_13' title="bbox 520 1076 2091 1156; baseline -0.009 -13"><span class='ocrx_word' id='word_1_73' title='bbox 520 1103 643 1144; x_wconf 87' lang='lat' dir='ltr'><strong>nem</strong></span> <span class='ocrx_word' id='word_1_74' title='bbox 675 1083 963 1156; x_wconf 87' lang='lat' dir='ltr'><strong>quamdam</strong></span> <span class='ocrx_word' id='word_1_75' title='bbox 1021 1090 1075 1135; x_wconf 91' lang='lat' dir='ltr'><strong>et</strong></span> <span class='ocrx_word' id='word_1_76' title='bbox 1107 1080 1354 1148; x_wconf 79' lang='lat' dir='ltr'><strong>exiguam</strong></span> <span class='ocrx_word' id='word_1_77' title='bbox 1384 1077 1629 1148; x_wconf 82' lang='lat' dir='ltr'><strong>gloriam,</strong></span> <span class='ocrx_word' id='word_1_78' title='bbox 1672 1076 1817 1130; x_wconf 89' lang='lat' dir='ltr'><strong>nulla</strong></span> <span class='ocrx_word' id='word_1_79' title='bbox 1869 1090 2091 1144; x_wconf 84' lang='lat' dir='ltr'><strong>prorsus</strong></span> 
     </span>
    </p>
   </div>
   <div class='ocr_carea' id='block_1_14' title="bbox 520 1166 2093 1235">
    <p class='ocr_par' dir='ltr' id='par_1_14' title="bbox 520 1166 2093 1235">
     <span class='ocr_line' id='line_1_14' title="bbox 520 1166 2093 1235; baseline -0.009 0"><span class='ocrx_word' id='word_1_80' title='bbox 520 1180 727 1235; x_wconf 73' lang='lat' dir='ltr'><strong>utilitas</strong></span> <span class='ocrx_word' id='word_1_81' title='bbox 755 1177 819 1230; x_wconf 91' lang='lat' dir='ltr'><strong>ad</strong></span> <span class='ocrx_word' id='word_1_82' title='bbox 846 1182 1216 1229; x_wconf 82' lang='lat' dir='ltr'><strong>exstructores</strong></span> <span class='ocrx_word' id='word_1_83' title='bbox 1273 1170 1470 1224; x_wconf 79' lang='lat' dir='ltr'><strong>rediit?</strong></span> <span class='ocrx_word' id='word_1_84' title='bbox 1498 1169 1623 1223; x_wconf 79' lang='lat' dir='ltr'><strong>Mihi</strong></span> <span class='ocrx_word' id='word_1_85' title='bbox 1659 1182 1787 1221; x_wconf 89' lang='lat' dir='ltr'><strong>vero</strong></span> <span class='ocrx_word' id='word_1_86' title='bbox 1816 1166 1960 1221; x_wconf 88' lang='lat' dir='ltr'><strong>nulla</strong></span> <span class='ocrx_word' id='word_1_87' title='bbox 1995 1182 2093 1235; x_wconf 44' lang='lat' dir='ltr'><strong>,res</strong></span> 
     </span>
    </p>
   </div>
   <div class='ocr_carea' id='block_1_15' title="bbox 520 1257 2092 1340">
    <p class='ocr_par' dir='ltr' id='par_1_15' title="bbox 520 1257 2092 1340">
     <span class='ocr_line' id='line_1_15' title="bbox 520 1257 2092 1340; baseline -0.009 -13"><span class='ocrx_word' id='word_1_88' title='bbox 520 1269 752 1340; x_wconf 86' lang='lat' dir='ltr'><strong>perinde</strong></span> <span class='ocrx_word' id='word_1_89' title='bbox 806 1264 1141 1320; x_wconf 88' lang='lat' dir='ltr'><strong>admirabilis</strong></span> <span class='ocrx_word' id='word_1_90' title='bbox 1185 1262 1419 1324; x_wconf 88' lang='lat' dir='ltr'><strong>videtur,</strong></span> <span class='ocrx_word' id='word_1_91' title='bbox 1473 1270 1633 1329; x_wconf 88' lang='lat' dir='ltr'><strong>atque</strong></span> <span class='ocrx_word' id='word_1_92' title='bbox 1686 1257 2092 1327; x_wconf 88' lang='lat' dir='ltr'><strong>compendiaria</strong></span> 
     </span>
    </p>
   </div>
   <div class='ocr_carea' id='block_1_16' title="bbox 525 1346 2088 1416">
    <p class='ocr_par' dir='ltr' id='par_1_16' title="bbox 525 1346 2088 1416">
     <span class='ocr_line' id='line_1_16' title="bbox 525 1346 2088 1416; baseline -0.009 -3"><span class='ocrx_word' id='word_1_93' title='bbox 525 1360 640 1413; x_wconf 63' lang='lat' dir='ltr'><strong>haec</strong></span> <span class='ocrx_word' id='word_1_94' title='bbox 671 1356 737 1409; x_wconf 91' lang='lat' dir='ltr'><strong>ad</strong></span> <span class='ocrx_word' id='word_1_95' title='bbox 779 1355 1010 1410; x_wconf 86' lang='lat' dir='ltr'><strong>salutem</strong></span> <span class='ocrx_word' id='word_1_96' title='bbox 1038 1353 1145 1416; x_wconf 86' lang='lat' dir='ltr'><strong>via,</strong></span> <span class='ocrx_word' id='word_1_97' title='bbox 1181 1351 1270 1405; x_wconf 89' lang='lat' dir='ltr'><strong>hic</strong></span> <span class='ocrx_word' id='word_1_98' title='bbox 1296 1349 1468 1404; x_wconf 83' lang='lat' dir='ltr'><strong>facilis</strong></span> <span class='ocrx_word' id='word_1_99' title='bbox 1491 1348 1543 1401; x_wconf 91' lang='lat' dir='ltr'><strong>in</strong></span> <span class='ocrx_word' id='word_1_100' title='bbox 1574 1346 1768 1402; x_wconf 70' lang='lat' dir='ltr'><strong>coelum</strong></span> <span class='ocrx_word' id='word_1_101' title='bbox 1810 1359 2088 1401; x_wconf 87' lang='lat' dir='ltr'><strong>ascensus.</strong></span> 
     </span>
    </p>
   </div>
   <div class='ocr_carea' id='block_1_17' title="bbox 522 1438 2094 1517">
    <p class='ocr_par' dir='ltr' id='par_1_17' title="bbox 522 1438 2094 1517">
     <span class='ocr_line' id='line_1_17' title="bbox 522 1438 2094 1517; baseline -0.008 -13"><span class='ocrx_word' id='word_1_102' title='bbox 522 1448 639 1503; x_wconf 82' lang='lat' dir='ltr'><strong>Non</strong></span> <span class='ocrx_word' id='word_1_103' title='bbox 667 1448 777 1517; x_wconf 88' lang='lat' dir='ltr'><strong>jam</strong></span> <span class='ocrx_word' id='word_1_104' title='bbox 805 1446 977 1500; x_wconf 89' lang='lat' dir='ltr'><strong>oculis</strong></span> <span class='ocrx_word' id='word_1_105' title='bbox 1008 1443 1205 1498; x_wconf 82' lang='lat' dir='ltr'><strong>nostris</strong></span> <span class='ocrx_word' id='word_1_106' title='bbox 1232 1442 1383 1496; x_wconf 90' lang='lat' dir='ltr'><strong>triste</strong></span> <span class='ocrx_word' id='word_1_107' title='bbox 1410 1448 1466 1494; x_wconf 87' lang='lat' dir='ltr'><strong>et</strong></span> <span class='ocrx_word' id='word_1_108' title='bbox 1490 1438 1852 1493; x_wconf 88' lang='lat' dir='ltr'><strong>miserandum</strong></span> <span class='ocrx_word' id='word_1_109' title='bbox 1880 1446 2094 1505; x_wconf 88' lang='lat' dir='ltr'><strong>specta-</strong></span> 
     </span>
    </p>
   </div>
   <div class='ocr_carea' id='block_1_18' title="bbox 525 1528 2097 1607">
    <p class='ocr_par' dir='ltr' id='par_1_18' title="bbox 525 1528 2097 1607">
     <span class='ocr_line' id='line_1_18' title="bbox 525 1528 2097 1607; baseline -0.007 -13"><span class='ocrx_word' id='word_1_110' title='bbox 525 1540 703 1594; x_wconf 88' lang='lat' dir='ltr'><strong>culum</strong></span> <span class='ocrx_word' id='word_1_111' title='bbox 730 1537 1067 1607; x_wconf 88' lang='lat' dir='ltr'><strong>proponitur,</strong></span> <span class='ocrx_word' id='word_1_112' title='bbox 1110 1533 1355 1587; x_wconf 89' lang='lat' dir='ltr'><strong>homines</strong></span> <span class='ocrx_word' id='word_1_113' title='bbox 1394 1539 1519 1583; x_wconf 87' lang='lat' dir='ltr'><strong>ante</strong></span> <span class='ocrx_word' id='word_1_114' title='bbox 1549 1540 1776 1583; x_wconf 91' lang='lat' dir='ltr'><strong>mortem</strong></span> <span class='ocrx_word' id='word_1_115' title='bbox 1826 1528 1933 1581; x_wconf 86' lang='lat' dir='ltr'><strong>vita</strong></span> <span class='ocrx_word' id='word_1_116' title='bbox 1985 1528 2097 1583; x_wconf 88' lang='lat' dir='ltr'><strong>lun-</strong></span> 
     </span>
    </p>
   </div>
   <div class='ocr_carea' id='block_1_19' title="bbox 2189 428 3759 499">
    <p class='ocr_par' dir='ltr' id='par_1_19' title="bbox 2189 428 3759 499">
     <span class='ocr_line' id='line_1_19' title="bbox 2189 428 3759 499; baseline -0.015 -6"><span class='ocrx_word' id='word_1_117' title='bbox 2189 438 2503 493; x_wconf 78' lang='grc' dir='ltr'>Βαὸυλώνια</span> <span class='ocrx_word' id='word_1_118' title='bbox 2521 476 2536 498; x_wconf 85' lang='grc'><strong>,</strong></span> <span class='ocrx_word' id='word_1_119' title='bbox 2570 435 2665 487; x_wconf 72' lang='grc' dir='ltr'><strong>καὶ</strong></span> <span class='ocrx_word' id='word_1_120' title='bbox 2696 431 2982 487; x_wconf 85' lang='grc' dir='ltr'>Μαυσόλου</span> <span class='ocrx_word' id='word_1_121' title='bbox 3011 428 3257 499; x_wconf 77' lang='grc' dir='ltr'>Καρικος</span> <span class='ocrx_word' id='word_1_122' title='bbox 3280 430 3450 496; x_wconf 80' lang='grc' dir='ltr'>τάφος</span> <span class='ocrx_word' id='word_1_123' title='bbox 3472 468 3485 491; x_wconf 88' lang='grc'><strong>,</strong></span> <span class='ocrx_word' id='word_1_124' title='bbox 3520 430 3613 483; x_wconf 76' lang='grc' dir='ltr'><strong>καὶ</strong></span> <span class='ocrx_word' id='word_1_125' title='bbox 3642 431 3759 483; x_wconf 60' lang='lat' dir='ltr'><strong>nu-</strong></span> 
     </span>
    </p>
   </div>
   <div class='ocr_carea' id='block_1_20' title="bbox 2194 519 3760 602">
    <p class='ocr_par' dir='ltr' id='par_1_20' title="bbox 2194 519 3760 602">
     <span class='ocr_line' id='line_1_20' title="bbox 2194 519 3760 602; baseline -0.008 -19"><span class='ocrx_word' id='word_1_126' title='bbox 2194 528 2449 602; x_wconf 87' lang='grc' dir='ltr'>ραμίδες,</span> <span class='ocrx_word' id='word_1_127' title='bbox 2504 525 2598 579; x_wconf 70' lang='grc' dir='ltr'><strong>καὶ</strong></span> <span class='ocrx_word' id='word_1_128' title='bbox 2642 521 2917 576; x_wconf 82' lang='grc' dir='ltr'>Κολοσσοῦ</span> <span class='ocrx_word' id='word_1_129' title='bbox 2971 519 3171 591; x_wconf 83' lang='grc' dir='ltr'>χαλκὸς</span> <span class='ocrx_word' id='word_1_130' title='bbox 3222 519 3482 589; x_wconf 84' lang='grc' dir='ltr'><strong>ἄμετρος,</strong></span> <span class='ocrx_word' id='word_1_131' title='bbox 3531 519 3564 589; x_wconf 84' lang='grc' dir='ltr'>ἢ</span> <span class='ocrx_word' id='word_1_132' title='bbox 3612 519 3760 571; x_wconf 80' lang='grc' dir='ltr'>ναῶν</span> 
     </span>
    </p>
   </div>
   <div class='ocr_carea' id='block_1_21' title="bbox 2193 606 3761 693">
    <p class='ocr_par' dir='ltr' id='par_1_21' title="bbox 2193 606 3761 693">
     <span class='ocr_line' id='line_1_21' title="bbox 2193 606 3761 693; baseline -0.009 -19"><span class='ocrx_word' id='word_1_133' title='bbox 2193 620 2397 693; x_wconf 81' lang='grc' dir='ltr'><strong>μεγέθη</strong></span> <span class='ocrx_word' id='word_1_134' title='bbox 2432 619 2525 672; x_wconf 70' lang='grc' dir='ltr'><strong>καὶ</strong></span> <span class='ocrx_word' id='word_1_135' title='bbox 2558 614 2731 684; x_wconf 84' lang='grc' dir='ltr'>κάλλη</span> <span class='ocrx_word' id='word_1_136' title='bbox 2760 612 2867 667; x_wconf 85' lang='grc' dir='ltr'><strong>τῶν</strong></span> <span class='ocrx_word' id='word_1_137' title='bbox 2916 610 3110 682; x_wconf 81' lang='grc' dir='ltr'><strong>μηκέτι</strong></span> <span class='ocrx_word' id='word_1_138' title='bbox 3142 606 3345 671; x_wconf 76' lang='grc' dir='ltr'>ὄντων,</span> <span class='ocrx_word' id='word_1_139' title='bbox 3391 610 3523 663; x_wconf 84' lang='grc' dir='ltr'>ἄλλα</span> <span class='ocrx_word' id='word_1_140' title='bbox 3558 624 3617 661; x_wconf 76' lang='grc' dir='ltr'><strong>τε</strong></span> <span class='ocrx_word' id='word_1_141' title='bbox 3656 610 3761 661; x_wconf 78' lang='grc' dir='ltr'>ὅσα</span> 
     </span>
    </p>
   </div>
   <div class='ocr_carea' id='block_1_22' title="bbox 2191 699 3756 782">
    <p class='ocr_par' dir='ltr' id='par_1_22' title="bbox 2191 699 3756 782">
     <span class='ocr_line' id='line_1_22' title="bbox 2191 699 3756 782; baseline -0.008 -17"><span class='ocrx_word' id='word_1_142' title='bbox 2191 710 2561 782; x_wconf 79' lang='grc' dir='ltr'>θαυμάζουσιν</span> <span class='ocrx_word' id='word_1_143' title='bbox 2596 706 2896 777; x_wconf 77' lang='grc' dir='ltr'>ἄνθρωποι,</span> <span class='ocrx_word' id='word_1_144' title='bbox 2928 704 3022 756; x_wconf 73' lang='grc' dir='ltr'><strong>καὶ</strong></span> <span class='ocrx_word' id='word_1_145' title='bbox 3051 700 3314 772; x_wconf 82' lang='grc' dir='ltr'><strong>ἱστορίαις</strong></span> <span class='ocrx_word' id='word_1_146' title='bbox 3347 699 3458 770; x_wconf 84' lang='grc'>(16)</span> <span class='ocrx_word' id='word_1_147' title='bbox 3488 700 3722 754; x_wconf 85' lang='grc' dir='ltr'>διδόασιν</span> <span class='ocrx_word' id='word_1_148' title='bbox 3741 719 3756 733; x_wconf 89' lang='grc'>·</span> 
     </span>
    </p>
   </div>
   <div class='ocr_carea' id='block_1_23' title="bbox 2190 792 3762 870">
    <p class='ocr_par' dir='ltr' id='par_1_23' title="bbox 2190 792 3762 870">
     <span class='ocr_line' id='line_1_23' title="bbox 2190 792 3762 870; baseline -0.013 -12"><span class='ocrx_word' id='word_1_149' title='bbox 2190 798 2267 858; x_wconf 82' lang='grc' dir='ltr'>ὧν</span> <span class='ocrx_word' id='word_1_150' title='bbox 2298 803 2450 855; x_wconf 81' lang='grc' dir='ltr'>οὐδὲν</span> <span class='ocrx_word' id='word_1_151' title='bbox 2481 801 2609 863; x_wconf 83' lang='grc' dir='ltr'>τοὺς</span> <span class='ocrx_word' id='word_1_152' title='bbox 2644 801 2996 870; x_wconf 84' lang='grc' dir='ltr'>ἐγείραντας,</span> <span class='ocrx_word' id='word_1_153' title='bbox 3031 795 3169 865; x_wconf 76' lang='grc' dir='ltr'>πλὴν</span> <span class='ocrx_word' id='word_1_154' title='bbox 3204 794 3362 863; x_wconf 79' lang='grc' dir='ltr'>δόξης</span> <span class='ocrx_word' id='word_1_155' title='bbox 3396 794 3582 863; x_wconf 78' lang='grc' dir='ltr'><strong>ὀλίγης</strong></span> <span class='ocrx_word' id='word_1_156' title='bbox 3615 792 3762 864; x_wconf 78' lang='grc' dir='ltr'>ὢνη-</span> 
     </span>
    </p>
   </div>
   <div class='ocr_carea' id='block_1_24' title="bbox 2194 885 3763 964">
    <p class='ocr_par' dir='ltr' id='par_1_24' title="bbox 2194 885 3763 964">
     <span class='ocr_line' id='line_1_24' title="bbox 2194 885 3763 964; baseline -0.007 -16"><span class='ocrx_word' id='word_1_157' title='bbox 2194 912 2317 960; x_wconf 90' lang='grc' dir='ltr'>σεν;</span> <span class='ocrx_word' id='word_1_158' title='bbox 2370 893 2524 964; x_wconf 70' lang='grc' dir='ltr'>Ἐμοὶ</span> <span class='ocrx_word' id='word_1_159' title='bbox 2560 893 2617 945; x_wconf 80' lang='grc' dir='ltr'><strong>δὲ</strong></span> <span class='ocrx_word' id='word_1_160' title='bbox 2649 887 3126 960; x_wconf 86' lang='grc' dir='ltr'>θαυμασιώτατον,</span> <span class='ocrx_word' id='word_1_161' title='bbox 3159 888 3192 956; x_wconf 81' lang='grc' dir='ltr'>ἡ</span> <span class='ocrx_word' id='word_1_162' title='bbox 3228 885 3493 954; x_wconf 83' lang='grc' dir='ltr'>σύντομος</span> <span class='ocrx_word' id='word_1_163' title='bbox 3521 886 3619 956; x_wconf 81' lang='grc' dir='ltr'>τῆς</span> <span class='ocrx_word' id='word_1_164' title='bbox 3654 902 3763 937; x_wconf 78' lang='grc' dir='ltr'>σω-</span> 
     </span>
    </p>
   </div>
   <div class='ocr_carea' id='block_1_25' title="bbox 2190 973 3763 1054">
    <p class='ocr_par' dir='ltr' id='par_1_25' title="bbox 2190 973 3763 1054">
     <span class='ocr_line' id='line_1_25' title="bbox 2190 973 3763 1054; baseline -0.006 -19"><span class='ocrx_word' id='word_1_165' title='bbox 2190 984 2383 1054; x_wconf 85' lang='grc' dir='ltr'>τηρίας</span> <span class='ocrx_word' id='word_1_166' title='bbox 2423 982 2538 1044; x_wconf 80' lang='grc' dir='ltr'>ὁδὸς</span> <span class='ocrx_word' id='word_1_167' title='bbox 2560 1021 2574 1043; x_wconf 86' lang='grc'><strong>,</strong></span> <span class='ocrx_word' id='word_1_168' title='bbox 2608 982 2640 1051; x_wconf 80' lang='grc' dir='ltr'>ὴ</span> <span class='ocrx_word' id='word_1_169' title='bbox 2675 981 2846 1051; x_wconf 74' lang='grc' dir='ltr'>ῥᾴστη</span> <span class='ocrx_word' id='word_1_170' title='bbox 2877 977 3013 1046; x_wconf 67' lang='grc' dir='ltr'>πρὸς</span> <span class='ocrx_word' id='word_1_171' title='bbox 3042 973 3271 1047; x_wconf 78' lang='grc' dir='ltr'>οὐρανὸν</span> <span class='ocrx_word' id='word_1_172' title='bbox 3309 973 3592 1035; x_wconf 77' lang='grc' dir='ltr'>ἀνάϐασις.</span> <span class='ocrx_word' id='word_1_173' title='bbox 3644 974 3763 1026; x_wconf 75' lang='grc' dir='ltr'>Οὐκ</span> 
     </span>
    </p>
   </div>
   <div class='ocr_carea' id='block_1_26' title="bbox 2193 1065 3764 1147">
    <p class='ocr_par' dir='ltr' id='par_1_26' title="bbox 2193 1065 3764 1147">
     <span class='ocr_line' id='line_1_26' title="bbox 2193 1065 3764 1147; baseline -0.006 -19"><span class='ocrx_word' id='word_1_174' title='bbox 2193 1076 2273 1130; x_wconf 72' lang='grc' dir='ltr'><strong>ἔτι</strong></span> <span class='ocrx_word' id='word_1_175' title='bbox 2306 1077 2589 1147; x_wconf 89' lang='grc' dir='ltr'>πρόκειται</span> <span class='ocrx_word' id='word_1_176' title='bbox 2613 1077 2725 1135; x_wconf 86' lang='grc' dir='ltr'>τοῖς</span> <span class='ocrx_word' id='word_1_177' title='bbox 2756 1070 3055 1142; x_wconf 73' lang='grc' dir='ltr'>ὀφθαλμοῖς</span> <span class='ocrx_word' id='word_1_178' title='bbox 3084 1068 3244 1139; x_wconf 82' lang='grc' dir='ltr'>ἡμῶν</span> <span class='ocrx_word' id='word_1_179' title='bbox 3270 1066 3444 1136; x_wconf 80' lang='grc' dir='ltr'>θέαμα</span> <span class='ocrx_word' id='word_1_180' title='bbox 3468 1065 3638 1119; x_wconf 80' lang='grc' dir='ltr'>δεινὸν</span> <span class='ocrx_word' id='word_1_181' title='bbox 3664 1067 3764 1118; x_wconf 74' lang='grc' dir='ltr'><strong>καὶ</strong></span> 
     </span>
    </p>
   </div>
   <div class='ocr_carea' id='block_1_27' title="bbox 2193 1155 3765 1234">
    <p class='ocr_par' dir='ltr' id='par_1_27' title="bbox 2193 1155 3765 1234">
     <span class='ocr_line' id='line_1_27' title="bbox 2193 1155 3765 1234; baseline -0.008 -14"><span class='ocrx_word' id='word_1_182' title='bbox 2193 1166 2461 1232; x_wconf 78' lang='grc' dir='ltr'>ἐλεεινὸν,</span> <span class='ocrx_word' id='word_1_183' title='bbox 2510 1164 2786 1234; x_wconf 84' lang='grc' dir='ltr'>ἅνθρωποι</span> <span class='ocrx_word' id='word_1_184' title='bbox 2821 1162 2930 1229; x_wconf 85' lang='grc'>(17)</span> <span class='ocrx_word' id='word_1_185' title='bbox 2975 1160 3161 1232; x_wconf 74' lang='grc' dir='ltr'>νεκροὶ</span> <span class='ocrx_word' id='word_1_186' title='bbox 3207 1158 3312 1229; x_wconf 76' lang='grc' dir='ltr'><strong>πρὸ</strong></span> <span class='ocrx_word' id='word_1_187' title='bbox 3356 1157 3616 1221; x_wconf 85' lang='grc' dir='ltr'>θανάτου,</span> <span class='ocrx_word' id='word_1_188' title='bbox 3662 1155 3765 1210; x_wconf 74' lang='grc' dir='ltr'><strong>καὶ</strong></span> 
     </span>
    </p>
   </div>
   <div class='ocr_carea' id='block_1_28' title="bbox 2192 1246 3761 1323">
    <p class='ocr_par' dir='ltr' id='par_1_28' title="bbox 2192 1246 3761 1323">
     <span class='ocr_line' id='line_1_28' title="bbox 2192 1246 3761 1323; baseline -0.004 -16"><span class='ocrx_word' id='word_1_189' title='bbox 2192 1253 2647 1323; x_wconf 80' lang='grc' dir='ltr'>τετελευτηκότες</span> <span class='ocrx_word' id='word_1_190' title='bbox 2671 1254 2784 1315; x_wconf 87' lang='grc' dir='ltr'>τοῖς</span> <span class='ocrx_word' id='word_1_191' title='bbox 2813 1249 3087 1312; x_wconf 76' lang='grc' dir='ltr'>πλείστοις</span> <span class='ocrx_word' id='word_1_192' title='bbox 3110 1248 3206 1302; x_wconf 92' lang='grc' dir='ltr'><strong>τοῦ</strong></span> <span class='ocrx_word' id='word_1_193' title='bbox 3236 1246 3487 1317; x_wconf 85' lang='grc' dir='ltr'>σώματος</span> <span class='ocrx_word' id='word_1_194' title='bbox 3519 1248 3761 1317; x_wconf 84' lang='grc' dir='ltr'>μέλεσιν,</span> 
     </span>
    </p>
   </div>
   <div class='ocr_carea' id='block_1_29' title="bbox 2193 1338 3761 1416">
    <p class='ocr_par' dir='ltr' id='par_1_29' title="bbox 2193 1338 3761 1416">
     <span class='ocr_line' id='line_1_29' title="bbox 2193 1338 3761 1416; baseline -0.006 -15"><span class='ocrx_word' id='word_1_195' title='bbox 2193 1347 2621 1416; x_wconf 76' lang='grc' dir='ltr'>ἀπελαυνόμενοι</span> <span class='ocrx_word' id='word_1_196' title='bbox 2668 1343 2906 1406; x_wconf 90' lang='grc' dir='ltr'>πόλεων,</span> <span class='ocrx_word' id='word_1_197' title='bbox 2953 1341 3175 1405; x_wconf 77' lang='grc' dir='ltr'>οἰκιῶν,</span> <span class='ocrx_word' id='word_1_198' title='bbox 3225 1338 3474 1410; x_wconf 83' lang='grc' dir='ltr'>ἀγορῶν,</span> <span class='ocrx_word' id='word_1_199' title='bbox 3521 1339 3761 1404; x_wconf 78' lang='grc' dir='ltr'>ὑδάτων,</span> 
     </span>
    </p>
   </div>
   <div class='ocr_carea' id='block_1_30' title="bbox 2195 1431 3766 1505">
    <p class='ocr_par' dir='ltr' id='par_1_30' title="bbox 2195 1431 3766 1505">
     <span class='ocr_line' id='line_1_30' title="bbox 2195 1431 3766 1505; baseline -0.005 -11"><span class='ocrx_word' id='word_1_200' title='bbox 2195 1440 2375 1494; x_wconf 78' lang='grc' dir='ltr'>αὐτῶν</span> <span class='ocrx_word' id='word_1_201' title='bbox 2416 1439 2524 1491; x_wconf 75' lang='grc' dir='ltr'>τῶν</span> <span class='ocrx_word' id='word_1_202' title='bbox 2568 1436 2874 1505; x_wconf 78' lang='grc' dir='ltr'>φιλτάτων,</span> <span class='ocrx_word' id='word_1_203' title='bbox 2919 1434 3147 1504; x_wconf 80' lang='grc' dir='ltr'>ὀνόμασι</span> <span class='ocrx_word' id='word_1_204' title='bbox 3196 1433 3426 1503; x_wconf 81' lang='grc' dir='ltr'>μᾶλλον,</span> <span class='ocrx_word' id='word_1_205' title='bbox 3469 1431 3503 1502; x_wconf 82' lang='grc' dir='ltr'>ἢ</span> <span class='ocrx_word' id='word_1_206' title='bbox 3548 1431 3766 1502; x_wconf 83' lang='grc' dir='ltr'>σώμασι</span> 
     </span>
    </p>
   </div>
   <div class='ocr_carea' id='block_1_31' title="bbox 2194 1524 3770 1603">
    <p class='ocr_par' dir='ltr' id='par_1_31' title="bbox 2194 1524 3770 1603">
     <span class='ocr_line' id='line_1_31' title="bbox 2194 1524 3770 1603; baseline -0.006 -18"><span class='ocrx_word' id='word_1_207' title='bbox 2194 1532 2588 1603; x_wconf 79' lang='grc' dir='ltr'>γνωριζόμενοι</span> <span class='ocrx_word' id='word_1_208' title='bbox 2615 1546 2628 1559; x_wconf 86' lang='grc'><strong>·</strong></span> <span class='ocrx_word' id='word_1_209' title='bbox 2660 1527 2780 1581; x_wconf 75' lang='grc' dir='ltr'>οὐδὲ</span> <span class='ocrx_word' id='word_1_210' title='bbox 2805 1526 3152 1598; x_wconf 82' lang='grc' dir='ltr'>προτίθενται</span> <span class='ocrx_word' id='word_1_211' title='bbox 3183 1524 3418 1587; x_wconf 82' lang='grc' dir='ltr'>συνόδοις</span> <span class='ocrx_word' id='word_1_212' title='bbox 3441 1539 3501 1576; x_wconf 89' lang='grc' dir='ltr'><strong>τε</strong></span> <span class='ocrx_word' id='word_1_213' title='bbox 3524 1525 3615 1577; x_wconf 79' lang='grc' dir='ltr'><strong>καὶ</strong></span> <span class='ocrx_word' id='word_1_214' title='bbox 3646 1524 3770 1576; x_wconf 88' lang='grc' dir='ltr'>συλ-</span> 
     </span>
    </p>
   </div>
   <div class='ocr_carea' id='block_1_32' title="bbox 525 1616 2099 1698">
    <p class='ocr_par' dir='ltr' id='par_1_32' title="bbox 525 1619 2096 1698">
     <span class='ocr_line' id='line_1_32' title="bbox 525 1619 2096 1698; baseline -0.008 -15"><span class='ocrx_word' id='word_1_215' title='bbox 525 1631 623 1695; x_wconf 86' lang='lat' dir='ltr'><strong>eti,</strong></span> <span class='ocrx_word' id='word_1_216' title='bbox 662 1645 726 1683; x_wconf 90' lang='lat' dir='ltr'><strong>ac</strong></span> <span class='ocrx_word' id='word_1_217' title='bbox 746 1628 986 1698; x_wconf 89' lang='lat' dir='ltr'><strong>pluribus</strong></span> <span class='ocrx_word' id='word_1_218' title='bbox 1020 1624 1265 1693; x_wconf 83' lang='lat' dir='ltr'><strong>corporis</strong></span> <span class='ocrx_word' id='word_1_219' title='bbox 1296 1621 1553 1676; x_wconf 89' lang='lat' dir='ltr'><strong>membris</strong></span> <span class='ocrx_word' id='word_1_220' title='bbox 1597 1619 1817 1686; x_wconf 89' lang='lat' dir='ltr'><strong>mortui,</strong></span> <span class='ocrx_word' id='word_1_221' title='bbox 1862 1619 2096 1674; x_wconf 87' lang='lat' dir='ltr'><strong>civitati-</strong></span> 
     </span>
    </p>
   </div>
   <div class='ocr_carea' id='block_1_33' title="bbox 2203 1616 3765 1698">
    <p class='ocr_par' dir='ltr' id='par_1_33' title="bbox 2203 1616 3765 1691">
     <span class='ocr_line' id='line_1_33' title="bbox 2203 1616 3765 1691; baseline -0.004 -16"><span class='ocrx_word' id='word_1_222' title='bbox 2203 1623 2377 1691; x_wconf 84' lang='grc' dir='ltr'>λόγοις</span> <span class='ocrx_word' id='word_1_223' title='bbox 2424 1620 2566 1675; x_wconf 79' lang='grc' dir='ltr'>κατὰ</span> <span class='ocrx_word' id='word_1_224' title='bbox 2615 1619 2879 1688; x_wconf 78' lang='grc' dir='ltr'>συζυγίαν</span> <span class='ocrx_word' id='word_1_225' title='bbox 2932 1635 2991 1671; x_wconf 90' lang='grc' dir='ltr'><strong>τε</strong></span> <span class='ocrx_word' id='word_1_226' title='bbox 3040 1618 3135 1670; x_wconf 76' lang='grc' dir='ltr'><strong>καὶ</strong></span> <span class='ocrx_word' id='word_1_227' title='bbox 3189 1616 3516 1680; x_wconf 82' lang='grc' dir='ltr'>συναυλίαν,</span> <span class='ocrx_word' id='word_1_228' title='bbox 3570 1617 3765 1686; x_wconf 79' lang='grc' dir='ltr'>μηκέτ’</span> 
     </span>
    </p>
   </div>
   <div class='ocr_carea' id='block_1_34' title="bbox 525 1684 2099 1788">
    <p class='ocr_par' dir='ltr' id='par_1_34' title="bbox 525 1684 2090 1788">
     <span class='ocr_line' id='line_1_34' title="bbox 525 1684 2090 1788; baseline -0.008 -12"><span class='ocrx_word' id='word_1_229' title='bbox 525 1684 650 1788; x_wconf 76' lang='lat' dir='ltr'><strong>bus,</strong></span> <span class='ocrx_word' id='word_1_230' title='bbox 682 1684 951 1780; x_wconf 51' lang='lat' dir='ltr'><strong>doinibtts,</strong></span> <span class='ocrx_word' id='word_1_231' title='bbox 987 1684 1131 1780; x_wconf 45' lang='lat' dir='ltr'><strong>foro,-</strong></span> <span class='ocrx_word' id='word_1_232' title='bbox 1187 1714 1366 1783; x_wconf 90' lang='lat' dir='ltr'><strong>aquis,</strong></span> <span class='ocrx_word' id='word_1_233' title='bbox 1412 1712 1719 1766; x_wconf 87' lang='lat' dir='ltr'><strong>hominibus</strong></span> <span class='ocrx_word' id='word_1_234' title='bbox 1767 1684 1931 1765; x_wconf 85' lang='lat' dir='ltr'><strong>etiam</strong></span> <span class='ocrx_word' id='word_1_235' title='bbox 1989 1708 2090 1764; x_wconf 88' lang='lat' dir='ltr'><strong>sibi</strong></span> 
     </span>
    </p>
   </div>
   <div class='ocr_carea' id='block_1_35' title="bbox 2203 1684 3769 1788">
    <p class='ocr_par' dir='ltr' id='par_1_35' title="bbox 2203 1709 3769 1786">
     <span class='ocr_line' id='line_1_35' title="bbox 2203 1709 3769 1786; baseline -0.004 -19"><span class='ocrx_word' id='word_1_236' title='bbox 2203 1715 2510 1786; x_wconf 78' lang='grc' dir='ltr'>ἑλεούμενοι</span> <span class='ocrx_word' id='word_1_237' title='bbox 2530 1713 2619 1765; x_wconf 81' lang='grc' dir='ltr'><strong>διὰ</strong></span> <span class='ocrx_word' id='word_1_238' title='bbox 2639 1711 2735 1783; x_wconf 80' lang='grc' dir='ltr'><strong>τὴν</strong></span> <span class='ocrx_word' id='word_1_239' title='bbox 2762 1712 2936 1776; x_wconf 89' lang='grc' dir='ltr'>νόσον,</span> <span class='ocrx_word' id='word_1_240' title='bbox 2964 1709 3099 1762; x_wconf 73' lang='grc' dir='ltr'>ἀλλὰ</span> <span class='ocrx_word' id='word_1_241' title='bbox 3130 1709 3443 1779; x_wconf 79' lang='grc' dir='ltr'>μισούμενοι</span> <span class='ocrx_word' id='word_1_242' title='bbox 3464 1726 3476 1739; x_wconf 81' lang='grc'><strong>’</strong></span> <span class='ocrx_word' id='word_1_243' title='bbox 3512 1711 3769 1778; x_wconf 76' lang='grc' dir='ltr'>σοφισταὶ</span> 
     </span>
    </p>
   </div>
   <div class='ocr_carea' id='block_1_36' title="bbox 529 1803 2094 1876">
    <p class='ocr_par' dir='ltr' id='par_1_36' title="bbox 529 1803 2094 1876">
     <span class='ocr_line' id='line_1_36' title="bbox 529 1803 2094 1876; baseline -0.007 -10"><span class='ocrx_word' id='word_1_244' title='bbox 529 1810 868 1867; x_wconf 83' lang='lat' dir='ltr'><strong>cltarissimis</strong></span> <span class='ocrx_word' id='word_1_245' title='bbox 893 1806 1123 1876; x_wconf 81' lang='lat' dir='ltr'><strong>expulsi,</strong></span> <span class='ocrx_word' id='word_1_246' title='bbox 1164 1804 1468 1859; x_wconf 85' lang='lat' dir='ltr'><strong>nominibus</strong></span> <span class='ocrx_word' id='word_1_247' title='bbox 1503 1803 1681 1872; x_wconf 87' lang='lat' dir='ltr'><strong>potius</strong></span> <span class='ocrx_word' id='word_1_248' title='bbox 1715 1812 1874 1873; x_wconf 89' lang='lat' dir='ltr'><strong>quam</strong></span> <span class='ocrx_word' id='word_1_249' title='bbox 1903 1816 2094 1870; x_wconf 90' lang='lat' dir='ltr'><strong>corpo-</strong></span> 
     </span>
    </p>
   </div>
   <div class='ocr_carea' id='block_1_37' title="bbox 525 1892 2091 1968">
    <p class='ocr_par' dir='ltr' id='par_1_37' title="bbox 525 1892 2091 1968">
     <span class='ocr_line' id='line_1_37' title="bbox 525 1892 2091 1968; baseline -0.008 -11"><span class='ocrx_word' id='word_1_250' title='bbox 525 1918 645 1957; x_wconf 90' lang='lat' dir='ltr'><strong>rum</strong></span> <span class='ocrx_word' id='word_1_251' title='bbox 681 1898 1025 1954; x_wconf 87' lang='lat' dir='ltr'><strong>lineamentis</strong></span> <span class='ocrx_word' id='word_1_252' title='bbox 1054 1896 1415 1968; x_wconf 79' lang='lat' dir='ltr'><strong>agnoscendi:</strong></span> <span class='ocrx_word' id='word_1_253' title='bbox 1448 1909 1545 1950; x_wconf 91' lang='lat' dir='ltr'><strong>nec</strong></span> <span class='ocrx_word' id='word_1_254' title='bbox 1578 1894 1632 1947; x_wconf 92' lang='lat' dir='ltr'><strong>in</strong></span> <span class='ocrx_word' id='word_1_255' title='bbox 1666 1893 1893 1963; x_wconf 86' lang='lat' dir='ltr'><strong>publicis</strong></span> <span class='ocrx_word' id='word_1_256' title='bbox 1934 1892 2091 1946; x_wconf 74' lang='lat' dir='ltr'><strong>emti-</strong></span> 
     </span>
    </p>
   </div>
   <div class='ocr_carea' id='block_1_38' title="bbox 527 1982 2093 2056">
    <p class='ocr_par' dir='ltr' id='par_1_38' title="bbox 527 1982 2093 2056">
     <span class='ocr_line' id='line_1_38' title="bbox 527 1982 2093 2056; baseline -0.008 -9"><span class='ocrx_word' id='word_1_257' title='bbox 527 1995 628 2048; x_wconf 90' lang='lat' dir='ltr'><strong>bus</strong></span> <span class='ocrx_word' id='word_1_258' title='bbox 657 2000 709 2047; x_wconf 87' lang='lat' dir='ltr'><strong>et</strong></span> <span class='ocrx_word' id='word_1_259' title='bbox 759 1990 1114 2046; x_wconf 84' lang='lat' dir='ltr'><strong>conventibus</strong></span> <span class='ocrx_word' id='word_1_260' title='bbox 1165 2001 1260 2056; x_wconf 87' lang='lat' dir='ltr'><strong>per</strong></span> <span class='ocrx_word' id='word_1_261' title='bbox 1324 1985 1574 2041; x_wconf 89' lang='lat' dir='ltr'><strong>sodalitia</strong></span> <span class='ocrx_word' id='word_1_262' title='bbox 1632 1993 1685 2039; x_wconf 88' lang='lat' dir='ltr'><strong>et</strong></span> <span class='ocrx_word' id='word_1_263' title='bbox 1739 1982 2093 2039; x_wconf 88' lang='lat' dir='ltr'><strong>contubernia</strong></span> 
     </span>
    </p>
   </div>
   <div class='ocr_carea' id='block_1_39' title="bbox 526 2072 2092 2150">
    <p class='ocr_par' dir='ltr' id='par_1_39' title="bbox 526 2072 2092 2150">
     <span class='ocr_line' id='line_1_39' title="bbox 526 2072 2092 2150; baseline -0.008 -12"><span class='ocrx_word' id='word_1_264' title='bbox 526 2082 841 2147; x_wconf 78' lang='lat' dir='ltr'><strong>offeruntur,</strong></span> <span class='ocrx_word' id='word_1_265' title='bbox 881 2095 983 2134; x_wconf 90' lang='lat' dir='ltr'><strong>non</strong></span> <span class='ocrx_word' id='word_1_266' title='bbox 1007 2080 1111 2150; x_wconf 76' lang='lat' dir='ltr'><strong>iam</strong></span> <span class='ocrx_word' id='word_1_267' title='bbox 1142 2076 1571 2131; x_wconf 90' lang='lat' dir='ltr'><strong>misericordiam</strong></span> <span class='ocrx_word' id='word_1_268' title='bbox 1607 2075 1675 2129; x_wconf 94' lang='lat' dir='ltr'><strong>oh</strong></span> <span class='ocrx_word' id='word_1_269' title='bbox 1703 2074 1971 2136; x_wconf 87' lang='lat' dir='ltr'><strong>morbum,</strong></span> <span class='ocrx_word' id='word_1_270' title='bbox 2000 2072 2092 2126; x_wconf 89' lang='lat' dir='ltr'><strong>sed</strong></span> 
     </span>
    </p>
   </div>
   <div class='ocr_carea' id='block_1_40' title="bbox 525 2166 2094 2233">
    <p class='ocr_par' dir='ltr' id='par_1_40' title="bbox 525 2166 2094 2233">
     <span class='ocr_line' id='line_1_40' title="bbox 525 2166 2094 2233; baseline -0.009 -2"><span class='ocrx_word' id='word_1_271' title='bbox 525 2177 709 2231; x_wconf 89' lang='lat' dir='ltr'><strong>odium</strong></span> <span class='ocrx_word' id='word_1_272' title='bbox 762 2175 846 2229; x_wconf 87' lang='lat' dir='ltr'><strong>sui</strong></span> <span class='ocrx_word' id='word_1_273' title='bbox 915 2172 1284 2233; x_wconf 86' lang='lat' dir='ltr'><strong>concitantes;</strong></span> <span class='ocrx_word' id='word_1_274' title='bbox 1348 2166 1736 2221; x_wconf 86' lang='lat' dir='ltr'><strong>tniserabilium</strong></span> <span class='ocrx_word' id='word_1_275' title='bbox 1787 2167 2094 2219; x_wconf 89' lang='lat' dir='ltr'><strong>cantionum</strong></span> 
     </span>
    </p>
   </div>
   <div class='ocr_carea' id='block_1_41' title="bbox 529 2257 2092 2335">
    <p class='ocr_par' dir='ltr' id='par_1_41' title="bbox 529 2257 2092 2335">
     <span class='ocr_line' id='line_1_41' title="bbox 529 2257 2092 2335; baseline -0.01 -12"><span class='ocrx_word' id='word_1_276' title='bbox 529 2269 787 2331; x_wconf 83' lang='lat' dir='ltr'><strong>artilices,</strong></span> <span class='ocrx_word' id='word_1_277' title='bbox 823 2267 866 2321; x_wconf 92' lang='lat' dir='ltr'><strong>si</strong></span> <span class='ocrx_word' id='word_1_278' title='bbox 895 2264 1089 2335; x_wconf 82' lang='lat' dir='ltr'><strong>quibus</strong></span> <span class='ocrx_word' id='word_1_279' title='bbox 1115 2273 1289 2314; x_wconf 90' lang='lat' dir='ltr'><strong>tamen</strong></span> <span class='ocrx_word' id='word_1_280' title='bbox 1324 2273 1423 2311; x_wconf 80' lang='lat' dir='ltr'><strong>vox</strong></span> <span class='ocrx_word' id='word_1_281' title='bbox 1460 2272 1672 2326; x_wconf 86' lang='lat' dir='ltr'><strong>quoque</strong></span> <span class='ocrx_word' id='word_1_282' title='bbox 1696 2257 1808 2325; x_wconf 63' lang='lat' dir='ltr'><strong>ipsa</strong></span> <span class='ocrx_word' id='word_1_283' title='bbox 1831 2265 2092 2326; x_wconf 84' lang='lat' dir='ltr'><strong>superest.</strong></span> 
     </span>
    </p>
   </div>
   <div class='ocr_carea' id='block_1_42' title="bbox 529 2349 2093 2425">
    <p class='ocr_par' dir='ltr' id='par_1_42' title="bbox 529 2349 2093 2425">
     <span class='ocr_line' id='line_1_42' title="bbox 529 2349 2093 2425; baseline -0.006 -15"><span class='ocrx_word' id='word_1_284' title='bbox 529 2358 667 2425; x_wconf 85' lang='lat' dir='ltr'><strong>Quid</strong></span> <span class='ocrx_word' id='word_1_285' title='bbox 692 2373 777 2412; x_wconf 89' lang='lat' dir='ltr'><strong>res</strong></span> <span class='ocrx_word' id='word_1_286' title='bbox 808 2368 1022 2409; x_wconf 84' lang='lat' dir='ltr'><strong>nostras</strong></span> <span class='ocrx_word' id='word_1_287' title='bbox 1053 2368 1241 2407; x_wconf 88' lang='lat' dir='ltr'><strong>omnes</strong></span> <span class='ocrx_word' id='word_1_288' title='bbox 1273 2351 1493 2421; x_wconf 81' lang='lat' dir='ltr'><strong>tragicis</strong></span> <span class='ocrx_word' id='word_1_289' title='bbox 1538 2349 1718 2404; x_wconf 85' lang='lat' dir='ltr'><strong>verbis</strong></span> <span class='ocrx_word' id='word_1_290' title='bbox 1772 2364 2093 2425; x_wconf 82' lang='lat' dir='ltr'><strong>prosequar,</strong></span> 
     </span>
    </p>
   </div>
   <div class='ocr_carea' id='block_1_43' title="bbox 530 2424 2097 2509">
    <p class='ocr_par' dir='ltr' id='par_1_43' title="bbox 530 2424 2097 2509">
     <span class='ocr_line' id='line_1_43' title="bbox 530 2424 2097 2509; baseline -0.008 -4"><span class='ocrx_word' id='word_1_291' title='bbox 530 2424 655 2505; x_wconf 84' lang='lat' dir='ltr'><strong>cum</strong></span> <span class='ocrx_word' id='word_1_292' title='bbox 681 2448 825 2501; x_wconf 87' lang='lat' dir='ltr'><strong>nulla</strong></span> <span class='ocrx_word' id='word_1_293' title='bbox 852 2446 1023 2500; x_wconf 83' lang='lat' dir='ltr'><strong>oratio</strong></span> <span class='ocrx_word' id='word_1_294' title='bbox 1051 2445 1175 2498; x_wconf 92' lang='lat' dir='ltr'><strong>huic</strong></span> <span class='ocrx_word' id='word_1_295' title='bbox 1200 2441 1487 2496; x_wconf 87' lang='lat' dir='ltr'><strong>calamitati</strong></span> <span class='ocrx_word' id='word_1_296' title='bbox 1511 2454 1607 2509; x_wconf 85' lang='lat' dir='ltr'><strong>par</strong></span> <span class='ocrx_word' id='word_1_297' title='bbox 1638 2424 1864 2495; x_wconf 86' lang='lat' dir='ltr'><strong>inveniri</strong></span> <span class='ocrx_word' id='word_1_298' title='bbox 1899 2439 2097 2508; x_wconf 83' lang='lat' dir='ltr'><strong>queat?</strong></span> 
     </span>
    </p>
   </div>
   <div class='ocr_carea' id='block_1_44' title="bbox 530 2533 2097 2601">
    <p class='ocr_par' dir='ltr' id='par_1_44' title="bbox 530 2533 2097 2601">
     <span class='ocr_line' id='line_1_44' title="bbox 530 2533 2097 2601; baseline -0.005 -9"><span class='ocrx_word' id='word_1_299' title='bbox 530 2537 722 2592; x_wconf 86' lang='lat' dir='ltr'><strong>Atille</strong></span> <span class='ocrx_word' id='word_1_300' title='bbox 769 2537 1005 2590; x_wconf 89' lang='lat' dir='ltr'><strong>omnium</strong></span> <span class='ocrx_word' id='word_1_301' title='bbox 1040 2534 1269 2588; x_wconf 81' lang='lat' dir='ltr'><strong>maxime</strong></span> <span class='ocrx_word' id='word_1_302' title='bbox 1326 2533 1477 2586; x_wconf 87' lang='lat' dir='ltr'><strong>nobis</strong></span> <span class='ocrx_word' id='word_1_303' title='bbox 1531 2533 1821 2601; x_wconf 86' lang='lat' dir='ltr'><strong>persuasit,</strong></span> <span class='ocrx_word' id='word_1_304' title='bbox 1869 2541 1945 2595; x_wconf 89' lang='lat' dir='ltr'><strong>ut,</strong></span> <span class='ocrx_word' id='word_1_305' title='bbox 1976 2547 2097 2585; x_wconf 90' lang='lat' dir='ltr'><strong>cum</strong></span> 
     </span>
    </p>
   </div>
   <div class='ocr_carea' id='block_1_45' title="bbox 532 2626 2100 2689">
    <p class='ocr_par' dir='ltr' id='par_1_45' title="bbox 532 2626 2100 2689">
     <span class='ocr_line' id='line_1_45' title="bbox 532 2626 2100 2689; baseline -0.006 -4"><span class='ocrx_word' id='word_1_306' title='bbox 532 2631 782 2685; x_wconf 83' lang='lat' dir='ltr'><strong>homines</strong></span> <span class='ocrx_word' id='word_1_307' title='bbox 811 2628 998 2689; x_wconf 90' lang='lat' dir='ltr'><strong>simus,</strong></span> <span class='ocrx_word' id='word_1_308' title='bbox 1031 2626 1275 2679; x_wconf 87' lang='lat' dir='ltr'><strong>homines</strong></span> <span class='ocrx_word' id='word_1_309' title='bbox 1309 2639 1376 2677; x_wconf 91' lang='lat' dir='ltr'><strong>ne</strong></span> <span class='ocrx_word' id='word_1_310' title='bbox 1408 2631 1839 2685; x_wconf 87' lang='lat' dir='ltr'><strong>contemnamus,</strong></span> <span class='ocrx_word' id='word_1_311' title='bbox 1872 2637 1971 2675; x_wconf 89' lang='lat' dir='ltr'><strong>nee</strong></span> <span class='ocrx_word' id='word_1_312' title='bbox 2006 2636 2100 2689; x_wconf 84' lang='lat' dir='ltr'><strong>per</strong></span> 
     </span>
    </p>
   </div>
   <div class='ocr_carea' id='block_1_46' title="bbox 533 2716 2096 2781">
    <p class='ocr_par' dir='ltr' id='par_1_46' title="bbox 533 2716 2096 2781">
     <span class='ocr_line' id='line_1_46' title="bbox 533 2716 2096 2781; baseline -0.008 -2"><span class='ocrx_word' id='word_1_313' title='bbox 533 2732 775 2779; x_wconf 83' lang='lat' dir='ltr'><strong>nostram</strong></span> <span class='ocrx_word' id='word_1_314' title='bbox 828 2722 881 2776; x_wconf 92' lang='lat' dir='ltr'><strong>in</strong></span> <span class='ocrx_word' id='word_1_315' title='bbox 939 2720 1055 2776; x_wconf 91' lang='lat' dir='ltr'><strong>illos</strong></span> <span class='ocrx_word' id='word_1_316' title='bbox 1121 2717 1515 2781; x_wconf 83' lang='lat' dir='ltr'><strong>crudelitatem,</strong></span> <span class='ocrx_word' id='word_1_317' title='bbox 1574 2716 1872 2780; x_wconf 85' lang='lat' dir='ltr'><strong>Christum,</strong></span> <span class='ocrx_word' id='word_1_318' title='bbox 1933 2731 2096 2768; x_wconf 82' lang='grc' dir='ltr'>ιιιιιιιιι</span> 
     </span>
    </p>
   </div>
   <div class='ocr_carea' id='block_1_47' title="bbox 531 2806 2098 2879">
    <p class='ocr_par' dir='ltr' id='par_1_47' title="bbox 531 2806 2098 2879">
     <span class='ocr_line' id='line_1_47' title="bbox 531 2806 2098 2879; baseline -0.003 -14"><span class='ocrx_word' id='word_1_319' title='bbox 531 2812 772 2865; x_wconf 88' lang='lat' dir='ltr'><strong>omnium</strong></span> <span class='ocrx_word' id='word_1_320' title='bbox 798 2819 976 2879; x_wconf 89' lang='lat' dir='ltr'><strong>caput,</strong></span> <span class='ocrx_word' id='word_1_321' title='bbox 1016 2808 1307 2876; x_wconf 84' lang='lat' dir='ltr'><strong>ignominia</strong></span> <span class='ocrx_word' id='word_1_322' title='bbox 1342 2806 1666 2867; x_wconf 79' lang='lat' dir='ltr'><strong>afﬁciamus;</strong></span> <span class='ocrx_word' id='word_1_323' title='bbox 1699 2808 1791 2860; x_wconf 89' lang='lat' dir='ltr'><strong>sed</strong></span> <span class='ocrx_word' id='word_1_324' title='bbox 1827 2806 1876 2859; x_wconf 90' lang='lat' dir='ltr'><strong>in</strong></span> <span class='ocrx_word' id='word_1_325' title='bbox 1908 2807 2098 2860; x_wconf 85' lang='lat' dir='ltr'><strong>alienis</strong></span> 
     </span>
    </p>
   </div>
   <div class='ocr_carea' id='block_1_48' title="bbox 532 2896 2097 2984">
    <p class='ocr_par' dir='ltr' id='par_1_48' title="bbox 532 2896 2097 2984">
     <span class='ocr_line' id='line_1_48' title="bbox 532 2896 2097 2984; baseline -0.005 -24"><span class='ocrx_word' id='word_1_326' title='bbox 532 2904 928 2984; x_wconf 66' lang='lat' dir='ltr'><strong>calamitatibus</strong></span> <span class='ocrx_word' id='word_1_327' title='bbox 961 2900 1249 2967; x_wconf 87' lang='lat' dir='ltr'><strong>nobisipsis</strong></span> <span class='ocrx_word' id='word_1_328' title='bbox 1270 2900 1470 2967; x_wconf 82' lang='lat' dir='ltr'><strong>Optime</strong></span> <span class='ocrx_word' id='word_1_329' title='bbox 1491 2898 1852 2960; x_wconf 86' lang='lat' dir='ltr'><strong>consulamus,</strong></span> <span class='ocrx_word' id='word_1_330' title='bbox 1881 2896 2097 2966; x_wconf 88' lang='lat' dir='ltr'><strong>Deoque</strong></span> 
     </span>
    </p>
   </div>
   <div class='ocr_carea' id='block_1_49' title="bbox 2205 1802 3770 1880">
    <p class='ocr_par' dir='ltr' id='par_1_49' title="bbox 2205 1802 3770 1880">
     <span class='ocr_line' id='line_1_49' title="bbox 2205 1802 3770 1880; baseline -0.004 -20"><span class='ocrx_word' id='word_1_331' title='bbox 2205 1808 2381 1880; x_wconf 83' lang='grc' dir='ltr'>μελῶν</span> <span class='ocrx_word' id='word_1_332' title='bbox 2414 1805 2685 1867; x_wconf 83' lang='grc' dir='ltr'>ἐλεεινῶν,</span> <span class='ocrx_word' id='word_1_333' title='bbox 2720 1804 2771 1857; x_wconf 77' lang='grc' dir='ltr'><strong>εί</strong></span> <span class='ocrx_word' id='word_1_334' title='bbox 2799 1821 2907 1857; x_wconf 88' lang='grc' dir='ltr'>τισι</span> <span class='ocrx_word' id='word_1_335' title='bbox 2937 1804 3028 1856; x_wconf 69' lang='grc' dir='ltr'>καὶ</span> <span class='ocrx_word' id='word_1_336' title='bbox 3064 1803 3215 1871; x_wconf 83' lang='grc' dir='ltr'>φωνὴ</span> <span class='ocrx_word' id='word_1_337' title='bbox 3254 1802 3500 1855; x_wconf 87' lang='grc' dir='ltr'>λείπεται</span> <span class='ocrx_word' id='word_1_338' title='bbox 3534 1802 3665 1872; x_wconf 89' lang='grc'>(18).</span> <span class='ocrx_word' id='word_1_339' title='bbox 3699 1802 3770 1856; x_wconf 89' lang='grc' dir='ltr'>Τί</span> 
     </span>
    </p>
   </div>
   <div class='ocr_carea' id='block_1_50' title="bbox 2202 1893 3766 1969">
    <p class='ocr_par' dir='ltr' id='par_1_50' title="bbox 2202 1893 3766 1969">
     <span class='ocr_line' id='line_1_50' title="bbox 2202 1893 3766 1969; baseline -0.004 -16"><span class='ocrx_word' id='word_1_340' title='bbox 2202 1900 2267 1954; x_wconf 82' lang='grc' dir='ltr'><strong>ἂν</strong></span> <span class='ocrx_word' id='word_1_341' title='bbox 2296 1900 2507 1953; x_wconf 73' lang='grc' dir='ltr'>ἅπαντα</span> <span class='ocrx_word' id='word_1_342' title='bbox 2538 1897 2647 1969; x_wconf 85' lang='grc'>(19)</span> <span class='ocrx_word' id='word_1_343' title='bbox 2680 1894 3086 1967; x_wconf 83' lang='grc' dir='ltr'>ἐκτραγῳδοίην</span> <span class='ocrx_word' id='word_1_344' title='bbox 3113 1893 3182 1947; x_wconf 84' lang='grc' dir='ltr'><strong>τά</strong></span> <span class='ocrx_word' id='word_1_345' title='bbox 3215 1895 3492 1963; x_wconf 77' lang='grc' dir='ltr'>ἡμέτερα,</span> <span class='ocrx_word' id='word_1_346' title='bbox 3525 1895 3624 1947; x_wconf 78' lang='grc' dir='ltr'><strong>οὐκ</strong></span> <span class='ocrx_word' id='word_1_347' title='bbox 3662 1895 3766 1965; x_wconf 86' lang='grc' dir='ltr'>ἀρ-</span> 
     </span>
    </p>
   </div>
   <div class='ocr_carea' id='block_1_51' title="bbox 2201 1984 3771 2057">
    <p class='ocr_par' dir='ltr' id='par_1_51' title="bbox 2201 1984 3771 2057">
     <span class='ocr_line' id='line_1_51' title="bbox 2201 1984 3771 2057; baseline -0.004 -14"><span class='ocrx_word' id='word_1_348' title='bbox 2201 1989 2423 2051; x_wconf 87' lang='grc' dir='ltr'>κοῦντος</span> <span class='ocrx_word' id='word_1_349' title='bbox 2454 1987 2549 2040; x_wconf 91' lang='grc' dir='ltr'><strong>τοῦ</strong></span> <span class='ocrx_word' id='word_1_350' title='bbox 2593 1987 2754 2055; x_wconf 88' lang='grc' dir='ltr'>λόγου</span> <span class='ocrx_word' id='word_1_351' title='bbox 2785 1985 2861 2056; x_wconf 82' lang='grc' dir='ltr'>τῷ</span> <span class='ocrx_word' id='word_1_352' title='bbox 2896 1984 3087 2049; x_wconf 86' lang='grc' dir='ltr'>πάθει;</span> <span class='ocrx_word' id='word_1_353' title='bbox 3136 1984 3275 2037; x_wconf 79' lang='grc' dir='ltr'>Ἀλλ’</span> <span class='ocrx_word' id='word_1_354' title='bbox 3314 1987 3521 2050; x_wconf 86' lang='grc' dir='ltr'>ἐκεῖνός</span> <span class='ocrx_word' id='word_1_355' title='bbox 3554 2004 3617 2055; x_wconf 93' lang='grc' dir='ltr'><strong>γε</strong></span> <span class='ocrx_word' id='word_1_356' title='bbox 3660 1988 3771 2057; x_wconf 74' lang='grc' dir='ltr'>μάσ-</span> 
     </span>
    </p>
   </div>
   <div class='ocr_carea' id='block_1_52' title="bbox 2202 2075 3774 2149">
    <p class='ocr_par' dir='ltr' id='par_1_52' title="bbox 2202 2075 3774 2149">
     <span class='ocr_line' id='line_1_52' title="bbox 2202 2075 3774 2149; baseline -0.001 -16"><span class='ocrx_word' id='word_1_357' title='bbox 2202 2082 2358 2134; x_wconf 85' lang='grc' dir='ltr'>λιστα</span> <span class='ocrx_word' id='word_1_358' title='bbox 2392 2079 2608 2132; x_wconf 85' lang='grc' dir='ltr'>πάντων</span> <span class='ocrx_word' id='word_1_359' title='bbox 2637 2078 2875 2139; x_wconf 68' lang='grc' dir='ltr'>ιπεισεν,</span> <span class='ocrx_word' id='word_1_360' title='bbox 2912 2075 3231 2147; x_wconf 82' lang='grc' dir='ltr'>ἀνθρώπους</span> <span class='ocrx_word' id='word_1_361' title='bbox 3261 2076 3439 2141; x_wconf 76' lang='grc' dir='ltr'>ὄντας,</span> <span class='ocrx_word' id='word_1_362' title='bbox 3467 2076 3774 2149; x_wconf 82' lang='grc' dir='ltr'>ἀνθρώπων</span> 
     </span>
    </p>
   </div>
   <div class='ocr_carea' id='block_1_53' title="bbox 2207 2169 3774 2242">
    <p class='ocr_par' dir='ltr' id='par_1_53' title="bbox 2207 2169 3774 2242">
     <span class='ocr_line' id='line_1_53' title="bbox 2207 2169 3774 2242; baseline 0.001 -19"><span class='ocrx_word' id='word_1_363' title='bbox 2207 2172 2280 2242; x_wconf 82' lang='grc' dir='ltr'>μὴ</span> <span class='ocrx_word' id='word_1_364' title='bbox 2315 2172 2673 2242; x_wconf 73' lang='grc' dir='ltr'>καταφρονεῖν</span> <span class='ocrx_word' id='word_1_365' title='bbox 2696 2211 2709 2233; x_wconf 91' lang='grc'><strong>,</strong></span> <span class='ocrx_word' id='word_1_366' title='bbox 2756 2169 2878 2240; x_wconf 77' lang='grc' dir='ltr'>μηδ’</span> <span class='ocrx_word' id='word_1_367' title='bbox 2922 2170 3206 2240; x_wconf 80' lang='grc' dir='ltr'>ἀτιμάζειν</span> <span class='ocrx_word' id='word_1_368' title='bbox 3246 2170 3479 2241; x_wconf 84' lang='grc' dir='ltr'>Χριστὸν</span> <span class='ocrx_word' id='word_1_369' title='bbox 3506 2170 3605 2239; x_wconf 76' lang='grc' dir='ltr'><strong>τὴν</strong></span> <span class='ocrx_word' id='word_1_370' title='bbox 3638 2172 3774 2242; x_wconf 89' lang='grc' dir='ltr'>μίαν</span> 
     </span>
    </p>
   </div>
   <div class='ocr_carea' id='block_1_54' title="bbox 2205 2259 3769 2331">
    <p class='ocr_par' dir='ltr' id='par_1_54' title="bbox 2205 2259 3769 2331">
     <span class='ocr_line' id='line_1_54' title="bbox 2205 2259 3769 2331; baseline -0.003 -17"><span class='ocrx_word' id='word_1_371' title='bbox 2205 2262 2422 2314; x_wconf 86' lang='grc' dir='ltr'>πάντων</span> <span class='ocrx_word' id='word_1_372' title='bbox 2453 2259 2694 2331; x_wconf 78' lang='grc' dir='ltr'>κεφαλὴν</span> <span class='ocrx_word' id='word_1_373' title='bbox 2719 2259 2806 2312; x_wconf 72' lang='grc' dir='ltr'><strong>διὰ</strong></span> <span class='ocrx_word' id='word_1_374' title='bbox 2835 2260 2931 2330; x_wconf 81' lang='grc' dir='ltr'>τῆς</span> <span class='ocrx_word' id='word_1_375' title='bbox 2963 2262 3041 2322; x_wconf 90' lang='grc' dir='ltr'>εἰς</span> <span class='ocrx_word' id='word_1_376' title='bbox 3070 2259 3311 2321; x_wconf 61' lang='grc' dir='ltr'>ἐκείνους</span> <span class='ocrx_word' id='word_1_377' title='bbox 3338 2259 3732 2329; x_wconf 81' lang='grc' dir='ltr'>ἀπανθρωπίας</span> <span class='ocrx_word' id='word_1_378' title='bbox 3752 2274 3769 2288; x_wconf 87' lang='grc'><strong>·</strong></span> 
     </span>
    </p>
   </div>
   <div class='ocr_carea' id='block_1_55' title="bbox 2204 2346 3772 2423">
    <p class='ocr_par' dir='ltr' id='par_1_55' title="bbox 2204 2346 3772 2423">
     <span class='ocr_line' id='line_1_55' title="bbox 2204 2346 3772 2423; baseline 0 -18"><span class='ocrx_word' id='word_1_379' title='bbox 2204 2352 2317 2405; x_wconf 77' lang='grc' dir='ltr'>ἀλλ’</span> <span class='ocrx_word' id='word_1_380' title='bbox 2354 2354 2410 2403; x_wconf 80' lang='grc' dir='ltr'><strong>ἐν</strong></span> <span class='ocrx_word' id='word_1_381' title='bbox 2437 2355 2556 2415; x_wconf 84' lang='grc' dir='ltr'>ταῖς</span> <span class='ocrx_word' id='word_1_382' title='bbox 2584 2352 2890 2422; x_wconf 86' lang='grc' dir='ltr'>ἀλλοτρίαις</span> <span class='ocrx_word' id='word_1_383' title='bbox 2917 2350 3026 2421; x_wconf 64' lang='grc' dir='ltr'>(ΞΟ)</span> <span class='ocrx_word' id='word_1_384' title='bbox 3059 2354 3383 2423; x_wconf 75' lang='grc' dir='ltr'>συμφοραῖς,</span> <span class='ocrx_word' id='word_1_385' title='bbox 3413 2351 3483 2404; x_wconf 84' lang='grc' dir='ltr'><strong>τά</strong></span> <span class='ocrx_word' id='word_1_386' title='bbox 3507 2354 3681 2405; x_wconf 80' lang='grc' dir='ltr'>οἰκεῖα</span> <span class='ocrx_word' id='word_1_387' title='bbox 3708 2346 3772 2405; x_wconf 78' lang='grc' dir='ltr'>εὖ</span> 
     </span>
    </p>
   </div>
   <div class='ocr_carea' id='block_1_56' title="bbox 2202 2439 3773 2511">
    <p class='ocr_par' dir='ltr' id='par_1_56' title="bbox 2202 2439 3773 2511">
     <span class='ocr_line' id='line_1_56' title="bbox 2202 2439 3773 2511; baseline -0.001 -17"><span class='ocrx_word' id='word_1_388' title='bbox 2202 2442 2469 2502; x_wconf 82' lang='grc' dir='ltr'>τίθεσθαι,</span> <span class='ocrx_word' id='word_1_389' title='bbox 2500 2442 2593 2494; x_wconf 71' lang='grc' dir='ltr'><strong>καὶ</strong></span> <span class='ocrx_word' id='word_1_390' title='bbox 2615 2440 2877 2504; x_wconf 77' lang='grc' dir='ltr'>δανείζειν</span> <span class='ocrx_word' id='word_1_391' title='bbox 2904 2441 3012 2511; x_wconf 72' lang='grc'>(21)</span> <span class='ocrx_word' id='word_1_392' title='bbox 3037 2439 3154 2510; x_wconf 80' lang='grc' dir='ltr'><strong>Θεῷ</strong></span> <span class='ocrx_word' id='word_1_393' title='bbox 3174 2440 3264 2492; x_wconf 78' lang='grc' dir='ltr'><strong>τὸν</strong></span> <span class='ocrx_word' id='word_1_394' title='bbox 3287 2439 3453 2503; x_wconf 68' lang='grc' dir='ltr'>ἔλεον,</span> <span class='ocrx_word' id='word_1_395' title='bbox 3483 2440 3632 2492; x_wconf 83' lang='grc' dir='ltr'>ἐλέου</span> <span class='ocrx_word' id='word_1_396' title='bbox 3657 2440 3773 2509; x_wconf 70' lang='lat'><strong>(2‘2)</strong></span> 
     </span>
    </p>
   </div>
   <div class='ocr_carea' id='block_1_57' title="bbox 2204 2529 3775 2603">
    <p class='ocr_par' dir='ltr' id='par_1_57' title="bbox 2204 2529 3775 2603">
     <span class='ocr_line' id='line_1_57' title="bbox 2204 2529 3775 2603; baseline 0 -20"><span class='ocrx_word' id='word_1_397' title='bbox 2204 2532 2523 2603; x_wconf 78' lang='grc' dir='ltr'>χρῄζοντας.</span> <span class='ocrx_word' id='word_1_398' title='bbox 2569 2532 2666 2584; x_wconf 79' lang='grc' dir='ltr'>Διά</span> <span class='ocrx_word' id='word_1_399' title='bbox 2710 2531 2898 2594; x_wconf 89' lang='grc' dir='ltr'>τοῦτο,</span> <span class='ocrx_word' id='word_1_400' title='bbox 2949 2531 3068 2584; x_wconf 73' lang='grc' dir='ltr'>οὐδὲ</span> <span class='ocrx_word' id='word_1_401' title='bbox 3109 2534 3220 2593; x_wconf 83' lang='grc' dir='ltr'>τοῖς</span> <span class='ocrx_word' id='word_1_402' title='bbox 3262 2531 3494 2600; x_wconf 82' lang='grc' dir='ltr'>χείλεσιν</span> <span class='ocrx_word' id='word_1_403' title='bbox 3539 2529 3775 2601; x_wconf 77' lang='grc' dir='ltr'>ἀπηξίου</span> 
     </span>
    </p>
   </div>
   <div class='ocr_carea' id='block_1_58' title="bbox 2204 2621 3775 2694">
    <p class='ocr_par' dir='ltr' id='par_1_58' title="bbox 2204 2621 3775 2694">
     <span class='ocr_line' id='line_1_58' title="bbox 2204 2621 3775 2694; baseline 0 -19"><span class='ocrx_word' id='word_1_404' title='bbox 2204 2625 2369 2693; x_wconf 72' lang='grc' dir='ltr'>τιμᾷν</span> <span class='ocrx_word' id='word_1_405' title='bbox 2391 2623 2489 2692; x_wconf 73' lang='grc' dir='ltr'>τὴν</span> <span class='ocrx_word' id='word_1_406' title='bbox 2516 2628 2692 2685; x_wconf 85' lang='grc' dir='ltr'>νόσον,</span> <span class='ocrx_word' id='word_1_407' title='bbox 2724 2626 2751 2676; x_wconf 87' lang='grc' dir='ltr'>ὁ</span> <span class='ocrx_word' id='word_1_408' title='bbox 2780 2625 3009 2694; x_wconf 72' lang='grc' dir='ltr'>εὐγενής</span> <span class='ocrx_word' id='word_1_409' title='bbox 3032 2642 3090 2676; x_wconf 90' lang='grc' dir='ltr'><strong>τε</strong></span> <span class='ocrx_word' id='word_1_410' title='bbox 3114 2624 3205 2676; x_wconf 69' lang='grc' dir='ltr'>καὶ</span> <span class='ocrx_word' id='word_1_411' title='bbox 3231 2624 3338 2677; x_wconf 82' lang='grc' dir='ltr'><strong>τῶν</strong></span> <span class='ocrx_word' id='word_1_412' title='bbox 3362 2621 3419 2676; x_wconf 78' lang='grc' dir='ltr'>εὖ</span> <span class='ocrx_word' id='word_1_413' title='bbox 3448 2624 3775 2692; x_wconf 84' lang='grc' dir='ltr'>γεγονότων,</span> 
     </span>
    </p>
   </div>
   <div class='ocr_carea' id='block_1_59' title="bbox 2205 2714 3777 2786">
    <p class='ocr_par' dir='ltr' id='par_1_59' title="bbox 2205 2714 3777 2786">
     <span class='ocr_line' id='line_1_59' title="bbox 2205 2714 3777 2786; baseline 0.002 -21"><span class='ocrx_word' id='word_1_414' title='bbox 2205 2715 2299 2766; x_wconf 74' lang='grc' dir='ltr'>καὶ</span> <span class='ocrx_word' id='word_1_415' title='bbox 2322 2714 2420 2784; x_wconf 84' lang='grc' dir='ltr'>τὴν</span> <span class='ocrx_word' id='word_1_416' title='bbox 2449 2714 2608 2780; x_wconf 79' lang='grc' dir='ltr'>δόξαν</span> <span class='ocrx_word' id='word_1_417' title='bbox 2634 2716 3046 2786; x_wconf 73' lang='grc' dir='ltr'>ὑπέρλαμπρος,</span> <span class='ocrx_word' id='word_1_418' title='bbox 3072 2716 3184 2769; x_wconf 60' lang='grc' dir='ltr'>ἀλλ’</span> <span class='ocrx_word' id='word_1_419' title='bbox 3210 2715 3284 2778; x_wconf 84' lang='grc' dir='ltr'>ὼς</span> <span class='ocrx_word' id='word_1_420' title='bbox 3310 2715 3569 2784; x_wconf 72' lang='grc' dir='ltr'>ἀδελφοὺς</span> <span class='ocrx_word' id='word_1_421' title='bbox 3594 2714 3777 2785; x_wconf 72' lang='grc' dir='ltr'>ἠσπά-</span> 
     </span>
    </p>
   </div>
   <div class='ocr_carea' id='block_1_60' title="bbox 2206 2803 3849 2880">
    <p class='ocr_par' dir='ltr' id='par_1_60' title="bbox 2206 2803 3849 2880">
     <span class='ocr_line' id='line_1_60' title="bbox 2206 2803 3849 2880; baseline 0.002 -23"><span class='ocrx_word' id='word_1_422' title='bbox 2206 2803 2351 2869; x_wconf 79' lang='grc' dir='ltr'>ζετο,</span> <span class='ocrx_word' id='word_1_423' title='bbox 2386 2807 2485 2875; x_wconf 77' lang='grc' dir='ltr'>οὐχ</span> <span class='ocrx_word' id='word_1_424' title='bbox 2517 2808 2653 2876; x_wconf 81' lang='grc' dir='ltr'>ὅπερ</span> <span class='ocrx_word' id='word_1_425' title='bbox 2684 2809 2747 2862; x_wconf 85' lang='grc' dir='ltr'><strong>ἀν</strong></span> <span class='ocrx_word' id='word_1_426' title='bbox 2779 2825 2861 2870; x_wconf 88' lang='grc' dir='ltr'><strong>τις</strong></span> <span class='ocrx_word' id='word_1_427' title='bbox 2896 2807 3492 2872; x_wconf 74' lang='grc' dir='ltr'>ὑπολάϐοικενοδοξῶν,</span> <span class='ocrx_word' id='word_1_428' title='bbox 3529 2808 3632 2871; x_wconf 78' lang='grc' dir='ltr'>(τίς</span> <span class='ocrx_word' id='word_1_429' title='bbox 3664 2808 3776 2880; x_wconf 83' lang='grc' dir='ltr'><strong>γάρ</strong></span> <span class='ocrx_word' id='word_1_430' title='bbox 3837 2818 3849 2829; x_wconf 91' lang='grc'><strong>·</strong></span> 
     </span>
    </p>
   </div>
   <div class='ocr_carea' id='block_1_61' title="bbox 2204 2898 3777 2971">
    <p class='ocr_par' dir='ltr' id='par_1_61' title="bbox 2204 2898 3777 2971">
     <span class='ocr_line' id='line_1_61' title="bbox 2204 2898 3777 2971; baseline 0.002 -22"><span class='ocrx_word' id='word_1_431' title='bbox 2204 2898 2455 2950; x_wconf 88' lang='grc' dir='ltr'>τοσοῦτον</span> <span class='ocrx_word' id='word_1_432' title='bbox 2480 2899 2670 2968; x_wconf 81' lang='grc' dir='ltr'>ἀπεῖχε</span> <span class='ocrx_word' id='word_1_433' title='bbox 2695 2898 3017 2966; x_wconf 55' lang='grc' dir='ltr'>τοῦπτάθους</span> <span class='ocrx_word' id='word_1_434' title='bbox 3036 2901 3074 2963; x_wconf 87' lang='grc'>;)</span> <span class='ocrx_word' id='word_1_435' title='bbox 3109 2898 3242 2952; x_wconf 79' lang='grc' dir='ltr'><strong>ἁλλά</strong></span> <span class='ocrx_word' id='word_1_436' title='bbox 3270 2899 3328 2951; x_wconf 81' lang='grc' dir='ltr'><strong>τὸ</strong></span> <span class='ocrx_word' id='word_1_437' title='bbox 3355 2900 3634 2971; x_wconf 82' lang='grc' dir='ltr'>προσιέναι</span> <span class='ocrx_word' id='word_1_438' title='bbox 3660 2903 3777 2965; x_wconf 83' lang='grc' dir='ltr'>τοῖς</span> 
     </span>
    </p>
   </div>
   <div class='ocr_carea' id='block_1_62' title="bbox 536 2986 2099 3087">
    <p class='ocr_par' dir='ltr' id='par_1_62' title="bbox 536 2986 2095 3059">
     <span class='ocr_line' id='line_1_62' title="bbox 536 2986 2095 3059; baseline -0.006 -9"><span class='ocrx_word' id='word_1_439' title='bbox 536 2992 986 3055; x_wconf 85' lang='lat' dir='ltr'><strong>misericordiam,</strong></span> <span class='ocrx_word' id='word_1_440' title='bbox 1020 3004 1124 3058; x_wconf 89' lang='lat' dir='ltr'><strong>qua</strong></span> <span class='ocrx_word' id='word_1_441' title='bbox 1170 2989 1270 3059; x_wconf 87' lang='lat' dir='ltr'><strong>ipsi</strong></span> <span class='ocrx_word' id='word_1_442' title='bbox 1305 3003 1541 3058; x_wconf 84' lang='lat' dir='ltr'><strong>egemus,</strong></span> <span class='ocrx_word' id='word_1_443' title='bbox 1590 2988 1915 3043; x_wconf 86' lang='lat' dir='ltr'><strong>feneremur.</strong></span> <span class='ocrx_word' id='word_1_444' title='bbox 1953 2986 2095 3052; x_wconf 82' lang='lat' dir='ltr'><strong>Quo-</strong></span> 
     </span>
    </p>
   </div>
   <div class='ocr_carea' id='block_1_63' title="bbox 2203 2986 3776 3087">
    <p class='ocr_par' dir='ltr' id='par_1_63' title="bbox 2210 2990 3776 3062">
     <span class='ocr_line' id='line_1_63' title="bbox 2210 2990 3776 3062; baseline 0.002 -21"><span class='ocrx_word' id='word_1_445' title='bbox 2210 2990 2455 3059; x_wconf 81' lang='grc' dir='ltr'>σώμασιν</span> <span class='ocrx_word' id='word_1_446' title='bbox 2499 2991 2591 3042; x_wconf 84' lang='grc' dir='ltr'><strong>ἐπί</strong></span> <span class='ocrx_word' id='word_1_447' title='bbox 2639 2990 2905 3062; x_wconf 81' lang='grc' dir='ltr'>θεραπείᾳ</span> <span class='ocrx_word' id='word_1_448' title='bbox 2947 2990 3036 3043; x_wconf 84' lang='grc' dir='ltr'>διὰ</span> <span class='ocrx_word' id='word_1_449' title='bbox 3074 2992 3171 3061; x_wconf 77' lang='grc' dir='ltr'>τῆς</span> <span class='ocrx_word' id='word_1_450' title='bbox 3217 2990 3410 3044; x_wconf 82' lang='grc' dir='ltr'>ἐαυτοῦ</span> <span class='ocrx_word' id='word_1_451' title='bbox 3458 2991 3776 3061; x_wconf 81' lang='grc' dir='ltr'>φιλοσοφίας</span> 
     </span>
    </p>
   </div>
   <div class='ocr_carea' id='block_1_64' title="bbox 535 3079 2099 3151">
    <p class='ocr_par' dir='ltr' id='par_1_64' title="bbox 535 3079 2099 3151">
     <span class='ocr_line' id='line_1_64' title="bbox 535 3079 2099 3151; baseline -0.006 -11"><span class='ocrx_word' id='word_1_452' title='bbox 535 3085 679 3141; x_wconf 84' lang='lat' dir='ltr'><strong>circa</strong></span> <span class='ocrx_word' id='word_1_453' title='bbox 704 3100 772 3139; x_wconf 90' lang='lat' dir='ltr'><strong>ne</strong></span> <span class='ocrx_word' id='word_1_454' title='bbox 795 3084 942 3138; x_wconf 87' lang='lat' dir='ltr'><strong>labra</strong></span> <span class='ocrx_word' id='word_1_455' title='bbox 961 3082 1176 3151; x_wconf 86' lang='lat' dir='ltr'><strong>quidem</strong></span> <span class='ocrx_word' id='word_1_456' title='bbox 1213 3080 1292 3134; x_wconf 75' lang='lat' dir='ltr'><strong>vir</strong></span> <span class='ocrx_word' id='word_1_457' title='bbox 1317 3080 1531 3145; x_wconf 87' lang='lat' dir='ltr'><strong>nobilis,</strong></span> <span class='ocrx_word' id='word_1_458' title='bbox 1558 3088 1612 3133; x_wconf 89' lang='lat' dir='ltr'><strong>et</strong></span> <span class='ocrx_word' id='word_1_459' title='bbox 1638 3079 1902 3133; x_wconf 83' lang='lat' dir='ltr'><strong>nobilibus</strong></span> <span class='ocrx_word' id='word_1_460' title='bbox 1927 3090 2099 3146; x_wconf 88' lang='lat' dir='ltr'><strong>ortus,</strong></span> 
     </span>
    </p>
   </div>
   <div class='ocr_carea' id='block_1_65' title="bbox 538 3166 2105 3247">
    <p class='ocr_par' dir='ltr' id='par_1_65' title="bbox 538 3166 2105 3247">
     <span class='ocr_line' id='line_1_65' title="bbox 538 3166 2105 3247; baseline -0.004 -18"><span class='ocrx_word' id='word_1_461' title='bbox 538 3177 811 3247; x_wconf 84' lang='lat' dir='ltr'><strong>gloriaque</strong></span> <span class='ocrx_word' id='word_1_462' title='bbox 833 3173 1187 3236; x_wconf 87' lang='lat' dir='ltr'><strong>clarissimus,</strong></span> <span class='ocrx_word' id='word_1_463' title='bbox 1233 3171 1449 3241; x_wconf 81' lang='lat' dir='ltr'><strong>:rgrotis</strong></span> <span class='ocrx_word' id='word_1_464' title='bbox 1499 3170 1785 3224; x_wconf 81' lang='lat' dir='ltr'><strong>admovere</strong></span> <span class='ocrx_word' id='word_1_465' title='bbox 1843 3166 2105 3239; x_wconf 80' lang='lat' dir='ltr'><strong>gravaba-</strong></span> 
     </span>
    </p>
   </div>
   <div class='ocr_carea' id='block_1_66' title="bbox 539 3258 2108 3327">
    <p class='ocr_par' dir='ltr' id='par_1_66' title="bbox 539 3258 2108 3327">
     <span class='ocr_line' id='line_1_66' title="bbox 539 3258 2108 3327; baseline -0.004 -8"><span class='ocrx_word' id='word_1_466' title='bbox 539 3275 664 3326; x_wconf 88' lang='lat' dir='ltr'><strong>tur;</strong></span> <span class='ocrx_word' id='word_1_467' title='bbox 698 3278 886 3319; x_wconf 89' lang='lat' dir='ltr'><strong>verum</strong></span> <span class='ocrx_word' id='word_1_468' title='bbox 924 3269 982 3315; x_wconf 91' lang='lat' dir='ltr'><strong>ut</strong></span> <span class='ocrx_word' id='word_1_469' title='bbox 1017 3261 1215 3314; x_wconf 82' lang='lat' dir='ltr'><strong>fratres</strong></span> <span class='ocrx_word' id='word_1_470' title='bbox 1244 3258 1685 3327; x_wconf 86' lang='lat' dir='ltr'><strong>amplectebatur,</strong></span> <span class='ocrx_word' id='word_1_471' title='bbox 1721 3274 1847 3321; x_wconf 92' lang='lat' dir='ltr'><strong>non,</strong></span> <span class='ocrx_word' id='word_1_472' title='bbox 1879 3268 1932 3311; x_wconf 90' lang='lat' dir='ltr'><strong>ut</strong></span> <span class='ocrx_word' id='word_1_473' title='bbox 1957 3261 2108 3327; x_wconf 87' lang='lat' dir='ltr'><strong>quis-</strong></span> 
     </span>
    </p>
   </div>
   <div class='ocr_carea' id='block_1_67' title="bbox 537 3348 2111 3427">
    <p class='ocr_par' dir='ltr' id='par_1_67' title="bbox 537 3348 2111 3427">
     <span class='ocr_line' id='line_1_67' title="bbox 537 3348 2111 3427; baseline -0.004 -19"><span class='ocrx_word' id='word_1_474' title='bbox 537 3356 682 3427; x_wconf 83' lang='lat' dir='ltr'><strong>piam</strong></span> <span class='ocrx_word' id='word_1_475' title='bbox 732 3352 965 3407; x_wconf 85' lang='lat' dir='ltr'><strong>fortasse</strong></span> <span class='ocrx_word' id='word_1_476' title='bbox 1011 3349 1423 3409; x_wconf 84' lang='lat' dir='ltr'><strong>existimaverit,</strong></span> <span class='ocrx_word' id='word_1_477' title='bbox 1485 3349 1695 3403; x_wconf 88' lang='lat' dir='ltr'><strong>inanem</strong></span> <span class='ocrx_word' id='word_1_478' title='bbox 1745 3348 1966 3414; x_wconf 81' lang='lat' dir='ltr'><strong>gloriam</strong></span> <span class='ocrx_word' id='word_1_479' title='bbox 2017 3363 2111 3403; x_wconf 53' lang='lat' dir='ltr'><strong>eaq</strong></span> 
     </span>
    </p>
   </div>
   <div class='ocr_carea' id='block_1_68' title="bbox 535 3438 2112 3517">
    <p class='ocr_par' dir='ltr' id='par_1_68' title="bbox 535 3438 2112 3517">
     <span class='ocr_line' id='line_1_68' title="bbox 535 3438 2112 3517; baseline -0.003 -18"><span class='ocrx_word' id='word_1_480' title='bbox 535 3454 697 3517; x_wconf 85' lang='lat' dir='ltr'><strong>ptans</strong></span> <span class='ocrx_word' id='word_1_481' title='bbox 735 3443 879 3514; x_wconf 88' lang='lat' dir='ltr'><strong>(quis</strong></span> <span class='ocrx_word' id='word_1_482' title='bbox 906 3442 1049 3497; x_wconf 90' lang='lat' dir='ltr'><strong>enim</strong></span> <span class='ocrx_word' id='word_1_483' title='bbox 1085 3443 1153 3496; x_wconf 88' lang='lat' dir='ltr'><strong>ab</strong></span> <span class='ocrx_word' id='word_1_484' title='bbox 1184 3442 1285 3496; x_wconf 91' lang='lat' dir='ltr'><strong>hoc</strong></span> <span class='ocrx_word' id='word_1_485' title='bbox 1332 3438 1890 3510; x_wconf 33' lang='lat' dir='ltr'><strong>aﬂ‘uctu,remotior?),</strong></span> <span class='ocrx_word' id='word_1_486' title='bbox 1927 3456 2112 3495; x_wconf 84' lang='lat' dir='ltr'><strong>verum</strong></span> 
     </span>
    </p>
   </div>
   <div class='ocr_carea' id='block_1_69' title="bbox 460 3532 2110 3608">
    <p class='ocr_par' dir='ltr' id='par_1_69' title="bbox 460 3532 2110 3608">
     <span class='ocr_line' id='line_1_69' title="bbox 460 3532 2110 3608; baseline -0.003 -16"><span class='ocrx_word' id='word_1_487' title='bbox 460 3566 467 3577; x_wconf 67' lang='grc' dir='ltr'><strong>ι</strong></span> <span class='ocrx_word' id='word_1_488' title='bbox 546 3553 647 3608; x_wconf 83' lang='lat' dir='ltr'><strong>per</strong></span> <span class='ocrx_word' id='word_1_489' title='bbox 672 3535 1070 3607; x_wconf 87' lang='lat' dir='ltr'><strong>philosophiam</strong></span> <span class='ocrx_word' id='word_1_490' title='bbox 1100 3549 1250 3589; x_wconf 90' lang='lat' dir='ltr'><strong>suam</strong></span> <span class='ocrx_word' id='word_1_491' title='bbox 1284 3534 1384 3586; x_wconf 92' lang='lat' dir='ltr'><strong>hoc</strong></span> <span class='ocrx_word' id='word_1_492' title='bbox 1407 3532 1526 3585; x_wconf 89' lang='lat' dir='ltr'><strong>aliis</strong></span> <span class='ocrx_word' id='word_1_493' title='bbox 1549 3532 1923 3601; x_wconf 69' lang='lat' dir='ltr'><strong>prmscribens,</strong></span> <span class='ocrx_word' id='word_1_494' title='bbox 1956 3542 2013 3585; x_wconf 89' lang='lat' dir='ltr'><strong>ut</strong></span> <span class='ocrx_word' id='word_1_495' title='bbox 2042 3532 2110 3587; x_wconf 89' lang='lat' dir='ltr'><strong>ad</strong></span> 
     </span>
    </p>
   </div>
   <div class='ocr_carea' id='block_1_70' title="bbox 540 3620 2114 3696">
    <p class='ocr_par' dir='ltr' id='par_1_70' title="bbox 540 3620 2114 3696">
     <span class='ocr_line' id='line_1_70' title="bbox 540 3620 2114 3696; baseline -0.005 -14"><span class='ocrx_word' id='word_1_496' title='bbox 540 3641 806 3696; x_wconf 62' lang='lat' dir='ltr'><strong>aegrorum</strong></span> <span class='ocrx_word' id='word_1_497' title='bbox 839 3638 1125 3693; x_wconf 86' lang='lat' dir='ltr'><strong>corporum</strong></span> <span class='ocrx_word' id='word_1_498' title='bbox 1156 3620 1489 3675; x_wconf 90' lang='lat' dir='ltr'><strong>curationem</strong></span> <span class='ocrx_word' id='word_1_499' title='bbox 1531 3620 1788 3675; x_wconf 88' lang='lat' dir='ltr'><strong>accedere</strong></span> <span class='ocrx_word' id='word_1_500' title='bbox 1817 3636 1921 3674; x_wconf 91' lang='lat' dir='ltr'><strong>non</strong></span> <span class='ocrx_word' id='word_1_501' title='bbox 1956 3635 2114 3675; x_wconf 83' lang='lat' dir='ltr'><strong>vere-</strong></span> 
     </span>
    </p>
   </div>
   <div class='ocr_carea' id='block_1_71' title="bbox 545 3710 2113 3781">
    <p class='ocr_par' dir='ltr' id='par_1_71' title="bbox 545 3710 2113 3781">
     <span class='ocr_line' id='line_1_71' title="bbox 545 3710 2113 3781; baseline -0.004 -9"><span class='ocrx_word' id='word_1_502' title='bbox 545 3726 759 3773; x_wconf 84' lang='lat' dir='ltr'><strong>rentur.</strong></span> <span class='ocrx_word' id='word_1_503' title='bbox 791 3715 890 3781; x_wconf 89' lang='lat' dir='ltr'><strong>Ita,</strong></span> <span class='ocrx_word' id='word_1_504' title='bbox 916 3730 1021 3769; x_wconf 89' lang='lat' dir='ltr'><strong>non</strong></span> <span class='ocrx_word' id='word_1_505' title='bbox 1052 3712 1210 3766; x_wconf 91' lang='lat' dir='ltr'><strong>modo</strong></span> <span class='ocrx_word' id='word_1_506' title='bbox 1236 3710 1519 3779; x_wconf 89' lang='lat' dir='ltr'><strong>loquendo,</strong></span> <span class='ocrx_word' id='word_1_507' title='bbox 1546 3713 1638 3765; x_wconf 87' lang='lat' dir='ltr'><strong>sed</strong></span> <span class='ocrx_word' id='word_1_508' title='bbox 1667 3711 1834 3765; x_wconf 89' lang='lat' dir='ltr'><strong>etiam</strong></span> <span class='ocrx_word' id='word_1_509' title='bbox 1862 3714 2113 3777; x_wconf 84' lang='lat' dir='ltr'><strong>tacendo,</strong></span> 
     </span>
    </p>
   </div>
   <div class='ocr_carea' id='block_1_72' title="bbox 545 3798 2115 3874">
    <p class='ocr_par' dir='ltr' id='par_1_72' title="bbox 545 3798 2115 3874">
     <span class='ocr_line' id='line_1_72' title="bbox 545 3798 2115 3874; baseline -0.004 -12"><span class='ocrx_word' id='word_1_510' title='bbox 545 3806 835 3862; x_wconf 87' lang='lat' dir='ltr'><strong>monitoris</strong></span> <span class='ocrx_word' id='word_1_511' title='bbox 861 3813 1042 3874; x_wconf 89' lang='lat' dir='ltr'><strong>partes</strong></span> <span class='ocrx_word' id='word_1_512' title='bbox 1068 3802 1272 3857; x_wconf 90' lang='lat' dir='ltr'><strong>obibat.</strong></span> <span class='ocrx_word' id='word_1_513' title='bbox 1302 3798 1413 3854; x_wconf 87' lang='lat' dir='ltr'><strong>Nec</strong></span> <span class='ocrx_word' id='word_1_514' title='bbox 1434 3814 1563 3857; x_wconf 87' lang='lat' dir='ltr'><strong>vero</strong></span> <span class='ocrx_word' id='word_1_515' title='bbox 1587 3802 1776 3856; x_wconf 90' lang='lat' dir='ltr'><strong>civitas</strong></span> <span class='ocrx_word' id='word_1_516' title='bbox 1804 3803 2021 3870; x_wconf 87' lang='lat' dir='ltr'><strong>quidem</strong></span> <span class='ocrx_word' id='word_1_517' title='bbox 2049 3803 2115 3857; x_wconf 92' lang='lat' dir='ltr'><strong>ad</strong></span> 
     </span>
    </p>
   </div>
   <div class='ocr_carea' id='block_1_73' title="bbox 542 3898 2113 3969">
    <p class='ocr_par' dir='ltr' id='par_1_73' title="bbox 542 3898 2113 3969">
     <span class='ocr_line' id='line_1_73' title="bbox 542 3898 2113 3969; baseline -0.001 -14"><span class='ocrx_word' id='word_1_518' title='bbox 542 3900 688 3957; x_wconf 83' lang='lat' dir='ltr'><strong>hunc</strong></span> <span class='ocrx_word' id='word_1_519' title='bbox 709 3902 925 3958; x_wconf 89' lang='lat' dir='ltr'><strong>modum</strong></span> <span class='ocrx_word' id='word_1_520' title='bbox 956 3916 1013 3955; x_wconf 87' lang='lat' dir='ltr'><strong>se</strong></span> <span class='ocrx_word' id='word_1_521' title='bbox 1040 3900 1286 3969; x_wconf 91' lang='lat' dir='ltr'><strong>gerebat,</strong></span> <span class='ocrx_word' id='word_1_522' title='bbox 1315 3898 1463 3967; x_wconf 83' lang='lat' dir='ltr'><strong>regio</strong></span> <span class='ocrx_word' id='word_1_523' title='bbox 1493 3904 1670 3951; x_wconf 85' lang='lat' dir='ltr'><strong>autem</strong></span> <span class='ocrx_word' id='word_1_524' title='bbox 1703 3907 1862 3966; x_wconf 87' lang='lat' dir='ltr'><strong>atque</strong></span> <span class='ocrx_word' id='word_1_525' title='bbox 1889 3911 2113 3954; x_wconf 89' lang='lat' dir='ltr'><strong>externa</strong></span> 
     </span>
    </p>
   </div>
   <div class='ocr_carea' id='block_1_74' title="bbox 542 3987 2114 4058">
    <p class='ocr_par' dir='ltr' id='par_1_74' title="bbox 542 3987 2114 4058">
     <span class='ocr_line' id='line_1_74' title="bbox 542 3987 2114 4058; baseline -0.003 -11"><span class='ocrx_word' id='word_1_526' title='bbox 542 3990 663 4047; x_wconf 89' lang='lat' dir='ltr'><strong>loca</strong></span> <span class='ocrx_word' id='word_1_527' title='bbox 694 4005 803 4045; x_wconf 91' lang='lat' dir='ltr'><strong>non</strong></span> <span class='ocrx_word' id='word_1_528' title='bbox 836 3990 962 4044; x_wconf 89' lang='lat' dir='ltr'><strong>item</strong></span> <span class='ocrx_word' id='word_1_529' title='bbox 991 4008 1006 4044; x_wconf 91' lang='lat'><strong>:</strong></span> <span class='ocrx_word' id='word_1_530' title='bbox 1046 3990 1179 4058; x_wconf 88' lang='lat' dir='ltr'><strong>quin</strong></span> <span class='ocrx_word' id='word_1_531' title='bbox 1218 3991 1415 4058; x_wconf 88' lang='lat' dir='ltr'><strong>potius,</strong></span> <span class='ocrx_word' id='word_1_532' title='bbox 1446 3987 1696 4041; x_wconf 85' lang='lat' dir='ltr'><strong>omnibus</strong></span> <span class='ocrx_word' id='word_1_533' title='bbox 1740 3988 1917 4057; x_wconf 82' lang='lat' dir='ltr'><strong>populi</strong></span> <span class='ocrx_word' id='word_1_534' title='bbox 1976 4004 2114 4058; x_wconf 73' lang='lat' dir='ltr'><strong>prte-</strong></span> 
     </span>
    </p>
   </div>
   <div class='ocr_carea' id='block_1_75' title="bbox 2207 3082 3765 3154">
    <p class='ocr_par' dir='ltr' id='par_1_75' title="bbox 2207 3082 3765 3154">
     <span class='ocr_line' id='line_1_75' title="bbox 2207 3082 3765 3154; baseline 0.003 -20"><span class='ocrx_word' id='word_1_535' title='bbox 2207 3082 2423 3144; x_wconf 84' lang='grc' dir='ltr'>τυπῶν,</span> <span class='ocrx_word' id='word_1_536' title='bbox 2463 3084 2556 3135; x_wconf 71' lang='grc' dir='ltr'><strong>καὶ</strong></span> <span class='ocrx_word' id='word_1_537' title='bbox 2592 3082 2936 3153; x_wconf 79' lang='grc' dir='ltr'>φθεγγομένη</span> <span class='ocrx_word' id='word_1_538' title='bbox 2977 3084 3069 3135; x_wconf 69' lang='grc' dir='ltr'>καὶ</span> <span class='ocrx_word' id='word_1_539' title='bbox 3118 3083 3379 3136; x_wconf 86' lang='grc' dir='ltr'>σιωπῶσα</span> <span class='ocrx_word' id='word_1_540' title='bbox 3424 3084 3765 3154; x_wconf 85' lang='grc' dir='ltr'>παραίνεσις.</span> 
     </span>
    </p>
   </div>
   <div class='ocr_carea' id='block_1_76' title="bbox 2205 3173 3771 3245">
    <p class='ocr_par' dir='ltr' id='par_1_76' title="bbox 2205 3173 3771 3245">
     <span class='ocr_line' id='line_1_76' title="bbox 2205 3173 3771 3245; baseline -0.001 -18"><span class='ocrx_word' id='word_1_541' title='bbox 2205 3175 2315 3227; x_wconf 75' lang='grc' dir='ltr'><strong>Καὶ</strong></span> <span class='ocrx_word' id='word_1_542' title='bbox 2337 3175 2434 3243; x_wconf 75' lang='grc' dir='ltr'><strong>οὐχ</strong></span> <span class='ocrx_word' id='word_1_543' title='bbox 2464 3176 2495 3245; x_wconf 80' lang='grc' dir='ltr'>ἡ</span> <span class='ocrx_word' id='word_1_544' title='bbox 2529 3176 2623 3244; x_wconf 82' lang='grc' dir='ltr'>μὲν</span> <span class='ocrx_word' id='word_1_545' title='bbox 2651 3174 2805 3237; x_wconf 86' lang='grc' dir='ltr'>πόλις</span> <span class='ocrx_word' id='word_1_546' title='bbox 2834 3173 3023 3237; x_wconf 87' lang='grc' dir='ltr'>οῦτως,</span> <span class='ocrx_word' id='word_1_547' title='bbox 3054 3175 3087 3245; x_wconf 82' lang='grc' dir='ltr'>ἡ</span> <span class='ocrx_word' id='word_1_548' title='bbox 3114 3173 3267 3244; x_wconf 84' lang='grc' dir='ltr'>χώρα</span> <span class='ocrx_word' id='word_1_549' title='bbox 3294 3175 3350 3228; x_wconf 81' lang='grc' dir='ltr'><strong>δὲ</strong></span> <span class='ocrx_word' id='word_1_550' title='bbox 3378 3176 3470 3228; x_wconf 78' lang='grc' dir='ltr'><strong>καὶ</strong></span> <span class='ocrx_word' id='word_1_551' title='bbox 3498 3174 3565 3227; x_wconf 90' lang='grc' dir='ltr'><strong>τά</strong></span> <span class='ocrx_word' id='word_1_552' title='bbox 3593 3175 3771 3237; x_wconf 79' lang='grc' dir='ltr'>ἐκτὸς,</span> 
     </span>
    </p>
   </div>
   <div class='ocr_carea' id='block_1_77' title="bbox 2209 3266 3776 3339">
    <p class='ocr_par' dir='ltr' id='par_1_77' title="bbox 2209 3266 3776 3339">
     <span class='ocr_line' id='line_1_77' title="bbox 2209 3266 3776 3339; baseline 0 -19"><span class='ocrx_word' id='word_1_553' title='bbox 2209 3267 2442 3339; x_wconf 79' lang='grc' dir='ltr'>ἑτέρως·</span> <span class='ocrx_word' id='word_1_554' title='bbox 2480 3267 2616 3320; x_wconf 87' lang='grc' dir='ltr'><strong>ἀλλά</strong></span> <span class='ocrx_word' id='word_1_555' title='bbox 2655 3266 2832 3321; x_wconf 78' lang='grc' dir='ltr'>κοινὸν</span> <span class='ocrx_word' id='word_1_556' title='bbox 2868 3267 3068 3321; x_wconf 74' lang='grc' dir='ltr'>ἅπασιν</span> <span class='ocrx_word' id='word_1_557' title='bbox 3111 3268 3297 3335; x_wconf 66' lang='grc' dir='ltr'>ἀγῧινα</span> <span class='ocrx_word' id='word_1_558' title='bbox 3340 3266 3617 3338; x_wconf 72' lang='grc' dir='ltr'>προῦθηκε</span> <span class='ocrx_word' id='word_1_559' title='bbox 3661 3271 3776 3332; x_wconf 87' lang='grc' dir='ltr'>τοῖς</span> 
     </span>
    </p>
   </div>
   <div class='ocr_carea' id='block_1_78' title="bbox 2207 3357 3775 3430">
    <p class='ocr_par' dir='ltr' id='par_1_78' title="bbox 2207 3357 3775 3430">
     <span class='ocr_line' id='line_1_78' title="bbox 2207 3357 3775 3430; baseline -0.001 -18"><span class='ocrx_word' id='word_1_560' title='bbox 2207 3358 2285 3429; x_wconf 83' lang='grc' dir='ltr'>τῷ</span> <span class='ocrx_word' id='word_1_561' title='bbox 2316 3358 2429 3429; x_wconf 83' lang='grc' dir='ltr'>λαῷ</span> <span class='ocrx_word' id='word_1_562' title='bbox 2476 3358 2586 3428; x_wconf 70' lang='grc'>(25)</span> <span class='ocrx_word' id='word_1_563' title='bbox 2623 3358 2963 3429; x_wconf 83' lang='grc' dir='ltr'>προεστῶσι,</span> <span class='ocrx_word' id='word_1_564' title='bbox 2992 3358 3089 3430; x_wconf 78' lang='grc' dir='ltr'>τὴν</span> <span class='ocrx_word' id='word_1_565' title='bbox 3122 3362 3202 3422; x_wconf 87' lang='grc' dir='ltr'><strong>είς</strong></span> <span class='ocrx_word' id='word_1_566' title='bbox 3242 3360 3435 3421; x_wconf 75' lang='grc' dir='ltr'>αὐτοὺς</span> <span class='ocrx_word' id='word_1_567' title='bbox 3468 3357 3775 3428; x_wconf 84' lang='grc' dir='ltr'>φιλανθρω-</span> 
     </span>
    </p>
   </div>
   <div class='ocr_carea' id='block_1_79' title="bbox 2215 3450 3775 3523">
    <p class='ocr_par' dir='ltr' id='par_1_79' title="bbox 2215 3450 3775 3523">
     <span class='ocr_line' id='line_1_79' title="bbox 2215 3450 3775 3523; baseline 0.001 -20"><span class='ocrx_word' id='word_1_568' title='bbox 2215 3450 2364 3515; x_wconf 82' lang='grc' dir='ltr'>πίαν,</span> <span class='ocrx_word' id='word_1_569' title='bbox 2394 3452 2488 3504; x_wconf 75' lang='grc' dir='ltr'><strong>καὶ</strong></span> <span class='ocrx_word' id='word_1_570' title='bbox 2516 3451 2938 3523; x_wconf 69' lang='grc' dir='ltr'>μεγαλοψυχίαν.</span> <span class='ocrx_word' id='word_1_571' title='bbox 2972 3453 3081 3505; x_wconf 75' lang='grc' dir='ltr'><strong>Καὶ</strong></span> <span class='ocrx_word' id='word_1_572' title='bbox 3106 3451 3279 3506; x_wconf 80' lang='grc' dir='ltr'>ἄλλων</span> <span class='ocrx_word' id='word_1_573' title='bbox 3312 3451 3408 3522; x_wconf 81' lang='grc' dir='ltr'><strong>μὲν</strong></span> <span class='ocrx_word' id='word_1_574' title='bbox 3432 3452 3480 3504; x_wconf 83' lang='grc' dir='ltr'><strong>οί</strong></span> <span class='ocrx_word' id='word_1_575' title='bbox 3508 3453 3775 3522; x_wconf 66' lang='grc' dir='ltr'>ὀψοποιοὶ,</span> 
     </span>
    </p>
   </div>
   <div class='ocr_carea' id='block_1_80' title="bbox 2212 3540 3777 3613">
    <p class='ocr_par' dir='ltr' id='par_1_80' title="bbox 2212 3540 3777 3613">
     <span class='ocr_line' id='line_1_80' title="bbox 2212 3540 3777 3613; baseline 0.003 -21"><span class='ocrx_word' id='word_1_576' title='bbox 2212 3541 2305 3592; x_wconf 74' lang='grc' dir='ltr'><strong>καὶ</strong></span> <span class='ocrx_word' id='word_1_577' title='bbox 2338 3543 2391 3593; x_wconf 89' lang='grc' dir='ltr'>αἱ</span> <span class='ocrx_word' id='word_1_578' title='bbox 2427 3540 2654 3611; x_wconf 70' lang='grc' dir='ltr'>λιπαραὶ</span> <span class='ocrx_word' id='word_1_579' title='bbox 2686 3542 2978 3613; x_wconf 78' lang='grc' dir='ltr'>τράπεζαι,</span> <span class='ocrx_word' id='word_1_580' title='bbox 3015 3544 3109 3595; x_wconf 71' lang='grc' dir='ltr'><strong>κού⁸</strong></span> <span class='ocrx_word' id='word_1_581' title='bbox 3143 3542 3212 3595; x_wconf 81' lang='grc' dir='ltr'><strong>τά</strong></span> <span class='ocrx_word' id='word_1_582' title='bbox 3248 3545 3523 3613; x_wconf 87' lang='grc' dir='ltr'>μαγείρων</span> <span class='ocrx_word' id='word_1_583' title='bbox 3557 3560 3777 3613; x_wconf 84' lang='grc' dir='ltr'>μαγγα-</span> 
     </span>
    </p>
   </div>
   <div class='ocr_carea' id='block_1_81' title="bbox 2210 3628 3775 3706">
    <p class='ocr_par' dir='ltr' id='par_1_81' title="bbox 2210 3628 3775 3706">
     <span class='ocr_line' id='line_1_81' title="bbox 2210 3628 3775 3706; baseline 0.003 -25"><span class='ocrx_word' id='word_1_584' title='bbox 2210 3628 2457 3700; x_wconf 84' lang='grc' dir='ltr'>νεύματα</span> <span class='ocrx_word' id='word_1_585' title='bbox 2489 3631 2583 3683; x_wconf 73' lang='grc' dir='ltr'><strong>καὶ</strong></span> <span class='ocrx_word' id='word_1_586' title='bbox 2616 3649 2672 3683; x_wconf 73' lang='grc' dir='ltr'>κς</span> <span class='ocrx_word' id='word_1_587' title='bbox 2686 3632 3001 3704; x_wconf 66' lang='grc' dir='ltr'>μψεύματα,</span> <span class='ocrx_word' id='word_1_588' title='bbox 3034 3635 3128 3688; x_wconf 68' lang='grc' dir='ltr'>καὶ</span> <span class='ocrx_word' id='word_1_589' title='bbox 3156 3636 3205 3688; x_wconf 79' lang='grc' dir='ltr'>οἱ</span> <span class='ocrx_word' id='word_1_590' title='bbox 3249 3634 3532 3703; x_wconf 75' lang='grc' dir='ltr'>φιλόκαλοι</span> <span class='ocrx_word' id='word_1_591' title='bbox 3574 3634 3775 3706; x_wconf 79' lang='grc' dir='ltr'>δίφροι,</span> 
     </span>
    </p>
   </div>
   <div class='ocr_carea' id='block_1_82' title="bbox 2210 3720 3773 3796">
    <p class='ocr_par' dir='ltr' id='par_1_82' title="bbox 2210 3720 3773 3796">
     <span class='ocr_line' id='line_1_82' title="bbox 2210 3720 3773 3796; baseline 0.004 -25"><span class='ocrx_word' id='word_1_592' title='bbox 2210 3720 2305 3772; x_wconf 72' lang='grc' dir='ltr'><strong>καὶ</strong></span> <span class='ocrx_word' id='word_1_593' title='bbox 2347 3720 2447 3789; x_wconf 85' lang='grc' dir='ltr'><strong>τῆς</strong></span> <span class='ocrx_word' id='word_1_594' title='bbox 2494 3720 2722 3792; x_wconf 79' lang='grc' dir='ltr'>ἐσθῆτος</span> <span class='ocrx_word' id='word_1_595' title='bbox 2753 3724 2852 3793; x_wconf 79' lang='grc' dir='ltr'>ὅση</span> <span class='ocrx_word' id='word_1_596' title='bbox 2893 3724 3111 3796; x_wconf 85' lang='grc' dir='ltr'>μαλακή</span> <span class='ocrx_word' id='word_1_597' title='bbox 3155 3743 3213 3778; x_wconf 90' lang='grc' dir='ltr'><strong>τε</strong></span> <span class='ocrx_word' id='word_1_598' title='bbox 3244 3728 3339 3778; x_wconf 76' lang='grc' dir='ltr'>καὶ</span> <span class='ocrx_word' id='word_1_599' title='bbox 3368 3724 3773 3796; x_wconf 72' lang='grc' dir='ltr'>περιρρέουσα*</span> 
     </span>
    </p>
   </div>
   <div class='ocr_carea' id='block_1_83' title="bbox 2212 3810 3778 3887">
    <p class='ocr_par' dir='ltr' id='par_1_83' title="bbox 2212 3810 3778 3887">
     <span class='ocr_line' id='line_1_83' title="bbox 2212 3810 3778 3887; baseline 0.005 -26"><span class='ocrx_word' id='word_1_600' title='bbox 2212 3810 2494 3863; x_wconf 85' lang='grc' dir='ltr'>Βασιλείου</span> <span class='ocrx_word' id='word_1_601' title='bbox 2529 3812 2614 3879; x_wconf 81' lang='grc' dir='ltr'>δὲ,</span> <span class='ocrx_word' id='word_1_602' title='bbox 2645 3814 2694 3865; x_wconf 79' lang='lat' dir='ltr'><strong>oi</strong></span> <span class='ocrx_word' id='word_1_603' title='bbox 2735 3813 3017 3878; x_wconf 81' lang='grc' dir='ltr'>νοσοῦντες</span> <span class='ocrx_word' id='word_1_604' title='bbox 3037 3856 3051 3881; x_wconf 94' lang='grc'><strong>,</strong></span> <span class='ocrx_word' id='word_1_605' title='bbox 3096 3818 3190 3870; x_wconf 72' lang='grc' dir='ltr'><strong>καὶ</strong></span> <span class='ocrx_word' id='word_1_606' title='bbox 3220 3816 3288 3870; x_wconf 82' lang='grc' dir='ltr'><strong>τά</strong></span> <span class='ocrx_word' id='word_1_607' title='bbox 3316 3816 3422 3870; x_wconf 85' lang='grc' dir='ltr'><strong>τῶν</strong></span> <span class='ocrx_word' id='word_1_608' title='bbox 3449 3815 3778 3887; x_wconf 76' lang='grc' dir='ltr'>τραυμάτων</span> 
     </span>
    </p>
   </div>
   <div class='ocr_carea' id='block_1_84' title="bbox 2212 3900 3777 3978">
    <p class='ocr_par' dir='ltr' id='par_1_84' title="bbox 2212 3900 3777 3978">
     <span class='ocr_line' id='line_1_84' title="bbox 2212 3900 3777 3978; baseline 0.003 -25"><span class='ocrx_word' id='word_1_609' title='bbox 2212 3900 2342 3970; x_wconf 86' lang='grc' dir='ltr'>ἄκη,</span> <span class='ocrx_word' id='word_1_610' title='bbox 2375 3902 2469 3954; x_wconf 68' lang='grc' dir='ltr'><strong>καὶ</strong></span> <span class='ocrx_word' id='word_1_611' title='bbox 2497 3904 2529 3973; x_wconf 79' lang='grc' dir='ltr'><strong>ἡ</strong></span> <span class='ocrx_word' id='word_1_612' title='bbox 2565 3904 2801 3975; x_wconf 82' lang='grc' dir='ltr'>Χριστοῦ</span> <span class='ocrx_word' id='word_1_613' title='bbox 2841 3905 3092 3977; x_wconf 88' lang='grc' dir='ltr'>μίμησις,</span> <span class='ocrx_word' id='word_1_614' title='bbox 3123 3907 3182 3959; x_wconf 76' lang='grc' dir='ltr'>οὐ</span> <span class='ocrx_word' id='word_1_615' title='bbox 3210 3906 3353 3977; x_wconf 83' lang='grc' dir='ltr'>λόγῳ</span> <span class='ocrx_word' id='word_1_616' title='bbox 3389 3906 3509 3978; x_wconf 80' lang='grc' dir='ltr'>μὲν,</span> <span class='ocrx_word' id='word_1_617' title='bbox 3544 3906 3689 3977; x_wconf 78' lang='grc' dir='ltr'><strong>ἔργῳ</strong></span> <span class='ocrx_word' id='word_1_618' title='bbox 3718 3904 3777 3958; x_wconf 72' lang='grc' dir='ltr'><strong>δὲ</strong></span> 
     </span>
    </p>
   </div>
   <div class='ocr_carea' id='block_1_85' title="bbox 2211 3991 2823 4065">
    <p class='ocr_par' dir='ltr' id='par_1_85' title="bbox 2211 3991 2823 4065">
     <span class='ocr_line' id='line_1_85' title="bbox 2211 3991 2823 4065; baseline 0.011 -22"><span class='ocrx_word' id='word_1_619' title='bbox 2211 3991 2418 4063; x_wconf 78' lang='grc' dir='ltr'>λέπραν</span> <span class='ocrx_word' id='word_1_620' title='bbox 2447 3993 2823 4065; x_wconf 86' lang='grc' dir='ltr'>καθαίροντος.</span> 
     </span>
    </p>
   </div>
   <div class='ocr_carea' id='block_1_86' title="bbox 545 4080 3775 4161">
    <p class='ocr_par' dir='ltr' id='par_1_86' title="bbox 545 4080 3775 4161">
     <span class='ocr_line' id='line_1_86' title="bbox 545 4080 3775 4161; baseline 0.004 -26"><span class='ocrx_word' id='word_1_621' title='bbox 545 4082 752 4136; x_wconf 83' lang='lat' dir='ltr'><strong>sulibus</strong></span> <span class='ocrx_word' id='word_1_622' title='bbox 780 4096 1066 4135; x_wconf 89' lang='lat' dir='ltr'><strong>commune</strong></span> <span class='ocrx_word' id='word_1_623' title='bbox 1096 4080 1439 4151; x_wconf 84' lang='lat' dir='ltr'><strong>benignitatis</strong></span> <span class='ocrx_word' id='word_1_624' title='bbox 1465 4094 1590 4149; x_wconf 82' lang='lat' dir='ltr'><strong>erga</strong></span> <span class='ocrx_word' id='word_1_625' title='bbox 1620 4094 1880 4149; x_wconf 81' lang='lat' dir='ltr'><strong>pauperes</strong></span> <span class='ocrx_word' id='word_1_626' title='bbox 1938 4091 1992 4135; x_wconf 91' lang='lat' dir='ltr'><strong>et</strong></span> <span class='ocrx_word' id='word_1_627' title='bbox 2050 4083 2435 4140; x_wconf 79' lang='lat' dir='ltr'><strong>munificentiae</strong></span> <span class='ocrx_word' id='word_1_628' title='bbox 2481 4098 2757 4143; x_wconf 86' lang='lat' dir='ltr'><strong>certamen</strong></span> <span class='ocrx_word' id='word_1_629' title='bbox 2811 4090 3108 4159; x_wconf 90' lang='lat' dir='ltr'><strong>proposuit.</strong></span> <span class='ocrx_word' id='word_1_630' title='bbox 3176 4090 3242 4143; x_wconf 87' lang='lat' dir='ltr'><strong>Et</strong></span> <span class='ocrx_word' id='word_1_631' title='bbox 3281 4089 3508 4144; x_wconf 89' lang='lat' dir='ltr'><strong>aliorum</strong></span> <span class='ocrx_word' id='word_1_632' title='bbox 3556 4092 3775 4161; x_wconf 88' lang='lat' dir='ltr'><strong>quidem</strong></span> 
     </span>
    </p>
   </div>
   <div class='ocr_carea' id='block_1_87' title="bbox 546 4171 3777 4251">
    <p class='ocr_par' dir='ltr' id='par_1_87' title="bbox 546 4171 3777 4251">
     <span class='ocr_line' id='line_1_87' title="bbox 546 4171 3777 4251; baseline 0.003 -24"><span class='ocrx_word' id='word_1_633' title='bbox 546 4172 727 4238; x_wconf 85' lang='lat' dir='ltr'><strong>coqui,</strong></span> <span class='ocrx_word' id='word_1_634' title='bbox 755 4181 810 4226; x_wconf 92' lang='lat' dir='ltr'><strong>et</strong></span> <span class='ocrx_word' id='word_1_635' title='bbox 842 4171 997 4225; x_wconf 70' lang='lat' dir='ltr'><strong>lauta:</strong></span> <span class='ocrx_word' id='word_1_636' title='bbox 1045 4187 1265 4237; x_wconf 66' lang='lat' dir='ltr'><strong>mensae,</strong></span> <span class='ocrx_word' id='word_1_637' title='bbox 1296 4182 1350 4227; x_wconf 89' lang='lat' dir='ltr'><strong>et</strong></span> <span class='ocrx_word' id='word_1_638' title='bbox 1380 4172 1811 4240; x_wconf 87' lang='lat' dir='ltr'><strong>cupediariorum</strong></span> <span class='ocrx_word' id='word_1_639' title='bbox 1846 4173 2112 4229; x_wconf 86' lang='lat' dir='ltr'><strong>lenocinia</strong></span> <span class='ocrx_word' id='word_1_640' title='bbox 2150 4184 2206 4229; x_wconf 94' lang='lat' dir='ltr'><strong>et</strong></span> <span class='ocrx_word' id='word_1_641' title='bbox 2231 4179 2567 4245; x_wconf 86' lang='lat' dir='ltr'><strong>scitamenta,</strong></span> <span class='ocrx_word' id='word_1_642' title='bbox 2594 4189 2649 4235; x_wconf 88' lang='lat' dir='ltr'><strong>et</strong></span> <span class='ocrx_word' id='word_1_643' title='bbox 2707 4181 2976 4251; x_wconf 83' lang='lat' dir='ltr'><strong>elegantes</strong></span> <span class='ocrx_word' id='word_1_644' title='bbox 3012 4197 3223 4246; x_wconf 85' lang='lat' dir='ltr'><strong>currus,</strong></span> <span class='ocrx_word' id='word_1_645' title='bbox 3253 4192 3303 4236; x_wconf 92' lang='lat' dir='ltr'><strong>et</strong></span> <span class='ocrx_word' id='word_1_646' title='bbox 3350 4194 3529 4237; x_wconf 85' lang='lat' dir='ltr'><strong>vestes</strong></span> <span class='ocrx_word' id='word_1_647' title='bbox 3592 4183 3777 4238; x_wconf 87' lang='lat' dir='ltr'><strong>molles</strong></span> 
     </span>
    </p>
   </div>
   <div class='ocr_carea' id='block_1_88' title="bbox 551 4265 3779 4348">
    <p class='ocr_par' dir='ltr' id='par_1_88' title="bbox 551 4265 3779 4348">
     <span class='ocr_line' id='line_1_88' title="bbox 551 4265 3779 4348; baseline 0.004 -28"><span class='ocrx_word' id='word_1_648' title='bbox 551 4267 762 4336; x_wconf 85' lang='lat' dir='ltr'><strong>lateque</strong></span> <span class='ocrx_word' id='word_1_649' title='bbox 790 4265 1091 4323; x_wconf 80' lang='lat' dir='ltr'><strong>difﬂuentes</strong></span> <span class='ocrx_word' id='word_1_650' title='bbox 1116 4284 1130 4320; x_wconf 88' lang='lat'>:</span> <span class='ocrx_word' id='word_1_651' title='bbox 1160 4267 1342 4321; x_wconf 90' lang='lat' dir='ltr'><strong>Basilii</strong></span> <span class='ocrx_word' id='word_1_652' title='bbox 1375 4277 1573 4331; x_wconf 86' lang='lat' dir='ltr'><strong>autem,</strong></span> <span class='ocrx_word' id='word_1_653' title='bbox 1605 4267 1810 4335; x_wconf 64' lang='lat' dir='ltr'><strong>wgroti,</strong></span> <span class='ocrx_word' id='word_1_654' title='bbox 1834 4276 1888 4320; x_wconf 91' lang='lat' dir='ltr'><strong>et</strong></span> <span class='ocrx_word' id='word_1_655' title='bbox 1918 4266 2197 4323; x_wconf 87' lang='lat' dir='ltr'><strong>vulnerum</strong></span> <span class='ocrx_word' id='word_1_656' title='bbox 2223 4270 2392 4340; x_wconf 80' lang='lat'><strong>819</strong></span> <span class='ocrx_word' id='word_1_657' title='bbox 2425 4275 2753 4339; x_wconf 87' lang='lat' dir='ltr'><strong>curationes,</strong></span> <span class='ocrx_word' id='word_1_658' title='bbox 2790 4285 2844 4329; x_wconf 89' lang='lat' dir='ltr'><strong>et</strong></span> <span class='ocrx_word' id='word_1_659' title='bbox 2906 4276 3107 4330; x_wconf 80' lang='lat' dir='ltr'><strong>Christi</strong></span> <span class='ocrx_word' id='word_1_660' title='bbox 3178 4276 3426 4342; x_wconf 85' lang='lat' dir='ltr'><strong>imitatio,</strong></span> <span class='ocrx_word' id='word_1_661' title='bbox 3491 4293 3594 4333; x_wconf 91' lang='lat' dir='ltr'><strong>non</strong></span> <span class='ocrx_word' id='word_1_662' title='bbox 3656 4279 3779 4348; x_wconf 78' lang='lat' dir='ltr'><strong>qui-</strong></span> 
     </span>
    </p>
   </div>
   <div class='ocr_carea' id='block_1_89' title="bbox 548 4364 1823 4433">
    <p class='ocr_par' dir='ltr' id='par_1_89' title="bbox 548 4364 1823 4433">
     <span class='ocr_line' id='line_1_89' title="bbox 548 4364 1823 4433; baseline -0.003 -12"><span class='ocrx_word' id='word_1_663' title='bbox 548 4364 669 4421; x_wconf 91' lang='lat' dir='ltr'><strong>dem</strong></span> <span class='ocrx_word' id='word_1_664' title='bbox 698 4377 965 4427; x_wconf 89' lang='lat' dir='ltr'><strong>sermone,</strong></span> <span class='ocrx_word' id='word_1_665' title='bbox 990 4364 1085 4417; x_wconf 88' lang='lat' dir='ltr'><strong>sed</strong></span> <span class='ocrx_word' id='word_1_666' title='bbox 1113 4377 1275 4433; x_wconf 87' lang='lat' dir='ltr'><strong>epere</strong></span> <span class='ocrx_word' id='word_1_667' title='bbox 1305 4364 1503 4433; x_wconf 89' lang='lat' dir='ltr'><strong>lepram</strong></span> <span class='ocrx_word' id='word_1_668' title='bbox 1529 4364 1823 4433; x_wconf 82' lang='lat' dir='ltr'><strong>purgantis.</strong></span> 
     </span>
    </p>
   </div>
   <div class='ocr_carea' id='block_1_90' title="bbox 617 4453 2099 4530">
    <p class='ocr_par' dir='ltr' id='par_1_90' title="bbox 617 4456 2099 4526">
     <span class='ocr_line' id='line_1_90' title="bbox 617 4456 2099 4526; baseline 0 -14"><span class='ocrx_word' id='word_1_669' title='bbox 617 4457 800 4512; x_wconf 73' lang='lat' dir='ltr'><strong>LXIV.</strong></span> <span class='ocrx_word' id='word_1_670' title='bbox 837 4457 972 4524; x_wconf 83' lang='lat' dir='ltr'><strong>Quid</strong></span> <span class='ocrx_word' id='word_1_671' title='bbox 997 4457 1063 4510; x_wconf 89' lang='lat' dir='ltr'><strong>ad</strong></span> <span class='ocrx_word' id='word_1_672' title='bbox 1104 4456 1218 4510; x_wconf 56' lang='lat' dir='ltr'><strong>haec</strong></span> <span class='ocrx_word' id='word_1_673' title='bbox 1248 4456 1404 4511; x_wconf 89' lang='lat' dir='ltr'><strong>nobis</strong></span> <span class='ocrx_word' id='word_1_674' title='bbox 1452 4457 1648 4511; x_wconf 90' lang='lat' dir='ltr'><strong>dicturi</strong></span> <span class='ocrx_word' id='word_1_675' title='bbox 1678 4467 1826 4521; x_wconf 86' lang='lat' dir='ltr'><strong>sunt,</strong></span> <span class='ocrx_word' id='word_1_676' title='bbox 1862 4457 1952 4526; x_wconf 86' lang='lat' dir='ltr'><strong>qui</strong></span> <span class='ocrx_word' id='word_1_677' title='bbox 2009 4459 2099 4512; x_wconf 88' lang='lat' dir='ltr'><strong>ho-</strong></span> 
     </span>
    </p>
   </div>
   <div class='ocr_carea' id='block_1_91' title="bbox 2203 4453 3778 4530">
    <p class='ocr_par' dir='ltr' id='par_1_91' title="bbox 2280 4453 3778 4530">
     <span class='ocr_line' id='line_1_91' title="bbox 2280 4453 3778 4530; baseline 0.004 -21"><span class='ocrx_word' id='word_1_678' title='bbox 2280 4453 2391 4509; x_wconf 60' lang='grc' dir='ltr'><strong>ΞΣ.</strong></span> <span class='ocrx_word' id='word_1_679' title='bbox 2438 4456 2581 4527; x_wconf 74' lang='grc' dir='ltr'>Πρδς</span> <span class='ocrx_word' id='word_1_680' title='bbox 2608 4456 2813 4521; x_wconf 85' lang='grc' dir='ltr'>ταῦτα,</span> <span class='ocrx_word' id='word_1_681' title='bbox 2846 4456 2896 4510; x_wconf 92' lang='grc' dir='ltr'><strong>τί</strong></span> <span class='ocrx_word' id='word_1_682' title='bbox 2930 4459 3186 4529; x_wconf 82' lang='grc' dir='ltr'>φήσουσιν</span> <span class='ocrx_word' id='word_1_683' title='bbox 3215 4460 3347 4530; x_wconf 79' lang='grc' dir='ltr'>ἡμῖν</span> <span class='ocrx_word' id='word_1_684' title='bbox 3392 4461 3440 4513; x_wconf 85' lang='grc' dir='ltr'>οἱ</span> <span class='ocrx_word' id='word_1_685' title='bbox 3490 4461 3577 4514; x_wconf 79' lang='grc' dir='ltr'><strong>τὸν</strong></span> <span class='ocrx_word' id='word_1_686' title='bbox 3609 4460 3778 4530; x_wconf 76' lang='grc' dir='ltr'>τῦφον</span> 
     </span>
    </p>
   </div>
   <div class='ocr_carea' id='block_1_92' title="bbox 548 4546 2099 4623">
    <p class='ocr_par' dir='ltr' id='par_1_92' title="bbox 548 4546 2099 4616">
     <span class='ocr_line' id='line_1_92' title="bbox 548 4546 2099 4616; baseline 0 -14"><span class='ocrx_word' id='word_1_687' title='bbox 548 4548 683 4602; x_wconf 87' lang='lat' dir='ltr'><strong>mini</strong></span> <span class='ocrx_word' id='word_1_688' title='bbox 708 4547 906 4601; x_wconf 88' lang='lat' dir='ltr'><strong>fastum</strong></span> <span class='ocrx_word' id='word_1_689' title='bbox 954 4549 1408 4616; x_wconf 87' lang='lat' dir='ltr'><strong>superciliumque</strong></span> <span class='ocrx_word' id='word_1_690' title='bbox 1432 4547 1733 4615; x_wconf 84' lang='lat' dir='ltr'><strong>objiciunt?</strong></span> <span class='ocrx_word' id='word_1_691' title='bbox 1766 4546 1939 4616; x_wconf 83' lang='lat' dir='ltr'><strong>iniqui</strong></span> <span class='ocrx_word' id='word_1_692' title='bbox 1972 4564 2099 4603; x_wconf 87' lang='lat' dir='ltr'><strong>sane</strong></span> 
     </span>
    </p>
   </div>
   <div class='ocr_carea' id='block_1_93' title="bbox 2203 4546 3779 4623">
    <p class='ocr_par' dir='ltr' id='par_1_93' title="bbox 2212 4547 3779 4623">
     <span class='ocr_line' id='line_1_93' title="bbox 2212 4547 3779 4623; baseline 0.003 -22"><span class='ocrx_word' id='word_1_693' title='bbox 2212 4547 2572 4617; x_wconf 78' lang='grc' dir='ltr'>ἐγκαλοῦντες</span> <span class='ocrx_word' id='word_1_694' title='bbox 2614 4548 2807 4617; x_wconf 81' lang='grc' dir='ltr'>ἐκείνῳ</span> <span class='ocrx_word' id='word_1_695' title='bbox 2854 4549 2948 4602; x_wconf 70' lang='grc' dir='ltr'><strong>καὶ</strong></span> <span class='ocrx_word' id='word_1_696' title='bbox 2990 4550 3087 4621; x_wconf 84' lang='grc' dir='ltr'>τὴν</span> <span class='ocrx_word' id='word_1_697' title='bbox 3132 4551 3331 4623; x_wconf 80' lang='grc' dir='ltr'>ὀφρὺν,</span> <span class='ocrx_word' id='word_1_698' title='bbox 3366 4554 3415 4605; x_wconf 88' lang='grc' dir='ltr'><strong>οί</strong></span> <span class='ocrx_word' id='word_1_699' title='bbox 3455 4554 3639 4623; x_wconf 75' lang='grc' dir='ltr'>πικροὶ</span> <span class='ocrx_word' id='word_1_700' title='bbox 3669 4553 3779 4605; x_wconf 80' lang='grc' dir='ltr'><strong>τῶν</strong></span> 
     </span>
    </p>
   </div>
   <div class='ocr_carea' id='block_1_94' title="bbox 552 4639 2099 4715">
    <p class='ocr_par' dir='ltr' id='par_1_94' title="bbox 552 4639 2099 4710">
     <span class='ocr_line' id='line_1_94' title="bbox 552 4639 2099 4710; baseline -0.001 -15"><span class='ocrx_word' id='word_1_701' title='bbox 552 4650 617 4695; x_wconf 89' lang='lat' dir='ltr'><strong>et</strong></span> <span class='ocrx_word' id='word_1_702' title='bbox 636 4641 817 4695; x_wconf 89' lang='lat' dir='ltr'><strong>acerbi</strong></span> <span class='ocrx_word' id='word_1_703' title='bbox 846 4655 1023 4694; x_wconf 87' lang='lat' dir='ltr'><strong>rerum</strong></span> <span class='ocrx_word' id='word_1_704' title='bbox 1060 4640 1380 4708; x_wconf 72' lang='lat' dir='ltr'><strong>liujnsmodi</strong></span> <span class='ocrx_word' id='word_1_705' title='bbox 1399 4639 1629 4708; x_wconf 87' lang='lat' dir='ltr'><strong>judices,</strong></span> <span class='ocrx_word' id='word_1_706' title='bbox 1658 4655 1880 4709; x_wconf 85' lang='lat' dir='ltr'><strong>eosque,</strong></span> <span class='ocrx_word' id='word_1_707' title='bbox 1907 4642 2099 4710; x_wconf 77' lang='lat' dir='ltr'><strong>quire-</strong></span> 
     </span>
    </p>
   </div>
   <div class='ocr_carea' id='block_1_95' title="bbox 2203 4639 3780 4715">
    <p class='ocr_par' dir='ltr' id='par_1_95' title="bbox 2210 4640 3780 4715">
     <span class='ocr_line' id='line_1_95' title="bbox 2210 4640 3780 4715; baseline 0.003 -22"><span class='ocrx_word' id='word_1_708' title='bbox 2210 4642 2545 4712; x_wconf 74' lang='grc' dir='ltr'>τηλικούτων</span> <span class='ocrx_word' id='word_1_709' title='bbox 2584 4640 2797 4710; x_wconf 74' lang='grc' dir='ltr'>κριταὶ,</span> <span class='ocrx_word' id='word_1_710' title='bbox 2835 4642 2928 4692; x_wconf 76' lang='grc' dir='ltr'><strong>καὶ</strong></span> <span class='ocrx_word' id='word_1_711' title='bbox 2961 4641 3036 4711; x_wconf 81' lang='grc' dir='ltr'><strong>τῷ</strong></span> <span class='ocrx_word' id='word_1_712' title='bbox 3068 4644 3254 4695; x_wconf 86' lang='grc' dir='ltr'>κανόνι</span> <span class='ocrx_word' id='word_1_713' title='bbox 3289 4645 3400 4715; x_wconf 69' lang='grc' dir='ltr'>(ἳί)</span> <span class='ocrx_word' id='word_1_714' title='bbox 3432 4647 3557 4707; x_wconf 77' lang='grc' dir='ltr'>τοὺς</span> <span class='ocrx_word' id='word_1_715' title='bbox 3589 4646 3647 4698; x_wconf 79' lang='grc' dir='ltr'><strong>οὐ</strong></span> <span class='ocrx_word' id='word_1_716' title='bbox 3680 4663 3780 4698; x_wconf 82' lang='grc' dir='ltr'>κα-</span> 
     </span>
    </p>
   </div>
   <div class='ocr_carea' id='block_1_96' title="bbox 551 4729 2099 4804">
    <p class='ocr_par' dir='ltr' id='par_1_96' title="bbox 551 4729 2099 4803">
     <span class='ocr_line' id='line_1_96' title="bbox 551 4729 2099 4803; baseline -0.001 -18"><span class='ocrx_word' id='word_1_717' title='bbox 551 4732 690 4803; x_wconf 72' lang='lat' dir='ltr'><strong>gulre</strong></span> <span class='ocrx_word' id='word_1_718' title='bbox 719 4739 1023 4795; x_wconf 67' lang='lat' dir='ltr'><strong>non,sunt,</strong></span> <span class='ocrx_word' id='word_1_719' title='bbox 1055 4731 1120 4783; x_wconf 87' lang='lat' dir='ltr'><strong>ad</strong></span> <span class='ocrx_word' id='word_1_720' title='bbox 1155 4729 1391 4798; x_wconf 83' lang='lat' dir='ltr'><strong>regulam</strong></span> <span class='ocrx_word' id='word_1_721' title='bbox 1432 4731 1799 4784; x_wconf 87' lang='lat' dir='ltr'><strong>admoventes.</strong></span> <span class='ocrx_word' id='word_1_722' title='bbox 1854 4732 1935 4784; x_wconf 84' lang='lat' dir='ltr'><strong>An</strong></span> <span class='ocrx_word' id='word_1_723' title='bbox 1986 4746 2099 4786; x_wconf 79' lang='lat' dir='ltr'><strong>vert</strong></span> 
     </span>
    </p>
   </div>
   <div class='ocr_carea' id='block_1_97' title="bbox 2203 4729 3778 4804">
    <p class='ocr_par' dir='ltr' id='par_1_97' title="bbox 2216 4732 3778 4804">
     <span class='ocr_line' id='line_1_97' title="bbox 2216 4732 3778 4804; baseline 0.003 -19"><span class='ocrx_word' id='word_1_724' title='bbox 2216 4733 2371 4795; x_wconf 86' lang='grc' dir='ltr'>νόνας</span> <span class='ocrx_word' id='word_1_725' title='bbox 2402 4732 2797 4801; x_wconf 84' lang='grc' dir='ltr'>προσάγοντες;</span> <span class='ocrx_word' id='word_1_726' title='bbox 2836 4732 2991 4785; x_wconf 88' lang='grc' dir='ltr'>Ἔστι</span> <span class='ocrx_word' id='word_1_727' title='bbox 3024 4732 3256 4804; x_wconf 77' lang='grc' dir='ltr'>λεπροὺς</span> <span class='ocrx_word' id='word_1_728' title='bbox 3291 4736 3390 4804; x_wconf 79' lang='grc' dir='ltr'><strong>μὲν</strong></span> <span class='ocrx_word' id='word_1_729' title='bbox 3418 4736 3778 4801; x_wconf 66' lang='grc' dir='ltr'>ἀσπάζεσθαι,</span> 
     </span>
    </p>
   </div>
   <div class='ocr_carea' id='block_1_98' title="bbox 551 4818 2099 4895">
    <p class='ocr_par' dir='ltr' id='par_1_98' title="bbox 551 4818 2099 4891">
     <span class='ocr_line' id='line_1_98' title="bbox 551 4818 2099 4891; baseline 0 -16"><span class='ocrx_word' id='word_1_730' title='bbox 551 4821 668 4876; x_wconf 82' lang='lat' dir='ltr'><strong>fieri</strong></span> <span class='ocrx_word' id='word_1_731' title='bbox 707 4825 902 4891; x_wconf 81' lang='lat' dir='ltr'><strong>potest,</strong></span> <span class='ocrx_word' id='word_1_732' title='bbox 964 4830 1023 4872; x_wconf 84' lang='grc' dir='ltr'><strong>ιιι</strong></span> <span class='ocrx_word' id='word_1_733' title='bbox 1073 4820 1163 4888; x_wconf 92' lang='lat' dir='ltr'><strong>qui</strong></span> <span class='ocrx_word' id='word_1_734' title='bbox 1214 4818 1457 4887; x_wconf 85' lang='lat' dir='ltr'><strong>leprosos</strong></span> <span class='ocrx_word' id='word_1_735' title='bbox 1516 4821 1883 4885; x_wconf 87' lang='lat' dir='ltr'><strong>deosculetur,</strong></span> <span class='ocrx_word' id='word_1_736' title='bbox 1921 4833 1976 4876; x_wconf 91' lang='lat' dir='ltr'><strong>et</strong></span> <span class='ocrx_word' id='word_1_737' title='bbox 2012 4822 2099 4875; x_wconf 80' lang='lat' dir='ltr'><strong>hut</strong></span> 
     </span>
    </p>
   </div>
   <div class='ocr_carea' id='block_1_99' title="bbox 2203 4818 3775 4895">
    <p class='ocr_par' dir='ltr' id='par_1_99' title="bbox 2217 4821 3775 4895">
     <span class='ocr_line' id='line_1_99' title="bbox 2217 4821 3775 4895; baseline 0.003 -19"><span class='ocrx_word' id='word_1_738' title='bbox 2217 4825 2311 4876; x_wconf 78' lang='grc' dir='ltr'><strong>καὶ</strong></span> <span class='ocrx_word' id='word_1_739' title='bbox 2338 4824 2501 4893; x_wconf 83' lang='grc' dir='ltr'>μέχρι</span> <span class='ocrx_word' id='word_1_740' title='bbox 2529 4821 2720 4875; x_wconf 86' lang='grc' dir='ltr'>τούτου</span> <span class='ocrx_word' id='word_1_741' title='bbox 2753 4824 3261 4889; x_wconf 79' lang='grc' dir='ltr'>συνταπεινοῦσθαι,</span> <span class='ocrx_word' id='word_1_742' title='bbox 3292 4827 3401 4880; x_wconf 80' lang='grc' dir='ltr'>τῶν</span> <span class='ocrx_word' id='word_1_743' title='bbox 3431 4828 3489 4880; x_wconf 76' lang='grc' dir='ltr'>δὲ</span> <span class='ocrx_word' id='word_1_744' title='bbox 3516 4829 3775 4895; x_wconf 84' lang='grc' dir='ltr'>ὑγιαινόν-</span> 
     </span>
    </p>
   </div>
   <div class='ocr_carea' id='block_1_100' title="bbox 552 4908 2099 4987">
    <p class='ocr_par' dir='ltr' id='par_1_100' title="bbox 552 4908 2087 4982">
     <span class='ocr_line' id='line_1_100' title="bbox 552 4908 2087 4982; baseline 0.001 -16"><span class='ocrx_word' id='word_1_745' title='bbox 552 4926 724 4982; x_wconf 87' lang='lat' dir='ltr'><strong>usque</strong></span> <span class='ocrx_word' id='word_1_746' title='bbox 752 4925 810 4965; x_wconf 90' lang='lat' dir='ltr'><strong>se</strong></span> <span class='ocrx_word' id='word_1_747' title='bbox 853 4910 1124 4970; x_wconf 89' lang='lat' dir='ltr'><strong>demittat,</strong></span> <span class='ocrx_word' id='word_1_748' title='bbox 1158 4908 1415 4962; x_wconf 86' lang='lat' dir='ltr'><strong>adversus</strong></span> <span class='ocrx_word' id='word_1_749' title='bbox 1454 4923 1617 4964; x_wconf 87' lang='lat' dir='ltr'><strong>sanos</strong></span> <span class='ocrx_word' id='word_1_750' title='bbox 1643 4921 1699 4965; x_wconf 92' lang='lat' dir='ltr'><strong>et</strong></span> <span class='ocrx_word' id='word_1_751' title='bbox 1750 4914 1987 4967; x_wconf 77' lang='lat' dir='ltr'><strong>valentes</strong></span> <span class='ocrx_word' id='word_1_752' title='bbox 2025 4928 2087 4967; x_wconf 91' lang='lat' dir='ltr'><strong>su</strong></span> 
     </span>
    </p>
   </div>
   <div class='ocr_carea' id='block_1_101' title="bbox 2203 4908 3780 4987">
    <p class='ocr_par' dir='ltr' id='par_1_101' title="bbox 2218 4911 3780 4987">
     <span class='ocr_line' id='line_1_101' title="bbox 2218 4911 3780 4987; baseline 0.002 -22"><span class='ocrx_word' id='word_1_753' title='bbox 2218 4930 2325 4965; x_wconf 89' lang='grc' dir='ltr'><strong>των</strong></span> <span class='ocrx_word' id='word_1_754' title='bbox 2385 4911 2826 4981; x_wconf 74' lang='grc' dir='ltr'>κατοφρυᾶσθαις</span> <span class='ocrx_word' id='word_1_755' title='bbox 2873 4912 2985 4965; x_wconf 74' lang='grc' dir='ltr'>Καὶ</span> <span class='ocrx_word' id='word_1_756' title='bbox 3029 4914 3217 4984; x_wconf 77' lang='grc' dir='ltr'>τήκειν</span> <span class='ocrx_word' id='word_1_757' title='bbox 3271 4914 3367 4985; x_wconf 85' lang='grc' dir='ltr'>μὲν</span> <span class='ocrx_word' id='word_1_758' title='bbox 3421 4915 3520 4980; x_wconf 84' lang='grc' dir='ltr'>τὰς</span> <span class='ocrx_word' id='word_1_759' title='bbox 3576 4917 3780 4987; x_wconf 84' lang='grc' dir='ltr'>σάρκας</span> 
     </span>
    </p>
   </div>
   <div class='ocr_carea' id='block_1_102' title="bbox 630 5065 1579 5142">
    <p class='ocr_par' dir='ltr' id='par_1_102' title="bbox 630 5065 1579 5142">
     <span class='ocr_line' id='line_1_102' title="bbox 630 5065 1579 5142; baseline 0.003 -24"><span class='ocrx_word' id='word_1_760' title='bbox 769 5066 1107 5142; x_wconf 52' lang='grc' dir='ltr'>ξιστρρίαις.</span> <span class='ocrx_word' id='word_1_761' title='bbox 1131 5068 1304 5133; x_wconf 81' lang='lat' dir='ltr'><strong>Pass.,</strong></span> <span class='ocrx_word' id='word_1_762' title='bbox 1330 5069 1579 5142; x_wconf 67' lang='grc' dir='ltr'>ἱστορίαι.</span> 
     </span>
    </p>
   </div>
   <div class='ocr_carea' id='block_1_103' title="bbox 625 5136 2116 5207">
    <p class='ocr_par' dir='ltr' id='par_1_103' title="bbox 625 5136 2116 5207">
     <span class='ocr_line' id='line_1_103' title="bbox 625 5136 2116 5207; baseline 0.001 -20"><span class='ocrx_word' id='word_1_763' title='bbox 625 5136 735 5207; x_wconf 77' lang='grc'>(17)</span> <span class='ocrx_word' id='word_1_764' title='bbox 768 5137 1116 5205; x_wconf 70' lang='grc' dir='ltr'>Ἄνθρωποι,</span> <span class='ocrx_word' id='word_1_765' title='bbox 1145 5150 1248 5193; x_wconf 88' lang='lat' dir='ltr'><strong>etc.</strong></span> <span class='ocrx_word' id='word_1_766' title='bbox 1312 5136 1499 5194; x_wconf 76' lang='lat' dir='ltr'><strong>Comi).</strong></span> <span class='ocrx_word' id='word_1_767' title='bbox 1544 5138 1687 5207; x_wconf 82' lang='lat' dir='ltr'><strong>legit,</strong></span> <span class='ocrx_word' id='word_1_768' title='bbox 1730 5136 2003 5207; x_wconf 79' lang='grc' dir='ltr'>ἄνθρωποι</span> <span class='ocrx_word' id='word_1_769' title='bbox 2032 5154 2116 5191; x_wconf 85' lang='grc' dir='ltr'>νε-</span> 
     </span>
    </p>
   </div>
   <div class='ocr_carea' id='block_1_104' title="bbox 556 5206 2118 5279">
    <p class='ocr_par' dir='ltr' id='par_1_104' title="bbox 556 5206 2118 5279">
     <span class='ocr_line' id='line_1_104' title="bbox 556 5206 2118 5279; baseline 0.001 -22"><span class='ocrx_word' id='word_1_770' title='bbox 556 5206 679 5275; x_wconf 72' lang='grc' dir='ltr'>κροὶ</span> <span class='ocrx_word' id='word_1_771' title='bbox 708 5206 800 5258; x_wconf 73' lang='grc' dir='ltr'>καὶ</span> <span class='ocrx_word' id='word_1_772' title='bbox 836 5208 943 5279; x_wconf 75' lang='grc' dir='ltr'><strong>πρὸ</strong></span> <span class='ocrx_word' id='word_1_773' title='bbox 969 5207 1196 5263; x_wconf 85' lang='grc' dir='ltr'>θανάτου</span> <span class='ocrx_word' id='word_1_774' title='bbox 1233 5206 1694 5279; x_wconf 81' lang='grc' dir='ltr'>τετελευτηκότες,</span> <span class='ocrx_word' id='word_1_775' title='bbox 1731 5217 1859 5269; x_wconf 84' lang='lat' dir='ltr'><strong>ete.,</strong></span> <span class='ocrx_word' id='word_1_776' title='bbox 1898 5224 1917 5279; x_wconf 68' lang='grc' dir='ltr'><strong>ι</strong></span> <span class='ocrx_word' id='word_1_777' title='bbox 1949 5209 2118 5259; x_wconf 77' lang='grc' dir='ltr'>ιιοιιιίο</span> 
     </span>
    </p>
   </div>
   <div class='ocr_carea' id='block_1_105' title="bbox 558 5276 2120 5350">
    <p class='ocr_par' dir='ltr' id='par_1_105' title="bbox 558 5276 2120 5350">
     <span class='ocr_line' id='line_1_105' title="bbox 558 5276 2120 5350; baseline 0.001 -22"><span class='ocrx_word' id='word_1_778' title='bbox 558 5289 654 5350; x_wconf 67' lang='lat' dir='ltr'><strong>pes</strong></span> <span class='ocrx_word' id='word_1_779' title='bbox 679 5276 894 5350; x_wconf 80' lang='lat' dir='ltr'><strong>mortui,</strong></span> <span class='ocrx_word' id='word_1_780' title='bbox 921 5286 976 5350; x_wconf 76' lang='lat' dir='ltr'><strong>et</strong></span> <span class='ocrx_word' id='word_1_781' title='bbox 1005 5290 1127 5335; x_wconf 84' lang='lat' dir='ltr'><strong>ante</strong></span> <span class='ocrx_word' id='word_1_782' title='bbox 1155 5291 1391 5348; x_wconf 42' lang='lat' dir='ltr'><strong>mortem,</strong></span> <span class='ocrx_word' id='word_1_783' title='bbox 1406 5276 1672 5350; x_wconf 76' lang='lat' dir='ltr'><strong>plerisque</strong></span> <span class='ocrx_word' id='word_1_784' title='bbox 1699 5278 1941 5347; x_wconf 83' lang='lat' dir='ltr'><strong>corporis</strong></span> <span class='ocrx_word' id='word_1_785' title='bbox 1958 5291 2120 5331; x_wconf 84' lang='lat' dir='ltr'><strong>ntem-</strong></span> 
     </span>
    </p>
   </div>
   <div class='ocr_carea' id='block_1_106' title="bbox 556 5343 1003 5399">
    <p class='ocr_par' dir='ltr' id='par_1_106' title="bbox 556 5343 1003 5399">
     <span class='ocr_line' id='line_1_106' title="bbox 556 5343 1003 5399; baseline 0 0"><span class='ocrx_word' id='word_1_786' title='bbox 556 5343 671 5399; x_wconf 87' lang='lat' dir='ltr'><strong>bris</strong></span> <span class='ocrx_word' id='word_1_787' title='bbox 690 5345 962 5399; x_wconf 82' lang='lat' dir='ltr'><strong>exstincti.</strong></span> <span class='ocrx_word' id='word_1_788' title='bbox 978 5364 1003 5398; x_wconf 65' lang='grc' dir='ltr'><strong>ι</strong></span> 
     </span>
    </p>
   </div>
   <div class='ocr_carea' id='block_1_107' title="bbox 624 5414 1560 5490">
    <p class='ocr_par' dir='ltr' id='par_1_107' title="bbox 624 5414 1560 5490">
     <span class='ocr_line' id='line_1_107' title="bbox 624 5414 1560 5490; baseline 0.002 -19"><span class='ocrx_word' id='word_1_789' title='bbox 624 5414 736 5490; x_wconf 72' lang='grc'>(18)</span> <span class='ocrx_word' id='word_1_790' title='bbox 765 5417 1062 5490; x_wconf 46' lang='lat' dir='ltr'><strong>defaecat.</strong></span> <span class='ocrx_word' id='word_1_791' title='bbox 1084 5416 1257 5483; x_wconf 62' lang='lat' dir='ltr'><strong>Pass,</strong></span> <span class='ocrx_word' id='word_1_792' title='bbox 1290 5419 1560 5490; x_wconf 81' lang='grc' dir='ltr'>λείπηται.</span> 
     </span>
    </p>
   </div>
   <div class='ocr_carea' id='block_1_108' title="bbox 2212 5073 2595 5143">
    <p class='ocr_par' dir='ltr' id='par_1_108' title="bbox 2212 5073 2595 5143">
     <span class='ocr_line' id='line_1_108' title="bbox 2212 5073 2595 5143; baseline 0.005 -19"><span class='ocrx_word' id='word_1_793' title='bbox 2212 5073 2393 5143; x_wconf 86' lang='grc' dir='ltr'>τρίαις</span> <span class='ocrx_word' id='word_1_794' title='bbox 2432 5074 2482 5126; x_wconf 87' lang='lat' dir='ltr'><strong>in</strong></span> <span class='ocrx_word' id='word_1_795' title='bbox 2512 5074 2595 5127; x_wconf 79' lang='lat' dir='ltr'><strong>ecl.</strong></span> 
     </span>
    </p>
   </div>
   <div class='ocr_carea' id='block_1_109' title="bbox 2289 5139 3535 5214">
    <p class='ocr_par' dir='ltr' id='par_1_109' title="bbox 2289 5139 3535 5214">
     <span class='ocr_line' id='line_1_109' title="bbox 2289 5139 3535 5214; baseline -0.003 -17"><span class='ocrx_word' id='word_1_796' title='bbox 2289 5144 2401 5214; x_wconf 66' lang='grc'>(21)</span> <span class='ocrx_word' id='word_1_797' title='bbox 2432 5141 2738 5204; x_wconf 62' lang='grc' dir='ltr'>Δανείζειν.</span> <span class='ocrx_word' id='word_1_798' title='bbox 2771 5143 2862 5214; x_wconf 85' lang='lat' dir='ltr'><strong>Sic</strong></span> <span class='ocrx_word' id='word_1_799' title='bbox 2892 5140 3046 5214; x_wconf 68' lang='lat' dir='ltr'><strong>codd.</strong></span> <span class='ocrx_word' id='word_1_800' title='bbox 3076 5141 3129 5196; x_wconf 86' lang='lat' dir='ltr'><strong>in</strong></span> <span class='ocrx_word' id='word_1_801' title='bbox 3152 5143 3259 5210; x_wconf 85' lang='lat' dir='ltr'><strong>ed.,</strong></span> <span class='ocrx_word' id='word_1_802' title='bbox 3282 5139 3535 5205; x_wconf 67' lang='grc' dir='ltr'>δανείζει.</span> 
     </span>
    </p>
   </div>
   <div class='ocr_carea' id='block_1_110' title="bbox 2289 5211 3171 5281">
    <p class='ocr_par' dir='ltr' id='par_1_110' title="bbox 2289 5211 3171 5281">
     <span class='ocr_line' id='line_1_110' title="bbox 2289 5211 3171 5281; baseline -0.003 -16"><span class='ocrx_word' id='word_1_803' title='bbox 2289 5211 2399 5281; x_wconf 65' lang='grc'>(29.)</span> <span class='ocrx_word' id='word_1_804' title='bbox 2438 5213 2661 5268; x_wconf 78' lang='grc' dir='ltr'><strong>Ἐλέου.</strong></span> <span class='ocrx_word' id='word_1_805' title='bbox 2693 5215 2787 5268; x_wconf 89' lang='lat' dir='ltr'><strong>0r.</strong></span> <span class='ocrx_word' id='word_1_806' title='bbox 2809 5213 2864 5276; x_wconf 70' lang='lat'><strong>2,</strong></span> <span class='ocrx_word' id='word_1_807' title='bbox 2894 5211 3094 5274; x_wconf 81' lang='grc' dir='ltr'>ἐλέους.</span> <span class='ocrx_word' id='word_1_808' title='bbox 3168 5274 3171 5275; x_wconf 18' lang='grc' dir='ltr'><em>ν</em></span> 
     </span>
    </p>
   </div>
   <div class='ocr_carea' id='block_1_111' title="bbox 2291 5278 3429 5349">
    <p class='ocr_par' dir='ltr' id='par_1_111' title="bbox 2291 5278 3429 5349">
     <span class='ocr_line' id='line_1_111' title="bbox 2291 5278 3429 5349; baseline -0.003 -13"><span class='ocrx_word' id='word_1_809' title='bbox 2291 5278 2399 5349; x_wconf 71' lang='lat'><strong>(25)</strong></span> <span class='ocrx_word' id='word_1_810' title='bbox 2428 5282 2511 5347; x_wconf 82' lang='grc' dir='ltr'><strong>Τῷ</strong></span> <span class='ocrx_word' id='word_1_811' title='bbox 2541 5282 2687 5347; x_wconf 72' lang='grc' dir='ltr'>λαῷ.</span> <span class='ocrx_word' id='word_1_812' title='bbox 2714 5284 2900 5338; x_wconf 87' lang='lat' dir='ltr'><strong>Plures</strong></span> <span class='ocrx_word' id='word_1_813' title='bbox 2930 5281 3107 5343; x_wconf 80' lang='lat' dir='ltr'><strong>codd.,</strong></span> <span class='ocrx_word' id='word_1_814' title='bbox 3131 5278 3239 5335; x_wconf 77' lang='grc' dir='ltr'><strong>τῶν</strong></span> <span class='ocrx_word' id='word_1_815' title='bbox 3266 5278 3429 5334; x_wconf 84' lang='grc' dir='ltr'>λαῶν.</span> 
     </span>
    </p>
   </div>
   <div class='ocr_carea' id='block_1_112' title="bbox 2289 5347 3897 5437">
    <p class='ocr_par' dir='ltr' id='par_1_112' title="bbox 2289 5347 3897 5437">
     <span class='ocr_line' id='line_1_112' title="bbox 2289 5347 3897 5437; baseline -0.004 -32"><span class='ocrx_word' id='word_1_816' title='bbox 2289 5347 2401 5419; x_wconf 69' lang='grc'>(9.4)</span> <span class='ocrx_word' id='word_1_817' title='bbox 2426 5352 2547 5437; x_wconf 48' lang='lat' dir='ltr'><strong>Xa},</strong></span> <span class='ocrx_word' id='word_1_818' title='bbox 2567 5353 2646 5417; x_wconf 83' lang='grc' dir='ltr'>τῷ</span> <span class='ocrx_word' id='word_1_819' title='bbox 2671 5353 2900 5437; x_wconf 59' lang='grc' dir='ltr'>κανόνι,</span> <span class='ocrx_word' id='word_1_820' title='bbox 2919 5361 3037 5437; x_wconf 46' lang='lat' dir='ltr'><strong>.et‘c.</strong></span> <span class='ocrx_word' id='word_1_821' title='bbox 3094 5352 3183 5437; x_wconf 71' lang='lat' dir='ltr'><strong>Sic</strong></span> <span class='ocrx_word' id='word_1_822' title='bbox 3211 5352 3431 5437; x_wconf 64' lang='lat' dir='ltr'><strong>exponit</strong></span> <span class='ocrx_word' id='word_1_823' title='bbox 3456 5348 3675 5437; x_wconf 51' lang='lat' dir='ltr'><strong>graecus</strong></span> <span class='ocrx_word' id='word_1_824' title='bbox 3707 5347 3829 5437; x_wconf 41' lang='lat' dir='ltr'><strong>in;</strong></span> <span class='ocrx_word' id='word_1_825' title='bbox 3886 5422 3897 5425; x_wconf 18' lang='grc' dir='ltr'>ν</span> 
     </span>
    </p>
   </div>
   <div class='ocr_carea' id='block_1_113' title="bbox 626 5419 2099 5573">
    <p class='ocr_par' dir='ltr' id='par_1_113' title="bbox 626 5419 2091 5573">
     <span class='ocr_line' id='line_1_113' title="bbox 626 5419 1560 5490; baseline 0.006 -23"><span class='ocrx_word' id='word_1_826' title='bbox 626 5419 736 5486; x_wconf 79' lang='grc'>(18)</span> <span class='ocrx_word' id='word_1_827' title='bbox 765 5419 1062 5473; x_wconf 77' lang='grc' dir='ltr'>Λείπεται.</span> <span class='ocrx_word' id='word_1_828' title='bbox 1084 5419 1257 5483; x_wconf 62' lang='lat' dir='ltr'><strong>Pass,</strong></span> <span class='ocrx_word' id='word_1_829' title='bbox 1290 5419 1560 5490; x_wconf 81' lang='grc' dir='ltr'>λείπηται.</span> 
     </span>
     <span class='ocr_line' id='line_1_114' title="bbox 626 5486 2091 5573; baseline -0.001 -33"><span class='ocrx_word' id='word_1_830' title='bbox 769 5488 1057 5573; x_wconf 43' lang='lat' dir='ltr'><strong>&quot;ﬁat-ang:</strong></span> <span class='ocrx_word' id='word_1_831' title='bbox 1080 5490 1333 5573; x_wconf 62' lang='lat' dir='ltr'><strong>Quinque</strong></span> <span class='ocrx_word' id='word_1_832' title='bbox 1364 5491 1529 5573; x_wconf 52' lang='grc' dir='ltr'>ηεαδ.</span> <span class='ocrx_word' id='word_1_833' title='bbox 1560 5496 1614 5573; x_wconf 66' lang='lat' dir='ltr'><strong>et</strong></span> <span class='ocrx_word' id='word_1_834' title='bbox 1641 5487 1819 5570; x_wconf 61' lang='lat' dir='ltr'><strong>Pass,</strong></span> <span class='ocrx_word' id='word_1_835' title='bbox 1847 5487 2044 5573; x_wconf 58' lang='grc' dir='ltr'><strong>⁸ξιξόιντα.</strong></span> <span class='ocrx_word' id='word_1_836' title='bbox 2078 5570 2091 5573; x_wconf 31' lang='grc' dir='ltr'><strong>Α</strong></span> 
     </span>
    </p>
   </div>
   <div class='ocr_carea' id='block_1_114' title="bbox 2203 5419 3835 5573">
    <p class='ocr_par' dir='ltr' id='par_1_114' title="bbox 2220 5419 3835 5573">
     <span class='ocr_line' id='line_1_115' title="bbox 2220 5419 3835 5491; baseline -0.004 -16"><span class='ocrx_word' id='word_1_837' title='bbox 2220 5429 2427 5490; x_wconf 87' lang='lat' dir='ltr'><strong>terpres</strong></span> <span class='ocrx_word' id='word_1_838' title='bbox 2462 5439 2476 5474; x_wconf 92' lang='lat'><strong>:</strong></span> <span class='ocrx_word' id='word_1_839' title='bbox 2507 5422 2820 5486; x_wconf 79' lang='grc' dir='ltr'>Κανονίζειν</span> <span class='ocrx_word' id='word_1_840' title='bbox 2872 5420 3056 5483; x_wconf 68' lang='grc' dir='ltr'>αὐτὸν,</span> <span class='ocrx_word' id='word_1_841' title='bbox 3097 5421 3191 5474; x_wconf 70' lang='grc' dir='ltr'><strong>καί</strong></span> <span class='ocrx_word' id='word_1_842' title='bbox 3219 5419 3411 5491; x_wconf 79' lang='grc' dir='ltr'>ὀρθοῦν</span> <span class='ocrx_word' id='word_1_843' title='bbox 3455 5419 3835 5490; x_wconf 55' lang='grc' dir='ltr'>βουλόμενοιθ</span> 
     </span>
     <span class='ocr_line' id='line_1_116' title="bbox 2221 5488 3786 5573; baseline -0.004 -29"><span class='ocrx_word' id='word_1_844' title='bbox 2221 5490 2373 5573; x_wconf 43' lang='lat' dir='ltr'><strong>ideo!</strong></span> <span class='ocrx_word' id='word_1_845' title='bbox 2396 5492 2707 5573; x_wconf 79' lang='grc' dir='ltr'>ἀνόρθωτοι.</span> <span class='ocrx_word' id='word_1_846' title='bbox 2735 5491 2789 5544; x_wconf 87' lang='lat' dir='ltr'><strong>Id</strong></span> <span class='ocrx_word' id='word_1_847' title='bbox 2815 5499 2897 5572; x_wconf 72' lang='lat' dir='ltr'><strong>est</strong></span> <span class='ocrx_word' id='word_1_848' title='bbox 2930 5506 2994 5573; x_wconf 41' lang='grc' dir='ltr'><strong>ι’(</strong></span> <span class='ocrx_word' id='word_1_849' title='bbox 3018 5488 3355 5573; x_wconf 63' lang='lat' dir='ltr'><strong>Cortipnuere</strong></span> <span class='ocrx_word' id='word_1_850' title='bbox 3384 5498 3545 5573; x_wconf 75' lang='lat' dir='ltr'><strong>atque</strong></span> <span class='ocrx_word' id='word_1_851' title='bbox 3576 5490 3786 5573; x_wconf 70' lang='lat' dir='ltr'><strong>erigere</strong></span> 
     </span>
    </p>
   </div>
   <div class='ocr_carea' id='block_1_115' title="bbox 629 5555 2099 5632">
    <p class='ocr_par' dir='ltr' id='par_1_115' title="bbox 629 5555 2099 5632">
     <span class='ocr_line' id='line_1_117' title="bbox 629 5555 2099 5632; baseline -0.005 -15"><span class='ocrx_word' id='word_1_852' title='bbox 629 5555 741 5632; x_wconf 59' lang='lat' dir='ltr'><strong>C30)</strong></span> <span class='ocrx_word' id='word_1_853' title='bbox 767 5557 926 5632; x_wconf 39' lang='grc' dir='ltr'><strong>ΑΤαῖς</strong></span> <span class='ocrx_word' id='word_1_854' title='bbox 980 5555 1343 5632; x_wconf 65' lang='grc' dir='ltr'>ἀλλοτρίαις.</span> <span class='ocrx_word' id='word_1_855' title='bbox 1404 5555 1501 5632; x_wconf 72' lang='lat' dir='ltr'><strong>§ie</strong></span> <span class='ocrx_word' id='word_1_856' title='bbox 1556 5558 1798 5632; x_wconf 57' lang='lat' dir='ltr'><strong>plerique</strong></span> <span class='ocrx_word' id='word_1_857' title='bbox 1857 5559 2045 5632; x_wconf 36' lang='grc' dir='ltr'><strong>Βρεξξ..Δ</strong></span> <span class='ocrx_word' id='word_1_858' title='bbox 2069 5570 2099 5610; x_wconf 90' lang='lat' dir='ltr'><strong>e</strong></span> 
     </span>
    </p>
   </div>
   <div class='ocr_carea' id='block_1_116' title="bbox 2203 5555 3666 5632">
    <p class='ocr_par' dir='ltr' id='par_1_116' title="bbox 2221 5555 3666 5632">
     <span class='ocr_line' id='line_1_118' title="bbox 2221 5555 3666 5632; baseline -0.005 -17"><span class='ocrx_word' id='word_1_859' title='bbox 2221 5560 2370 5617; x_wconf 89' lang='lat' dir='ltr'><strong>illum</strong></span> <span class='ocrx_word' id='word_1_860' title='bbox 2391 5555 2690 5632; x_wconf 81' lang='lat' dir='ltr'><strong>cupientes,</strong></span> <span class='ocrx_word' id='word_1_861' title='bbox 2722 5576 2844 5617; x_wconf 89' lang='lat' dir='ltr'><strong>cum</strong></span> <span class='ocrx_word' id='word_1_862' title='bbox 2878 5559 2978 5630; x_wconf 80' lang='lat' dir='ltr'><strong>ipsi</strong></span> <span class='ocrx_word' id='word_1_863' title='bbox 3003 5555 3166 5629; x_wconf 74' lang='lat' dir='ltr'><strong>pravi</strong></span> <span class='ocrx_word' id='word_1_864' title='bbox 3185 5566 3240 5616; x_wconf 90' lang='lat' dir='ltr'><strong>et</strong></span> <span class='ocrx_word' id='word_1_865' title='bbox 3269 5555 3472 5616; x_wconf 83' lang='lat' dir='ltr'><strong>obtorti</strong></span> <span class='ocrx_word' id='word_1_866' title='bbox 3486 5558 3613 5613; x_wconf 89' lang='lat' dir='ltr'><strong>sint.</strong></span> <span class='ocrx_word' id='word_1_867' title='bbox 3646 5573 3666 5607; x_wconf 75' lang='grc' dir='ltr'><strong>ι</strong></span> 
     </span>
    </p>
   </div>
   <div class='ocr_carea' id='block_1_117' title="bbox 556 5619 2122 5701">
    <p class='ocr_par' dir='ltr' id='par_1_117' title="bbox 556 5619 2122 5701">
     <span class='ocr_line' id='line_1_119' title="bbox 556 5619 2122 5701; baseline 0.001 -22"><span class='ocrx_word' id='word_1_868' title='bbox 556 5619 733 5691; x_wconf 79' lang='lat' dir='ltr'><strong>Colb.,&#39;</strong></span> <span class='ocrx_word' id='word_1_869' title='bbox 758 5619 975 5698; x_wconf 64' lang='lat' dir='ltr'><strong>Chrys,</strong></span> <span class='ocrx_word' id='word_1_870' title='bbox 1022 5631 1117 5701; x_wconf 68' lang='grc' dir='ltr'>υτ.</span> <span class='ocrx_word' id='word_1_871' title='bbox 1146 5619 1198 5693; x_wconf 63' lang='lat'><strong>2&#39;,</strong></span> <span class='ocrx_word' id='word_1_872' title='bbox 1230 5619 1380 5696; x_wconf 52' lang='lat' dir='ltr'><strong>Pa&#39;r.,</strong></span> <span class='ocrx_word' id='word_1_873' title='bbox 1411 5619 1589 5697; x_wconf 48' lang='lat' dir='ltr'><strong>Passi,</strong></span> <span class='ocrx_word' id='word_1_874' title='bbox 1612 5619 1729 5685; x_wconf 59' lang='lat' dir='ltr'><strong>etc:</strong></span> <span class='ocrx_word' id='word_1_875' title='bbox 1754 5627 1915 5685; x_wconf 85' lang='lat' dir='ltr'><strong>Deest</strong></span> <span class='ocrx_word' id='word_1_876' title='bbox 1937 5619 2122 5680; x_wconf 79' lang='grc' dir='ltr'>’ἁλλο-</span> 
     </span>
    </p>
   </div>
  </div>
