  <div class='ocr_page' id='page_1' title='image "/cluster/home/n/w/nwhite01/storage/ocr_20150623/36/hvd.32044024464877/316.png"; bbox 0 0 4100 6276; ppageno 0'>
   <div class='ocr_carea' id='block_1_1' title="bbox 314 227 414 284">
    <p class='ocr_par' dir='ltr' id='par_1_1' title="bbox 314 227 414 284">
     <span class='ocr_line' id='line_1_1' title="bbox 314 227 414 284; baseline -0.02 0"><span class='ocrx_word' id='word_1_1' title='bbox 314 227 414 284; x_wconf 74' lang='grc'><strong>581</strong></span> 
     </span>
    </p>
   </div>
   <div class='ocr_carea' id='block_1_2' title="bbox 1126 218 2705 282">
    <p class='ocr_par' dir='ltr' id='par_1_2' title="bbox 1126 218 2705 282">
     <span class='ocr_line' id='line_1_2' title="bbox 1126 218 2705 282; baseline -0.001 -1"><span class='ocrx_word' id='word_1_2' title='bbox 1126 220 1386 282; x_wconf 73' lang='lat' dir='ltr'><strong>ORATIO</strong></span> <span class='ocrx_word' id='word_1_3' title='bbox 1421 218 1604 280; x_wconf 72' lang='lat' dir='ltr'><strong>XLIII.</strong></span> <span class='ocrx_word' id='word_1_4' title='bbox 1645 252 1717 265; x_wconf 89' lang='grc'><strong>--</strong></span> <span class='ocrx_word' id='word_1_5' title='bbox 1755 218 1822 279; x_wconf 88' lang='lat' dir='ltr'><strong>IN</strong></span> <span class='ocrx_word' id='word_1_6' title='bbox 1856 219 2141 281; x_wconf 71' lang='lat' dir='ltr'><strong>LAUDEM</strong></span> <span class='ocrx_word' id='word_1_7' title='bbox 2179 220 2430 279; x_wconf 79' lang='lat' dir='ltr'><strong>BASlLll</strong></span> <span class='ocrx_word' id='word_1_8' title='bbox 2468 220 2705 280; x_wconf 80' lang='lat' dir='ltr'><strong>MAGNI.</strong></span> 
     </span>
    </p>
   </div>
   <div class='ocr_carea' id='block_1_3' title="bbox 3459 226 3565 282">
    <p class='ocr_par' dir='ltr' id='par_1_3' title="bbox 3459 226 3565 282">
     <span class='ocr_line' id='line_1_3' title="bbox 3459 226 3565 282; baseline 0.009 -1"><span class='ocrx_word' id='word_1_9' title='bbox 3459 226 3565 282; x_wconf 73' lang='lat'><strong>582</strong></span> 
     </span>
    </p>
   </div>
   <div class='ocr_carea' id='block_1_4' title="bbox 313 333 1921 411">
    <p class='ocr_par' dir='ltr' id='par_1_4' title="bbox 313 334 1897 411">
     <span class='ocr_line' id='line_1_4' title="bbox 313 334 1897 411; baseline -0.002 -19"><span class='ocrx_word' id='word_1_10' title='bbox 313 338 380 392; x_wconf 81' lang='grc' dir='ltr'>δι’</span> <span class='ocrx_word' id='word_1_11' title='bbox 411 335 762 411; x_wconf 73' lang='grc' dir='ltr'><strong>ἐγκρατείας,</strong></span> <span class='ocrx_word' id='word_1_12' title='bbox 806 336 904 409; x_wconf 84' lang='grc' dir='ltr'>τὴν</span> <span class='ocrx_word' id='word_1_13' title='bbox 932 335 1110 407; x_wconf 80' lang='grc' dir='ltr'>ψυχὴν</span> <span class='ocrx_word' id='word_1_14' title='bbox 1136 336 1193 389; x_wconf 79' lang='grc' dir='ltr'>δὲ</span> <span class='ocrx_word' id='word_1_15' title='bbox 1217 336 1470 391; x_wconf 80' lang='grc' dir='ltr'>οἰδαίνειν</span> <span class='ocrx_word' id='word_1_16' title='bbox 1529 335 1669 407; x_wconf 83' lang='grc' dir='ltr'>κενῷ</span> <span class='ocrx_word' id='word_1_17' title='bbox 1720 334 1897 407; x_wconf 84' lang='grc' dir='ltr'>φρυά-</span> 
     </span>
    </p>
   </div>
   <div class='ocr_carea' id='block_1_5' title="bbox 2006 333 3567 411">
    <p class='ocr_par' dir='ltr' id='par_1_5' title="bbox 2006 333 3567 404">
     <span class='ocr_line' id='line_1_5' title="bbox 2006 333 3567 404; baseline 0.003 -16"><span class='ocrx_word' id='word_1_18' title='bbox 2006 334 2276 404; x_wconf 90' lang='lat' dir='ltr'><strong>percilium</strong></span> <span class='ocrx_word' id='word_1_19' title='bbox 2302 334 2550 390; x_wconf 88' lang='lat' dir='ltr'><strong>attollat?</strong></span> <span class='ocrx_word' id='word_1_20' title='bbox 2583 335 2681 400; x_wconf 85' lang='lat' dir='ltr'><strong>Qui</strong></span> <span class='ocrx_word' id='word_1_21' title='bbox 2718 345 2915 389; x_wconf 85' lang='lat' dir='ltr'><strong>carnes</strong></span> <span class='ocrx_word' id='word_1_22' title='bbox 2942 333 3275 391; x_wconf 82' lang='lat' dir='ltr'><strong>continentia</strong></span> <span class='ocrx_word' id='word_1_23' title='bbox 3310 344 3364 390; x_wconf 89' lang='lat' dir='ltr'><strong>et</strong></span> <span class='ocrx_word' id='word_1_24' title='bbox 3392 337 3567 394; x_wconf 79' lang='lat' dir='ltr'><strong>inedia</strong></span> 
     </span>
    </p>
   </div>
   <div class='ocr_carea' id='block_1_6' title="bbox 313 427 1891 502">
    <p class='ocr_par' dir='ltr' id='par_1_6' title="bbox 313 427 1891 502">
     <span class='ocr_line' id='line_1_6' title="bbox 313 427 1891 502; baseline -0.001 -19"><span class='ocrx_word' id='word_1_25' title='bbox 313 447 487 502; x_wconf 80' lang='grc' dir='ltr'>γματι</span> <span class='ocrx_word' id='word_1_26' title='bbox 506 448 520 490; x_wconf 84' lang='grc'>;</span> <span class='ocrx_word' id='word_1_27' title='bbox 536 430 649 482; x_wconf 74' lang='grc' dir='ltr'><strong>Καὶ</strong></span> <span class='ocrx_word' id='word_1_28' title='bbox 679 429 773 482; x_wconf 90' lang='grc' dir='ltr'><strong>τοῦ</strong></span> <span class='ocrx_word' id='word_1_29' title='bbox 799 430 895 500; x_wconf 83' lang='grc' dir='ltr'>μὲν</span> <span class='ocrx_word' id='word_1_30' title='bbox 919 429 1213 501; x_wconf 79' lang='grc' dir='ltr'><strong>Φαρισαίου</strong></span> <span class='ocrx_word' id='word_1_31' title='bbox 1229 427 1681 499; x_wconf 72' lang='grc' dir='ltr'><strong>καταγινώσκειν,</strong></span> <span class='ocrx_word' id='word_1_32' title='bbox 1707 428 1891 482; x_wconf 75' lang='grc' dir='ltr'>καὶδι-</span> 
     </span>
    </p>
   </div>
   <div class='ocr_carea' id='block_1_7' title="bbox 311 521 1890 594">
    <p class='ocr_par' dir='ltr' id='par_1_7' title="bbox 311 521 1890 594">
     <span class='ocr_line' id='line_1_7' title="bbox 311 521 1890 594; baseline -0.002 -18"><span class='ocrx_word' id='word_1_33' title='bbox 311 522 573 593; x_wconf 83' lang='grc' dir='ltr'>ηγεῖσθαι</span> <span class='ocrx_word' id='word_1_34' title='bbox 592 521 693 593; x_wconf 79' lang='grc' dir='ltr'><strong>τὴν</strong></span> <span class='ocrx_word' id='word_1_35' title='bbox 710 521 770 586; x_wconf 76' lang='grc' dir='ltr'>ἐξ</span> <span class='ocrx_word' id='word_1_36' title='bbox 782 522 949 591; x_wconf 73' lang='grc' dir='ltr'>ὄγκου</span> <span class='ocrx_word' id='word_1_37' title='bbox 965 524 1313 588; x_wconf 77' lang='grc' dir='ltr'><strong>ταπείνωσιν,</strong></span> <span class='ocrx_word' id='word_1_38' title='bbox 1338 522 1672 594; x_wconf 70' lang='grc' dir='ltr'>καὶΧριστὸν</span> <span class='ocrx_word' id='word_1_39' title='bbox 1695 521 1890 574; x_wconf 76' lang='grc' dir='ltr'>εἰδέναι</span> 
     </span>
    </p>
   </div>
   <div class='ocr_carea' id='block_1_8' title="bbox 320 612 1892 687">
    <p class='ocr_par' dir='ltr' id='par_1_8' title="bbox 320 612 1892 687">
     <span class='ocr_line' id='line_1_8' title="bbox 320 612 1892 687; baseline -0.003 -19"><span class='ocrx_word' id='word_1_40' title='bbox 320 615 486 687; x_wconf 82' lang='grc' dir='ltr'>μέχρι</span> <span class='ocrx_word' id='word_1_41' title='bbox 543 614 731 668; x_wconf 83' lang='grc' dir='ltr'>δούλου</span> <span class='ocrx_word' id='word_1_42' title='bbox 799 616 1013 687; x_wconf 79' lang='grc' dir='ltr'><strong>μορφῆς</strong></span> <span class='ocrx_word' id='word_1_43' title='bbox 1070 615 1438 679; x_wconf 76' lang='grc' dir='ltr'><strong>κατελθόντα,</strong></span> <span class='ocrx_word' id='word_1_44' title='bbox 1492 614 1586 667; x_wconf 72' lang='grc' dir='ltr'>καὶ</span> <span class='ocrx_word' id='word_1_45' title='bbox 1632 612 1892 674; x_wconf 82' lang='grc' dir='ltr'>τελώναις</span> 
     </span>
    </p>
   </div>
   <div class='ocr_carea' id='block_1_9' title="bbox 320 706 1893 776">
    <p class='ocr_par' dir='ltr' id='par_1_9' title="bbox 320 706 1893 776">
     <span class='ocr_line' id='line_1_9' title="bbox 320 706 1893 776; baseline -0.001 -16"><span class='ocrx_word' id='word_1_46' title='bbox 320 706 648 760; x_wconf 80' lang='grc' dir='ltr'>συνέσθοντα</span> <span class='ocrx_word' id='word_1_47' title='bbox 684 706 824 774; x_wconf 76' lang='grc'>(25),</span> <span class='ocrx_word' id='word_1_48' title='bbox 874 708 968 759; x_wconf 75' lang='grc' dir='ltr'><strong>καὶ</strong></span> <span class='ocrx_word' id='word_1_49' title='bbox 997 707 1251 760; x_wconf 86' lang='grc' dir='ltr'>νίπτοντα</span> <span class='ocrx_word' id='word_1_50' title='bbox 1291 708 1417 769; x_wconf 81' lang='grc' dir='ltr'>τοὺς</span> <span class='ocrx_word' id='word_1_51' title='bbox 1450 707 1618 770; x_wconf 81' lang='grc' dir='ltr'>πόδας</span> <span class='ocrx_word' id='word_1_52' title='bbox 1643 706 1750 759; x_wconf 79' lang='grc' dir='ltr'>τῶν</span> <span class='ocrx_word' id='word_1_53' title='bbox 1790 724 1893 776; x_wconf 86' lang='grc' dir='ltr'>μα-</span> 
     </span>
    </p>
   </div>
   <div class='ocr_carea' id='block_1_10' title="bbox 316 795 1891 870">
    <p class='ocr_par' dir='ltr' id='par_1_10' title="bbox 316 795 1891 870">
     <span class='ocr_line' id='line_1_10' title="bbox 316 795 1891 870; baseline -0.003 -18"><span class='ocrx_word' id='word_1_54' title='bbox 316 798 524 869; x_wconf 84' lang='grc' dir='ltr'>θητῶν,</span> <span class='ocrx_word' id='word_1_55' title='bbox 556 800 651 851; x_wconf 69' lang='grc' dir='ltr'><strong>καὶ</strong></span> <span class='ocrx_word' id='word_1_56' title='bbox 678 798 910 870; x_wconf 66' lang='grc' dir='ltr'>σταυρὸν</span> <span class='ocrx_word' id='word_1_57' title='bbox 937 799 1036 851; x_wconf 78' lang='grc' dir='ltr'><strong>οὐκ</strong></span> <span class='ocrx_word' id='word_1_58' title='bbox 1064 798 1420 865; x_wconf 79' lang='grc' dir='ltr'>ἀπαξιοῦντα,</span> <span class='ocrx_word' id='word_1_59' title='bbox 1451 799 1538 850; x_wconf 84' lang='grc' dir='ltr'><strong>ἵνα</strong></span> <span class='ocrx_word' id='word_1_60' title='bbox 1564 795 1891 867; x_wconf 81' lang='grc' dir='ltr'>προσηλώσῃ</span> 
     </span>
    </p>
   </div>
   <div class='ocr_carea' id='block_1_11' title="bbox 317 888 1892 961">
    <p class='ocr_par' dir='ltr' id='par_1_11' title="bbox 317 888 1892 961">
     <span class='ocr_line' id='line_1_11' title="bbox 317 888 1892 961; baseline -0.001 -19"><span class='ocrx_word' id='word_1_61' title='bbox 317 890 416 960; x_wconf 76' lang='grc' dir='ltr'>τὴν</span> <span class='ocrx_word' id='word_1_62' title='bbox 462 889 601 961; x_wconf 81' lang='grc' dir='ltr'>ἐμὴν</span> <span class='ocrx_word' id='word_1_63' title='bbox 649 890 923 961; x_wconf 83' lang='grc' dir='ltr'>ἁμαρτίαν</span> <span class='ocrx_word' id='word_1_64' title='bbox 976 889 1186 960; x_wconf 86' lang='grc' dir='ltr'>(καίτοι</span> <span class='ocrx_word' id='word_1_65' title='bbox 1250 889 1301 942; x_wconf 91' lang='grc' dir='ltr'><strong>τί</strong></span> <span class='ocrx_word' id='word_1_66' title='bbox 1349 889 1537 942; x_wconf 83' lang='grc' dir='ltr'>τούτου</span> <span class='ocrx_word' id='word_1_67' title='bbox 1592 888 1892 960; x_wconf 79' lang='grc' dir='ltr'>παραδοξό-</span> 
     </span>
    </p>
   </div>
   <div class='ocr_carea' id='block_1_12' title="bbox 317 980 1891 1054">
    <p class='ocr_par' dir='ltr' id='par_1_12' title="bbox 317 980 1891 1054">
     <span class='ocr_line' id='line_1_12' title="bbox 317 980 1891 1054; baseline -0.003 -19"><span class='ocrx_word' id='word_1_68' title='bbox 317 1000 505 1054; x_wconf 87' lang='grc' dir='ltr'>τερον,</span> <span class='ocrx_word' id='word_1_69' title='bbox 535 983 667 1035; x_wconf 72' lang='grc' dir='ltr'>Θεὸν</span> <span class='ocrx_word' id='word_1_70' title='bbox 700 981 1099 1051; x_wconf 86' lang='grc' dir='ltr'>σταυρούμενον</span> <span class='ocrx_word' id='word_1_71' title='bbox 1143 981 1254 1052; x_wconf 82' lang='grc'>(26)</span> <span class='ocrx_word' id='word_1_72' title='bbox 1292 981 1541 1051; x_wconf 79' lang='grc' dir='ltr'>βλέπειν,</span> <span class='ocrx_word' id='word_1_73' title='bbox 1570 982 1666 1033; x_wconf 72' lang='grc' dir='ltr'>καὶ</span> <span class='ocrx_word' id='word_1_74' title='bbox 1702 980 1891 1033; x_wconf 86' lang='grc' dir='ltr'>τοῦτον</span> 
     </span>
    </p>
   </div>
   <div class='ocr_carea' id='block_1_13' title="bbox 321 1071 1889 1143">
    <p class='ocr_par' dir='ltr' id='par_1_13' title="bbox 321 1071 1889 1143">
     <span class='ocr_line' id='line_1_13' title="bbox 321 1071 1889 1143; baseline -0.001 -19"><span class='ocrx_word' id='word_1_75' title='bbox 321 1071 461 1142; x_wconf 86' lang='grc' dir='ltr'><strong>μετά</strong></span> <span class='ocrx_word' id='word_1_76' title='bbox 490 1071 703 1143; x_wconf 79' lang='grc' dir='ltr'>λῃστῶν</span> <span class='ocrx_word' id='word_1_77' title='bbox 724 1110 739 1134; x_wconf 94' lang='grc'><strong>,</strong></span> <span class='ocrx_word' id='word_1_78' title='bbox 770 1072 863 1124; x_wconf 76' lang='grc' dir='ltr'><strong>καὶ</strong></span> <span class='ocrx_word' id='word_1_79' title='bbox 905 1071 1010 1124; x_wconf 83' lang='grc' dir='ltr'>ὑπὸ</span> <span class='ocrx_word' id='word_1_80' title='bbox 1048 1072 1156 1125; x_wconf 86' lang='grc' dir='ltr'>τῶν</span> <span class='ocrx_word' id='word_1_81' title='bbox 1198 1072 1504 1142; x_wconf 80' lang='grc' dir='ltr'>παριόντων</span> <span class='ocrx_word' id='word_1_82' title='bbox 1544 1071 1853 1141; x_wconf 81' lang='grc' dir='ltr'>γελώμενον</span> <span class='ocrx_word' id='word_1_83' title='bbox 1874 1112 1889 1135; x_wconf 93' lang='grc'><strong>,</strong></span> 
     </span>
    </p>
   </div>
   <div class='ocr_carea' id='block_1_14' title="bbox 314 1160 1887 1233">
    <p class='ocr_par' dir='ltr' id='par_1_14' title="bbox 314 1160 1887 1233">
     <span class='ocr_line' id='line_1_14' title="bbox 314 1160 1887 1233; baseline 0.001 -21"><span class='ocrx_word' id='word_1_84' title='bbox 314 1161 406 1212; x_wconf 73' lang='grc' dir='ltr'>τὸν</span> <span class='ocrx_word' id='word_1_85' title='bbox 431 1161 725 1222; x_wconf 79' lang='grc' dir='ltr'>ἀνάλωτον,</span> <span class='ocrx_word' id='word_1_86' title='bbox 758 1162 850 1213; x_wconf 75' lang='grc' dir='ltr'>κα).</span> <span class='ocrx_word' id='word_1_87' title='bbox 874 1161 967 1213; x_wconf 88' lang='grc' dir='ltr'><strong>τοῦ</strong></span> <span class='ocrx_word' id='word_1_88' title='bbox 998 1161 1189 1214; x_wconf 78' lang='grc' dir='ltr'>παθεῖν</span> <span class='ocrx_word' id='word_1_89' title='bbox 1220 1162 1572 1233; x_wconf 74' lang='grc' dir='ltr'>ὑψηλότερον)</span> <span class='ocrx_word' id='word_1_90' title='bbox 1593 1179 1606 1192; x_wconf 73' lang='grc' dir='ltr'><strong>ο</strong></span> <span class='ocrx_word' id='word_1_91' title='bbox 1640 1161 1802 1215; x_wconf 80' lang='grc' dir='ltr'>αὑτὸν</span> <span class='ocrx_word' id='word_1_92' title='bbox 1829 1160 1887 1214; x_wconf 74' lang='grc' dir='ltr'>δὲ</span> 
     </span>
    </p>
   </div>
   <div class='ocr_carea' id='block_1_15' title="bbox 317 1250 1895 1323">
    <p class='ocr_par' dir='ltr' id='par_1_15' title="bbox 317 1250 1895 1323">
     <span class='ocr_line' id='line_1_15' title="bbox 317 1250 1895 1323; baseline 0 -20"><span class='ocrx_word' id='word_1_93' title='bbox 317 1252 676 1322; x_wconf 79' lang='grc' dir='ltr'>ὑπερνεφεῖν,</span> <span class='ocrx_word' id='word_1_94' title='bbox 707 1251 800 1304; x_wconf 75' lang='grc' dir='ltr'>καὶ</span> <span class='ocrx_word' id='word_1_95' title='bbox 842 1251 1010 1322; x_wconf 81' lang='grc' dir='ltr'>μηδὲν</span> <span class='ocrx_word' id='word_1_96' title='bbox 1037 1250 1330 1320; x_wconf 76' lang='grc' dir='ltr'>γινώσκειν</span> <span class='ocrx_word' id='word_1_97' title='bbox 1368 1253 1663 1323; x_wconf 87' lang='grc' dir='ltr'>ὁμότιμον,</span> <span class='ocrx_word' id='word_1_98' title='bbox 1691 1253 1719 1305; x_wconf 83' lang='grc' dir='ltr'>ὃ</span> <span class='ocrx_word' id='word_1_99' title='bbox 1746 1253 1895 1305; x_wconf 85' lang='grc' dir='ltr'>δοκεῖ</span> 
     </span>
    </p>
   </div>
   <div class='ocr_carea' id='block_1_16' title="bbox 315 1337 1893 1412">
    <p class='ocr_par' dir='ltr' id='par_1_16' title="bbox 315 1337 1893 1412">
     <span class='ocr_line' id='line_1_16' title="bbox 315 1337 1893 1412; baseline -0.001 -18"><span class='ocrx_word' id='word_1_100' title='bbox 315 1345 429 1404; x_wconf 83' lang='grc' dir='ltr'>τοῖς</span> <span class='ocrx_word' id='word_1_101' title='bbox 471 1340 668 1411; x_wconf 75' lang='grc' dir='ltr'>ἐκείνῳ</span> <span class='ocrx_word' id='word_1_102' title='bbox 700 1340 1110 1410; x_wconf 85' lang='grc' dir='ltr'>βασκαίνουσιν;</span> <span class='ocrx_word' id='word_1_103' title='bbox 1151 1340 1289 1393; x_wconf 81' lang='grc' dir='ltr'>Ἀλλ’</span> <span class='ocrx_word' id='word_1_104' title='bbox 1323 1337 1477 1411; x_wconf 79' lang='grc' dir='ltr'>οἶμαι</span> <span class='ocrx_word' id='word_1_105' title='bbox 1511 1342 1566 1395; x_wconf 76' lang='grc' dir='ltr'><strong>τὸ</strong></span> <span class='ocrx_word' id='word_1_106' title='bbox 1596 1341 1688 1395; x_wconf 87' lang='grc' dir='ltr'><strong>τοῦ</strong></span> <span class='ocrx_word' id='word_1_107' title='bbox 1729 1342 1893 1412; x_wconf 71' lang='grc' dir='ltr'>ἤθους</span> 
     </span>
    </p>
   </div>
   <div class='ocr_carea' id='block_1_17' title="bbox 318 1432 1896 1503">
    <p class='ocr_par' dir='ltr' id='par_1_17' title="bbox 318 1432 1896 1503">
     <span class='ocr_line' id='line_1_17' title="bbox 318 1432 1896 1503; baseline -0.001 -16"><span class='ocrx_word' id='word_1_108' title='bbox 318 1434 605 1494; x_wconf 79' lang='grc' dir='ltr'>εὐσταθὲς,</span> <span class='ocrx_word' id='word_1_109' title='bbox 634 1434 727 1485; x_wconf 77' lang='grc' dir='ltr'><strong>καὶ</strong></span> <span class='ocrx_word' id='word_1_110' title='bbox 755 1432 1005 1503; x_wconf 79' lang='grc' dir='ltr'>βεϐηκὸς,</span> <span class='ocrx_word' id='word_1_111' title='bbox 1030 1434 1124 1486; x_wconf 72' lang='grc' dir='ltr'><strong>καὶ</strong></span> <span class='ocrx_word' id='word_1_112' title='bbox 1160 1433 1548 1503; x_wconf 78' lang='grc' dir='ltr'>ἀπεξεσμένον,</span> <span class='ocrx_word' id='word_1_113' title='bbox 1574 1432 1741 1501; x_wconf 83' lang='grc' dir='ltr'>τῦφον</span> <span class='ocrx_word' id='word_1_114' title='bbox 1764 1433 1896 1485; x_wconf 80' lang='grc' dir='ltr'>ὠνό-</span> 
     </span>
    </p>
   </div>
   <div class='ocr_carea' id='block_1_18' title="bbox 325 1522 1892 1595">
    <p class='ocr_par' dir='ltr' id='par_1_18' title="bbox 325 1522 1892 1595">
     <span class='ocr_line' id='line_1_18' title="bbox 325 1522 1892 1595; baseline 0 -19"><span class='ocrx_word' id='word_1_115' title='bbox 325 1542 527 1595; x_wconf 87' lang='grc' dir='ltr'>μασαν.</span> <span class='ocrx_word' id='word_1_116' title='bbox 572 1525 634 1576; x_wconf 90' lang='grc' dir='ltr'>Οί</span> <span class='ocrx_word' id='word_1_117' title='bbox 673 1524 717 1577; x_wconf 85' lang='grc' dir='ltr'>δ’</span> <span class='ocrx_word' id='word_1_118' title='bbox 744 1524 896 1576; x_wconf 81' lang='grc' dir='ltr'>αὐτοί</span> <span class='ocrx_word' id='word_1_119' title='bbox 941 1540 1033 1594; x_wconf 91' lang='grc' dir='ltr'><strong>μοι</strong></span> <span class='ocrx_word' id='word_1_120' title='bbox 1073 1524 1288 1577; x_wconf 81' lang='grc' dir='ltr'>δοκοῦσι</span> <span class='ocrx_word' id='word_1_121' title='bbox 1331 1524 1530 1595; x_wconf 74' lang='grc' dir='ltr'>ῥᾳδίως</span> <span class='ocrx_word' id='word_1_122' title='bbox 1571 1524 1635 1577; x_wconf 83' lang='grc' dir='ltr'><strong>ἂν</strong></span> <span class='ocrx_word' id='word_1_123' title='bbox 1676 1524 1768 1576; x_wconf 81' lang='grc' dir='ltr'><strong>καὶ</strong></span> <span class='ocrx_word' id='word_1_124' title='bbox 1803 1522 1892 1576; x_wconf 84' lang='grc' dir='ltr'><strong>τὸν</strong></span> 
     </span>
    </p>
   </div>
   <div class='ocr_carea' id='block_1_19' title="bbox 319 1612 1892 1685">
    <p class='ocr_par' dir='ltr' id='par_1_19' title="bbox 319 1612 1892 1685">
     <span class='ocr_line' id='line_1_19' title="bbox 319 1612 1892 1685; baseline -0.003 -16"><span class='ocrx_word' id='word_1_125' title='bbox 319 1615 565 1685; x_wconf 86' lang='grc' dir='ltr'>ἀνδρεῖον</span> <span class='ocrx_word' id='word_1_126' title='bbox 596 1613 821 1666; x_wconf 81' lang='grc' dir='ltr'>καλέσαι</span> <span class='ocrx_word' id='word_1_127' title='bbox 845 1612 1070 1684; x_wconf 76' lang='grc' dir='ltr'>Θρασὺν,</span> <span class='ocrx_word' id='word_1_128' title='bbox 1106 1614 1201 1667; x_wconf 76' lang='grc' dir='ltr'><strong>καὶ</strong></span> <span class='ocrx_word' id='word_1_129' title='bbox 1235 1613 1406 1666; x_wconf 77' lang='grc' dir='ltr'>δειλὸν</span> <span class='ocrx_word' id='word_1_130' title='bbox 1433 1614 1521 1666; x_wconf 79' lang='grc' dir='ltr'>τὸν</span> <span class='ocrx_word' id='word_1_131' title='bbox 1553 1630 1892 1684; x_wconf 77' lang='grc' dir='ltr'>περιεσκεμ-</span> 
     </span>
    </p>
   </div>
   <div class='ocr_carea' id='block_1_20' title="bbox 1998 423 3564 492">
    <p class='ocr_par' dir='ltr' id='par_1_20' title="bbox 1998 423 3564 492">
     <span class='ocr_line' id='line_1_20' title="bbox 1998 423 3564 492; baseline 0.001 -12"><span class='ocrx_word' id='word_1_132' title='bbox 1998 424 2266 490; x_wconf 84' lang='lat' dir='ltr'><strong>conficiat,</strong></span> <span class='ocrx_word' id='word_1_133' title='bbox 2293 425 2439 480; x_wconf 86' lang='lat' dir='ltr'><strong>inani</strong></span> <span class='ocrx_word' id='word_1_134' title='bbox 2465 425 2631 479; x_wconf 91' lang='lat' dir='ltr'><strong>animi</strong></span> <span class='ocrx_word' id='word_1_135' title='bbox 2659 425 2798 479; x_wconf 88' lang='lat' dir='ltr'><strong>fastu</strong></span> <span class='ocrx_word' id='word_1_136' title='bbox 2830 423 3087 479; x_wconf 84' lang='lat' dir='ltr'><strong>inﬂetur?</strong></span> <span class='ocrx_word' id='word_1_137' title='bbox 3112 424 3211 492; x_wconf 89' lang='lat' dir='ltr'><strong>Qui</strong></span> <span class='ocrx_word' id='word_1_138' title='bbox 3236 425 3564 483; x_wconf 72' lang='lat' dir='ltr'><strong>Pharismum</strong></span> 
     </span>
    </p>
   </div>
   <div class='ocr_carea' id='block_1_21' title="bbox 1998 514 3566 584">
    <p class='ocr_par' dir='ltr' id='par_1_21' title="bbox 1998 514 3566 584">
     <span class='ocr_line' id='line_1_21' title="bbox 1998 514 3566 584; baseline 0.001 -15"><span class='ocrx_word' id='word_1_139' title='bbox 1998 515 2233 581; x_wconf 90' lang='lat' dir='ltr'><strong>damnet,</strong></span> <span class='ocrx_word' id='word_1_140' title='bbox 2287 523 2449 584; x_wconf 89' lang='lat' dir='ltr'><strong>atque</strong></span> <span class='ocrx_word' id='word_1_141' title='bbox 2479 514 2623 569; x_wconf 86' lang='lat' dir='ltr'><strong>illius</strong></span> <span class='ocrx_word' id='word_1_142' title='bbox 2678 529 2745 568; x_wconf 83' lang='lat' dir='ltr'><strong>ex</strong></span> <span class='ocrx_word' id='word_1_143' title='bbox 2798 514 3104 582; x_wconf 76' lang='lat' dir='ltr'><strong>arrogantia</strong></span> <span class='ocrx_word' id='word_1_144' title='bbox 3165 514 3566 584; x_wconf 86' lang='lat' dir='ltr'><strong>depressionem</strong></span> 
     </span>
    </p>
   </div>
   <div class='ocr_carea' id='block_1_22' title="bbox 1998 600 3567 673">
    <p class='ocr_par' dir='ltr' id='par_1_22' title="bbox 1998 600 3567 673">
     <span class='ocr_line' id='line_1_22' title="bbox 1998 600 3567 673; baseline 0.001 -16"><span class='ocrx_word' id='word_1_145' title='bbox 1998 611 2407 670; x_wconf 87' lang='lat' dir='ltr'><strong>commemoret,</strong></span> <span class='ocrx_word' id='word_1_146' title='bbox 2429 613 2483 657; x_wconf 89' lang='lat' dir='ltr'><strong>et</strong></span> <span class='ocrx_word' id='word_1_147' title='bbox 2533 602 2806 657; x_wconf 87' lang='lat' dir='ltr'><strong>Christum</strong></span> <span class='ocrx_word' id='word_1_148' title='bbox 2846 602 2984 657; x_wconf 83' lang='lat' dir='ltr'><strong>sciat</strong></span> <span class='ocrx_word' id='word_1_149' title='bbox 3027 603 3093 656; x_wconf 87' lang='lat' dir='ltr'><strong>ad</strong></span> <span class='ocrx_word' id='word_1_150' title='bbox 3140 600 3368 657; x_wconf 90' lang='lat' dir='ltr'><strong>formam</strong></span> <span class='ocrx_word' id='word_1_151' title='bbox 3397 619 3567 673; x_wconf 89' lang='lat' dir='ltr'><strong>usque</strong></span> 
     </span>
    </p>
   </div>
   <div class='ocr_carea' id='block_1_23' title="bbox 1999 694 3570 761">
    <p class='ocr_par' dir='ltr' id='par_1_23' title="bbox 1999 694 3570 761">
     <span class='ocr_line' id='line_1_23' title="bbox 1999 694 3570 761; baseline 0.003 -13"><span class='ocrx_word' id='word_1_152' title='bbox 1999 694 2247 748; x_wconf 83' lang='lat' dir='ltr'><strong>servilem</strong></span> <span class='ocrx_word' id='word_1_153' title='bbox 2276 708 2397 748; x_wconf 92' lang='lat' dir='ltr'><strong>sese</strong></span> <span class='ocrx_word' id='word_1_154' title='bbox 2432 694 2734 761; x_wconf 82' lang='lat' dir='ltr'><strong>demisisse,</strong></span> <span class='ocrx_word' id='word_1_155' title='bbox 2785 704 2841 749; x_wconf 88' lang='lat' dir='ltr'><strong>et</strong></span> <span class='ocrx_word' id='word_1_156' title='bbox 2888 711 3008 750; x_wconf 91' lang='lat' dir='ltr'><strong>cum</strong></span> <span class='ocrx_word' id='word_1_157' title='bbox 3043 696 3342 760; x_wconf 79' lang='lat' dir='ltr'><strong>publicanis</strong></span> <span class='ocrx_word' id='word_1_158' title='bbox 3387 713 3570 753; x_wconf 83' lang='lat' dir='ltr'><strong>come-</strong></span> 
     </span>
    </p>
   </div>
   <div class='ocr_carea' id='block_1_24' title="bbox 2000 786 3565 855">
    <p class='ocr_par' dir='ltr' id='par_1_24' title="bbox 2000 786 3565 855">
     <span class='ocr_line' id='line_1_24' title="bbox 2000 786 3565 855; baseline 0.003 -16"><span class='ocrx_word' id='word_1_159' title='bbox 2000 788 2161 851; x_wconf 84' lang='lat' dir='ltr'><strong>disse,</strong></span> <span class='ocrx_word' id='word_1_160' title='bbox 2184 796 2238 841; x_wconf 88' lang='lat' dir='ltr'><strong>et</strong></span> <span class='ocrx_word' id='word_1_161' title='bbox 2293 786 2677 855; x_wconf 78' lang='lat' dir='ltr'><strong>discipulorum</strong></span> <span class='ocrx_word' id='word_1_162' title='bbox 2722 787 2881 855; x_wconf 82' lang='lat' dir='ltr'><strong>pedes</strong></span> <span class='ocrx_word' id='word_1_163' title='bbox 2920 787 3175 851; x_wconf 73' lang='lat' dir='ltr'><strong>abl-tisse,</strong></span> <span class='ocrx_word' id='word_1_164' title='bbox 3211 802 3312 843; x_wconf 90' lang='lat' dir='ltr'><strong>nec</strong></span> <span class='ocrx_word' id='word_1_165' title='bbox 3350 803 3565 845; x_wconf 89' lang='lat' dir='ltr'><strong>crucem</strong></span> 
     </span>
    </p>
   </div>
   <div class='ocr_carea' id='block_1_25' title="bbox 2000 877 3565 950">
    <p class='ocr_par' dir='ltr' id='par_1_25' title="bbox 2000 877 3565 950">
     <span class='ocr_line' id='line_1_25' title="bbox 2000 877 3565 950; baseline 0.004 -20"><span class='ocrx_word' id='word_1_166' title='bbox 2000 891 2303 942; x_wconf 87' lang='lat' dir='ltr'><strong>recusasse,</strong></span> <span class='ocrx_word' id='word_1_167' title='bbox 2337 886 2397 930; x_wconf 91' lang='lat' dir='ltr'><strong>ut</strong></span> <span class='ocrx_word' id='word_1_168' title='bbox 2448 886 2729 947; x_wconf 88' lang='lat' dir='ltr'><strong>peccatum</strong></span> <span class='ocrx_word' id='word_1_169' title='bbox 2767 892 2946 932; x_wconf 91' lang='lat' dir='ltr'><strong>meum</strong></span> <span class='ocrx_word' id='word_1_170' title='bbox 2978 877 3213 948; x_wconf 81' lang='lat' dir='ltr'><strong>alligerct</strong></span> <span class='ocrx_word' id='word_1_171' title='bbox 3239 883 3565 950; x_wconf 83' lang='lat' dir='ltr'><strong>(quanquam</strong></span> 
     </span>
    </p>
   </div>
   <div class='ocr_carea' id='block_1_26' title="bbox 1999 965 3566 1040">
    <p class='ocr_par' dir='ltr' id='par_1_26' title="bbox 1999 965 3566 1040">
     <span class='ocr_line' id='line_1_26' title="bbox 1999 965 3566 1040; baseline 0.003 -22"><span class='ocrx_word' id='word_1_172' title='bbox 1999 967 2126 1035; x_wconf 89' lang='lat' dir='ltr'><strong>quid</strong></span> <span class='ocrx_word' id='word_1_173' title='bbox 2155 968 2258 1021; x_wconf 92' lang='lat' dir='ltr'><strong>hoc</strong></span> <span class='ocrx_word' id='word_1_174' title='bbox 2288 966 2607 1029; x_wconf 86' lang='lat' dir='ltr'><strong>mirabilius,</strong></span> <span class='ocrx_word' id='word_1_175' title='bbox 2634 965 2827 1030; x_wconf 89' lang='lat' dir='ltr'><strong>Deum,</strong></span> <span class='ocrx_word' id='word_1_176' title='bbox 2848 966 2938 1035; x_wconf 91' lang='lat' dir='ltr'><strong>qui</strong></span> <span class='ocrx_word' id='word_1_177' title='bbox 2957 968 3071 1035; x_wconf 83' lang='lat' dir='ltr'><strong>capi</strong></span> <span class='ocrx_word' id='word_1_178' title='bbox 3100 976 3258 1037; x_wconf 83' lang='lat' dir='ltr'><strong>atque</strong></span> <span class='ocrx_word' id='word_1_179' title='bbox 3272 970 3566 1040; x_wconf 81' lang='lat' dir='ltr'><strong>expugnari</strong></span> 
     </span>
    </p>
   </div>
   <div class='ocr_carea' id='block_1_27' title="bbox 1999 1057 3568 1127">
    <p class='ocr_par' dir='ltr' id='par_1_27' title="bbox 1999 1057 3568 1127">
     <span class='ocr_line' id='line_1_27' title="bbox 1999 1057 3568 1127; baseline 0.002 -17"><span class='ocrx_word' id='word_1_180' title='bbox 1999 1058 2215 1126; x_wconf 88' lang='lat' dir='ltr'><strong>nequit,</strong></span> <span class='ocrx_word' id='word_1_181' title='bbox 2251 1072 2316 1111; x_wconf 88' lang='lat' dir='ltr'><strong>ac</strong></span> <span class='ocrx_word' id='word_1_182' title='bbox 2352 1059 2698 1127; x_wconf 88' lang='lat' dir='ltr'><strong>perpessione</strong></span> <span class='ocrx_word' id='word_1_183' title='bbox 2726 1058 2872 1112; x_wconf 92' lang='lat' dir='ltr'><strong>omni</strong></span> <span class='ocrx_word' id='word_1_184' title='bbox 2895 1057 3171 1112; x_wconf 85' lang='lat' dir='ltr'><strong>sublimior</strong></span> <span class='ocrx_word' id='word_1_185' title='bbox 3202 1069 3306 1122; x_wconf 86' lang='lat' dir='ltr'><strong>est,</strong></span> <span class='ocrx_word' id='word_1_186' title='bbox 3334 1061 3568 1127; x_wconf 86' lang='lat' dir='ltr'><strong>penden-</strong></span> 
     </span>
    </p>
   </div>
   <div class='ocr_carea' id='block_1_28' title="bbox 2001 1149 3566 1219">
    <p class='ocr_par' dir='ltr' id='par_1_28' title="bbox 2001 1149 3566 1219">
     <span class='ocr_line' id='line_1_28' title="bbox 2001 1149 3566 1219; baseline 0.003 -18"><span class='ocrx_word' id='word_1_187' title='bbox 2001 1158 2129 1212; x_wconf 85' lang='lat' dir='ltr'><strong>tem,</strong></span> <span class='ocrx_word' id='word_1_188' title='bbox 2164 1149 2462 1218; x_wconf 89' lang='lat' dir='ltr'><strong>etquidem</strong></span> <span class='ocrx_word' id='word_1_189' title='bbox 2502 1164 2622 1204; x_wconf 91' lang='lat' dir='ltr'><strong>cum</strong></span> <span class='ocrx_word' id='word_1_190' title='bbox 2676 1149 3000 1215; x_wconf 85' lang='lat' dir='ltr'><strong>latronibus,</strong></span> <span class='ocrx_word' id='word_1_191' title='bbox 3035 1163 3099 1204; x_wconf 88' lang='lat' dir='ltr'><strong>ac</strong></span> <span class='ocrx_word' id='word_1_192' title='bbox 3128 1151 3566 1219; x_wconf 67' lang='lat' dir='ltr'><strong>praetereuntium</strong></span> 
     </span>
    </p>
   </div>
   <div class='ocr_carea' id='block_1_29' title="bbox 2000 1238 3567 1310">
    <p class='ocr_par' dir='ltr' id='par_1_29' title="bbox 2000 1238 3567 1310">
     <span class='ocr_line' id='line_1_29' title="bbox 2000 1238 3567 1310; baseline 0.001 -17"><span class='ocrx_word' id='word_1_193' title='bbox 2000 1239 2233 1294; x_wconf 87' lang='lat' dir='ltr'><strong>luhibrio</strong></span> <span class='ocrx_word' id='word_1_194' title='bbox 2280 1240 2581 1309; x_wconf 78' lang='lat' dir='ltr'><strong>expositum</strong></span> <span class='ocrx_word' id='word_1_195' title='bbox 2628 1238 2872 1309; x_wconf 91' lang='lat' dir='ltr'><strong>intueri)</strong></span> <span class='ocrx_word' id='word_1_196' title='bbox 2912 1257 2926 1305; x_wconf 90' lang='lat'><strong>;</strong></span> <span class='ocrx_word' id='word_1_197' title='bbox 2976 1240 3117 1295; x_wconf 91' lang='lat' dir='ltr'><strong>idem</strong></span> <span class='ocrx_word' id='word_1_198' title='bbox 3172 1250 3348 1296; x_wconf 87' lang='lat' dir='ltr'><strong>tamen</strong></span> <span class='ocrx_word' id='word_1_199' title='bbox 3407 1256 3567 1310; x_wconf 87' lang='lat' dir='ltr'><strong>supra</strong></span> 
     </span>
    </p>
   </div>
   <div class='ocr_carea' id='block_1_30' title="bbox 1999 1316 3568 1401">
    <p class='ocr_par' dir='ltr' id='par_1_30' title="bbox 1999 1316 3568 1401">
     <span class='ocr_line' id='line_1_30' title="bbox 1999 1316 3568 1401; baseline -0.001 -15"><span class='ocrx_word' id='word_1_200' title='bbox 1999 1332 2168 1386; x_wconf 90' lang='lat' dir='ltr'><strong>nubes</strong></span> <span class='ocrx_word' id='word_1_201' title='bbox 2193 1345 2311 1385; x_wconf 91' lang='lat' dir='ltr'><strong>sese</strong></span> <span class='ocrx_word' id='word_1_202' title='bbox 2331 1331 2537 1393; x_wconf 81' lang='lat' dir='ltr'><strong>en‘erat.</strong></span> <span class='ocrx_word' id='word_1_203' title='bbox 2568 1316 2727 1399; x_wconf 78' lang='lat' dir='ltr'><strong>atqite</strong></span> <span class='ocrx_word' id='word_1_204' title='bbox 2768 1333 3016 1387; x_wconf 83' lang='lat' dir='ltr'><strong>omnibus</strong></span> <span class='ocrx_word' id='word_1_205' title='bbox 3038 1341 3346 1400; x_wconf 87' lang='lat' dir='ltr'><strong>anteponat,</strong></span> <span class='ocrx_word' id='word_1_206' title='bbox 3376 1347 3568 1401; x_wconf 59' lang='lat' dir='ltr'><strong>quem.</strong></span> 
     </span>
    </p>
   </div>
   <div class='ocr_carea' id='block_1_31' title="bbox 2002 1423 3569 1494">
    <p class='ocr_par' dir='ltr' id='par_1_31' title="bbox 2002 1423 3569 1494">
     <span class='ocr_line' id='line_1_31' title="bbox 2002 1423 3569 1494; baseline 0.001 -17"><span class='ocrx_word' id='word_1_207' title='bbox 2002 1424 2285 1478; x_wconf 84' lang='lat' dir='ltr'><strong>admodum</strong></span> <span class='ocrx_word' id='word_1_208' title='bbox 2341 1424 2409 1477; x_wconf 91' lang='lat' dir='ltr'><strong>iis</strong></span> <span class='ocrx_word' id='word_1_209' title='bbox 2462 1423 2693 1488; x_wconf 88' lang='lat' dir='ltr'><strong>videtur,</strong></span> <span class='ocrx_word' id='word_1_210' title='bbox 2728 1425 2819 1493; x_wconf 85' lang='lat' dir='ltr'><strong>qui</strong></span> <span class='ocrx_word' id='word_1_211' title='bbox 2852 1424 3019 1494; x_wconf 86' lang='lat' dir='ltr'><strong>ipsius</strong></span> <span class='ocrx_word' id='word_1_212' title='bbox 3049 1426 3232 1479; x_wconf 83' lang='lat' dir='ltr'><strong>virtuti</strong></span> <span class='ocrx_word' id='word_1_213' title='bbox 3294 1425 3569 1479; x_wconf 81' lang='lat' dir='ltr'><strong>invident?</strong></span> 
     </span>
    </p>
   </div>
   <div class='ocr_carea' id='block_1_32' title="bbox 2007 1513 3569 1584">
    <p class='ocr_par' dir='ltr' id='par_1_32' title="bbox 2007 1513 3569 1584">
     <span class='ocr_line' id='line_1_32' title="bbox 2007 1513 3569 1584; baseline 0.003 -16"><span class='ocrx_word' id='word_1_214' title='bbox 2007 1513 2202 1569; x_wconf 79' lang='lat' dir='ltr'><strong>Verum</strong></span> <span class='ocrx_word' id='word_1_215' title='bbox 2236 1514 2311 1569; x_wconf 88' lang='lat' dir='ltr'><strong>illi</strong></span> <span class='ocrx_word' id='word_1_216' title='bbox 2342 1514 2513 1569; x_wconf 86' lang='lat' dir='ltr'><strong>fastus</strong></span> <span class='ocrx_word' id='word_1_217' title='bbox 2537 1530 2754 1577; x_wconf 91' lang='lat' dir='ltr'><strong>nomen,</strong></span> <span class='ocrx_word' id='word_1_218' title='bbox 2778 1524 2836 1569; x_wconf 88' lang='lat' dir='ltr'><strong>ut</strong></span> <span class='ocrx_word' id='word_1_219' title='bbox 2854 1516 3065 1584; x_wconf 90' lang='lat' dir='ltr'><strong>opinor,</strong></span> <span class='ocrx_word' id='word_1_220' title='bbox 3092 1533 3299 1572; x_wconf 91' lang='lat' dir='ltr'><strong>morum</strong></span> <span class='ocrx_word' id='word_1_221' title='bbox 3328 1517 3569 1573; x_wconf 82' lang='lat' dir='ltr'><strong>firmitati</strong></span> 
     </span>
    </p>
   </div>
   <div class='ocr_carea' id='block_1_33' title="bbox 2002 1604 3569 1673">
    <p class='ocr_par' dir='ltr' id='par_1_33' title="bbox 2002 1604 3569 1673">
     <span class='ocr_line' id='line_1_33' title="bbox 2002 1604 3569 1673; baseline 0.004 -13"><span class='ocrx_word' id='word_1_222' title='bbox 2002 1615 2055 1660; x_wconf 88' lang='lat' dir='ltr'><strong>et</strong></span> <span class='ocrx_word' id='word_1_223' title='bbox 2089 1604 2824 1673; x_wconf 83' lang='lat' dir='ltr'><strong>innocentiaeimposuerunt.</strong></span> <span class='ocrx_word' id='word_1_224' title='bbox 2855 1608 2923 1662; x_wconf 83' lang='lat' dir='ltr'><strong>At</strong></span> <span class='ocrx_word' id='word_1_225' title='bbox 2951 1607 3112 1662; x_wconf 89' lang='lat' dir='ltr'><strong>iidem</strong></span> <span class='ocrx_word' id='word_1_226' title='bbox 3136 1609 3378 1665; x_wconf 85' lang='lat' dir='ltr'><strong>homines</strong></span> <span class='ocrx_word' id='word_1_227' title='bbox 3414 1611 3569 1667; x_wconf 83' lang='lat' dir='ltr'><strong>facile</strong></span> 
     </span>
    </p>
   </div>
   <div class='ocr_carea' id='block_1_34' title="bbox 322 1694 1921 1774">
    <p class='ocr_par' dir='ltr' id='par_1_34' title="bbox 322 1701 1899 1774">
     <span class='ocr_line' id='line_1_34' title="bbox 322 1701 1899 1774; baseline -0.001 -17"><span class='ocrx_word' id='word_1_228' title='bbox 322 1704 522 1774; x_wconf 84' lang='grc' dir='ltr'>μένον,</span> <span class='ocrx_word' id='word_1_229' title='bbox 577 1703 672 1755; x_wconf 72' lang='grc' dir='ltr'><strong>καὶ</strong></span> <span class='ocrx_word' id='word_1_230' title='bbox 723 1703 811 1754; x_wconf 85' lang='grc' dir='ltr'><strong>τὸν</strong></span> <span class='ocrx_word' id='word_1_231' title='bbox 864 1701 1115 1772; x_wconf 80' lang='grc' dir='ltr'>σώφρονα</span> <span class='ocrx_word' id='word_1_232' title='bbox 1179 1702 1601 1773; x_wconf 82' lang='grc' dir='ltr'>μισάνθρωπον,</span> <span class='ocrx_word' id='word_1_233' title='bbox 1650 1704 1742 1756; x_wconf 81' lang='grc' dir='ltr'>καὶ</span> <span class='ocrx_word' id='word_1_234' title='bbox 1810 1703 1899 1757; x_wconf 83' lang='grc' dir='ltr'><strong>τὸν</strong></span> 
     </span>
    </p>
   </div>
   <div class='ocr_carea' id='block_1_35' title="bbox 2006 1694 3570 1774">
    <p class='ocr_par' dir='ltr' id='par_1_35' title="bbox 2006 1694 3570 1767">
     <span class='ocr_line' id='line_1_35' title="bbox 2006 1694 3570 1767; baseline 0.004 -19"><span class='ocrx_word' id='word_1_235' title='bbox 2006 1709 2213 1765; x_wconf 88' lang='lat' dir='ltr'><strong>quoque</strong></span> <span class='ocrx_word' id='word_1_236' title='bbox 2245 1695 2374 1749; x_wconf 88' lang='lat' dir='ltr'><strong>mihi</strong></span> <span class='ocrx_word' id='word_1_237' title='bbox 2397 1694 2590 1749; x_wconf 80' lang='lat' dir='ltr'><strong>facturi</strong></span> <span class='ocrx_word' id='word_1_238' title='bbox 2623 1696 2890 1762; x_wconf 89' lang='lat' dir='ltr'><strong>videntur,</strong></span> <span class='ocrx_word' id='word_1_239' title='bbox 2933 1706 2992 1752; x_wconf 92' lang='lat' dir='ltr'><strong>ut</strong></span> <span class='ocrx_word' id='word_1_240' title='bbox 3015 1709 3068 1752; x_wconf 87' lang='lat' dir='ltr'><strong>et</strong></span> <span class='ocrx_word' id='word_1_241' title='bbox 3090 1699 3305 1767; x_wconf 83' lang='lat' dir='ltr'><strong>fortem,</strong></span> <span class='ocrx_word' id='word_1_242' title='bbox 3336 1712 3570 1757; x_wconf 84' lang='lat' dir='ltr'><strong>temera-</strong></span> 
     </span>
    </p>
   </div>
   <div class='ocr_carea' id='block_1_36' title="bbox 319 1790 1897 1863">
    <p class='ocr_par' dir='ltr' id='par_1_36' title="bbox 319 1790 1897 1863">
     <span class='ocr_line' id='line_1_36' title="bbox 319 1790 1897 1863; baseline -0.003 -15"><span class='ocrx_word' id='word_1_243' title='bbox 319 1796 531 1849; x_wconf 88' lang='grc' dir='ltr'>δίκαιον</span> <span class='ocrx_word' id='word_1_244' title='bbox 557 1790 932 1862; x_wconf 83' lang='grc' dir='ltr'>ἀκοινώνητον.</span> <span class='ocrx_word' id='word_1_245' title='bbox 959 1793 1068 1845; x_wconf 71' lang='grc' dir='ltr'>Καὶ</span> <span class='ocrx_word' id='word_1_246' title='bbox 1094 1792 1201 1863; x_wconf 77' lang='grc' dir='ltr'>γὰρ</span> <span class='ocrx_word' id='word_1_247' title='bbox 1230 1794 1289 1845; x_wconf 79' lang='grc' dir='ltr'><strong>οὐ</strong></span> <span class='ocrx_word' id='word_1_248' title='bbox 1322 1791 1540 1860; x_wconf 81' lang='grc' dir='ltr'>φαύλως</span> <span class='ocrx_word' id='word_1_249' title='bbox 1567 1791 1727 1844; x_wconf 83' lang='grc' dir='ltr'>τοῦτό</span> <span class='ocrx_word' id='word_1_250' title='bbox 1753 1808 1897 1854; x_wconf 88' lang='grc' dir='ltr'>τινες</span> 
     </span>
    </p>
   </div>
   <div class='ocr_carea' id='block_1_37' title="bbox 320 1882 1900 1956">
    <p class='ocr_par' dir='ltr' id='par_1_37' title="bbox 320 1882 1900 1956">
     <span class='ocr_line' id='line_1_37' title="bbox 320 1882 1900 1956; baseline -0.005 -15"><span class='ocrx_word' id='word_1_251' title='bbox 320 1886 857 1956; x_wconf 73' lang='grc' dir='ltr'>πεφιλοσοφήκασινο</span> <span class='ocrx_word' id='word_1_252' title='bbox 920 1885 1043 1937; x_wconf 87' lang='grc' dir='ltr'><strong>Ὅτι</strong></span> <span class='ocrx_word' id='word_1_253' title='bbox 1099 1883 1565 1952; x_wconf 79' lang='grc' dir='ltr'>παραπεπήγασι</span> <span class='ocrx_word' id='word_1_254' title='bbox 1607 1884 1717 1954; x_wconf 81' lang='grc'>(27)</span> <span class='ocrx_word' id='word_1_255' title='bbox 1772 1882 1900 1948; x_wconf 80' lang='grc' dir='ltr'>ταῖς</span> 
     </span>
    </p>
   </div>
   <div class='ocr_carea' id='block_1_38' title="bbox 321 1972 1901 2046">
    <p class='ocr_par' dir='ltr' id='par_1_38' title="bbox 321 1972 1901 2046">
     <span class='ocr_line' id='line_1_38' title="bbox 321 1972 1901 2046; baseline -0.004 -14"><span class='ocrx_word' id='word_1_256' title='bbox 321 1977 566 2046; x_wconf 79' lang='grc' dir='ltr'>ἀρεταῖς</span> <span class='ocrx_word' id='word_1_257' title='bbox 618 1981 675 2030; x_wconf 80' lang='grc' dir='ltr'>αὶ</span> <span class='ocrx_word' id='word_1_258' title='bbox 705 1976 934 2041; x_wconf 79' lang='grc' dir='ltr'>κακίαι,</span> <span class='ocrx_word' id='word_1_259' title='bbox 986 1975 1083 2027; x_wconf 81' lang='grc' dir='ltr'>καὶ</span> <span class='ocrx_word' id='word_1_260' title='bbox 1110 1975 1231 2028; x_wconf 80' lang='grc' dir='ltr'>είσί</span> <span class='ocrx_word' id='word_1_261' title='bbox 1261 1990 1380 2040; x_wconf 78' lang='grc' dir='ltr'><strong>πως</strong></span> <span class='ocrx_word' id='word_1_262' title='bbox 1411 1976 1717 2044; x_wconf 77' lang='grc' dir='ltr'>ἅγχίθυροι</span> <span class='ocrx_word' id='word_1_263' title='bbox 1743 1990 1757 2004; x_wconf 76' lang='grc' dir='ltr'><strong>ο</strong></span> <span class='ocrx_word' id='word_1_264' title='bbox 1807 1972 1901 2026; x_wconf 71' lang='grc' dir='ltr'>καὶ</span> 
     </span>
    </p>
   </div>
   <div class='ocr_carea' id='block_1_39' title="bbox 324 2064 1895 2140">
    <p class='ocr_par' dir='ltr' id='par_1_39' title="bbox 324 2064 1895 2140">
     <span class='ocr_line' id='line_1_39' title="bbox 324 2064 1895 2140; baseline -0.003 -18"><span class='ocrx_word' id='word_1_265' title='bbox 324 2071 544 2140; x_wconf 76' lang='grc' dir='ltr'>ῥᾷστον.</span> <span class='ocrx_word' id='word_1_266' title='bbox 584 2068 710 2121; x_wconf 77' lang='grc' dir='ltr'>ἄλλο</span> <span class='ocrx_word' id='word_1_267' title='bbox 743 2085 793 2121; x_wconf 87' lang='grc' dir='ltr'><strong>τι</strong></span> <span class='ocrx_word' id='word_1_268' title='bbox 824 2067 951 2119; x_wconf 73' lang='grc' dir='ltr'>ὄντα</span> <span class='ocrx_word' id='word_1_269' title='bbox 983 2066 1169 2135; x_wconf 73' lang='grc' dir='ltr'>ἕτερον</span> <span class='ocrx_word' id='word_1_270' title='bbox 1204 2066 1524 2135; x_wconf 75' lang='grc' dir='ltr'>νομισθῆναι</span> <span class='ocrx_word' id='word_1_271' title='bbox 1560 2068 1670 2129; x_wconf 88' lang='grc' dir='ltr'>τοῖς</span> <span class='ocrx_word' id='word_1_272' title='bbox 1718 2064 1794 2135; x_wconf 87' lang='grc' dir='ltr'>μὴ</span> <span class='ocrx_word' id='word_1_273' title='bbox 1827 2066 1895 2118; x_wconf 76' lang='grc' dir='ltr'>τὰ</span> 
     </span>
    </p>
   </div>
   <div class='ocr_carea' id='block_1_40' title="bbox 323 2156 1899 2229">
    <p class='ocr_par' dir='ltr' id='par_1_40' title="bbox 323 2156 1899 2229">
     <span class='ocr_line' id='line_1_40' title="bbox 323 2156 1899 2229; baseline -0.004 -16"><span class='ocrx_word' id='word_1_274' title='bbox 323 2160 552 2213; x_wconf 79' lang='grc' dir='ltr'>τοιαῦτα</span> <span class='ocrx_word' id='word_1_275' title='bbox 594 2159 1062 2229; x_wconf 77' lang='grc' dir='ltr'>πεπαιδευμένοις.</span> <span class='ocrx_word' id='word_1_276' title='bbox 1110 2158 1205 2220; x_wconf 87' lang='grc' dir='ltr'><strong>Τίς</strong></span> <span class='ocrx_word' id='word_1_277' title='bbox 1234 2156 1343 2227; x_wconf 79' lang='grc' dir='ltr'><strong>γὰρ</strong></span> <span class='ocrx_word' id='word_1_278' title='bbox 1374 2158 1583 2210; x_wconf 80' lang='grc' dir='ltr'>ἐκείνου</span> <span class='ocrx_word' id='word_1_279' title='bbox 1634 2157 1832 2227; x_wconf 77' lang='grc' dir='ltr'>μᾶλλον</span> <span class='ocrx_word' id='word_1_280' title='bbox 1865 2158 1899 2226; x_wconf 81' lang='grc' dir='ltr'>ἢ</span> 
     </span>
    </p>
   </div>
   <div class='ocr_carea' id='block_1_41' title="bbox 325 2250 1902 2325">
    <p class='ocr_par' dir='ltr' id='par_1_41' title="bbox 325 2250 1902 2325">
     <span class='ocr_line' id='line_1_41' title="bbox 325 2250 1902 2325; baseline -0.004 -19"><span class='ocrx_word' id='word_1_281' title='bbox 325 2252 531 2325; x_wconf 79' lang='grc' dir='ltr'>ἀρετὴν</span> <span class='ocrx_word' id='word_1_282' title='bbox 580 2251 873 2323; x_wconf 81' lang='grc' dir='ltr'>ἐτίμησεν,</span> <span class='ocrx_word' id='word_1_283' title='bbox 921 2250 953 2322; x_wconf 77' lang='grc' dir='ltr'>ἢ</span> <span class='ocrx_word' id='word_1_284' title='bbox 1004 2250 1202 2304; x_wconf 87' lang='grc' dir='ltr'>κακίαν</span> <span class='ocrx_word' id='word_1_285' title='bbox 1250 2250 1541 2312; x_wconf 80' lang='grc' dir='ltr'>ἐκόλασεν,</span> <span class='ocrx_word' id='word_1_286' title='bbox 1589 2250 1621 2319; x_wconf 84' lang='grc' dir='ltr'>ἣ</span> <span class='ocrx_word' id='word_1_287' title='bbox 1671 2265 1902 2319; x_wconf 82' lang='grc' dir='ltr'>χρηστος</span> 
     </span>
    </p>
   </div>
   <div class='ocr_carea' id='block_1_42' title="bbox 328 2342 1902 2418">
    <p class='ocr_par' dir='ltr' id='par_1_42' title="bbox 328 2342 1902 2418">
     <span class='ocr_line' id='line_1_42' title="bbox 328 2342 1902 2418; baseline -0.004 -17"><span class='ocrx_word' id='word_1_288' title='bbox 328 2349 486 2418; x_wconf 75' lang='grc' dir='ltr'>ὤφθη</span> <span class='ocrx_word' id='word_1_289' title='bbox 516 2351 629 2410; x_wconf 81' lang='grc' dir='ltr'>τοῖς</span> <span class='ocrx_word' id='word_1_290' title='bbox 662 2346 1036 2418; x_wconf 76' lang='grc' dir='ltr'>κατορθοῦσιν,</span> <span class='ocrx_word' id='word_1_291' title='bbox 1070 2347 1101 2417; x_wconf 82' lang='grc' dir='ltr'>ἢ</span> <span class='ocrx_word' id='word_1_292' title='bbox 1136 2347 1248 2405; x_wconf 80' lang='grc' dir='ltr'>τοῖς</span> <span class='ocrx_word' id='word_1_293' title='bbox 1276 2345 1681 2414; x_wconf 73' lang='grc' dir='ltr'>ἁμαρτάνουσιν</span> <span class='ocrx_word' id='word_1_294' title='bbox 1712 2342 1902 2413; x_wconf 75' lang='grc' dir='ltr'>ἐμϐρι-</span> 
     </span>
    </p>
   </div>
   <div class='ocr_carea' id='block_1_43' title="bbox 333 2428 1903 2509">
    <p class='ocr_par' dir='ltr' id='par_1_43' title="bbox 333 2428 1903 2509">
     <span class='ocr_line' id='line_1_43' title="bbox 333 2428 1903 2509; baseline -0.005 -18"><span class='ocrx_word' id='word_1_295' title='bbox 333 2438 432 2509; x_wconf 79' lang='grc' dir='ltr'>θής</span> <span class='ocrx_word' id='word_1_296' title='bbox 458 2455 473 2470; x_wconf 71' lang='grc'><strong><em>⁸</em></strong></span> <span class='ocrx_word' id='word_1_297' title='bbox 506 2434 568 2491; x_wconf 78' lang='grc' dir='ltr'><strong>οῦ</strong></span> <span class='ocrx_word' id='word_1_298' title='bbox 614 2438 711 2490; x_wconf 74' lang='grc' dir='ltr'><strong>καὶ</strong></span> <span class='ocrx_word' id='word_1_299' title='bbox 740 2436 800 2489; x_wconf 77' lang='grc' dir='ltr'><strong>τὸ</strong></span> <span class='ocrx_word' id='word_1_300' title='bbox 847 2436 1107 2507; x_wconf 81' lang='grc' dir='ltr'>μειδίαμα</span> <span class='ocrx_word' id='word_1_301' title='bbox 1141 2434 1397 2497; x_wconf 80' lang='grc' dir='ltr'>πολλάκις</span> <span class='ocrx_word' id='word_1_302' title='bbox 1435 2434 1653 2495; x_wconf 80' lang='grc' dir='ltr'>ἔπαινος</span> <span class='ocrx_word' id='word_1_303' title='bbox 1685 2428 1774 2502; x_wconf 71' lang='grc' dir='ltr'><strong>ἦν,</strong></span> <span class='ocrx_word' id='word_1_304' title='bbox 1810 2431 1903 2484; x_wconf 77' lang='grc' dir='ltr'>κα).</span> 
     </span>
    </p>
   </div>
   <div class='ocr_carea' id='block_1_44' title="bbox 330 2522 1905 2601">
    <p class='ocr_par' dir='ltr' id='par_1_44' title="bbox 330 2522 1905 2601">
     <span class='ocr_line' id='line_1_44' title="bbox 330 2522 1905 2601; baseline -0.005 -18"><span class='ocrx_word' id='word_1_305' title='bbox 330 2531 391 2583; x_wconf 75' lang='grc' dir='ltr'>τὸ</span> <span class='ocrx_word' id='word_1_306' title='bbox 442 2532 657 2601; x_wconf 83' lang='grc' dir='ltr'>σιωπᾷν</span> <span class='ocrx_word' id='word_1_307' title='bbox 703 2528 1042 2599; x_wconf 77' lang='grc' dir='ltr'>ἐπιτίμησις,</span> <span class='ocrx_word' id='word_1_308' title='bbox 1097 2528 1282 2597; x_wconf 84' lang='grc' dir='ltr'>οἰκείῳ</span> <span class='ocrx_word' id='word_1_309' title='bbox 1328 2524 1587 2579; x_wconf 78' lang='grc' dir='ltr'>συνειδότι</span> <span class='ocrx_word' id='word_1_310' title='bbox 1632 2524 1691 2577; x_wconf 83' lang='grc' dir='ltr'>τὸ</span> <span class='ocrx_word' id='word_1_311' title='bbox 1739 2522 1905 2576; x_wconf 83' lang='grc' dir='ltr'>κακὸν</span> 
     </span>
    </p>
   </div>
   <div class='ocr_carea' id='block_1_45' title="bbox 336 2609 1905 2691">
    <p class='ocr_par' dir='ltr' id='par_1_45' title="bbox 336 2609 1905 2691">
     <span class='ocr_line' id='line_1_45' title="bbox 336 2609 1905 2691; baseline -0.006 -17"><span class='ocrx_word' id='word_1_312' title='bbox 336 2620 741 2691; x_wconf 80' lang='grc' dir='ltr'>βασανίζουσα;</span> <span class='ocrx_word' id='word_1_313' title='bbox 776 2620 839 2670; x_wconf 80' lang='grc' dir='ltr'><strong>Εἰ</strong></span> <span class='ocrx_word' id='word_1_314' title='bbox 866 2618 921 2669; x_wconf 79' lang='grc' dir='ltr'><strong>δὲ</strong></span> <span class='ocrx_word' id='word_1_315' title='bbox 958 2618 1032 2688; x_wconf 80' lang='grc' dir='ltr'>μὴ</span> <span class='ocrx_word' id='word_1_316' title='bbox 1079 2616 1357 2686; x_wconf 82' lang='grc' dir='ltr'>στωμύλος</span> <span class='ocrx_word' id='word_1_317' title='bbox 1388 2632 1468 2677; x_wconf 83' lang='grc' dir='ltr'><strong>τις</strong></span> <span class='ocrx_word' id='word_1_318' title='bbox 1497 2614 1605 2682; x_wconf 88' lang='grc'>(28)</span> <span class='ocrx_word' id='word_1_319' title='bbox 1636 2609 1725 2685; x_wconf 79' lang='grc' dir='ltr'>ἦν,</span> <span class='ocrx_word' id='word_1_320' title='bbox 1770 2613 1905 2683; x_wconf 71' lang='grc' dir='ltr'>μηδὲ</span> 
     </span>
    </p>
   </div>
   <div class='ocr_carea' id='block_1_46' title="bbox 335 2701 1908 2780">
    <p class='ocr_par' dir='ltr' id='par_1_46' title="bbox 335 2701 1908 2780">
     <span class='ocr_line' id='line_1_46' title="bbox 335 2701 1908 2780; baseline -0.007 -16"><span class='ocrx_word' id='word_1_321' title='bbox 335 2711 699 2780; x_wconf 79' lang='grc' dir='ltr'>γελοιαστὴς,</span> <span class='ocrx_word' id='word_1_322' title='bbox 728 2710 824 2761; x_wconf 76' lang='grc' dir='ltr'><strong>καὶ</strong></span> <span class='ocrx_word' id='word_1_323' title='bbox 851 2708 1140 2777; x_wconf 81' lang='grc' dir='ltr'>ἀγοραῖος,</span> <span class='ocrx_word' id='word_1_324' title='bbox 1180 2706 1312 2776; x_wconf 81' lang='grc' dir='ltr'>μηδὲ</span> <span class='ocrx_word' id='word_1_325' title='bbox 1370 2707 1485 2767; x_wconf 86' lang='grc' dir='ltr'>τοῖς</span> <span class='ocrx_word' id='word_1_326' title='bbox 1529 2703 1741 2767; x_wconf 79' lang='grc' dir='ltr'>πολλοῖς</span> <span class='ocrx_word' id='word_1_327' title='bbox 1782 2701 1908 2771; x_wconf 76' lang='grc' dir='ltr'>ἀρέ-</span> 
     </span>
    </p>
   </div>
   <div class='ocr_carea' id='block_1_47' title="bbox 336 2788 1904 2862">
    <p class='ocr_par' dir='ltr' id='par_1_47' title="bbox 336 2788 1904 2862">
     <span class='ocr_line' id='line_1_47' title="bbox 336 2788 1904 2862; baseline -0.01 -8"><span class='ocrx_word' id='word_1_328' title='bbox 336 2818 503 2862; x_wconf 86' lang='grc' dir='ltr'>σκων,</span> <span class='ocrx_word' id='word_1_329' title='bbox 540 2801 605 2851; x_wconf 87' lang='grc' dir='ltr'><strong>ὲκ</strong></span> <span class='ocrx_word' id='word_1_330' title='bbox 630 2798 722 2851; x_wconf 88' lang='grc' dir='ltr'><strong>τοῦ</strong></span> <span class='ocrx_word' id='word_1_331' title='bbox 762 2798 894 2849; x_wconf 77' lang='grc' dir='ltr'>πᾶσι</span> <span class='ocrx_word' id='word_1_332' title='bbox 929 2796 1105 2848; x_wconf 79' lang='grc' dir='ltr'>πάντα</span> <span class='ocrx_word' id='word_1_333' title='bbox 1147 2792 1410 2862; x_wconf 85' lang='grc' dir='ltr'>γίνεσθαι,</span> <span class='ocrx_word' id='word_1_334' title='bbox 1440 2792 1534 2844; x_wconf 71' lang='grc' dir='ltr'><strong>καὶ</strong></span> <span class='ocrx_word' id='word_1_335' title='bbox 1568 2788 1904 2860; x_wconf 78' lang='grc' dir='ltr'>χαρίζεσθαι,</span> 
     </span>
    </p>
   </div>
   <div class='ocr_carea' id='block_1_48' title="bbox 335 2880 1907 2954">
    <p class='ocr_par' dir='ltr' id='par_1_48' title="bbox 335 2880 1907 2954">
     <span class='ocr_line' id='line_1_48' title="bbox 335 2880 1907 2954; baseline -0.01 -9"><span class='ocrx_word' id='word_1_336' title='bbox 335 2893 386 2945; x_wconf 88' lang='grc' dir='ltr'><strong>τί</strong></span> <span class='ocrx_word' id='word_1_337' title='bbox 418 2890 614 2953; x_wconf 79' lang='grc' dir='ltr'>τοῦτος</span> <span class='ocrx_word' id='word_1_338' title='bbox 652 2889 764 2941; x_wconf 76' lang='grc' dir='ltr'>Οὐκ</span> <span class='ocrx_word' id='word_1_339' title='bbox 800 2885 1110 2947; x_wconf 80' lang='grc' dir='ltr'>ὲπαινετέος</span> <span class='ocrx_word' id='word_1_340' title='bbox 1149 2883 1346 2954; x_wconf 75' lang='grc' dir='ltr'>μᾶλλον</span> <span class='ocrx_word' id='word_1_341' title='bbox 1381 2883 1412 2951; x_wconf 86' lang='grc' dir='ltr'><strong>ἥ</strong></span> <span class='ocrx_word' id='word_1_342' title='bbox 1452 2880 1759 2952; x_wconf 81' lang='grc' dir='ltr'>μεμπτὲος,</span> <span class='ocrx_word' id='word_1_343' title='bbox 1796 2880 1907 2941; x_wconf 88' lang='grc' dir='ltr'>τοῖς</span> 
     </span>
    </p>
   </div>
   <div class='ocr_carea' id='block_1_49' title="bbox 337 2969 1904 3051">
    <p class='ocr_par' dir='ltr' id='par_1_49' title="bbox 337 2969 1904 3051">
     <span class='ocr_line' id='line_1_49' title="bbox 337 2969 1904 3051; baseline -0.01 -15"><span class='ocrx_word' id='word_1_344' title='bbox 337 3000 403 3051; x_wconf 85' lang='grc' dir='ltr'><strong>γε</strong></span> <span class='ocrx_word' id='word_1_345' title='bbox 434 2981 563 3035; x_wconf 90' lang='grc' dir='ltr'>νοῦν</span> <span class='ocrx_word' id='word_1_346' title='bbox 600 2981 846 3049; x_wconf 79' lang='grc' dir='ltr'>ἔχουσιν;</span> <span class='ocrx_word' id='word_1_347' title='bbox 879 2976 941 3029; x_wconf 80' lang='lat' dir='ltr'><strong>El</strong></span> <span class='ocrx_word' id='word_1_348' title='bbox 985 2977 1057 3048; x_wconf 82' lang='grc' dir='ltr'><strong>μὴ</strong></span> <span class='ocrx_word' id='word_1_349' title='bbox 1091 2977 1184 3029; x_wconf 71' lang='grc' dir='ltr'><strong>καὶ</strong></span> <span class='ocrx_word' id='word_1_350' title='bbox 1213 2975 1302 3028; x_wconf 74' lang='grc' dir='ltr'><strong>τὸν</strong></span> <span class='ocrx_word' id='word_1_351' title='bbox 1333 2974 1523 3026; x_wconf 79' lang='grc' dir='ltr'>λέοντα</span> <span class='ocrx_word' id='word_1_352' title='bbox 1554 2969 1775 3041; x_wconf 81' lang='grc' dir='ltr'>αἰτιῷτό</span> <span class='ocrx_word' id='word_1_353' title='bbox 1803 2986 1904 3032; x_wconf 85' lang='grc' dir='ltr'>τις,</span> 
     </span>
    </p>
   </div>
   <div class='ocr_carea' id='block_1_50' title="bbox 332 3059 1906 3143">
    <p class='ocr_par' dir='ltr' id='par_1_50' title="bbox 332 3059 1906 3143">
     <span class='ocr_line' id='line_1_50' title="bbox 332 3059 1906 3143; baseline -0.011 -15"><span class='ocrx_word' id='word_1_354' title='bbox 332 3075 416 3129; x_wconf 79' lang='grc' dir='ltr'>ὅτι</span> <span class='ocrx_word' id='word_1_355' title='bbox 454 3073 530 3143; x_wconf 79' lang='grc' dir='ltr'><strong>μὴ</strong></span> <span class='ocrx_word' id='word_1_356' title='bbox 564 3072 846 3143; x_wconf 84' lang='grc' dir='ltr'>πιθήκειον</span> <span class='ocrx_word' id='word_1_357' title='bbox 876 3068 1085 3139; x_wconf 78' lang='grc' dir='ltr'>βλέπει,</span> <span class='ocrx_word' id='word_1_358' title='bbox 1116 3066 1251 3120; x_wconf 84' lang='grc' dir='ltr'><strong>ἀλλὰ</strong></span> <span class='ocrx_word' id='word_1_359' title='bbox 1280 3066 1539 3136; x_wconf 78' lang='grc' dir='ltr'>βλοσυρὸν</span> <span class='ocrx_word' id='word_1_360' title='bbox 1573 3062 1663 3117; x_wconf 74' lang='grc' dir='ltr'>κα).</span> <span class='ocrx_word' id='word_1_361' title='bbox 1697 3059 1906 3131; x_wconf 87' lang='grc' dir='ltr'>βασιλι-</span> 
     </span>
    </p>
   </div>
   <div class='ocr_carea' id='block_1_51' title="bbox 334 3153 1910 3232">
    <p class='ocr_par' dir='ltr' id='par_1_51' title="bbox 334 3153 1910 3232">
     <span class='ocr_line' id='line_1_51' title="bbox 334 3153 1910 3232; baseline -0.008 -13"><span class='ocrx_word' id='word_1_362' title='bbox 334 3165 432 3219; x_wconf 77' lang='grc' dir='ltr'><strong>κὸν</strong></span> <span class='ocrx_word' id='word_1_363' title='bbox 452 3205 467 3230; x_wconf 95' lang='grc'><strong>,</strong></span> <span class='ocrx_word' id='word_1_364' title='bbox 500 3156 560 3217; x_wconf 80' lang='grc' dir='ltr'><strong>οῦ</strong></span> <span class='ocrx_word' id='word_1_365' title='bbox 594 3165 689 3216; x_wconf 75' lang='grc' dir='ltr'><strong>καὶ</strong></span> <span class='ocrx_word' id='word_1_366' title='bbox 721 3162 789 3215; x_wconf 85' lang='grc' dir='ltr'>τὰ</span> <span class='ocrx_word' id='word_1_367' title='bbox 820 3161 1168 3232; x_wconf 87' lang='grc' dir='ltr'>σκιρτήματα</span> <span class='ocrx_word' id='word_1_368' title='bbox 1196 3161 1437 3227; x_wconf 88' lang='grc' dir='ltr'>γενναῖα,</span> <span class='ocrx_word' id='word_1_369' title='bbox 1474 3157 1568 3210; x_wconf 81' lang='grc' dir='ltr'><strong>καὶ</strong></span> <span class='ocrx_word' id='word_1_370' title='bbox 1607 3155 1745 3226; x_wconf 87' lang='grc' dir='ltr'><strong>μετά</strong></span> <span class='ocrx_word' id='word_1_371' title='bbox 1788 3153 1910 3208; x_wconf 78' lang='grc' dir='ltr'>θαύ-</span> 
     </span>
    </p>
   </div>
   <div class='ocr_carea' id='block_1_52' title="bbox 339 3247 1910 3328">
    <p class='ocr_par' dir='ltr' id='par_1_52' title="bbox 339 3247 1910 3328">
     <span class='ocr_line' id='line_1_52' title="bbox 339 3247 1910 3328; baseline -0.009 -19"><span class='ocrx_word' id='word_1_372' title='bbox 339 3274 513 3328; x_wconf 88' lang='grc' dir='ltr'>ματος</span> <span class='ocrx_word' id='word_1_373' title='bbox 558 3253 933 3323; x_wconf 83' lang='grc' dir='ltr'>ἀγαπώμενα·</span> <span class='ocrx_word' id='word_1_374' title='bbox 982 3252 1076 3304; x_wconf 72' lang='grc' dir='ltr'><strong>καὶ</strong></span> <span class='ocrx_word' id='word_1_375' title='bbox 1118 3250 1245 3312; x_wconf 76' lang='grc' dir='ltr'>τοὺς</span> <span class='ocrx_word' id='word_1_376' title='bbox 1295 3250 1387 3301; x_wconf 75' lang='grc' dir='ltr'><strong>ἐπὶ</strong></span> <span class='ocrx_word' id='word_1_377' title='bbox 1416 3248 1515 3316; x_wconf 80' lang='grc' dir='ltr'><strong>τῆς</strong></span> <span class='ocrx_word' id='word_1_378' title='bbox 1548 3247 1659 3317; x_wconf 88' lang='grc'>(29)</span> <span class='ocrx_word' id='word_1_379' title='bbox 1704 3248 1910 3315; x_wconf 78' lang='grc' dir='ltr'>σκηνῆς</span> 
     </span>
    </p>
   </div>
   <div class='ocr_carea' id='block_1_53' title="bbox 335 3338 1909 3417">
    <p class='ocr_par' dir='ltr' id='par_1_53' title="bbox 335 3338 1909 3417">
     <span class='ocr_line' id='line_1_53' title="bbox 335 3338 1909 3417; baseline -0.008 -16"><span class='ocrx_word' id='word_1_380' title='bbox 335 3347 636 3417; x_wconf 79' lang='grc' dir='ltr'>θαυμάζοι,</span> <span class='ocrx_word' id='word_1_381' title='bbox 676 3345 751 3409; x_wconf 81' lang='grc' dir='ltr'>ὡς</span> <span class='ocrx_word' id='word_1_382' title='bbox 785 3345 931 3415; x_wconf 81' lang='grc' dir='ltr'>ἡδεῖς</span> <span class='ocrx_word' id='word_1_383' title='bbox 965 3361 1024 3396; x_wconf 90' lang='grc' dir='ltr'><strong>τε</strong></span> <span class='ocrx_word' id='word_1_384' title='bbox 1068 3343 1160 3396; x_wconf 76' lang='grc' dir='ltr'><strong>καὶ</strong></span> <span class='ocrx_word' id='word_1_385' title='bbox 1194 3338 1643 3410; x_wconf 80' lang='grc' dir='ltr'>φιλανθρώπους,</span> <span class='ocrx_word' id='word_1_386' title='bbox 1670 3339 1751 3391; x_wconf 79' lang='grc' dir='ltr'>ὅτι</span> <span class='ocrx_word' id='word_1_387' title='bbox 1799 3341 1909 3401; x_wconf 85' lang='grc' dir='ltr'>τοῖς</span> 
     </span>
    </p>
   </div>
   <div class='ocr_carea' id='block_1_54' title="bbox 332 3430 1910 3513">
    <p class='ocr_par' dir='ltr' id='par_1_54' title="bbox 332 3430 1910 3513">
     <span class='ocr_line' id='line_1_54' title="bbox 332 3430 1910 3513; baseline -0.008 -20"><span class='ocrx_word' id='word_1_388' title='bbox 332 3441 528 3513; x_wconf 82' lang='grc' dir='ltr'>δήμοις</span> <span class='ocrx_word' id='word_1_389' title='bbox 578 3438 927 3510; x_wconf 78' lang='grc' dir='ltr'>χαρίζονται,</span> <span class='ocrx_word' id='word_1_390' title='bbox 983 3436 1077 3489; x_wconf 67' lang='grc' dir='ltr'><strong>καὶ</strong></span> <span class='ocrx_word' id='word_1_391' title='bbox 1133 3432 1341 3487; x_wconf 76' lang='grc' dir='ltr'>κινοῦσι</span> <span class='ocrx_word' id='word_1_392' title='bbox 1393 3431 1604 3499; x_wconf 80' lang='grc' dir='ltr'>γέλωτα</span> <span class='ocrx_word' id='word_1_393' title='bbox 1656 3432 1769 3493; x_wconf 88' lang='grc' dir='ltr'>τοῖς</span> <span class='ocrx_word' id='word_1_394' title='bbox 1817 3430 1910 3482; x_wconf 70' lang='grc' dir='ltr'><strong>ἐπὶ</strong></span> 
     </span>
    </p>
   </div>
   <div class='ocr_carea' id='block_1_55' title="bbox 333 3522 1909 3607">
    <p class='ocr_par' dir='ltr' id='par_1_55' title="bbox 333 3522 1909 3607">
     <span class='ocr_line' id='line_1_55' title="bbox 333 3522 1909 3607; baseline -0.009 -18"><span class='ocrx_word' id='word_1_395' title='bbox 333 3536 543 3607; x_wconf 75' lang='grc' dir='ltr'>κόρρης</span> <span class='ocrx_word' id='word_1_396' title='bbox 584 3532 891 3603; x_wconf 80' lang='grc' dir='ltr'>ῥαπίσμασι</span> <span class='ocrx_word' id='word_1_397' title='bbox 937 3530 1031 3584; x_wconf 72' lang='grc' dir='ltr'><strong>καὶ</strong></span> <span class='ocrx_word' id='word_1_398' title='bbox 1062 3528 1349 3597; x_wconf 69' lang='grc' dir='ltr'>ψοφήμασι</span> <span class='ocrx_word' id='word_1_399' title='bbox 1398 3522 1528 3596; x_wconf 75' lang='lat'><strong>(50).</strong></span> <span class='ocrx_word' id='word_1_400' title='bbox 1576 3522 1767 3576; x_wconf 86' lang='grc' dir='ltr'>Καίτοι</span> <span class='ocrx_word' id='word_1_401' title='bbox 1807 3522 1909 3576; x_wconf 79' lang='grc' dir='ltr'><strong>κᾶν</strong></span> 
     </span>
    </p>
   </div>
   <div class='ocr_carea' id='block_1_56' title="bbox 333 3614 1910 3695">
    <p class='ocr_par' dir='ltr' id='par_1_56' title="bbox 333 3614 1910 3695">
     <span class='ocr_line' id='line_1_56' title="bbox 333 3614 1910 3695; baseline -0.009 -15"><span class='ocrx_word' id='word_1_402' title='bbox 333 3630 383 3680; x_wconf 84' lang='grc' dir='ltr'><strong>εί</strong></span> <span class='ocrx_word' id='word_1_403' title='bbox 432 3625 592 3679; x_wconf 89' lang='grc' dir='ltr'>τοῦτο</span> <span class='ocrx_word' id='word_1_404' title='bbox 644 3622 969 3695; x_wconf 80' lang='grc' dir='ltr'>ζητοίημεν,</span> <span class='ocrx_word' id='word_1_405' title='bbox 1020 3620 1102 3682; x_wconf 87' lang='grc' dir='ltr'><strong>τίς</strong></span> <span class='ocrx_word' id='word_1_406' title='bbox 1159 3619 1254 3689; x_wconf 84' lang='grc' dir='ltr'><strong>μὲν</strong></span> <span class='ocrx_word' id='word_1_407' title='bbox 1303 3616 1476 3679; x_wconf 75' lang='grc' dir='ltr'>οὕτως</span> <span class='ocrx_word' id='word_1_408' title='bbox 1520 3614 1649 3686; x_wconf 76' lang='grc' dir='ltr'>ἡδὺς</span> <span class='ocrx_word' id='word_1_409' title='bbox 1689 3616 1745 3667; x_wconf 78' lang='grc' dir='ltr'>ὲν</span> <span class='ocrx_word' id='word_1_410' title='bbox 1790 3617 1910 3677; x_wconf 89' lang='grc' dir='ltr'>ταῖς</span> 
     </span>
    </p>
   </div>
   <div class='ocr_carea' id='block_1_57' title="bbox 336 3706 1908 3783">
    <p class='ocr_par' dir='ltr' id='par_1_57' title="bbox 336 3706 1908 3783">
     <span class='ocr_line' id='line_1_57' title="bbox 336 3706 1908 3783; baseline -0.008 -12"><span class='ocrx_word' id='word_1_411' title='bbox 336 3714 682 3779; x_wconf 83' lang='grc' dir='ltr'>συνουσίαις,</span> <span class='ocrx_word' id='word_1_412' title='bbox 719 3714 818 3767; x_wconf 85' lang='grc' dir='ltr'>ὅσα</span> <span class='ocrx_word' id='word_1_413' title='bbox 854 3711 952 3783; x_wconf 78' lang='grc' dir='ltr'>ἐμὲ</span> <span class='ocrx_word' id='word_1_414' title='bbox 983 3709 1271 3779; x_wconf 83' lang='grc' dir='ltr'>γινώσκειν</span> <span class='ocrx_word' id='word_1_415' title='bbox 1305 3708 1397 3760; x_wconf 84' lang='grc' dir='ltr'><strong>τὸν</strong></span> <span class='ocrx_word' id='word_1_416' title='bbox 1428 3706 1662 3777; x_wconf 85' lang='grc' dir='ltr'>μάλιστα</span> <span class='ocrx_word' id='word_1_417' title='bbox 1702 3707 1908 3759; x_wconf 76' lang='grc' dir='ltr'>ἐκείνου</span> 
     </span>
    </p>
   </div>
   <div class='ocr_carea' id='block_1_58' title="bbox 333 3796 1906 3879">
    <p class='ocr_par' dir='ltr' id='par_1_58' title="bbox 333 3796 1906 3879">
     <span class='ocr_line' id='line_1_58' title="bbox 333 3796 1906 3879; baseline -0.012 -15"><span class='ocrx_word' id='word_1_418' title='bbox 333 3807 770 3879; x_wconf 76' lang='grc' dir='ltr'>πεπειραμένονς</span> <span class='ocrx_word' id='word_1_419' title='bbox 821 3804 903 3867; x_wconf 86' lang='grc' dir='ltr'><strong>τίς</strong></span> <span class='ocrx_word' id='word_1_420' title='bbox 949 3801 1062 3873; x_wconf 76' lang='grc'>(31)</span> <span class='ocrx_word' id='word_1_421' title='bbox 1109 3797 1469 3871; x_wconf 81' lang='grc' dir='ltr'>διηγήσασθαι</span> <span class='ocrx_word' id='word_1_422' title='bbox 1520 3796 1906 3868; x_wconf 77' lang='grc' dir='ltr'>χαριέστερος;</span> 
     </span>
    </p>
   </div>
   <div class='ocr_carea' id='block_1_59' title="bbox 334 3886 1909 3970">
    <p class='ocr_par' dir='ltr' id='par_1_59' title="bbox 334 3886 1909 3970">
     <span class='ocr_line' id='line_1_59' title="bbox 334 3886 1909 3970; baseline -0.01 -15"><span class='ocrx_word' id='word_1_423' title='bbox 334 3902 423 3965; x_wconf 84' lang='grc' dir='ltr'><strong>τίς</strong></span> <span class='ocrx_word' id='word_1_424' title='bbox 480 3901 578 3970; x_wconf 80' lang='grc' dir='ltr'><strong>μὲν</strong></span> <span class='ocrx_word' id='word_1_425' title='bbox 615 3896 831 3966; x_wconf 66' lang='grc' dir='ltr'>σκῶψαι</span> <span class='ocrx_word' id='word_1_426' title='bbox 881 3890 1277 3955; x_wconf 82' lang='grc' dir='ltr'>παιδευτικῶς;</span> <span class='ocrx_word' id='word_1_427' title='bbox 1320 3889 1405 3951; x_wconf 88' lang='grc' dir='ltr'><strong>τίς</strong></span> <span class='ocrx_word' id='word_1_428' title='bbox 1458 3888 1515 3941; x_wconf 76' lang='grc' dir='ltr'>δὲ</span> <span class='ocrx_word' id='word_1_429' title='bbox 1564 3886 1909 3956; x_wconf 62' lang='grc' dir='ltr'>καθάψασθαι</span> 
     </span>
    </p>
   </div>
   <div class='ocr_carea' id='block_1_60' title="bbox 339 3979 1913 4059">
    <p class='ocr_par' dir='ltr' id='par_1_60' title="bbox 339 3979 1913 4059">
     <span class='ocr_line' id='line_1_60' title="bbox 339 3979 1913 4059; baseline -0.013 -12"><span class='ocrx_word' id='word_1_430' title='bbox 339 3991 597 4056; x_wconf 81' lang='grc' dir='ltr'>ἁπαλῶς;</span> <span class='ocrx_word' id='word_1_431' title='bbox 648 3989 758 4043; x_wconf 72' lang='grc' dir='ltr'>Καὶ</span> <span class='ocrx_word' id='word_1_432' title='bbox 812 3989 947 4059; x_wconf 81' lang='grc' dir='ltr'>μήτε</span> <span class='ocrx_word' id='word_1_433' title='bbox 998 3984 1095 4055; x_wconf 82' lang='grc' dir='ltr'>τὴν</span> <span class='ocrx_word' id='word_1_434' title='bbox 1145 3981 1462 4052; x_wconf 74' lang='grc' dir='ltr'>ἐπιτίμησιν</span> <span class='ocrx_word' id='word_1_435' title='bbox 1516 3979 1716 4049; x_wconf 84' lang='grc' dir='ltr'>θράσος</span> <span class='ocrx_word' id='word_1_436' title='bbox 1756 3979 1913 4048; x_wconf 79' lang='grc' dir='ltr'>ποιῆ-</span> 
     </span>
    </p>
   </div>
   <div class='ocr_carea' id='block_1_61' title="bbox 338 4069 1910 4153">
    <p class='ocr_par' dir='ltr' id='par_1_61' title="bbox 338 4069 1910 4153">
     <span class='ocr_line' id='line_1_61' title="bbox 338 4069 1910 4153; baseline -0.011 -15"><span class='ocrx_word' id='word_1_437' title='bbox 338 4102 432 4138; x_wconf 89' lang='grc' dir='ltr'><strong>σαι</strong></span> <span class='ocrx_word' id='word_1_438' title='bbox 469 4082 582 4153; x_wconf 80' lang='grc'>(52)</span> <span class='ocrx_word' id='word_1_439' title='bbox 605 4120 621 4144; x_wconf 95' lang='grc'><strong>,</strong></span> <span class='ocrx_word' id='word_1_440' title='bbox 656 4081 792 4151; x_wconf 87' lang='grc' dir='ltr'>μήτε</span> <span class='ocrx_word' id='word_1_441' title='bbox 817 4078 915 4145; x_wconf 75' lang='grc' dir='ltr'><strong>τὴν</strong></span> <span class='ocrx_word' id='word_1_442' title='bbox 945 4076 1130 4129; x_wconf 84' lang='grc' dir='ltr'>ἄνεσιν</span> <span class='ocrx_word' id='word_1_443' title='bbox 1163 4072 1404 4135; x_wconf 78' lang='grc' dir='ltr'>ἔκλυσιν,</span> <span class='ocrx_word' id='word_1_444' title='bbox 1441 4069 1556 4123; x_wconf 86' lang='grc' dir='ltr'>ἀλλ’</span> <span class='ocrx_word' id='word_1_445' title='bbox 1586 4069 1910 4140; x_wconf 78' lang='grc' dir='ltr'>ἀμφοτέρων</span> 
     </span>
    </p>
   </div>
   <div class='ocr_carea' id='block_1_62' title="bbox 333 4159 1911 4246">
    <p class='ocr_par' dir='ltr' id='par_1_62' title="bbox 333 4159 1911 4246">
     <span class='ocr_line' id='line_1_62' title="bbox 333 4159 1911 4246; baseline -0.012 -17"><span class='ocrx_word' id='word_1_446' title='bbox 333 4176 435 4246; x_wconf 76' lang='grc' dir='ltr'><strong>τὴν</strong></span> <span class='ocrx_word' id='word_1_447' title='bbox 455 4171 724 4243; x_wconf 82' lang='grc' dir='ltr'>ἀμετρίαν</span> <span class='ocrx_word' id='word_1_448' title='bbox 745 4170 954 4237; x_wconf 83' lang='grc' dir='ltr'>φυγεῖν,</span> <span class='ocrx_word' id='word_1_449' title='bbox 980 4162 1309 4235; x_wconf 76' lang='grc' dir='ltr'>ἀμφοτέροις</span> <span class='ocrx_word' id='word_1_450' title='bbox 1333 4160 1429 4213; x_wconf 78' lang='grc' dir='ltr'><strong>σὺν</strong></span> <span class='ocrx_word' id='word_1_451' title='bbox 1448 4159 1590 4227; x_wconf 88' lang='grc' dir='ltr'>λόγῳ</span> <span class='ocrx_word' id='word_1_452' title='bbox 1610 4160 1705 4211; x_wconf 79' lang='grc' dir='ltr'><strong>καὶ</strong></span> <span class='ocrx_word' id='word_1_453' title='bbox 1736 4160 1911 4231; x_wconf 84' lang='grc' dir='ltr'>καιρῷ</span> 
     </span>
    </p>
   </div>
   <div class='ocr_carea' id='block_1_63' title="bbox 334 4246 1912 4338">
    <p class='ocr_par' dir='ltr' id='par_1_63' title="bbox 334 4246 1912 4338">
     <span class='ocr_line' id='line_1_63' title="bbox 334 4246 1912 4338; baseline -0.01 -19"><span class='ocrx_word' id='word_1_454' title='bbox 334 4264 658 4338; x_wconf 81' lang='grc' dir='ltr'>χρώμενον,</span> <span class='ocrx_word' id='word_1_455' title='bbox 707 4259 848 4313; x_wconf 86' lang='grc' dir='ltr'><strong>κατά</strong></span> <span class='ocrx_word' id='word_1_456' title='bbox 896 4258 1021 4321; x_wconf 77' lang='grc' dir='ltr'>τοὺς</span> <span class='ocrx_word' id='word_1_457' title='bbox 1066 4253 1421 4324; x_wconf 80' lang='grc' dir='ltr'>Σαλομῶντος</span> <span class='ocrx_word' id='word_1_458' title='bbox 1474 4246 1707 4322; x_wconf 86' lang='grc' dir='ltr'>νόμους,</span> <span class='ocrx_word' id='word_1_459' title='bbox 1750 4252 1912 4304; x_wconf 74' lang='grc' dir='ltr'>παντὶ</span> 
     </span>
    </p>
   </div>
   <div class='ocr_carea' id='block_1_64' title="bbox 337 4343 1390 4425">
    <p class='ocr_par' dir='ltr' id='par_1_64' title="bbox 337 4343 1390 4425">
     <span class='ocr_line' id='line_1_64' title="bbox 337 4343 1390 4425; baseline -0.013 -16"><span class='ocrx_word' id='word_1_460' title='bbox 337 4355 632 4425; x_wconf 75' lang='grc' dir='ltr'>πράγματι</span> <span class='ocrx_word' id='word_1_461' title='bbox 660 4349 848 4421; x_wconf 72' lang='grc' dir='ltr'>καιρὸν</span> <span class='ocrx_word' id='word_1_462' title='bbox 880 4346 1229 4412; x_wconf 80' lang='grc' dir='ltr'>διατάξαντος</span> <span class='ocrx_word' id='word_1_463' title='bbox 1256 4343 1390 4413; x_wconf 83' lang='grc'>(55).</span> 
     </span>
    </p>
   </div>
   <div class='ocr_carea' id='block_1_65' title="bbox 2002 1790 3570 1865">
    <p class='ocr_par' dir='ltr' id='par_1_65' title="bbox 2002 1790 3570 1865">
     <span class='ocr_line' id='line_1_65' title="bbox 2002 1790 3570 1865; baseline 0.003 -20"><span class='ocrx_word' id='word_1_464' title='bbox 2002 1790 2140 1845; x_wconf 90' lang='lat' dir='ltr'><strong>rium</strong></span> <span class='ocrx_word' id='word_1_465' title='bbox 2168 1790 2468 1859; x_wconf 89' lang='lat' dir='ltr'><strong>appellent;</strong></span> <span class='ocrx_word' id='word_1_466' title='bbox 2500 1798 2555 1845; x_wconf 91' lang='lat' dir='ltr'><strong>et</strong></span> <span class='ocrx_word' id='word_1_467' title='bbox 2584 1792 2895 1860; x_wconf 86' lang='lat' dir='ltr'><strong>prudentem</strong></span> <span class='ocrx_word' id='word_1_468' title='bbox 2916 1808 2979 1846; x_wconf 90' lang='lat' dir='ltr'><strong>ac</strong></span> <span class='ocrx_word' id='word_1_469' title='bbox 3011 1794 3476 1865; x_wconf 88' lang='lat' dir='ltr'><strong>circumspectum,</strong></span> <span class='ocrx_word' id='word_1_470' title='bbox 3505 1797 3570 1850; x_wconf 91' lang='lat' dir='ltr'><strong>ti-</strong></span> 
     </span>
    </p>
   </div>
   <div class='ocr_carea' id='block_1_66' title="bbox 2002 1881 3567 1953">
    <p class='ocr_par' dir='ltr' id='par_1_66' title="bbox 2002 1881 3567 1953">
     <span class='ocr_line' id='line_1_66' title="bbox 2002 1881 3567 1953; baseline 0.004 -19"><span class='ocrx_word' id='word_1_471' title='bbox 2002 1881 2240 1946; x_wconf 88' lang='lat' dir='ltr'><strong>midum;</strong></span> <span class='ocrx_word' id='word_1_472' title='bbox 2273 1890 2326 1935; x_wconf 93' lang='lat' dir='ltr'><strong>et</strong></span> <span class='ocrx_word' id='word_1_473' title='bbox 2356 1890 2765 1950; x_wconf 85' lang='lat' dir='ltr'><strong>temperantem,</strong></span> <span class='ocrx_word' id='word_1_474' title='bbox 2802 1894 3069 1953; x_wconf 80' lang='lat' dir='ltr'><strong>agreStem</strong></span> <span class='ocrx_word' id='word_1_475' title='bbox 3101 1894 3161 1941; x_wconf 84' lang='lat' dir='ltr'><strong>et</strong></span> <span class='ocrx_word' id='word_1_476' title='bbox 3181 1886 3567 1951; x_wconf 78' lang='lat' dir='ltr'><strong>inhumanum:</strong></span> 
     </span>
    </p>
   </div>
   <div class='ocr_carea' id='block_1_67' title="bbox 2002 1970 3571 2045">
    <p class='ocr_par' dir='ltr' id='par_1_67' title="bbox 2002 1970 3571 2045">
     <span class='ocr_line' id='line_1_67' title="bbox 2002 1970 3571 2045; baseline 0.005 -19"><span class='ocrx_word' id='word_1_477' title='bbox 2002 1981 2055 2026; x_wconf 92' lang='lat' dir='ltr'><strong>et</strong></span> <span class='ocrx_word' id='word_1_478' title='bbox 2074 1970 2299 2038; x_wconf 88' lang='lat' dir='ltr'><strong>justum,</strong></span> <span class='ocrx_word' id='word_1_479' title='bbox 2334 1971 2649 2027; x_wconf 85' lang='lat' dir='ltr'><strong>illiberalem</strong></span> <span class='ocrx_word' id='word_1_480' title='bbox 2686 1984 2739 2028; x_wconf 89' lang='lat' dir='ltr'><strong>et</strong></span> <span class='ocrx_word' id='word_1_481' title='bbox 2773 1975 3069 2029; x_wconf 88' lang='lat' dir='ltr'><strong>sordidum.</strong></span> <span class='ocrx_word' id='word_1_482' title='bbox 3098 1976 3281 2045; x_wconf 85' lang='lat' dir='ltr'><strong>Neque</strong></span> <span class='ocrx_word' id='word_1_483' title='bbox 3304 1979 3445 2032; x_wconf 89' lang='lat' dir='ltr'><strong>enim</strong></span> <span class='ocrx_word' id='word_1_484' title='bbox 3469 1980 3571 2034; x_wconf 90' lang='lat' dir='ltr'><strong>hoc</strong></span> 
     </span>
    </p>
   </div>
   <div class='ocr_carea' id='block_1_68' title="bbox 2001 2062 3571 2135">
    <p class='ocr_par' dir='ltr' id='par_1_68' title="bbox 2001 2062 3571 2135">
     <span class='ocr_line' id='line_1_68' title="bbox 2001 2062 3571 2135; baseline 0.005 -21"><span class='ocrx_word' id='word_1_485' title='bbox 2001 2065 2218 2133; x_wconf 86' lang='lat' dir='ltr'><strong>quidam</strong></span> <span class='ocrx_word' id='word_1_486' title='bbox 2262 2062 2399 2117; x_wconf 88' lang='lat' dir='ltr'><strong>male</strong></span> <span class='ocrx_word' id='word_1_487' title='bbox 2460 2066 2831 2121; x_wconf 85' lang='lat' dir='ltr'><strong>tradiderunt:</strong></span> <span class='ocrx_word' id='word_1_488' title='bbox 2901 2065 3188 2120; x_wconf 73' lang='lat' dir='ltr'><strong>Virtutibus</strong></span> <span class='ocrx_word' id='word_1_489' title='bbox 3249 2068 3470 2135; x_wconf 79' lang='lat' dir='ltr'><strong>ﬁnitima</strong></span> <span class='ocrx_word' id='word_1_490' title='bbox 3521 2079 3571 2122; x_wconf 81' lang='lat' dir='ltr'><strong>et</strong></span> 
     </span>
    </p>
   </div>
   <div class='ocr_carea' id='block_1_69' title="bbox 2001 2157 3567 2228">
    <p class='ocr_par' dir='ltr' id='par_1_69' title="bbox 2001 2157 3567 2228">
     <span class='ocr_line' id='line_1_69' title="bbox 2001 2157 3567 2228; baseline 0.003 -21"><span class='ocrx_word' id='word_1_491' title='bbox 2001 2158 2387 2226; x_wconf 82' lang='lat' dir='ltr'><strong>quodammodo</strong></span> <span class='ocrx_word' id='word_1_492' title='bbox 2416 2157 2584 2210; x_wconf 84' lang='lat' dir='ltr'><strong>vicina</strong></span> <span class='ocrx_word' id='word_1_493' title='bbox 2616 2174 2725 2212; x_wconf 78' lang='lat' dir='ltr'><strong>esse</strong></span> <span class='ocrx_word' id='word_1_494' title='bbox 2748 2160 2905 2223; x_wconf 81' lang='lat' dir='ltr'><strong>vitia;</strong></span> <span class='ocrx_word' id='word_1_495' title='bbox 2932 2158 3168 2228; x_wconf 85' lang='lat' dir='ltr'><strong>nihilque</strong></span> <span class='ocrx_word' id='word_1_496' title='bbox 3190 2159 3397 2214; x_wconf 82' lang='lat' dir='ltr'><strong>facilius</strong></span> <span class='ocrx_word' id='word_1_497' title='bbox 3428 2175 3567 2225; x_wconf 79' lang='lat' dir='ltr'><strong>esse,</strong></span> 
     </span>
    </p>
   </div>
   <div class='ocr_carea' id='block_1_70' title="bbox 2004 2250 3569 2320">
    <p class='ocr_par' dir='ltr' id='par_1_70' title="bbox 2004 2250 3569 2320">
     <span class='ocr_line' id='line_1_70' title="bbox 2004 2250 3569 2320; baseline 0.003 -19"><span class='ocrx_word' id='word_1_498' title='bbox 2004 2265 2164 2318; x_wconf 82' lang='lat' dir='ltr'><strong>quam</strong></span> <span class='ocrx_word' id='word_1_499' title='bbox 2196 2260 2253 2303; x_wconf 91' lang='lat' dir='ltr'><strong>ut</strong></span> <span class='ocrx_word' id='word_1_500' title='bbox 2285 2250 2354 2304; x_wconf 89' lang='lat' dir='ltr'><strong>ab</strong></span> <span class='ocrx_word' id='word_1_501' title='bbox 2388 2250 2510 2315; x_wconf 90' lang='lat' dir='ltr'><strong>illis,</strong></span> <span class='ocrx_word' id='word_1_502' title='bbox 2540 2251 2629 2320; x_wconf 85' lang='lat' dir='ltr'><strong>qui</strong></span> <span class='ocrx_word' id='word_1_503' title='bbox 2690 2250 2995 2319; x_wconf 86' lang='lat' dir='ltr'><strong>hujusniodi</strong></span> <span class='ocrx_word' id='word_1_504' title='bbox 3065 2266 3241 2305; x_wconf 91' lang='lat' dir='ltr'><strong>rerum</strong></span> <span class='ocrx_word' id='word_1_505' title='bbox 3292 2253 3569 2307; x_wconf 87' lang='lat' dir='ltr'><strong>scientiam</strong></span> 
     </span>
    </p>
   </div>
   <div class='ocr_carea' id='block_1_71' title="bbox 2005 2344 3568 2412">
    <p class='ocr_par' dir='ltr' id='par_1_71' title="bbox 2005 2344 3568 2412">
     <span class='ocr_line' id='line_1_71' title="bbox 2005 2344 3568 2412; baseline 0.001 -17"><span class='ocrx_word' id='word_1_506' title='bbox 2005 2358 2109 2395; x_wconf 88' lang='lat' dir='ltr'><strong>non</strong></span> <span class='ocrx_word' id='word_1_507' title='bbox 2136 2353 2338 2409; x_wconf 81' lang='lat' dir='ltr'><strong>tenent,</strong></span> <span class='ocrx_word' id='word_1_508' title='bbox 2371 2360 2458 2398; x_wconf 88' lang='lat' dir='ltr'><strong>res</strong></span> <span class='ocrx_word' id='word_1_509' title='bbox 2492 2344 2734 2412; x_wconf 71' lang='lat' dir='ltr'><strong>quaedam</strong></span> <span class='ocrx_word' id='word_1_510' title='bbox 2770 2344 2911 2398; x_wconf 85' lang='lat' dir='ltr'><strong>aliud</strong></span> <span class='ocrx_word' id='word_1_511' title='bbox 2939 2358 3061 2398; x_wconf 91' lang='lat' dir='ltr'><strong>esse</strong></span> <span class='ocrx_word' id='word_1_512' title='bbox 3092 2344 3380 2412; x_wconf 72' lang='lat' dir='ltr'><strong>iudicetur,</strong></span> <span class='ocrx_word' id='word_1_513' title='bbox 3410 2360 3568 2412; x_wconf 88' lang='lat' dir='ltr'><strong>quam</strong></span> 
     </span>
    </p>
   </div>
   <div class='ocr_carea' id='block_1_72' title="bbox 2005 2435 3577 2504">
    <p class='ocr_par' dir='ltr' id='par_1_72' title="bbox 2005 2435 3577 2504">
     <span class='ocr_line' id='line_1_72' title="bbox 2005 2435 3577 2504; baseline 0.001 -16"><span class='ocrx_word' id='word_1_514' title='bbox 2005 2449 2197 2490; x_wconf 80' lang='lat' dir='ltr'><strong>revera</strong></span> <span class='ocrx_word' id='word_1_515' title='bbox 2221 2436 2311 2490; x_wconf 88' lang='lat' dir='ltr'><strong>sit.</strong></span> <span class='ocrx_word' id='word_1_516' title='bbox 2350 2435 2482 2502; x_wconf 82' lang='lat' dir='ltr'><strong>Quis</strong></span> <span class='ocrx_word' id='word_1_517' title='bbox 2510 2436 2652 2491; x_wconf 89' lang='lat' dir='ltr'><strong>enim</strong></span> <span class='ocrx_word' id='word_1_518' title='bbox 2685 2439 2854 2504; x_wconf 83' lang='lat' dir='ltr'><strong>magis</strong></span> <span class='ocrx_word' id='word_1_519' title='bbox 2874 2446 2966 2489; x_wconf 90' lang='lat' dir='ltr'><strong>aut</strong></span> <span class='ocrx_word' id='word_1_520' title='bbox 2998 2438 3247 2490; x_wconf 87' lang='lat' dir='ltr'><strong>virtutem</strong></span> <span class='ocrx_word' id='word_1_521' title='bbox 3276 2436 3457 2500; x_wconf 89' lang='lat' dir='ltr'><strong>coluit,</strong></span> <span class='ocrx_word' id='word_1_522' title='bbox 3481 2445 3577 2489; x_wconf 84' lang='lat' dir='ltr'><strong>aut</strong></span> 
     </span>
    </p>
   </div>
   <div class='ocr_carea' id='block_1_73' title="bbox 2005 2525 3574 2598">
    <p class='ocr_par' dir='ltr' id='par_1_73' title="bbox 2005 2525 3574 2598">
     <span class='ocr_line' id='line_1_73' title="bbox 2005 2525 3574 2598; baseline 0.004 -22"><span class='ocrx_word' id='word_1_523' title='bbox 2005 2525 2193 2578; x_wconf 89' lang='lat' dir='ltr'><strong>vitium</strong></span> <span class='ocrx_word' id='word_1_524' title='bbox 2228 2527 2488 2592; x_wconf 87' lang='lat' dir='ltr'><strong>coercuit,</strong></span> <span class='ocrx_word' id='word_1_525' title='bbox 2518 2527 2602 2581; x_wconf 89' lang='lat' dir='ltr'><strong>vel</strong></span> <span class='ocrx_word' id='word_1_526' title='bbox 2626 2527 2799 2591; x_wconf 80' lang='lat' dir='ltr'><strong>ollicio</strong></span> <span class='ocrx_word' id='word_1_527' title='bbox 2856 2528 3020 2596; x_wconf 86' lang='lat' dir='ltr'><strong>probe</strong></span> <span class='ocrx_word' id='word_1_528' title='bbox 3067 2528 3265 2583; x_wconf 87' lang='lat' dir='ltr'><strong>functis</strong></span> <span class='ocrx_word' id='word_1_529' title='bbox 3298 2529 3574 2598; x_wconf 77' lang='lat' dir='ltr'><strong>benignio-</strong></span> 
     </span>
    </p>
   </div>
   <div class='ocr_carea' id='block_1_74' title="bbox 2012 2616 3576 2685">
    <p class='ocr_par' dir='ltr' id='par_1_74' title="bbox 2012 2616 3576 2685">
     <span class='ocr_line' id='line_1_74' title="bbox 2012 2616 3576 2685; baseline 0.001 -16"><span class='ocrx_word' id='word_1_530' title='bbox 2012 2631 2126 2669; x_wconf 89' lang='lat' dir='ltr'><strong>rem</strong></span> <span class='ocrx_word' id='word_1_531' title='bbox 2162 2631 2225 2671; x_wconf 89' lang='lat' dir='ltr'><strong>ac</strong></span> <span class='ocrx_word' id='word_1_532' title='bbox 2249 2616 2577 2680; x_wconf 86' lang='lat' dir='ltr'><strong>suaviorem,</strong></span> <span class='ocrx_word' id='word_1_533' title='bbox 2629 2627 2717 2671; x_wconf 89' lang='lat' dir='ltr'><strong>aut</strong></span> <span class='ocrx_word' id='word_1_534' title='bbox 2750 2618 3102 2685; x_wconf 83' lang='lat' dir='ltr'><strong>peccantibus</strong></span> <span class='ocrx_word' id='word_1_535' title='bbox 3148 2618 3470 2672; x_wconf 83' lang='lat' dir='ltr'><strong>severiorem</strong></span> <span class='ocrx_word' id='word_1_536' title='bbox 3517 2631 3576 2671; x_wconf 85' lang='lat' dir='ltr'><strong>se</strong></span> 
     </span>
    </p>
   </div>
   <div class='ocr_carea' id='block_1_75' title="bbox 2008 2707 3576 2778">
    <p class='ocr_par' dir='ltr' id='par_1_75' title="bbox 2008 2707 3576 2778">
     <span class='ocr_line' id='line_1_75' title="bbox 2008 2707 3576 2778; baseline 0.003 -18"><span class='ocrx_word' id='word_1_537' title='bbox 2008 2707 2272 2777; x_wconf 66' lang='lat' dir='ltr'><strong>prtebuit;</strong></span> <span class='ocrx_word' id='word_1_538' title='bbox 2309 2715 2492 2777; x_wconf 89' lang='lat' dir='ltr'><strong>utpote</strong></span> <span class='ocrx_word' id='word_1_539' title='bbox 2525 2709 2676 2777; x_wconf 91' lang='lat' dir='ltr'><strong>cujus</strong></span> <span class='ocrx_word' id='word_1_540' title='bbox 2705 2710 2785 2763; x_wconf 90' lang='lat' dir='ltr'><strong>vel</strong></span> <span class='ocrx_word' id='word_1_541' title='bbox 2821 2712 3097 2778; x_wconf 88' lang='lat' dir='ltr'><strong>pertenuis</strong></span> <span class='ocrx_word' id='word_1_542' title='bbox 3128 2713 3268 2766; x_wconf 86' lang='lat' dir='ltr'><strong>risus</strong></span> <span class='ocrx_word' id='word_1_543' title='bbox 3294 2725 3434 2778; x_wconf 59' lang='lat' dir='ltr'><strong>saepe</strong></span> <span class='ocrx_word' id='word_1_544' title='bbox 3461 2709 3576 2764; x_wconf 88' lang='lat' dir='ltr'><strong>lau-</strong></span> 
     </span>
    </p>
   </div>
   <div class='ocr_carea' id='block_1_76' title="bbox 2009 2799 3575 2871">
    <p class='ocr_par' dir='ltr' id='par_1_76' title="bbox 2009 2799 3575 2871">
     <span class='ocr_line' id='line_1_76' title="bbox 2009 2799 3575 2871; baseline 0.003 -18"><span class='ocrx_word' id='word_1_545' title='bbox 2009 2799 2154 2853; x_wconf 75' lang='lat' dir='ltr'><strong>datio</strong></span> <span class='ocrx_word' id='word_1_546' title='bbox 2183 2807 2347 2860; x_wconf 86' lang='lat' dir='ltr'><strong>esset,</strong></span> <span class='ocrx_word' id='word_1_547' title='bbox 2382 2808 2436 2852; x_wconf 87' lang='lat' dir='ltr'><strong>et</strong></span> <span class='ocrx_word' id='word_1_548' title='bbox 2485 2799 2754 2853; x_wconf 89' lang='lat' dir='ltr'><strong>silentium</strong></span> <span class='ocrx_word' id='word_1_549' title='bbox 2794 2801 3113 2871; x_wconf 86' lang='lat' dir='ltr'><strong>increpatio,</strong></span> <span class='ocrx_word' id='word_1_550' title='bbox 3143 2802 3196 2855; x_wconf 91' lang='lat' dir='ltr'><strong>in</strong></span> <span class='ocrx_word' id='word_1_551' title='bbox 3225 2803 3440 2871; x_wconf 89' lang='lat' dir='ltr'><strong>propria</strong></span> <span class='ocrx_word' id='word_1_552' title='bbox 3489 2804 3575 2858; x_wconf 80' lang='lat' dir='ltr'><strong>ni-</strong></span> 
     </span>
    </p>
   </div>
   <div class='ocr_carea' id='block_1_77' title="bbox 2010 2888 3578 2960">
    <p class='ocr_par' dir='ltr' id='par_1_77' title="bbox 2010 2888 3578 2960">
     <span class='ocr_line' id='line_1_77' title="bbox 2010 2888 3578 2960; baseline 0.002 -17"><span class='ocrx_word' id='word_1_553' title='bbox 2010 2889 2205 2943; x_wconf 88' lang='lat' dir='ltr'><strong>mirum</strong></span> <span class='ocrx_word' id='word_1_554' title='bbox 2231 2888 2492 2959; x_wconf 86' lang='lat' dir='ltr'><strong>cujusque</strong></span> <span class='ocrx_word' id='word_1_555' title='bbox 2540 2891 2870 2945; x_wconf 87' lang='lat' dir='ltr'><strong>conscientia</strong></span> <span class='ocrx_word' id='word_1_556' title='bbox 2922 2891 3133 2960; x_wconf 86' lang='lat' dir='ltr'><strong>culpam</strong></span> <span class='ocrx_word' id='word_1_557' title='bbox 3176 2894 3460 2960; x_wconf 80' lang='lat' dir='ltr'><strong>explorans</strong></span> <span class='ocrx_word' id='word_1_558' title='bbox 3512 2908 3578 2948; x_wconf 71' lang='lat' dir='ltr'><strong>an</strong></span> 
     </span>
    </p>
   </div>
   <div class='ocr_carea' id='block_1_78' title="bbox 2010 2978 3577 3051">
    <p class='ocr_par' dir='ltr' id='par_1_78' title="bbox 2010 2978 3577 3051">
     <span class='ocr_line' id='line_1_78' title="bbox 2010 2978 3577 3051; baseline 0.004 -19"><span class='ocrx_word' id='word_1_559' title='bbox 2010 2979 2274 3049; x_wconf 87' lang='lat' dir='ltr'><strong>puniens?</strong></span> <span class='ocrx_word' id='word_1_560' title='bbox 2301 2978 2451 3045; x_wconf 86' lang='lat' dir='ltr'><strong>Quod</strong></span> <span class='ocrx_word' id='word_1_561' title='bbox 2499 2980 2543 3035; x_wconf 90' lang='lat' dir='ltr'><strong>si</strong></span> <span class='ocrx_word' id='word_1_562' title='bbox 2592 2995 2696 3033; x_wconf 92' lang='lat' dir='ltr'><strong>non</strong></span> <span class='ocrx_word' id='word_1_563' title='bbox 2728 2981 2934 3049; x_wconf 79' lang='lat' dir='ltr'><strong>lepidus</strong></span> <span class='ocrx_word' id='word_1_564' title='bbox 2984 2982 3248 3051; x_wconf 86' lang='lat' dir='ltr'><strong>quispiam</strong></span> <span class='ocrx_word' id='word_1_565' title='bbox 3274 2992 3329 3036; x_wconf 90' lang='lat' dir='ltr'><strong>et</strong></span> <span class='ocrx_word' id='word_1_566' title='bbox 3370 2984 3577 3039; x_wconf 80' lang='lat' dir='ltr'><strong>facetus</strong></span> 
     </span>
    </p>
   </div>
   <div class='ocr_carea' id='block_1_79' title="bbox 2010 3069 3579 3142">
    <p class='ocr_par' dir='ltr' id='par_1_79' title="bbox 2010 3069 3579 3142">
     <span class='ocr_line' id='line_1_79' title="bbox 2010 3069 3579 3142; baseline 0.004 -17"><span class='ocrx_word' id='word_1_567' title='bbox 2010 3079 2148 3135; x_wconf 88' lang='lat' dir='ltr'><strong>erat,</strong></span> <span class='ocrx_word' id='word_1_568' title='bbox 2185 3084 2284 3124; x_wconf 90' lang='lat' dir='ltr'><strong>uec</strong></span> <span class='ocrx_word' id='word_1_569' title='bbox 2321 3069 2810 3136; x_wconf 86' lang='lat' dir='ltr'><strong>circumforaneus,</strong></span> <span class='ocrx_word' id='word_1_570' title='bbox 2843 3087 2941 3128; x_wconf 92' lang='lat' dir='ltr'><strong>nec</strong></span> <span class='ocrx_word' id='word_1_571' title='bbox 2970 3088 3033 3127; x_wconf 81' lang='lat' dir='ltr'><strong>ex</strong></span> <span class='ocrx_word' id='word_1_572' title='bbox 3059 3088 3123 3127; x_wconf 89' lang='lat' dir='ltr'><strong>eo</strong></span> <span class='ocrx_word' id='word_1_573' title='bbox 3145 3075 3285 3142; x_wconf 88' lang='lat' dir='ltr'><strong>quod</strong></span> <span class='ocrx_word' id='word_1_574' title='bbox 3328 3077 3579 3132; x_wconf 88' lang='lat' dir='ltr'><strong>omnibus</strong></span> 
     </span>
    </p>
   </div>
   <div class='ocr_carea' id='block_1_80' title="bbox 2010 3160 3577 3235">
    <p class='ocr_par' dir='ltr' id='par_1_80' title="bbox 2010 3160 3577 3235">
     <span class='ocr_line' id='line_1_80' title="bbox 2010 3160 3577 3235; baseline 0.004 -20"><span class='ocrx_word' id='word_1_575' title='bbox 2010 3161 2189 3215; x_wconf 89' lang='lat' dir='ltr'><strong>omnia</strong></span> <span class='ocrx_word' id='word_1_576' title='bbox 2216 3160 2387 3224; x_wconf 84' lang='lat' dir='ltr'><strong>ﬁeret,</strong></span> <span class='ocrx_word' id='word_1_577' title='bbox 2415 3161 2682 3231; x_wconf 88' lang='lat' dir='ltr'><strong>plerisque</strong></span> <span class='ocrx_word' id='word_1_578' title='bbox 2702 3172 2888 3232; x_wconf 76' lang='lat' dir='ltr'><strong>gratus</strong></span> <span class='ocrx_word' id='word_1_579' title='bbox 2907 3173 2961 3217; x_wconf 91' lang='lat' dir='ltr'><strong>et</strong></span> <span class='ocrx_word' id='word_1_580' title='bbox 2978 3173 3247 3232; x_wconf 87' lang='lat' dir='ltr'><strong>acceptus,</strong></span> <span class='ocrx_word' id='word_1_581' title='bbox 3272 3167 3400 3235; x_wconf 78' lang='lat' dir='ltr'><strong>quid</strong></span> <span class='ocrx_word' id='word_1_582' title='bbox 3421 3168 3577 3221; x_wconf 84' lang='lat' dir='ltr'><strong>tum?</strong></span> 
     </span>
    </p>
   </div>
   <div class='ocr_carea' id='block_1_81' title="bbox 2011 3251 3579 3324">
    <p class='ocr_par' dir='ltr' id='par_1_81' title="bbox 2011 3251 3579 3324">
     <span class='ocr_line' id='line_1_81' title="bbox 2011 3251 3579 3324; baseline 0.006 -19"><span class='ocrx_word' id='word_1_583' title='bbox 2011 3251 2202 3306; x_wconf 85' lang='lat' dir='ltr'><strong>Nonne</strong></span> <span class='ocrx_word' id='word_1_584' title='bbox 2235 3252 2444 3307; x_wconf 87' lang='lat' dir='ltr'><strong>Iaudem</strong></span> <span class='ocrx_word' id='word_1_585' title='bbox 2494 3256 2675 3324; x_wconf 84' lang='lat' dir='ltr'><strong>petius</strong></span> <span class='ocrx_word' id='word_1_586' title='bbox 2738 3270 2896 3323; x_wconf 90' lang='lat' dir='ltr'><strong>quam</strong></span> <span class='ocrx_word' id='word_1_587' title='bbox 2951 3257 3422 3324; x_wconf 84' lang='lat' dir='ltr'><strong>reprehensionem</strong></span> <span class='ocrx_word' id='word_1_588' title='bbox 3479 3260 3579 3315; x_wconf 92' lang='lat' dir='ltr'><strong>hoc</strong></span> 
     </span>
    </p>
   </div>
   <div class='ocr_carea' id='block_1_82' title="bbox 2014 3343 3578 3417">
    <p class='ocr_par' dir='ltr' id='par_1_82' title="bbox 2014 3343 3578 3417">
     <span class='ocr_line' id='line_1_82' title="bbox 2014 3343 3578 3417; baseline 0.004 -20"><span class='ocrx_word' id='word_1_589' title='bbox 2014 3344 2230 3398; x_wconf 88' lang='lat' dir='ltr'><strong>nomine</strong></span> <span class='ocrx_word' id='word_1_590' title='bbox 2261 3353 2520 3408; x_wconf 84' lang='lat' dir='ltr'><strong>meretur,</strong></span> <span class='ocrx_word' id='word_1_591' title='bbox 2546 3343 2735 3399; x_wconf 87' lang='lat' dir='ltr'><strong>saltem</strong></span> <span class='ocrx_word' id='word_1_592' title='bbox 2769 3345 2910 3415; x_wconf 89' lang='lat' dir='ltr'><strong>apud</strong></span> <span class='ocrx_word' id='word_1_593' title='bbox 2942 3358 3121 3401; x_wconf 87' lang='lat' dir='ltr'><strong>mente</strong></span> <span class='ocrx_word' id='word_1_594' title='bbox 3147 3349 3437 3417; x_wconf 68' lang='lat' dir='ltr'><strong>praeditos?</strong></span> <span class='ocrx_word' id='word_1_595' title='bbox 3467 3350 3578 3405; x_wconf 73' lang='lat' dir='ltr'><strong>Nisi</strong></span> 
     </span>
    </p>
   </div>
   <div class='ocr_carea' id='block_1_83' title="bbox 2013 3436 3581 3510">
    <p class='ocr_par' dir='ltr' id='par_1_83' title="bbox 2013 3436 3581 3510">
     <span class='ocr_line' id='line_1_83' title="bbox 2013 3436 3581 3510; baseline 0.008 -26"><span class='ocrx_word' id='word_1_596' title='bbox 2013 3436 2134 3504; x_wconf 84' lang='lat' dir='ltr'><strong>quis</strong></span> <span class='ocrx_word' id='word_1_597' title='bbox 2166 3436 2371 3490; x_wconf 90' lang='lat' dir='ltr'><strong>leonem</strong></span> <span class='ocrx_word' id='word_1_598' title='bbox 2406 3436 2571 3491; x_wconf 89' lang='lat' dir='ltr'><strong>etiam</strong></span> <span class='ocrx_word' id='word_1_599' title='bbox 2595 3442 2965 3493; x_wconf 83' lang='lat' dir='ltr'><strong>accusandum</strong></span> <span class='ocrx_word' id='word_1_600' title='bbox 2998 3448 3167 3505; x_wconf 88' lang='lat' dir='ltr'><strong>putet,</strong></span> <span class='ocrx_word' id='word_1_601' title='bbox 3200 3441 3343 3510; x_wconf 91' lang='lat' dir='ltr'><strong>quod</strong></span> <span class='ocrx_word' id='word_1_602' title='bbox 3369 3457 3472 3495; x_wconf 93' lang='lat' dir='ltr'><strong>non</strong></span> <span class='ocrx_word' id='word_1_603' title='bbox 3508 3442 3581 3497; x_wconf 87' lang='lat' dir='ltr'><strong>si-</strong></span> 
     </span>
    </p>
   </div>
   <div class='ocr_carea' id='block_1_84' title="bbox 2014 3528 3581 3598">
    <p class='ocr_par' dir='ltr' id='par_1_84' title="bbox 2014 3528 3581 3598">
     <span class='ocr_line' id='line_1_84' title="bbox 2014 3528 3581 3598; baseline 0.005 -19"><span class='ocrx_word' id='word_1_604' title='bbox 2014 3528 2134 3581; x_wconf 66' lang='lat' dir='ltr'><strong>miae</strong></span> <span class='ocrx_word' id='word_1_605' title='bbox 2160 3528 2390 3593; x_wconf 83' lang='lat' dir='ltr'><strong>vultum,</strong></span> <span class='ocrx_word' id='word_1_606' title='bbox 2420 3528 2513 3581; x_wconf 92' lang='lat' dir='ltr'><strong>sed</strong></span> <span class='ocrx_word' id='word_1_607' title='bbox 2544 3538 2755 3583; x_wconf 90' lang='lat' dir='ltr'><strong>torvum</strong></span> <span class='ocrx_word' id='word_1_608' title='bbox 2785 3531 3070 3598; x_wconf 89' lang='lat' dir='ltr'><strong>quemdam</strong></span> <span class='ocrx_word' id='word_1_609' title='bbox 3098 3540 3154 3586; x_wconf 89' lang='lat' dir='ltr'><strong>et</strong></span> <span class='ocrx_word' id='word_1_610' title='bbox 3181 3532 3493 3587; x_wconf 80' lang='lat' dir='ltr'><strong>horrificum</strong></span> <span class='ocrx_word' id='word_1_611' title='bbox 3518 3548 3581 3587; x_wconf 86' lang='lat' dir='ltr'><strong>ac</strong></span> 
     </span>
    </p>
   </div>
   <div class='ocr_carea' id='block_1_85' title="bbox 2014 3619 3581 3695">
    <p class='ocr_par' dir='ltr' id='par_1_85' title="bbox 2014 3619 3581 3695">
     <span class='ocr_line' id='line_1_85' title="bbox 2014 3619 3581 3695; baseline 0.005 -22"><span class='ocrx_word' id='word_1_612' title='bbox 2014 3620 2218 3689; x_wconf 79' lang='lat' dir='ltr'><strong>regium</strong></span> <span class='ocrx_word' id='word_1_613' title='bbox 2242 3619 2411 3690; x_wconf 78' lang='lat'><strong>820</strong></span> <span class='ocrx_word' id='word_1_614' title='bbox 2434 3621 2703 3689; x_wconf 67' lang='lat' dir='ltr'><strong>praeferat,</strong></span> <span class='ocrx_word' id='word_1_615' title='bbox 2733 3622 2886 3693; x_wconf 88' lang='lat' dir='ltr'><strong>cujus</strong></span> <span class='ocrx_word' id='word_1_616' title='bbox 2913 3624 3039 3694; x_wconf 66' lang='lat' dir='ltr'><strong>ipsa:</strong></span> <span class='ocrx_word' id='word_1_617' title='bbox 3080 3639 3294 3695; x_wconf 87' lang='lat' dir='ltr'><strong>quoque</strong></span> <span class='ocrx_word' id='word_1_618' title='bbox 3334 3626 3581 3681; x_wconf 81' lang='lat' dir='ltr'><strong>saltatio-</strong></span> 
     </span>
    </p>
   </div>
   <div class='ocr_carea' id='block_1_86' title="bbox 2013 3710 3583 3782">
    <p class='ocr_par' dir='ltr' id='par_1_86' title="bbox 2013 3710 3583 3782">
     <span class='ocr_line' id='line_1_86' title="bbox 2013 3710 3583 3782; baseline 0.004 -17"><span class='ocrx_word' id='word_1_619' title='bbox 2013 3728 2108 3766; x_wconf 87' lang='lat' dir='ltr'><strong>nes</strong></span> <span class='ocrx_word' id='word_1_620' title='bbox 2138 3710 2306 3766; x_wconf 82' lang='lat' dir='ltr'><strong>fortes</strong></span> <span class='ocrx_word' id='word_1_621' title='bbox 2339 3723 2389 3767; x_wconf 92' lang='lat' dir='ltr'><strong>et</strong></span> <span class='ocrx_word' id='word_1_622' title='bbox 2441 3727 2715 3782; x_wconf 75' lang='lat' dir='ltr'><strong>generosa:</strong></span> <span class='ocrx_word' id='word_1_623' title='bbox 2769 3723 2914 3779; x_wconf 89' lang='lat' dir='ltr'><strong>sunt,</strong></span> <span class='ocrx_word' id='word_1_624' title='bbox 2970 3724 3179 3770; x_wconf 87' lang='lat' dir='ltr'><strong>etcum</strong></span> <span class='ocrx_word' id='word_1_625' title='bbox 3232 3717 3583 3772; x_wconf 86' lang='lat' dir='ltr'><strong>admiratione</strong></span> 
     </span>
    </p>
   </div>
   <div class='ocr_carea' id='block_1_87' title="bbox 2006 3802 3585 3871">
    <p class='ocr_par' dir='ltr' id='par_1_87' title="bbox 2006 3802 3585 3871">
     <span class='ocr_line' id='line_1_87' title="bbox 2006 3802 3585 3871; baseline 0.003 -14"><span class='ocrx_word' id='word_1_626' title='bbox 2006 3802 2294 3871; x_wconf 70' lang='lat' dir='ltr'><strong>jucundre;</strong></span> <span class='ocrx_word' id='word_1_627' title='bbox 2325 3811 2486 3871; x_wconf 88' lang='lat' dir='ltr'><strong>atque</strong></span> <span class='ocrx_word' id='word_1_628' title='bbox 2516 3805 2679 3858; x_wconf 92' lang='lat' dir='ltr'><strong>etiam</strong></span> <span class='ocrx_word' id='word_1_629' title='bbox 2708 3806 3023 3870; x_wconf 88' lang='lat' dir='ltr'><strong>histriones,</strong></span> <span class='ocrx_word' id='word_1_630' title='bbox 3054 3816 3113 3861; x_wconf 91' lang='lat' dir='ltr'><strong>ut</strong></span> <span class='ocrx_word' id='word_1_631' title='bbox 3141 3823 3336 3864; x_wconf 84' lang='lat' dir='ltr'><strong>suaves</strong></span> <span class='ocrx_word' id='word_1_632' title='bbox 3387 3820 3436 3862; x_wconf 90' lang='lat' dir='ltr'><strong>et</strong></span> <span class='ocrx_word' id='word_1_633' title='bbox 3486 3809 3585 3862; x_wconf 87' lang='lat' dir='ltr'><strong>hu-</strong></span> 
     </span>
    </p>
   </div>
   <div class='ocr_carea' id='block_1_88' title="bbox 2012 3894 3582 3969">
    <p class='ocr_par' dir='ltr' id='par_1_88' title="bbox 2012 3894 3582 3969">
     <span class='ocr_line' id='line_1_88' title="bbox 2012 3894 3582 3969; baseline 0.003 -22"><span class='ocrx_word' id='word_1_634' title='bbox 2012 3894 2289 3948; x_wconf 87' lang='lat' dir='ltr'><strong>manitatis</strong></span> <span class='ocrx_word' id='word_1_635' title='bbox 2317 3894 2521 3963; x_wconf 88' lang='lat' dir='ltr'><strong>plenos,</strong></span> <span class='ocrx_word' id='word_1_636' title='bbox 2547 3895 2865 3960; x_wconf 86' lang='lat' dir='ltr'><strong>admiretur,</strong></span> <span class='ocrx_word' id='word_1_637' title='bbox 2894 3898 3147 3967; x_wconf 88' lang='lat' dir='ltr'><strong>quoniam</strong></span> <span class='ocrx_word' id='word_1_638' title='bbox 3201 3899 3380 3969; x_wconf 79' lang='lat' dir='ltr'><strong>pepuli</strong></span> <span class='ocrx_word' id='word_1_639' title='bbox 3429 3899 3582 3953; x_wconf 83' lang='lat' dir='ltr'><strong>volu-</strong></span> 
     </span>
    </p>
   </div>
   <div class='ocr_carea' id='block_1_89' title="bbox 2014 3985 3579 4058">
    <p class='ocr_par' dir='ltr' id='par_1_89' title="bbox 2014 3985 3579 4058">
     <span class='ocr_line' id='line_1_89' title="bbox 2014 3985 3579 4058; baseline 0.006 -23"><span class='ocrx_word' id='word_1_640' title='bbox 2014 3986 2250 4053; x_wconf 87' lang='lat' dir='ltr'><strong>ptatibus</strong></span> <span class='ocrx_word' id='word_1_641' title='bbox 2294 3985 2641 4051; x_wconf 83' lang='lat' dir='ltr'><strong>inserviunt,</strong></span> <span class='ocrx_word' id='word_1_642' title='bbox 2699 3987 3059 4058; x_wconf 87' lang='lat' dir='ltr'><strong>colaphosque</strong></span> <span class='ocrx_word' id='word_1_643' title='bbox 3105 3990 3205 4044; x_wconf 87' lang='lat' dir='ltr'><strong>sibi</strong></span> <span class='ocrx_word' id='word_1_644' title='bbox 3246 3991 3472 4045; x_wconf 86' lang='lat' dir='ltr'><strong>invicem</strong></span> <span class='ocrx_word' id='word_1_645' title='bbox 3525 3990 3579 4044; x_wconf 91' lang='lat' dir='ltr'><strong>iu</strong></span> 
     </span>
    </p>
   </div>
   <div class='ocr_carea' id='block_1_90' title="bbox 2014 4072 3581 4146">
    <p class='ocr_par' dir='ltr' id='par_1_90' title="bbox 2014 4072 3581 4146">
     <span class='ocr_line' id='line_1_90' title="bbox 2014 4072 3581 4146; baseline 0.006 -22"><span class='ocrx_word' id='word_1_646' title='bbox 2014 4072 2208 4126; x_wconf 86' lang='lat' dir='ltr'><strong>malam</strong></span> <span class='ocrx_word' id='word_1_647' title='bbox 2245 4072 2613 4145; x_wconf 79' lang='lat' dir='ltr'><strong>impingendo,</strong></span> <span class='ocrx_word' id='word_1_648' title='bbox 2640 4078 3033 4146; x_wconf 87' lang='lat' dir='ltr'><strong>strepitumque</strong></span> <span class='ocrx_word' id='word_1_649' title='bbox 3071 4080 3281 4145; x_wconf 90' lang='lat' dir='ltr'><strong>ciendo,</strong></span> <span class='ocrx_word' id='word_1_650' title='bbox 3316 4081 3481 4135; x_wconf 89' lang='lat' dir='ltr'><strong>risum</strong></span> <span class='ocrx_word' id='word_1_651' title='bbox 3532 4079 3581 4133; x_wconf 87' lang='lat' dir='ltr'><strong>ei</strong></span> 
     </span>
    </p>
   </div>
   <div class='ocr_carea' id='block_1_91' title="bbox 2015 4165 3581 4240">
    <p class='ocr_par' dir='ltr' id='par_1_91' title="bbox 2015 4165 3581 4240">
     <span class='ocr_line' id='line_1_91' title="bbox 2015 4165 3581 4240; baseline 0.006 -25"><span class='ocrx_word' id='word_1_652' title='bbox 2015 4172 2250 4217; x_wconf 88' lang='lat' dir='ltr'><strong>movent.</strong></span> <span class='ocrx_word' id='word_1_653' title='bbox 2277 4165 2594 4236; x_wconf 83' lang='lat' dir='ltr'><strong>Quanquam</strong></span> <span class='ocrx_word' id='word_1_654' title='bbox 2615 4168 2799 4234; x_wconf 89' lang='lat' dir='ltr'><strong>etiam,</strong></span> <span class='ocrx_word' id='word_1_655' title='bbox 2836 4170 2881 4225; x_wconf 92' lang='lat' dir='ltr'><strong>si</strong></span> <span class='ocrx_word' id='word_1_656' title='bbox 2905 4170 3009 4225; x_wconf 89' lang='lat' dir='ltr'><strong>hoc</strong></span> <span class='ocrx_word' id='word_1_657' title='bbox 3038 4186 3359 4237; x_wconf 67' lang='lat' dir='ltr'><strong>quaeramus,</strong></span> <span class='ocrx_word' id='word_1_658' title='bbox 3387 4172 3508 4240; x_wconf 87' lang='lat' dir='ltr'><strong>quis</strong></span> <span class='ocrx_word' id='word_1_659' title='bbox 3530 4172 3581 4225; x_wconf 92' lang='lat' dir='ltr'><strong>in</strong></span> 
     </span>
    </p>
   </div>
   <div class='ocr_carea' id='block_1_92' title="bbox 2014 4253 3585 4328">
    <p class='ocr_par' dir='ltr' id='par_1_92' title="bbox 2014 4253 3585 4328">
     <span class='ocr_line' id='line_1_92' title="bbox 2014 4253 3585 4328; baseline 0.004 -22"><span class='ocrx_word' id='word_1_660' title='bbox 2014 4253 2247 4308; x_wconf 75' lang='lat' dir='ltr'><strong>cmtibus</strong></span> <span class='ocrx_word' id='word_1_661' title='bbox 2280 4256 2724 4323; x_wconf 86' lang='lat' dir='ltr'><strong>adeojucundus,</strong></span> <span class='ocrx_word' id='word_1_662' title='bbox 2779 4268 3040 4327; x_wconf 84' lang='lat' dir='ltr'><strong>quantum</strong></span> <span class='ocrx_word' id='word_1_663' title='bbox 3070 4261 3283 4328; x_wconf 91' lang='lat' dir='ltr'><strong>quidem</strong></span> <span class='ocrx_word' id='word_1_664' title='bbox 3332 4260 3444 4328; x_wconf 86' lang='lat' dir='ltr'><strong>ipse</strong></span> <span class='ocrx_word' id='word_1_665' title='bbox 3492 4276 3585 4312; x_wconf 81' lang='lat' dir='ltr'><strong>co-</strong></span> 
     </span>
    </p>
   </div>
   <div class='ocr_carea' id='block_1_93' title="bbox 2015 4346 3583 4417">
    <p class='ocr_par' dir='ltr' id='par_1_93' title="bbox 2015 4346 3583 4417">
     <span class='ocr_line' id='line_1_93' title="bbox 2015 4346 3583 4417; baseline 0.005 -21"><span class='ocrx_word' id='word_1_666' title='bbox 2015 4358 2237 4412; x_wconf 76' lang='lat' dir='ltr'><strong>gnosco,</strong></span> <span class='ocrx_word' id='word_1_667' title='bbox 2261 4346 2352 4415; x_wconf 91' lang='lat' dir='ltr'><strong>qui</strong></span> <span class='ocrx_word' id='word_1_668' title='bbox 2386 4346 2553 4415; x_wconf 88' lang='lat' dir='ltr'><strong>ipsius</strong></span> <span class='ocrx_word' id='word_1_669' title='bbox 2580 4347 2813 4402; x_wconf 79' lang='lat' dir='ltr'><strong>maxime</strong></span> <span class='ocrx_word' id='word_1_670' title='bbox 2839 4349 3136 4417; x_wconf 79' lang='lat' dir='ltr'><strong>perieulum</strong></span> <span class='ocrx_word' id='word_1_671' title='bbox 3172 4349 3314 4405; x_wconf 85' lang='lat' dir='ltr'><strong>feci?</strong></span> <span class='ocrx_word' id='word_1_672' title='bbox 3363 4348 3494 4414; x_wconf 89' lang='lat' dir='ltr'><strong>Quis</strong></span> <span class='ocrx_word' id='word_1_673' title='bbox 3531 4351 3583 4404; x_wconf 92' lang='lat' dir='ltr'><strong>in</strong></span> 
     </span>
    </p>
   </div>
   <div class='ocr_carea' id='block_1_94' title="bbox 336 4432 3584 4513">
    <p class='ocr_par' dir='ltr' id='par_1_94' title="bbox 336 4432 3584 4513">
     <span class='ocr_line' id='line_1_94' title="bbox 336 4432 3584 4513; baseline -0.001 -13"><span class='ocrx_word' id='word_1_674' title='bbox 336 4443 617 4501; x_wconf 86' lang='lat' dir='ltr'><strong>narrando</strong></span> <span class='ocrx_word' id='word_1_675' title='bbox 640 4438 1059 4505; x_wconf 83' lang='lat' dir='ltr'><strong>festivior?Quis</strong></span> <span class='ocrx_word' id='word_1_676' title='bbox 1107 4438 1158 4490; x_wconf 91' lang='lat' dir='ltr'><strong>in</strong></span> <span class='ocrx_word' id='word_1_677' title='bbox 1189 4435 1420 4505; x_wconf 86' lang='lat' dir='ltr'><strong>jocaudo</strong></span> <span class='ocrx_word' id='word_1_678' title='bbox 1463 4433 1740 4501; x_wconf 75' lang='lat' dir='ltr'><strong>argutior?</strong></span> <span class='ocrx_word' id='word_1_679' title='bbox 1778 4432 1907 4499; x_wconf 85' lang='lat' dir='ltr'><strong>Quis</strong></span> <span class='ocrx_word' id='word_1_680' title='bbox 1980 4434 2035 4489; x_wconf 89' lang='lat' dir='ltr'><strong>in</strong></span> <span class='ocrx_word' id='word_1_681' title='bbox 2108 4437 2437 4507; x_wconf 75' lang='lat' dir='ltr'><strong>obiurgando</strong></span> <span class='ocrx_word' id='word_1_682' title='bbox 2486 4440 2681 4494; x_wconf 73' lang='lat' dir='ltr'><strong>lenior.</strong></span> <span class='ocrx_word' id='word_1_683' title='bbox 2742 4439 2831 4495; x_wconf 89' lang='lat' dir='ltr'><strong>Sic</strong></span> <span class='ocrx_word' id='word_1_684' title='bbox 2876 4451 2934 4496; x_wconf 90' lang='lat' dir='ltr'><strong>ut</strong></span> <span class='ocrx_word' id='word_1_685' title='bbox 2987 4458 3162 4512; x_wconf 88' lang='lat' dir='ltr'><strong>neque</strong></span> <span class='ocrx_word' id='word_1_686' title='bbox 3196 4444 3486 4513; x_wconf 89' lang='lat' dir='ltr'><strong>increpatio</strong></span> <span class='ocrx_word' id='word_1_687' title='bbox 3533 4444 3584 4497; x_wconf 87' lang='lat' dir='ltr'><strong>iu</strong></span> 
     </span>
    </p>
   </div>
   <div class='ocr_carea' id='block_1_95' title="bbox 340 4526 3587 4607">
    <p class='ocr_par' dir='ltr' id='par_1_95' title="bbox 340 4526 3587 4607">
     <span class='ocr_line' id='line_1_95' title="bbox 340 4526 3587 4607; baseline -0.002 -13"><span class='ocrx_word' id='word_1_688' title='bbox 340 4540 727 4601; x_wconf 88' lang='lat' dir='ltr'><strong>temeritatem,</strong></span> <span class='ocrx_word' id='word_1_689' title='bbox 783 4548 957 4604; x_wconf 89' lang='lat' dir='ltr'><strong>neque</strong></span> <span class='ocrx_word' id='word_1_690' title='bbox 1010 4531 1339 4600; x_wconf 80' lang='lat' dir='ltr'><strong>indulgentia</strong></span> <span class='ocrx_word' id='word_1_691' title='bbox 1405 4528 1458 4582; x_wconf 92' lang='lat' dir='ltr'><strong>in</strong></span> <span class='ocrx_word' id='word_1_692' title='bbox 1510 4526 1787 4580; x_wconf 88' lang='lat' dir='ltr'><strong>mollitiem</strong></span> <span class='ocrx_word' id='word_1_693' title='bbox 1863 4530 2146 4597; x_wconf 85' lang='lat' dir='ltr'><strong>recideret,</strong></span> <span class='ocrx_word' id='word_1_694' title='bbox 2203 4533 2297 4588; x_wconf 90' lang='lat' dir='ltr'><strong>sed</strong></span> <span class='ocrx_word' id='word_1_695' title='bbox 2383 4533 2661 4601; x_wconf 91' lang='lat' dir='ltr'><strong>utriusque</strong></span> <span class='ocrx_word' id='word_1_696' title='bbox 2718 4548 3005 4591; x_wconf 81' lang='lat' dir='ltr'><strong>excessum</strong></span> <span class='ocrx_word' id='word_1_697' title='bbox 3065 4536 3294 4607; x_wconf 79' lang='lat' dir='ltr'><strong>fugeret,</strong></span> <span class='ocrx_word' id='word_1_698' title='bbox 3360 4543 3587 4604; x_wconf 85' lang='lat' dir='ltr'><strong>utroque</strong></span> 
     </span>
    </p>
   </div>
   <div class='ocr_carea' id='block_1_96' title="bbox 338 4620 3357 4702">
    <p class='ocr_par' dir='ltr' id='par_1_96' title="bbox 338 4620 3357 4702">
     <span class='ocr_line' id='line_1_96' title="bbox 338 4620 3357 4702; baseline -0.003 -13"><span class='ocrx_word' id='word_1_699' title='bbox 338 4640 705 4702; x_wconf 83' lang='lat' dir='ltr'><strong>congruenter</strong></span> <span class='ocrx_word' id='word_1_700' title='bbox 733 4639 787 4683; x_wconf 89' lang='lat' dir='ltr'><strong>ct</strong></span> <span class='ocrx_word' id='word_1_701' title='bbox 822 4625 1137 4695; x_wconf 82' lang='lat' dir='ltr'><strong>tempestive</strong></span> <span class='ocrx_word' id='word_1_702' title='bbox 1174 4635 1352 4685; x_wconf 87' lang='lat' dir='ltr'><strong>utens,</strong></span> <span class='ocrx_word' id='word_1_703' title='bbox 1396 4621 1551 4689; x_wconf 79' lang='lat' dir='ltr'><strong>juxta</strong></span> <span class='ocrx_word' id='word_1_704' title='bbox 1604 4620 1906 4676; x_wconf 77' lang='lat' dir='ltr'><strong>Salomonis</strong></span> <span class='ocrx_word' id='word_1_705' title='bbox 1948 4623 2112 4695; x_wconf 82' lang='lat' dir='ltr'><strong>leges,</strong></span> <span class='ocrx_word' id='word_1_706' title='bbox 2149 4628 2239 4695; x_wconf 89' lang='lat' dir='ltr'><strong>qui</strong></span> <span class='ocrx_word' id='word_1_707' title='bbox 2273 4628 2523 4682; x_wconf 88' lang='lat' dir='ltr'><strong>omnibus</strong></span> <span class='ocrx_word' id='word_1_708' title='bbox 2546 4628 2707 4683; x_wconf 90' lang='lat' dir='ltr'><strong>rebus</strong></span> <span class='ocrx_word' id='word_1_709' title='bbox 2743 4638 2953 4695; x_wconf 88' lang='lat' dir='ltr'><strong>tempus</strong></span> <span class='ocrx_word' id='word_1_710' title='bbox 2979 4626 3257 4681; x_wconf 78' lang='lat' dir='ltr'><strong>constituit</strong></span> <span class='ocrx_word' id='word_1_711' title='bbox 3292 4625 3357 4681; x_wconf 82' lang='lat'><strong>&quot;.</strong></span> 
     </span>
    </p>
   </div>
   <div class='ocr_carea' id='block_1_97' title="bbox 338 4711 1921 4790">
    <p class='ocr_par' dir='ltr' id='par_1_97' title="bbox 338 4711 1917 4789">
     <span class='ocr_line' id='line_1_97' title="bbox 338 4711 1917 4789; baseline -0.009 -11"><span class='ocrx_word' id='word_1_712' title='bbox 338 4782 343 4787; x_wconf 53' lang='grc'><strong>,</strong></span> <span class='ocrx_word' id='word_1_713' title='bbox 414 4724 535 4779; x_wconf 85' lang='grc' dir='ltr'>ΞΕ’.</span> <span class='ocrx_word' id='word_1_714' title='bbox 586 4721 746 4774; x_wconf 77' lang='grc' dir='ltr'>Ἀλλὰ</span> <span class='ocrx_word' id='word_1_715' title='bbox 770 4721 821 4773; x_wconf 90' lang='grc' dir='ltr'><strong>τί</strong></span> <span class='ocrx_word' id='word_1_716' title='bbox 845 4720 1017 4773; x_wconf 84' lang='grc' dir='ltr'>ταῦτα</span> <span class='ocrx_word' id='word_1_717' title='bbox 1040 4718 1175 4789; x_wconf 87' lang='grc' dir='ltr'>πρὸς</span> <span class='ocrx_word' id='word_1_718' title='bbox 1198 4716 1295 4787; x_wconf 81' lang='grc' dir='ltr'><strong>τὴν</strong></span> <span class='ocrx_word' id='word_1_719' title='bbox 1322 4717 1379 4767; x_wconf 86' lang='grc' dir='ltr'><strong>ὲν</strong></span> <span class='ocrx_word' id='word_1_720' title='bbox 1401 4714 1582 4781; x_wconf 86' lang='grc' dir='ltr'>λόγοις</span> <span class='ocrx_word' id='word_1_721' title='bbox 1605 4711 1699 4764; x_wconf 86' lang='grc' dir='ltr'><strong>τοῦ</strong></span> <span class='ocrx_word' id='word_1_722' title='bbox 1720 4712 1917 4783; x_wconf 74' lang='grc' dir='ltr'>ἀνδρὸς</span> 
     </span>
    </p>
   </div>
   <div class='ocr_carea' id='block_1_98' title="bbox 2006 4711 3589 4790">
    <p class='ocr_par' dir='ltr' id='par_1_98' title="bbox 2093 4715 3589 4790">
     <span class='ocr_line' id='line_1_98' title="bbox 2093 4715 3589 4790; baseline -0.001 -17"><span class='ocrx_word' id='word_1_723' title='bbox 2093 4715 2253 4775; x_wconf 71' lang='lat' dir='ltr'><strong>LXV.</strong></span> <span class='ocrx_word' id='word_1_724' title='bbox 2287 4720 2390 4774; x_wconf 85' lang='lat' dir='ltr'><strong>Sed</strong></span> <span class='ocrx_word' id='word_1_725' title='bbox 2419 4721 2544 4789; x_wconf 89' lang='lat' dir='ltr'><strong>quid</strong></span> <span class='ocrx_word' id='word_1_726' title='bbox 2584 4721 2685 4775; x_wconf 87' lang='lat' dir='ltr'><strong>ista</strong></span> <span class='ocrx_word' id='word_1_727' title='bbox 2718 4729 2865 4784; x_wconf 91' lang='lat' dir='ltr'><strong>sunt,</strong></span> <span class='ocrx_word' id='word_1_728' title='bbox 2921 4735 3030 4790; x_wconf 67' lang='lat' dir='ltr'><strong>prae</strong></span> <span class='ocrx_word' id='word_1_729' title='bbox 3078 4719 3218 4772; x_wconf 88' lang='lat' dir='ltr'><strong>illius</strong></span> <span class='ocrx_word' id='word_1_730' title='bbox 3262 4717 3471 4772; x_wconf 81' lang='lat' dir='ltr'><strong>dicendi</strong></span> <span class='ocrx_word' id='word_1_731' title='bbox 3513 4717 3589 4771; x_wconf 87' lang='lat' dir='ltr'><strong>fa-</strong></span> 
     </span>
    </p>
   </div>
   <div class='ocr_carea' id='block_1_99' title="bbox 341 4805 1917 4890">
    <p class='ocr_par' dir='ltr' id='par_1_99' title="bbox 341 4805 1917 4890">
     <span class='ocr_line' id='line_1_99' title="bbox 341 4805 1917 4890; baseline -0.007 -20"><span class='ocrx_word' id='word_1_732' title='bbox 341 4817 570 4890; x_wconf 82' lang='grc' dir='ltr'>ἀρετὴν,</span> <span class='ocrx_word' id='word_1_733' title='bbox 601 4814 697 4868; x_wconf 71' lang='grc' dir='ltr'><strong>καὶ</strong></span> <span class='ocrx_word' id='word_1_734' title='bbox 727 4813 787 4866; x_wconf 80' lang='grc' dir='ltr'>τὸ</span> <span class='ocrx_word' id='word_1_735' title='bbox 818 4813 919 4883; x_wconf 82' lang='grc' dir='ltr'>τῆς</span> <span class='ocrx_word' id='word_1_736' title='bbox 953 4809 1298 4871; x_wconf 86' lang='grc' dir='ltr'>διδασκαλίας</span> <span class='ocrx_word' id='word_1_737' title='bbox 1335 4807 1444 4877; x_wconf 67' lang='grc'>(54)</span> <span class='ocrx_word' id='word_1_738' title='bbox 1475 4805 1677 4878; x_wconf 82' lang='grc' dir='ltr'>κράτος</span> <span class='ocrx_word' id='word_1_739' title='bbox 1706 4805 1773 4858; x_wconf 85' lang='grc' dir='ltr'>τὰ</span> <span class='ocrx_word' id='word_1_740' title='bbox 1815 4806 1917 4860; x_wconf 79' lang='grc' dir='ltr'><strong>πέ-</strong></span> 
     </span>
    </p>
   </div>
   <div class='ocr_carea' id='block_1_100' title="bbox 346 4898 1915 4982">
    <p class='ocr_par' dir='ltr' id='par_1_100' title="bbox 346 4898 1915 4982">
     <span class='ocr_line' id='line_1_100' title="bbox 346 4898 1915 4982; baseline -0.008 -19"><span class='ocrx_word' id='word_1_741' title='bbox 346 4926 486 4982; x_wconf 84' lang='grc' dir='ltr'>ρατα</span> <span class='ocrx_word' id='word_1_742' title='bbox 529 4905 931 4977; x_wconf 71' lang='grc' dir='ltr'>οἰκειούμενονς</span> <span class='ocrx_word' id='word_1_743' title='bbox 975 4903 1096 4957; x_wconf 85' lang='grc' dir='ltr'>Ἔτι</span> <span class='ocrx_word' id='word_1_744' title='bbox 1141 4902 1268 4973; x_wconf 80' lang='grc' dir='ltr'>περὶ</span> <span class='ocrx_word' id='word_1_745' title='bbox 1323 4902 1448 4963; x_wconf 73' lang='grc' dir='ltr'>τοὺς</span> <span class='ocrx_word' id='word_1_746' title='bbox 1493 4899 1769 4971; x_wconf 82' lang='grc' dir='ltr'>πρόποὸας</span> <span class='ocrx_word' id='word_1_747' title='bbox 1820 4898 1915 4951; x_wconf 90' lang='grc' dir='ltr'><strong>τοῦ</strong></span> 
     </span>
    </p>
   </div>
   <div class='ocr_carea' id='block_1_101' title="bbox 417 5034 868 5102">
    <p class='ocr_par' dir='ltr' id='par_1_101' title="bbox 417 5034 868 5102">
     <span class='ocr_line' id='line_1_101' title="bbox 417 5034 868 5102; baseline -0.013 -8"><span class='ocrx_word' id='word_1_748' title='bbox 417 5041 465 5073; x_wconf 78' lang='grc'><strong>³·</strong></span> <span class='ocrx_word' id='word_1_749' title='bbox 498 5037 676 5093; x_wconf 85' lang='lat' dir='ltr'><strong>Eccle.</strong></span> <span class='ocrx_word' id='word_1_750' title='bbox 706 5034 868 5102; x_wconf 61' lang='lat'><strong>&quot;1,4.</strong></span> 
     </span>
    </p>
   </div>
   <div class='ocr_carea' id='block_1_102' title="bbox 416 5144 1754 5222">
    <p class='ocr_par' dir='ltr' id='par_1_102' title="bbox 416 5144 1754 5222">
     <span class='ocr_line' id='line_1_102' title="bbox 416 5144 1754 5222; baseline -0.009 -14"><span class='ocrx_word' id='word_1_751' title='bbox 416 5152 530 5222; x_wconf 79' lang='grc'>(25)</span> <span class='ocrx_word' id='word_1_752' title='bbox 559 5150 958 5222; x_wconf 72' lang='grc' dir='ltr'>Συνέσθοντα.</span> <span class='ocrx_word' id='word_1_753' title='bbox 986 5147 1042 5222; x_wconf 77' lang='lat' dir='ltr'><strong>In</strong></span> <span class='ocrx_word' id='word_1_754' title='bbox 1070 5147 1360 5222; x_wconf 72' lang='lat' dir='ltr'><strong>nonnullis,</strong></span> <span class='ocrx_word' id='word_1_755' title='bbox 1388 5144 1754 5222; x_wconf 70' lang='grc' dir='ltr'>συνεσθίοντα.</span> 
     </span>
    </p>
   </div>
   <div class='ocr_carea' id='block_1_103' title="bbox 419 5216 1909 5292">
    <p class='ocr_par' dir='ltr' id='par_1_103' title="bbox 419 5216 1909 5292">
     <span class='ocr_line' id='line_1_103' title="bbox 419 5216 1909 5292; baseline -0.007 -16"><span class='ocrx_word' id='word_1_756' title='bbox 419 5216 533 5292; x_wconf 83' lang='grc'>(26)</span> <span class='ocrx_word' id='word_1_757' title='bbox 568 5220 715 5292; x_wconf 67' lang='lat' dir='ltr'><strong>Hadr</strong></span> <span class='ocrx_word' id='word_1_758' title='bbox 741 5221 1209 5292; x_wconf 78' lang='grc' dir='ltr'>σταυρούμενον.</span> <span class='ocrx_word' id='word_1_759' title='bbox 1254 5237 1271 5269; x_wconf 77' lang='grc' dir='ltr'><strong>ι</strong></span> <span class='ocrx_word' id='word_1_760' title='bbox 1302 5218 1468 5271; x_wconf 86' lang='lat' dir='ltr'><strong>Deum</strong></span> <span class='ocrx_word' id='word_1_761' title='bbox 1508 5216 1820 5270; x_wconf 75' lang='lat' dir='ltr'><strong>crucifixum</strong></span> <span class='ocrx_word' id='word_1_762' title='bbox 1854 5232 1909 5268; x_wconf 72' lang='grc' dir='ltr'>ι»</span> 
     </span>
    </p>
   </div>
   <div class='ocr_carea' id='block_1_104' title="bbox 348 5290 1336 5352">
    <p class='ocr_par' dir='ltr' id='par_1_104' title="bbox 348 5290 1336 5352">
     <span class='ocr_line' id='line_1_104' title="bbox 348 5290 1336 5352; baseline -0.007 -4"><span class='ocrx_word' id='word_1_763' title='bbox 348 5290 555 5352; x_wconf 80' lang='lat' dir='ltr'><strong>scilicet</strong></span> <span class='ocrx_word' id='word_1_764' title='bbox 581 5290 787 5344; x_wconf 90' lang='lat' dir='ltr'><strong>ratione</strong></span> <span class='ocrx_word' id='word_1_765' title='bbox 820 5290 1001 5344; x_wconf 90' lang='lat' dir='ltr'><strong>carnis</strong></span> <span class='ocrx_word' id='word_1_766' title='bbox 1032 5296 1336 5351; x_wconf 67' lang='lat' dir='ltr'><strong>assumptze.</strong></span> 
     </span>
    </p>
   </div>
   <div class='ocr_carea' id='block_1_105' title="bbox 420 5355 1989 5433">
    <p class='ocr_par' dir='ltr' id='par_1_105' title="bbox 420 5355 1989 5433">
     <span class='ocr_line' id='line_1_105' title="bbox 420 5355 1989 5433; baseline -0.001 -20"><span class='ocrx_word' id='word_1_767' title='bbox 420 5362 534 5433; x_wconf 76' lang='grc'>(27)</span> <span class='ocrx_word' id='word_1_768' title='bbox 558 5358 1046 5433; x_wconf 66' lang='grc' dir='ltr'>Παραπεπήγασι,</span> <span class='ocrx_word' id='word_1_769' title='bbox 1076 5367 1182 5414; x_wconf 90' lang='lat' dir='ltr'><strong>etc.</strong></span> <span class='ocrx_word' id='word_1_770' title='bbox 1208 5355 1494 5433; x_wconf 62' lang='lat' dir='ltr'><strong>Menander</strong></span> <span class='ocrx_word' id='word_1_771' title='bbox 1515 5355 1647 5409; x_wconf 82' lang='lat' dir='ltr'><strong>dixit</strong></span> <span class='ocrx_word' id='word_1_772' title='bbox 1676 5372 1688 5408; x_wconf 91' lang='lat'><strong>:</strong></span> <span class='ocrx_word' id='word_1_773' title='bbox 1723 5355 1919 5433; x_wconf 71' lang='grc' dir='ltr'>Ἐγγὺς</span> <span class='ocrx_word' id='word_1_774' title='bbox 1981 5403 1989 5412; x_wconf 92' lang='grc'>.</span> 
     </span>
    </p>
   </div>
   <div class='ocr_carea' id='block_1_106' title="bbox 336 5427 1917 5513">
    <p class='ocr_par' dir='ltr' id='par_1_106' title="bbox 336 5427 1917 5513">
     <span class='ocr_line' id='line_1_106' title="bbox 336 5427 1917 5513; baseline -0.006 -28"><span class='ocrx_word' id='word_1_775' title='bbox 336 5427 539 5513; x_wconf 47' lang='grc' dir='ltr'><strong>θἀγαθῷ</strong></span> <span class='ocrx_word' id='word_1_776' title='bbox 564 5427 729 5483; x_wconf 77' lang='grc' dir='ltr'>κακὸν</span> <span class='ocrx_word' id='word_1_777' title='bbox 753 5427 1146 5513; x_wconf 52' lang='grc' dir='ltr'><strong>παραπεφρκε⁸</strong></span> <span class='ocrx_word' id='word_1_778' title='bbox 1179 5446 1196 5513; x_wconf 68' lang='lat' dir='ltr'><strong>t</strong></span> <span class='ocrx_word' id='word_1_779' title='bbox 1230 5427 1421 5513; x_wconf 47' lang='lat' dir='ltr'><strong>blalum</strong></span> <span class='ocrx_word' id='word_1_780' title='bbox 1441 5435 1638 5513; x_wconf 50' lang='lat' dir='ltr'><strong>‘uatura</strong></span> <span class='ocrx_word' id='word_1_781' title='bbox 1658 5427 1917 5513; x_wconf 37' lang='lat' dir='ltr'><strong>Strabo-uo</strong></span> 
     </span>
    </p>
   </div>
   <div class='ocr_carea' id='block_1_107' title="bbox 349 5496 1918 5583">
    <p class='ocr_par' dir='ltr' id='par_1_107' title="bbox 349 5496 1918 5583">
     <span class='ocr_line' id='line_1_107' title="bbox 349 5496 1918 5583; baseline -0.004 -28"><span class='ocrx_word' id='word_1_782' title='bbox 349 5496 1310 5583; x_wconf 25' lang='lat' dir='ltr'><strong>propinquumnestirlﬂt‘Aristoteles</strong></span> <span class='ocrx_word' id='word_1_783' title='bbox 1338 5516 1350 5550; x_wconf 90' lang='lat'>:</span> <span class='ocrx_word' id='word_1_784' title='bbox 1386 5514 1405 5545; x_wconf 80' lang='grc' dir='ltr'><strong>ι</strong></span> <span class='ocrx_word' id='word_1_785' title='bbox 1441 5496 1574 5551; x_wconf 83' lang='lat' dir='ltr'><strong>Vitia</strong></span> <span class='ocrx_word' id='word_1_786' title='bbox 1606 5504 1734 5551; x_wconf 90' lang='lat' dir='ltr'><strong>sunt</strong></span> <span class='ocrx_word' id='word_1_787' title='bbox 1758 5496 1918 5549; x_wconf 87' lang='lat' dir='ltr'><strong>virtu-</strong></span> 
     </span>
    </p>
   </div>
   <div class='ocr_carea' id='block_1_108' title="bbox 352 5567 1594 5711">
    <p class='ocr_par' dir='ltr' id='par_1_108' title="bbox 352 5567 1594 5711">
     <span class='ocr_line' id='line_1_108' title="bbox 352 5567 1386 5639; baseline -0.009 -14"><span class='ocrx_word' id='word_1_788' title='bbox 352 5567 495 5625; x_wconf 68' lang='lat' dir='ltr'><strong>tibus</strong></span> <span class='ocrx_word' id='word_1_789' title='bbox 516 5590 535 5620; x_wconf 74' lang='grc' dir='ltr'><strong>ι</strong></span> <span class='ocrx_word' id='word_1_790' title='bbox 563 5567 853 5639; x_wconf 72' lang='grc' dir='ltr'>ἀγχίθυρα,</span> <span class='ocrx_word' id='word_1_791' title='bbox 881 5571 1059 5632; x_wconf 86' lang='lat' dir='ltr'><strong>idest,</strong></span> <span class='ocrx_word' id='word_1_792' title='bbox 1094 5587 1112 5620; x_wconf 71' lang='grc' dir='ltr'><strong>ι</strong></span> <span class='ocrx_word' id='word_1_793' title='bbox 1143 5569 1335 5621; x_wconf 81' lang='lat' dir='ltr'><strong>vicina.</strong></span> <span class='ocrx_word' id='word_1_794' title='bbox 1369 5585 1386 5616; x_wconf 74' lang='grc' dir='ltr'><strong>ι</strong></span> 
     </span>
     <span class='ocr_line' id='line_1_109' title="bbox 411 5633 1594 5711; baseline -0.002 -18"><span class='ocrx_word' id='word_1_795' title='bbox 411 5640 523 5711; x_wconf 84' lang='grc'>(28)</span> <span class='ocrx_word' id='word_1_796' title='bbox 549 5640 863 5709; x_wconf 72' lang='grc' dir='ltr'>Στωμὺλρς</span> <span class='ocrx_word' id='word_1_797' title='bbox 904 5657 1008 5705; x_wconf 82' lang='grc' dir='ltr'>τις.</span> <span class='ocrx_word' id='word_1_798' title='bbox 1037 5640 1194 5696; x_wconf 86' lang='lat' dir='ltr'><strong>Deest</strong></span> <span class='ocrx_word' id='word_1_799' title='bbox 1213 5652 1295 5698; x_wconf 86' lang='grc' dir='ltr'><strong>τις</strong></span> <span class='ocrx_word' id='word_1_800' title='bbox 1329 5637 1378 5691; x_wconf 90' lang='lat' dir='ltr'><strong>in</strong></span> <span class='ocrx_word' id='word_1_801' title='bbox 1410 5633 1501 5691; x_wconf 88' lang='lat' dir='ltr'><strong>Or.</strong></span> <span class='ocrx_word' id='word_1_802' title='bbox 1543 5635 1594 5691; x_wconf 85' lang='grc'><strong>2.</strong></span> 
     </span>
    </p>
   </div>
   <div class='ocr_carea' id='block_1_109' title="bbox 2017 4796 3590 4881">
    <p class='ocr_par' dir='ltr' id='par_1_109' title="bbox 2017 4796 3590 4881">
     <span class='ocr_line' id='line_1_110' title="bbox 2017 4796 3590 4881; baseline -0.003 -16"><span class='ocrx_word' id='word_1_803' title='bbox 2017 4796 2234 4874; x_wconf 70' lang='grc' dir='ltr'>ριιιιιιιε,</span> <span class='ocrx_word' id='word_1_804' title='bbox 2301 4812 2585 4881; x_wconf 86' lang='lat' dir='ltr'><strong>palmaque</strong></span> <span class='ocrx_word' id='word_1_805' title='bbox 2635 4811 2916 4873; x_wconf 67' lang='lat' dir='ltr'><strong>doctrinae,</strong></span> <span class='ocrx_word' id='word_1_806' title='bbox 2972 4827 3076 4881; x_wconf 86' lang='lat' dir='ltr'><strong>qua</strong></span> <span class='ocrx_word' id='word_1_807' title='bbox 3120 4818 3393 4868; x_wconf 81' lang='lat' dir='ltr'><strong>extremas</strong></span> <span class='ocrx_word' id='word_1_808' title='bbox 3442 4808 3590 4862; x_wconf 84' lang='lat' dir='ltr'><strong>orbis</strong></span> 
     </span>
    </p>
   </div>
   <div class='ocr_carea' id='block_1_110' title="bbox 2016 4900 3587 4981">
    <p class='ocr_par' dir='ltr' id='par_1_110' title="bbox 2016 4900 3587 4981">
     <span class='ocr_line' id='line_1_111' title="bbox 2016 4900 3587 4981; baseline 0 -27"><span class='ocrx_word' id='word_1_809' title='bbox 2016 4910 2197 4972; x_wconf 86' lang='lat' dir='ltr'><strong>partes</strong></span> <span class='ocrx_word' id='word_1_810' title='bbox 2245 4903 2382 4981; x_wconf 76' lang='lat' dir='ltr'><strong>inter</strong></span> <span class='ocrx_word' id='word_1_811' title='bbox 2411 4918 2470 4959; x_wconf 92' lang='lat' dir='ltr'><strong>se</strong></span> <span class='ocrx_word' id='word_1_812' title='bbox 2521 4904 2859 4959; x_wconf 85' lang='lat' dir='ltr'><strong>conciliavit?</strong></span> <span class='ocrx_word' id='word_1_813' title='bbox 2887 4903 3077 4958; x_wconf 84' lang='lat' dir='ltr'><strong>Adhuc</strong></span> <span class='ocrx_word' id='word_1_814' title='bbox 3112 4902 3165 4957; x_wconf 90' lang='lat' dir='ltr'><strong>iu</strong></span> <span class='ocrx_word' id='word_1_815' title='bbox 3201 4901 3403 4958; x_wconf 86' lang='lat' dir='ltr'><strong>montis</strong></span> <span class='ocrx_word' id='word_1_816' title='bbox 3435 4900 3587 4955; x_wconf 84' lang='lat' dir='ltr'><strong>radi-</strong></span> 
     </span>
    </p>
   </div>
   <div class='ocr_carea' id='block_1_111' title="bbox 2097 5141 3099 5216">
    <p class='ocr_par' dir='ltr' id='par_1_111' title="bbox 2097 5141 3099 5216">
     <span class='ocr_line' id='line_1_112' title="bbox 2097 5141 3099 5216; baseline -0.002 -19"><span class='ocrx_word' id='word_1_817' title='bbox 2097 5144 2207 5216; x_wconf 73' lang='grc'>(29)</span> <span class='ocrx_word' id='word_1_818' title='bbox 2240 5142 2374 5213; x_wconf 85' lang='grc' dir='ltr'><strong>Τῆς.</strong></span> <span class='ocrx_word' id='word_1_819' title='bbox 2397 5142 2559 5216; x_wconf 76' lang='lat' dir='ltr'><strong>Deest</strong></span> <span class='ocrx_word' id='word_1_820' title='bbox 2590 5141 2645 5216; x_wconf 73' lang='lat' dir='ltr'><strong>in</strong></span> <span class='ocrx_word' id='word_1_821' title='bbox 2666 5141 2909 5211; x_wconf 87' lang='lat' dir='ltr'><strong>pluribus</strong></span> <span class='ocrx_word' id='word_1_822' title='bbox 2937 5142 3099 5216; x_wconf 80' lang='lat' dir='ltr'><strong>codd.</strong></span> 
     </span>
    </p>
   </div>
   <div class='ocr_carea' id='block_1_112' title="bbox 2098 5211 3137 5283">
    <p class='ocr_par' dir='ltr' id='par_1_112' title="bbox 2098 5211 3137 5283">
     <span class='ocr_line' id='line_1_113' title="bbox 2098 5211 3137 5283; baseline -0.003 -15"><span class='ocrx_word' id='word_1_823' title='bbox 2098 5211 2210 5281; x_wconf 78' lang='lat'><strong>(50)</strong></span> <span class='ocrx_word' id='word_1_824' title='bbox 2240 5211 2578 5283; x_wconf 69' lang='grc' dir='ltr'>Ψοφήμασι.</span> <span class='ocrx_word' id='word_1_825' title='bbox 2611 5212 2789 5283; x_wconf 84' lang='lat' dir='ltr'><strong>Pass.,</strong></span> <span class='ocrx_word' id='word_1_826' title='bbox 2825 5211 3137 5283; x_wconf 86' lang='grc' dir='ltr'>σοφίσμασι.</span> 
     </span>
    </p>
   </div>
   <div class='ocr_carea' id='block_1_113' title="bbox 2058 5282 3124 5355">
    <p class='ocr_par' dir='ltr' id='par_1_113' title="bbox 2058 5282 3124 5355">
     <span class='ocr_line' id='line_1_114' title="bbox 2058 5282 3124 5355; baseline -0.004 -16"><span class='ocrx_word' id='word_1_827' title='bbox 2058 5294 2061 5299; x_wconf 65' lang='lat'><em>&#39;</em></span> <span class='ocrx_word' id='word_1_828' title='bbox 2097 5286 2209 5355; x_wconf 77' lang='lat'><strong>(3|)</strong></span> <span class='ocrx_word' id='word_1_829' title='bbox 2245 5282 2578 5355; x_wconf 32' lang='grc' dir='ltr'><strong>ΤίςεΡΙιη-θξ</strong></span> <span class='ocrx_word' id='word_1_830' title='bbox 2607 5282 2762 5335; x_wconf 89' lang='lat' dir='ltr'><strong>codd.</strong></span> <span class='ocrx_word' id='word_1_831' title='bbox 2795 5282 3016 5355; x_wconf 72' lang='lat' dir='ltr'><strong>addunt,</strong></span> <span class='ocrx_word' id='word_1_832' title='bbox 3047 5282 3124 5335; x_wconf 88' lang='grc' dir='ltr'><strong>δέ.</strong></span> 
     </span>
    </p>
   </div>
   <div class='ocr_carea' id='block_1_114' title="bbox 2100 5351 3033 5425">
    <p class='ocr_par' dir='ltr' id='par_1_114' title="bbox 2100 5351 3033 5425">
     <span class='ocr_line' id='line_1_115' title="bbox 2100 5351 3033 5425; baseline -0.004 -16"><span class='ocrx_word' id='word_1_833' title='bbox 2100 5351 2211 5425; x_wconf 75' lang='grc'>(52)</span> <span class='ocrx_word' id='word_1_834' title='bbox 2242 5352 2518 5425; x_wconf 66' lang='grc' dir='ltr'>Ποιῆᾳαι.</span> <span class='ocrx_word' id='word_1_835' title='bbox 2552 5352 2723 5425; x_wconf 39' lang='lat' dir='ltr'><strong>Passi,</strong></span> <span class='ocrx_word' id='word_1_836' title='bbox 2748 5351 3033 5405; x_wconf 85' lang='grc' dir='ltr'>ποιεῖσθαι.</span> 
     </span>
    </p>
   </div>
   <div class='ocr_carea' id='block_1_115' title="bbox 2094 5420 3457 5494">
    <p class='ocr_par' dir='ltr' id='par_1_115' title="bbox 2094 5420 3457 5494">
     <span class='ocr_line' id='line_1_116' title="bbox 2094 5420 3457 5494; baseline -0.012 -3"><span class='ocrx_word' id='word_1_837' title='bbox 2094 5420 2205 5494; x_wconf 56' lang='grc'>(35)</span> <span class='ocrx_word' id='word_1_838' title='bbox 2246 5423 2660 5494; x_wconf 64' lang='grc' dir='ltr'><strong>Αιατάξιζνζος.</strong></span> <span class='ocrx_word' id='word_1_839' title='bbox 2693 5420 2747 5471; x_wconf 86' lang='lat' dir='ltr'><strong>lu</strong></span> <span class='ocrx_word' id='word_1_840' title='bbox 2784 5425 3068 5494; x_wconf 81' lang='lat' dir='ltr'><strong>nonnullis.</strong></span> <span class='ocrx_word' id='word_1_841' title='bbox 3094 5422 3457 5494; x_wconf 69' lang='grc' dir='ltr'>διδάσκοντος.</span> 
     </span>
    </p>
   </div>
   <div class='ocr_carea' id='block_1_116' title="bbox 2092 5490 3597 5562">
    <p class='ocr_par' dir='ltr' id='par_1_116' title="bbox 2092 5490 3597 5562">
     <span class='ocr_line' id='line_1_117' title="bbox 2092 5490 3597 5562; baseline -0.004 -12"><span class='ocrx_word' id='word_1_842' title='bbox 2092 5490 2202 5562; x_wconf 77' lang='grc'>(54)</span> <span class='ocrx_word' id='word_1_843' title='bbox 2236 5495 2306 5548; x_wconf 85' lang='grc' dir='ltr'><strong>Τὸ</strong></span> <span class='ocrx_word' id='word_1_844' title='bbox 2331 5492 2444 5560; x_wconf 79' lang='grc' dir='ltr'>τῆς</span> <span class='ocrx_word' id='word_1_845' title='bbox 2471 5490 2888 5557; x_wconf 68' lang='grc' dir='ltr'>διδασκαὶίιις,</span> <span class='ocrx_word' id='word_1_846' title='bbox 2913 5501 3017 5545; x_wconf 85' lang='lat' dir='ltr'><strong>clc.</strong></span> <span class='ocrx_word' id='word_1_847' title='bbox 3061 5510 3078 5543; x_wconf 79' lang='grc' dir='ltr'><strong>ι</strong></span> <span class='ocrx_word' id='word_1_848' title='bbox 3110 5491 3200 5546; x_wconf 80' lang='lat' dir='ltr'><strong>Vis</strong></span> <span class='ocrx_word' id='word_1_849' title='bbox 3222 5495 3313 5546; x_wconf 81' lang='lat' dir='ltr'><strong>illa</strong></span> <span class='ocrx_word' id='word_1_850' title='bbox 3341 5495 3597 5545; x_wconf 63' lang='lat' dir='ltr'><strong>doctrinm</strong></span> 
     </span>
    </p>
   </div>
   <div class='ocr_carea' id='block_1_117' title="bbox 2024 5562 2723 5621">
    <p class='ocr_par' dir='ltr' id='par_1_117' title="bbox 2024 5562 2723 5621">
     <span class='ocr_line' id='line_1_118' title="bbox 2024 5562 2723 5621; baseline -0.013 0"><span class='ocrx_word' id='word_1_851' title='bbox 2024 5568 2170 5621; x_wconf 87' lang='lat' dir='ltr'><strong>orbis</strong></span> <span class='ocrx_word' id='word_1_852' title='bbox 2198 5567 2331 5619; x_wconf 80' lang='lat' dir='ltr'><strong>lines</strong></span> <span class='ocrx_word' id='word_1_853' title='bbox 2363 5562 2675 5618; x_wconf 79' lang='lat' dir='ltr'><strong>concilians.</strong></span> <span class='ocrx_word' id='word_1_854' title='bbox 2705 5580 2723 5612; x_wconf 75' lang='grc' dir='ltr'><strong>ι</strong></span> 
     </span>
    </p>
   </div>
  </div>
