4100 6276
530 232 636 289 583

1726 222 1786 281 S.
1820 221 2146 282 GREGORH
2186 218 2533 281 THEOLOGI

3676 225 3788 281 585

535 350 688 405 cibus
712 359 1011 410 versamur,
1067 360 1096 398 ιι
1156 344 1355 399 vertice
1408 342 1648 399 remoti:
1694 343 1870 397 adhuc
1915 340 2110 396 fretum

2227 341 2374 413 Spem;
2417 339 2784 414 στρεφόμεθα,
2825 338 2924 411 τῆς
2961 338 3136 409 ἄκρας
3185 337 3603 410 ἀπολειπόμενοι
3653 340 3792 409 (55‘).

538 439 875 510 trajicintus,
940 436 1130 493 relicto
1188 449 1382 506 magno
1437 442 1491 489 et
1546 432 1813 503 profundo
1867 432 2107 488 Oceano.

544 529 812 584 Existimo
837 528 1004 591 enim,
1050 526 1094 581 si
1120 541 1239 596 quze
1265 540 1497 595 unquam
1515 526 1638 579 tuba
1669 524 1791 589 fuit,
1821 524 1903 578 vel
1928 522 2107 578 futura

536 634 638 684 εει,
675 622 728 675 in
757 633 933 673 aerem
960 633 1120 686 quam
1163 618 1475 688 longissime
1509 624 1821 685 penetrans,
1856 622 1952 669 aut
1999 628 2103 667 vox

540 714 632 768 Dei
686 717 855 765 totum
920 710 1106 765 orbem
1155 710 1649 778 comprehendcns,
1706 718 1799 763 aut
1846 708 2114 763 universa:

540 815 700 858 terrze
723 811 902 857 motus
937 816 1077 856 novo
1097 801 1326 868 quodam
1346 807 1400 854 et
1422 799 1668 855 mirando
1691 800 1850 854 modo
1871 810 2110 867 exortus,

539 896 655 948 haac
686 892 866 947 omnia
895 905 1080 945 vocem
1112 891 1251 944 illius
1282 905 1345 945 ac
1377 901 1612 945 mentem
1656 890 1820 945 fuisse
1844 929 1859 954 ,
1904 899 2111 946 tantum

536 998 726 1037 omnes
775 998 800 1036 a
850 990 1001 1049 tergo
1036 982 1424 1050 relinquentem
1459 989 1620 1051 atque
1666 980 1803 1036 infra
1846 996 1907 1036 se
1946 982 2113 1037 collo-

539 1085 785 1137 cantetn,
830 1082 1088 1144 quantum
1138 1087 1235 1126 nos
1271 1073 1548 1127 brutorum
1586 1082 1836 1126 naturam
1884 1086 2114 1141 supera-

541 1182 680 1221 mus.
718 1167 848 1233 Quis
889 1167 1125 1235 seipsum
1167 1166 1339 1234 magis
1383 1162 1604 1233 Spiritui
1637 1165 1919 1235 purgavit,
1954 1174 2116 1235 atque

543 1260 613 1311 ita
641 1273 699 1313 se
727 1254 1097 1327 comparavit,
1133 1265 1190 1309 ut
1218 1256 1408 1324 dignus
1432 1264 1608 1320 esset,
1650 1257 1741 1324 qui
1772 1254 1990 1309 oracula
2023 1256 2105 1309 div

540 1351 662 1403 vina
695 1347 1043 1418 explanaret?
1075 1346 1206 1411 Quis
1239 1360 1455 1399 rursum
1501 1342 1688 1410 majori
1724 1344 1966 1398 scientia:
1996 1342 2115 1397 luce

540 1441 887 1495 collustratus
923 1448 1025 1504 est,
1053 1449 1212 1507 atque
1238 1439 1288 1491 in
1320 1438 1580 1505 profunda
1626 1436 1861 1507 Spiritus
1890 1451 2113 1506 prospe-

544 1530 658 1596 xit,
704 1545 766 1583 ac
796 1544 916 1583 cum
967 1531 1103 1591 Deo,
1142 1544 1261 1596 quae
1287 1528 1380 1582 Dei
1434 1536 1595 1594 sunt,
1622 1527 1953 1597 exquisivit?
1988 1528 2118 1594 Quis

544 1635 704 1688 porro
735 1634 1035 1674 sermonem
1085 1618 1271 1671 habuit
1317 1618 1481 1671 animi
1516 1632 1673 1671 sensa
1709 1618 1901 1673 melius
1949 1631 2117 1686 expo-

547 1719 761 1763 nentem
785 1750 799 1769 .
834 1710 905 1762 ita
939 1718 995 1762 ιιι
1024 1718 1211 1761 neutra
1243 1717 1415 1776 parte,
1449 1718 1505 1763 ut
1537 1708 1796 1777 plerique,
1841 1708 2113 1762 claudica-

547 1810 652 1866 ret,
682 1816 874 1868 nempe
894 1841 908 1864 ,
939 1800 1024 1855 vel
1059 1810 1237 1854 mente
1263 1814 1511 1853 sermone
1556 1799 1840 1864 destituta,
1877 1800 1959 1851 vel
1996 1813 2115 1853 serv

548 1908 707 1965 mone
732 1894 822 1963 qui
872 1894 938 1947 ad
979 1892 1173 1946 mentis
1213 1890 1621 1961 intelligentiam
1675 1905 1779 1946 non
1822 1899 2111 1960 assurgat:

545 1998 733 2037 Verum
761 1998 942 2051 parem
967 1983 1018 2036 in
1046 1993 1269 2051 utraque
1289 1996 1348 2035 re
1374 1981 1585 2035 laudem
1606 1979 1891 2043 obtineret,
1917 1994 2117 2049 parque

547 2076 661 2145 ipse
686 2076 785 2131 sibi
815 2074 956 2130 haud
990 2076 1150 2129 dubie
1190 2082 1352 2136 esset,
1389 2087 1452 2127 ac
1492 2085 1617 2126 vere
1663 2072 1867 2139 integer
1903 2081 1955 2127 et
1990 2087 2118 2141 per-

546 2166 739 2221 fectus.
787 2166 864 2220 Ac
897 2164 1159 2233 quaedam
1190 2162 1471 2229 Scriptura
1517 2160 1618 2214 hoc
1655 2160 1877 2227 Spiritui
1929 2169 2119 2215 sancto

548 2260 756 2325 tribuit,
779 2258 919 2326 quod
942 2257 1121 2311 omnia
1140 2262 1431 2319 scrutetur,
1453 2252 1617 2306 etiam
1645 2252 1910 2321 profunda
1938 2254 2026 2308 Dei
2051 2253 2119 2320 ⁸³,

548 2366 657 2405 non
700 2357 760 2403 ut
792 2349 1067 2417 ignorans,
1106 2346 1200 2399 sed
1231 2352 1289 2397 ut
1328 2357 1395 2397 ex
1437 2357 1625 2397 eorum
1668 2343 2121 2417 contemplatione

546 2454 814 2494 summam
838 2437 1163 2507 voluptatem
1183 2434 1420 2504 capiens.
1448 2433 1677 2488 Basilius
1704 2445 1883 2489 autem
1908 2437 2118 2504 omnia,

2210 432 2290 487 ἔτι
2316 433 2561 504 πορθμὸν
2589 431 2961 503 διαπερῶμεν,
2992 432 3227 500 ἀφέντες
3256 432 3315 484 τὸ
3348 432 3490 503 μέγα
3518 432 3613 487 καὶ
3648 431 3794 503 βαθὺ

2210 525 2469 593 πέλαγος.
2514 520 2683 594 Οἶμαι
2729 523 2861 594 γὰρ,
2906 522 2960 575 εί
3001 539 3085 585 τις
3130 522 3369 589 ἐγένετο,
3418 522 3452 593 ἢ
3503 524 3798 594 γενήσεται

2213 615 2449 684 σάλπιγξ
2479 615 2572 668 ἐπὶ
2605 614 2740 667 πολὺ
2769 613 2863 666 τοῦ
2893 612 3053 685 ἀέρος
3083 611 3382 681 φθάνουσα,
3414 612 3447 683 ἦ
3475 612 3610 665 Θεοῦ
3636 614 3798 684 φωνὴ

2211 705 2302 758 τὸν
2336 706 2545 776 κόσμον
2574 703 3089 776 περιλαμϐάνουσα,
3118 702 3151 773 ἢ
3202 705 3425 773 σεισμὸς
3464 704 3799 776 οἰκουμένης

2212 794 2276 849 ἐκ
2304 813 2448 858 τινος
2477 795 2829 866 καινοτομίας
2858 794 2951 847 καὶ
2985 791 3286 860 θαύματος,
3316 792 3492 847 ταῦτα
3525 788 3665 847 εἶναι
3692 791 3798 865 τὴν

2213 886 2426 939 ἐκείνου
2455 886 2637 957 φωνὴν
2669 885 2765 939 καὶ
2791 885 3055 950 διάνοιαν,
3087 884 3341 938 τοσοῦτον
3378 885 3627 950 ἅπαντας
3657 886 3799 939 ἀπο-

2214 976 2509 1031 λείπουσαν
2545 979 2641 1031 καὶ
2673 977 2825 1030 κάτω
2850 976 3115 1041 τιθεῖσαν,
3151 976 3273 1029 ὅσον
3308 977 3409 1047 τὴν
3436 977 3545 1030 τῶν
3578 977 3797 1047 ἀλόγων

2217 1068 2380 1137 φύσιν
2421 1070 2605 1138 ἡμεῖς.
2657 1066 2754 1129 Τίς
2807 1067 2905 1138 μὲν
2943 1068 3139 1120 ἑαυτὸν
3184 1066 3421 1138 ἐκάθηρε
3470 1066 3670 1138 μᾶλλον
3713 1068 3801 1138 τῷ

2216 1159 2517 1229 Πνεύματι,
2569 1160 2665 1213 καὶ
2712 1159 2861 1225 ἄξιον
2911 1158 3004 1212 τοῦ
3050 1158 3451 1230 διηγεῖσθαιτά
3489 1159 3608 1214 θεῖα
3648 1176 3799 1232 παρ-

2218 1250 2482 1303 εσκεύασε
2500 1267 2515 1316 ;
2535 1249 2618 1313 τίς
2637 1250 2693 1302 δὲ
2727 1249 2927 1320 μᾶλλον
2954 1248 3226 1320 ἐφωτίσθη
3261 1248 3377 1318 φῶς
3402 1248 3678 1317 γνώσεως,
3698 1250 3799 1303 καὶ

2216 1342 2470 1410 διέκοψεν
2519 1346 2600 1406 εἰς
2645 1341 2716 1395 τά
2766 1341 2904 1413 βάθη
2956 1340 3051 1395 τοῦ
3110 1340 3462 1412 Πνεύματος,
3511 1342 3604 1394 καὶ
3654 1342 3799 1411 μετά

2217 1431 2353 1484 Θεοῦ
2386 1432 2497 1501 (56)
2543 1432 2611 1485 τὰ
2642 1431 2784 1503 ,περὶ
2829 1430 2965 1483 Θεοῦ
3005 1431 3362 1501 διεσκέψατος
3411 1431 3497 1495 τίς
3531 1432 3589 1485 δὲ
3638 1432 3800 1501 λόγον

2220 1524 2378 1593 ἔσχεν
2409 1524 2620 1593 ἀμείνω
2663 1523 2770 1576 τῶν
2803 1523 3102 1594 νοηθέντων
3141 1524 3483 1596 ἑρμηνευτὴν
3504 1567 3517 1589 ,
3561 1524 3635 1589 ὡς
3669 1524 3799 1599 μηδ’

2221 1615 2393 1686 ἑτέρῳ
2428 1615 2538 1684 (57)
2572 1614 2811 1680 σκάζειν,
2856 1614 2999 1669 κατά
3030 1616 3155 1679 τοὺς
3184 1616 3430 1681 πολλοὺς,
3467 1617 3501 1690 ἢ
3539 1618 3614 1690 νῷ
3641 1619 3802 1687 λόγον

2149 1685 2191 1740 Β
2219 1707 2322 1759 οὐκ
2372 1707 2581 1776 ἔχοντι,
2613 1707 2645 1777 ἢ
2680 1706 2824 1777 λόγῳ
2867 1707 2942 1779 μὴ
2983 1707 3127 1761 κατά
3169 1708 3293 1762 νοῦν
3335 1685 3621 1780 βεϐηκότι·
3679 1685 3802 1765 ἀλλ’

2213 1796 2609 1867 ἀμφοτέρωθεν
2667 1798 2873 1868 ὁμοίως
2930 1798 3269 1870 εὐδοκιμεῖν,
3326 1803 3419 1853 καὶ
3474 1801 3633 1855 αὐτὸν
3684 1802 3804 1855 ἴσον

2218 1885 2395 1940 ὲαυτῶ
2456 1888 2781 1957 φαίνεσθαι,
2830 1890 2925 1944 καὶ
2989 1891 3156 1956 ὅντως
3210 1893 3415 1964 ἔρτιον.
3464 1893 3647 1947 Πάντα
3700 1894 3804 1963 μὲν

2225 1980 2452 2050 ὲρευνᾷν
2480 2021 2492 2041 ,
2525 1981 2617 2034 καὶ
2649 1980 2719 2034 τὰ
2759 1979 2898 2053 βάθη
2931 1982 3023 2036 τοῦ
3056 1982 3223 2050 Θεοῦ,
3261 1983 3339 2054 τῷ
3377 1985 3657 2055 Πνέυματι
3702 2002 3806 2055 με-

2228 2071 2575 2143 μαρτύρηται
2596 2113 2608 2136 ,
2640 2073 2738 2145 οὐχ
2766 2073 2840 2137 ὼς
2872 2074 3189 2143 ἀγνοοῦντι,
3220 2075 3335 2128 ἀλλ’
3363 2076 3440 2140 ὡς
3468 2078 3807 2148 ἐντρυφῶντι

2222 2166 2288 2235 τῇ
2336 2164 2559 2237 θεωρίᾳ.
2616 2166 2802 2219 Πάντα
2846 2167 2904 2219 δὲ
2954 2166 3147 2237 ἐκείνῳ
3193 2166 3541 2238 διηρεύνηται
3585 2168 3657 2221 τὰ
3701 2168 3806 2221 τοῦ

2224 2256 2564 2327 Πνεύματος,
2600 2257 2660 2322 ἐξ
2686 2250 2760 2311 ὧν
2794 2254 2926 2327 ἦθος
2953 2259 3096 2312 ἂπαν
3128 2259 3436 2323 ἐπαίδευσε,
3470 2261 3563 2312 καὶ
3592 2259 3806 2330 ὐψηγο-

2227 2349 2349 2421 ρίαν
2384 2349 2590 2416 ἐδίδαξε
2623 2349 2735 2419 (58)
2759 2389 2773 2413 ,
2827 2351 2921 2405 καὶ
2966 2351 3075 2406 τῶν
3108 2351 3392 2422 παρόντων
3423 2352 3766 2423 ἀπανέστηοε
3788 2394 3806 2419 ,

2218 2442 2315 2495 καὶ
2345 2441 2481 2513 πρὸς
2506 2441 2576 2494 τὰ
2612 2442 2875 2513 μέλλοντα
2907 2443 3308 2514 μετεσκεύασεν
3340 2444 3474 2515 (59).

545 2550 669 2605 qum
694 2533 927 2602 Spiritus
950 2539 1095 2593 sum.
1120 2537 1487 2598 perscrutatus
1512 2536 1612 2592 est,
1642 2543 1707 2583 ex
1738 2544 1910 2601 eoque
1937 2547 2115 2588 mores
2152 2547 2340 2590 omnes
2368 2535 2635 2602 erudivit,
2704 2550 2768 2591 ac
2838 2537 3142 2593 sublimiter
3192 2537 3338 2608 loqui
3384 2538 3598 2605 docuit,
3630 2540 3810 2595 horni-

550 2638 786 2694 numque
814 2624 1023 2678 animos
1054 2622 1254 2692 821a
1300 2620 1460 2676 rebus
1491 2623 1849 2690 prmsentibus
1881 2626 2183 2681 abstractos
2221 2629 2286 2682 ad
2327 2627 2504 2682 futura
2536 2630 2794 2683 traduxit.

628 2716 808 2773 LXVI.
839 2716 1112 2771 Laudatur
1142 2717 1281 2787 apud
1317 2718 1568 2773 Davidem
1594 2718 1727 2773 solis
1753 2719 2118 2788 pulchritudo,

2292 2720 2428 2790 EQ".
2465 2722 2647 2776 ’Πλίου
2674 2722 2772 2793 μὲν
2800 2724 3100 2776 ἐπαινεῖται
3126 2725 3279 2797 παρά
3298 2724 3374 2798 τῷ
3400 2726 3563 2781 Δαεὶδ
3587 2727 3807 2793 κάλλος,

551 2822 609 2867 et
633 2810 965 2881 magnitudo.
992 2818 1045 2864 et
1070 2825 1262 2866 cursus
1289 2809 1559 2875 celeritas,
1587 2819 1639 2862 et
1673 2810 1752 2864 vis
1778 2826 1841 2866 ac
1871 2810 2121 2876 facultas;

552 2904 750 2975 quippe
779 2903 869 2971 qui
902 2918 1157 2971 sponsum
1191 2901 1505 2971 splendore,
1540 2902 1810 2971 gigantem
1853 2902 2118 2970 magnitu-

550 2996 679 3050 dine
708 2993 991 3059 relerat“,
1030 3009 1094 3048 ac
1121 2993 1277 3063 longe
1311 2993 1528 3063 lateque
1551 2993 1965 3062 progrediendo,
2002 3002 2124 3047 tan-

554 3096 664 3140 tam
695 3087 800 3140 vim
833 3087 1053 3149 habeat,
1084 3095 1142 3140 ut
1186 3087 1253 3139 ah
1280 3086 1542 3141 extremis
1565 3095 1806 3138 extrema
1838 3099 1989 3154 azque
2018 3084 2128 3139 col-

554 3179 774 3245 lt-stret,
802 3192 899 3232 nec
924 3177 1161 3232 locorum
1189 3177 1488 3231 intervallis
1510 3178 1675 3246 ipsius
1704 3178 1850 3230 calor
1878 3176 1984 3231 ullo
2010 3190 2127 3231 mo-

556 3272 625 3325 do
673 3271 967 3325 minuatur.
1028 3269 1223 3321 Basilio
1276 3279 1454 3322 autem
1513 3268 1902 3337 pulchritudo,
1956 3269 2126 3322 virtus

558 3362 699 3428 fuit;
736 3361 1066 3433 magnitudo,
1100 3362 1405 3429 theologia;
1436 3374 1650 3424 cursus,
1686 3372 1941 3429 perpetua
1971 3375 2125 3414 men-

558 3456 627 3509 tis
657 3454 901 3525 agitatio,
944 3468 1039 3521 per
1077 3452 1421 3521 quotidianus
1450 3466 1707 3506 ascensus
1740 3453 1806 3505 ad
1839 3450 2007 3506 Deum
2049 3450 2127 3505 l‘e-

556 3560 714 3611 rens;
752 3546 1008 3614 potentia,
1039 3543 1297 3597 doctrinae
1331 3556 1515 3597 semen
1555 3557 1617 3596 ac
1650 3540 1978 3597 distributio.
2020 3541 2127 3595 lta-

555 3648 664 3704 que
707 3650 774 3688 ne
818 3635 917 3687 hoc
949 3636 1164 3701 quidem
1201 3633 1329 3686 mihi
1381 3634 1561 3687 dicere
1598 3633 1891 3687 verendum
1945 3643 2046 3697 est,
2076 3633 2130 3687 in

559 3740 773 3780 omnem
830 3735 1027 3777 terram
1076 3740 1265 3777 sonum
1314 3724 1456 3778 illius
1488 3725 1707 3789 exiisse,
1728 3733 1886 3792 atque
1915 3724 1966 3777 in
1997 3724 2129 3778 lines

555 3809 705 3863 orbis
741 3820 894 3863 terrae
936 3811 1038 3862 vim
1080 3810 1221 3864 illius
1246 3812 1531 3867 verborum
1546 3812 1615 3878 ³⁸,
1645 3812 1788 3881 quod
1824 3813 1889 3867 de
1915 3823 2131 3881 aposto-

561 3899 628 3953 lis
657 3898 855 3953 Paulns
888 3901 1043 3965 dixit,
1078 3916 1104 3952 a
1146 3901 1345 3955 Davide
1389 3916 1679 3957 mutuatus.
1716 3903 1972 3971 Qnmnatn
2030 3904 2132 3960 lto-

560 3992 650 4045 die
678 3991 780 4044 alia
817 3992 977 4045 ullius
1020 4002 1319 4048 conventus
1363 3995 1584 4049 lil'llllﬂ?
1606 3996 1736 4063 Qua:
1763 3998 2131 4052 conviviorum

2233 2814 2326 2868 καὶ
2362 2814 2617 2884 μέγεθος,
2660 2816 2752 2867 καὶ
2789 2814 2989 2885 δρόμου
3020 2814 3206 2885 τάχος,
3238 2818 3332 2871 καὶ
3365 2817 3593 2888 δύναμις
3614 2834 3628 2849 ο
3661 2818 3811 2888 λάμ-

2233 2922 2427 2968 ποντος
2454 2906 2529 2967 ὡς
2557 2906 2817 2975 νυμφίου,
2852 2906 3185 2976 εὐμεγέθους
3213 2908 3287 2972 ὡς
3311 2909 3585 2978 γίγαντος,
3618 2901 3679 2962 οὗ
3712 2909 3815 2962 καὶ

2232 2997 2293 3049 τὸ
2327 2996 2460 3049 πολὺ
2497 2997 2813 3059 διαϐαίνειν,
2860 2996 2972 3066 ἔχει
3007 2997 3236 3069 δύναμιν
3277 2998 3554 3066 τοσοῦτον,
3587 3000 3662 3064 ὡς
3712 3001 3813 3054 ἀπ’

2233 3087 2418 3159 ἄκρων
2458 3089 2526 3141 τά
2580 3089 2726 3159 ἄκρα
2762 3089 3019 3159 ἰσοτίμως
3054 3091 3474 3160 καταφωτίζειν,
3507 3093 3601 3147 κα)⁸
3640 3092 3812 3164 μηδὲν

2235 3180 2589 3233 ἐλαττοῦσθαι
2610 3182 2709 3251 τὴν
2732 3181 2938 3253 θερμὴν
2967 3184 3077 3245 τοῖς
3096 3182 3442 3254 διαστήμασι.
3476 3183 3581 3237 Τοῦ
3606 3183 3662 3238 δὲ
3686 3184 3810 3238 κάλα

2235 3271 2325 3333 λος
2363 3272 2481 3342 μὲν,
2531 3274 2563 3341 η
2601 3272 2801 3342 ἀρετή⁶
2840 3270 3066 3342 μέγεθος
3107 3271 3184 3337 δὲ,
3234 3273 3267 3342 ἡ
3302 3272 3578 3342 θεολογίαν
3613 3274 3816 3345 δρόμος

2235 3363 2312 3426 δὲ,
2338 3363 2397 3415 τὸ
2424 3364 2753 3434 ἀεικίνητον,
2783 3364 2876 3416 καὶ
2904 3362 3065 3435 μέχρι
3098 3363 3232 3417 Θεοῦ
3268 3365 3429 3436 φέρον
3458 3368 3577 3429 ταῖς
3609 3367 3818 3421 ἀναϐά-

2241 3469 2356 3505 σεσι
2379 3470 2391 3482 ’
2419 3453 2647 3523 δύναμις
2691 3453 2745 3505 δὲ
2770 3492 2783 3515 ,
2815 3455 2847 3521 ὴ
2887 3451 2981 3504 τοῦ
3026 3452 3184 3521 λόγου
3216 3453 3395 3525 σπορά
3436 3455 3530 3508 καὶ
3558 3455 3817 3520 διάδοσις.

2240 3544 2401 3597 Ὥστε
2434 3545 2640 3615 ἔμοιγε,
2668 3544 2788 3597 οὐδὲ
2821 3544 2977 3597 τοῦτο
3005 3544 3179 3598 εἰπεῖν
3203 3545 3478 3615 ὀκνητέον,
3503 3546 3563 3599 τὸ
3595 3547 3673 3611 είς
3705 3550 3822 3601 πᾶ-

2241 3652 2340 3687 σαν
2366 3635 2463 3706 τὴν
2497 3635 2599 3705 γῆν
2628 3633 2860 3699 ἐξελθεῖν
2898 3634 2988 3689 τὸν
3024 3635 3258 3707 φθόγγον
3293 3636 3455 3690 αὐτοῦ
3474 3677 3487 3702 ,
3518 3637 3613 3690 καὶ
3638 3639 3719 3701 εἰς
3747 3638 3824 3694 τὰ

2241 3729 2451 3798 πέρατα
2480 3730 2573 3797 τῆς
2618 3728 2938 3799 οἰκουμένης
2972 3729 3080 3781 τῶν
3108 3726 3369 3800 ρημάτων
3406 3729 3505 3801 τὴν
3543 3730 3773 3801 δύναμιν
3802 3749 3820 3763 ο

2240 3820 2267 3871 ὃ
2300 3819 2427 3890 περὶ
2456 3818 2563 3871 τῶν
2598 3819 2907 3872 ἀποστόλων
2936 3820 2964 3872 ὁ
2995 3819 3203 3883 Παῦλος
3242 3820 3430 3892 ἔφησε,
3466 3820 3616 3891 παρὰ
3651 3822 3826 3877 Δαίλδ

2242 3910 2596 3981 ἐκδεξάμενος
2643 3910 2776 3982 (40).
2823 3911 2921 3974 Τίς
2961 3911 3058 3982 μὲν
3100 3909 3232 3981 ἄλλη
3283 3910 3538 3979 συλλόγου
3578 3914 3824 3984 σήμερον

2242 4001 2433 4073 χάρις;
2460 4001 2556 4065 Τίς
2588 4001 2645 4054 δὲ
2678 4002 2993 4073 συμποσίων
3026 4002 3184 4073 ἡδονή
3208 4019 3222 4066 ;
3250 4003 3346 4066 Τίς
3372 4002 3427 4056 δὲ
3456 4002 3695 4074 άγορῶνς
3720 4004 3824 4067 Τίς

559 4080 846 4149 voluptas?
869 4082 999 4147 Qua:
1025 4082 1159 4135 fori?
1185 4082 1315 4151 Quae
1354 4087 1749 4141 ecclesiarum?
1780 4087 1911 4154 Quae
1940 4089 2123 4158 princi-

2243 4097 2301 4149 δὲ
2344 4095 2678 4164 ὲκκλησιῶνς
2731 4096 2825 4158 Τίς
2850 4094 2958 4147 τῶν
2987 4097 3044 4146 ὲν
3071 4094 3233 4155 τέλει,
3269 4095 3365 4147 κα),
3386 4094 3494 4147 τῶν
3524 4096 3637 4164 μετ’
3669 4095 3822 4148 ὲκεί-

560 4186 684 4241 pum
709 4182 764 4226 et
790 4174 1119 4243 privatorum
1151 4176 1394 4233 deliciae?
1421 4178 1550 4245 Quae
1595 4181 2009 4249 monachorum,
2045 4189 2137 4235 aut

559 4281 748 4321 eorum
801 4267 890 4336 qui
946 4268 1204 4323 societate
1236 4271 1505 4339 gaudent?
1535 4271 1665 4338 Qua
1702 4287 1915 4334 eorum.
1954 4273 2043 4343 qui
2074 4289 2134 4330 se

557 4372 587 4410 ιι
618 4358 864 4433 negotiis
908 4371 1272 4425 removerunt,
1304 4362 1388 4415 vel
1412 4376 1598 4416 eorum
1628 4364 1719 4431 qui
1750 4365 1801 4417 in
1831 4365 1992 4419 rebus
2033 4378 2127 4433 ge-

560 4452 741 4505 rendis
769 4450 1085 4505 versantur?
1125 4452 1255 4517 Qua:
1288 4466 1474 4507 eorum
1508 4454 1597 4523 qui
1624 4454 1883 4524 profanae,
1923 4454 2006 4510 vel
2036 4470 2129 4510 eo-

561 4560 675 4597 rum
725 4544 816 4613 qui
872 4554 1070 4599 nostra:
1133 4544 1432 4613 disciplina:
1496 4548 1731 4600 studium
1778 4545 2135 4615 proﬁtentur?

566 4635 700 4700 lina,
738 4646 791 4689 et
829 4651 923 4701 per
946 4638 1148 4700 omnia,
1179 4647 1230 4690 et
1255 4638 1486 4690 maxima
1519 4640 1836 4704 oblectatio,
1869 4639 2014 4694 illius
2047 4653 2138 4693 vo-

630 4770 673 4802 ⁸³
702 4771 717 4823 l
749 4770 871 4825 Cor.
906 4787 965 4838 ll,
1011 4770 1094 4825 l0.
1172 4770 1216 4803 “
1249 4770 1391 4827 I’sal.
1426 4788 1577 4839 xvtu,
1606 4773 1659 4827 6.
1736 4773 1781 4806 ⁸⁸
1807 4772 1933 4828 ibid.
1959 4773 2025 4838 5;
2061 4772 2218 4828 Rom.

631 4932 745 5001 (35)
791 4933 921 4985 Ἔτι
951 4972 965 4986 .
986 4970 999 4985 .
1023 4971 1037 4985 .
1073 4929 1556 4997 ἀπολειπόμενοι.
1618 4925 1740 4983 llaec
1770 4936 1824 4983 et
1856 4924 2134 4994 interiecta

561 5004 751 5059 dcsunt
777 5004 826 5054 in
857 5002 1173 5063 quibusdam
1197 5001 1357 5052 codd.

631 5072 742 5139 (36)
770 5072 943 5126 Θεοῦ.
967 5070 1059 5124 Or.
1090 5071 1143 5132 2,
1170 5070 1263 5122 τοῦ
1284 5067 1438 5139 Θεοῦ.

631 5138 744 5211 (57)
782 5141 1006 5209 Ἑτέρῳ.
1039 5140 1167 5206 Ιιίὶςζο
1199 5141 1289 5207 Ph,
1314 5138 1515 5211 ἑτέρως

636 5206 745 5278 (38)
776 5212 881 5265 Καὶ
901 5206 1250 5278 ’ὑμνηγορίαν
1279 5206 1536 5272 ἐδίδαξε.
1592 5206 1680 5261 Ait
1736 5206 2135 5278 Billius,quasi

560 5298 624 5335 ex
654 5282 854 5342 Nieeta,
883 5277 1199 5347 Gregorium
1229 5281 1311 5333 his
1350 5279 1524 5332 verbis
1555 5278 1857 5347 signiﬁcare
1884 5277 2133 5336 voluisse.

563 5354 755 5406 librum
793 5353 864 5404 De
900 5351 1161 5404 Trinilate
1199 5367 1226 5403 a
1264 5350 1459 5402 Basilio
1496 5349 1662 5401 fuisse
1703 5348 1993 5415 scriptum;
2042 5349 2130 5415 qui

564 5424 698 5477 liber
734 5423 846 5491 jam
898 5436 1003 5474 non
1044 5430 1241 5481 exstat,
1299 5421 1400 5472 nisi
1430 5420 1565 5471 forte
1610 5434 1703 5491 per
1750 5418 1890 5469 hunc
1933 5417 2131 5491 librum

562 5485 849 5549 Orationes
900 5495 965 5546 de
1029 5492 1296 5560 theologia
1347 5485 1703 5558 intelligenda:
1758 5491 1884 5541 sint.
1933 5485 2132 5541 Verum

566 5562 702 5630 apud
732 5563 968 5616 Nicetam
991 5561 1121 5614 nihil
1153 5566 1257 5615 tale
1283 5562 1538 5614 occurrit.

635 5632 745 5703 (59)
764 5633 1240 5687 Μετεσκεύασεν.
1268 5632 1394 5698 llcg.
1420 5630 1510 5700 ph,
1538 5630 1686 5686 Pass.
1708 5627 2132 5684 παοεσκεύασεν.

2245 4202 2368 4249 νους
2387 4186 2602 4257 τρυφῆς
2625 4184 2721 4248 Τίς
2748 4184 3028 4255 μοναστῶν
3053 4184 3184 4254 (41),
3222 4185 3253 4253 ἢ
3287 4183 3557 4253 μιγάδων;
3587 4183 3679 4246 Τίς
3709 4182 3822 4234 τῶν

2242 4276 2636 4348 ἀπραγμόνων,
2672 4276 2704 4347 ἢ
2741 4276 2848 4327 τῶν
2882 4276 2939 4327 ἐν
2974 4275 3258 4346 πράγματι
3299 4273 3450 4345 (42);
3487 4275 3580 4336 Τίς
3607 4274 3712 4326 τῶν
3748 4274 3826 4330 τὰ

2241 4367 2438 4435 ἔξωθεν
2474 4366 2930 4438 φιλοσοφούντων,
2960 4367 2992 4435 ἢ
3026 4365 3096 4418 τά
3130 4364 3400 4436 ἡμέτερα;
3439 4365 3572 4430 Μία,
3611 4364 3701 4417 καὶ
3729 4364 3825 4420 διὰ

2242 4462 2481 4525 πάντων,
2520 4459 2681 4529 καὶὴ
2736 4460 2991 4529 μεγίστη,
3040 4458 3108 4510 τά
3157 4459 3364 4510 ἐκείνου
3414 4459 3821 4531 συγγράμματα

2243 4554 2336 4607 καὶ
2364 4554 2673 4624 πονήματα.
2706 4552 2838 4604 Οὐδὲ
2866 4550 3169 4622 γραφεῦσιν
3200 4549 3308 4618 (όὸ)
3333 4549 3563 4621 εὐπορία
3581 4566 3661 4611 τις
3682 4548 3825 4603 άλλτι

2246 4643 2360 4714 μετ’
2391 4643 2620 4707 ἐκεῖνον,
2659 4642 2690 4712 ἢ
2722 4642 2790 4696 τά
2824 4641 3032 4694 ἐκείνου
3061 4642 3490 4711 συγγράμματα.
3539 4641 3826 4693 Σιωπᾶται

2241 4788 2297 4839 ι,
2328 4772 2415 4830 18.

2317 4927 2426 4997 (40)
2463 4924 2910 4999 Ἐκδεξάμενος.
2934 4926 3376 4999 SicpluresRu-gg
3406 4924 3629 4999 ,plures
3657 4924 3817 4999 Coll).

2244 5009 2299 5052 et
2332 5004 2436 5052 duo
2461 5001 2625 5055 Coisl.
2664 4998 2719 5053 ιιι
2747 5000 2859 5063 ed.,
2895 4998 3272 5066 ἐκλεξάμενος,
3314 5017 3332 5047 ι
3364 4998 3626 5067 deligens,
3660 4998 3823 5050 colli-

2282 5086 2395 5121 ens.
2421 5089 2439 5121 ι

2282 5086 2439 5121 ens.»

2245 5084 2277 5137 Β
2318 5139 2428 5208 (41)
2472 5138 2822 5192 Μοναστῶν.
2871 5138 3110 5192 rEorum
3161 5138 3247 5206 qui
3305 5135 3597 5208 solitariam
3646 5136 3823 5208 vitam

2248 5205 2439 5275 agunt;
2486 5229 2505 5261 ι
2544 5209 2577 5279 ἢ
2615 5210 2875 5279 μιγάδων,
2928 5229 2945 5260 ι
2974 5219 3063 5261 aut
3090 5224 3297 5269 eorum,
3328 5208 3416 5276 qui
3454 5207 3567 5274 pari
3609 5205 3828 5262 virtutis

2248 5280 2494 5347 palmstra
2530 5295 2649 5333 cum
2686 5280 2806 5333 aliis
2835 5284 3258 5333 communicant.
3300 5296 3318 5329 ι

2318 5350 2428 5420 (42)
2462 5347 2785 5417 Πράγματι.
2825 5350 3066 5415 Quatuor
3095 5348 3288 5417 llegg.,

2243 5422 2553 5489 πράγμασι.
2570 5437 2589 5470 ι

2314 5483 2425 5558 (43)
2463 5487 2841 5558 Γραφεῦσιν,
2892 5499 2997 5545 etc.
3067 5487 3255 5553 Savil.,
3312 5483 3686 5558 συγγραφεῦσί
3734 5498 3831 5552 τις

2244 5561 2377 5630 ἄλλη
2413 5558 2669 5630 εὐπορία.
2705 5578 2721 5609 ι
2880 5558 2885 5561 ⁷

3327 5347 3475 5400 Pass.
3511 5354 3564 5399 et
3597 5344 3820 5409 Comh.,
