4100 6276
281 297 396 355 εδδ
1110 295 1369 353 ORATIO
1409 294 1589 351 XLIII.
1632 324 1699 335 —-
1734 293 1805 349 IN
1843 295 2125 351 LAUDEM
2168 297 2407 354 BASILII
2448 299 2687 359 MAGNI.
3446 310 3552 367 58G

270 414 354 468 *τὰ
384 412 614 479 παλαιὰ,
653 414 754 467 ὅσα
799 412 944 477 τινες
977 429 1089 475 τοις
1116 412 1282 475 θείοις
1322 411 1523 480 λογίοις
1549 408 1844 480 ὲνίδρωσαν
1864 427 1875 438 ·

1985 410 2185 465 lumina
2217 421 2269 466 et
2311 413 2730 470 lucubrationes.
2783 416 2891 474 Nec
2931 420 3286 489 scriptoribus
3328 427 3553 481 ntateria

278 503 483 577 βοᾶται
511 504 579 557 τὰ
619 505 729 568 νέα,
762 504 857 558 καὶ
887 496 1043 567 οὗτος
1072 502 1293 575 ἄριστος
1335 505 1465 573 ἡμῖν
1496 503 1553 554 ὲν
1580 501 1778 571 λόγοις,
1817 501 1877 564 ὃς

277 596 355 650 ἂν
393 596 462 649 τὰ
497 594 709 649 ἐκείνου
754 595 991 666 μάλιστα
1035 595 1279 667 τυγχάνῃ
1312 592 1619 661 γινώσκων,
1655 594 1749 645 καὶ
1790 591 1877 645 διὰ

276 686 541 756 γλώσσης
588 686 801 758 φέρων,
834 686 929 740 καὶ
966 684 1257 749 συνετίζων
1298 685 1397 747 τὰς
1440 683 1643 746 ἁκοάς’
1676 683 1876 753 ἢρκεσε

275 778 398 848 γάρ
438 775 517 841 εἷς
546 779 666 832 ἀντὶ
696 778 914 832 πάντων
942 780 1056 841 τοῖς
1088 776 1527 839 σπουδαιοτέροις
1554 777 1632 837 εἰς
1662 774 1880 827 παίδευ-

277 887 393 923 σιν.

1974 502 2077 555 ulla
2118 504 2220 557 alia
2256 517 2309 559 et
2348 508 2500 577 copia
2532 517 2649 577 post
2697 525 2842 574 eum,
2890 520 3086 582 praeter
3117 512 3286 583 ipsius
3331 516 3554 586 scripta,

1975 599 2227 665 suppetit.
2264 598 2506 653 Silentur
2558 611 2759 666 vetera,
2796 617 3127 673 quaecunque
3157 605 3209 659 in
3248 606 3554 662 divinorum

1975 686 2314 742 oraculorum
2393 689 2771 758 explanatione
2817 708 2845 745 ει
2895 693 3214 761 quibusdam
3276 696 3552 752 elaborata

1976 788 2101 831 sunt
2134 798 2147 833 :
2189 795 2325 835 nova
2359 782 2757 850 prretlicantur;
2791 793 2953 853 atque
2982 786 3023 838 is
3051 788 3191 856 apud
3229 803 3327 842 nos
3374 789 3557 842 erudi-

1979 869 2216 925 tissimus
2264 872 2511 936 haltetur,
2560 868 2653 942 qui
2698 874 2862 929 libros
2909 878 3075 946 ipsius
3125 894 3285 947 quam
3323 880 3558 935 maxime

277 958 563 1027 intelligit,
632 973 695 1012 ac
749 958 929 1025 lingua
980 967 1175 1021 VCt‘Sut,
1231 959 1558 1025 auribusque
1628 953 1865 1009 instillat.
1913 955 2063 1012 Unus
2096 960 2260 1026 enim,
2297 962 2537 1017 omnium
2570 963 2709 1031 loco,
2776 968 3029 1022 studiosis
3068 969 3133 1022 ad
3199 974 3552 1031 eruditionem

276 1051 712 1118 comparandam
743 1050 958 1103 suﬂieit.

355 1146 473 1198 EZ'.
518 1143 658 1213 Ἐγὼ
691 1144 849 1197 τοῦτο
890 1143 1051 1214 μόνον
1094 1139 1260 1195 αὑτοῦ
1303 1140 1674 1212 διηγήσομαιο
1715 1139 1884 1193 Ὅταν

276 1238 387 1308 τὴν
449 1237 818 1305 Ἑξαήμερσν
864 1236 1031 1290 αὑτοῦ
1096 1233 1587 1305 μεταχειρίζωμαι,
1644 1233 1737 1287 καὶ
1794 1233 1884 1287 διὰ

280 1329 544 1400 γλώσσης
580 1329 766 1399 φέρω,
823 1327 961 1397 μετὰ
1004 1326 1096 1379 τοῦ
1133 1327 1353 1379 κτίστου
1382 1325 1635 1396 γίνομαι,
1670 1326 1765 1379 καὶ
1795 1343 1881 1394 γι-

277 1421 485 1475 νώσκω
530 1423 763 1483 κτίσεως
799 1420 1025 1487 λόγους,
1060 1419 1155 1470 κα)⁵
1208 1416 1473 1488 θαυμάζω
1521 1418 1612 1469 τὸν
1660 1418 1884 1489 κτίστην

281 1512 455 1566 πλέον
492 1511 524 1581 ἢ
558 1511 856 1582 πρότερον,
888 1509 1007 1578 ὕψει
1045 1508 1181 1581 μόνῃ
1219 1506 1525 1578 διδασκάλῳ
1578 1506 1879 1578 χρώμενος.

279 1602 460 1656 Ὅταν
486 1604 601 1664 τοῖς
634 1601 1042 1671 ἀπιρρητικοῖς
1078 1601 1285 1669 ἐντύχω
1315 1598 1495 1665 λόγοις
1515 1638 1529 1663 ,
1563 1599 1623 1651 τὸ
1658 1598 1881 1668 Σοδομιο

2054 1136 2262 1191 LXVII.
2304 1137 2412 1194 lloc
2444 1148 2651 1195 tantum
2675 1142 2740 1197 de
2769 1158 2834 1199 eo
2860 1144 3055 1201 dicam.
3090 1146 3223 1203 Cum
3261 1148 3555 1208 Hexaemec

1986 1246 2077 1282 ron
2107 1230 2252 1285 illius
2286 1231 2339 1284 in
2377 1248 2569 1288 manus
2598 1249 2772 1301 sumo,
2819 1245 2979 1304 atque
3010 1239 3060 1292 in
3085 1255 3179 1294 ore
3214 1242 3403 1307 habeo,
3432 1260 3554 1301 cum

1979 1320 2237 1377 Creatore
2274 1323 2588 1393 conjuugor,
2637 1342 2700 1380 ac
2740 1330 3033 1385 ereationis
3083 1333 3317 1390 rationes
3360 1353 3557 1408 cogno-

1982 1428 2092 1478 sco,
2120 1412 2535 1484 Creatoremque
2567 1419 2736 1487 magis
2761 1419 2999 1476 admiror
3021 1438 3084 1478 ae
3115 1424 3367 1494 suspicio,
3392 1443 3554 1497 quam

1981 1505 2130 1573 prius
2169 1505 2428 1570 solebam,
2464 1523 2587 1562 cum
2622 1510 2739 1564 solo
2784 1523 3003 1581 aspecm
3044 1516 3303 1585 magistro
3352 1530 3551 1574 uterer.

1980 1595 2112 1650 Cum
2147 1596 2314 1651 libros
2329 1613 2443 1664 eos,
2471 1600 2670 1669 quibus
2701 1602 3073 1660 haereticorum
3105 1610 3308 1679 scripta
3335 1609 3552 1677 refutat,

277 1694 439 1747 στικὸν
471 1695 581 1765 ὁρῶ
612 1693 744 1763 πῦρ,
792 1687 836 1760 ᾧ
878 1693 1205 1763 τεφροῦνται
1235 1692 1479 1761 γλῶσσαι
1523 1692 1757 1762 πονηραὶ
1787 1692 1881 1745 καὶ

1984 1688 2121 1758 lego,
2164 1688 2553 1747 Sodomitieum
2607 1695 2783 1763 ignem
2816 1710 3000 1763 cerno,
3045 1713 3150 1768 quo
3208 1700 3466 1773 improba;
3494 1720 3558 1760 ae

278 1786 633 1858 παράνομοι,
665 1786 699 1857 ἢ
730 1785 820 1839 τὸν
850 1784 1105 1854 Χαλάνης
1140 1782 1347 1854 πύργον
1381 1780 1517 1853 (44),
1553 1782 1739 1845 κακῶς
1779 1783 1876 1853 μὲν

277 1875 758 1946 οἰκοδομούμενον,
792 1875 973 1939 καλῶς
1006 1875 1062 1927 δὲ
1096 1875 1377 1946 λυόμενον.
1413 1875 1582 1927 ’Ὅταν
1608 1877 1721 1936 τοῖς
1750 1874 1879 1944 περὶ

282 1967 630 2038 Πνεύματος,
671 1968 910 2037 εὑρίσκω
949 1968 1118 2031 Θεὸν,
1170 1967 1230 2021 ὃν
1274 1966 1402 2037 ἔχω,
1444 1969 1537 2020 καὶ
1564 1967 1879 2038 παρρησιά-

281 2059 454 2131 ζομαι
485 2061 584 2130 τὴν
629 2061 911 2131 ἀλήθειαν,
945 2059 1286 2112 ἐπιϐατεύων
1335 2060 1434 2129 τῆς
1465 2058 1673 2111 ἐκείνου
1712 2058 1883 2111 θεολο-

279 2153 414 2222 γίας
444 2153 539 2205 καὶ
566 2152 819 2223 θεωρίας.
857 2153 1027 2206 Ὅταν
1062 2155 1181 2214 ταῖς
1214 2151 1401 2213 ἄλλαις
1437 2151 1785 2221 ἐξηγήσεσιν,
1816 2150 1882 2214 ἃς

280 2248 402 2308 τοῖς
449 2241 623 2315 μικρὰ
662 2243 948 2313 βλέπουσιν
980 2242 1345 2304 ἀναπτύσσει,
1389 2240 1627 2311 τρισσῶς
1665 2239 1777 2306 (45)
1824 2242 1881 2292 ἐν

278 2340 410 2400 ταῖς
438 2338 692 2409 στερραῖς
718 2336 913 2389 ἑαυτοῦ
942 2335 1051 2404 (46)
1080 2334 1242 2399 πλαῇ
1265 2336 1363 2404 τῆς
1392 2334 1621 2406 καρδίας
1648 2334 1883 2401 ἀπογρα-

283 2430 553 2500 ψάμενος,
598 2428 855 2499 πείθομαι
893 2427 965 2498 μὴ
1013 2427 1174 2498 μέχρι
1218 2426 1312 2479 τοῦ
1355 2427 1684 2496 γράμματος
1730 2425 1882 2478 ἵστα·-

285 2520 438 2586 σθαι,
469 2520 605 2589 μηδὲ
638 2518 856 2588 βλέπειν
886 2518 958 2571 τὰ
985 2518 1096 2572 ἄνω
1126 2517 1236 2587 (47)
1272 2516 1453 2587 μόνον,
1488 2516 1624 2569 ἀλλὰ
1659 2518 1750 2569 καὶ
1785 2532 1883 2568 πε-

287 2611 530 2684 ραιτέρω
558 2609 877 2673 διαϐαίνειν,
910 2610 1004 2662 καὶ
1036 2610 1116 2672 είς
1159 2608 1320 2678 βάθος
1353 2608 1431 2661 ἔτι
1461 2613 1662 2680 χωρεῖν
1694 2610 1755 2662 ὲκ
1787 2609 1883 2679 βά-

287 2704 451 2769 θους,
496 2701 735 2756 ἄϐυσσον
765 2701 989 2771 ἅϐύσσῳ
1040 2700 1553 2771 προσκαλούμενος,
1609 2701 1703 2754 καὶ
1744 2701 1883 2770 φωτὶ

286 2795 403 2864 φῶς
434 2795 729 2867 εὑρίσκων,
767 2795 961 2865 μέχρις
987 2792 1052 2847 ἂν
1081 2792 1274 2863 φθάσω
1303 2793 1443 2864 πρὸς
1474 2794 1534 2845 τὸ
1558 2792 1878 2863 ἀκρότατον.

291 2889 460 2944 Ὅταν
494 2887 748 2959 ἀθλητῶν
783 2887 1080 2957 ἐγκωμίοις
1119 2886 1531 2958 προσομιλήσω,
1570 2885 1882 2957 περιφρονῶ

289 2979 351 3033 τὸ
380 2979 560 3050 σῶμα,
598 2980 692 3031 καὶ
729 2978 944 3049 σύνειμι
983 2982 1096 3041 τοῖς
1138 2979 1552 3049 ἐπαινουμένοις
1595 2978 1727 3047 (48),
1786 2977 1881 3030 καὶ

1984 1780 2258 1836 scelerata:
2288 1783 2485 1853 lingua:
2523 1785 2572 1839 in
2607 1786 2842 1842 cinerem
2882 1790 3200 1859 rediguntur
3220 1792 3284 1861 ⁸⁸,
3310 1804 3399 1849 attt
3427 1797 3562 1852 Cba-

1984 1869 2117 1924 laute
2148 1873 2335 1926 turrim
2361 1874 2430 1939 ³⁷,
2458 1885 2516 1929 ut
2566 1877 2705 1932 male
2760 1890 3147 1945 constructam,
3182 1884 3253 1937 ita
3300 1895 3442 1941 recte
3485 1887 3563 1942 iu-

1982 1971 2279 2032 terruptam
2321 1976 2481 2034 atque
2510 1968 2758 2024 deletam.
2797 1969 2926 2026 Cum
2956 1988 3039 2037 ea,
3070 1991 3191 2044 quae
3233 1979 3298 2032 de
3353 1979 3558 2049 Spiritu

1984 2064 2170 2109 sancto
2208 2057 2459 2125 scripsit,
2506 2059 2713 2126 evolvo,
2757 2063 2945 2131 Deum,
2991 2081 3147 2133 quem
3185 2070 3376 2136 habeo,
3424 2088 3559 2129 nan-

1987 2147 2180 2210 ciscor,
2208 2147 2487 2203 veritatem
2516 2150 2685 2204 libero
2708 2152 2873 2223 822
2899 2164 2953 2209 et
2994 2155 3177 2212 ﬁdenti
3209 2161 3390 2214 animo
3418 2177 3559 2231 prte-

1985 2240 2127 2304 dico,
2162 2241 2302 2297 illius
2329 2244 2577 2299 videlicet
2620 2247 2901 2320 theologia:
2937 2262 3097 2322 atque
3118 2256 3557 2326 contemplationi

1987 2332 2262 2389 insistens.
2291 2334 2424 2391 Cum
2462 2337 2596 2391 alias
2618 2337 2735 2407 ejus
2758 2344 3131 2400 enarrationes
3156 2348 3393 2418 perlego,
3425 2366 3561 2420 quas

1986 2425 2073 2490 iis,
2110 2428 2197 2495 qui
2247 2426 2515 2483 hebetiori
2563 2429 2777 2499 ingenio
2811 2444 2956 2497 sunt,
2989 2438 3241 2506 explicat,
3292 2441 3559 2496 trifariam

1986 2517 2038 2569 in
2071 2517 2258 2571 solidis
2289 2518 2469 2573 cordis
2498 2522 2580 2575 sui
2607 2521 2801 2579 tabulis
2842 2526 3175 2593 describens,
3212 2544 3274 2585 eo
3302 2533 3561 2601 adducor,

1986 2615 2044 2660 ut
2072 2623 2176 2661 non
2210 2608 2262 2661 in
2296 2618 2519 2665 externo
2556 2611 2754 2668 littera:
2804 2617 3004 2671 cortice
3035 2618 3221 2687 pedem
3254 2620 3436 2692 figam,
3466 2639 3564 2677 uec

1985 2698 2272 2752 verborum
2312 2710 2519 2755 tantum
2547 2706 2884 2772 superticiem
2910 2718 3171 2776 spectem,
3208 2712 3300 2766 sed
3339 2712 3564 2769 ulterius

1983 2787 2319 2857 progrediar,
2348 2798 2511 2858 atque
2538 2805 2602 2845 ex
2637 2794 2906 2860 profundo
2944 2796 2995 2849 in
3026 2798 3353 2866 profundum
3386 2812 3567 2860 trans-

1984 2897 2128 2949 eam,
2175 2882 2428 2952 abyssum
2498 2898 2595 2952 per
2654 2885 2909 2956 abyssqu
2960 2889 3217 2945 invocans
3239 2892 3305 2957 ³⁸,
3358 2909 3423 2949 ac
3468 2911 3568 2966 per

1986 2970 2166 3026 lumen
2220 2972 2399 3027 lumen
2453 2974 2749 3041 inveniens,
2808 2979 3159 3050 quoadusque
3196 2984 3264 3035 ad
3295 2998 3562 3039 summum

290 3072 429 3143 πρὸς
596 3070 822 3141 ἄθλησιν
859 3040 1221 3142 διεγείρομαι.
1256 3040 1424 3124 Ὅταν
1460 3040 1881 3139 ἠθικοῖς-λόγοις

1991 3066 2207 3119 tandem
2261 3066 2516 3121 verticem
2551 3082 2868 3137 pervenero.
2901 3069 3035 3125 Cum
3080 3085 3377 3145 martyrum
3408 3092 3557 3133 enco-

292 3165 387 3217 xal.
421 3165 781 3234 πρακτικοῖς,
829 3161 1163 3232 καθαίρομαι
1191 3161 1370 3231 ψυχὴν
1422 3163 1515 3214 κα)¹
1567 3162 1746 3231 σῶμα,
1787 3158 1882 3212 καὶ

1991 3157 2255 3229 mialego,
2285 3173 2481 3228 corpus
2513 3168 2825 3228 contemno,
2852 3170 2905 3215 et
2934 3177 3055 3216 cum
3084 3164 3168 3229 iis,
3196 3166 3285 3235 qui
3320 3166 3563 3223 laudibuz-

291 3256 418 3317 ναὸς
449 3253 584 3307 Θεοῦ
618 3254 841 3324 γίνομαι
870 3253 1136 3316 δεκτικὸς,
1174 3254 1268 3306 κοιλ⁵
1294 3253 1527 3323 ὄργανον
1559 3252 1881 3323 κρουόμενον

1987 3247 2304 3314 ell‘eruntur,
2341 3252 2523 3304 animo
2552 3266 2761 3317 versor,
2789 3261 2951 3323 atque
2989 3256 3056 3309 ad
3090 3266 3366 3315 certamen
3408 3262 3559 3315 excl-

290 3345 594 3418 Πνεύματι,
622 3345 716 3399 καὶ
744 3344 893 3408 θείας
921 3344 1168 3416 ὑμνῳδὸν
1194 3344 1351 3413 δόξης
1378 3361 1437 3396 τε
1464 3343 1558 3395 καὶ
1584 3343 1884 3411 δυνάμεως·

1987 3349 2089 3396 tor.
2126 3340 2258 3396 Cum
2305 3341 2576 3397 orationes
2618 3358 2733 3407 cas,
2764 3359 2899 3413 quas
2942 3345 3008 3400 de
3041 3348 3280 3404 moribus
3324 3365 3389 3406 ac
3427 3351 3565 3409 bene

288 3437 470 3509 τούτῳ
504 3438 615 3508 (49)
655 3436 1091 3508 μεθαρμόζομαι,
1125 3438 1218 3490 καὶ
1244 3435 1597 3507 ρυθμίζομαι,
1621 3434 1714 3485 καὶ
1731 3432 1881 3497 ἄλλος

1984 3431 2196 3486 vivendi
2221 3432 2431 3488 ratione
2462 3434 2702 3504 scripsit,
2739 3436 2790 3490 in
2824 3451 3018 3492 manus
3043 3439 3268 3509 accipio,
3306 3442 3488 3497 animo
3512 3456 3566 3499 et

291 3530 352 3596 ἐξ
395 3531 558 3584 ἄλλου
603 3531 845 3600 γίνομαι,
870 3530 968 3600 τὴν
997 3529 1146 3582 θείαν
1175 3528 1459 3583 ἀλλοίωσιν
1484 3526 1884 3597 άλλοιούμενος.

1987 3538 2211 3593 corpore
2250 3538 2471 3593 purgor,
2510 3526 2875 3598 templumque
2908 3529 3002 3584 Dei
3030 3544 3200 3601 capax
3228 3531 3450 3601 eﬂicior,
3485 3548 3559 3590 ato

292 3635 401 3690 que
448 3622 868 3676 instrumentum
924 3623 1184 3675 musicum
1241 3635 1269 3674 a
1319 3620 1522 3689 Spiritu
1584 3620 1877 3689 pulsatum,
1938 3617 2287 3688 divinamque
2352 3618 2578 3688 gloriam
2640 3631 2694 3675 et
2737 3623 3031 3689 potentiam
3081 3639 3312 3693 canens;
3397 3629 3567 3700 ipsius

292 3713 479 3768 amatu
514 3714 758 3787 corrigor
785 3721 839 3767 et
865 3713 1182 3777 concinnor,
1214 3722 1376 3781 atque
1412 3712 1589 3767 divina
1636 3713 1867 3781 quadam
1911 3709 2282 3765 immutatione
2308 3711 2445 3764 alius
2472 3725 2535 3765 ex
2567 3712 2672 3765 alio
2702 3713 2924 3771 ellieior.

362 3805 491 3859 EH'.
536 3806 688 3858 Ἐπεὶ
713 3805 768 3858 δὲ
811 3805 1089 3873 θεολογίας
1129 3805 1429 3876 ἐμνήσθην,
1482 3806 1575 3858 καὶ
1623 3805 1722 3875 τῆς
1757 3803 1885 3877 περὶ

287 3898 454 3953 τοῦτο
479 3898 571 3950 τοῦ
597 3897 788 3968 ἀνδρὸς
823 3897 1055 3967 μάλιστα
1092 3895 1526 3967 μεγαλοφωνίας,
1556 3896 1635 3949 ἔτι
1666 3896 1885 3948 κάκεῖνο

289 3992 591 4063 προσθήσω
623 3995 737 4067 τοῖς
785 3991 1117 4063 εἰρημένοις.
1150 3988 1582 4060 Χρησιμὼτατον
1630 3988 1739 4059 γὰρ
1771 3989 1885 4050 τοῖς

289 4085 532 4150 πολλοῖς,
567 4084 662 4137 τοῦ
698 4085 771 4155 μὴ
811 4084 1172 4155 βλάπτεσθαι,
1204 4082 1303 4154 τὴν
1341 4082 1508 4154 χείρω
1548 4081 1677 4151 περὶ
1717 4079 1881 4132 αὑτοῦ

288 4175 450 4240 δόξαν
491 4176 733 4247 ἔχοντας.
770 4176 914 4246 Πρὸς
942 4175 998 4228 δὲ
1028 4176 1153 4238 τοὺς
1187 4174 1531 4246 κακούργους
1563 4174 1590 4225 ὁ
1620 4173 1796 4241 λόγος,
1830 4171 1879 4224 οἳ

2057 3801 2289 3857 LXVIII.
2344 3803 2606 3870 Quoniam
2659 3815 2837 3859 autem
2890 3806 3167 3876 theologia:
3236 3809 3564 3866 mentionem

1988 3893 2114 3960 feci,
2155 3895 2376 3964 ejusque
2408 3895 2460 3948 in
2499 3895 2729 3950 dicendo
2758 3895 3125 3962 sublimitatis,
3158 3913 3264 3967 qua
3300 3899 3386 3955 ille
3417 3900 3471 3955 in
3500 3916 3566 3955 eo

1988 3987 2327 4054 potissimum
2370 3988 2675 4059 argumenti
2713 4003 2907 4058 genere
2945 4004 3074 4045 usus
3105 3998 3208 4056 est,
3260 3993 3362 4047 hoc
3390 3994 3563 4048 adhuc

1988 4076 2356 4144 superioribus
2420 4078 2732 4147 adjungam.
2767 4077 3114 4148 Simplieibus
3148 4080 3289 4134 enim
3320 4090 3374 4137 et
3400 4083 3567 4152 impe-

1989 4166 2106 4221 ritis
2130 4167 2473 4222 utilissimnm
2499 4179 2581 4224 est
2606 4169 2909 4238 providere,
2944 4185 3009 4223 ne
3025 4170 3223 4225 damno
3241 4172 3561 4240 alliciantur,

288 4270 406 4330 τοῖς
426 4266 634 4320 ἑαυτῶν
664 4270 854 4330 κακοῖς
884 4266 1168 4337 βοηθοῦσιν
1188 4306 1202 4330 ,
1234 4266 1292 4331 ἐξ
1324 4260 1399 4318 ῶν
1430 4265 1607 4328 ἄλλοις
1639 4264 1881 4335 ἐπηρεά-

1993 4259 2130 4312 male
2154 4266 2206 4313 et
2243 4260 2460 4314 sinistre
2494 4259 2561 4315 de
2597 4262 2712 4331 ipso
2751 4263 3145 4319 existimantes.
3184 4265 3309 4318 Mihi
3343 4282 3470 4321 vero
3497 4270 3562 4320 ad

289 4358 500 4422 ζουσιν.
548 4359 781 4422 Ἐκεῖνος
825 4358 965 4430 γὰρ,
1005 4358 1171 4411 ἕνεκα
1221 4357 1333 4428 (50)
1377 4356 1469 4410 τοῦ
1517 4355 1679 4427 ὀρθού
1722 4356 1881 4425 λόγου

291 4451 389 4503 καί
423 4450 525 4520 τῆς
556 4448 700 4502 κατὰ
731 4449 827 4520 τὴν
860 4450 1022 4517 ἁγίαν
1055 4449 1262 4519 Τριάδα
1303 4448 1598 4516 συναφείας
1630 4447 1723 4499 καὶ
1758 4464 1881 4499 συν-

290 4540 445 4604 θεῖας
473 4541 614 4611 (51),
641 4540 674 4611 ἢ
701 4541 801 4594 οὑκ
822 4538 916 4594 οἷδ’
943 4541 971 4593 ὃ
1002 4558 1055 4593 τι
1090 4540 1422 4610 κυριώτερον
1449 4538 1554 4609 χρὴ
1580 4540 1753 4591 εἰπεῖν
1785 4539 1881 4590 καὶ

290 4633 632 4704 σαφέστερον
673 4631 819 4703 (52),
864 4632 939 4704 μὴ
970 4634 1050 4685 ὅτι
1090 4631 1297 4702 θρόνων
1332 4632 1607 4694 ἐκπεσεῖν,
1650 4624 1730 4692 οἷς
1760 4629 1879 4682 οὑδὲ

370 4822 569 4879 “Gen.
595 4836 707 4887 ιιι,
746 4819 837 4874 24.
892 4819 957 4895 ,³⁷
980 4818 1115 4875 Gen.
1142 4833 1218 4883 xi,
1245 4816 1279 4870 4
1304 4829 1426 4884 sqq.
1503 4813 1547 4845 ³⁸
1568 4812 1715 4867 Psal.
1745 4828 1851 4881 xu,
1888 4811 1941 4867 8.

371 4978 484 5053 (Η)
525 4976 825 5053 Καλάνηςσ
852 4977 1103 5053 πύργον.
1142 4974 1249 5053 Sic
1292 4971 1641 5053 Septuaginta
1678 4979 1874 5053 vocant

299 5041 491 5105 tur‘rim
542 5050 719 5113 illam,
760 5041 881 5118 qua:
931 5041 1099 5102 turris
1141 5041 1635 5115 Babylonica,’seu
1680 5041 1870 5110 Baltel,

297 5121 478 5175 vocari
514 5120 668 5174 solet.
719 5187 744 5192 _
906 5187 947 5192 _
984 5188 1027 5192 __
1088 5187 1099 5192 Α
1315 5187 1327 5192 ,
1352 5185 1365 5192 _
1582 5183 1633 5192 __
1674 5190 1680 5192 Α
1759 5181 1769 5192 .

369 5192 482 5264 (45)
522 5187 808 5256 Τρισσῶς.
860 5187 1260 5264 «hilarum,»
1314 5185 1365 5264 id
1418 5192 1525 5264 est:
1570 5183 1868 5264 _liistor:ice,

299 5252 599 5341 moraliter,
633 5270 688 5313 et
720 5252 1037 5330 aitagogice,
1070 5273 1165 5314 seu
1201 5252 1449 5327 mystice.
1479 5253 1617 5308 Male
1654 5254 1704 5307 in
1732 5252 1865 5320 Reg.

298 5348 928 5472 θ’(θόρῶνξῗαυτοῦη-Ρτο
959 5396 1218 5469 ἐμαυτοῦ,
1253 5398 1328 5453 ait
1359 5393 1732 5451 Combelisius.
1777 5410 1794 5442 ι
1818 5390 1874 5446 Ιιι

297 5469 479 5546 cordi}
518 5469 913 5546 lilei‘l‘nbl‘lliS.)
1078 5539 1087 5546 -
1158 5537 1180 5546 ﬂ
1341 5537 1379 5546 κ
1529 5536 1560 5546 .7
1616 5534 1671 5546 ω

366 5538 691 5614 (inﬁmae
728 5538 1007 5614 ﬁxes-rer
1030 5539 1101 5593 τὰ
1143 5537 1285 5614 ἄνω.
1341 5536 1583 5614 Exponit_
1612 5534 1826 5614 Nicetas
1860 5552 1872 5587 :

310 5604 564 5686 ironia);
614 5604 759 5686 αὑτά
816 5610 1071 5686 θεωρεῖν·
1124 5610 1297 5686 -ι-Αιιο
1320 5604 1535 5686 _seusu.
1571 5604 1878 5686 intelligere

301 5677 631 5754 Scripturas.
667 5699 684 5729 ι
711 5679 876 5754 Quod
928 5677 1003 5734 ue
1049 5680 1263 5754 quidem
1313 5677 1573 5754 Gregorio
1606 5677 1736 5730 satis
1763 5684 1875 5754 est,

302 5752 396 5807 sed
439 5750 665 5805 ulterius
702 5750 857 5817 jubet
901 5751 1168 5820 progredi,
1208 5758 1263 5801 ut
1304 5749 1536 5817 majores
1568 5758 1783 5815 semper
1816 5749 1872 5797 in

698 5845 977 5909 ΡΑτιιοι.
1026 5846 1144 5907 (in.
1189 5846 1485 5908 XXXVI.

1994 4352 2268 4418 improbos
2308 4362 2361 4407 et
2403 4354 2667 4422 malignos
2707 4356 2882 4409 oratio
2925 4364 3027 4421 est,
3068 4357 3156 4425 qui
3196 4372 3259 4412 ex
3308 4372 3372 4413 eo
3418 4361 3560 4428 quod

1994 4442 2127 4495 alios
2179 4443 2462 4497 calumniis
2501 4446 2799 4510 incessunt,
2859 4445 3002 4499 vitiis
3055 4447 3168 4501 suis
3226 4463 3379 4516 opem
3416 4449 3559 4504 ferre

1990 4534 2302 4589 moliuntur.
2356 4534 2446 4589 Ille
2490 4536 2689 4590 ctenim
2749 4553 2845 4606 pro
2906 4549 3051 4593 recta
3118 4539 3382 4606 doctrina,
3442 4555 3565 4595 sau-

1992 4635 2199 4697 ctteque
2247 4627 2533 4684 Trinitatis
2576 4628 2954 4698 conjunctione
3008 4644 3062 4687 et
3101 4631 3429 4699 condeitate,
3472 4644 3565 4688 aut

1986 4970 2389 5037 Scripturarum
2431 4969 2785 5037 intelligentia
2819 4968 3096 5036 protectus
3126 4968 3444 5023 habeamus.

2056 5040 2168 5119 (48)
2199 5040 2739 5119 ΑἘπιιιηουμέζοις.
2799 5039 2889 5094 Sic
2943 5055 3036 5119 sev
3107 5040 3297 5119 liegg.,
3366 5040 3559 5119 deﬂent

1976 5107 2159 5177 Colb.,
2192 5109 2286 5165 0r.
2321 5114 2375 5171 2.
2425 5107 2571 5176 Pari,
2605 5110 2782 5177 Pass.,
2816 5119 2921 5165 etc.
2962 5109 3053 5163 Sic
3082 5107 3245 5164 etiain
3278 5109 3405 5180 legit
3438 5107 3558 5162 Bill.

1979 5182 2037 5234 In
2070 5182 2177 5241 ed.,
2216 5181 2480 5244 ἐπαίνοις.

2055 5252 2166 5321 (69)
2189 5254 2399 5315 Τούτῳ.
2426 5250 2480 5305 ltl
2504 5260 2608 5313 est,
2628 5250 2936 5321 Πνεύματιυ
2966 5268 2983 5299 ι
3008 5247 3117 5304 lloc
3132 5248 3355 5319 Spiritu,
3390 5266 3410 5299 ι
3455 5246 3559 5311 vel,

1988 5320 2195 5389 «ipsius
2234 5323 2512 5391 (Spiritus)
2554 5322 2751 5375 alllatu.
2777 5342 2793 5372 ι
2838 5320 2955 5373 Bill.
2991 5338 3005 5374 :
3044 5338 3061 5369 ι
3092 5336 3187 5389 per
3219 5335 3329 5374 eas.
3370 5336 3388 5371 ι

2052 5392 2166 5461 (50)
2205 5393 2446 5446 ”Ενεκα.
2480 5391 2584 5445 Sex
2620 5393 2786 5461 Regg.
2830 5400 2882 5444 et
2915 5389 3065 5460 Pass.
3106 5391 3327 5461 addunt,
3366 5388 3485 5458 μέν.

2052 5392 2166 5461 (50)
2205 5393 2446 5446 ”Ενεκα.
2480 5392 2584 5445 Sex
2620 5393 2786 5461 Regg.
2830 5400 2882 5444 et
2915 5392 3065 5460 Pass.
3106 5392 3327 5452 addunt,
3366 5392 3485 5458 μέν.

2052 5463 2162 5543 (ἷῇ)
2194 5463 2304 5515 Καὶ
2327 5462 2631 5527 συνθεΐας.
2663 5462 2827 5516 Coisl.
2858 5462 2909 5527 l,
2939 5462 3032 5514 καὶ
3058 5459 3353 5530 συμφυΐας,
3383 5475 3401 5507 ι
3428 5471 3563 5512 con-

1976 5546 2604 5673 uiggilgcigpéotepor.
2650 5601 2815 5674 Regg.
2868 5603 2975 5667 bm,
3010 5602 3103 5669 ph,
3136 5599 3228 5654 0r.
3269 5597 3304 5650 2
3328 5606 3379 5653 et
3411 5598 3560 5665 Pan,

1977 5674 2402 5744 συναφέστερον.

3183 5830 3251 5888 19
