4100 6276
549 246 654 304 587

1742 241 1800 295 S.
1839 236 2167 296 GREGORII
2205 236 2552 294 TliEOLOGl

3687 239 3801 291 588

550 361 734 417 nescio
756 376 861 430 quo
891 359 1057 430 magis
1097 357 1310 428 proprio
1349 365 1402 409 et
1429 357 1711 426 perspicuo
1744 358 1906 410 verbo
1937 373 2022 411 res
2045 372 2106 409 ea

2231 358 2307 408 ιπ⁴
2349 355 2522 426 ἀρχῆς
2561 353 2900 426 ὲπεπήδησεν
2957 353 3093 424 (55),
3139 352 3275 407 ἀλλά
3321 354 3410 406 κα)⁸
3443 353 3620 425 φυγὴν
3654 354 3792 425 (54),

551 453 722 506 notari
758 458 954 519 potest,
988 464 1089 501 non
1131 447 1286 500 modo
1319 449 1380 499 de
1414 447 1626 510 throno,
1663 446 1730 498 ad
1773 462 1929 514 quem
1957 461 2022 499 ne
2046 448 2113 501 ab

551 543 705 598 initio
737 541 950 611 quidem
991 539 1181 607 cupide
1225 538 1473 606 prosiliit,
1519 537 1793 592 exturbari
1839 553 1900 590 ac
1933 536 2112 606 dejici,

2217 449 2310 501 xui.
2341 447 2588 512 θάνατον,
2620 449 2713 502 καὶ
2743 447 2840 511 τὰς
2870 448 2974 518 πρὸ
2999 447 3088 500 τοῦ
3121 447 3353 500 θανάτου
3385 447 3633 509 κολάσεις
3658 465 3798 518 προ-

2218 540 2402 609 θύμως
2431 540 2646 606 ἐδέξατο
2676 540 2761 602 ἂν,
2801 540 2876 602 ὼς
2905 539 3111 610 κέρδος,
3144 540 3204 592 ού
3246 539 3507 593 κίνδυνον.
3551 538 3712 609 Δηλοῖ
3735 538 3796 592 δὲ

550 635 643 689 sed
680 635 842 688 etiam
875 630 1092 693 exsilio,
1149 639 1202 684 et
1247 639 1451 692 morte,
1491 638 1650 698 atque
1702 638 1830 682 ante
1886 640 2115 684 mortem

2231 627 2296 695 ἧς
2341 649 2402 684 τε
2447 633 2546 703 ήδη
2582 632 2902 702 πεποίηκεν,
2934 628 3015 694 οἷς
3056 648 3115 684 τε
3157 631 3460 684 πέπονθεν·
3491 633 3548 694 ὃς
3584 647 3648 698 γε
3697 631 3802 684 καὶ

549 726 713 779 variis
755 723 1082 778 cruciatibus
1124 721 1277 780 allici,
1314 730 1559 790 prompto
1610 719 1886 788 alacriqne
1936 720 2118 773 animo

552 814 779 876 tulisset,
818 827 882 864 ac
918 810 1066 864 lucro
1095 811 1271 878 potius
1306 824 1464 878 quam
1505 808 1744 879 periculo
1791 810 2114 876 deputasset.

551 904 663 959 Hoc
699 919 824 958 vero
851 903 920 956 ita
961 917 1078 956 esse
1108 911 1290 969 aperte
1313 901 1583 955 declarant
1621 913 1682 954 ea
1733 915 1850 969 qua:
1893 910 1948 954 et
1995 898 2119 953 fecit

549 1001 604 1046 et
635 1006 819 1060 passus
845 999 927 1045 est
956 1005 969 1041 :
997 1000 1053 1042 ut
1083 989 1172 1058 qui
1205 989 1366 1042 etiam
1391 988 1460 1042 ob
1485 987 1728 1042 veritatis
1755 987 2118 1041 defensionem

549 1083 739 1136 exsilio
785 1083 1070 1143 tntlitaltls,
1132 1079 1262 1133 nihil
1325 1079 1467 1133 aliud
1531 1079 1729 1148 negotii
1785 1079 2114 1147 susceperit,

552 1192 712 1244 quam
761 1175 848 1229 uni
885 1191 948 1228 ex
991 1173 1230 1238 asseclis,
1277 1181 1334 1225 ut
1384 1186 1442 1226 se
1483 1171 1718 1240 acceptis
1771 1170 2120 1240 pugillaribus

552 1279 890 1338 sequeretur,
959 1267 1268 1334 imperaret.
1326 1263 1609 1326 Cmtcrum,
1660 1279 1936 1318 sermones
1999 1279 2118 1318 cum

551 1361 754 1430 iudicio
797 1361 1079 1427 disponere
1096 1358 1160 1422 ³ο,
1195 1357 1258 1411 de
1302 1357 1520 1410 Davidis
1547 1357 1778 1410 consilio
1811 1365 1864 1409 et
1897 1365 2119 1409 senten-

555 1453 654 1517 tia,
694 1449 1054 1506 necessarium
1107 1463 1225 1503 esse
1269 1447 1564 1516 judicabat,
1608 1461 1670 1499 ac
1714 1446 1834 1500 belli
1892 1456 2118 1514 tempus,

554 1554 609 1598 et
641 1545 1011 1598 haereticorum
1049 1541 1407 1611 principatum
1453 1538 1836 1608 aliquantisper
1856 1537 2019 1607 823
2049 1547 2122 1592 to-

554 1635 748 1700 lerare,
773 1633 944 1700 quoad
969 1630 1228 1684 libertatis
1258 1643 1318 1682 ac
1339 1627 1642 1683 serenitatis
1671 1637 1878 1697 tempus
1911 1641 2123 1680 succes-

555 1726 736 1790 sisset,
777 1723 1074 1794 linguzeque
1106 1720 1410 1775 libertatem
1437 1734 1501 1774 ac
1534 1719 1805 1774 licentiam
1839 1717 2120 1772 attulisset.

555 1818 634 1874 Illi
673 1816 814 1872 enim
858 1817 1050 1870 nudam
1080 1823 1132 1867 et
1167 1823 1405 1881 apertam
1439 1825 1623 1866 vocem
1649 1812 1714 1866 de
1755 1809 1953 1878 Spiritu
1998 1823 2122 1862 san—

558 1922 667 1975 cto,
709 1909 847 1978 quod
896 1907 1036 1962 Deus
1082 1915 1246 1971 esset,
1299 1904 1538 1974 arripere
1595 1902 1882 1958 studebant
1958 1899 2121 1970 (quod

557 1998 792 2069 quidem,
833 1997 1041 2050 tametsi
1073 2009 1254 2050 verum
1301 2003 1442 2058 erat,
1495 1993 1716 2062 impium
1771 1999 1952 2045 tamen
1999 1989 2123 2052 illis,

557 2099 717 2159 atque
752 2088 992 2157 improbo
1044 2085 1336 2155 impietatis
1381 2082 1608 2138 antistiti
1665 2077 2000 2149 videbatur);
2067 2087 2127 2132 ut

556 2196 680 2238 eum
730 2179 944 2250 quidem
980 2191 1102 2232 cum
1151 2174 1449 2244 theologica
1492 2173 1670 2242 lingua
1715 2171 1935 2227 civitate
1963 2169 2126 2240 pelle-

558 2281 700 2336 rent,
749 2272 852 2341 ipsi
903 2280 1078 2324 autem
1130 2267 1428 2322 Ecclesiatu
1493 2274 1853 2331 occuparent,
1901 2275 2127 2329 eamque

557 2363 779 2420 sceleris
819 2360 900 2415 sui
957 2357 1410 2428 propugnaculum
1453 2354 1746 2420 ellicerent,
1787 2363 1949 2420 atque
2004 2352 2128 2404 hinc

559 2453 772 2517 deinde,
799 2452 940 2504 velut
990 2464 1052 2504 ex
1091 2461 1216 2502 arce
1247 2447 1499 2516 quadam,
1529 2445 1578 2499 id
1616 2457 1796 2506 omne,
1831 2442 1970 2510 quod
1999 2440 2125 2495 reli-

560 2560 723 2615 qumu
769 2551 907 2605 erat,
958 2538 1357 2609 popularentur.
1392 2537 1458 2589 At
1497 2534 1602 2596 ille,
1633 2535 1685 2587 in
1737 2532 1857 2586 aliis
1912 2532 2126 2600 quidem

559 2637 782 2690 vocibus
809 2649 838 2688 e
881 2631 1155 2701 Scriptura
1190 2628 1389 2698 petitis,
1425 2625 1858 2694 tesdmoniisqne
1907 2622 2129 2676 minime

561 2729 760 2790 dubiis,
787 2724 1027 2779 eamdem
1069 2721 1176 2774 vim
1209 2717 1551 2782 habentibus,
1587 2715 2013 2783 necessariisque
2039 2727 2128 2766 ar-

563 2817 850 2892 gumentis,
899 2812 1236 2869 adversarios
1297 2812 1368 2865 ita
1416 2809 1822 2878 comprimebat,
1869 2818 1925 2862 ut
1986 2805 2130 2860 nullo

562 2912 722 2968 modo
768 2920 1065 2977 repugnare
1103 2919 1165 2957 ac
1193 2909 1382 2957 contra
1427 2900 1525 2955 niti
1574 2909 1816 2970 possent,
1863 2897 1979 2961 sed,
2012 2911 2131 2966 quae

564 3002 797 3059 maxima
839 2997 1104 3054 sermonis
1131 2995 1304 3048 virtus
1343 3001 1397 3047 et
1445 2992 1729 3062 prudentia
1761 2999 1864 3055 est,
1897 2988 2128 3059 prapriis

561 3095 787 3151 vocibus
815 3089 1332 3158 constringerentur.
1357 3085 1415 3140 ld
1435 3093 1612 3138 autem
1635 3082 1919 3153 perspicue
1949 3089 2130 3135 osten-

565 3189 656 3244 det
690 3186 736 3241 is
772 3184 923 3248 liber,
955 3195 1113 3246 quem
1169 3179 1268 3234 hoc
1326 3185 1645 3246 argumento
1692 3173 1880 3238 edidit,
1925 3172 1975 3226 in
2026 3186 2131 3241 quo

565 3277 828 3332 calamum
865 3272 1016 3342 quasi
1061 3284 1128 3325 ex
1178 3265 1411 3337 Spiritus
1440 3265 1634 3336 pyxide
1684 3271 1892 3339 movet;
1921 3262 2134 3314 interim

568 3377 748 3422 tamen
782 3363 1051 3435 propriam
1077 3374 1258 3413 vocem
1295 3370 1555 3426 usurpare
1587 3352 1893 3417 diﬂ‘erebal,
1929 3362 2036 3406 tum
2069 3351 2136 3404 ab

568 3460 797 3529 ipsomet
819 3454 1044 3524 Spiritu,
1080 3463 1189 3505 tum
1215 3465 1244 3503 a
1277 3447 1505 3505 sinceris
1527 3445 1695 3514 ipsius
1729 3441 2138 3514 prepugnatori-

566 3555 670 3606 bus
698 3549 825 3604 illud
861 3547 912 3600 in
938 3545 1122 3616 gratia:
1155 3542 1275 3596 loco
1303 3551 1513 3610 petens,
1543 3550 1609 3591 ne
1653 3536 1752 3590 hoc
1785 3549 1883 3590 suo
1912 3532 2138 3588 consilio

569 3641 1001 3701 oll‘euderentur;
1035 3649 1132 3690 nec
1183 3633 1586 3688 committerent
1632 3636 1734 3692 ut,
1789 3627 1915 3680 dum
1973 3639 2134 3678 unam

569 3733 815 3789 voculam
881 3729 1154 3784 mordicus
1211 3725 1446 3780 retinere
1517 3727 1867 3794 conarentur,
1919 3727 2140 3786 prOptet‘

571 3823 947 3894 inexplebilem
982 3819 1327 3890 cupiditatem
1374 3815 1556 3869 omnia
1611 3812 1919 3882 perderent,
1950 3810 2138 3864 turbu-

573 3919 718 3972 lento
769 3913 1021 3968 nimirum
1078 3920 1317 3978 tempore
1357 3904 1613 3961 convulsa
1653 3918 1717 3957 ac
1749 3901 2005 3956 distraeta
2037 3901 2142 3970 pie-

575 4018 703 4064 tate.
759 4007 904 4076 Ipsos
959 4002 1100 4058 enim
1151 3999 1283 4054 nihil
1333 4012 1398 4052 ex
1434 4012 1498 4052 eo
1527 3993 1850 4052 incommodi
1881 4008 1945 4048 ac
1977 3992 2141 4047 detri-

574 4101 741 4157 menti
797 4107 1133 4165 accepturos,
1167 4092 1210 4146 si
1246 4089 1502 4146 vocabula
1558 4085 1834 4158 paululutn
1890 4084 2142 4138 immuta-

2219 722 2428 794 ἐξορίαν
2483 723 2620 794 ὑπὲρ
2649 723 2745 792 τῆς
2797 722 3050 792 ἀληθείας
3105 721 3482 792 κατακριθεὶς,
3545 720 3802 774 τοσοῦτον

2220 815 2706 884 ἐπραγματεύσατο
2741 813 2920 884 μόνον,
2948 814 3068 866 ὅσον
3100 814 3180 865 ἑνί
3210 813 3318 864 τῶν
3351 812 3651 865 ἀκολούθων
3682 811 3800 882 (55)

2220 906 2408 967 εἰπεῖν,
2443 903 2700 974 ἀραμένῳ
2726 903 2786 956 τὸ
2814 901 3034 954 πυκτίον
3069 899 3178 970 (56)
3210 899 3538 953 ἀκολουθεῖν.
3575 899 3804 952 Οἰκονο-

2224 999 2342 1066 μεῖν
2376 995 2432 1049 δὲ
2466 995 2590 1057 τοὺς
2617 994 2809 1061 λόγους
2848 995 2904 1044 ἐν
2951 992 3150 1063 κρίσει,
3187 991 3294 1044 τῶν
3332 991 3640 1060 ἀναγκαίων
3683 990 3802 1060 (57)

2220 1087 2455 1156 ὲνόμιζε,
2485 1085 2563 1155 τῷ
2592 1085 2720 1155 θείῳ
2747 1083 2912 1137 Δαϐίδ
2942 1083 3068 1153 περὶ
3097 1081 3285 1134 τούτου
3328 1080 3614 1151 συμϐούλῳ
3647 1080 3802 1150 χρώ-

2226 1197 2402 1250 μενος,
2435 1179 2528 1233 καὶ
2562 1177 2754 1248 μικρὸν
2782 1177 2904 1229 ὅσον
2933 1176 3021 1229 τὸν
3051 1176 3144 1228 τοῦ
3184 1175 3418 1245 πολέμου
3456 1174 3646 1244 καιρὸν
3678 1173 3805 1226 δια-

2223 1274 2427 1344 φέρειν,
2455 1271 2548 1324 καὶ
2583 1270 2680 1340 τὴν
2706 1270 2810 1322 τῶν
2845 1267 3133 1339 αἱρετικῶν
3158 1267 3495 1330 δυναστείαν,
3518 1267 3622 1328 ’έως
3649 1267 3676 1318 ὁ
3697 1266 3806 1336 τῆς

2223 1363 2535 1433 ἐλευθερίας
2574 1361 2667 1414 καὶ
2715 1362 2812 1430 τῆς
2865 1359 3080 1431 αἰθρίας
3130 1358 3239 1429 (58)
3288 1359 3533 1413 ἐπιλάϐοι
3583 1358 3804 1429 καιρὸς,

2223 1453 2316 1506 καὶ
2354 1452 2429 1521 δῷ
2456 1454 2521 1521 τῇ
2552 1449 2770 1519 γλώσσῃ
2804 1449 2901 1520 τὴν
2939 1449 3268 1520 παρρησίαν.
3304 1451 3364 1501 Οἱ
3404 1449 3500 1518 μὲν
3528 1447 3636 1518 γὰρ
3683 1447 3805 1517 (59)

2224 1544 2446 1614 ἐζήτουν
2488 1541 2746 1594 λαϐέσθαι
2779 1540 2997 1610 γυμνῆς
3038 1541 3134 1609 τῆς
3183 1541 3310 1611 περὶ
3339 1539 3434 1592 τοῦ
3484 1538 3808 1609 Πνεύματος

2226 1633 2426 1703 φωνῆς,
2452 1631 2526 1694 ὡς
2557 1630 2641 1700 εἴη
2671 1631 2802 1693 Θεὸς
2827 1632 2842 1698 (
2857 1631 2994 1700 ὅπερ
3015 1628 3072 1682 ὃν
3103 1629 3320 1700 ἀληθὲς,
3349 1630 3542 1692 ἀσεϐὲς
3569 1629 3808 1693 ἐκείνοις

2228 1722 2656 1793 ὑπελαμϐάνετο,
2685 1722 2780 1774 καὶ
2804 1719 2880 1791 τῷ
2903 1722 3058 1792 κακῷ
3083 1722 3359 1792 προστάτῃ
3380 1721 3478 1790 τῆς
3503 1720 3806 1790 ἀσεϐείας)⁶

2229 1813 2313 1864 ἵνα
2345 1813 2435 1866 τὸν
2468 1812 2564 1882 μὲν
2594 1811 2692 1881 τῆς
2736 1811 2944 1872 πόλεως
2975 1812 3114 1880 μετά
3144 1813 3244 1882 τῆς
3273 1811 3518 1878 θεολόγον
3551 1808 3810 1878 γλώσσης

2227 1903 2640 1973 ύπερορίσωσιν,
2675 1901 2827 1954 αὐτοὶ⁹
2847 1901 2902 1953 δὲ
2933 1902 3293 1971 κατασχόντες
3319 1903 3418 1972 τὴν
3454 1899 3808 1970 Ἐκκλησίαν,

2227 1995 2321 2047 καὶ
2363 1995 2462 2064 τῆς
2515 1991 2724 2046 ἑαυτῶν
2782 1992 2978 2056 κακίας
3028 1995 3363 2064 ὁρμητήριον
3420 1994 3807 2064 ποιησάμενοι,

2226 2084 2474 2138 ἐντεῦθεν
2515 2085 2575 2137 τὸ
2610 2085 2928 2154 λειπόμενον
2962 2085 3125 2148 ἆπαν,
3173 2085 3247 2148 ὡς
3274 2084 3338 2137 ἔκ
3377 2102 3519 2149 τινος
3563 2085 3810 2155 ἀκροπό-

2227 2176 2381 2239 λεως,
2426 2177 2866 2247 καταδρὰμωσιν.
2925 2176 2983 2228 ’0
3011 2175 3102 2240 δὲ,
3149 2178 3204 2230 ἐν
3235 2175 3420 2238 ἄλλαις
3456 2176 3554 2246 μὲν
3597 2177 3810 2245 φωναῖς

2227 2269 2556 2337 γρατρικαῖς,
2611 2267 2704 2318 καὶ
2762 2267 3089 2338 μαρτυρίαις
3135 2266 3555 2337 ἀναμφιλέκτοις
3605 2267 3809 2320 ταυτὸν

2227 2361 2572 2431 δυναμέναις,
2601 2363 2694 2414 καὶ
2725 2364 2846 2424 ταῖς
2875 2363 2938 2414 ἐκ
2969 2360 3077 2414 τῶν
3125 2361 3235 2432 (60)
3268 2363 3640 2434 συλλογισμῶν
3668 2365 3808 2418 ἀνά-

2228 2469 2410 2520 γκαις,
2447 2451 2620 2515 οὕτως
2650 2448 2787 2524 ἦρχε
2821 2454 2946 2516 τοὺς
2993 2453 3371 2522 ἀντιλέγοντας
3392 2495 3405 2514 ,
3435 2453 3574 2507 ὥστε
3609 2454 3682 2525 μὴ
3717 2456 3810 2509 ἀν-

2228 2542 2485 2595 τιϐαίνειν
2511 2542 2620 2611 (61)
2652 2542 2818 2612 ἔχειν,
2846 2541 2958 2595 ἀλλ’
2983 2541 3206 2605 οἰκείαις
3241 2543 3540 2596 συνδεῖσθαι
3575 2547 3804 2612 φωναῖς,

2228 2633 2374 2706 ἢπερ
2394 2633 2457 2704 δὴ
2479 2636 2573 2687 καὶ
2609 2634 2836 2706 μεγίστη
2863 2633 3019 2703 λόγου
3051 2635 3276 2705 δύναμις
3311 2637 3403 2688 καὶ
3436 2636 3665 2700 σύνεσις.
3701 2639 3808 2707 Δη-

2229 2725 2392 2778 λώσει
2428 2725 2485 2778 δὲ
2529 2726 2622 2778 καὶ
2649 2727 2678 2778 ὁ
2719 2725 2909 2793 λόγος,
2957 2726 3016 2778 ὃν
3060 2727 3188 2798 περ)⁹
3235 2727 3426 2780 τούτου
3474 2728 3803 2799 συνέγραψ,

2232 2817 2393 2870 κινῶν
2425 2815 2521 2888 τὴν
2560 2815 2817 2886 γραφίδα,
2853 2816 2927 2880 ὡς
2970 2819 3034 2870 ἐκ
3078 2817 3295 2884 πυξίδος
3325 2817 3416 2870 τοῦ
3457 2817 3802 2889 Πνεύματοςο

2230 2908 2326 2981 τὴν
2366 2909 2422 2961 δὲ
2459 2909 2654 2978 κυρίαν
2699 2908 2881 2979 φωνὴν
2916 2909 3054 2972 τέως
3093 2908 3440 2981 ὑπερετίθετο
3480 2910 3619 2979 (6‘2),
3657 2909 3809 2980 παρὰ

2236 3019 2293 3054 τε
2341 2999 2434 3053 τοῦ
2476 2998 2791 3069 Πνεύματος
2838 2999 3036 3063 αὐτοῦ,
3071 3001 3164 3053 καὶ
3197 3000 3304 3053 τῶν
3347 3000 3582 3070 γνησίων
3615 3000 3807 3053 τούτου

2239 3091 2651 3162 συναγωνιστῶν
2683 3093 2839 3164 χάριν
2873 3093 3059 3156 αίτῶν,
3090 3095 3156 3164 τῇ
3196 3091 3476 3164 οἰκονομίᾳ
3509 3093 3583 3164 μὴ
3621 3093 3809 3163 δυσχε-

2233 3185 2434 3257 ραίνειν
2459 3183 2570 3253 (65)
2597 3201 2609 3214 ·
2642 3184 2773 3254 μηδὲ
2803 3187 2932 3255 μιᾶς
2958 3186 3349 3256 ἀντεχομένους
3371 3186 3577 3255 φωνῆς,
3606 3185 3667 3239 τὸ
3699 3187 3808 3238 πᾶν

2230 3273 2491 3328 ἀπολέσαι
2519 3273 2583 3326 δι’
2609 3273 2932 3346 ἀπληστίαν,
2957 3275 3036 3345 τῷ
3064 3275 3239 3347 καιρῷ
3271 3277 3679 3348 παρασυρείσης
3706 3277 3809 3347 τῆς

2231 3366 2535 3430 εὐσεϐείας.
2583 3369 2777 3429 Αύτοῖς
2817 3367 2915 3436 μὲν
2964 3367 3073 3438 γὰρ
3113 3368 3366 3439 οὐδεμίαν
3405 3363 3542 3422 εἶναι
3584 3369 3809 3440 ζημίαν,

2234 3453 2726 3524 ὑπαλλαττομένων
2762 3456 2954 3526 μικρὸν
2985 3455 3092 3510 τῶν
3121 3455 3339 3520 λέξεων,
3366 3457 3460 3509 καὶ
3485 3459 3688 3525 φωναῖς
3720 3457 3816 3510 ἀλ-

2233 3544 2354 3606 λαις
2384 3544 2446 3596 τὸ
2484 3543 2596 3596 ἴσον
2631 3543 3033 3614 διδασκομένοις
3067 3545 3210 3614 (64)’
3241 3545 3361 3598 οὐδὲ
3392 3545 3500 3618 γὰρ
3533 3548 3591 3599 ἐν
3634 3548 3818 3617 ρἡα·

2242 3652 2326 3688 σιν
2365 3638 2496 3706 ἡμῖν
2541 3632 2680 3689 εἶναι
2711 3636 2808 3704 τὴν
2853 3636 3127 3708 σωτηρίαν
3165 3637 3363 3707 μᾶλλον
3401 3638 3434 3709 ἢ
3481 3637 3770 3708 πράγμασι
3797 3657 3811 3669 ο

2245 3725 2378 3796 μηδὲ
2414 3725 2522 3796 γὰρ
2566 3725 2626 3778 τὸ
2677 3725 2942 3779 Ἰουδαίων
2992 3726 3143 3790 ἔθνος
3175 3726 3466 3780 ἀπολαϐεῖν
3497 3728 3582 3792 ἂν,
3623 3730 3672 3780 εί
3715 3730 3817 3800 τὴν

2241 3817 2334 3870 τοῦ
2365 3817 2474 3887 (65)
2501 3817 2832 3888 ἡλειμμένου
2863 3820 3068 3888 φωνὴν,
3099 3820 3222 3872 ἀντί¹
3255 3820 3356 3891 τῆς
3392 3801 3664 3890 Χριστοῦ,⁴
3679 3823 3817 3892 πρὸς

2241 3905 2418 3974 ὀλίγον
2435 3906 2841 3978 ἐπιζητοῦντες,
2862 3907 3044 3976 ἠξίουν
3064 3908 3180 3978 μεθ’
3197 3908 3353 3979 ἡμῶν
3369 3908 3656 3962 τάττεσθαι
3679 3908 3812 3978 (66)·

2243 3995 2320 4067 τῷ
2343 3996 2398 4050 δὲ
2427 3995 2588 4067 κοινῷ
2621 3999 2884 4068 μεγίστην
2914 3997 2980 4052 ἂν
3012 3997 3214 4069 βλάϐην
3245 3999 3516 4068 γενέσθαι,
3553 4003 3654 4070 τῆς
3694 4001 3816 4053 Ἑκ-

2243 4085 2473 4156 κλησίας
2506 4088 2950 4160 κατασχεθείσης.

571 4203 778 4255 rentur,
828 4189 984 4243 modo
1033 4186 1153 4240 aliis
1191 4183 1368 4238 verbis
1435 4184 1618 4236 eadem
1687 4179 2038 4240 docerentur;
2111 4189 2285 4246 neque
2329 4180 2472 4232 enim
2505 4179 2732 4235 salutem
2785 4191 3024 4237 nostram
3099 4182 3152 4235 in
3211 4183 3391 4238 verbis
3426 4183 3623 4253 potius,
3651 4199 3811 4253 quam

574 4285 628 4339 in
661 4283 817 4337 rebus
864 4279 1194 4344 consistere;
1229 4275 1424 4345 quippe
1458 4286 1579 4327 cum
1613 4286 1678 4325 ne
1708 4270 1874 4326 Judaei
1941 4268 2156 4338 quidem
2196 4267 2472 4338 rejiciendi
2542 4273 2672 4338 sint,
2713 4273 2758 4328 si
2795 4273 2862 4328 ad
2913 4273 3126 4343 aliquod
3190 4283 3397 4343 tempus
3454 4290 3550 4342 pro
3612 4273 3811 4330 Christi

570 4393 722 4444 voce,
750 4392 934 4432 vocem
965 4357 1118 4428 Uncti
1161 4371 1262 4428 sibi
1305 4367 1525 4426 concedi
1567 4365 1918 4436 postulantes,
1985 4362 2038 4416 in
2106 4369 2349 4417 nostrum
2431 4381 2710 4421 nunterum
2760 4379 2922 4435 atque
2969 4369 3211 4422 ordinem
3257 4371 3455 4425 ascribi
3521 4370 3730 4435 velint;
3761 4381 3819 4424 at

572 4475 875 4547 reipublica:
908 4487 1013 4528 non
1061 4482 1218 4541 posse
1243 4465 1501 4536 majorem
1531 4461 1821 4534 perniciem
1857 4475 1922 4515 ac
1950 4467 2157 4530 pestem
2188 4456 2391 4529 aﬂerri,
2454 4477 2614 4533 quam
2657 4464 2702 4518 si
2739 4462 2974 4518 Ecclesia
3019 4464 3087 4517 ab
3123 4463 3392 4520 haereticis
3439 4474 3814 4535 occuparetur.

647 4617 691 4649 ³⁸
716 4616 857 4672 Psal.
884 4629 992 4681 cst,
1020 4614 1073 4668 5.

649 4732 760 4801 (53)
835 4727 1272 4796 Ἔπεπήδησεν.
1336 4722 1474 4789 Jes.,
1535 4722 1900 4793 ἐπεδήμησεν.
1965 4719 2143 4788 Pass.,
2177 4733 2221 4788 ι)

576 4802 951 4871 ἐπεχείρησεν,

649 4860 1024 4950 (ἐξιηίφυγήντ
1081 4866 1169 4921 Sic
1221 4873 1328 4950 tres
1370 4861 1558 4930 Regg.,
1607 4861 1775 4916 Coisl.
1825 4861 1877 4926 1,
1920 4860 2140 4933 Chrys.,

574 4937 711 4999 ,ιττέη
740 4937 847 4992 etc.
879 4941 932 4990 In
957 4937 1067 4996 ed.,
1107 4937 1320 5005 φυγεῖν.

647 5009 760 5080 (55)
803 5008 1190 5080 ’Axo.i0150tor.
1217 5004 1309 5059 Or.
1339 5001 1394 5068 2,
1412 4997 1878 5080 ἀκολουθούντων.

649 5069 771 5148 (56),
799 5077 1075 5131 Πυκτίον.
1119 5076 1284 5142 ltegg.
1325 5088 1376 5135 a,
1411 5072 1522 5134 hut,
1555 5071 1622 5140 ph
1654 5079 1707 5123 et
1739 5077 1942 5137 septem
1967 5069 2146 5136 Colb.,

579 5147 913 5300 πῗῖἔῦίῖἶῶν
932 5214 1290 5284 ἀναγκαίων.
1322 5210 1377 5266 lu
1405 5207 1750 5280 quibusdam,
1773 5206 1881 5261 τῶν
1900 5207 2143 5273 δικαίων,

583 5310 601 5342 ⁸
623 5299 927 5429 Ῑὶξὲἳιῖξιὲί
956 5352 1066 5429 τῆς
1118 5351 1374 5429 αἰθρίας...
1400 5368 1444 5429 hc
1467 5349 1532 5403 Et
1575 5349 1900 5429 serenitatis.
1923 5347 2141 5429 inﬂate,

579 5419 697 5497 quin
720 5419 770 5483 in
805 5425 962 5497 editis
992 5419 1230 5497 deerant,
1257 5419 1652 5497 addidjtnusnex
1686 5419 1922 5489 quinque
1952 5419 2142 5490 llegg.,

579 5490 762 5554 decem
793 5496 968 5558 Colb.,
999 5493 1160 5548 Coisl.
1193 5493 1247 5554 2,
1274 5490 1366 5544 0r.
1401 5492 1436 5543 2
1463 5500 1517 5545 et
1547 5490 1696 5543 Pass.

649 5568 836 5638 (59)οι
850 5562 1106 5638 ger-7gp.
1128 5561 1228 5638 _Sie
1255 5560 1348 5638 ρι’.
1431 5569 1487 5638 et
1512 5561 1635 5612 Par.
1667 5559 1825 5638 [lceat
1853 5559 1960 5638 γᾴρ
1983 5559 2142 5638 in‘ed.

650 5629 762 5710 (60)
797 5629 904 5691 Κὰὶ
944 5629 1067 5700 edit}
1115 5634 1183 5686 ἐκ
1217 5631 1350 5686 τῶν.
1387 5630 1477 5687 Sic
1519 5641 1626 5685 tres
1675 5629 1866 5700 εἴθιζε..
1900 5629 1993 5684 Ur.
2031 5629 2066 5684 2
2095 5639 2149 5684 et

2250 4719 2403 4774 Pass.
2432 4717 2591 4772 Deest
2619 4715 2683 4769 ὲκ
2721 4715 2774 4770 in
2816 4715 2951 4771 edit.

2319 4789 2430 4860 (6])
2447 4787 2941 4860 ᾈγτιϐαίνεινθς.
2958 4785 3013 4848 2,
3030 4785 3350 4860 ἀντιλέγειν,
3362 4785 3780 4860 «contradicere.
3796 4807 3816 4839 ι

2317 4855 2424 4928 (66)
2454 4857 2878 4928 ’Υξτερετίθετᾳ
2903 4856 3202 4928 DuoBegg.
3222 4867 3275 4909 et
3299 4857 3470 4928 Pass.,
3499 4855 3820 4928 ὑπερέθετο.

2315 4925 2428 4998 (65)
2461 4927 2538 4994 Τῇ
2572 4927 2876 4998 οἰκονομίᾳ
2897 4925 2984 4995 μὴ
3018 4925 3460 4998 δυσχεραίνειν.
3499 4943 3517 4976 ι
3547 4925 3623 4981 Ne
3656 4929 3826 4998 indul-

2245 4995 2448 5068 gentia,
2476 5015 2493 5047 ι
2519 4996 2597 5048 vel
2628 5013 2646 5046 ι
2677 5005 3140 5068 temperamento,
3172 4996 3590 5068 olfenderentur.
3624 4995 3824 5068 rQuod

2247 5065 2456 5122 scilicet
2507 5069 2775 5133 expressis
2828 5066 3011 5120 verbis
3053 5065 3316 5134 Spiritum
3365 5075 3611 5120 sanctum
3655 5067 3822 5121 Deum

2249 5152 2356 5191 non
2412 5137 2649 5201 diceret;
2697 5136 2940 5204 quamvis
2986 5135 3107 5189 aliis
3156 5135 3395 5197 vocibus,
3431 5137 3671 5188 eamdem
3714 5136 3824 5190 vim

2252 5206 2597 5268 habentibus,
2633 5205 2750 5273 ejus
2785 5205 3118 5260 divinitatem
3157 5205 3497 5274 prtedicaret.
3532 5205 3660 5270 Quae
3695 5207 3824 5273 qui-

2255 5277 2374 5331 dem
2407 5275 2587 5330 Basilii
2631 5276 3009 5345 agendi_ratio
3060 5275 3129 5329 ab
3182 5274 3302 5328 aliis
3349 5275 3587 5343 culpata,
3629 5274 3827 5345 Magno

2252 5346 2548 5400 Athanasio
2581 5343 2799 5412 probata
2833 5343 2950 5397 fuit.

2325 5415 2436 5486 (64)
2462 5411 3128 5486 Διδασκομένοιςτῇϐοἱει.
3166 5415 3216 5482 l,
3243 5411 3302 5467 τὸ
3335 5412 3448 5466 ἴσον
3473 5411 3823 5485 δυναμέναις,

2259 5505 2278 5539 ι
2307 5483 2550 5542 eamdem
2585 5489 2690 5537 vim
2730 5483 3066 5538 habentibus.
3097 5503 3116 5536 ι

2325 5555 2435 5626 (65)
2470 5555 2588 5626 Τὴν
2611 5554 2738 5607 τοῦ.
2781 5554 2870 5626 Sic
2905 5553 3083 5623 plures
3126 5553 3291 5626 Begg.
3325 5553 3486 5626 Deest
3524 5553 3619 5607 τοῦ
3649 5555 3700 5610 in
3731 5554 3820 5610 ed.

2326 5621 2438 5698 (66)
2474 5623 2808 5679 Τάττεσθαι.
2846 5621 2917 5678 Ιιι
2939 5621 3231 5690 nonnullis,
3257 5622 3534 5695 τετάχθαι.
