4100 6276
299 309 402 371 589

1157 305 1417 358 ORATIO
1455 301 1644 357 XLI“.
1684 331 1754 340 —
1792 299 1858 356 ΙΝ
1900 300 2183 357 LAUDEM
2225 301 2470 359 BASILII
2510 299 2748 357 MAGNI.

3467 300 3571 356 590

361 425 486 479 59’.
531 421 682 477 Ἐπεὶ
713 422 796 475 ὅτι
835 437 898 489 γε
939 418 1138 482 παντὸς
1172 417 1374 488 μᾶλλον
1412 417 1528 488 ᾔδει
1561 417 1622 469 τὸ
1656 413 1882 486 Πνεῦμα
1912 455 1920 477 λ

2057 415 2244 471 LXIX.
2283 415 2415 471 Nam
2449 420 2591 486 quod
2623 415 2822 486 alioqui
2849 413 3038 468 melius
3067 428 3227 483 quam
3249 413 3428 485 quivis
3454 415 3570 480 alii,

291 517 458 582 Θεὺν,
494 515 654 586 δῆλον
687 513 785 584 μὲν
824 511 882 578 ἐξ
912 505 986 565 ὧν
1016 512 1111 564 καὶ
1157 509 1398 580 δημοσίᾳ
1430 507 1591 561 τοῦτο
1623 507 1887 570 πολλάκις

296 607 564 679 ἐκήρυξεν
584 647 598 670 ,
628 607 680 659 ετ
716 620 846 656 ποτε
882 602 1071 674 καιρὸς
1101 597 1189 672 ἦν,
1224 601 1318 654 καὶ
1357 599 1464 671 ἰδίᾳ
1497 601 1610 661 τοῖς
1637 597 1891 669 ἐρωτῶσι

297 699 597 772 προθύμως
644 694 1072 765 ἅνωμολόγησεο
1117 691 1450 761 σαφέστερον
1490 689 1547 742 δὲ
1595 688 1892 758 πεποίηκεν

295 791 358 844 ἒν
393 793 508 852 τοῖς
541 787 678 856 πρὸς
725 786 823 856 ἐμὲ
859 784 1060 852 λόγοις,
1105 783 1242 853 πρὸς
1280 781 1339 834 ὃν
1386 780 1539 834 οὐδὲν
1581 779 1892 851 ἀπόρρητον

295 878 364 954 ἦν
395 881 545 951 αὐτῷ
579 879 706 950 περὶ
743 877 946 932 τούτων
986 873 1492 944 κοινολογουμένῳ’
1529 871 1662 942 μηδὲ
1709 869 1896 932 ἁπλῶς

296 974 459 1028 τοῦτο
483 972 926 1042 ἀποφηνάμενος,
957 967 1069 1020 ἀλλ’
1093 966 1122 1019 ὃ
1151 965 1378 1037 μηδέπω
1405 964 1670 1036 πρότερον
1701 961 1899 1014 πολλά⁹

298 1082 388 1129 κις
421 1065 744 1133 πεποίηκεν,
771 1059 1191 1132 ἐπαρασάμενος
1222 1057 1400 1127 ἑαυτῷ
1427 1056 1488 1108 τὸ
1519 1054 1896 1124 φρικωδέστα-

297 1175 414 1219 τον,
445 1156 614 1210 αὑτοῦ
649 1155 742 1224 τοῦ
777 1153 1096 1224 Πνεύματος
1136 1152 1388 1203 ἐκπεσεῖν
1413 1189 1426 1209 .
1469 1150 1516 1200 εί
1557 1147 1631 1218 μὴ
1662 1145 1808 1199 σέϐοι
1836 1147 1897 1197 τὸ

298 1251 531 1320 Πνεῦμα
578 1248 717 1320 μετὰ
749 1245 962 1317 Πατρὸς
1006 1244 1099 1297 καὶ
1149 1241 1279 1296 Υίοῦ
1317 1241 1424 1311 tG'l)
1449 1281 1465 1305 ,
1499 1239 1576 1301 ὡς
1616 1237 1897 1307 ὁμοούσιον

300 1345 398 1398 καὶ
423 1343 706 1412 ὁμότιμον.
736 1340 798 1392 Εἰ
829 1337 886 1390 δέ
926 1336 991 1407 μέ
1014 1353 1099 1399 τις
1132 1334 1346 1401 δέξαιτο
1397 1331 1654 1386 κοινωνὸν
1687 1331 1897 1383 ἐκείνου

300 1435 409 1488 κάν
435 1437 549 1496 τοῖς
579 1430 860 1494 τοιούτοις,
892 1425 1239 1497 ἐξαγορεύσω
1266 1443 1318 1478 τι
1353 1422 1447 1477 καὶ
1479 1422 1590 1475 τῶν
1621 1423 1732 1484 τοῖς
1773 1421 1900 1473 πολ-

297 1526 418 1588 ὶοῖς
451 1525 590 1586 τέως
635 1522 746 1592 (68)
779 1519 1191 1590 ἀγνοουμένωνο
1233 1519 1313 1571 ὅτι
1351 1515 1446 1570 τοῦ
1487 1515 1681 1588 καιροῦ
1717 1533 1900 1570 στενο-

299 1615 613 1688 χωροῦντος
646 1615 813 1684 ἡμᾶς,
849 1610 1028 1682 ἐαυτῷ
1059 1610 1154 1681 μὲν
1181 1609 1280 1680 τὴν
1323 1607 1636 1678 οἰκονομίαν
1671 1607 1901 1678 ἐπέτρε-

299 1709 406 1780 ψεν
443 1707 577 1778 (69),
605 1708 737 1776 ἡμῖν
767 1704 822 1756 δὲ
853 1703 952 1774 τὴν
985 1700 1295 1772 παρρησίαν
1320 1742 1332 1762 ,
1367 1699 1462 1764 οὓς
1496 1699 1670 1762 οὐδεὶς
1706 1696 1897 1768 ἔμελλε

1995 505 2257 578 Spiritum
2312 520 2562 564 sanctum
2620 509 2786 564 Deum
2849 514 3188 578 agnosceret,
3227 522 3350 562 cum
3389 523 3454 564 ex
3505 524 3572 563 eo

1993 601 2280 670 perspicue
2320 611 2554 667 constat,
2591 606 2734 672 quod
2763 612 2816 655 et
2860 601 2962 656 hoc
2992 616 3133 671 saepe
3165 601 3362 670 palam,
3393 605 3572 672 quoad

1996 706 2092 760 per
2123 701 2335 760 tempus
2369 691 2588 756 licebat,
2646 692 2979 761 prmdicavit,
3025 700 3080 746 ct
3131 692 3382 762 privatim
3435 693 3575 761 apud

1995 796 2108 845 eos,
2140 796 2167 834 a
2197 781 2396 850 quibus
2425 782 2893 853 interrogabatur,
2927 781 3069 836 haud
3107 792 3431 836 cunctanter
3454 798 3576 836 con-

1999 872 2172 928 fessus
2196 883 2310 939 est;
2345 884 2455 928 tum
2480 889 2608 929 vero
2639 876 2688 928 in
2713 876 2825 929 suis
2853 875 2916 928 ad
2939 890 3024 929 me
3059 875 3399 930 sermonibus
3427 888 3579 943 aper-

2001 965 2104 1019 tius
2155 964 2206 1018 id
2260 964 2650 1019 demonstravit
2684 965 2882 1036 (neque
2938 966 3078 1018 enim
3138 963 3426 1032 quidquam
3476 977 3579 1016 un-

1998 1072 2182 1126 quam,
2216 1071 2337 1110 cum
2366 1057 2429 1110 de
2456 1056 2542 1112 his
2575 1056 2736 1111 rebus
2767 1072 2976 1111 mecum
3008 1056 3430 1124 colloqueretur,
3466 1054 3580 1108 ani-

2001 1163 2088 1201 mo
2127 1158 2324 1203 teetum
2357 1148 2526 1220 824
2553 1148 2933 1217 occultumque
2959 1148 3166 1214 habuit)
3194 1165 3208 1213 ;
3245 1163 3349 1200 non
3373 1145 3580 1216 simpli-

2003 1241 2139 1295 citer
2182 1241 2283 1296 hoc
2329 1241 2622 1306 allirmans,
2661 1242 2778 1306 sed,
2815 1241 2954 1310 quod
3005 1249 3163 1292 antea
3213 1239 3308 1308 ipsi
3357 1252 3580 1307 perraro

2001 1335 2292 1399 acciderat,
2329 1334 2430 1388 sibi
2487 1349 2598 1389 rem
2668 1334 2908 1388 omnium
2965 1331 3198 1386 maxime
3254 1329 3578 1385 horrendam

2001 1425 2352 1496 imprecatus,
2397 1440 2610 1496 nempe,
2652 1435 2708 1478 ut
2756 1426 2823 1478 ab
2877 1426 2992 1495 ipso
3041 1423 3243 1493 Spiritu
3281 1423 3580 1485 excideret,

2004 1520 2105 1574 nisi
2137 1534 2257 1574 cum
2295 1519 2456 1573 Patre
2501 1529 2554 1572 et
2581 1519 2715 1573 Filio
2747 1518 3034 1588 Spiritum,
3058 1526 3113 1571 ut
3144 1515 3581 1571 consubstantia-

1993 1610 2107 1665 -lcm
2159 1620 2212 1666 et
2271 1612 2475 1666 honore
2521 1627 2729 1680 parem,
2768 1619 3136 1666 veneraretur.
3175 1609 3326 1676 Quod
3375 1609 3419 1662 si
3457 1605 3582 1677 quis

2005 1718 2090 1757 me
2119 1703 2172 1756 in
2201 1705 2363 1757 tantis
2394 1719 2609 1773 quoque
2667 1705 2828 1758 rebus
2865 1703 3008 1757 illius
3045 1703 3248 1757 socium
3279 1698 3582 1760 admiserit,

300 1801 548 1872 κρίνειν,
587 1797 707 1850 οῦδὲ
739 1795 1066 1850 ἀποϐάλλειν
1097 1795 1196 1866 τῆς
1224 1792 1504 1863 πατρίδος,
1540 1790 1774 1862 ἀφανείᾳ
1809 1806 1900 1842 τε-

2007 1795 2230 1865 aliquid,
2259 1797 2400 1866 quod
2439 1797 2710 1867 plerisque
2754 1796 3090 1864 incognitum
3124 1803 3247 1848 ante
3279 1793 3398 1855 fuit,
3435 1792 3586 1848 evulo

297 1890 666 1962 τιμημένους,
699 1889 773 1952 ὡς
798 1887 858 1952 ἐξ
895 1887 1220 1958 ἀμφοτέρων
1257 1884 1476 1955 ἰσχυρὸν
1511 1879 1648 1937 εἶναι
1678 1882 1740 1936 τὸ
1776 1881 1898 1936 καθ’

301 1982 457 2052 ἡμᾶς
489 1977 840 2046 Εὐαγγέλιον.
878 1977 988 2030 Kal.
1030 1975 1201 2030 ταῦτα
1245 1973 1493 2044 διῆλθον,
1534 1972 1631 2042 οὑχ
1666 1971 1752 2024 ἴνα
1803 1972 1902 2041 τῆς

302 2072 520 2127 ἐκείνου
546 2070 704 2141 δόξης
727 2067 1304 2140 ύπεραπολογήσωμαι
1348 2063 1635 2135 (κρείττων
1661 2062 1766 2134 γὰρ
1795 2060 1902 2114 τῶν

305 2159 716 2231 ἐγκαλούντων,
748 2159 905 2230 εἴπερ
933 2159 1074 2220 τινες
1104 2160 1262 2218 εἰσιν,
1294 2158 1322 2209 ὁ
1350 2153 1531 2226 ἀνὴρ),
1562 2152 1674 2206 ἀλλ’
1709 2153 1796 2206 ἵνα
1831 2150 1902 2222 μὴ

302 2256 502 2310 τοῦτον
543 2255 668 2326 ὅρον
699 2252 798 2324 τῆς
845 2251 1126 2314 εὐσεϐείας
1166 2248 1483 2321 νομίζοντες
1535 2247 1668 2319 (70),
1704 2247 1800 2312 τὰς
1846 2250 1902 2301 ὲν

301 2350 425 2412 τοῖς
449 2346 745 2419 γράμμασι
783 2344 950 2416 μόνας
986 2342 1081 2396 τοῦ
1125 2342 1320 2414 ἀνδρὸς
1363 2341 1755 2414 εὑρισκομένας
1791 2357 1904 2409 φω-

303 2439 440 2504 νὰς,
475 2435 872 2508 ἀσθενεστέραν
901 2434 1000 2506 τὴν
1039 2433 1223 2488 πίστιν
1258 2432 1422 2501 ἔχωσι
1443 2471 1460 2497 ,
1489 2432 1586 2484 καὶ
1631 2429 1905 2496 ἀπόδειξιν

303 2531 414 2601 τῆς
462 2529 676 2582 ἑαυτῶν
725 2526 1084 2599 κακουργίας,
1119 2525 1218 2596 τὴν
1251 2523 1462 2577 ἐκείνου
1499 2521 1798 2590 θεολογίαν,
1837 2522 1904 2592 ἣν

304 2622 337 2676 ὃ
371 2622 567 2694 καιρὸς
603 2621 776 2676 ἐποίει
813 2618 951 2692 μετὰ
981 2616 1074 2672 τοῦ
1110 2616 1457 2688 Πνεῦματος’
1501 2614 1638 2669 ἀλλὰ
1678 2613 1769 2667 τὸν
1797 2613 1905 2666 τῶν

305 2713 720 2786 γεγραμμένων
748 2712 871 2766 νοῦν
902 2709 1308 2781 δοκιμάζοντες,
1336 2708 1432 2762 καὶ
1459 2707 1551 2761 τὸν
1584 2700 1784 2760 σκοπὸν
1811 2705 1904 2774 ἀφ’

305 2800 376 2863 οῦ
408 2806 582 2860 ταῦτα
629 2805 939 2878 ἐγράφετο,
1005 2804 1206 2874 μᾶλλον
1250 2805 1316 2874 τῇ
1361 2819 1420 2855 τε
1464 2800 1692 2872 ἀληθείᾳ
1742 2815 1910 2870 προσ-

307 2901 582 2968 άγωνται,
601 2899 696 2952 καὶ
715 2899 842 2961 τοὺς
859 2895 1191 2958 ἀσεϐοῦντας
1221 2891 1666 2963 ὲπιστομίζωσιν.
1689 2891 1905 2962 Ἔμοιγ’

308 2989 412 3046 οὖν
443 2989 552 3062 εἴη,
591 2991 685 3044 καὶ
727 2991 876 3052 ὅστις
910 2989 1032 3059 ἐμοὶ
1064 2988 1254 3056 φίλος,
1303 2987 1337 3056 ἡ
1385 2984 1594 3037 ἐκείνου
1636 2981 1902 3050 θεολογία.

309 3085 431 3139 Καὶ
459 3083 712 3138 τοσοῦτον
745 3081 932 3154 θαρρῶ
958 3083 1024 3152 τῇ
1059 3082 1189 3152 περὶ
1220 3079 1283 3132 τὸ
1321 3080 1553 3152 πρᾶγμα
1585 3075 1680 3130 τοῦ
1717 3073 1907 3146 ἀνδρὸς

309 3177 676 3249 καθαρότητι,
736 3174 876 3229 ὥστε
931 3175 1028 3228 καί⁵
1087 3171 1244 3226 τοῦτο
1307 3168 1718 3239 κοινοποιοῦμαι
1773 3165 1908 3238 πρὸς

311 3271 492 3325 ἅπασι
513 3285 529 3300 ’
557 3268 796 3339 κάκείνῳ
841 3268 938 3338 μὲν
967 3265 1036 3320 τὰ
1061 3265 1194 3338 ἐμὰ,
1231 3265 1358 3336 ἐμοὶ
1391 3263 1448 3316 δὲ
1477 3261 1545 3315 τὰ
1578 3261 1787 3315 ἐκείνου
1825 3260 1912 3312 λο-

308 3361 529 3432 γίζοιτο
555 3360 706 3432 παρά
727 3376 787 3412 τε
825 3357 944 3429 Θεῷ
976 3358 1068 3410 καὶ
1098 3356 1203 3411 τῶν
1233 3353 1534 3426 ἀνθρώπων
1566 3355 1679 3416 τοῖς
1711 3351 1914 3420 εὐγνω-

312 3452 691 3527 μονεστέροις.
729 3451 866 3505 Οὐδὲ
905 3450 1014 3521 γὰρ
1052 3451 1180 3512 τοὺς
1220 3444 1615 3515 εὐαγγελιστὰς
1673 3442 1912 3515 φαίημεν

308 3546 384 3602 ἂν
408 3543 707 3598 ὑπεναντία
739 3543 912 3595 ποιεῖν
937 3539 1208 3609 ἀλλήλοις,
1235 3539 1318 3592 ὅτι
1345 3539 1392 3591 οἱ
1429 3537 1528 3608 μὲν
1552 3535 1632 3606 τῷ
1664 3533 1912 3607 σαρκικῷ

309 3636 412 3690 τοῦ
453 3631 692 3706 Χριστοῦ
719 3632 879 3686 πλέον
905 3630 1364 3702 ὲνησχολήθησαν,
1397 3630 1448 3682 οἱ
1475 3627 1532 3682 δὲ
1563 3630 1630 3699 τῇ
1663 3626 1912 3698 θεολογίᾳ

312 3727 702 3800 προσέϐησαν·
735 3725 827 3779 καὶ
855 3725 903 3777 οἱ
948 3724 1046 3796 μὲν
1070 3724 1134 3776 ὲκ
1171 3723 1279 3776 τῶν
1318 3721 1440 3776 καθ’
1463 3721 1630 3791 ἡμᾶς,
1671 3721 1720 3772 οἱ
1756 3719 1810 3772 δὲ
1843 3719 1908 3772 ἐκ

311 3820 436 3890 τῶν
464 3819 604 3890 ὑπὲρ
638 3818 786 3889 ἡμᾶς
817 3805 1143 3886 ἐποιήσαντο
1169 3814 1267 3886 τὴν
1298 3815 1505 3885 ἀρχήν·
1538 3811 1681 3864 οὕτω
1706 3811 1764 3864 τὶ
1795 3810 1907 3881 (71)

313 3889 586 3984 κήρυγμα
623 3909 918 3980 διελόμενοι
941 3907 1078 3979 πρὸς
1111 3907 1173 3960 τὸ
1205 3910 1473 3977 χρήσιμον
1505 3897 1659 3973 οἶμαι
1681 3903 1792 3964 τοῖς
1826 3900 1912 3954 δε-

315 4002 594 4074 χομένοις,
631 3999 725 4054 καὶ
761 3997 905 4052 οὕτω
947 3994 1099 4068 παρὰ
1134 3993 1230 4048 τοῦ
1263 3996 1321 4046 ὲν
1361 3993 1550 4056 αὐτοῖς
1581 3989 1911 4060 τυπούμενοι

316 4094 465 4148 Πνεύ
473 4110 662 4166 ματος.

2007 1887 2162 1956 gabo.
2197 1887 2328 1941 Nam
2379 1904 2498 1942 cum
2540 1898 2752 1958 tempus
2783 1888 2836 1941 in
2884 1901 3124 1941 summas
3170 1885 3448 1954 angustias
3488 1897 3586 1937 nos

2010 1979 2298 2049 redigeret,
2340 1979 2480 2034 hanc
2535 1979 2648 2049 ipse
2693 1979 2957 2033 rationem
3004 1977 3195 2040 inibat,
3234 1984 3290 2029 ut
3328 1975 3428 2029 sibi
3463 1974 3584 2044 qui-

2007 2071 2128 2125 dem
2167 2071 2645 2140 dispensationem,
2673 2071 2828 2126 nobis
2871 2080 3070 2135 autem,
3111 2084 3266 2138 quos,
3305 2069 3373 2122 ob
3413 2068 3588 2124 nomi-

2007 2163 2093 2219 nis
2142 2164 2552 2230 obscuritatem,
2607 2177 2768 2217 nemo
2822 2162 2874 2216 in
2917 2163 3175 2232 judicium
3231 2160 3584 2220 adducturus.

2007 2255 2288 2325 patriaque
2315 2255 2587 2326 ejecturns
2618 2264 2784 2321 esset,
2818 2255 3066 2323 loquendi
3096 2253 3404 2308 libertatem
3437 2267 3587 2307 com-

2009 2347 2273 2403 mitteret.
2312 2349 2488 2417 Atque
2524 2348 2596 2401 ita
2632 2346 2983 2415 Evangelium
3013 2355 3255 2400 nostrum
3289 2347 3501 2400 llrmum
3535 2355 3588 2399 et

2011 2439 2246 2493 validum
2291 2449 2434 2505 erat,
2490 2438 2770 2507 utriusque
2817 2437 3071 2507 praesidio
3122 2436 3422 2492 sullultum.
3476 2436 3588 2491 Nec

2010 2545 2139 2585 vero
2174 2530 2289 2585 hzcc
2317 2545 2382 2585 eo
2418 2545 2447 2584 a
2482 2545 2567 2585 me
2603 2539 3025 2586 commemorata
3053 2539 3196 2597 sunt,
3224 2539 3281 2583 ut
3313 2529 3452 2583 illius
3475 2529 3589 2583 exi-
3652 2569 3653 2572 η

2010 2623 2375 2678 sti-mationem
2410 2623 2656 2677 oratione
2689 2639 2805 2678 mea
2835 2623 3210 2689 delenderem;
3247 2622 3592 2690 praestantior

2009 2716 2156 2771 enim
2181 2723 2285 2779 est,
2310 2729 2472 2783 quam
2501 2724 2556 2767 ut
2582 2713 3012 2778 accusatoribus,
3039 2714 3080 2768 si
3103 2713 3194 2783 qui
3229 2722 3408 2768 tamen
3439 2723 3589 2779 sunt,

2013 2807 2068 2862 in
2099 2806 2265 2875 ipsius
2299 2808 2498 2860 famam
2541 2807 2836 2876 quidquam
2888 2806 3081 2871 liceat;
3114 2808 3206 2862 sed
3247 2821 3314 2862 ne
3347 2808 3590 2878 quidam,

2009 2900 2225 2971 pietatis
2272 2915 2518 2954 normam
2561 2915 2624 2953 ac
2659 2899 2896 2970 regulam
2941 2899 3084 2954 solas
3129 2914 3222 2953 eas
3255 2914 3437 2964 voces,
3471 2914 3592 2969 quae

2011 2995 2064 3047 in
2099 2991 2246 3046 illius
2283 2991 2437 3046 libris
2489 2992 2853 3062 reperiuntur,
2890 3007 3010 3046 esse
3042 2991 3441 3056 existimantes,
3488 2992 3590 3046 im-

2011 3085 2344 3142 becilliorem
2393 3084 2552 3140 ﬁdem
2609 3084 2864 3152 habeant,
2899 3083 3244 3154 eamquede
3296 3082 3592 3138 Divinitate

2011 3177 2309 3232 disserendi
2341 3178 2626 3242 rationem,
2648 3191 2806 3246 quam
2843 3177 2892 3231 ei
2923 3186 3130 3244 tempus
3159 3175 3309 3242 illud,
3339 3190 3447 3230 non
3474 3174 3592 3230 sine

2011 3268 2247 3339 Spiritus
2282 3269 2528 3334 numine,
2567 3268 2844 3335 afferebat,
2873 3269 2925 3322 in
2959 3267 3242 3338 pravitatis
3291 3284 3408 3325 sua:
3455 3284 3586 3325 con-

2011 3363 2377 3418 ﬁrmationem
2431 3363 2692 3428 trahant;
2753 3377 2936 3416 verum
2995 3349 3204 3429 eorum,
3246 3376 3366 3430 qum
3405 3360 3477 3416 ab
3525 3377 3592 3418 eo

2011 3455 2214 3524 scripta
2259 3463 2402 3519 sunt,
2437 3469 2656 3509 sensum
2703 3468 2766 3509 ac
2817 3469 3066 3525 scopum,
3103 3469 3262 3525 quem
3298 3455 3425 3522 sibi,
3460 3455 3590 3510 dum

2012 3545 2126 3600 haec
2175 3545 2462 3614 scriberet,
2520 3546 2873 3617 proponebat,
2927 3547 3311 3616 expendentes,
3358 3556 3468 3602 tum
3524 3548 3592 3601 ad

2009 3639 2296 3695 veritatem
2323 3641 2496 3712 magis
2531 3642 2811 3705 accedant,
2840 3650 2949 3694 tum
2985 3640 3071 3704 iis,
3103 3641 3195 3710 qui
3227 3641 3277 3696 in
3313 3641 3594 3712 impietate

2010 3741 2322 3797 versantur,
2358 3747 2420 3787 os
2449 3733 2749 3787 obstruant.
2780 3731 2908 3787 Mihi
2945 3732 3184 3801 quidem,
3209 3735 3593 3805 omnibusque,

2011 3824 2207 3896 quibus
2253 3825 2451 3880 charus
2494 3838 2638 3888 sum,
2669 3823 2874 3878 utinam
2917 3825 3059 3879 adsit
3108 3824 3255 3880 illius
3301 3825 3590 3896 theologia.

2012 3917 2189 3985 Atque
2242 3916 2398 3980 adeo,
2449 3914 2669 3984 hujusce
2721 3915 2846 3982 viri,
2895 3925 3159 3984 quantum
3208 3917 3275 3972 ad
3305 3917 3444 3974 hanc
3480 3933 3592 3972 rem

2016 4005 2231 4072 attinet,
2262 4004 2494 4069 puritati
2539 4003 2848 4073 usqueadeo
2879 4003 3110 4071 conﬁdo,
3143 4013 3222 4071 ut,
3255 3993 3451 4075 praeter
3487 4006 3595 4061 alia

2017 4097 2218 4163 omnia,
2265 4097 2366 4152 hoc
2410 4110 2626 4166 quoque
2681 4110 2802 4150 cum
2847 4110 2912 4150 eo
2949 4110 3234 4151 commune
3262 4097 3461 4154 habere
3486 4114 3593 4154 non

315 4219 603 4273 recusem;
636 4206 709 4262 ita
756 4215 816 4260 ut
860 4205 949 4261 ille
1001 4217 1144 4271 mea,
1179 4202 1308 4258 mibi
1341 4199 1581 4256 vicissim
1612 4197 1760 4252 illius
1794 4194 2002 4260 omnia,
2037 4201 2092 4246 et
2128 4191 2268 4262 apud
2306 4191 2497 4257 Deum,
2563 4197 2616 4246 et
2645 4190 2785 4260 apud
2853 4190 3276 4246 candidissimos
3338 4207 3586 4262 quosque

317 4297 594 4365 homines,
624 4297 986 4352 ascribantur.
1058 4293 1190 4347 Nam
1249 4306 1423 4361 neque
1491 4287 1851 4359 evangelistas
1906 4283 2110 4339 idcirco
2170 4281 2308 4336 inter
2376 4295 2435 4336 se
2479 4295 2717 4350 pugnare
2759 4279 3078 4344 dixerimus,
3113 4282 3367 4349 quoniam
3409 4282 3500 4336 alii
3536 4285 3590 4338 in

320 4389 646 4460 exponenda
706 4386 910 4442 Christi
973 4384 1314 4440 humanitate
1372 4381 1489 4450 plus
1523 4395 1702 4450 opera:
1767 4383 2087 4446 posuerunt,
2149 4373 2241 4427 alii
2313 4373 2380 4426 ad
2429 4373 2803 4442 explicandam
2843 4369 3154 4426 Divinitalis
3206 4373 3490 4428 materiam
3536 4392 3598 4429 se

319 4481 710 4542 contulerunt;
747 4485 911 4546 atque
942 4475 1036 4529 alii
1071 4473 1138 4527 ab
1178 4472 1262 4527 his
1293 4473 1474 4536 rebus,
1545 4484 1666 4538 quae
1735 4468 1801 4522 ad
1833 4464 2240 4534 intelligentiam
2292 4473 2528 4518 nostram
2576 4479 2696 4518 sese
2779 4465 3210 4526 accommodant,
3263 4465 3352 4520 alii
3394 4467 3464 4521 ab
3503 4469 3592 4536 iis,

318 4589 441 4646 qua:
465 4584 682 4642 captum
718 4578 966 4625 nostrum
1019 4573 1298 4635 superant,
1345 4561 1603 4632 auSpicati
1637 4567 1798 4624 sunt;
1869 4557 1950 4612 sic
1985 4553 2237 4610 videlicet
2308 4555 2740 4625 praedicationem
2775 4554 2916 4609 inter
2957 4568 3016 4609 se
3065 4556 3269 4624 partiti,
3291 4566 3349 4611 ut
3376 4572 3600 4649 eorum,

318 4669 410 4740 qui
440 4681 562 4722 eam
597 4661 956 4733 excipiebant,
992 4655 1198 4712 utilitas
1238 4656 1468 4722 ferebat,
1504 4664 1667 4724 atque
1715 4652 1792 4706 ita
1855 4648 2128 4706 informati
2196 4658 2250 4702 et
2283 4647 2457 4703 edocti
2526 4663 2554 4702 a
2593 4647 2820 4718 Spiritu,
2858 4647 2948 4719 qui
2989 4649 3042 4702 in
3113 4650 3349 4718 ipsorum
3387 4647 3588 4709 animis

316 4767 458 4818 erat.

391 4875 468 4928 0'.
503 4872 639 4936 Φέρε
677 4867 760 4937 δὴ,
791 4865 998 4920 πολλῶν
1040 4867 1098 4919 ὲν
1135 4867 1249 4928 τοῖς
1276 4863 1444 4917 πάλαι
1475 4863 1568 4918 καὶ
1600 4861 1696 4916 νῦν
1744 4879 1906 4932 γεγο-

2083 4855 2245 4911 LXX.
2283 4854 2396 4924 Age
2427 4853 2610 4920 igitur,
2640 4866 2762 4906 cum
2799 4852 2949 4906 multi
2988 4851 3112 4918 viri,
3154 4861 3263 4908 tum
3298 4854 3350 4909 in
3386 4855 3592 4918 Veteri.

318 4967 488 5022 νότων
526 4960 738 5032 ἀνδρῶν
783 4960 872 5011 ἐπ’
920 4956 1169 5028 εὐσεϐείᾳ
1215 4955 1540 5027 γνωρίμων,
1571 4955 1902 5026 νομοθετῶν,

323 5053 644 5129 στρατηγῶν
667 5093 682 5118 ,
730 5048 1046 5122 προφητῶν,
1079 5046 1436 5112 διδασκάλων,
1485 5047 1593 5101 τῶν
1633 5045 1904 5119 ἀνδρικῶν

325 5274 505 5399 na?)
557 5273 666 5329 Kal
723 5271 880 5326 Υὶοῦ.
933 5271 1067 5326 Tres
1120 5269 1288 5342 Regg.
1345 5278 1400 5324 et
1443 5268 1538 5324 Or.
1586 5268 1642 5335 2,
1689 5267 1910 5324 καὶτοῦ

394 5362 472 5398 ου.

375 5345 472 5398 ίοῦ.

417 5414 506 5469 68)
547 5415 717 5478 Τέως,
755 5413 910 5467 Deest
940 5413 995 5465 in
1027 5410 1162 5479 Reg.
1193 5426 1243 5463 a.

417 5485 507 5553 69)
531 5484 648 5553 Τὴν
666 5483 1010 5552 οἰκονομίαν
1043 5482 1392 5549 ἐπέτρεψεν.
1425 5498 1443 5531 ι
1473 5482 1586 5538 Sibi
1623 5481 1906 5553 dispensa-

325 5550 525 5624 tionem
554 5550 1346 5624 permisit.{Billiusaddend‘m
1373 5568 1391 5624 ι
1417 5554 1618 5617 verbi,»
1641 5551 1781 5624 quod
1803 5550 1903 5624 de?

327 5619 576 5686 lavimus,
618 5625 742 5678 huic
784 5623 902 5678 loco
943 5623 1195 5677 tenebras
1222 5620 1434 5685 olfudit,
1467 5619 1669 5676 nedum
1694 5619 1899 5686 aliquid

328 5692 463 5749 lucis
495 5693 731 5749 afferret.
782 5693 898 5746 Non
924 5693 1066 5746 enim
1105 5692 1283 5761 agitur
1327 5693 1394 5744 dc
1430 5711 1448 5743 c
1474 5693 1619 5746 verbi
1652 5689 1898 5761 ministe-

329 5765 467 5834 rio,»
516 5779 610 5822 seu
665 5782 684 5816 ι
711 5763 1107 5833 praedicatione,
1137 5757 1165 5813 ῐ
1194 5764 1288 5818 sed
1329 5763 1392 5817 de
1421 5763 1651 5832 quodam
1694 5757 1891 5830 praedi-

2018 4957 2130 5004 tum
2162 4948 2212 5002 in
2242 4944 2391 5000 Novo
2428 4944 2774 4998 Testamento
2819 4945 3016 5011 pietate
3067 4944 3200 4998 clari
3253 4954 3309 5000 et
3359 4946 3596 5002 illustres

2017 5040 2234 5104 fuerint,
2299 5037 2652 5108 legislatures,
2711 5034 2972 5089 militares
3039 5035 3226 5102 duces,
3291 5037 3591 5108 propheta,

2022 5268 2208 5323 caudae
2254 5266 2505 5320 veritatis
2553 5265 2732 5322 modo.
2787 5273 2845 5317 ut
2900 5273 3043 5319 recte
3095 5267 3318 5335 exponit
3351 5263 3590 5328 Nicetas,

2020 5337 2437 5408 οίκονομηθῆναι
2481 5334 2902 5408 τὴνάλμῂθε-ιαν,
2937 5337 3097 5404 quod,
3137 5334 3398 5408 probante
3423 5339 3592 5408 Atha-

2019 5404 2346 5472 nasio,'sil_ri'
2391 5404 2631 5476 permisit
2685 5404 2929 5465 Basilius.
2980 5421 3065 5470 ne,
3107 5423 3298 5474 magno
3337 5407 3593 5462 Ecclesiae

2011 5480 2231 5542 damno,
2266 5493 2296 5530 e
2324 5494 2418 5529 sua
2451 5477 2576 5529 sede
2608 5476 2673 5528 ab
2707 5476 2978 5530 haereticis
3009 5477 3314 5542 pelleretur.

2082 5549 2195 5620 (70)
2224 5546 2595 5620 Noyt'forftec.
2638 5545 2879 5610 Quatuor
2911 5544 3100 5614 Ilegg.,
3138 5546 3302 5599 Coisi.
3342 5547 3395 5610 1,
3429 5542 3523 5600 0r.
3557 5545 3592 5598 2

2011 5629 2064 5676 et
2092 5615 2283 5682 Pass"
2309 5615 2740 5685 γιγνώσκοντες,
2779 5635 2797 5667 ι
2821 5626 3230 5686 agnoscentes.»

2079 5689 2192 5762 (7i)
2237 5690 2328 5744 Τό.
2369 5689 2458 5743 Sic
2491 5703 2683 5742 onmes
2721 5687 2837 5742 fere
2866 5685 3030 5741 codd.
3063 5685 3117 5740 In
3143 5685 3252 5751 ed.,
3287 5685 3384 5756 τῷ.
