4100 6276
283 341 391 398 5⁸³5

1114 343 1379 399 υιιΑνιιυ
1421 336 1604 402 XLlll.
1645 380 1713 390 —
1755 349 1824 403 IN
1864 350 2151 409 LAUDEM
2189 354 2436 411 BASlLll
2479 355 2716 413 MAGNI.

3455 360 3558 419 59L

275 459 401 524 λην,
437 454 504 526 ἦν
539 453 641 507 οὐκ
668 453 933 507 ἐπάλαισε
967 453 1103 525 πρὸς
1131 454 1284 520 Θεὸν,
1312 457 1424 510 ἀλλ’
1458 459 1598 531 ὑπὲρ
1623 461 1780 525 Θεοῦ,
1814 461 1880 518 τὰ

1987 465 2145 520 diluis
2169 468 2359 524 evelio.
2402 469 2474 523 At
2501 470 2660 540 hujus
2691 468 2880 534 etiam,
2934 484 3037 524 non
3072 480 3412 542 conspectam
3451 487 3562 527 ειη·

274 547 390 600 τῶν
425 545 724 617 αίρετικῶν
754 547 1226 609 καταϐάλλουσαν,
1261 552 1360 621 τήν
1408 568 1466 603 τε
1508 554 1877 625 ποιμαντικὴν

273 637 374 690 τοῦ
415 639 630 709 ἀνδρὸς,
688 638 748 703 ἐξ
795 634 864 710 ἦς
913 638 1235 708 ἐπλούτησε,
1280 641 1450 694 πλείω
1498 643 1606 696 τῶν
1654 644 1882 715 ἀσήμων

273 730 575 802 προϐάτων
611 731 954 801 κτησάμενος
983 730 1049 785 τὰ
1082 732 1349 803 ἐπίσημα,
1385 735 1483 807 τήν
1504 752 1562 786 τε
1589 735 1756 806 καλὴν
1782 753 1878 788 πο-

273 821 571 875 λυτεκνίαν
608 821 718 875 τῶν
748 822 890 875 κατὰ
917 821 1048 874 Θεὸν
1072 823 1463 894 γεννηθέντων,
1494 827 1584 880 καὶ
1609 827 1706 899 τὴν
1735 828 1880 882 εὐλο-

271 912 427 978 γίαν,
527 913 755 978 πολλοὺς
786 915 1089 986 ἐστήριξεν.

1985 567 2120 621 tum,
2154 559 2248 612 sed
2278 567 2332 613 et
2368 561 2677 626 transitam,
2713 570 2767 613 et
2795 575 2889 631 per
2929 561 3276 630 quotidianos
3305 563 3562 617 virtutum

1983 652 2180 718 gradus
2219 665 2571 706 conscensam
2619 653 2836 707 scalam'
2879 653 3036 707 laudo
3064 693 3079 717 ,
3129 663 3181 707 et
3221 655 3559 717 columnam,

1984 757 2149 811 qnam
2184 742 2312 810 Deo,
2345 759 2450 797 non
2487 745 2702 813 quidem
2734 747 2905 809 unxit,
2931 747 3022 800 sed
3047 747 3244 812 erexit,
3275 745 3562 815 impiorum

1987 836 2239 903 dogmata
2312 838 2377 890 ad
2437 836 2674 890 infamiae
2735 837 3078 905 sempiternae
3143 847 3321 892 notam
3385 838 3560 892 inu‘sta

1986 925 2378 991 continentem,
2410 940 2638 1014 eamque
2661 927 3084 989 dimicationem,
3117 945 3299 999 quam,
3329 942 3436 982 non
3469 927 3562 982 ad-

270 1018 476 1059 versus
513 1004 707 1070 Deum,
759 1008 855 1061 sed
903 1023 1003 1077 pro
1035 1009 1144 1065 Deo
1198 1010 1457 1080 suscepit,
1498 1012 1872 1069 luereticorum
1915 1015 2165 1086 dogmata
2230 1004 2674 1088 dejicientem'ac
2713 1030 3175 1090 prosternentem;
3230 1037 3292 1076 ac
3337 1034 3562 1092 praeter-

271 1113 341 1154 ea
377 1103 712 1171 pastoralem
755 1103 900 1158 illius
931 1113 1127 1170 artem,
1153 1121 1219 1160 ex
1249 1121 1355 1176 qua
1389 1107 1748 1178 locupletatus
1806 1121 1912 1180 est,
1955 1113 2136 1183 plures
2180 1129 2306 1170 oves
2379 1115 2698 1186 insignitas,
2734 1095 2895 1185 quam
2942 1116 3079 1186 signi
3131 1127 3380 1186 expertes
3436 1119 3564 1172 ade-

273 1207 445 1266 ptus;
481 1199 786 1270 elegantem
833 1199 965 1256 item
1013 1211 1068 1256 et
1118 1217 1458 1259 numerosam
1509 1205 1747 1263 sobolem
1834 1208 2127 1264 secundum
2203 1211 2368 1265 Deum
2415 1212 2772 1282 progenitam,
2841 1225 2906 1266 ac
2946 1210 3176 1282 denique
3221 1212 3554 1268 benedictio-

276 1307 430 1355 nem,
474 1308 582 1362 qua
615 1293 814 1350 inultos
846 1293 1157 1350 suffnleivit.

347 1383 470 1436 OB'.
514 1383 711 1455 Ἰωσὴφ
750 1386 968 1454 ἐγένετο
997 1388 1292 1462 σιτοδότης,
1319 1389 1436 1443 ἀλλ’
1477 1391 1750 1473 Αἰγύπτου
1779 1393 1875 1464 μό-

275 1491 398 1544 νης,
434 1474 532 1528 καὶ
556 1475 617 1526 οὐ
654 1475 935 1543 πολλάκις,
972 1479 1065 1532 καὶ
1093 1481 1421 1552 σωματικῶς
1442 1499 1456 1512 ⁸
1492 1483 1520 1533 ὁ
1551 1481 1605 1535 δὲ
1637 1483 1873 1552 πάντων,

2057 1395 2267 1450 LXXII.
2309 1393 2509 1464 Ioseph
2543 1393 2797 1448 frumenti
2843 1393 3157 1447 distributor
3204 1392 3300 1446 fuit
3347 1394 3424 1456 ⁸³,
3466 1391 3560 1448 sed

1982 1485 2202 1559 Egypti
2232 1487 2518 1555 duntaxat,
2552 1497 2726 1554 neque
2757 1485 2806 1538 id
2845 1483 3066 1554 sa'pins,
3101 1498 3196 1538 nec
3233 1485 3332 1538 nisi
3367 1500 3563 1556 corpo-

277 1567 374 1619 καὶ
421 1567 512 1620 ἀεὶ
538 1606 553 1632 ,
595 1570 690 1622 καὶ
725 1571 1135 1641 πνευματικῶς,
1191 1573 1328 1646 ὅπερ
1381 1575 1506 1646 ἐμοὶ
1539 1575 1637 1646 τῆς
1673 1576 1872 1629 σιτοδο-

1983 1595 2074 1634 reo
2121 1580 2298 1636 modo.
2331 1581 2399 1632 At
2429 1579 2536 1645 hic,
2570 1588 2624 1632 et
2651 1579 2914 1642 omnium,
2951 1587 3004 1630 et
3045 1593 3277 1646 semper,
3307 1587 3356 1632 et
3398 1578 3558 1647 spiri-

277 1658 401 1722 σίας
429 1659 544 1730 (85)
569 1661 787 1733 ἐκείνης
818 1663 1139 1734 αἱδεσιμὼτε
1151 1683 1258 1736 ρον.
1277 1667 1452 1720 ,Μετὰ
1500 1667 1616 1720 Ἰὼϐ
1641 1672 1734 1722 τοῦ
1761 1669 1872 1721 Αὐ-

276 1752 429 1804 σίτου
459 1752 593 1823 (84),
625 1756 719 1808 καὶ
747 1756 1094 1828 πεπείραται,
1122 1759 1216 1810 καὶ
1246 1759 1518 1830 νενίκηκε,
1551 1761 1645 1814 καὶ
1677 1761 1875 1833 ἀνηγότ

281 1861 473 1916 ρευται
505 1846 776 1918 λαμπρῶς
806 1849 898 1902 ἐπὶ
922 1850 1065 1904 τέλει
1115 1851 1222 1904 τῶν
1250 1851 1426 1906 ἄθλων
1452 1893 1465 1915 ,
1524 1855 1714 1925 μηδενὶ
1765 1855 1882 1931 τῶν.

273 1939 646 1992 τινασσὸντων
671 1940 878 1993 πολλῶν
904 1941 1073 1995 ὄντων
1100 1961 1236 1996 κατα
1246 1943 1499 2010 σεισθεὶς,
1531 1946 1665 2000 ἀλλὰ
1695 1946 1875 2018 πολλῷ

273 2031 358 2100 τῷ
387 2031 636 2101 περιόντι
677 2031 767 2084 τὸν
812 2035 1114 2106 πειραστὴν
1149 2035 1261 2106 (85)
1302 2036 1738 2102 καταπαλαίσας,
1778 2038 1872 2091 καὶ

275 2122 388 2174 τῶν
417 2121 589 2192 φίλων
626 2124 722 2193 τὴν
755 2124 976 2193 ἀλογίαν
1004 2127 1364 2197 ἐπιστομίσας
1385 2170 1402 2195 ,
1448 2129 1784 2197 ἀγνοούντων
1812 2131 1874 2184 τὸ

273 2213 374 2266 τοῦ
407 2214 615 2278 πάθους
652 2217 947 2287 μυστήριον
979 2217 1110 2288 (85.).
1144 2219 1404 2288 Μωῢσῆς
1429 2221 1527 2274 καὶ
1567 2221 1781 2291 Ἀαρὼν
1807 2223 1876 2276 ἐν

276 2306 406 2372 τοῖς
439 2307 846 2376 (8Ἱ)ῑερεῦσιν
867 2310 1075 2364 αὑτοῦ.
1126 2311 1232 2364 Καὶ
1263 2313 1440 2382 μέγας
1489 2315 1728 2385 Μωῡσῆς
1779 2315 1876 2384 μὲν

279 2397 556 2464 Αἴγυπτον
590 2397 902 2466 βασανίσας,
937 2399 1064 2453 λαὸν
1095 2401 1205 2473 (88)
1235 2401 1508 2466 διασώσας
1535 2405 1593 2458 ἐν
1629 2406 1876 2475 σημείοις

280 2490 498 2555 πολλοῖς
537 2491 632 2544 καὶ⁹
669 2491 881 2563 τέρασι,
915 2493 1014 2565 τῆς
1043 2493 1272 2566 νεφέλης
1301 2495 1432 2548 είσω
1469 2498 1723 2567 χωρήσας
1747 2537 1760 2560 ,
1793 2514 1877 2549 νο-

289 2581 597 2655 μοθετήσας
618 2582 713 2638 τον
743 2583 964 2638 διπλοῦν
991 2584 1176 2656 νόμον,
1213 2587 1304 2639 τόν
1333 2604 1392 2639 τε
1425 2586 1518 2640 τοῦ
1550 2587 1877 2658 γράμματος

286 2675 508 2741 ἔξωθεν,
539 2679 633 2730 καὶ
660 2678 784 2740 ὅσος
815 2677 1023 2732 ἔνδοθεν
1053 2679 1144 2731 τὸν
1168 2677 1261 2731 τοῦ
1293 2679 1630 2749 Πνεῦματος.
1669 2680 1876 2750 Ἀαρὼν

284 2769 342 2822 δὲ
377 2769 660 2834 Μωῦσέως
695 2769 942 2839 ἀδελφὸς,
976 2772 1153 2824 καὶτὸ
1183 2771 1339 2841 σῶμα
1360 2813 1374 2832 ,
1421 2773 1516 2825 καὶ
1547 2773 1608 2824 τὸ
1639 2772 1873 2844 πνεῦμα,

1981 1669 2103 1725 tnali
2157 1669 2313 1724 modo
2353 1689 2367 1724 :
2424 1670 2565 1739 quod
2603 1669 2820 1739 quidem
2872 1669 2956 1723 illa
3000 1669 3256 1724 frumenti
3303 1671 3561 1725 distribu-

1981 1764 2142 1826 tione,
2193 1778 2308 1818 niea
2363 1763 2579 1831 quidem
2639 1762 2904 1816 sententia
2935 1802 2949 1824 ,
3009 1761 3162 1829 longe
3215 1765 3561 1832 prmstantins

1979 1855 2365 1923 angustiusque
2401 1852 2730 1906 censendum
2781 1863 2884 1906 est.
2927 1853 3058 1906 Cum
3107 1851 3206 1907 Job
3250 1854 3459 1918 Ansita,
3505 1865 3560 1910 et

1979 1953 2213 1998 tentatus
2238 1955 2345 2009 est,
2382 1955 2435 1997 et
2463 1944 2706 2012 superior
2733 1944 3003 2007 discessit,
3038 1947 3408 2016 confectisque
3438 1962 3560 2002 cer-

1981 2035 2311 2101 taminibus,
2375 2036 2568 2090 illustri
2629 2038 2900 2106 prmconio
2956 2041 3126 2092 victor
3180 2041 3558 2109 pronuntiatus

1979 2134 2060 2182 est
2088 2127 2134 2158 δ’
2165 2146 2179 2182 ι
2211 2137 2270 2181 ιιι
2300 2129 2389 2197 qui
2426 2129 2572 2182 nullo
2611 2129 3006 2184 incursantium
3031 2131 3408 2199 accrbitatmn,
3440 2148 3557 2201 qum

1979 2219 2158 2274 multa!
2214 2221 2448 2285 fuerunt,
2487 2220 2685 2290 impetu
2743 2236 3042 2276 concussus
3098 2231 3153 2276 et
3204 2222 3558 2278 labefactatus

1981 2310 2188 2374 fuisset,
2237 2312 2330 2366 sed
2378 2322 2700 2367 tentatorem
2754 2312 2965 2369 abunde
3022 2324 3350 2382 superasset,
3399 2324 3569 2384 atque.

1983 2400 2283 2455 amicorum
2317 2401 2642 2456 calamitatis
2677 2418 2937 2457 arcanum
2986 2404 3347 2472 ignorantium
3379 2405 3558 2458 stulti-

1980 2489 2109 2543 tiam
2149 2506 2211 2546 ac
2262 2494 2625 2548 temeritatem
2659 2498 3031 2563 repressisset.
3072 2495 3274 2566 Moyses
3304 2507 3350 2549 et
3383 2497 3560 2552 Aaron

1954 2585 2031 2654 ,in
2066 2587 2426 2640 sacerdotibus
2455 2586 2568 2656 ejus
2619 2586 2687 2643 ⁵ο.
2729 2587 2793 2640 Et
2827 2601 3053 2657 magnus
3082 2589 3297 2657 quidem
3329 2587 3558 2658 Moyses,

1979 2678 2069 2746 qni
2117 2676 2408 2750 Egyptum
2461 2679 2692 2742 vexavit,
2745 2677 2996 2748 populum
3055 2679 3106 2733 in
3163 2680 3332 2750 signis
3379 2681 3562 2737 multis

1981 2769 2346 2838 prodigiisque
2396 2772 2634 2824 serrarit
2693 2771 2770 2834 ⁵⁸,
2824 2771 2964 2823 intra
3028 2771 3224 2826 nubem
3276 2775 3559 2842 processit,

284 2861 380 2914 τοῦ
411 2861 546 2914 λαοῦ
577 2860 947 2934 πρε-θυόμενος
975 2863 1070 2916 καὶ
1107 2863 1542 2934 προσευχόμενος
1591 2863 1734 2934 (89),
1779 2865 1878 2936 μύ-

1983 2859 2250 2930 duplicetn
2277 2859 2447 2929 legem
2483 2861 2686 2925 sanxit,
2720 2860 3008 2914 litteralem
3035 2863 3286 2915 nimirum
3314 2874 3559 2930 externo,

290 2969 426 3026 στης
448 2954 548 3024 τῆς
584 2955 734 3024 ἱερᾶς
767 2959 860 3008 καὶ
889 2955 1130 3027 μεγάλης
1153 2957 1376 3027 σκηνῆς,
1399 2958 1464 3028 ἣν
1499 2957 1698 3027 ἔπηξεν
1726 2957 1754 3009 ὀ
1775 2956 1882 3010 Κύ-

292 3063 428 3116 ριος,
457 3046 552 3099 καὶ
585 3047 684 3101 οὐκ
719 3046 827 3117 (90)
855 3046 1158 3118 ἄνθρωπος.
1189 3047 1407 3102 Τούτων
1451 3048 1507 3102 δὲ
1553 3047 1880 3120 ἀμφοτέρων

288 3135 540 3207 ζηλωτὴς
567 3137 792 3200 ἐκεῖνος,
831 3136 1135 3206 βασανίζων
1161 3137 1278 3207 μὲν,
1311 3136 1370 3189 οῦ
1408 3138 1748 3206 σωματικαῖς
1779 3135 1883 3206 μά-

291 3229 455 3296 στιξι,
492 3231 889 3300 πνευματικαῖς
921 3227 1094 3282 δὲκαὶ
1119 3228 1383 3297 λογικαῖς,
1430 3227 1580 3291 ἔθνος
1606 3227 1882 3300 αἱρετικὸν

289 3323 389 3376 καί
435 3320 768 3390 Αίγύπτιον·
823 3320 970 3388 ἄγων
1021 3320 1076 3373 δὲ
1117 3319 1245 3374 λαὸν
1274 3319 1607 3392 περιούσιον,
1636 3320 1881 3393 ζηλωτὴν

289 3412 476 3469 καλῶν
502 3413 698 3486 ἔργων,
735 3412 827 3464 ἐπὶ
847 3410 943 3482 τὴν
972 3415 1075 3483 γῆν
1109 3412 1204 3482 τῆς
1231 3411 1587 3480 ἐπαγγελίας,
1621 3408 1786 3477 πλαξὶ
1823 3412 1881 3466 δὲ

289 3505 494 3576 νόμους
521 3503 840 3573 ἐγγράφων,
870 3503 930 3556 οὐ
964 3503 1432 3576 συντριϐομέναις,
1464 3502 1598 3556 ἀλλὰ
1635 3500 1880 3572 σωζομέ-

291 3619 432 3664 ναις,
463 3600 564 3652 οὐκ
618 3597 699 3651 ἔτι
753 3596 1036 3660 σκιοειδεῖς
1088 3597 1222 3668 (9-1),
1271 3596 1383 3649 ἀλλ’
1419 3596 1539 3650 ὅλον
1582 3614 1883 3668 πνευματι-

293 3694 424 3758 κοῦς
458 3693 568 3763 (92)
596 3709 610 3722 ο
636 3693 715 3755 είς
744 3691 801 3744 δὲ
839 3691 907 3743 τὰ
933 3691 1100 3759 ’Ἅγια
1131 3690 1239 3743 τῶν
1269 3691 1460 3759 ἁγίων,
1487 3691 1587 3762 οὐχ
1613 3690 1760 3754 ἅπαξ
1785 3691 1880 3744 τοῦ

293 3782 568 3848 ἐνιαυτοῦ,
603 3782 865 3846 πολλάκις
919 3781 975 3836 δὲ
1031 3781 1166 3851 (95),
1197 3782 1290 3835 καὶ
1338 3781 1457 3848 καθ’
1493 3782 1730 3853 ἑκάστην
1758 3823 1772 3847 ,
1808 3782 1884 3846 ὡς

292 3879 494 3939 εἰπεῖν,
522 3873 704 3928 εἰσιὼν
733 3874 831 3944 τὴν
854 3872 1091 3944 ἡμέραν,
1119 3873 1240 3925 ὅθεν
1266 3873 1364 3944 τὴν
1391 3873 1551 3942 ἁγίαν
1586 3874 1718 3944 ἡμῖν
1749 3875 1876 3927 ἀνα-

292 3969 563 4024 καλύπτει
593 3967 816 4037 Τριάδα,
844 3967 938 4019 καὶ
963 3965 1092 4019 λαὸν
1122 3964 1420 4038 καθαίρων,
1444 3966 1504 4018 οὑ
1529 3965 1885 4037 προσκαίροις

295 4062 680 4135 ραντίσμασιν,
711 4059 824 4113 ἀλλ’
854 4058 1044 4122 ἀῖδῖοις
1068 4059 1385 4129 ἁγνίσμασι.
1424 4059 1487 4110 Τί
1506 4058 1566 4110 τὸ
1599 4058 1884 4113 κάλλιστον

305 4155 524 4226 Ἰησοῦ;
552 4153 863 4226 Στρατηγία
893 4192 907 4216 ,
971 4153 1064 4206 καὶ
1115 4151 1457 4223 κληροδοσία,
1517 4152 1610 4205 καὶ
1656 4153 1757 4222 γῆς
1785 4152 1884 4223 τῆς

1983 2951 2318 3022 spiritualem
2350 2953 2580 3008 interne.
2655 2954 2833 3006 Aaron
2863 2963 3067 3015 autem,
3105 2953 3324 3025 Moysis,
3357 2965 3409 3009 et
3437 2970 3561 3009 cor-

1982 3058 2112 3115 pore
2139 3085 2156 3108 ,
2185 3056 2238 3099 et
2275 3045 2470 3116 spiritu
2507 3044 2675 3099 frater
2697 3087 2712 3112 ,
2745 3060 2842 3114 pro
2870 3045 3042 3102 salute
3073 3046 3249 3115 populi
3292 3061 3478 3115 preces
3507 3058 3560 3101 et

1984 3138 2254 3194 sacrificia
2286 3138 2354 3192 ad
2385 3136 2553 3193 Deum
2586 3137 2847 3194 adhibens
2878 3140 2946 3204 ",
3001 3138 3180 3208 magni
3217 3138 3359 3192 illius
3399 3149 3450 3194 et
3477 3154 3566 3195 sa—

1984 3231 2253 3288 crosancti
2286 3230 2616 3284 tabernaculi
2651 3241 2854 3300 mystes
2879 3269 2894 3295 ,
2947 3231 3090 3301 quod
3127 3231 3242 3284 fixit
3275 3229 3555 3295 Dominus,

1984 3336 2048 3376 ac
2084 3336 2188 3376 non
2217 3322 2378 3376 homo
2404 3321 2473 3374 ⁸³.
2531 3319 2825 3387 Utriusque
2851 3322 3039 3375 horum
3078 3321 3166 3375 ille
3188 3321 3414 3376 aemulus
3443 3323 3563 3390 fuit,

1985 3413 2293 3468 hmreticam
2331 3421 2387 3466 et
2421 3411 2737 3483 Egyptian:
2773 3413 3047 3467 nationem
3073 3454 3088 3478 ,
3133 3431 3236 3468 nou
3267 3417 3562 3485 corporeis,

1987 3503 2082 3558 sed
2109 3503 2484 3573 spiritualibus
2515 3505 2688 3574 plagis
2710 3504 3028 3559 excrucians
3053 3523 3067 3571 ;
3099 3505 3354 3574 populum
3384 3515 3563 3561 autem

1990 3596 2382 3666 acquisitionis,
2413 3599 2677 3651 bonorum
2701 3611 2924 3661 operum
2948 3597 3331 3651 sectatorem“
3352 3599 3417 3652 ad
3443 3613 3567 3668 pro-

1986 3689 2262 3744 missionis
2299 3699 2495 3744 terram
2527 3690 2731 3743 ducens
2758 3729 2772 3754 ,
2810 3697 2866 3743 et
2902 3688 3115 3754 tabulis,
3151 3704 3270 3758 qua:
3306 3682 3410 3744 non
3443 3705 3568 3760 per-

1987 3783 2295 3852 fringuutur
2319 3825 2332 3845 ,
2371 3783 2465 3837 sed
2495 3791 2924 3845 conseri-antur,
2959 3780 3135 3850 leges,
3195 3797 3299 3835 non
3333 3783 3438 3844 iam
3471 3783 3568 3837 ob-

1985 3889 2178 3928 scuras
2211 3883 2264 3929 et
2297 3875 2650 3929 obumbratas
2675 3913 2690 3938 ,
2725 3875 2821 3928 sed
2856 3875 3000 3927 omni
3031 3889 3095 3927 ex
3134 3887 3286 3944 parte
3317 3877 3567 3945 spiritua-

1987 3962 2090 4031 les,
2123 3965 2425 4020 inscribens
2453 3980 2466 4028 ;
2501 3973 2664 4030 atque
2688 3963 2820 4018 adeo
2848 3962 3012 4033 827
3045 3964 3094 4015 in
3122 3963 3321 4018 Sancta
3355 3975 3569 4021 sancto-

1987 4078 2129 4128 rum,
2163 4075 2268 4115 non
2297 4057 2459 4114 semel
2503 4057 2830 4127 quotannis,
2868 4059 2961 4110 sed
2999 4059 3212 4126 sazpins,
3272 4068 3325 4112 et
3351 4100 3366 4123 ,
3401 4070 3460 4114 ttt
3493 4061 3564 4114 ita

1987 4155 2183 4218 dicam,
2217 4152 2456 4220 quotidie
2506 4149 2834 4218 ingrediens,
2874 4157 3037 4218 atque
3072 4150 3196 4204 hinc
3245 4151 3400 4211 nobis
3439 4169 3568 4212 san-

293 4249 457 4317 ἁγίας
493 4246 852 4316 κατάσχεσις·
883 4245 910 4296 ὁ
945 4243 1022 4308 δέ,
1049 4243 1148 4296 οὐκ
1179 4243 1405 4315 ἔξαρχος
1439 4243 1586 4313 (94);
1618 4245 1677 4298 οὐ
1725 4261 1886 4314 στρα-

1989 4257 2132 4303 ctam
2178 4245 2500 4300 Trinitatem
2553 4243 2845 4310 detegens.
2902 4257 2967 4300 ac
2997 4259 3290 4316 [uisu-emo,
3337 4266 3440 4304 non
3475 4267 3572 4320 per

291 4341 464 4414 τηγδς
500 4339 608 4394 τῶν
655 4339 743 4392 διὰ
779 4340 1010 4401 πίστεως
1047 4335 1405 4407 σωζομένων;
1447 4336 1507 4390 οὗ
1552 4335 1880 4408 κληροδότης

292 4434 402 4486 τῶν
436 4431 713 4502 διαφόρων
743 4429 894 4499 παρὰ
925 4428 1044 4498 Θεῷ
1067 4428 1284 4499 κλήρων
1328 4429 1422 4481 καὶ
1453 4427 1650 4499 μονῶν,
1679 4429 1745 4493 ἃς
1772 4429 1890 4482 διαι-

297 4525 455 4597 νέμε;
483 4527 596 4587 τοῖς
648 4522 933 4593 ἀγομένοις
963 4521 1103 4592 (95);
1131 4520 1271 4573 ὥστε
1323 4520 1584 4589 κάκείνην
1627 4519 1889 4574 δύνασθαι

297 4619 394 4691 τὴν
420 4617 604 4688 φωνὴν
644 4618 851 4679 εἰπεῖν,
883 4615 965 4668 ὃτι
1012 4617 1058 4667 Σ
1060 4615 1258 4683 χοινιά
1295 4613 1598 4667 ἐπέπεσόν
1633 4611 1744 4684 (96)
1787 4631 1890 4684 μοι

293 4713 366 4767 ἐν
402 4709 530 4777 τοῖς
559 4709 899 4779 κρατίστοις
922 4725 936 4739 ⁸
975 4707 1088 4772 καὶ,
1134 4707 1229 4758 Ἐν
1258 4705 1386 4772 ταῖς
1431 4707 1606 4775 χερσί
1651 4721 1767 4760 σου
1825 4707 1882 4761 οἱ

369 4901 416 4934 ⁸³
444 4900 579 4958 Gen.
617 4917 723 4962 XLI,
755 4899 824 4954 40
874 4913 991 4970 sqq.

299 4973 333 5026 4
356 4987 475 5042 sqq.
553 4971 600 5004 ⁸³
629 4971 791 5026 ιιυιπ.
829 4987 946 5036 vm,
980 4971 1036 5023 2.

373 5104 485 5170 (8⁸5)
517 5102 892 5169 Σιτοδοσίας.
925 5102 1054 5170 Reg.
1088 5103 1180 5170 ph,
1209 5105 1578 5174 σιτομετρίας.

372 5174 487 5248 (Si)
527 5175 814 5248 At’mlrov.
862 5193 879 5224 ι
901 5174 1107 5227 Ansita.
1137 5191 1156 5225 ι
1206 5174 1324 5228 Bill.
1364 5194 1380 5226 ι
1413 5175 1662 5243 llussita;
1691 5197 1708 5230 ι
1743 5181 1884 5248 quod

307 5241 553 5314 vulgatae
582 5245 854 5314 congruit.

516 5313 876 5388 Πειραστήν.
914 5313 970 5368 In
994 5313 1290 5388 nonnullis,
1318 5318 1598 5388 σοτιστήν.

376 5383 491 5458 (86)
517 5383 586 5458 Τὸ
603 5385 712 5458 τοῦ
735 5386 966 5458 πόρους
977 5383 1335 5458 μυστήριον.
1359 5383 1448 5441 Sic
1481 5383 1659 5458 plures
1686 5388 1883 5458 Regg.,

303 5454 468 5511 Coisl.
509 5457 559 5519 1,
594 5454 686 5510 0r.
715 5458 775 5522 2,
817 5455 966 5523 Par.,
995 5457 1148 5512 Pass.
1193 5457 1248 5511 In
1299 5460 1408 5523 ed.,
1455 5457 1554 5512 τοῦ
1589 5454 1890 5524 πάθουξτὸ

308 5526 628 5597 μυστήριον.

375 5595 504 5666 (87)
539 5597 634 5649 Ἐν
658 5595 805 5662 τοῖς.
857 5597 946 5651 Sic
995 5596 1176 5666 plures
1203 5598 1362 5652 codd.
1405 5597 1460 5653 In
1497 5600 1582 5654 ed.
1628 5599 1780 5654 deest
1808 5600 1886 5652 ἐν.

375 5665 490 5735 (88)
520 5669 702 5721 Λαόν.
735 5668 913 5730 l‘as«.,
947 5665 1039 5722 καὶ
1071 5667 1218 5724 λαόν.

377 5738 493 5804 (89)
526 5739 1041 5811 Προσευχόμενος.
1098 5739 1188 5797 Sit:
1234 5741 1416 5811 plures
1470 5741 1636 5811 ﬂcgg.
1677 5738 1733 5794 In
1775 5741 1889 5804 etl.,

307 5807 542 5878 προευχό
550 5825 615 5877 με
625 5825 731 5872 νος.

1071 4898 1113 4932 δν
1152 4896 1254 4968 Job
1277 4915 1314 4954 t.
1340 4899 1411 4952 ’12
1441 4914 1560 4968 sqq.

1115 4969 1162 5000 ”
1215 4967 1320 5022 Tit.
1373 4985 1432 5034 ιι,
1483 4967 1572 5029 Η.

1657 4898 1704 4933 ⁵ο
1745 4900 1886 4955 Psal.
1937 4911 2126 4960 XCVIII,
2153 4893 2206 4948 6ο

1675 4973 1720 5004 ⁸³
1766 4971 1878 5027 Jos.
1922 4988 1963 5032 ι,
2008 4970 2043 5022 2
2086 4982 2206 5036 sqq.

1989 4339 2163 4395 ﬂuxas
2189 4345 2242 4392 et
2268 4337 2500 4391 caducas
2528 4335 2894 4404 aspersiones,
2923 4339 3015 4392 sed
3041 4353 3134 4407 per
3164 4350 3392 4395 aeternas
3423 4343 3568 4411 puri-

1989 4432 2291 4489 ficationes,
2321 4426 2500 4498 populi
2533 4426 2682 4483 labes
2715 4429 2919 4484 eluens.
2979 4430 3116 4496 Quid
3145 4431 3566 4499 pulcherrimum

1989 4522 2179 4578 habuit
2211 4520 2374 4576 Josue
2398 4519 2445 4553 ⁵³
2469 4522 2495 4574 ?
2559 4520 2788 4574 Militare
2824 4520 3102 4588 imperium
3130 4562 3144 4585 ,
3181 4532 3234 4576 et
3265 4525 3566 4585 portionum

1990 4614 2456 4678 distributionem,
2497 4621 2762 4680 terraique
2791 4622 2992 4666 sancta:
3020 4616 3435 4681 possessionem.
3465 4616 3569 4672 Iste

1993 4723 2158 4776 vero,
2201 4719 2378 4762 nonne
2434 4699 2771 4773 imperator?
2840 4699 3026 4758 Nonne
3056 4705 3160 4758 dux
3207 4719 3391 4759 eorum
3424 4744 3439 4770 ,
3475 4705 3567 4776 qui

2321 4891 2363 4923 "
2406 4889 2573 4945 Exod.
2616 4904 2710 4954 \‘Il,
2765 4886 2798 4942 8
2856 4901 2979 4956 sqq.
3090 4887 3135 4918 ⁸³
3186 4885 3334 4939 Exod
3420 4900 3566 4952 xxxx,

2068 5101 2180 5172 (90)
2209 5100 2317 5155 Kal
2353 5101 2484 5154 οὐκ.
2521 5098 2610 5153 Sic
2642 5106 2817 5151 textus
2845 5111 3017 5159 sacer,
3039 5103 3090 5147 et
3117 5092 3249 5165 Reg.
3292 5094 3382 5163 ph.
3410 5094 3564 5150 Deest

2072 5177 2084 5190 ’
2123 5177 2173 5226 iu
2204 5177 2290 5225 eti.

1991 5191 2172 5314 κα’(91)
2209 5239 2546 5304 Σκιοειδεῖς.
2583 5239 2838 5320 llegz‘ph,
2870 5235 3243 5320 σκιοειδέσσιν.
3329 5306 3352 5320 ο

2062 5308 2173 5382 (9:2)
2205 5311 2688 5382 llrsvjtartxcnic:
2703 5308 2832 5378 li-rg.
2861 5311 2950 5382 pl},
2977 5308 3400 5382 πνευματικαῖς.

2063 5375 2173 5456 (95)
2205 5375 2508 5458 Πολλάκις
2537 5380 2622 5432 δέ.
2659 5375 2834 5458 Ριι-εεᾮ,
2867 5375 3002 5431 ἀλλὰ
3020 5375 3313 5458 πολλάκις.

2203 5454 2322 5524 οὐκ
2352 5444 2608 5518 ἔξαρχος
2627 5466 2644 5511 ;
2663 5473 2690 5524 Δι
2721 5451 2916 5524 Nonne
2953 5452 3222 5524 princeps,
3245 5444 3513 5500 exarclial
3539 5460 3562 5498 ι

1992 5519 2198 5580 Alludit
2231 5523 2412 5574 forsan
2463 5524 2527 5572 ad
2561 5521 2705 5572 sedis
2741 5519 2918 5572 Basilii
2953 5519 3295 5584 dignitatem,
3327 5530 3444 5583 qua:
3478 5524 3565 5570 t0-

1992 5597 2097 5648 tius
2131 5593 2366 5646 Pontica:
2396 5591 2696 5644 dimcesens
2729 5598 2891 5656 caput
2918 5598 3056 5642 erat.

2062 5665 2190 5743 (95)
2217 5661 2576 5730 ’Aroyérorc.
2611 5652 2841 5724 Nicetius,
2876 5678 2893 5709 ι
2921 5661 2983 5712 iis
3001 5673 3136 5727 quos
3167 5656 3323 5724 regit,
3348 5672 3367 5705 ι
3389 5652 3441 5710 id
3459 5661 3564 5725 est,

1994 5735 2242 5790 subditis.

2063 5803 2174 5875 (96)
2223 5801 2576 5856 'Enéasc'or.
2610 5801 2701 5856 0r.
2730 5801 2782 5862 ‘2,
2826 5798 3078 5851 ἐπέπεσε.
