4100 6276
485 309 596 365 595
1703 315 1760 370 S.
1807 313 2135 370 GltEGOBll
2176 313 2524 370 THEOLOGI
3649 319 3768 379 596

481 423 713 477 salutem
748 419 842 494 per
882 425 1036 481 ﬁdem
1069 429 1475 498 assequuntur?
1511 430 1699 486 Nonne
1731 432 2067 486 diversarum

2175 430 2389 499 xJﬁpo!
2405 450 2523 499 μου
2543 448 2554 461 ·
2591 430 2776 502 κλῆροι
2805 433 2912 487 τῶν
2944 436 3119 505 χαμαὶ
3153 435 3460 508 ἐρχομένων
3483 476 3498 503 ,
3532 438 3626 492 καὶ
3655 438 3752 510 ἁρο

485 517 861 572 haereditatum
895 531 959 572 ac
994 519 1355 585 mansionum,
1383 537 1502 591 quae
1537 524 1675 593 apud
1708 521 1874 578 Deum
1917 532 2064 588 sunt,

2175 521 2496 592 παιζομένων
2532 522 2710 594 πολλῷ
2736 524 3069 596 τιμιώτεροι.

483 608 812 676 assignator,
849 623 983 676 quas
1017 609 1280 665 militibus
1305 612 1418 666 suis
1445 613 1757 668 distribuit?
1809 613 1950 668 Adeo
1988 621 2045 664 ut
2084 612 2185 666 hac
2231 627 2444 682 quoque
2475 629 2605 667 voce
2674 615 2788 681 ipse
2859 617 2936 670 nti
3002 617 3212 684 possit:
3255 615 3430 672 Funes
3462 619 3759 674 ceciderunt

480 705 609 759 mihi
684 705 741 759 in
807 705 1079 776 prarclnris
1113 708 1199 760 8°:
1263 717 1316 762 et
1359 723 1588 766 rursus:
1627 709 1695 764 In
1739 709 1980 764 manibus
2024 709 2128 763 tuis
2165 719 2330 765 sortes
2389 728 2514 765 mea:
2549 711 2628 778 l‘7;
2679 721 2852 767 sortes
2886 713 3078 783 utique
3123 713 3228 780 iis,
3285 727 3406 782 quae
3455 713 3602 769 humi
3637 732 3762 770 ser-

483 805 637 864 punt,
673 811 736 849 ac
767 797 926 866 diripi
961 810 1208 866 possunt,
1236 799 1404 854 multo
1432 803 1856 869 praestantiores.

557 883 768 940 LXXIII
853 887 1042 957 Atque,
1079 898 1137 942 ut
1167 887 1397 956 judices,
1448 900 1502 944 et
1546 891 1788 960 iudicum
1817 889 2064 945 clarissi-

484 993 601 1033 mos
643 993 886 1048 quosque
923 990 1329 1046 prmtcreamus,
1381 980 1596 1036 Samuel
1643 986 1786 1038 inter
1823 999 1934 1048 eos,
1976 981 2066 1051 qui

485 1071 736 1125 invocant
772 1086 957 1124 nomen
1001 1071 1115 1140 ejus
1151 1071 1228 1136 ⁵⁸,
1263 1081 1319 1127 et
1363 1082 1486 1126 ante
1528 1075 1862 1128 nativitatem
1901 1072 2069 1126 dona-

488 1170 572 1216 tus
596 1161 676 1226 ⁵³,
704 1170 753 1216 et
792 1169 913 1231 post
944 1161 1277 1216 nativitatem
1311 1165 1590 1219 confestim
1617 1173 1812 1231 sacer,
1843 1179 1908 1218 ac
1949 1177 2069 1216 cor-

488 1268 558 1307 nu
583 1266 682 1306 suo
705 1267 858 1322 rcges
885 1261 938 1306 et
961 1255 1271 1308 sacerdotes
1301 1270 1505 1324 iungens
1531 1257 1595 1309 ⁵ο.
1634 1256 1770 1324 Quid
1798 1255 2071 1314 Basilius?

490 1343 675 1398 Nonne
706 1343 773 1397 ab
818 1343 1064 1408 infantia.
1093 1355 1147 1398 et
1180 1346 1247 1400 ab
1295 1346 1408 1416 ipsa
1453 1351 1699 1417 ntalrire,
1736 1351 1845 1407 Deo
1876 1368 2067 1408 conse—

489 1445 696 1500 cratus,
720 1451 782 1489 ac
825 1451 946 1490 cum
986 1436 1220 1507 diploide
1259 1439 1413 1492 altari
1461 1439 1670 1496 oblatus
1695 1451 1796 1508 est,
1827 1455 1879 1497 et
1908 1443 2074 1500 eccle-

489 1526 591 1580 stia
624 1527 1010 1596 perspiciebat,
1038 1537 1092 1580 ct
1132 1540 1326 1584 unctus
1351 1530 1560 1585 Domini
1595 1543 1735 1600 erat,
1786 1544 1838 1589 et
1872 1546 2066 1592 unctor

489 1631 696 1684 eorum,
726 1617 817 1688 qui
868 1633 931 1672 ex
981 1617 1181 1688 Spiritu
1225 1619 1682 1688 perﬁciebautur?
1728 1624 1894 1680 David
1934 1628 2074 1682 inter

2239 889 2357 940 Ol".
2390 888 2518 952 Καὶ,
2555 888 2642 941 ἵνα
2669 888 2794 950 τοὺς
2831 888 3024 959 κριτὰς
3057 887 3542 959 παραδράμοι-μεν,
3581 886 3615 958 ἢ
3647 888 3762 943 τῶν

2168 977 2372 1050 κριτῶν
2425 980 2551 1042 τοὺς
2611 979 3100 1050 εὐδοκιμοτάτους,
3136 978 3465 1048 Σαμουὴλ),
3520 981 3591 1032 ἐν
3632 979 3763 1047 τοῖς

2166 1071 2666 1140 ἐπικαλουμένοις
2696 1071 2763 1124 τὸ
2791 1073 2976 1141 ὄνομα
3004 1071 3214 1134 αὐτοῦ,
3242 1073 3336 1125 καὶ
3377 1071 3495 1143 Θεῷ
3525 1072 3634 1141 (97)
3669 1073 3760 1126 δο-

2167 1167 2262 1230 τὺς
2294 1166 2401 1238 πρὸ
2425 1168 2712 1235 γενέσεως,
2752 1167 2847 1220 καὶ
2881 1167 3018 1236 μετὰ
3052 1165 3150 1236 τὴν
3193 1166 3447 1236 γέννησιν
3481 1166 3642 1230 εὐθὺς
3678 1167 3759 1219 ἱε-

2173 1257 2284 1330 ρὸς,
2321 1258 2415 1311 καὶ
2447 1258 2615 1329 χρίων
2642 1257 2894 1328 βασιλέας
2929 1259 3022 1312 καὶ
3057 1257 3235 1330 ἱερέας
3269 1257 3358 1312 διά
3379 1257 3472 1311 τοῦ
3504 1258 3759 1329 κέρατος.

2171 1341 2340 1408 Οὗτος
2363 1345 2442 1408 δὲ,
2468 1347 2568 1399 οὐκ
2598 1348 2662 1398 ἐκ
2689 1345 2924 1418 βρέφους
2940 1346 3058 1416 Θεῷ
3087 1347 3491 1418 καθιερωμένος
3521 1349 3628 1401 άπὸ
3653 1349 3762 1419 μή·

2171 1454 2326 1508 τρας,
2371 1438 2466 1490 καὶ
2513 1437 2648 1508 μετὰ
2679 1439 2777 1509 τῆς
2803 1438 3074 1502 διπλοΐδος
3109 1439 3220 1510 (98)
3262 1440 3636 1512 ὲπιδεδομένος
3677 1439 3762 1510 τῷ

2175 1527 2400 1599 βήματι,
2443 1530 2538 1581 καὶ
2573 1528 2787 1599 βλέπων
2817 1529 2886 1583 τὰ
2917 1531 3234 1600 ἐπουράνια,
3271 1531 3365 1584 καὶ
3395 1531 3610 1602 χριστὸς
3642 1534 3762 1584 Κυ-

2177 1617 2293 1688 ρίου
2323 1613 2390 1688 ἦν
2415 1618 2549 1689 (99),
2584 1620 2678 1672 καὶ
2699 1620 2928 1691 χρίστης
2949 1620 3058 1672 τῶν
3084 1620 3473 1692 τελειουμένων
3500 1623 3564 1674 ἐκ
3589 1621 3764 1674 Πνεῦ-

493 1723 644 1778 reges
670 1709 850 1765 clarus
880 1720 932 1764 et
981 1709 1210 1766 celebris
1237 1711 1279 1742 “
1302 1751 1316 1775 ,
1363 1711 1517 1782 cujus
1555 1714 1736 1768 multa:
1764 1715 1980 1785 quidem
2007 1717 2070 1771 de

2178 1727 2346 1780 ματος
2372 1727 2387 1773 ;
2410 1709 2574 1764 Δαϐὶδ
2594 1712 2650 1763 ὲν
2683 1711 2996 1781 βασιλεῦσιν
3030 1713 3274 1783 ἀοίδιμος
3293 1753 3307 1774 ,
3339 1705 3401 1764 οὗ
3433 1712 3624 1767 πολλαὶ
3659 1713 3762 1784 μὲν

493 1803 740 1856 hostibus
812 1803 1051 1858 victoria:
1107 1818 1170 1857 ac
1235 1805 1493 1874 triumphi
1557 1805 1801 1864 historiis
1870 1808 2068 1876 proditi

491 1903 640 1959 sunt,
667 1904 720 1948 et
754 1894 1079 1963 praecipuum
1105 1895 1268 1951 decus
1294 1911 1358 1951 ac
1387 1908 1772 1953 ornamentum
1810 1910 1893 1954 est
1921 1918 2071 1956 utan-

491 1987 720 2040 suetudo
751 1985 793 2018 “
829 2027 848 2052 ,
879 1996 931 2039 et
961 1995 1088 2040 ante
1133 1989 1333 2052 regiam
1371 1987 1687 2057 dignitatem
1726 1990 1805 2045 vis
1842 1991 2064 2046 cithara

493 2078 689 2133 malum
724 2077 985 2148 Spiritum
1037 2079 1343 2134 incantaus.
1385 2078 1640 2134 Salomon
1673 2081 1853 2137 cordis
1888 2081 2072 2136 latitu-

491 2170 670 2224 dinem
711 2185 740 2222 a
777 2170 884 2224 Deo
925 2170 1238 2239 postulavit,
1280 2181 1334 2224 ct
1377 2169 1610 2226 obtinuit
1650 2173 1722 2235 ⁸³,
1783 2188 1958 2243 eoque
1987 2191 2074 2230 sa-

492 2262 710 2332 pientia:
736 2271 791 2315 et
820 2260 1296 2330 contemplationis
1331 2277 1651 2332 progressus
1679 2273 1784 2328 est,
1808 2273 1866 2318 ut
1888 2281 2075 2321 omnes

490 2355 664 2408 :etatis
694 2368 802 2407 sua:
839 2351 1093 2406 mortales
1148 2352 1380 2407 nominis
1424 2355 1738 2412 celebritate
1766 2369 2069 2428 superaret.

489 2446 718 2499 Basilius
742 2454 922 2497 autem
951 2484 970 2510 ,
1009 2443 1113 2497 nisi
1147 2459 1231 2498 me
1265 2445 1447 2512 Opinio
1489 2445 1645 2514 fallit,
1683 2463 1780 2504 nec
1826 2449 1899 2502 illi
1949 2449 2075 2503 leni-

494 2536 640 2597 tatis,
668 2550 766 2588 nec
797 2533 923 2587 huic
947 2533 1225 2602 sapientiae
1248 2535 1405 2590 laude
1431 2537 1747 2606 quidquam,
1784 2547 1879 2592 aut
1914 2537 2074 2592 mini-

492 2642 636 2682 mum
663 2637 809 2681 certe
843 2625 1125 2693 concedit;
1161 2626 1293 2681 adeo
1325 2638 1382 2681 ut
1416 2629 1802 2697 imperatorum
1839 2645 2072 2700 quoque,

491 2720 580 2788 qui
644 2721 946 2774 daemonum
1025 2719 1363 2789 intemperiis
1411 2720 1778 2788 agitabantur,
1838 2723 2073 2779 furorem

490 2811 791 2876 emolliret;
846 2826 943 2865 nec
994 2811 1176 2881 regina
1223 2819 1428 2865 tantum
1469 2812 1677 2879 Austri,
1717 2825 1810 2868 aut
1853 2815 2072 2885 quidam

491 2907 754 2959 duntaxat
784 2903 1050 2966 homines,
1097 2903 1378 2972 sapientia:
1410 2906 1577 2971 ipsius
1608 2906 1751 2960 fama
1791 2909 2071 2971 commoti,

491 3013 521 3050 e
550 2997 746 3051 ﬁnibus
776 3006 932 3051 terra:
965 2995 1032 3050 ad
1061 3009 1182 3049 eum
1215 3010 1275 3050 se
1318 2998 1653 3063 conferrent,
1692 2999 1788 3054 sed
1821 3000 2076 3056 omnibus

2176 1801 2517 1871 ἱστοροῦνται
2552 1801 2695 1854 κατὰ
2723 1801 2831 1855 τῶν
2862 1801 3071 1873 ἐχθρῶν
3104 1803 3252 1856 νίκαι
3297 1803 3391 1855 καὶ
3437 1803 3692 1874 τρόπαια,
3724 1806 3762 1875 ἡ

2174 1894 2416 1964 πραότης
2448 1894 2504 1947 δὲ
2535 1894 2594 1947 τὸ
2618 1895 3041 1965 ἐπισημότατον,
3078 1895 3174 1948 καὶ
3217 1895 3322 1966 πρὸ
3364 1895 3464 1965 τῆς
3487 1893 3764 1964 βασιλείας

2173 1987 2328 2058 ήτῆς
2361 1986 2589 2060 κινύρας
2637 1976 2886 2057 δύναμις,
2915 1986 3009 2038 καὶ
3051 1985 3290 2056 πονηροῦ
3340 1985 3645 2057 πνεύματος
3683 1987 3762 2056 (Ι)

2173 2078 2568 2150 κατεπάδουσα.
2600 2077 2850 2148 Σολομὼν
2871 2077 3070 2141 πλάτος
3101 2064 3328 2147 καρδίας
3347 2078 3586 2148 ᾐτήσατο
3611 2079 3767 2150 παρὰ

2172 2169 2330 2232 Θεοῦ,
2366 2171 2460 2224 καὶ
2490 2171 2813 2242 τετύχηκεν,
2841 2171 2932 2223 ἐπὶ
2958 2169 3209 2223 πλεῖστον
3239 2169 3519 2241 προελθὼν
3571 2169 3767 2239 σοφίας

2173 2263 2265 2315 καὶ
2290 2261 2539 2334 Θεωρίας,
2576 2262 2715 2316 ὥστε
2750 2262 3003 2333 γενέσθαι
3038 2262 3145 2316 τῶν
3174 2262 3296 2316 καθ’
3347 2263 3537 2316 ἑαυτὸν
3585 2263 3767 2316 ἁπάν-

2171 2371 2278 2406 των
2313 2353 2767 2426 εὐδοκιμώτατος.
2804 2355 2862 2408 ’0
2881 2355 2958 2418 δὲ,
2989 2354 3082 2409 τοῦ
3121 2355 3218 2426 μὲν
3251 2353 3329 2424 τῷ
3361 2356 3519 2426 πράῳ
3543 2394 3558 2419 ,
3588 2354 3681 2407 τοῦ
3707 2354 3768 2407 δὲ

2171 2447 2242 2516 τῇ
2270 2447 2450 2518 σοφίᾳ,
2481 2447 2622 2500 κατὰ
2654 2447 2745 2500 τὸν
2775 2447 2908 2516 ἐμὸν
2939 2446 3118 2516 λόγον,
3157 2447 3310 2500 οὐδὲν
3343 2447 3377 2518 ἢ
3425 2447 3606 2518 μικρῷ
3651 2446 3768 2500 λεί-

2175 2555 2334 2593 πεται
2358 2556 2369 2570 '
2404 2537 2544 2592 ὥστε
2579 2540 2673 2591 καὶ
2706 2537 2976 2608 βασιλέων
3007 2538 3209 2610 θράσος
3257 2538 3653 2608 δαιμονούντων
3687 2538 3768 2609 (2)

2175 2630 2623 2702 καταμαλάσσειν
2643 2647 2656 2661 ·
2687 2631 2781 2683 καὶ
2812 2629 2887 2701 μὴ
2919 2630 3238 2700 βασίλισσαν
3291 2630 3443 2684 νότου
3496 2629 3677 2702 μόνον,
3728 2629 3766 2700 ἢ

2176 2723 2266 2776 τὸν
2290 2724 2438 2776 δεῖνα
2471 2724 2574 2792 (5),
2604 2721 2744 2776 κατὰ
2772 2721 2928 2784 κλέος
2973 2721 3074 2791 τῆς
3115 2721 3280 2774 αὐτοῦ
3326 2721 3520 2790 σοφίας
3557 2724 3620 2774 ἐκ
3655 2720 3768 2772 τῶν

2177 2815 2428 2885 περάτων
2457 2815 2556 2884 τῆς
2607 2815 2714 2885 γῆς
2749 2816 3028 2886 ἀπαντᾷν,
3066 2814 3201 2868 ἀλλὰ
3241 2813 3335 2868 καὶ
3368 2814 3442 2884 (4)
3490 2814 3624 2867 πᾶσι
3653 2814 3769 2875 τοῖς

2177 2908 2377 2980 πέρασι
2410 2908 2507 2978 τὴν
2538 2908 2746 2961 ἐκείνου
2771 2909 2963 2978 σοφίαν
2992 2906 3376 2979 γνωρίζεσθαι.
3411 2907 3521 2960 Καὶ
3541 2905 3608 2958 τὰ
3638 2903 3771 2975 ἑξῆς

2178 3002 2412 3072 παρήσω
2461 3001 2554 3053 τοῦ
2612 3001 2954 3072 Σολομῶντος
2974 3017 2987 3030 ·
3018 3002 3155 3054 πᾶσι
3197 2999 3252 3053 δὲ
3283 2999 3438 3070 δῆλα,
3471 2998 3572 3053 κᾶν
3605 2997 3768 3068 ἡμεῖς

492 3091 641 3145 orbis
670 3090 866 3146 ﬁnibus
914 3090 1178 3160 sapientia
1231 3091 1402 3160 ipsius
1443 3105 1564 3147 nota
1600 3101 1763 3148 essnt.
1818 3094 1914 3160 Ac,
1951 3109 2069 3163 qum
2097 3088 2139 3146 C
2175 3093 2505 3164 φειδώμεθα.

493 3191 560 3242 de
603 3187 892 3243 Salomone
925 3194 1248 3256 sequuntur,
1301 3182 1518 3240 silentio
1570 3179 1904 3251 praeteribo:
1981 3189 2106 3236 sunt
2183 3192 2360 3238 autem
2425 3197 2483 3236 ea
2548 3182 2752 3238 cunctis
2801 3182 3087 3252 conSpicua
3133 3182 3301 3252 828
3344 3187 3397 3235 et
3449 3179 3770 3250 explorata,

493 3286 654 3338 etiam
690 3286 731 3339 si
765 3299 862 3338 nos
896 3284 1076 3337 dicere
1113 3281 1580 3350 supersedeamus.

559 3372 794 3431 LXXIV.
851 3375 978 3430 Elian
1011 3375 1258 3444 loquendi
1312 3373 1640 3435 libertatem,
1683 3387 1844 3442 quam
1877 3371 2072 3426 adver-

491 3483 587 3523 sus
627 3478 884 3537 tyrannos
917 3465 1184 3529 adhibuit,
1219 3463 1492 3533 ipsiusque
1528 3477 1623 3532 per
1654 3463 1830 3531 ignem
1860 3470 2072 3532 raptum

493 3559 685 3613 laudas
727 3557 810 3610 ιιι
844 3556 1062 3610 Laudas
1105 3556 1269 3610 ctiant
1303 3554 1586 3622 pulchram
1625 3552 1803 3608 Elistei
1846 3553 2078 3607 haeredi-

495 3659 682 3714 tatem,
713 3648 859 3701 illam
891 3647 1143 3700 nimirum
1187 3645 1462 3710 melotem,
1492 3659 1653 3714 quam
1686 3643 1814 3699 Elite
1856 3644 2078 3712 spiritus

495 3742 788 3797 comitatus
819 3749 903 3794 est
957 3739 1050 3792 “‘3
1102 3737 1272 3807 Hujus
1316 3751 1530 3805 quoque
1585 3736 1746 3788 vitam
1794 3735 1974 3800 lauda,
2025 3737 2076 3790 in

497 3838 618 3904 igne
657 3833 982 3895 traductam,
1020 3829 1074 3883 id
1114 3839 1220 3894 est,
1253 3830 1302 3882 in
1355 3827 1710 3882 lentationum
1747 3829 1982 3896 agmine,
2014 3843 2078 3883 ac

497 3926 728 3981 salutem
761 3938 856 3992 per
887 3923 1066 3989 ignem
1095 3931 1330 3988 partam,
1379 3928 1622 3974 urentem
1656 3918 1870 3986 quidem
1904 3920 2073 3983 ἱιιιιιιι,

497 4018 592 4072 sed
627 4032 732 4071 non
761 4021 1129 4083 perurentem,
1177 4010 1318 4081 quod
1348 4019 1432 4066 est
1473 4011 1593 4064 rubi
1636 4011 1955 4065 miraculum
1993 4013 2037 4044 ⁸⁸
2061 4053 2074 4078 ,

497 4107 911 4175 sublimitusqne
939 4103 1010 4158 illi
1055 4116 1368 4158 concessam
1402 4101 1618 4172 pellem,
1660 4101 1914 4156 nimirum
1963 4104 2074 4158 vir-

496 4198 799 4268 ginitatem.
846 4193 1000 4249 Mitto
1044 4209 1168 4249 rore
1208 4191 1454 4262 perfusos
1521 4193 1572 4245 in
1621 4189 1852 4248 ﬂammis
1899 4193 2077 4247 adole-

495 4297 710 4344 scentes
757 4286 838 4350 ‘7;
871 4293 926 4340 et
961 4284 1241 4355 fugitivum
1293 4291 1610 4352 prophetam
1656 4281 1736 4348 ⁸⁸,
1791 4283 1841 4335 ἱιι
1891 4290 2077 4336 ventre

495 4381 601 4438 ceti
640 4386 974 4450 precantem,
1007 4385 1168 4445 atque
1207 4389 1274 4428 ex
1309 4373 1498 4428 bestiae
1539 4374 1872 4442 praecordiis,
1925 4375 2077 4443 quasi

495 4488 528 4528 e
558 4472 814 4535 thalamo,
861 4469 1244 4539 prodeuntem;
1284 4473 1339 4521 et
1385 4465 1588 4532 justum
1639 4465 1808 4529 illtttn,
1861 4463 2077 4519 leonum

434 4549 444 4558 ’
497 4564 732 4618 furorem
766 4563 816 4616 in
875 4561 992 4614 lacu
1033 4559 1357 4613 vincientem
1393 4556 1459 4609 °’.
1511 4555 1663 4610 Mitto
1708 4565 1913 4625 septem
1965 4556 2077 4610 Ma-

2247 3371 2364 3422 OA’.
2410 3370 2682 3432 Ἐπαινεῖς
2747 3368 2926 3421 Ἡλίου
2973 3367 3071 3438 τὴν
3129 3365 3264 3437 πρὸς
3315 3365 3442 3427 τοὺς
3474 3362 3772 3434 τυράννους

2183 3460 2519 3533 παρρησίαν,
2552 3461 2645 3513 καὶ
2669 3461 2764 3530 τὴν
2793 3460 2867 3530 t5)
2921 3459 3006 3513 διὰ
3044 3459 3214 3531 πυρὸς
3253 3458 3542 3529 ἁρπαγήνς
3599 3454 3748 3506 Ἐλισ

2180 3553 2334 3606 σαίου
2360 3569 2418 3605 τε
2453 3551 2550 3623 τὴν
2576 3551 2744 3622 καλὴν
2779 3549 3166 3621 κληρονομίαν,
3198 3549 3296 3620 τὴν
3325 3547 3574 3619 μηλωτὴν
3601 3592 3612 3609 ,
3703 3544 3770 3598 τὸ

2191 3645 2372 3698 Ἡλίου
2401 3643 2615 3713 πνεῦμα
2655 3641 3162 3713 συνηκολούθησεν;
3211 3640 3454 3694 Ἐπαίνει
3508 3638 3764 3692 κάκείνου

2178 3738 2275 3808 τὴν
2306 3739 2361 3789 ὲν
2395 3736 2526 3806 πυρὶ
2555 3734 2718 3806 ζωὴν,
2771 3733 2848 3804 τῷ
2879 3734 3072 3805 πλήθει
3113 3733 3256 3802 λέγω
3282 3732 3387 3785 τῶν
3416 3731 3761 3802 πειρασμῶν,

2179 3830 2273 3882 καὶ
2303 3829 2400 3898 τὴν
2428 3828 2513 3880 διὰ
2542 3826 2712 3897 πυρὸς
2763 3827 3061 3897 σωτηρίαν,
3118 3825 3363 3887 καίοντος
3402 3824 3530 3895 μὲν,
3562 3824 3623 3876 οὺ
3666 3840 3769 3875 κα-

2178 3918 2496 3981 τακαίοντος
2544 3918 2622 3980 δὲ,
2649 3917 2708 3970 τὸ
2740 3918 2866 3989 περὶ
2902 3916 2999 3988 τὴν
3039 3915 3200 3986 βάτον
3233 3915 3434 3986 θαῦμα,
3467 3914 3561 3968 καὶ
3583 3915 3643 3968 τὸ
3671 3931 3766 3967 κα-

2179 4009 2267 4062 λὸν
2295 4008 2354 4072 ἐξ
2383 4007 2546 4077 ὕψους
2574 4007 2748 4080 δέρος,
2774 4009 2874 4078 τὴν
2906 4008 3198 4078 ἀσαρκίαν.
3241 4005 3345 4058 Ἐῶ
3389 4005 3554 4060 τᾶλλα
3574 4045 3589 4068 ,
3633 4004 3762 4068 τοὺς

2178 4099 2556 4172 δροσισθέντας
2591 4101 2648 4152 ὲν
2681 4099 2812 4170 πυρὶ
2840 4099 3090 4162 νεανίας·
3124 4098 3214 4150 τὸν
3249 4099 3307 4150 ὲν
3340 4097 3538 4166 γαστρὶ
3562 4096 3763 4166 κήτους

2179 4192 2473 4263 εὐξάμενον
2500 4192 2782 4262 προφήτην
2828 4190 3042 4260 φυγάδα
3086 4190 3200 4254 καὶ,
3236 4189 3310 4253 ὡς
3339 4189 3448 4242 ἀπὸ
3491 4187 3764 4258 θαλάμου,

2177 4283 2272 4336 τοῦ
2301 4282 2465 4354 θηρὸς
2500 4281 2828 4352 προελθόντα
2855 4300 2868 4314 ο
2902 4282 2992 4335 τὸν
3021 4283 3077 4334 ὲν
3108 4280 3295 4351 λάκκῳ
3324 4279 3528 4332 δίκαιον
3554 4321 3569 4338 .
3613 4278 3761 4330 λεόν-

2179 4393 2284 4428 των
2313 4374 2511 4446 θράσος
2533 4373 2837 4444 πεδήσαντα
2862 4390 2874 4402 ·
2902 4372 2934 4444 ἢ
2965 4372 3060 4444 τὴν
3085 4372 3192 4425 τῶν
3222 4371 3358 4424 ἑπτὰ
3387 4369 3764 4424 Μακκαϐαίων

2179 4465 2422 4536 ἄθλησιν,
2446 4467 2539 4518 σὺν
2566 4465 2700 4534 ἱερεῖ
2729 4466 2820 4517 καὶ
2846 4463 3013 4534 μητρὶ
3033 4461 3426 4517 τελειωθέντων
3457 4464 3513 4514 ἐν
3544 4462 3760 4531 αἵματι,

2178 4561 2272 4613 καὶ
2301 4560 2570 4623 παντοῖοις
2601 4559 2848 4629 βασάνων
2878 4559 3096 4611 εἴδεσιν.
3124 4553 3224 4609 Ὧν
3270 4559 3475 4620 ἐκεῖνος
3513 4555 3764 4626 ζηλώσας

495 4658 838 4713 chabaeorum
871 4651 1271 4708 dimicationem
1304 4649 1395 4719 qui
1425 4665 1547 4704 cmn
1576 4650 1860 4704 sacerdote
1881 4659 1936 4704 et
1959 4666 2073 4704 ma-

2183 4649 2279 4720 τὴν
2311 4649 2624 4720 καρτερίαν,
2667 4650 2762 4701 καὶ
2801 4649 2899 4717 τὴν
2933 4647 3091 4712 δόξαν
3118 4646 3406 4717 ἠνέγκατο.

500 4764 580 4807 tre
633 4753 684 4805 in
739 4749 1020 4818 sanguine,
1074 4756 1238 4816 atque
1282 4745 1458 4800 omnis
1514 4747 1725 4815 generis
1779 4745 2062 4802 tormentis
2099 4749 2458 4802 consuunnati
2496 4746 2711 4798 sunt".
2773 4747 3011 4811 Quorum
3076 4744 3163 4797 ille
3201 4741 3536 4796 tolerantiam
3597 4752 3767 4793 armti.-

497 4845 657 4904 latus.
690 4841 916 4909 gloriam
958 4853 1169 4909 quoque
1199 4837 1378 4891 retulit

566 4931 781 4988 LXXV.
826 4931 1068 4984 Transeo
1098 4929 1209 4998 jam
1259 4928 1327 4981 ad
1373 4925 1580 4982 Novum
1628 4929 2073 4998 Testamentum,

499 5041 562 5079 ac
591 5026 675 5085 iis,
706 5025 798 5090 qui
833 5023 920 5076 hic
960 5023 1115 5075 laude
1143 5033 1304 5088 atque
1345 5018 1512 5088 gloria
1559 5019 1877 5082 ﬂoruerunt.
1911 5022 2078 5091 ipsius

2258 4928 2378 4980 OE'.
2421 4927 2544 4979 Ἐπὶ
2571 4925 2628 4978 δὲ
2650 4925 2746 4996 τὴν
2777 4926 2922 4978 Νέαν
2961 4925 3178 4995 μέτειμι
3209 4921 3506 4993 Διαθήκην,
3531 4919 3624 4972 καὶ
3654 4918 3764 4979 τοῖς

2188 5019 2417 5074 ἐνταῦθα
2443 5019 2749 5090 εὐδοκίμοις
2777 5019 2844 5072 τὰ
2882 5017 3094 5072 ἐκείνου
3140 5015 3512 5089 παρεξετάσας
3532 5054 3546 5078 ,
3598 5011 3764 5080 τιμή-

568 5155 616 5186 ⁵⁶
645 5153 786 5205 l‘sal.
815 5167 905 5215 xv,
938 5151 990 5209 6.
1069 5152 1113 5182 ⁵⁷
1141 5151 1280 5206 Psal.
1312 5167 1442 5214 xxx,
1466 5149 1562 5221 lii.
1641 5151 1684 5182 ⁵⁸
1726 5149 1865 5203 ΡμιιΙ.
1893 5167 2073 5218 xcutl,

2239 5153 2288 5184 ⁸³
2319 5151 2333 5204 1
2366 5151 2496 5220 Reg.
2527 5127 2564 5213 ι,
2593 5150 2683 5204 20.
2761 5152 2804 5183 θ’
2834 5150 2850 5204 l
2882 5151 3013 5221 Reg.
3051 5167 3160 5215 xvi,
3206 5151 3291 5204 15.
3367 5146 3622 5221 “lIReg.
3647 5163 3699 5209 ν.
3725 5149 3754 5221 -ι

697 5223 740 5253 ⁸⁸
777 5223 914 5274 Psal.
969 5238 1150 5284 exul,
1195 5224 1246 5275 l.
1325 5224 1367 5253 ⁸³
1419 5218 1482 5274 ill
1525 5220 1654 5288 Reg.
1695 5236 1767 5282 ιν,
1795 5222 1862 5274 ‘29
1888 5237 2010 5291 sqq.

498 5241 618 5294 sqq.
697 5241 740 5253 ν·
777 5241 914 5274 t'sat.
969 5241 1150 5284 cum,
1195 5241 1246 5275 1.
1325 5241 1367 5253 ν·
1419 5241 1482 5274 ιιι
1525 5241 1654 5288 ni'g.
1695 5241 1767 5282 IV,
1795 5241 1862 5274 zu
1888 5241 2010 5291 sqq.

503 5312 582 5361 ιιι,
611 5295 666 5349 ‘2.
763 5293 807 5324 ⁸⁷
850 5293 984 5346 Dan.
1027 5309 1109 5358 ιιι,
1169 5293 1203 5346 5
1249 5308 1365 5362 sqq.
1476 5292 1521 5322 ⁵⁸
1568 5291 1687 5346 Jon.
1718 5307 1776 5356 ll,
1822 5295 1843 5347 1
1913 5307 2031 5362 sqq.

503 5312 582 5361 ιιι,
611 5312 666 5349 τι.

593 5429 684 5496 97)
726 5425 868 5493 Θεῷ.
900 5428 1058 5481 Deest
1085 5428 1137 5480 in
1169 5427 1262 5482 0r.
1289 5429 1323 5480 2
1345 5437 1398 5482 et
1423 5428 1546 5482 Bas.

593 5433 684 5496 97)
726 5433 868 5493 Θεῷ.
900 5433 1058 5481 Deest
1085 5433 1137 5480 itt
1169 5433 1262 5482 Ur.
1289 5433 1323 5480 ‘2
1345 5437 1398 5482 et
1425 5433 1546 5482 Bas.

573 5433 686 5572 $98)
720 5499 889 5572 Μετᾲ
915 5497 1024 5565 τῆς
1049 5497 1379 5564 διπλοΐδος.
1417 5497 1897 5572 Nicetasettponit,
1930 5498 2079 5572 ἱερατ

498 5568 652 5626 στικὸν
702 5570 1044 5642 ὼμοᾼφόριον,
1100 5586 1286 5642 genus_
1328 5573 1477 5642 stola:
1529 5568 1884 5642 sacerdotalis
1939 5569 2079 5642 apud

503 5639 774 5697 flebrmos.
813 5639 1013 5694 Dicitur
1061 5644 1222 5692 etiam
1266 5639 1493 5702 διπλοῖς,
1530 5657 1546 5688 ι
1595 5640 1876 5708 chlamys:
1915 5651 2020 5691 »ιιι
2060 5639 2078 5692 ι

509 5716 831 5836 ιιι-δηέιιιν.
885 5710 938 5776 5,
981 5711 1068 5763 ubi
1125 5710 1288 5764 David
1329 5726 1478 5766 oram
1533 5709 1833 5778 chlamydis
1899 5708 2078 5770 Saulis

509 5798 662 5836 mare:
710 5793 769 5836 tt.

506 5793 769 5851 praecidit.

2087 5222 2131 5254 “
2161 5220 2223 5274 IV
2279 5222 2408 5292 Reg.
2439 5239 2476 5283 ι,
2517 5222 2706 5290 l-sqq.

2160 5292 2204 5324 δ’
2239 5293 2370 5346 Dan.
2409 5308 2520 5356 xw,
2551 5292 2621 5344 9.8
2648 5307 2768 5361 sqq.

2813 5223 2939 5274 “IV
2965 5217 3096 5288 ileg.
3140 5236 3208 5280 ιι.
3241 5221 3275 5275 9
3309 5234 3428 5287 sqq.
3504 5220 3550 5250 “
3586 5217 3759 5272 Exod.

2847 5293 2893 5324 "
2919 5290 2958 5346 ll
2989 5287 3162 5346 Illaclt.
3190 5306 3288 5354 vn,
3321 5292 3487 5359 lsqq.

2264 5429 2372 5500 (99)
2414 5423 2552 5482 ἿΙν.
2586 5427 2742 5482 Deest
2761 5429 2824 5500 in
2853 5424 3278 5500 pluribnscodd.

2261 5497 2335 5568 (t)
2365 5501 2728 5566 Πιθεύματος.
2759 5498 3008 5568 Ιίυςφυιι,
3034 5497 3308 5568 δαίμονος.

2260 5559 2336 5638 (⁸2)
2367 5559 2863 5638 ΔαιμόνσύἧτωνΪ
2888 5559 3074 5620 Plures
3121 5559 3312 5638 ᾖξε-88η
3334 5559 3758 5638 λδαιμονὼντων.

2367 5642 2439 5693 "Il
2466 5633 2573 5690 cor
2601 5636 2786 5689 δεῖνα.
2821 5638 2996 5695 l’ass.,
3037 5636 3170 5707 μηδὲ
3209 5635 3297 5686 τὸν
3329 5633 3494 5707 δεῖναΣ

2260 5702 2336 5778 (4)
2371 5708 2500 5778 Καί.
2541 5709 2698 5778 Deest
2737 5709 2786 5761 in
2816 5702 3048 5775 quatuor
3076 5702 3238 5778 [ξορα.
3270 5715 3323 5758 et

2259 5773 2333 5849 (5)
2370 5777 2506 5846 Τήν.
2546 5777 2704 5834 Deest
2729 5778 2778 5833 in
2803 5773 3043 5849 pluribus
3081 5776 3244 5848 ltcgg.
3269 5785 3324 5830 et
3347 5773 3440 5830 υτ.
3472 5773 3534 5826 2.
