4100 6276
303 281 412 341 597

1133 284 1390 342 ORATIO
1426 287 1607 344 XLIII.
1646 317 1714 330 —
1754 289 1825 346 IN
1861 288 2148 346 LAUDEM
2185 288 2432 344 BASILII
2462 288 2676 346 MAGNI

3463 296 3566 352 508

304 416 389 451 σω
417 397 494 460 (6)
526 397 619 451 τὸν
654 397 900 470 μαθητὴν
931 399 992 452 ὲκ
1031 399 1136 452 τῶν
1183 401 1537 458 διδασκάλων.
1583 405 1676 468 Τίς
1714 405 1890 477 Ἰησοῦ

2007 407 2170 459 vitam
2222 407 2527 470 conferens,
2571 421 2636 460 ex
2669 408 2939 477 magistris
2991 407 3306 480 discipulum
3341 415 3563 468 ornabo.

301 489 656 560 πρόδρομοςς
695 490 967 562 Ἰωάννης,
997 491 1071 554 ώς
1091 493 1240 563 φωνὴ
1274 493 1466 561 Λόγου,
1493 497 1586 548 καὶ
1605 497 1679 559 ὡς
1703 496 1893 568 λύχνος

297 581 508 646 Ilicet-0;,
541 573 603 634 οὗ
632 582 726 634 καὶ
744 583 1174 653 προεσκίρτησεν
1197 586 1253 636 ὲν
1280 585 1606 655 γαστρὶ,καὶ
1637 589 1894 661 προέδρα-

300 691 408 741 μεν
434 675 516 737 εἰς
540 673 693 744 ᾇδου,
719 673 808 727 διὰ
827 674 927 744 τῆς
961 675 1199 745 Ἡρώδου
1232 678 1426 746 μανίας
1448 681 1888 751 παραπεμφθεὶς,

300 764 394 816 ἵνα
431 765 648 837 κηρύξῃ
687 766 849 818 κάκεῖ
869 767 959 819 τὸν
990 767 1300 837 ἐρχόμενον.
1337 769 1446 822 Καὶ
1475 773 1619 842 εττῳ
1643 773 1890 840 φαίνεται

295 855 580 926 τολμηρὸς
613 859 642 909 ὁ
669 857 846 926 λόγος,
899 860 1074 911 ἐκεῖνο
1108 861 1186 928 (7)
1236 860 1640 932 προεξεταζέτω
1670 865 1744 933 (8)
1779 867 1890 928 τοῖς

297 945 644 1016 λεγομένοις,
679 949 761 1001 ὅτι
796 949 869 1020 μὴ
900 951 1172 1021 προτιθεὶς
1201 952 1297 1023 (9),
1332 953 1465 1022 μηδὲ
1497 955 1575 1018 εἰς
1611 955 1722 1008 ἴσον
1760 975 1886 1027 μετ-

299 1037 455 1105 άγων
483 1038 596 1110 (10)
621 1040 712 1093 τὸν
741 1041 908 1112 ἄνδρα
947 1041 1022 1112 τῷ
1053 1044 1110 1096 ἐν
1143 1047 1420 1114 γεννητοῖς
1447 1047 1721 1114 γυναικῶν
1749 1049 1888 1120 ὑπὲρ

298 1126 576 1194 ἅπαντας,
619 1131 823 1201 ταύτην
882 1133 1136 1202 ποιοῦμαι
1185 1133 1282 1205 τὴν
1315 1137 1676 1208 παρεξέτασιν
1702 1157 1714 1168 ·
1756 1139 1890 1195 ἀλλὰ

299 1218 559 1291 ζηλωτὴν
591 1222 926 1291 ἀποφαίνων,
961 1225 1054 1277 καί
1091 1243 1140 1278 τι
1171 1225 1266 1278 τοῦ
1297 1231 1643 1301 χαρακτῆρος
1682 1230 1888 1285 ἐκείνου

301 1311 365 1362 ἐν
391 1311 574 1383 ἑαυτῷ
601 1314 856 1385 φέροντα.
889 1316 963 1368 Ού
1009 1316 1118 1386 γὰρ
1151 1318 1344 1388 μικρὸν
1385 1322 1498 1382 τοῖς
1558 1322 1888 1387 σπουδαίοις,

303 1403 400 1454 καί
433 1404 608 1475 μικρὰ
637 1405 748 1473 (11)
781 1406 890 1459 τῶν
909 1409 1186 1476 μεγίστων
1219 1411 1250 1479 ή
1281 1410 1527 1480 μίμησις.
1561 1407 1634 1472 Ἦ
1661 1413 1768 1484 γὰρ
1789 1415 1888 1467 οὐκ
1919 1419 1930 1490 )

299 1495 546 1566 ἐναργὴς
569 1496 668 1565 τῆς
696 1497 906 1550 ἐκείνου
940 1498 1256 1568 φιλοσοφίας
1288 1500 1452 1556 εἰκὼν
1494 1505 1523 1556 ὁ
1552 1504 1689 1575 ἀνήρ
1717 1523 1730 1568 ;
1782 1507 1888 1558 Καὶ
1919 1499 1926 1522 1

298 1579 459 1648 οὗτος
499 1585 707 1657 ἔρημον
755 1587 939 1660 ᾤκησε
963 1609 975 1621 ·
1013 1592 1107 1644 καὶ
1131 1591 1305 1662 τούτῳ
1335 1593 1446 1664 (1⁸2)
1491 1595 1738 1664 τρύχινον
1776 1597 1885 1667 (IS)

299 1674 521 1746 ἕσθημα
545 1673 688 1748 εἶχον
713 1681 769 1732 αἱ
805 1680 1018 1744 νύκτες,
1051 1682 1432 1753 ἀγνοούμενον,
1463 1685 1560 1738 οὐκ
1588 1688 1888 1740 ἐπιδεικνύο-

303 1784 468 1837 μενον
493 1787 506 1798 ·
539 1769 630 1822 κα)⁵
658 1763 811 1834 οὗτος
842 1771 938 1843 τὴν
964 1774 1085 1844 ἴσην
1111 1776 1318 1846 τροφὴν
1349 1777 1625 1848 ἠγάπησε,
1651 1779 1770 1850 Θεῷ
1798 1797 1890 1834 κα·

299 1858 509 1929 θαίρων
539 1860 730 1914 ἑαυτὸν
756 1862 842 1915 διὰ
862 1864 959 1934 τῆς
982 1866 1306 1935 ἐγκρατείας
1325 1884 1338 1896 ·
1365 1869 1456 1921 καὶ
1479 1865 1629 1933 οὗτος
1652 1873 1886 1942 Χριστοῦ

299 1947 478 2019 κῆρυξ
511 1949 716 2021 ἠξιώθη
765 1952 876 2023 (14)
906 1955 1188 2022 γενέσθαι,
1215 1959 1265 2010 εἰ
1300 1960 1392 2011 καὶ
1426 1961 1499 2030 μὴ
1543 1961 1846 2032 πρόδρομος
1869 1980 1883 1994 ·

297 2038 392 2090 καὶ
441 2039 798 2110 ἐξεπορεύετο
831 2043 967 2114 πρὸς
997 2045 1178 2110 αὑτὸν,
1210 2048 1309 2119 οὐχ
1340 2051 1372 2119 ἡ
1403 2048 1702 2120 περίχωρος
1737 2053 1884 2106 πᾶσα

300 2128 486 2198 μόνον,
523 2131 637 2184 ἀλλ’
669 2133 769 2204 ήδη
801 2136 892 2187 καὶ
933 2137 965 2206 ἡ
1011 2138 1300 2210 ὑπερόριος
1327 2157 1341 2171 ο
1393 2141 1486 2193 καὶ⁸
1535 2135 1689 2205 οὗτος
1722 2143 1884 2212 μέσος

295 2218 409 2272 τῶν
443 2221 539 2274 δύο
568 2223 884 2295 Διαθηκῶν,
934 2228 1033 2295 τῆς
1078 2231 1177 2299 μὲν
1208 2231 1491 2286 καταλύων
1523 2233 1582 2285 τὸ
1613 2236 1845 2305 γράμμα
1867 2275 1882 2299 ,

296 2312 398 2382 τῆς
429 2312 487 2365 δὲ
513 2314 849 2384 δημοσιεύων
883 2318 942 2372 τὺ
978 2319 1194 2390 πνεῦμα
1219 2361 1232 2386 ,
1270 2324 1364 2375 καὶ
1393 2324 1562 2376 ποιῶν
1607 2325 1886 2396 πλήρωσιν

299 2403 395 2456 τοῦ
423 2408 806 2477 κρυπτομένου
833 2409 999 2480 νόμου
1024 2452 1038 2476 ,
1085 2411 1181 2482 τὴν
1218 2412 1311 2466 τοῦ
1342 2414 1669 2484 φαινομένου
1714 2416 1885 2469 κατά-

299 2495 360 2549 λυ
369 2514 470 2552 σιν.

1957 505 1975 526 ο
2002 490 2132 556 Quis
2163 507 2463 560 prmcursor
2493 492 2658 548 Jesu?
2691 492 2924 552 Joannes
2947 496 2990 526 "
3013 538 3025 562 ,
3057 508 3114 552 ut
3149 514 3251 554 vox
3285 499 3466 567 Verbi,
3513 513 3567 557 et

1997 590 2055 635 ut
2103 581 2322 638 lucerna
2372 584 2638 653 Luminis,
2691 588 2780 656 qui
2831 603 3010 642 coram
3044 590 3159 658 ipso
3188 601 3242 645 et
3290 592 3342 646 in
3379 602 3567 648 ventre

1996 675 2217 738 cxsiliit,
2247 685 2302 730 et
2328 677 2396 730 ad
2422 677 2621 731 inferos
2648 693 2743 747 per
2771 679 2992 735 Herodis
3021 679 3254 735 furorem
3287 684 3566 738 transmis-

1993 779 2090 820 sus
2118 774 2224 830 est,
2257 778 2315 822 ut
2362 769 2471 823 illic
2504 784 2720 838 quoque
2750 786 2872 824 mox
2902 781 3184 826 venturum
3225 773 3564 841 pradicaret.

1994 856 2147 922 Quod
2181 857 2224 911 si
2255 858 2340 912 cui
2386 859 2647 912 audacior
2683 858 2818 913 forte
2847 861 3092 914 videatur
3137 861 3225 915 hic
3255 875 3452 925 sermo,
3504 861 3564 915 il-

1994 947 2081 1002 lud
2135 949 2282 1017 prius
2327 950 2544 1019 cogitet,
2604 965 2689 1004 me
2738 951 2789 1004 in
2843 950 2945 1005 hac
2993 953 3395 1020 comparatione
3460 967 3564 1008 non

1995 1038 2047 1094 id
2089 1053 2270 1109 agere,
2307 1049 2362 1094 ut
2415 1041 2502 1105 ei,
2546 1039 2637 1109 qni
2686 1039 2828 1094 inter
2873 1051 3026 1095 natos
3062 1042 3340 1096 mulierum
3377 1058 3567 1098 omnes

1994 1131 2291 1200 superavit,
2326 1130 2606 1195 Basilium,
2640 1131 2721 1186 vel
2747 1141 3090 1201 anteponam,
3119 1133 3202 1186 vel
3246 1148 3562 1204 exarquern;

1991 1222 2086 1277 sed
2141 1233 2201 1276 ut
2252 1237 2377 1277 eum
2423 1222 2592 1291 ipsius
2643 1222 2972 1277 imitatorem
3027 1223 3192 1278 fuisse
3222 1263 3238 1289 ,
3289 1233 3449 1295 atque
3498 1241 3564 1280 ex

1992 1311 2108 1381 ejus
2139 1311 2310 1368 forma
2353 1323 2407 1366 et
2452 1314 2767 1368 charactere
2810 1313 3054 1368 nonnihil
3099 1314 3150 1368 in
3193 1329 3251 1369 se
3296 1315 3412 1385 ipso
3445 1330 3566 1387 ges-

1991 1410 2128 1462 sisse
2173 1406 2474 1463 ostendam.
2530 1405 2645 1460 Non
2697 1407 2839 1460 enim
2909 1407 3092 1476 probis
3143 1406 3272 1461 viris
3314 1407 3562 1475 exiguam

1991 1499 2201 1554 Iaudem
2245 1497 2423 1561 affert,
2466 1511 2800 1552 summorum
2845 1497 3082 1551 virorum
3117 1497 3200 1552 vel
3251 1512 3415 1565 parva
3452 1497 3566 1549 imi-

1995 1591 2146 1644 tatio.
2201 1591 2282 1645 An
2313 1606 2417 1646 non
2445 1591 2586 1645 enim
2626 1589 2978 1660 philosophiae
3023 1589 3166 1644 illius
3211 1588 3562 1644 simulacrum
3627 1591 3634 1668 )

1992 1685 2274 1754 perspicue
2317 1684 2369 1738 in
2425 1685 2602 1754 seipso
2635 1683 2933 1752 expressit?
2963 1681 3080 1752 Ipse
3117 1696 3332 1752 quoque
3377 1682 3432 1736 in
3473 1683 3566 1737 de-
3625 1685 3630 1691 '

1995 1785 2142 1830 serto
2173 1774 2457 1830 habitavit.
2494 1775 2611 1843 Ipse
2642 1756 2865 1844 'qnoque
2898 1784 3078 1840 noctu,
3118 1782 3174 1827 ut
3215 1774 3424 1838 lateret,
3471 1775 3568 1828 Ito-

1996 1868 2308 1936 minumque
2373 1863 2582 1937 fugeret
2633 1865 2900 1931 notitiam,
2958 1879 3148 1936 aspera
3193 1875 3342 1920 veste
3395 1873 3566 1919 tectus

1993 1969 2092 2013 est.
2123 1957 2240 2028 Ipse
2281 1973 2496 2028 quoque
2527 1958 2666 2012 idem
2698 1958 2802 2013 cibi
2838 1973 3007 2028 genus
3036 1956 3325 2022 adamavit,
3357 1957 3465 2010 Deo
3487 1958 3566 2009 vi-

1993 2047 2189 2102 delicet
2237 2064 2332 2118 per
2361 2048 2748 2103 continentiam
2791 2063 2848 2102 se
2898 2063 3151 2118 purgans.
3202 2047 3322 2118 Ipse
3354 2063 3566 2118 quoque

1992 2140 2186 2209 dignus
2225 2140 2388 2193 etiam
2429 2139 2645 2194 habitus
2679 2148 2783 2206 est,
2825 2143 2913 2211 qui
2945 2140 3145 2195 Christi
3180 2154 3354 2208 praeco
3391 2138 3562 2202 ﬁeret,

1983 2232 2190 2284 etiamsi
2219 2247 2321 2285 non
2356 2247 2659 2301 praecursor
2685 2249 2699 2298 ;
2727 2243 2890 2301 atque
2917 2233 2984 2286 ad
3013 2247 3135 2286 eum
3163 2231 3562 2301 egrediebatur,

1985 2338 2089 2376 non
2115 2322 2286 2376 solum
2323 2322 2499 2376 omnis
2530 2322 2754 2377 ﬁnitima
2800 2323 2980 2392 regio,
3026 2322 3117 2376 sed
3150 2323 3314 2376 etiam
3341 2331 3563 2376 externa

1984 2425 2038 2468 et
2067 2414 2223 2482 longe
2255 2413 2468 2468 dissita.
2500 2413 2617 2482 Ipse
2649 2428 2864 2484 quoque
2911 2416 3052 2468 inter
3091 2413 3196 2468 duo
3220 2411 3562 2467 Testamenta

1988 2507 2219 2571 medius,
2251 2507 2396 2561 illius
2421 2506 2670 2560 videlicet
2703 2507 2942 2560 litteram
2968 2513 3241 2571 evertens,
3278 2504 3437 2573 hujus
3467 2519 3564 2557 au-

299 2600 407 2647 tem
439 2596 690 2662 spirituum
723 2597 774 2651 in
812 2599 1086 2668 publicum
1124 2601 1391 2670 efferens;
1426 2619 1489 2660 ac
1521 2620 1615 2675 per
1645 2614 1885 2661 externa:
1923 2603 2092 2674 829
2135 2613 2189 2659 et
2229 2601 2458 2658 visibilis
2523 2601 2654 2672 legis
2693 2601 3047 2668 eversionem,
3091 2599 3360 2656 occultam
3392 2597 3562 2668 legem

298 2684 548 2741 imnlcns.

365 2703 370 2737 I
414 2702 548 2741 lens.

365 2702 503 2846 OG".
549 2779 891 2853 Ἐμιμήσατο
936 2783 1144 2856 Πέτρού
1190 2787 1284 2840 τὸν
1315 2787 1496 2857 ζῆλον,
1544 2788 1761 2842 Παύλου
1790 2787 1882 2841 τὸν

296 2869 470 2932 τόνον,
524 2870 637 2923 τῶν
693 2873 1012 2944 ὀνομαστῶν
1070 2877 1164 2930 καὶ
1217 2881 1721 2950 μετωνομασμένων
1771 2881 1882 2951 (15)

2056 2780 2288 2837 LXXVI.
2336 2781 2577 2835 Imitatus
2612 2787 2696 2834 est
2727 2777 2874 2834 Petri
2922 2778 3096 2834 zelum
3126 2779 3194 2842 τ’,
3240 2776 3390 2834 Pauli
3429 2792 3561 2833 con-

1983 2877 2238 2930 stantiam
2275 2882 2328 2928 et
2359 2873 2694 2936 ﬁrmitatem,
2723 2886 2788 2925 ac
2815 2871 3113 2939 utriusque,
3159 2879 3268 2925 tum
3322 2872 3558 2933 nomine,

296 2959 625 3032 ἀμφοτέρων
660 2961 760 3034 τὴν
796 2965 976 3018 πίστιν
998 2981 1010 2994 ’
1052 2966 1160 3019 τῶν
1191 2967 1322 3021 υἱῶν
1359 2969 1467 3039 (16)
1504 2969 1788 3023 Ζεϐεδαίου
1822 2970 1884 3023 τὸ

1989 2977 2100 3021 ιιιιη
2134 2965 2370 3019 nominis
2405 2963 2706 3018 mutatione
2745 2961 3051 3027 clarissimi,
3092 2961 3284 3025 ﬁdem;
3328 2961 3560 3014 ﬁliorum

299 3049 685 3119 μεγαλόφωνον
710 3069 723 3082 ο
757 3055 974 3108 πάντων
1020 3056 1129 3109 τῶν
1165 3058 1425 3129 μαθητῶν
1450 3059 1512 3113 τὸ
1541 3059 1756 3125 εὐτελὲς
1788 3060 1884 3113 καὶ

295 3143 608 3215 ἀπέριττον.
641 3145 740 3200 Διὰ
762 3147 936 3202 ταῦτά
965 3167 1046 3203 τοι
1070 3153 1166 3205 καὶ
1190 3153 1337 3216 κλεῖς
1366 3152 1609 3224 οὐρανῶν
1636 3152 1885 3207 πιστεύε-

295 3254 413 3290 ται·
459 3239 555 3291 καὶ
600 3241 699 3310 οὐχ
741 3243 864 3294 ὅσον
907 3242 1016 3296 ἀπὸ
1056 3244 1414 3316 Ἰερουσαλὴμ
1458 3246 1618 3316 μέχρι
1657 3244 1750 3298 τοῦ
1786 3244 1884 3296 Ἰλ-

295 3327 545 3399 λυρικοῦ,
584 3332 806 3402 μείζονα
835 3334 891 3387 δὲ
923 3334 1119 3408 κύκλον
1149 3337 1226 3408 τῷ
1271 3337 1588 3407 Εὑαγγελὶῳ
1613 3337 1882 3408 περιλαμ-

295 3422 452 3476 ϐάνει
471 3439 485 3452 ’
511 3426 606 3476 καὶ
634 3424 748 3489 υἱὸς
773 3425 1022 3499 βροντῆς,
1047 3429 1147 3482 οὐκ
1175 3427 1500 3500 ὀνομάζεται
1527 3428 1648 3499 μὲν,
1676 3429 1883 3497 γίνεται

293 3513 350 3566 δέ
371 3531 384 3544 ·
422 3515 517 3568 καὶ
548 3517 642 3569 ἐπὶ
669 3517 729 3570 τὸ
761 3517 959 3588 στῆθος
990 3520 1163 3590 Ἰησοῦ
1194 3521 1465 3591 κείμενος,
1497 3521 1708 3575 ἐκεῖθεν
1736 3521 1883 3574 ’έλκει

293 3605 389 3658 τοῦ
424 3605 585 3674 λόγου
613 3607 710 3677 τὴν
739 3607 988 3680 δύναμιν,
1024 3610 1117 3662 καὶ
1147 3610 1208 3664 τὸ
1234 3611 1398 3682 βάθος
1431 3611 1540 3665 τῶν
1573 3611 1879 3683 νοημάτων.

297 3695 575 3765 Στέφανος
608 3699 709 3767 μὲν
738 3699 846 3770 γὰρ
887 3700 1134 3772 ἐκωλύθη
1170 3701 1444 3769 γενέσθαι,
1485 3703 1533 3755 εἰ
1564 3703 1658 3756 καὶ
1683 3701 1884 3772 πρόθυ-

300 3805 400 3858 μος
428 3784 519 3860 ἦν,
557 3789 800 3860 ἐπισχὼν
829 3792 969 3845 αἰδοῖ
999 3793 1125 3856 τοὺς
1151 3791 1487 3857 λιθάζοντας.
1517 3795 1639 3846 Ἔτι
1677 3793 1731 3846 δὲ
1760 3810 1884 3845 συν-

293 3879 610 3953 τομώτερον
645 3884 819 3937 ειπεῖν
855 3884 985 3954 ἔχω,
1013 3883 1100 3938 ἶνα
1131 3884 1205 3956 μὴ
1234 3889 1346 3949 τοῖς
1373 3885 1494 3940 καθ’
1516 3885 1745 3939 ἕκαστον
1781 3885 1881 3936 ἐπ-

294 3971 426 4036 εξίω
457 3974 584 4041 περὶ
605 3973 831 4029 τούτων.
880 3978 1113 4042 Ἐκεῖνος
1161 3977 1268 4049 γὰρ
1311 3977 1444 4050 (17),
1477 3978 1534 4031 τὸ
1569 3978 1667 4050 μὲν
1694 3975 1883 4048 ἐξεῦρε

292 4066 403 4121 τῶν
442 4067 645 4132 καλῶν,
687 4069 747 4122 τὸ
773 4069 829 4122 δὲ
863 4068 1123 4140 ἐζήλωσε,
1152 4070 1212 4122 τὸ
1242 4070 1298 4122 δὲ
1333 4071 1570 4141 ἐνίκησε.
1596 4069 1686 4141 Τῷ
1710 4069 1766 4123 δὲ
1795 4069 1884 4122 διὰ

293 4160 516 4214 πάντων
558 4161 755 4226 ἐλθεῖν,
798 4161 906 4214 τῶν
928 4160 1022 4214 νῦν
1061 4163 1278 4217 πάντων
1304 4163 1625 4234 ἐκράτησεν.
1664 4164 1758 4216 Ἓν
1792 4163 1884 4215 ἐπὶ

295 4254 464 4306 πᾶσιν
492 4253 638 4324 ἐρῶ,
680 4254 773 4306 καὶ
807 4253 1090 4323 σύντομον.

1987 3057 2229 3112 Ζοιιιιιιιοί
2291 3051 2852 3124 grandiloqnentiam;
2891 3052 3274 3121 discipulorum
3321 3051 3560 3105 omnium

1987 3147 2347 3218 frugalitatem
2393 3155 2447 3201 et
2501 3142 2896 3215 superﬂuarum
2952 3158 3130 3198 rermn
3170 3153 3560 3214 contemptum.

1989 3241 2282 3310 Propterea
2316 3239 2499 3295 claves
2550 3238 2713 3293 etiam
2761 3235 3016 3292 cmlorum
3058 3236 3159 3305 ipsi
3211 3237 3562 3291 committun-

1989 3345 2076 3389 tur
2104 3332 2186 3400 ⁷³;
2242 3347 2340 3387 nec
2373 3332 2441 3386 ab
2477 3331 2814 3402 Jerosolyma
2848 3341 3051 3386 tantum
3088 3343 3261 3398 usque
3288 3331 3355 3384 ad
3385 3330 3560 3402 Illyri-
3660 3354 3662 3356 τ

1985 3443 2109 3483 cum
2140 3427 2208 3493 ",
2241 3428 2333 3481 sed
2371 3425 2630 3495 majorem
2665 3423 2932 3479 circulum
2981 3421 3270 3492 Evangelia
3317 3437 3562 3492 compre-

1986 3517 2209 3583 hendit;
2248 3527 2297 3570 et
2335 3517 2474 3570 ﬁlius
2515 3515 2758 3580 tonitrui,
2810 3529 2914 3569 non
2967 3515 3180 3583 quidem
3229 3514 3559 3579 nominatur,

1985 3609 2080 3664 sed
2113 3607 2376 3674 elﬁcitur;
2443 3619 2602 3678 atque
2650 3607 2714 3661 ad
2748 3606 2872 3663 Jesu
2905 3616 3093 3676 pectus
3149 3607 3378 3676 positus,
3416 3606 3563 3662 illine

1987 3702 2094 3755 vim
2147 3699 2359 3756 dicendi
2401 3709 2454 3754 et
2513 3700 2905 3755 sententiarum
2949 3698 3368 3768 profunditatem
3422 3699 3560 3752 hau-

1988 3793 2078 3846 rit.
2118 3791 2250 3846 Nam
2306 3791 2615 3860 Stephanus
2650 3790 2858 3856 fieri",
2910 3804 3216 3859 quanquam
3265 3790 3316 3844 id
3372 3797 3562 3859 parato

1987 3895 2132 3939 esset
2189 3884 2392 3947 animo,
2444 3882 2744 3952 prohibitus
2775 3891 2891 3946 est;
2953 3881 3154 3950 pudore
3197 3881 3452 3936 nimirum
3497 3896 3561 3936 ac

1989 3973 2289 4029 reverentia
2341 3986 2652 4042 compresso
2709 3970 3055 4039 Iapidantium
3108 3971 3329 4041 impetu.
3387 3972 3563 4039 Atque

1986 4067 2171 4131 etiam,
2210 4081 2276 4120 ne
2304 4065 2514 4135 singula
2545 4077 2858 4134 persequar,
2897 4063 2962 4118 de
3008 4063 3093 4118 his
3145 4064 3306 4118 rebus
3348 4063 3562 4118 brevius

1988 4160 2166 4214 adhuc
2211 4168 2265 4213 et
2318 4159 2752 4228 compendiosius
2804 4157 2947 4226 loqni
2986 4170 3223 4225 possum.
3283 4155 3373 4208 Ille
3418 4156 3560 4210 enim

1989 4253 2274 4314 bonorum,
2309 4250 2412 4304 alia
2453 4251 2669 4319 quidem
2715 4251 2941 4311 invenit,
2984 4250 3087 4302 alia
3140 4247 3420 4303 aemulatus
3453 4255 3558 4312 est,

292 4349 396 4402 alia
442 4349 739 4418 superavit.
771 4347 826 4402 In
861 4357 1119 4418 quantum
1154 4361 1332 4404 autem
1385 4365 1479 4420 per
1535 4366 1694 4406 omne
1763 4349 1978 4404 virtutis
2047 4363 2211 4418 genus
2279 4355 2557 4416 grassatus
2603 4354 2708 4410 cst,
2747 4344 2996 4399 omnibus
3042 4352 3239 4398 nostra:
3291 4339 3562 4395 memoriae

293 4439 609 4493 hominibus
643 4439 876 4508 palmam
927 4441 1221 4510 prmripnit.
1262 4441 1434 4496 Umnn
1465 4443 1529 4494 ad
1567 4443 1745 4496 omnia
1774 4443 2047 4513 adjiciam.
2089 4441 2250 4508 idque
2300 4438 2480 4494 breve.

363 4532 487 4584 OZ'.
524 4529 773 4601 Τοσαύτη
811 4529 904 4583 τοῦ
949 4529 1138 4600 ἀνδρὸς
1176 4533 1208 4603 ἡ
1244 4532 1411 4604 ἀρετὴ
1445 4533 1581 4604 (18),
1609 4535 1757 4606 καὶὴ
1785 4536 1884 4606 τῆς

2067 4531 2325 4586 LXXVII.
2363 4530 2533 4584 Tanta
2576 4529 2742 4599 ipsius
2779 4527 2948 4580 virtus
2981 4524 3269 4596 gloriaeque
3297 4531 3559 4592 praestan-

289 4623 451 4692 δόξης
483 4623 791 4692 περιουσία,
821 4622 963 4676 ὥστε
1011 4622 1180 4677 πολλὰ
1221 4625 1316 4676 καὶ
1370 4625 1476 4676 τῶν
1529 4627 1736 4679 ἐκείνου
1788 4644 1880 4697 μι-

291 4714 464 4786 κρῶν,
497 4713 596 4784 ἤδη
632 4713 688 4766 δὲ
718 4715 811 4767 καὶ
842 4715 948 4768 τῶν
982 4715 1309 4786 σωματικῶν
1343 4716 1736 4788 ἐλαττωμάτων
1763 4718 1879 4772 ἑτέ-

387 4895 431 4926 ⁷¹
459 4894 594 4950 Luc.
617 4909 700 4961 ut,
729 4894 784 4949 4.
861 4897 908 4927 ⁷⁸
932 4899 1045 4952 Act.
1073 4901 1194 4968 Iv,8
1223 4917 1343 4972 sqq.
1418 4905 1464 4936 ⁷³
1499 4902 1686 4956 Matth.
1716 4917 1826 4964 ιιι-ι,
1849 4899 1933 4954 19.

364 5110 441 5182 (6)
474 5109 726 5176 Τιμήσω,
758 5118 864 5164 etc.
895 5108 1014 5162 Bill.
1068 5126 1086 5160 ι
1130 5123 1196 5162 cx
1241 5107 1518 5177 discipulis
1558 5112 1874 5182 magistrum

291 5181 517 5234 ornabo.
552 5200 570 5228 ι

365 5251 439 5318 (Ἰ)
484 5249 732 5304 Ἐκεῖνο.
770 5250 947 5314 I’ass.,
985 5253 1211 5313 ἐκεῖνος.

291 5319 928 5453 εξέξέζῗξιεεξεταζέτω.
967 5319 1222 5376 Undecim
1248 5318 1398 5375 Coll).
1437 5330 1488 5375 et
1516 5318 1608 5375 Or.
1628 5319 1683 5385 2,
1708 5337 1876 5391 προσ-

361 5461 804 5534 αυηηροτιθείς.
837 5460 1002 5534 (ξοῐει.
1038 5461 1090 5525 1,
1127 5461 1508 5534 προτιμηθείς,

363 5503 814 5670 (ιίιίῖῦὲἓᾶἆὶὶζιῖί.
841 5503 1090 5597 ﬁliiﬁlii-.3
1125 5503 1509 5602 ιξὲᾆέῖῗὸἱ-Ῡῖιξ
1541 5539 1671 5589 οιο..
1708 5531 1874 5598 ἄγων.

394 5602 473 5670 11)
516 5603 626 5655 Καὶ
658 5600 860 5670 μικρά.
906 5603 1018 5655 Duo
1067 5603 1233 5670 IIl-g3.
1267 5614 1320 5660 et
1346 5605 1436 5670 Oti.
1475 5602 1524 5669 Ξ,
1558 5604 1649 5655 καὶ
1703 5605 1749 5654 εξ
1785 5619 1874 5670 μισ

394 5602 477 5674 II)_
516 5603 626 5655 Καὶ
658 5602 860 5674 μικρά.
906 5603 1018 5674 Duo
1067 5603 1233 5674 IIl-g3.
1267 5614 1320 5660 et
1346 5605 1436 5672 Or.
1475 5602 1524 5669 Ξ,
1558 5604 1649 5655 καὶ
1703 5605 1749 5654 εξ
1785 5619 1874 5671 μισ

296 5673 423 5743 κρά.
463 5672 639 5744 I’ass.,
674 5672 784 5744 κᾶν,
806 5673 1018 5744 μικρὰη

367 5744 477 5813 (12)
514 5743 724 5806 Τούτῳ.
754 5743 847 5797 Or.
874 5743 928 5807 ‘2,
958 5743 1170 5800 τούτου.

1988 4628 2058 4680 tia
2083 4625 2200 4688 fuit,
2219 4634 2275 4676 ut
2300 4621 2463 4676 multa
2487 4622 2650 4675 etiam
2680 4634 2745 4672 ex
2769 4618 2948 4689 parvis
2980 4616 3120 4670 illius
3152 4615 3562 4678 virtutibus,at-

1985 4732 2091 4786 que
2131 4715 2266 4768 adeo
2294 4729 2360 4768 ex
2414 4711 2690 4781 corporeis
2720 4707 3038 4773 defectibus,
3065 4707 3132 4763 ab
3163 4706 3304 4774 aliis,
3342 4705 3408 4760 ad
3442 4705 3559 4773 glo-

2040 4899 2062 4930 δ
2095 4898 2249 4952 llom.
2272 4913 2359 4963 xv,
2387 4897 2467 4953 I9.
2543 4897 2588 4929 ⁷³
2609 4896 2731 4950 Act.
2761 4909 2856 4959 vn,
2877 4893 2966 4950 58.

2057 5109 2170 5178 (15)
2208 5107 2507 5178 Τρύχινον.
2540 5103 2705 5178 Coisl.
2736 5104 2786 5167 1,
2812 5102 3070 5178 τρίχινον.

2059 5121 2102 5178 (1
2118 5121 2170 5175 ὁ)
2208 5121 2507 5175 Ίρυχινον.
2540 5121 2705 5158 ιλοιει.
2736 5121 2786 5167 1,
2812 5121 3070 5227 τριχινον.

2059 5180 2171 5250 (14)
2217 5175 2797 5250 [Ηξιώθη-γενέσθαι.
2867 5175 2966 5228 huc
3001 5175 3195 5227 desunt
3242 5172 3292 5226 in
3323 5170 3559 5242 quinque

1984 5247 2176 5318 chgj,
2204 5248 2299 5304 Or.
2329 5249 2364 5299 ‘2
2389 5257 2441 5299 et
2468 5247 2615 5299 Pass.

2057 5311 2172 5390 (15)
2216 5314 2803 5386 Μετωνομασμένωγ.
2858 5333 2875 5365 ι
2901 5312 3138 5380 Quorum
3185 5311 3398 5366 nomina
3441 5327 3558 5366 mu-

1988 5401 2094 5444 lala
2124 5398 2266 5442 sunt.
2283 5407 2301 5438 ι

2059 5457 2344 5530 (16),Τών
2386 5453 2700 5530 υἱῶνηξιίιι
2753 5455 2855 5508 duo
2900 5453 3091 5525 Regg.,
3147 5455 3250 5506 duo
3295 5449 3459 5506 Coisl.
3505 5460 3558 5505 et

1990 5524 2164 5584 Ile'rv.'
2187 5529 2242 5581 In
2268 5528 2377 5588 ed.,
2412 5526 2505 5578 τοῦ
2538 5524 2688 5578 υἱῶν.

2059 5601 2170 5669 (17)
2217 5597 2471 5661 Ἐκεῖνος
2499 5595 2628 5666 γάρ.
2665 5595 2792 5663 Reg.
2823 5595 2890 5664 ph
2929 5603 2982 5647 et
3014 5593 3106 5648 Or.
3134 5593 3187 5656 2,
3226 5594 3430 5656 ἐκεῖνος
3462 5592 3558 5663 μὲν

1988 5687 2170 5810 W58)
2217 5737 2410 5807 Ἀρετή
2463 5735 2627 5792 Coisl.
2665 5737 2686 5790 I
2719 5738 2886 5802 addit,
2918 5735 3157 5804 γέγονεν.

4075 4817 4079 4972 ι
