4100 6276
454 229 561 292 ἔσθ

1673 234 1731 291 S.
1776 233 2104 292 GREGORII
2145 237 2491 296 THEOI.OGI

3621 253 3732 313 600

452 353 593 410 tiam
627 351 972 422 nominisque
1019 351 1320 407 claritatem
1374 355 1690 424 parandam,
1733 360 2034 428 excogitata

2158 377 2256 425 ιοις
2310 364 2389 426 είς
2437 363 2681 428 εὐδοξίαν
2737 365 2848 436 (19)
2912 367 3200 440 ἐπενοήθη.
3263 363 3388 423 Οῖον
3441 367 3730 443 ὠχρότητα

455 455 585 500 sint.
623 445 788 514 Cujus
819 445 1034 516 generis
1084 455 1232 512 sunt,
1275 447 1471 514 pallor,
1503 447 1692 513 barba,
1724 461 1906 506 certus
1953 451 2038 505 in-

458 538 682 594 redendi
738 539 952 602 modus,
997 545 1109 590 tum
1155 538 1318 592 etiam
1362 541 1428 593 ad
1463 539 1786 609 loquendum
1822 541 2040 597 minime

460 638 768 701 promptum
799 643 939 692 esse,
969 629 1062 683 sed
1094 638 1152 681 ut
1181 629 1469 697 plurimum
1508 631 1926 700 cogitabundum
1958 642 2038 685 at-

459 739 566 791 que
601 724 746 778 intro
794 723 1113 789 collectum;
1165 725 1214 778 id
1243 727 1384 794 quod
1425 726 1574 780 multi
1607 743 1712 781 non
1751 738 1894 782 recte
1925 728 2044 781 imi-

466 825 662 880 tantes,
687 831 786 871 nec
809 816 1370 878 animadvertentes,in
1385 818 1624 873 odiosam
1643 821 1927 888 quamdam
1956 821 2044 872 tri-

464 910 665 966 stitiam
698 909 1020 964 inciderunt.
1044 908 1216 963 Vestis
1233 910 1394 962 etiam
1413 925 1598 978 genus,
1625 921 1674 964 et
1715 910 1892 964 lectuli
1917 925 2042 979 spe-

465 998 782 1064 cies,etcibi
803 999 1046 1053 sumendi
1067 999 1275 1063 modus;
1302 1014 1528 1068 quorum
1546 1000 1676 1053 nihil
1699 999 1785 1054 ille
1808 1000 2044 1055 studiose

467 1089 731 1153 adhibuit,
759 1091 855 1144 sed
898 1088 1233 1156 simpliciter,
1291 1098 1344 1143 et
1380 1098 1538 1158 prout
1588 1088 1937 1160 congruebat.
1967 1077 2060 1144 Ac.

467 1182 667 1262 multos
683 1181 794 1250 jam
829 1181 1056 1236 Basilius
1072 1182 1250 1250 specie
1288 1191 1446 1237 tenus
1463 1184 1644 1237 videre
1669 1183 1810 1247 licet,
1838 1192 2045 1238 statuas

468 1276 720 1330 nimirum
762 1275 814 1328 in
846 1273 1085 1340 umbris;
1137 1274 1362 1328 mullum
1401 1276 1542 1329 enim
1591 1275 1773 1340 fuerit,
1809 1277 1851 1329 si
1895 1291 2048 1344 repe-

469 1369 622 1424 titam
658 1369 826 1424 ecbns
871 1382 1054 1422 vocem
1091 1383 1211 1424 esse
1247 1369 1448 1424 dixero.
1519 1367 1652 1422 Nam
1702 1367 1812 1433 illa,
1853 1383 2045 1437 quam-

470 1463 549 1518 vis
585 1471 913 1532 postremam
969 1465 1233 1517 duntaxat
1271 1462 1417 1516 vocis
1459 1471 1686 1531 partem,
1739 1461 2048 1530 expressius

471 1564 647 1607 tamen
672 1552 901 1623 etiingit:
924 1553 974 1607 bi
998 1563 1176 1608 autem
1205 1553 1414 1620 longius
1440 1553 1508 1606 ab
1543 1567 1609 1606 eo
1635 1553 1853 1615 distant,
1884 1569 2044 1622 quam

469 1652 728 1711 mirantum
784 1645 1046 1697 accedere
1118 1641 1528 1709 concupiscunt.
1585 1641 1714 1694 Illud
1754 1656 1882 1694 vero
1941 1656 2044 1694 non

2139 445 2306 522 λέγω,
2344 456 2438 508 καί⁷
2469 456 2746 534 γενειάδα,
2804 459 2898 512 καὶ
2956 459 3284 530 βαδίσματος
3327 455 3477 531 ἦθος,
3531 465 3625 516 καὶ
3666 465 3733 518 τὸ

2142 545 2272 616 περὶ
2303 545 2458 614 λόγον
2495 548 2568 618 μὴ
2595 549 2902 622 ⁴ιέρόχειρον,
2941 551 3161 604 σύννουν
3189 568 3272 615 τε,
3322 552 3398 614 ὡς
3434 553 3502 607 τὰ
3533 555 3730 616 πολλὰ,

2143 635 2238 688 καὶ
2266 635 2396 688 εἴσω
2424 638 2773 702 συννενευκός
2805 638 2916 706 (20)
2941 656 2954 668 ⁶
2997 640 3026 692 ὃ
3053 642 3164 703 τοῖς
3195 640 3407 704 πολλοῖς
3441 643 3514 714 μὴ
3548 644 3734 709 καλῶς

2143 726 2406 797 ζηλωθὲν,
2452 729 2592 801 μηδὲ
2637 731 2828 802 νοηθὲν
2871 732 3007 801 (21),
3058 732 3450 805 σκυθρωπότης
3491 738 3730 805 ἐγένετο.

2147 818 2268 870 Ἔτι
2312 818 2370 871 δὲ
2410 815 2548 884 εἶδος
2604 822 2848 892 ἐσθῆτος,
2902 825 2996 876 καὶ
3047 825 3344 896 σκίμποδος
3384 827 3589 898 σχῆμα,
3636 829 3736 883 καῖ⁵

2143 910 2342 979 τρόπος
2383 911 2659 997 βριῖισεως,
2701 908 2775 968 ὦν
2816 915 2966 968 οὐδὲν
3017 917 3208 988 ἐκείνῳ
3248 917 3336 970 διὰ
3374 919 3607 990 σπουδῆς
3638 915 3734 991 ἦν,

2145 1000 2259 1053 ἀλλ’
2297 1003 2480 1066 ἁπλῶς
2511 1005 2650 1073 ἕχον,
2689 1005 2781 1060 καὶ
2813 1009 3120 1077 συμπῖπτον
3155 1008 3268 1080 (2‘2)
3303 1010 3378 1073 ὡς
3416 1010 3593 1080 ἔτυχε.
3622 1013 3738 1064 Καὶ

2147 1089 2374 1154 πολλοὺς
2399 1092 2463 1145 ἂν
2495 1093 2622 1157 ῖδοις
2652 1094 2964 1159 Βασιλείους
2995 1097 3122 1167 ἄχρι
3155 1097 3246 1150 τοῦ
3276 1099 3575 1170 ὁρωμένου,
3604 1102 3736 1163 τοὺς

2146 1181 2204 1234 ὲν
2237 1183 2358 1244 ταῖς
2389 1185 2569 1247 σκιαῖς
2610 1184 2722 1255 (ἓὸ)
2769 1186 3129 1257 ἁνδριάντας’
3189 1188 3323 1241 πολὺ
3380 1189 3487 1262 γὰρ
3533 1192 3734 1251 εἰπεῖν,

2146 1272 2227 1324 ὅτι
2262 1275 2354 1326 καὶ
2391 1274 2450 1326 τὸ
2477 1275 2578 1345 τῆς
2609 1277 2776 1346 ἠχοῦς
2803 1279 3194 1350 ὑστερόφωνον.
3231 1281 3444 1351 Ἑκείνη
3481 1280 3578 1350 μὲν
3598 1282 3733 1353 γὰρ.

2147 1364 2196 1415 εί
2232 1364 2324 1416 καὶ
2352 1363 2420 1416 τὰ
2450 1365 2728 1419 τελευταῖα
2768 1368 2866 1438 τῆς
2897 1371 3100 1440 φωνῆς,
3135 1369 3248 1424 ἀλλ’
3283 1367 3376 1423 οὖν
3409 1373 3733 1443 ἐναργέστε-

2152 1470 2242 1523 ρον
2277 1455 2630 1526 ὑποκρίνεται
2657 1475 2670 1488 ⁸
2694 1461 2742 1512 οἱ
2773 1460 2829 1513 δὲ
2875 1460 3058 1514 πλεῖον
3098 1463 3363 1532 ἀπέχουσι
3391 1463 3482 1516 τοῦ
3517 1464 3732 1536 ἀνδρὸς,

2149 1545 2181 1615 ἢ
2229 1546 2350 1599 ὅσον
2396 1547 2716 1618 πλησιάζειν
2757 1551 3137 1622 ἐπιθυμοῦσιν.
3185 1556 3390 1608 Ἐκεῖνο
3432 1555 3488 1608 δὲ
3523 1557 3622 1608 οὐκ
3650 1556 3737 1613 ἐτι

2154 1637 2368 1709 μικρδν,
2414 1639 2548 1692 ἀλλὰ
2579 1647 2675 1695 καὶ
2717 1643 2974 1713 μέγιστον
3023 1648 3102 1708 είς
3144 1646 3451 1717 φιλοτιμίαν
3485 1649 3733 1712 εἰκότως,

466 1734 580 1800 jam
616 1733 788 1802 parvi,
823 1734 917 1787 sed
955 1733 1174 1786 maximi
1201 1733 1362 1788 etiam
1421 1732 1674 1786 momenti
1707 1732 1770 1786 a;l
1821 1733 2045 1802 gloriam

2158 1727 2207 1781 τὸ
2233 1733 2414 1800 τυχεῖν
2447 1733 2639 1804 ἐκείνῳ
2664 1735 2794 1787 ποτὲ
2832 1731 3258 1806 πλησιάσαντας,
3299 1739 3330 1810 ἦ
3363 1738 3740 1809 θεραπεύσαν-

473 1824 616 1878 haud
665 1823 936 1877 immerito
995 1823 1358 1888 existimatur,
1413 1823 1854 1877 consuetudinem
1924 1836 2046 1877 cum

470 1929 536 1970 eo
569 1913 854 1984 aliquando
885 1913 1158 1978 habuisse,
1191 1921 1284 1967 aut
1312 1927 1438 1966 eum
1471 1912 1722 1975 coluisse,
1757 1922 1847 1964 aut
1892 1913 2049 1982 quid-

474 2006 614 2074 piam
652 2005 719 2060 ab
756 2019 821 2059 eu
845 2004 970 2073 joco
1000 2003 1082 2058 vel
1121 2003 1266 2059 serio
1297 2003 1500 2058 dictum
1535 2011 1626 2055 ant
1655 2002 1875 2062 factum.
1935 2020 2051 2056 mo-

474 2095 698 2151 nimenti
728 2094 844 2149 loco
874 2094 1051 2160 ferre;
1088 2094 1536 2163 quemadmodum
1567 2092 1734 2162 830
1771 2093 1882 2162 ipse
1913 2109 2048 2162 quo-

471 2201 576 2256 que
633 2199 718 2238 me
767 2185 871 2239 hoc
915 2182 1132 2240 nomine
1177 2197 1316 2250 szrpe
1366 2180 1656 2252 gloriatum
1708 2196 1828 2236 esse
1866 2184 1979 2236 scio
2025 2199 2041 2238 :

470 2279 727 2348 quoniam
763 2293 884 2347 qurc
937 2277 1004 2330 ab
1059 2276 1147 2332 illo
1199 2274 1347 2329 velut
1395 2275 1570 2329 obiter
1625 2274 1846 2342 ﬁebant,
1920 2276 2087 2334 multo

471 2371 670 2440 quibus
701 2369 791 2423 alii
831 2367 1130 2422 elaborant.

545 2459 824 2516 LXXVIII.
848 2459 980 2514 Cum
1015 2467 1196 2512 autem
1226 2471 1388 2512 cursu
1428 2470 1822 2526 consummato,
1857 2474 1920 2514 ac
1952 2460 2056 2516 title

475 2563 687 2611 servata
725 2553 798 2618 ",
867 2550 1234 2607 dissolutionis
1310 2551 1578 2607 desiderio
1643 2562 1916 2608 teneretur
1964 2554 2052 2619 ",

479 2659 795 2717 tempusque
822 2658 1144 2698 coronarum
1177 2643 1425 2709 instaret,
1459 2653 1620 2713 atque
1676 2643 1804 2698 illud
1837 2646 2052 2714 quidem

480 2755 587 2795 non
617 2737 911 2793 audivisset
939 2753 953 2790 :
998 2736 1231 2790 Ascemle
1267 2745 1516 2799 montem,
1541 2745 1587 2788 et
1624 2752 1820 2790 morere
1845 2736 1918 2800 '5;
1966 2750 2056 2790 ve-

479 2847 623 2896 rum,
665 2829 892 2894 Morere,
923 2837 1088 2898 atque
1141 2827 1209 2881 ad
1243 2842 1342 2882 nos
1395 2829 1625 2882 ascendi-
1657 2845 1670 2882 :
1709 2824 1796 2882 hic
1845 2843 2055 2898 quoque

481 2922 804 2978 miraculum
853 2922 984 2986 edit,
1033 2919 1402 2990 superioribus
1453 2920 1865 2989 haudquaquam
1917 2919 2055 2973 inl‘e-

482 3015 614 3070 rius.
646 3011 780 3066 Nam
831 3028 952 3066 cutn
994 3011 1164 3066 ferme
1203 3020 1444 3066 mortuus
1481 3021 1534 3066 et
1579 3013 1845 3066 exanimis
1883 3022 2048 3078 esset,

2143 1838 2266 1884 τας,
2300 1822 2334 1893 ἦ
2377 1841 2428 1876 τι
2479 1825 2620 1878 κατὰ
2669 1827 2944 1898 παιδιὰνῆ
2995 1828 3231 1901 σπουδὴν
3261 1830 3606 1900 είρημένονῆ
3638 1847 3742 1883 πε-

2148 1914 2484 1984 πραγμένον,
2520 1916 2707 1988 φέρειν
2738 1919 3212 1990 ἀπομνημόνευμα
3245 1921 3356 1990 (24)
3379 1938 3391 1950 ·
3420 1921 3609 1992 ὥσπερ
3640 1915 3738 1974 οὖν

2147 2005 2302 2074 κάγὼ
2342 2007 2600 2072 πολλάκις
2633 2005 2750 2062 οἶδα
2798 2011 3313 2082 καλλωπισάμενος·
3365 2013 3486 2065 ἐπεὶ
3529 2013 3623 2065 καὶ
3664 2013 3739 2066 τὰ

2149 2099 2402 2170 πάρεργα
2447 2101 2540 2154 τοῦ
2577 2103 2788 2172 ἀνδρὸς,
2825 2103 2932 2156 τῶν
2969 2105 3312 2176 πονουμένων
3361 2105 3568 2178 ἑτέροις
3599 2105 3737 2159 πολὺ

2154 2188 2454 2262 τιμιώτερα
2483 2193 2575 2245 καὶ
2601 2193 3059 2266 περιφανέστερα.

2163 2288 2536 2350 praestantiora
2579 2300 2741 2356 atque
2801 2289 3094 2342 illustriora
3144 2297 3321 2356 erant,
3359 2305 3518 2359 quam
3563 2303 3626 2344 ea
3680 2289 3738 2344 in

2224 2461 2352 2518 OH'.
2396 2464 2550 2518 Ἐπεὶ
2573 2463 2629 2517 δὲ
2662 2464 2752 2518 τὸν
2786 2465 2984 2536 δρόμον
3018 2465 3265 2529 τελέσας,
3302 2466 3397 2518 καὶ
3423 2464 3520 2538 τὴν
3554 2465 3741 2522 πίστιν

2150 2557 2416 2627 τηρήσας,
2467 2556 2651 2610 ἐπόθει
2695 2557 2794 2629 τὴν
2833 2557 3094 2611 ἀνάλυσιν
3125 2557 3261 2627 (25).
3293 2559 3389 2611 καὶ
3421 2559 3450 2610 ό
3487 2557 3596 2612 τῶν
3619 2575 3740 2612 στε-

2153 2649 2336 2717 φάνων
2363 2649 2665 2720 ἐνειστήκει
2706 2649 2913 2719 καιρὸς,
2949 2650 3170 2702 κάκεῖνο
3211 2649 3308 2720 μὲν
3346 2650 3446 2702 ούκ
3476 2651 3736 2718 ἤκουσεν·

2152 2741 2259 2804 Εἰς
2300 2741 2366 2791 τὸ
2415 2739 2552 2807 ὅρος
2603 2739 2876 2807 ἀνάϐηθι,
2914 2737 3012 2793 aiat
3068 2742 3354 2796 τελεύταο
3405 2741 3628 2795 τελεύτα
3658 2741 3738 2807 δὲ,

2154 2833 2248 2885 καὶ
2277 2831 2534 2885 ἀνάϐαινε
2567 2831 2702 2902 πρὸς
2725 2832 2873 2902 ἡμᾶς
2896 2848 2908 2861 ⁸
2939 2832 3348 2903 θαυματουργεῖ
3378 2851 3430 2886 τι
3459 2833 3740 2887 κάνταῦθα

2152 2924 2262 2976 τῶν
2293 2923 2702 2996 προειρημένων
2729 2925 2828 2976 οὐκ
2867 2923 3104 2978 ἔλαττον.
3148 2925 3360 2996 Νεκρὸς
3398 2925 3508 2997 γὰρ
3535 2925 3612 2978 ὢν
3637 2926 3744 2997 ἤδη

2159 3013 2362 3084 σχεδὸν,
2395 3013 2488 3067 καὶ
2521 3014 2743 3078 ἄπνους,
2777 3014 2872 3066 καὶ
2907 3015 2968 3067 τὸ
2999 3013 3091 3066 τοῦ
3127 3014 3240 3084 βίου
3284 3014 3533 3068 πλεῖστον
3568 3032 3741 3069 κατα-

485 3106 825 3175 maximaque
856 3118 918 3159 ex
959 3115 1112 3174 parte
1150 3104 1254 3158 vita
1301 3103 1634 3172 perfunctus,
1690 3105 1834 3158 circa
1875 3115 2057 3159 extre-

2159 3071 2443 3170 λέλοιπὼς,
2472 3103 2830 3176 εὐτονώτερος
2871 3105 3081 3173 γίνεται
3121 3071 3248 3177 περὶ
3279 3105 3402 3169 τοὺς
3436 3105 3742 3178 ὲξιτηρίους

484 3215 601 3256 mos
634 3213 912 3254 sermones
965 3199 1236 3253 robustior
1263 3197 1343 3262 Iit,
1377 3206 1434 3250 ιιι
1465 3213 1586 3251 cum
1631 3198 1850 3266 pietatis
1882 3197 2060 3252 verbis

484 3294 822 3359 abscederet,
853 3308 914 3347 ac
948 3291 1272 3347 ﬁdelissimis
1319 3291 1432 3346 suis
1465 3291 1760 3345 cultoribus
1790 3290 1856 3345 ad
1891 3290 2062 3345 eccle-

485 3388 738 3445 siasticos
760 3385 957 3458 gradus
1008 3384 1369 3455 provehendis
1430 3399 1646 3437 manum
1695 3393 1748 3438 ct
1798 3382 2058 3452 Spiritum

485 3481 786 3552 prmberet;
831 3487 889 3530 ιιι
923 3492 992 3532 ne
1023 3477 1262 3531 sacrario
1299 3475 1700 3538 I'raudarentur,
1733 3491 1865 3544 quos
1895 3476 2060 3531 disci-

487 3573 640 3642 pulos
668 3581 831 3642 atque
861 3569 914 3624 in
938 3567 1242 3624 sacerdotio
1271 3566 1547 3636 adjutores
1576 3566 1854 3622 habuerat.
1895 3565 1974 3620 Ad
2001 3581 2062 3620 ea

491 3678 609 3730 quae
630 3671 946 3732 sequuntur,
978 3657 1240 3728 gravatim
1268 3657 1503 3725 quidem,
1531 3657 1623 3712 sed
1650 3666 1826 3710 tamen
1857 3671 1914 3710 se
1938 3671 2065 3710 con-

491 3759 630 3814 feret
658 3756 853 3819 oratio,
895 3753 1019 3807 licet
1045 3752 1165 3807 aliis
1202 3752 1378 3820 p0tius
1413 3766 1572 3820 quam
1598 3751 1750 3807 nobis
1776 3752 1860 3805 bie
1887 3766 2064 3806 sermo

491 3847 795 3902 conveniat.
813 3845 923 3899 Nec
943 3845 1084 3898 enim
1106 3843 1157 3897 in
1176 3843 1361 3898 dolore
1380 3843 1742 3913 philosophari
1761 3858 1918 3913 queo,
1939 3843 2064 3907 etsi,

495 3947 552 3994 ut
571 3937 999 4008 philosopharer,
1020 3933 1368 3988 vehementer
1383 3933 1770 3994 contenderim,
1785 3933 1907 3986 dum
1937 3931 2068 3987 mihi

495 4033 548 4087 in
585 4030 766 4085 animo
789 4035 1033 4083 versatur
1063 4039 1350 4080 commune
1402 4024 1804 4091 detrlmentnm,
1836 4033 1889 4078 et
1934 4023 2072 4078 cala-

494 4123 654 4178 mitas
690 4135 777 4184 ea,
829 4135 947 4188 qua:
975 4117 1286 4172 universum
1335 4125 1599 4170 terrarum
1636 4116 1822 4170 orbem
1853 4115 2066 4171 invasit.

563 4203 1054 4264 LXXIXJacebat
1110 4205 1198 4260 ille
1253 4214 1524 4258 extremos
1572 4205 1793 4274 spiritus
1844 4205 2068 4270 ducens,

495 4309 658 4370 atque
685 4315 714 4352 a
748 4298 956 4355 etnlesti
991 4299 1180 4362 choro,
1234 4297 1300 4351 ad
1330 4311 1490 4364 quem
1514 4295 1835 4366 jampridem
1884 4297 2071 4352 oculo-

498 4407 617 4447 rum
657 4392 828 4448 aciem
865 4389 1196 4452 intendebat,
1225 4389 1514 4456 expetitus.
1549 4385 1729 4440 Eti'usa
1757 4397 1936 4442 autem
1966 4388 2070 4442 cir-

495 4499 617 4538 cum
651 4498 772 4539 eum
825 4489 945 4537 erat
982 4488 1091 4536 tota
1155 4479 1367 4542 civitas,
1407 4478 1672 4546 iacturam
1730 4477 1869 4532 hanc
1901 4495 2068 4548 teger-

498 4577 634 4631 rime
667 4575 868 4640 ferens,
901 4587 966 4628 ac
1003 4571 1319 4633 discessum,
1359 4568 1580 4638 perinde
1613 4577 1670 4620 ut
1700 4568 2056 4637 tyrannidem,

2157 3196 2265 3250 τῶν
2294 3197 2486 3266 λόγων,
2531 3197 2617 3250 ἵνα
2648 3199 2762 3261 τοῖς
2807 3198 2905 3269 τῆς
2964 3197 3246 3261 εύσεσείας
3287 3185 3596 3272 συναπέλθῃ
3641 3201 3744 3272 ῥή-

2162 3306 2317 3359 μασι,
2349 3291 2444 3344 καὶ
2465 3290 2820 3361 χειροτονίαις
2848 3289 2956 3342 τῶν
2979 3291 3364 3360 γνησιωτάτων
3390 3290 3556 3344 αὐτοῦ
3584 3291 3744 3360 θερα-

2162 3381 2396 3444 πευτῶν,
2430 3382 2527 3452 τὴν
2559 3384 2715 3452 χεῖρα
2746 3380 2928 3434 δίδωσι
2959 3383 3053 3435 καὶ¹
3081 3381 3142 3434 τὸ
3185 3381 3410 3452 Πνεῦμα
3433 3399 3446 3412 ·
3488 3382 3628 3435 ὥστε
3664 3383 3744 3454 μὴ

2162 3472 2506 3543 ζημιωθῆναι
2533 3473 2594 3525 τὸ
2636 3473 2787 3543 βῆμα
2829 3473 2940 3545 (26)
2970 3474 3094 3536 τοὺς
3123 3473 3331 3527 ἐκείνου
3360 3473 3628 3545 μαθητὰς,
3649 3474 3746 3527 καὶ

2163 3563 2260 3633 τῆς
2289 3562 2586 3634 ἱερωσύνης
2620 3563 3018 3636 συλλήπτορας.
3053 3564 3176 3627 Τοῖς
3203 3564 3260 3616 δὲ
3297 3563 3422 3633 ἑξῆς
3447 3566 3595 3616 ὀκνεῖ
3645 3562 3748 3632 μὲν

2165 3654 2478 3726 προσελθεῖν
2525 3658 2552 3709 ό
2596 3655 2772 3724 λόγος,
2824 3656 3194 3728 προσόἡσεται
3237 3655 3348 3726 (‘27)
3387 3656 3443 3708 δὲ
3489 3656 3657 3726 ὅμως,
3695 3657 3747 3709 ει

2166 3747 2258 3799 καὶ
2286 3747 2463 3810 ἄλλοις
2492 3747 2690 3818 μᾶλλον
2719 3747 2876 3818 ἡμῶν
2900 3749 3122 3819 πρέπων
3148 3750 3176 3800 ὁ
3195 3747 3368 3816 λόγος.
3397 3748 3473 3800 Οὐ
3502 3747 3610 3818 γὰρ
3637 3746 3750 3817 ἔχω

2169 3838 2476 3907 φιλοσοφεῖν
2520 3839 2578 3891 ὲν
2627 3837 2705 3910 τῷ
2744 3839 2924 3902 πάθει,
2978 3839 3071 3892 καὶ
3116 3840 3166 3892 εί
3207 3839 3408 3910 σφόδρα
3440 3838 3751 3909 φιλοσοφεῖν

2169 3930 2495 3996 ἐσπούδακα,
2532 3929 2631 4000 τῆς
2658 3930 2842 4001 κοινῆς
2874 3931 3222 4001 μεμνημένος
3263 3930 3490 4002 ζημίας,
3522 3931 3616 3984 καὶ
3649 3928 3752 3984 τοῦ

2171 4023 2532 4094 κατασχόντος
2558 4024 2761 4088 πάθους
2787 4025 2886 4096 τὴν
2908 4027 3052 4077 οίκου
3063 4024 3246 4095 μένην.

2243 4204 2360 4257 ΟΘ’.
2399 4205 2616 4257 Ἕκειτο
2653 4206 2752 4277 μὲν
2776 4208 2804 4260 ό
2831 4206 2970 4278 ἀνὴρ
3002 4205 3070 4258 τὰ
3107 4207 3392 4260 τελευταῖα
3429 4206 3627 4269 πνέων,
3652 4207 3750 4260 καὶ

2175 4296 2326 4366 παρὰ
2359 4295 2456 4365 τῆς
2487 4296 2597 4350 ἅνω
2635 4299 2994 4368 χοροστασίας
3030 4296 3472 4368 ἐπιζητούμενος,
3517 4297 3653 4368 πρὸς
3680 4297 3748 4367 ῆν

2101 4421 2146 4476 D
2176 4387 2240 4438 ἐκ
2277 4386 2520 4451 πλείονος
2571 4388 2829 4442 ἔϐλεπεν·
2888 4392 3100 4460 ὲγχεῖτο
3149 4390 3260 4460 (28)
3311 4391 3368 4444 δὲ
3413 4391 3541 4462 περὶ
3587 4388 3750 4443 αὑτὸν

2179 4479 2328 4531 πᾶσα
2372 4479 2404 4550 ἡ
2453 4479 2624 4544 πόλις,
2677 4479 2774 4550 τὴν
2825 4479 3025 4550 ζημίαν
3072 4481 3133 4532 ού
3182 4481 3455 4550 φέροντες,
3511 4481 3604 4533 καὶ
3649 4482 3751 4550 τῆς

2171 4569 2454 4641 ἐκδημίας,
2485 4571 2560 4634 ὡς
2588 4571 2918 4642 τυραννίδος,
2963 4572 3356 4637 καταϐοῶντες,
3389 4574 3482 4626 καὶ⁸
3518 4572 3620 4642 τῆς
3648 4571 3752 4640 ψυε

565 4686 612 4718 ’⁸
641 4687 683 4740 ll
713 4686 853 4740 Tim.
881 4701 956 4750 tv,
989 4685 1036 4738 7.
1107 4683 1152 4716 ⁷⁷
1183 4681 1408 4751 Philipp.
1442 4681 1588 4750 t,25.
1648 4682 1694 4714 ⁷⁸
1726 4685 1875 4738 Deut.
1898 4699 2069 4750 xxxii,
2090 4683 2173 4740 l9.

572 4825 684 4898 (l9)
715 4825 817 4898 Εἰς
843 4821 1159 4898 εὐδοξίας,
1195 4829 1308 4898 clc._
1341 4817 1584 4898 Sicolitn
1620 4821 1834 4898 quidam
1865 4821 2074 4898 ᾼιοίειο-

503 4891 625 4953 telis
653 4893 967 4956 balbutictn,
1009 4902 1062 4945 et
1105 4891 1344 4944 Platonis
1375 4891 1750 4958 gibbositatem
1787 4891 2075 4945 imitaban-

504 4978 608 5024 tttr.

573 5031 686 5160 g0)
714 5032 1146 5094 Συννενευκός.
1178 5028 1269 5084 Sic
1311 5026 1492 5097 plures
1530 5027 1722 5098 Regg.,
1765 5029 1868 5084 duo
1908 5029 2076 5085 Coisl.

632 5119 708 5157 δι’.
734 5103 788 5156 1ιι
811 5103 922 5160 ed..
956 5099 1264 5160 συννευκός.

505 5117 558 5162 et
583 5099 708 5160 Par.
734 5103 788 5156 ltI
811 5103 922 5165 ed..
956 5099 1264 5165 συννευκός.

576 5175 687 5259 (21)
709 5172 874 5259 iunge
900 5161 1507 5259 ronort‘éf._lltccldesunt
1537 5169 1588 5223 in
1615 5167 1856 5238 pluribus
1885 5171 2078 5240 Regg.,

509 5242 674 5303 Coisl.
711 5245 760 5308 1,
792 5242 1213 5315 Chrys.,Pass.,
1233 5251 1357 5315 _etc.

580 5315 693 5392 (22)
725 5309 1028 5392 χονῖκιξὶ
1057 5310 1424 5392 συμπῖπτον.
1459 5311 1547 5392 Sic
1580 5311 1746 5392 Regg.
1775 5325 1824 5374 a,
1856 5309 1966 5377 bm,
1990 5310 2084 5380 ph,

509 5380 614 5445 duo
645 5380 833 5448 Coisl.,
861 5395 967 5440 etc.
996 5384 1051 5438 In
1089 5380 1198 5445 cd.,
1228 5380 1368 5452 ἔχων
1397 5383 1489 5436 καὶ
1523 5382 1872 5453 συμπίπτων.

579 5457 692 5527 (ἳὸ)
723 5454 941 5520 Σκιαῖς.
977 5453 1108 5527 Reg.
1141 5469 1193 5516 a,
1224 5451 1470 5527 σκηναῖς,
1505 5451 1927 5527 gubernaculis.
1956 5467 1974 5502 ι

582 5497 696 5602 (ᾗ)
723 5497 2082 5602 7A”&2}ii~.}}13.1a§}12£in;’pit,"6£§}i§ﬁ§£s§ébpa.

583 5532 673 5598 (25.
733 5532 1285 5593 ‘Arwpwutdrevya.
1315 5532 1444 5591 Iteg.
1476 5532 1566 5592 pit,
1595 5532 2082 5593 ὑπομνημονευμα.

583 5532 1086 5721 (ΞΞέἊι-ἁλυσιν.
1138 5591 1230 5647 Sic
1271 5593 1514 5662 plerique
1564 5596 1724 5647 codd.
1780 5594 1869 5649 Sic
1920 5593 2082 5649 etiam

583 5672 643 5721 ιιι
715 5668 786 5721 ill.
815 5668 867 5721 In
903 5668 1016 5721 ed..
1045 5663 1327 5721 ἀνάϐασιν.
1366 5683 1383 5714 ι
1413 5678 1718 5720 ascensum.
1744 5681 1764 5712 ι

514 5663 643 5740 legit
670 5663 786 5722 Bill.
815 5668 867 5722 In
903 5668 1016 5732 ed.,
1045 5663 1327 5732 ἀνάϐασιν,
1366 5683 1383 5714 ι
1413 5678 1718 5720 ascensum.
1744 5681 1764 5712 ι

2246 4821 2357 4891 (‘26)
2396 4824 2574 4876 Ὥστε
2607 4822 2693 4892 μὴ
2728 4821 3081 4892 ζημιωθῆναι
3115 4821 3182 4874 τὸ
3204 4821 3395 4890 βῆμα.
3430 4840 3447 4872 ι
3473 4819 3550 4875 Ne
3571 4836 3756 4876 sacra-

2177 4893 2336 4958 rium,
2365 4913 2384 4946 ι
2419 4897 2468 4946 id
2500 4903 2604 4958 est,
2637 4894 2769 4948 ordo
2813 4893 3166 4946 sacerdotalis
3205 4903 3257 4944 et
3282 4892 3481 4955 clerus,
3520 4909 3538 4940 ι
3564 4893 3630 4946 iis
3651 4894 3751 4945 de-

2177 4965 2691 5030 I'randaretur,quos
2722 4961 3012 5032 discipulos
3051 4971 3108 5016 et
3144 4962 3432 5016 sacerdotii
3474 4962 3756 5030 adjutores

2178 5033 2519 5089 habuisset.)
2563 5033 2866 5090 Germanus
2919 5033 3007 5086 hic
3051 5032 3262 5085 videtur
3302 5047 3421 5085 esse
3467 5033 3752 5086 verborum

2178 5102 2422 5171 Gregorii
2449 5120 2660 5158 sensus.
2689 5100 2778 5157 Sic
2798 5103 2960 5156 etiam
2985 5113 3175 5155 auctor
3196 5101 3504 5171 novissima:
3531 5115 3754 5171 operum

2189 5169 2366 5227 Basilii
2390 5175 2642 5228 editionis
2668 5174 3074 5243 interpretatur,
3101 5183 3227 5224 tom.
3255 5171 3315 5224 lll
3341 5169 3751 5243 inBasil._Vita,

2185 5257 2304 5312 pag.
2338 5245 2459 5298 175.
2508 5244 2656 5298 lianc
2703 5244 2785 5297 vir
2813 5240 3052 5297 sanctus
3089 5243 3392 5296 cantionem
3427 5240 3644 5312 habuit,
3685 5256 3758 5296 ne

2185 5310 2404 5368 idoneos
2457 5317 2752 5378 ministros,
2797 5314 2956 5382 longo
2999 5327 3098 5366 usu
3139 5327 3168 5364 a
3213 5327 3276 5382 se
3325 5310 3599 5380 probatos,
3629 5325 3754 5365 suc-

2185 5398 2367 5438 cessor
2385 5383 2689 5453 episcOpus,
2717 5399 2824 5438 non
2869 5380 2985 5436 sine
3011 5397 3203 5451 magno
3238 5380 3492 5437 Ecclesia:
3531 5382 3750 5444 damno,

2186 5464 2510 5520 removeret,
2542 5455 2683 5522 quod
2719 5454 3028 5522 frequenter
3054 5453 3268 5506 accidit.

2254 5523 2367 5593 (27)
2407 5523 2836 5595 Προσϐήσεται.
2870 5523 2926 5577 ln
2960 5522 3301 5595 quibusdam,
3327 5522 3682 5595 προσήσεται.

2255 5591 2367 5666 (98)
2411 5591 2686 5663 Ἐγχεῖτο.
2715 5594 2770 5650 In
2802 5591 3091 5660 nonnullis,
3117 5594 3312 5663 ἐχεῖτο.
