4100 6276
268 334 372 389 601

1092 339 1348 399 ORATIO
1386 299 1681 403 ΧωηΪ-
1717 347 1786 403 IN
1826 347 2110 407 LAUDEM
2150 350 2399 407 BASlLll
2438 351 2674 409 MAGNI.

3422 359 3525 413 602

265 451 375 519 χῆς
399 448 821 521 λαμδανόμενοι,
853 452 931 517 ὡς
971 454 1244 527 καθεκτῆς
1270 461 1362 513 καὶ
1392 460 1677 534 βιασθῆναι
1706 465 1860 518 δυνασ-

1964 482 2247 532 accusans,
2283 467 2506 536 ejusque
2538 470 2795 530 animam,
2840 483 2941 521 nor.
3001 483 3154 521 secus
3199 483 3260 522 ac
3298 470 3342 523 si
3402 473 3531 524 reti-

267 541 467 613 μένης,
496 542 529 611 ἢ
559 544 765 614 χερσὶν,
790 544 821 616 ἢ
857 545 1123 615 δεήσεσιν.
1176 549 1377 603 Ἑποίει
1408 551 1515 622 γὰρ
1546 554 1740 616 αὐτοὺς
1767 557 1858 608 καὶ

262 636 632 702 ’παράφρονας
676 632 737 686 τὸ
778 634 979 697 πάθος·
1016 637 1108 689 καὶ
1142 628 1459 708 προσθεῖναί
1490 660 1542 695 τι
1590 644 1690 714 τῆς
1735 647 1859 699 ἐαυ·

262 724 376 777 τῶν
409 724 523 794 (29)
579 725 724 796 ζωῆς
783 726 1009 790 ἕκαστος
1056 729 1269 800 ἐκείνῳ,
1315 732 1475 805 εἴπερ
1511 732 1623 789 οἷόν
1671 755 1728 790 τε
1767 734 1855 809 ἦν,

264 815 559 887 πρόθυμος
604 812 692 886 ἦν.
745 816 830 880 Ὠς
890 818 946 870 δὲ
1002 820 1316 892 ἡττήθησαν
1362 823 1488 890 (ἔδει
1544 827 1652 898 γὰρ
1699 829 1858 882 αὑτὸν

268 907 599 977 ὶλεγχθῆναι
625 907 909 978 ἄνθρωπον
930 909 1105 977 ὄντα),
1122 914 1232 975 καὶ,
1256 916 1357 979 Εἰς
1378 915 1579 984 χεῖράς
1610 921 1855 992 σου-(50)

268 999 699 1068 παραθήσομαι
727 999 794 1053 τὸ
850 1001 1085 1070 πνεῦμά
1136 1021 1277 1071 μου,
1323 1006 1629 1061 τελευταῖον
1668 1009 1855 1073 εἰπὼν,

265 1093 386 1153 τοῖς
424 1091 732 1157 ἀπάγουσιν
781 1092 944 1145 αὑτὸν
993 1095 1242 1162 ἀγγέλοις
1291 1098 1389 1149 οὐκ
1453 1097 1633 1170 ἀηδῶς
1683 1101 1857 1153 ἀναπ-

265 1179 473 1249 geuge»
509 1180 644 1248 (5Ι)”
682 1180 828 1233 ἐστιν
864 1181 899 1234 ἃ
938 1184 1063 1246 τοὺς
1095 1187 1366 1256 παρόντας
1400 1191 1855 1260 μυσταγωγήσας,

262 1274 365 1325 καὶ
393 1272 637 1340 βελτίους
660 1275 889 1344 ποιήσας
910 1278 1031 1338 ταῖς
1057 1278 1401 1348 ἐπισκήψεσι.
1448 1281 1580 1333 Τότε
1623 1280 1685 1352 δὴ
1726 1282 1857 1335 θαῦ-

265 1380 349 1434 μα
384 1365 598 1431 γίνεται
642 1364 752 1418 τῶν
805 1366 1024 1419 πώποτε
1070 1371 1376 1440 γενομένων
1419 1372 1530 1442 (52)
1570 1373 1861 1443 ὀνομαστό-

263 1473 431 1510 τατον
438 1498 451 1511 .

338 1724 418 1775 Il'.
449 1723 851 1794 Προεκομίζετο
881 1724 979 1794 μὲν
1000 1726 1028 1777 ὀ
1069 1726 1244 1794 ἆγιος,
1279 1728 1467 1798 χερσὶν
1495 1728 1663 1797 ἁγίων
1690 1729 1857 1799 ὑέλου-

267 1834 462 1886 μενος·
518 1817 721 1887 σπουδὴ
769 1818 811 1869 δ’
858 1814 926 1888 ἦν
980 1819 1213 1889 ἑκάστῳ,
1266 1821 1343 1890 τῷ
1389 1822 1487 1891 μὲν
1548 1824 1854 1895 κρασπέδου
1890 1813 1930 1867 Β

262 1909 552 1972 λαϐέσθαι,
582 1910 660 1980 τῷ
699 1909 755 1961 δὲ
804 1911 914 1977 (55)
978 1914 1155 1975 σκιᾶς,
1192 1911 1268 1982 τῷ
1315 1914 1371 1965 δὲ
1418 1913 1509 1966 τοῦ
1571 1916 1852 1985 ἱεροφόρου

263 2002 587 2071 σκίμποδος,
646 2002 738 2054 καὶ
786 2001 990 2069 ψαῦσαι
1028 2003 1183 2072 μόνον
1236 2004 1308 2073 (τί
1357 2004 1465 2075 γάρ
1516 2007 1721 2058 ἐκείνου
1763 2006 1853 2059 τοῦ

263 2095 522 2165 σώματος
582 2093 870 2165 ἱερώτερόν
905 2095 1016 2165 (54)
1065 2112 1122 2147 τε
1154 2096 1248 2148 καὶ
1279 2095 1662 2167 καθαρώτερον
1682 2097 1718 2167 ;)
1779 2098 1855 2167 τῷ

258 2188 318 2241 δὲ
347 2188 457 2240 τῶν
502 2187 744 2254 ἀγόντων
772 2186 942 2239 ἐλθεῖν
973 2187 1219 2256 πλησίον,
1247 2188 1324 2258 τῷ
1353 2187 1409 2239 δὲ
1437 2188 1535 2257 τῆς
1564 2188 1687 2251 θέας
1720 2189 1854 2241 ἀπο-

260 2279 463 2333 λαῦσαι
518 2280 705 2350 μόνης,
742 2279 817 2343 ὥς
865 2298 918 2332 τι
971 2280 1230 2350 κάκείνης
1279 2281 1601 2351 πεμπούσης
1644 2280 1851 2349 θερελος.

261 2372 506 2443 Πλήρεις
568 2373 788 2441 ἀγοραὶ,
844 2371 1014 2437 στοαὶ,
1069 2369 1323 2443 διὼροςροι
1357 2371 1491 2441 (55),
1537 2372 1852 2443 τριώροφοι,

261 2464 371 2517 τῶν
413 2466 622 2516 ἐκεῖνον
664 2462 1170 2531 παραπεμπόντων,
1218 2461 1682 2533 προηγουμένων,
1723 2465 1853 2516 ἐπο-

266 2556 467 2626 μένων,
503 2554 920 2624 παρεπομένων,
965 2552 1212 2624 ἀλλήλοις
1235 2553 1715 2622 ἐπεμϐαινόντων
1751 2572 1854 2625 μυ-

267 2646 450 2719 ριάδες
484 2646 677 2715 γένους
719 2644 936 2707 παντὸς,
984 2644 1078 2696 καὶ
1110 2643 1326 2715 ἡλικίας
1355 2644 1593 2714 ἀπάσης,
1631 2644 1691 2698 ου
1725 2646 1855 2717 πρό-

260 2756 420 2810 τερον
457 2736 878 2807 γινωσκόμεναι.
921 2735 1249 2806 Ψαλμῳδίαι
1291 2737 1511 2807 θρήνοις
1547 2736 1851 2808 ὑπερνικώα

267 2847 448 2901 μεναι.
498 2834 593 2882 καὶ
651 2828 713 2881 τὸ
756 2826 1044 2896 φιλόσοφον
1099 2825 1176 2896 τῷ
1222 2825 1382 2878 πάθει
1431 2826 1851 2897 καταλυόμενον.

276 2922 452 2991 Ἀγὼν
485 2921 541 2973 δὲ
578 2922 687 2983 τοῖς
718 2917 1008 2989 ἡμετέροις
1035 2917 1169 2988 πρὸς
1197 2917 1321 2980 τοὺς
1350 2918 1525 2981 ἐκτὸς,
1566 2919 1851 2989 Ἕλληνας,

275 3013 582 3077 Ἰουδαίους,
608 3011 879 3083 ἐπήλυδας
893 3027 906 3040 ·
936 3010 1163 3072 ἐκείνοις
1188 3010 1322 3082 πρὸς
1342 3013 1511 3081 ἡμᾶς,
1531 3012 1677 3074 ὅστις
1695 3011 1854 3064 πλέον

262 3104 754 3174 ἀποκλαυσάμενος
785 3102 919 3171 (56),
976 3102 1219 3166 πλείονος
1271 3104 1515 3175 μετάσχῃ
1566 3104 1667 3173 τῆς
1713 3104 1855 3171 ὠφε-

1960 562 2096 625 neri,
2131 544 2290 629 atque
2330 561 2409 613 vel
2446 563 2710 624 manilius,
2739 561 2820 614 vel
2870 561 3115 628 precibus
3168 563 3281 630 cogi
3329 574 3530 631 posset,

1958 652 2194 720 arripere
2222 651 2461 706 studens.
2501 651 2781 705 Dementes
2815 652 2962 705 enim
3014 666 3108 706 eos
3141 652 3294 705 dolor
3345 653 3533 707 redde-

1959 742 2082 805 bat;
2174 757 2272 795 nec
2346 743 2623 810 quisquam
2704 752 2859 809 erat,
2935 743 3025 811 qui
3126 757 3227 796 non
3298 742 3531 813 aliquam

1959 833 2081 884 vita:
2146 846 2254 884 sum.
2308 842 2535 898 partem,
2604 829 2648 885 si
2732 832 2843 884 fieri
2920 841 3139 901 posset,
3197 832 3334 886 illius
3408 833 3531 887 vita!

1959 923 2154 975 addere
2194 929 2408 989 paratus
2453 936 2612 975 esset.
2652 924 2721 977 Ut
2752 933 2929 976 autem
2962 938 3172 978 cessere
3226 924 3530 993 (oportebat

1956 1015 2099 1069 enim
2139 1030 2256 1067 cum
2293 1014 2570 1068 mortalem
2606 1014 2979 1083 deprehendi),
3018 1016 3131 1085 ipse
3171 1016 3380 1070 tandem
3417 1016 3529 1071 hare

1959 1106 2116 1158 verba
2150 1106 2445 1173 proferens,
2474 1106 2539 1159 In
2576 1123 2758 1158 manus
2809 1116 2924 1158 tuas
2963 1107 3263 1159 commendo
3289 1108 3529 1174 spiritum

1959 1210 2128 1248 meum
2160 1195 2226 1260 τ’,
2269 1195 2408 1248 inter
2435 1196 2676 1265 angelos,
2720 1210 2747 1246 a
2787 1196 2979 1263 quibus
3006 1197 3346 1249 abducendus
3388 1206 3527 1263 erat,

1958 1289 2190 1341 animam
2243 1287 2392 1342 laetus
2433 1289 2746 1353 exhalavit;
2804 1303 2906 1342 non
2962 1296 3087 1341 ante
3142 1296 3317 1341 tamen
3368 1302 3528 1356 quam

1959 1386 2299 1432 sacrosancta
2351 1378 2597 1432 doctrina
2652 1393 2743 1431 eos
2778 1418 2792 1442 ,
2856 1378 2943 1446 qui
3001 1379 3242 1443 aderant,
3288 1379 3528 1432 nonnihil

1959 1469 2320 1534 instruxisset,
2354 1470 2729 1538 extremisque
2768 1469 3018 1537 alloquiis
3048 1470 3293 1522 meliores
3320 1468 3531 1523 effeciso

1960 1572 2058 1616 set.
2094 1561 2226 1613 Tum
2275 1577 2402 1615 vero
2458 1561 2779 1615 miraculum
2838 1560 3099 1624 omnium,
3131 1575 3250 1629 qua:
3302 1574 3531 1628 unquam

1959 1651 2194 1715 fuerunt,
2228 1650 2642 1704 celeberrimum
2676 1650 3010 1717 designatur.
3463 1652 3469 1669 ‘

2031 1742 2242 1796 LXXX.
2274 1741 2610 1795 Ell‘erebatur
2641 1742 2724 1793 vir
2758 1752 3001 1805 sanctus,
3035 1749 3341 1793 sanctorum
3373 1739 3531 1809 831

1962 1818 2197 1885 virorum
2241 1833 2485 1885 manibus
2518 1831 2692 1884 elatus
2725 1844 2741 1883 :
2796 1832 3163 1899 unusquisque
3198 1838 3374 1882 autem
3403 1847 3532 1896 υνδε

1964 1939 2075 1977 ram
2107 1924 2284 1984 dabat,
2310 1921 2445 1974 alius
2478 1933 2531 1973 ut
2561 1920 2825 1973 fimbriam
2850 1920 2915 1985 3°,
2958 1919 3092 1972 alius
3116 1928 3171 1971 ut
3196 1920 3440 1971 umbram
3465 1919 3533 1982 ⁸⁸,

1963 2013 2097 2067 alius
2131 2022 2183 2064 nt
2228 2010 2548 2065 sacrifernm
2592 2010 2843 2063 lcctulmn
2894 2011 3176 2077 arriperet,
3220 2026 3283 2063 ac
3322 2011 3407 2063 vel
3458 2026 3538 2064 so—

1962 2102 2070 2155 lum
2103 2102 2424 2170 attingeret;
2454 2100 2600 2168 (quid
2649 2101 2788 2152 enim
2814 2100 2902 2153 illo
2933 2114 3155 2169 corpore
3200 2100 3435 2153 sanctius
3484 2112 3539 2152 et

1962 2194 2202 2264 purius?)
2241 2192 2377 2247 alius
2437 2203 2494 2246 ut
2554 2192 2769 2261 propius
2824 2192 2888 2244 ad
2945 2206 3059 2256 eos,
3092 2192 3179 2259 qui
3215 2206 3411 2259 corpus
3454 2188 3537 2244 le-

1964 2289 2172 2349 rebant,
2206 2284 2516 2348 accederet;
2554 2281 2690 2335 alius
2714 2291 2769 2333 ut
2806 2292 3027 2350 aspectu
3082 2281 3196 2336 solo
3248 2281 3537 2346 frueretur,

1965 2386 2215 2450 tanquam
2266 2389 2329 2428 co
2403 2388 2615 2442 quoque
2669 2372 2919 2426 utilitatis
2987 2372 3187 2441 aliquid
3256 2371 3535 2425 afferente.

1960 2469 2124 2523 Plena
2156 2478 2311 2522 erant
2340 2466 2478 2530 fora,
2508 2466 2769 2536 porticus,
2822 2464 3050 2534 duplicia
3088 2475 3141 2518 et
3194 2463 3422 2533 triplicia
3461 2472 3540 2517 ta-

1962 2561 2161 2623 bulata,
2205 2559 2480 2613 hominum
2543 2556 2947 2621 deducentinm,
2998 2556 3373 2622 praeeuntium,
3426 2567 3542 2622 pro-

1962 2651 2325 2718 sequentium,
2375 2648 2783 2712 assectantium,
2818 2660 2941 2702 sese
3003 2645 3231 2699 invicem
3287 2658 3542 2713 premen-

1965 2740 2132 2801 tium;
2166 2739 2333 2792 multa
2376 2737 2539 2791 millia
2595 2737 2774 2791 omnis
2821 2738 3037 2806 generis
3092 2746 3147 2791 et
3192 2737 3366 2791 aetatis
3416 2744 3541 2790 ante

1962 2846 2083 2887 eum
2115 2832 2256 2884 diem
2311 2829 2608 2899 incognita.
2670 2828 2986 2882 Psalmodize
3036 2828 3323 2898 gemitibus
3380 2827 3540 2882 cede-

1963 2928 2112 2988 bant,
2146 2935 2199 2979 et
2232 2923 2395 2977 animi
2422 2922 2723 2977 constantia
2760 2921 2960 2975 doloris
2992 2921 3362 2990 magnitudine
3389 2919 3536 2974 fran-

1962 3018 2204 3088 gebatur.
2240 3016 2532 3071 Certabant
2563 3016 2732 3068 nostri
2781 3029 2903 3068 cum
2941 3013 3163 3074 exteris.
3200 3028 3322 3067 cum
3364 3012 3539 3066 ethni-

1961 3108 2060 3169 cis,
2093 3105 2310 3168 Judmis,
2343 3106 2593 3172 advenis;
2643 3105 2785 3173 iique
2806 3103 3037 3157 vicissim
3072 3102 3372 3165 nobiscum,
3398 3103 3533 3155 utris

263 3199 436 3261 λείας.
476 3197 658 3268 Πέρας
686 3196 779 3248 τοῦ
808 3195 989 3264 λόγου.
1023 3196 1118 3248 καὶ
1152 3198 1230 3260 εἰς
1265 3196 1506 3249 κίνδυνον
1538 3195 1765 3267 τελευτᾷ
1793 3197 1853 3249 τὸ

1961 3198 2240 3251 uberiores
2294 3196 2542 3265 lacryma:
2583 3193 2890 3248 uberiorem
2953 3191 3235 3244 utilitatem
3262 3188 3534 3243 alferrent.

264 3289 442 3351 πάθος
472 3289 583 3358 (57)
609 3305 622 3317 ο
652 3287 1101 3341 συναπελθουσῶν
1128 3286 1277 3357 αὐτῷ
1300 3286 1487 3357 ψυχῶν
1514 3288 1612 3340 οὐκ
1638 3287 1851 3356 ὀλίγων,

264 3383 330 3434 ὲκ
354 3381 456 3450 τῆς
491 3379 585 3432 τοῦ
626 3378 872 3449 ὠθισμοῦ
907 3379 1027 3448 βίας
1060 3379 1155 3432 καὶ
1187 3378 1601 3449 συγκλονήσεως
1625 3396 1637 3408 ⁸
1671 3379 1725 3432 αἶ
1764 3380 1857 3432 καὶ

263 3473 361 3528 τοῦ
405 3471 597 3534 τέλους
633 3470 1101 3541 ὲμακαρίσθησαν,
1156 3471 1228 3533 ὡς
1272 3469 1464 3539 ἐκείνῳ
1512 3470 1852 3540 συνέκδημοι,

267 3565 361 3619 καὶ
387 3562 607 3634 θύματα
642 3562 925 3631 ὲπιτάςρια,
963 3562 1103 3632 τάχα
1133 3562 1197 3614 ἄν
1228 3580 1313 3624 τις
1343 3563 1486 3614 εἴποι
1518 3561 1627 3614 τῶν
1660 3561 1857 3632 θερμο-

265 3655 465 3725 τέρων.
495 3652 663 3714 Μόλις
686 3652 799 3719 (58)
844 3651 900 3703 δὲ
945 3650 1006 3703 τὸ
1038 3650 1196 3721 σῶμα
1242 3650 1502 3719 διαφυγὸν
1528 3653 1655 3713 τοὺς
1684 3652 1859 3723 ἁρπά-

268 3745 483 3811 ζοντας,
513 3743 607 3797 καὶ
638 3742 870 3811 νικῆσαν
906 3742 1031 3803 τοὺς
1066 3742 1578 3813 προπομπεύοντας,
1613 3741 1754 3795 οὕτω
1781 3742 1858 3813 τῷ

190 3820 193 3821 ν
266 3837 429 3905 τάφῳ
466 3834 574 3887 τῶν
629 3832 881 3904 πατέρων
929 3831 1154 3891 δίδοται,
1213 3835 1307 3886 καὶ
1355 3832 1703 3903 προστίθεται
1746 3836 1857 3898 τοῖς

270 3925 512 3995 ἱερεῦσιν
556 3924 585 3976 ὁ
641 3923 931 3993 ἀρχιερεὺς
963 3922 1095 3992 (59),
1131 3926 1242 3985 τοῖς
1281 3925 1511 3997 κήρυξιν
1561 3927 1593 3993 ἡ
1647 3922 1856 3994 μεγάλη

269 4016 450 4087 φωνὴ,
491 4016 586 4068 καὶ
631 4016 743 4077 τοῖς
795 4016 948 4083 ἐμοῖς
976 4014 1108 4067 ὠσὶν
1160 4016 1370 4087 ἕνηχος,
1411 4019 1439 4069 ὁ
1492 4017 1700 4089 μάρτυς
1748 4023 1860 4082 τοῖς

271 4108 532 4181 μάρτυσι.
591 4108 702 4159 Καὶ
748 4105 861 4166 νῦν.
914 4108 941 4158 ὀ
991 4106 1089 4175 μέν
1123 4109 1270 4161 ἐστιν
1300 4111 1356 4160 ἐν
1403 4109 1669 4179 οὐρανοῖς.
1702 4113 1861 4164 κάκεῖ

267 4195 372 4258 τὰς
401 4193 543 4264 ὑπὲρ
581 4193 758 4263 ἡμῶν,
793 4193 869 4255 ὼς
912 4192 1022 4262 (40)
1062 4191 1233 4263 οἶμαι,
1292 4198 1616 4266 προσφέρων
1649 4198 1857 4263 θυσίας,

269 4286 370 4340 καὶ
400 4285 497 4339 τοῦ
548 4285 678 4338 λαοῦ
713 4286 1146 4355 προσευχόμενος
1181 4287 1290 4355 (41)
1318 4304 1331 4317 ’
1370 4289 1489 4341 οὐδὲ
1524 4289 1633 4361 γὰρ
1678 4292 1861 4344 ἀπολι-

271 4375 396 4429 πὼν
430 4375 542 4443 (42)
586 4376 754 4445 ἡμᾶς,
808 4376 1153 4428 παντάπασιν
1181 4376 1556 4431 ἀπολέλοιπεν.
1599 4380 1861 4451 Ἢμιθνὴς

268 4464 332 4519 δὲ
364 4464 664 4535 Γρηγόριος
694 4480 784 4515 και
803 4462 1090 4533 ἡμίτομος,
1113 4462 1213 4533 τῆς
1238 4464 1479 4536 μεγάλης
1512 4464 1858 4536 άπερῤωγὼς

345 4579 391 4611 τ’
429 4577 574 4641 Psal,
609 4592 733 4641 xxx,
761 4577 814 4630 6.
890 4576 935 4607 ⁸ο
963 4575 1094 4631 Luc.
1123 4591 1241 4641 vm,
1263 4578 1351 4632 44.
1425 4578 1465 4609 ⁸¹
1499 4579 1620 4632 Act.
1648 4595 1696 4645 v,
1739 4581 1825 4636 15.

348 4693 462 4798 (29)
512 4690 789 4747 Ἑαυτῶν.
823 4693 997 4755 Pass,
1031 4693 1245 4746 ἑαυτοῦ.

374 4764 465 4798 xm
504 4765 601 4798 mn
630 4763 826 4798 νρῖηιι..
847 4777 962 4798 ιη...
1007 4772 1091 4798 nln
1147 4764 1237 4798 qh-

349 4761 465 4832 (50)
499 4765 601 4827 Εἰς
626 4763 826 4830 χεῖράς
847 4777 982 4825 σου,
1007 4772 1112 4816 etc.
1147 4764 1239 4817 Sic
1262 4769 1511 4816 accurate
1538 4763 1675 4831 apud
1697 4761 1851 4818 Nice-

276 4844 389 4889 tam
441 4836 606 4885 verba
636 4832 825 4901 Crteca
856 4835 1258 4901 distinguuntur
1293 4849 1306 4885 :
1346 4850 1364 4881 ι
1387 4833 1465 4884 Ad
1520 4840 1843 4899 extremum,

277 4920 405 4959 cum
450 4903 677 4956 dixisset
703 4920 716 4955 :
742 4900 798 4954 lu
842 4900 1041 4955 manus
1078 4911 1197 4955 tuas
1231 4906 1553 4956 commendo
1596 4903 1843 4970 spiritum

1963 3287 2210 3355 Denique
2246 3286 2399 3341 dolor
2426 3286 2515 3340 ille
2556 3287 2607 3339 in
2641 3286 2936 3354 periculum
2968 3284 3145 3337 desiit.
3189 3281 3363 3335 Multa:
3396 3282 3536 3335 enim

1966 3381 2159 3433 anitnac
2194 3394 2261 3431 ex
2294 3379 2342 3430 vi
2373 3377 2730 3446 protrusionis
2762 3386 2816 3429 et
2838 3372 3252 3442 compressionis
3280 3388 3382 3425 una
3415 3386 3538 3424 cum

1962 3488 2027 3527 eo
2049 3478 2427 3536 excesserunt;
2470 3485 2589 3539 quae
2618 3466 2773 3535 hujus
2805 3467 2925 3520 finis
2957 3466 3174 3519 nomine
3206 3463 3385 3518 felices
3412 3476 3539 3533 prte-

1964 3563 2153 3616 dicatte
2188 3571 2331 3626 sunt,
2382 3570 2437 3614 ut
2482 3562 2749 3615 discessus
2802 3558 2971 3627 ipsius
3027 3557 3207 3620 sociae,
3250 3564 3430 3623 atque,
3482 3562 3540 3607 ut

1965 3653 2346 3707 ferventiorutn
2404 3652 2669 3721 quispiam
2726 3650 2953 3715 dixerit,
3008 3649 3259 3702 funebres
3288 3647 3536 3701 victimae.

1964 3746 2097 3799 Cum
2132 3754 2308 3797 autem
2348 3757 2543 3811 corpus
2598 3741 2682 3795 vix
2724 3740 3041 3810 rapientium
3099 3753 3285 3792 manus
3322 3736 3539 3807 effugis-

1964 3844 2068 3899 set,
2098 3848 2162 3888 ac
2218 3842 2607 3901 prosequentes
2643 3837 2972 3899 superasset,
3010 3830 3061 3882 in
3119 3837 3402 3897 parentum
3454 3842 3538 3882 se-

1963 3923 2149 3993 pulcro
2204 3922 2452 3976 conditur
2486 3936 2548 3975 ac
2585 3920 2954 3975 sacerdotibus
3003 3920 3341 3975 sacerdotum
3392 3918 3538 3987 prin-

1966 4030 2109 4083 ceps,
2145 4013 2588 4081 praedicatoribus
2615 4027 2806 4081 magna
2841 4025 2963 4072 vox,
3016 4010 3259 4078 meisque
3317 4008 3538 4063 auribus

1967 4105 2242 4167 insonans,
2300 4103 2628 4173 martyribus
2680 4111 2884 4171 martyr
2924 4100 3250 4170 adiungitur.
3302 4100 3370 4152 At
3399 4113 3539 4151 nunc

1968 4197 2053 4248 ille
2083 4198 2299 4265 quidem
2351 4196 2402 4247 in
2445 4193 2595 4247 cazlis
2633 4201 2735 4257 est,
2790 4193 2897 4245 illic
2928 4194 3109 4255 etiam,
3138 4193 3187 4243 ni
3238 4190 3413 4256 fallor,
3461 4202 3541 4242 sa-

1966 4289 2168 4341 crificia
2218 4302 2312 4355 pro
2365 4285 2518 4338 nobis
2566 4283 2821 4343 offerens,
2873 4291 2925 4335 et
2976 4296 3072 4349 pro
3118 4279 3310 4349 populo
3352 4294 3538 4347 preces

1967 4380 2225 4441 fundens;
2275 4376 2611 4445 nequeenim
2663 4375 2734 4426 ita
2769 4387 2865 4426 nos
2918 4372 3157 4439 reliquit,
3197 4381 3255 4423 ut
3317 4385 3539 4438 prorsus

1968 4467 2263 4537 reliquerit.
2307 4468 2376 4519 At
2406 4480 2505 4534 ego
2537 4465 2707 4518 media
2740 4478 2802 4517 ex
2859 4473 3011 4531 parte
3039 4471 3282 4515 mortuus
3334 4470 3386 4515 et
3427 4462 3539 4517 dis-

2029 4687 2141 4760 (51)
2179 4683 2523 4760 ’1ερώτεροη.
2558 4682 2733 4760 Pass.,
2772 4679 3089 4760 ἁγιώτερον.

2021 4749 2134 4829 (55)
2158 4749 2460 4824 Διῶροφὸι.
2491 4754 2624 4829 Reg.
2656 4755 2724 4821 ph
2757 4763 2809 4805 et
2839 4749 2992 4829 P__a_ss.
3032 4749 3391 4829 adilttnt,__mi.

2020 4820 2130 4899 (56)
2182 4820 2792 4899 ΑἈἓτοὶινξαυσάμεγος.
2860 4822 3187 4899 Sic‘nplures
3251 4820 3415 4899 Regg.
3476 4830 3539 4899 et

1944 4891 2122 4983 Gell},
2168 4896 2264 4983 O'r.
2298 4900 2352 4956 2,
2397 4891 2604 4983 Pass":
2631 4894 2802 4949 Nicet.
2825 4904 2880 4949 et
2927 4891 3113 4947 Billius
3163 4894 3295 4961 ipse.
3333 4893 3387 4946 lu
3422 4894 3538 4957 ed.,

277 4988 480 5052 meum,
514 4973 652 5025 haud
672 4987 825 5052 .{egre
847 4972 1179 5052 angelorum,
1224 4989 1251 5052 τι
1280 4972 1475 5052 quibus
1497 4968 1848 5052 abducendus

1961 4970 2158 5052 ἰπολαυ
2168 4968 2422 5052 σάμενος.

275 5051 418 5104 erat,
463 5042 515 5095 in
544 5040 790 5094 manibus
815 5040 1048 5095 animam
1075 5041 1291 5095 eﬂlavit.
1316 5060 1331 5091 ι
1388 5040 1501 5094 Non
1549 5053 1691 5095 recte
1735 5044 1845 5097 Bil-

277 5113 405 5173 lius,
433 5112 526 5180 qui
568 5112 713 5165 hunc
766 5114 938 5165 locum
988 5112 1067 5165 sic
1106 5112 1316 5165 reddit:
1348 5129 1366 5161 ι
1395 5110 1571 5180 Atque
1616 5113 1731 5181 ipse
1782 5113 1846 5165 ad

279 5182 503 5250 angelos
540 5196 669 5245 eos,
713 5196 742 5234 a
783 5182 979 5250 quibus
1022 5182 1407 5242 abducebatur,
1456 5184 1739 5250 postremis
1768 5184 1852 5236 his

282 5252 467 5305 verbis
498 5251 699 5305 habitis
725 5268 738 5303 :
766 5252 820 5304 In
874 5266 1063 5303 manus
1113 5260 1231 5304 tuas
1258 5252 1574 5304 commendo
1602 5253 1847 5319 Spiritum
1946 5251 2077 5314 ctc.,

280 5334 484 5382 meum,
500 5320 732 5373 animam
752 5321 903 5374 [zelus
919 5321 1204 5383 exhalavit,
1219 5340 1237 5372 ι
1258 5320 1397 5388 quod
1413 5320 1650 5388 profecto
1670 5339 1697 5375 a
1718 5322 1855 5377 Grc-

279 5391 425 5459 gorii
451 5399 628 5442 mente
654 5391 889 5445 alienum
925 5400 1028 5443 est.
1068 5389 1178 5443 Non
1203 5391 1593 5459 enimiangelis,
1625 5403 1682 5445 ut
1714 5393 1849 5445 iudi-

279 5458 371 5513 cat
410 5458 550 5512 Billii
601 5459 996 5527 interpretatio,
1045 5462 1137 5513 sed
1186 5458 1298 5514 Deo
1343 5458 1574 5515 Basdius
1616 5462 1849 5515 animam

287 5544 442 5584 suam
482 5528 719 5583 moriens
755 5531 1162 5584 commendavit.

375 5596 469 5669 3i)
507 5598 934 5668 ’Araaéyrvfer.
970 5600 1148 5664 Forte,
1188 5599 1544 5669 ἐναπέψυξεν.
1578 5600 1730 5656 Eutr.

501 5669 870 5741 Γενομένων.
896 5668 1096 5741 iSaAvil”
1136 5668 1639 5741 μνημονευομένων.

357 5730 468 5807 (55)
503 5736 587 5803 Τῷ
613 5730 699 5794 δὲ.
739 5741 828 5795 Sic
857 5730 1094 5810 plerique
1115 5730 1268 5795 codd.
1294 5742 1347 5796 ln
1379 5730 1486 5808 edi,
1516 5741 1575 5793 τὸ
1604 5741 1679 5793 δέ.

2018 5040 2130 5121 (57)
2163 5032 2378 5103 Πόθος.
2425 5035 2620 5101 Nicet.,
2662 5036 2918 5107 πρᾶγμα,
2971 5050 2991 5084 ι
3022 5048 3108 5087 res
3150 5032 3203 5086 in
3235 5032 3536 5100 periculum

1947 5113 2164 5167 desinit.
2193 5129 2211 5160 ι

2020 5180 2133 5252 (58)
2165 5179 2374 5252 Μόλις.
2445 5176 2687 5242 Quatuor
2724 5173 2915 5245 Regg.,
2968 5175 3071 5229 duo
3120 5171 3311 5236 Coisl.,
3357 5169 3451 5226 0r.
3478 5172 3532 5236 εὶ,

2018 5250 2077 5314 5.,
2114 5250 2295 5327 μόγις.

2018 5322 2128 5390 (59)
2164 5321 2215 5371 Ὀ
2240 5317 2570 5386 ἀρχιερεύς.
2618 5314 2787 5390 Regg.
2815 5329 2879 5390 a._
2914 5314 3039 5390 c,_d
3083 5322 3136 5366 et
3165 5313 3259 5390 Οι·.
3285 5314 3353 5390 2.
3395 5314 3422 5365 ὁ
3458 5312 3533 5362 ιε-

1953 5383 2470 5466 ρεῦςέίᾚυειξιξριο
2491 5386 2753 5466 erponit":
2802 5402 2819 5435 ι
2848 5383 2989 5466 Patri
3031 5386 3319 5448 sacerdoti,
3352 5393 3405 5436 et
3431 5396 3534 5433 avo

1951 5454 2171 5531 inartyri
2214 5456 2625 5531 subjlaxituint)
2661 5454 2984 5531 adjttngitur.
3013 5473 3032 5504 ι

2022 5523 2131 5602 (είῧ)
2165 5531 2279 5593 Ὦς.
2312 5525 2541 5602 Deest_in
2577 5523 2671 5579 Οι·.
2700 5524 2753 5602 ἓ.

2021 5589 2132 5670 (41)
2163 5589 2672 5670 Προσευχόιιξνος..
2702 5592 2792 5648 Sic
2811 5592 3059 5670 plerique
3091 5594 3245 5648 codd.
3276 5590 3331 5648 lu
3359 5589 3537 5649 Coisl.

1951 5674 2006 5737 2,
2029 5664 2487 5739 ὗπὲρεὺχὸμενος.
2517 5665 2710 5739 ln‘ed.)
2733 5664 3156 5739 προερχόμενος.

2024 5733 2157 5794 [42Γ
2181 5733 2525 5793 Ἀἐὲοζλιπώη
2555 5733 2648 5789 Οι·.
2675 5734 2731 5793 2.
2762 5733 3093 5789 ἀπολείπων.
