4100 6276
499 301 608 356 G03

1708 297 1765 354 ὃ.
1809 295 2140 367 GREGOBII
2177 291 2525 350 THEOLOGI

3639 283 3742 342 604

499 425 680 469 sectus
709 412 1000 483 Gregorius
1056 412 1262 483 (utpote
1293 426 1322 465 a
1366 426 1558 482 magno
1592 411 1680 465 illo
1725 412 1870 466 socio
1903 413 2064 465 abru-

2181 407 2453 474 συζυγίας,
2511 405 2603 458 καὶ
2654 401 2766 472 βίον
2819 401 2990 455 ἕλκων
3036 399 3312 471 ὀδυνηρὸν,
3352 397 3447 451 καὶ
3492 397 3602 468 (43)
3637 400 3740 453 οὐκ

505 516 651 574 ptus,
685 516 846 574 atque
880 502 1217 572 acerbamet
1249 504 1496 558 miseram
1533 504 1692 558 vitam
1721 504 1961 566 trahens,
2016 511 2070 556 ut

506 604 926 650 consentaneum
975 604 1057 651 est
1091 610 1237 660 eum,
1280 595 1369 665 qui
1403 595 1470 649 ab
1516 611 1581 650 eo
1615 596 1910 663 disjunctus
1958 596 2068 664 sit),

507 686 651 741 haud
679 687 814 750 scio,
848 701 1134 756 quemnam
1184 697 1307 754 post
1356 685 1496 740 illius
1533 685 1867 754 disciplinam
1911 685 2072 740 linem

508 777 824 843 nanciscar;
869 792 898 830 a
930 791 1036 846 quo
1074 793 1215 832 nunc
1259 791 1472 847 quoque
1525 792 1618 845 per
1669 786 1956 831 nocturnas
1993 777 2072 829 vi-

504 870 686 924 siones
730 870 1045 935 admoneor,
1076 879 1131 924 et
1169 869 1423 937 castigor,
1455 868 1498 922 si
1536 853 1750 937 quando
1780 867 1847 922 ab
1898 866 2072 922 cilicio

509 973 808 1014 recessero.
843 959 952 1014 Nec
978 975 1105 1014 vero
1133 975 1230 1028 ego
1255 961 1468 1028 quidem
1501 959 1672 1013 luctus
1701 958 1945 1013 laudibus
1975 959 2069 1012 ad-

506 1047 688 1119 iungo,
721 1057 880 1118 atque
919 1049 1060 1104 illius
1093 1049 1254 1103 vitam
1302 1049 1546 1104 oratione
1581 1051 1765 1120 pingo,
1823 1065 1886 1104 ac
1937 1059 2068 1104 tem-

508 1140 623 1208 pori
676 1155 1013 1194 communem
1056 1141 1273 1195 virtutis
1327 1141 1581 1207 tabulam,
1629 1141 2071 1210 salutiferumque

507 1230 758 1286 omnibus
828 1229 1104 1296 Ecclesiis,
1154 1232 1507 1301 omnibusque
1559 1232 1840 1286 animabus
1891 1247 2072 1286 exem-

509 1320 652 1388 plum
688 1337 962 1391 propono;
1000 1324 1050 1377 in
1082 1325 1244 1392 quod,
1281 1323 1425 1377 velut
1471 1324 1523 1376 in
1560 1324 1734 1376 vivam
1787 1325 2068 1392 quamdam

511 1410 703 1479 legem,
763 1413 1050 1479 intuentes,
1098 1415 1258 1468 vitam
1324 1423 1560 1467 nostram
1611 1415 1944 1484 dirigemus:
1979 1429 2074 1468 vo—

511 1501 594 1556 bis
630 1512 830 1570 autem,
869 1508 958 1573 qui
995 1507 1060 1560 ab
1092 1506 1206 1575 ipso
1237 1506 1479 1561 doctrina
1505 1520 1662 1561 sacra
1696 1506 1884 1560 imbuti
1922 1507 2073 1570 estis,

511 1593 798 1662 quidquam
855 1597 996 1651 aliud
1041 1597 1323 1661 suaserim,
1373 1612 1532 1668 quam
1583 1606 1641 1650 ut
1687 1613 1809 1653 eum
1863 1611 2075 1665 semper

511 1683 783 1748 spectetis,
838 1698 922 1747 ac,
976 1693 1226 1753 tanquam
1287 1684 1399 1752 ipse
1450 1683 1613 1754 832
1654 1693 1709 1738 et
1743 1698 1839 1739 vos
1897 1685 2074 1739 videat

511 1778 566 1824 et
596 1785 622 1824 a
667 1773 816 1826 vobis
854 1775 1115 1838 videatur,
1155 1774 1355 1844 Spiritu
1389 1774 1752 1829 instruamini.

584 1861 819 1918 LXXXI.
848 1865 1044 1919 Adeste
1070 1864 1202 1933 jam,
1241 1879 1306 1919 ac
1335 1879 1419 1919 me
1453 1864 1850 1927 circumsistite,
1900 1865 2077 1920 omnis

513 1952 654 2008 illius
681 1955 898 2019 chorus,
930 1964 1036 2008 tam
1065 1955 1154 2024 qui
1208 1954 1430 2010 sacrarii
1478 1954 1631 2020 estis,
1663 1969 1823 2023 quam
1857 1954 1947 2022 qui
2004 1955 2078 2008 iu-

514 2047 724 2102 ferioris
754 2050 988 2114 ordinis;
1042 2059 1146 2103 tam
1187 2050 1277 2118 qui
1317 2064 1384 2102 ex
1433 2048 1650 2112 nostris,
1679 2061 1839 2116 quam
1871 2047 1960 2114 qui
2009 2062 2074 2101 ex

511 2137 738 2200 exteris;
799 2141 1106 2192 encumium
1157 2153 1366 2192 meeum
1417 2135 1685 2201 conﬁcite,
1736 2136 1872 2190 alius
1917 2136 2075 2190 aliam

511 2230 815 2299 quampiam
851 2229 992 2283 illius
1038 2229 1290 2282 virtutem
1314 2233 1658 2296 exponentes,
1687 2233 1740 2281 et
1766 2227 2079 2296 conquiren-

519 2329 597 2372 tes
631 2337 644 2372 :
676 2320 764 2394 qui
795 2320 1000 2374 thronis
1044 2319 1310 2384 insidetis,
1346 2317 1734 2387 legislatorem;
1785 2319 1876 2387 qui
1930 2334 2077 2373 rem-

513 2409 777 2477 publicam
809 2409 1014 2479 geritis,
1045 2409 1275 2464 civitatis
1317 2409 1634 2478 principem,
1678 2423 1741 2464 ac
1771 2409 1915 2464 velut
1944 2425 2076 2465 con-

511 2499 737 2554 ditorem
760 2517 776 2566 ;
807 2501 1017 2568 plebeii,
1039 2503 1429 2555 moderatorem
1456 2519 1471 2566 ;
1507 2500 1806 2556 litterarum
1831 2503 2078 2569 studiosi,

515 2600 930 2660 praeceptorem;
968 2591 1221 2661 virgines,
1257 2591 1585 2662 pronubum;
1637 2591 1952 2662 coniugata,
1979 2610 2078 2663 pu—

516 2681 714 2735 dicitiae
741 2681 1090 2752 magistrum;
1140 2683 1386 2751 solitarii,
1416 2698 1534 2738 eum
1569 2683 1659 2752 qui
1693 2663 1842 2739 vobis
1879 2699 2080 2753 pennas

517 2774 776 2842 addebat;
827 2774 1144 2841 cmnobiaci,
1188 2775 1460 2843 iudicem;
1520 2774 1829 2844 simplices,
1874 2775 2081 2832 itineris

516 2864 746 2928 ducem;
812 2864 1194 2933 speculationis
1241 2870 1503 2924 amantes,
1563 2864 1899 2935 theologum;
1956 2867 2084 2921 hila-

519 2969 628 3017 res,
660 2953 909 3018 frenum;
942 2955 1262 3019 calamitosi,
1289 2956 1572 3021 solatium;
1600 2971 1783 3022 senes,
1811 2957 2078 3024 baculum;

515 3044 758 3114 juvenes,
794 3046 1134 3116 pmdagogum
1161 3064 1176 3112 ;
1204 3065 1206 3068 τ
1232 3061 1513 3117 pauperes.
1556 3047 1896 3116 largitorem;
1942 3051 2084 3105 loeu-

521 3136 711 3204 pletes,
747 3137 1193 3205 dispensatorem.
1228 3135 1366 3202 Quin
1405 3137 1534 3190 mihi
1587 3151 1800 3207 quoque
1831 3139 2081 3194 videntur

519 3236 573 3281 et
617 3228 789 3281 vidua:
844 3236 1128 3296 patronum
1173 3242 1326 3282 Suum
1380 3227 1691 3294 laudatum,
1747 3237 1803 3284 et
1857 3229 2083 3298 orphani

2173 490 2586 568 ρῦδρομον,οἴον
2631 493 2776 556 είκὸς
2805 493 2894 546 τὸν
2937 491 3144 545 ἐκείνου
3185 488 3601 560 κεχωρισμένον,
3642 489 3743 542 οὐκ

2171 585 2287 642 οἶδα
2313 590 2391 651 εἰς
2419 588 2447 640 ὃ
2472 585 2807 655 τελευτήσων
2831 582 2966 653 μετὰ
2984 582 3081 652 τὴν
3114 582 3322 634 ἐκείνου
3348 578 3744 647 παιδαγωγίαν·

2171 673 2216 744 ᾧ
2266 679 2358 732 κα).
2397 676 2490 732 νῦν
2541 677 2620 729 ἔτι
2675 673 3050 744 νουθετοῦμαι,
3101 673 3192 726 καὶ
3233 668 3748 742 σωφρονίζομαιδιὰ

2172 769 2503 840 νυκτερινῶν
2533 767 2727 836 ὄψεων,
2767 765 2819 817 εἴ
2845 782 2971 817 ποτε
3009 763 3099 816 τοῦ
3131 763 3339 824 δέοντος
3364 762 3468 826 ἔξω
3499 762 3746 828 πέσοιμι.

2172 861 2282 914 Καὶ
2323 860 2422 912 οὐκ
2472 859 2582 928 ἐγὼ
2635 860 2731 929 μὲν
2789 855 2932 909 οῦτω
2981 854 3210 925 θρήνους
3259 852 3594 922 ἀναμίγνυμι
3631 854 3747 913 τοῖς

2172 951 2433 1014 ἐπαίνοις,
2465 952 2557 1004 καὶ
2584 947 2905 1019 λογογραφῶ
2949 947 3047 1017 τὴν
3087 944 3180 997 τοῦ
3217 943 3406 1013 ἀνδρὸς
3444 939 3745 1006 πολιτείαν,

2173 1045 2268 1096 καὶ
2302 1043 2592 1114 προτίθημι
2625 1041 2702 1112 τῷ
2745 1040 2920 1110 χρόνῳ
2945 1036 3122 1091 κοινὸν
3161 1035 3357 1106 ἀρετῆς
3397 1033 3619 1094 πίνακα,
3648 1047 3753 1086 και

2173 1136 2513 1206 πρόγραμμα
2548 1134 2812 1202 σωτήριον
2854 1129 3054 1192 πάσαις
3079 1131 3198 1190 ταῖς
3240 1123 3603 1193 Ἐκκλησίαις,
3636 1121 3746 1190 ψυ-

2171 1229 2296 1297 χαῖς
2319 1226 2585 1287 άπάσαις-
2615 1224 2751 1293 πρὸς
2778 1223 2835 1274 ὃν
2869 1221 3174 1290 βλέποντες,
3205 1213 3613 1284 ἁπευθυνοῦμεν
3651 1211 3752 1265 τὸν

2175 1321 2307 1390 βίον,
2343 1320 2416 1382 ὡς
2451 1320 2614 1388 νόμον
2645 1317 2914 1386 ἔμψυχον·
2949 1317 3076 1385 ὑμῖν
3105 1313 3161 1366 δὲ
3198 1308 3654 1382 συμϐουλεύσαιμ’
3676 1306 3747 1361 ἂν

2172 1412 2298 1466 ἄλλο
2328 1429 2400 1474 τι,
2427 1413 2537 1472 τοῖς
2559 1411 2626 1463 τὰ
2651 1409 2856 1461 ἐκείνου
2888 1403 3311 1474 τετελεσμένοις,
3353 1403 3386 1473 ἢ
3422 1401 3556 1470 πρὸς
3581 1399 3747 1453 αὐτὸν

2173 1505 2258 1558 ἀεὶ
2293 1503 2524 1573 βλέπειν,
2561 1502 2654 1553 καὶ
2673 1501 2747 1563 ὡς
2778 1499 3010 1570 ὁρῶντος
3033 1496 3126 1551 καὶ
3153 1493 3451 1567 ὁρωμένου,
3477 1491 3554 1562 τῷ
3582 1486 3751 1546 Πνεῦ-

2179 1613 2305 1666 ματι
2334 1592 2770 1664 καταρτίζεσθαι.
3031 1589 3039 1594 ⁷
3575 1600 3578 1603 ·

2247 1865 2374 1918 HA’.
2410 1864 2578 1936 Δεῦρο
2612 1862 2675 1934 δὴ
2715 1860 2826 1931 (44)
2854 1859 3206 1931 περιστάντες
3237 1874 3302 1927 με
3338 1858 3444 1919 πᾶς
3475 1856 3503 1907 ὅ
3535 1851 3750 1906 ἐκείνου

2177 1956 2376 2027 χορὸς,
2441 1957 2554 2008 ὅσοι
2605 1955 2698 2008 τοῦ
2753 1955 2992 2024 βήματος
3022 1993 3035 2017 ,
3093 1952 3187 2004 καὶ
3224 1951 3339 2003 ὅσοι
3385 1947 3494 2000 τῶν
3549 1945 3745 1999 κάτων

2177 2046 2289 2098 ὅσοι
2332 2046 2436 2098 τῶν
2492 2043 2772 2115 ἡμετέρων
2809 2082 2823 2106 ,
2869 2042 2963 2094 καὶ
3023 2041 3134 2093 ὅσοι
3166 2037 3274 2090 τῶν
3341 2035 3576 2100 ἔξωθενο
3643 2033 3748 2102 τὴν

2177 2136 2447 2214 εὐφημίαν
2506 2149 2594 2205 μοι
2643 2132 3035 2204 συνεργάζεσθε
3059 2172 3072 2197 ,
3121 2130 3278 2193 ἄλλος
3341 2128 3468 2182 ἄλλο
3533 2143 3586 2178 τι
3637 2123 3747 2176 τῶν

2176 2213 2383 2280 ἐκείνου
2443 2224 2620 2280 καλῶν
2675 2223 3014 2294 διηγούμενοι
3067 2220 3161 2275 καὶ
3203 2218 3492 2291 ζητοῦντες
3519 2216 3627 2285 (45)
3698 2213 3750 2267 oi.

2179 2318 2284 2371 τῶν
2380 2317 2618 2388 θρόνων,
2692 2313 2782 2366 τὸν
2858 2312 3150 2383 νομοθέτην
3175 2326 3190 2341 '
3271 2312 3320 2363 oi
3399 2308 3498 2377 τῆς
3579 2305 3752 2358 πολι-

2177 2407 2368 2472 τείας,
2436 2407 2524 2459 τὸν
2573 2405 2872 2476 πολιστήν·
2944 2405 2993 2455 οί
3044 2399 3136 2455 τοῦ
3187 2400 3380 2472 δήμου,
3423 2399 3522 2470 τὴν
3583 2397 3746 2450 εὐτα-

2179 2501 2336 2568 ξίαν-ο
2363 2501 2411 2553 οἱ
2451 2500 2576 2568 περὶ
2618 2498 2829 2565 λόγους,
2875 2496 2964 2548 τὸν
3016 2494 3343 2564 παιδευτην·
3383 2493 3439 2544 αἱ
3468 2489 3747 2561 παρθένοι,

2178 2593 2268 2644 τὸν
2303 2590 2692 2660 νυμφαγωγόν·
2731 2591 2788 2640 al.
2827 2587 2930 2640 ὑπὸ
2977 2585 3160 2654 ζυγὸν,
3203 2585 3294 2636 τὸν
3335 2581 3706 2653 σωφρονιστὴν
3731 2595 3748 2611 ·

2180 2683 2230 2736 oi.
2252 2683 2350 2752 τῆς
2378 2684 2474 2752 ὲρη
2485 2680 2629 2750 μίας,
2659 2680 2748 2733 τὸν
2777 2678 3056 2749 πτερωτήν
3075 2694 3089 2708 ⁸
3115 2676 3165 2728 oi
3198 2675 3298 2746 τῆς
3331 2673 3627 2744 ἐπιμιξίας,
3655 2669 3754 2724 τὸν

2180 2773 2440 2842 δικαστήν
2463 2789 2476 2802 ·
2507 2773 2556 2824 οί
2583 2771 2684 2841 τῆς
2716 2771 3031 2840 ἁπλότητος,
3064 2770 3156 2823 τὸν
3183 2768 3404 2838 ὀδηγόν·
3431 2767 3478 2818 οἱ
3504 2767 3601 2835 τῆς
3623 2762 3753 2816 θεω-

2185 2865 2304 2935 ρίας
2331 2863 2462 2933 (46),
2495 2864 2586 2916 τὸν
2613 2863 2858 2931 θεολόγον
2883 2879 2896 2894 ⁸
2931 2865 2978 2916 οἱ
3003 2864 3061 2914 ὲν
3095 2860 3343 2932 εὐθυμία,
3378 2859 3468 2912 τδν
3496 2856 3709 2926 χαλινόν
3733 2872 3748 2887 ·

2182 2957 2231 3008 οί
2274 2959 2331 3009 ὲν
2371 2959 2693 3028 συμφοραῖς,
2744 2955 2840 3026 τὴν
2878 2954 3256 3026 παράκλησιν·
3291 2952 3388 3023 τὴν
3431 2947 3748 3020 βακτηρίαν,

2185 3049 2217 3119 ἡ
2251 3047 2442 3101 πολιάο
2473 3048 2571 3116 τὴν
2622 3047 3014 3115 παιδαγωγίαν,
3057 3049 3088 3116 ἡ
3127 3046 3344 3112 νεότης·
3374 3045 3406 3112 ἡ
3449 3040 3628 3104 πενία,
3657 3038 3751 3091 τδν

2186 3141 2469 3211 ποριστὴν·
2496 3141 2528 3209 ἡ
2560 3139 2806 3208 εὐπορία,
2841 3137 2932 3190 τὸν
2966 3137 3265 3206 οἰκονόμον.
3298 3129 3519 3185 Δοκοῦσί
3544 3145 3632 3198 μοι
3657 3127 3758 3180 καὶ

2184 3233 2347 3303 χῆραι
2374 3231 2462 3282 τὸν
2493 3229 2802 3298 προστάτην
2825 3227 3205 3280 ἐπαινέσεσθαι
3224 3241 3236 3255 ·
3271 3224 3364 3277 καὶ
3395 3220 3636 3294 omam,
3658 3217 3755 3272 τὸν

527 3326 756 3388 patrem,
785 3327 838 3373 et
868 3333 1126 3389 pauperes
1168 3334 1457 3388 pauperum
1492 3330 1812 3384 amatorem,
1852 3331 1905 3374 et
1934 3335 2080 3391 pere-

2185 3324 2394 3395 πατέρα
2416 3340 2430 3353 σ
2463 3323 2556 3375 καὶ
2598 3321 2822 3390 πτωχοὶ,
2874 3320 2964 3372 τὸν
3001 3318 3334 3389 φιλόπτωχον
3361 3333 3374 3346 ο
3421 3313 3514 3367 καὶ
3547 3311 3642 3366 τὸν
3667 3329 3755 3380 φι-

520 3405 656 3473 grini
711 3406 1050 3476 hospitalem,
1078 3417 1131 3462 et
1167 3408 1360 3463 fratres
1411 3407 1638 3463 fratrum
1684 3421 2000 3472 amatorem,
2031 3420 2080 3467 et

2184 3415 2417 3480 λόξενον,
2449 3415 2496 3466 οἱ
2528 3411 2701 3476 ξένοι·
2736 3411 2829 3465 καὶ
2861 3411 3097 3481 ἀδελφοὶ,
3138 3411 3229 3464 τὸν
3267 3407 3583 3478 φιλάδελφον
3605 3403 3714 3476 (47)
3736 3419 3752 3436 ⁸

521 3503 841 3564 aegrotantes
875 3497 1170 3560 medicum,
1197 3498 1561 3566 cujuscunque
1588 3498 1818 3552 volueris
1846 3501 2016 3554 morbi
2034 3509 2080 3557 et

2184 3510 2233 3562 oi
2258 3507 2554 3570 νοσοῦντες,
2580 3507 2669 3560 τὸν
2694 3505 2893 3576 ἰατρὸν,
2921 3504 2987 3574 ἣν
3015 3502 3190 3573 βούλει
3209 3501 3359 3554 νόσον
3384 3499 3476 3552 καὶ
3495 3496 3755 3566 ἰατρείαν·

523 3586 817 3648 medicinze,
837 3594 886 3640 et
903 3587 1017 3640 sani
1044 3587 1286 3640 sanitatis
1310 3589 1584 3642 custodem
1607 3606 1623 3656 ;
1653 3605 1841 3644 omnes
1861 3593 2080 3662 denique

2186 3606 2236 3656 οί
2265 3601 2612 3669 ὑγιαίνοντες,
2657 3596 2745 3649 τὸν
2790 3596 3006 3664 φύλακα
3041 3597 3138 3665 τῆς
3187 3593 3400 3662 ὑγείας·
3435 3592 3483 3643 οἱ
3533 3588 3754 3652 πάντες,

523 3691 666 3740 eum,
701 3677 791 3745 qui
829 3678 1078 3731 omnibus
1108 3678 1285 3730 omnia
1319 3679 1491 3733 factus
1521 3690 1624 3746 est,
1657 3690 1713 3734 ut
1745 3696 1953 3748 omnes,

523 3775 672 3820 certe
702 3768 1154 3834 quamplurimas.
1200 3768 1557 3824 lucrifaceret.

597 3857 854 3912 LXXXI].
888 3859 1064 3914 llabes
1100 3861 1212 3914 hare
1262 3876 1290 3913 a
1327 3861 1501 3923 nobis,
1534 3860 1718 3924 Basili,
1771 3867 1872 3920 hoc
1915 3875 2017 3935 est,
2057 3884 2086 3922 a

527 3949 700 4018 lingua
744 3949 1015 4016 quondam
1061 3951 1154 4002 tibi
1193 3951 1535 4014 suavissima,
1583 3960 1746 4019 atque
1786 3953 1987 4008 honore
2035 3964 2088 4008 et

525 4051 684 4095 aatate
719 4040 934 4108 aequali.
964 4039 1092 4106 Quae
1113 4040 1158 4094 si
1193 4041 1254 4094 ad
1281 4041 1492 4094 virtutis
1521 4050 1624 4095 tua:
1653 4043 1902 4096 meritum
1928 4059 2090 4113 prope

529 4133 878 4196 accesserint,
916 4130 1232 4185 beneﬁcium
1270 4131 1321 4183 id
1361 4140 1507 4184 tuum
1539 4141 1654 4195 est;
1706 4129 1931 4186 te'enim
1991 4135 2090 4188 fre-

531 4235 636 4285 tus,
679 4224 816 4277 hanc
843 4223 1141 4276 orationem
1166 4222 1386 4276 institui.
1426 4219 1521 4275 Sin
1549 4232 1725 4276 autem
1757 4223 1908 4293 longe
1953 4225 2086 4279 intra

527 4315 840 4384 dignitatem
871 4323 925 4368 et
978 4329 1128 4383 spem
1175 4323 1317 4367 tuam
1372 4312 1733 4380 substiterint,
1768 4316 1894 4383 quid
1945 4314 2089 4371 face-

1995 3694 2088 3738 θυι
2107 3687 2277 3820 (ἷκτδν
2305 3693 2480 3745 πάντα
2506 3690 2638 3742 πᾶσι
2670 3687 2978 3757 γενόμενον,
3009 3686 3092 3740 ἵνα
3123 3685 3352 3756 κερδάνῃ
3375 3683 3498 3746 τοὺς
3527 3679 3755 3742 πάντας,

2186 3783 2217 3820 Ἀ
2249 3781 2514 3820 ιτφλπῖηεληρ-

2186 3783 2219 3853 ἢ
2249 3781 2514 3842 πλείονας.

2258 3874 2380 3926 IIB'.
2411 3870 2594 3924 Ταῦτά
2628 3887 2709 3923 σοι
2761 3869 2889 3940 παρ’
2937 3867 3114 3938 ἡμῶν,
3148 3859 3192 3919 ὦ
3229 3864 3472 3918 Βασίλειε
3501 3860 3630 3933 (48),
3656 3860 3759 3929 τῆς

2188 3965 2410 4035 ἡδίστης
2437 3963 2517 4016 σοί
2553 3979 2678 4014 ποτε
2703 3960 2967 4031 γλώττης,
3001 3959 3092 4011 καὶ
3121 3957 3401 4027 ὁμοτίμου,
3429 3954 3522 4008 καὶ
3549 3953 3757 4023 ἥλικος.

2186 4044 2251 4111 Εἰ
2281 4055 2376 4124 μὲν
2407 4055 2504 4124 τῆς
2547 4053 2700 4118 ἀξίας
2735 4051 2917 4120 ἐγγὺς,
2979 4049 3046 4120 σὴ
3098 4048 3253 4101 τοῦτο
3295 4047 3485 4116 χάρις’
3529 4045 3610 4097 σοὶ
3648 4045 3760 4113 γὰρ

2189 4147 2425 4215 θαρρῶν,
2471 4144 2558 4196 τὸν
2609 4145 2736 4214 περὶ
2800 4141 2892 4194 σοῦ
2942 4141 3096 4209 λόγον
3150 4138 3543 4222 Evam-fdan.
3592 4136 3654 4188 Εί
3700 4133 3758 4186 δὲ

2191 4233 2378 4302 πόρρω
2427 4232 2518 4283 καὶ
2551 4230 2700 4301 παρᾶ
2737 4229 2868 4282 πολὺ
2913 4229 3011 4298 τῆς
3051 4227 3280 4290 ἐλπίδος,
3307 4227 3358 4280 τί
3390 4227 3496 4297 χρὴ
3547 4225 3758 4284 παθεῖν,

2190 4323 2283 4374 καὶ
2316 4323 2480 4392 γήρᾳ,
2513 4321 2608 4374 καὶ
2657 4321 2818 4388 νόσῳ,
2852 4319 2945 4372 καὶ
2992 4317 3068 4388 τῷ
3113 4316 3190 4388 σῷ
3237 4317 3383 4386 πόοῳ
3415 4314 3758 4388 τετρυχωμέ-

529 4421 665 4474 rem,
695 4409 856 4461 homo
885 4415 940 4462 et
982 4415 1276 4470 senectute,
1307 4415 1359 4460 et
1390 4407 1596 4470 morbo,
1645 4415 1700 4460 et
1754 4407 1827 4460 tui
1882 4407 2080 4463 deside-

2191 4429 2312 4473 νους
2340 4411 2483 4479 (49);
2517 4411 2661 4480 Πλὴν
2693 4411 2786 4463 καί
2825 4409 2942 4478 Θεῷ
2967 4409 3118 4477 φίλον
3153 4408 3212 4460 τὸ
3239 4408 3384 4461 κατὰ
3409 4407 3651 4478 δύναμιν.
3685 4407 3759 4461 Σὺ

529 4501 608 4553 rio
639 4498 957 4554 confectus?
999 4497 1314 4567 Quanquam
1353 4498 1460 4550 Deo
1495 4512 1706 4566 quoque
1736 4509 1945 4568 gratum
1993 4512 2094 4570 est,

526 4593 672 4661 quod
701 4608 797 4661 pro
836 4593 1038 4646 viribus
1082 4592 1329 4646 ellicitur.
1383 4588 1459 4641 Tu
1501 4603 1650 4655 vero,
1681 4605 1892 4644 sacrum
1929 4601 1982 4644 et
2013 4593 2095 4645 di-

528 4684 711 4735 vinum
752 4691 932 4750 caput,
957 4696 987 4735 e
1015 4682 1152 4734 ccelo
1179 4697 1299 4744 nos,
1327 4696 1528 4749 qumsn,
1560 4681 1784 4750 inspice,
1813 4682 2098 4749 carnisque

527 4772 827 4832 stimulum,
866 4787 895 4823 a
927 4772 1035 4824 Deo
1072 4771 1224 4824 nobis
1256 4771 1323 4823 ad
1377 4770 1711 4838 disciplinam
1747 4773 1954 4835 datum,
2008 4781 2098 4824 aut

530 4862 782 4931 precibus
814 4867 920 4914 tuis
949 4861 1104 4923 siste,
1141 4871 1231 4914 aut
1261 4871 1427 4924 certe,
1465 4874 1518 4914 ut
1564 4877 1686 4916 cum
1739 4862 1863 4916 forti
1917 4864 2098 4916 animo

531 4952 881 5021 perferamus,
934 4953 1238 5020 persuade:
1280 4962 1440 5022 atque
1487 4966 1700 5006 omnem
1749 4963 1986 5007 nostram
2019 4954 2091 5007 vi-

533 5053 639 5097 tam
672 5043 737 5096 ad
784 5043 854 5109 id,
891 5044 1031 5111 quod
1072 5043 1307 5099 maxime
1345 5043 1678 5098 conducibile
1703 5051 1804 5110 est,
1847 5044 2017 5112 dirige
2069 5061 2084 5098 :

599 5157 711 5226 (45)
741 5159 868 5212 Kal.
896 5159 1047 5213 Pass.
1088 5159 1250 5219 addit,
1285 5161 1378 5223 ὡς.

746 5229 845 5296 Λή.
886 5227 1016 5300 Reg.
1055 5231 1314 5300 plraddit,
1343 5227 1453 5286 οὖν.
1680 5265 1684 5269 ι

736 5298 1088 5373 Ζητοῐξιντεςέζ
1120 5298 1174 5351 In
1202 5303 1543 5373 quilmsdiun,
1569 5301 1871 5373 ζηλοῦντες.

752 5371 1023 5439 Θεωρίας.
1058 5370 1188 5438 Reg.
1219 5367 1309 5439 ph,
1338 5367 1630 5439 θεολογίαςξ

624 5437 710 5505 47)
745 5438 856 5492 Τὸν
879 5437 1274 5510 φιλάδελφον.
1317 5443 1406 5495 Sic
1430 5437 1665 5510 quinque
1691 5443 1878 5510 “033.,
1915 5438 2008 5494 Or.
2037 5438 2090 5498 2.

527 5505 682 5564 mss.
711 5519 758 5562 et
797 5505 980 5562 (10ml).
1026 5505 1179 5564 Deeét
1202 5511 1291 5562 τόν
1313 5510 1364 5564 in
1392 5505 1477 5566 ed.

602 5578 713 5650 μβ)
746 5574 812 5650 Ὦ
840 5580 1137 5633 Βασίλειε.
1187 5581 1316 5648 Reg.
1355 5583 1421 5648 ph
1453 5581 1622 5645 addit,
1671 5579 2092 5650 οὐρανοφάντορ,

536 5661 552 5692 ι
657 5647 810 5719 llasili
834 5649 1090 5704 altissime
1114 5645 1474 5719 resplendens.
1501 5670 1518 5702 ι

608 5717 716 5787 (49)
747 5717 1243 5792 Τετριοχωμένουξ.
1269 5720 1355 5776 Sic
1377 5721 1553 5791 plures
1577 5720 1734 5790 Begg.
1750 5761 1763 5787 ,
1793 5720 1894 5774 duo
1915 5719 2097 5782 Coisl,,

2193 4503 2250 4555 δὲ
2285 4504 2427 4573 ἡμᾶς
2454 4501 2771 4565 ὲποπτεύοις
2804 4501 3026 4562 ἄνωθεν,
3059 4493 3103 4552 ὦ
3130 4500 3248 4553 θεία
3273 4500 3364 4552 καὶ
3390 4499 3508 4570 ίερὰ
3531 4498 3758 4568 κεφαλὴ,

2194 4595 2289 4646 καὶ
2320 4595 2408 4646 τὸν
2430 4593 2708 4663 δεδομένον
2746 4593 2874 4661 ἡμῖν
2902 4590 3054 4662 παρὰ
3089 4591 3222 4643 Θεοῦ
3259 4591 3370 4661 (50)
3401 4591 3637 4642 σκόλοπα
3661 4589 3762 4656 τῆς

2197 4685 2415 4756 σαρκὸς,
2448 4685 2545 4754 τὴν
2586 4683 2857 4754 ἡμετέραν
2900 4681 3290 4750 παιδαγωγίαν,
3325 4683 3356 4752 ἦ
3397 4681 3618 4750 στήσαις
3640 4683 3762 4743 ταῖς

2196 4775 2420 4828 σεαυτοῦ
2449 4774 2781 4845 πρεσϐείαις,
2809 4774 2840 4842 ἢ
2873 4773 3085 4835 πείσαις
3107 4773 3218 4842 (51)
3249 4773 3525 4844 καρτερῶς
3557 4771 3760 4843 φέρειν·

2193 4869 2286 4920 καὶ
2317 4868 2408 4920 τὸν
2436 4867 2608 4920 πάντα
2643 4865 2753 4932 (52)
2793 4864 2906 4933 βίον
2946 4865 3076 4932 ἡμῖν
3105 4863 3370 4932 διεξάγοις
3418 4861 3550 4932 πρὸς
3589 4861 3649 4913 τὺ
3673 4861 3762 4914 λυ-

2193 4956 2556 5008 σιτελέστατον
2578 4953 2707 5024 (55).
2739 4953 2803 5005 El
2829 4951 2882 5004 δὲ
2910 4953 3331 5022 μετασταίημεν,
3372 4953 3551 5016 δέξαιο
3577 4953 3759 5004 κάκεῖ-

2192 5048 2282 5100 θεν
2310 5049 2453 5118 ἡμᾶς
2479 5049 2598 5108 ταῖς
2630 5043 2854 5097 σεαυτοῦ
2889 5042 2998 5114 (54)
3039 5045 3282 5114 σκηναῖς,
3320 5043 3395 5105 ὡς
3422 5043 3486 5096 ἂν
3515 5043 3759 5112 ἀλλήλοις

2195 5176 2296 5220 etc.
2331 5151 2488 5218 ln'ed.
2515 5174 2566 5215 et
2596 5163 2646 5214 in
2679 5163 2945 5232 nonnullis
2984 5161 3165 5222 ροιιιι..
3195 5162 3616 5232 τετρυχωμένος.

2265 5237 2374 5306 (50)
2414 5231 2768 5306 Παρὰμθεοῦ.
2798 5232 2886 5286 Sic
2902 5233 3006 5285 duo
3038 5232 3224 5301 Ἆρες..
3249 5231 3342 5285 Οι·.
3367 5231 3420 5298 2,
3448 5233 3620 5293 Pass.,
3649 5241 3759 5287 etc.

2193 5305 2249 5358 In
2275 5302 2387 5367 eth,
2424 5304 2549 5371 περὶ
2577 5302 2730 5355 Θεοῦ.

2264 5375 2376 5445 (51)
2414 5375 2478 5427 Ἢ
2498 5369 2755 5445 πείσαις.
2782 5369 2993 5445 C_omb.,
3031 5369 3063 5439 ἦ
3101 5370 3196 5445 καὶ
3234 5369 3329 5445 νῦν
3356 5369 3590 5428 πείσαις.

2263 5438 2373 5516 (52)
2411 5445 2520 5498 Τὸν
2550 5441 2763 5494 πάντα.
2799 5441 3010 5504 Comb.,
3053 5438 3156 5493 ’st
3185 5438 3444 5511 πάροντα,
3481 5458 3498 5489 ι
3521 5453 3759 5509 praesen-

2195 5525 2318 5568 lem.
2347 5533 2364 5562 ι

2263 5584 2376 5656 (55)
2405 5590 2442 5636 Α
2455 5581 2935 5656 υοίιτενζέετζατον·Σ
2971 5578 3065 5631 Or.
3080 5577 3167 5656 ﬁ,
3195 5577 3646 5652 λυσιτελέστερον.

2267 5649 2380 5725 (54)
2413 5653 2692 5709 Σεαυτοῦ.
2724 5652 2816 5705 Ur.
2840 5651 2892 5714 ‘2,
2917 5649 3128 5705 ἑαυτοῦ.
