4100 6276
101 310 312 368 -εοε

1122 305 1387 363 ORATIO
1427 306 1614 363 λων.
1653 337 1723 346 -
1756 303 1825 361 ΙΝ
1867 303 2109 360 ΝονΑΜ
2147 305 2555 363 DOMINICAM.

3363 308 3469 367 6l0

217 433 300 495 ρον
332 417 445 489 (70)
475 419 753 490 λυόμενος,
801 421 896 475 καὶ
933 422 1230 493 τριήμερος
1281 424 1657 496 ἀνιστᾴμενος,
1698 421 1791 475 καὶ

1897 421 2042 475 omni
2105 421 2399 490 antiquior.
2445 429 2500 475 et
2557 419 2811 488 templum
2854 433 3043 475 recens
3084 419 3325 488 factum,
3365 439 3473 478 uno

216 509 384 582 μένων
424 513 508 573 εἰς
539 513 660 574 τοὺς
694 511 919 575 αἰῶνας,
955 513 1020 566 ἵν’
1061 513 1172 582 ἐγὼ
1203 514 1382 577 σωθῶ,
1422 517 1516 568 καὶ
1552 515 1646 568 τοῦ
1683 531 1790 580 πα-

214 600 358 655 λαιιοῦ
393 601 687 674 πτώματος
739 604 1030 676 ἀνακληθῶ
1079 607 1214 678 (71),
1256 607 1348 660 καὶ
1381 609 1624 678 γένωμαι
1666 625 1790 660 και·

213 695 273 765 νὴ
327 696 526 760 κτίσις,
575 697 662 750 διά
707 699 807 768 τῆς
865 699 1124 770 τοιαύτης
1189 701 1600 770 φιλανθρωπίας
1658 700 1789 753 ἀνα-

215 785 592 857 πλαττόμενος.
650 787 929 861 Ἐπιξητεῖ
972 790 1028 842 δὲ
1090 792 1118 843 ὁ
1171 790 1313 854 θεῖος
1353 791 1518 845 Δαϐὶδ
1559 790 1792 862 ¹καρδίαν

214 877 456 948 καθαρὰν
503 881 562 931 ὲν
610 878 787 949 ἑαυτῷ
840 878 1188 951 κτιζομένην,
1229 881 1324 934 καὶ
1374 880 1588 950 πνεῦμα
1636 879 1794 944 εὐθὲς

213 970 312 1030 τοῖς
337 968 590 1035 ἐγκάτοις
635 969 1106 1040 ὲγκαινιζόμενον·
1139 972 1235 1040 οὐχ
1269 972 1344 1035 ὡς
1365 972 1464 1024 οὐκ
1493 971 1652 1042 ἔχων,
1687 969 1792 1040 (τίς

213 1059 332 1130 γὰρ,
369 1062 418 1112 εί
450 1061 528 1132 μὴ
561 1061 726 1115 Δαὸὶδ
746 1064 776 1116 6
806 1061 1058 1128 τοσοῦτος
1078 1079 1092 1127 ;
1113 1064 1130 1132 )
1153 1064 1266 1116 ἀλλ’
1292 1065 1367 1128 ὡς
1416 1065 1600 1137 καινὸν
1633 1063 1794 1132 γινώ-

215 1168 349 1205 σκων
373 1151 434 1204 τὸ
478 1153 574 1206 νῦν
606 1155 692 1208 ἀεὶ
725 1154 838 1225 (72)
867 1155 1313 1228 προστιθέμενον.
1359 1159 1469 1211 Καὶ
1507 1158 1556 1210 τί
1593 1158 1675 1212 δεῖ
1701 1176 1792 1230 μοι

211 1242 462 1297 πλειόνων
501 1246 844 1314 Ἐγκαινίων,
878 1248 996 1300 ὲνὸν
1027 1247 1094 1300 τὰ
1122 1249 1365 1319 παρόντα
1391 1249 1676 1320 γνωρίσαι,
1700 1251 1794 1304 καὶ

211 1332 243 1387 ἀ
275 1335 518 1406 σήμερον
554 1337 994 1409 πανηγυρίζομεν
1022 1339 1156 1407 (75),
1192 1341 1260 1409 τῇ
1304 1338 1412 1411 ζωῇ
1451 1340 1588 1411 μετὰ
1627 1341 1792 1394 θάνα-

211 1443 292 1480 τον
323 1427 762 1498 πλησιάσαντες;
808 1430 1438 1498 ἘγκαίνεαηἙγκαίνια
1471 1435 1502 1504 ἠ
1547 1435 1793 1505 πανήγυ-

213 1535 289 1587 ρις
320 1518 455 1591 (74),
487 1519 730 1588 ἀδελφοί.
757 1521 1014 1589 Δεγέσθω
1039 1523 1146 1594 γὰρ
1169 1523 1429 1587 πολλάκις
1455 1524 1544 1593 ὑφ’
1576 1525 1790 1596 ἡδονῆς.

209 1609 306 1663 Καὶ
362 1610 488 1666 τίνα
533 1610 746 1675 ταῦτα;
784 1613 846 1665 Oi
903 1612 1004 1684 μὲν
1041 1613 1268 1678 εἰδότες,
1312 1614 1593 1680 διδάξατε·
1649 1617 1698 1670 οἱ
1737 1617 1793 1670 δὲ

208 1702 549 1771 ἀγνοοῦντες,
575 1703 673 1776 τὴν
705 1705 877 1776 ἀκοὴν
907 1705 1302 1774 ἐγκαινίζεσθε.

270 1982 342 2035 Γν.
383 1981 511 2045 Φῶς
545 1978 613 2053 ἦν
636 1983 748 2048 (75)
779 1983 1094 2054 ἀπρόσιτον,
1125 1986 1218 2039 καὶ
1247 1986 1544 2057 ἀδιάδοχον,
1580 1990 1608 2041 6
1635 1988 1787 2056 Θεὸς,

205 2070 316 2124 οὔτε
339 2071 674 2142 ἀρξάμενον,
707 2071 831 2124 οὗτε
858 2073 1218 2144 παυσόμενον,
1249 2073 1371 2128 οὔτε
1401 2078 1787 2148 μετρούμενον,

205 2163 527 2234 ἀειλαμπὲς,
562 2164 887 2235 τριλαμπὲς,
922 2165 1125 2232 ὀλίγοις
1165 2167 1287 2220 ὅσον
1323 2167 1444 2220 ἐστὶ
1478 2167 1790 2240 θεωρούμε-

205 2269 305 2314 νον,
345 2249 501 2324 οἶμαι
558 2253 635 2317 δὲ,
680 2255 799 2307 οὐδὲ
833 2253 1055 2323 ὀλίγοις.
1091 2257 1200 2308 Καὶ
1234 2256 1388 2326 φῶτα
1425 2255 1671 2329 δεύτερα,
1698 2257 1790 2310 τοῦ

207 2345 414 2416 πρώτου
439 2345 629 2408 Φωτὸς
650 2339 1078 2415 ἀπαυγάσματα,
1097 2347 1155 2398 αἱ
1180 2349 1306 2418 περὶ
1327 2347 1488 2400 αὑτὸν
1509 2347 1790 2418 δυνάμεις,

206 2439 292 2492 καὶ
315 2439 382 2493 τά
403 2438 761 2510 λειτουργικὰ
782 2439 1090 2509 πνεύματα.
1129 2439 1202 2492 Τὸ
1233 2438 1290 2492 δὲ
1315 2441 1443 2509 παρ’
1483 2441 1614 2511 ἡμῖν
1636 2441 1792 2494 τοῦτο

207 2531 334 2601 φῶς,
360 2533 462 2601 οὐχ
495 2530 727 2602 ὕστερον
761 2530 965 2602 ἡρξατο
1013 2531 1193 2602 μόνον,
1236 2530 1374 2584 ἀλλά
1408 2532 1503 2584 καὶ¹
1530 2531 1682 2585 νυκτὶ
1703 2531 1792 2585 τέ-

209 2641 412 2694 μνεται,
466 2624 569 2676 καὶ
623 2623 810 2692 τέμνει
858 2622 1030 2675 νύκτα
1061 2621 1337 2693 ἰσομοιρίᾳ
1376 2621 1510 2692 (76),
1543 2622 1663 2692 ὄψει
1695 2638 1789 2675 πι-

207 2714 441 2777 στευθὲν,
475 2713 578 2767 καὶ
602 2712 724 2783 ἀέρι.
763 2710 927 2782 χυθὲν
956 2711 1091 2781 (77),
1135 2713 1232 2765 καὶ
1263 2710 1539 2782 λαμϐάνον
1577 2710 1605 2764 δ
1635 2710 1792 2764 δίδωο

210 2819 304 2857 σιν.
345 2804 516 2876 Ὀρᾷν
548 2820 609 2857 τε
652 2803 760 2872 γὰρ
789 2803 908 2873 ὄψει
946 2803 1198 2875 παρέχει,
1229 2803 1322 2856 καὶ
1352 2803 1570 2874 πρῶτον
1599 2805 1793 2875 ὁρᾶται

208 2897 350 2967 παρά
405 2897 527 2970 (73)
577 2896 675 2966 τῆς
714 2896 912 2966 ὅψεως,
956 2897 1052 2950 καὶ
1089 2898 1204 2960 τοῖς
1233 2898 1448 2968 ὁρατοῖς
1479 2897 1790 2969 περιρρέον,

209 2989 523 3061 παρρησίαν
577 2987 689 3059 (79)
742 2989 1049 3061 χαρίζεται.
1101 2988 1394 3060 Βουληϐεὶς
1435 2988 1546 3060 γάρ
1601 2992 1630 3043 6
1663 2989 1794 3052 Θεὸς

206 3080 348 3132 τόνδε
380 3081 474 3133 τὸν
507 3080 712 3150 κόσμον
741 3079 1130 3150 συστήσασθαι,
1159 3079 1252 3132 τὸν
1282 3079 1342 3144 ἐξ
1368 3079 1579 3149 ὁρατῶν
1608 3097 1668 3131 τε
1697 3080 1792 3133 καὶ
1819 3111 1862 3170 c

207 3172 446 3244 ἀοράτων
469 3171 862 3241 συνεστηκότα,
885 3170 974 3223 τὸν
1008 3169 1184 3241 μέγαν
1218 3171 1312 3224 καὶ⁴
1347 3169 1660 3241 Θαυμαστὸν
1689 3173 1792 3240 τῆς

210 3263 627 3336 με·γαλειότη;ος
665 3261 831 3316 αὐτοῦ
879 3261 989 3331 (80)
1031 3262 1271 3333 κήρυκα,
1314 3265 1428 3325 τοῖς
1463 3262 1560 3332 μὲν
1605 3260 1794 3325 ἀϊδίοις

207 3357 362 3420 αὐτός
395 3357 521 3410 ἐστι
553 3354 692 3424 φῶς,
723 3356 818 3408 καὶ
844 3355 944 3407 οὐκ
977 3354 1105 3408 ἄλλο
1131 3354 1266 3424 (81)·
1300 3353 1372 3426 (τί
1398 3353 1507 3426 γὰρ
1540 3353 1646 3406 ἔδει
1685 3371 1797 3423 φω-

207 3445 292 3511 τὸς
330 3447 588 3519 δευτέρου
615 3448 727 3509 τοῖς
760 3446 819 3498 τὸ
853 3446 1106 3516 μέγιστον
1135 3445 1318 3516 ἔχουσι
1337 3447 1375 3514 ;)
1421 3447 1534 3510 τοῖς
1562 3445 1714 3499 κάτω
1739 3445 1796 3499 δὲ

207 3537 297 3592 καὶ
354 3538 486 3609 περὶ
542 3538 688 3607 ἡμᾶς
739 3535 960 3608 πρώτην
1014 3536 1284 3606 ἐκλάμπει
1325 3535 1424 3607 τὴν
1471 3535 1562 3589 τοῦ
1619 3534 1797 3605 φωτὸς

208 3631 390 3687 τούτου
429 3632 686 3702 δύναμιν.
730 3632 840 3683 Καὶ
870 3629 978 3702 γὰρ
1008 3630 1216 3702 ἔπρεπε
1264 3629 1342 3701 τῷ
1381 3630 1602 3702 μεγάλῳ
1656 3631 1795 3702 φωτὶ

210 3727 301 3796 τῆς
354 3725 726 3796 δημιουργίας
787 3727 852 3777 ὲκ
903 3724 1082 3794 φωτὸς
1144 3722 1432 3796 ἄρξασθαι,
1477 3719 1680 3792 ᾧλύει
1734 3723 1797 3778 τὸ

211 3819 416 3882 σκότος,
457 3816 559 3871 καὶ
599 3817 700 3888 τὴν
739 3815 1042 3886 ἐπέχουσαν
1064 3817 1201 3879 τέως
1235 3816 1503 3888 ἀκοσμίαν
1541 3817 1636 3871 καὶ
1663 3817 1792 3870 ἀτα-

213 3907 340 3973 ξίαν.
621 3901 633 3911 “

1894 513 2197 582 eodemque
2215 514 2312 568 die
2338 513 2594 577 solutum,
2625 527 2687 567 ac
2711 513 2870 567 tertio
2897 521 3018 582 post
3039 513 3124 567 die
3151 513 3470 580 excitatum,

1892 611 2054 672 atque
2101 603 2152 656 iu
2209 602 2402 657 saecula
2459 617 2724 668 manens,
2772 613 2830 656 ut
2866 603 2979 672 ipse
3023 603 3252 659 salutem
3283 620 3474 662 conse-

1893 707 2067 761 quar,
2095 704 2255 762 atque
2287 709 2314 746 a
2347 693 2512 748 veteri
2564 693 2713 763 lapsu
2757 710 3014 759 revocer,
3055 710 3118 750 ac
3150 711 3247 766 per
3283 697 3471 767 hujus-

1895 786 2038 840 ntodi
2091 785 2410 839 beneficium
2457 773 2829 850 instauratus,
2884 801 3020 840 nova
3081 798 3330 843 creatura
3361 787 3475 843 effi-

1894 877 2026 932 ciar.
2062 875 2200 944 Quin
2225 877 2438 931 divinus
2461 891 2674 946 quoque
2699 877 2863 932 David
2903 892 2998 932 cor
3039 881 3296 934 mundum
3331 878 3383 935 in
3413 897 3474 936 se

1893 969 2070 1023 creari
2097 1009 2111 1030 ,
2151 985 2213 1023 ac
2263 970 2511 1037 spiritum
2553 978 2759 1023 rectum
2794 970 2847 1022 iu
2897 970 3194 1026 visceribus
3224 971 3470 1027 innovari

1895 1061 2128 1130 postulat
2151 1061 2220 1129 '°,
2256 1077 2360 1114 non
2394 1063 2534 1129 quod
2563 1076 2667 1114 non
2709 1061 2907 1116 habeat
2958 1062 3104 1133 (quis
3133 1065 3274 1116 enim
3311 1065 3475 1118 habe-

1897 1167 1954 1206 re
1992 1152 2192 1221 possit,
2239 1153 2284 1206 si
2321 1161 2503 1206 tantus
2536 1152 2620 1206 vir
2657 1168 2720 1206 eo
2743 1153 3034 1224 careat?);
3071 1155 3163 1210 sed
3206 1156 3347 1224 quod
3378 1170 3474 1224 prn

1852 1299 1860 1308 ,
1896 1260 2034 1298 novo
2075 1245 2124 1298 id
2158 1246 2354 1307 ducat,
2402 1245 2548 1314 quod
2591 1260 2734 1300 nunc
2779 1245 3021 1314 quotidie
3050 1248 3333 1302 accrescit.
3369 1247 3474 1304 Sed

1895 1337 2024 1404 quid
2064 1336 2191 1390 mihi
2233 1335 2385 1405 plura
2413 1335 2664 1390 Encmnia
2701 1336 2958 1406 colligere
2979 1351 3200 1393 necesse
3219 1348 3322 1403 est,
3350 1354 3474 1393 cum

1896 1426 2184 1496 praesentia
2211 1425 2492 1481 declarare
2522 1437 2829 1496 promptum
2856 1427 2948 1492 sit,
2989 1442 3186 1497 caque,
3223 1444 3342 1498 quae
3375 1429 3476 1483 ho-

1894 1517 2084 1570 dierno
2110 1515 2216 1582 die,
2241 1516 2364 1570 vita:
2390 1527 2510 1584 post
2541 1527 2768 1571 mortem
2797 1516 3059 1584 adjuncti,
3093 1517 3431 1574 celebramus
3454 1518 3479 1572 τ

1895 1610 2170 1673 Ειιοωιιῑε,
2198 1611 2471 1674 Ειιοιεηὶιι,
2504 1612 2606 1667 hoc
2636 1612 2834 1667 festum
2871 1623 2975 1676 est,
3025 1612 3240 1667 fratres.
3275 1611 3477 1668 ldenti-

1897 1701 2018 1755 dem
2048 1703 2194 1756 enim
2231 1704 2332 1758 hoc
2364 1702 2589 1758 verbum
2636 1718 2747 1773 prae
2777 1703 3051 1772 voluptate
3085 1714 3380 1772 repetatur.
3414 1705 3480 1760 Et

1897 1811 2144 1866 quaenam
2171 1795 2302 1850 illa?
2331 1795 2436 1863 Qui
2473 1795 2663 1860 scitis,
2703 1796 2926 1861 docete;
2970 1796 3059 1866 qui
3095 1796 3340 1863 nescitis,
3375 1811 3475 1852 au-

1895 1887 2043 1942 ribus
2069 1887 2420 1941 innovemini.

1962 1977 2047 2033 ΙΙΙ.
2080 1978 2282 2033 Lumen
2307 1989 2422 2032 erat
2454 1977 2829 2034 inaccessibile
2853 2018 2868 2044 ,
2901 1993 2968 2033 ac
3007 1979 3336 2035 successioni
3375 1981 3476 2035 mi-

1895 2071 2040 2125 nime
2067 2071 2384 2136 obnoxium,
2417 2070 2582 2137 Deus,
2621 2085 2720 2126 nec
2760 2071 3088 2140 principium
3119 2071 3352 2138 habens,
3377 2088 3476 2127 nec

1895 2164 2054 2217 finem
2092 2164 2426 2225 habiturum,
2469 2177 2569 2218 nec
2600 2163 2652 2218 in
2683 2162 3076 2219 dimensionem
3104 2165 3326 2230 cadens,
3357 2179 3476 2235 per-

1893 2268 2057 2328 petuo
2088 2258 2298 2328 fulgore
2329 2259 2586 2325 rutilans,
2627 2259 2771 2313 trino
2801 2259 3090 2329 splendore
3130 2260 3360 2327 micans,
3395 2270 3477 2315 at-

1893 2364 2000 2420 que
2042 2349 2346 2420 ejusmodi,
2413 2359 2473 2405 ut
2523 2350 2709 2420 paucis
2734 2391 2751 2416 ,
2792 2351 2901 2406 imo
2933 2367 2998 2405 ne
3032 2353 3215 2420 paucis
3237 2354 3476 2424 quidem,
3571 2395 3584 2410 κ

1895 2442 2174 2512 perspicua
2231 2439 2303 2496 sit
2351 2441 2525 2510 ipsius
2584 2440 2921 2512 magnitudo.
2988 2441 3238 2496 Secunda
3296 2453 3475 2498 autem

1893 2534 2136 2597 lumina,
2193 2532 2462 2602 primique
2517 2531 2762 2587 Luminis
2803 2533 2974 2598 radii,
3037 2533 3265 2589 virtutes
3305 2535 3476 2605 ipsum

1895 2627 2337 2688 circumstantes,
2363 2636 2526 2694 atque
2547 2623 2852 2679 administri
2880 2625 3124 2693 spiritus.
3145 2626 3211 2681 At
3233 2636 3476 2682 nostrum

1895 2717 2074 2772 lumen
2098 2757 2113 2781 ,
2145 2731 2249 2770 non
2299 2716 2460 2770 modo
2490 2716 2669 2771 serius
2710 2728 2886 2770 ortum
2929 2716 3147 2782 habuit,
3187 2718 3280 2772 sed
3312 2721 3476 2774 etiam

1895 2819 2050 2864 nocte
2079 2809 2365 2872 scinditur,
2396 2817 2717 2876 noctemque
2746 2807 2980 2862 vicissim
3018 2809 3190 2878 aequis
3235 2811 3480 2880 partibus

1895 2908 2065 2964 secat,
2090 2897 2259 2952 oculis
2287 2898 2660 2953 concreditum
2688 2937 2702 2958 ,
2745 2913 2806 2952 ac
2842 2913 2936 2966 per
2962 2913 3139 2952 aerem
3170 2900 3371 2968 fusum,
3393 2910 3480 2955 at-

1895 3006 2002 3062 que
2044 2991 2119 3058 id,
2169 2991 2311 3060 quod
2349 2992 2480 3055 dat,
2521 2991 2812 3059 accipiens.
2849 2987 2986 3043 Nam
3025 2992 3197 3047 oculis
3251 2992 3478 3047 liberam

1897 3083 2153 3138 cernendi
2205 3081 2518 3137 facultatem
2571 3081 2808 3152 prmbet,
2851 3092 2906 3137 et
2951 3085 3180 3152 primum
3207 3083 3276 3137 ab
3308 3083 3478 3140 oculis

1893 3176 2154 3241 cernitur,
2183 3177 2452 3245 rebusque
2486 3175 2570 3236 iis.
2602 3191 2720 3245 quae
2751 3178 2850 3231 sub
2896 3187 3171 3246 aspectum
3201 3177 3366 3249 837
3386 3192 3480 3232 ca-

1894 3266 2048 3330 dunt,
2080 3265 2492 3330 circumfusum,
2534 3266 2785 3320 fiduciam
2813 3267 2984 3323 afl'ert.
3019 3267 3152 3322 Nam
3188 3283 3310 3323 cum
3339 3269 3480 3324 Deus

1895 3355 2038 3410 hunc
2061 3370 2124 3410 ex
2159 3356 2463 3410 visibilibus
2494 3367 2547 3410 et
2573 3357 2938 3414 invisibilibus
2960 3361 3120 3415 rebus
3138 3367 3477 3414 constantem

1895 3449 2188 3512 mundum,
2219 3448 2361 3503 hunc
2387 3487 2402 3514 ,
2439 3449 2659 3518 inquam
2685 3491 2699 3515 ,
2736 3465 2992 3520 magnum
3029 3461 3083 3506 et
3105 3451 3476 3506 admirabilem

1897 3540 2195 3608 majestatis
2242 3555 2352 3595 suae
2401 3555 2705 3611 praeconem
2733 3583 2748 3609 ,
2795 3542 3001 3612 fingere
3047 3557 3110 3598 ac
3156 3553 3478 3597 construere

1893 3630 2178 3694 voluisset,
2208 3629 2429 3685 mternis
2455 3631 2674 3697 quidem
2704 3631 2908 3686 nullum
2936 3631 3078 3686 aliud
3109 3631 3288 3686 lumen
3315 3647 3480 3702 quam

1894 3723 2130 3793 seipsum
2173 3722 2423 3792 praebuit.
2463 3721 2602 3790 Quid
2641 3723 2784 3776 enim
2829 3722 3070 3779 secundo
3107 3722 3314 3778 lumine
3345 3737 3482 3794 Opus

1894 3815 1961 3870 iis
1989 3825 2108 3870 erat
2138 3855 2153 3880 ,
2191 3815 2282 3885 qui
2321 3816 2616 3870 maximum
2657 3814 2972 3871 habebant?
3009 3816 3357 3871 lnferioribus
3380 3831 3481 3871 au-

1898 3917 2001 3962 tem
2035 3917 2197 3977 atque
2228 3907 2479 3962 immanis
2513 3908 2742 3976 primam
2775 3909 2934 3978 hujus
2964 3908 3185 3964 luminis
3213 3909 3321 3962 vim
3355 3923 3481 3978 pro-

213 4006 346 4059 tulit.
376 3999 754 4062 Convéniebat
788 4007 985 4076 quippe
1023 4021 1220 4076 magno
1245 4004 1481 4072 Lumini,
1510 4007 1784 4076 opificium
1825 4023 1980 4063 suum
2006 4021 2035 4060 a
2073 4005 2273 4059 lumine
2335 4005 2648 4075 auspicari,
2680 4018 2790 4076 quo
2843 4003 3129 4068 tenebras,
3167 4013 3483 4074 vastamque

213 4099 350 4153 illam
385 4113 570 4153 rerum
604 4100 912 4168 congeriem
939 4107 994 4152 et
1028 4097 1401 4153 confusionem
1428 4099 1608 4152 omnia
1634 4109 1985 4170 occupantem
2009 4140 2024 4163 ,
2063 4097 2224 4151 solvit
2253 4111 2317 4152 ac
2343 4096 2576 4167 depellit.

279 4200 350 4247 Δ¹.
390 4193 498 4248 Καὶ
527 4193 684 4248 τοῦτο
715 4194 814 4248 οὐκ
839 4193 1128 4267 ὀργανικὸν
1168 4195 1263 4247 ἀπ’
1289 4194 1463 4266 ἀρχῆς
1486 4194 1793 4261 ἀναδείξας,

1973 4191 2060 4246 lV.
2087 4190 2201 4248 Nec
2225 4207 2356 4248 vero
2383 4192 2436 4246 id
2476 4191 2796 4262 organieum
2826 4207 2855 4245 a
2881 4190 3178 4261 principio,
3218 4206 3337 4255 nec,
3366 4205 3484 4248 mea

214 4285 324 4340 οὐδὲ
378 4286 631 4356 ἡλιακὸν,
661 4286 736 4350 ὡς
764 4288 792 4340 6
827 4286 957 4357 ἐμὸς
995 4286 1172 4352 λόγος,
1209 4284 1322 4338 ἀλλ’
1357 4283 1670 4356 ἀσώματον,
1706 4287 1799 4339 καὶ

215 4379 429 4448 ἀνήλιον
465 4377 598 4447 (89.)-
624 4377 814 4432 ἔπειτα
835 4378 892 4431 δὲ
915 4379 1008 4430 καὶ
1038 4377 1171 4448 ἡλίῳ
1204 4376 1376 4440 δοθὲν,
1403 4375 1800 4445 καταφωτίζειν

217 4469 392 4523 πᾶσαν
427 4468 530 4538 τὴν
557 4467 904 4538 οἰκουμένην.
953 4466 1166 4537 Ἐπειδὴ
1201 4465 1310 4538 γὰρ
1341 4467 1454 4528 τοῖς
1493 4464 1671 4528 ἄλλοις
1702 4467 1801 4534 τὴν

217 4560 344 4632 ὓλην
397 4561 846 4634 προῦποστήσας,
908 4559 1242 4630 εἰδοποίησεν
1293 4557 1540 4629 ὕστερον,
1587 4559 1803 4628 ἑκάστῳ

215 4653 384 4720 τάξιν,
424 4653 521 4707 καὶ
556 4653 760 4723 σχῆμα,
787 4652 880 4705 καὶ
918 4651 1146 4724 μέγεθος
1169 4649 1433 4722 περιθεὶς,
1474 4649 1562 4702 ἵνα
1593 4649 1806 4721 Θαυμα-

217 4747 496 4820 τουργήσῃ
530 4763 584 4799 τι
613 4745 816 4816 μεῖζον,
850 4743 1082 4798 ἐνταῦθα
1108 4744 1171 4798 τὸ
1198 4739 1338 4807 εἶδος
1374 4744 1472 4812 τῆς
1507 4739 1640 4814 ὕλης
1674 4759 1806 4814 προ-

283 4867 330 4899 ⁸⁸
372 4866 513 4921 Psai.
557 4881 610 4930 1.,
653 4865 741 4920 12.

288 4979 404 5052 (7ο)
447 4979 502 5032 '0
523 4976 1140 5052 960mtepdr._Allut_lit
1189 4976 1254 5029 ad
1293 4977 1408 5052 haec
1442 4979 1600 5052 verba
1641 4979 1797 5035 Joan.

221 5047 389 5112 11,19
420 5069 432 5104 :
475 5069 492 5101 t
519 5049 724 5103 Solvite
757 5047 1013 5118 templum
1067 5049 1187 5111 hoc,
1219 5059 1272 5101 et
1310 5049 1361 5101 in
1397 5050 1568 5105 tribus
1617 5053 1806 5105 diebus

219 5121 469 5176 excitabo
495 5119 641 5174 illud.
665 5137 684 5170 ι

289 5191 404 5260 (71)
442 5187 799 5257 Ἀνακληθῶ.
827 5187 880 5242 In
900 5188 1240 5258 quibusdam,
1265 5188 1653 5255 ἀνακαινισοῶ,
1679 5210 1698 5244 ι
1725 5192 1809 5246 in-

1895 4286 2115 4358 quidem
2147 4286 2416 4341 sententia
2439 4324 2454 4350 ,
2495 4285 2674 4340 solare
2707 4284 2968 4355 protulit,
2999 4299 3183 4338 verum
3229 4285 3485 4352 incorpo-

1900 4397 2087 4444 reum,
2124 4395 2223 4434 nec
2245 4395 2274 4433 a
2309 4379 2424 4433 sole
2451 4379 2812 4447 productum;
2845 4377 2937 4430 sed
2987 4385 3174 4445 postea
3205 4377 3271 4429 ad
3299 4375 3482 4430 orbem

1897 4481 2166 4525 terrarum
2203 4466 2580 4522 illustrandum
2624 4466 2722 4520 soli
2759 4467 3016 4519 traditum
3057 4475 3159 4520 est.
3190 4462 3324 4518 Nam
3360 4479 3486 4520 eum

1900 4564 1952 4618 iu
1984 4562 2108 4617 aliis
2136 4563 2298 4617 rebus
2334 4561 2474 4616 hanc
2510 4560 2776 4614 rationem
2804 4559 3091 4624 tenuisset,
3123 4566 3179 4612 ut
3205 4558 3487 4613 materiam

1902 4657 2052 4726 prius
2097 4647 2490 4718 conderet,'ac
2530 4653 2726 4707 deinde
2757 4665 2877 4707 eam
2922 4650 3094 4705 forma
3135 4651 3488 4716 convestiret,

1902 4749 2094 4803 ordine
2139 4746 2428 4813 videlicet,
2478 4745 2652 4816 ﬁgura
2699 4759 2763 4800 ac
2799 4743 3171 4815 magnitudine
3201 4743 3493 4814 unicuique

1975 4977 2088 5042 (75)
2139 4974 2269 5042 Φῶς
2321 4974 2424 5044 ἦν.
2473 4973 2712 5042 Nicetes,
2755 4989 2918 5044 quem
2985 4971 3231 5042 sequitur
3281 4970 3492 5041 Billius,

1906 5049 2022 5118 φῶς
2051 5048 2128 5111 ἓν,
2165 5065 2184 5098 ι
2209 5048 2384 5099 lumen
2409 5063 2594 5118 unum.
2629 5067 2646 5099 ι

1979 5118 2090 5186 (76)
2133 5119 2466 5187 ’Ῑσομοιρίᾳ.
2495 5117 2628 5187 Reg.
2665 5119 2755 5184 ph,
2778 5117 2836 5168 ὲν
2861 5113 3155 5187 ἰσομοιρίᾳτ

2119 5184 2357 5244 Χυθὲιίν.⁷
2394 5184 2639 5255 Quatuor
2669 5189 2862 5258 ltegg.,
2927 5184 3328 5252 Pass.,‘Savil.,
3358 5191 3490 5255 ele.,

1525 5332 1810 5388 duodecim
2120 5328 2304 5412 typri:
2345 5327 2440 5412 0r.
2473 5330 2525 5394 l,
2554 5326 2662 5412 διά.
2721 5408 2731 5412 _
3024 5398 3037 5412 .

1979 5399 2514 5473 (79)_Happna'far.
2585 5400 2797 5456 Nicetes
2847 5399 3098 5468 exponit,
3163 5399 3496 5472 φανέρωσιν,

1915 5491 1934 5526 ι
1958 5471 2470 5527 manifestatiouem.
2493 5491 2512 5523 ι

1982 5542 2094 5610 (80)
2118 5541 2338 5596 Αὐτοῦ.
2369 5545 2481 5596 Duo
2517 5541 2694 5602 συιδ..
2721 5539 2936 5607 Comb.,
2961 5552 3092 5598 etc..
3124 5537 3342 5610 ἑαυτοῦ.

1988 5609 2100 5690 (81)
2125 5613 2340 5690 ’ᾼλλα
2370 5611 2506 5669 Tres
2533 5612 2726 5684 Regg.,
2754 5623 2988 5682 quatuor
3009 5612 3162 5667 Cnlb.
3195 5622 3249 5664 et
3282 5609 3494 5676 Comh.,

2128 5755 2235 5809 Kal
2263 5753 2536 5822 ἀνήλιον.
2573 5729 2698 5808 Bill.
2729 5773 2747 5806 ι
2785 5763 2835 5808 el
2867 5753 2997 5808 solis
3022 5765 3233 5822 expers.
3267 5769 3286 5802 ι

225 5275 410 5314 nover.
441 5280 458 5310 ι

295 5331 410 5396 (72)
448 5331 585 5386 ‘Aet’.
642 5331 800 5386 Deest
867 5329 919 5383 in
970 5330 1207 5400 quinque
1260 5329 1470 5400 Regg.,

225 5403 401 5462 Coll»,
429 5401 606 5460 Pass”
637 5413 741 5456 etc.

296 5472 411 5543 (75)
468 5470 968 5541 Πανηιιοψίζὶτμεν.
1026 5469 1118 5543 Sic
1165 5469 1333 5543 llegg.
1379 5475 1488 5534 lim,
1544 5473 1634 5543 ph,
1699 5488 1804 5529 etc.

225 5541 328 5669 alii
350 5585 364 5603 ,
394 5541 861 5615 πανηγυρίζωμεν
881 5583 896 5608 ,
930 5541 1090 5596 male.
1121 5567 1189 5580 -—
1217 5541 1406 5597 cum).
1455 5541 1804 5615 ἑορτάζομεν.

273 5630 386 5668 οιτ.

273 5630 386 5668 Dl‘l'.

291 5683 412 5754 (74)
451 5683 522 5738 Ἦ
555 5685 910 5758 πανήγυρις,
945 5684 1096 5758 Unus
1127 5681 1361 5756 Colb.,i;
1397 5683 1645 5758 παροῦσα
1673 5701 1811 5740 παν-

229 5754 447 5828 ήγυρις,
480 5773 500 5809 ι
523 5754 762 5828 praesens
793 5755 1076 5811 festivitas.
1111 5773 1130 5806 ι
