4100 6276
572 238 672 296 6H
1779 243 1836 296 S.
1879 241 2160 298 GREGOR
2176 244 2218 299 il
2257 243 2601 300 THEOLOGI
3710 251 3816 307 Si?

569 360 646 419 rei
697 355 992 426 impositis,
1025 355 1145 421 hic,
1200 363 1260 410 ut
1300 354 1520 424 majoris
1557 357 1834 426 cujusdam
1894 360 2136 413 miraculi

2244 363 2585 430 ῦπεστήσατο
2616 355 2774 429 (εἶδος
2807 359 2914 431 γὰρ
2942 359 3090 431 ἡλίου
3122 359 3183 413 τὸ
3207 360 3343 431 φῶς)
3369 378 3381 391 ·
3427 365 3562 431 μετὰ
3602 361 3658 415 δε
3689 365 3812 418 τοῦο

569 450 840 520 specimen
871 448 1092 512 ederet,
1131 447 1359 502 formam
1388 451 1611 503 materia
1656 450 1889 518 priorem
1920 453 2144 518 protulit

569 542 762 614 (forma
789 540 930 595 enim
962 539 1090 594 solis
1111 579 1126 604 ,
1157 539 1334 595 lumen
1361 542 1503 609 est);
1554 555 1617 594 ac
1648 550 1829 609 postea
1863 543 2141 596 materiam

573 631 806 692 induxit,
841 629 1007 683 solem
1057 630 1202 683 hunc
1255 630 1534 693 nimirum,
1568 631 1672 684 diei
1697 631 1943 696 oculum,
1977 632 2143 686 fabri-

566 733 740 777 catus.
772 720 845 774 lta
878 732 1160 790 procreato
1184 722 1386 776 lumine‘
1413 764 1427 788 ,
1460 723 1691 792 primum
1720 724 1971 792 quiddam
2005 725 2146 779 inter

568 814 684 868 dies
742 823 1077 881 numeratur,
1126 824 1180 868 ct
1225 817 1555 879 secundum,
1605 824 1658 868 et
1689 817 1901 869 tertium
1925 857 1939 880 ,
1977 832 2038 870 ac
2067 819 2145 871 sic

567 907 826 976 deinceps
864 922 1034 972 usque
1074 908 1138 960 ad
1176 909 1462 976 septimum
1512 923 1846 978 epernmque
1885 912 2144 964 cessatio-

569 998 653 1051 nis
675 997 840 1064 diem,
870 1000 1064 1068 quibus
1090 1015 1176 1063 ea,
1212 1013 1332 1067 qua:
1356 1009 1534 1054 creata
1559 1008 1704 1064 sunt,
1741 1000 2055 1056 dividuntur
2083 1017 2145 1058 ac

567 1089 994 1159 distinguuntur,
1034 1089 1250 1144 arcanis
1294 1091 1594 1144 rationibus
1647 1091 1892 1146 ordinata
1932 1100 1985 1146 et
2019 1093 2145 1146 cen-

567 1181 782 1244 stituta,
829 1196 927 1235 nec
961 1180 1247 1235 confertim
1283 1181 1334 1235 in
1380 1198 1557 1236 rerum
1595 1193 1840 1235 naturam
1869 1182 1935 1236 ab
1969 1184 2146 1237 enmi-

567 1273 771 1338 potenti
808 1273 898 1324 illo
923 1270 1100 1326 Verbo
1129 1273 1388 1341 producta
1412 1312 1426 1337 ,
1462 1272 1616 1340 cujus
1647 1273 1768 1326 sola'
1797 1273 1958 1327 etiam
2002 1275 2144 1343 cogi-

569 1361 721 1424 tatio,
748 1360 831 1415 vel
859 1362 1006 1414 soius
1030 1376 1229 1426 sermo,
1280 1361 1579 1416 confectum
1616 1377 1749 1431 opus
1775 1372 2141 1432 repraesentat.

567 1451 720 1518 Quod
757 1452 802 1506 si
847 1452 1008 1506 homo
1066 1463 1367 1521 postremus
1409 1463 1624 1508 creatus
1663 1464 1747 1509 est
1772 1494 1786 1518 ,
1833 1456 1992 1524 idque
2024 1471 2143 1511 cum

570 1541 663 1617 Dei
696 1559 856 1597 manu
890 1554 1050 1610 atque
1083 1544 1314 1614 imagine
1336 1551 1560 1598 ornatus
1583 1545 1680 1605 sit,
1727 1547 1924 1600 nemini
1950 1547 2142 1600 mirum

566 1633 740 1688 videri
773 1635 954 1688 debet.
995 1633 1425 1688 Construendum
1461 1637 1604 1690 enim
1655 1637 1844 1705 prius,
1887 1647 2141 1706 tanquam

2246 469 2308 504 το
2343 452 2438 522 τὴν
2471 452 2600 520 ὓλην
2634 451 2848 518 ἐπάγει,
2890 452 2979 504 τὸν
3025 452 3298 523 ὀφθαλμὸν
3337 453 3436 522 τῆς
3477 453 3688 524 ἡμέρας
3728 455 3800 526 δη

2250 543 2584 612 μιουργήσας
2630 541 2814 594 τοῦτον
2863 542 2952 594 τὸν
2989 543 3156 612 ἥλιον.
3199 543 3353 596 Οὕτω
3401 561 3452 595 τι
3505 544 3717 613 πρῶτον
3756 547 3822 599 ἐν

2245 633 2477 704 ἡμέραις
2503 633 2832 705 ἀριθμεῖται,
2857 634 2950 686 καὶ
2977 633 3244 705 δεύτερον,
3282 635 3372 687 καὶ
3399 635 3594 706 τρίτον,
3633 637 3727 689 καὶ
3745 635 3821 690 τὸ

2247 722 2394 791 ἑξῆς,
2431 724 2557 795 ἄχρι
2594 725 2689 793 τῆς
2725 723 2956 793 ἑϐδόμης
2996 724 3088 776 καὶ
3130 724 3543 794 καταπαυσίμου
3585 726 3692 780 τῶν
3727 725 3822 796 ἐρ-

2245 831 2356 881 γων
2389 815 2626 885 ἡμέρας,
2655 809 2742 878 αἷς
2798 815 3218 884 καταμερίζεται
3274 813 3340 867 τά
3385 816 3640 884 γινόμενα
3678 818 3819 882 (85),

2245 903 2420 972 λόγοις
2452 905 2709 975 ἀρρήτοις
2740 905 3066 973 τασσόμενα,
3095 907 3188 958 καὶ
3218 906 3316 958 οὐκ
3349 905 3555 975 ἁθρόως
3577 907 3824 960 ἀναδιδό-

2250 1013 2385 1064 μενα
2421 995 2499 1065 τῷ
2531 995 2705 1048 πάντα
2733 995 2938 1065 δυνατῷ
2974 995 3150 1065 Λόγῳ,
3191 994 3284 1046 καὶ
3384 995 3445 1046 τὸ
3481 995 3590 1065 (84)
3626 996 3823 1065 νοῆσαι

2249 1089 2426 1157 μόνον,
2458 1088 2490 1157 ἢ
2523 1089 2714 1148 εἰπεῖν,
2746 1087 2905 1158 ἔργον
2932 1087 3044 1139 ἐστὶ
3069 1085 3489 1156 παριστάμενον.
3539 1088 3601 1138 Εἰ
3630 1088 3685 1140 δὲ
3723 1104 3822 1140 τε·

2247 1177 2488 1242 λευταῖος
2541 1181 2569 1231 ὁ
2617 1179 2898 1247 ἅνθρωπος
2957 1178 3256 1250 ἀνεδείχθη,
3313 1179 3406 1230 mi.
3458 1179 3629 1232 ταῦτα
3671 1180 3826 1251 χειρὶ

2251 1268 2384 1321 Θεοῦ
2415 1271 2506 1324 καὶ
2533 1269 2696 1322 εἰκόνι
2727 1270 3103 1339 τετιμημένος,
3132 1270 3439 1340 θαυμαστὸν
3463 1270 3633 1324 οὐδέν.
3663 1272 3824 1325 Ἔδει

2244 1361 2372 1430 γὰρ,
2411 1362 2596 1432 ὥσπερ
2633 1361 2857 1431 βασιλεῖ,
2887 1362 3294 1432 προῦποστῆναι
3326 1362 3393 1415 τά
3425 1362 3686 1431 βασίλεια,
3723 1364 3825 1416 καὶ

2243 1453 2415 1517 οὕτως
2445 1454 2761 1523 εἰσαχθῆναι
2787 1454 2878 1506 τὸν
2911 1454 3131 1523 βασιλέα
3159 1458 3325 1528 πᾶσιν
3357 1455 3456 1525 ἤδη
3487 1455 3824 1528 δορυφορού-

2248 1561 2424 1614 μενον.
2461 1545 2522 1595 Εἰ
2561 1543 2659 1613 μὲν
2699 1539 2790 1596 οὖν
2823 1545 3116 1614 ἐμείναμεν
3167 1527 3465 1618 (85),’ὃπερ
3512 1527 3698 1617 ἦμεν,
3723 1551 3824 1602 καὶ

2245 1632 2342 1703 τὴν
2394 1632 2611 1702 ἐντολὴν
2655 1633 3017 1703 ὲιρυλάξαμεν,
3066 1634 3358 1704 ἐγενόμεθα
3409 1637 3473 1690 ἂν
3527 1638 3662 1707 ὅπερ
3714 1639 3825 1693 οὐκ

569 1726 678 1794 regi
708 1766 722 1790 ,
759 1727 1016 1794 palatium
1058 1735 1205 1793 erat,
1244 1735 1404 1795 atque
1454 1727 1526 1780 ita
1570 1743 1662 1780 rex
1701 1729 2136 1794 introdueendus,

2245 1702 2405 1794 ἦμεν,
2432 1723 2506 1794 τῷ
2543 1723 2684 1794 ξύλῳ
2721 1725 2820 1794 τῆς
2854 1702 2996 1794 ζωῆς
3025 1702 3427 1795 προσελθόντες,
3459 1728 3598 1797 μετὰ
3628 1702 3688 1781 τὸ
3719 1728 3823 1794 ξύ-

567 1817 713 1870 omni
751 1817 860 1886 jam
891 1832 988 1871 suo
1020 1817 1274 1873 satellitio
1301 1818 1549 1886 stipatus.
1575 1818 1727 1884 Quod
1768 1819 1833 1882 si,
1860 1819 2001 1886 quod
2028 1833 2136 1872 era-

2244 1813 2332 1867 λον
2381 1815 2480 1884 τῆς
2528 1812 2797 1881 γνώσεως.
2851 1814 2958 1865 Καὶ
3003 1815 3054 1866 τί
3095 1816 3406 1884 γεγονότες;
3457 1819 3826 1874 Ἀπαθανατι-

568 1923 688 1962 mus
713 1947 728 1974 ,
775 1910 1265 1977 permansissemns
1292 1951 1306 1976 ,
1349 1926 1409 1963 ac
1457 1920 1725 1979 praecepto
1757 1909 2142 1978 paruisscmus,

565 1995 741 2050 cﬂ‘ecti
772 1999 957 2068 utique
987 1998 1298 2065 fuissemus,
1327 2001 1468 2068 quod
1493 2015 1596 2052 non
1625 2013 1865 2064 eramus,
1891 2009 2053 2065 atque
2077 2000 2142 2052 ad

565 2087 769 2156 lignum
821 2090 939 2142 vitae
982 2099 1104 2158 post
1152 2091 1391 2144 scientia:
1441 2090 1641 2157 lignum
1701 2091 2140 2144 accessissemus.

565 2177 702 2244 Quid
750 2189 929 2234 autem
977 2179 1200 2233 eﬂ'ecti?
1241 2179 1614 2243 lmmortales,
1661 2194 1722 2233 ac
1780 2179 1885 2232 Deo
1920 2181 2136 2248 propius

564 2267 820 2336 adjuncti.
857 2269 1122 2334 Quoniam
1163 2276 1342 2321 autem
1404 2269 1603 2322 diaboli
1660 2268 1858 2322 invidia
1908 2284 2051 2324 mors
2095 2270 2146 2323 in

565 2361 820 2414 mundum
865 2360 1087 2413 intravit
1130 2360 1196 2424 ⁹¹,
1243 2360 1625 2428 hominemque
1669 2375 1764 2429 per
1807 2359 2046 2414 fraudem
2081 2361 2144 2414 il-

562 2451 696 2504 lexit
733 2465 797 2504 ac
830 2450 1208 2515 circumvenit,
1245 2449 1453 2503 idcirco
1490 2451 1634 2504 Deus
1669 2452 1921 2518 passione
1956 2461 2140 2504 nostra

562 2540 792 2609 patitur,
832 2541 1085 2594 nimirum
1128 2541 1288 2594 homo
1328 2540 1538 2604 factus,
1589 2557 1760 2610 eoque
1806 2543 2140 2610 paupertatis

563 2643 683 2684 sese
729 2631 941 2698 dejicit,
998 2643 1054 2685 ut
1100 2647 1228 2685 caro
1263 2633 1663 2701 compingatur,
1699 2648 1802 2702 quo
1845 2649 1942 2686 nos
1973 2632 2140 2702 838

2246 1905 2481 1968 σθέντες,
2535 1905 2628 1958 καὶ
2665 1903 2784 1974 Θεῷ
2833 1905 3244 1974 πλησιάσαντες.
3290 1909 3440 1960 Ἐπεὶ
3481 1909 3534 1961 δὲ
3572 1910 3650 1980 τῷ
3685 1910 3826 1980 φθό-

2243 2012 2317 2064 νῳ
2345 1995 2455 2063 (86)
2481 1995 2574 2047 τοῦ
2625 1994 2859 2065 πονηροῦ
2895 1995 3121 2060 θάνατος
3173 1999 3250 2061 είς
3276 1999 3366 2051 τὸν
3403 2000 3604 2070 κόσμον
3631 2002 3826 2074 εἰσῆλ-

2243 2085 2324 2152 θε,
2356 2088 2448 2139 καὶ
2474 2086 2657 2156 ὑφεῖλε
2685 2086 2772 2139 διὰ
2794 2087 2892 2155 τῆς
2916 2087 3128 2158 ἀπάτης
3150 2088 3243 2141 τὸν
3266 2089 3566 2160 ἄνθρωπον,
3590 2093 3677 2147 διὰ
3699 2094 3828 2147 τοῦ-

2241 2194 2302 2229 το
2334 2176 2410 2246 τῷ
2447 2178 2702 2248 ἡμετέρῳ
2751 2178 2911 2232 πάθει
2948 2180 3144 2249 πάσχει
3182 2180 3334 2243 Θεὸς,
3389 2183 3677 2253 γενόμενος
3718 2185 3825 2239 ἄν-

2245 2268 2480 2335 θρωπος,
2531 2265 2624 2317 καὶ
2681 2268 2947 2336 πτωχεύει
2990 2267 3067 2336 τῷ
3104 2253 3240 2338 σάρξ
3291 2270 3402 2340 (87)
3450 2275 3710 2342 παγῆναι,
3753 2276 3824 2327 ἶν’

2243 2359 2404 2427 ἡμεῖς
2437 2359 2501 2427 τῇ
2543 2357 2750 2410 ἐκείνου
2787 2359 3030 2429 πτωχείᾳ
3074 2360 3479 2433 πλουτήσωμεν.
3535 2365 3828 2420 Ἐντεῦθεν

2242 2447 2488 2511 θάνατος,
2516 2447 2608 2499 καὶ
2635 2447 2800 2518 ταφὴ,
2831 2451 2923 2503 καὶ
2945 2450 3259 2512 ἀνάστασις.
3279 2452 3557 2505 Ἐντεῦθεν
3583 2455 3614 2523 ἡ
3641 2457 3824 2525 καινὴ

2239 2538 2433 2600 κτίσις,
2482 2540 2576 2591 καὶ
2621 2538 2909 2610 μεθέορτος
2944 2541 3124 2612 ἑορτὴ,
3169 2544 3262 2594 καὶ
3314 2543 3473 2596 πάλιν
3507 2543 3615 2614 ἐγὼ
3643 2563 3826 2617 πανη-

2237 2629 2520 2700 γυριστὴς,
2569 2629 2888 2697 ὲγκαινίζων
2937 2632 3035 2702 τὴν
3075 2633 3309 2703 ἐμαυτοῦ
3353 2634 3464 2706 (88)
3517 2638 3822 2709 σωτηρίαν.

561 2721 678 2789 ejus
731 2720 1042 2788 paupertate
1071 2718 1320 2772 ditentur.
1357 2718 1493 2773 Hine
1528 2734 1705 2784 mors,
1739 2729 1787 2774 et
1831 2721 2129 2789 sepultura,
2171 2729 2225 2773 et
2253 2719 2598 2771 resurrectio.
2635 2718 2768 2773 Hinc
2805 2735 2940 2774 nova
2982 2735 3248 2792 creatura,
3317 2734 3372 2779 et
3439 2726 3630 2781 festum
3675 2728 3820 2784 festo

559 2815 877 2880 succedens,
903 2828 966 2868 ac
1001 2829 1190 2867 rursus
1218 2827 1316 2883 ego
1346 2812 1543 2868 festum
1575 2816 1714 2869 diem
1743 2816 1907 2885 agito,
1936 2816 2132 2870 salutis
2171 2828 2304 2868 meae
2336 2813 2586 2865 Encmnia
2615 2813 2919 2869 celebrans.

629 2903 696 2960 ν,
725 2903 861 2968 Quid
906 2903 1090 2972 igitur,
1133 2905 1330 2959 dixerit
1373 2905 1679 2976 quispiam‘l
1728 2906 1912 2960 Nonne
1953 2921 2126 2976 prima

2301 2905 2375 2957 Β.
2413 2903 2476 2955 Τί
2503 2899 2617 2967 οὖν,
2649 2905 2848 2974 φησίνς
2886 2906 2996 2977 Οὐχ
3036 2907 3069 2976 ἡ
3103 2906 3290 2979 πρώτη
3323 2911 3572 2981 Κυριακὴ
3596 2910 3656 2964 τό
3693 2911 3821 2984 Ἐγ-

561 2994 839 3048 Dominica
875 2992 1186 3049 Encaznium
1215 3006 1328 3050 erat
1351 3034 1366 3060 ,
1402 3011 1492 3062 ea,
1521 2999 1736 3065 inquam
1758 3037 1773 3063 ,
1806 3013 1924 3066 qua:
1949 3011 2131 3051 sacro-

560 3095 802 3140 sanctam
846 3085 989 3138 illam
1043 3096 1290 3150 noctem,
1359 3095 1413 3139 et
1470 3087 1730 3141 luminum
1773 3087 2129 3158 gestationem

562 3175 816 3245 excepit?
846 3174 982 3242 Quid
1038 3175 1204 3246 igitur
1246 3175 1518 3230 hodiernae
1565 3175 1860 3231 Dominica:
1892 3178 1994 3230 boc
2036 3175 2132 3228 tri-

569 3264 710 3327 buis,
746 3279 779 3319 ο
807 3264 1062 3318 festorum
1101 3279 1310 3328 amans,
1341 3275 1396 3320 et
1429 3265 1690 3333 permulta
1719 3267 1974 3320 festorum
2002 3280 2133 3334 gau-

560 3351 646 3406 dia
675 3353 1134 3408 comminiscens?
1175 3352 1514 3423 Respondeo.
1561 3353 1653 3407 llla
1699 3354 1970 3408 salutifera
1995 3362 2131 3419 erat,

559 3443 675 3499 hac
717 3443 906 3498 salutis
950 3442 1135 3497 Natale
1177 3461 1192 3498 :
1235 3443 1322 3498 illa
1363 3455 1483 3499 erat
1519 3445 1806 3513 sepulturae
1857 3455 1910 3500 et
1952 3461 2134 3500 resur-

559 3535 817 3592 rectionis
845 3535 1136 3589 conﬁnium
1161 3574 1176 3597 ,
1229 3535 1342 3589 haec
1377 3536 1624 3589 secundae
1656 3537 1872 3590 omnino
1902 3537 2134 3589 creatio-

561 3628 644 3682 nis
676 3635 754 3680 est
776 3641 791 3691 ;
817 3635 906 3686 ut,
941 3626 1389 3694 quemadmodum
1425 3626 1599 3696 prima
1631 3627 1834 3680 creatio
1869 3626 2076 3679 initium
2104 3640 2132 3676 a

564 3717 836 3772 Dominica
871 3717 956 3770 die
985 3717 1185 3784 accepit
1219 3715 1288 3786 (id
1321 3718 1461 3785 quod
1509 3733 1574 3770 ex
1621 3731 1686 3771 eo
1748 3717 2024 3786 perspicuae
2074 3717 2139 3769 li-

560 3815 706 3877 quet,
741 3808 881 3874 quod
915 3807 1174 3876 septimus
1209 3809 1276 3861 ab
1311 3823 1372 3862 ea
1414 3808 1527 3863 dies
1562 3808 1854 3863 Sabbatum
1887 3808 2135 3872 eilicitur,

560 3899 702 3969 quod
741 3898 807 3952 ab
833 3901 1084 3966 operibus
1133 3899 1369 3967 requiem
1400 3897 1614 3970 affert);
1651 3902 1728 3954 sic
1756 3902 1918 3957 etiam
1955 3915 2140 3954 rursus

563 3991 794 4045 secunda
825 3991 894 4044 ab
923 3989 1110 4044 eadem
1160 3990 1435 4044 Dominica
1468 3992 1705 4061 incipiat,
1734 4002 1791 4046 ut
1819 4008 1936 4062 qna'
1968 3993 2135 4062 prima

561 4081 632 4135 sit
691 4095 876 4134 earum
931 4095 1050 4148 quae
1087 4079 1256 4149 ipsam
1299 4091 1612 4150 sequuntur,
1647 4092 1808 4151 atque
1847 4094 2032 4136 octava
2071 4085 2138 4136 ab

562 4169 627 4222 iis
653 4168 839 4222 diebus
877 4171 964 4237 qui
994 4177 1118 4223 ante
1144 4167 1412 4223 ﬂttxerunt
1444 4209 1460 4233 ,
1502 4171 1713 4224 sublimi
1763 4173 1944 4240 utique
1969 4172 2137 4225 subli-

2235 2994 2444 3048 καίνιον
2476 2991 2563 3065 ἦν,
2613 2997 2645 3064 ἡ
2689 2996 2828 3064 μετὰ
2866 2997 2964 3066 τὴν
2997 2999 3144 3070 ἱεράν
3171 2998 3340 3052 νύκτα
3372 3002 3464 3054 καὶ
3490 3002 3818 3074 δᾳδουχίαν;

2246 3085 2405 3138 Ἀλλά
2458 3088 2523 3155 τῇ
2580 3089 2820 3158 σήμερον
2862 3089 3018 3141 τοῦτο
3060 3090 3234 3153 δίδως,
3299 3085 3344 3144 ὦ
3391 3091 3498 3163 (89)
3565 3094 3818 3166 φιλέορτε

2235 3178 2330 3240 σὺ,
2377 3176 2468 3229 καὶ
2518 3176 2714 3240 πολλὰς
2762 3180 2990 3232 ἐπινοῶν
3037 3182 3430 3252 φαιδρότητας;
3499 3186 3706 3258 Ἐκείνη
3753 3188 3818 3242 τὸ

2237 3267 2502 3336 σωτήριον
2542 3261 2630 3337 ἦν,
2671 3265 2809 3336 αὕτη
2856 3269 2912 3321 δὲ
2945 3269 3054 3339 (90)
3093 3271 3154 3323 τὸ
3197 3273 3297 3342 τῆς
3353 3276 3622 3346 σωτηρίας
3661 3279 3818 3345 γενέ-

2237 3355 2381 3409 θλιον
2407 3373 2418 3386 ·
2454 3357 2676 3426 κάκείνη
2701 3357 2809 3427 (91)
2849 3358 2944 3428 μέν
2979 3360 3095 3412 ἐστι
3124 3361 3370 3432 μεθόριον
3397 3363 3492 3433 τῆς
3523 3366 3700 3435 ταφῆς
3716 3369 3819 3420 καὶ

2235 3447 2335 3517 τῆς
2367 3449 2734 3516 ἀναστάσεως,
2779 3449 2920 3520 αὕτη
2952 3451 3006 3504 δὲ
3037 3453 3292 3523 καθαρῶς
3312 3455 3409 3524 τῆς
3434 3455 3692 3528 δευτέρας
3720 3475 3823 3526 γε-

2237 3538 2435 3600 νέσεως
2462 3539 2573 3609 (9'2)
2595 3554 2606 3566 °
2641 3539 2726 3601 ἵν’,
2761 3540 2947 3612 ὥσπερ
2995 3544 3026 3613 ή
3067 3543 3255 3616 πρώτη
3297 3547 3473 3608 κτίσις
3509 3548 3610 3618 τὴν
3637 3550 3820 3620 ἀρχὴν

2238 3630 2344 3682 ἀπὸ
2377 3632 2658 3700 Κυριακῆς
2693 3632 2952 3702 λαμϐάνει
2991 3623 3293 3706 (δῆλονδέ-
3335 3639 3442 3691 ἀπὺ
3470 3641 3577 3712 γὰρ
3607 3641 3822 3713 ταύτης

2239 3719 2440 3790 ἐϋδόμη
2479 3721 2540 3772 τὸ
2587 3722 2861 3776 Σάϐϐατον
2902 3725 3128 3792 γίνεται,
3171 3730 3511 3794 κατάπαυσις
3542 3729 3674 3786 οὖσα
3702 3733 3820 3788 τῶν

2240 3811 2461 3882 ἔργων),
2495 3812 2636 3866 οὕτω
2665 3815 2758 3868 καὶ
2799 3817 2830 3886 ή
2865 3816 3090 3889 δευτέρα
3119 3821 3276 3874 πάλιν
3309 3821 3372 3876 ἐκ
3401 3822 3498 3892 τῆς
3524 3824 3688 3894 αὐτῆς
3713 3824 3820 3896 ἆρ-

2240 3919 2421 3972 χηται,
2454 3904 2642 3975 πρώτη
2670 3903 2803 3960 οὖσα
2827 3908 2933 3960 τῶν
2968 3911 3085 3979 μετ’
3111 3911 3298 3982 αὐτὴν,
3341 3914 3434 3966 κα).
3483 3914 3673 3982 ὀγδοὰς
3703 3917 3819 3970 ἀπὺ

2242 3991 2352 4043 τῶν
2391 3993 2495 4063 πρὸ
2523 3994 2711 4064 αὐτῆς,
2765 3997 2970 4069 ὑψηλῆς
3011 4000 3330 4072 ὑψηλοτέρα,
3372 4003 3466 4056 καὶ
3505 4003 3816 4074 θαυμασίας

2242 4079 2681 4153 θαυμασιωτέρα.
2713 4085 2856 4155 Πρὸς
2885 4087 2992 4158 γάρ
3019 4090 3114 4159 τὴν
3135 4090 3245 4143 ἄνω
3272 4091 3427 4162 φέρει
3455 4094 3812 4148 κατάστασιν·

2243 4175 2307 4244 ἢν
2340 4176 2432 4227 καὶ
2462 4178 2488 4228 ὁ
2514 4176 2652 4240 θεῖος
2676 4179 2922 4249 Σολομὼν
2947 4183 3277 4236 αἰνίττεσθαί
3306 4203 3393 4253 μοι
3413 4186 3580 4248 δοκεῖ,
3611 4187 3813 4240 διδόναι

561 4257 720 4322 mior,
747 4267 802 4313 et
838 4257 1139 4313 admirabili
1165 4257 1548 4313 admirabilior.
1581 4259 1661 4313 Ad
1688 4275 1932 4330 supernae
1957 4262 2124 4331 siqni-

2239 4264 2427 4335 μερίδα
2457 4268 2566 4329 τοῖς
2599 4268 2739 4321 ἑπτὰ
2787 4269 2921 4340 (95),
2967 4271 3042 4342 τῷ
3087 4272 3186 4344 βίῳ
3235 4273 3429 4344 τούτῳ,
3469 4275 3810 4346 νομοθετῶν·

631 4436 675 4468 ἰ
709 4435 834 4506 Sap.
869 4450 945 4501 ιι,
983 4435 1074 4491 24.

561 4591 742 4712 νό(85)
784 4592 1097 4660 Γινόμενα.
1137 4591 1303 4662 Regg.
1330 4605 1382 4656 c,
1417 4589 1472 4657 d,
1501 4591 1592 4660 pb,
1637 4590 1823 4654 Savil.,
1863 4599 1991 4658 etc.,
2040 4607 2121 4660 γε·

627 4678 776 4712 μενά.

667 4678 776 4712 ενα.

626 4678 885 4796 ῗὲἔῗᾞαί
911 4721 959 4794 ᾧ
985 4729 1084 4797 τόζ
1094 4727 1146 4781 In
1179 4730 1464 4795 nonnullis,
1497 4723 1542 4797 ᾧ
1571 4730 1666 4784 καὶ
1696 4730 1770 4783 τό.

631 4793 744 4868 (85)
773 4801 842 4852 Et
873 4793 989 4866 μὲν
1014 4793 1127 4852 οὖν
1152 4793 1486 4868 ἐμείναμεν,
1513 4793 1626 4854 ἐιο.
1662 4800 1811 4854 Hunc
1848 4801 2020 4855 locum
2050 4801 2130 4857 sic

559 4869 779 4934 exponit
821 4869 1037 4920 Nicetas
1081 4885 1094 4920 :
1127 4869 1356 4932 «Homo,
1407 4884 1504 4922 nec
1543 4879 1663 4921 actu
1731 4872 1992 4934 mortalis,
2031 4887 2128 4925 nec

562 4938 878 4990 immortalis
911 4945 1128 4990 creatus
1153 4946 1265 5000 est;
1324 4952 1508 4991 verum
1561 4937 1765 4990 medius
1799 4940 1934 4993 inter
1960 4941 2124 4993 Deum

559 5015 616 5059 et
643 5008 922 5058 materiam
976 5008 1166 5072 factus,
1208 5007 1260 5058 in
1290 5021 1352 5060 ea
1380 5022 1546 5061 causa
1599 5017 1735 5069 erat,
1765 5018 1840 5070 ut,
1871 5011 1913 5064 si
1946 5011 2126 5064 divino

560 5086 831 5144 praecepto
862 5077 1149 5144 paruisset,
1191 5076 1296 5129 Deo
1335 5078 1598 5137 uniretur,
1629 5087 1787 5144 atque
1820 5080 1870 5130 in
1905 5080 2125 5130 immor-

560 5145 817 5216 talitatem
852 5155 1204 5216 assereretur.
1236 5145 1332 5199 Sin
1374 5157 1552 5199 autem
1584 5146 1750 5216 legem
1797 5147 2118 5216 inl‘regisset,

557 5215 1000 5286 mortiobnoxius
1027 5214 1346 5286 eﬂiceretur,
1379 5229 1442 5286 ac
1487 5231 1582 5283 pro
1619 5214 1960 5282 impaSsibili;
2001 5232 2122 5286 pas-

557 5283 744 5345 sibilis,
781 5298 876 5348 pro
910 5285 1218 5347 immortali,
1251 5285 1492 5338 mortalis
1522 5286 1689 5338 ﬁeret.
1715 5305 1731 5336 ι
2002 5283 2042 5323 ’-

629 5352 739 5473 ηὸϐ)
784 5352 938 5406 Ἐπεὶ
966 5351 1034 5404 δὲ
1080 5353 1160 5418 τῷ
1209 5357 1424 5422 φθόνῳ.
1481 5351 1582 5438 Sic.
1626 5364 1732 5406 tres
1762 5354 1949 5423 Regg.,
2014 5363 2121 5410 tres

629 5443 634 5470 ι
662 5426 736 5473 ιι..
770 5421 945 5473 Pass..
976 5432 1080 5473 etc.
1115 5423 1169 5473 In
1197 5425 1305 5473 e.l..
1353 5424 1503 5473 Ἐπεὶ
1525 5439 1632 5473 γαο
1658 5423 1854 5473 caedum.

559 5420 736 5493 Calig,
770 5421 945 5493 Pa_ss.,
975 5432 1080 5493 etc.
1115 5423 1169 5476 In
1197 5420 1305 5488 ea,
1353 5424 1503 5493 Ἐπεὶ
1525 5423 1632 5493 γάρ
1658 5420 1854 5493 φθόνῳξ

633 5489 744 5560 (87)
787 5489 871 5557 Τῷ
906 5491 1081 5560 σάρξ.
1117 5494 1208 5546 Sic
1241 5493 1444 5562 legerat
1473 5489 1702 5546 Sa’viiiu's
1755 5489 1819 5562 ex'
1853 5492 2125 5561 conjectu-

564 5574 656 5626 ra;
679 5575 838 5633 quam
872 5564 976 5633 duo
1000 5564 1232 5633 codices,
1259 5561 1390 5618 alter
1421 5561 1578 5633 Reg.,
1609 5564 1746 5619 alter
1775 5561 1909 5630 Jcs.,
1937 5564 2127 5619 contir-

566 5641 731 5684 mant.
763 5630 816 5684 In
846 5632 954 5697 ed.,
979 5631 1039 5684 τὸ
1064 5631 1218 5703 σάρξ.

2296 4591 2407 4662 (88)
2444 4591 2562 4658 Τὴν
2591 4591 2872 4661 ἐμαυτοῦ.
2930 4591 3019 4647 Sic
3077 4594 3316 4664 plerique
3369 4595 3535 4668 Regg.
3587 4598 3643 4654 in
3689 4602 3812 4670 ed.,

2224 4662 2461 4713 ἐμαυτοῦ
2488 4664 2606 4713 τήν.

2299 4679 2461 4714 αυτου
2488 4679 2606 4714 την.

2257 4679 2461 4731 pata-ma
2488 4679 2606 4733 την.

2298 4729 2539 4816 (89)“τΩ-..
2591 4733 2682 4785 Sic
2730 4733 2886 4816 codd.
2938 4731 3004 4816 _ln
3046 4734 3160 4816 edi,
3208 4728 3302 4788 ὧν.
3346 4735 3813 4816 Μοξειφαιδροτηίο

2223 4819 2341 4867 τας,
2372 4821 2389 4851 ι
2419 4802 2642 4856 festivas
2670 4803 3033 4858 celebritates.
3058 4823 3077 4856 ι
3120 4803 3234 4858 Νοιι
3272 4816 3415 4860 recte
3439 4802 3559 4862 Btll.
3625 4802 3661 4862 ι’
3695 4802 3812 4868 ειυῖο

2225 4873 2296 4925 mi
2338 4871 2658 4925 hilaritates.
2690 4891 2708 4924 ι

2321 4943 2409 5008 90)
2437 4941 2528 4993 Δέ.
2563 4941 2716 4994 Deest
2754 4941 2804 4994 in
2850 4941 3092 5010 pluribus
3126 4943 3283 4999 codd.

2317 5014 2405 5074 91)
2436 5010 2716 5078 Κάκείνη.
2751 5010 2842 5067 0r.
2881 5013 2932 5075 1,
2967 5013 3145 5075 κάκεῖ,
3189 5032 3205 5064 ι
3232 5025 3284 5067 et
3305 5013 3431 5070 illic.
3455 5034 3473 5066 ι

2296 5081 2406 5149 (ωε)
2447 5080 2769 5146 Peraeam.
2808 5083 2985 5154 Pass.,
3026 5084 3354 5154 γεννήσεως.
3401 5084 3552 5140 Nova
3599 5090 3806 5144 creatio

2223 5165 2324 5202 una
2356 5162 2459 5226 est,
2506 5166 2599 5216 per
2634 5154 2863 5226 gratiam
2895 5153 3102 5206 scilicet
3127 5153 3450 5222 etgluriam,
3485 5155 3800 5226 imperfecta

2221 5231 2273 5271 et
2307 5221 2568 5288 perlecta,
2605 5223 2670 5272 ad
2707 5236 2865 5287 quam
2895 5231 3104 5288 spectat
3133 5221 3348 5288 octava,
3388 5221 3620 5279 l'uturn'm
3651 5230 3800 5280 scili-

2221 5302 2522 5355 cetmvum,
2551 5290 2692 5358 quod
2724 5299 2842 5357 post
2889 5290 3029 5346 istud
3085 5307 3327 5361 pnescns
3387 5310 3484 5350 nos
3531 5305 3614 5350 est
3642 5311 3808 5351 exceo

2261 5370 2459 5412 llll‘lllll.

2224 5375 2566 5496 pl‘iégini‘ofc
2609 5427 2778 5480 ἑπτά.
2844 5429 3196 5502 Εεοὶοᾳῃε
3235 5448 3249 5485 :
3289 5431 3400 5485 «Da
3454 5443 3658 5502 partem
3714 5449 3806 5489 se-

2221 5509 2388 5571 ptent,
2421 5512 2634 5571 necnon
2666 5508 2718 5550 et
2753 5509 2894 5560 octo,
2944 5500 3068 5571 quia
3135 5501 3350 5570 ignoras
3379 5500 3505 5571 quid
3558 5505 3798 5560 l‘utn‘ruzn

2224 5568 2292 5620 sit
2331 5567 2450 5619 mali
2482 5581 2666 5641 super_
2685 5576 2905 5622 terram.
2935 5586 2952 5618 ι
3000 5567 3240 5641 ίδειιιέιιι
3301 5590 3321 5623 ι
3354 5567 3668 5641 praesentem
3713 5575 3796 5628 τί·

2226 5645 2354 5698 tam,
2386 5654 2403 5684 ι
2438 5648 2559 5689 oct'o
2601 5655 2616 5688 r
2647 5637 2876 5690 futuram
2911 5659 2929 5689 ι
2968 5640 3255 5708 signiﬁcat.
3283 5659 3300 5692 ι

4075 2219 4088 2272 l

4085 2443 4087 2514 i

4085 2515 4087 2602 i
