4100 6276
275 286 378 341 613

1195 276 1452 334 ORATIO
1489 275 1674 331 XLIV.
1713 305 1780 317 —-
1818 274 1882 329 IN
1921 275 2162 332 NOVAM
2205 275 2612 332 DOMIMCAM.

3434 281 3540 338 ϐω

275 407 364 461 καί
397 423 462 475 γε
495 407 608 469 τοῖς
643 403 806 469 ὀκτὼ,
835 401 912 472 τῷ
945 401 1221 470 μέλλοντι·
1262 403 1326 454 ἐκ
1364 402 1462 470 τῆς
1496 399 1743 452 ἐντεῦθεν
1772 399 1860 451 εὐ-

1967 399 2082 451 dem
2106 399 2226 452 vita:
2249 409 2446 452 statum
2476 405 2718 467 spectat;
2759 412 2916 466 quem
2957 397 3120 452 etiam
3163 395 3290 452 mihi
3329 397 3544 456 divinus

274 497 518 568 πραγίας
545 498 636 549 καὶ
663 497 760 566 τῆς
792 495 999 548 ἐκεῖθεν
1033 493 1548 554 ἀποκαταστάσεως.
1581 491 1742 548 ,Ἀλλὰ
1770 491 1862 543 καὶ

273 592 302 642 6
336 588 513 658 μέγας
561 588 722 640 Δαϐὶδ
769 589 834 657 τῇ
870 587 1008 656 αὐτῇ
1048 584 1338 656 προσᾴδειν
1373 583 1518 635 ἔοικε
1572 584 1698 645 τοὺς
1729 583 1860 650 περὶ

276 678 385 746 τῆς
416 679 634 748 ὀγδόης
658 678 767 744 (96)
797 678 1063 748 ψαλμοὺς,
1091 679 1279 749 ὥσπερ
1310 677 1402 730 καὶ
1425 679 1490 746 τῇ
1511 675 1618 727 τῶν
1651 673 1866 741 Ἐγκαι-

276 771 406 823 νίων
447 770 633 840 ἡμέρᾳ
674 768 847 841 ταύτῃ
881 769 1095 838 ψαλμὸν
1138 770 1343 838 ἕτερον,
1385 768 1554 822 οἴκου
1594 766 1726 818 τινὰ
1754 765 1864 834 (9'3)

275 859 670 931 ἐγκαινισμὸν
695 861 976 930 ὀνομάζων
1000 876 1014 889 ·
1047 863 1194 924 ὅστις
1225 860 1391 929 ἐσμὲν
1437 861 1620 927 ⁴ἡμεῖς,
1653 859 1701 909 οἱ
1730 857 1865 910 Θεοῦ

277 952 405 1015 ναὸς
451 951 564 1022 (96)
595 947 733 1004 εἶναι
777 967 835 1002 τε
887 951 982 1004 καὶ
1021 950 1238 1005 ἀκούειν
1273 949 1564 1020 ἠξιωμένοι
1596 950 1691 1001 καὶ
1720 948 1866 1017 γίνε-

278 1043 426 1100 σθαι.

1964 490 2051 544 ille
2078 489 2330 544 Salomon
2368 491 2678 560 designasse
2718 491 2950 555 videtur,
2998 504 3117 543 cum
3151 488 3543 558 praescriberet,

1963 591 2022 635 ut
2051 592 2254 650 partem
2287 593 2489 650 septem
2532 583 2812 647 daremus,
2867 581 2918 636 id
2959 592 3075 646 est,
3117 582 3244 636 huic
3277 582 3431 646 vitae;
3464 592 3548 636 at-

1964 687 2067 740 que
2120 673 2284 726 etiam
2332 682 2454 727 octo
2475 673 2547 736 ",
2593 673 2694 727 hoc
2725 682 2839 738 est,
2883 673 3061 726 futuro
3097 688 3232 728 aevo.
3287 673 3339 726 Id
3383 688 3545 742 porro

1968 765 2076 827 ﬁet,
2125 765 2167 817 si
2211 772 2266 817 et
2299 763 2384 818 hic
2427 764 2666 818 honestis
2703 763 3008 818 actionibus
3039 763 3463 829 incubuerimus,
3489 773 3545 817 et

1967 855 2214 910 iualtcro
2249 855 2444 910 smculo
2491 855 2638 908 velut
2689 855 2742 908 in
2788 855 3052 923 integrum
3093 856 3324 910 restituti
3381 853 3544 908 fueri-

1964 963 2102 1001 mus.
2133 948 2271 1013 Qnin
2309 962 2532 1016 magtms
2562 948 2722 1002 etiam
2751 949 2837 1002 ille
2869 948 3032 1002 David
3056 948 3230 1002 eidem
3255 950 3357 1003 diei
3396 947 3546 1016 psal-

1963 1054 2079 1094 mos
2113 1041 2176 1093 de
2205 1048 2384 1093 octava
2409 1039 2454 1072 ³³
2499 1041 2747 1095 accinere
2807 1041 3037 1105 videtur,
3099 1042 3542 1110 quemadmodum

271 1151 331 1194 et
361 1139 488 1194 huic
519 1139 893 1194 Enezeniorum
946 1138 1044 1192 diei
1082 1137 1342 1208 psalmum
1384 1137 1546 1192 alium
1575 1136 1623 1168 “
1667 1144 1974 1204 nuncupat,
2044 1133 2435 1187 Innovntionem
2497 1135 2773 1190 auamdam
2834 1136 3016 1187 donius
3075 1134 3390 1189 nominans:
3429 1150 3544 1203 quae

271 1233 494 1300 quidem
528 1231 716 1284 domus
751 1231 846 1299 ipsi
875 1246 1082 1294 sumus,
1102 1231 1191 1298 qui
1217 1231 1305 1285 Dei
1331 1229 1610 1299 templum,
1636 1239 1853 1292 etesse,
1891 1235 1943 1282 et
1967 1227 2070 1280 dici
2098 1267 2113 1290 ,
2160 1236 2321 1294 atque
2343 1226 2475 1280 adeo
2505 1227 2639 1293 fieri,
2670 1229 2812 1296 digni
2849 1227 3014 1280 habiti
3046 1242 3250 1282 sumus.

348 1318 438 1388 (Γ.
485 1322 678 1390 Ἔχετε
705 1320 813 1373 τῶν
857 1321 1176 1387 Ἐγκαινίων
1204 1320 1293 1372 τὸν
1323 1319 1499 1387 λόγον.
1522 1319 1658 1370 Ἀλλ’
1684 1320 1870 1386 ἐγκαι-

272 1410 510 1474 νίζεσθε,
546 1412 639 1464 καὶ
667 1411 756 1463 τὸν
784 1409 1014 1463 παλαιὸν
1043 1409 1326 1480 ἄνθρωπον
1355 1409 1777 1481 ἀπορρίψαντες,
1812 1409 1868 1460 ἐν

273 1503 558 1572 καινότητι
581 1501 726 1570 ζωῆς
758 1501 1124 1564 πολιτεύεσθε,
1151 1504 1285 1554 πᾶσι
1319 1500 1531 1571 χαλινὸν
1563 1497 1866 1565 ἐπιθέντες,

390 1586 418 1610 τ

2039 1314 2125 1368 VI.
2163 1315 2530 1370 Enca'niorum
2567 1327 2828 1370 rationem
2873 1317 3102 1371 habetis.
3139 1317 3207 1371 At
3253 1332 3348 1372 vos
3391 1318 3546 1370 inno-

1968 1408 2164 1462 vemini
2188 1446 2201 1470 ,
2235 1421 2296 1458 ac
2317 1447 2330 1471 ,
2361 1407 2604 1476 deposito
2640 1409 2802 1462 veteri
2835 1410 3080 1474 homine,
3113 1411 3164 1462 in
3198 1409 3435 1462 novitate
3460 1410 3544 1462 vi-

1967 1509 2032 1553 ta)
2062 1502 2106 1531 "
2131 1501 2363 1553 rationes
2393 1509 2600 1553 vestras
2641 1501 2900 1554 instituite
2925 1541 2939 1563 ,
2977 1502 3226 1556 omnibus
3267 1502 3445 1564 rebus,
3478 1518 3543 1555 ex

271 1593 336 1660 se
383 1591 457 1646 ὧν
491 1595 520 1646 6
551 1592 800 1655 θάνατος,
833 1592 1012 1644 πάντα
1035 1591 1103 1645 τὰ
1143 1591 1280 1662 μέλη
1320 1591 1861 1659 παιδαγωγήσαντες,

1967 1591 2158 1659 quibus
2198 1607 2343 1646 mors
2402 1591 2664 1658 oritur",
2703 1592 2909 1646 frenum
2967 1592 3304 1661 injicientes,
3362 1593 3542 1647 omnia

269 1685 459 1738 πᾶσαν
486 1684 586 1754 τὴν
621 1683 862 1753 πονηρὰν
888 1682 981 1736 τοῦ
1016 1683 1173 1748 ξύλου
1211 1683 1414 1754 βρῶσιν
1448 1683 1796 1754 μισήσαντες,
1830 1682 1862 1752 ἢ

269 1776 576 1846 ἐμέσαντες
604 1775 739 1844 (97),
772 1775 866 1828 κα).
889 1774 980 1828 διὰ
1006 1774 1164 1828 τοῦτο
1201 1774 1360 1844 μόνον
1391 1775 1728 1845 μεμνημένοι
1760 1775 1866 1826 τῶν

267 1866 546 1931 παλαιῶν,
599 1866 684 1918 ἵνα
733 1865 1017 1935 φύγωμεν.
1061 1866 1272 1936 Ὦραῖος
1298 1861 1366 1936 ἧν
1399 1867 1480 1928 εἰς
1522 1867 1734 1936 ὅρασιν,
1773 1865 1866 1918 καὶ

266 1958 440 2021 καλὸς
468 1959 550 2022 εἰς
585 1956 808 2028 βρῶσιν,
845 1959 874 2010 ὁ
896 1956 997 2026 ἐμὲ
1027 1955 1344 2019 θανατώσας
1370 1956 1585 2026 καρπός
1609 1973 1623 1987 °
1657 1956 1868 2026 φεύγω-

269 2066 378 2121 μεν
399 2049 498 2112 τὰς
518 2047 793 2121 εύχροεας,
824 2049 903 2110 εις
931 2048 1080 2118 ἡμᾶς
1113 2048 1312 2112 αὐτοὺς
1345 2047 1650 2118 βλέπωμεν.
1685 2048 1768 2119 Μή
1807 2065 1866 2101 σε

264 2141 555 2212 νικησὰτω
584 2141 812 2204 κάλλους
838 2141 1118 2212 ἐπιθυμία,
1152 2142 1286 2212 μηδὲ
1328 2142 1710 2214 συναρπασθῇς
1756 2145 1867 2206 σοῖς

267 2233 571 2303 βλεφάροις
610 2233 742 2303 (98),
775 2233 823 2286 ει
849 2232 1093 2296 δυνατὸν,
1127 2234 1290 2304 μέχρι
1329 2234 1421 2287 καὶ
1453 2234 1863 2306 παροράματοςν

261 2324 376 2394 τὴν
401 2319 548 2376 Εὔαν
583 2322 930 2394 ἐνθυμηθεὶς,
958 2323 1018 2375 τὸ
1041 2324 1214 2392 γλυκὺ
1239 2323 1451 2395 δέλεαρ,
1476 2324 1535 2376 τὸ
1560 2323 1773 2395 τιμώμε
1784 2341 1867 2378 νον

266 2413 592 2484 φάρμακον.
619 2413 743 2476 Πῶς
773 2413 880 2484 γὰρ
909 2413 1073 2466 σώσει
1115 2413 1310 2485 ῥᾳδίως
1332 2416 1363 2485 ὴ
1388 2413 1660 2495 ἀλλοτρία,
1686 2415 1742 2468 δν
1772 2417 1869 2468 ἀπ-

264 2501 482 2556 ὧλεσεν
516 2505 548 2573 ὴ
592 2503 728 2566 ιδία;
753 2502 843 2574 Μὴ
883 2503 1240 2572 γλυκανθήτω
1284 2519 1363 2554 σοι
1391 2502 1500 2572 (99)
1533 2502 1768 2573 φάρυγξ,
1807 2496 1868 2557 οῦ

264 2593 644 2664 κατασύρεται
675 2594 783 2646 πᾶν
825 2593 886 2646 τὸ
925 2593 1202 2662 διδόμενον
1226 2609 1240 2623 ·
1272 2592 1366 2644 καὶ
1409 2595 1540 2663 πρὶν
1570 2592 1867 2662 ληφθῆναι,

263 2685 585 2755 τιμώμενον
611 2727 626 2749 ,
669 2684 807 2753 μετὰ
835 2683 894 2736 τὸ
919 2683 1103 2737 λαὸεῖν
1135 2681 1480 2752 ἀτιμάζεται.
1515 2683 1576 2735 'H
1603 2683 1869 2753 ὄσφρησις

265 2773 505 2845 ὲθήλυνέ
533 2790 626 2838 σε;
656 2773 827 2841 Φεῦγε
852 2773 952 2835 τὰς
989 2771 1237 2834 εὐωδίας.
1261 2773 1338 2842 Τῇ
1361 2772 1470 2842 ἁφῇ
1501 2769 1872 2842 κατεμαλακί-

267 2865 452 2934 σθηςς
497 2864 787 2929 Ἀπόταξαι
813 2867 931 2926 ταῖς
953 2862 1209 2932 λειότησι,
1251 2863 1344 2914 κοιλ⁵
1369 2866 1488 2925 ταῖς
1513 2863 1865 2933 ἁπαλότησιν.

1966 1682 2204 1736 membra
2237 1694 2582 1746 coercentes,
2631 1698 2854 1753 pravam
2899 1700 3113 1738 onmem
3159 1685 3290 1754 ligni
3320 1685 3544 1740 mandu-

1965 1772 2232 1825 cationem
2268 1774 2596 1828 detestantes
2619 1814 2634 1839 ,
2682 1783 2776 1828 aut
2817 1776 2980 1830 etiam
3011 1787 3319 1830 evomentes
3340 1815 3354 1840 ,
3383 1788 3546 1846 atque

1965 1862 2032 1913 ob
2062 1861 2114 1914 id
2159 1863 2330 1916 solum
2365 1874 2541 1918 vetera
2576 1867 2831 1918 memoria
2873 1875 3152 1933 tenentes,
3185 1877 3239 1920 ut
3267 1881 3328 1921 ea
3375 1867 3545 1936 fugia-

1967 1952 2062 2004 tis.
2105 1951 2333 2020 Pulcher
2383 1964 2500 2007 erat
2553 1955 2617 2006 ad
2666 1967 2974 2025 aspectum,
3005 1967 3058 2010 et
3088 1959 3257 2011 bonus
3285 1958 3348 2011 ad
3394 1973 3544 2012 esum

1967 2043 2172 2097 fructus
2205 2053 2312 2111 nte,
2341 2061 2430 2113 qui
2455 2051 2622 2116 839
2646 2048 2772 2101 mihi
2803 2060 3029 2102 mortem
3070 2049 3288 2116 intulit;
3323 2051 3547 2120 proinde

1965 2133 2204 2187 colorum
2255 2136 2479 2190 nitorem
2540 2135 2831 2206 fugiamus,
2889 2139 2955 2192 ad
3010 2155 3107 2193 nos
3169 2141 3314 2210 ipsos
3359 2143 3546 2197 oculos

1965 2235 2361 2279 convcrtamns.
2414 2227 2595 2294 Cave,
2643 2244 2710 2284 ne
2759 2239 2808 2283 te
2847 2230 3082 2299 pulchrae
3128 2240 3291 2301 atque
3335 2234 3547 2290 eximiae

1969 2315 2155 2369 forma:
2193 2316 2462 2385 cupiditas
2497 2328 2734 2386 superet,
2775 2335 2951 2388 neque
2983 2321 3088 2375 tuis
3118 2321 3406 2391 abripiaris
3431 2325 3543 2391 pal-

1968 2407 2168 2475 pebris,
2202 2422 2268 2461 ne
2296 2409 2545 2476 quidem,
2572 2412 2614 2465 si
2651 2411 2764 2465 ﬁeri
2797 2421 3012 2481 potest,
3053 2414 3117 2467 ad
3148 2423 3358 2468 tenuem
3393 2414 3543 2468 furti-

1968 2511 2200 2566 vumque
2261 2501 2604 2568 eontuitmn;
2661 2505 2802 2571 quod
2849 2504 3064 2571 quidem
3118 2507 3456 2575 assequeris,
3501 2509 3546 2564 si

1967 2586 2134 2640 Evam
2175 2589 2268 2644 tibi
2301 2593 2483 2644 animo
2517 2593 2900 2660 proposueris,
2948 2594 3155 2649 dulcem
3189 2596 3333 2649 illam
3371 2597 3553 2654 illece-

1970 2677 2143 2742 bram,
2177 2680 2400 2734 charum
2431 2697 2716 2736 venenum.
2744 2684 2985 2750 Quonam
3009 2686 3150 2738 enim
3179 2687 3338 2739 modo
3368 2687 3544 2742 ahena

1971 2765 2126 2823 facile
2157 2769 2282 2823 huic
2315 2771 2472 2824 saluti
2515 2773 2652 2836 erit,
2697 2788 2856 2842 quem
2893 2789 2985 2828 sua
3018 2775 3286 2844 perdidit?
3317 2776 3394 2830 Ne
3429 2778 3547 2831 dul-

1971 2861 2164 2915 cedine
2205 2862 2597 2930 perfundantur
2632 2865 2813 2920 fauces
2860 2876 2997 2931 tum,
3039 2867 3091 2920 iu
3147 2883 3282 2936 quas
3318 2869 3549 2924 volvitur

277 2951 358 3004 'H
385 2951 524 3021 ἀκοὴ
547 2951 885 3021 παρέπεισε;
914 2950 1016 3014 es;
1042 2950 1211 3021 θύραν
1228 2951 1302 3019 (Ι)
1327 2953 1435 3014 τοῖς
1465 2952 1758 3022 ἀπατηλοῖς
1785 2953 1865 3006 λό-

1973 2954 2230 3024 quidquid
2258 2956 2550 3026 porrigitur
2575 2973 2588 3009 :
2618 2965 2672 3012 ct
2693 2957 2834 3026 quod
2862 3000 2876 3024 ,
2905 2968 3193 3028 antequam
3227 2961 3545 3030 accipiatur,

265 3061 398 3113 τοις
414 3043 508 3096 καὶ
537 3042 865 3114 περιέργοις.
891 3044 1106 3111 Ἀνοιγε
1132 3041 1222 3094 σὺν
1253 3041 1426 3112 στόμα
1445 3041 1588 3112 λόγῳ
1615 3044 1771 3110 Θεοῦ,
1800 3047 1864 3098 ἵν’

263 3132 516 3203 suam;
540 3131 788 3202 Πνεῦμα,
815 3131 888 3202 μὴ
921 3131 1136 3201 σπάσῃς
1170 3130 1418 3185 θάνατον.
1440 3132 1607 3185 Ὅταν
1629 3134 1680 3185 τί
1707 3152 1766 3186 σε
1793 3135 1869 3188 δε-

263 3224 448 3294 λεάξῃ
475 3223 582 3278 τῶν
613 3223 1016 3294 ἀπειρημένων,
1039 3221 1309 3293 μνήσθητι
1330 3223 1478 3286 ὅστις
1505 3224 1592 3294 ἧς,
1627 3225 1720 3277 καὶ
1746 3225 1867 3278 ὅθεν

265 3316 588 3380 ἀπόλωλας.
620 3316 746 3370 Ἐὰν
765 3316 957 3386 μικρόν
969 3333 1020 3368 τι
1041 3314 1134 3368 τοῦ
1162 3315 1320 3382 λόγου
1339 3319 1736 3386 παρεκτραπῇς
1766 3319 1864 3385 (Ξ),

265 3406 419 3480 πρὸς
457 3405 648 3459 ἑαυτὸν
693 3406 987 3473 ὲπανάγου,
1024 3405 1152 3476 πρὶν
1197 3404 1475 3468 παντελῶς
1514 3406 1620 3472 ἔξω
1660 3411 1862 3470 πεσεῖν,

267 3498 376 3552 καὶ
405 3496 794 3568 κατενεχθῆναι
829 3498 964 3566 πρὸς
999 3497 1076 3565 (5)
1113 3495 1360 3559 θάνατον,
1384 3497 1478 3549 καὶ
1497 3497 1655 3565 γενοῦ
1681 3500 1866 3562 καινὸς

268 3589 404 3644 ἀντὶ
427 3587 681 3651 παλαιοῦ,
716 3588 809 3642 καὶ
833 3587 1010 3658 ψυχῆς
1043 3586 1269 3658 ἑόρταξε
1311 3587 1376 3640 τὰ
1419 3589 1720 3656 Ἐγκαίνια.

1967 3045 2018 3098 in
2061 3047 2232 3115 pretio
2259 3057 2376 3112 est,
2410 3047 2549 3102 idem
2580 3059 2861 3117 acceptum
2904 3051 3109 3104 vilescit
3145 3061 3198 3104 et
3247 3057 3546 3110 contemni-

1968 3144 2073 3189 tur.
2124 3136 2394 3191 Odoratus
2447 3147 2497 3193 te
2545 3138 2920 3196 effeminavit?
2975 3142 3210 3197 Odorum
3253 3146 3551 3202 suavitates

1965 3226 2104 3295 iuge.
2138 3211 2304 3280 Taetu
2354 3229 2622 3282 emollitus
2657 3231 2758 3284 es?
2789 3229 3027 3306 [πενίαιιί
3059 3234 3202 3286 omni
3253 3249 3318 3288 ac
3370 3236 3543 3288 molli-

1967 3318 2055 3372 tiei
2083 3319 2326 3372 uuntittm
2354 3319 2585 3373 remitte.
2605 3320 2832 3373 Auditus
2862 3323 2912 3374 in
2939 3321 3180 3376 fraudem
3211 3333 3262 3376 te
3292 3325 3498 3378 induxit
3525 3325 3550 3379 Ῥ

1963 3410 2373 3474 Fraudulentis,
2407 3422 2461 3466 et
2495 3413 2720 3466 CUI'IOSIS
2742 3452 2758 3476 ,
2803 3430 2866 3468 ac
2897 3419 3311 3486 supervacaneis
3343 3433 3548 3472 sermo-

1965 3501 2120 3554 nibus
2149 3501 2346 3555 ostium
2385 3503 2591 3555 claude.
2623 3503 2794 3558 Verbo
2843 3503 2934 3558 Dei
2981 3522 3042 3561 os
3085 3515 3230 3561 tuum
3273 3508 3453 3578 aperi,
3491 3520 3549 3562 ut

1967 3589 2225 3660 Spiritum
2275 3593 2518 3647 attrahas
2541 3594 2608 3657 ⁸⁷,
2657 3610 2760 3648 non
2809 3605 2986 3650 autem
3032 3606 3258 3652 mortem
3306 3599 3546 3655 haurias.

241 3671 419 3735 {Cum
480 3679 752 3749 quidpiam
818 3695 1040 3745 eorum,
1077 3699 1196 3752 qua:
1250 3683 1532 3737 interdicta
1575 3695 1736 3749 sunt,
1775 3695 1824 3740 te
1865 3686 2109 3750 ἰΙΙίεἰιρίη
2145 3697 2376 3742 mentem
2410 3688 2501 3742 tibi
2529 3690 2730 3754 veniat,
2759 3707 2978 3760 quinam
3013 3708 3134 3747 eras
3159 3703 3214 3747 et
3252 3698 3393 3748 unde
3420 3711 3546 3764 per«

269 3774 430 3825 ieris.
463 3770 520 3824 Si
546 3771 628 3824 vel
660 3771 923 3826 tantillum
993 3788 1021 3826 a
1067 3775 1271 3828 ratione
1306 3775 1610 3842 deﬂexeris,
1643 3779 1708 3831 ad
1731 3780 1958 3848 teipsum
1989 3779 2125 3844 redi,
2159 3782 2472 3850 priusquam
2505 3783 2719 3849 penitus
2761 3785 3014 3848 excidas,
3080 3795 3135 3840 et
3204 3786 3258 3840 in
3321 3797 3548 3843 ntortem

265 3874 534 3928 proruas;
567 3869 728 3928 atque
761 3876 826 3914 ex
873 3865 1036 3916 veteri
1077 3879 1245 3918 novus
1281 3865 1492 3919 eilicere
1514 3905 1530 3929 ,
1557 3866 1856 3936 animmque
1894 3869 2188 3924 en'camium
2229 3869 2463 3923 celebra.

349 3954 424 4008 Z'.
466 3955 524 4008 ὐ
563 3955 732 4026 θυμὸς
757 3956 898 4011 ἔστω
925 3975 1006 4010 σοι
1033 3959 1178 4013 κατὰ
1209 3960 1372 4031 μόνου
1405 3960 1497 4014 τοῦ
1547 3963 1744 4030 ὄφεως,
1798 3963 1866 4015 δι’

264 4048 333 4101 ὃν
379 4046 636 4113 ὲξέπεσες
671 4049 768 4120 (4).
805 4050 878 4103 Τὸ
911 4050 1309 4123 ἐπιθυμητικὸν
1356 4055 1602 4107 τετάσθω
1638 4072 1721 4107 σοι
1753 4058 1861 4108 πᾶν

267 4139 417 4212 πρὸς
440 4139 592 4204 Θεὸν,
625 4141 697 4210 μὴ
727 4142 862 4212 πρὸς
885 4142 1011 4196 ἄλλο
1034 4161 1087 4196 τι
1123 4145 1233 4198 τῶν
1265 4145 1570 4198 ἐπιϐούλων
1598 4147 1691 4199 καὶ
1716 4164 1856 4215 σφα-

2045 3962 2154 4019 VII.
2203 3963 2282 4017 Ira
2321 3965 2411 4018 tibi
2448 3965 2708 4028 adversus
2747 3977 3049 4036 serpentem
3079 3971 3252 4026 solum
3291 3977 3545 4041 exsistat,

1971 4069 2065 4124 per
2103 4071 2260 4125 quem
2313 4058 2581 4112 excidisti.
2639 4056 2812 4112 Omne
2869 4059 3199 4116 desiderium
3272 4075 3419 4120 tuum
3483 4072 3550 4124 ad

1976 4146 2142 4201 Deum
2173 4148 2443 4210 tendatur,
2479 4163 2582 4201 non
2613 4149 2678 4202 ad
2707 4149 2850 4203 aliud
2895 4153 3189 4220 quidquam
3230 4154 3547 4214 insidiosum

265 4231 476 4302 λερῶν.
515 4231 574 4283 '0
595 4231 853 4303 λογισμὸς
879 4235 1042 4288 πᾶσιν
1077 4237 1461 4300 ὲπιστατείτω,
1491 4238 1584 4290 καὶ
1623 4236 1697 4308 μὴ
1729 4237 1862 4291 καθ-

1967 4255 2030 4294 ac
2082 4239 2460 4308 periculosum.
2514 4240 2672 4294 Ratio
2721 4243 2974 4295 omnibus
3031 4247 3248 4313 prmsit;
3280 4264 3451 4320 neque
3474 4253 3548 4319 id,

269 4321 524 4377 ιλκέσθω
536 4323 595 4376 τὺ
612 4327 856 4394 κρεῖττον
874 4326 978 4379 ὑπὸ
999 4325 1090 4380 τοῦ
1109 4328 1371 4398 χείρονος.
1401 4329 1492 4398 Μὴ
1517 4330 1755 4400 μισήσῃς
1771 4347 1865 4382 σου

273 4416 370 4470 τὸν
386 4414 634 4483 ἀδελφὸν,
647 4413 925 4470 καὶταῦτα
940 4417 1168 4489 δωρεὰν,
1189 4420 1328 4491 ὑπὲρ
1342 4415 1402 4473 οὗ
1419 4420 1653 4490 Χριστὸς
1666 4419 1869 4473 ἀπέθα-

273 4525 361 4568 νε,
392 4507 486 4560 καὶ
522 4507 614 4569 σὸς
636 4507 861 4576 ἀδελφὸς
891 4510 1126 4576 ἐγένετο,
1163 4509 1295 4572 Θεὸς
1324 4509 1399 4562 ὢν
1432 4510 1524 4563 καὶ
1566 4511 1866 4580 Δεσπότης.

271 4599 369 4669 Μὴ
390 4598 664 4670 φθονήσῃς
687 4599 763 4670 τῷ
780 4601 1150 4672 κατορθοῦντι,
1167 4603 1195 4654 6
1220 4601 1525 4670 φθονηθεὶς,
1546 4605 1640 4656 καὶ
1658 4603 1866 4670 φθονεῖ-

270 4691 405 4744 σθαι
425 4690 690 4755 πεισθεὶς,
705 4692 798 4745 καὶ
813 4692 900 4745 διὰ
917 4691 1072 4745 τοῦτο
1096 4692 1464 4763 κατενεχθείς.
1483 4692 1568 4762 Μὴ
1593 4694 1868 4765 ἀτιμάσῃς

271 4784 537 4857 δάκρυον,
561 4786 590 4837 6
609 4783 817 4838 πολλῶν
830 4784 954 4850 ἄξια
969 4785 1222 4857 δακρύων
1241 4784 1548 4849 πεπονθὼς,
1568 4780 1686 4838 εἶτα
1709 4787 1871 4857 ἠλεη-

1966 4330 2106 4398 quod
2145 4328 2494 4382 excellentius
2545 4341 2650 4393 est,
2703 4332 2768 4383 ab
2801 4331 3042 4384 inferiori
3081 4334 3336 4390 deorsum
3369 4343 3545 4392 traba-

1969 4429 2072 4473 tur.
2115 4418 2360 4472 Fratrem
2417 4430 2588 4482 tuum,
2638 4431 2684 4472 et
2722 4421 2936 4488 quidem
2985 4423 3381 4492 immerentem,
3425 4432 3550 4485 odio

1968 4526 2033 4565 ne
2069 4509 2288 4572 habeas,
2323 4525 2419 4574 pro
2452 4525 2559 4577 quo
2599 4509 2845 4563 Christus
2895 4523 3117 4565 mortem
3151 4515 3302 4579 obiit,
3338 4532 3399 4573 ac
3441 4519 3552 4573 fra-

1967 4612 2048 4656 ter
2083 4612 2230 4663 tuus,
2257 4616 2380 4653 cum
2410 4599 2547 4654 Deus
2590 4617 2653 4654 ac
2700 4601 2959 4656 Dominus
2989 4615 3151 4670 esset,
3182 4606 3404 4666 elice-tus
3441 4624 3548 4664 est.

1978 4693 2145 4748 Recte
2184 4701 2237 4746 et
2273 4707 2339 4745 ex
2393 4693 2592 4746 virtute
2647 4692 2845 4761 aliquid
2903 4697 3109 4764 gerenti
3159 4714 3225 4753 ne
3279 4700 3544 4770 invideas,

1979 4785 2066 4853 qui
2105 4799 2171 4837 ex
2205 4782 2406 4836 invidia
2469 4781 2748 4850 laborasti,
2783 4793 2944 4853 atque
2991 4788 3227 4843 animant
3269 4790 3548 4858 induxisti,

347 4920 395 4951 ⁹¹
428 4918 607 4991 Εεοζο.
633 4935 707 4986 χι,
731 4919 784 4974 ‘2.
861 4921 906 4952 ”
921 4919 1060 4974 Psal.
1093 4935 1165 4984 v1,
1199 4921 1220 4973 I
1252 4936 1266 4984 ;
1299 4934 1375 4984 ιιι,
1406 4919 1456 4985 1,
1484 4927 1588 4973 etc.
1667 4918 1715 4950 “
1739 4915 1859 4972 Psal

1967 4933 2061 4980 ηχ,
2111 4919 2162 4973 ι,
2237 4913 2726 4985 "Ephes.1v,2‘2.
2801 4919 2848 4951 ⁸⁸
2879 4920 3032 4976 Rom.
3079 4939 3153 4991 νι,
3203 4925 3255 4982 ι.
3332 4927 3546 4987 "Psal.

276 5005 452 5045 cxvm
465 4989 569 5053 .15
582 4990 598 5042 Ι
612 5028 626 5042 .

359 5099 474 5171 (94)
511 5099 650 5171 Περὶ
685 5096 1067 5171 τῆς-ὀγδόης.
1115 5095 1303 5171 Plures
1348 5095 1539 5171 psalmi
1575 5094 1868 5164 prtefernnt

275 5167 424 5224 hunc
454 5167 718 5222 titulum:
749 5188 766 5219 ι
795 5168 897 5222 Pro
922 5181 1136 5221 oetava.
1172 5186 1190 5218 ι
1217 5167 1306 5219 Sic
1350 5167 1482 5233 psal.
1526 5181 1600 5227 v1,
1646 5182 1720 5227 XI,
1759 5177 1864 5220 etc.

352 5240 466 5308 (95)
510 5239 692 5292 Οἵκου
738 5238 890 5292 τινά.
957 5237 1136 5302 Pass.,
1200 5237 1349 5290 οἴκου
1383 5235 1558 5308 τινός.)
1616 5233 1864 5308 Psalmns

269 5306 407 5391 .xgttx
450 5312 614 5365 habet
661 5324 758 5378 pro
794 5309 949 5363 titulo
982 5325 996 5362 :
1032 5325 1051 5359 ‹
1080 5308 1136 5362 lu
1171 5307 1508 5362 dedicatione
1529 5307 1718 5360 domus
1753 5306 1857 5359 Da-

279 5381 468 5518 ωέθὲ)
501 5453 566 5504 οι
614 5448 759 5503 Θεοῦ
784 5447 958 5518 ναός,
985 5446 1206 5516 Legitur
1250 5445 1272 5499 Ι
1301 5444 1424 5499 Cor.
1457 5460 1539 5518 tu,
1569 5445 1691 5518 _l_6__:
1722 5463 1740 5495 ι
1769 5443 1868 5498 Ne-

279 5514 457 5601 scitis,
484 5522 609 5601 quia
651 5519 907 5601 templum
939 5516 1029 5601 Dei
1067 5514 1217 5601 estis
1244 5531 1374 5598 vos.
1402 5535 1420 5567 ι
1479 5515 1544 5569 Ει
1567 5514 1611 5570 II
1633 5515 1757 5570 Cor.
1790 5528 1862 5580 vi,

283 5587 358 5643 16
397 5607 412 5644 :
452 5610 473 5644 ς
504 5587 614 5646 Vos
634 5587 774 5642 estis
795 5589 1048 5659 templum
1089 5588 1178 5640 Dei
1210 5587 1335 5640 vivi.
1363 5605 1382 5638 ι

365 5660 474 5731 (97)
516 5663 586 5720 Ἡ
607 5659 954 5731 ἐμέσαντες.
1021 5676 1039 5709 ι
1066 5659 1173 5712 Aut
1200 5668 1528 5714 evomentes.
1559 5674 1578 5708 ι
1616 5653 1741 5712 Hinc
1766 5655 1860 5710 de-

1975 5098 2186 5168 Sttntiin
2214 5098 2483 5166 plerisque
2509 5100 2727 5168 optimae
2763 5112 2900 5157 nota:
2934 5105 3089 5159 codd.

2041 5167 2152 5248 (98)
2178 5167 2738 5248 Eoiqﬂjeydpqc.“
2762 5171 2851 5248 Sic
2875 5175 3038 5244 ltegg.
3073 5193 3119 5240 c,
3153 5178 3206 5244 d,
3245 5179 3336 5248 ph,
3367 5181 3548 5236 decem

1973 5235 2150 5313 Collini,
2178 5250 2280 5313 e_tt'.
2315 5238 2378 5313 lu
2400 5235 2657 5313 θιῘἹ-τοῖς
2691 5235 2999 5313 βλείφάροιξξ

2047 5308 2156 5377 (99)
2192 5311 2306 5362 Σοί.
2337 5308 2472 5362 Tres
2497 5309 2660 5376 Iiegg.
2687 5308 2738 5363 et
2774 5308 2946 5378 Pass"
2980 5334 3096 5370 σου.

2043 5378 2120 5456 (Ι)
2157 5378 2370 5456 Θμὺραν.
2406 5379 2496 5433 Sic
2524 5390 2754 5447 quatuor
2785 5381 2972 5456 Regg.,
2999 5387 3173 5452 Pass,
3196 5387 3408 5452 Comb.,
3440 5396 3550 5447 etc.

1963 5445 2020 5500 In
2051 5445 2158 5518 (ζει,
2188 5448 2376 5518 θύρας.

2138 5516 2586 5602 Ιζαρεκτίραεζῇς.
2611 5523 2857 5602 Plerique
2889 5527 3068 5593 codd.,
3097 5527 3480 5602 παρατραπξς.

2058 5589 2110 5654 5)
2150 5590 2323 5654 Πρός.
2361 5591 2549 5652 Savil.,
2583 5595 2680 5656 sic.

2059 5658 2110 5726 ι)
2149 5657 2490 5726 Ἐξέπεσες.
2534 5661 2666 5723 lien.
2699 5680 2808 5730 una,
2842 5665 3123 5731 ἐξέπεσας.
