4100 6276
483 254 589 308 διὸ

1693 240 1750 295 S.
1792 236 2125 296 GREGORH
2164 233 2514 292 TIIEOLOGI

3556 200 3559 203 ’
3652 232 3760 290 6:6

489 377 545 421 ιιι
583 364 675 420 tibi
713 363 937 418 invideri
999 358 1275 422 crederes,
1325 369 1560 425 eamque
1608 354 1673 410 ob
1695 368 1918 409 causam
1947 368 2069 408 cor-

2200 349 2362 413 ιένος.
2386 349 2474 420 Μὴ
2503 345 2700 419 ἀπώσῃ
2734 345 2962 418 πένητα,
2993 346 3022 399 6
3043 344 3352 421 πλουτήσας
3380 344 3630 418 θεότητα·
3650 348 3761 401 εἶδ’

490 457 669 512 ruisti.
705 454 1022 525 Lacrymam
1065 466 1131 504 ne
1172 448 1499 519 asperneris,
1542 446 1630 515 qui
1679 444 1861 499 multis
1905 444 2074 515 lacry-

493 548 597 601 mis
630 546 785 615 digna
833 556 1121 611 perpessus
1167 554 1248 605 es,
1296 554 1361 591 ac
1420 547 1603 605 postea
1642 535 2073 590 misericordiam

493 644 839 689 consecutus.
865 631 1163 700 Pauperem
1197 644 1261 683 ne
1293 628 1544 697 repellas,
1564 627 1656 697 qui
1692 627 1915 681 Deitatis
1948 638 2077 694 npes

494 722 780 792 accepisti;
840 721 924 775 sin
981 720 1180 782 minus,
1235 728 1290 771 at
1328 727 1474 772 certe
1532 717 1586 770 in
1637 717 1891 787 pauperis
1914 714 2079 769 detri-

500 823 739 868 mentum
768 827 834 866 ne
866 812 1013 865 dives
1047 811 1141 865 sis.
1181 808 1313 862 Nam
1348 809 1397 862 id
1423 822 1637 878 quoque
1666 806 1735 860 ab
1769 807 2078 861 hominibus

497 905 800 974 inexplebili
828 904 1123 972 cupiditate
1157 902 1421 971 correptis
1463 902 1780 969 impetrare,
1832 898 2079 967 permul-

499 1009 610 1051 tmn
686 1004 789 1051 est.
868 993 1217 1063 Peregrinum
1280 1009 1346 1047 ne
1416 1002 1753 1055 contemnas,
1811 1005 1908 1059 pro
1978 1005 2084 1059 quo

497 1088 776 1151 Christus,
809 1086 963 1154 cujus
1018 1101 1117 1139 nos
1149 1098 1336 1139 omnes
1364 1084 1606 1153 hospites
1644 1091 1698 1137 et
1739 1082 1961 1135 advena:
1996 1096 2086 1135 su-

502 1197 644 1247 mus,
680 1180 1061 1251 peregrinatus
1106 1187 1207 1242 est,
1235 1192 1300 1232 ne
1343 1194 1371 1231 a
1409 1177 1672 1248 paradiso,
1708 1184 1761 1228 ut
1795 1176 1954 1244 prius.
1994 1191 2087 1244 pe-

504 1272 814 1341 regrineris.
852 1270 1037 1339 Egenti
1064 1277 1285 1335 tectum,
1319 1269 1522 1331 cibmn,
1576 1277 1776 1322 vestem
1811 1266 2084 1335 impertia-

506 1362 599 1424 ris,
629 1364 717 1431 qui
750 1363 800 1415 in
841 1360 924 1414 his
953 1359 1242 1424 deliciaris,
1276 1360 1437 1412 etiam
1475 1359 1614 1411 ultra
1673 1358 2080 1411 necessitatem.

2169 439 2285 507 οὖν,
2318 441 2454 496 ἀλλὰ
2475 441 2549 512 μὴ
2574 439 2884 511 πλουτήσῃς
2905 438 3048 492 κατὰ
3068 436 3163 491 τοῦ
3187 438 3438 506 πένητος.
3473 439 3584 493 Καὶ
3604 439 3765 493 τοῦτο

2170 532 2279 604 γὰρ
2304 532 2380 602 (5)
2408 531 2545 585 πολὺ
2581 532 2732 601 παρά
2762 530 2872 583 τῶν
2896 530 3231 603 ἀκορέστων.
3261 528 3348 600 Μὴ
3381 530 3656 603 ἀτιμάσῃς
3683 530 3764 602 (6)

2176 624 2350 690 ξένον,
2375 625 2514 696 ὑπὲρ
2538 619 2597 679 οὗ
2628 624 2863 695 Χριστὸς
2897 622 3255 687 ὲξενίτευσεν,
3287 614 3348 675 οῦ
3374 621 3575 686 πάντες
3598 623 3765 693 ἡμεῖς

2177 718 2317 783 ξένοι
2350 717 2444 769 κα)⁵
2480 716 2756 787 πάροικοι,
2800 715 2875 786 μὴ
2899 713 3246 785 ἀποξενωθῇς
3291 713 3388 766 τοῦ
3429 715 3762 786 παραδείσου

2179 809 2363 872 καθὼς
2399 808 2461 862 τὸ
2498 808 2784 880 πρότερον.
2838 806 3079 870 Μετάδος
3117 805 3196 876 τῷ
3250 806 3490 876 δεομένῳ
3540 807 3761 878 στέγης,

2182 904 2412 973 σκέπης,
2444 904 2672 974 τροφῆς,
2713 906 2741 956 ό
2777 902 2986 965 τούτοις
3020 899 3321 973 ἐντρυφῶν,
3369 902 3465 953 καὶ
3494 901 3635 972 ὑπὲρ
3665 900 3768 972 τὴν

2181 994 2391 1064 χρείαν.
2429 993 2515 1064 Μὴ
2544 994 2837 1064 ἀγαπὴσῃς
2873 993 2950 1064 (7)
2983 992 3073 1045 τὸν
3101 990 3354 1054 πλοῦτον,
3400 992 3447 1043 εἰ
3505 990 3579 1062 μὴ
3636 989 3765 1062 βοη-

2184 1082 2249 1154 θῇ
2279 1084 2356 1155 (8)
2392 1085 2641 1153 πένησιν.
2679 1085 2871 1151 Ἄφες,
2906 1085 2935 1135 ὁ
2961 1082 3182 1150 ἀφεθείς
3203 1099 3217 1113 ·
3261 1081 3504 1153 ἐλέησον,
3536 1084 3565 1135 ὁ
3597 1082 3768 1155 ἡλεη-
3828 1071 3837 1077 “

2189 1177 2387 1247 μένος·
2436 1177 2634 1248 κτῆσαι
2694 1175 2774 1246 τῷ
2827 1174 3195 1246 φιλανθρώπῳ
3245 1175 3305 1227 τὸ
3359 1174 3767 1245 φιλάνθρωπον,

2181 1268 2285 1330 ἓως
2314 1268 2534 1339 καιρός·
2569 1269 2676 1331 πᾶς
2715 1270 2743 1321 ὁ
2776 1267 2888 1338 βίος
2921 1264 3318 1335 ὲγκαινιζέσθω
3352 1283 3455 1333 σοι,
3492 1267 3644 1319 πᾶσα
3673 1281 3775 1320 πο·

2184 1357 2387 1422 λιτείας
2418 1358 2556 1421 ὁδός.

508 1454 731 1507 Divitias
793 1466 859 1505 ne
939 1466 1107 1514 ames,
1166 1451 1269 1503 nisi
1319 1450 1650 1519 pauperibus
1716 1447 1883 1519 840
1925 1463 2081 1517 opem
2152 1448 2344 1505 harant.
2398 1449 2653 1514 Remitte,
2703 1465 2825 1504 cum
2877 1449 2971 1504 tibi
3019 1447 3302 1501 remissum
3346 1445 3771 1513 sitzmiserere,

503 1562 628 1601 cum
685 1544 1105 1598 misericordiam
1155 1550 1473 1595 consecutus
1532 1542 1608 1595 sis
1658 1561 1669 1595 :

1728 1541 2080 1608 benignitate,
2123 1540 2247 1592 dum
2316 1540 2467 1606 licet,
2510 1540 2898 1611 benignitatem
2965 1556 3221 1612 compara
3259 1557 3455 1609 :cura,
3494 1551 3554 1597 ut
3592 1542 3775 1597 omnis

508 1641 599 1695 tibi
653 1640 781 1701 vita,
825 1638 1107 1705 omnisque
1153 1632 1451 1690 studiorum
1504 1645 1567 1684 ac
1616 1628 1914 1697 disciplinm
1943 1628 2080 1680 ratio
2122 1628 2429 1682 innovctur.

576 1729 709 1783 V'lll.
744 1729 873 1796 Qua:
918 1727 1016 1781 sub
1057 1727 1185 1797 jngo
1239 1723 1392 1787 estis,
1426 1723 1535 1776 Deo
1577 1734 1796 1789 quoque
1841 1719 2083 1772 nonnihil

2265 1721 2346 1772 Ην.
2387 1719 2455 1772 Αἱ
2507 1719 2612 1773 ὑπὸ
2645 1721 2831 1789 ζυγὸν,
2886 1722 3006 1776 δότε
3048 1740 3101 1777 τι
3147 1723 3243 1778 καὶ
3284 1722 3438 1793 Θεῷ·
3494 1720 3759 1797 προσείλη

509 1825 632 1879 date
686 1821 844 1888 :jam
900 1819 1043 1873 enim
1098 1817 1221 1870 aliis
1282 1814 1555 1869 obstricue
1614 1812 1768 1866 estis.
1816 1808 2085 1878 Virgines,

507 1914 686 1970 omnia
737 1913 845 1966 Deo
882 1908 1112 1965 oﬂerte:
1147 1908 1333 1963 solutae
1394 1907 1594 1974 quippe
1653 1904 1806 1959 estis.
1863 1902 2085 1957 Servam

507 2005 833 2072 voluptatem
867 2017 933 2056 ne
986 1998 1347 2063 suﬂuremini,
1402 1996 1651 2051 libertate
1692 1994 1970 2057 multane.
2021 2008 2088 2046 ex

508 2112 574 2154 eo
615 2096 750 2165 quod
792 2111 913 2149 cum
960 2095 1026 2149 iis
1062 2093 1336 2155 habitetis,
1375 2090 1464 2158 qui
1503 2089 1679 2143 mariti
1733 2089 1947 2156 quidem
1983 2101 2088 2140 non

511 2200 656 2250 sunt.
690 2189 781 2243 sed
822 2200 1000 2243 tamen
1036 2187 1158 2240 viri.
1197 2185 1265 2240 Ut
1289 2184 1555 2252 quispiam
1585 2181 1818 2234 assiduis
1848 2179 2092 2248 volupta-

512 2280 582 2331 tis
615 2276 953 2331 monimentis
982 2282 1289 2344 prematur,
1322 2272 1468 2326 haud
1505 2270 1925 2334 sustineo;eam
1954 2285 2088 2338 quo-

512 2384 618 2439 que
645 2366 1092 2427 familiaritatem,
1124 2378 1243 2433 quae
1270 2377 1366 2432 per
1400 2376 1581 2415 aerem
1609 2360 1974 2432 contrahitur,
2002 2361 2090 2414 odi

522 2476 585 2515 ac
644 2461 900 2513 detestor.
966 2458 1252 2519 Proceres,
1294 2454 1651 2525 potentiorem
1709 2452 1948 2506 timete:
2002 2453 2091 2521 qui

516 2550 835 2606 sublimibus
884 2548 1036 2603 soliis
1094 2547 1366 2612 insidetis,
1400 2546 1792 2602 sublimiorem.
1844 2544 1922 2609 Ne
1967 2545 2094 2614 quid

516 2640 819 2701 admireris,
854 2640 996 2708 quod
1057 2654 1164 2692 non
1225 2648 1575 2707 permaneat;
1632 2651 1701 2690 ne
1753 2645 2091 2698 contemnas.

515 2731 656 2798 quod
702 2736 907 2781 certum
936 2736 988 2781 et
1039 2727 1231 2781 stabile
1271 2725 1384 2791 sit;
1442 2740 1508 2780 ne
1564 2725 1855 2794 quidquam
1898 2728 2097 2779 arctius

516 2820 875 2889 constringas,
906 2818 1072 2891 quod,
1093 2833 1217 2873 cum
1255 2817 1507 2870 manibus
1537 2825 1771 2880 tenetur,
1793 2815 1994 2881 elllnit;
2033 2831 2099 2871 ne

518 2913 647 2981 quid
696 2925 760 2964 ex
822 2912 907 2975 iis,
961 2925 1082 2979 qua:
1131 2925 1235 2963 non
1270 2909 1324 2961 in
1352 2906 1575 2971 invidia,
1608 2907 1701 2961 sed
1731 2908 1781 2960 in
1804 2907 1927 2961 odio
1950 2917 2095 2970 sunt,

517 3011 781 3071 expetas:
823 3016 889 3055 ne
933 3014 1260 3070 magnopere
1322 3009 1374 3053 te
1421 2997 1637 3063 ell'eras,
1687 3010 1843 3053 utne
1881 2998 2102 3068 profun-

2189 1811 2289 1880 φθε
2307 1812 2380 1879 (9)
2398 1813 2527 1885 γάρ.
2548 1813 2615 1865 Al
2639 1813 2918 1882 παρθένοι,
2933 1814 2993 1866 τὸ
3010 1816 3118 1868 πᾶν
3137 1814 3277 1886 Θεῷ·
3300 1815 3521 1869 λέλυσθε
3538 1815 3665 1886 γάρ.
3685 1814 3780 1887 Μὴ

2194 1903 2411 1972 γίνεσθε
2426 1904 2713 1976 κλέπτριαι
2731 1905 2922 1976 δούλης
2939 1906 3148 1977 ἡδονῆς,
3169 1906 3548 1978 φυγοῦσαιτὴν
3559 1906 3747 1959 ὲλευθε
3759 1936 3781 1948 ο

2194 1997 2336 2066 ρίαν,
2373 1997 2437 2050 ἐκ
2470 1996 2563 2049 τοῦ
2596 2000 2886 2061 συνοικεῖν,
2913 1999 3013 2051 οὐκ
3046 1998 3271 2069 ἀνδράσι
3310 1998 3430 2070 μὲν,
3472 1998 3695 2070 ἀνδράσι
3727 1999 3779 2051 δ’

2191 2087 2363 2156 ὅμως.
2400 2088 2475 2139 Oti
2499 2087 2726 2158 δέχομαι
2754 2089 2985 2158 κάμνειν
3008 2088 3095 2141 ἀεὶ
3132 2091 3245 2153 τοῖς
3277 2089 3376 2157 τῆς
3399 2088 3594 2160 ἡδονῆς
3635 2089 3746 2142 ύπο
3767 2117 3781 2128 -

2195 2179 2443 2248 μνήμασι
2465 2193 2478 2207 ⁸
2509 2179 2654 2249 μισῶ
2692 2181 2787 2233 καὶ
2827 2179 2925 2251 τὴν
2955 2181 3022 2234 δι’
3047 2182 3209 2253 ἀέρος
3258 2182 3565 2252 συνήθειαν.
3593 2180 3660 2235 0i
3683 2181 3783 2235 δυ·-

2193 2271 2384 2323 νάσται
2409 2310 2423 2334 ,
2467 2271 2720 2339 φοϐεῖσθε
2762 2272 2854 2325 τὸν
2910 2272 3307 2345 δυνατώτερον·
3337 2275 3388 2326 οἱ
3421 2274 3529 2326 τῶν
3556 2273 3785 2345 ὑψηλῶν

2195 2360 2420 2431 θρόνων,
2451 2362 2543 2414 τὸν
2579 2362 2932 2435 ὑψηλότερον.
2970 2363 3057 2434 Μὴ
3086 2364 3375 2436 θαυμάσῃς
3408 2365 3595 2435 μηδὲν,
3627 2365 3655 2417 ὃ
3701 2366 3784 2437 μὴ

2196 2452 2535 2523 παραμένει·
2594 2453 2666 2523 μὴ
2719 2454 2972 2527 παρίδῃς,
3035 2455 3064 2507 ὃ
3126 2456 3306 2527 μένει·
3357 2457 3490 2527 μηδὲ
3526 2457 3788 2528 περισφί-

2197 2542 2330 2613 γξῃς
2370 2543 2556 2614 μηδὲν,
2592 2544 2619 2595 ὃ
2645 2544 2859 2617 διαρρεῖ
2882 2546 3258 2619 κρατούμενον
3281 2562 3294 2575 ’
3328 2550 3402 2619 μὴ
3433 2547 3682 2619 ζηλώσῃς
3724 2565 3787 2602 τι

2197 2632 2303 2686 τῶν
2363 2636 2423 2686 οὐ
2479 2633 2861 2705 φθονουμένων
2911 2637 3044 2709 (10),
3093 2638 3225 2693 ἀλλά
3288 2640 3664 2709 μισουμένων·
3704 2640 3787 2713 μὴ

2201 2723 2449 2794 ὲπαρθῇς
2479 2725 2642 2795 μέγα,
2676 2727 2763 2779 ἵνα
2799 2728 2872 2798 μὴ
2925 2729 3107 2798 μεῖξον
3153 2729 3487 2801 κατενεχθῇς
3509 2748 3522 2761 ·
3555 2730 3626 2801 μὴ
3656 2730 3791 2801 φρόο

2198 2831 2278 2866 νει
2312 2816 2418 2867 τῶν
2451 2817 2637 2870 κακῶν
2669 2817 2781 2888 (11)
2834 2818 3120 2888 φαίνεσθαι
3163 2820 3426 2891 κρείττων
3449 2838 3463 2851 ·
3493 2820 3663 2873 λυποῦ
3698 2821 3784 2884 δὲ,

2199 2907 2308 2959 τῶν
2340 2908 2560 2975 ἀγαθῶν
2589 2908 2935 2981 ἡττώμενος·
2961 2912 3035 2981 μὴ
3059 2911 3295 2984 γελάσης
3324 2912 3524 2982 πτῶμα
3555 2912 3647 2964 τοῦ
3681 2911 3786 2964 πέ-

2201 2998 2330 3061 λας·
2363 2999 2608 3053 διάϐαινε
2665 3001 2722 3053 δὲ
2772 3001 3051 3069 ἀσφαλῶς,
3094 3002 3196 3072 ὅση
3247 3019 3328 3055 σοι
3365 3002 3477 3067 (1‘2)
3515 3002 3741 3072 δύναμις
3767 3044 3785 3066 ,

519 3091 639 3147 dius
662 3090 959 3157 dejiciaris;
992 3107 1059 3145 ne
1088 3091 1299 3145 animos
1334 3090 1459 3144 hinc
1500 3088 1737 3154 attollas,
1773 3091 1915 3157 quod
1945 3089 2094 3144 malis

2207 3094 2342 3148 ἀλλὰ
2375 3093 2470 3145 καὶ
2500 3092 2645 3145 δίδου
2673 3095 2831 3164 χεῖρα
2853 3094 3028 3165 χαμαὶ
3062 3093 3318 3165 κειμένῳ.
3356 3093 3502 3166 Μήτε
3536 3094 3787 3165 ἀθυμῶν,

521 3185 857 3254 ιπιιξειιιιιιίοι·
880 3198 1179 3254 appareas;
1206 3198 1394 3236 verum
1434 3183 1484 3236 id
1536 3183 1631 3236 tibi
1666 3182 1969 3236 molestiam
2006 3198 2101 3250 pa-

529 3278 653 3340 riat,
697 3278 839 3347 quod
882 3291 911 3329 a
947 3277 1130 3344 probis
1172 3276 1463 3343 supereris.
1503 3276 1737 3329 Proximi
1776 3275 1849 3328 tui
1894 3275 2099 3345 lapsum

523 3385 589 3423 ne
632 3370 775 3435 ride;
831 3384 1015 3422 verum
1053 3378 1127 3433 tu,
1160 3384 1321 3438 quam
1353 3370 1553 3436 poteris
1590 3369 1879 3431 tutissime,
1910 3369 2099 3432 transi,

522 3470 682 3531 atque
743 3461 955 3514 interim
1015 3460 1160 3513 humi
1197 3459 1396 3527 jaccnti
1436 3476 1651 3513 manum
1692 3460 1922 3529 porrige.
1971 3457 2099 3524 Nec,

524 3569 645 3608 cum
686 3566 916 3606 mmrore
943 3550 1191 3615 afﬁceris,
1231 3551 1585 3621 secundarum
1615 3567 1794 3604 rerum
1831 3567 1979 3620 spem
2010 3552 2103 3604 ab-

522 3647 649 3714 jice,
709 3658 828 3705 nec,
890 3656 1009 3695 cum
1046 3642 1319 3709 prosperis
1348 3642 1506 3693 rebus
1547 3642 1762 3703 frueris,
1790 3655 2101 3694 interorem.

526 3738 713 3790 Annus
768 3748 904 3785 unus
959 3740 1193 3800 quatuor
1238 3741 1420 3800 partes
1476 3732 1644 3795 vehit,
1677 3741 1840 3799 atque
1888 3733 2102 3785 unicum

531 3824 786 3893 temporis
852 3831 1183 3876 momentum
1253 3822 1448 3875 multas
1505 3837 1681 3876 rerum
1757 3821 2102 3875 mutationes.

531 3916 638 3972 Fac
689 3924 747 3968 ut
795 3924 848 3969 et
889 3914 1196 3968 sollicitudo
1247 3914 1596 3983 voluptatem,
1630 3924 1683 3967 et
1743 3929 1864 3983 spes
1918 3914 2107 3967 melior

530 4007 801 4061 tristitiam
835 4006 1111 4073 reprimat.
1146 4005 1236 4058 Sic
1272 4006 1557 4058 innovatur
1577 4005 1773 4058 homo:
1811 4004 1888 4059 sic
1916 4004 2104 4059 Εηοιιξ-

532 4100 740 4155 niornm
770 4098 883 4151 dies
912 4096 1238 4157 celebratur,
1283 4095 1588 4164 hujusmodi
1637 4095 1865 4157 deliciis,
1922 4095 2110 4165 hujus-

532 4190 674 4243 modi
730 4174 921 4257 epulis.
966 4185 1086 4239 Non
1139 4188 1435 4253 nppurebis,
1481 4188 1681 4257 inquit,
1724 4188 1776 4239 in
1829 4201 2105 4256 conspecm

532 4298 643 4335 nico
678 4297 869 4335 vacant:
897 4280 977 4345 ";
1021 4295 1203 4333 verum
1233 4280 1277 4333 si
1308 4281 1435 4349 quid
1469 4281 1679 4350 pulchri
1712 4280 1902 4345 habes,
1930 4290 2105 4335 tecum

533 4373 692 4426 feres.
734 4371 883 4425 Nunc
931 4386 1059 4425 vero
1113 4387 1305 4436 novus,
1348 4373 1799 4438 moribusalius,
1856 4381 2000 4427 totus
2054 4373 2106 4427 in

2208 3185 2516 3258 άπελπίσῃς
2564 3185 2898 3256 εὐημερίαν·
2929 3188 3065 3256 μήτε
3113 3188 3369 3257 πράττων
3422 3187 3629 3251 καλῶς,
3664 3185 3792 3240 ἀθυ-

2212 3279 2360 3349 μίαν.
2391 3272 2486 3341 Εἷς
2519 3278 2765 3341 ἐνιαυτὸς
2798 3278 3069 3350 τέσσαρας
3127 3278 3276 3348 ῶρας
3328 3280 3505 3351 φέρει,
3538 3282 3637 3334 καὶ
3689 3280 3791 3352 μία

2212 3370 2351 3441 ῥοπὴ
2388 3370 2598 3440 καιροῦ,
2634 3370 2836 3433 πολλὰς
2879 3372 3220 3441 πραγμάτων
3275 3370 3595 3441 μεταϐολάς.
3631 3372 3790 3425 Ἑπιο

2211 3463 2458 3515 κοπτέτω
2488 3479 2590 3528 σοι,
2627 3463 2866 3533 μέριμνα
2900 3463 2998 3532 μὲν
3029 3463 3246 3534 ἡδονὴν,
3265 3463 3444 3534 λύπην
3468 3464 3524 3517 δὲ
3552 3466 3795 3535 ἡκρείτ-

2210 3570 2318 3605 των
2351 3554 2527 3617 ἐλπίς.
2586 3554 2775 3616 Οῦτως
2818 3554 3188 3622 ἐγκαινίζεται
3250 3555 3555 3627 ἄνθρωπος,
3617 3554 3797 3619 οὕτως

2212 3643 2434 3711 τιμᾶται
2484 3644 2515 3711 ἡ
2552 3642 2660 3694 τῶν
2703 3643 3025 3711 Ἐγκαινίων
3062 3644 3269 3713 ἡμέρα,
3322 3645 3546 3716 τοιαύτῃ
3590 3648 3793 3717 τρυφῇ,

2214 3730 2471 3793 τοιούτοις
2523 3731 2835 3801 ἐδέσμασιν.
2896 3735 3017 3785 Οὐκ
3063 3732 3303 3801 όφθήσῃ
3335 3772 3348 3795 ,
3397 3735 3563 3803 φησι,
3619 3733 3794 3799 xci-1‘;

2214 3819 2493 3871 ἐναντίον
2519 3837 2638 3887 μου
2659 3835 2673 3849 ⁸
2703 3819 2817 3871 ἀλλ’
2844 3819 2896 3872 εἰ
2945 3837 3001 3872 τι
3041 3820 3224 3885 καλὸν,
3261 3819 3396 3890 μετά
3439 3819 3664 3873 σεαυτοῦ
3698 3820 3797 3889 φέ-

2217 3927 2343 3982 ρων.
2401 3910 2513 3963 Νῦν
2555 3910 2610 3963 δὲ
2658 3911 2854 3982 δφθητι
2906 3913 3112 3977 καινὸς,
3167 3913 3367 3983 τρόπον
3423 3913 3609 3982 ’έτερος
3656 3913 3792 3982 (1⁸5).

2214 4003 2348 4066 ὅλως
2386 4004 2430 4073 (1
2444 4004 2495 4073 4)
2525 4003 2906 4076 ἠλλοιωμένος.
2940 4003 3020 4057 Τὰ
3046 4005 3263 4073 ἀρχαῖα
3291 4004 3627 4072 παρῆλθεν·
3662 4002 3793 4055 ἰδοὺ

2216 4094 2421 4165 γέγονε
2453 4096 2524 4148 τὰ
2557 4096 2754 4150 πάντα
2780 4097 2978 4150 καινά.
3014 4098 3184 4150 Τοῦτο
3222 4101 3289 4168 τῇ
3328 4099 3486 4170 ἑορτῇ
3519 4097 3798 4166 καρποφό-

2218 4205 2401 4259 ρησον,
2437 4190 2536 4259 τὴν
2565 4189 2736 4261 καλὴν
2800 4189 3088 4243 ἀλλοίωσιν
3142 4190 3501 4261 ἀλλοιώθητι·
3537 4190 3630 4243 καὶ
3661 4189 3798 4260 μηδὲ

2216 4279 2356 4333 οὕτω
2385 4282 2525 4352 μέγα
2558 4284 2836 4354 φρονήσῃς
2860 4324 2874 4347 ,
2919 4283 3055 4336 ἀλλά
3097 4284 3325 4353 φθέγξαι
3357 4284 3415 4336 τὸ
3450 4283 3543 4339 τοῦ
3578 4282 3746 4339 Δαϐίό
3776 4300 3791 4315 ·

2216 4372 2378 4439 Αὕτη
2422 4374 2458 4440 ὴ
2522 4375 2853 4439 ἀλλοίωσις
2906 4374 3015 4442 τῆς
3062 4374 3269 4441 δεξιᾶς
3330 4374 3437 4427 τοῦ
3478 4376 3794 4443 ’Υψίστοω

531 4466 704 4519 virum
731 4464 952 4517 alterunt
1003 4474 1260 4529 mutatus,
1294 4480 1575 4535 apparens.
1638 4463 1819 4519 Vetera
1880 4466 2081 4518 transie

2200 4464 2345 4536 ,παρ’
2380 4460 2440 4519 οῦ
2475 4468 2581 4518 πᾶν
2625 4466 2935 4538 ἀνθρώποις
2970 4468 3029 4520 τὸ
3060 4467 3512 4538 κατορθούμενον.
3566 4468 3637 4519 Ού
3680 4465 3800 4536 βού-

534 4571 650 4611 ηιηι
684 4576 699 4621 ;
743 4574 855 4611 ecce
882 4558 1022 4626 facta
1045 4568 1162 4609 sunt
1183 4560 1359 4611 omnia
1392 4575 1522 4612 nava
1546 4560 1612 4614 θ’.
1645 4558 1756 4611 11οο
1789 4559 1945 4622 festo,
1989 4573 2109 4611 mn-

535 4651 679 4705 ueiis
725 4650 864 4715 loco,
894 4650 1204 4720 praeclaram
1246 4651 1598 4705 mutationem
1646 4651 1808 4716 olIer,
1832 4666 1897 4706 ac
1932 4666 1996 4707 ne
2019 4653 2098 4706 sic

606 4809 651 4893 ξε
672 4810 822 4863 Deut.
858 4822 967 4872 xvr,
1006 4806 1091 4860 l6.
1170 4805 1279 4859 "ll
1298 4805 1423 4861 Cor.
1466 4823 1518 4874 ν,
1552 4807 1636 4861 l7.

612 4965 686 5034 (5)
722 4963 864 5031 Γάρ.
896 4964 1054 5034 Deest
1083 4963 1135 5016 in
1163 4972 1393 5030 quatuor
1419 4961 1610 5034 Ἆρες..
1638 4974 1742 5017 etc.

610 5032 685 5105 l6)
729 5032 1068 5105 Ἀτιμάσῃς.
1106 5033 1293 5096 Savil.,
1328 5032 1635 5101 ἀτιμάσεις.

610 5102 685 5175 (ι)
732 5102 1094 5175 ’Λγαεξνὲίῖης-
1138 5104 1677 5175 δειιίειο,ἀγαπήσεις·

610 5172 685 5246 (8)
712 5172 933 5241 Βοηθῇ.
968 5172 1019 5224 ln
1053 5173 1343 5254 trtittttullis,
1373 5173 1578 5296 ἓοηθεῖ.

610 5247 685 5296 (91
742 5244 1176 5296 ΙΙωοσείληςςθε.
1237 5244 1326 5296 Sic
1419 5258 1537 5296 e22.

610 5242 685 5315 (9)
742 5244 1176 5311 ΙΙροσείληέρθε.
1220 5242 1537 5315 “SieAllegg.
1603 5242 1710 5305 bm,
1775 5242 1867 5310 pit,
1921 5243 2116 5312 aliique

539 5311 741 5387 plures.
797 5315 851 5367 In
909 5317 1016 5376 ed.,
1075 5311 1422 5384 προείληφθε,
1459 5311 1906 5384 ίιρτωιιοιςιιρειιιιξ
1971 5311 2113 5368 enim

538 5400 691 5441 estis.
720 5406 737 5436 ι

615 5456 722 5526 (10)
756 5457 811 5507 Τι
842 5452 958 5507 τῶν
977 5454 1048 5526 οὐ
1074 5450 1518 5526 φθονουμένων,
1544 5461 1662 5526 εις.Δ
1702 5471 1719 5503 ι
1746 5453 2121 5526 Οιιαξηίιινὶιίίίη

542 5523 772 5582 obnoxia
803 5534 946 5587 sunt,
974 5542 991 5574 ι
1041 5525 1091 5577 id
1125 5533 1229 5590 est,
1260 5524 1517 5591 przeclara
1566 5532 1620 5576 et
1652 5523 1959 5588 laudabilia,
1998 5539 2121 5578 con-

543 5607 785 5658 sectare;
824 5609 959 5662 qnze
994 5603 1194 5656 autem,
1260 5607 1363 5645 non
1396 5593 1706 5655 invidiosus,
1759 5594 1851 5648 sed
1914 5595 2119 5651 invisos

544 5667 790 5720 homines
814 5665 1038 5728 faciunt,
1071 5663 1171 5719 hoc
1198 5671 1299 5727 est,
1329 5663 1478 5730 vitia,
1512 5677 1575 5718 ne
1605 5674 1846 5733 expetas.

2209 4557 2358 4610 λεταί
2388 4559 2497 4630 (15)
2529 4575 2587 4611 σε
2620 4563 2648 4613 ό
2678 4560 2836 4627 λόγος
2891 4560 3020 4613 ποτὲ
3068 4560 3127 4613 ἐν
3160 4560 3343 4631 ταυτῷ
3404 4560 3607 4630 μένειν,
3659 4558 3796 4611 ἀλλὰ

2209 4653 2517 4724 ἀεικίνητον
2553 4651 2710 4719 εἶναι,
2746 4655 3054 4726 εὐκίνητον,
3099 4655 3319 4719 πάντως
3348 4656 3689 4709 νεόκτιστον·
3729 4652 3799 4706 ἂν

2282 4963 2392 5034 (11)
2428 4963 2524 5031 Μὴ
2554 4963 2780 5035 φρόνει,
2811 4961 3174 5035 τῶν-κακῶν,
3200 4968 3306 5017 etc.
3340 4961 3433 5018 Sic
3464 4970 3573 5019 tres
3604 4961 3796 5035 11833.,

2216 5045 2325 5091 etc.
2357 5035 2411 5087 ln
2444 5036 2558 5097 ed.,
2591 5034 2665 5106 μὴ
2689 5033 2797 5106 τῶν
2822 5033 3007 5087 κακῶν
3035 5033 3243 5104 φρόνει.

2284 5106 2397 5173 (12)
2431 5108 2551 5158 Σοι.
2589 5105 2745 5159 Deest
2778 5105 2827 5157 in
2859 5105 3147 5159 nonnullis.

2285 5176 2399 5246 (15)
2444 5177 2714 5246 Ἕτερος.
2739 5174 2791 5227 In
2825 5174 3169 5246 quibusdam,
3194 5173 3402 5246 ἕτερον.

2286 5243 2397 5315 (14)
2434 5246 2647 5310 Ὂλως.
2675 5245 2807 5298 Tres
2840 5243 3030 5314 Regg.,
3062 5244 3225 5315 Qoisl.
3250 5243 3305 5306 2,
3343 5245 3516 5307 l’ass.,
3552 5243 3671 5310 ὅλος

2290 5313 2399 5385 (15)
2433 5318 2514 5369 Οὐ
2540 5316 2851 5379 βούλεται,
2884 5313 2989 5385 etc.
3020 5334 3037 5365 ι
3068 5313 3180 5369 Νοιι
3222 5314 3333 5367 vult
3365 5329 3544 5369 sermo
3574 5316 3647 5384 (id
3691 5323 3805 5379 est,

2219 5384 2523 5454 Scriptura,
2575 5400 2730 5439 sacra
2788 5384 3079 5453 doctrina),
3139 5394 3198 5438 ut
3247 5400 3479 5453 unquam
3528 5385 3587 5454 in
3609 5386 3804 5439 eodem

2218 5453 2360 5511 statu
2406 5468 2749 5523 permaneas.
2781 5455 2958 5507 Aurea
2995 5453 3283 5519 sententia,
3314 5474 3331 5506 ι
3369 5453 3804 5523 inquitCombe-

2220 5528 2389 5591 lisias,
2428 5541 2572 5579 «nec
2600 5525 2733 5578 bene
2778 5539 2807 5576 a
2850 5524 3001 5580 Billio
3031 5540 3306 5593 expressa.
3338 5544 3357 5576 ι
3395 5524 3486 5578 Sic
3518 5525 3661 5579 enim
3695 5524 3810 5578 Bil-

2218 5596 2322 5650 lius
2352 5613 2367 5649 :
2400 5615 2417 5646 ι
2444 5595 2553 5650 Nec
2583 5608 2711 5649 vero
2751 5607 2814 5647 eo
2848 5594 2961 5649 haec
3003 5597 3177 5652 oratio
3225 5595 3482 5667 pertinet.
3528 5606 3586 5648 ut
3611 5598 3809 5652 eodeni

2218 5681 2432 5735 semper
2461 5675 2603 5721 statu
2637 5678 2873 5718 maneas.
2909 5683 2927 5714 ο
