4100 6276
4 3218 37 3295 Γ

4 3300 9 3361 Γ

268 276 396 361 sn
828 264 831 267 ’
1216 295 1475 353 onmo
1516 296 1702 351 χειν.
1745 325 1814 338 -
1853 296 1884 349 ι;

1982 288 2202 347 tovaat
2240 288 2638 347 DOMINICAM.
3436 270 3545 339 ωε

288 414 614 489 ἁμαρτάνῃς
638 451 654 477 ,
700 408 1097 481 ἐπιστρέφοντα
1129 426 1142 439 ·
1193 412 1242 463 εἰ
1281 408 1571 481 κατορθοῖς
1595 448 1611 474 ,
1661 406 1865 461 ἐπιτεί-

1982 403 2187 472 quidem
2233 401 2516 472 magniﬁce
2547 402 2611 456 de
2646 407 2697 454 te
2747 398 2988 461 sentias;
3042 410 3225 451 verum
3281 395 3367 452 dic
3415 412 3539 452 cum

286 524 468 562 νοντα.

1974 494 2173 550 Davide
2200 512 2215 549 :
2251 492 2380 547 Herc
2403 493 2623 546 mutatio
2648 493 2873 545 dextera:
2909 487 3113 541 Excelsi
3138 490 3205 553 θ’,
3234 504 3260 540 a
3292 504 3400 558 quo
3422 503 3546 558 pro-

294 609 501 663 manat,
544 595 801 666 quidquid
836 595 905 650 ab
943 592 1249 650 hominibus
1297 600 1441 646 recte
1466 601 1521 646 et
1552 606 1671 645 cum
1701 588 1860 644 laude
1898 588 2130 659 geritur.
2166 587 2283 644 Non
2315 588 2429 641 vult
2476 602 2674 651 sermo,
2711 595 2764 638 ut
2798 585 2850 639 in
2916 584 3103 638 eodem
3169 598 3379 652 semper
3398 592 3544 637 statu

290 709 541 756 maneas,
566 692 660 746 sed
695 700 752 745 ut
776 697 1038 758 perpetuo
1066 703 1129 743 ac
1156 687 1403 742 laudabili
1436 693 1580 740 motu
1624 684 1858 753 agiteris,
1904 698 1967 734 ac
1989 697 2124 736 nova
2152 696 2373 751 prorsus
2401 690 2645 735 creatura
2674 680 2745 732 sis
2766 680 2781 708 ¹
2812 694 2826 742 ;
2862 676 3001 746 quod
3039 676 3252 743 quidem
3294 690 3546 744 asseque-

291 781 389 846 ris,
419 780 487 845 si,
518 779 598 830 vel
626 777 677 830 in
707 785 983 846 peccatum
1005 774 1205 837 lapsus,
1237 776 1302 827 ad
1329 775 1522 829 bonam
1564 773 1769 841 frugem
1796 778 1848 824 te
1887 769 2129 834 referas;
2166 771 2267 836 vel,
2294 785 2416 824 cum
2462 785 2525 822 ex
2574 770 2768 823 virtute
2840 772 3039 842 aliquid
3102 773 3262 841 geris,
3328 788 3544 827 cursum

286 873 580 941 adurgens.

367 963 444 1015 6'.
472 960 616 1023 Χθὲς
650 959 831 1011 πίστιν
868 950 1012 1027 εἶχες
1058 956 1156 1025 τὴν
1202 955 1311 1007 τῶν
1366 952 1594 1021 καιρῶν,
1630 952 1866 1021 σήμερον

283 1051 391 1121 τὴν
420 1049 514 1102 τοῦ
547 1046 680 1100 Θεοῦ
709 1044 973 1117 γνώρισον
1005 1043 1148 1114 (16)’
1192 1043 1355 1113 μέχρι
1393 1041 1536 1102 τίνος
1577 1039 1663 1091 ἐπ’
1695 1040 1870 1109 ἀμφο-

2035 945 2199 1018 841
2231 944 2323 998 IX.
2350 943 2477 998 Ileri
2519 946 2584 998 ad
2618 949 2870 1015 temporis
2894 948 3171 1002 arbitrium
3206 950 3361 1003 tidem
3401 961 3544 1005 tuam

1966 1035 2410 1093 accotnmodahas
2429 1075 2443 1094 ,
2463 1035 2617 1089 hodie
2636 1036 2726 1089 Dei
2764 1037 2919 1091 fidem
2945 1054 3224 1107 cognosce.
3251 1038 3546 1107 Quousque

287 1143 482 1212 τέραις
515 1138 775 1210 χωλανεῖς
816 1139 935 1198 ταῖς
993 1133 1239 1201 ίγνύαιςς
1294 1132 1456 1202 μέχρι
1493 1131 1636 1193 τίνος
1668 1130 1873 1183 οἰκονο-

1982 1141 2193 1196 ttroque
2207 1126 2401 1195 poplite
2415 1126 2492 1177 cla
2503 1125 2651 1181 udica
2663 1127 2768 1180 bis?
2780 1127 3065 1199 Quousque
3100 1131 3381 1198 dispones?
3403 1130 3548 1184 Tan-

288 1232 529 1299 μήσειςς
559 1227 665 1279 Καὶ
695 1221 1046 1293 οἰκοδομῆσαί
1097 1238 1226 1273 ποτε
1274 1219 1655 1290 προθυμήθητι
1682 1236 1696 1250 ο
1745 1217 1872 1288 χθὲς

1982 1224 2087 1277 lem
2102 1219 2387 1305 aliquando
2400 1218 2882 1273 alacritcrtediﬂca.
2909 1219 3029 1275 lleri
3048 1221 3269 1290 alicujus
3289 1223 3442 1292 pretii
3463 1224 3551 1276 ha-

286 1321 354 1373 τὸ
374 1320 553 1372 δοκεῖν
583 1333 665 1379 τις
690 1316 901 1385 ἐτίμας,
936 1315 1172 1385 σήμερον
1219 1311 1280 1364 τὸ
1318 1305 1459 1365 εἶναι
1507 1309 1863 1381 προτίμησον.

288 1408 472 1479 Μέχρι
506 1407 608 1460 ποῦ
642 1408 707 1460 τὰ
747 1407 1010 1471 sviti-ma;
1052 1405 1145 1457 καὶ
1177 1404 1210 1473 ἡ
1247 1401 1477 1472 ἀλήθειά
1521 1417 1652 1453 ποτε
1710 1417 1875 1453 σπου-

288 1499 553 1568 δασοήτω
588 1499 697 1567 (17)
743 1515 845 1551 σοι.
904 1495 1044 1559 Χθὲς
1085 1490 1228 1565 ἦσθα
1284 1492 1589 1563 Θεατρικὸς,
1634 1492 1876 1561 σήμερον

289 1588 498 1658 φάνηθι
536 1585 869 1658 Θεωρητικός
909 1584 1019 1653 (18)
1042 1600 1056 1615 °
1101 1583 1227 1653 χθὲς
1253 1581 1509 1651 λοίδορος,
1546 1579 1754 1649 ἰταμὸς,
1784 1582 1877 1649 σήο

268 1694 471 1748 νμερον
500 1675 766 1746 εὔφημος,
798 1675 1043 1745 ἥμερος·
1092 1672 1219 1743 χθὲς
1266 1669 1562 1741 κωμαστὴς
1600 1669 1732 1739 (i9).
1778 1671 1874 1738 σή-

1972 1310 2107 1375 beri,
2129 1309 2302 1379 magni
2331 1309 2597 1373 ducebas;
2631 1309 2787 1363 hodie
2823 1311 2994 1379 reipsa
3024 1327 3159 1377 esse,
3185 1314 3347 1380 pluris
3367 1313 3545 1371 facito.

1976 1403 2263 1472 Usquequo
2292 1402 2555 1457 insomnia
2584 1402 2606 1453 ?
2631 1400 2713 1455 Sit
2740 1419 2953 1472 quoque
2978 1405 3068 1458 tibi
3103 1405 3389 1477 aliquando
3411 1423 3551 1462 cura:

1979 1495 2201 1549 veritas.
2238 1493 2362 1547 lleri
2400 1493 2822 1560 spectaculorum
2861 1496 3037 1549 studio
3068 1496 3362 1567 ﬂagrabas;
3394 1499 3552 1553 hodie

1974 1584 2442 1653 contemplationis
2456 1584 2754 1638 studiosum
2777 1594 2825 1637 te
2839 1580 3039 1653 praebe.
3054 1585 3179 1641 lleri
3199 1590 3549 1654 conviciator,

1975 1675 2220 1743 petulans
2248 1690 2403 1739 eras;
2430 1675 2587 1729 hodie
2618 1675 2880 1742 placidus,
2906 1675 3165 1732 laudator.
3196 1679 3321 1733 Heri
3347 1696 3552 1759 comes-

290 1786 469 1841 μερον
531 1768 923 1839 σωφρονιστὴς.
994 1766 1242 1836 Σήμερον
1297 1762 1628 1831 οἰνοπότης,
1691 1760 1878 1832 αὔριον

1982 1778 2128 1822 sator
2148 1783 2289 1833 eras;
2325 1767 2482 1822 bodie
2503 1767 2785 1838 gravitatis
2808 1777 2861 1822 et
2885 1772 3253 1838 temperantia:
3277 1772 3548 1841 magister.

289 1861 627 1933 ὑδροπότης.
658 1860 904 1930 Σήμερον
934 1852 1369 1911 κατασπαταλῶν
1410 1853 1501 1905 επὶ
1535 1851 1732 1905 κλινῶν
1764 1850 1878 1903 ελε-

286 1952 598 2024 φαντίνων,
652 1951 747 2004 καὶ
776 1948 847 2003 τὰ
902 1947 1095 2018 πρῶτα
1146 1945 1298 2017 μύρα
1328 1943 1628 2015 χριόμενος.
1691 1940 1878 2011 αὔριον

286 2044 580 2116 χαμεύνης
614 2043 709 2096 καὶ
737 2043 1042 2112 ἄγρυπνοςο
1077 2037 1197 2091 ἀντὶ
1235 2033 1571 2105 γελοιαστοῦ,
1606 2033 1827 2095 σύννους
1860 2050 1873 2063 ·

284 2136 427 2189 ἀντὶ
455 2131 853 2197 καλλωπιστοῦ,
882 2129 1153 2200 δυσείμων
1174 2144 1190 2158 ⁸
1224 2129 1345 2181 ἀντὶ
1371 2125 1579 2197 γαύρου
1605 2125 1700 2180 καὶ
1748 2124 1872 2178 ἀλα-

288 2225 477 2289 ζόνος,
506 2223 731 2293 εὐτελὴς
752 2223 813 2275 τὸ
836 2220 1157 2291 φαινόμενον
1176 2235 1193 2252 ο
1222 2218 1341 2272 ἀντὶ
1374 2217 1712 2288 χρυσορόφου
1739 2216 1873 2287 (20),

290 2311 671 2383 στενόχωροςσ
732 2311 882 2363 κάτω
937 2306 1143 2369 νεύων,
1196 2305 1315 2358 ἀντὶ
1366 2303 1686 2375 ύψαύχενος.
1753 2302 1877 2357 Ἐὰν

290 2400 449 2454 οὕτω
497 2401 706 2471 διανοῇ,
742 2400 834 2451 καὶ
863 2396 1006 2451 οὕτω
1048 2398 1228 2467 ποιῇς,
1262 2395 1411 2449 ἔσται
1446 2412 1528 2448 σοι
1570 2395 1600 2446 ὁ
1652 2392 1879 2463 οὐρανὸς

288 2492 513 2554 καινὸς,
548 2491 643 2545 καὶ
679 2492 712 2561 ἡ
763 2488 835 2558 γῆ
880 2485 1061 2557 καινὴ,
1097 2487 1168 2538 τά
1207 2502 1264 2538 τε
1306 2484 1440 2539 ἄλλα
1497 2483 1714 2537 καὶτὸν
1756 2483 1879 2537 τού-

289 2602 414 2638 των
448 2583 559 2655 (21)
581 2582 737 2652 λόγον
756 2579 1250 2650 καταλαμϐάνοντι.

1977 1859 2146 1915 Hodie
2171 1860 2492 1915 temulentus
2519 1876 2535 1925 ;
2563 1875 2686 1914 cras
2730 1861 3045 1916 abstemius.
3110 1860 3279 1919 Hodie
3310 1865 3363 1918 in
3399 1865 3551 1920 lectis

1980 1950 2237 2006 eburneis
2261 1942 2569 2018 lasciviens,
2601 1966 2670 2009 ac
2707 1953 2978 2022 primariis
3023 1955 3307 2024 unguentis
3338 1956 3548 2010 delibu-

1977 2047 2091 2102 tus;
2114 2053 2236 2092 cras
2267 2034 2489 2091 humum
2513 2053 2609 2107 pro
2633 2040 2769 2095 lecto
2797 2043 3019 2107 habens,
3051 2053 3215 2112 atque
3247 2044 3547 2099 insomnem

1974 2139 2184 2184 noctem
2218 2130 2456 2195 ducens;
2481 2145 2578 2200 pro
2603 2147 2789 2186 scurra
2819 2143 2875 2188 et
2895 2135 3088 2201 faceto,
3130 2136 3549 2207 cogitabundus;

1974 2234 2071 2288 pro
2094 2229 2307 2283 ornato,
2348 2229 2405 2275 et
2453 2220 2680 2274 vestium
2732 2223 3048 2293 elegantiam
3108 2226 3330 2280 nimium
3377 2228 3551 2281 anthi-

1974 2308 2108 2363 tiose
2149 2319 2515 2378 consectante,
2567 2312 2760 2380 pannis
2808 2312 3060 2379 indutus;
3096 2330 3193 2384 pro
3236 2318 3466 2385 superbo
3501 2325 3553 2370 et

1974 2406 2301 2468 arrogante,
2348 2399 2487 2468 vilis,
2534 2411 2792 2472 quantum
2832 2403 2898 2457 ad
2951 2415 3232 2459 externam
3283 2408 3551 2476 speciem;

1975 2502 2072 2555 pro
2106 2488 2449 2556 laquearibus
2488 2492 2691 2559 aureis,
2723 2501 2946 2561 anguste
2980 2493 3263 2560 habitans;
3290 2510 3386 2565 pro
3421 2496 3552 2550 sub-

1976 2578 2109 2645 limi,
2145 2594 2210 2634 ac
2262 2581 2530 2637 cervicem
2579 2583 2878 2650 attollente,
2936 2586 3081 2639 humi
3111 2584 3316 2640 vultum
3360 2586 3555 2642 demit—

292 2683 447 2731 tene.
479 2673 593 2729 Hoc
619 2673 665 2729 si
696 2673 876 2729 animo
907 2671 1092 2735 fueris,
1129 2679 1289 2740 atque
1325 2669 1396 2723 ita
1435 2668 1650 2735 feceris,
1679 2669 1875 2723 crnlum
1916 2668 2010 2724 tibi
2067 2685 2263 2727 novum
2311 2675 2435 2740 erit,
2505 2683 2561 2729 et
2618 2682 2761 2729 terra
2792 2678 2989 2743 nova’,
3021 2677 3307 2744 nimirum,
3339 2684 3396 2732 ut
3428 2678 3553 2741 alia,
3632 2688 3644 2697 ‘

290 2767 384 2823 ita
417 2768 609 2821 horum
641 2766 803 2822 etiam
833 2767 1095 2821 rationem
1123 2763 1457 2833 intelligenti.

380 2858 435 2912 ι’.
464 2855 603 2909 Ἀλλ’
625 2856 874 2926 ἀπίωμεν
899 2855 1022 2925 ἤδη,
1046 2856 1140 2908 καὶ
1159 2853 1236 2924 τῷ
1262 2853 1439 2925 καιρῷ
1460 2852 1528 2907 τὰ
1553 2852 1738 2908 εἰκότα
1762 2872 1884 2907 συν-

2056 2851 2121 2907 Χ.
2147 2852 2249 2909 Sed
2274 2852 2386 2922 jam
2412 2854 2476 2906 ad
2495 2869 2578 2920 ea,
2612 2870 2731 2926 quae
2755 2856 3012 2925 temporis
3039 2866 3185 2923 sunt,
3209 2856 3553 2920 celebranda,

294 2946 881 3019 εορτάσοντες.Πάντα
905 2944 1014 3017 γὰρ
1035 2948 1112 3009 εἰς
1134 2945 1295 2998 καλὸν
1331 2948 1395 3015 τῇ
1421 2944 1725 3016 πανηγύρει
1758 2963 1882 2999 συν-

298 3039 496 3109 τρέχει
526 3038 619 3091 καὶ
646 3038 1053 3105 συναγάλλεται·
1076 3037 1152 3089 ι’δε
1183 3037 1291 3107 γὰρ
1326 3031 1415 3088 οἷα
1434 3036 1501 3089 τὰ
1530 3034 1882 3107 ὀρώμενα.¹11

211 3140 281 3189 )(
300 3131 604 3201 βασίλισσα
635 3130 742 3183 τῶν
781 3129 939 3201 ὡρῶν
969 3130 1035 3199 τῇ
1080 3127 1313 3197 βασιλίδι
1347 3128 1456 3183 τῶν
1491 3126 1713 3199 ἡμερῶν
1741 3145 1883 3198 πομ-

306 3222 495 3287 πεύει,
529 3223 625 3276 xa‘t
657 3221 956 3292 δωροφορεῖ
980 3222 1111 3293 παρ’
1146 3220 1346 3290 ἑαυτῆς
1386 3221 1493 3272 πᾶν
1538 3221 1566 3273 ὃ
1598 3236 1652 3271 τι
1699 3218 1884 3271 κάλλι-

300 3332 442 3368 στον
484 3315 579 3367 καὶ
618 3313 1001 3383 τερπνότατον.
1046 3312 1161 3366 Νῦν
1195 3310 1421 3383 οὐρανὸς
1458 3309 1836 3391 onmem;
1869 3325 1882 3338 ·

302 3406 412 3475 νῦν
436 3407 586 3485 ἥλιος
626 3404 955 3476 ὑψηλότερος
996 3404 1090 3457 καὶ
1118 3402 1623 3476 χρυσοειδέστερος·
1656 3398 1753 3453 νῦν
1800 3417 1888 3453 σε-

302 3497 487 3568 λήνης
536 3495 737 3559 κύκλος
783 3496 1077 3566 φανότερος
1110 3494 1249 3565 (2'2),
1300 3493 1395 3547 καὶ
1437 3491 1684 3562 ἀστέρων
1729 3490 1888 3561 χορὸς

303 3586 721 3658 καθαρώτερος.
753 3587 866 3641 Νῦν
897 3585 1165 3655 αἰγιαλοῖς
1196 3585 1296 3656 μὲν
1325 3582 1552 3658 κόμα-Ξ
1579 3581 1884 3646 σπένδεται,

308 3678 456 3748 ἡλίῳ
505 3677 564 3731 δὲ
619 3677 798 3745 νέφος,
831 3677 953 3748 ἀέρι
987 3675 1043 3729 δὲ
1078 3676 1291 3757 ἕνεμοι,
1323 3673 1479 3757 “QE
1506 3676 1710 3742 φυτοῖς,
1745 3672 1887 3743 φυτὰ

304 3770 374 3823 δὲ
418 3768 595 3838 ὄψεσι.
628 3768 741 3822 Νῦν
778 3754 1383 3839 πηξγξάῒἿῐᾶυγέστερόν
1434 3766 1654 3821 νάουσι·
1706 3765 1801 3818 νῦν
1832 3764 1888 3817 δὲ

308 3858 557 3941 ποταμοὶ
609 3856 1011 3926 δαψιλέστερον,
1047 3857 1156 3911 τῶν
1202 3855 1491 3929 χειμερίων
1529 3854 1743 3925 δεσμῶν
1775 3855 1886 3927 (25)

306 3947 591 4011 λυθέντες.
629 3948 737 3999 Καὶ
761 3946 965 4017 λειμὼν
1000 3947 1210 4009 εὐωδεῖ,
1237 3948 1330 3999 καὶ
1375 3946 1537 4015 φυτὸν
1569 3945 1743 4017 βρύει,
1795 3946 1889 4000 καὶ

1482 3654 1633 3668 Ἣ

1986 2958 2090 2999 nos
2155 2943 2514 2998 conferamus.
2550 2945 2902 3001 Commodum
2935 2946 3081 3001 enim
3143 2946 3322 3001 omnia
3353 2947 3419 3001 ad
3455 2947 3557 3001 hoc

1990 3034 2186 3089 festum
2230 3045 2578 3102 concurrunt,
2620 3036 2891 3106 simulque
2929 3038 3197 3092 laetantur.
3253 3038 3387 3094 Vide
3411 3039 3555 3095 enim

1988 3125 2167 3195 qualia
2221 3125 2349 3191 sint,
2388 3141 2508 3196 qua:
2551 3127 2721 3183 oculis
2764 3126 3085 3184 oﬂ'eruntur.
3122 3129 3377 3199 Princeps
3431 3133 3556 3185 anni

1993 3229 2118 3283 pars
2142 3217 2365 3286 principj
2396 3217 2607 3272 dierum
2637 3233 2889 3288 pompam
2917 3221 3143 3290 peragit,
3200 3236 3265 3275 ac
3299 3222 3555 3291 quidquid

1992 3307 2411 3375 pulcherrimum
2441 3320 2497 3364 et
2525 3311 2906 3367 suavissimum
2950 3312 3128 3378 habet,
3174 3330 3203 3369 a
3247 3314 3425 3384 seipsa
3459 3315 3558 3368 tri-

1993 3397 2128 3453 buit.
2150 3399 2305 3456 Nunc
2336 3401 2532 3455 coelum
2573 3402 2906 3471 splendidius
2931 3422 2947 3472 ;
2977 3419 3119 3460 nunc
3146 3405 3226 3461 sol
3256 3405 3554 3473 sublimior,

1994 3504 2261 3559 aureoque
2299 3491 2473 3546 nitore
2530 3493 2868 3563 rutilantior;
2912 3512 3053 3553 nunc
3086 3497 3223 3552 lunae
3250 3498 3398 3555 orbis
3450 3500 3562 3554 cla-

1997 3580 2127 3643 rior,
2171 3588 2225 3634 et
2268 3581 2502 3637 siderum
2542 3582 2743 3640 chorus
2796 3585 2999 3656 purior.
3050 3585 3223 3652 Nunc,
3272 3598 3326 3643 et
3366 3589 3559 3645 ﬂuctus

1997 3685 2118 3724 cum
2175 3671 2461 3738 littoribus,
2512 3683 2566 3729 et
2616 3676 2785 3732 nubes
2839 3691 2959 3732 cum
2999 3678 3131 3742 sole,
3157 3688 3209 3731 et
3261 3679 3406 3733 venti
3438 3696 3558 3734 cum

1997 3776 2144 3829 aere,
2168 3774 2221 3817 et
2244 3773 2384 3818 terra
2425 3780 2546 3820 cum
2586 3768 2865 3836 stirpibus,
2896 3777 2952 3822 et
2991 3769 3185 3838 stirpes
3225 3785 3344 3823 cum
3368 3772 3558 3835 oculis,

1997 3853 2050 3906 in
2090 3853 2314 3923 gratiam
2367 3856 2610 3912 redeunt.
2650 3857 2802 3913 Nunc
2832 3858 3008 3914 fontes
3040 3859 3310 3929 litnpidius
3367 3861 3559 3927 ﬂuunt,

1999 3956 2141 3995 nunc
2182 3939 2402 3997 ﬂumina
2457 3945 2715 4011 uberius,
2765 3945 3016 4001 nimirum
3051 3947 3291 4003 hibernis
3333 3949 3563 4007 vinculis

307 4039 567 4109 κείρεται
598 4038 726 4103 πόα,
761 4040 853 4091 καὶ
899 4037 1059 4108 ἄρνες
1091 4036 1449 4109 ὲπισκιρτῶσι
1492 4036 1740 4106 χλοεραῖς
1771 4038 1884 4099 ταῖς

1998 4030 2193 4085 soluta.
2236 4031 2408 4099 Nunc,
2437 4043 2491 4089 et
2529 4045 2741 4103 pratum
2792 4038 3029 4093 suaviter
3076 4040 3203 4103 olet,
3254 4048 3310 4094 et
3367 4039 3565 4109 planta:

308 4129 607 4201 ἀρούραις.
642 4132 804 4201 Ἀρτι
836 4130 933 4201 μὲν
976 4128 1108 4193 ναῦς
1146 4130 1210 4181 ὲκ
1243 4128 1476 4198 λιμένων
1506 4128 1765 4196 ἀνάγεται
1793 4129 1884 4180 σὺν

1997 4118 2281 4187 pullulant,
2337 4131 2392 4176 et
2455 4123 2621 4178 herba
2676 4125 3019 4192 detondetur,
3070 4139 3125 4182 et
3158 4129 3212 4181 in
3271 4130 3567 4185 virentibus

311 4217 675 4289 κελεύσμασι,
706 4219 802 4271 καὶ
828 4218 1039 4281 τούτοις
1078 4217 1153 4280 ὡς
1187 4217 1256 4271 τὰ
1281 4215 1453 4269 πολλὰ
1484 4214 1767 4284 φιλοθέοις,
1800 4217 1884 4267 xai

1997 4212 2142 4266 arvis
2172 4213 2291 4281 agni
2319 4214 2581 4270 saltitant.
2623 4215 2778 4272 Nunc
2806 4217 2957 4273 navis
2982 4234 3102 4272 cum
3128 4218 3565 4284 ccleusmatibus,

308 4308 400 4379 τῷ
436 4308 592 4378 ἱστίῳ
642 4307 967 4378 πτεροῦται’
1011 4307 1105 4361 καὶ
1139 4306 1469 4377 περισκιρτᾷ
1516 4304 1717 4373 δελφὶς,
1764 4306 1884 4358 ἀνα-

2001 4302 2175 4372 iisque
2208 4313 2266 4358 ut
2292 4305 2580 4374 plurimum
2623 4309 2727 4377 piis
2760 4324 2825 4363 ac
2878 4309 3167 4379 religiosis,
3192 4325 3222 4364 e
3269 4323 3423 4379 portu
3457 4313 3565 4364 sol-

316 4395 513 4464 φυσῶν
546 4394 621 4459 ὣς
664 4395 879 4466 ἥδιστον
921 4394 1017 4449 καὶ
1072 4395 1546 4465 ἀναπεμπόμενος,
1589 4394 1683 4447 καὶ
1712 4410 1884 4464 παρα-

1999 4392 2096 4457 vit,
2139 4392 2379 4463 veloque,
2418 4404 2673 4465 tanquam
2702 4398 2911 4467 pennis,
2937 4400 3204 4468 cingitur;
3244 4415 3307 4454 ac
3348 4415 3444 4469 per
3468 4417 3565 4470 gy-

315 4491 536 4560 πέμπει
565 4488 861 4560 πλωτῆρας
895 4488 993 4541 σὺν
1020 4488 1256 4559 εὐθυμία
1288 4487 1423 4557 (24).
1456 4488 1615 4555 Ἀρτι
1636 4486 1691 4539 δὲ
1714 4501 1884 4555 γεωρ-

1998 4497 2116 4537 rum
2146 4484 2374 4539 assultat
2398 4486 2561 4540 etiam
2604 4486 2907 4556 delphinus,
2933 4487 3385 4558 iucundissimum
3412 4489 3568 4559 quid-

318 4582 420 4649 γὸς
452 4581 683 4653 ἄροτρον
718 4583 1008 4652 πήγνυται,
1058 4582 1168 4635 ἄνω
1206 4578 1438 4649 βλέπων,
1490 4578 1582 4631 καὶ
1630 4577 1721 4631 τὸν
1764 4593 1884 4648 καρ·

1996 4574 2118 4628 dam
2159 4574 2457 4643 insuﬂlans,
2486 4591 2711 4646 seseque
2743 4577 2794 4631 in
2838 4581 3006 4633 altum
3055 4580 3311 4649 evehens,
3350 4591 3405 4636 et
3447 4596 3568 4651 gau-

320 4672 558 4742 ποδότην
606 4672 1054 4743 ἐπικαλούμενος,
1108 4671 1202 4723 καὶ
1251 4668 1356 4722 ὑπὸ
1405 4668 1569 4737 ζυγὸν
1618 4666 1739 4734 ἄγει
1772 4666 1884 4737 βοῦι

1995 4666 2084 4719 dio
2119 4665 2371 4735 gestiens,
2406 4676 2651 4723 vectores
2697 4671 3061 4739 prosequitur.
3112 4669 3267 4727 Nunc
3322 4681 3566 4728 aratrum

319 4763 531 4834 ἀρότην
562 4763 700 4832 (25),
730 4764 825 4816 καὶ
869 4763 1055 4832 τέμνει
1099 4762 1353 4830 γλυκεῖαν
1383 4758 1494 4830 (26)
1529 4757 1759 4822 αὖλακα,
1806 4758 1884 4810 κατ

1995 4757 2225 4826 agricola
2251 4760 2566 4830 compingit,
2589 4761 2771 4816 oculos
2803 4763 2854 4815 in
2888 4762 3054 4817 altum
3083 4763 3292 4829 tollens,
3326 4764 3567 4834 frugum-

320 4857 448 4916 ταῖς
477 4853 686 4907 ἐλπίσιν
719 4853 1091 4923 εὐφραίνεται.
1124 4853 1282 4923 ’Δρτι
1312 4850 1369 4903 δὲ
1400 4848 1603 4919 ποιμὴν
1632 4847 1724 4901 καὶ
1778 4846 1884 4916 βου·

1996 4862 2098 4915 que
2128 4849 2367 4904 datorem
2401 4853 2678 4918 invocans,
2709 4867 2772 4908 ac
2810 4855 2928 4909 bovi
2967 4854 3166 4910 aratori
3188 4855 3378 4925 jugum
3414 4856 3567 4911 inne-

398 4970 448 5001 ⁹⁹
471 4969 618 5023 Psal.
644 4984 829 5032 LXXVI,
865 4969 950 5023 ll.
1030 4970 1047 5001 ί
1081 4968 1122 5022 ll
1154 4968 1282 5023 Cor.
1319 4982 1371 5021 ν.
1409 4966 1493 5019 l'l.
1583 4967 1602 4996 '
1635 4963 1731 5018 lsa.
1760 4978 1884 5029 ων,
1914 4963 1997 5018 l7.

402 5081 513 5153 (lii)
549 5082 875 5153 Γνώρισον.
933 5082 1024 5137 Sic
1072 5081 1238 5153 chg.
1270 5080 1380 5146 bm,
1437 5080 1528 5147 ph,
1578 5079 1684 5133 duo
1712 5077 1898 5145 Coisl.,

326 5151 525 5224 εις-,1η
559 5152 671 5215 ed.,
698 5151 1016 5224 γνὼριστον.

404 5217 1011 5289 (17)Σ.πουδαάθήτω.
1064 5221 1157 5277 Sic
1209 5221 1364 5275 codd.
1436 5218 1493 5272 In
1524 5218 1634 5280 ed.,
1669 5217 1901 5271 σπουδα-

2075 5077 2185 5149 (21)
2218 5079 2327 5156 Τὸν
2356 5098 2595 5156 τουτων.
2640 5083 2731 5156 Sic
2782 5082 3018 5156 nonnulli
3060 5084 3214 5140 codd.
3255 5086 3311 5139 In
3345 5087 3567 5156 quibus-

2005 5148 2147 5211 dam,
2175 5150 2281 5201 τῶν
2303 5150 2509 5204 τούτου.
2537 5152 2590 5203 In
2626 5152 2735 5214 ed.,
2764 5152 2871 5204 τῶν
2890 5152 3110 5207 τούτων.

2078 5219 2188 5289 (22)
2224 5221 2571 5289 Φανότερος.
2633 5219 2762 5289 Reg.
2793 5222 2902 5285 bm,
2958 5223 3153 5293 aliique
3183 5225 3362 5291 codd.,
3407 5228 3568 5294 φανέ-

2006 5303 2094 5340 στε
2101 5305 2212 5360 ρος.

2078 5357 2191 5427 (i3)
2223 5357 2481 5427 Δεσμῶν.
2519 5358 2693 5422 Pass.,
2725 5357 2880 5412 ὁδῶν.

2079 5428 2192 5503 (ἓξ)
2223 5428 2648 5503 Σὺνᾼεὺθυμίςῑ·
2680 5429 2840 5484 (50³⁵⁵-
2870 5430 2920 5503 ¹.ν
2949 5429 3332 5503 σὺν-εὐφημίᾳ·

2078 5498 2189 5580 (9,???
2228 5499 2492 5580 2‘96"?-
2520 5501 2683 5580 ιιεξεε·
2716 5503 2824 5562 bu»
2852 5501 2941 5580 ρει·
2968 5500 3165 5580 eam

407 5308 925 5440 (Ἇῖἓςσθεωρητικόρ.
993 5360 1256 5422 Combel'.,
1288 5356 1677 5428 πανηγυρικός,
1742 5355 1903 5410 «festi

333 5435 653 5484 sttttliOSum.
675 5450 693 5481 ι

404 5502 515 5567 (19)
547 5500 900 5569 Κωμαστής.
961 5500 1050 5555 Sic
1078 5498 1235 5554 codd.
1269 5497 1517 5553 Mendose
1564 5497 1616 5551 in
1649 5496 1769 5550 Par.
1795 5498 1897 5550 ed.-

405 5541 514 5567 νη,
547 5541 900 5569 ..κν-,μην
961 5541 1050 5555 ...υ
1079 5541 1235 5554 ην...
1269 5541 1517 5553 .............-
1649 5541 1670 5550 -
1692 5541 1768 5549 _.-
1799 5541 1881 5550 -...

333 5571 638 5642 κομαστής.
826 5640 833 5642 Α
1022 5638 1071 5642 __
1234 5636 1284 5642 __
1354 5636 1375 5642 _
1509 5637 1524 5642 _
1865 5635 1877 5642 _

2029 5638 2038 5642 Α
2078 5541 2189 5637 (Ξῶ
2218 5541 3257 5641 ῥῖῧαξέἓὶτίαῖ’Ῑῗιδῖηἵιὶίὶῖυἳὶἰὲςῖῖἷόέἲξιν,
3308 5587 3328 5623 ς
3351 5569 3570 5642 profun-

404 5635 513 5709 (20)
560 5635 973 5707 Χρυσορόφου.
1017 5638 1107 5694 Sic
1151 5636 1309 5692 codd.
1354 5636 1414 5690 In
1459 5637 1584 5703 ed.,
1641 5635 1909 5706 χρυσοφό-
2007 5635 2202 5692 dum.)

337 5724 452 5780 ρον.

573 5796 852 5859 ΡΑτιιοι.
893 5799 1334 5865 (ἱεμΧΧΧνῐ.
3185 5800 3263 5861 20
3318 5856 3323 5859 ,
