4100 6276
530 338 632 395 ϐίθ

1762 330 1822 385 S.
1865 330 2192 388 GBEGORII
2233 334 2577 395 THEOLOGI

3672 329 3777 385 620

532 458 648 521 ctit,
686 452 1005 520 dulcemque
1046 449 1251 504 sulcum
1306 447 1618 517 proscindit,
1651 461 1714 502 ac
1765 447 1929 519 842
1982 436 2104 518 spes

2225 468 2361 531 ιόλος
2402 466 2730 540 ἁρμόζονται
2769 463 3031 534 σύριγγας
3055 502 3068 526 ,
3123 461 3213 516 καὶ
3250 459 3434 530 νόμιον
3482 458 3782 530 ἐμπνέουσι

536 550 687 604 lectas
711 549 874 601 fovet.
908 543 1059 599 Nunc
1083 549 1271 611 pastor
1295 547 1348 594 et
1376 539 1641 595 bubulcus
1668 539 1875 596 ﬁstulas
1903 548 2105 610 aptant,

538 657 601 696 ac
627 632 902 711 pastorale
940 649 1160 690 carmen
1198 633 1485 701 inspirant,
1532 635 1863 701 atque'inter
1901 631 2112 701 plantas

538 743 592 788 et
623 741 807 800 petras
844 743 1066 782 vernum
1102 737 1311 795 tempus
1342 725 1669 794 transigunt.
1698 723 1852 780 Nunc
1906 724 2113 794 planta-

540 842 658 881 rum
687 824 862 880 cultor
903 821 1139 890 plantam
1176 828 1350 884 curat,
1385 827 1439 873 et
1477 832 1673 887 auceps
1700 817 1936 872 calamos
1982 830 2113 871 cou-

541 916 803 982 struit,ac
821 927 1005 967 ramos
1027 919 1386 979 suspectat,ct
1414 925 1644 978 pennam
1672 910 1849 962 avium
1875 911 2116 962 studiose

541 1006 807 1077 explorat.
836 1004 989 1059 Nunc
1024 1002 1259 1071 piscator
1289 999 1612 1070 profundum
1644 1014 1796 1067 aqua:
1838 997 2114 1067 perspicit,

542 1115 606 1155 ac
640 1108 753 1153 rete
808 1112 966 1150 suum
1002 1102 1279 1164 repurgat,
1308 1101 1361 1146 et
1395 1091 1561 1160 petris
1601 1089 1811 1143 insidet.

611 1188 703 1244 XI.
731 1186 885 1241 Nunc
912 1185 1108 1260 sedulae
1147 1198 1297 1253 apes,
1345 1180 1535 1236 solutis
1564 1178 1773 1248 pennis,
1808 1188 1861 1232 et
1916 1177 2118 1233 relictis

544 1279 867 1341 alvearibus,
915 1276 1191 1347 sapientiae
1250 1288 1358 1328 sum
1417 1275 1795 1325 documentum
1851 1268 2115 1339 praebent,

546 1385 709 1444 atque
738 1373 803 1426 ad
838 1379 989 1439 prata
1042 1365 1344 1426 convolant,
1400 1364 1666 1434 ﬂoresque
1705 1362 1963 1431 diripiunt
1995 1381 2009 1417 :
2061 1374 2118 1420 et

544 1470 663 1523 alia:
698 1464 913 1535 quidem
946 1459 1165 1515 cellulas
1204 1456 1507 1521 elabo'ant,
1538 1454 1863 1525 sexangulas
1892 1465 1946 1508 et
1979 1456 2119 1510 inter

546 1574 605 1614 se
629 1555 905 1626 oppositas
967 1550 1173 1607 ﬁstulas
1216 1554 1541 1613 attexcntes,
1597 1558 1879 1615 rectasque
1946 1546 2119 1600 lineas

546 1645 894 1718 angularibus
935 1642 1283 1701 alternantes,
1320 1651 1423 1690 non
1477 1636 1654 1689 minus
1686 1635 1750 1688 ad
1805 1634 1981 1705 operis
2015 1634 2121 1689 eleo

547 1733 810 1803 gantiam,
846 1743 1005 1797 quam
1049 1726 1114 1779 ad
1145 1728 1487 1778 securitatem
1533 1740 1547 1777 :
1596 1723 1714 1777 alia:
1753 1738 1880 1777 vero
1924 1723 2031 1777 mel
2065 1723 2117 1775 in

2215 556 2393 627 μέλος,
2424 556 2518 609 καὶ
2545 556 2729 624 φυτοῖς
2759 552 2852 605 καὶ
2880 550 3108 621 πέτραις
3131 547 3520 620 ἐνεαρίςουσιν.
3539 546 3696 615 Ἀρτι
3722 545 3784 601 δὲ

2215 647 2378 717 φυτὸν
2409 645 2709 717 φυτουργὸς
2747 641 3059 714 θεραπεύει,
3114 640 3208 692 καὶ
3261 637 3471 709 ἰξευτὴς
3502 637 3783 706 καλάμους

2213 736 2502 808 οἰκοδομεῖ,
2535 738 2629 790 κα)⁸
2662 732 2957 789 ὑποϐλέπει
3008 730 3296 803 πτόρθους,
3346 729 3443 783 καὶ
3487 725 3790 799 περιεργὼ-

2215 823 2367 888 ζεται
2394 824 2589 895 πτερὸν
2616 822 2844 895 ὃρνιθος.
2877 821 2986 875 Καὶ
3035 818 3219 882 ἁλιεὺς
3263 818 3457 887 βυθοὺς
3483 816 3656 888 διορᾷ,
3688 814 3785 868 καὶ

2214 916 2425 969 δίκτυον
2450 914 2827 986 ἀνακαθαίρει,
2853 913 2947 967 καὶ
2976 912 3178 982 πέτρας
3220 907 3676 981 ὑπερκαθέξεται.

2287 1188 2391 1241 lA'.
2425 1188 2584 1258 Ἀρτι
2622 1187 2719 1256 μὲν
2768 1188 2801 1257 ἡ
2851 1183 3105 1255 φιλεργὸς
3159 1182 3415 1252 μέλισσα,
3466 1178 3529 1233 τὸ
3585 1177 3792 1250 πτερὸν

2219 1278 2492 1332 ἐκλύσασα
2519 1276 2655 1347 (27),
2685 1278 2779 1331 καὶ
2809 1276 2916 1331 τῶν
2966 1273 3206 1345 σίμϐλων
3246 1272 3609 1327 ἀπαναστᾶσα
3636 1308 3651 1333 ,
3687 1269 3794 1340 τὴν

2224 1367 2422 1438 ἑαυτῆς
2468 1366 2660 1435 σοφίαν
2704 1364 3088 1427 ἐπιδείκνυται,
3125 1363 3216 1415 κα)⁵
3244 1360 3517 1432 λειμῶνας
3558 1359 3793 1429 ἐφίπτα-

2220 1476 2330 1521 ται,
2366 1458 2460 1510 κα).
2491 1456 2625 1526 συλᾷ
2652 1454 2718 1509 τὰ
2748 1455 2881 1526 ἄνθη
2909 1472 2922 1486 ·
2974 1454 3067 1508 καὶ
3096 1455 3130 1522 ἡ
3164 1454 3261 1523 μὲν
3309 1451 3552 1505 πονεῖτά
3595 1450 3793 1521 κηρία,

2218 1549 2321 1612 τὰς
2350 1546 2652 1615 ἐξαγώνους
2679 1547 2772 1600 καὶ
2814 1545 3122 1608 ἀντιθέτους
3178 1544 3441 1615 σύριγγας
3471 1540 3791 1611 ἐξυφαίνον-

2157 1686 2171 1701 ,
2223 1658 2312 1705 σα,
2353 1640 2447 1694 καὶ
2495 1639 2594 1701 τὰς
2638 1638 2853 1702 εὐθείας
2904 1640 3027 1700 ταῖς
3084 1637 3309 1705 γωνίαις
3355 1633 3791 1695 ἐπαλλάττουσα,

2223 1733 2380 1805 ἔργον
2404 1731 2537 1802 ὁμοῦ
2568 1730 2797 1793 κάλλους
2825 1730 2919 1782 καὶ
2945 1728 3242 1797 ἀσφαλείας
3258 1744 3273 1759 ·
3304 1729 3338 1796 ἠ
3362 1726 3418 1780 δὲ
3443 1726 3503 1779 τὸ
3537 1725 3657 1797 μέλι
3677 1725 3794 1797 (28)

549 1802 741 1876 horrea
767 1818 1088 1880 recondunt,
1114 1826 1276 1883 atque
1303 1814 1499 1882 hospiti
1529 1828 1626 1868 suo
1650 1813 1857 1868 dulcem
1883 1812 2117 1867 fructum

2225 1802 2340 1887 ταῖς
2366 1821 2671 1893 ἀποθήκαις
2702 1820 3096 1884 ἐναποτίθεται,
3132 1818 3225 1872 καὶ
3268 1818 3505 1889 γεωργεῖ
3537 1815 3615 1885 τῷ
3647 1814 3791 1879 ξενί-

532 1924 603 1968 εει
654 1914 922 1966 inaratum
972 1906 1274 1978 proferunt.
1339 1902 1555 1959 Utinam
1606 1918 1708 1957 nos
1758 1917 1994 1973 quoque,
2029 1903 2117 1971 qui

544 2002 749 2058 Christi
781 1999 1045 2070 apiarium
1072 2010 1281 2059 sumus,
1316 2010 1380 2048 ac
1406 1992 1511 2046 tale
1546 2000 1657 2045 tum
1686 1991 1982 2061 sapientiae,
2007 2000 2118 2045 tum

551 2092 828 2149 industria:
860 2099 911 2145 et
935 2090 1134 2143 laboris
1169 2085 1474 2155 exemplum
1510 2083 1839 2152 accepimus,
1875 2097 1968 2138 eas
1996 2083 2122 2137 imi--

552 2188 766 2241 temur!
796 2183 914 2238 Jam
956 2181 1072 2235 avis
1123 2180 1306 2233 nidum
1336 2175 1623 2242 construit,
1683 2183 1845 2244 atque
1879 2174 1980 2229 alia
2014 2176 2126 2243 qui-

550 2281 672 2333 dem
717 2277 874 2341 redit,
908 2275 1013 2328 alia
1057 2271 1353 2339 immigrat,
1392 2268 1495 2321 alia
1528 2267 1903 2332 circumvolat,
1938 2283 2000 2322 ac
2035 2283 2126 2324 ne-

551 2386 673 2424 mus
708 2376 869 2423 cantu
914 2380 1009 2418 suo
1036 2362 1243 2434 implet,
1278 2362 1662 2428 hominemque
1693 2359 1897 2427 garritu
1925 2357 2125 2413 demul-

550 2470 657 2517 cet.
689 2458 882 2515 Omnia
924 2457 1089 2509 Deum
1127 2454 1365 2516 laudant,
1402 2460 1456 2505 et
1488 2449 1709 2505 vocibus
1739 2450 1900 2505 mutis
1933 2465 2126 2505 conce-

554 2552 786 2607 Iebrant.
824 2548 1050 2617 Pmpter
1074 2544 1257 2599 omnia
1299 2543 1443 2597 enim
1493 2542 1680 2612 gratiae
1730 2542 1840 2596 Deo
1894 2556 1991 2611 per
2041 2557 2125 2596 me

553 2644 857 2713 habentur;
901 2649 1063 2707 atque
1092 2636 1165 2689 ita
1194 2634 1405 2689 illorum
1442 2632 1697 2699 laudatio,
1726 2646 1843 2687 mea
1877 2632 2122 2696 ellicitur,

553 2734 810 2789 nimirum
870 2745 899 2783 a
948 2728 1142 2798 quibus
1172 2740 1270 2797 ego
1302 2724 1477 2779 laudis
1528 2732 1901 2794 argumentum
1952 2722 2122 2791 capio.

553 2825 706 2880 Nunc
737 2822 949 2893 quidem
975 2833 1136 2874 omne
1170 2815 1524 2872 animantium
1560 2829 1727 2884 genus
1758 2815 1915 2878 ridet,
1964 2824 2127 2884 atque

551 2916 803 2970 omnibus
830 2910 1078 2967 sensibus
1112 2907 1402 2978 pascimur.
1463 2902 1615 2959 Nune
1648 2905 1809 2959 etiam
1862 2905 2127 2973 superbus

553 3022 745 3077 equus,
778 3013 831 3059 et
863 3002 1047 3073 iubam
1097 2999 1363 3069 arrigens,
1412 2996 1681 3052 stabulum
1754 2995 1978 3060 fastidit,
2039 3009 2123 3060 ac,

553 3094 843 3167 perfractis
895 3090 1147 3153 vinculis,
1206 3102 1301 3158 per
1354 3101 1577 3157 campos
1624 3085 1878 3140 lascivius
1931 3085 2119 3149 fertur,

554 3203 716 3259 atque
746 3188 796 3241 in
834 3182 1145 3239 fluminibus
1178 3181 1355 3252 gestit,
1380 3194 1607 3248 seseque
1629 3187 1884 3233 ostentat.

629 3280 739 3335 χιι.
771 3278 907 3345 Quid
942 3285 1135 3331 caetera
1166 3272 1620 3329 commemorem?
1667 3269 1819 3325 Nunc
1866 3278 2128 3340 martyres

554 3378 656 3431 sub
715 3373 804 3428 dio
860 3370 1110 3441 populum
1178 3368 1443 3430 retinent,
1503 3379 1566 3421 ac
1610 3379 1859 3434 pompam
1926 3376 2125 3435 agunt,

552 3464 958 3537 splendidisque
991 3460 1212 3514 sedibus
1226 3458 1367 3528 piam
1391 3456 1597 3527 plebem
1628 3464 1682 3510 et
1712 3454 1911 3510 Christi
1942 3469 2129 3508 aman-

560 3571 665 3612 tem
693 3559 1011 3614 commeant,
1052 3564 1114 3603 ac
1144 3547 1443 3604 certamina
1490 3561 1586 3601 sua
1620 3545 1672 3599 in
1698 3545 1968 3614 publicum
2003 3560 2128 3614 pro-

558 3657 782 3717 ponunt.
815 3644 932 3712 Quo
959 3656 988 3695 e
1014 3655 1239 3695 numero
1272 3654 1409 3694 unus
1459 3652 1673 3708 quoque
1710 3646 1791 3691 est
1833 3652 1983 3691 meus
2042 3636 2131 3692 ille

560 3742 831 3793 laureatos
863 3733 1037 3805 (meus
1072 3732 1238 3795 enim,
1279 3730 1381 3786 etsi
1422 3744 1527 3783 non
1556 3728 1694 3797 apud
1737 3742 1841 3790 me,
1900 3726 2131 3781 facessat

560 3826 780 3887 invidia,
808 3822 1105 3877 scientibus
1126 3821 1363 3888 loquor),
1416 3818 1620 3872 Mamas
1648 3816 1737 3871 ille
1787 3815 2027 3885 insignis,
2079 3824 2133 3870 et

559 3927 764 3986 pastor,
791 3923 847 3969 et
869 3922 1103 3983 martyr;
1147 3911 1240 3980 qui
1278 3910 1427 3980 prius
1461 3910 1673 3979 quidem
1708 3922 1897 3963 cervas
1924 3908 2129 3975 mulge-

560 4010 672 4073 bat,
706 4008 771 4060 ad
802 4013 1045 4059 sanctum
1073 4003 1244 4056 virum
1281 4015 1418 4056 novo
1444 4009 1498 4055 et
1528 3999 1784 4054 inusitato
1813 3999 1951 4054 lacte
1983 3999 2130 4054 alen-

560 4103 687 4153 dum
718 4098 967 4153 certatim
1004 4104 1389 4166 properantes;
1428 4106 1569 4146 nunc
1617 4100 1792 4145 autem
1824 4090 2133 4159 metr0polis

560 4193 768 4264 plebem
807 4191 996 4261 pascit,
1043 4188 1308 4256 hodieque
1358 4184 1538 4238 multis
1574 4185 1848 4238 hominum
1895 4184 2132 4239 millibus

559 4282 915 4350 undecunque
944 4278 1350 4333 accurrentibns
1373 4291 1463 4329 ver
1499 4275 1736 4339 innovat,
1775 4284 1885 4328 tum
1917 4276 2131 4329 virtutis

560 4371 958 4444 pulchritudine
1020 4368 1182 4442 853
1234 4370 1462 4433 varium,
1515 4378 1627 4421 tum
1683 4367 1987 4435 pastoribus
2043 4368 2127 4421 di-

2226 1913 2370 1977 ζοντι
2397 1911 2605 1983 καρπὸν
2634 1911 2841 1979 γλυκὺν
2881 1907 2989 1977 (29)
3034 1908 3127 1962 καὶ
3157 1907 3440 1978 ἀνήροτον.
3483 1905 3569 1968 Ὠς
3599 1903 3798 1973 ὄφελόν

2227 2022 2289 2073 γε
2318 2003 2412 2057 καὶ
2436 2005 2596 2074 ἡμεῖς
2629 2000 2765 2073 (50),
2806 2002 2834 2054 6
2869 1998 3102 2071 Χριστοῦ
3139 1996 3428 2069 μελισσὼν,
3458 1997 3554 2050 καὶ
3585 1995 3799 2050 τοιοῦτο

2222 2096 2477 2159 λαϐόντες
2513 2094 2700 2163 σοφίας
2720 2093 2817 2151 καὶ
2836 2091 3151 2161 φιλοπονίας
3183 2088 3521 2159 ὑπόδειγμαί
3552 2088 3713 2159 Ἀρτι
3736 2086 3799 2141 δὲ

2225 2186 2417 2269 καλ-γέν
2441 2185 2591 2256 ὅρνις
2621 2185 2916 2254 πήγνυται,
2943 2183 3039 2236 καὶ
3063 2182 3091 2233 6
3124 2181 3221 2252 μὲν
3269 2179 3651 2250 ἐπανέρχεται,
3679 2179 3707 2229 6
3736 2178 3798 2231 δὲ

2225 2266 2594 2340 εἰσοικίζεται,
2646 2275 2675 2326 6
2720 2272 2779 2326 δὲ
2831 2270 3204 2343 περιίπταται,
3237 2270 3328 2322 καὶ
3377 2269 3691 2338 καταφωνεῖ
3730 2266 3801 2319 τὸ

2226 2370 2407 2434 ἄλσος,
2441 2367 2537 2420 καῖ
2593 2363 2872 2436 περιλαλεῖ
2924 2362 3015 2415 τὸν
3063 2360 3367 2432 ἄνθρωπον.
3424 2357 3611 2411 Πάντα
3657 2355 3800 2410 Θεὸν

2227 2463 2383 2535 ὑμνεῖ
2430 2460 2521 2514 καὶ
2550 2457 2758 2524 δοξάζει
2782 2456 2990 2526 φωναῖς
3028 2452 3315 2522 ἀλαλήτοις
3336 2449 3469 2521 (51)·
3514 2450 3608 2502 ἐπὶ
3659 2448 3801 2500 πᾶσι

2226 2552 2333 2624 γάρ
2355 2551 2753 2622 εὐχαριστείται
2785 2546 2850 2599 δι’
2882 2543 3014 2615 ἐμοῦ
3038 2543 3169 2605 Θεός
3193 2559 3207 2572 ·
3235 2542 3330 2595 καὶ
3362 2539 3535 2604 οῦτως
3577 2541 3606 2593 6
3654 2538 3802 2592 ἐκεί-

2225 2661 2330 2698 νων
2367 2642 2554 2714 ὕμνος,
2604 2638 2868 2711 ἡμέτερος
2896 2635 3125 2705 γίνεται,
3164 2634 3295 2704 παρ’
3338 2625 3413 2686 ὧν
3463 2630 3577 2701 ἐγὼ
3603 2630 3665 2684 τὸ
3694 2631 3805 2701 ὑμ-

2226 2739 2335 2791 νεῖν
2364 2732 2645 2805 λαμϐάνω.
2680 2731 2794 2784 Νῦν
2850 2730 2948 2800 μὲν
2990 2727 3126 2798 γελᾷ
3160 2727 3267 2780 πᾶν
3292 2723 3447 2789 ζώων
3476 2723 3654 2793 γένος,
3700 2722 3803 2778 καὶ

2227 2829 2406 2881 πᾶσαν
2436 2824 2687 2896 αἴσθησιν
2715 2819 3041 2892 ἑστιώμεθα.
3070 2816 3185 2872 Νῦν
3240 2817 3298 2870 δὲ
3324 2815 3573 2889 ὑψαύχην
3624 2815 3802 2878 ῐππος

2227 2920 2321 2974 καὶ
2352 2918 2651 2989 ἀγέρωχος,
2682 2915 2795 2978 τοῖς
2809 2912 2977 2974 οἴκοις
3001 2908 3390 2980 δυσχεραίνων,
3416 2908 3510 2962 καὶ
3530 2906 3598 2962 τά
3621 2906 3803 2976 δεσμὰ

2226 3010 2588 3083 τυραννήσας,
2624 3005 2865 3078 κροαίνει
2913 3002 3055 3058 κατὰ
3083 3001 3265 3056 πεδίον
3296 2998 3431 3071 (52),
3484 2999 3580 3053 καὶ
3623 3015 3798 3053 ποτα-

2232 3104 2351 3175 μοῖς
2375 3098 2686 3173 ὼραῗζεται.

2302 3280 2400 3335 lB'.
2434 3280 2499 3333 Τί
2542 3278 2735 3343 τάλλα;
2791 3276 2904 3331 Νῦν
2962 3276 3235 3348 μάρτυρες
3283 3272 3668 3346 αἱθριάζουσι,
3706 3272 3803 3325 καὶ

2232 3370 2591 3445 πομπεύουσι,
2620 3372 2713 3425 καὶ
2750 3370 3019 3441 λαμπροῖς
3053 3371 3168 3431 τοῖς
3202 3367 3411 3438 βήμασι
3444 3365 3558 3437 (55)
3588 3381 3800 3433 συγκασ

2231 3464 2379 3517 λοῦσι
2403 3464 2529 3515 λαὸν
2553 3461 2911 3532 φιλόχριστον,
2943 3458 3037 3512 καὶ
3072 3457 3200 3521 τοὺς
3222 3457 3417 3520 ἄθλους
3446 3456 3803 3527 δημοσιεύου-

2234 3571 2306 3607 σι.
2342 3552 2561 3607 Τούτων
2595 3547 2675 3615 εἷς
2722 3553 2835 3604 ἐστι
2877 3550 2969 3603 καὶ
3023 3552 3051 3602 6
3090 3547 3222 3619 ἐμὸς
3272 3546 3600 3618 στεφανίτης
3630 3546 3802 3618 (ἐμὸς

2232 3644 2337 3714 γὰρ
2371 3640 2508 3715 [54],
2537 3643 2587 3694 εί
2608 3642 2702 3695 καὶ
2732 3641 2805 3713 μὴ
2829 3642 2959 3711 παρ’
2992 3639 3137 3711 ἐμοὶ,
3169 3637 3415 3692 πιπτέτω
3444 3637 3636 3707 φθόνος
3660 3636 3800 3709 [55],

2231 3735 2395 3788 εἰδόσι
2413 3731 2614 3802 λέγω),
2651 3731 2849 3802 Μάμας
2882 3734 2910 3783 6
2942 3728 3289 3802 περιϐόητος,
3323 3730 3415 3782 καὶ
3452 3728 3681 3799 ποιμὴν,
3708 3729 3804 3780 καὶ

2235 3826 2475 3896 μάρτυς·
2506 3824 2534 3875 6
2570 3822 2832 3893 πρότερον
2864 3822 2961 3891 μὲν
2994 3822 3093 3885 τὰς
3120 3820 3353 3889 ἐλάφους
3391 3819 3643 3897 suam
3669 3834 3804 3873 κατ-

2233 3914 2589 3985 επειγομένας
2626 3912 2890 3984 ἀλλήλων,
2926 3914 3011 3967 ἵνα
3040 3911 3177 3984 ξένῳ
3207 3911 3316 3983 (56)
3358 3911 3589 3979 γάλακτι
3617 3913 3801 3982 τραφῇ

2233 4008 2440 4070 δίκαιος
2460 4025 2471 4036 ·
2505 4006 2599 4059 νῦν
2629 4005 2684 4058 δὲ
2734 4005 3037 4077 ποιμαίνων
3068 4005 3196 4058 λαὸν
3240 4002 3628 4076 μητροπόλεως
3662 4003 3801 4073 (57),

2234 4100 2327 4153 καὶ
2357 4097 2419 4151 τὸ
2448 4097 2548 4169 ἐαρ
2574 4097 2895 4165 ἐγκαινίζων
2928 4098 3165 4169 σήμερον
3191 4098 3312 4159 ταῖς
3345 4095 3562 4159 πολλαῖς
3595 4095 3803 4166 χιλιάσι

2232 4192 2340 4245 τῶν
2374 4192 2708 4262 πανταχόθεν
2735 4192 3121 4263 ἐπειγομένων,
3145 4190 3398 4262 διάφορόν
3432 4189 3543 4261 (58)
3576 4208 3635 4243 τε
3680 4192 3802 4263 ἀρε·

2233 4285 2329 4355 τῆς
2362 4283 2602 4349 κάλλεσι,
2652 4283 2747 4336 καὶ
2791 4284 3046 4354 ποιμέσιν
3100 4280 3270 4349 ἄξιον,
3310 4282 3403 4336 καὶ
3454 4282 3635 4350 λόγοις
3683 4281 3796 4353 (59)

2233 4375 2537 4439 ἐπινικίοις.
2574 4373 2696 4428 Ἔτι
2761 4375 2818 4428 δὲ
2859 4373 3269 4445 συντομώτερον
3318 4375 3516 4439 είπεῖν,
3558 4372 3652 4426 νῦν
3700 4372 3801 4445 ἔαρ

629 4575 742 4648 (27)
790 4575 1149 4648 ’qudo'qq'a.
1206 4571 1458 4648 _¢Sol_uti_s
1488 4573 1696 4648 pennis.
1726 4591 1758 4648 ν.
1806 4572 1895 4648 Sic
1951 4572 2129 4648 plures
2160 4578 2206 4634 D
2237 4576 2560 4648 refert;_ac
2619 4574 2697 4629 sic
2747 4574 2970 4648 expauit
3009 4592 3022 4628 :
3070 4573 3256 4648 «Quia
3301 4582 3561 4648 praesente
3600 4573 3797 4628 Basilio

560 4641 732 4716 Regg.
751 4654 805 4700 et
830 4644 980 4724 pelli.
1022 4644 1114 4724 Sic
1147 4643 1308 4723 etiam
1344 4644 1469 4713 legit
1498 4642 1701 4697 Billius.
1742 4641 1795 4695 lu
1830 4641 2130 4705 θύ.,έλκύ-

563 4732 724 4779 σασα,
768 4733 786 4765 ι
815 4716 1067 4767 detractis
1101 4716 1307 4781 pennis.
1333 4731 1351 4763 ι

632 4784 742 4855 (28)
774 4783 841 4836 Τὸ
874 4782 1034 4855 μέλι.
1065 4783 1155 4855 Sic
1176 4781 1422 4855 quinque
1454 4780 1617 4851 Regg.
1679 4780 1837 4835 Deest
1866 4780 1927 4833 τό
1957 4780 2008 4835 in
2039 4784 2125 4836 ed.

650 4846 739 4918 29)
768 4846 1033 4905 Γλὺκύν.
1063 4846 1251 4912 δανίίζ,
1288 4846 1435 4918 ἡδύν.

652 4917 740 4989 50)
786 4921 1002 4989 Ἡμεῖς.
1058 4921 1147 4972 Sic
1202 4917 1316 4971 tres
1348 4918 1538 4988 Regg.,
1599 4917 1761 4972 Coisl.
1806 4921 1855 4984 l,
1911 4920 2123 4986 Comb.,

508 5058 511 5059 ν
560 4991 664 5048 clc.
704 4991 758 5044 lin
783 4996 891 5051 ed.,
929 4991 1104 5059 ὑμεῖς.

634 5062 746 5130 (51)
789 5058 1156 5125 Ἀλαλήτοις.
1188 5075 1205 5106 ι
1230 5055 1609 5122 lnell'abihhus,
1640 5059 1902 5113 sermonis
1937 5073 2125 5129 exper-

566 5132 725 5185 tibus.
762 5150 778 5179 ι

633 5200 744 5269 (52)
778 5196 1007 5249 Πεδίον.
1023 5195 1089 5269 _ln
1115 5194 1403 5269 nonnullis,
1427 5193 1641 5269 πεδίωνΣ

635 5262 745 5337 (55)
773 5264 1074 5337 Λαμπροῖς
1108 5264 1231 5327 τοῖς
1262 5262 1518 5337 βήμασι.
1567 5284 1583 5314 ι
1609 5263 1912 5333 Splendidis
1940 5266 2122 5319 altari-

563 5339 686 5398 bus,
712 5336 733 5386 »⁷
766 5351 881 5397 seu,
917 5336 1206 5401 aedibus,»
1237 5350 1353 5403 qua:
1379 5336 1428 5387 in
1468 5345 1763 5403 martyrum
1790 5337 2126 5401 memoriam,

567 5409 674 5460 Deo
738 5419 925 5460 eorum
957 5406 1171 5457 nomine
1202 5416 1513 5457 consecrata
1569 5406 1798 5468 fuerant,
1855 5406 1945 5459 ubi
1972 5420 2125 5459 sacra

562 5492 748 5531 eorum
785 5474 1007 5542 pignora
1040 5485 1195 5528 erant
1224 5474 1455 5527 condita.

633 5546 746 5617 (54)
785 5541 951 5613 Ἐμὸς
981 5542 1111 5612 γάρ.
1138 5561 1186 5617 ᾗ(
1212 5542 1357 5617 Mens
1387 5545 1548 5597 enim.
1577 5561 1595 5593 ι
1665 5541 1719 5596 S.
1758 5543 1959 5617 Marnas
2007 5552 2123 5597 erat

560 5612 869 5682 Cappadox,
899 5617 1100 5668 idcirco
1128 5612 1414 5682 Gregorius
1446 5633 1463 5663 ι
1493 5627 1646 5664 smnn
1676 5633 1693 5663 ι
1729 5614 1975 5682 appellat.

633 5680 743 5754 (55)
769 5684 1033 5738 Πιπτέτω
1054 5680 1294 5754 φθόνος.
1330 5699 1347 5731 ι
1377 5680 1629 5754 Facessat
1671 5680 1885 5737 invidia.
1915 5704 1932 5735 ι
1970 5682 2124 5737 Nice-

566 5752 651 5814 tas
702 5752 843 5810 hunc
891 5752 1065 5809 locum
1104 5756 1170 5809 ad
1232 5752 1488 5808 Basilium
1519 5752 1767 5823 Magnum
1806 5764 2121 5823 prmscritem

630 4784 650 4994 ἕ

2235 4645 2425 4715 Magno
2465 4646 2604 4715 hanc
2635 4647 2937 4715 oratioaern
2960 4643 3526 4715 baneliatGregnrius,
3558 4653 3802 4712 propter-

2231 4729 2294 4769 ea
2327 4713 2488 4769 scite
2520 4714 2766 4783 adjunxit
2797 4730 2811 4767 :
2854 4731 2872 4766 ι
2899 4713 3157 4768 Facessat
3200 4714 3437 4783 invidia:
3481 4732 3499 4764 ι
3534 4716 3682 4782 quasi
3716 4715 3799 4765 di-

2231 4795 2380 4837 ceret
2411 4802 2424 4838 :
2460 4784 2535 4836 Ne
2560 4781 2686 4836 mihi
2734 4798 3077 4848 succenseas,
3127 4783 3306 4837 divine
3337 4781 3521 4846 Basili,
3555 4781 3626 4835 'si
3652 4785 3798 4852 quod

2234 4864 2379 4906 tuum
2402 4863 2505 4918 est,
2530 4853 2913 4906 benevolentiae
2947 4852 3136 4905 aﬂ'ectu
3162 4852 3291 4906 mihi
3319 4852 3552 4912 vindico.
3583 4868 3787 4905 mcum-

2227 4937 2330 4991 que
2361 4924 2627 4975 nomino.»
2667 4920 2797 4976 Vide
2826 4920 2996 4991 Man,
3027 4938 3078 4975 ιι.
3106 4920 3160 4975 2.

2298 4991 2410 5061 (56)
2441 4991 2621 5056 Ξένῳ.
2660 4991 2811 5053 Sav.,
2845 4993 2902 5043 ἐν
2942 4990 3097 5061 ξένῳ.

2296 5060 2405 5131 (57)
2440 5061 2891 5128 Μητροπόλεως.
2928 5060 3057 5131 “Per
3111 5061 3446 5130 metropolim
3492 5060 3794 5115 Caesaream

2226 5128 2499 5252 Lutetlligit,
2530 5131 2617 5184 ubi
2642 5132 2891 5199 pretiosae
2922 5128 2981 5184 S.
3006 5128 3301 5185 Mamantis
3339 5132 3579 5199 reliquit}:
3612 5145 3798 5183 scha-

2263 5214 2326 5252 an
2359 5217 2439 5252 nr.

2263 5209 2439 5253 alllllr.

2298 5268 2407 5337 (58)
2446 5268 2754 5337 Διάφορον.
2798 5269 2962 5324 Coisl.
3002 5271 3053 5334 l,
3115 5268 3290 5331 Pass,
3335 5279 3463 5332 etc.,
3501 5267 3795 5337 διαφόροις.

2227 5337 2333 5391 Ver
2360 5351 2643 5407 praestans,
2697 5349 2807 5391 tum
2842 5341 3095 5391 virtutum
3147 5341 3507 5402 ornamentis,
3547 5350 3659 5391 lum
3704 5353 3796 5404 pa-

2226 5412 2465 5530 ﬁtoribus
2501 5410 2741 5478 dignum,
2774 5411 2864 5478 qui
2910 5410 2977 5462 ad
3012 5409 3264 5478 martyris
3295 5408 3485 5463 festum
3515 5410 3800 5463 contentie-

2261 5489 2372 5530 ant.
2990 5504 2993 5505 ν

2261 5489 2372 5531 ant.
2990 5504 2993 5505 ν

2294 5548 2405 5617 (59)
2436 5551 2664 5616 Λόγοις.
2696 5546 2787 5601 Sic
2825 5557 2934 5601 tres
2957 5546 3145 5617 Regg.,
3196 5562 3388 5602 novem
3416 5547 3588 5609 Coll»,
3624 5543 3789 5617 Coisl.

2222 5617 2271 5686 1,
2303 5613 2408 5671 etc.
2469 5638 2485 5669 ι
2516 5613 2649 5672 'l‘unt
2677 5621 3018 5673 sermonibus
3042 5613 3164 5684 eius
3197 5621 3467 5686 triumpho
3494 5617 3705 5683 dicatis,
3734 5613 3791 5671 in

2222 5684 2340 5759 ejus
2366 5689 2619 5759 triumphi
2649 5688 2983 5743 memoriam.
3009 5708 3026 5739 ι
3059 5686 3117 5742 lu
3143 5692 3252 5755 ed.,
3280 5684 3454 5755 λόγος.
