4100 6276
534 272 641 328 625

950 582 1333 660 ORATIO
1367 584 1631 663 XLVa.

1011 755 1076 812 In
1107 768 1345 813 sanctum
1377 758 1604 814 Pascha.

601 894 637 945 Ι.
666 891 835 961 Super
852 891 1145 945 custodiam
1169 907 1337 945 meam
1360 892 1530 957 stabo,
1556 891 1727 961 inquit
1749 892 2095 948 admirandus

527 984 775 1039 llabacuc
803 984 841 1036 ³.
883 984 991 1054 Ego
1022 999 1236 1052 quoque
1267 999 1387 1037 cum
1422 984 1539 1053 ipso
1586 985 1763 1049 hodie,
1806 986 1928 1039 data
1964 988 2091 1041 mihi

530 1092 625 1146 per
656 1075 915 1145 Spiritum
952 1085 1196 1129 sanctum
1219 1083 1486 1145 potestate
1515 1090 1580 1131 ac
1613 1078 2085 1147 contemplatione,

527 1168 683 1237 quasi
708 1182 738 1222 e
764 1167 981 1236 specula
1002 1167 1289 1236 diligenter
1315 1166 1633 1231 observabo,
1663 1177 1717 1221 et
1740 1183 1948 1223 mecum
1979 1170 2093 1239 ipse

527 1261 903 1323 considerabo,
934 1260 1185 1328 quidnam
1236 1260 1365 1313 mihi
1416 1261 1771 1327 spectandum
1825 1277 2093 1333 propone-

529 1364 634 1416 tur,
663 1351 866 1420 etquid
900 1352 1126 1405 dicetur.
1160 1351 1223 1404 Et
1250 1351 1398 1414 steti,
1462 1366 1525 1406 ac
1574 1353 1880 1421 speculatus
1928 1370 2086 1410 sum:

523 1453 575 1497 et
626 1457 752 1497 ecce
797 1442 879 1496 vir
918 1442 1110 1497 sedens
1161 1457 1324 1511 super
1373 1444 1563 1510 nubes,
1630 1452 1791 1514 atque
1849 1446 1937 1500 hic
1971 1462 2090 1514 per-

525 1549 685 1602 quam
724 1532 1007 1596 sublimis;
1036 1543 1091 1585 et
1131 1531 1295 1585 facies
1330 1530 1465 1598 ejus,
1501 1541 1559 1586 ιιι
1602 1533 1766 1590 facies
1794 1535 2000 1604 angeli;
2034 1546 2088 1591 et

525 1626 755 1679 amictus
801 1623 938 1690 ejus,
1000 1631 1058 1676 ut
1104 1622 1361 1693 splendor
1392 1624 1620 1695 fulguris
1644 1625 1998 1683 discurrentis
2026 1627 2082 1694 ‘;

521 1730 577 1774 et
611 1719 805 1773 extulit
835 1733 1053 1771 manum
1103 1733 1251 1770 suam
1303 1718 1367 1771 ad
1409 1718 1694 1782 orientem,
1748 1728 1802 1772 et
1836 1717 2088 1772 clamavit

520 1824 653 1864 voce
688 1822 901 1877 magna.
940 1806 1050 1860 Vox
1086 1805 1222 1873 ejus,
1276 1814 1335 1858 ut
1391 1822 1491 1860 vox
1543 1806 1785 1860 buccinae
1843 1822 1858 1870 ;
1919 1815 1972 1860 et
2029 1807 2083 1860 in

519 1899 747 1955 circuitu
799 1896 937 1964 ejus,
984 1896 1139 1966 quasi
1196 1895 1486 1950 multitudo
1519 1896 1757 1949 caelestis
1787 1896 2081 1958 exercitus,

519 2000 573 2045 et
603 1988 955 2045 dixit:llodie
979 1987 1123 2042 salus
1150 1988 1369 2052 mundo,
1408 1997 1515 2041 tam
1548 1987 1769 2051 visibili,
1799 2002 1958 2057 quam
2003 1988 2083 2041 in-

520 2083 736 2139 visibili.
766 2080 1012 2136 Christus
1042 2096 1109 2134 ex
1146 2081 1375 2134 mortuis
1405 2097 1418 2143 ;
1461 2079 1623 2134 simul
1666 2079 1889 2148 surgite.
1919 2078 2079 2134 Chri-
2110 2098 2151 2153 Β

516 2187 629 2230 stus
674 2175 741 2229 ad
766 2189 916 2239 sese;
949 2173 1137 2229 redite.
1167 2172 1415 2228 Christus
1444 2186 1510 2227 ex
1538 2171 1819 2240 sepulcro;
1872 2172 2076 2242 peccati

518 2264 743 2318 vinculis
765 2261 1067 2318 solvamini.
1102 2260 1274 2316 Porta:
1304 2260 1461 2315 inferi
1488 2260 1828 2330 aperiuntur,
1851 2270 1905 2313 et
1934 2274 2079 2313 mors

517 2355 873 2424 opprimitur,
932 2359 985 2407 et
1028 2361 1179 2406 vetus
1224 2351 1396 2405 Adam
1450 2351 1759 2420 deponitur,
1806 2360 1861 2405 et
1908 2364 2081 2405 novus

516 2447 822 2516 perﬁcitur;
865 2446 911 2501 si
961 2459 1079 2514 qua:
1112 2459 1248 2498 nova
1280 2443 1333 2497 in
1371 2442 1589 2499 Christo
1618 2454 1891 2507 creatura,
1921 2456 2081 2497 reno-

513 2535 730 2590 vemiui.
764 2534 887 2589 llaec
911 2533 1125 2603 quidem
1157 2533 1272 2603 ipse
1299 2532 1556 2587 dicebat:
1598 2533 1672 2587 illi
1717 2543 1895 2588 autem
1937 2532 2077 2587 idem

515 2626 801 2689 canebant,
849 2625 991 2695 quod
1028 2632 1172 2690 ante,
1212 2639 1335 2679 cum
1369 2623 1620 2678 Christus
1664 2625 1818 2678 nobis
1857 2638 1950 2693 per
1972 2633 2079 2677 ter-

513 2732 696 2774 renam
745 2718 1081 2771 nativitatem
1136 2717 1429 2785 apparuit:
1484 2715 1669 2770 Gloria
1700 2717 1755 2770 in
1783 2716 2065 2771 altissimis

513 2806 644 2875 Deo,
674 2818 721 2862 et
763 2808 818 2861 in
862 2818 998 2861 terra
1038 2822 1162 2875 pax,
1198 2809 1255 2860 in
1287 2808 1582 2861 hominibus
1609 2808 1744 2862 bona
1774 2808 2008 2862 voluntas
2029 2809 2073 2860 ⁸.

511 2897 644 2953 Cum
694 2895 890 2967 quibus
943 2897 1054 2963 ipse
1106 2909 1322 2965 quoque
1370 2895 1512 2950 inter
1554 2911 1648 2952 vos
1700 2896 1815 2951 hzec
1848 2897 2073 2966 loquor;

512 2996 674 3056 atque
717 2986 922 3039 utinam
982 2997 1165 3038 vocem
1228 2982 1484 3053 angelica:
1544 2995 1727 3050 parem
1782 2983 2072 3052 accipiam,

509 3076 677 3149 846
722 3088 1023 3145 omnesque
1073 3074 1223 3130 orbis
1271 3080 1429 3128 terrae
1482 3073 1617 3126 lines
1668 3072 2076 3129 circumsonan-

512 3177 641 3221 tem.

580 3255 644 3315 ll.
686 3256 889 3312 Pascha
944 3253 1174 3320 Domini,
1222 3252 1453 3315 Pascna,
1510 3252 1814 3321 iterumque
1864 3256 2069 3309 cascha

509 3350 707 3413 dicam,
752 3348 807 3402 in
838 3347 1095 3401 honorem
1129 3344 1434 3400 Trinitatis.
1469 3342 1593 3398 llaac
1619 3345 1771 3399 nobis
1804 3345 2069 3401 festivita—

1764 276 1821 329 S.
1858 275 2182 334 GREGORII
2221 277 2561 334 THEOLOGI

2119 764 2169 823 Δ

3659 283 3765 337 624

666 426 3747 455 ’Ἥ

2691 582 3047 670 ΛΟΓΟΣ
3114 582 3315 673 ΜΕ.

2580 768 2683 830 Εἰς
2715 767 2779 821 τὸ
2814 766 2981 836 ἅγιον
3006 767 3118 838 (45)
3143 768 3375 837 Πάσχα.

2267 892 2346 947 Α’.
2388 895 2513 948 Ἐπὶ
2559 895 2670 964 τῆς
2710 898 2992 967 φυλακῆς
3030 918 3147 967 μου
3188 902 3506 973 στήσομαι,
3539 906 3702 978 φησὶν
3730 905 3764 959 ὁ

2196 983 2494 1055 Θαυμάσιος
2535 988 2843 1061 Ἀὅῦακούμ
2871 992 3008 1063 (44).
3042 993 3210 1062 Κάγὼ
3252 996 3366 1065 μετ’
3398 996 3561 1050 αὐτοῦ
3592 1001 3765 1070 σήμε-

2196 1094 2307 1148 ρον,
2340 1079 2437 1148 τῆς
2464 1078 2748 1151 δεδομένης
2793 1099 2881 1152 μοι
2921 1083 3073 1154 παρὰ
3109 1083 3204 1137 τοῦ
3253 1084 3568 1155 Πνεύματος
3612 1088 3766 1152 ἐξου-

2194 1166 2315 1229 σίας
2343 1168 2436 1220 καὶ
2463 1166 2726 1238 θεωρίας,
2757 1168 2852 1222 καὶ
2892 1170 3291 1224 ἀποσκοπεύσω
3335 1170 3429 1224 καὶ
3459 1171 3763 1243 γνώσομαι,

2191 1257 2244 1308 τί
2284 1255 2611 1327 ὀφθήσεται,
2643 1259 2735 1311 καὶ
2777 1260 2830 1312 τί
2871 1259 3234 1331 λαληθήσεταί
3277 1280 3386 1332 μοι.
3426 1262 3534 1315 Καὶ
3576 1262 3761 1333 ἔστην,

2190 1347 2284 1399 καὶ
2309 1347 2711 1401 ἀπεσκόπευσαο
2743 1350 2837 1402 καὶ
2865 1350 2971 1404 ἰδοὺ
3001 1352 3139 1422 ἀνὴρ
3170 1351 3509 1421 ἐπιϐεϐηκὼς
3532 1354 3623 1405 ὲπὶ
3650 1353 3766 1408 τῶν

2189 1438 2443 1506 νεφελῶν,
2490 1442 2581 1494 καὶ
2627 1435 2780 1504 οὗτος
2820 1441 3022 1513 ὑψηλὸς
3072 1444 3306 1513 σφόδρα’
3353 1444 3446 1497 καὶ
3487 1446 3520 1514 ἡ
3572 1445 3766 1515 ὅρασις

2188 1529 2382 1594 αὑτοῦ,
2417 1531 2492 1593 ὠς
2531 1533 2719 1603 ὅρασις
2752 1533 3005 1601 ἁγγέλου’
3051 1535 3145 1587 καὶ
3193 1537 3225 1605 ή
3271 1535 3432 1605 στολὴ
3468 1534 3656 1598 αὑτοῦ,
3684 1536 3766 1600 ὡς

2188 1622 2389 1690 φέγγος
2430 1623 2714 1694 ἀστραπῆς
2759 1622 3112 1697 διερχομένής
3155 1626 3296 1694 ΗΒΓ
3336 1627 3427 1679 καὶ
3459 1627 3630 1698 ἐπῆρε
3662 1626 3764 1698 τὴν

2186 1714 2342 1781 χεῖρα
2374 1711 2536 1765 αὐτοῦ
2563 1713 2679 1765 κατ’
2706 1712 2985 1777 ἀνατολὰς,
3012 1714 3106 1767 καὶ
3131 1714 3321 1785 ὲὸόησε
3346 1716 3493 1784 φωνῇ
3525 1714 3758 1785 μεγάλῃ.

2183 1802 2337 1872 Φωνὴ
2372 1802 2555 1867 αὑτοῦ,
2586 1804 2660 1867 ὡς
2691 1804 2839 1875 φωνὴ
2870 1804 3197 1873 σάλπιγγος’
3228 1806 3321 1858 καὶ
3354 1804 3538 1876 κύκλῳ
3566 1805 3759 1865 αὑτοῦ.

2182 1890 2258 1954 ὡς
2294 1891 2497 1962 πλῆθος
2546 1894 2795 1965 οὐρανίου
2849 1898 3107 1966 στρατιᾶς
3129 1937 3143 1960 ,
3186 1897 3281 1950 κα)⁵
3317 1890 3469 1949 εἷπε·
3509 1897 3764 1967 Σήμερον

2188 1983 2430 2053 σωτηρία
2455 1982 2532 2053 τῷ
2560 1984 2771 2054 κόσμῳ,
2802 1985 2925 2049 ὅσος
2956 2003 3016 2038 τε
3049 1986 3271 2056 ὁρατὸς,
3307 1988 3401 2039 καὶ
3429 1988 3550 2049 ὅσος
3585 1986 3759 2056 ἀόρα-

2182 2090 2290 2137 τος.
2327 2076 2560 2144 Χριστὸς
2592 2077 2656 2128 ὲκ
2698 2077 2928 2148 νεκρῶν,
2977 2078 3379 2148 συνεγείρεσθε·
3412 2077 3643 2149 Χριστὸς
3676 2078 3763 2141 είς

2184 2163 2374 2216 ἑαυτὸν
2404 2164 2535 2234 (46),
2564 2166 2930 2236 ὲπανέρχεσθε
2949 2183 2963 2197 ο
3006 2167 3238 2238 Χριστὸς
3266 2169 3330 2221 ὲκ
3362 2167 3563 2236 τάφων,
3601 2167 3759 2220 ὲλευ-

2183 2255 2453 2327 θερώθητε
2504 2256 2613 2310 τῶν
2656 2258 2870 2329 δεσμῶν
2920 2260 3017 2331 τῆς
3071 2260 3364 2331 ἁμαρτίας.
3410 2259 3582 2314 Πύλαι
3624 2260 3757 2330 ᾇδου

2180 2346 2509 2414 ἀνοίγονται,
2546 2347 2641 2400 καὶ
2679 2347 2904 2413 Θάνατος
2942 2351 3298 2415 καταλύεται,
3335 2352 3428 2404 καὶ
3464 2353 3493 2403 ὁ
3527 2352 3759 2417 παλαιὸς

2194 2437 2363 2506 Ἀδὰμ
2383 2437 2697 2493 ἀποτίθεται
2720 2439 2850 2509 (47),
2880 2441 2972 2493 καὶ
2994 2443 3021 2493 ὁ
3044 2441 3161 2504 νέος
3185 2442 3593 2515 ωμπληροῦται
3615 2442 3754 2513 (48)⁶

2179 2529 2233 2581 εἴ
2258 2545 2342 2591 τις
2366 2529 2424 2580 ὲν
2454 2528 2674 2599 Χριστῷ
2700 2529 2860 2600 καινὴ
2889 2529 3083 2596 κτίσις,
3109 2530 3538 2595 ἀνακαινίζεσθε.
3571 2532 3759 2587 Ταῦτα

2178 2620 2207 2671 ὁ
2250 2618 2348 2690 μὲν
2389 2618 2591 2689 ἔλεγεν·
2630 2622 2679 2674 οἱ
2718 2620 2775 2673 δὲ
2812 2620 3100 2691 ἁνύμνουν,
3149 2623 3285 2693 ὅπερ
3327 2623 3419 2676 καὶ
3467 2624 3753 2696 πρότερον,

2179 2709 2341 2782 ἡνίκα
2372 2712 2503 2782 ἡμῖν
2547 2709 2791 2782 ἐπεφάνη
2832 2712 3063 2782 Χριστὸς
3099 2711 3190 2765 διὰ
3231 2714 3329 2784 τῆς
3373 2714 3521 2768 κάτω
3561 2716 3758 2788 γεννή-

2179 2819 2335 2865 σεως,
2362 2803 2443 2865 τὸ,
2475 2801 2629 2866 Δόξα
2654 2803 2724 2855 ἐν
2752 2804 3036 2871 ὑψίστοις
3077 2803 3229 2870 Θεῷ,
3269 2805 3365 2859 καὶ
3406 2805 3503 2859 ἐπὶ
3532 2805 3645 2875 γῆς
3668 2809 3755 2861 ει·-

2170 2894 2351 2962 ρήνη,
2395 2894 2469 2948 ἐν
2510 2894 2842 2963 ἀνθρώποις
2879 2894 3140 2951 εὐδοκία.
3185 2897 3319 2950 Μεθ’
3352 2892 3427 2951 ὧν
3469 2898 3562 2952 καὶ
3591 2899 3755 2964 αὐτὸς

2176 2989 2236 3039 ὲν
2284 2986 2412 3057 ὑμῖν
2442 2984 2617 3039 ταῦτα
2648 2985 2989 3056 φθέγγομαι·
3018 2985 3103 3057 εἴη
3141 2987 3198 3041 δὲ
3229 2989 3323 3042 καὶ
3358 2988 3539 3060 φωνὴν
3566 2989 3753 3044 λαϐεῖν

2174 3080 2273 3147 τῆς
2312 3072 2610 3147 ἀγγελικῆς
2662 3076 2848 3145 ἀξίαν,
2896 3078 2991 3132 καὶ
3041 3079 3221 3133 πάντα
3265 3080 3635 3152 περιηχοῧσαν
3679 3080 3753 3135 τὰ

2179 3169 2417 3238 πέρατα.

2244 3261 2318 3315 B'.
2348 3261 2539 3331 Πάσχα
2569 3262 2795 3333 Κυρίου,
2824 3262 3038 3333 Πάσχα,
3072 3263 3165 3317 κα)⁵
3207 3265 3368 3318 πάλιν
3401 3266 3508 3335 ὲρῶ
3536 3265 3748 3337 Πάσχα,

2174 3356 2306 3424 τιμῇ
2338 3354 2447 3425 (49)
2476 3355 2577 3424 τῆς
2609 3354 2856 3426 Τριάδος.
2882 3354 3031 3425 Αὕτη
3063 3355 3264 3427 ἑορτῶν
3293 3359 3424 3428 ἡμῖν
3451 3358 3630 3429 ἑορτὴ,
3656 3360 3751 3412 καὶ

510 3450 621 3493 tum
649 3439 930 3503 festivitas,
950 3448 1003 3492 et
1023 3436 1390 3491 celebritatum
1412 3436 1719 3501 celebritas,
1746 3445 1893 3494 tanto
1916 3448 2077 3494 caete-

2182 3445 2484 3515 πανήγυρις
2524 3445 2912 3517 πανηγύρεων,
2951 3446 3201 3500 τοσοῦτον
3246 3448 3614 3521 ὑπεραίρουσα
3642 3449 3750 3503 πά-

507 3532 585 3584 ris
612 3528 883 3591 omnibus,
926 3542 1029 3580 non
1085 3526 1254 3580 solum
1310 3525 1558 3580 humanis
1583 3534 1639 3580 et
1669 3541 1699 3581 e
1730 3536 1873 3581 terra
1904 3529 2070 3595 ortis,

508 3620 603 3675 sed
631 3620 698 3674 iis
725 3621 911 3681 etiam,
950 3632 1069 3686 qua:
1112 3616 1278 3686 ipsius
1321 3615 1523 3671 Christi
1575 3627 1724 3681 sunt,
1752 3632 1816 3673 ac
1849 3629 2072 3687 propter

507 3710 681 3779 ipsum
762 3708 1121 3771 celebrantur,
1175 3707 1442 3776 superior,
1508 3716 1709 3775 quanto
1768 3712 1846 3763 sol
1897 3709 2079 3763 stellas

506 3799 800 3854 antecellit.
848 3797 1115 3852 Praeclara
1163 3797 1377 3865 quidem
1406 3796 1560 3852 nobis
1594 3812 1809 3867 quoque
1838 3798 1938 3855 fuit
1973 3799 2075 3854 he-

508 3897 690 3941 sterna
729 3885 972 3942 candidae
1004 3885 1167 3939 vestis
1205 3899 1270 3938 ac
1317 3884 1576 3938 luminum
1627 3886 1859 3953 gestatio
1891 3887 2074 3959 (quam

506 3979 757 4049 privatim
788 3978 942 4049 juxta
986 3976 1304 4046 publiceque
1351 3976 1677 4046 peregimus,
1710 3993 1871 4035 omne
1903 3995 2071 4049 genus

509 4066 784 4122 hominum
827 4064 1018 4130 ferme,
1069 4075 1230 4135 atque
1260 4081 1451 4121 omnes
1488 4068 1804 4137 magistratu
1826 4078 1881 4123 et
1900 4070 2069 4140 digni-

507 4168 616 4212 tate
667 4157 931 4229 insignes,
983 4158 1135 4227 largo
1191 4144 1315 4227 igne
1365 4167 1577 4212 noctem
1628 4159 2065 4232 collustrautes),

507 4261 864 4316 magnumque
904 4246 1029 4301 illud
1086 4247 1261 4301 lumen
1310 4246 1573 4315 referens,
1629 4249 1795 4319 quod,
1841 4250 1925 4303 vel
1951 4265 2063 4305 cte-

505 4336 612 4390 lum
646 4338 830 4393 orbem
883 4338 1191 4393 universum
1235 4337 1477 4393 siderum
1514 4354 1732 4393 suorum
1766 4339 2070 4410 pulchritu-

505 4428 627 4481 dine
672 4428 963 4491 illustrans,
1009 4443 1239 4495 superne
1285 4429 1441 4482 nobis
1491 4426 1714 4495 trajicit,
1769 4428 1848 4483 vel
1880 4445 2070 4501 supero

571 4520 594 4553 ⁸
625 4521 824 4578 Habac.
857 4539 917 4588 tt,
952 4523 1003 4576 1.
1078 4522 1100 4554 ⁸
1134 4520 1342 4575 Nahum
1377 4537 1436 4586 tt,
1495 4521 1549 4575 4.
1632 4521 1653 4551 ⁸
1684 4520 1813 4579 Luc.
1859 4540 1920 4592 tt,
1978 4527 2062 4583 14.

573 4642 771 4714 {Alias
803 4640 962 4714 χιιι.
1004 4640 1137 4714 Quze
1183 4649 1360 4714 autem
1392 4639 1461 4691 45
1492 4647 1641 4714 erat,
1678 4655 1818 4714 nunc
1873 4645 2070 4714 episto-
2100 4650 2147 4709 ι)

503 4712 552 4764 la
584 4712 709 4766 245.
732 4738 802 4751 -
832 4710 1023 4763 Habita
1048 4709 1265 4762 Ariauzi
1292 4722 1434 4761 anno
1459 4707 1674 4762 circiter
1706 4710 1830 4764 585.

572 4780 682 4849 (45)
729 4781 951 4848 Ἀγιον.
1002 4778 1163 4833 Deest
1208 4778 1260 4829 in
1300 4775 1430 4846 Reg.
1473 4778 1563 4845 ph,
1609 4780 1836 4848 aliisque
1888 4781 2058 4851 pluri-

501 4850 683 5038 :92“)
721 4916 1070 4983 Ἀδϐακούμ.
1102 4915 1232 4971 Rea.
1269 4914 1361 4982 pb,
1404 4914 1498 4969 0r.
1534 4916 1559 4968 1
1598 4926 1651 4970 et
1680 4917 1892 4983 C0mb.,
1941 4921 2069 4990 ’Δμο

536 5005 734 5038 ακουυ..

536 5005 1114 5123 αᾶὶέῗλιερχομένης.
1166 5072 1184 5105 ι
1213 5053 1589 5109 Discurrentis.
1624 5072 1642 5105 ι
1717 5054 1807 5110 Sic
1840 5057 2064 5128 Vulgata

536 5123 832 5177 tNobilius.
862 5123 979 5177 lbll.
1019 5142 1036 5174 ι
1066 5122 1511 5177 nertranseuntis.
1540 5143 1558 5173 ι

501 5136 555 5179 et
577 5128 832 5177 Nobilius.
862 5128 979 5177 lbll.
1019 5142 1036 5174 ι
1066 5128 1511 5193 pertranseuntis.
1540 5143 1558 5173 ι

568 5193 680 5263 (46)
709 5192 959 5263 Χριστὸς
983 5195 1069 5263 εις
1090 5194 1326 5257 ἑαυτόν,
1354 5200 1458 5247 etc.
1483 5192 1696 5263 Nicetas
1730 5212 1742 5246 :
1778 5213 1795 5245 ι
1822 5195 2065 5253 Christus

501 5264 569 5345 ad
599 5275 717 5345 sese
744 5262 917 5345 rediit.
944 5281 963 5313 ο
999 5262 1152 5329 Quod
1176 5275 1469 5345 exponens,
1502 5262 1743 5345 adjungit
1762 5284 1797 5345 λι
1834 5283 1853 5317 ι
1880 5268 1930 5321 id
1954 5279 2055 5331 est,

502 5332 570 5384 ad
595 5332 887 5404 divinitatis
915 5333 1452 5404 suzeamplitudinem
1476 5340 1530 5384 et
1550 5332 1899 5401 dignitatem;
1930 5352 2058 5404 qua,

503 5407 720 5469 propter
753 5400 1226 5474 dispensationem,
1255 5403 1319 5455 ad
1348 5403 1597 5474 exiguum
1618 5400 1837 5473 tempus
1861 5400 2060 5474 Spolia;

504 5481 586 5522 ttts
624 5478 786 5537 atque
810 5471 1121 5539 exiuanitus
1176 5471 1373 5525 fuerat.
1436 5471 1701 5539 Receptus
1742 5471 1961 5537 'autein.
1992 5478 2058 5529 ad

501 5541 775 5613 dexteram
807 5538 982 5595 Patris
1008 5545 1267 5613 consedit.
1322 5540 1511 5613 Redite
1544 5542 1706 5609 igitur
1728 5557 1822 5597 vos
1848 5560 2060 5613 quoque

499 5609 565 5688 ad
600 5618 831 5688 veterem
862 5612 1202 5677 splendorem
1250 5620 1304 5665 et
1363 5610 1697 5679 dignitatem,
1753 5630 1818 5668 ac
1865 5609 2060 5671 divina:

498 5679 745 5747 imaginis
774 5679 958 5735 decus.
983 5700 1002 5732 ι

2186 3553 2303 3600 σας,
2345 3537 2404 3588 οὐ
2446 3537 2544 3599 τὰς
2580 3538 2928 3608 ἀνθρωπικὰς
2976 3540 3134 3610 μόνον
3182 3541 3275 3594 καὶ
3308 3541 3478 3611 χαμαὶ
3519 3541 3751 3611 ἐρχομὲο

2180 3628 2412 3699 νας(5θ),
2429 3629 2541 3682 ἀλλ’
2562 3630 2660 3700 ἤδη
2694 3631 2900 3696 καὶτὰς
2916 3632 3075 3685 αὑτοῦ
3097 3632 3331 3702 Χριστοῦ
3361 3632 3455 3685 καὶ
3480 3632 3564 3684 ἐπ’
3600 3632 3752 3703 αὐτῷ

2177 3719 2521 3789 τελουμένας,
2552 3722 2673 3774 ὅσον
2715 3722 2953 3793 ἀστέρας
2986 3724 3154 3795 ἥλιος.
3185 3723 3340 3795 Καλὴ
3380 3725 3477 3793 μὲν
3496 3723 3622 3795 (51)
3655 3724 3750 3777 καὶ

2176 3812 2209 3881 ἡ
2250 3810 2377 3879 χθὲς
2421 3812 2552 3882 ἡμῖν
2592 3810 2975 3886 λαμπροφορία
3008 3814 3118 3885 (52)
3159 3815 3251 3867 xu).
3291 3806 3642 3882 φωταγὼγία,
3677 3813 3747 3882 ἣν

2179 3900 2284 3972 ἰδία
2309 3918 2367 3954 τε
2413 3903 2508 3955 κα)¹
2546 3903 2777 3976 δημοσίᾳ
2808 3905 3286 3977 συνεστησάμεθα,
3317 3905 3425 3957 πᾶν
3469 3904 3622 3972 γένος
3651 3904 3746 3955 ἀν-

2172 3990 2402 4060 θρώπων
2430 3992 2624 4064 μικροῦ
2649 3995 2742 4046 καὶ
2772 3994 2899 4060 ἀξία
2925 3996 3092 4060 πᾶσα,
3129 3994 3340 4064 δαψιλεῖ
3363 3991 3440 4063 τῷ
3480 3993 3611 4062 πυρὶ
3644 3991 3746 4063 τὴν

2170 4081 2337 4135 νύκτα
2378 4083 2842 4152 καταφωτίζοντες
2881 4086 3013 4155 (55),
3052 4087 3141 4141 καὶ
3183 4086 3276 4139 τοῦ
3306 4084 3539 4156 μεγάλου
3568 4082 3747 4152 φωτὸς

2169 4170 2477 4237 ἀντίτυπος,
2514 4174 2638 4226 ὅσον
2676 4191 2732 4227 τε
2776 4176 3002 4247 οὐρανὸς
3049 4175 3252 4230 ἄνωθεν
3285 4176 3613 4246 φρυκτωρεί,
3646 4173 3743 4226 κό-

2172 4277 2306 4332 σμον
2341 4263 2459 4317 ὅλον
2504 4264 2614 4334 (54)
2655 4265 2907 4333 αὐγάζων
2938 4270 3050 4330 τοῖς
3083 4267 3212 4338 παρ’
3260 4265 3452 4319 ἑαυτοῦ
3498 4264 3740 4329 κάλλεσι,

2169 4350 2260 4402 καὶ
2302 4352 2424 4405 ὅσον
2475 4353 2895 4424 ὑπερουράνιον,
2945 4354 3001 4407 ἐν
3043 4371 3101 4407 τε
3142 4354 3390 4423 ἀγγέλοις
3430 4356 3496 4424 τῇ
3549 4351 3739 4424 πρώτῃ

2168 4445 2399 4514 φωτεινῇ
2434 4444 2591 4513 φύσει
2628 4445 2766 4515 μετὰ
2797 4446 2893 4516 τὴν
2929 4444 3181 4517 πρώτην,
3205 4445 3283 4516 τῷ
3322 4444 3530 4498 ἐκεῖθεν
3562 4443 3742 4514 πηγά-

2245 4649 2353 4719 (47)
2390 4649 2773 4703 Ἀποτίθετιιι.
2825 4649 2956 4718 Reg.
3013 4650 3121 4712 bm,
3176 4647 3543 4719 ἀποτέθειται.
3588 4646 3739 4699 Allu-

2172 4718 2331 4772 tlitad
2360 4720 2472 4773 lucc
2495 4720 2733 4788 Apostoli
2769 4722 2927 4772 verba
2983 4720 3119 4787 Eph.
3154 4734 3228 4780 tv,
3267 4719 3338 4772 22
3371 4736 3384 4771 :
3418 4735 3436 4767 ι
3463 4718 3740 4785 Deponere

2170 4802 2265 4841 vos
2291 4789 2581 4841 secundum
2617 4789 2898 4855 pristinam
2925 4790 3408 4854 conversationem,
3432 4806 3451 4839 ι
3493 4796 3597 4840 etc.

2168 4925 2210 4979 Β
2240 4857 2357 4979 (48))
2374 4856 2482 4911 Καὶ
2518 4860 2550 4910 ὁ
2578 4856 2715 4924 νέος
2740 4856 3214 4927 συμπληροῦται.
3273 4857 3395 4910 Haec
3433 4857 3627 4911 desunt
3676 4855 3737 4911 in

2216 4942 2297 4979 ea.
2363 4943 2435 4979 ιη.

2216 4942 2297 4980 ea.
2327 4930 2435 4980 bm.

2237 4944 2547 5066 (ῗ9ΐηὶῆμῇ.
2580 4994 2671 5067 Sic
2701 4998 2880 5065 plures
2920 4995 3084 5067 Regg.
3114 4996 3171 5052 In
3207 4996 3317 5060 ed.,
3348 4998 3503 5067 τιμή.

2236 5067 2347 5136 (50)
2376 5066 2564 5134 Χαμαὶ
2586 5065 2940 5136 ῥρχομένας.
2987 5065 3073 5119 (Β
3109 5077 3249 5119 terra
3295 5065 3448 5131 ortis,
3470 5065 3732 5136 originem

2166 5134 2502 5191 ducentibus.
2528 5154 2545 5184 ι
2583 5134 2699 5188 ΒιΙΙ.
2736 5134 2758 5187 ι
2787 5139 2929 5190 humi
2961 5136 3167 5191 defixis.
3194 5153 3214 5186 ι

2238 5205 2348 5275 (51)
2384 5204 2529 5258 Mer.
2563 5205 2748 5260 Plures
2769 5206 2924 5260 codd.
2959 5207 3174 5269 addunt,
3197 5201 3290 5259 οὖν

2230 5275 2340 5345 (52)
2386 5277 2830 5345 Λαμπροερορία.
2860 5295 2907 5345 ,γε
2932 5276 3183 5345 Candidus
3219 5276 3384 5330 vestis
3434 5275 3680 5344 gestatio.
3709 5292 3733 5327 ι

2161 5343 2476 5424 All'udtt'ltic
2498 5344 2791 5424 G_rcgorius
2828 5344 2892 5424 ad
2926 5344 3181 5424 candidas
3223 5343 3609 5424 neopbytorutn
3646 5361 3735 5399 ve-

2161 5425 2304 5484 stest
2323 5412 2441 5465 Bill.
2482 5430 2500 5464 ι
2527 5412 2721 5484 facium
2750 5424 2804 5468 ct
2833 5416 3091 5484 luminum
3121 5412 3367 5484 gestatio.
3391 5412 3411 5466 ὁ

2231 5483 2343 5551 (55)
2375 5483 2903 5551 Καταφωτίζοντες.
2955 5483 3013 5538 ln
3071 5483 3358 5552 nonnullis,
3426 5486 3735 5553 καταφωτίο

2164 5569 2372 5615 σαντες.

2231 5624 2344 5692 (51)
2375 5625 2568 5677 "Odor.
2603 5622 2694 5678 Sic
2722 5623 2880 5677 codd.
2916 5623 2970 5678 ltt
2999 5623 3110 5678 ed..
3145 5621 3303 5679 ὅλων.

4010 5016 4025 5155 ᾗ

4004 5644 4009 5779 ᾖ
