4100 6276
34 1444 38 1653 l

34 1720 37 1853 Ψ

330 247 443 301 63s,-
1266 247 1520 303 ORATIO
1559 242 1724 303 XLV.
1762 280 1829 288 _
1870 246 1933 301 IN
1975 246 2298 304 SANCTUM
2337 248 2627 305 PASCHA.
3485 260 3590 315 626

328 362 529 429 ζεσθαι
559 362 707 434 (55),
754 362 847 416 καὶ
893 363 1017 416 ὅσον
1065 363 1123 413 ὲν
1170 365 1234 433 τῇ
1280 364 1499 435 Τριάδι,
1544 366 1672 437 παρ’
1715 362 1781 438 ἧς
1812 364 1923 435 φῶς

2032 363 2252 420 cteleste
2274 372 2378 425 est,
2431 372 2543 417 tum
2591 363 2642 416 in
2678 364 2904 433 angelis,
2949 380 3065 434 quae
3100 367 3270 435 prima
3314 382 3437 437 post
3480 377 3592 443 pri-

331 454 483 508 ἅπαν
516 454 869 523 συνέστηκεν,
914 451 974 516 ἐξ
1012 451 1309 524 ἀμερίστου
1351 454 1529 523 φωτὸς
1566 454 1918 526 μεριζόμενον

331 547 431 598 καὶ
461 544 773 615 τιμώμενον
799 543 933 614 (56).
958 543 1203 598 Καλλίων
1245 544 1301 597 δὲ
1335 548 1367 615 ή
1402 547 1661 619 σήμερον,
1701 547 1795 600 καὶ
1820 563 1917 599 πε-

332 634 724 706 ριφανεστέρα.
753 633 1070 704 ”υσῳ’χθὲς
1118 634 1217 703 μὲν
1250 634 1555 705 πρόδρομον
1591 630 1660 704 ἦν
1694 634 1785 688 τοῦ
1823 650 1917 703 με·

329 726 503 795 γάλου
532 726 709 794 φωτὸς
732 724 1089 794 ἀνισταμένου
1111 724 1172 775 τὸ
1200 723 1337 792 φῶς,
1362 726 1453 778 καὶ
1475 720 1586 779 οἷον
1612 723 1914 795 εὐφροσύνη

330 833 421 880 τις
470 816 808 887 προεόρτιος.
854 816 1101 886 Σήμερον
1152 815 1210 868 δὲ
1262 815 1359 886 τὴν
1405 816 1700 871 ἀνάστασιν
1730 810 1916 885 αὐτὴν

333 908 669 978 ἑορτάζομεν
691 946 707 971 ,
732 907 834 961 οὐκ
864 906 942 959 ἔτι
985 905 1372 978 ἐλπιζομένην,
1411 907 1525 961 ἀλλ’
1558 908 1661 978 ήδη
1686 923 1915 976 γεγενη-

336 998 508 1068 μένην
534 996 670 1068 (57),
698 998 794 1050 καὶ
826 996 1029 1067 κόσμον
1065 996 1184 1051 ὅλον
1209 999 1374 1069 ἑαυτῇ
1402 998 1759 1066 συνάγουσαν.
1788 996 1916 1049 Ἀλ-

332 1089 427 1152 λος
455 1088 554 1159 μὲν
575 1085 668 1142 οὖν
695 1088 821 1143 ἄλλο
844 1105 898 1142 τι
926 1088 1004 1159 τῷ
1027 1089 1204 1161 καιρῷ
1229 1090 1662 1161 καρποφορείτω,
1692 1090 1785 1142 καὶ
1815 1088 1916 1142 δω-

335 1180 638 1251 ροφορείτω
672 1180 782 1251 (58)
821 1179 994 1252 δῶρον
1040 1180 1265 1252 ὲόρτιον,
1309 1180 1341 1252 ἢ
1375 1181 1600 1253 μικρὸν,
1638 1181 1671 1252 ἢ
1709 1180 1912 1251 μεῖζον,

332 1269 443 1322 τῶν
471 1270 858 1339 πνευματικῶν
892 1287 950 1323 τε
991 1272 1084 1323 καὶ
1118 1271 1237 1342 Θεῷ
1264 1272 1463 1340 φίλων,
1489 1273 1636 1336 ὅπως
1677 1271 1743 1325 ἂν
1785 1272 1912 1324 ἕκα-

335 1378 462 1437 στος
510 1360 608 1432 ἔχῃ
650 1361 951 1432 δυνάμεως.
996 1362 1106 1432 Τῆς
1149 1362 1258 1434 γὰρ
1301 1362 1491 1429 ἀξίας,
1542 1363 1693 1434 μόλις
1729 1364 1794 1416 ἂν
1821 1364 1913 1417 κα)¹

333 1450 559 1519 ἄγγελοι
590 1452 824 1522 τύχοιεν,
857 1453 907 1505 oi
937 1453 1163 1525 πρῶτοι,
1192 1456 1285 1507 καὶ
1314 1456 1508 1526 νοεροὶ,
1544 1455 1639 1509 καὶ
1661 1453 1913 1526 καθαροὶ,

334 1543 432 1597 κα)⁸
463 1542 575 1612 (59)
600 1542 700 1613 τῆς
723 1543 837 1597 ἀνω
867 1542 1023 1615 δόξης
1056 1545 1286 1598 ἐπόπται
1315 1546 1410 1600 καὶ
1440 1546 1736 1618 μάρτυρες
1758 1548 1915 1619 εἴπερ

335 1633 431 1685 καὶ
478 1632 689 1695 τούτοις
736 1632 798 1684 τὸ
856 1634 962 1686 πᾶν
1014 1634 1235 1703 ἐφικτὸν
1293 1635 1401 1706 (60)
1458 1637 1557 1707 τῆς
1609 1633 1911 1710 ὑμνήσεως.

2021 468 2165 507 mam
2215 451 2390 507 lucida
2418 462 2608 506 natura
2640 462 2721 507 est
2757 454 2902 523 (nam
2935 454 3082 511 illinc
3113 458 3451 527 splendorem
3481 472 3588 518 tra—

2025 544 2219 611 bunt);
2273 552 2382 597 tum
2426 544 2479 597 in
2519 544 2630 611 ipsa
2667 544 2953 613 Trinitate,
2985 562 3013 601 a
3046 563 3150 616 qua
3205 549 3383 606 lumen
3431 569 3591 610 omne

2028 634 2346 702 productum
2371 641 2474 696 est,
2501 632 2570 688 ab
2595 632 2910 689 indivisiblli
2939 635 3142 690 lumine
3171 638 3401 695 divisum
3429 654 3592 713 atque

2017 724 2367 779 bonoratmn.
2395 723 2466 777 At
2500 725 2765 781 hodierna
2797 728 3112 796 praeclarior
3129 738 3189 785 et
3218 732 3588 796 excellentior.

2018 814 2153 869 Nam
2202 815 2515 870 hesternum
2566 816 2748 870 lumen
2781 821 2955 889 magni
2986 820 3130 876 illius
3161 822 3376 879 luminis
3400 841 3591 882 exsur-

2016 907 2191 976 gentis
2219 908 2577 976 praenuntium
2600 918 2738 974 erat,
2769 923 2833 964 ac
2864 910 3026 966 veluti
3063 913 3303 981 profesta
3343 919 3587 986 quaedam

2018 997 2322 1052 animorum
2366 997 2631 1067 voluptas.
2680 1000 2849 1055 Hodie
2899 1012 3077 1057 autem
3119 1004 3289 1073 ipsam
3347 1023 3589 1063 resurre-

2017 1088 2255 1144 ctionem
2296 1088 2656 1156 celebramus,
2709 1107 2816 1148 non
2862 1094 2968 1163 iam
3001 1096 3052 1149 in
3085 1111 3179 1165 spe
3204 1098 3455 1168 positam,
3495 1103 3588 1155 sed

2015 1180 2121 1249 iam
2162 1190 2363 1259 ortam,
2406 1185 2775 1253 mundumque
2827 1193 2999 1240 totum
3045 1186 3150 1241 sibi
3194 1188 3587 1245 conciliunlem.

2018 1269 2309 1327 Enimvero
2350 1272 2490 1328 alius
2519 1272 2663 1326 aliud
2693 1273 2948 1342 quiddam
2993 1276 3116 1330 huic
3156 1280 3379 1347 tempori
3408 1279 3589 1345 donet,

2017 1374 2081 1415 ac
2105 1376 2299 1417 munus
2325 1360 2581 1417 festivum
2603 1362 2811 1426 offerat,
2837 1365 2919 1419 vel
2935 1380 3179 1435 parvum,
3207 1368 3289 1423 vel
3319 1383 3590 1436 magnum,

2016 1450 2176 1506 modo
2220 1452 2523 1521 spirituale,
2573 1454 2791 1523 Deoqne
2840 1465 3071 1524 gratum,
3099 1460 3461 1528 unusquisque
3494 1474 3591 1528 pro

2014 1542 2214 1595 virium
2240 1558 2462 1597 suarum
2492 1545 2722 1601 ratione.
2756 1545 2891 1601 Nam
2923 1548 3139 1618 dignum
3174 1565 3367 1606 munus
3392 1549 3588 1607 offerre

2022 1630 2113 1687 vix
2150 1632 2253 1701 ipsi
2281 1647 2497 1704 quoque
2520 1636 2697 1706 angeli
2734 1638 2965 1708 possint,
2998 1639 3095 1705 illi,
3127 1641 3371 1708 inquam,
3408 1644 3587 1712 primi,

347 1722 538 1795 Ἡμεῖς
566 1726 623 1779 δὲ
657 1725 815 1794 λόγον
848 1726 1172 1797 εἰσοίσομεν,
1207 1721 1282 1781 ὧν
1315 1726 1510 1799 ἔχομεν
1538 1730 1599 1783 τὸ
1634 1726 1915 1784 κάλλιστόν

2025 1735 2073 1779 ει
2110 1724 2496 1796 iutelligentes,
2529 1739 2583 1782 et
2610 1729 2751 1797 puri,
2775 1744 3133 1799 superumque
3154 1733 3339 1802 gloriae
3369 1744 3584 1802 specta-

334 1834 394 1869 τε
433 1817 530 1870 καὶ
568 1816 933 1888 τιμιώτατον,
962 1817 1137 1880 άλλως
1171 1835 1229 1871 τε
1264 1818 1357 1871 καὶ
1394 1818 1564 1888 Λόγον
1601 1820 1913 1891 ὑμνοῦντες,

336 1906 424 1959 ἐπ’
455 1906 747 1978 εὐεργεσίᾳ
774 1907 871 1978 τῆς
905 1907 1128 1977 λογικῆς
1164 1906 1403 1976 φύσεως.
1438 1907 1707 1979 Ἄρξομαι
1745 1909 1803 1962 δὲ
1834 1910 1919 1962 ὲν-

335 1994 549 2052 τεῦθεν.
588 1997 723 2053 Οὐδὲ
768 1998 878 2069 γὰρ
921 1998 1218 2070 ἀνέχομαι,
1247 2000 1375 2062 τοὺς
1401 2000 1648 2071 περὶτοῦ
1680 2000 1916 2070 μεγάλου

335 2086 581 2160 θύματος
614 2088 707 2141 καὶ
746 2090 846 2159 τῆς
882 2088 1143 2160 μεγίστης
1171 2089 1392 2160 ήμερῶν
1432 2089 1572 2144 θύων
1597 2091 1809 2160 λόγους,
1845 2093 1919 2164 μὴ

340 2180 480 2252 πρὸς
535 2180 667 2234 Θεὸν
712 2180 1046 2252 ἀναδραμεῖν
1070 2219 1085 2245 ,
1131 2180 1385 2235 κάκεῖθεν
1440 2183 1767 2254 ποιήσασθαι
1820 2184 1919 2254 τὴν

337 2274 535 2345 ἀρχήν.
564 2272 670 2326 Καί
710 2290 802 2343 μοι
834 2273 1146 2346 καθήρασθε
1175 2274 1270 2328 καὶ
1306 2273 1455 2342 νοῦν,
1484 2275 1579 2329 καὶ
1612 2275 1800 2347 ἀκοὴν,
1829 2277 1921 2330 καὶ

336 2367 600 2433 διάνοιαν,
626 2368 741 2420 ὅσοι
772 2367 1015 2439 τρυφᾶτε
1043 2366 1112 2420 τὰ
1136 2365 1360 2419 τοιαῦτα
1388 2367 1600 2438 (ἐπειδὴ
1634 2369 1762 2439 περὶ
1785 2368 1919 2422 Θεοῦ

342 2455 438 2507 καὶ
467 2454 611 2518 θεῖος
640 2457 668 2508 ό
695 2454 897 2525 λόγος),
942 2455 1008 2509 ἵν’
1040 2454 1313 2527 ἀπέλθητε
1352 2458 1723 2529 τρυφήσαντες
1755 2458 1922 2521 ὅντως

338 2543 408 2597 τὰ
445 2543 521 2615 μὴ
554 2542 874 2614 κενούμενα.
907 2544 1101 2597 Ἔσται
1125 2543 1182 2597 δὲ
1217 2547 1245 2599 ὁ
1268 2544 1428 2608 αὐτὸς
1456 2544 1831 2617 πληρέστατός
1860 2563 1920 2599 τε

341 2634 459 2703 ἅμα
484 2634 582 2686 καὶ
629 2632 1057 2705 συντομώτατος,
1088 2633 1164 2697 ὡς
1199 2634 1335 2706 μήτε
1379 2633 1457 2705 τῷ
1495 2634 1664 2689 ὲνδεεῖ
1698 2634 1918 2701 λυπεῖν,

342 2725 483 2794 μήτε
510 2723 685 2796 ἀηδὴς
707 2719 846 2778 εἶναι
870 2722 960 2778 διὰ
989 2723 1079 2778 τὸν
1108 2724 1268 2796 κόρον
1294 2723 1429 2795 (61).

2016 1823 2180 1879 tores,
2255 1830 2319 1870 ac
2371 1824 2568 1882 testes;
2622 1818 2667 1871 si
2718 1828 2894 1874 tamen
2946 1821 3031 1876 his
3077 1839 3289 1893 quoque
3340 1828 3591 1882 omnibus

2017 1903 2259 1959 numeris
2307 1906 2552 1961 absoluta
2606 1906 2700 1963 Dei
2742 1909 2976 1966 laudatio
3022 1928 3279 1975 concessa
3328 1928 3433 1972 est.
3482 1918 3591 1973 Nos

2024 2005 2203 2051 autent
2263 2012 2594 2064 sermonem,
2651 2016 2757 2069 quo
2814 2018 2910 2058 nec
2967 2006 3242 2074 pulchrius
3297 2012 3589 2082 quidquam

2019 2086 2310 2154 habemus,
2351 2104 2452 2145 nec
2483 2094 2850 2160 praestantius,
2883 2096 3221 2154 conferemus
3247 2118 3260 2165 ;
3291 2103 3589 2170 praesertim

2021 2177 2262 2235 Verbum
2314 2181 2617 2249 laudantes,
2647 2184 2718 2240 ob
2747 2184 3090 2256 beneﬁcium,
3133 2192 3276 2258 quod
3306 2192 3374 2246 ab
3410 2207 3476 2247 eo
3523 2195 3590 2247 ad

2024 2278 2275 2326 naturam
2330 2275 2544 2329 ratione
2591 2284 2829 2330 utentem
2871 2276 3170 2347 profectum
3198 2290 3300 2337 est.
3340 2280 3474 2337 Hine
3499 2297 3594 2336 au-

2029 2372 2137 2417 tem
2170 2362 2451 2417 exordiar.
2485 2363 2691 2420 Facere
2714 2366 2859 2420 enim
2885 2382 3115 2436 nequeo,
3143 2369 3271 2438 quin
3302 2370 3369 2424 de
3403 2386 3593 2441 magna

2025 2453 2264 2520 victima,
2299 2461 2353 2507 et
2379 2453 2465 2509 die
2495 2453 2735 2508 omnium
2757 2454 2963 2510 dierum
3001 2459 3259 2524 maxime,
3281 2474 3580 2525 sermones,

2019 2543 2249 2599 victima:
2291 2543 2575 2614 cujusdam
2617 2544 2807 2613 instar,
2860 2545 3115 2612 olferens,
3175 2549 3243 2604 ad
3291 2550 3458 2605 Deum
3500 2566 3595 2606 ex-

2019 2648 2259 2700 curram,
2293 2644 2460 2704 atque
2487 2634 2636 2690 illinc
2671 2637 2955 2692 exordium
2994 2640 3207 2694 ducam.
3256 2640 3334 2697 Ac
3370 2656 3488 2707 vos,
3536 2653 3598 2695 et

2017 2736 2274 2792 mentem,
2306 2736 2360 2782 et
2383 2742 2561 2792 aures,
2598 2735 2653 2783 et
2683 2728 3018 2784 intellectum
3046 2741 3392 2803 perpurgate,
3430 2732 3593 2805 847

341 2816 522 2885 quiin
580 2815 883 2886 hujusmodi
939 2815 1100 2870 rebus
1150 2815 1374 2871 delicias
1434 2816 1640 2886 positas
1693 2814 1901 2872 habetis
1940 2816 2395 2886 (quandoquidem
2459 2818 2525 2873 de
2595 2818 2821 2885 Deo,ac
2863 2822 3043 2875 divina
3072 2835 3156 2878 est
3212 2826 3327 2879 haec
3364 2826 3593 2896 oratio),

341 2915 401 2959 ut
429 2906 575 2962 veris
602 2906 831 2973 deliciis,
867 2920 971 2961 non
1000 2913 1179 2961 autem
1211 2907 1675 2972 evanescentibus,
1699 2906 1895 2976 expleti
1935 2908 2250 2965 discedatis.
2317 2909 2435 2964 Erit
2506 2920 2687 2965 autem
2729 2914 2905 2967 oratio
2944 2922 3128 2967 nostra
3176 2915 3338 2969 simul
3373 2926 3428 2971 ει
3470 2917 3585 2986 ple-

341 2999 590 3067 issitna,
638 3008 693 3054 et
726 2999 1157 3055 contractissima
1185 3012 1200 3062 ;
1260 3006 1320 3051 ut
1372 3012 1471 3053 nec
1521 2996 1592 3053 ob
1635 2998 1903 3053 defectum
1936 3000 2162 3056 molesta
2228 3001 2321 3065 sit,
2354 3016 2453 3058 nec
2473 3002 2542 3058 ob
2571 3004 2911 3057 saturitatem
2938 3004 3151 3059 taedium
3185 3005 3393 3063 alferat.

412 3092 489 3146 Γ.
523 3091 657 3155 Θεὸς
678 3088 746 3163 ἦν
774 3091 874 3163 μὲν
898 3091 983 3145 ἀεὶ
1008 3090 1142 3162 (62),
1165 3089 1261 3143 καὶ
1286 3088 1425 3154 ἐστι,
1452 3089 1548 3144 καὶ
1577 3089 1750 3143 ἔσται·
1783 3091 1919 3161 μᾶλ-

2098 3094 2186 3149 lll.
2230 3094 2371 3150 Deus
2409 3104 2465 3150 et
2505 3110 2720 3167 semper
2742 3109 2882 3161 erat,
2925 3108 3109 3164 etest,
3143 3109 3198 3154 et
3227 3102 3363 3169 erit;
3397 3104 3499 3171 vel,
3538 3117 3597 3159 ut

341 3189 432 3241 λον
477 3185 571 3251 δὲ,
606 3184 778 3238 ἔστιν
832 3183 917 3237 ἀεί
963 3182 1096 3256 (65).
1138 3183 1212 3236 Τὸ
1267 3182 1375 3254 γάρ
1426 3178 1528 3253 ἦν,
1580 3183 1672 3237 καὶ
1722 3182 1923 3248 ἔσται,

343 3277 439 3333 τοῦ
488 3275 609 3330 καθ’
650 3276 799 3347 ήμᾶς
827 3273 1021 3345 χρόνου
1067 3274 1364 3345 τμήματα,
1414 3274 1510 3326 καὶ
1547 3272 1646 3344 τῆς
1697 3273 1925 3343 ῥευστῆς

345 3369 592 3439 φύσεωςο
637 3368 667 3420 ό
703 3366 761 3420 δὲ
793 3366 879 3420 ὢν
921 3364 1037 3431 ἀεὶ,
1078 3364 1173 3418 καὶ
1215 3363 1371 3418 τοῦτο
1404 3362 1567 3427 αὐτὸς
1599 3363 1787 3417 ἑαυτὸν
1810 3363 1929 3416 όνο-

347 3459 535 3532 μάζει,
567 3457 645 3529 τῷ
676 3459 901 3512 Μωῦσεῖ
929 3454 1280 3527 χρηματίζων
1306 3456 1398 3508 ἐπὶ
1431 3453 1527 3508 τοῦ
1557 3453 1737 3526 ὅρους.
1771 3454 1929 3509 Ὄλον

345 3555 457 3628 γὰρ
502 3556 561 3607 ὲν
604 3552 782 3623 ἑαυτῷ
816 3551 1094 3605 συλλαϐὼν
1138 3551 1253 3623 ἔχει
1283 3550 1345 3604 τὸ
1386 3546 1546 3615 εἶναι,
1591 3552 1726 3623 μήτε
1762 3550 1929 3621 ἀρξά-

348 3664 549 3718 μενον,
600 3645 737 3717 μήτε
778 3643 1154 3713 παυσόμενον,
1206 3637 1317 3697 οἷόν
1364 3661 1417 3697 τι
1470 3644 1701 3712 πέλαγος
1743 3642 1929 3707 οὐσίας

347 3740 575 3809 ἄπειρον
617 3738 713 3792 καὶ
743 3738 990 3809 ἀόριστον
1009 3778 1025 3804 ,
1054 3738 1233 3791 πᾶσαν
1261 3736 1670 3809 ὑπερεκπῖπτον
1700 3734 1927 3799 ἔννοιαν,

350 3830 445 3882 καὶ
493 3829 710 3899 χρόνου,
752 3828 848 3881 καὶ
890 3828 1103 3897 φύσεως
1122 3845 1135 3858 ’
1178 3827 1255 3899 νῷ
1303 3827 1449 3899 μόνῳ
1488 3826 1931 3898 σκιαγραφούμε-

351 3940 440 3986 νος
468 3922 602 3992 (64),
642 3922 735 3975 καὶ
757 3921 931 3992 τούτῳ
972 3920 1089 3975 λίαν
1117 3919 1371 3991 ἀμυδρῶς
1413 3920 1509 3974 καὶ
1552 3919 1804 3991 μετρίως,
1832 3919 1931 3971 οὐκ

350 4018 417 4069 ἐκ
462 4014 572 4067 τῶν
610 4014 730 4068 κατ’
776 4014 935 4068 αὑτὸν
966 4014 1104 4085 (65),
1140 4012 1252 4067 ἀλλ’
1298 4013 1363 4065 ἐκ
1413 4012 1521 4065 τῶν
1571 4010 1700 4082 περὶ
1747 4010 1927 4075 αὑτὸν,

351 4104 519 4175 ἄλλης
562 4105 624 4170 ἐξ
664 4104 823 4160 ἄλλου
872 4103 1170 4175 φαντασίας
1217 4101 1612 4174 συλλεγομένης
1634 4141 1649 4165 ,
1683 4102 1763 4164 είς
1796 4100 1854 4152 ἓν
1880 4117 1932 4152 τι

349 4196 451 4268 τῆς
482 4196 743 4269 ἀληθείας
773 4196 1024 4269 ῐνδαλμα,
1053 4196 1183 4267 πρὶν
1216 4193 1551 4265 κρατηθῆναι
1584 4193 1807 4262 φεῦγον,
1839 4192 1933 4245 καὶ

352 4289 485 4360 πρὶν
537 4286 796 4361 νοηθῆναι
840 4287 1213 4359 διαδιδράσκον
1234 4302 1248 4317 ο
1302 4286 1538 4340 τοσαῦτα
1592 4284 1933 4356 περιλάμπον

423 4406 446 4439 ⁸
472 4406 645 4462 Exod.
674 4422 731 4462 tu
792 4407 859 4463 l3
883 4423 966 4463 so.

2024 3186 2220 3240 rectius
2247 3184 2470 3255 loquar,
2524 3201 2739 3257 semper
2782 3197 2879 3242 est.
2928 3187 3060 3243 Nam
3099 3200 3209 3244 crat
3243 3200 3296 3247 et
3331 3194 3448 3263 erit,
3498 3196 3598 3251 hu-

2020 3277 2110 3346 jus
2157 3279 2328 3334 nostri
2374 3280 2653 3349 temporis,
2701 3280 2967 3351 [iusteque
3018 3291 3073 3336 et
3120 3283 3337 3339 caduca:
3389 3294 3597 3342 natura:

2025 3379 2305 3440 segmenta
2348 3378 2493 3425 sunt.
2544 3369 2635 3425 Ille
2691 3381 2873 3426 autem
2913 3387 3129 3444 semper
3159 3385 3257 3439 est,
3290 3385 3451 3445 atque
3494 3378 3598 3434 hoc

2027 3462 2185 3516 modo
2239 3462 2475 3531 seipsum
2526 3461 2771 3517 nominat
2799 3463 2847 3528 ⁸,
2911 3478 3035 3519 cum
3080 3465 3132 3519 in
3194 3476 3375 3522 monte
3427 3466 3596 3539 Moysi

2027 3553 2307 3608 oraculum
2366 3554 2496 3608 edit.
2565 3552 2887 3610 Universum
2945 3557 3087 3611 enim
3144 3572 3266 3613 esse
3311 3558 3364 3611 in
3413 3560 3593 3628 seipse

2028 3642 2453 3713 complectitur,
2494 3642 2635 3713 quod
2689 3658 2789 3699 nec
2843 3644 3169 3716 principium
3224 3648 3434 3714 habuit,
3498 3662 3599 3704 nec

2031 3734 2190 3788 linem
2215 3734 2523 3789 habiturum
2545 3744 2652 3799 est,
2684 3735 2839 3805 quasi
2869 3736 3088 3807 pelagus
3116 3739 3385 3808 quoddam
3418 3753 3599 3794 essen-

2030 3823 2118 3876 tize
2167 3822 2489 3877 immensum
2533 3831 2587 3877 et
2624 3823 3053 3890 interminatum‘,
3081 3841 3293 3881 omnem
3324 3837 3435 3881 tum
3466 3836 3601 3882 tem-

2028 3912 2337 3981 poris,tutn
2378 3920 2585 3966 natura!
2622 3912 3008 3983 cogitationem
3060 3930 3356 3986 superans;
3421 3925 3601 3970 mente

2029 4002 2141 4057 sola
2169 4002 2216 4056 is
2246 4002 2626 4069 adumbratos,
2673 4013 2729 4058 et
2779 4004 2995 4073 quidem
3052 4008 3341 4078 perexigue
3386 4020 3451 4061 ac
3481 4020 3604 4076 per-

2030 4098 2280 4161 obscure,
2334 4112 2438 4151 non
2464 4112 2531 4152 ex
2583 4097 2688 4161 bis,
2738 4111 2855 4166 quae
2881 4097 2934 4152 in
2983 4099 3100 4169 ipso
3146 4110 3291 4167 sunt,
3341 4101 3436 4155 sed
3485 4114 3605 4169 qua:

2030 4190 2174 4245 circa
2218 4188 2414 4259 ipsum,
2446 4188 2547 4241 alia
2577 4187 2830 4242 nimirum
2854 4204 2918 4244 ex
2950 4190 3055 4244 alia
3087 4191 3323 4258 imagine
3353 4190 3598 4249 collecta.

2032 4282 2100 4337 ad
2129 4295 2293 4335 unum
2338 4279 2555 4349 aliquod
2600 4278 2843 4334 veritatis
2889 4280 3240 4336 simulacrum
3282 4281 3595 4337 exorimeu-

424 4546 540 4619 (55)
578 4544 967 4619 ῌηγᾴζεᾳθαι.
993 4545 1155 4601 Coisl.
1192 4546 1243 4619 l,
1279 4544 1371 4599 0r.
1405 4541 1636 4619 l,MJes.,
1675 4542 1928 4619 Heryag.,
1960 4542 2006 4599 D
2034 4554 2140 4608 que
2162 4536 2420 4619 adﬁnem
2452 4528 3035 4619 numerinonitvfrbo
3067 4525 3609 4619 ad‘vegbumm‘papen-

353 4611 461 4674 etc.
490 4611 531 4683 ,’
558 4611 913 4684 αὐγάζεσθαι,
978 4634 996 4667 ι
1033 4617 1370 4686 splendorem
1426 4612 1701 4676 eliiciunt,
1754 4611 1927 4665 clare-

565 4705 1030 4840 ’Ttlgd);tsror.__ln
1064 4754 1351 4840 nonnullis,
1750 4768 1780 4840 -ι

358 4822 551 4883 εἰςίηιί.
578 4848 597 4880 ι
634 4822 803 4895 Quam
862 4828 1145 4881 lectionem
1196 4823 1388 4895 probat
1417 4822 1793 4885 Combellsius,
1846 4829 1930 4873 ut-

356 4909 480 4967 pote
509 4912 628 4967 qna‘.
666 4898 834 4967 magis
864 4896 1181 4967 Gregorium
1212 4896 1404 4967 sapiat.

428 4960 544 5039 (57)
572 4960 1015 5038 Γεγεγῆμένηιῖ.
1060 4966 1150 5022 Sic
1205 4960 1385 5036 plures
1434 4961 1587 5018 codd.
1624 4961 1681 5015 In
1703 4960 1814 5025 ed.,
1843 4975 1934 5027 γε-

356 5038 481 5107 γενν
525 5038 714 5109 μένην.

431 5056 544 5190 (ἕξ)
590 5108 703 5163 Καὶ
756 5107 1178 5177 δωροφορείτω.
1257 5104 1381 5160 “ac
1445 5102 1637 5157 desunt
1693 5103 1746 5155 in
1806 5114 1939 5154 noo-

581 5248 712 5334 βαι.
767 5247 926 5303 Deest
951 5248 1005 5303 in
1037 5256 1270 5318 quatuor
1309 5246 1503 5315 tiegg.,
1527 5242 1762 5313 quinque
1787 5239 1938 5296 Colb.

356 5318 874 5460 θιέέδῖιεὲφικτόν.
908 5387 1058 5462 linus
1078 5384 1674 5462 cpdex_addit_._éctiv._
1727 5461 1730 5462 ν
1807 5450 1818 5462 .

433 5454 545 5533 (6-1)
579 5454 787 5533 Ἔσται
820 5498 881 5533 ...
922 5457 1019 5512 διὰ
1060 5458 1409 5533 τρνῃκόρον.
1431 5454 1550 5509 ΙΙιεε
1578 5464 1630 5507 et
1664 5454 1942 5533 interjecta

361 5527 555 5611 desim]
590 5532 641 5585 in
706 5530 982 5600 plerisque
1014 5529 1307 5584 codicibus.
1371 5527 1444 5581 Ea
1485 5534 1661 5579 tamen
1700 5527 1944 5593 agnoscit

364 5598 724 5742 “7838.666;
756 5666 833 5741 ἦν
859 5668 975 5741 μὲν
997 5634 1109 5739 ἀεί,
1145 5679 1248 5727 etc.
1302 5666 1425 5722 ιιωο
1459 5675 1512 5720 ει
1545 5663 1820 5736 sequentia
1855 5678 1943 5717 ns»

2037 4594 2123 4663 t'nr
2162 4609 2212 4661 in
2243 4604 2512 4658 tricesima
2564 4610 2754 4656 octava
2796 4598 3038 4653 oratione
3094 4596 3169 4650 De
3224 4594 3421 4650 Christi
3472 4599 3608 4650 nati-

2029 4681 2207 4732 vitate.
2268 4674 2459 4729 Utrum
2495 4685 2673 4725 autem
2735 4670 2787 4724 id
2829 4666 3028 4721 factum
3060 4665 3221 4721 fuerit
3241 4665 3309 4719 ab
3333 4666 3450 4735 ipso
3474 4665 3609 4721 Gre-

2029 4749 2220 4815 gorio,
2279 4758 2348 4797 an
2395 4742 2803 4798 amanuensium
2864 4737 3013 4805 lapsu
3055 4736 3374 4803 contigerit,
3430 4737 3609 4790 incer-

2032 4829 2162 4871 tum.

1906 4916 1909 4917 ν
2026 4930 2047 4941 -
2104 4885 2219 4956 (65)
2249 4888 2464 4942 Ἔστιν
2494 4881 2608 4956 de].
2662 4898 2681 4931 ι
2705 4877 2931 4956 semper
2953 4885 3071 4956 .est.
3102 4893 3121 4929 ι
3175 4875 3504 4956 ᾼιιβιιειίηιιε
3534 4873 3609 4954 De

2034 4945 2155 5010 ver‘a
2202 4945 2393 5028 'relig.,
2433 4952 2654 5028 c.‘_4_9_,
2709 4949 2789 5004 sic
2826 4945 3064 5028 loquitur
3100 4963 3166 5028 τι
3187 4945 3331 5028 Nihil
3372 4947 3612 5028 praeterit

2042 5028 2093 5079 in
2125 5016 2344 5093 aiterno',
2375 5016 2429 5080 et
2459 5023 2589 5076 nihil
2624 5021 2863 5074 futurum
2878 5025 3012 5093 est;
3065 5017 3190 5085 quia
3213 5025 3267 5069 et
3299 5016 3439 5084 quod
3471 5029 3609 5093 pra-

2042 5100 2184 5158 terit,
2217 5084 2343 5153 eSse'
2378 5094 2609 5156 desinit;
2671 5086 2895 5157 etquod
2947 5084 3182 5141 futurum
3220 5095 3324 5151 est,
3374 5086 3609 5158 nondum

2041 5154 2226 5237 carpit.
2253 5164 2550 5237 [Etet-nitas
2586 5154 2780 5237 autem
2800 5158 3171 5237 tantummodo
3197 5166 3282 5210 est
3315 5169 3456 5237 :nec
3489 5154 3607 5216 fuit,

2040 5226 2196 5306 quasi
2230 5253 2332 5292 non
2362 5236 2473 5300 'sit;
2502 5231 2755 5306 necAerit,
2783 5226 2937 5306 quasi
2971 5227 3143 5306 adhuc
3176 5240 3278 5306 non
3312 5227 3445 5306 silui

2112 5307 2221 5378 (64)
2256 5292 2830 5378 Σκια-ηόαςεούμενοςί.
2856 5294 2945 5378 δίε
2973 5296 3149 5365 plures
3180 5292 3611 5378 llegg.etColb.,

2041 5365 2335 5458 Ρεξλιξεις..
2358 5365 2561 5458 Ιιιξέιιῖ,
2588 5365 3168 5458 σκιαγραςξούμενονιὶτΔ
3196 5453 3205 5458 Α
3238 5448 3296 5458 ﬂ
3337 5374 3422 5458 mt‘

2112 5401 2190 5442 ll'.,
2216 5401 2322 5431 CIC.
2358 5401 2411 5430 Ill
2447 5401 2561 5451 cm:
2588 5401 3137 5490 untuxruy’vvgnevvn'
3403 5433 3413 5444 δ
3549 5401 3582 5483 ἶ

2112 5448 2224 5517 (65)
2264 5448 2384 5501 Οὐκ
2404 5444 2472 5497 ἐκ
2493 5459 2610 5495 των
2638 5457 2747 5517 κατ
2803 5454 2914 5492 αυτ
2951 5454 3008 5517 γ.
3047 5456 3064 5487 ι
3097 5436 3207 5489 [\on
3235 5448 3466 5517 exnsuts.
3494 5451 3513 5484 ι
3562 5432 3613 5517 id

2040 5503 2142 5583 est‘,
2185 5503 2288 5572 non
2325 5518 2438 5586 ipsa
2472 5516 2732 5586 essentia,
2772 5510 3257 5586 secunduntnnquatn
3290 5503 3430 5556 Dens
3458 5519 3484 5555 a
3512 5516 3612 5555 no-

2043 5574 2536 5656 bis-comprehendi
2572 5582 2759 5656 nequit
2785 5595 2798 5644 ;
2827 5578 2921 5634 sed
2944 5594 3006 5633 ex
3037 5574 3338 5641 effectibus,
3371 5588 3463 5627 seu
3495 5588 3597 5641 ope

2041 5660 2191 5713 ribus
2232 5675 2258 5711 ιι
2279 5653 2442 5711 ἰιυὺίε
2466 5653 2717 5707 laudatur
