4100 6276
483 218 585 270 θίξὶῚ

1713 220 1765 275 S.
1814 218 2138 277 GREGORII
2177 220 2516 278 THEOLOGI

3518 219 3720 283 .628

488 335 641 399 dum,
683 333 851 402 quod,
897 334 1207 402 priusquam
1262 340 1529 401 teneatur,
1568 334 1774 406 effugit,
1804 347 1855 393 et
1881 340 2052 409 prius-

2162 339 2311 409 ἡμῶν
2350 338 2410 390 τὸ
2436 334 2783 407 ἡγεμονικὸν,
2815 334 2908 387 καὶ
2940 332 3115 397 ταῦτα
3150 334 3553 406 κεκαθαρμένον
3583 306 3719 405 (66),

486 443 650 497 quam
694 428 965 483 intellectu
1009 424 1360 495 percipiatur,
1385 425 1617 494 seipsum
1640 426 1761 497 fuga
1786 430 2049 499 proripit;

487 528 697 574 tantum
750 520 1040 589 principem
1104 517 1270 572 nostri
1341 526 1581 586 partem,
1644 533 1872 589 eamque
1926 535 2052 589 pur-

488 619 691 677 gatam,
732 609 1079 675 collustrans,
1121 617 1383 678 quantum
1417 610 1695 664 oculorum
1727 611 1895 665 aciem
1933 627 2053 681 per-

491 701 711 770 stringit
736 700 966 771 fulguris
991 701 1248 758 celeritas
1279 704 1693 774 haudquaquam
1730 719 2050 773 permanen-

492 793 599 858 tis;
654 801 735 859 ut,
785 807 904 847 mco
934 792 1149 863 quidem
1200 794 1428 865 judicio,
1486 805 1753 865 quatenus
1807 810 2056 866 compre-

418 874 421 877 ’
490 884 650 938 bendi
693 894 899 952 potest,
945 899 1044 940 nos
1076 885 1142 939 ad
1180 900 1240 941 se
1276 887 1456 941 trahat
1507 885 1672 957 (quod
1720 886 1862 942 enim
1910 887 2056 941 nullo

491 974 651 1028 modo
683 975 885 1044 percipi
925 981 1140 1044 potest,
1171 976 1221 1029 id
1268 991 1366 1030 nec
1410 984 1594 1045 sperat
1622 976 1925 1045 quisquam,
1957 991 2057 1030 nec

491 1065 557 1117 ad
589 1064 638 1117 id
667 1064 947 1136 adnititur)
972 1083 987 1130 ;
1017 1075 1280 1133 quatenus
1307 1074 1485 1120 autem
1511 1066 1627 1136 capi
1658 1064 1860 1135 nequit,
1888 1066 2058 1120 admi-

492 1155 761 1209 rationem
801 1157 887 1211 sui
937 1156 1161 1220 excitet,
1218 1165 1378 1226 atque
1423 1171 1487 1211 ex
1535 1156 1650 1225 ipsa
1702 1155 2058 1210 admiratione

498 1246 873 1300 vehementius
915 1246 1272 1313 desideretur,
1314 1247 1649 1302 desideratus
1682 1256 1891 1315 purget,
1927 1260 2056 1314 pur-

491 1348 626 1403 gans
655 1346 834 1391 autem
877 1337 985 1391 Deo
1028 1338 1234 1393 similes
1275 1337 1490 1405 efﬁciat,
1524 1353 1751 1407 cumque
1787 1338 1839 1391 id
1870 1351 2059 1392 conse-

498 1428 617 1482 cuti
644 1427 928 1494 fuerimus,
973 1430 1085 1498 jam
1131 1430 1273 1484 velut
1318 1444 1439 1484 cum
1498 1428 1851 1483 familiaribus
1879 1428 2058 1482 collo-

508 1528 704 1587 quatur
725 1520 926 1589 (metuo
954 1536 1021 1576 ne
1054 1523 1154 1576 hoc
1193 1520 1447 1576 audacius
1485 1536 1513 1574 a
1552 1536 1637 1574 me
1666 1520 1866 1574 dictum
1890 1518 2057 1572 videri

2153 432 2253 483 ὃσα
2281 432 2373 483 καὶ
2413 428 2535 498 ὄψιν
2556 468 2571 493 ,
2600 426 2888 499 ἀστραπῆς
2931 427 3092 496 τάχος
3119 427 3218 497 οὐχ
3246 427 3535 498 ἱσταμένης
3554 444 3565 457 ·
3600 428 3724 497 ἐμοὶ

2153 522 2348 584 δοκεῖν,
2376 522 2462 573 ἵνα
2502 519 2578 591 τῷ
2621 517 2812 589 ληπτῷ
2858 518 2956 589 μὲν
2992 516 3121 588 ἕλκῃ
3159 518 3295 589 πρὸς
3318 518 3477 571 ἑαυτὸ
3506 517 3615 587 (67)
3641 516 3728 586 (τὸ

2154 611 2261 685 γὰρ
2289 611 2484 673 τελέως
2509 609 2767 681 ἄληπτον,
2794 608 3110 661 ἀνέλπιστον
3145 610 3239 662 καί⁸
3272 608 3722 679 ἀνεπιχείρητον)·

2156 702 2233 771 τῷ
2271 702 2327 754 δὲ
2370 701 2615 773 ἀλήπτῳ,
2661 700 3023 770 θαυμάζηται·
3064 699 3471 772 θαυμαζόμενον
3497 701 3588 762 δὲ,
3632 718 3729 753 πο-

2159 792 2318 863 θῆται
2361 793 2541 846 πλέον·
2578 791 2907 863 ποθούμενον
2947 791 3038 856 δὲ,
3067 792 3322 865 καθαίρῃ·
3350 793 3606 865 καθαῖρον
3644 794 3725 858 δὲ,

2159 883 2407 947 θεοειδεῖς
2445 884 2744 955 ἐργάζηται
2769 882 2902 955 (68)·
2934 883 3192 946 τοιούτοις
3217 884 3273 937 δὲ
3300 886 3629 956 γενομένοις,
3651 885 3731 949 ὡς

2158 976 2377 1039 οἰκείοις
2418 976 2516 1047 ἥδη
2553 976 2856 1047 προσομιλῇ
2896 976 3090 1046 (τολμᾷ
3122 992 3176 1028 τι
3212 976 3452 1029 νεανικὸν
3474 979 3503 1030 ὁ
3525 977 3727 1045 λόγος)⁶

2159 1069 2291 1131 Θεὸς
2312 1068 2452 1130 θεοῖς
2476 1066 2759 1136 ένούμενός
2784 1083 2841 1119 τε
2868 1066 2963 1118 καὶ
2988 1064 3403 1138 γνωριζόμενος·
3430 1068 3524 1121 καὶ
3551 1068 3733 1121 τοσοῦ-

2159 1177 2249 1213 τον
2273 1158 2420 1222 ἴσως,
2446 1158 2568 1211 ὅσον
2593 1157 2693 1227 ἤδη
2717 1154 2975 1224 γινώσκει
2995 1157 3122 1219 τοὺς
3142 1155 3572 1226 γινωσκομένους
3593 1157 3728 1226 (69).

2164 1238 2421 1319 Ἀπειρον
2459 1243 2552 1301 οῦν
2594 1248 2655 1300 τὸ
2692 1246 2831 1299 θεῖον
2867 1247 2959 1299 καὶ
3002 1245 3404 1317 δυσθεώρητον·
3442 1248 3537 1300 καὶ
3572 1248 3734 1301 τοῦτο

2161 1337 2337 1408 πάντη
2376 1336 2719 1408 καταληπτὸν
2756 1336 2920 1389 αὐτοῦ
2954 1337 3134 1407 μόνον,
3162 1339 3195 1407 ἡ
3230 1336 3473 1407 ἀπειρία·
3501 1337 3602 1390 κᾶν
3645 1355 3733 1401 τις

2161 1429 2340 1499 οἴηται
2371 1427 2447 1498 τῷ
2475 1427 2584 1500 (70)
2610 1427 2785 1497 ἁπλῆς
2821 1422 2960 1481 εἶναι
2998 1426 3230 1497 φύσεως,
3256 1427 3289 1497 ἢ
3316 1416 3435 1482 ὅλον
3460 1429 3571 1497 (71)
3598 1429 3733 1499 ἄλη-ο

2164 1538 2293 1574 πτον
2322 1518 2481 1584 εἶναι,
2523 1521 2557 1591 ἢ
2600 1520 2797 1583 τελέως
2834 1519 3057 1590 ληπτόν.
3088 1520 3153 1571 Τί
3191 1518 3297 1591 γὰρ
3324 1520 3383 1573 ὂν
3414 1520 3588 1591 ἀπλῆς
3616 1523 3736 1574 ἐστι

493 1611 708 1682 possit),
739 1610 881 1667 Deus
909 1613 1013 1667 diis
1045 1613 1229 1666 unitus
1268 1622 1321 1665 et
1369 1612 1730 1676 innotescens,
1757 1626 1820 1663 ac
1854 1619 2057 1664 tantum

2167 1611 2399 1681 φύσεως,
2427 1611 2844 1682 ὲπιζητήσωμεν
2869 1610 3002 1681 (72).
3033 1612 3105 1663 Οῦ
3136 1610 3242 1682 γὰρ
3270 1611 3333 1683 δὴ
3373 1614 3532 1667 τοῦτο
3572 1613 3736 1683 φύσις

493 1702 747 1767 fortasse,
776 1711 1033 1773 quantum
1064 1704 1178 1772 jam
1209 1718 1322 1769 eos,
1360 1703 1449 1772 qui
1482 1712 1836 1773 cognoscunt,
1868 1702 2053 1771 cogni-

496 1806 579 1850 tos
623 1798 803 1851 habet.
854 1795 1151 1851 Immensus
1196 1796 1356 1865 igitur
1396 1804 1477 1850 est
1528 1794 1688 1858 Deus,
1717 1804 1773 1849 et
1821 1793 1887 1847 ad
1922 1808 2055 1848 con-

2162 1702 2329 1772 αὐτῷ,
2357 1704 2391 1771 ἠ
2421 1701 2678 1771 ἁπλότης·
2705 1701 2861 1772 εἴπερ
2890 1700 3022 1771 μηδὲ
3045 1704 3157 1764 τοῖς
3198 1702 3488 1767 συνθέτοις,
3511 1704 3571 1757 rb
3591 1700 3735 1759 εἶναι

2167 1793 2325 1862 μόνον
2349 1791 2458 1863 (75)
2486 1791 2757 1854 συνθέτοις

496 1888 859 1959 templandum
908 1888 1171 1957 difﬁcilis,
1221 1890 1380 1956 idque
1436 1888 1604 1944 solum
1662 1890 1713 1942 in
1762 1903 1827 1943 eo
1883 1889 2041 1958 plane
2101 1887 2481 1957 comprehendi
2549 1894 2743 1957 potest,
2815 1885 2957 1955 quod
3003 1885 3296 1941 immensus
3328 1887 3430 1952 sit;
3499 1887 3738 1958 quamli-

498 1985 587 2038 het
637 1982 832 2050 aliquis
872 1983 1166 2049 existimet,
1199 1998 1341 2049 eum,
1385 1986 1509 2051 quia
1549 1984 1808 2054 simplicis
1840 1994 2044 2061 natura:
2084 1984 2174 2045 sit,
2232 1984 2495 2037 rationem
2565 1982 2707 2037 hanc
2781 1981 2997 2048 habere,
3052 1989 3110 2035 ut
3177 1981 3260 2035 vel
3314 1982 3459 2036 nullo
3507 1985 3735 2039 omnino

496 2074 656 2128 modo
701 2072 1081 2141 comprehendi
1130 2074 1316 2142 possit,
1372 2074 1456 2129 vel
1501 2073 1654 2143 plene
1696 2074 2036 2143 perfecteque
2073 2072 2240 2143 848
2314 2072 2693 2141 comprehendi
2742 2080 2922 2139 queat.
2989 2070 3127 2138 Quid
3181 2072 3323 2127 enim
3388 2074 3457 2127 sit
3486 2072 3593 2140 ille,
3628 2092 3735 2129 na-

497 2180 615 2222 tura
660 2167 908 2238 simplex,
944 2167 1308 2237 exquiramus.
1340 2166 1524 2238 Neque
1551 2170 1693 2224 enim
1724 2168 2041 2239 simplicitas
2081 2168 2156 2224 illi
2198 2178 2385 2224 natura
2437 2177 2532 2223 est.
2603 2165 3034 2236 quandoquidem
3088 2181 3188 2222 nec
3233 2167 3545 2237 compositis
3620 2169 3737 2223 sola

493 2260 823 2329 compositio

569 2350 658 2404 IV.
697 2349 816 2406 3am
856 2366 1008 2415 vero,
1060 2367 1181 2407 cum
1236 2354 1572 2409 immensitas
1597 2352 1845 2409 bifariam
1881 2353 2061 2408 consi-

495 2438 735 2506 deretur,
789 2454 983 2509 nempe
1022 2450 1075 2496 et
1118 2428 1387 2513 principii‘,
1426 2452 1479 2497 et
1509 2442 1630 2497 finis
1663 2443 1873 2499 ratione
1910 2444 2059 2513 (nam

436 2558 446 2568 ε
494 2529 638 2599 quod
682 2544 844 2600 supra
894 2531 1008 2587 haec
1054 2543 1157 2597 est,
1217 2548 1316 2589 nec
1346 2534 1432 2590 his
1459 2535 1782 2598 continetur,
1834 2536 2064 2590 immen-

503 2635 623 2674 sum
653 2622 788 2690 est);
811 2637 935 2676 cum
958 2622 1010 2676 in
1033 2625 1279 2693 superius
1305 2625 1625 2695 profundunt
1655 2641 1806 2681 mens
1829 2626 2059 2695 aspexit,

501 2712 556 2765 in
591 2711 778 2769 formis
797 2713 922 2778 illis,
952 2729 1085 2783 quas
1115 2716 1215 2771 sibi
1243 2716 1309 2771 de
1338 2717 1446 2772 Deo
1468 2716 1690 2788 efﬁngit,
1716 2733 1821 2773 non
1856 2719 2063 2774 habens

402 2846 409 2851 .
506 2803 597 2858 ubi
638 2802 893 2858 consistat
918 2814 971 2859 et
999 2806 1278 2871 innitatur,
1308 2806 1626 2861 immensum
1655 2808 1757 2863 hoc
1776 2808 2062 2876 exitusque

499 2907 714 2962 expers,
737 2897 1051 2961 anarchum,
1068 2896 1171 2952 hoc
1189 2905 1292 2964 est,
1313 2898 1573 2968 principio
1597 2912 1806 2965 carens,
1825 2899 2060 2969 appella-

2236 2350 2307 2399 A'.
2356 2345 2489 2413 Διχῆ
2527 2342 2585 2394 δὲ
2628 2340 2720 2394 τοῦ
2765 2342 2992 2411 ἀπείρου
3035 2345 3441 2418 θεωρουμένου,
3490 2351 3629 2405 κατά
3672 2366 3740 2405 τε

2170 2437 2341 2508 ἀρχὴν
2376 2435 2470 2488 καὶ
2497 2433 2645 2496 τέλος
2671 2432 2751 2503 (τὸ
2771 2435 2880 2505 γὰρ
2913 2435 3049 2507 ὑπὲρ
3075 2436 3265 2502 ταῦτα,
3292 2440 3383 2492 καὶ
3411 2440 3484 2511 μὴ
3518 2443 3576 2494 ἐν
3612 2440 3740 2496 τού-

2171 2545 2308 2591 τοις,
2357 2526 2625 2597 ἀπειρον),
2658 2525 2784 2577 ὅταν
2826 2525 2924 2595 μὲν
2963 2528 3042 2590 εἰς
3074 2527 3164 2580 τὸν
3206 2529 3318 2583 ἀνω
3355 2530 3512 2600 βυθὸν
3544 2534 3572 2585 ό
3612 2533 3740 2599 νοῦς

2158 2618 2440 2689 ἀποϐλέψῃ
2462 2658 2476 2683 ,
2507 2617 2606 2670 οῦκ
2649 2615 2787 2686 ἔχων
2814 2617 2935 2671 ὅποι
2971 2621 3067 2689 στῇ
3100 2620 3193 2673 καὶ
3229 2621 3582 2694 ἀπερείσηται
3610 2626 3735 2688 ταῖς

2157 2712 2284 2784 περ)¹
2311 2710 2445 2764 Θεοῦ
2484 2710 2823 2778 φαντασίαις,
2849 2710 2911 2764 rb
2944 2710 3175 2766 ἐνταῦθα
3205 2712 3429 2786 ἄπειρον
3455 2716 3548 2769 καὶ
3576 2716 3736 2769 ἀνέκ-

2156 2803 2337 2869 6ατον,
2377 2802 2611 2873 ἄναρχον
2646 2802 3117 2873 προσηγόρευσεν·
3154 2805 3280 2858 ὅταν
3310 2805 3365 2859 δὲ
3406 2808 3485 2871 εἰς
3510 2807 3599 2861 τὸν
3637 2810 3736 2862 κά-

2158 2913 2233 2949 τω
2262 2894 2396 2965 (74),
2421 2893 2513 2946 καὶ
2539 2893 2608 2946 τὰ
2634 2893 2780 2963 ἑξῆς,
2828 2894 3093 2949 ἀθάνατον
3128 2896 3222 2949 καὶ
3258 2896 3581 2971 ἀνώλεθρον·
3608 2901 3737 2955 ὅταν

498 2985 593 3039 rit:
609 3000 728 3039 cum
742 2996 919 3041 autem
936 2987 1001 3041 ad
1017 2987 1272 3042 inferiora
1292 2965 1426 3054 haec,
1442 2965 1500 3045 et
1511 2990 1828 3059 posteriora,
1847 2965 2058 3044 intimor-

2162 2987 2216 3039 δὲ
2263 2984 2455 3058 συνέλῃ
2482 2984 2542 3037 rb
2574 2986 2708 3051 πᾶν,
2740 2985 2971 3041 αἰώνιον.
3002 2985 3145 3039 Αἰὼν
3186 2988 3326 3059 γὰρ,
3361 2965 3481 3043 οὔτε
3524 2992 3731 3062 χρόνος,

503 3076 610 3132 tale
636 3084 797 3146 atque
844 3077 1094 3133 interitus
1135 3093 1330 3149 expers
1360 3098 1373 3134 :
1398 3095 1517 3134 cum
1564 3090 1741 3136 autem
1771 3091 2059 3151 utrumque

499 3169 873 3232 contraxerit,
937 3179 991 3223 et
1045 3169 1359 3239 collegerit,
1424 3178 1702 3226 alernum.
1765 3171 2060 3235 AEtcrnitas

499 3261 666 3325 enim,
700 3274 799 3315 nec
824 3267 1057 3330 tempus,
1093 3275 1192 3316 nec
1228 3262 1483 3331 temporis
1520 3277 1645 3331 pars
1684 3263 1791 3317 ulla
1825 3271 1929 3329 est;
1961 3279 2059 3319 nec

508 3351 651 3405 enim
680 3351 733 3405 in
768 3367 1072 3407 mensuram
1133 3353 1312 3418 cadit;
1361 3355 1455 3409 sed
1493 3356 1633 3424 quod
1673 3357 1827 3411 nobis
1855 3368 2062 3425 tempus

499 3449 605 3505 est,
665 3439 793 3495 solis
843 3450 988 3495 metu
1044 3440 1354 3505 definitum,
1384 3441 1485 3496 hoc
1509 3442 1729 3497 aeternis
1761 3456 1932 3497 aevum
1955 3451 2059 3504 est,

505 3534 760 3588 nimirum
794 3531 883 3589 ille
910 3532 1063 3602 quasi
1116 3533 1430 3601 temporalis
1490 3533 1708 3600 quidam
1754 3541 1951 3600 motus,
2008 3542 2064 3587 et

502 3627 862 3692 intervallum,
906 3628 1047 3695 quod
1091 3625 1250 3680 simul
1291 3640 1413 3680 cum
1464 3626 1681 3680 aeternis
1731 3625 2060 3680 extenditur.

501 3722 682 3786 Atque
733 3717 847 3771 haec
888 3717 1043 3770 nobis
1078 3720 1130 3771 in
1162 3716 1447 3785 praesentia
1497 3716 1563 3770 de
1589 3714 1714 3769 «Deo
1757 3714 1897 3769 dicta
1932 3715 2059 3769 sint.

501 3806 685 3875 Neque
729 3807 869 3860 enim
922 3806 1075 3874 plura
1124 3806 1392 3860 disserere
1440 3805 1599 3875 hujus
1642 3814 1725 3860 est
1769 3806 2061 3875 temporis,

501 3898 934 3967 quandoquidem
976 3898 1130 3951 nobis
1169 3897 1269 3951 hoc
1313 3896 1452 3962 loco,
1500 3913 1605 3952 non
1635 3898 1699 3952 de
1730 3897 1821 3952 Dei
1849 3907 2059 3960 natura,

502 3985 597 4040 sed
631 3984 694 4038 de
725 3983 1025 4040 (economia
1071 3982 1317 4037 instituta
1343 3993 1426 4039 est
1459 3986 1653 4040 oratio.
1690 3984 1855 4040 Deum
1903 4001 2064 4054 porro

504 4091 630 4131 cum
666 4074 808 4141 dico,
839 4073 1077 4141 Patrem,
1106 4083 1159 4128 et
1188 4074 1403 4139 Filium,
1436 4085 1490 4131 et
1526 4076 1785 4147 Spiritum
1817 4085 2061 4135 sanctum

500 4168 657 4231 dico,
706 4182 804 4222 nec
853 4166 991 4220 ultra
1031 4166 1144 4221 haec
1183 4181 1303 4223 sese
1359 4166 1685 4223 diffundente
1727 4167 1946 4230 deitate,
1998 4181 2065 4220 ne

2162 3077 2283 3131 οὔτε
2314 3075 2505 3147 χρόνου
2536 3093 2588 3145 τι
2628 3075 2811 3148 μέρος·
2841 3078 2961 3131 οῦδὲ
2988 3078 3099 3150 γάρ
3133 3081 3417 3151 μετρητόν·
3446 3082 3560 3136 ἀλλ’
3598 3083 3735 3157 ὅπερ
3804 3090 3815 3101 ⁸

2162 3172 2291 3242 ἡμῖν
2321 3171 2350 3223 ὁ
2383 3169 2575 3240 χρόνος
2594 3208 2607 3233 ,
2637 3168 2790 3240 ἡλίου
2837 3171 2978 3241 φορᾷ
3010 3171 3376 3243 μετρούμενος
3398 3212 3411 3235 ,
3440 3174 3596 3227 τοῦτο
3623 3178 3739 3240 τοῖς

2163 3261 2353 3323 ἀϊδίοις
2386 3262 2552 3324 αἰὼν,
2595 3259 2657 3312 τὸ
2707 3262 3304 3333 συμπαρεκτεινόμενον
3341 3263 3451 3335 (75)
3493 3268 3606 3329 τοῖς
3648 3261 3738 3319 οῦ-

2164 3367 2248 3404 σιν
2293 3350 2435 3421 (76),
2483 3344 2593 3403 οἷόν
2644 3367 2696 3402 τι
2749 3351 2997 3421 χρονικὸν
3035 3352 3242 3423 κίνημα
3298 3354 3392 3407 καὶ
3444 3355 3733 3426 διάστημα.

2164 3442 2348 3505 Ταῦτά
2400 3457 2488 3512 μοι
2539 3440 2670 3512 περὶ
2714 3440 2849 3493 Θεοῦ
2899 3443 3348 3516 πεφιλοσοφήσθω
3387 3445 3550 3500 τανῦν
3598 3447 3733 3516 (77).

2164 3532 2295 3586 Οὐδὲ
2345 3531 2453 3603 γὰρ
2499 3530 2639 3601 ὑπὲρ
2688 3530 2857 3583 ταῦτα
2901 3533 3120 3602 καιρὸς,
3151 3535 3230 3586 ὅτι
3280 3534 3352 3605 μὴ
3400 3534 3646 3604 θεολογία
3674 3537 3741 3590 rb

2165 3624 2520 3695 προκείμενον
2548 3624 2678 3693 ἡμῖν
2698 3662 2713 3688 ,
2744 3622 2857 3675 ἀλλ’
2884 3626 3159 3696 οἰκονομία
3189 3626 3321 3697 (78).
3351 3626 3485 3679 Θεοῦ
3519 3628 3576 3681 δὲ
3607 3628 3737 3681 ὅταν

2165 3718 2321 3781 εἴπω,
2356 3715 2498 3783 λέγω
2528 3714 2762 3784 Πατρὸς,
2795 3718 2889 3768 καὶ
2920 3716 3071 3781 Υἰοῦ,
3100 3720 3191 3770 καὶ
3215 3719 3369 3787 ἁγίου
3399 3718 3731 3789 Πνεύματος·

2163 3808 2287 3862 οῦτε
2332 3809 2470 3879 ὑπὲρ
2516 3806 2685 3861 ταῦτα
2737 3808 2838 3877 τῆς
2885 3809 3134 3880 θεότητος
3180 3811 3475 3882 χεομένης,
3523 3812 3607 3865 ἵνα
3659 3812 3733 3881 μὴ

2163 3900 2333 3969 δῆμον
2368 3897 2508 3951 θεῶν
2551 3898 2954 3969 εἰσαγάγωμεν·
2999 3900 3122 3953 οὔτε
3150 3902 3297 3965 ἐντὸς
3334 3901 3535 3955 τούτων
3560 3902 3735 3972 ὁριζο-

2168 3991 2355 4061 μένης,
2385 3990 2469 4042 ἵνα
2504 3989 2577 4060 μὴ
2616 3991 2804 4043 πενίαν
2837 3989 3087 4059 θεότητος
3112 3990 3547 4063 κατακριθῶμεν,
3579 3991 3612 4062 ἦ
3646 3990 3735 4044 διὰ

2162 4088 2260 4158 τὴν
2308 4086 2602 4157 μοναρχίαν
2660 4086 3034 4151 Ἰουδαῖζοντες
3057 4086 3192 4153 (79),
3234 4087 3266 4156 ἢ
3314 4086 3401 4139 διὰ
3432 4085 3528 4157 τὴν
3568 4083 3733 4154 ἁφθο·

2163 4177 2280 4230 νίαν
2340 4175 2750 4245 Ἐλληνίζοντες.
2799 4175 2878 4227 Τὸ
2920 4174 3026 4246 γάρ
3079 4175 3244 4227 κακὸν
3300 4176 3359 4228 ὲν
3407 4173 3735 4245 ἀμφοτέροις

504 4260 728 4315 deorum
776 4259 985 4315 turbam
1027 4258 1375 4325 inducamus,
1429 4275 1525 4315 nec
1572 4275 1757 4315 rursus
1787 4258 1924 4313 intra
1953 4258 2058 4311 haec

2165 4266 2365 4335 ὅμοιον,
2395 4263 2499 4317 κᾶν
2530 4266 2586 4317 έν
2619 4262 2729 4334 (80)
2773 4266 2885 4327 τοῖς
2917 4264 3177 4327 ἐναντίοις
3210 4264 3548 4334 εὑρίσκηται.
3580 4262 3733 4316 Οὕτω

503 4354 652 4408 ﬁnita
705 4362 869 4422 atque
912 4352 1177 4415 restricta,
1214 4366 1281 4407 ne
1327 4353 1622 4407 divinitatis
1670 4352 1849 4420 inopia
1894 4350 2058 4418 premi

2172 4322 2269 4423 μὲν
2310 4322 2404 4406 οῦν
2445 4352 2513 4405 τά
2554 4322 2724 4421 ’Ἅγια
2759 4322 3094 4420 τῶν-ἁγίων,
3127 4322 3173 4406 ἃ..
3210 4322 3303 4405 κα).
3339 4322 3449 4417 τοῖς
3493 4350 3734 4423 σεραφίμ

499 4445 817 4514 iudicemur,
853 4444 933 4499 vel
970 4452 1189 4513 propter
1214 4446 1370 4500 unius
1399 4445 1760 4515 principatum
1787 4441 2063 4498 Judaismo

572 4651 682 4727 (60)
732 4652 1199 4727 Κεκαθαρμένον.
1240 4649 1388 4727 Reg._
1426 4644 1719 4727 plt,.Savil.
1766 4654 1819 4700 et
1844 4643 2055 4706 Comb.,

501 4719 964 4793 xeanappétwv.
1030 4736 1151 4773 cum
1183 4719 1389 4793 purgati
1424 4719 1700 4793 fuerimus.
1726 4734 1745 4765 ι

571 4792 682 4851 (ιη)
719 4785 961 4843 "Eavrd.
994 4791 1127 4855 Reg.
1161 4790 1228 4854 ph
1252 4798 1305 4840 et
1337 4787 1428 4840 Or.
1464 4786 1513 4845 1,
1538 4785 1745 4855 ἑαυτόν.

573 4864 683 4927 (iis)
726 4863 779 4911 Ἐ
776 4879 817 4929 ρ
826 4854 1312 4929 γάζηταιζίὲυηιίιη
1353 4857 1456 4907 ἀπε
1465 4854 1747 4929 ργάζηται.

595 4923 687 4998 b9)
731 4923 874 4992 Τοῦς
922 4923 1419 4998 πλινωονιομέενουςΓ
1467 4923 1632 4998 'tQui
1673 4933 2057 4998 cognosmtnm

503 5016 630 5061 non,
667 4991 1127 5061 icoganéuntnr,
1155 4991 1194 5044 ι’
1210 5007 1265 5046 ιιι
1305 4994 1503 5047 Dillius.
1530 4991 1901 5046 Alluditcnitn
1929 4991 2064 5047 Gre-

504 5068 691 5137 gorius
714 5066 778 5118 ad
808 5067 921 5119 ha:c
943 5065 1179 5137 Apostoli
1207 5065 1385 5128 verba,
1422 5064 1439 5116 Ι
1470 5063 1595 5117 Cor.
1635 5078 1751 5124 xui,
1784 5063 1872 5127 i2,
1901 5080 1920 5113 ‹
1942 5074 2064 5116 tunc

505 5136 683 5190 autem
718 5148 1032 5202 cegnoscant
1067 5136 1205 5188 sicut
1227 5146 1280 5186 et
1306 5137 1550 5202 cognitus
1575 5148 1711 5185 sum.
1747 5150 1764 5183 ι

576 5204 690 5272 (70)
721 5204 922 5269 οἴηται
953 5201 1051 5267 τῷ.
1084 5202 1218 5265 Jes.,
1258 5201 1391 5257 Par-.7
1411 5216 1465 5258 et
1493 5201 1682 5267 Savil.,
1707 5202 1875 5255 οἴεται
1904 5201 1982 5255 τό.

577 5274 686 5343 (71)
723 5274 920 5343 "Odor.
955 5272 1102 5343 Pan,
1137 5274 1287 5337 ὅλως.

578 5340 689 5413 (72)
733 5341 1349 5414 Ἐπιζητήινωμενεδὶο
1378 5342 1540 5413 Regg.
1578 5342 1689 5406 bin,
1724 5340 1815 5412 pb,
1847 5352 1950 5396 etc.
1983 5342 2073 5395 Sic

505 5412 901 5498 etiaJnﬂJlius;
925 5412 979 5467 In
1000 5412 1109 5498 ed",
1137 5412 1554 5498 éntiqrﬁa‘op'eu.

541 5482 799 5609 δὲξῗέιΐὸ
838 5480 990 5539 εἶναι
1013 5486 1222 5551 μόνον.
1268 5480 1363 5538 δέ
1392 5480 1555 5538 coisl.
1585 5481 1638 5535 2.
1679 5481 1734 5535 ln
1761 5483 1868 5547 ed.,
1914 5482 2072 5552 μόνον

506 5570 568 5609 το
587 5571 611 5605 ε
621 5570 738 5607 ιναι.

581 5624 692 5695 (76)
726 5626 827 5690 Εἰς
859 5624 965 5677 τὸν
984 5626 1158 5678 κάτω.
1228 5624 1394 5693 chg.
1429 5625 1541 5689 hut,
1578 5625 1672 5692 ph,
1702 5634 1830 5689 etc.,
1886 5623 1963 5683 εἰς
2006 5621 2073 5674 τά

2172 4442 2623 4507 συγκαλύπτεται,
2660 4443 2753 4497 καὶ
2787 4443 3063 4507 δοξάζεται
3101 4444 3277 4516 τρισὶν
3311 4444 3619 4513 ἀγιασμοῖς,
3652 4444 3734 4505 εἰς

2166 4643 2335 4695 κάτω.
2368 4640 2570 4707 Gloss.,
2599 4641 2676 4702 εἰς
2704 4638 2772 4691 τὰ
2801 4639 3086 4709 μέλλοντα,
3118 4655 3136 4688 ι
3162 4638 3227 4691 ad
3258 4636 3533 4703 ulteriora,
3558 4637 3624 4691 ad
3653 4635 3734 4690 fu»

2375 4780 2445 4832 Τὸ
2470 4778 3150 4849 συμπαρεκτεινόμ-ενον.
3184 4793 3201 4826 ι
3227 4774 3356 4849 Illud
3387 4790 3557 4829 mvuut
3585 4774 3731 4845 quod

2163 4844 2466 4905 siniul'cum
2507 4844 2887 4902 eisistentibus
2919 4847 3074 4900 rebus
3107 4844 3431 4898 extenditur.
3458 4864 3476 4897 ι

2234 4919 2345 4990 (76)
2376 4918 2501 4983 Τοῖς
2522 4913 2721 4972 οὖσιν.
2755 4918 2945 4990 ίῖοιιιὶ).
2974 4934 2988 4969 :
3029 4912 3527 4990 t_Spir_'itualibus_.__r

2234 4982 2346 5066 (77)
2384 4982 2896 5066 Ιζεςξιλορνοεξήσθω
2931 4982 3134 5039 τανῦν-ζ
3184 4982 3240 5036 In
3278 4984 3567 5047 nonnullis,
3632 5000 3731 5035 πε-

2163 5056 2438 5130 φιλοσοφεί
2447 5057 2555 5110 σθω
2575 5056 2649 5130 rb_
2666 5056 2778 5110 νῦν.

2235 5131 2343 5199 (78)
2363 5122 2706 5199 Ὀίκονομζα.
2738 5145 2756 5177 ι
2780 5125 2857 5178 De
2883 5124 3179 5199 oeconomia
3205 5140 3287 5199 ,“r
3328 5122 3378 5176 id
3408 5131 3511 5187 est,
3560 5122 3727 5199 inquit

2168 5192 2407 5262 Nicetius,
2467 5217 2484 5249 ι
2514 5192 2594 5249 (ιε’
2632 5196 3020 5250 lncarnationis
3075 5192 3299 5262 consilio
3341 5202 3391 5245 et
3421 5193 3720 5262 (BCOtIOIIIla

2169 5270 2430 5323 disserere
2451 5264 2845 5336 proposuimus.
2871 5283 2889 5315 ι
2941 5264 3017 5336 Et;
3044 5263 3249 5336 quibus
3268 5261 3445 5315 forsan
3469 5261 3726 5336 colligen:

2169 5340 2292 5392 dum
2322 5330 2611 5395 essethaec
2632 5335 2954 5390 exoratione
2986 5334 3050 5387 de
3078 5330 3731 5401 Nativitateexccrpta,ab

2171 5408 2586 5471 amanuensibus
2618 5406 2718 5459 huc
2745 5404 2909 5459 fuisse
2936 5402 3212 5455 translata.

2241 5467 2351 5548 (79)
2390 5475 2817 5548 Ἰουδαΐζοντες.
2864 5471 3032 5527 Judmi
3086 5487 3245 5527 unam
3286 5480 3492 5526 tantum
3533 5471 3586 5526 in
3615 5467 3735 5530 Deo

2170 5546 2448 5617 personam
2487 5546 2862 5617 agnoscebant.

2244 5618 2350 5686 (80)
2386 5610 2697 5670 ‘ErfDeesr
2728 5614 2778 5668 iu
2821 5615 2981 5683 llcgg.
3015 5628 3067 5678 ς,
3099 5611 3130 5665 d
3152 5621 3201 5666 et
3234 5610 3343 5667 .les.
