4100 6276
501 216 600 271 631

1734 205 1791 260 S.
1834 198 2157 260 GREGORII
2194 196 2538 254 THEOLOGI

3632 195 3734 249 632

500 324 666 382 Verbi
694 321 1025 391 majestaterr.
1066 319 1117 373 in
1145 293 1337 387 seipsis
1376 317 1649 382 ferebant,
1686 314 1836 369 taciti
1883 314 2071 367 lauda-

2187 307 2546 378 εἱστήκεισαν,
2575 303 2668 357 καὶ
2698 303 2760 356 τὸ
2783 302 2877 357 τοῦ
2908 303 3239 376 δημιουργοῦ
3264 302 3439 373 Λόγου
3463 306 3745 375 μεγαλεῖον

503 425 652 471 tores
691 412 917 481 insignis
950 405 1173 478 opiticii,
1202 414 1254 461 et
1285 405 1469 461 canori
1497 416 1794 473 praecones.
1827 399 2071 455 Nondum

504 514 685 559 autem
712 518 776 557 ex
806 512 1034 568 utroque
1077 508 1438 568 temperatura
1481 495 1586 548 ulla
1620 501 1759 558 erat,
1800 500 1895 547 aut
1938 506 2072 547 con-

507 593 796 647 trariorum
853 590 1065 653 mistio,
1115 603 1233 657 qua:
1296 585 1625 641 sublintioris
1682 568 1962 653 Sapientiae
2012 598 2076 637 ac

506 685 650 739 circa
677 693 992 737 naturarum
1023 680 1355 735 creationem
1389 678 1673 731 varietatis
1722 685 1777 732 et
1805 676 2075 732 excellen-

508 776 595 829 tiae
627 773 898 843 specimen
930 772 1212 825 exhiberet
1244 789 1256 823 :
1297 784 1394 822 nec
1419 784 1609 822 omnes
1659 767 1913 822 bonitatis
1940 766 2073 821 divi-

509 865 597 918 tia:
625 872 764 918 notae
788 870 949 930 atque
975 868 1228 928 Spectata:
1248 868 1421 912 erant.
1460 857 1571 911 lloc
1598 857 1760 927 igitur
1783 871 1904 910 cum
1941 858 2073 911 arti-

507 951 594 1006 fex
630 950 860 1005 Verbum
888 946 1172 1002 Ostendere
1200 943 1477 1009 voluisset,
1500 942 1666 1013 850
1688 941 1882 995 animal
1911 956 2074 994 unum

508 1058 574 1096 ex
616 1052 867 1106 utroque,
898 1054 963 1092 ex
995 1037 1253 1091 invisibili
1284 1035 1491 1091 scilicet
1517 1049 1581 1088 ac
1631 1032 1828 1086 visibili
1862 1041 2072 1094 natura,

511 1133 780 1185 hominem
813 1129 955 1192 dico,
983 1126 1312 1193 fabricatur;
1348 1134 1507 1194 atque
1530 1139 1560 1177 a
1579 1122 1803 1177 materia
1831 1122 2074 1191 quident,

440 1218 447 1223 ’
504 1223 613 1293 jam
653 1232 778 1275 ante
830 1221 1112 1289 producta,
1166 1230 1383 1289 sumpto
1432 1230 1680 1285 corpore,
1716 1230 1746 1268 a
1796 1230 1853 1269 se
1899 1225 2076 1267 autem

510 1312 676 1365 insito
705 1308 975 1380 spiraculo
1013 1306 1175 1378 (quod
1220 1306 1437 1376 quidem
1488 1302 1908 1358 intellectualem
1964 1304 2078 1355 uni-

511 1416 679 1464 mam,
729 1398 931 1466 Deique
988 1396 1274 1464 imaginem
1312 1393 1594 1461 Scriptura
1650 1392 1895 1463 vocat'),
1935 1392 2079 1445 velut.

511 1492 741 1546 alterum
782 1488 1068 1557 quemdam
1112 1484 1391 1546 mundum,
1423 1484 1474 1537 itt
1511 1497 1676 1552 parvo
1718 1498 1991 1553 magnum,
2027 1484 2076 1536 ἰιι

514 1594 655 1637 terra
694 1579 939 1643 collocat,
973 1577 1219 1645 angelum
1248 1574 1435 1639 alium,
1469 1574 1684 1629 ntistum
1716 1573 2077 1634 adoratoretn,

2177 400 2235 450 ἐν
2269 398 2481 458 ἑαυτοῖς
2515 394 2707 465 ἔφερον
2735 434 2751 460 ,
2811 394 3069 462 σιγῶντες
3103 393 3382 447 ἐπαινέται
3432 393 3533 463 τῆς
3580 412 3753 463 μεγαν

2176 489 2267 541 λου
2279 488 2452 558 ργίας,
2483 486 2579 539 καὶ
2605 484 2916 557 διαπρύσιοι
2946 486 3207 557 κήρυκες.
3244 484 3410 539 Οὔπω
3436 486 3493 539 δὲ
3520 481 3589 557 ἦν
3613 490 3747 558 κρᾶ-

2180 596 2258 649 μα
2290 578 2352 643 ἐξ
2381 578 2709 649 ἀμφοτέρων
2728 616 2745 642 ,
2772 577 2893 631 οὐδέ
2920 595 3003 641 τις
3032 578 3177 648 μίξις
3209 578 3317 632 τῶν
3350 579 3632 641 ἐναντίων,
3662 597 3750 633 σο-

2177 670 2304 740 φίας
2351 670 2592 740 μείζονος
2626 668 2913 739 γνώρισμα
2976 670 3069 722 καὶ
3107 669 3206 739 τῆς
3251 670 3380 740 περὶ
3417 669 3515 732 τὰς
3561 672 3751 739 φύσεις

2178 759 2560 822 πολυτελείας’
2611 758 2736 811 οὐδὲ
2783 760 2813 811 ό
2860 761 2967 823 πᾶς
3002 759 3228 822 πλοῦτος
3268 760 3369 829 τῆς
3414 760 3752 831 ἀγαθότητος

2177 849 2472 921 γνώριμος.
2552 849 2723 903 Τοῦτο
2772 849 2835 921 δὴ
2889 849 3171 923 βουληθεὶς
3203 853 3232 903 ό
3263 852 3512 924 τεχνίτης
3552 853 3752 906 ἐπιδεί-

2177 940 2368 1007 ξασθαι
2401 941 2572 1008 Λόγος
2592 979 2606 1001 ,
2640 940 2733 992 κα).
2764 938 2900 1004 ζῶον
2942 940 2999 994 ἓν
3034 940 3092 1005 ἐξ
3114 942 3441 1013 ἀμφοτέρων
3462 982 3477 1005 ,
3517 944 3752 1015 ἀοράτου

2176 1048 2236 1083 τε
2264 1029 2407 1099 λέγω
2439 1031 2532 1082 καὶ
2559 1029 2761 1098 ὁρατῆς
2794 1029 3028 1098 φύσεως,
3057 1031 3394 1102 δημιουργεῖ,
3428 1033 3518 1085 τὸν
3542 1032 3754 1103 ἀνθρω-

2180 1139 2312 1175 πον·
2357 1123 2450 1174 καὶ
2504 1120 2653 1191 παρά
2696 1121 2794 1191 μὲν
2838 1123 2936 1192 τῆς
2978 1121 3110 1193 ὖλης
3154 1122 3333 1177 λαϐὼν
3363 1124 3423 1177 τὸ
3458 1125 3616 1194 σῶμα
3649 1126 3756 1195 ἤδη

2182 1214 2628 1284 προῦποστάσης,
2674 1213 2804 1284 παρ’
2864 1214 3058 1267 ἑαυτοῦ
3110 1215 3168 1268 δὲ
3215 1215 3381 1286 πνοὴν
3424 1215 3597 1279 ἐνθεὶς
3640 1218 3755 1286 (99)

2182 1303 2231 1371 (ὃ
2266 1303 2330 1374 δὴ
2357 1302 2551 1374 νοερὰν
2590 1304 2767 1374 ψυχὴν
2794 1306 2888 1358 καὶ
2934 1306 3114 1359 είκόνα
3145 1306 3280 1359 Θεοῦ
3308 1303 3446 1359 οἶδεν
3485 1309 3515 1361 ό
3547 1307 3756 1375 λόγος).

2179 1390 2289 1447 οἶόν
2330 1412 2454 1450 τινα
2488 1396 2691 1466 κόσμον
2727 1397 2913 1469 ἕτερον
2939 1439 2953 1461 ,
2985 1399 3044 1451 ὲν
3072 1398 3253 1469 μικρῷ
3282 1400 3462 1469 ,μέγαν
3489 1437 3505 1463 ,
3534 1400 3625 1453 ἐπὶ
3656 1399 3761 1470 τῆς

2180 1485 2282 1555 γῆς
2315 1485 2525 1555 ἵστησιν
2546 1525 2560 1550 ,
2613 1487 2841 1555 ἄγγελον
2883 1488 3040 1544 ἄλλον
3065 1529 3080 1553 ,
3131 1489 3510 1560 προσκυνητὴν
3544 1491 3761 1560 μικτὸν,

2181 1577 2424 1648 ὲπόπτην
2451 1578 2550 1647 τῆς
2582 1578 2782 1648 ὁρατῆς
2809 1579 3058 1645 κτίσεως,
3090 1580 3300 1651 μύστην
3321 1582 3417 1652 τῆς
3440 1583 3761 1653 νοουμένης,

513 1672 743 1729 Visibilis
770 1681 979 1741 naturae
1001 1676 1383 1738 spectatorem,
1415 1664 1794 1720 intellectualis
1821 1674 2072 1734 tnystem,

2187 1668 2398 1721 Ξασιλέα
2431 1668 2541 1720 τῶν
2575 1670 2667 1721 ἐπὶ
2695 1670 2799 1739 γῆς
2823 1709 2837 1733 ,
2893 1670 3307 1741 βασιλευόμενον
3344 1672 3548 1726 ἀνωθεν
3568 1712 3584 1737 ,
3635 1674 3762 1725 ἐπί-

512 1781 722 1831 eorum,
764 1778 881 1833 qua:
922 1762 973 1815 in
1028 1769 1169 1814 terra
1208 1768 1355 1824 sunt,
1391 1772 1595 1826 regem,
1646 1756 1857 1825 superis
1898 1765 2077 1810 autem

514 1855 811 1916 subditum,
842 1860 1114 1906 terrenum
1154 1858 1208 1903 et
1235 1847 1535 1910 ccelestem,
1576 1847 1841 1901 caducum
1885 1856 1939 1897 et
1980 1845 2083 1899 im-

515 1944 815 2007 mortalem,
870 1940 1136 1997 visibilem
1186 1948 1240 1994 et
1286 1938 1698 2009 intelligibilem,
1731 1936 1961 1993 medium
2002 1936 2082 1989 itt-

514 2047 600 2090 ter
629 2032 1045 2103 magnitudinem
1099 2039 1153 2086 et
1199 2029 1582 2094 humilitatem,
1621 2027 1867 2083 eumdem
1920 2027 2079 2097 apiri-

519 2138 630 2178 tum
668 2132 719 2178 et
746 2135 1002 2184 carnem;
1036 2120 1282 2189 spiritum
1322 2127 1544 2188 propter
1583 2116 1830 2186 gratiam,
1862 2128 2078 2170 carnem

512 2216 582 2270 ob
614 2214 900 2269 elationem
943 2230 957 2266 :
1000 2210 1128 2266 illud
1167 2209 1407 2280 quidem,
1439 2217 1497 2262 ut
1540 2214 1779 2271 maneat,
1825 2219 2077 2276 eumque,

514 2309 665 2376 cujus
695 2304 969 2360 beneﬁciis
1005 2313 1229 2357 ornatus
1274 2311 1377 2366 est,
1427 2299 1801 2363 concelebret;
1835 2299 1934 2352 hoc
1986 2312 2080 2349 an-

516 2413 645 2463 tem,
678 2408 735 2453 nt
756 2405 1001 2462 vexetur,
1030 2411 1093 2451 ac
1126 2392 1501 2449 vexationibus
1527 2391 1901 2453 admoneatur,
1929 2397 1983 2442 et
2016 2388 2080 2440 de

518 2487 885 2559 magnitudine
922 2485 1022 2541 sibi
1055 2484 1275 2554 placens
1303 2481 1591 2537 erudiatur
1632 2486 1687 2534 et
1732 2484 2075 2540 coerceatur;

518 2580 715 2637 animal
743 2579 830 2634 hic
858 2579 1005 2632 varie
1034 2577 1407 2647 gubernatum,
1441 2582 1603 2642 atque
1634 2570 1741 2625 alio
1757 2568 2083 2638 demigrans,

519 2682 598 2739 et,
638 2671 777 2740 quod
813 2668 1053 2740 mysterii
1096 2675 1398 2722 extremum
1434 2674 1539 2729 est,
1588 2662 1753 2719 animi
1804 2660 1871 2715 ad
1914 2658 2083 2714 Deum

523 2772 652 2818 nutu
707 2772 761 2814 et
805 2758 1163 2830 propensione
1209 2754 1545 2810 divinitatem
1604 2768 1962 2822 consequens.
2011 2752 2088 2807 Eo

520 2855 665 2910 enim
698 2852 830 2907 mihi
861 2849 1108 2905 veritatis
1159 2846 1415 2918 splendor
1442 2846 1550 2910 ille,
1586 2859 1744 2915 quem
1774 2845 1864 2900 hie
1896 2844 2087 2915 exigue

2179 1776 2326 1828 γειον
2354 1759 2448 1812 καὶ
2474 1759 2721 1831 οὐράνιον
2741 1801 2757 1825 ,
2805 1762 3139 1833 πρόσκαιρον
3164 1763 3259 1816 καὶ
3290 1762 3559 1817 ἀθάνατον
3579 1804 3595 1827 ,
3624 1766 3763 1835 ὁρα-

2178 1851 2272 1905 τὸν
2316 1850 2410 1903 καὶ
2457 1849 2741 1920 νοούμενον
2762 1891 2777 1917 ,
2816 1852 2981 1921 μέσον
3011 1852 3122 1923 (91)
3158 1854 3423 1923 μεγέθους
3449 1856 3542 1908 καὶ
3568 1872 3765 1908 ταπει-

2185 1940 2409 2011 νότητος
2433 1979 2449 2002 ,
2482 1939 2572 1992 τὸν
2603 1940 2764 1992 αὑτὸν
2792 1940 3011 2013 πνεῦμα
3053 1943 3148 1996 καὶ
3180 1943 3359 2015 σάρκα
3378 1961 3393 1975 ⁸
3427 1944 3642 2015 πνεῦμα
3668 1946 3761 1999 διὰ

2181 2031 2276 2102 τὴν
2307 2032 2487 2103 χάριν,
2519 2031 2698 2101 σάρκα
2722 2032 2811 2085 διὰ
2839 2033 2939 2105 τὴν
2970 2033 3199 2103 ἔπαρσιν
3222 2052 3234 2064 ·
3270 2036 3333 2089 τὸ
3363 2038 3458 2107 μὲν
3485 2075 3500 2099 ,
3536 2038 3623 2091 ἵνα
3658 2038 3761 2108 μέ-

2177 2141 2264 2193 νῃ,
2316 2122 2408 2176 καὶ
2434 2122 2630 2193 δοξάζῃ
2680 2112 2772 2175 τὸν
2810 2124 3103 2196 εὐεργέτην
3126 2142 3141 2156 °
3197 2126 3258 2179 τὸ
3289 2126 3378 2189 δὲ,
3413 2126 3499 2179 ἵνα
3550 2128 3758 2199 πάσχῃ,

2178 2215 2274 2267 κα)⁸
2318 2214 2543 2285 πάσχων
2578 2215 2690 2285 (92)
2730 2215 3213 2288 ὗπομιμνήσκηται
3238 2256 3253 2281 ,
3305 2218 3397 2271 καὶ
3439 2217 3759 2288 παιδεύηται

2176 2304 2253 2375 τῷ
2270 2306 2487 2376 μεγέθει
2505 2306 2951 2377 φιλοτιμούμενος
2967 2307 3079 2377 (95)
3100 2324 3113 2335 ·
3129 2307 3267 2371 ζῶον
3292 2307 3527 2362 ἐνταῦθα
3545 2308 3659 2379 (94)
3677 2312 3727 2363 oi
3741 2339 3760 2349 -

2178 2398 2599 2467 κονομούμενον,
2627 2399 2718 2451 καὶ
2743 2396 2975 2468 ἀλλαχοῦ
3016 2397 3427 2469 μεθιστάμενον,
3458 2398 3553 2452 καὶ
3587 2400 3762 2468 πέρας

2187 2487 2281 2540 τοῦ
2316 2489 2614 2560 μυστηρίου
2637 2529 2651 2553 ,
2686 2492 2749 2559 τῇ
2781 2490 2916 2559 πρὸς
2939 2489 3070 2542 Θεὸν
3102 2489 3280 2543 νεύσει
3309 2489 3613 2560 θεούμενον.
3666 2490 3761 2551 Εἰς

2188 2578 2345 2632 τοῦτο
2369 2580 2479 2651 γὰρ
2511 2580 2635 2651 ἐμοὶ
2661 2582 2814 2651 φέρει
2841 2580 2899 2633 τὸ
2926 2580 3144 2651 μέτριον
3174 2579 3407 2635 ἐνταῦθα
3438 2579 3638 2649 φέγγος
3660 2580 3763 2649 τῆς

2188 2670 2480 2740 ἀληθείας,
2538 2670 2896 2741 λαμπρότητα
2946 2671 3080 2723 Θεοῦ
3124 2670 3219 2724 καὶ
3263 2671 3389 2724 ἰδεῖν
3435 2671 3529 2726 καὶ
3570 2669 3763 2724 παθεῖν

2189 2759 2346 2823 ἀξίαν
2379 2761 2473 2815 τοῦ
2507 2763 2600 2815 καὶ
2628 2762 3012 2831 συνδήσαντος,
3043 2760 3411 2825 καὶλύσοντος
3436 2802 3449 2827 ,
3478 2761 3571 2813 καὶ
3606 2756 3764 2823 αὖθις

2192 2850 2547 2921 συνδήσαντος
2578 2850 2689 2921 (95)
2717 2849 3064 2921 ὑψηλότερον.

522 2948 823 3007 haurimus,
853 2941 1047 3003 tendit.
1098 2949 1153 2994 ut
1194 2939 1286 2994 Dei
1316 2937 1617 2992 claritatem
1674 2944 1729 2991 et
1782 2936 1992 2990 videam
2059 2946 2113 2993 et
2149 2940 2378 2995 sentiam
2430 2942 2643 3012 dignam
2684 2956 2771 3007 eo,
2822 2941 2913 3011 qui
2946 2950 3000 2995 et
3032 2942 3382 3006 constrinxit,
3445 2950 3500 2996 et
3563 2940 3764 2995 dissol-

521 3054 633 3106 vet,
682 3056 746 3097 ac
777 3052 962 3094 rursus
987 3034 1341 3091 excellentius
1384 3032 1773 3102 sublimiusque
1812 3033 2171 3104 constringet.

596 3130 727 3187 Vlll.
764 3128 920 3183 llune
945 3125 1154 3179 arbitrii
1186 3122 1432 3178 libertate
1472 3119 1753 3187 donatum,
1783 3128 1842 3175 ut
1884 3121 2081 3176 bonum

2256 3126 2345 3178 II'.
2392 3124 2592 3179 Τοῦτον
2623 3126 2778 3180 ἔθετο
2811 3128 2911 3196 μὲν
2934 3128 2994 3179 ἐν
3014 3124 3092 3196 τῷ
3119 3124 3226 3194 (96)
3257 3123 3591 3194 παραδείσῳ,
3617 3122 3769 3185 ὅστις

524 3240 631 3279 non
667 3224 843 3277 minus
869 3221 1015 3275 illius
1038 3228 1199 3285 esset,
1230 3219 1322 3289 qui
1353 3217 1627 3287 elegisset,
1647 3232 1811 3286 quam
1842 3216 1980 3287 eius,
2000 3218 2091 3285 qui

525 3317 733 3374 semina
765 3312 1102 3384 praebuisset,
1140 3311 1192 3365 in
1235 3309 1489 3379 paradiso
1518 3308 1849 3378 (quicunque
1876 3308 2087 3362 tandem

526 3411 642 3457 erat
672 3400 957 3472 paradisus
988 3398 1120 3468 ille),
1153 3396 1436 3459 collocat”,
1479 3396 1782 3466 plantarum
1813 3397 2091 3450 immorta-

526 3494 655 3549 lium
686 3492 973 3555 cultorem,
1012 3491 1112 3544 boc
1141 3497 1243 3555 est,
1285 3487 1513 3542 fortasse
1554 3487 1858 3541 divinarum
1891 3486 2096 3555 cOgita«

530 3585 757 3651 tionum,
807 3592 913 3636 tam
946 3580 1358 3651 simpliciorum,
1387 3594 1549 3648 quam
1576 3577 1979 3647 perfectiorum,
2001 3596 2096 3633 nu-

529 3678 655 3730 dum
690 3689 784 3744 per
813 3671 1234 3741 simplicitatem,
1260 3679 1314 3724 et
1343 3670 1506 3723 vitam
1539 3669 1771 3724 artificio
1797 3682 2094 3735 carentem,

531 3774 697 3834 atque
728 3764 903 3817 omnis
931 3760 1286 3831 integumenti
1326 3770 1380 3813 et
1434 3760 1752 3815 munimenti
1802 3772 2093 3830 expertem.

532 3854 716 3909 Talem
766 3853 911 3907 enim
960 3865 1079 3906 esse
1120 3850 1475 3906 conveniebat
1525 3864 1669 3914 eum,
1732 3852 1822 3920 qui
1866 3854 2096 3922 primunt

533 3953 677 4001 esset
724 3954 962 3999 creatus.
997 3943 1075 3996 Ac
1115 3940 1328 4011 legem,
1378 3940 1532 4011 quasi
1590 3943 1869 3997 materiam
1929 3944 2099 4002 libero

534 4035 761 4091 arbitrio
812 4035 998 4089 tradit.
1029 4032 1143 4087 Lex
1196 4042 1376 4087 autem
1420 4031 1535 4097 illa,
1577 4043 1905 4102 praeceptum
1956 4047 2097 4101 erat,

535 4142 644 4197 quo
672 4126 1151 4197 praescribebatur,
1184 4134 1293 4179 tum
1323 4124 1519 4193 quibus
1550 4124 1833 4179 arboribus
1864 4125 1911 4180 ei
1944 4136 2101 4181 uten-

535 4223 660 4274 dum
687 4229 855 4284 esset,
888 4226 998 4271 tum
1034 4234 1061 4271 a
1091 4231 1195 4287 qua
1234 4231 1425 4271 manus
1454 4216 1806 4272 abstinendae.
1834 4216 1905 4271 Ea
1941 4232 2102 4286 porro

534 4321 655 4365 erat
696 4310 940 4366 scientite
977 4309 1161 4373 arbor,
1197 4323 1307 4363 non
1352 4307 1440 4362 illa
1485 4308 1724 4378 quidem,
1761 4319 1855 4362 aut
1888 4307 2025 4363 male
2072 4324 2105 4363 a

533 4402 798 4471 principio
846 4401 1074 4465 consita,
1116 4407 1209 4454 aut
1246 4413 1341 4468 per
1390 4399 1644 4453 invidiam
1697 4399 1977 4454 interdicta
2013 4406 2102 4469 (ne

2196 3217 2328 3269 ποτὲ
2360 3211 2429 3287 ἦν
2460 3218 2488 3270 ό
2515 3217 2843 3287 παράδεισος
2876 3212 3030 3280 οὗτος
3050 3256 3066 3279 ,
3117 3215 3196 3285 τῷ
3238 3213 3568 3284 αὑτεξουσίῳ
3604 3215 3769 3282 τιμή-

2196 3324 2317 3373 σας,
2340 3307 2403 3361 ἴν’
2430 3303 2579 3381 τοῦ
2601 3308 2856 3378 ἑλομένου
2884 3308 2944 3361 τὸ
2963 3306 3165 3376 ἀγαθὸν
3187 3307 3286 3376 οὐχ
3302 3302 3464 3377 ἦττον
3485 3305 3518 3375 ἢ
3541 3304 3633 3357 τοῦ
3656 3304 3771 3373 (97)

2198 3399 2569 3470 παρασχόντος
2597 3399 2664 3452 τὰ
2691 3400 3013 3469 σπέρματα,
3060 3396 3242 3467 φυτῶν
3280 3396 3561 3450 ἀθανάτων
3593 3412 3771 3465 γεωρ-

2195 3490 2311 3557 γὸν,
2347 3489 2506 3543 θείων
2531 3490 2747 3543 ἐννοιῶν
2782 3491 2911 3552 ἴσως
2930 3530 2945 3554 ,
2977 3489 3087 3543 τῶν
3114 3506 3172 3542 τε
3203 3486 3584 3558 ἁπλουστέρων
3604 3526 3619 3549 ,
3674 3487 3773 3539 καὶ

2196 3580 2303 3632 τῶν
2336 3581 2710 3652 τελεωτέρων,
2751 3580 2957 3651 γυμνὸν
2985 3584 3049 3653 τῇ
3080 3580 3342 3651 ἁπλότητι
3362 3618 3376 3640 .
3425 3580 3516 3633 καὶ
3557 3578 3666 3649 ζωῇ
3701 3582 3770 3650 τῇ

2198 3670 2442 3740 ἀτέχνῳ,
2489 3671 2582 3723 καὶ
2612 3670 2734 3740 δίχα
2783 3671 2982 3735 παντὸς
3008 3670 3455 3741 ὲπικαλύμματος
3494 3669 3589 3722 καὶ
3633 3686 3775 3738 προ-

2198 3760 2499 3831 ϐλήματοςο
2541 3761 2780 3816 τοιοῦτον
2817 3764 2927 3834 γὰρ
2961 3762 3198 3831 ἔπρεπεν
3230 3756 3370 3816 εἶναι
3398 3761 3488 3814 τὸν
3528 3760 3619 3813 ἀπ’
3666 3762 3771 3830 ἀρ-

2198 3852 2298 3923 κῆς
2318 3869 2329 3882 ·
2368 3854 2462 3906 καὶ
2498 3852 2678 3907 δίδωσι
2705 3853 2901 3924 νόμον,
2940 3854 3071 3924 ὓλην
3099 3853 3177 3924 τῷ
3202 3852 3551 3923 αύτεξουσίῳ.
3628 3852 3686 3905 '0
3712 3851 3771 3903 δὲ

2198 3944 2363 4013 νόμος
2408 3939 2495 4015 ἦν,
2524 3944 2743 4016 ἐντολὴ,
2798 3938 2872 3999 ὧν
2899 3962 2958 3997 τε
2989 3945 3358 4016 μεταληπτέον
3386 3943 3534 4014 αὐτῷ
3563 3943 3775 4014 φυτῶν,

2199 4035 2292 4087 καὶ
2322 4028 2382 4088 οῦ
2407 4036 2481 4105 μὴ
2509 4036 2876 4106 προσαπτέον.
2932 4037 3005 4089 Τὸ
3041 4037 3098 4090 δὲ
3124 4032 3213 4107 ἦν,
3244 4036 3304 4090 τὸ
3330 4034 3481 4101 ξύλον
3510 4035 3606 4105 τῆς
3638 4032 3779 4101 γνώ-

2201 4141 2360 4189 σεως,
2394 4124 2518 4180 οὔτε
2572 4128 2835 4197 φυτευθὲν
2876 4129 2969 4181 ἀπ’
3015 4128 3191 4198 ἀρχῆς
3240 4128 3461 4191 κακῶς,
3515 4125 3637 4180 οὔτε
3669 4126 3777 4179 ἀπ·-

2201 4216 2493 4287 αγορευθὲν
2507 4216 2782 4289 φθονερῶς
2805 4219 2904 4291 (μὴ
2916 4219 3281 4289 πεμπέτωσαν
3319 4220 3438 4272 ἐκεῖ
3468 4216 3565 4280 τὰς
3596 4215 3775 4284 γλώσ-

2203 4324 2299 4372 σας
2325 4311 2371 4361 οἱ
2402 4308 2681 4380 θεομάχοι,
2722 4310 2857 4381 μηδὲ
2887 4311 2978 4364 τὸν
3006 4311 3126 4380 ὅφιν
3163 4309 3560 4382 μιμείσθωσαν)
3584 4324 3599 4339 ·
3635 4306 3779 4359 ἀλλὰ

2200 4398 2361 4453 καλὸν
2391 4401 2491 4470 μὲν
2517 4400 3365 4473 εὐκαίρως-,μεταλαμϐανόμενον
3399 4399 3622 4472 (θεωρία
3651 4396 3769 4469 (98]

534 4492 659 4547 illuc
694 4494 901 4563 linguas
934 4506 1061 4547 snas
1094 4493 1185 4547 Dei
1220 4492 1404 4547 hostes
1435 4490 1699 4559 injiciant,
1746 4505 1846 4545 nec
1882 4504 2087 4559 serpen-

2202 4489 2310 4561 γὰρ
2340 4486 2407 4562 ἦν
2432 4490 2492 4543 τὸ
2517 4492 2682 4559 φυτὸν
2701 4531 2715 4556 ,
2745 4492 2819 4555 ὡς
2867 4494 2899 4563 ἡ
2928 4492 3036 4563 έμὴ
3069 4493 3292 4563 θεωρία,
3342 4488 3410 4563 ἦς
3448 4490 3624 4562 μόνοις
3652 4490 3775 4540 ἐπι-

535 4590 642 4636 tem
670 4581 1007 4650 imitentur);
1039 4580 1132 4635 sed
1184 4582 1319 4634 bona
1359 4580 1573 4648 quidem
1621 4579 1932 4651 tempestive
1968 4592 2088 4647 per-

604 4736 783 4790 “Gen.
818 4754 855 4802 l,
894 4737 993 4802 27;
1027 4754 1085 4803 ιι,
1124 4736 1172 4790 7.
1249 4737 1426 4792 ’Gen.
1464 4754 1524 4800 ιι,
1555 4738 1622 4792 15
1652 4753 1773 4806 sqq.

611 4896 722 4965 (90)
745 4895 951 4962 Πνοὴν
971 4895 1185 4959 ἐνθείς.
1200 4894 1312 4965 Sic.
1330 4895 1492 4949 Coisl.
1522 4897 1575 4965 l,
1590 4895 1679 4950 Or.
1703 4896 1753 4959 ‘I,
1769 4896 1954 4965 (lontb.
1968 4937 1979 4957 ,
2000 4905 2102 4949 etc.

540 4964 632 5047 sic
665 4968 827 5045 etiam
866 4965 992 5033 legit
1020 4965 1134 5019 Btll.
1178 4966 1233 5018 In
1270 4964 1392 5018 Par.
1425 4966 1535 5032 ed.,
1562 4964 1706 5035 ζωὴν
1744 4964 1937 5031 ἐνθείς,
1973 4983 1991 5015 ι
2028 4970 2108 5018 ιιι-

540 5046 642 5091 sua
673 5046 801 5087 Vlla.
825 5052 845 5084 ι

634 5104 724 5175 9i)
751 5104 975 5175 Μέσον.
1011 5103 1121 5175 Sic.
1170 5103 1326 5157 codd.
1362 5101 1614 5175 Mendose
1645 5104 1696 5157 in
1740 5104 1850 5165 ed.,
1884 5104 2103 5175 μέσους.

634 5115 724 5171 91)
751 5115 975 5157 Μέσον.
1011 5115 1121 5159 δην.
1170 5115 1326 5157 court.
1367 5115 1579 5157 Menttos

611 5115 725 5245 (92)
764 5172 1043 5241 Πάσχων.
1074 5174 1209 5245 lieg.
1237 5172 1579 5245 pbgtéaxov.

615 5241 726 5312 (95)
771 5244 1289 5313 φιλοτιμούμενος.
1331 5241 1497 5313 Regg.
1549 5246 1659 5307 bm,
1699 5244 1765 5313 plt
1815 5253 1869 5298 et
1913 5241 2105 5304 Savil.,

545 5312 1009 5390 φιλρῖιμεζδμενογ-

616 5380 923 5453 (98)Ζῶον
952 5381 1232 5441 ἐνταῦθα,
1256 5393 1367 5453 etc.
1417 5380 1469 5434 id
1503 5393 1605 5445 est,
1646 5381 1841 5435 animal
1878 5380 2019 5449 quod
2056 5382 2105 5434 itt

545 5451 650 5509 hac
676 5453 808 5517 vita,
838 5453 1170 5521 providentia
1193 5492 1208 5514 ,
1253 5451 1364 5519 lege
1399 5463 1455 5505 et
1496 5453 1721 5507 consilio
1779 5460 2013 5521 regatur,
2056 5461 2108 5504 et

544 5523 613 5578 ad
642 5523 800 5576 aliam
839 5522 1002 5574 vitant
1033 5523 1412 5576 transferatur.
2070 5538 2077 5543 ·

615 5591 727 5662 (95)
761 5593 1086 5659 Λύσοντος.
1116 5633 1127 5645 .
1167 5631 1180 5643 .
1205 5591 1640 5659 συνδήσοντος.
1681 5592 1769 5646 Sic
1798 5591 1977 5662 plures
2010 5607 2106 5660 op-

2198 4578 2401 4634 ϐαίνειν
2423 4579 2539 4652 [99]
2560 4581 2795 4650 ἀσφαλὲς
2818 4620 2834 4645 ,
2861 4585 2972 4646 τοῖς
3005 4584 3103 4653 τὴν
3132 4583 3245 4647 ἕξιν
3268 4582 3616 4653 τελεωτέροις
3639 4580 3689 4649 [Ι
3706 4577 3771 4650 Ι),

2214 4895 2519 4971 tinnulaque
2549 4891 2787 4971 codddn
2820 4895 2933 4971 ed.,
2960 4893 3235 4971 λύσαντος.
3267 4936 3321 4971 ._.
3358 4899 3736 4969 συνδήσαντος.

2254 4964 2396 5046 ,(96)
2436 4965 2532 5046 Ἱξν
2560 4963 2660 5027 τῷ.
2696 4963 2786 5018 Sic
2818 4964 2982 5035 liegg.
3014 4969 3123 5029 btn,
3152 4967 3241 5034 ph,
3263 4964 3358 5021 0r.
3398 4971 3449 5033 1,
3480 4963 3583 5024 εἰς.
3621 4970 3773 5025 Deest

2211 5036 2287 5087 τῶ
2324 5037 2372 5085 in
2412 5036 2499 5085 ed.

2259 5087 2392 5174 '(97)
2431 5103 2508 5157 ’Ἡ
2539 5101 2666 5174 τοῦ.
2706 5101 2922 5174 Co_mb.,
2953 5102 2987 5174 ἦ
3021 5102 3126 5155 ἀπὸ
3162 5104 3277 5157 τοῦ.

2283 5173 2395 5243 (98)
2426 5172 2667 5246 Θεωρία.
2709 5189 2727 5223 ι
2761 5172 3226 5246 Οιιιιιοιιιριιιιιο.)
3262 5174 3317 5228 Id
3345 5184 3447 5241 est,
3481 5177 3650 5246 inquit
3683 5178 3776 5232 Ni-

2208 5253 2384 5304 οθιειε,
2446 5260 2464 5293 ι
2502 5243 2663 5296 altior
2709 5243 3254 5314 quaedamcognitio,
3307 5246 3374 5301 iis
3420 5243 3771 5314 conveniens,

2206 5315 2295 5365 oui
2329 5327 2518 5366 sensus
2549 5313 2873 5366 exercitatos
2905 5310 3122 5367 habent.
3163 5334 3181 5365 ι

2206 5454 2236 5507 6
2278 5383 2388 5503 (99)
2451 5382 2823 5435 Ἐπιϐαίνειν.
2877 5380 2970 5435 Sic
3022 5392 3130 5436 tres
3179 5384 3342 5454 llegg.
3398 5384 3454 5439 In
3504 5386 3615 5450 ed.,
3653 5388 3775 5441 ὲπι-

2241 5471 2274 5505 α
2302 5469 2399 5504 νει.

2241 5469 2399 5505 αινει.

2277 5525 2351 5597 ti)
2388 5520 2532 5597 ἹῘοῖς-
2628 5518 3025 5591 τεέίεωτέροις.
3064 5521 3231 5595 Regg.
3261 5524 3372 5592 bm,
3401 5526 3469 5597 plt
3499 5535 3551 5582 et
3578 5525 3777 5592 Savil.,

2206 5593 2327 5655 τοὺς
2354 5590 2737 5661 τελεωτέρους.
2822 5612 2827 5617 -
