4100 6276
280 241 393 299 653

1244 250 1494 309 nemo
1533 254 1692 311 xcv.
1726 222 1795 299 ’-
1836 259 1901 314 lN
1939 260 2262 320 sanorum
2299 262 2589 319 essum.

3402 267 3512 326 6'54

272 356 340 449 οὐ
365 355 531 409 καλὸν
572 357 630 410 δὲ
658 360 771 422 τοῖς
814 360 1201 434 ἁπλουστέροις
1244 365 1323 419 ἔτι
1345 404 1360 429 ,
1394 367 1490 420 καὶ
1522 368 1620 439 τὴν
1666 368 1849 438 ἔφεσιν

1961 386 2106 445 cepta
2132 375 2621 447 (contemplationis
2646 374 2813 441 enim,
2849 387 2907 431 ut
2945 377 3060 446 ipse
3104 379 3512 449 contemplando

272 448 607 520 λιχνοτέροις
626 466 639 480 ·
678 450 870 522 ὥσπερ
892 454 1012 506 οὐδὲ
1036 456 1207 527 τροφὴ
1235 458 1413 512 τελεία
1438 459 1716 532 λυσιτελὴς
1740 464 1849 525 τοῖς

272 539 507 603 ἁπαλοῖς
545 541 621 611 (2)
655 542 735 596 ἔτι
757 583 771 608 ,
813 546 906 597 καὶ
937 545 1210 616 δεομένοις
1243 548 1531 616 γάλακτος.
1606 550 1755 604 Ἐπεὶ
1792 551 1849 604 δὲ

277 631 459 701 φθόνῳ
498 632 776 696 διαϐόλου,
813 637 903 688 καὶ
932 637 1186 703 γυναικὸς
1217 639 1478 711 ἐπηρείᾳ,
1508 642 1575 711 ἦν
1613 658 1672 694 τε
1718 641 1851 694 ἔπα-

278 722 396 785 θεν,
426 724 502 787 ὡς
532 725 889 797 ἁπαλωτέρα,
924 728 1019 780 καὶ
1056 728 1123 799 ἢν
1158 732 1538 801 προσήγαγεν,
1569 732 1645 795 ὠς
1686 731 1849 785 πιθα·

276 813 493 884 νωτέρα
545 814 668 885 (φεῦ
713 815 813 886 τῆς
845 816 985 887 ὲμῆς
1016 817 1327 883 ἀσθενείαςί
1380 821 1487 891 ὲμὴ
1531 822 1642 892 γὰρ
1682 823 1715 892 ή
1755 821 1849 874 τοῦ

275 902 685 973 προπάτορος),
718 905 816 975 τῆς
864 906 962 976 μὲν
994 908 1210 979 ἐντολῆς
1240 910 1531 965 ἐπελάθετο
1555 912 1653 982 τῆς
1683 912 1852 965 δοθεί-

274 1009 413 1062 σης,
472 995 567 1045 καὶ
593 994 800 1066 ἡττήθη
837 996 938 1066 τῆς
973 999 1174 1069 μικρᾶς
1204 998 1475 1067 reticent;-
1515 1000 1649 1072 ὁμοῦ
1674 1003 1731 1056 δὲ
1753 1002 1847 1056 τοῦ

272 1086 375 1155 τῆς
401 1083 549 1157 ζωῆς
573 1086 730 1153 ξύλου
757 1127 773 1153 ,
804 1090 896 1142 καὶ
935 1090 1029 1143 τοῦ
1073 1091 1403 1161 παραδείσου
1425 1136 1438 1156 ,
1470 1093 1563 1147 καλ⁸
1590 1094 1682 1147 τοῦ
1710 1093 1845 1147 Θεοῦ

273 1175 367 1229 διὰ
396 1176 498 1247 τὴν
527 1177 726 1231 κακίαν
765 1177 1040 1250 ὲξόριστος
1067 1170 1312 1250 γίνεται,
1366 1184 1459 1237 καὶ
1493 1186 1619 1248 τοὺς
1644 1185 1849 1255 δερμα-

273 1268 456 1330 τίνους
504 1267 865 1338 ἀμφιέννυται
903 1271 1173 1341 χιτῶνας,
1228 1274 1358 1336 ἴσως
1402 1275 1501 1346 τὴν
1538 1276 1850 1347 παχυτέραν

280 1357 485 1427 σάρκα,
520 1360 614 1412 καὶ
647 1359 846 1431 θνητὴν
865 1402 879 1426 ,
915 1363 1010 1415 καὶ
1036 1363 1327 1419 ἀντίτυπον
1346 1381 1360 1396 ⁸
1396 1365 1671 1419 καὶτοῦτο
1703 1366 1853 1439 πρῶ-

276 1465 372 1503 τον
400 1450 659 1519 γινώσκει
681 1452 778 1523 τὴν
811 1453 945 1507 ἰδίαν
968 1454 1249 1528 αἰσχύνην,
1274 1456 1369 1511 καὶ
1395 1457 1503 1511 ἀπὸ
1545 1458 1680 1512 Θεοῦ
1721 1458 1853 1530 κρύ-

278 1559 499 1596 πτεται.
523 1544 807 1615 Κερδαίνεο
832 1546 930 1616 μέν
955 1564 1007 1600 τι
1040 1546 1337 1611 κάνταῦθα,
1367 1532 1459 1603 τὸν
1485 1548 1730 1612 θάνατον,
1761 1551 1853 1603 καὶ

276 1636 339 1688 τὺ
367 1635 691 1707 διακοπῆναι
716 1637 816 1709 τὴν
842 1639 1138 1710 ἁμαρτίαν,
1174 1642 1260 1694 τνα
1290 1641 1364 1712 μὴ
1394 1641 1659 1696 ἀθάνατον
1782 1640 1843 1694 τὸ

1952 481 2233 536 assequor,
2267 467 2382 522 haec
2426 468 2589 521 arbor
2630 474 2768 531 erat,
2809 468 2876 522 ad
2904 483 3066 537 quam
3098 468 3165 524 iis
3194 469 3323 525 solis
3367 479 3513 527 tutus

1949 556 2111 627 851
2150 567 2234 612 est
2274 570 2559 621 ascensus,
2615 557 2706 626 qui
2747 558 2911 612 animi
2970 559 3155 614 habitu
3204 561 3512 630 perfectinri

1948 649 2126 717 sunt);
2190 647 2599 717 haudquaquam
2672 657 2852 702 autem
2898 649 3037 703 bona
3094 651 3511 719 simplicioribus

1948 737 2125 791 adhuc
2183 736 2400 803 animis,
2438 746 2599 804 atque
2658 736 2897 806 appetitu
2934 732 3181 793 ‘avidiori
3233 741 3508 810 praeditis;

1950 827 2399 896 quemadmodum
2442 840 2543 881 nec
2582 825 2852 895 perlectus
2895 843 2960 882 ac
2999 830 3203 885 solidus
3236 831 3388 887 cibus
3444 834 3512 887 iis

1950 917 2221 981 conducit,
2267 917 2358 985 qui
2402 926 2586 972 tenera
2632 918 2809 973 adhuc
2853 929 3013 974 aetate
3069 929 3215 984 sunt,
3267 921 3512 993 lacteque

1950 1021 2088 1077 opus
2132 1007 2358 1077 habent.
2408 1007 2698 1079 Postquam
2734 1019 2911 1064 autem
2956 1010 3153 1064 diaboli
3198 1010 3422 1077 invidia,
3458 1023 3514 1068 et

1949 1095 2139 1150 fraude
2163 1094 2304 1149 facta
2328 1095 2560 1161 mulieri,
2598 1112 2782 1166 quam,
2807 1108 2862 1152 et
2885 1107 2943 1153 ut
2976 1099 3188 1153 mollior
3224 1115 3381 1169 passa
3405 1112 3511 1167 est,

1948 1194 2023 1251 et,
2056 1195 2117 1240 ut
2157 1186 2224 1240 ad
2270 1188 2699 1256 persuadendum
2746 1191 3220 1256 accommodatior,
3278 1194 3516 1251 admovit

1953 1276 2008 1348 (ο
2057 1276 2424 1331 inﬁrmitatem
2478 1278 2686 1331 meam!
2737 1293 2909 1332 meam
2969 1278 3113 1333 enim
3167 1279 3305 1335 duco
3355 1280 3515 1349 primi

1950 1368 2187 1437 parentis
2216 1367 2604 1439 inﬁrmitatem)
2628 1409 2645 1435 ,
2684 1370 2895 1439 accepti
2928 1370 3164 1423 mandati
3198 1370 3417 1435 oblitus,
3461 1382 3517 1425 et

1951 1457 2077 1513 huic
2110 1460 2289 1526 gustui
2316 1461 2513 1515 acerbo
2549 1460 2847 1529 acquievit,
2896 1470 3007 1515 tum
3043 1461 3281 1517 simulet
3308 1478 3339 1517 a
3374 1463 3515 1533 ligno

1951 1547 2097 1614 vitae,
2132 1557 2189 1603 et
2220 1563 2251 1601 a
2296 1548 2564 1617 paradiso,
2599 1558 2653 1603 et
2696 1550 2766 1603 ab
2797 1550 2913 1619 ipso
2945 1551 3053 1605 Deo
3079 1559 3300 1622 propter
3324 1567 3519 1621 pecca-

1954 1643 2065 1689 tum
2098 1633 2404 1705 expellitur,
2438 1646 2492 1690 et
2532 1636 2786 1704 pelliceas
2826 1637 3034 1693 tunicas
3067 1638 3257 1702 induit,
3289 1638 3388 1692 hoc
3416 1649 3517 1702 est,

278 1726 474 1781 κακόν.
515 1727 625 1781 Καὶ
649 1729 856 1797 γίνεται
883 1729 1288 1801 φιλανθρωπία,
1321 1732 1643 1803 ήλτιμωρία,
1686 1729 1851 1785 οὕτω

1961 1732 2189 1785 fortasse
2217 1730 2541 1785 crassiorem
2579 1746 2817 1801 carnem,
2853 1743 2906 1787 et
2929 1734 3228 1801 mortalem,
3258 1749 3321 1790 ac
3350 1734 3518 1788 refra-

276 1819 386 1888 γὰρ
411 1818 670 1891 πείθομαι
701 1821 778 1893 (5)
809 1819 1058 1887 κολάζειν
1086 1822 1238 1875 Θεόν.

1958 1820 2189 1874 ctariam
2210 1837 2237 1886 ;.
2257 1821 2598 1890 primumque
2628 1821 3010 1891 turpitudinem
3056 1837 3206 1877 suam
3258 1824 3518 1894 agnoscit,

276 1923 335 1966 et
365 1929 395 1967 a
445 1914 555 1971 Deo
590 1932 649 1971 se
696 1917 1058 1974 abscondit”.
1092 1919 1271 1988 Atque
1312 1918 1401 1974 hic
1436 1932 1649 1988 quoque
1688 1927 1865 1974 tamen
1913 1925 2165 1983 mortem,
2228 1931 2292 1973 ac
2341 1918 2549 1987 peccati
2590 1919 2957 1988 praecisionem
2983 1918 3274 1985 elucratur,
3309 1936 3376 1975 ne
3407 1934 3523 1973 ma-

277 2000 389 2056 lum
453 2003 759 2060 immortale
808 2007 897 2061 sit.
971 2006 1044 2061 Ita
1103 2022 1261 2079 pcena
1301 2008 1418 2078 ipsa
1486 2007 1542 2063 in
1619 2007 2042 2064 misericordiam
2132 2008 2319 2064 cessit.
2387 2007 2478 2064 Sic
2542 2010 2685 2064 enim
2784 2011 2948 2066 Deum
3004 2011 3259 2080 supplicia
3325 2012 3524 2069 inferre

278 2108 499 2149 censeo.

347 2184 439 2240 ϐ’.
488 2185 707 2250 Πολλοῖς
747 2186 803 2240 δὲ
829 2187 1141 2251 παιδευθεὶς
1172 2186 1435 2259 πρότερον
1483 2188 1606 2242 ἀντι
1646 2186 1853 2241 πολλῶν

280 2276 386 2330 τῶν
412 2278 847 2351 ἁμαρτημάτων,
876 2272 951 2333 ὧν
979 2280 1011 2349 ή
1040 2281 1138 2350 τῆς
1163 2280 1363 2344 κακίας
1385 2279 1508 2351 ῥίζα
1531 2279 1853 2350 ἐϐλάστησε,

280 2369 421 2423 κατά
459 2369 751 2440 διαφόρους
798 2371 978 2434 αἰτίας
1009 2372 1105 2424 καὶ
1153 2371 1420 2443 χρόνους,
1466 2372 1642 2444 λόγῳ,
1685 2372 1855 2444 νόμῳ,

281 2461 610 2531 προφήταις,
643 2461 982 2532 εὐεργεσίαις
1001 2503 1017 2528 ,
1040 2463 1323 2528 ἀπειλαῖς,
1349 2464 1586 2536 πληγαῖς
1604 2504 1619 2525 ,
1646 2463 1855 2530 ὕδασιν,

280 2550 634 2622 ὲμπρησμοῖς
655 2592 671 2617 ,
702 2552 961 2625 πολέμοις
980 2595 993 2615 ,
1025 2555 1199 2618 νίκαις
1221 2594 1237 2618 ,
1266 2556 1490 2625 ἥτταις,
1522 2555 1765 2626 σημείοις
1795 2553 1854 2622 ἐξ

282 2642 516 2712 οὐρανοῦ
536 2683 550 2709 ,
595 2645 843 2714 σημείοις
880 2645 938 2712 ἐξ
970 2647 1131 2717 ἀέρος
1151 2687 1166 2709 ,
1214 2648 1279 2699 ὲκ
1306 2646 1429 2716 γῆς,
1462 2646 1528 2699 ὲκ
1563 2645 1853 2715 θαλάττης,

281 2733 517 2805 ἀνδρῶν,
551 2733 779 2800 πόλεων,
815 2735 1004 2800 ἐθνῶν,
1020 2735 1365 2799 ἀνελπίστοις
1390 2734 1732 2805 μεταϐολαῖς,
1762 2736 1853 2804 ὑφ’

283 2819 359 2878 ὧν
408 2825 729 2897 ὲκτριϐῆναι
766 2827 864 2897 τὴν
919 2826 1117 2880 κακίαν
1162 2825 1227 2895 τὸ
1278 2825 1708 2897 σπουδαζόμενον
1753 2822 1854 2898 ἦν*

283 2915 438 2979 τέλος
456 2956 471 2979 ,
508 2916 855 2988 ἰσχυροτέρου
883 2916 1051 2970 δεῖται
1094 2916 1387 2988 φαρμάκου
1417 2916 1509 2970 ὲπὶ
1539 2914 1857 2987 δεινοτέροις

284 3010 395 3070 τοῖς
428 3008 874 3079 ἀρρωστήμασιν,
900 3008 1327 3078 ἀλληλοφονίαις,
1361 3008 1645 3080 μοιχείαις,
1675 3009 1862 3077 ἐπιορ-

286 3099 430 3161 κίαις
453 3138 469 3162 ,
512 3098 940 3169 ἀνδρομανίαις,
987 3097 1050 3151 τὸ
1116 3099 1334 3152 πάντων
1366 3099 1591 3169 ἔσχατον
1622 3097 1730 3152 τῶν
1763 3114 1863 3149 κα-

286 3187 400 3242 κῶν
436 3188 534 3242 καὶ
559 3187 775 3259 πρῶτον
798 3227 814 3251 ,
859 3186 1292 3259 εἰδωλολατρίαις
1321 3188 1395 3259 (4)
1418 3228 1432 3251 ,
1465 3188 1559 3240 καὶ
1591 3189 1655 3256 τῇ
1698 3200 1865 3256 μετα-

288 3278 435 3332 θέσει
465 3279 567 3350 τῆς
618 3280 1040 3350 προσκυνήσεως
1082 3279 1192 3333 ἀπὸ
1227 3279 1320 3333 τοῦ
1365 3278 1726 3347 πεποιηκότος
1771 3276 1864 3330 ἐπὶ

286 3371 355 3423 τά
412 3371 709 3441 κτίσματα.
764 3369 988 3433 Ταῦτα,
1045 3371 1231 3440 ἐπειδὴ
1276 3368 1519 3439 μείζονος
1551 3368 1722 3429 ἐδεῖτο
1769 3366 1863 3419 τοῦ

290 3463 667 3535 βοηθήματος,
736 3464 979 3534 μείζονος
1035 3464 1130 3518 καὶ
1199 3461 1476 3532 τυγχάνει.
1542 3460 1616 3514 Τὸ
1666 3459 1723 3512 δὲ
1770 3454 1861 3529 ἦν,

288 3555 454 3620 αὐτὸς
490 3557 519 3609 ὁ
550 3554 643 3608 τοῦ
672 3555 807 3609 Θεοῦ
835 3556 1042 3624 Λόγος,
1076 3557 1104 3609 ὁ
1153 3552 1478 3626 προαιώνιος
1501 3592 1516 3617 ,
1557 3553 1585 3605 ό
1615 3552 1862 3623 ἀόρατος,

288 3645 317 3696 ὁ
348 3644 756 3715 ἀπερίληπτος,
787 3646 816 3697 ὁ
842 3643 1131 3715 ἀσώματος
1152 3682 1167 3706 ,
1195 3645 1228 3713 ή
1262 3643 1326 3695 ὲκ
1359 3642 1457 3711 τῆς
1488 3642 1660 3713 ἀρχῆς
1700 3641 1863 3711 ἀρχὴ,

289 3736 350 3788 τὸ
381 3736 448 3787 ἐκ
493 3733 590 3787 τοῦ
634 3735 809 3803 φωτὸς
872 3735 1020 3802 φῶς,
1068 3736 1102 3806 ή
1137 3734 1311 3805 πηγὴ,
1335 3734 1434 3805 τῆς
1467 3735 1610 3804 ζωῆς
1644 3736 1737 3787 καὶ
1767 3732 1866 3802 τῆς

290 3825 615 3889 ἀθανασίας,
642 3825 704 3878 τὸ
724 3827 1014 3895 ἐκμαγεῖον
1036 3825 1130 3878 τοῦ
1158 3825 1468 3897 ἀρχετύπου
1494 3825 1594 3894 (5),
1626 3826 1659 3896 ἡ
1690 3826 1763 3895 μὴ
1790 3825 1864 3895 (6)

291 3917 586 3988 κινουμένη
626 3918 861 3989 σφραγὶς
883 3959 898 3982 ,
946 3920 980 3988 ή
1029 3917 1445 3989 ἀπαράλλακτος
1470 3916 1632 3971 εἰκὼν
1653 3958 1668 3982 ,
1717 3919 1745 3970 ὁ
1773 3918 1865 3971 τοῦ

293 4006 511 4079 Πατρὸς
540 4008 666 4077 ὅρος
690 4008 785 4059 καὶ
816 4006 971 4075 λόγος
991 4047 1005 4072 ,
1034 4007 1124 4059 ἐπὶ
1154 4006 1253 4077 τὴν
1296 4006 1431 4059 ἰδίαν
1462 4007 1647 4060 εἰκόνα
1678 4010 1864 4078 χωρεῖ,

292 4098 389 4151 καὶ⁹
418 4099 599 4169 σάρκα
627 4100 785 4167 φορεῖ
810 4096 898 4150 διὰ
923 4096 1023 4168 τὴν
1055 4095 1232 4167 σάρκα
1254 4135 1267 4159 ,
1302 4095 1396 4148 καὶ
1422 4094 1571 4166 ψυχῇ
1594 4096 1759 4166 νοερᾷ
1790 4095 1865 4164 (7)

293 4190 381 4243 διὰ
427 4188 529 4259 τὴν
570 4189 710 4258 ἐμὴν
738 4188 915 4259 ψυχὴν
948 4188 1221 4258 μίγνυται,
1265 4186 1344 4256 τῷ
1384 4185 1552 4256 ὁμοίῳ
1584 4186 1646 4239 τὸ
1686 4186 1868 4256 ὅμοιον

2022 2185 2116 2239 1x.
2158 2182 2337 2239 Multis
2393 2192 2573 2238 autem
2634 2185 2784 2254 prius
2854 2185 3052 2250 modis,
3099 2194 3316 2255 propter
3358 2185 3523 2240 multa

1952 2286 2200 2346 peccata,
2241 2289 2362 2344 quae
2401 2288 2468 2330 ex
2501 2273 2617 2329 vitii
2654 2275 2835 2330 radice
2860 2276 3201 2345 pullularunt,
3231 2277 3523 2331 secundum

1953 2368 2196 2423 diversas
2248 2379 2442 2420 causas
2494 2374 2550 2420 et
2601 2374 2841 2436 tempora
2889 2366 3203 2436 castigatus,
3252 2380 3523 2430 sermone,

1956 2461 2093 2531 lege.
2144 2460 2446 2530 prophetis,
2499 2458 2798 2525 beneflciis,
2838 2460 3360 2526 comminationibus,
3415 2460 3527 2530 pla-

1960 2553 2064 2624 gis,
2112 2553 2287 2623 aquis.
2348 2552 2631 2619 incendiis,
2698 2552 2873 2618 bellis,
2933 2552 3192 2617 victoriis,
3262 2552 3525 2619 cladibus,

1958 2644 2128 2712 signis
2180 2657 2215 2698 e
2251 2642 2411 2707 calo,
2453 2642 2623 2714 signis
2669 2657 2735 2697 ex
2765 2655 2911 2706 aere,
2945 2656 3010 2697 ex
3047 2652 3211 2709 terra,
3264 2656 3330 2695 ex
3369 2640 3525 2705 mari,

1961 2736 2259 2803 hominum,
2296 2733 2533 2801 urbium,
2575 2734 2837 2804 gentium,
2880 2733 3165 2802 insperatis
3213 2733 3528 2788 mutationi-

1962 2826 2084 2892 bus,
2126 2841 2246 2896 quae
2282 2825 2466 2880 omnia
2517 2840 2584 2880 eo
2620 2824 2927 2891 tendebant,
2955 2832 3014 2877 ut
3043 2823 3244 2877 malitia
3281 2832 3530 2878 contere-

1963 2925 2146 2981 retur;
2188 2917 2433 2971 validiori
2465 2916 2682 2970 tandem
2717 2915 3107 2969 medicamento
3154 2923 3370 2984 propter
3404 2927 3527 2982 gra-

1965 3008 2143 3062 viores
2196 3007 2415 3063 morbos
2471 3021 2605 3074 opus
2665 3005 2862 3062 habere
2922 3005 3111 3074 coepit,
3172 3003 3424 3058 nimirum
3462 3000 3530 3056 ob

1966 3107 2181 3154 mutuas
2236 3097 2437 3160 caedes,
2501 3095 2786 3161 adulteria,
2841 3093 3100 3165 perjuria,
3152 3099 3528 3162 prmposteram

1964 3189 2260 3256 libidinem,
2293 3198 2368 3253 et,
2401 3188 2542 3259 quod
2583 3186 2821 3243 omnium
2851 3186 3111 3242 malorum
3146 3194 3445 3240 extremum
3468 3198 3533 3237 ac

1963 3281 2196 3353 primum
2245 3288 2346 3345 est,
2404 3279 2670 3335 idolorum
2724 3278 2949 3343 cultum,
3009 3275 3446 3344 adorationisque
3498 3286 3532 3328 a

1965 3373 2225 3427 Creatore
2250 3372 2316 3426 ad
2346 3381 2625 3427 creaturas
2654 3366 3243 3433 translationem.Qu:e,
3277 3363 3531 3435 quoniam

1966 3462 2141 3533 majus
2163 3460 2418 3515 auxilium
2457 3460 2829 3529 requirebant,
2868 3456 3042 3525 majus
3094 3456 3256 3509 etiam
3311 3466 3535 3520 accepe-

1965 3561 2113 3607 runt.
2141 3552 2251 3607 Hoc
2287 3561 2464 3606 autem
2496 3556 2615 3605 erat
2658 3550 2771 3619 ipse
2815 3548 2904 3602 Dei
2953 3546 3139 3612 Filius,
3191 3545 3279 3599 ille
3323 3542 3533 3599 saeculis

1967 3644 2257 3715 antiquior,
2314 3643 2401 3697 ille
2456 3641 2757 3705 invisibilis,
2820 3640 2905 3694 ille
2950 3636 3531 3706 incomprehensibilis,

1969 3734 2057 3789 ille
2085 3734 2459 3802 incorporeus,
2478 3732 2606 3787 illud
2635 3746 2700 3786 ex
2729 3728 2994 3800 principio
3026 3726 3369 3798 principium,
3402 3723 3534 3781 illud

1967 3839 2030 3877 ex
2078 3823 2279 3877 lumine
2311 3822 2511 3885 lumen,
2554 3820 2642 3875 ille
2675 3820 2794 3875 fons
2830 3820 2952 3873 vita:
2997 3827 3051 3872 et
3090 3815 3532 3879 immortalitatis,

1969 3915 2057 3969 illa
2104 3914 2379 3984 archetypi
2425 3913 2724 3983 expressio,
2769 3910 2897 3965 illud
2947 3910 3227 3964 immotum
3278 3905 3530 3978 sigillum,

1970 4006 2057 4059 illa
2093 4020 2190 4073 per
2229 4006 2409 4059 omnia
2459 4003 2652 4058 similis
2688 4004 2886 4073 imago,
2938 4002 3028 4055 ille
3057 4000 3235 4055 Patris
3274 3999 3535 4054 terminus

1969 4108 2025 4153 et
2050 4103 2212 4167 ratio,
2247 4100 2353 4165 ille,
2383 4097 2726 4167 inquam,'ad
2773 4096 3057 4166 imaginem
3106 4108 3259 4149 suam
3309 4107 3368 4147 se
3407 4106 3538 4146 con-

1971 4190 2094 4257 fert,
2147 4204 2474 4259 carnemque
2510 4191 2687 4243 carnis
2729 4201 2893 4242 causa
2937 4186 3094 4255 gerit,
3142 4194 3351 4240 etcum
3384 4182 3538 4237 intel-

295 4276 698 4348 ἀνακαθαίρων.
723 4277 813 4329 καὶ
837 4276 1014 4330 πάντα
1038 4274 1262 4343 γίνεται,
1290 4272 1427 4344 πλὴν
1452 4274 1548 4344 τῆς
1575 4274 1859 4344 ἁμαρτίας,

1972 4274 2184 4329 lectuali
2214 4275 2391 4327 anima
2438 4283 2656 4341 propter
2690 4273 2923 4326 animam
2973 4285 3146 4326 meam
3175 4268 3439 4340 jungitur,
3480 4278 3541 4319 ut

296 4368 613 4440 ἄνθρωπος·
652 4368 875 4438 κυηθεὶς
906 4369 1002 4439 μὲν
1032 4368 1095 4419 ἐκ
1128 4367 1224 4436 τῆς
1254 4365 1552 4436 Παρθένου,
1576 4365 1670 4417 καὶ
1693 4363 1868 4433 ψυχὴν

297 4462 392 4515 καὶ
423 4461 602 4532 σάρκα
645 4458 1119 4531 προκαθαρθείσης
1149 4456 1226 4527 τῷ
1269 4455 1545 4524 Πνεύματι
1587 4454 1714 4523 (ἔδει
1739 4453 1866 4523 γὰρ,

301 4554 394 4607 καὶ
421 4552 675 4620 γέννησιν
716 4550 1047 4622 τιμηθῆναι,
1079 4548 1174 4602 καὶ
1206 4545 1499 4618 παρθενίαν
1524 4545 1870 4616 προτιμηθῆ-

300 4644 433 4709 ναι),
462 4642 740 4714 προελθὼν
762 4642 820 4695 δὲ
846 4641 978 4701 Θεὸς
1014 4639 1149 4710 μετά
1172 4639 1268 4709 τῆς
1300 4636 1655 4707 προσλήψεως
1676 4676 1690 4700 ,
1724 4634 1781 4688 ἓν
1807 4636 1872 4688 ὲκ

299 4736 394 4790 δύο
424 4735 535 4790 τῶν
559 4734 839 4797 ἐναντίων,
874 4733 1075 4802 σαρκὸς
1100 4729 1195 4785 καὶ
1224 4728 1529 4799 πνεύματος
1561 4726 1637 4799 (8)
1662 4765 1676 4789 ,
1703 4720 1778 4780 ὧν
1810 4726 1873 4779 τὸ

305 4830 402 4900 μὲν
434 4828 636 4883 ὲθέωσε
660 4869 677 4893 ,
703 4827 763 4881 τὸ
791 4826 849 4881 δὲ
878 4823 1105 4896 ὲθεώθη.
1191 4822 1256 4875 Ὢ
1288 4820 1386 4891 τῆς
1419 4818 1610 4888 καινῆς
1646 4818 1869 4890 μίξεωςί

307 4920 371 4972 Ὠ
401 4921 501 4990 τῆς
538 4917 842 4990 παραδόξου
872 4915 1151 4986 κράσεωρί
1197 4912 1256 4965 '0
1291 4908 1398 4973 ὢν,
1434 4909 1672 4977 γίνεται·
1725 4908 1819 4962 καὶ
1845 4909 1873 4960 ό

376 5077 420 5109 ⁸⁸
453 5075 587 5132 Gen.
627 5075 761 5141 nt,l
796 5089 911 5144 sqq.

380 5230 461 5301 (2)
500 5226 795 5301 'Aaqlpic.
832 5224 923 5301 sic
960 5235 1188 5301 quatuor
1213 5225 1405 5296 Regg.,
1435 5237 1529 5278 sex
1560 5218 1738 5286 Colb.,
1769 5227 1875 5274 etc.

310 5299 366 5354 ltt
390 5296 506 5363 cii"
536 5297 747 5360 ἁπλοῖς,
785 5315 803 5347 ι
835 5296 1191 5364 simplicibus.
1232 5313 1250 5347 ι

381 5369 457 5440 (5)
487 5367 784 5440 HsAlﬂoyat.
826 5362 1183 5440 Conib.,__é'{t‘o
1218 5362 1497 5440 πείθομαι.

381 5427 997 5547 ὶδωλολατρίαις.
1026 5427 1171 5507 Reg.
1214 5436 1285 5505 ph
1323 5427 1497 5489 οἷον.
1532 5432 1583 5499 1,
1616 5427 1889 5485 εἰδωλολα-

312 5526 541 5562 τοειαις.

350 5526 894 5648 ρῗέῖιςίὶρχετύπου.
923 5573 1086 5648 Coisl.
1132 5574 1156 5629 l
1214 5572 1384 5648 addit,
1420 5571 1677 5638 κάλλους,
1715 5589 1734 5624 ι
1772 5568 1887 5641 pul-

316 5644 641 5702 chritudinis
675 5646 954 5715 archetypi
987 5644 1287 5715 expressio.
1332 5663 1351 5697 ι

1970 4364 2145 4419 simile
2193 4378 2287 4433 per
2320 4363 2494 4418 simile
2540 4371 2809 4431 repurget,
2854 4370 3016 4430 atque
3054 4362 3285 4414 humana
3333 4357 3544 4422 omnia,

1969 4465 2192 4523 excepto
2213 4464 2457 4523 peccato,
2482 4456 3042 4523 suscipit;conceptus
3070 4452 3284 4522 quidem
3316 4465 3382 4505 ex
3407 4448 3538 4504 Vir-

1971 4548 2114 4617 gine,
2144 4545 2326 4600 animo
2349 4553 2401 4598 et
2432 4558 2595 4598 carne
2617 4560 2644 4597 a
2682 4544 2885 4613 Spiritu
2918 4540 3293 4612 praepurgata(
3327 4555 3449 4595 nam
3484 4549 3547 4595 et

1976 4637 2373 4706 generationem
2431 4634 2635 4689 honore
2693 4631 2850 4699 allici,
2896 4642 2949 4687 et
2995 4632 3353 4701 virginitatem
3396 4644 3537 4698 pra:-

1978 4727 2102 4781 lerri
2125 4725 2288 4796 852
2318 4726 2657 4797 oportebat);
2693 4740 3008 4796 progressus
3035 4734 3214 4779 autem
3252 4724 3394 4778 Deus
3414 4738 3538 4777 cum

1977 4829 2250 4887 assumpta
2308 4820 2661 4884 humanitate,
2725 4834 2890 4874 unum
2928 4835 2994 4874 ex
3032 4817 3240 4873 duobus
3293 4816 3432 4870 inter
3481 4828 3547 4869 se

1977 4908 2283 4977 contrariis,
2323 4924 2485 4966 carne
2515 4911 2765 4966 nimirum
2798 4920 2849 4965 et
2890 4909 3105 4980 spiritu,
3135 4921 3366 4979 quorum
3405 4905 3545 4961 alte-

2063 5220 2137 5289 (6)
2178 5218 2249 5273 Ἡ
2269 5216 2376 5287 μή.
2414 5217 2503 5272 Sic
2538 5215 2705 5286 Regg.
2745 5232 2859 5281 nm,
2904 5228 2970 5284 pb
3010 5222 3065 5268 cl
3113 5212 3277 5267 Savil.
3324 5210 3380 5264 In
3429 5211 3547 5277 etl..

1980 5288 2013 5357 ἢ
2055 5288 2145 5375 μέν
2194 5362 2211 5375 ,
2441 5354 2465 5365 ,
2648 5354 2673 5363 _
3143 5352 3154 5365 ,

2055 5361 2129 5429 (ι)
2160 5356 2267 5412 Ital
2294 5360 2465 5429 ψυχῃ
2498 5372 2699 5429 νοερςῑἶ
2725 5354 2872 5419 Pan,
2903 5355 2997 5429 ita}
3024 5349 3436 5429 ψυχήν-γοεράν.

2054 5421 2131 5502 (8)
2157 5421 2515 5502 Σᾳρῖὶρςίκᾲὶ
2554 5421 2909 5502 πνεύμᾳτρςιο
2954 5421 3168 5492 Opiitité
3194 5421 3408 5502 μὶιξιειᾶἒ
3445 5430 3553 5502 ex-

1983 5488 2132 5566 poitii.
2158 5517 2172 5554 :
2216 5488 2655 5568 ’Ᾰνθρωπότητος
2687 5488 2781 5550 καὶ
2815 5488 3061 5565 θεότητος
3082 5512 3095 5525 ·
3131 5511 3149 5544 ι
3190 5491 3321 5546 (lunt
3352 5488 3548 5545 divitii-

1989 5576 2097 5626 tate
2122 5580 2176 5626 et
2206 5568 2557 5625 humanitate.
2596 5585 2615 5619 ι
