4100 6276
561 233 670 289 653

1812 229 1869 285 s.
1910 227 2233 285 cuscoan
2274 197 2613 283 TilEOLOGl

3702 212 3812 283 636

561 368 678 405 rum
726 350 980 406 deitatem
1023 349 1192 415 dedit,
1239 348 1469 403 alterum
1504 347 1735 417 accepit.
1768 347 1812 403 0
1850 363 2042 402 novam
2084 357 2135 402 et

2239 347 2489 410 άκτιστος
2509 386 2522 410 ,
2553 344 2797 409 κτίζεται
2823 357 2837 372 ·
2864 340 2959 396 καὶ
2987 343 3016 395 ὁ
3046 338 3330 411 ἀχὼρητος
3350 377 3365 403 ,
3400 340 3653 411 χωρεϊται
3672 380 3686 405 ,
3720 337 3815 394 διὰ

555 442 853 497 inauditam
920 442 1239 497 misturaml
1272 439 1317 497 0
1354 440 1722 495 admirandam
1776 442 2127 509 temperatio-

556 535 709 588 uem!
748 533 849 599 Qui
877 542 978 598 est,
1010 534 1110 587 iit:
1154 536 1243 601 qui
1282 532 1559 587 increatus
1591 542 1698 593 est,
1733 541 1956 586 creatur
1992 549 2005 585 :
2038 531 2128 601 qui

551 626 698 681 nullo
727 626 843 680 loco
868 626 1131 680 contineri
1168 633 1364 694 potest,
1400 624 1706 679 interventu
1739 625 1931 678 animae
1972 624 2132 679 intel-

550 714 826 778 lectualis,
889 714 1030 768 inter
1084 714 1417 769 divinitatem
1480 713 1768 782 carnisque
1825 713 2128 768 crassilicm

551 806 867 874 interjectac,
908 806 1232 859 continetur.
1269 804 1369 870 Qui
1411 804 1545 859 alios
1573 805 1731 870 ditat,
1777 819 1979 873 pauper
2013 805 2126 859 etii-

549 894 721 959 citur;
756 895 940 948 carnis
986 896 1129 948 enim
1171 910 1302 949 mea:
1340 903 1711 963 paupertatem
1744 894 1913 958 subit,
1947 902 2004 948 ut
2030 909 2130 963 ego

548 985 769 1040 deitatis
818 986 982 1055 ipsius
1020 1001 1150 1054 opes
1174 999 1494 1055 consequar.
1531 985 1630 1053 Qui
1669 984 1856 1054 plenus
1884 994 1984 1052 est,
2017 986 2133 1040 exi-

549 1075 794 1142 nanitur;
836 1091 932 1128 sua
963 1076 1104 1129 enim
1138 1076 1305 1144 gloria
1340 1076 1404 1129 ad
1438 1076 1600 1130 breve
1641 1085 1851 1145 tempus
1881 1076 2131 1129 exinani-

550 1176 659 1230 tur,
714 1175 773 1220 ut
825 1166 1170 1235 plenitudinis
1221 1167 1388 1234 ipsius
1439 1181 1539 1233 ego
1584 1167 1853 1234 particeps
1908 1165 2127 1220 eﬂiciar.

550 1258 807 1325 Quaenam
862 1260 944 1313 lue
988 1258 1243 1312 bonitatis
1275 1257 1516 1311 (Ιίνίιίςηῖ
1556 1256 1835 1323 Quodnam
1875 1272 1999 1326 erga
2045 1272 2131 1311 me

549 1347 903 1420 mysterium?
938 1342 1185 1403 Divinam
1231 1348 1514 1416 imaginem
1560 1349 1767 1415 accepi,
1807 1362 1906 1402 nec
1945 1358 2127 1401 custo—

550 1440 680 1494 divi.
713 1439 802 1494 llle
824 1453 995 1494 meam
1026 1454 1241 1494 carnem
1283 1438 1497 1508 accipit,
1526 1447 1585 1492 ut
1626 1448 1682 1492 et
1710 1439 1937 1507 imagini
1990 1440 2132 1494 salu-

552 1539 680 1596 tem,
696 1539 749 1582 et
772 1529 918 1583 carui
942 1528 1399 1583 immortalitatem
1431 1526 1657 1589 aderat;
1689 1530 1981 1583 secundum
2005 1543 2134 1583 con-

552 1620 778 1674 sortium
835 1619 1113 1674 nobiscum
1167 1620 1301 1682 init,
1357 1628 1411 1673 et
1467 1620 1681 1687 quidem
1749 1620 1914 1688 priori
1975 1621 2130 1690 longe

2239 440 2409 511 μέσης
2438 438 2618 509 ψυχῆς
2651 437 2845 508 νοερᾶς
2877 432 3267 506 μεσιτευούσης
3300 431 3512 502 θεότητι
3549 432 3645 485 καὶ
3678 448 3820 504 σαρ-

2234 532 2327 594 κὸς
2354 530 2623 601 παχύτητι
2649 546 2663 561 ·
2688 527 2782 581 καὶ
2806 528 2833 578 ὁ
2865 525 3187 590 πλουτίζων,
3212 522 3481 593 πτωχεύει
3500 541 3513 553 θ
3540 523 3814 593 πτωχεύει

2232 622 2341 691 γὰρ
2360 622 2458 691 τὴν
2488 618 2625 690 ἐμὴν
2650 618 2847 690 σάρκα,
2882 618 2946 670 ἵν’
2974 616 3084 685 ἐγὼ
3109 616 3395 687 πλουτήσω
3422 614 3495 685 (9)
3521 615 3617 686 τὴν
3640 614 3812 670 αὑτοῦ

2232 710 2480 781 θεότητα.
2516 709 2625 762 Καὶ
2648 709 2676 760 ό
2708 707 2943 778 πλήρης,
2973 706 3223 760 κενοῦται
3245 724 3260 738 ο
3299 705 3548 759 κενοῦται
3573 705 3682 776 γὰρ
3710 705 3818 776 τῆς

2232 798 2423 852 ἑαυτοῦ
2471 798 2628 870 δόξης
2661 800 2753 852 ἐπὶ
2788 798 2983 870 μικρὸν
3026 797 3139 870 (10)
3162 839 3176 862 ,
3218 798 3283 850 ἵν’
3316 796 3425 865 ἐγὼ
3451 796 3549 865 τῆς
3594 796 3810 848 ἐκείνου

2234 890 2523 961 μεταλάϐω
2554 890 2884 961 πληρώσεως
2907 887 3038 958 (Η).
3094 888 3192 951 Τίς
3223 888 3249 938 ό
3284 886 3511 948 πλοῦτος
3542 886 3640 956 τῆς
3674 886 3811 954 ἁγα-

2235 982 2489 1052 θότητος;
2518 982 2569 1034 τί
2598 983 2658 1033 τὸ
2690 981 2817 1052 περὶ
2846 980 2945 1050 ἐμὲ
2984 979 3142 1032 τοῦτο
3177 979 3503 1051 μυστήριον;
3559 976 3812 1029 Μετέλα-

2231 1074 2323 1127 ϐον
2342 1075 2441 1145 τῆς
2466 1074 2693 1139 είκόνος,
2727 1074 2821 1127 καὶ
2847 1074 2948 1126 οὐκ
2975 1071 3216 1140 ἐφύλαξα
3237 1087 3251 1102 ’
3285 1068 3688 1139 μεταλαμϐάνει
3709 1068 3814 1138 τῆς

2232 1168 2372 1238 ἐμῆς
2400 1168 2622 1238 σαρκὸς,
2647 1167 2733 1220 ἴνα
2764 1166 2858 1218 καὶ
2888 1165 2987 1236 τὴν
3019 1164 3202 1217 εἰκόνα
3233 1162 3401 1233 σώσῃ,
3435 1162 3528 1213 καὶ
3560 1160 3657 1230 τὴν
3684 1160 3814 1231 σάρ-

2232 1275 2305 1310 κα
2352 1257 2674 1330 ἁθανατίσῃ.
2744 1257 3013 1326 Δευτέραν
3052 1254 3164 1324 (12)
3207 1254 3453 1307 κοινωνεῖ
3500 1250 3813 1313 κοινωνίαν,

2231 1350 2366 1403 πολὺ
2416 1350 2513 1421 τῆς
2563 1348 2834 1419 προτέρας
2884 1344 3315 1416 παραδοξοτέραν
3340 1360 3353 1371 ·
3389 1342 3497 1412 ὅσῳ
3537 1342 3659 1394 τότε
3709 1341 3817 1412 μὲν

2234 1439 2330 1493 τοῦ
2358 1439 2664 1511 κρείττονος
2696 1438 2965 1509 μετέδωκε
2996 1476 3010 1500 ,
3066 1433 3160 1488 νῦν
3192 1434 3249 1487 δὲ
3282 1433 3684 1504 μεταλαμϐάνει
3714 1431 3817 1485 τοῦ

2232 1533 2496 1604 χείρονος.
2555 1529 2725 1582 Τοῦτο
2751 1528 2845 1581 τοῦ
2885 1526 3150 1598 προτέρου
3181 1525 3607 1597 θεοειδέστερον·
3652 1524 3818 1577 τοῦτο

2233 1624 2347 1684 τοῖς
2373 1620 2496 1674 νοῦν
2528 1619 2742 1689 ἔχουσιν
2773 1617 3102 1688 ὑψηλότερον
3128 1616 3263 1685 (15).

559 1710 949 1766 admirabilius.
981 1708 1114 1763 Tum
1149 1710 1290 1763 enim
1333 1710 1384 1765 id
1445 1709 1587 1778 quod
1648 1711 1993 1778 przestantius
2036 1725 2189 1778 erat,
2234 1712 2386 1767 nobis
2422 1709 2707 1779 impertiit;
2743 1717 2798 1762 at
2836 1722 2976 1763 nunc
3027 1709 3163 1777 ejus,
3212 1709 3356 1778 quod
3408 1708 3646 1763 deterius
3698 1716 3815 1777 est,

558 1805 829 1876 particeps
851 1806 967 1872 ipse
994 1806 1071 1859 ﬁt.
1104 1804 1218 1859 Hoc
1241 1804 1405 1876 priori
1437 1804 1527 1857 illo
1558 1804 1826 1869 divinius;
1859 1805 1960 1858 hoc
1991 1808 2128 1873 apud
2168 1808 2415 1861 cordatos
2454 1807 2596 1857 viros
2621 1803 2788 1857 multo
2825 1802 3121 1857 sublimius.

628 1896 698 1952 Χ.
742 1896 846 1951 Sed
881 1911 1135 1966 quorsum
1171 1898 1307 1960 haec,
1343 1894 1585 1949 dicturus
1617 1903 1701 1948 est
1733 1893 1959 1949 fortasse
1990 1896 2127 1965 quis-

2307 1892 2379 1947 l'.
2422 1892 2580 1946 Ἀλλὰ
2627 1893 2680 1945 τί
2735 1890 2937 1945 τούτων
2996 1894 3161 1963 ἡμῖν,
3208 1891 3348 1961 τάχα
3403 1892 3469 1945 ἂν
3530 1892 3671 1944 εἴποι
3729 1908 3826 1956 τις

554 1989 697 2057 piam
747 2003 812 2043 ex
854 1988 958 2051 his,
992 1987 1083 2055 qui
1120 1986 1325 2052 majore
1378 2001 1505 2055 erga
1564 1984 1760 2038 festum
1809 1985 1989 2039 studio
2036 1986 2132 2040 du-

555 2088 772 2146 cuntur,
823 2076 1211 2145 icrvidiorique
1258 2075 1439 2129 animo
1486 2075 1692 2144 praediti
1725 2075 1886 2129 sunt?
1926 2075 2130 2146 Equum

554 2169 622 2222 ad
676 2176 880 2221 metam
938 2165 1194 2231 stimula;
1250 2164 1318 2219 de
1355 2164 1550 2234 iisque,
1605 2179 1724 2233 quae
1793 2164 1950 2232 hujus
2008 2164 2133 2218 festi

556 2261 705 2320 sunt,
747 2263 802 2308 et
839 2256 909 2309 ob
942 2269 1063 2323 quae
1090 2254 1177 2308 hic
1221 2252 1549 2318 assidemus,
1591 2253 1891 2309 orationem
1924 2254 1991 2308 ad
2037 2268 2134 2309 nos

557 2346 808 2403 habeJta
832 2362 958 2401 vero
987 2346 1203 2413 faciam,
1227 2346 1329 2401 etsi
1360 2346 1519 2417 paulo
1545 2346 1708 2401 altius
1736 2361 1961 2401 exorsus
1990 2360 2131 2411 sum,

557 2438 638 2491 sic
681 2438 933 2492 nimirum
968 2446 1024 2492 et
1084 2438 1294 2492 ratione
1340 2446 1395 2490 et
1455 2451 1640 2491 amore
1692 2434 2130 2506 perpellentibus.

564 2529 677 2584 Nec
703 2544 832 2585 vero
865 2528 962 2584 abs
1000 2545 1079 2595 re,
1109 2538 1166 2584 ιιι
1195 2530 1406 2599 opinor,
1433 2529 1618 2593 fuerit,
1656 2528 1909 2584 studiosis
1945 2538 1999 2583 et
2034 2528 2136 2582 lto-

560 2620 698 2675 uesti
752 2621 961 2689 cupidis
1012 2620 1320 2675 hominibus
1365 2620 1431 2674 de
1484 2620 1702 2675 nomine
1761 2619 1877 2688 ipso
1918 2618 2136 2675 Pascha:

568 2714 815 2780 quaedam
846 2710 1081 2781 praefari.
1113 2711 1168 2766 ld
1200 2711 1343 2767 enim
1371 2725 1475 2765 non
1500 2712 1953 2765 contemnendum
1984 2711 2137 2765 addi-

562 2811 861 2857 tamentum
922 2803 1144 2857 auribus
1203 2801 1385 2860 fuerit.
1432 2801 1546 2858 Hoc
1603 2802 1834 2870 Pascha,
1882 2803 2007 2871 boc,
2056 2804 2137 2856 in-

561 2907 746 2958 quam,
794 2908 1047 2963 magnum
1102 2902 1156 2947 et
1200 2894 1585 2960 venerandum,
1638 2892 1883 2948 Phasclta
1917 2893 1985 2948 ab
2029 2891 2130 2946 lle-

561 2984 721 3039 brzeis
768 2985 917 3054 juxta
971 2999 1155 3038 eorum
1204 2982 1441 3052 linguam
1491 2984 1834 3049 nominatur;
1878 2998 1998 3053 qua:
2032 2998 2131 3037 vox

560 3078 842 3130 transitum
894 3075 1134 3140 sonat“,
1168 3074 1426 3128 historica
1476 3075 1692 3143 quidem
1744 3076 1973 3138 ratione,
2014 3090 2137 3144 pro-

560 3176 681 3234 pter
710 3166 1071 3221 Israelitarum
1104 3184 1171 3222 ex
1202 3167 1436 3240 Aﬂgypto
1481 3169 1533 3221 in
1564 3168 1924 3223 Chananazam
1959 3168 2132 3238 regio-

561 3272 681 3309 nem
711 3255 888 3327 fugam
928 3267 981 3311 et
1014 3235 1390 3327 migrationem
1420 3276 1435 3313 :
1472 3258 1555 3314 sin
1594 3268 1775 3314 autem
1804 3235 2134 3327 spiritualetn
2163 3235 2205 3293 (ἶ

562 3360 779 3400 sensum
807 3357 1146 3416 spectemus,
1182 3361 1401 3418 propter
1433 3361 1673 3404 nostram
1705 3364 1772 3403 ex
1804 3347 1890 3402 bis
1917 3347 2140 3404 inferio-

564 3437 716 3492 ribus
763 3438 829 3491 ad
875 3439 1175 3508 superiora,
1217 3448 1380 3510 atque
1428 3440 1493 3493 ad
1532 3439 1907 3508 promissionis
1944 3448 2141 3493 terram

565 3528 996 3597 progressionem
1028 3541 1083 3584 et
1115 3544 1419 3584 ascensum.
1448 3531 1599 3598 Quod
1630 3546 1756 3586 vero
1787 3532 1838 3582 in
1869 3530 2143 3598 permultis

568 3618 863 3686 Scriptura:
898 3618 1033 3673 locis
1076 3620 1338 3675 accidisse
1381 3621 1762 3689 comperimus,
1784 3618 1947 3689 853
1973 3626 2029 3671 ut
2053 3635 2146 3671 vo—

564 3707 756 3762 cabula
794 3711 1037 3777 quaedam
1064 3709 1131 3763 ab
1163 3708 1460 3763 obscuriori
1492 3723 1649 3777 sensu
1682 3709 1749 3762 ad
1794 3710 2137 3777 apertiorem,

565 3808 731 3865 atque
748 3799 814 3853 ab
832 3800 1031 3854 duriori
1058 3814 1192 3854 sono
1214 3801 1279 3853 ad
1298 3800 1678 3868 elegantiorem
1706 3801 1989 3853 immutata
2009 3800 2109 3853 sint
2124 3838 2138 3863 ,

570 3887 711 3939 idem
763 3888 851 3941 bic
887 3902 1101 3957 quoque
1137 3888 1430 3956 contigisse
1480 3888 1978 3943 animadvertimus.
2021 3886 2144 3953 Qui-

568 3980 691 4033 dam
727 3980 872 4033 enim
913 3979 1207 4034 salutiferae
1243 3980 1510 4050 passionis
1555 3996 1749 4036 nomen
1778 3982 1879 4034 hoc
1905 3993 2024 4035 esse
2055 3995 2143 4032 ar-

571 4071 780 4137 bitrati,
814 4086 879 4126 ac
911 4071 1102 4127 deinde
1126 4087 1222 4140 per
1254 4072 1446 4127 litterae
1483 4089 1520 4142 φ
1557 4073 1608 4126 in
1646 4090 1706 4139 π,
1736 4081 1790 4128 et
1815 4089 1849 4125 κ
1880 4072 1932 4127 ἰη
1956 4089 1990 4141 χ
2026 4085 2143 4126 mu-

643 4274 876 4330 “Exod.
912 4288 1010 4339 xu,
1051 4275 1136 4329 11.

666 4451 720 4521 9)
750 4452 1102 4520 Πλουτήσω.
1140 4452 1269 4520 Reg.
1304 4452 1396 4518 ph.
1426 4452 1713 4506 πλουτίσω.

670 4520 755 4593 10)
794 4524 923 4577 Ἐπὶ
954 4525 1185 4593 μικρόν.
1234 4543 1252 4574 t
1290 4524 1605 4593 Parumper,
1634 4522 1920 4586 tantillum,
1948 4520 2137 4587 paulu-

571 4591 680 4673 lum
709 4591 807 4647 sua
838 4591 1116 4661 umjesta'te
1139 4595 1465 4657 exiuanitur,
1493 4591 1520 4646 “ι
1556 4607 1746 4662 nempe
1770 4608 1867 4662 per
1890 4593 2146 4648 lncarna—

573 4673 798 4719 ltonem.

653 4732 765 4803 (11)
795 4732 1184 4799 Πληρὼσεως.
1222 4733 1352 4803 Reg.
1386 4734 1440 4796 d,
1474 4733 1828 4803 πληρότητος.

654 4802 766 4869 (Ιῖ)
806 4804 1117 4869 Δευτέιαν.
1152 4804 1242 4857 Sic
1270 4802 1434 4873 licgg.
1465 4800 1711 4870 bm,‘plt,‘
1734 4801 1923 4867 Savil.,
1951 4809 2057 4856 etc.
2088 4800 2142 4853 In

611 4870 685 4923 d..
723 4870 985 4923 δευτέρον.

574 4885 685 4934 eu.,
723 4885 869 4923 οευτε
878 4888 985 4934 ρον.

650 4888 1232 5009 ᾖὲῐιίτῧξοκοτῖξῖότερυν.
1286 4940 1382 4994 llic
1431 4941 1714 5003 desinunt,
1767 4956 1886 5009 quae
1947 4955 2014 4994 ex
2062 4955 2143 4994 or.

578 5026 784 5064 xxxvm
825 5020 1063 5063 mutuata
1093 5011 1338 5077 superius
1378 5013 1697 5065 notavimus.

649 5080 760 5151 (H)
800 5081 974 5134 Ἀλλὰ
1008 5082 1065 5134 τι
1103 5081 1344 5133 τούτων.
1376 5118 1391 5133 .
1420 5122 1433 5135 .
1465 5119 1480 5135 .
1502 5081 1908 5149 βιασαμένων.
1940 5079 2063 5135 llaec
2092 5088 2146 5133 et

581 5151 861 5217 tuterjema
891 5167 1074 5204 rursus
1107 5152 1382 5217 desumpta
1419 5168 1485 5204 ex
1525 5166 1607 5204 or.
1635 5167 1837 5204 xxxvttt
1865 5151 1964 5206 sub
1984 5151 2142 5203 linem

581 5235 636 5274 ιι.
674 5220 755 5274 10.
795 5219 943 5274 Pan.
988 5220 1147 5272 Ἀλλὰ
1171 5221 1420 5274 τίτοῦτο.

580 5235 636 5275 ll.
674 5235 755 5274 ιυ.
795 5235 943 5281 ι’δΓ..
994 5235 1147 5272 ἈΛΛα
1171 5235 1223 5273 τι
1244 5238 1420 5276 τουτο.

798 5291 1143 5365 Διᾳιιαϐεἷνᾊ
1162 5291 1307 5365 lit‘gr
1329 5294 1438 5365 but,
1469 5290 1863 5365 προδιαλαϐεῖν.

659 5362 772 5430 (16)
812 5360 1021 5415 Φὰσκα
1052 5360 1175 5427 τοῖς
1211 5360 1525 5429 Ἐϐραίοιςξ
1555 5366 1643 5417 Sic
1673 5375 1781 5415 tres
1816 5360 2001 5429 Regg.,
2039 5369 2148 5414 tres

581 5432 732 5487 Culb.
766 5444 819 5487 et
858 5430 966 5486 Jes.
999 5432 1167 5498 Quam
1198 5432 1503 5496 lectionem,
1544 5450 1607 5489 ex
1644 5431 2023 5499 sequentibus,
2055 5446 2147 5498 ge-

586 5504 804 5556 nuinam
856 5502 1203 5556 arbitramur.
1265 5503 1470 5556 llcbrzei
1525 5519 1754 5571 namque
1808 5501 1908 5554 hoc
1948 5501 2143 5571 festum

588 5575 989 5655 nuncupabant,
1020 5580 1175 5655 n93,”
1190 5572 1240 5625 id
1269 5583 1430 5655 est,_¢
1465 5569 1721 5655 ιξΙιεειιςΙι,
1759 5570 1965 5655 Pbase,‘
1986 5569 2147 5655 Phas-

584 5642 709 5697 clta.
754 5638 785 5694 ί
813 5641 1018 5709 Graece,
1053 5641 1329 5706 6tu6uatc'
1384 5643 1589 5710 Latine,
1635 5642 1903 5695 transitus.
1948 5638 2002 5693 In
2033 5640 2142 5707 etl.,

2234 1986 2344 2039 τῶν
2395 1985 2515 2037 λίαν
2569 1982 2867 2053 φιλεόρτων
2914 1982 3007 2035 xui.
3053 1983 3425 2054 θερμοτέρων;
3479 1982 3671 2036 Κέντει
3719 1983 3819 2036 τὸν

2237 2075 2415 2129 πῶλον
2445 2092 2510 2127 πε
2523 2076 2574 2145 ρὶ
2603 2074 2702 2145 τὴν
2730 2073 2963 2128 νύσσαν·
3009 2072 3080 2126 τὰ
3125 2073 3225 2143 τῆς
3257 2073 3452 2144 ἑορτῆς
3489 2076 3619 2145 ἡμῖν
3659 2075 3818 2144 φιλο-

2236 2166 2410 2234 σόφει,
2463 2167 2556 2219 καὶ
2583 2159 2664 2228 οἷς
2728 2163 3175 2235 προκαθεζόμεθα
3239 2168 3495 2238 σήμερον.
3545 2165 3716 2219 Τοῦτο
3746 2166 3817 2236 δὴ

2235 2254 2328 2309 καὶ
2363 2254 2606 2325 ποιήσω,
2639 2256 2731 2307 καὶ
2769 2256 2817 2307 εἰ
2855 2255 3047 2326 μικρὸν
3086 2255 3289 2308 ἄνωθεν
3318 2255 3571 2326 ἠρξάμην
3595 2296 3610 2320 ,
3667 2256 3819 2308 οὕτω

2234 2344 2327 2400 τοῦ
2355 2345 2512 2414 λόγου
2534 2345 2741 2400 καὶτοῦ
2765 2346 2929 2400 πόθου
2949 2346 3292 2417 βιασαμένων
3308 2347 3441 2418 (14),
3459 2347 3531 2399 Ού
3557 2350 3735 2417 χεῖρον
3757 2346 3819 2400 δὲ

2238 2438 2369 2502 ἴσως
2401 2440 2513 2502 τοῖς
2542 2438 2865 2507 φιλομαθέσι
2894 2438 2989 2491 καὶ¹
3017 2437 3329 2507 φιλοκάλοις
3359 2439 3487 2510 περὶ
3519 2438 3618 2507 τῆς
3645 2455 3821 2509 προσ-

2236 2529 2463 2599 ηγορίας
2486 2528 2656 2599 αὐτῆς
2684 2527 2775 2581 τοῦ
2800 2528 2991 2597 Πάσχα
3017 2527 3225 2599 βραχέα
3260 2527 3531 2582 διαλαϐεῖν
3561 2529 3693 2599 (15).
3712 2530 3818 2583 Γέ-

2236 2636 2379 2672 νοιτο
2395 2618 2505 2691 γὰρ
2531 2618 2596 2672 ἂν
2628 2619 2686 2673 οὐ
2712 2617 2910 2687 φαῦλον
2936 2617 3093 2671 τοῦτο
3111 2621 3232 2682 ταῖς
3257 2619 3445 2683 ἀκοαῖς
3474 2620 3800 2675 ἐπεισόδιον.

2237 2711 2311 2763 Τὸ
2359 2710 2548 2780 Πάσχα
2572 2710 2749 2775 τοῦτο,
2792 2708 2854 2762 τὸ
2889 2711 3030 2781 μέγα
3061 2727 3120 2763 τε
3155 2710 3250 2763 καὶ
3277 2711 3592 2781 σεϐάσμιον,
3620 2713 3819 2766 Φάσκα

2236 2805 2348 2866 τοῖς
2388 2802 2659 2874 Ἑϐραίοις
2683 2802 2795 2873 (16)
2830 2801 3327 2874 προσαγορεύεται,
3358 2802 3499 2857 κατὰ
3526 2803 3624 2874 τὴν
3663 2804 3817 2857 ὲκεί-

2237 2911 2343 2949 νων
2370 2896 2551 2966 φωνήν
2570 2911 2584 2925 ·
2619 2894 2769 2964 δηλοῖ
2799 2894 2855 2947 δὲ
2895 2896 2928 2964 ἡ
2960 2893 3111 2965 φωνὴ
3141 2892 3237 2965 τὴν
3269 2893 3544 2948 διάϐασιν
3563 2912 3576 2926 ·
3613 2895 3819 2965 ίστορι·

2238 2985 2349 3049 κῶς
2384 2986 2482 3056 μὲν
2508 3026 2523 3051 ,
2552 2983 2640 3038 διὰ
2668 2984 2765 3056 τὴν
2797 2986 2855 3053 ἐξ
2889 2986 3166 3055 Αίγύπτου
3204 2985 3339 3057 πρὸς
3364 2985 3464 3056 τὴν
3502 2984 3818 3059 Χαναναίαν

2238 3077 2416 3148 φυγὴν
2441 3076 2534 3129 καὶ
2563 3076 2675 3147 (17)
2706 3077 3107 3147 μετανάστασιν
3128 3091 3142 3105 ·
3185 3075 3569 3147 πνευματικῶς
3601 3075 3658 3127 δὲ
3678 3116 3692 3137 ,
3725 3075 3818 3129 διὰ

2238 3167 2335 3238 τὴν
2384 3170 2447 3221 ἐκ
2496 3167 2603 3220 τῶν
2656 3167 2807 3221 κάτω
2838 3167 2975 3239 πρὸς
3023 3168 3091 3221 τὰ
3137 3166 3284 3231 ἄνω,
3317 3167 3409 3222 καὶ
3457 3167 3553 3238 τὴν
3581 3169 3683 3239 γῆν
3714 3169 3819 3238 τῆς

2238 3259 2570 3329 ἐπαγγελίας
2602 3260 2824 3329 πρόοδον
2856 3259 2951 3313 καὶ
2982 3259 3263 3313 ἀνάϐασιν.
3309 3259 3486 3329 Ὅπερ
3514 3258 3569 3310 δὲ
3609 3258 3818 3311 πολλα-

2238 3350 2335 3421 χοῦ
2363 3350 2464 3421 τῆς
2489 3351 2713 3423 Γραφῆς
2748 3349 2959 3421 συμϐὰν
2996 3349 3232 3421 εύρομεν
3254 3390 3270 3417 ,
3324 3349 3432 3402 ἀπὸ
3473 3349 3580 3403 τῶν
3606 3350 3818 3418 ἀσαφεο

2241 3442 2448 3513 στέρων
2490 3442 2919 3514 μεταποιηθέντα
2969 3442 3091 3496 τινὰ
3142 3440 3255 3494 τῶν
3302 3440 3581 3512 ὀνομάτων
3628 3442 3721 3493 ἐπὶ
3752 3440 3819 3494 τὸ

2242 3532 2575 3603 σαφέστερον
2594 3574 2609 3598 ,
2652 3532 2685 3602 ἢ
2725 3531 2834 3585 τῶν
2855 3533 3254 3604 ἀγροικοτέρων
3284 3531 3394 3602 (18)
3421 3532 3513 3584 ἐπὶ
3536 3530 3596 3583 τὸ
3617 3531 3820 3601 εὐσχη-

2247 3621 2469 3691 μονέστε
2480 3639 2589 3692 ρον,
2614 3622 2770 3675 τοῦτο
2794 3623 3070 3677 κάνταῦθα
3093 3622 3530 3693 τεθεωρήκαμεν.
3566 3622 3672 3674 Τοῦ
3703 3623 3817 3692 γὰρ

2241 3713 2512 3783 σωτηρίου
2554 3712 2758 3776 πάθους
2799 3714 2970 3784 ὄνομα
2997 3714 3107 3785 (19)
3137 3715 3294 3767 τοῦτο
3321 3711 3457 3767 εἶναί
3494 3731 3638 3777 τινες
3660 3712 3816 3782 νομί-

2240 3818 2432 3866 σαντες
2452 3844 2467 3868 ,
2506 3798 2626 3856 εἶτα
2671 3803 3099 3873 ὲξελληνίζοντες
3135 3804 3243 3875 (ΞΟ)
3274 3806 3371 3875 τὴν
3398 3804 3613 3875 φωνὴν,
3671 3803 3815 3857 κατὰ

2238 3890 2338 3961 τὴν
2360 3891 2453 3944 τοῦ
2483 3892 2555 3960 φῖ
2576 3893 2712 3965 πρὸς
2735 3893 2795 3946 τὸ
2824 3893 2918 3959 πῖ,
2975 3896 3070 3948 καὶ
3108 3894 3201 3947 τοῦ
3226 3896 3430 3950 κάππα
3478 3896 3613 3965 πρὸς
3652 3895 3713 3947 τὸ
3750 3895 3819 3964 χῖ

2243 3983 2597 4054 μεταποίησιν
2619 4025 2634 4051 ,
2675 3984 2890 4054 Πάσχα
2916 3986 3015 4055 τὴν
3042 3987 3255 4057 ἡμέραν
3287 3988 3812 4058 προσηγορεύκασιν.

2245 4074 2648 4145 Παραλαϐοὖσα
2677 4076 2732 4130 δὲ
2762 4078 2794 4147 ἠ
2823 4077 3078 4148 συνήθεια
3103 4078 3200 4149 τὴν
3231 4078 3431 4149 φωνὴν,
3463 4076 3817 4149 ἰσχυροτέραν

2170 4452 2215 4508 D
2244 4450 2435 4521 Πάσχα
2459 4454 2570 4514 τοῖς
2599 4449 2894 4522 Ἑϐραίοις.

2344 4517 2427 4591 1⁷7)
2459 4521 2665 4590 Φυτὴν
2697 4517 2817 4591 καί.
2851 4518 3042 4591 ὃιινίΙ.,
3082 4519 3263 4591 φυγήν
3287 4536 3346 4572 τε
3375 4517 3487 4573 καί.

2344 4524 2406 4576 17
2459 4524 2665 4590 Φυτὴν
2697 4524 2817 4574 καί.
2851 4524 3042 4583 Savil.,
3082 4524 3263 4591 φυγήν
3287 4536 3346 4572 τε
3375 4524 3487 4573 καί.

2275 4524 2433 4715 ἐὲ
2483 4590 2949 4662 Ἀπροικοτέρων.
2993 4590 3083 4645 Sic
3110 4593 3263 4645 codd.
3302 4592 3362 4644 In
3390 4591 3503 4656 ed.,
3537 4589 3816 4662 ἀγροικω-

2241 4680 2433 4716 τεοων.

2463 4731 2696 4795 Πάθους
2734 4729 2939 4805 ὄνομα,
2975 4739 3079 4784 etc.
3115 4728 3230 4786 Vox
3258 4747 3279 4781 ι
3307 4727 3525 4805 fascina
3552 4749 3571 4783 ι
3604 4723 3672 4805 ab
3691 4722 3818 4805 _He-

2243 4794 2383 4855 bra-0
2407 4794 2624 4856 nOmine
2650 4794 2785 4861 rica.
2816 4794 3053 4862 (Phase,
3086 4819 3103 4852 ι
3138 4818 3229 4855 seu
3267 4819 3285 4852 ι
3307 4799 3570 4863 Phasclta,
3597 4813 3615 4846 ι
3653 4794 3702 4847 id
3729 4804 3811 4848 est

2245 4875 2534 4935 transitus,
2583 4872 2871 4925 derivatur.
2919 4871 3072 4937 Aputl
3103 4872 3350 4933 Graecos,
3405 4870 3612 4938 longius
3653 4866 3812 4938 aber-

2248 4951 2453 4999 raruut.
2473 4934 2562 5011 qui
2597 4942 2789 5011 linguae
2811 4934 3087 5011 lrlebraicae
3115 4941 3371 5010 imperiti,
3397 4934 3581 4993 vocum
3605 4934 3813 5011 Φὰσκα,

2246 5028 2274 5063 a
2322 5006 2504 5065 verbo'
2536 5006 2723 5067 Gram-vo
2766 5010 3014 5080 πάσχειν,
3064 5006 3207 5076 pati,
3266 5011 3614 5064 deduxerunt.
3679 5006 3813 5058 llinc

2245 5080 2534 5147 Gregorius
2561 5083 2688 5134 dicit
2715 5098 2726 5133 :
2766 5098 2784 5129 ι
2820 5080 2919 5134 l’er
2950 5082 3140 5134 litterm
3164 5098 3200 5150 φ
3230 5081 3281 5134 in
3312 5099 3373 5143 π,
3405 5090 3459 5133 et
3491 5097 3525 5132 κ
3552 5082 3600 5132 in
3632 5095 3665 5147 χ
3699 5092 3815 5127 tnu-

2249 5152 2522 5211 tationem,
2566 5152 2702 5203 lianc
2737 5166 2919 5203 vocem
2963 5150 3028 5204 ad
3064 5151 3294 5218 linguam
3328 5151 3571 5204 Graecam
3603 5161 3817 5218 accom-

2248 5222 2545 5283 modantes,
2592 5224 2728 5273 hanc
2780 5220 2922 5273 diem
2972 5215 3175 5274 Pascha
3228 5223 3588 5275 nominarunt.
3642 5215 3815 5269 »01³-

2250 5292 2359 5343 rior
2390 5301 2566 5344 autem
2619 5290 2806 5342 fuisset
2858 5290 2945 5343 hic
2992 5291 3163 5354 locus,
3203 5291 3248 5344 si
3303 5290 3604 5355 'l‘lteologus
3643 5286 3813 5339 dixis-

2247 5372 2373 5413 set:
2409 5380 2427 5411 ‹
2467 5360 2568 5414 Per
2594 5360 2787 5413 litterae
2830 5368 2869 5419 Β
2911 5360 2962 5413 in
3008 5376 3069 5424 π,
3100 5370 3154 5413 et
3189 5372 3229 5420 Π
3267 5362 3317 5413 iu
3360 5377 3392 5429 χ
3443 5359 3814 5418 mutationem,

2248 5432 2383 5486 hanc
2420 5446 2626 5494 vocem,
2657 5439 2794 5495 nos,
2837 5431 2901 5483 ad
2951 5430 3185 5499 linguam
3226 5430 3467 5485 Graecam
3510 5440 3816 5482 accommo-

2245 5502 2456 5554 dantes.
2501 5519 2518 5551 ι
2576 5512 2683 5554 etc.

2493 5541 3031 5638 ’ἒέέῆίιηνίζοντεᾳ
3092 5570 3146 5625 In
3206 5568 3506 5634 nonnullis,
3572 5563 3819 5635 Ἕλληνι·-

2246 5657 2451 5703 σαντες.
