4100 6276
258 265 364 319 637

1213 265 1471 325 ORATIO
1512 270 1670 326 XLV.
1712 306 1780 315 —
1817 272 1888 327 IN
1927 273 2257 333 SANCTUM
2297 277 2585 335 PASCllA.

3398 290 3501 346 638

255 380 483 451 ἐποίησε
503 420 519 445 ,
553 380 994 451 προστρεχούσης
1018 381 1115 451 τῆς
1142 382 1247 435 τῶν
1279 384 1489 440 πολλῶν
1522 388 1718 459 ἀκοῆς,
1752 390 1828 453 ὡς

1934 392 2210 460 tationem,
2257 396 2399 452 hanc
2424 413 2611 453 vocem
2640 399 2705 452 ad
2738 398 2971 469 linguam
3005 402 3246 459 Graecam
3288 420 3503 462 accom-

255 468 630 539 εὐσεϐεστέρῳ
659 468 735 539 τῷ
765 470 989 540 ῥήματι.

1937 483 2231 551 modautes,
2293 487 2435 544 hunc
2490 488 2630 543 diem
2672 489 2878 544 Pascha
2930 494 3293 556 nominarunt.
3328 499 3505 568 Atque

257 567 373 619 haec
400 578 503 617 vox
554 572 735 632 postea
795 565 1182 621 consuetudine
1234 577 1398 638 alque
1441 586 1540 626 usu
1570 573 1887 630 conﬁrmata
1946 588 2051 646 est,
2109 582 2448 639 multitudine
2493 585 2740 641 videlicet
2789 589 2890 643 hoc
2935 590 3176 660 verbum,
3222 603 3281 648 ut
3331 565 3504 666 magis

254 661 426 728 pium,
452 658 657 713 calculo
672 674 771 713 suo
795 662 1195 728 comprobante.

324 749 433 803 ΙΝ.
462 749 648 802 Πάντα
704 748 805 819 μὲν
837 745 928 802 οὗν
968 750 1059 804 τὸν
1112 752 1294 823 νόμον,
1344 756 1502 808 σκιὰν
1535 753 1671 809 εἶναι
1723 758 1829 812 τῶν

256 840 562 910 μελλόντων
613 839 706 892 καὶ
737 840 1058 909 νοουμένων,
1105 844 1132 894 6
1163 844 1304 907 θεῖος
1357 846 1672 911 Ἀπόστολος
1724 847 1829 919 πρὸ

252 928 413 998 ἡμῶν
448 930 782 999 ἀπεφήνατο.
818 931 926 981 Καὶ
961 932 989 982 6
1020 934 1363 1001 χρηματίσας
1404 936 1507 1006 πρὸ
1536 936 1722 989 τούτου
1753 937 1829 1006 τῷ

252 1018 484 1070 Μωῦσεί
503 1016 656 1080 Θεὸς,
704 1017 867 1085 ἡνίκα
905 1018 1033 1088 περὶ
1075 1017 1276 1072 τούτων
1307 1020 1643 1090 ἐνομοθέτει·
1685 1024 1830 1090 ’Ὅρα

252 1106 384 1177 γάρ,
424 1106 582 1177 φησὶ,
635 1107 907 1175 ποιήσεις
944 1106 1140 1161 πάντα
1181 1110 1332 1165 κατὰ
1360 1111 1464 1164 τὸν
1490 1112 1680 1166 τύπον
1727 1114 1831 1166 τὸν

253 1195 571 1264 δειχθέντα
618 1211 717 1249 σοι
771 1197 839 1249 ἐν
869 1196 951 1262 τῷ
998 1197 1119 1265 ὄρει
1146 1214 1159 1227 ·
1197 1202 1564 1273 σκιαγραφίαν
1592 1203 1714 1257 τινὰ
1736 1206 1831 1257 καὶ

255 1287 633 1359 προχάραγμα
654 1288 762 1341 τῶν
792 1290 1035 1360 ἀοράτων
1066 1292 1427 1361 παραδεικνὺς
1458 1295 1525 1346 τά
1555 1296 1824 1366 ὁρώμενα.

253 1377 366 1428 Καὶ
390 1374 669 1446 πείθομαι,
701 1376 864 1447 μηδὲν
894 1379 1036 1448 εἰκῆ,
1070 1379 1204 1450 μηδὲ
1232 1381 1549 1450 ἀλογίστως,
1578 1386 1711 1455 μηδὲ
1734 1404 1830 1456 χα-

260 1467 489 1537 μερπῶς
516 1468 720 1521 τούτων
745 1469 858 1531 (21)
891 1470 1254 1541 διατετάχθαι,
1300 1474 1432 1544 μηδὲ
1462 1476 1694 1543 ἀναξίως
1731 1480 1830 1549 τῆς

255 1558 349 1609 τοῦ
397 1557 537 1610 Θεοῦ
570 1558 909 1628 νομοθεσίας,
946 1561 1039 1613 καὶ
1065 1564 1163 1633 τῆς
1195 1564 1471 1629 Μωῡσέως
1503 1569 1823 1639 ὑπουργίας·

2005 737 2098 795 Xl.
2129 740 2421 796 Enimvero
2456 741 2625 813 legem
2660 744 2965 800 universam
2989 785 3004 813 ,
3039 746 3368 814 futurorum,
3421 759 3508 807 at-

1935 843 2039 897 que
2090 844 2297 896 eorum,
2343 845 2462 899 quae
2513 832 2691 887 animo
2740 843 2795 888 et
2847 835 3054 890 ratione
3104 838 3500 908 intelliguntur,

1937 919 2183 973 umbram
2204 921 2389 985 fuisse,
2420 922 2632 977 divinus
2662 924 2952 992 Apostolus
2983 936 3106 983 ante
3132 945 3229 984 nos
3261 947 3501 999 pronun-

1928 1009 2165 1063 tinvit“.
2204 1012 2282 1064 Ac
2342 1012 2485 1067 Deus
2538 1014 2730 1078 etiam,
2758 1016 2851 1083 qui
2892 1016 3061 1087 Moysi
3116 1030 3240 1075 ante
3285 1023 3501 1077 oracula

1928 1099 2113 1164 edidit,
2136 1110 2257 1155 cuin
2292 1102 2357 1157 de
2388 1103 2475 1158 his
2539 1104 2701 1159 rebus
2742 1105 2889 1176 leges
2926 1108 3003 1162 illi
3069 1112 3450 1178 praescriberet
3484 1133 3496 1167 :

1936 1188 2087 1255 Vide,
2113 1190 2304 1262 inquit,
2332 1202 2387 1247 ut
2423 1196 2601 1263 omnia
2637 1194 2807 1263 facias
2845 1197 3007 1265 juxta
3048 1201 3340 1269 exemptar,
3365 1205 3505 1273 quod

1935 1280 2030 1332 tibi
2072 1280 2125 1334 in
2180 1293 2351 1335 monte
2407 1294 2666 1337 ostensum
2726 1295 2798 1338 est
2830 1285 2912 1350 ¹⁸;
2948 1300 3009 1339 ea
3044 1287 3325 1354 nimirum,
3383 1305 3505 1358 qua

1934 1383 2150 1441 aspectu
2202 1375 2531 1441 sentiuntur,
2580 1377 2735 1445 quasi
2796 1377 3269 1433 adumbrationem
3312 1395 3505 1450 quam-

1936 1462 2057 1515 dam
2086 1473 2137 1515 et
2163 1462 2570 1518 delineatiouem
2602 1479 2789 1520 earum
2824 1482 3005 1521 rerum
3032 1506 3048 1533 ,
3083 1482 3202 1537 quae
3226 1471 3503 1525 oculorum

1934 1566 2149 1607 sensum
2192 1555 2437 1623 fugiunt,
2467 1570 2587 1612 esse
2634 1557 2948 1613 ostendens.
2978 1557 3162 1627 Atque
3216 1559 3344 1615 illud
3384 1577 3507 1630 per-

257 1653 305 1702 εξ
337 1652 434 1703 καὶ
462 1650 699 1720 χαλεπὸν
722 1652 925 1723 ἑκάστῃ
960 1652 1068 1708 τῶν
1097 1655 1283 1721 σκιῶν,
1319 1657 1553 1729 ἑκάστην
1577 1637 1826 1732 ἐφευρεῖν

1934 1659 2147 1697 suasum
2179 1646 2370 1711 habeo,
2406 1647 2540 1700 nihil
2572 1656 2797 1713 temere,
2844 1662 2942 1702 nec
2970 1650 3386 1718 inconsiderate,
3420 1654 3504 1707 ni-

258 1738 493 1811 θεωρίαν
537 1742 617 1804 είς
649 1740 844 1795 λεπτὸν
872 1741 985 1812 (22)
1020 1744 1413 1799 καταϐαίνοντα
1439 1787 1453 1811 ,
1480 1748 1579 1800 ὅσα
1608 1765 1667 1801 τε
1702 1750 1830 1820 περὶ

256 1833 354 1901 τῆς
400 1832 611 1902 σκηνῆς
649 1833 836 1899 αὐτῆς,
885 1834 979 1886 καὶ
1020 1835 1233 1907 μέτρων
1260 1837 1395 1907 (25),
1428 1839 1521 1891 καὶ
1551 1839 1702 1910 ὕλης,
1736 1839 1830 1892 καὶ

255 1923 363 1976 τῶν
386 1922 653 1992 αίρόντων
709 1922 883 1976 ταῦτα
911 1925 1146 1979 Λευῖτῶν
1174 1945 1231 1979 τε
1254 1929 1348 1981 καὶ
1365 1929 1707 2000 λειτουργῶν,
1732 1932 1830 1984 ὅσα

253 2030 312 2065 τε
336 2015 466 2083 περὶ
482 2014 702 2079 θυσιῶν,
725 2015 822 2068 καὶ
850 2015 1180 2087 καθαρσίων,
1200 2019 1292 2070 καὶ
1311 2019 1700 2089 ἀφαιρεμάτων
1717 2020 1828 2091 (24)

255 2104 712 2175 νενομοθέτηται·
742 2105 837 2158 καὶ
870 2107 1050 2177 μόνοις
1081 2103 1219 2161 εἶναι
1254 2108 1504 2180 θεωρητὰ
1540 2114 1650 2173 τοῖς
1692 2110 1831 2165 κατὰ

254 2194 497 2247 Μωῦσέα
547 2197 644 2265 τὴν
693 2196 915 2268 ἀρετὴν,
970 2198 1004 2269 ἢ
1045 2198 1123 2250 ὅτι
1160 2200 1443 2267 ἐγγυτάτω
1488 2201 1584 2269 τῆς
1620 2202 1826 2254 ἐκείνου

254 2284 615 2348 παιδεύσεως.
659 2287 811 2339 Ἐπεὶ
838 2289 933 2340 καὶ
964 2288 1021 2339 ἐν
1051 2288 1197 2359 αὑτῴ
1222 2289 1299 2359 τῷ
1320 2289 1434 2359 ὄρει
1467 2290 1598 2354 Θεὸς
1624 2292 1832 2363 ἀνθρώ-

255 2388 378 2435 ποις
404 2373 757 2441 φαντάζεται,
781 2376 841 2428 τὸ
869 2376 970 2445 μέν
996 2394 1047 2429 τι
1067 2377 1404 2431 καταϐαίνων
1419 2380 1579 2443 αὐτὸς
1596 2380 1697 2450 τῆς
1717 2382 1829 2450 (25)

254 2463 463 2525 οἰκείας
500 2464 807 2535 περιωπῆς,
840 2465 900 2517 τὸ
930 2466 987 2517 δὲ
1026 2468 1173 2536 ημᾶς
1192 2469 1410 2535 άνάγων
1438 2470 1502 2523 ὲκ
1522 2471 1618 2540 τῆς
1651 2472 1829 2524 κάτω-

254 2553 346 2605 θεν
382 2552 499 2623 (26)
552 2553 963 2619 ταπεινώσεως,
1015 2558 1101 2611 ἵνα
1133 2560 1353 2632 χωρηθῇ
1415 2561 1647 2631 μετρίως
1696 2563 1829 2630 γοῦν

255 2645 426 2717 θνητῇ
460 2645 619 2714 φύσει
649 2646 782 2716 (27),
822 2648 915 2699 καὶ
945 2648 1068 2699 ὅσον
1100 2650 1356 2717 ἀσφαλὲς,
1382 2653 1410 2704 6
1435 2651 1734 2723 ἀχώρητος.
1755 2654 1830 2707 υὺ

254 2737 366 2808 γάρ
392 2733 506 2789 οἶόν
530 2753 589 2789 τε
618 2737 790 2800 ἄλλως
823 2740 879 2790 ἐν
915 2741 1162 2811 περινοίᾳ
1200 2742 1333 2794 Θεοῦ
1372 2742 1621 2811 γενέσθαι
1650 2743 1824 2814 σώμα-

254 2845 345 2891 τος
370 2825 560 2879 ὑλικοῦ
592 2826 685 2879 καὶ
728 2826 947 2896 δεσμίου
995 2826 1087 2879 νοῦ
1137 2829 1307 2898 πάχος
1341 2830 1413 2901 μὴ
1447 2828 1826 2900 βοηθούμενον.

256 2920 392 2972 Τότε
433 2918 635 2982 τοίνυν,
668 2916 725 2970 οὐ
764 2917 966 2980 πάντες
997 2917 1098 2986 τῆς
1142 2918 1315 2987 αὐτῆς
1364 2918 1682 2984 ἀξιωθέντες
1711 2919 1832 2987 φαίη

1935 1736 2005 1789 hil
2041 1736 2312 1791 humiliter
2339 1747 2500 1806 atque
2524 1738 2754 1806 abiecte,
2788 1740 2922 1793 nihil
2948 1741 3178 1811 denique
3214 1742 3325 1798 Deo
3351 1743 3508 1813 legis-

1934 1826 2103 1880 latore
2139 1843 2202 1881 ac
2232 1829 2478 1884 ministro
2516 1828 2698 1899 Moyse
2734 1846 2921 1900 parum
2956 1832 3171 1902 dignum
3197 1874 3212 1898 ,
3247 1836 3506 1890 indictum

1933 1926 2093 1985 atque
2118 1918 2473 1972 constitutum
2520 1934 2676 1986 esse;
2714 1922 2935 1976 tametsi
2988 1922 3201 1978 dillicile
3237 1924 3378 1979 factu
3414 1927 3508 1991 sit,

1935 2020 1988 2063 nt
2015 2025 2165 2063 suam
2202 2011 2398 2080 cuique
2440 2012 2646 2067 umbrae
2679 2028 2742 2068 ac
2769 2014 2952 2084 ﬁgura:
2982 2014 3292 2083 allegoriam
3345 2033 3511 2075 exco-

1932 2101 2183 2168 gitemus.
2216 2103 2522 2156 minutatim
2572 2106 2639 2157 ad
2672 2103 2885 2173 singula
2935 2105 3349 2171 descendentes,
3385 2123 3508 2176 qua:

1934 2201 2044 2245 tum
2083 2193 2149 2245 de
2180 2207 2301 2246 arca
2337 2194 2452 2260 ipsa
2482 2204 2536 2248 et
2578 2196 2849 2250 mensuris
2883 2205 2937 2251 et
2968 2198 3192 2252 materia
3223 2207 3278 2253 et
3302 2199 3509 2253 Levitis

1933 2300 1995 2337 ac
2026 2284 2289 2339 ministris
2338 2300 2454 2340 eam
2495 2287 2877 2354 gestantibus;
2922 2297 3033 2343 tum
3063 2290 3222 2345 etiam
3252 2294 3317 2346 de
3342 2293 3512 2347 sacri-

1934 2376 2067 2429 liciis
2093 2387 2147 2430 et
2189 2375 2603 2431 lustrationibus
2654 2385 2816 2446 atque
2843 2378 3213 2434 oblationibus
3237 2380 3353 2449 lege
3388 2395 3515 2438 san-

1933 2468 2036 2521 t-ita
2076 2477 2242 2522 sunt:
2278 2482 2401 2537 quae
2436 2468 2653 2536 quidem
2710 2468 2775 2523 iis
2828 2470 2962 2524 solis
3015 2471 3307 2538 conspicua
3351 2480 3509 2534 sunt,

1932 2560 2023 2626 qui
2069 2559 2265 2612 virtute
2315 2556 2555 2627 Moysem
2593 2556 2859 2624 referunt,
2900 2560 2983 2614 vel
3008 2561 3073 2613 ad
3096 2560 3213 2627 ejus
3235 2561 3502 2615 eruditio-

1931 2663 2055 2702 nem
2079 2650 2320 2717 proxime
2342 2648 2626 2703 accedunt.
2656 2647 2790 2703 Nam
2837 2650 2892 2704 in
2939 2650 3055 2720 ipso
3078 2666 3293 2721 quoque
3329 2659 3513 2707 monte

1935 2734 2075 2788 Dens
2124 2734 2431 2789 hominibus
2483 2746 2740 2804 apparet,
2794 2738 2985 2805 partim
3034 2740 3099 2793 de
3146 2739 3360 2808 specula
3411 2755 3507 2795 sua

1934 2827 2047 2895 ipse
2093 2825 2337 2879 nonnihil
2387 2827 2743 2893 descendens,
2796 2830 2993 2899 partim
3050 2845 3147 2884 nos
3193 2844 3255 2883 ex
3300 2841 3512 2886 terrena

1936 2916 2278 2985 depressione
2320 2916 2375 2970 in
2406 2916 2572 2970 altum
2603 2919 2858 2984 evehens,
2904 2929 2962 2972 ut
2999 2934 3029 2973 a
3075 2922 3286 2974 mortali
3318 2932 3509 2975 natura

253 3026 437 3061 νονται
466 3006 675 3071 τάξεώς
706 3024 765 3059 τε
812 3007 905 3059 καὶ
934 3007 1174 3070 στάσεως
1197 3025 1210 3038 ο
1247 3008 1361 3067 ἀλλ’
1407 3011 1435 3061 6
1465 3009 1560 3078 μὲν
1582 3010 1701 3080 τῆς,
1727 3009 1755 3060 6
1776 3010 1828 3062 δὲ

1939 3009 2129 3064 leviter
2164 3010 2379 3072 saltem,
2438 3017 2487 3061 et
2541 3019 2809 3076 quatenus
2858 3019 3027 3064 tutum
3066 3021 3167 3077 est,
3212 3011 3514 3080 incompre-

254 3100 375 3169 τῆς,
408 3098 544 3170 πρὸς
602 3099 819 3169 μέτρον,
874 3094 1065 3168 οἶμαι,
1122 3099 1221 3167 τῆς
1277 3098 1828 3177 ἑαυτοῦλκαθάρσεως

1940 3102 2214 3158 liensibilis
2239 3102 2327 3157 ille
2355 3102 2711 3171 concipiatur.
2749 3101 2933 3172 Neque
2957 3102 3099 3157 enim
3130 3104 3285 3159 aliter
3315 3108 3513 3160 terreni

254 3191 521 3252 ἕκαστος·
577 3191 627 3241 οἱ
679 3188 735 3241 δὲ
768 3190 859 3242 καὶ
888 3191 1233 3243 παντάπασιν
1283 3190 1703 3261 ἀπεληλαμένοι,
1738 3192 1828 3244 καὶ

1935 3194 2176 3263 corporis
2219 3208 2283 3247 ac
2329 3193 2524 3248 mentis
2578 3194 2773 3247 vinctae
2820 3195 3095 3249 crassities
3127 3196 3292 3249 Deum
3332 3197 3515 3251 conci-

257 3284 430 3354 μόνης
464 3281 683 3335 ἀκούειν
734 3281 835 3350 τῆς
889 3282 1094 3337 ἄνωθεν
1133 3282 1324 3353 φωνῆς’
1369 3282 1828 3354 συγχωρούμενοι,

1936 3300 2065 3354 pere
2114 3292 2311 3354 potest,
2356 3284 2459 3338 nisi
2506 3284 2763 3339 divinitus
2796 3284 3094 3353 adjuvetur.
3131 3285 3283 3341 Tunc
3330 3287 3512 3357 igitur,

254 3374 373 3427 ὅσοι
427 3372 713 3444 θηριώδεις
760 3374 851 3425 τὸν
910 3374 1131 3443 τρόπον,
1190 3374 1284 3428 καὶ
1330 3373 1486 3427 θείων
1521 3374 1828 3444 μυστηρίων

1936 3391 2040 3430 non
2061 3377 2246 3429 eodem
2280 3385 2421 3429 statu
2452 3386 2617 3445 atque
2646 3376 2835 3429 ordine
2865 3391 3051 3430 omnes
3084 3378 3270 3445 dignos
3296 3377 3505 3432 habitos

253 3464 486 3529 ἀνάξιοι.
1938 3464 2104 3520 fuisse
2135 3474 2384 3531 constat;
2418 3480 2607 3519 verum
2641 3465 2784 3520 hunc
2814 3467 2935 3532 alio,
2968 3466 3114 3521 illum
3147 3468 3508 3530 alio,runutn-

254 3578 550 3633 quemque,
588 3572 647 3618 ut
674 3564 885 3633 opinor,
948 3580 1044 3632 pro
1087 3564 1421 3635 purgationis
1478 3578 1589 3617 sua:
1623 3564 1778 3617 modo
1810 3577 1870 3617 ac
1912 3565 2136 3620 ratione.
2192 3564 2418 3632 Quidam
2467 3563 2633 3636 854
2681 3564 2842 3619 etiam
2892 3578 3110 3632 prorsus
3171 3565 3513 3630 arcebantur,

260 3658 504 3727 ipsisque
542 3658 690 3711 vocis
718 3673 781 3712 ex
826 3656 935 3711 alto
965 3657 1225 3710 duntaxat
1270 3654 1549 3708 audienda:
1628 3663 1867 3722 potestas
1938 3654 2120 3724 ﬁebat,
2165 3656 2416 3710 nimirum
2468 3656 2554 3721 iis,
2606 3656 2697 3725 qui
2744 3654 2989 3711 belluinis
3043 3664 3199 3710 erant
3248 3656 3508 3723 moribus,

257 3754 568 3821 divinisque
602 3752 876 3823 mysteriis
914 3751 1139 3821 indigni.

326 3849 429 3903 IB'.
450 3848 641 3918 Ὅμως
656 3848 711 3899 δὲ
738 3848 908 3918 μέσην
929 3842 1231 3916 χωροῦντες
1252 3842 1412 3913 ἡμεῖς
1441 3840 1549 3895 τῶν
1575 3858 1635 3894 τε
1666 3842 1828 3896 πάνττ

2008 3838 2121 3893 XII.
2163 3836 2271 3891 Nos
2306 3846 2484 3890 tamen
2518 3836 2688 3889 media
2725 3834 2955 3904 quadam
2988 3835 3069 3888 via
3104 3835 3243 3887 inter
3266 3848 3378 3897 eos,
3411 3832 3504 3901 qui

257 3941 582 4012 παχυτέρων
620 3939 717 4010 τὴν
771 3940 1026 4005 διάνοιαν,
1086 3937 1181 3990 καὶ
1239 3936 1348 3989 τῶν
1402 3935 1541 4003 ἄγαν
1576 3934 1828 4006 θεωρητι-

1940 3930 2213 3986 crassiore
2249 3926 2469 3981 omnino
2501 3926 2719 3997 ingenio
2755 3934 2899 3992 sunt,
2946 3934 3001 3979 et
3049 3940 3160 3987 cos,
3210 3926 3299 3992 qui
3348 3926 3514 3978 nimio

256 4032 371 4087 κῶν
404 4031 517 4105 (28)
549 4050 609 4085 τε
638 4034 732 4086 καὶ
758 4032 1101 4102 ἀνηγμένων,
1132 4030 1223 4084 ἴνα
1259 4030 1392 4099 μήτε
1424 4028 1702 4091 παντελῶς
1737 4029 1828 4120 ἀρέ

1935 4020 2410 4090 contemplationis
2440 4027 2497 4073 et
2524 4019 2799 4089 anagogize
2822 4017 2998 4073 studio
3037 4018 3328 4097 ducuntur,
3368 4017 3511 4069 ince-

256 4124 345 4193 γοὶ
387 4124 482 4177 καί¹
526 4123 771 4195 ἀκίνητοι
824 4123 1093 4193 μένωμεν,
1131 4121 1268 4192 μήτε
1300 4118 1706 4190 περιεργότεροι
1743 4119 1828 4172 τοῐ

1936 4116 2141 4176 dentes,
2199 4120 2257 4165 ut
2308 4126 2406 4166 nec
2438 4125 2659 4180 prorsus
2698 4109 2897 4163 inertes
2943 4124 3008 4163 ac
3053 4108 3246 4176 torpidi
3290 4118 3511 4159 manea-

258 4214 472 4278 δέοντος
504 4209 673 4283 ὦμεν,
707 4215 799 4267 καὶ
853 4213 961 4265 τῶν
1008 4210 1381 4283 προκειμένων
1417 4210 1681 4263 ἑκπτωτοι
1734 4211 1825 4262 καὶ

1935 4223 2072 4271 mus,
2118 4220 2217 4260 nec
2260 4219 2446 4258 rursus
2492 4202 2815 4256 curiosiores
2857 4201 3060 4264 simus,
3097 4214 3255 4268 quam
3295 4212 3393 4267 par
3419 4201 3512 4264 sit,

258 4308 529 4377 ἀλλότριοι
556 4306 637 4368 (τὸ
663 4306 760 4376 μὲν
790 4304 896 4376 γὰρ
938 4302 1223 4355 Ἰουδαϊκόν
1271 4318 1388 4363 πως
1422 4299 1514 4352 καὶ
1558 4300 1828 4365 ταπεινὸν,

1934 4309 2095 4366 atque
2126 4311 2153 4349 a
2200 4293 2477 4364 proposito
2516 4300 2837 4362 argumento
2868 4289 3184 4344 excidamus
3231 4295 3284 4339 et
3310 4300 3505 4356 evage-

257 4398 318 4451 τὸ
346 4398 404 4451 δὲ
427 4376 869 4467 όνειροκριτικον,
897 4394 989 4446 καὶ
1016 4392 1212 4463 ὁμοίως
1246 4390 1529 4461 ἀμφότερα
1557 4408 1828 4459 scateva-

1934 4404 2052 4443 mur
2124 4386 2380 4457 (alterum
2444 4383 2586 4437 enim
2663 4379 2946 4435 Iudaicum
3002 4376 3398 4447 quodammodo
3454 4382 3509 4428 et

1932 4480 2219 4548 abiectum,
2247 4478 2477 4531 alterum
2507 4475 2746 4542 ineptum
2774 4482 2828 4528 et
2851 4472 3181 4526 somniorum
3204 4472 3508 4537 coniectore

1931 4571 2147 4640 dignum
2204 4576 2306 4632 est,
2360 4580 2424 4619 ac
2457 4573 2745 4632 utrumque
2805 4577 2987 4632 parem
3029 4558 3501 4629 reprehensionem

1933 4655 2225 4727 meretur);
2255 4656 2320 4710 ad
2353 4655 2495 4709 hunc
2520 4653 2735 4709 modum
2766 4653 2829 4707 de
2860 4652 2942 4706 his
2974 4653 3153 4713 rebus,
3179 4662 3277 4719 pro
3306 4646 3497 4700 virium

261 4490 491 4559 σμένα)·
551 4487 694 4541 οὕτω
743 4487 869 4557 περὶ
917 4485 1120 4538 τούτων
1158 4481 1533 4552 διαλεξόμεθα,
1584 4481 1724 4535 κατά
1764 4483 1828 4534 τὸ

259 4578 390 4647 ἡμῖν
412 4576 655 4644 ἐφικτὸν,
688 4574 781 4627 καὶ
820 4574 880 4625 οὐ
914 4572 1031 4626 λίαν
1066 4571 1308 4635 ἔκτοπον,
1334 4570 1451 4622 οὐδὲ
1478 4573 1587 4633 τοῖς
1615 4570 1826 4633 πολλοῖς

258 4668 682 4734 καταγέλαστον,
725 4664 1032 4736 Ἠγούμεθα
1056 4664 1165 4734 (29)
1200 4662 1328 4733 γάρ,
1352 4662 1534 4733 ἐπειδὴ
1566 4662 1828 4725 πεσόντας

328 4807 373 4838 ¹¹
404 4805 586 4861 (Solos.
614 4820 674 4869 ll,
714 4802 802 4857 l7.
880 4801 925 4831 ”
953 4800 1119 4855 Exod.
1151 4815 1278 4866 xxv,
1308 4798 1394 4852 40.

325 4942 440 5012 (21)
481 4937 800 5009 Χαμερπῶς
828 4937 1073 5012 sedetur.
1119 4934 1398 5012 SicARegg.
1438 4933 1550 5012 _bm,
1588 4933 1679 5012 ph,
1714 4932 1832 5012 alii—

255 5002 359 5083 que
391 5002 592 5083 plures,
630 5002 822 5083 decent
844 5008 1017 5067 Cum,
1048 5002 1567 5083 etc._l)_eest3:_ot31:wv_
1594 5003 1760 5083 in_ed.

329 5074 443 5149 (22)
485 5083 590 5145 ΕἸς
635 5078 894 5141 λεπτόν,
934 5089 1038 5130 etc.
1094 5075 1454 5149 «Ablitttttatittt
1504 5075 1568 5125 ad
1626 5074 1833 5149 singula

257 5144 667 5207 dest-enitentes.
701 5169 719 5200 ι
753 5149 935 5200 Bdlius
964 5168 973 5201 :
1012 5165 1028 5195 ι
1066 5146 1331 5199 subtiliter
1362 5146 1424 5197 ad
1451 5158 1511 5197 ea
1535 5144 1714 5196 omnia
1743 5144 1835 5197 de-

268 5222 606 5276 scendentes.
653 5238 670 5269 ι

331 5290 443 5360 (25)
484 5288 744 5357 Μέτρων.
808 5306 826 5338 ι
862 5286 937 5341 De
991 5286 1276 5349 mensuris,
1323 5281 1770 5337 dimensionibns.
1810 5301 1829 5334 ι

260 5359 378 5413 Bill.
411 5382 423 5414 :
454 5380 472 5410 ι
500 5361 566 5410 de
601 5362 775 5411 modo.
809 5376 828 5408 ι

330 5429 443 5501 (24)
499 5426 949 5497 Ἀφαιρεμάτων.
1000 5444 1017 5473 ι
1064 5424 1155 5501 pe
1179 5421 1455 5476 subductis
1502 5421 1838 5475 victimarum

220 5496 233 5537 ί
261 5493 613 5573 partitins,_'et
646 5493 909 5573 sacerdoti
940 5493 1206 5573 ascriptis.
1235 5512 1260 5573 ἐ

330 5569 441 5639 (25)
488 5572 529 5620 Τ
530 5566 621 5639 ἧς.
653 5567 706 5619 In
737 5568 1078 5639 quibusdam,
1202 5564 1316 5639 τῆς.

331 5634 449 5709 (26)
487 5637 791 5709 Κάτωρεν,
822 5636 875 5690 1η
912 5634 1201 5709 nonnullis,
1234 5634 1402 5709 κάτω.
1614 5699 1647 5709 Λ
1696 5699 1706 5709 ⁸

332 5698 442 5779 (27)
488 5705 685 5775 Gram]
717 5708 917 5776 φύσει.
955 5722 972 5755 ι
1004 5705 1047 5756 Α
1081 5703 1290 5758 mortali
1322 5713 1529 5757 natura.
1561 5721 1578 5753 ›
1609 5698 1837 5765 Quidam

1935 4930 2112 4989 codd”
2149 4926 2379 4997 γεννητῇ
2424 4922 2603 4993 φύσει,
2642 4939 2661 4973 ι
2702 4935 2730 4975 a
2761 4928 2935 4975 creata
2967 4926 3174 4972 natura.
3207 4933 3224 4967 ι
3267 4912 3356 4968 Sic
3386 4912 3511 4985 legit

2001 4999 2140 5049 llius.

1933 4999 2341 5137 [illailia/trav
2387 5060 2772 5137 θεωρητικῶν,
2820 5068 2927 5137 ech.
2966 5052 3514 5137 (Ioniibeﬁsiushlitt-uc

1934 5123 2109 5190 loenni
2149 5152 2214 5189 ex
2235 5123 2446 5188 'Budmo
2481 5123 2569 5189 s'ic'
2589 5123 2765 5206 reddit
2791 5148 2857 5206 ξι
2889 5128 2988 5206 Qui
3026 5126 3174 5179 valde
3205 5123 3512 5206 spirituales

1939 5218 2085 5271 sunt,
2143 5207 2490 5274 proveclique
2525 5201 2713 5260 animi,
2769 5199 3059 5254 altissimos
3111 5212 3174 5250 ex
3214 5196 3510 5261 Scripturis

1935 5291 2126 5333 sensus
2155 5276 2394 5329 eliciunt.
2436 5293 2453 5323 ι

2011 5346 2143 5419 (2θ)
2170 5345 2505 5419 Ὴγούμεθοι3
2538 5349 2644 5419 etc.
2683 5338 2970 5419 «.Dillicilis
2997 5346 3050 5392 et
3092 5336 3401 5419 obscura,i_
3415 5345 3514 5419 ..ξιι-

1938 5410 2054 5487 quit
2087 5410 2377 5487 Nicetas,_'c
2416 5411 2601 5487 hujus‘
2632 5410 2731 5465 laci
2789 5410 3001 5487 videtur
3048 5420 3169 5487 esse
3220 5410 3513 5487 sententia,

1937 5470 2059 5554 quia
2111 5485 2283 5552 longis
2310 5470 2656 5554 hyperbatis
2686 5479 2905 5554 concisa
2950 5491 3035 5554 est
3083 5477 3192 5528 haec
3242 5470 3513 5554 periodus.

1939 5536 2328 5610 illiilliciiatftem
2376 5536 2831 5621 's'ensunvltabet.
2866 5536 3265 5621 Existitnannts,
3324 5536 3517 5621 inquit,

1937 5609 2188 5696 quoniam
2247 5635 2414 5696 usque
2460 5621 2525 5673 ad
2575 5619 2927 5696 idololatriam
2959 5613 3188 5696 prolapsi
3220 5609 3515 5696 fueramus,

1938 5676 2363 5765 Jttiue’étcuaii
2394 5705 2490 5747 nos
2518 5689 2753 5759 erigique
2794 5676 3332 5757 Oportebat,iidcirco
3360 5676 3519 5733 nobis
