4100 6276
578 228 686 289 659

1826 223 1883 279 S.
1922 222 2251 282 GREGORII
2291 226 2636 283 TIIEOLOGI

3726 227 3845 281 6ἱο

581 352 887 399 nostrarum
915 339 1149 404 modulo,
1187 352 1290 393 non
1327 334 1488 391 nimis
1528 336 1760 392 absurde
1787 351 1888 393 nec
1933 338 2158 395 ridicule

2268 342 2411 412 ἡμᾶς
2434 344 2500 395 ὲκ
2522 344 2621 412 τῆς
2651 340 2925 412 ἁμαρτίας
2944 338 3006 390 τὸ
3032 338 3128 392 ἀπ’
3154 336 3348 407 ἀρχῆς,
3371 338 3464 390 κα).
3481 336 3565 389 διὰ
3591 336 3690 407 τῆς
3722 340 3850 409 ἡδο.

581 437 930 491 disseremus.
981 432 1054 486 Ita
1083 432 1227 487 enim
1257 430 1635 487 existimamus
1670 447 1685 484 :
1720 432 2157 502 quandoquidem

582 541 682 581 nos
724 540 818 595 per
856 532 1134 594 peccatum
1183 522 1251 576 ab
1285 522 1441 576 initio
1474 521 1633 591 lapsi,
1662 532 1825 592 atque
1869 524 2160 593 voluptatis

584 616 828 671 illecebra
882 629 1050 684 usque
1102 615 1168 668 ad
1220 613 1487 668 idolorum
1544 613 1745 668 cultum
1810 630 1874 669 ac
1924 615 2160 673 nefarios

584 722 807 763 cruores
839 708 1079 774 subrepti
1115 706 1408 772 fueramus,
1430 720 1527 773 per
1550 706 1756 761 viscera
1781 706 2162 762 misericordiae

589 801 680 855 Dei
728 799 905 854 Patris
940 801 1134 856 nostri.
1188 797 1277 867 qui
1330 797 1584 863 hominis,
1636 798 1767 852 tanti
1813 813 2004 853 manus
2052 814 2161 854 suae

586 892 807 963 opiﬁcii,
829 893 1099 962 jacturam
1145 890 1322 947 facere
1364 905 1470 944 non
1499 890 1779 955 sustinuit,
1828 891 2070 944 revocari
2098 906 2161 946 ac

587 985 641 1039 in
692 984 977 1054 pristinum
1040 992 1240 1037 statum
1288 981 1503 1036 restitui
1557 982 1858 1050 oportebat.
1910 980 2156 1048 Quonam

588 1075 752 1144 igitur
778 1084 935 1144 pacto
981 1073 1129 1127 illum
1172 1071 1480 1135 reformari,
1520 1070 1718 1139 quidve
1765 1070 1912 1125 ﬁeri?
1960 1070 2161 1142 Negligi

589 1166 803 1234 quidem
841 1166 1107 1219 acriorem
1140 1162 1489 1228 medicinam,
1513 1170 1698 1230 utpote
1735 1162 1801 1215 ad
1830 1163 2161 1230 persuaden-

586 1254 712 1310 dum
769 1255 945 1310 minus
1005 1255 1274 1319 idoneam,
1338 1262 1392 1307 et
1435 1268 1573 1322 quae,
1638 1250 1707 1306 ob
1771 1251 2160 1308 diuturniorem

588 1346 754 1400 animi
804 1355 1088 1409 tumorem,
1140 1357 1418 1399 exerceare
1468 1343 1659 1413 possit,
1705 1342 1809 1396 leni
1871 1353 2049 1397 autem
2099 1358 2162 1399 ac

588 1435 821 1505 benigno
856 1432 1212 1487 medicamine
1245 1432 1547 1501 procurari,
1588 1438 1646 1484 ut
1694 1432 2011 1501 erigerctur.
2055 1430 2162 1486 Ne-

587 1540 693 1594 que
723 1523 866 1579 enim
901 1522 1133 1590 plantam
1162 1522 1438 1576 incurvam
1462 1560 1479 1587 ,
1522 1522 1754 1577 subitam
1802 1521 2160 1590 inﬂexionem,

588 1630 885 1685 manusque
907 1615 1160 1685 erigentis
1181 1614 1485 1669 violentiam
1509 1614 1651 1669 ferre
1693 1614 1793 1685 (sic
1821 1615 1963 1669 enim
1987 1615 2164 1685 potius

588 1705 728 1771 fore,
751 1715 807 1760 ut
840 1705 1063 1759 laedatur
1091 1713 1255 1773 atque
1297 1703 1643 1774 infringatur,
1693 1720 1853 1772 quant
1893 1716 1950 1759 ut
1979 1707 2160 1777 eriga-
2195 1692 2234 1748 Β

592 1796 727 1864 tur),
748 1812 846 1852 nec
870 1812 1065 1865 equum
1093 1795 1463 1865 prmferocem,
1489 1795 1678 1865 acjatn
1707 1805 1865 1851 relate
1885 1796 2160 1866 aliquanto

589 1889 1021 1958 provectiorem,
1085 1886 1219 1941 freni
1283 1886 1622 1956 tyrannidem
1705 1886 1983 1958 perferre,
2060 1888 2160 1942 nisi

589 1981 782 2037 blanda
818 1979 1047 2050 quadam
1077 1988 1131 2033 et
1170 1977 1513 2033 adulabunda
1548 1994 1706 2032 manu
1746 1980 2158 2047 permulceatur.

589 2070 883 2139 Propterea
914 2068 1085 2130 nobis,
1141 2068 1432 2137 adjumenti
1468 2083 1654 2132 causa,
1692 2067 1775 2122 lex
1804 2067 1986 2138 datur,
2018 2070 2162 2124 velut

591 2160 823 2215 maceria
862 2163 1128 2229 quaedam,
1181 2158 1320 2212 inter
1366 2158 1531 2211 Deum
1587 2168 1748 2227 atque
1800 2158 1939 2212 idola
1995 2161 2163 2214 inter-

2260 433 2356 503 νῆς
2386 431 2693 497 κλαπέντας
2734 432 2925 502 μέχρις
2965 426 3423 499 είδωλολατρείας,
3452 430 3545 483 καὶ
3577 429 3683 483 τῶν
3707 431 3849 485 ἀθέ-

2262 539 2416 593 σμων
2450 524 2722 594 αἱμάτων,
2751 521 2857 574 ἔδει
2881 520 3043 574 πάλιν
3066 520 3450 591 ἀνακληθῆναι,
3480 520 3731 591 καὶπρὸς
3775 522 3851 575 τὸ

2263 614 2490 683 ἀρχαῖον
2550 611 2921 681 ἐπαναχθῆναι
2947 652 2961 675 ,
3019 611 3107 663 διὰ
3161 610 3443 680 σπλάγχνα
3492 610 3672 675 ἐλέους
3699 611 3848 664 Θεοῦ

2260 704 2477 775 Πατρδς
2504 702 2681 775 ἡμῶν,
2704 704 2805 755 οὑκ
2825 703 3192 773 ἀνασχομένου
3218 701 3556 773 ζημιωθῆναι
3583 702 3850 757 τοσοῦτον

2261 796 2424 867 ἔργον
2474 795 2575 864 τῆς
2609 794 2816 857 οἰκείας
2863 796 3045 867 χειρὸς
3076 794 3166 847 τὸν
3213 794 3517 866 ἄνθρωπον.
3562 796 3688 859 Πῶς
3742 793 3851 850 οὖν

2261 885 2697 956 ἀναπλασθῆναι,
2729 886 2819 939 καὶ
2853 886 2906 938 τί
2944 885 3230 953 γενέσθαι;
3268 886 3339 939 Τὸ
3364 889 3461 957 μὲν
3486 889 3708 959 σφοδρὸν
3734 890 3851 959 τῆς

2266 976 2508 1047 ἰατρείας
2543 977 2654 1047 (50)
2689 975 3209 1046 ἀποδοκιμασθῆναι,
3247 977 3322 1040 ὼς
3350 976 3472 1030 οὔτε
3501 981 3707 1042 πείσον,
3741 981 3851 1032 καὶ

2262 1067 2603 1140 προσπλῆξαι
2631 1068 2947 1137 δυνάμενον,
2982 1066 3068 1120 διὰ
3093 1066 3191 1137 τὴν
3208 1069 3272 1120 ὲκ
3292 1067 3385 1120 τοῦ
3413 1069 3605 1138 χρόνου
3631 1068 3849 1137 φυσίω-

2263 1176 2371 1222 σιν,
2404 1158 2484 1229 τῷ
2515 1159 2571 1212 δὲ
2612 1158 2805 1229 ἡμέρῳ
2838 1159 2933 1211 καὶ
2974 1155 3340 1229 φιλανθρώπῳ
3385 1159 3483 1227 τῆς
3541 1159 3849 1229 Θεραπείας

2262 1250 2687 1321 οἰκονομηθῆναι
2720 1249 2856 1321 πρὸς
2899 1249 3288 1319 ἐπανόρθωσιν,
3321 1248 3470 1319 Μηδὲ
3494 1250 3599 1320 γὰρ
3628 1249 3693 1302 ἂν
3722 1250 3845 1321 (51)

2264 1340 2497 1412 πτόρθον
2546 1340 2695 1408 λοξὸν
2753 1343 2996 1409 ἐνεγκεῖν
3023 1339 3224 1411 ἁθρόαν
3255 1340 3568 1410 μετάκλισιν
3599 1341 3709 1411 (52)
3740 1342 3850 1397 καὶ

2266 1431 2386 1502 βίαν
2413 1430 2595 1502 χειρὸς
2628 1429 3039 1500 ἀπευθυνούσης
3077 1430 3292 1499 (θᾶττον
3334 1432 3432 1502 μέν
3453 1431 3498 1484 τ’
3530 1431 3595 1484 ἂν
3620 1432 3849 1502 πληγῆ-

2264 1540 2372 1588 ναι,
2396 1522 2429 1593 ἢ
2459 1521 2809 1592 ὀρθωθῆναι),
2836 1523 2974 1593 μήτε
2999 1522 3163 1575 ἵππον
3181 1522 3296 1593 (55)
3316 1522 3516 1594 θερμὸν
3544 1523 3637 1576 καὶ
3670 1525 3852 1592 ὑπερ-

2265 1614 2430 1685 ήλικα
2469 1614 2689 1684 χαλινοῦ
2732 1613 3041 1684 τυραννίδα,
3079 1614 3201 1684 δίχα
3248 1607 3392 1677 τίνὺς
3430 1610 3720 1677 κολακείας
3745 1616 3851 1668 καὶ

2264 1705 2701 1775 ποππυσμάτων.
2741 1704 2840 1758 Διὰ
2859 1703 3016 1757 τοῦτο
3036 1704 3238 1757 δίδοται
3263 1704 3425 1775 νόμος
3453 1708 3581 1775 ἡμῖν
3611 1706 3692 1768 εἰς
3714 1704 3851 1776 βοῆ-

2266 1794 2437 1860 θειαν,
2466 1792 2577 1849 οἷόν
2596 1813 2646 1849 τι
2697 1796 3063 1867 διατείχισμα,
3107 1796 3268 1865 μέσον
3301 1794 3434 1849 Θεοῦ
3464 1797 3556 1848 καὶ
3583 1795 3846 1855 εἰδώλων.

2263 1885 2373 1940 τῶν
2408 1887 2507 1957 μὲν
2551 1886 2778 1955 ἀπάγων
2821 1889 2991 1956 ἡμᾶς,
3024 1876 3248 1965 πρῆὸςνδὲ
3282 1887 3370 1941 τὸν
3396 1887 3701 1955 ἐπανάγων.
3730 1886 3851 1940 Καὶ

2267 1980 2539 2049 συγχωρεί
2561 1996 2611 2032 τι
2647 1977 2841 2049 μικρὸν
2868 1980 2962 2032 ἀπ’
2992 1979 3189 2050 ἀρχῆς,
3221 1980 3309 2032 ἵνα
3339 1979 3400 2031 τὸ
3435 1980 3617 2049 μεῖζον
3674 1979 3847 2051 λάϐῃ.

2266 2069 2548 2141 Συγχωρεῖ
2600 2070 2699 2133 τὰς
2749 2069 2936 2133 θυσίας
2976 2071 3131 2135 τέως,
3175 2070 3243 2123 ἵν’
3290 2071 3672 2141 ὲγκαταστὴσῃ
3726 2071 3850 2140 (54)

2270 2160 2435 2213 Θεόν’
2471 2160 2683 2223 ἔπειτα,
2721 2160 2886 2232 ἡνίκα
2920 2161 3128 2232 καιρὸς,
3184 2161 3460 2237 καταλύσῃ
3483 2163 3701 2225 καὶτὰς
3748 2161 3854 2215 θυο

585 2251 839 2322 jecta,ab
870 2250 954 2305 bis
986 2250 1202 2319 quidem
1236 2264 1333 2304 nos
1367 2248 1662 2315 abducens,
1695 2248 1759 2303 ad
1794 2248 1939 2303 illum
1982 2257 2161 2306 autem

2272 2252 2415 2317 σίας,
2453 2251 2630 2320 σοφῶς
2678 2252 3028 2306 ὑπαλλάττων
3078 2254 3225 2323 ἡμᾶς
3268 2255 3389 2318 ταῖς
3442 2252 3583 2307 κατά
3644 2253 3850 2323 μικρὸν

593 2358 875 2398 revocans.
908 2344 983 2398 Ac
1008 2336 1280 2411 paululum
1319 2340 1576 2408 quiddam
1607 2342 1780 2409 primo
1813 2340 2069 2411 indulget,
2106 2352 2165 2396 ut

2272 2345 2587 2416 ὑφαιρέσεσι
2613 2343 2747 2413 (55),
2777 2343 2870 2396 καὶ
2907 2344 3156 2414 μετάγων
3179 2344 3272 2397 ἐπὶ
3291 2345 3351 2397 τὸ
3380 2343 3709 2413 Εὑαγγέλιον
3739 2343 3844 2414 ἤδη

594 2428 767 2498 majus
808 2427 1057 2495 accipiat.
1101 2424 1379 2480 Sacriﬁcia
1419 2428 1486 2479 ad
1540 2435 1749 2496 tempus
1795 2431 2066 2496 concedit,
2106 2443 2165 2487 ut

2270 2437 2754 2507 γεγυμνασμένους
2782 2436 2917 2507 πρὸς
2948 2434 3277 2491 εὐπείθειαν.

594 2523 760 2577 Deum
786 2523 839 2576 in
875 2521 1028 2576 nobis
1053 2521 1285 2588 inserat;
1330 2537 1394 2576 ac
1426 2531 1632 2591 postea,
1691 2537 1814 2577 cum
1878 2528 2217 2584 commodum
2258 2530 2440 2600 fuerit,
2475 2534 2589 2602 ipsa
2616 2548 2828 2601 quoque
2866 2530 3133 2588 sacriﬁcia
3167 2531 3233 2585 de
3277 2528 3453 2583 medio
3487 2528 3660 2592 tollat,
3703 2528 3849 2582 mira

594 2610 864 2680 sapientia
895 2624 993 2679 per
1020 2610 1213 2664 tacitas
1254 2610 1653 2666 subtractiones
1702 2612 1911 2669 animos
1980 2624 2195 2674 nostros
2231 2622 2431 2676 sensim
2486 2622 2798 2689 immutans,
2841 2622 3005 2694 855
3060 2632 3219 2692 atque
3251 2621 3318 2677 ad
3348 2620 3693 2692 Evangelium
3735 2630 3848 2675 tra-

595 2710 818 2768 ducens,
859 2706 972 2775 jam
1019 2706 1085 2761 ad
1114 2706 1471 2763 obediendum
1523 2710 1849 2766 exercitatos
1896 2720 1952 2769 et
1990 2716 2348 2775 assuefactos.

675 2797 812 2853 XIII.
847 2796 937 2853 Sic
968 2798 1128 2868 igitur
1155 2806 1328 2867 atque
1349 2798 1435 2853 bis
1471 2799 1540 2853 de
1589 2799 1788 2867 causis,
1831 2802 1920 2858 lex
1965 2806 2167 2877 scripta
2194 2814 2238 2871 ‘C

596 2889 898 2943 introducta
929 2898 1031 2954 est,
1079 2888 1145 2942 ad
1174 2888 1445 2959 Christum
1498 2905 1597 2945 nos
1645 2892 1913 2947 deducens
1953 2912 1967 2960 ;
2010 2903 2170 2965 atque

597 2981 735 3045 Itzrc,
762 2990 819 3035 ut
844 2995 960 3034 mea
986 2980 1092 3035 fert
1122 2982 1410 3046 sententia,
1455 2982 1844 3039 sacriﬁciorum
1888 2997 1969 3041 est
2008 2989 2166 3043 ratio.

602 3073 670 3128 Ut
700 3082 877 3126 autem
908 3073 1186 3143 sapientiae
1206 3072 1298 3128 Dei
1323 3073 1765 3143 profunditatem,
1785 3086 1947 3149 atque
1973 3080 2174 3151 imper-

597 3163 989 3233 vestigabilium
1034 3164 1201 3234 ipsius
1235 3164 1558 3233 iudiciorum
1610 3167 1827 3222 divitias
1863 3170 2155 3242 intelligas,

602 3268 668 3309 ne
692 3267 755 3309 ea
787 3253 1003 3322 quidem
1036 3256 1278 3325 mysterii
1320 3270 1544 3324 prorsus
1573 3258 1817 3327 expertia
1857 3269 1912 3314 et
1947 3261 2171 3330 inutilia,

597 3354 648 3402 et
702 3345 755 3401 in
801 3345 945 3399 nudo
985 3360 1048 3400 ac
1098 3347 1327 3417 simplici
1378 3351 1639 3420 sanguine
1685 3349 1861 3405 deﬁxa
1910 3352 2172 3421 reliquit:

599 3450 786 3491 verum
819 3451 1010 3507 magna
1037 3435 1145 3499 illa,
1172 3445 1247 3500 et,
1269 3447 1529 3505 quantum
1551 3439 1616 3494 ad
1646 3440 1873 3509 primam
1901 3450 2173 3509 naturam,

600 3527 1001 3592 immactabilis,
1033 3536 1089 3581 ut
1110 3527 1182 3581 ita
1209 3528 1421 3596 loquar,
1444 3529 1687 3594 victima,
1717 3530 1979 3601 legalibus
2003 3534 2175 3587 sacri-

603 3619 739 3673 ﬁciis
805 3618 1039 3672 imtnista
1102 3628 1215 3682 est;
1279 3619 1409 3684 illa,
1478 3620 1738 3688 inquam,
1809 3637 1911 3675 non
1969 3623 2176 3693 exigua

602 3708 879 3779 cujusdam
932 3710 1100 3779 partis
1149 3710 1297 3766 orbis
1329 3720 1618 3774 terrarum,
1663 3727 1765 3768 nec
1811 3714 1876 3767 ad
1924 3716 2175 3786 exiguum

603 3808 836 3866 tempus,
893 3800 985 3853 sed
1041 3800 1202 3853 totius
1236 3801 1418 3853 mundi
1464 3816 1737 3869 nunquam
1773 3804 2177 3860 intermoritura

602 3886 855 3954 expiatio.
886 3886 1114 3941 Proinde
1135 3902 1304 3956 agnus
1326 3888 1538 3956 quidem
1572 3890 1839 3959 accipitur
1866 3891 1931 3959 “,
1962 3905 2177 3963 propter

604 3979 969 4036 innocentiam
994 3980 1299 4048 veterisque
1327 3980 1585 4036 nuditatis
1609 3984 2002 4040 indumentum.
2033 3986 2178 4042 Talis

608 4073 754 4127 enim
800 4082 882 4127 est
914 4072 1128 4128 victima
1171 4074 1256 4127 illa
1302 4090 1398 4137 pro
1428 4073 1583 4128 nobis
1631 4089 1789 4143 caesa,
1834 4092 1953 4146 quae
1996 4077 2177 4134 incor-

2353 2808 2451 2865 II".
2485 2811 2642 2865 Οὕτω
2672 2812 2769 2883 μὲν
2798 2807 2892 2866 οὖν
2918 2812 3012 2866 καὶ
3034 2810 3123 2864 διὰ
3147 2809 3342 2875 ταῦτα,
3372 2807 3616 2878 εἰσῆλθεν
3644 2809 3673 2861 ὁ
3708 2825 3852 2879 γρα-

2272 2900 2404 2965 πτδς
2434 2903 2615 2973 νόμος,
2651 2905 2899 2972 συνάγων
2944 2904 3090 2974 ἡμᾶς
3136 2903 3215 2965 εἰς
3252 2900 3507 2971 Χριστὸν,
3548 2900 3641 2952 κα)⁵
3689 2893 3850 2964 οὗτος

2269 2991 2378 3044 τῶν
2405 2992 2601 3047 θυσιῶν
2633 2994 2661 3046 ὁ
2686 2993 2863 3063 λόγος,
2911 2994 2984 3058 ὼς
3011 2996 3038 3047 ὁ
3067 2993 3197 3062 ἐμὸς
3225 2992 3381 3060 λόγος
3410 2991 3541 3061 (56).
3583 2991 3670 3054 Ὠς
3691 2988 3759 3044 ἂν
3789 2991 3851 3044 δὲ

2270 3080 2331 3133 τὸ
2363 3082 2459 3153 τῆς
2482 3084 2671 3152 σοφίας
2702 3085 2865 3155 βάθος
2884 3086 2959 3155 μὴ
2978 3086 3145 3155 ἀγνοῇ
3155 3101 3201 3147 ς,
3238 3084 3333 3136 καὶ
3357 3083 3448 3135 τὸν
3473 3080 3699 3134 πλοῦτον
3736 3081 3851 3135 τῶν

2272 3172 2693 3245 ἀνεξιχνιάστων
2740 3176 2907 3230 αὑτοῦ
2936 3176 3239 3247 χριμάτων,
3272 3173 3393 3227 οὐδὲ
3419 3172 3618 3235 ταύτας
3652 3189 3854 3225 παντε-

2272 3259 2378 3325 λῶς
2420 3262 2670 3335 ἀνιέρους
2725 3265 2956 3336 ἀφῆκεν,
2991 3264 3111 3317 οὐδὲ
3143 3262 3472 3328 ἀσυντελεῖς,
3505 3263 3625 3315 οὐδὲ
3682 3262 3849 3333 μέχρι

2272 3349 2428 3420 ψιλοῦ
2465 3352 2758 3423 προϊούσας
2782 3352 2874 3406 τοῦ
2910 3353 3140 3423 αἵματος
3165 3368 3180 3384 ο
3205 3351 3340 3405 ἀλλά
3366 3351 3428 3404 τὸ
3459 3351 3598 3421 μέγα
3624 3352 3735 3421 (57)
3755 3353 3855 3404 καὶ

2273 3441 2467 3495 ἄθυτον
2499 3444 2711 3513 ἱερεῖον,
2750 3444 2815 3497 ἵν’
2856 3442 3027 3504 οὕτως
3058 3442 3217 3506 εἴπω,
3266 3443 3390 3495 ὅσον
3437 3442 3529 3494 ἐπὶ
3556 3444 3623 3513 τῇ
3655 3441 3852 3512 πρώτῃ

2275 3532 2452 3600 φύσει,
2486 3536 2605 3597 ταῖς
2634 3538 2882 3605 νομικαῖς
2912 3534 3121 3599 θυσίαις
3148 3533 3643 3605 ἐγκαταμέμικται.
3664 3533 3758 3586 καὶ
3789 3535 3851 3585 οὐ

2280 3623 2475 3694 μικροῦ
2528 3625 2726 3696 μέρους
2760 3626 2857 3696 τῆς
2889 3627 3235 3697 οἰκουμένης,
3262 3625 3385 3679 οὐδὲ
3441 3625 3577 3695 πρὸς
3633 3626 3851 3693 ὀλίγον,

2276 3714 2411 3767 ἀλλὰ
2440 3714 2638 3777 παντὸς
2666 3714 2759 3767 τοῦ
2791 3715 2993 3785 κόσμου
3024 3717 3118 3769 καὶ
3165 3714 3470 3780 διαιωνίζον
3525 3715 3851 3785 καθάρσιον.

2277 3804 2375 3855 Διά
2422 3804 2532 3875 (58)
2563 3805 2721 3857 τοῦτο
2771 3792 3106 3877 λαμϐάνεται
3159 3806 3427 3877 πρόϐατον
3478 3806 3606 3877 μὲν,
3638 3805 3725 3858 διὰ
3751 3805 3854 3875 τὴν

2276 3894 2530 3958 ἀκακίαν,
2582 3896 2675 3949 καὶ
2728 3897 2788 3950 τὸ
2834 3896 3037 3968 ἔνδυμα
3097 3898 3195 3967 τῆς
3228 3899 3461 3969 ἀρχαίας
3494 3897 3849 3968 γυμνώσεως.

2278 3985 2527 4039 Τοιοῦτον
2553 3986 2662 4057 γὰρ
2690 3987 2752 4040 τὸ
2784 3988 2923 4059 ὑπὲρ
2955 3988 3112 4059 ἡμῶν
3146 3990 3393 4057 σφάγιον,
3423 3989 3623 4058 ἔνδυμα
3642 3988 3854 4061 ἀφθαρ-

2280 4078 2421 4143 σίας,
2454 4081 2547 4133 καὶ
2572 4080 2653 4143 ὃν,
2681 4082 2775 4134 καὶ
2799 4080 2908 4151 (59)
2941 4081 3291 4151 καλούμενον.
3321 4082 3535 4135 Τέλειον
3554 4081 3633 4145 δὲ,
3662 4082 3721 4133 οὗ
3764 4081 3856 4134 διὰ

611 4162 872 4233 ruptionis
932 4164 1321 4233 indumentum,
1378 4176 1436 4221 ut
1493 4181 1679 4222 revera
1726 4176 1828 4235 est,
1866 4169 2172 4238 appellatur.

2285 4171 2383 4242 τὴν
2408 4171 2637 4227 θεότητα
2665 4174 2845 4243 μόνον,
2893 4169 2961 4244 ἧς
3001 4174 3151 4227 οὐδὲν
3175 4174 3500 4245 τελεώτερον
3553 4174 3687 4246 (40),
3715 4172 3854 4227 ἀλλά

684 4326 911 4383 "Exod.
934 4342 1034 4394 xu,
1075 4326 1109 4382 5
1138 4343 1258 4398 sqq.

606 4451 842 4497 veterem
889 4441 1059 4512 legem
1121 4442 1300 4513 datam
1340 4457 1481 4507 esse,
1525 4458 1649 4499 cum
1696 4445 1800 4499 alia
1843 4443 2007 4499 multa
2037 4458 2175 4513 prte~

606 4523 779 4580 cepta,
814 4511 1059 4579 quaa’nos
1091 4514 1157 4565 ab
1185 4511 1446 4567 idolorum
1474 4515 1618 4570 cultu
1649 4515 2002 4579 abducebant,
2029 4511 2178 4567 com-

607 4584 951 4651 plectentetn,
1005 4594 1114 4633 tum
1173 4596 1233 4635 ea
1287 4583 1473 4650 etiam,
1522 4600 1641 4650 qua
1693 4586 1758 4645 ad
1789 4586 2176 4640 sacriﬁciorum

607 4652 867 4705 rationem
906 4650 1265 4722 pertinebant,
1305 4670 1323 4703 ι
1364 4663 1471 4722 etc.
1513 4652 1652 4709 Billii
1682 4671 1808 4709 vero
1856 4657 2179 4722 interpreta-

612 4722 755 4775 tione
778 4721 958 4790 omnia
994 4721 1379 4775 disturbautur.
1414 4720 1504 4776 Sic
1534 4724 1678 4777 enim
1709 4725 1869 4779 vertit
1897 4742 1911 4779 :
1948 4744 1967 4775 ι
1999 4720 2180 4790 Quan-

608 4788 894 4857 doquidem
921 4790 1063 4862 enim
1100 4804 1217 4853 nos,
1254 4791 1321 4843 ab
1358 4791 1513 4862 initio
1542 4807 1638 4860 per
1671 4806 1950 4862 peccatum
1980 4788 2177 4862 lapsos.

610 4867 771 4927 atque
805 4872 833 4910 a
871 4858 1139 4926 voluptate
1170 4873 1339 4927 usque
1374 4860 1438 4914 ad
1470 4858 1729 4916 idolorum
1756 4864 1956 4918 cultum
1987 4858 2049 4916 ac
2082 4881 2175 4919 ne-

612 4926 778 5003 farios
803 4942 1043 5003 cruores,
1085 4926 1365 5003 subreptos
1379 4938 1450 5003 _et
1478 4932 1934 5003 circutnscriptos,
1963 4943 2181 5001 propter

612 4998 819 5050 viscera
844 4998 1225 5068 misericordia:
1262 5001 1351 5053 Dei
1379 4998 1558 5057 Patris
1598 4998 2177 5068 nostri,'tanti'manus

611 5066 961 5147 suaropiﬁgcii,
1000 5067 1098 5120 hoc
1129 5078 1231 5147 est,
1270 5070 1525 5147 hominis,
1553 5066 1817 5138 jacturant
1860 5071 2038 5127 Iacere
2075 5088 2179 5125 tton

611 5140 945 5199 sustinentis,
976 5140 1245 5201 revocari,
1283 5145 1443 5207 atque
1482 5140 1534 5193 itt
1576 5151 1808 5195 veterem
1852 5152 2049 5197 statum
2091 5157 2178 5195 re-

613 5207 761 5287 ξιξιυὶ
786 5207 1091 5287 oportebat,
1123 5207 1261 5287 hanc
1296 5209 1350 5261 in
1399 5223 1463 5263 eo
1515 5212 1866 5287 instauranda
1914 5212 2177 5265 rationem

616 5278 802 5350 initam
835 5290 972 5350 esse
1009 5278 1397 5350 existimamus,
1425 5290 1526 5350 Διιι,
1562 5282 1772 5336 acriore
1821 5291 1981 5350 atque
2021 5297 2177 5349 aspe-

616 5347 757 5419 riore
785 5346 1044 5419 medicina
1082 5346 1377 5416 improbata
1414 5346 1493 5417 (ut
1537 5366 1655 5419 quae
1683 5366 1788 5405 non
1827 5346 1981 5406 modo
2024 5346 2179 5405 ﬁdem

615 5413 841 5489 fat-tura,
883 5417 1000 5479 sed,
1031 5413 1251 5489 propter
1294 5413 1625 5473 contractum
1672 5425 1928 5489 temporis
1971 5422 2181 5475 diutur-

615 5486 786 5539 nitate
819 5496 1105 5551 tumorem,
1149 5486 1381 5543 lortasse
1421 5489 1585 5543 etiam
1627 5486 1872 5544 morbum
1904 5491 2182 5545 exulcera-

617 5562 736 5637 tura
763 5555 949 5637 esset),
990 5555 1096 5610 leni
1132 5570 1195 5611 ac
1224 5556 1362 5612 facili
1381 5558 1764 5637 medicamenti
1784 5574 1978 5628 genere
2018 5561 2181 5629 ipsius

617 5630 986 5694 resipiscentia
1015 5637 1392 5695 procuraretur
1422 5644 1437 5682 :
1476 5642 1647 5697 neque
1680 5630 1848 5697 enim,
1891 5646 1907 5681 ι
1940 5637 2043 5686 etc.

2350 4439 2440 4494 (50

2350 4512 2430 4579 (51
2504 4512 2623 4562 "Ar.
2663 4512 2816 4562 Deest
2848 4512 2899 4563 in
2928 4512 3020 4563 Or.
3051 4512 3103 4565 l.

2351 4512 2462 4650 (52)
2503 4577 2891 4650 Μετάκλισιν.
2929 4579 3019 4650 Sic
3048 4579 3179 4648 Reg.
3207 4579 3302 4646 ph.
3335 4588 3459 4632 octo
3487 4578 3663 4650 uolt)"
3701 4576 3852 4641 Par.,

2281 4649 2383 4705 etc.
2417 4668 2435 4701 ι
2466 4650 2809 4703 Ιιιιιειιίοιιθιη
2845 4649 2898 4701 in
2937 4649 3157 4704 alteram
3186 4658 3415 4718 partem.
3446 4667 3465 4699 ι
3508 4649 3562 4701 Ιιι
3587 4649 3673 4704 ed.
3700 4663 3852 4710 vero,

2284 4720 2635 4792 μετάκλησιν.
2669 4717 2984 4792 «_accitum.
2999 4738 3040 4792 _t

2350 4789 2461 4861 (55)
2503 4785 2667 4858 Μήτε
2695 4789 2899 4861 ἵππον.
2955 4789 3047 4843 Sic
3080 4788 3210 4859 Reg.
3244 4787 3334 4856 ph,
3384 4795 3495 4843 tres
3546 4785 3851 4850 Colb.,etc.

2282 4860 2338 4915 In
2361 4858 2495 4913 Par.
2534 4864 2644 4922 ed.,
2677 4860 2811 4928 μήτε
2846 4858 3035 4928 ἵππου.

2352 4932 2462 5003 (54)
2505 4927 3089 5003 Ἰνξὲγκαταστήσῃ.
3124 4928 3312 5003 Contb.
3344 4946 3358 4983 :
3391 4944 3415 4980 ι
3450 4937 3505 4981 ιιι
3534 4928 3696 4981 Deum
3730 4942 3859 4980 cou-

2280 4999 2488 5061 stituat,
2520 5009 2576 5052 ut
2603 4999 2692 5053 Dei
2724 5014 2940 5068 sensum
2992 4999 3411 5068 religionemque
3443 5006 3722 5068 statuat._t

2350 5071 2463 5141 (55)
2510 5065 2913 5141 ’Υφαιρέσεσῖα
2957 5064 3119 5141 (ζοὶεΙξ
3174 5069 3198 5121 1
3238 5064 3417 5134 addit,
3463 5067 3556 5120 καὶ
3593 5064 3853 5135 ὑφέσεσι,

2286 5159 2305 5192 ι
2356 5139 2749 5192 Sttlttrztctiones
2781 5150 2833 5191 et
2859 5139 3275 5192 itnminutiones.
3308 5156 3329 5189 ι

2373 5210 2462 5277 56)
2512 5210 2605 5274 Ὠς
2628 5211 2661 5261 ό
2679 5207 2832 5278 λέμρς
2854 5209 3055 5278 λόγος.
3098 5208 3446 5278 Ηιροξιιεδιιιιι
3477 5208 3527 5260 in
3555 5206 3649 5278 0r.
3684 5206 3731 5278 l‘.

2376 5275 2462 5347 57)
2516 5275 2702 5332 Ἀλλὰ
2735 5276 2799 5329 τὸ
2826 5275 2998 5346 μέγα,
3047 5288 3149 5347 etc.
3200 5276 3331 5332 Vide
3364 5278 3578 5330 Arnaud
3624 5277 3674 5347 in
3714 5275 3855 5347 Itane

2280 5344 2600 5413 orationem,
2636 5348 2710 5402 De
2734 5344 2983 5416 perpetua
3017 5346 3266 5401 Ecclesia?
3309 5347 3414 5415 [ide
3452 5348 3591 5416 circa
3627 5344 3843 5400 Eucha-

2281 5423 2502 5481 ristiam,
2538 5431 2664 5471 tum.
2708 5415 2770 5481 lI,
2801 5418 2892 5470 ltb.
2929 5433 2975 5469 vr
3000 5456 3013 5481 ,
3045 5434 3166 5487 cap.
3202 5418 3286 5483 ιυ,
3326 5432 3447 5487 pag.
3479 5415 3601 5470 675.

2350 5490 2462 5559 (58)
2497 5488 2615 5559 Διά.
2649 5487 2741 5543 Or.
2782 5490 2832 5559 ι,
2873 5488 2982 5540 Καὶ
3013 5486 3119 5559 διά.

2352 5557 2463 5628 (59)
2501 5558 2631 5612 Καί.
2657 5559 2749 5628 Or.
2782 5557 2803 5610 Ι
2842 5558 3005 5628 addit.
3048 5557 3152 5621 ἀεί,
3204 5577 3221 5607 ‹
3251 5568 3480 5628 semper.
3512 5574 3530 5607 ι

2356 5625 2465 5701 (40)
2524 5627 2897 5696 Τειιεώτεροικ
2932 5626 3063 5700 Reg.
3091 5631 3198 5694 btn,
3232 5625 3580 5697 τελειότερον.

2495 4439 2795 4505 Ἰατρείας.
2834 4436 2996 4493 Coisl.
3046 4438 3265 4506 laddit,
3309 4438 3466 4505 τέως,
3506 4457 3524 4490 ι
3555 4437 3788 4493 interim.
3828 4458 3848 4490 ι

2504 4511 2623 4562 "Ar.
2663 4509 2816 4562 Deest
2848 4510 2899 4563 in
2928 4508 3020 4563 Or.
3051 4510 3103 4565 l.

2442 4439 2462 4645 ἒ
