4100 6276
1512 134 1535 165 4

246 263 346 317 641

1211 252 1469 309 ORATIO
1508 250 1669 308 XLV.
1709 283 1778 293 -—
1815 249 1881 305 IN
1922 248 2249 306 SANCTUM
2288 248 2579 307 PASCHA.

3395 256 3503 313 642

245 383 343 439 καὶ
375 382 463 436 διὰ
498 380 598 451 τὴν
625 376 928 451 πρόσληψιν
953 375 1051 446 τὴν
1096 374 1413 446 χρισθεῖσαν
1453 373 1690 443 θεότητι,
1734 370 1829 424 καὶ

1941 369 2209 425 Perfectus
2261 380 2460 439 autem,
2518 387 2624 428 non
2671 374 2830 430 modo
2884 381 3102 445 propter
3151 372 3511 440 divinitatem,

244 474 555 545 γενομένην
604 472 742 542 ὅπερ
770 469 832 523 τὸ
873 471 1067 540 χρῖσαν
1093 466 1228 537 (41),
1260 465 1355 520 καὶ
1384 464 1571 537 Θαρῤῶ
1612 462 1792 532 λέγειν
1817 501 1832 526 ,

240 567 500 638 ὁμόθεον.
528 566 732 636 ’Δρρεν
767 562 847 628 δὲ,
875 562 951 624 ὡς
981 560 1122 631 ὑπὲρ
1146 558 1259 630 (42)
1283 557 1379 611 τοῦ
1432 556 1604 628 ’Δδὰμ
1663 572 1835 626 προσ-

243 659 543 728 αγόμενον,
574 655 774 726 μᾶλλον
802 654 859 707 δὲ
895 652 989 706 τοῦ
1014 648 1367 723 (45)στερροὖ
1388 649 1448 704 τὸ
1464 648 1834 719 στερρότερον,

241 749 341 801 τοῦ
381 747 601 820 πρώτου
628 746 887 809 πεσόντος
919 744 1024 798 ὑπὸ
1053 744 1151 815 τὴν
1178 742 1476 815 ἁμαρτίαν,
1501 739 1595 794 καὶ⁹
1617 741 1699 793 ὅτι
1730 738 1834 810 μά-

242 838 409 891 λιστα
465 838 632 910 μηδὲν
660 836 816 908 Θῆλυ,
851 836 987 906 μηδὲ
1018 835 1364 905 ἄνανδρον“ὲν
1397 831 1574 902 ἑαυτῷ
1623 830 1788 901 φέρον
1818 843 1834 860 ⁸

242 932 384 986 ἀλλά
433 932 531 985 καὶ
594 928 832 1001 ἐκραγὲν
870 927 966 999 βίᾳ
1014 927 1126 998 (44)
1166 926 1379 997 δεσμῶν
1407 922 1750 996 παρθενικῶν
1777 940 1836 975 τε

245 1024 345 1077 καὶ
393 1021 701 1093 μητρικῶν,
736 1018 878 1075 κατὰ
934 1019 1134 1090 πολλὴν
1191 1018 1471 1085 ἐξουσίαν,
1506 1018 1601 1071 καὶ
1645 1015 1836 1087 τεχθὲν

247 1114 418 1185 ἄρσεν
444 1114 511 1165 ἐκ
542 1113 642 1183 τῆς
665 1110 1017 1183 προφήτιδος,
1044 1109 1119 1173 ὡς
1151 1109 1379 1172 Ἡσαΐας
1402 1105 1832 1175 εὐαγγελίζεται.

259 1201 573 1256 Ἐνιαύσιον
620 1202 700 1264 δὲ,
730 1202 805 1264 ὡς
833 1200 985 1271 ἣλιον
1032 1199 1409 1270 δικαιοσύνης,
1446 1198 1479 1269 ἢ
1514 1197 1721 1251 ἐκεῖθεν
1746 1199 1838 1268 ὀρ-

253 1290 532 1361 μώμενον,
565 1291 597 1361 ἢ
637 1290 717 1360 τῷ
742 1290 1005 1362 ὁρωμένῳ
1046 1288 1156 1360 (45)
1206 1288 1599 1360 περίγραπτον,
1626 1287 1719 1342 καὶ
1757 1290 1837 1351 είς

251 1380 448 1434 ἑαυτὸν
482 1379 882 1451 ἐπιστρέφοντα
905 1378 1048 1449 (46)⁶
1089 1378 1349 1447 στέφανόν
1378 1397 1436 1431 τε
1474 1378 1837 1450 χρηστότητος

253 1470 477 1540 εὐλογού
486 1488 670 1542 μενον,
697 1471 791 1524 καὶ
810 1470 1143 1541 πανταχόθεν
1168 1471 1281 1524 ἴσον
1306 1471 1483 1541 ἑαυτῷ
1500 1471 1595 1524 καὶ
1615 1471 1796 1541 ὅμοιον
1817 1485 1831 1499 ο

252 1565 312 1617 οὐ
344 1564 507 1633 μόνον
525 1563 601 1627 δὲ,
625 1562 760 1615 ἀλλὰ
786 1562 879 1616 καὶ
904 1560 980 1626 ὡς
1003 1560 1300 1629 ζωογονοῦν
1326 1561 1438 1630 (47)
1462 1560 1555 1614 τὸν
1581 1559 1689 1612 τῶν
1719 1560 1840 1631 ἀρε-

254 1654 360 1707 τῶν
401 1653 517 1724 (48)
549 1652 768 1716 κύκλον,
801 1651 977 1722 ἠπίως
1011 1651 1456 1723 ἐπιμιγνυμένων
1506 1651 1601 1705 καὶ
1647 1667 1837 1721 κιρνα-

1938 477 2041 530 qua
2074 462 2204 516 nihil
2223 462 2533 530 perfectius,
2556 465 2649 520 sed
2676 466 2838 520 etiam
2873 473 3092 535 propter
3114 465 3506 522 humanitatem

1939 554 2215 611 divinitate
2244 565 2484 619 unctam,
2516 556 2766 625 idemque
2797 556 3064 623 elleetam,
3101 557 3243 626 quod
3267 559 3317 611 id
3342 573 3371 612 a
3400 573 3510 629 quo

1940 656 2099 700 uncta
2156 654 2258 710 est,
2314 655 2497 715 atque,
2549 657 2608 702 ut
2649 649 2907 704 audacter
2942 649 3149 718 loquar,
3175 650 3422 720 όμόθεον,
3455 653 3510 708 id

1937 747 2041 801 est,
2076 738 2231 791 simul
2263 736 2448 791 Deum.
2478 737 2749 794 Masculus
2785 750 2983 806 autem,
3036 750 3095 796 ut
3123 743 3212 810 qui
3246 757 3341 813 pro
3370 745 3514 799 Ada-

1938 845 2027 885 mo
2059 830 2400 899 putissimum
2433 829 2714 895 offeratur,
2752 847 2935 887 verum
2978 832 3066 886 illo
3098 833 3254 887 firmo
3284 834 3511 900 (irmior,

1934 937 2059 977 cum
2113 923 2201 978 ille
2249 924 2457 991 primus
2504 925 2557 978 in
2618 933 2896 993 peccatum
2957 924 3139 993 lapsus
3188 926 3293 990 sit;
3353 937 3515 995 atque

1936 1015 2201 1085 imprimis
2238 1017 2381 1087 quod
2436 1017 2571 1072 nihil
2623 1018 2901 1082 muliebre,
2959 1017 3091 1071 nihil
3147 1017 3306 1073 molle
3356 1027 3516 1088 atque

1936 1103 2309 1163 ell'eminatum
2347 1117 2555 1177 gestet;
2621 1124 2806 1163 verum
2839 1125 2870 1164 e
2907 1108 3162 1178 virgineis
3180 1119 3233 1162 et
3258 1111 3516 1166 maternis

1937 1198 2167 1253 vinculis
2196 1214 2293 1268 pro
2315 1208 2578 1268 potestate
2631 1215 2694 1255 ac
2743 1201 2794 1254 vi
2840 1201 3099 1269 eruperit,
3131 1209 3186 1254 et
3220 1201 3512 1267 masculus,

1938 1300 1999 1344 ut
2023 1291 2308 1345 annuntiat
2335 1290 2497 1346 Isaias
2524 1291 2590 1357 η,
2620 1307 2686 1346 ex
2712 1290 3052 1361 prophetissa
3079 1300 3236 1345 natus
3276 1292 3367 1347 sit.
3404 1292 3516 1345 An-

1939 1381 2149 1437 niculus
2179 1397 2360 1451 porro,
2392 1394 2451 1437 ut
2479 1384 2557 1439 sol
2589 1382 2845 1452 Ῑιιειὶιίεε,
2908 1383 2990 1437 vel
3041 1397 3069 1437 e
3116 1381 3254 1436 caelo
3299 1396 3517 1452 progre-

1938 1472 2111 1536 diens,
2159 1472 2263 1537 vel,
2313 1482 2571 1541 quantum
2631 1474 2697 1527 ad
2745 1483 2950 1543 partem
3000 1488 3152 1536 eam,
3196 1488 3314 1542 quae
3347 1472 3517 1527 oculis
3616 1490 3619 1491 '

1939 1562 2197 1627 cernitur,
2227 1563 2669 1633 circumscriptus
2694 1578 2760 1618 ac
2786 1564 3063 1628 deﬁnitus,
3096 1572 3146 1617 et
3173 1564 3238 1617 ad
3280 1563 3517 1632 seipsum

1943 1653 2199 1708 rediens:
2235 1664 2397 1724 atque
2436 1655 2564 1709 item
2605 1665 2662 1709 ut
2707 1655 3056 1724 benignitatis
3100 1669 3301 1709 corona
3346 1655 3514 1709 bene-

259 1745 434 1817 μένων
455 1744 734 1815 ἀλλήλαις,
764 1743 912 1814 νόμῳ
970 1742 1148 1812 φιλίας
1183 1744 1278 1797 καὶ
1310 1741 1539 1807 τάξεως.
1570 1742 1833 1811 Ἀμωμον

1941 1744 2082 1798 dicta
2110 1745 2174 1809 ¹⁶,
2200 1747 2456 1816 omnique
2481 1762 2546 1801 ex
2571 1755 2723 1817 parte
2754 1747 2855 1801 sibi
2881 1746 3073 1801 similis
3094 1757 3147 1801 et
3171 1746 3430 1816 aequalis:
3456 1760 3520 1799 ae

253 1839 310 1891 δὲ
363 1837 462 1891 καὶ
517 1836 827 1907 ἀκίϐδηλον,
884 1835 961 1899 ὡς
1016 1834 1410 1907 θεραπευτικὸν
1457 1833 1682 1905 μώμων,
1748 1835 1842 1887 καὶ

253 1932 360 1983 τῶν
413 1928 525 1985 ἀπὸ
573 1928 770 1992 κακίας
822 1928 1220 1999 ἐλαττωμάτων
1293 1927 1388 1982 καὶ
1455 1926 1837 1998 μολυσμάτων.

253 2021 318 2073 Et
370 2020 483 2090 γὰρ
552 2021 645 2073 καὶ
696 2020 795 2082 τὰς
860 2019 1136 2091 ἁμαρτίας
1186 2019 1345 2089 ἡμῶν
1408 2017 1638 2071 ἀνέλαϐε
1672 2058 1687 2083 ,
1745 2018 1843 2071 καὶ

253 2114 352 2179 τὰς
405 2112 599 2176 νόσους
641 2111 962 2176 ἐϐάστασεν,
1009 2110 1123 2164 ἀλλ’
1164 2111 1265 2164 οὐκ
1322 2110 1481 2173 αὐτός
1515 2128 1566 2163 τι
1607 2108 1841 2162 πέπονθε

249 2205 363 2259 τῶν
415 2203 714 2275 θεραπείας
764 2202 950 2270 ἀξίων.
1010 2201 1342 2274 Ἐπειράσθη
1400 2201 1499 2272 μὲν
1553 2200 1663 2273 γὰρ
1696 2200 1838 2254 κατὰ

253 2296 454 2358 πάντα,
490 2295 612 2349 καθ’
644 2295 939 2367 ὁμοιότητα
970 2293 1068 2365 τὴν
1100 2294 1391 2366 ἡμετέραν,
1436 2293 1607 2364 χωρὶς
1658 2293 1836 2365 ἀμαρ-

251 2389 373 2450 τίας
393 2386 474 2441 δέ.
521 2386 583 2439 Ὀ
614 2386 723 2457 γὰρ
752 2386 949 2453 διώξας
977 2385 1038 2438 τὸ
1062 2387 1251 2455 φαῖνον
1279 2385 1338 2438 ἐν
1369 2387 1435 2456 τῇ
1472 2384 1664 2456 σκοτίᾳ
1692 2382 1830 2453 φῶς,

251 2477 314 2529 οὐ
342 2475 667 2529 κατέλαϐεν.

1938 1844 2200 1902 praeterea
2259 1846 2317 1892 ut
2367 1839 2661 1903 virtutum,
2698 1852 2841 1906 ‘quae
2890 1839 3141 1893 amicitiae
3196 1839 3517 1907 ordinisque

1940 1922 2054 1993 lege
2104 1924 2297 1980 leniter
2345 1928 2661 1997 placideque
2717 1929 2858 1983 inter
2910 1943 2968 1983 se
3018 1928 3416 1998 coniunguntur
3461 1939 3519 1981 et

1939 2018 2377 2083 commiseentur,
2442 2021 2629 2073 orbem
2699 2019 3044 2089 progigneus.
3128 2018 3515 2072 lmtnaculatus

1940 2104 2160 2175 insuper
2193 2117 2249 2163 et
2289 2109 2654 2180 incorruptus,
2705 2119 2759 2163 ut
2797 2113 2889 2179 qui
2936 2125 3136 2174 naevos,
3185 2119 3237 2165 et
3269 2110 3422 2175 vitia,
3466 2116 3521 2163 et

1944 2198 2132 2253 sordes
2160 2213 2189 2253 a
2232 2210 2452 2269 peccato
2484 2212 2801 2269 manantes,
2850 2212 3022 2259 curet.
3073 2201 3330 2269 Quamvis
3373 2202 3519 2256 enim

1942 2301 2161 2360 peccata
2194 2304 2375 2348 nostra
2428 2296 2745 2367 susceperit,
2777 2304 2832 2350 et
2895 2295 3108 2348 morbos
3136 2290 3521 2361 portaverit",

1941 2381 2056 2452 ipse
2088 2392 2266 2439 tamen
2290 2385 2420 2440 nihil
2448 2401 2658 2453 eorum,
2704 2400 2825 2456 quae
2855 2384 3023 2456 856
3049 2376 3346 2439 curationis
3379 2382 3519 2436 indi-

1940 2483 2087 2545 gem.
2124 2490 2407 2547 perpessus
2436 2489 2538 2535 est.
2587 2478 2853 2535 Tentatus
2896 2488 2979 2533 est
3027 2477 3173 2532 enim
3213 2489 3308 2546 per
3343 2476 3521 2547 omnia

255 2587 351 2640 pro
370 2569 723 2625 similitudine
748 2576 954 2635 nostra,
986 2576 1243 2624 caeterum
1271 2568 1476 2639 absque
1506 2578 1729 2638 peccato
1757 2567 1821 2622 ιο.
1863 2567 1955 2625 llle
1982 2572 2150 2643 enim,
2177 2574 2269 2644 qui
2325 2575 2501 2632 lucem
2528 2574 2581 2631 in
2634 2574 2874 2631 tenebris
2894 2574 3160 2630 lucentem
3195 2574 3239 2606 η
3270 2586 3526 2643 persecu.

255 2677 343 2718 tus
365 2673 475 2728 est,
511 2678 630 2717 eam
662 2662 1076 2732 haudquaquam
1104 2664 1533 2734 comprehendit.

322 2754 425 2809 Μ’.
462 2755 528 2809 Τί
556 2757 671 2820 Eu;
720 2755 845 2824 Μὴν
879 2754 978 2824 μὲν
1029 2756 1311 2825 είσάγεται
1365 2756 1602 2829 πρῶτος,
1639 2757 1838 2829 μᾶλλον

2008 2755 2148 2813 XIV.
2210 2756 2347 2825 Quid
2402 2759 2708 2827 praeterea?
2754 2758 2954 2815 Mensis
3009 2758 3227 2828 quidem
3290 2759 3522 2828 primus,

252 2845 331 2908 δὲ,
364 2844 511 2916 ἀρχὴ
541 2843 758 2917 μηνῶν·
790 2843 902 2897 εἴτε
957 2861 1042 2908 τις
1087 2843 1244 2899 τοῦτο
1272 2845 1402 2916 παρ’
1442 2844 1719 2917 Ἑϐραίοις
1765 2846 1842 2901 ὢν

253 2938 350 2990 ἀπ’
384 2936 586 3007 ἀρχῆς,
644 2933 757 2988 εἴτε
812 2934 1041 3006 ὕστερον
1088 2934 1338 2989 ἐντεῦθεν
1382 2936 1690 3007 γενόμενος,
1751 2937 1844 2990 καὶ

256 3029 413 3101 παρά
439 3027 536 3082 τοῦ
579 3028 879 3099 μυστηρίου
918 3028 979 3081 τὸ
1011 3023 1151 3082 εἶναι
1182 3027 1398 3099 πρῶτος
1422 3026 1623 3085 λαϐὼν.
1651 3030 1730 3100 Τῇ
1756 3028 1844 3082 δε-

256 3121 402 3191 κάτῃ
432 3119 493 3172 δὲ
519 3118 614 3172 τοῦ
644 3120 813 3190 μηνός
836 3135 852 3152 ο
873 3113 1028 3183 οὗτος
1054 3118 1164 3190 γὰρ
1182 3118 1432 3190 ἀριθμῶν
1449 3118 1840 3191 πληρέστατος,

254 3215 322 3266 ἐκ
357 3211 606 3283 μονάδων
641 3209 834 3282 πρώτη
875 3210 1041 3281 μονὰς
1068 3209 1269 3277 τελεία,
1301 3211 1395 3264 καὶ
1430 3210 1721 3281 γεννητικὴ
1750 3228 1841 3264 τε-

256 3303 557 3374 λειότητος.
582 3303 927 3373 Διατηρεῖται
973 3301 1031 3354 δὲ
1060 3302 1140 3365 εἰς
1168 3300 1424 3371 πέμπτην
1454 3301 1688 3371 ἡμέραν,
1714 3301 1843 3363 ἴσως

257 3394 342 3446 ὅτι
396 3391 733 3462 καθαρτικὸν
786 3391 1094 3462 αίσθήσεων
1133 3392 1195 3445 τὸ
1221 3390 1353 3461 ἐμὸν
1384 3389 1550 3461 θῦμα,
1588 3389 1647 3457 ἐξ
1679 3383 1754 3444 ὧν
1781 3391 1842 3444 τὸ

256 3483 502 3545 πταίειν,
550 3484 644 3536 καὶ
696 3483 825 3554 περὶ
855 3482 923 3545 ἃς
974 3484 1003 3536 ό
1052 3481 1310 3552 πόλεμος,
1374 3481 1755 3551 είσδεχομένας
1781 3482 1843 3536 τὸ

259 3576 488 3646 κέντρον
536 3575 636 3645 τῆς
688 3572 979 3645 ἁμαρτίας.
1036 3572 1347 3641 Ἐκλέγεται
1370 3572 1447 3637 δὲ,
1478 3573 1579 3625 οὐκ
1607 3571 1714 3625 ἀπὸ
1736 3572 1843 3628 τῶν

259 3668 444 3741 ἀρνῶν
475 3668 655 3738 μόνον,
686 3666 822 3720 ἀλλά
871 3664 1079 3719 καὶτοῦ
1118 3664 1358 3737 χείρονος
1390 3664 1583 3727 εἴδους,
1620 3663 1715 3716 καὶ
1744 3665 1844 3736 τῆς

260 3761 559 3832 ἀριστερᾶς
593 3759 775 3829 χειρὸς
816 3757 924 3811 τῶν
956 3756 1181 3828 ἐρίφων,
1213 3757 1297 3808 ὅτι
1339 3756 1413 3829 μὴ
1440 3756 1581 3827 ὑπὲρ
1611 3754 1721 3809 τῶν
1763 3757 1840 3810 δι-

262 3852 435 3904 καίων
463 3850 643 3921 μόνον,
678 3849 814 3903 ἀλλὰ
842 3849 933 3902 καὶ
958 3848 1067 3918 (49)
1096 3846 1204 3899 τῶν
1236 3846 1576 3917 ἁμαρτωλῶν
1610 3849 1843 3917 σφαγιά-

261 3942 415 4004 ζεται
434 3956 447 3968 ·
478 3939 621 4009 τάχα
642 3940 698 3994 δὲ
732 3940 871 4010 ὑπὲρ
900 3936 1102 3991 τούτων
1132 3937 1226 3990 καὶ
1247 3936 1427 4000 πλέον,
1452 3938 1561 4008 ὅσῳ
1590 3939 1684 3991 καὶ
1720 3939 1841 4010 μείιι

261 4031 414 4095 ζονος
465 4029 739 4102 χρῄζομεν
800 4029 902 4098 τῆς
950 4026 1381 4098 φιλανθρωπίας.
1431 4026 1758 4097 Θαυμαστὸν
1784 4028 1841 4082 δὲ

1943 2845 2026 2900 vel
2054 2845 2318 2901 mensium
2344 2846 2522 2917 potius
2563 2847 2889 2917 principium
2944 2848 3214 2902 inducitur
3266 2848 3349 2912 ὀς
3405 2848 3522 2903 sive

1942 2937 2207 3007 quispiam
2240 2936 2309 2991 ab
2341 2937 2494 2992 initio
2528 2938 2668 3007 apud
2698 2936 2950 2992 Hebraeos
2984 2938 3037 2992 id
3076 2936 3256 3002 fuerit,
3306 2938 3420 2993 sive
3452 2951 3522 2993 ex

1942 3044 2005 3084 ea
2037 3042 2096 3083 re
2129 3035 2312 3097 postea
2357 3027 2529 3084 factus
2569 3028 2661 3093 sit,
2707 3039 2871 3100 atque
2899 3029 2966 3084 ab
2993 3029 3095 3085 boe
3122 3030 3381 3101 mysterio
3420 3030 3522 3086 hoc

1944 3121 2234 3190 acceperit,
2261 3129 2319 3174 ut
2345 3120 2593 3190 princeps
2625 3129 2790 3177 esset.
2825 3120 3040 3177 Decima
3071 3131 3250 3176 autem
3284 3121 3520 3177 mensis:

1942 3213 2067 3283 quia
2100 3213 2187 3267 hic
2215 3227 2472 3269 numerus
2495 3212 2734 3268 omnium
2765 3212 3224 3278 absolutissimus,
3265 3212 3521 3267 nimirum

1942 3319 2005 3359 ex
2043 3304 2340 3360 unitatibus
2375 3304 2554 3359 unitas
2580 3304 2750 3374 prima
2788 3303 3050 3373 perfecta,
3088 3312 3144 3358 et
3175 3302 3523 3372 perfectionis

1941 3410 2161 3466 parens.
2190 3395 2516 3453 Asservatur
2535 3410 2698 3467 porro
2726 3394 2782 3449 in
2811 3395 3056 3465 quintum
3089 3395 3253 3463 diem,
3283 3393 3517 3450 fortasse

1943 3488 2065 3557 quia
2098 3487 2313 3543 victima
2356 3501 2476 3543 mea
2517 3487 2569 3542 id
2601 3488 2783 3551 habet,
2837 3497 2894 3540 ut
2932 3501 3123 3542 sensus
3169 3494 3451 3557 expurget,
3488 3501 3520 3540 a

1945 3578 2137 3648 quibus
2163 3589 2443 3649 peccatum
2475 3578 2672 3644 oritur,
2725 3589 2779 3634 et
2805 3579 2951 3634 circa
2983 3594 3123 3649 quos
3148 3578 3345 3633 bellum
3374 3593 3522 3632 com-

1945 3669 2197 3735 mittitur,
2224 3677 2407 3736 utpote
2441 3668 2646 3737 peccati
2684 3667 2933 3722 aculeum
2966 3666 3335 3721 admittentes.
3371 3665 3514 3721 Deli-

1943 3760 2089 3830 gitttr
2117 3770 2316 3825 autem,
2360 3775 2465 3814 non
2498 3759 2671 3814 solum
2718 3774 2784 3814 ex
2830 3760 2986 3829 agnis
3013 3759 3083 3824 ’⁸,
3126 3757 3223 3813 sed
3255 3757 3419 3813 etiam
3454 3773 3522 3813 ex

1942 3850 2193 3905 deteriori
2245 3866 2464 3921 genere,
2531 3866 2597 3905 ex
2634 3850 2803 3905 haedis
2838 3851 3086 3918 scilicet,
3136 3850 3228 3919 qui
3295 3849 3518 3906 sinistra

1944 3956 2104 3996 manu
2134 3948 2258 3996 sunt
2279 3942 2361 4007 “;
2419 3941 2543 4011 quia
2588 3956 2694 3996 non
2748 3956 2845 4009 pro
2895 3940 3057 4011 justis
3104 3940 3385 4007 duntaxat,
3425 3939 3518 3995 sed

1942 4033 2103 4087 etiam
2131 4045 2227 4100 pro
2262 4030 2636 4101 peccatoribus
2671 4040 2973 4096 mactatur;
3007 4043 3069 4083 ac
3114 4027 3346 4084 fortasse
3378 4030 3521 4098 ipso-

261 4123 437 4184 οὐδὲν,
470 4125 518 4175 εἰ
550 4122 781 4193 μάλιστα
806 4121 903 4191 μὲν
929 4121 1049 4174 κατ’
1077 4113 1224 4172 οἷκον
1245 4119 1474 4173 ἕκαστον
1498 4118 1836 4191 ὲπιζητεῖται

1944 4140 2060 4178 rum
2086 4125 2263 4193 potius
2292 4140 2475 4190 causa,
2512 4125 2948 4194 quandoquidem
2972 4122 3166 4190 majori
3209 4123 3519 4177 misericor-

261 4212 323 4265 τὸ
349 4211 643 4283 πρόϐατον,
668 4212 716 4264 εί
737 4211 792 4265 δὲ
828 4210 924 4282 μὴ.
953 4210 1047 4263 καὶ
1077 4210 1198 4262 κατ’
1235 4210 1418 4271 οἴκους
1448 4210 1715 4280 πατριῶν,
1748 4211 1839 4265 διὰ

263 4302 454 4357 πενίαν
484 4301 864 4373 ὲρανιζόμενον
883 4319 896 4332 ·
921 4299 1109 4370 ἐπειδὴ
1136 4301 1446 4372 κράτιστον,
1476 4299 1711 4370 μάλιστα
1739 4300 1838 4371 μὲν

263 4392 425 4447 αὐτὸν
450 4393 679 4449 ἕκαστον
708 4395 898 4465 ἀρκεῖν
924 4391 1101 4462 ἐαυτῷ
1128 4390 1264 4462 πρὸς
1291 4391 1589 4456 τελείωσιν,
1615 4393 1707 4445 καὶ
1741 4392 1835 4445 Θυ-

264 4482 384 4535 σίαν
424 4481 631 4551 ζῶσαν,
667 4482 832 4551 ἁγίαν
854 4482 1150 4553 προσάγειν
1178 4479 1256 4550 τῷ
1283 4479 1535 4534 καλοῦντι
1564 4481 1676 4553 (50)
1696 4482 1835 4553 Θεῷ,

264 4575 495 4627 πάντοτε
525 4574 620 4627 καὶ
670 4572 758 4627 διὰ
809 4573 1025 4627 πάντων
1078 4570 1504 4641 καθιερούμενον
1530 4583 1546 4600 ⁶
1577 4573 1625 4624 εἰ
1651 4572 1707 4625 δὲ
1738 4573 1836 4643 μὴ,

331 4668 378 4700 ³⁸
403 4666 510 4720 lsa.
537 4679 656 4729 vm,
685 4665 738 4719 '5.
816 4664 860 4695 ⁸⁸
898 4661 1041 4718 Psal.
1091 4675 1239 4727 L'xtv,
1285 4661 1372 4715 12.
1455 4662 1495 4692 ¹⁷
1539 4660 1639 4716 lsa.
1671 4677 1787 4730 Lttt,
1819 4665 1875 4718 4.

260 4751 379 4806 sqq.
457 4736 501 4767 “
533 4734 662 4789 ibid.
689 4735 742 4788 5.
820 4734 865 4766 ¹’
906 4733 1096 4787 Matth.
1132 4747 1259 4797 xxv,
1300 4732 1390 4787 55.

329 4828 439 4901 (41)
480 4825 725 4901 Χρῒσέιν.
775 4823 867 4901 Sic
921 4822 1087 4901 Regg.
1138 4822 1248 4887 bm,
1295 4821 1384 4891 ph,
1434 4819 1597 4876 Coisl.
1632 4820 1690 4887 2,
1728 4829 1835 4877 etc.

261 4892 592 4953 Dle‘ndbsevin
621 4894 745 4947 Par.
773 4895 882 4977 ed.,
905 4892 1119 5015 χᾶῑζαν.
1299 4941 1303 4944 .
1460 4961 1492 4973 η

328 4968 439 5015 (ut
492 4967 589 5015 Ὧι»
625 4963 795 5015 ὐπέο.
820 4963 911 5015 Ste
985 4978 1102 5015 eae.
1140 4963 1252 5015 bm.
1284 4976 1375 5015 nn.
1404 4960 1492 5015 altt

328 4968 439 5038 (Η)
492 4967 589 5038 Ὣς
625 4960 1102 5038 ὑπέρτμξίεἶὶςᾳε.
1140 4963 1252 5038 but,
1283 4976 1375 5038 p_u,
1404 4960 1601 5038 aliique
1631 4960 1831 5031 plures.

263 5030 351 5093 sui
387 5030 549 5091 etiam
568 5030 705 5102 legit
736 5030 1146 5102 Billius._Pr_ave
1178 5033 1230 5087 in
1256 5032 1368 5093 ed.,
1394 5030 1602 5102 ὥσπερ.

329 5109 439 5179 (45)
478 5099 727 5179 Μᾶλλον
766 5102 835 5155 δὲ
866 5100 995 5157 τοῦ.
1034 5099 1204 5172 Regg.
1259 5102 1371 5167 bm,
1425 5100 1518 5171 ph,
1554 5099 1696 5169 'etc.,
1730 5101 1835 5172 μά-

257 5175 412 5231 λιστα
437 5175 557 5231 τοῦ.

326 5248 438 5316 (44)
478 5246 586 5299 Καὶ
619 5244 875 5315 ἐκραγὲν
898 5243 1027 5312 βίᾳ.
1060 5264 1077 5296 ι
1102 5244 1165 5316 Vi
1189 5252 1442 5316 eruperit,
1469 5262 1488 5295 ι
1521 5243 1706 5316 idest,
1738 5261 1758 5295 ι
1779 5243 1831 5299 vi

257 5312 463 5372 naiura:
489 5316 656 5382 illata,
687 5312 858 5371 illaesa
889 5315 1076 5371 matris
1104 5312 1433 5385 virginitate.
1473 5333 1492 5366 ι
1521 5312 1640 5368 Bill.
1677 5331 1695 5364 ι
1720 5317 1834 5368 vio-

256 5388 426 5442 lenter
454 5387 712 5452 eruperit.
750 5404 768 5436 ι

322 5457 436 5525 (45)
484 5454 808 5524 ⁸ορωμένφ.
847 5455 937 5510 Sic
988 5456 1156 5525 Regg.
1202 5470 1251 5519 ε,
1302 5454 1358 5519 d,
1388 5454 1478 5523 ph,
1520 5465 1628 5508 tres
1656 5452 1831 5518 Colb.,

254 5525 415 5583 Coisl.
449 5525 503 5590 ‘2,
537 5526 647 5583 Jes.
684 5528 773 5580 Sic
796 5526 956 5581 etiam
995 5526 1124 5596 legit
1158 5525 1359 5581 Billitts.
1405 5525 1459 5578 In
1499 5526 1609 5591 ed.,
1646 5525 1829 5595 ὁρμω-

261 5596 421 5665 μένῳ,
450 5614 470 5647 ι
505 5612 533 5649 a
559 5597 931 5666 progrediente
953 5597 1279 5666 descriptus.
1314 5614 1334 5647 ι

322 5663 432 5734 (ιδ)
484 5663 982 5734 Ἐπισξρέφογτιι,
1037 5663 1146 5721 εις.
1206 5666 1259 5721 In
1315 5665 1583 5721 nonnullis
1638 5664 1829 5730 codd.,

1941 4216 2026 4269 dia
2056 4230 2191 4285 opus
2230 4215 2509 4273 habemus.
2556 4214 2692 4270 lllud
2722 4213 3168 4269 autem‘minime
3216 4213 3519 4267 mirandum

1940 4314 2042 4371 est,
2068 4306 2212 4376 quod
2239 4306 2475 4361 maxime
2500 4306 2715 4375 quidem
2758 4320 2853 4375 per
2893 4301 3132 4375 singulas
3177 4302 3366 4355 domos
3399 4301 3519 4355 ovis

1941 4396 2261 4464 requiritur;
2294 4395 2376 4450 sin
2405 4394 2603 4456 minus.
2646 4402 2704 4448 at
2754 4400 2903 4448 certe
2931 4408 3028 4462 per
3057 4392 3247 4446 domos
3279 4389 3517 4445 familia-

1944 4500 2058 4539 rum
2088 4486 2156 4540 ob
2190 4492 2557 4553 paupertatem
2580 4489 2831 4552 erogatus
2858 4496 2874 4534 :
2906 4479 3343 4549 quandoquidem
3375 4477 3514 4545 opti-

1942 4590 2087 4628 mum
2115 4584 2217 4638 est,
2250 4574 2590 4645 potissimum
2615 4573 2831 4642 quidem
2860 4571 2961 4627 sibi
2986 4582 3255 4641 quemque
3286 4567 3353 4619 ad
3394 4580 3519 4635 per-

1977 4666 2020 4697 “
2051 4664 2215 4723 Hebr.
2254 4680 2328 4731 tv,
2353 4663 2440 4719 15.
2545 4663 2589 4695 ¹⁹
2621 4662 2775 4719 Joan.
2821 4678 2861 4730 ι,
2911 4663 2964 4719 5.
3060 4659 3107 4692 ³⁸
3139 4656 3309 4714 Exod.
3350 4670 3449 4720 ιιι,
3481 4656 3518 4710 2

1934 4823 2297 4945 ἐπιστρέφων,
2335 4822 2712 4892 στέφανος.....
2755 4819 3255 4891 εὐλογούμενος.....

1970 4910 2138 4945 nom.
2178 4907 2282 4945 etc.

2009 4910 2138 4958 οιος,
2178 4907 2282 4948 etc.

1968 4911 2530 5035 μῗὶὲῗὶιὶῗγονοῢν.
2551 4982 2570 5015 ι
2605 4960 2767 5018 Vitali
2807 4961 2914 5018 fetu
2936 4958 3314 5031 progignens.»
3348 4957 3516 5027 Quin-

2007 4980 2117 5035 tu)
2155 4980 2278 5018 ιωο
2392 4980 2524 5018 ουν.
2551 4982 2570 5015 ι
2614 4980 2767 5018 γιιιιιι
2807 4980 2914 5018 ιειυ
2936 4980 3111 5031 progtg

1933 4980 2602 5110 ‘1"9.!‘_°Si~'w£0‘9:7°‘15’)’1
2662 5101 2676 5110 .
2748 5101 2760 5110 .
2822 5099 2849 5110 _
3099 5098 3111 5110 .

2003 5104 2116 5174 (48)
2151 5099 2437 5173 "Apuani.
2464 5103 2626 5159 Coisl.
2658 5101 2706 5168 l,
2732 5099 2913 5174 ὡρῶν,
2948 5118 2967 5153 ι
2987 5099 3113 5154 anni
3137 5106 3463 5174 temporum,
3487 5118 3508 5152 ι

1931 5168 2050 5244 quin
2098 5168 2243 5230 inter
2291 5190 2350 5230 se
2405 5174 2601 5229 leniter
2644 5168 3087 5244 commiscentur.
3135 5168 3323 5244 l‘jeque
3366 5171 3511 5244 enim

1933 5238 2111 5300 subita
2161 5246 2229 5300 ab
2276 5260 2382 5298 uno
2420 5243 2697 5299 contrario
2747 5242 2813 5294 ad
2870 5239 3099 5294 alterum
3148 5240 3206 5292 lit
3245 5238 3508 5303 mutatio;

1932 5330 2050 5387 nec,
2088 5326 2146 5387 ut
2181 5317 2433 5371 observat
2457 5312 2815 5387 Nicetas,‘qui
2843 5311 2985 5387 hunc
3010 5310 3173 5364 etiam
3198 5307 3369 5387 locum
3400 5323 3419 5357 ι
3444 5307 3512 5359 de

1931 5377 2217 5441 virtutibus
2248 5404 2267 5438 ι
2303 5385 2544 5454 exponit,
2587 5377 2770 5438 statim
2814 5382 2880 5436 ab
2931 5388 3119 5435 aestate
3156 5377 3224 5432 ad
3280 5377 3511 5432 hiemem

1934 5454 2248 5510 transimus.
2450 5465 2463 5476 ‘

2003 5523 2114 5599 (ιν)
2154 5525 2284 5599 Καί.
2323 5523 2563 5599 §avtliu_s_
2590 5521 2759 5588 addit,
2792 5520 2956 5599 ὑπέρ.
3110 5586 3122 5599 ,
3236 5585 3270 5599 Δ,

2003 5590 2117 5664 (50)
2157 5593 2475 5650 Καλοῦντι.
2518 5594 2775 5663 Hervag.,
2806 5590 2994 5658 ζῶντι,
3027 5606 3045 5641 t
3076 5590 3296 5643 viventi.
3322 5601 3342 5639 ι
