4100 6276
594 258 698 313 613

1822 252 1879 309 S.
1918 252 2241 309 GREGORll
2280 251 2621 308 TllEOl-OGl

3734 266 3847 319 614

596 375 885 433 feetionem
903 371 1163 439 sullleere,
1194 385 1419 441 seseque
1449 371 1680 424 hostiam
1708 382 1951 427 sanctam
1985 372 2170 427 viven-

2274 371 2367 424 καὶ
2392 373 2671 440 συνεργοῖς
2693 371 2771 434 είς
2800 369 2957 423 τοῦτο
2986 370 3304 443 κεχρῆσθαι,
3359 376 3473 438 τοῖς
3503 378 3619 429 κατ’
3642 379 3852 451 ἀρετὴν

594 475 703 522 tem
733 464 940 520 vocanti
970 452 1075 517 Deo
1103 462 1316 527 oll‘erre,
1379 471 1537 530 alque
1564 462 1849 531 ejusmodi,
1881 478 1999 532 quae
2020 478 2164 517 sem-

595 573 710 627 per,
740 565 793 611 et
825 570 920 624 per
940 554 1116 609 omnia
1147 562 1489 609 consecretur
1522 572 1536 607 :
1574 555 1658 607 siu
1716 554 1766 608 id
1813 570 1921 608 non
1980 555 2161 617 datur,

597 663 778 703 eorum
805 647 992 702 saltem
1019 660 1182 714 opera
1213 654 1269 700 et
1301 645 1612 715 adjumento
1662 645 1727 698 ad
1768 660 1887 699 eam
1917 659 2029 699 rem
2064 644 2163 707 uti,

2271 463 2552 533 όμογενέσι
2599 464 2694 516 καὶ
2739 464 3060 533 ὁμοτρόποις
3084 462 3220 534 (51).
3246 466 3416 519 Τοῦτο
3436 468 3545 539 γάρ
3574 487 3662 539 μοι
3691 471 3850 524 δοκεί

2274 554 2577 623 βούλεσθαι,
2601 556 2663 609 τὸ
2692 557 2967 608 κοινωνεῖν
2983 559 3094 619 τοῖς
3120 555 3345 624 ἔγγιστα
3370 559 3465 612 τοῦ
3496 560 3755 630 θύματος,
3784 564 3847 617 εί

2268 644 2531 715 δεήσειεν.

596 743 687 812 qui
729 743 921 797 virtute
966 742 1120 796 nobis
1168 740 1543 810 consanguinei
1590 750 1749 803 sunt,
1819 740 2165 807 moribusque
2196 740 2517 805 persimiles.
2549 741 2660 796 Hoc
2686 742 2829 797 enim
2869 742 2999 797 mihi
3064 738 3371 812 signiﬁcare
3429 741 3665 807 videtur,
3694 744 3851 811 quod

596 837 801 890 vicinos
844 832 1094 888 sacrificii
1141 831 1429 901 participes
1476 831 1591 884 ﬁeri
1626 831 1765 884 Deus
1797 830 2059 899 prtecipit,
2114 828 2158 882 si
2199 827 2270 881 ita
2301 845 2434 898 opus
2459 831 2640 890 fuerit.

669 922 786 977 XV.
834 920 971 976 Hinc
993 936 1147 976 sacra
1190 934 1319 985 nox,
1362 920 1643 989 noctisque
1674 920 1851 988 hujus,
1880 934 1985 987 qua
2030 933 2168 988 prae-

598 1029 719 1070 sens
762 1013 871 1068 vita
916 1012 1261 1076 suﬂ‘unditur,
1303 1010 1551 1072 inimica,
1598 1011 1652 1064 in
1701 1024 1809 1079 qua
1860 1009 2169 1079 primigenae

600 1106 831 1160 tenebrat
868 1102 1228 1173 depelluntur,
1260 1111 1424 1171 atque
1456 1101 1635 1156 omnia
1668 1101 1719 1155 in
1751 1100 1925 1153 lucem
1947 1108 2001 1153 et
2032 1098 2171 1154 ordi-

602 1211 720 1250 nem
772 1193 1107 1264 formamque
1156 1192 1443 1260 prodeunt,
1509 1207 1571 1246 ac
1622 1190 1875 1247 confusio
1920 1205 2007 1255 ea,
2052 1205 2171 1258 quae

602 1287 749 1355 prius
804 1284 1051 1354 vigebat,
1105 1293 1355 1339 ornatum
1404 1283 1620 1351 accipit.
1699 1282 1836 1336 Hinc
1883 1280 2169 1351 Egyptum

602 1376 855 1448 fugimus,
899 1379 997 1431 hoc
1026 1385 1129 1443 est,
1170 1376 1322 1430 triste
1369 1389 1570 1443 nosque
1619 1387 1949 1443 persequens
1988 1388 2172 1442 pecca-

606 1479 737 1528 tum.
775 1483 836 1521 ac
866 1466 1199 1521 Pharaonem
1229 1464 1552 1520 invisibilem
1587 1474 1895 1535 tyrannum,
1923 1472 1976 1516 et
2002 1478 2172 1517 saevos

601 1574 824 1629 Operum
844 1560 1140 1627 praefectos,
1165 1557 1230 1611 ad
1258 1571 1548 1625 supernum
1571 1556 1829 1609 mundum
1850 1554 2173 1622 migrantes:

608 1665 669 1703 ac
703 1649 812 1703 luto
848 1658 900 1703 et
948 1646 1406 1703 conﬁciendorum
1458 1647 1685 1701 laterum
1737 1645 1921 1699 labore
1970 1644 2170 1699 libera-

2335 919 2436 974 IE'.
2492 922 2769 977 Ἐντεῦθεν
2799 925 2831 995 ή
2878 924 2997 995 ἱερά
3032 925 3125 991 νὺξ
3177 924 3307 994 (52),
3338 924 3433 977 καὶ
3456 922 3549 975 τοῦ
3574 923 3850 992 παρόντος

2269 1011 2384 1082 βίου
2434 1014 2535 1083 τῆς
2560 1015 2885 1087 κεχυμένης,
2919 1016 3080 1086 τῆσδε
3131 1014 3323 1077 νυκτὸς
3370 1014 3680 1077 ἀντίπαλος,
3715 1014 3847 1067 καθ’

2266 1103 2333 1174 ἢν
2363 1105 2422 1157 τὸ
2443 1106 2781 1175 πρωτόγονον
2807 1106 2991 1159 λύεται
3017 1107 3225 1169 σκότος,
3251 1104 3343 1159 καὶ
3363 1106 3442 1168 είς
3469 1104 3582 1174 φῶς
3599 1104 3851 1168 ἅπαντα,

2269 1195 2363 1248 καὶ
2413 1195 2586 1261 τάξιν,
2623 1198 2718 1251 καὶ
2765 1194 2903 1261 εἶδος
2956 1198 3202 1269 ἔρχεται,
3252 1197 3344 1251 καὶ
3396 1197 3664 1267 κόσμονή
3707 1195 3846 1266 πρὶν

2269 1286 2509 1356 ἀκοσμία
2549 1287 2837 1358 λαμϐάνει.
2902 1287 3179 1341 Ἐντεῦθεν
3232 1287 3507 1353 Αἴγυπτον
3538 1286 3848 1355 φεύγομεν,

2270 1376 2366 1446 τὴν
2394 1377 2723 1448 σκυθρωπὴν
2748 1370 2841 1431 καὶ
2868 1378 3159 1450 διώκτριαν
3198 1378 3493 1448 ἁμαρτίαν,
3521 1378 3613 1429 καὶ
3635 1376 3850 1446 Φαραὼ

2269 1468 2359 1520 τὸν
2390 1468 2619 1539 ἀόρατον
2649 1468 2931 1540 τύραννον,
2972 1470 3063 1522 καὶ
3094 1471 3218 1531 τοὺς
3252 1470 3481 1539 πικροὺς
3529 1468 3847 1538 ἐργοδότας,

2272 1560 2407 1629 πρὸς
2432 1559 2523 1612 τὸν
2544 1560 2656 1614 ἀνω
2682 1559 3206 1630 μετασκευαζόμενοι
3234 1560 3434 1629 κόσμον
3458 1571 3471 1585 ⁸
3502 1557 3707 1615 καὶτοῦ
3741 1576 3852 1627 πηο

2273 1647 2362 1700 λοῦ
2414 1649 2632 1718 καὶτῆς
2660 1648 2936 1711 πλινθείας
2989 1646 3453 1718 ὲλευθερούμεθα,
3505 1647 3600 1715 τῆς
3646 1662 3703 1698 τε
3743 1643 3847 1696 τοῦ

609 1754 746 1802 mur,
772 1737 935 1808 857
964 1737 1164 1807 paleari
1208 1737 1463 1792 nimirum
1496 1746 1550 1792 et
1574 1736 1813 1791 instabili
1853 1735 2034 1791 carnis
2066 1736 2167 1788 lut-

2274 1738 2479 1809 ἀχύρου
2513 1705 2628 1807 (ὅέ)
2662 1740 2755 1791 καὶ
2783 1705 3055 1810 σφαλνερᾶς
3082 1705 3610 1809 τοῦπαρκίουττοῦδε
3644 1736 3853 1789 συστά-

604 1826 691 1893 jus
720 1828 1119 1891 constitutione,
1172 1843 1290 1896 quae
1325 1842 1392 1883 ne
1417 1828 1653 1883 acerosis
1682 1828 1900 1898 quidem
1944 1827 2168 1881 rationi-

610 1918 707 1973 bus
751 1917 803 1970 in
836 1917 1018 1972 multis
1049 1918 1274 1973 validior
1322 1927 1425 1974 est.
1468 1898 1613 1975 Hinc,
1657 1934 1828 1989 agnus
1881 1928 2166 1982 mactatur,

607 2016 764 2074 atque
797 2006 936 2059 actio
962 2014 1018 2060 et
1049 2008 1455 2078 contemplatio,
1506 2022 1598 2063 seu
1636 2007 1855 2062 habitus
1895 2018 1948 2062 et
1998 2018 2168 2076 actus,

605 2095 836 2162 pretioso
860 2095 1119 2164 sanguine
1143 2096 1463 2165 signantur;
1517 2112 1638 2150 nam
1682 2098 1733 2151 hi
1776 2098 2036 2151 ostiorum
2078 2113 2173 2151 no-

602 2193 835 2239 strorum
879 2194 1056 2253 postes
1084 2194 1225 2250 sunt,
1278 2185 1381 2241 hoc
1416 2197 1518 2252 est,
1571 2189 1766 2241 mentis
1818 2188 2168 2258 agitationum

602 2284 658 2329 ct
706 2278 1035 2345 dogmatum,
1089 2291 1209 2345 qua:
1262 2292 1326 2331 ex
1366 2278 1818 2347 contemplatione
1862 2290 2006 2334 recte
2049 2295 2171 2349 ape-

603 2366 815 2421 riuntur
839 2376 997 2437 atque
1041 2368 1385 2434 clauduntur,
1441 2369 1875 2439 quandoquidem
1924 2385 2173 2439 compre—

606 2459 918 2513 hensionum
947 2474 1162 2530 quoque
1182 2460 1374 2515 modus
1406 2460 1623 2530 quidam
1660 2472 1763 2515 est.
1798 2462 1930 2516 llinc
1958 2473 2169 2531 postre-

604 2566 715 2619 ma,
755 2562 808 2607 et
850 2553 1281 2621 persecutoribus
1324 2552 1638 2622 gravissima
1673 2553 1847 2622 plaga,
1908 2564 2176 2623 nocteque

605 2643 843 2711 profecto
873 2644 1028 2715 digna
1065 2663 1078 2697 :
1112 2660 1177 2699 ac
1203 2645 1593 2715 cogitationum
1616 2660 1835 2698 suarum
1869 2646 2173 2700 actionum-

604 2749 707 2803 que
765 2735 1117 2805 primogenita
1174 2734 1318 2805 luget
1362 2734 1824 2806 AEgyptusmuod
1886 2744 1940 2790 et
1990 2751 2173 2791 semen

604 2825 945 2880 Chaldaicum
997 2825 1270 2881 sublatum
1323 2836 1485 2896 atque
1524 2841 1839 2896 oppressum
1895 2825 2175 2894 Scriptura

605 2925 760 2972 vocat
790 2918 859 2983 “,
889 2926 944 2972 et
968 2918 1218 2986 puerulos
1257 2915 1580 2989 Babylonios
1610 2918 1676 2972 ad
1701 2926 1906 2987 petram
1936 2917 2175 2973 allisos"

605 3019 659 3061 ct
690 3008 945 3079 solutos),
998 3019 1160 3077 atque
1208 3009 1446 3064 clamore
1494 3017 1549 3064 et
1598 3008 1984 3063 vociferatione
2035 3009 2172 3078 apud
2203 3037 2243 3094 ο

604 3098 883 3170 Εεγριῐοε
912 3101 1092 3155 omnia
1124 3111 1415 3171 personant
1442 3117 1457 3157 :
1497 3114 1561 3154 ac
1584 3109 1694 3153 tum
1724 3113 1755 3153 a
1782 3098 1937 3154 nobis
1961 3098 2171 3152 illorum

604 3193 993 3247 exterminatur
1027 3194 1259 3257 secedet,
1287 3193 1557 3249 unctionis
1586 3200 1730 3248 metu
1756 3206 1819 3247 ac
1844 3193 2169 3249 reverentia.

606 3280 742 3337 llinc
789 3282 1107 3338 fermentum
1149 3293 1356 3353 septem
1403 3284 1613 3339 dierum
1661 3281 1836 3351 spatio
1878 3282 1924 3313 ’⁵
1962 3281 2177 3336 submo-

606 3383 758 3429 vetur
801 3374 923 3447 (hic
958 3377 1099 3430 enim
1133 3390 1388 3432 numerus
1421 3375 1663 3431 omnium
1707 3374 1941 3429 maxime
1985 3376 2176 3446 mysti-

603 3480 719 3532 cus,
751 3475 913 3537 atque
947 3469 1071 3523 huic
1103 3469 1301 3522 mundo
1327 3464 1729 3537 consociatus),
1757 3468 1859 3522 hoc
1884 3476 1989 3530 est,
2024 3477 2177 3521 vetns

604 3570 661 3612 et
719 3560 874 3613 acida
921 3561 1156 3628 pravitas
1202 3560 1339 3630 (non
1395 3560 1540 3613 enim
1582 3558 1751 3623 illud,
1790 3558 1931 3627 quod
1982 3572 2174 3627 panem

604 3649 765 3704 allicit
792 3665 857 3705 ac
888 3650 1047 3704 vitale
1074 3651 1224 3719 est);
1270 3659 1327 3703 ut
1366 3665 1434 3705 ne
1467 3651 1608 3718 quod
1676 3648 2007 3718 Egyptiacae
2045 3664 2175 3704 cou-

607 3742 906 3811 spersionis
932 3740 1185 3795 viaticum
1213 3741 1281 3807 “,
1304 3755 1403 3795 nec
1423 3739 1556 3794 ullas
1578 3739 1900 3794 Pbarisaicaa
1924 3749 1973 3794 et
2003 3738 2178 3807 impiae

605 3833 860 3887 doctrinae
886 3832 931 3873 ’τ
956 3832 1209 3901 reliquias
1238 3830 1391 3885 nobis
1425 3844 1697 3900 paremus.

674 3919 815 3977 XVI.
832 3922 1005 3992 Atque
1026 3922 1097 3976 illi
1124 3922 1338 3991 quidem
1362 3921 1608 3988 lugeant:
1635 3935 1732 3975 nos
1761 3928 1940 3975 autem
1976 3936 2175 3992 agnum

605 4013 977 4081 comedamus;
1008 4013 1076 4067 ad
1123 4026 1403 4081 vesperam
1452 4010 1668 4080 quidem
1703 4011 1768 4075 “,
1806 4014 2061 4079 quoniam
2122 4010 2174 4064 in

605 4103 924 4159 saeculorum
975 4103 1080 4157 fine
1124 4102 1323 4157 ChriSti
1380 4102 1561 4170 passio
1595 4102 1851 4169 contigit;
1905 4101 2173 4169 siquidem

606 4210 827 4264 vespere
850 4195 1190 4264 quandoque,
1219 4195 1423 4260 peccati
1454 4192 1701 4247 videlicet
1739 4192 2023 4260 caliginem
2059 4192 2170 4246 dis-

604 4288 838 4352 cutiens,
894 4287 1167 4357 discipulis
1220 4295 1615 4341 sacramentum
1669 4284 1998 4353 impertitur.
2053 4282 2167 4336 Non

2274 1828 2549 1892 cewg,xai.
2592 1828 2711 1899 μηδ’
2766 1828 2888 1882 ὅσον
2922 1827 3221 1898 ἀχυρώδεσι
3254 1826 3531 1896 λογισμοῖς
3583 1825 3675 1879 ἐπὶ
3730 1823 3852 1876 τῶν

2273 1917 2482 1972 πολλῶν
2505 1919 2904 1989 κρατουμένης.
2950 1916 3227 1969 Ἐντεῦθεν
3260 1920 3288 1969 ό
3339 1916 3507 1985 ἀμνὸς
3535 1915 3852 1984 σφαγιάζε-

2269 2022 2382 2071 ται,
2416 2007 2511 2060 καὶ
2557 2005 2947 2078 σφραγίζονται
2976 2005 3053 2075 τῷ
3091 2006 3256 2076 τιμίῳ
3289 2004 3485 2075 αἵματι·
3510 2004 3706 2075 πρᾶξις
3747 2005 3853 2057 καὶ

2273 2096 2430 2165 λόγος
2460 2097 2594 2168 (54),
2632 2097 2805 2151 εἴτουν
2829 2096 2942 2163 ἕξις
2975 2098 3070 2151 καὶ
3113 2098 3381 2166 ἐνέργεια,
3421 2098 3474 2148 αἱ
3499 2096 3607 2148 τῶν
3634 2094 3851 2164 ἡμετέ-

2275 2208 2386 2261 ρων
2419 2189 2596 2259 θυρῶν
2622 2190 3022 2260 παραστάτιδες
3057 2190 3189 2260 (55),
3217 2190 3359 2257 λέγω
3389 2189 3453 2259 δὴ
3480 2188 3586 2241 τῶν
3615 2187 3707 2241 τοῦ
3749 2188 3850 2241 νοῦ

2275 2282 2591 2352 κινημάτων
2640 2282 2750 2351 (56)
2799 2298 2860 2333 τε
2898 2283 2991 2335 καὶ
3020 2272 3324 2352 δογμάτων,
3349 2280 3526 2342 καλῶς
3558 2279 3854 2348 ἀνοιγομέ·

2274 2388 2378 2424 νων
2415 2371 2508 2423 καὶ
2542 2369 2872 2439 κλειομένων
2901 2372 2968 2423 ὲκ
3012 2370 3266 2441 θεωρίας,
3289 2368 3476 2439 ἐπειδὴ
3506 2370 3699 2438 μέτρον
3723 2369 3852 2421 ἐστί

2274 2480 2327 2515 τι
2360 2462 2457 2515 καὶ
2495 2461 2871 2531 καταλήψεων.
2922 2461 3200 2516 Ἐντεῦθεν
3234 2464 3266 2532 ἡ
3310 2462 3592 2514 τελευταία
3627 2463 3719 2514 καὶ
3756 2462 3855 2530 βα-

2275 2553 2474 2626 ρυτάτη
2498 2555 2607 2616 τοῖς
2627 2542 2879 2615 διῶκταις
2911 2552 3111 2623 πληγὴ,
3146 2553 3239 2605 καὶ
3267 2551 3458 2615 νυκτὸς
3484 2552 3650 2615 ὅντως
3680 2552 3813 2627 ἀξία
3832 2568 3849 2583 ο

2274 2644 2367 2698 καὶ
2398 2644 2585 2715 θρηνεῖ
2603 2644 2672 2697 τά
2712 2644 3029 2714 πρωτότοκα
3051 2644 3157 2697 τῶν
3190 2643 3404 2697 οἰκείων
3435 2643 3711 2714 λογισμῶν
3745 2647 3852 2697 καὶ

2275 2734 2524 2806 πράξεων
2569 2736 2840 2805 Αἴγυπτος
2885 2736 2951 2806 (ὃ
2983 2736 3077 2789 καὶ
3125 2736 3346 2807 σπέρμα
3378 2736 3673 2789 Χαλδαῖκδν
3698 2736 3854 2801 ἐξαι-

2279 2824 2504 2895 ρόμενον
2541 2824 2656 2896 (57)
2690 2826 2756 2895 τῇ
2800 2825 2991 2895 Γραφῇ
3046 2824 3311 2890 καλεῖται,
3344 2826 3437 2878 καὶ
3470 2826 3637 2896 νήπια
3663 2826 3853 2879 Βαϐυ-

2274 2915 2441 2969 λώνια
2462 2918 2528 2988 τῇ
2562 2916 2737 2987 πέτρα
2769 2916 3246 2989 προσκροτούμενα
3295 2915 3407 2989 [58]
3434 2918 3525 2970 καὶ
3553 2917 3849 2987 λυόμενα),

2275 3008 2367 3061 καὶ
2395 3006 2525 3078 βοῆς
2555 3007 2735 3061 πάντα
2767 3008 2937 3079 μεστὰ
2968 3010 3063 3062 καὶ
3099 3008 3344 3079 κραυγῆς
3365 3008 3677 3076 Αἰγυπτίοις
3704 3008 3849 3078 (59)°

2276 3099 2372 3152 καὶ
2435 3098 2595 3169 ἡμῶν
2650 3099 2999 3170 ἀποχωρήσει
3037 3099 3335 3169 τηνικαῦτα
3388 3100 3417 3152 ό
3472 3100 3689 3152 ἐκείνων
3721 3100 3852 3153 ὀλο-

2276 3189 2526 3261 θρευτὴς,
2571 3188 2707 3243 αἰδοῖ
2744 3190 2839 3243 καὶ
2878 3189 3027 3259 φόϐῳ
3072 3189 3166 3243 τοῦ
3197 3190 3518 3261 χρίσματος.
3562 3189 3853 3244 Ἐντεῦθεν

2274 3283 2433 3353 ἄρσις
2466 3281 2565 3352 τῆς
2607 3281 2786 3352 ζύμης
2824 3282 3171 3352 ἑπταήμερος
3198 3275 3373 3351 (οὗτος
3407 3284 3513 3353 γὰρ
3564 3282 3851 3353 μυστικώ-

2274 3387 2432 3434 τατος
2450 3370 2719 3441 ἀριθμῶν,
2741 3370 2836 3424 καὶ
2862 3369 2940 3440 τῷ
2966 3370 3153 3440 κόσμῳ
3169 3369 3340 3441 τούτῳ
3358 3371 3632 3442 σύστοιχος
3662 3371 3783 3444 [60]
3804 3372 3850 3443 ),

2274 3463 2377 3533 τῆς
2414 3463 2649 3525 παλαιᾶς
2678 3462 2772 3515 καὶ
2800 3461 3033 3526 όξὼδους
3060 3463 3260 3526 κακίας
3301 3464 3383 3534 (ού
3422 3464 3529 3536 γὰρ
3556 3465 3652 3535 τῆς
3682 3467 3853 3536 ἀρτο-

2277 3552 2429 3605 ποιοῦ
2458 3570 2517 3605 τε
2548 3553 2643 3606 καὶ
2663 3551 2922 3623 ζωτικῆς)
2943 3567 2958 3582 ⁸
2981 3554 3066 3606 ἴνα
3101 3554 3265 3626 μηδὲν
3293 3555 3585 3624 Αίγύπτιον
3618 3558 3853 3610 ἐπισιτι-

2278 3643 2497 3713 ζώμεοα
2530 3643 2778 3714 φύραμα,
2803 3644 2896 3697 καὶ
2922 3643 3171 3713 λείψανον
3211 3647 3542 3718 Φαοισαῖκῆς
3563 3647 3657 3700 καὶ
3676 3647 3849 3701 ἀθέου

2274 3734 2641 3798 διδασκαλίας.

2345 3920 2461 3987 ις’.
2499 3918 2611 3971 Καὶ
2643 3919 2694 3971 οἱ
2729 3918 2826 3988 μὲν
2853 3918 3224 3989 θρηνείτωσαν
3249 3935 3263 3951 ο
3308 3920 3439 3989 ἡμῖν
3493 3920 3549 3973 δὲ
3595 3923 3623 3974 ὁ
3669 3921 3849 3991 ἁμνος

2278 4009 2645 4081 βρωθήσεταιο
2679 4010 2739 4063 τὸ
2763 4010 2893 4080 πρὸς
2922 4010 3159 4083 ἑσπέραν
3188 4010 3307 4082 μὲν,
3336 4013 3416 4065 ὅτι
3447 4014 3539 4065 ἐπὶ
3564 4013 3673 4082 (61)
3714 4030 3851 4066 συν-

2276 4101 2464 4173 τελεία.
2491 4102 2599 4154 τῶν
2622 4103 2830 4156 αἰώνων
2863 4103 2923 4155 τὸ
2943 4102 3177 4172 Χριστοῦ
3207 4102 3375 4166 πάθος
3403 4120 3417 4134 ⁸
3455 4104 3576 4157 ἐπεὶ
3604 4102 3714 4173 (62)
3742 4105 3851 4157 καὶ

2277 4193 2521 4245 κοινωνεῖ
2544 4190 2638 4243 τοῦ
2669 4192 2964 4263 μυστηρίου
2988 4191 3098 4261 (65)
3118 4194 3229 4256 τοῖς
3255 4193 3520 4263 μαθηταῖς
3537 4195 3591 4246 ἐν
3610 4194 3846 4265 ἑσπέρᾳ,

2275 4282 2416 4335 λύων
2442 4268 2542 4334 τἐὸν
2574 4282 2760 4335 σκότον
2810 4282 2911 4351 τῆς
2958 4283 3264 4353 ἁμαρτίας.
3322 4283 3433 4352 Ούχ
3471 4282 3729 4352 ἑψόμενος
3756 4283 3846 4347 δὲ,

603 4377 802 4433 clixum
836 4387 1038 4443 autem,
1071 4378 1164 4434 sed
1195 4385 1393 4433 tostum
1424 4376 1500 4441 ";
1534 4386 1594 4431 ut
1647 4390 1713 4430 ne
1756 4375 1883 4444 quid
1917 4374 2165 4442 specula-

2273 4375 2383 4428 ἀλλ’
2421 4373 2764 4443 ὀπτώμενος·
2800 4372 2875 4435 ὡς
2899 4372 2963 4426 ἂν
3001 4374 3165 4444 μηδὲν
3196 4373 3526 4445 ἀθεώρητον,
3557 4374 3676 4444 μηδ’
3708 4374 3847 4427 ὑδα-

706 4470 751 4503 "
770 4469 952 4525 Judith
980 4485 1033 4537 ν,
1063 4469 1118 4525 6.

603 4541 647 4573 ”
679 4540 810 4595 ibid.
840 4542 894 4595 9.

694 4634 782 4705 51)
846 4636 1245 4703 Ὀμοτρόποιςο
1275 4636 1451 4705 (irai,
1479 4632 1868 4705 ὁμοιοτρόποις.

695 4704 781 4773 52)
832 4705 890 4759 Ἠ
927 4705 1050 4774 ιερὰ
1085 4705 1225 4769 νύξ,
1251 4715 1352 4760 etc.
1380 4704 1498 4757 Bill.
1524 4722 1539 4759 :
1571 4723 1588 4754 ι
1609 4718 1760 4757 sacra
1791 4709 1999 4774 uo;,_et
2026 4715 2163 4769 prte-

600 4771 771 4827 sentis
790 4776 933 4836 vitm,
959 4771 1059 4829 hoc
1080 4785 1181 4837 est,
1212 4774 1427 4828 sull‘usze
1457 4774 1611 4839 hujus
1644 4774 1840 4835 noctis,
1870 4771 2105 4834 inimica,
2136 4789 2155 4822 ι

600 4851 703 4895 etc.
732 4841 845 4896 Hac
894 4844 1328 4912 interpretatione
1373 4844 1453 4895 vir
1487 4842 1676 4912 doetus
1724 4857 1826 4895 non
1856 4844 1986 4894 satis
2029 4839 2163 4912 Gre-

601 4912 733 4980 gorii
765 4921 994 4964 mentem
1029 4909 1217 4980 aperit.
1263 4911 1508 4981 Magnum
1557 4911 1844 4981 discrimen
1901 4909 2164 4977 reperitur

599 4979 741 5032 inter
770 4979 1083 5046 praesentem
1119 4983 1304 5044 vitam,
1332 4979 1384 5034 e't
1421 4981 1668 5034 tenebras
1694 4979 1887 5045 quibus
1928 4992 2160 5046 praesens

600 5050 705 5100 vita
732 5050 1072 5103 suffunditur.
1097 5070 1114 5101 ι
1138 5050 1249 5104 Nox
1265 5066 1473 5113 sacra,»
1505 5051 1570 5104 de
1594 5064 1698 5117 qua
1722 5048 1915 5117 agitur,
1950 5047 2163 5100 inimica

599 5118 811 5183 quidem
848 5127 927 5172 est
966 5121 1325 5182 tenebrarum,
1378 5121 1516 5180 vitii,
1555 5119 1778 5187 peccati.
1823 5117 2157 5185 ignorantizn,

600 5201 719 5254 qua:
743 5188 903 5240 vitant
941 5201 1174 5242 nostram
1198 5206 1199 5209 ‘
1224 5189 1503 5252 obsident;
1542 5188 1634 5241 sed
1682 5187 1847 5255 ipsius
1875 5187 2157 5255 pra-sentis

601 5258 722 5309 vita:
749 5256 967 5310 multum
997 5259 1165 5311 antica
1198 5270 1299 5312 est.

670 5325 780 5397 (53)
825 5326 938 5395 Τῆς
968 5343 1030 5380 τε
1060 5328 1165 5381 τοῦ
1200 5329 1447 5397 ἀκύρου,
1478 5336 1581 5397 etc.
1613 5325 1829 5397 «(Atque
1854 5323 1938 5397 his
1972 5320 2158 5397 paleis,

599 5404 654 5446 et
681 5391 813 5458 levi,
853 5391 1160 5458 straminea,
1205 5391 1954 5466 lubricaque.itilid:ecaruis
2003 5391 2161 5460 hujus

599 5468 995 5530 constitutione,
1027 5486 1045 5519 ι
1066 5478 1167 5521 etc.

670 5535 783 5612 (δέ)
820 5537 929 5612 Kal
957 5538 1216 5612 λόγος-.-ι
1247 5536 1459 5612 Sermo,
1491 5556 1507 5589 ι
1538 5535 1640 5612 vel,
1681 5554 1699 5586 ι
1732 5533 1887 5612 ratio.
1917 5551 1950 5612 ,ξ
1991 5601 2001 5612 .

818 5599 1275 5675 Παρασὲάὲιδες.
1310 5610 1401 5661 Sic
1429 5599 1591 5675 Rt'gg.
1630 5599 1736 5671 bin,
1782 5605 1871 5674 ph,
1913 5600 2073 5656 COiSl-
2110 5599 2160 5665 ί,

600 5674 810 5742 Comh.,
850 5674 950 5732 etc.
985 5676 1038 5731 lu
1072 5681 1180 5743 cd.,
1210 5674 1565 5749 mpsim-didas-

1193 4468 1241 4502 "
1262 4468 1401 4526 Psal.
1426 4487 1642 4538 cxxxvr,
1669 4469 1725 4535 8,
1764 4470 1819 4523 9.
1894 4470 1939 4500 ’⁵
1966 4467 2129 4522 Exod.
2173 4485 2269 4534 xu,
2307 4469 2389 4524 19.
2467 4470 2516 4500 ³⁸
2550 4468 2676 4522 ibid.
2754 4468 2798 4498 ”
2831 4466 3016 4521 Matth.
3052 4483 3163 4533 xvi,
3197 4468 3249 4521 6.

3350 4468 3396 4499 “
3422 4469 3589 4523 Exod.
3628 4484 3712 4532 xu,
3752 4469 3842 4521 l8.

2338 4626 2450 4700 (56)
2478 4623 2602 4700 ᾜῶν
2628 4621 2736 4700 τοῦ
2764 4620 3254 4700 νοῦῆκινημιξτων.
3282 4618 3371 4700 Sic
3390 4621 3620 4689 quinque
3642 4619 3839 4689 Regg.,

2268 4692 2361 4752 0r.
2406 4692 2455 4758 l,
2490 4694 2704 4751 ϐυιιιίι..
2735 4703 2836 4743 etc.
2874 4692 3020 4745 DcCu
3051 4692 3159 4742 τῶν
3192 4694 3240 4742 iu
3268 4692 3351 4741 ed.

2338 4765 2449 4833 (57)
2501 4762 2935 4830 Ἐξαιρόμενον.
2966 4763 3205 4827 Quatuor
3233 4758 3385 4813 Colb.
3410 4768 3464 4812 et
3496 4758 3587 4813 0r.
3622 4760 3675 4821 1,
3700 4759 3842 4824 ἐξαι-

2304 4838 2363 4890 ού
2373 4850 2547 4890 μενον.

2269 4854 3034 4975 ρῦῗὲξῖἭροσκρρτούμ-ενας
3078 4897 3279 4975 ΝἰιδςιηΔ
3304 4897 3741 4975 προσκρούμενα.

2339 4968 2453 5041 (59)
2492 4968 2851 5040 Αἰγυπτίοις.
2879 4970 3095 5041 cond».
3112 4969 3223 5029 τοῖς
3253 4968 3589 5041 Αἰγυπτίοις.

2341 5035 2450 5114 (60)
2466 5035 2835 5114 -Σύὶῖτοιχοᾳ
2864 5058 2897 5114 Δι
2938 5038 3188 5114 Ejusdem
3229 5052 3347 5088 cum
3386 5040 3485 5089 hoc
3524 5035 3720 5114 Imm-do
3744 5051 3830 5085 nr-

2268 5105 2440 5167 dinis:
2464 5112 2597 5164 Τιιίιι
2631 5105 2776 5177 quia,
2813 5128 2830 5159 ι
2864 5108 3035 5175 inquit
3068 5105 3302 5168 Nicclas,
3342 5125 3359 5177 ι
3395 5116 3594 5177 septem
3624 5106 3829 5157 dierum

2270 5184 2441 5251 spatio
2476 5174 2701 5233 mundus
2729 5174 2976 5251 omnibus
3008 5178 3120 5230 suis
3148 5176 3386 5229 numeris
3416 5174 3691 5251 a_l_i_snlutus
3723 5188 3828 5251 es,

2270 5243 2379 5306 tum
2407 5251 2526 5318 quia
2559 5249 2783 5315 eXpletis
2816 5258 3020 5315 septem
3068 5260 3326 5318 annorum
3363 5243 3617 5318 millibus,
3647 5244 3828 5318 mutuli

2272 5324 2392 5375 linis
2421 5309 2753 5373 futurus'est.
2784 5337 2800 5369 ι
2833 5309 3143 5385 Αἱιοιιγῃιιιε
3174 5316 3225 5368 in
3252 5315 3381 5385 Reg.
3406 5330 3433 5367 a
3456 5331 3469 5368 :
3489 5311 3585 5365 Διά
3614 5312 3673 5363 τὸ
3699 5309 3835 5364 ἐπτά

2272 5390 2428 5443 αἰῶσι
2462 5390 2549 5441 τὸν
2579 5389 2781 5459 κόσμον
2815 5383 3236 5459 περιορίςρεσθαι.

2343 5461 2453 5525 (ιιι)
2505 5460 2656 5511 Ἐπί.
2683 5450 2789 5511 ’δίο
2830 5450 2987 5510 codd.
3023 5454 3274 5509 Mendose
3312 5468 3364 5507 tn
3408 5455 3529 5506 θοι.
3556 5450 3663 5525 eth,
3691 5450 3828 5525 επεί.

2342 5522 2454 5597 (6:!)
2510 5528 2690 5581 Ἐπεί.
2724 5528 2811 5579 Sic
2844 5526 2999 5597 codd.
3036 5525 3204 5597 Prage
3235 5526 3288 5579 in
3321 5526 3442 5597 Par.
3474 5525 3581 5597 ed._.
3615 5522 3727 5597 ἐπί.

2494 5598 2599 5650 Τοῦ
2624 5596 2976 5669 μυστηρίου.
3016 5596 3105 5649 Sic
3155 5594 3319 5665 chg.
3374 5596 3478 5659 but,
3529 5593 3620 5661 pb,
3660 5591 3750 5647 Or.
3781 5588 3831 5653 1,

2270 5667 2374 5723 etc.
2418 5670 2569 5721 Deest
2603 5667 2694 5719 τοῦ
2734 5684 2783 5718 ιιι
2814 5669 2899 5720 ed.
