4100 6276
270 257 382 313 615

1238 241 1490 300 ORATIO
1529 241 1688 299 XLV.
1728 272 1797 282 —
1832 243 1900 297 IN
1944 241 2272 299 SANCTUM
2309 241 2601 299 PASCHA.

3416 243 3521 301 616

272 370 369 440 ρὲς
409 363 520 435 (64)
551 364 581 416 ὁ
617 360 774 430 λόγος
797 361 927 431 ἡμῖν
957 357 1023 413 ἂν
1048 356 1160 430 (65)
1182 356 1301 429 ἔχῃ,
1340 357 1461 429 μηδ’
1496 356 1808 412 εὐδιάλυτον
1833 396 1849 423 ,

1964 357 2126 412 tionis
2182 371 2375 428 expers
2408 367 2569 428 atque
2610 369 2869 426 aquosum
2930 355 3085 413 nobis
3118 355 3238 413 ﬁdei
3273 357 3516 412 doctrina

270 457 391 515 ἀλλ’
422 457 545 517 ὅλος
579 452 687 523 (66)
719 449 985 513 συνεστὼς
1018 446 1074 524 ᾗ,
1096 449 1191 504 xui
1220 448 1465 520 στερρὸς,
1493 448 1587 501 xui
1613 446 1690 518 τῷ
1716 447 1850 501 καθ-

267 546 485 621 αρτικῷ
528 545 664 615 πυρὶ
707 541 1182 611 δεδοκιμασμένος,
1238 540 1333 593 xui
1379 540 1580 602 παντὸς
1615 537 1849 603 ὑλώδους

270 638 582 709 ἐλεύθερος,
617 634 712 689 καὶ
759 633 1071 703 ἀπέριττος,
1123 632 1216 684 καὶ
1248 634 1361 694 τοῖς
1403 631 1586 694 καλοῖς
1617 628 1846 701 ἄνθραξι

272 729 625 802 βοηθώμεθα,
648 727 709 780 τὸ
736 725 1071 794 διανοητικὸν
1092 722 1247 795 ἡμῶν
1268 723 1567 777 ἀνάπτουσι
1597 723 1691 776 xui
1717 722 1849 775 καθ·-

270 820 512 891 αίρουσι,
545 816 698 888 παρὰ
736 813 829 868 τοῦ
863 814 974 885 πῦρ
1003 814 1247 876 ἐλθόντος
1276 813 1455 884 βαλεῖν
1485 814 1577 866 ἐπὶ
1595 814 1698 884 τῆς
1722 813 1846 885 γῆς,

270 913 333 966 τὸ
365 910 478 963 τῶν
511 905 798 980 μοχθηρῶν
828 904 994 972 ἕξεων
1017 904 1373 970 ἀναλωτικδν,
1398 905 1493 959 καί
1522 904 1620 975 τὴν
1648 904 1849 974 ἄναψιν

271 995 714 1057 ἰπισπεύδοντος.
752 992 916 1046 Ὅσον
978 992 1076 1062 μὲν
1123 987 1219 1045 οὖν
1251 992 1528 1064 σαρκῶδες
1563 992 1657 1046 τοῦ
1686 994 1847 1062 λόγου

272 1090 369 1144 xui
395 1088 686 1159 τρόφιμον,
726 1084 863 1155 μετὰ
882 1084 990 1138 τῶν
1018 1084 1307 1138 ὲντοσθίων
1336 1085 1445 1153 (67)
1468 1086 1559 1138 xui
1574 1085 1683 1139 τῶν
1717 1103 1850 1157 κρυ-

271 1176 413 1245 φίων
432 1174 530 1228 τοῦ
553 1173 646 1226 νοῦ
681 1173 1019 1243 βρωθήσεται
1069 1172 1162 1225 xui
1187 1172 1613 1243 ἀναλωθήσεται,
1646 1175 1738 1227 καὶ
1768 1175 1849 1238 εἰς

274 1267 439 1335 πέψιν
471 1263 846 1335 πνευματικὴν
884 1262 1286 1332 ἁναδοθήσεται,
1313 1262 1439 1333 ἄχρι
1483 1264 1720 1334 κεφαλῆς
1755 1264 1849 1318 xui

275 1356 475 1418 ποδῶν,
505 1356 616 1409 τῶν
638 1372 696 1407 τε
731 1352 960 1425 πρώτων
998 1355 1107 1421 (6S)
1130 1354 1254 1423 περὶ
1286 1353 1535 1422 θεότητος
1568 1355 1851 1426 θεωρημά-

275 1464 403 1507 των,
430 1445 529 1500 xui
558 1444 665 1497 τῶν
709 1443 1031 1495 τελευταίων
1058 1442 1156 1510 τῆς
1191 1441 1522 1511 σαρκώσεως
1547 1442 1655 1513 (69)
1684 1462 1849 1515 φρον-

274 1537 577 1607 τισμάτων.
626 1534 738 1587 Ούκ
790 1531 1068 1602 ἐξοίσομεν
1092 1530 1147 1583 δὲ
1173 1532 1345 1591 οὐδὲν,
1374 1532 1493 1584 οὐδὲ
1516 1534 1595 1596 εἰς
1617 1533 1676 1586 τὸ
1703 1534 1850 1605 πρωὶ

1955 448 2171 513 haheat,
2201 464 2298 504 nec
2324 448 2613 517 ejusmodi,
2641 456 2699 504 ut
2746 448 2900 505 facile
2949 449 3168 505 dissolvi
3205 458 3389 518 queat,
3423 450 3520 505 sed

1956 549 2065 595 tota
2097 541 2264 595 densa
2289 548 2341 595 et
2366 541 2558 604 solida,
2585 550 2745 611 atque
2780 542 2902 611 igne
2929 550 3190 611 purgante
3214 542 3519 609 explorata,

1950 637 2005 682 et
2037 628 2104 682 ab
2134 628 2279 682 omni
2326 628 2592 683 crassiore
2620 643 2684 682 ac
2711 628 2981 699 superﬂua
3015 630 3240 683 materia
3275 642 3408 697 pura
3465 639 3521 684 et

1952 718 2120 772 libera
2164 719 2255 785 sit,
2289 731 2451 785 utque
2483 718 2637 774 bonis
2671 719 2774 774 illis
2802 720 3149 785 carbonibus,
3179 719 3511 775 intellectum

1951 821 2193 865 nostrum
2225 811 2645 865 accendentibus
2667 820 2720 866 et
2769 812 3145 881 purgantibus,
3183 813 3250 868 ab
3281 826 3347 869 eo
3376 812 3520 882 adju-

1950 916 2160 969 vemur,
2187 902 2275 971 qui
2300 902 2503 956 idcirco
2535 901 2586 956 in
2618 912 2814 957 terram
2845 904 3011 968 venit,
3051 913 3108 958 ut
3145 905 3210 957 ad
3247 905 3520 973 improbas

1950 992 2114 1047 animi
2167 994 2505 1048 habitudines
2561 994 2917 1050 absumendas
2951 996 3127 1065 ignem
3170 996 3410 1052 mitteret
3444 994 3518 1064 ³⁸,

1951 1082 2173 1153 ejusque
2215 1084 2587 1139 accensiouem
2655 1085 2963 1155 adurgeret.
3022 1085 3289 1157 Quidquid
3355 1103 3520 1158 porro

1950 1188 2205 1228 carneum
2253 1182 2307 1229 et
2350 1174 2683 1228 esculentum
2718 1176 2877 1230 habet
2908 1177 3173 1241 doctrina,
3208 1192 3333 1231 cum
3382 1178 3522 1232 inte-

1951 1263 2108 1317 stinis
2160 1262 2465 1333 abditisquc
2500 1264 2695 1318 mentis
2725 1265 2963 1333 partibus
3001 1265 3169 1336 858
3208 1267 3522 1322 contedetur

1951 1366 2007 1411 et
2038 1357 2353 1411 absumetur
2376 1358 2442 1421 ³³,
2482 1370 2642 1426 atque
2668 1358 2734 1411 ad
2762 1357 3091 1426 spiritualent
3119 1359 3517 1412 concoctionem

1953 1445 2247 1513 digeretur,
2279 1446 2344 1498 ad
2379 1455 2540 1515 caput
2574 1460 2741 1514 usque
2764 1460 2828 1500 ac
2856 1447 3040 1515 pedes,
3061 1448 3161 1501 hoc
3191 1459 3293 1512 est,
3320 1448 3521 1516 primas

1956 1537 2022 1589 de
2074 1536 2367 1591 Divinitate
2393 1539 2876 1607 contemplationes
2908 1547 2961 1592 et
3016 1547 3315 1607 postremas
3350 1539 3522 1593 lucar-

277 1625 678 1696 καταλείψομεν
730 1624 875 1696 (70)·
932 1625 1014 1676 ὅτι
1072 1623 1208 1693 μηδὲ
1267 1624 1473 1694 ἐκφορὰ
1505 1628 1614 1688 τοῖς
1650 1624 1752 1689 ἔξω
1780 1624 1851 1679 τὰ

1954 1628 2192 1683 nationis
2244 1628 2637 1683 meditationes.
2672 1628 2783 1683 Nec
2815 1644 2944 1682 vero
2990 1630 3282 1699 quidquam
3334 1630 3523 1685 eﬂ'ere-

280 1716 447 1770 πολλὰ
501 1716 610 1769 τῶν
648 1715 928 1786 ἡμετέρων
997 1714 1330 1783 μυστηρίων,
1390 1716 1524 1784 μηδὲ
1583 1716 1720 1785 ὑπὲρ
1750 1717 1849 1787 τὴν

1955 1702 2094 1782 mus,
2123 1731 2223 1771 nec
2271 1732 2440 1787 usque
2467 1718 2532 1771 ad
2580 1732 2736 1772 mane
2770 1718 3136 1786 relinquemus
3166 1720 3233 1785 “,
3265 1722 3519 1788 quoniam

276 1810 447 1863 νύκτα
472 1807 676 1878 ταύτην
704 1807 817 1858 ἔστι
840 1823 923 1868 τις
952 1804 1237 1875 κάθαρσις,
1262 1806 1354 1856 καὶ
1377 1806 1436 1858 τὸ
1458 1808 1554 1877 τῆς
1583 1806 1851 1871 ἀναϐολῆς

274 1902 373 1954 οὐκ
431 1893 716 1954 ἐπαινετὸν
769 1901 880 1960 τοῖς
940 1896 1033 1949 τοῦ
1086 1896 1260 1965 Λόγου
1320 1898 1846 1967 μεταλαμϐάνουσιν.

276 1994 490 2063 Ὥσπερ
519 1991 630 2062 γὰρ
648 1990 745 2063 τὴν
767 1988 933 2060 ὀργὴν
965 1988 1037 2059 μὴ
1080 1989 1444 2061 διημερεύειν,
1483 1989 1617 2041 ἀλλὰ
1644 2006 1851 2060 προκα-

273 2083 490 2138 ταλύειν
522 2082 674 2152 ἡλίου
704 2082 866 2135 καλὸν
888 2082 1021 2153 (71),
1055 2081 1245 2150 καὶτῷ
1264 2080 1381 2150 Θεῷ
1392 2081 1561 2148 φίλον,
1589 2080 1851 2151 χρονικῶς

274 2193 333 2230 τε
374 2175 471 2228 xui
507 2173 869 2241 ἀναγωγικῶς
934 2171 1269 2242 (ὲπιδύεσθαι
1316 2170 1425 2242 γὰρ
1476 2172 1852 2242 ὀργιζομένοις

274 2268 408 2335 ἡμῖν
440 2264 544 2316 ούκ
573 2261 810 2330 ἀσφαλὲς
841 2260 933 2313 τὸν
967 2261 1065 2330 τῆς
1093 2259 1439 2329 δικαιοσύνης
1467 2259 1638 2329 ἥλιον)
1664 2276 1677 2290 ·
1709 2259 1852 2313 οὕτω

272 2357 372 2428 τὴν
406 2354 665 2424 τοιαύτην
691 2352 890 2424 βρῶσιν
929 2351 1003 2423 μὴ
1049 2350 1483 2422 διανυκτερεύειν
1529 2350 1666 2421 (72),
1714 2350 1850 2421 μηδὲ

276 2451 354 2513 εἰς
384 2448 485 2519 τὴν
504 2447 633 2517 ἑξῆς
658 2444 1025 2498 ἀποτίθεσθαι.
1042 2444 1204 2496 Ὅσον
1223 2443 1536 2519 δὲρόστῶδες
1562 2444 1655 2495 xui
1675 2443 1852 2513 ἄϐρω-

275 2554 388 2602 τον,
443 2538 540 2591 xui
590 2538 723 2607 ἡμῖν
775 2533 1169 2604 δυσθεώρητον,
1233 2509 1353 2586 οδδὲ
1414 2531 1848 2601 συντριϐήσεται,

272 2629 461 2691 κακῶς
511 2626 887 2696 διαιρούμενον
915 2624 1006 2676 xui
1033 2622 1316 2692 νοούμενον
1360 2622 1454 2691 (ἐῶ
1485 2622 1592 2690 γὰρ
1630 2622 1809 2691 λέγειν
1832 2660 1847 2687 ,

272 2724 354 2777 ὃτι
383 2718 541 2790 μηδὲ,
596 2717 736 2770 κατὰ
761 2715 858 2787 τὴν
899 2716 1156 2787 ἱστορίαν,
1209 2714 1301 2768 τοῦ
1356 2715 1525 2785 Ἰησοῦ
1565 2713 1676 2787 [75]
1726 2732 1850 2768 συν-

273 2813 489 2884 ετρίϐη,
515 2810 609 2864 καί
636 2809 715 2861 τοι
739 2825 802 2877 γε
834 2807 928 2860 τοῦ
961 2808 1189 2861 θανάτου
1218 2811 1329 2870 τοῖς
1357 2810 1693 2877 σταυρωταῖς
1716 2810 1852 2861 ἐπι-

276 2903 666 2972 σπευδομένου,
701 2898 791 2952 διὰ
846 2897 906 2951 τὸ
940 2898 1243 2968 Σάϐϐατον)
1266 2914 1277 2926 ·
1315 2898 1437 2951 οὐδὲ
1473 2898 1586 2967 (74)
1616 2900 1851 2969 ἀπορρι-

1954 1819 2054 1858 nec
2088 1806 2153 1859 ad
2180 1816 2397 1862 exteros
2430 1823 2624 1879 magna
2650 1819 2958 1863 nostrorum
2978 1812 3362 1881 mysteriorum
3394 1828 3520 1882 pars

1952 1893 2219 1949 eli‘erenda
2254 1905 2359 1963 est,
2387 1913 2487 1953 nec
2517 1897 2654 1952 ultra
2692 1899 2830 1952 hanc
2880 1909 3091 1954 noctem
3141 1903 3386 1971 purgatio
3413 1903 3521 1957 ulla

1952 1994 2241 2054 superest,
2277 2002 2376 2042 nec
2430 1989 2483 2043 in
2527 1989 2592 2045 iis
2636 1990 2728 2058 qui
2771 1990 2929 2044 Verbi
2989 1991 3279 2060 participes
3333 1993 3514 2058 ﬁunt,

1954 2079 2380 2145 procrastinatio
2411 2078 2624 2134 laudem
2654 2080 2837 2134 habet.
2866 2080 3325 2146 Quemadmodum
3376 2086 3520 2139 enim

1953 2168 2271 2237 prteclarum
2305 2185 2369 2225 ac
2431 2170 2540 2227 Deo
2593 2180 2803 2241 gratum
2858 2183 2964 2235 est,
2995 2184 3053 2226 ut
3082 2174 3157 2227 ira
3189 2190 3285 2245 per
3306 2190 3520 2229 omnem

1954 2258 2061 2312 diei
2098 2273 2316 2314 cursum
2350 2260 2573 2316 minime
2602 2264 2781 2329 duret,
2818 2279 3003 2318 verum
3030 2276 3156 2321 ante
3180 2265 3351 2320 solem
3382 2266 3523 2321 occi-

1954 2350 2045 2404 dat
2071 2350 2140 2415 ³³,
2176 2351 2290 2405 sive
2336 2352 2387 2406 id
2440 2352 2722 2423 temporali
2760 2356 2938 2418 modo,
2966 2357 3079 2411 sive
3104 2358 3397 2426 anagogico
3435 2358 3521 2411 itt-

1955 2443 2163 2515 telligas
2193 2445 2315 2513 (nec
2342 2446 2488 2500 enim
2517 2446 2673 2501 nobis
2694 2447 3059 2503 irascentibus
3103 2450 3327 2517 justitiae
3355 2450 3522 2504 solem

1956 2539 2279 2591 occumbere
2335 2545 2506 2592 tutum
2539 2540 2680 2607 est);
2729 2540 2801 2593 ita
2843 2555 2941 2594 nec
2990 2539 3295 2607 huiusmodi
3342 2554 3525 2596 escam

1953 2636 2293 2698 pernoctare,
2321 2645 2418 2685 nec
2453 2630 2505 2685 in
2532 2637 2808 2699 posterum
2842 2633 2981 2686 diem
3032 2632 3250 2686 recondi
3286 2632 3524 2701 expedit.

1954 2719 2222 2789 Quidquid
2266 2732 2443 2777 autem
2481 2738 2696 2781 osseum
2754 2725 3081 2793 minimeque
3130 2726 3199 2777 ad
3257 2724 3524 2778 edendum

1953 2820 2135 2881 aptum
2168 2822 2292 2877 est,
2322 2814 2567 2883 hancque
2607 2815 2869 2870 rationem
2912 2815 3106 2880 habet,
3139 2824 3196 2867 ut
3218 2814 3528 2870 dillicillime

1952 2902 2175 2974 intelligi
2199 2914 2385 2973 queat,
2424 2906 2476 2960 id
2508 2922 2609 2962 nec
2640 2908 3007 2977 confringetur
3034 2907 3101 2972 ³³,
3133 2908 3233 2962 hoc
3254 2916 3359 2970 est,
3381 2907 3522 2962 male

273 2998 506 3067 φήσεται
553 2994 645 3046 xui
694 2992 1116 3063 περισυρήσεται
1162 2990 1304 3059 (75)’
1351 2990 1436 3041 ἵνα
1478 2988 1550 3059 μὴ
1612 2988 1738 3060 δρθῇ
1781 2989 1851 3043 τὰ

1955 2996 2229 3052 dividetur
2278 3006 2441 3067 atque
2494 2998 2825 3069 intelligetur
2878 2998 3245 3069 (mittoenim
3302 2998 3524 3063 dicere,

272 3090 403 3158 ἆγια
444 3089 560 3149 τοῖς
602 3086 729 3139 κυσὶ
769 3086 863 3137 xui.
904 3085 1094 3145 κακοῖς
1138 3081 1230 3133 τοῦ
1270 3081 1442 3150 Λόγου
1482 3082 1847 3153 σπαράκταις,

1956 3086 2120 3154 quod,
2147 3100 2267 3150 nec,
2299 3096 2560 3155 quantum
2596 3088 2662 3141 ad
2691 3089 3006 3143 historicum
3039 3102 3279 3152 sensum,
3306 3102 3367 3143 os
3391 3087 3521 3142 Jesu

271 3180 463 3249 ὥσπερ
512 3177 632 3230 οὐδὲ
667 3178 777 3239 τοῖς
816 3176 1020 3246 χοίροις
1051 3173 1111 3225 τὸ
1134 3172 1382 3243 λαμπρὸν
1425 3172 1520 3225 τοῦ
1550 3173 1725 3241 Λόγου
1754 3173 1849 3227 xui

1954 3177 2288 3231 confractum
2320 3186 2422 3242 est,
2454 3179 2614 3248 idque
2641 3195 2763 3237 cum
2790 3178 3073 3235 carniﬁces
3103 3180 3147 3211 ³⁸
3178 3180 3346 3248 ipsius
3375 3195 3524 3234 mor-

271 3269 637 3343 μαργαρῶδες
660 3286 675 3300 ’
715 3269 850 3322 ἀλλὰ
899 3268 1030 3340 πυρὶ
1065 3266 1597 3337 καταναλωθήσεται,
1645 3266 1721 3335 τῷ
1755 3264 1849 3318 xui

1959 3277 2062 3322 tem
2116 3271 2185 3325 ob
2224 3269 2522 3326 Sabbatutn
2574 3271 2953 3343 adurgereut);
2986 3287 3084 3327 nec
3128 3271 3443 3342 projicietur
3472 3279 3528 3326 et

268 3365 338 3417 τὰ
367 3362 481 3432 (76)
511 3360 956 3431 ὁλοκαυτώματα,
991 3360 1059 3413 τὰ
1110 3360 1289 3412 πάντα
1329 3358 1615 3428 ὲρευνῶντι
1647 3357 1741 3410 xui
1771 3358 1849 3410 ei-

269 3457 379 3509 δότι
412 3453 692 3523 Πνεύματι
716 3451 1083 3521 λεπτυνόμενα
1115 3450 1206 3503 xui
1238 3449 1538 3519 σωζόμενα,
1565 3449 1664 3501 οὐκ
1691 3437 1847 3501 ἀπολ-

270 3548 480 3617 λύμενα
504 3542 627 3596 καθ’
654 3543 881 3604 ὑδάτων,
912 3541 1031 3593 οὐδὲ
1069 3540 1431 3612 σπειρόμενα·
1469 3537 1654 3612 ὥσπερ
1687 3541 1720 3610 ἡ
1758 3556 1851 3591 κε-

270 3637 412 3707 φαλὴ
439 3634 535 3688 τοῦ
571 3633 770 3704 μόσχου
802 3632 953 3702 παρὰ
982 3631 1281 3693 Μωῡσέως,
1315 3632 1346 3700 ή
1378 3630 1751 3701 σχεδιασθεῖσα
1776 3630 1853 3701 τῷ

284 3726 524 3799 Ἰσραὴλ,
558 3727 637 3789 εἰς
659 3723 959 3793 ὀνειδισμὸν
995 3724 1092 3795 τῆς
1125 3722 1490 3793 σκληρότητος
1512 3721 1646 3793 (77).

1956 3361 2276 3431 raptabitur,
2310 3376 2377 3417 ne
2420 3371 2604 3417 sancta
2647 3364 2867 3418 canibus
2926 3366 3139 3428 dentur,
3180 3377 3244 3417 ac
3299 3362 3531 3416 scelera-

1959 3450 2026 3505 tis
2062 3448 2218 3504 Verhi
2263 3451 2693 3520 discerpturibus
2719 3493 2733 3517 ,
2761 3451 3214 3519 quemadmodum
3250 3466 3352 3504 nec
3400 3465 3527 3519 por-

1968 3540 2046 3593 cis
2071 3540 2119 3571 “
2150 3542 2292 3609 quod
2324 3541 2377 3593 in
2418 3540 2590 3593 Verbo
2619 3540 2951 3609 splendidum
2983 3548 3035 3593 et
3074 3554 3375 3609 gemmeum
3420 3549 3523 3603 est,

1959 3645 2145 3685 verum
2171 3633 2291 3701 igne
2322 3632 2657 3694 absumetur,
2687 3646 2795 3700 quo
2815 3640 2870 3685 et
2897 3631 3237 3697 holocausta,
3262 3647 3291 3685 a
3324 3632 3530 3700 Spiritu

1959 3722 2137 3775 ctnnia
2169 3731 2446 3776 scrutante
2472 3732 2527 3775 et
2555 3720 2763 3775 sciente
2789 3730 3062 3775 attenuata
3089 3730 3144 3776 et
3167 3729 3399 3786 servata,
3421 3736 3527 3775 non

271 3830 451 3875 autem
489 3819 542 3872 in
594 3816 749 3885 aquis
776 3815 1082 3884 pereuntia,
1154 3829 1252 3868 nec
1322 3814 1591 3881 dispersa;
1645 3813 2093 3883 quemadmodum
2163 3812 2316 3866 vituli
2377 3812 2519 3866 illius
2557 3811 2625 3866 ab
2689 3811 2855 3866 lsrael
2905 3810 3252 3867 tumultuarie
3300 3810 3530 3868 confecti

272 3920 433 3981 caput
460 3925 491 3963 a
526 3907 707 3979 Moyse
753 3908 805 3961 iu
835 3907 1044 3962 duritiae
1073 3906 1214 3961 illius
1249 3907 1500 3974 probrum
1552 3921 1797 3975 sparsum
1836 3918 1919 3961 est
1942 3906 2010 3960 ³⁷.

342 4002 443 4054 lZ’.
490 3998 673 4063 Ἀξιον
705 3998 762 4051 δὲ
795 3998 928 4069 μηδὲ
961 3988 1052 4050 τὸν
1083 3999 1181 4069 τῆς
1220 3997 1474 4069 βρώσεως
1518 3997 1718 4068 τρόπον
1748 4014 1852 4050 πα·-

275 4094 598 4166 ραδραμεῖν,
633 4092 715 4145 ὅτι
751 4092 885 4163 μηδὲ
934 4092 963 4143 ὁ
1005 4092 1188 4161 νόμος,
1218 4091 1344 4160 ἄχρι
1374 4092 1467 4143 xui
1505 4089 1718 4153 τούτου,
1751 4090 1851 4160 τὴν

274 4184 511 4256 θεωρίαν
570 4182 873 4252 φιλοπονῶν
942 4182 999 4235 ἐν
1049 4180 1127 4251 τῷ
1184 4182 1493 4252 γράμματι.
1556 4179 1854 4234 ’Λναλώσο-

275 4292 374 4345 μεν
403 4272 517 4345 (78)
550 4272 659 4343 γὰρ
690 4271 750 4324 τὸ
789 4270 935 4341 θῦμα
971 4271 1111 4324 κατὰ
1136 4271 1390 4341 σπουδὴν,
1418 4270 1512 4322 καὶ
1544 4270 1729 4340 ἄζυμα
1761 4270 1853 4322 ἐπὶ

272 4365 543 4437 πικρίδων
569 4364 915 4426 συνέσθοντες
947 4363 1080 4434 (79),
1112 4363 1206 4416 xui
1224 4362 1322 4425 τὰς
1348 4360 1555 4430 ὀσφύας
1589 4362 1853 4433 περιεζω-

275 4458 483 4528 σμένοι,
508 4456 604 4509 xui
640 4455 708 4509 τὰ
740 4454 1058 4526 ὑποδήματα
1081 4453 1471 4526 περικείμενοι,
1496 4454 1588 4505 xui
1611 4452 1848 4524 πρεσϐυ-

2025 3994 2187 4051 Χνιι.
2226 3995 2304 4051 Ne
2325 3996 2517 4051 modus
2550 3995 2769 4065 quidem
2818 3995 3250 4051 manducationis
3300 4008 3530 4065 praeter-

1953 4092 2159 4144 eundus
2205 4098 2330 4155 est,
2371 4104 2493 4143 cum
2529 4104 2629 4143 nec
2658 4087 2743 4143 lex
2796 4088 2908 4156 ipsa
2947 4100 3069 4141 eum
3100 4090 3524 4158 przetermiserit,

1953 4182 2043 4235 sed
2080 4180 2590 4249 contemplationem
2643 4181 2695 4231 in
2738 4178 2920 4232 verbis
2964 4185 3018 4232 et
3066 4178 3244 4233 littera
3291 4193 3529 4249 eousque

1954 4272 2333 4328 elaboraverit.
2368 4272 2651 4327 Victintam
2705 4271 2849 4323 enim
2901 4268 3226 4324 festinanter
3270 4272 3527 4325 absume-

1959 4379 2096 4428 mus,
2131 4373 2185 4417 et
2216 4378 2435 4433 azymos
2467 4377 2633 4432 panes
2663 4376 2786 4415 cum
2831 4361 3060 4415 lactucis
3090 4361 3393 4428 agrestibus
3438 4376 3530 4416 co-

1882 4435 1930 4494 ί)
1957 4457 2252 4520 medentes,
2275 4466 2325 4509 et
2352 4455 2547 4508 lumbis
2574 4453 2825 4516 accincti,
2849 4460 2900 4505 et
2924 4451 3300 4506 calceamentis
3332 4452 3530 4507 instru—

272 4549 442 4613 τικῶς
498 4546 951 4619 βακτηρεύοντες.
998 4545 1155 4600 Κατὰ
1196 4545 1431 4616 σπουδὴν
1480 4544 1603 4616 μὲν,
1643 4544 1731 4598 ἵνα
1781 4543 1851 4615 μὴ

1956 4549 2051 4611 Cti,
2080 4563 2144 4601 ac
2172 4547 2429 4616 denique,
2460 4558 2648 4599 senum
2676 4558 2843 4609 more,
2878 4543 3126 4597 baculum
3156 4552 3429 4613 gestantes
3453 4542 3521 4595 ³⁸.

275 4639 538 4709 πάθωμεν
573 4637 712 4707 ὅπερ
745 4636 774 4688 ὁ
799 4634 923 4689 Λὼτ
954 4636 1157 4698 ἐκεῖνος
1184 4632 1559 4704 ἀπηγόρευται
1592 4629 1743 4703 παρὰ
1763 4631 1851 4701 τῆς

1962 4639 2305 4695 Festinanter
2333 4638 2572 4707 quidem,
2601 4651 2668 4691 ne
2700 4635 2752 4689 in
2784 4651 2901 4689 eam
2940 4634 3151 4704 culpam
3200 4635 3525 4701 incidamus,

344 4799 389 4830 ³³
422 4797 553 4852 Luc.
596 4813 695 4859 xu.
726 4796 815 4855 49.
902 4798 945 4829 “
977 4798 1146 4852 Exod.
1170 4812 1265 4857 xu,
1297 4795 1349 4849 8.
1428 4794 1471 4825 ³³
1501 4792 1629 4848 ibid.
1662 4794 1749 4848 10.
1826 4795 1845 4826 ³

1954 4794 2101 4862 pltes.
2138 4807 2213 4857 tv,
2246 4790 2337 4845 ‘26.
2430 4791 2475 4823 "
2514 4788 2685 4844 Exod.
2710 4804 2811 4852 xu,
2850 4787 2936 4842 46.
3017 4789 3060 4821 ³³
3089 4787 3243 4843 Joan.
3272 4803 3382 4852 xtx,
3433 4788 3524 4843 33.

275 4868 318 4901 "
348 4868 537 4923 Matth.
569 4883 667 4931 νιι,
700 4867 753 4922 6.
858 4867 900 4899 ³⁷
930 4866 1101 4921 Exod.
1132 4883 1302 4931 xxx“,
1325 4869 1388 4921 19
1416 4881 1536 4934 sqq.
1614 4863 1657 4895 ³⁸
1695 4865 1842 4919 Exod

1961 4880 1998 4929 ι,
2024 4864 2057 4916 5
2087 4878 2207 4931 sqq.

344 4980 454 5053 (64)
492 4982 641 5049 Μηό
665 4983 898 5051 ὐδαρές.
937 4983 1072 5039 Jes..
1105 4982 1224 5053 μηδ’
1259 4980 1545 5053 ὑδαριῖὧες.

343 5052 458 5122 (65)
502 5054 621 5105 Ἂν.
656 5053 813 5106 Deest
836 5055 887 5106 in
911 5069 1004 5107 sex
1036 5052 1203 5122 Regg.
1232 5064 1285 5106 et
1312 5052 1404 5107 or.
1435 5052 1488 5105 1.

343 5120 457 5192 (66)
499 5122 704 5192 θολος.
737 5122 829 5177 Or.
859 5123 910 5175 1.
945 5122 1099 5185 ὅλως.

344 5191 456 5261 (67)
510 5191 880 5261 Ἐντοσθίων.
912 5193 1072 5247 Coisl.
1108 5192 1160 5257 2,
1189 5191 1386 5261 aliique
1416 5191 1679 5257 nonnulli,
1706 5194 1840 5246 ἐντο-
1884 5196 1895 5201 ’

278 5258 513 5326 σθιδίων.
549 5260 643 5315 Or.
678 5263 729 5325 1,
766 5261 1069 5317 ὲνδοσθίων.

368 5332 458 5403 68)
496 5331 769 5403 Πρώτων.
802 5331 932 5403 Reg,
974 5334 1082 5396 bin,
1119 5332 1354 5403 πρῶτον.

369 5401 457 5473 69)
498 5400 1046 5473 Σαρκώσεωςίῐὶθε.
1078 5400 1183 5464 hut,
1220 5402 1438 5473 σαρκός.

371 5472 457 5540 70)
509 5472 875 5540 Ἕξοίσομεν.
888 5510 922 5526 ..

272 5536 452 5614 Ωυιξιζ,
476 5542 524 5607 1,
555 5536 916 5614 ὲξοζσωμεν...
952 5536 1385 5614 καταλείψωμεν.

375 5611 463 5676 71)
502 5612 722 5665 Καλόν.
754 5611 1003 5665 Nonnulli
1033 5611 1368 5676 adduntﬂre.

375 5612 431 5664 71
502 5612 722 5665 Καλόν.
754 5612 1003 5665 Nonnulli
1033 5612 1368 5676 adduntﬂre.

373 5612 463 5753 72)
522 5682 1023 5751 Διανυκτερεύειν.
1065 5682 1156 5738 Sic
1203 5681 1332 5753 Reg.
1378 5684 1447 5753 ph
1490 5692 1543 5740 et
1569 5682 1659 5737 0r.
1702 5681 1753 5736 1.
1796 5679 1850 5737 In

1953 4984 2061 5045 eil.,
2088 4980 2473 5035 διανυκτεύειν.

2023 5052 2131 5121 (75)
2179 5052 2288 5107 Τοῦ
2331 5050 2554 5118 Ἰησοῦ.
2587 5050 2639 5121 In
2672 5048 2960 5113 nonnullis,
2992 5049 3051 5101 τὸ
3091 5050 3287 5121 Ἰησοῦ.

2022 5114 2132 5192 (74)
2165 5121 2335 5175 Οὺδέ.
2371 5114 2463 5192 Or.
2498 5123 2541 5182 Ι,
2582 5118 2723 5192 οὔτε.

2022 5189 2131 5262 (75)
2170 5189 2788 5263 Περισυρήσεταικ-Οιν.
2824 5190 2876 5263 1,
2912 5191 3339 5263 περισυρίσεται.

2022 5259 2131 5332 (76)
2177 5262 2260 5328 Tt;
2288 5259 2506 5315 καϊτά.
2537 5262 2628 5332 S_ic
2662 5260 2826 5332 Ιίνιιις.
2867 5259 3322 5330 ιιιιιίριιίιιονθιιι
3345 5265 3522 5331 Cultu,

1951 5325 2163 5398 Coiub.,
2189 5325 2292 5386 etc.
2324 5334 2378 5384 ln
2421 5333 2527 5391 θαι..
2555 5325 2599 5397 ᾧ
2621 5330 2714 5381 xui
2743 5329 2827 5381 τά.

2020 5402 2130 5473 (77)
2171 5401 2288 5475 Τῆς
2318 5401 2753 5469 σκληρότητος.
2789 5398 2878 5453 Sic
2927 5404 3160 5473 quinque
3189 5404 3375 5475 [iegg.,
3414 5415 3522 5464 etc.

974 5472 1439 5543 καταλείψομεν.
1501 5472 1630 5543 Reg.
1680 5474 1748 5542 ph
1799 5484 1853 5529 et
1950 5472 2235 5541 ῡοεςιτῆς
2264 5475 2313 5526 in
2346 5477 2432 5543 eti.

2020 5544 2131 5612 (78)
2184 5540 2617 5610 Ἄναλώσομεν.
2646 5540 2734 5595 Sic
2758 5552 2988 5612 quatuor
3028 5542 3189 5613 Regg.
3236 5544 3359 5607 Alii,
3393 5546 3525 5597 ἁνα-

1948 5612 2229 5664 ’.ώσωιιεψ
2262 5613 2417 5664 male.

1968 5630 2103 5665 .ωσω
2110 5629 2229 5675 μεν,
2262 5630 2341 5665 tua
2354 5629 2417 5664 te.

2020 5631 2229 5683 ισωμεν,
2262 5631 2417 5665 male.

2020 5684 2131 5753 (79)
2172 5684 2596 5746 Συνέσθοντες.
2626 5680 2837 5748 Contb.,
2870 5680 3132 5744 ἔσθοντες.
