4100 6276
566 239 669 293 617

1785 238 1844 293 S.
1884 237 2211 295 GBEGORII
2249 238 2593 298 THEOLOGI

3700 258 3806 311 618

574 368 596 407 ι
627 364 735 424 qua
763 351 862 407 Lot
889 349 1069 406 divino
1087 348 1370 407 interdicto
1390 351 1753 419 avocabatur;
1787 367 1856 409 ne
1887 354 2128 410 circum-

2234 354 2451 425 ἐντολῆς
2468 373 2483 388 ο
2512 355 2586 429 μὴ
2612 356 3086 431 περιϐλεψὼμεθα,
3112 362 3186 431 μὴ
3209 364 3422 435 στῶμεν
3447 369 3504 421 ὲν
3522 370 3671 442 πάσῃ
3694 373 3808 443 (80)

569 443 875 514 .piciamus,
902 455 967 496 ne
992 450 1197 496 stemus
1220 442 1273 496 in
1300 443 1447 497 omni
1484 442 1906 513 circumjacente
1956 444 2136 515 regio-

569 545 670 593 ne;
723 530 776 583 in
830 538 1106 593 montem,
1152 529 1343 585 salutis
1393 544 1585 594 causa.
1620 530 2018 602 confugiamus,
2064 548 2134 586 ne

568 616 730 688 359
752 617 1080 673 Sodomitico
1116 617 1204 672 illo
1231 626 1285 674 et
1306 618 1565 674 inusitato
1600 620 1723 690 igne
1755 622 1921 677 simul
1963 622 2136 679 invol-

572 724 774 774 vamur,
807 724 909 764 nec
936 720 1157 779 propter
1179 720 1419 765 nostram
1459 712 1511 765 in
1552 712 1792 767 deterius
1813 715 2129 779 conversio-

569 815 712 867 nem,
741 815 863 869 qua;
890 816 954 855 ex
985 801 1330 856 cunctatione
1363 802 1513 855 nasci
1551 803 1706 867 solet,
1748 804 1802 858 in
1853 805 1984 860 salis
2025 815 2135 860 sta-

569 904 717 942 tuam
747 903 1162 943 concrescamus
1198 889 1264 941 ".
1306 888 1438 942 Cum
1489 889 1718 945 lactucis
1767 900 1947 947 autem
1976 907 2134 963 agre-

560 979 739 1034 stibus
760 978 829 1045 ⁸ο,
858 979 1117 1048 quoniam
1142 978 1249 1032 vita
1285 978 1479 1033 divina:
1516 979 1615 1051 legi
1645 990 2032 1049 consentanea,
2065 983 2134 1037 iis

564 1067 865 1138 praesertim
891 1069 982 1138 qui
1019 1068 1305 1138 incipiunt,
1336 1070 1530 1123 acerba
1560 1079 1614 1125 et
1653 1071 1819 1126 ardua
1851 1082 1956 1140 est,
1982 1074 2134 1128 volu-

563 1160 907 1230 ptatibusque
926 1161 1229 1221 sublimior.
1257 1161 1391 1215 Nam
1428 1163 1529 1216 etsi
1568 1177 1761 1217 novum
1795 1164 1981 1234 jugum
2007 1181 2132 1221 sua-

570 1270 626 1309 ve
659 1264 764 1319 est,
805 1265 859 1309 et
883 1269 1019 1310 onus
1060 1255 1196 1320 leve,
1227 1266 1286 1310 ut
1316 1271 1382 1310 ex
1435 1255 1715 1323 Scriptura
1771 1259 1927 1313 audis
1954 1261 2032 1325 ”;
2080 1260 2132 1315 id

563 1355 740 1399 tamen
791 1354 1010 1416 propter
1040 1361 1188 1415 spem
1231 1346 1292 1400 lit
1334 1362 1399 1402 ac
1451 1349 1782 1414 mercedem,
1817 1350 1979 1420 hujus
2010 1354 2132 1407 vitae

563 1436 823 1491 molestiis
865 1445 919 1491 et
966 1439 1223 1493 aerumnis
1274 1438 1434 1508 longe
1496 1440 1804 1495 uberiorem
1860 1457 1875 1495 :
1926 1442 2128 1513 alioqui

560 1526 704 1579 enim
733 1526 855 1595 quis
887 1542 989 1580 non
1016 1526 1361 1596 Evangelium
1388 1526 1654 1595 legalibus
1680 1531 1970 1600 praeceptis
1994 1532 2133 1586 mul-

560 1626 616 1671 to
643 1616 965 1673 laboriosius
998 1627 1157 1687 atque
1183 1620 1542 1674 aerumnosius
1576 1634 1699 1675 esse
1727 1620 1973 1677 dixerit?
1996 1622 2127 1678 Nam

2234 448 2299 517 τῇ
2323 446 2616 518 περιχώρῳ
2638 464 2652 480 ·
2684 449 2766 512 είς
2786 449 2848 502 τὸ
2874 451 2999 523 ὅρος
3025 453 3395 524 άποσωθῶμεν
3413 457 3547 527 (81),
3576 462 3650 532 μὴ
3681 480 3812 533 συμ-

2235 536 2677 608 παραληφθῶμεν
2711 538 2789 611 τῷ
2818 542 3145 616 Σοδομιτικῷ
3188 548 3281 600 καὶ
3322 547 3458 620 ξένῳ
3494 554 3648 621 πυρὶ,
3684 554 3809 624 μηδ’

2234 629 2321 690 εἰς
2365 628 2566 699 στήλην
2607 629 2733 694 ἁλὸς
2796 635 3082 705 παγῶμεν,
3121 639 3185 690 ἐκ
3244 639 3342 709 τῆς
3392 641 3487 694 ἐπὶ
3533 642 3593 695 τὸ
3629 647 3813 714 χεῖρον

2234 720 2588 792 ἐπιστροφῆς,
2636 724 2772 795 ὅπερ
2802 726 3093 796 ἐργάζεται
3146 729 3418 802 μέλλησις.
3467 733 3587 786 Ἐπὶ
3627 736 3683 788 δὲ
3723 752 3814 788 πι-

2234 807 2454 878 κρίδων,
2510 810 2600 863 διὰ
2651 812 2714 864 τὸ
2771 814 2966 885 πικρὸν
3006 815 3100 868 τοῦ
3152 818 3294 871 κατὰ
3339 818 3471 873 Θεὸν
3523 821 3660 890 βίου,
3715 826 3813 879 καὶ

2234 898 2553 969 πρόσαντες,
2609 904 2722 966 τοῖς
2770 904 3091 975 ἀρχομένοις
3140 907 3394 978 μάλιστα,
3455 914 3549 965 καὶ
3606 914 3813 984 ἡδονῶν

2235 986 2584 1059 ὑψηλότερον.
2622 991 2686 1043 Εἰ
2706 991 2812 1065 γὰρ
2848 995 2943 1047 καὶ
2965 996 3198 1066 χρηστὸς
3222 1000 3250 1050 ὁ
3277 998 3393 1063 νέος
3425 998 3606 1071 ζυγὸς,
3631 1005 3725 1057 καὶ
3750 1006 3814 1059 τὸ

2233 1078 2452 1149 φορτίον
2481 1080 2734 1150 ἐλαφρὸν,
2761 1083 2946 1155 ῶσπερ
2971 1086 3189 1151 ἀκούεις
3210 1105 3223 1118 ·
3249 1088 3386 1141 ἀλλὰ
3411 1090 3498 1144 διὰ
3522 1092 3622 1163 τὴν
3653 1094 3810 1149 ἐλπίι

2231 1167 2296 1221 δα
2333 1169 2488 1222 τοῦτο
2516 1171 2610 1223 καὶ
2639 1171 2738 1243 τὴν
2771 1173 3055 1241 ἀντίδοσιν,
3090 1176 3268 1247 πολλῷ
3300 1179 3400 1248 τῆς
3437 1181 3671 1236 ἐνταῦθα
3708 1202 3812 1237 κα-

2232 1261 2527 1326 κοπαθείας
2575 1258 2742 1318 οὖσαν
2773 1264 3164 1338 δαψιλεστέραν
3186 1286 3199 1299 ο
3234 1272 3355 1323 ἐπεὶ
3396 1272 3570 1338 ἄλλως
3606 1292 3691 1341 γε,
3728 1276 3814 1341 τίς

2231 1352 2330 1404 οὐκ
2358 1351 2423 1406 ἂν
2462 1352 2625 1420 εἴποι,
2658 1355 2793 1408 πολὺ
2821 1356 2930 1411 τῶν
2955 1362 3193 1430 νομικῶν
3226 1362 3520 1427 διατάξεων
3551 1365 3611 1419 rb
3638 1368 3815 1436 Εὐαγ-

2231 1442 2408 1510 γέλιον
2452 1444 2851 1516 ἐργωδέστερον
2888 1444 3027 1504 εἶναι
3083 1453 3177 1506 καὶ
3222 1454 3655 1528 μοχθηρότερον;
3699 1460 3808 1515 Τοῦ

2231 1534 2339 1606 γάρ
2372 1535 2539 1607 νόμου
2582 1537 2651 1593 τὰ
2683 1538 2811 1611 τέλη
2840 1542 2949 1596 τῶν
2982 1542 3095 1614 (82)
3130 1546 3541 1619 ἁμαρτημάτων
3570 1551 3809 1607 κωλύοντ-

2229 1642 2343 1689 τος,
2376 1628 2537 1697 ἡμεῖς
2574 1628 2669 1682 καὶ
2694 1630 2793 1694 τὰς
2822 1634 3020 1699 αἰτίας,
3041 1634 3117 1699 ὡς
3148 1637 3372 1708 πράξεις
3406 1642 3610 1710 σχεδὸν,
3641 1645 3809 1712 ἐγκα-

560 1722 681 1760 cum
707 1707 789 1761 lex
824 1716 1161 1777 peccatorum
1208 1709 1472 1763 duntaxat
1509 1709 1643 1765 lines
1692 1712 1995 1780 prohibeat,
2031 1730 2126 1768 no-

2234 1715 2489 1787 λούμεθα.
2527 1720 2609 1772 Οὐ
2626 1723 2968 1790 μοιχεύσεις
2996 1723 3128 1795 (83),
3163 1698 3324 1798 φησίν
3412 1698 3609 1801 ν’ύμοςί
3640 1698 3704 1786 σίν
3727 1734 3806 1800 δὲ,

559 1798 644 1851 bis
678 1797 808 1865 ipsa:
863 1800 1028 1853 etiam
1080 1814 1276 1864 causae,
1330 1802 1715 1869 propemodum
1758 1811 1815 1856 ut
1865 1806 2125 1870 actiones,

557 1888 768 1942 crimini
819 1898 1121 1946 vertuntur.
1157 1889 1278 1945 Non
1322 1889 1642 1946 adulterium
1690 1896 2011 1953 conmittes.
2043 1894 2128 1948 in-

558 1980 676 2048 quit
726 1980 806 2035 lex
836 1981 884 2013 “
914 1995 930 2035 :
957 1991 1012 2035 at
1047 1990 1125 2047 tu,
1187 1996 1254 2046 ne
1307 1983 1661 2053 concupisces
1689 1984 1906 2052 quidem
1940 1984 2009 2051 ⁸³,
2064 2002 2129 2039 ex

556 2072 771 2126 curioso
796 2087 859 2126 ac
892 2071 1134 2128 studioso
1155 2074 1404 2128 contuitu
1440 2074 1608 2127 animi
1649 2073 1904 2128 allectum
1943 2076 2124 2131 incen.

553 2162 706 2217 dens.
743 2163 866 2218 Non
890 2164 1115 2231 occides,
1153 2165 1230 2218 ait
1253 2163 1340 2219 illa
1365 2163 1411 2237 ἥδ
1440 2182 1452 2218 :
1481 2172 1537 2219 at
1570 2172 1648 2230 tu,
1697 2181 1798 2232 ne,
1832 2167 1877 2221 si
1917 2165 2131 2221 feriaris

550 2254 795 2323 quidem,
828 2256 1048 2311 ret‘eries
1080 2254 1146 2322 “,
1174 2255 1305 2325 quin
1337 2255 1517 2325 potius
1538 2257 1861 2325 percutienti
1895 2258 2125 2327 teipsum

550 2359 812 2412 expones.
841 2345 1052 2411 Quanto
1087 2346 1302 2401 tandem
1342 2347 1455 2402 haec
1478 2347 1581 2403 illis
1607 2349 1966 2417 sapientiora!
2003 2349 2131 2406 Non

549 2433 830 2503 pejorabis,
860 2436 1035 2504 inquit
1067 2435 1153 2490 illa
1179 2436 1225 2468 “
1254 2454 1268 2491 :
1311 2446 1367 2491 at
1398 2445 1475 2504 tu,
1510 2441 1724 2508 penitus
1755 2456 1854 2496 nec
1892 2440 2124 2512 jurabis,

553 2541 654 2581 nec
683 2541 933 2596 parvum,
966 2542 1064 2583 nec
1096 2543 1349 2598 magnum
1370 2529 1454 2596 ‘7;
1491 2532 1637 2600 quod
1673 2532 1884 2589 scilicet
1919 2549 1985 2589 ex
2042 2535 2129 2605 ju-

554 2626 801 2672 ramento
846 2616 1140 2687 perjurium
1182 2631 1457 2678 nascatur.
1507 2621 1632 2678 Non
1671 2624 1868 2695 junges
1916 2627 2126 2681 domum

552 2724 671 2762 cum
688 2710 865 2777 domo,
892 2710 968 2765 ait
995 2711 1107 2776 illa,
1140 2728 1234 2766 nec
1262 2730 1448 2783 agrum
1478 2732 1597 2770 cum
1617 2733 1745 2787 agro
1778 2718 1846 2782 ⁸⁸,
1878 2720 2124 2789 tyranni-

553 2803 621 2857 de
641 2816 928 2873 pauperem
957 2804 1267 2873 opprimens
1294 2822 1309 2860 :
1341 2817 1397 2861 at
1438 2817 1514 2876 tu,
1539 2810 1725 2865 libenti
1751 2812 2130 2880 animo,justis

2232 1814 2351 1867 οὐδὲ
2389 1814 2767 1887 ἐπιθυμήσεις,
2810 1818 2874 1872 ὲκ
2906 1821 3197 1893 περιέργου
3228 1823 3355 1888 θέας
3391 1831 3487 1880 καὶ
3519 1827 3805 1896 φιλοπόνου

2230 1906 2444 1975 φλέγων
2483 1907 2544 1960 τὸ
2578 1908 2752 1973 πάθος
2785 1909 2917 1980 (84).
2954 1914 3037 1966 Οὐ
3082 1916 3419 1983 φονεύσεις,
3459 1919 3700 1983 ἐκεῖνος’
3742 1922 3808 1975 σὺ

2228 1998 2305 2063 δὲ,
2335 1999 2459 2052 οὐδὲ
2503 2000 2869 2073 ἀντιπλήξεις,
2902 2003 3041 2057 ἀλλὰ
3082 2007 3175 2058 καὶ
3220 2009 3440 2062 σεαυτὸν
3479 2012 3810 2084 ἐμπαρέξεις

2226 2086 2306 2157 τῷ
2357 2087 2591 2143 παίοντι.
2626 2091 2791 2144 Ὅσον
2838 2091 3006 2146 ταῦτα
3039 2094 3261 2151 ἐκείνων
3297 2098 3406 2170 (85)
3447 2101 3811 2172 φιλοσοφώτεο

2230 2181 2329 2251 ραι
2362 2181 2483 2234 Οὐκ
2515 2181 2919 2253 ἐπιορκήσεις,
2950 2188 3155 2252 ἐκεῖνος
3174 2206 3187 2220 ο
3216 2191 3280 2243 σὺ
3306 2190 3363 2243 δὲ
3393 2192 3525 2265 (86),
3554 2195 3675 2249 ούδέ
3697 2197 3806 2268 ὁμῇ

2226 2270 2327 2342 τὴν
2356 2272 2550 2344 ἀρχὴν,
2580 2274 2640 2326 ού
2679 2276 2897 2347 μικρὸν,
2933 2280 2992 2331 οὐ
3027 2282 3232 2351 μεῖζον,
3261 2281 3339 2347 ὡς
3380 2284 3475 2338 τοῦ
3514 2287 3677 2357 ὅρκου
3709 2291 3809 2360 τὴν
3882 2320 3895 2341 ς

2228 2360 2516 2432 ἐπιορκίαν
2543 2363 2838 2429 τίκτοντος.
2868 2370 2949 2423 Οὐ
2978 2369 3279 2439 συνάψεις
3311 2375 3508 2429 οὶκίαν
3543 2377 3694 2446 πρὸς
3725 2382 3807 2433 οὶ-

2227 2455 2388 2520 κίαν,
2443 2457 2671 2524 ἐκεῖνος,
2713 2461 2811 2514 καὶ
2860 2462 3044 2532 ἀγρὸν
3084 2467 3235 2533 πρὸς
3266 2469 3470 2538 ἀγρὸν,
3510 2474 3809 2529 καταδυνα-

2229 2546 2436 2600 στεύων
2460 2547 2555 2602 τοῦ
2585 2550 2816 2623 πένητος
2836 2570 2849 2584 ·
2887 2556 2952 2609 σὺ
2978 2555 3056 2620 δὲ,
3094 2556 3344 2631 ἀποθήσῃ
3374 2562 3467 2613 καὶ
3489 2563 3556 2616 τά
3581 2564 3807 2630 δικαίως

2226 2635 2499 2727 κτηθέντα
2547 2641 2865 2714 προθύμως,
2900 2647 2995 2700 καὶ
3032 2648 3365 2723 γυμνωθήσῃ
3412 2655 3523 2717 τοῖς
3559 2655 3806 2727 πένησιν,

2230 2725 2316 2779 ἴνα
2344 2726 2565 2797 κούφως
2584 2730 2677 2818 τὸν
2706 2735 2937 2807 σταυρὸν
2969 2737 3151 2811 αἷρῃς,
3175 2740 3272 2793 καὶ
3303 2740 3612 2818 πλουτήσῃς
3636 2725 3705 2799 τά
3731 2746 3809 2818 μὴ

2228 2818 2504 2890 ὁρώμενα.
2659 2813 2666 2825 ’

552 2891 715 2948 etiam
750 2894 1046 2949 rationibus
1072 2894 1329 2963 quaesitas
1370 2911 1502 2967 opes
1536 2900 1779 2955 excutias
1803 2939 1820 2965 ,
1849 2910 2019 2971 atque
2069 2904 2122 2958 in
2162 2919 2462 2976 pauperum
2528 2912 2826 2970 subsidium
2878 2919 3197 2987 spoliaoens
3222 2921 3289 2989 ι’,
3345 2934 3403 2979 ιιι
3440 2924 3628 2982 leviter
3681 2944 3807 2985 cru-

551 3004 672 3047 cem
704 2988 858 3046 tollas
892 2990 1215 3062 divitiasque
1236 2992 1306 3046 ab
1338 2998 1559 3059 aspectu
1602 3001 1839 3047 remotas
1868 2995 2200 3063 assequaris.

626 3080 815 3137 XVIII.
863 3080 982 3137 Jam
1036 3081 1250 3146 lumbi,
1294 3081 1456 3135 mutis
1492 3080 1708 3150 quidem
1752 3082 2129 3175 animantibus

2303 3087 2410 3143 lH'.
2462 3089 2662 3159 Ὀσφὺς
2682 3092 2759 3159 δὲ,
2796 3098 2910 3161 τοῖς
2937 3100 3035 3170 μὲν
3064 3121 3298 3175 αΛογοις.
3328 3109 3514 3175 ἄνετος

550 3168 769 3224 remissi
793 3183 858 3223 ac
883 3168 1044 3224 soluti
1075 3170 1183 3224 sint
1205 3170 1252 3202 ”
1286 3187 1300 3223 :
1347 3183 1523 3238 neque
1554 3172 1700 3225 enim
1731 3168 1838 3227 illis
1873 3172 2014 3228 inest
2036 3188 2124 3227 ra-

554 3259 652 3323 tio,
675 3272 794 3329 qua
816 3258 1181 3329 voluptatibus
1209 3259 1471 3327 imperet;
1501 3275 1812 3329 quanquam
1847 3261 1965 3316 hmo
1988 3276 2126 3331 quo-

550 3364 659 3419 que
705 3360 886 3406 motus
936 3351 1197 3406 naturalis
1252 3350 1599 3422 libidinisque
1640 3354 1855 3407 modum
1906 3363 2123 3408 norunt.

552 3441 673 3497 Tibi
707 3449 887 3496 autem
919 3456 1016 3511 per
1040 3457 1236 3496 zonam
1288 3457 1353 3498 ac
1388 3443 1802 3513 temperantiam
1835 3445 2128 3516 restringa-

553 3545 642 3588 tur
673 3548 798 3602 pars
829 3533 940 3597 illa,
970 3547 1091 3602 qua:
1136 3534 1358 3589 libidine
1387 3543 1604 3599 aestuat,
1643 3550 1705 3590 ac
1738 3535 1884 3589 velut
1936 3536 2122 3591 hinni-

552 3636 668 3679 tum
697 3625 810 3679 edit
832 3626 874 3656 “
905 3626 1052 3694 (nam
1089 3625 1190 3679 hoc
1220 3626 1387 3680 verbo
1413 3626 1692 3693 Scriptura
1721 3665 1736 3691 ,
1789 3625 1946 3693 hujus
1993 3628 2125 3682 alle-

553 3724 675 3769 ctus
706 3715 1090 3785 turpitudinem
1125 3716 1429 3784 exagitans,
1468 3717 1658 3788 utitur)
1686 3734 1702 3783 ;
1736 3728 1818 3781 ut,
1846 3720 2130 3773 mortiﬁca-

559 3807 628 3863 tis
683 3807 945 3863 membris
971 3845 987 3873 ,
1040 3823 1159 3877 quae
1210 3818 1336 3863 sunt
1382 3824 1545 3878 super
1581 3818 1782 3865 terram
1820 3810 1889 3877 ⁸³,
1916 3810 2123 3867 Pascha

553 3912 690 3967 pure
709 3897 985 3963 comedas,
1014 3897 1241 3953 solitarii
1304 3899 1446 3955 illius
1487 3899 1709 3956 Joannis
1744 3910 1800 3956 et
1827 3918 2127 3972 praecurso-

553 3990 633 4045 ris
665 3988 734 4054 ³⁸,
772 3990 1060 4059 magnique
1086 3990 1330 4045 veritatis
1364 3993 1648 4060 praeconis,
1680 3993 2125 4062 praecinctionem

554 4080 794 4135 imitans.
825 4080 931 4135 Sed
958 4090 1013 4136 et
1038 4080 1199 4136 aliam
1229 4096 1425 4136 zonam
1457 4083 1604 4149 novi,
1640 4085 1895 4139 nimirum
1925 4086 2122 4140 milita-

554 4187 667 4227 rem
697 4181 752 4227 et
778 4171 1007 4237 virilem,
1043 4173 1195 4243 juxta
1224 4188 1385 4241 quam
1416 4174 1620 4230 Euzoni
1652 4174 1822 4247 Syria:
1847 4185 1903 4232 et
1938 4177 2127 4233 Mono-

554 4263 676 4318 zoni
694 4264 910 4333 quidam
940 4265 1291 4319 nominantur
1310 4265 1391 4330 ἰς
1417 4281 1482 4321 ac
1513 4267 1653 4324 Deus
1686 4268 1799 4338 ipse
1827 4268 2021 4324 Jobum
2050 4269 2130 4323 al-

3546 3112 3686 3169 ἔστω
3715 3118 3812 3171 καὶ⁸

2232 3176 2448 3274 άδετοςθ
2480 3182 2599 3236 οὐδὲ
2638 3184 2747 3257 γὰρ
2791 3187 2947 3258 λόγον
2976 3192 3178 3264 έχουσι,
3213 3199 3303 3252 τὸν
3339 3205 3645 3274 κρατοῦντα
3700 3209 3811 3262 τῶν

2233 3268 2433 3340 ἡδονῶν
2451 3288 2465 3301 ’
2495 3274 2649 3330 οὔπω
2679 3276 2839 3345 λέγω,
2871 3282 2952 3335 ὅτι
2980 3286 3207 3340 κάκεῖνα
3238 3291 3363 3363 ὅρον
3390 3289 3497 3347 οἶδε
3519 3297 3619 3368 τῆς
3647 3315 3778 3368 φυσι
3797 3334 3811 3343 .

2234 3362 2339 3432 κῆς
2371 3365 2676 3458 κινήσεωςο
2709 3370 2790 3421 σοὶ
2820 3371 2913 3424 καὶ
2951 3362 3356 3435 ἀναστελλέσθω
3386 3382 3531 3458 ζώνῃ
3576 3362 3671 3440 καί
3705 3406 3811 3442 σως

2235 3453 2615 3549 φρρσύνῃίθη
2645 3459 2705 3511 τὸ
2734 3461 3125 3535 ἐπιθυμητικὸν
3151 3470 3245 3524 καὶ
3273 3453 3682 3545 χρεμετιστικὸν
3714 3480 3812 3549 (ὡς

2232 3544 2420 3639 ἡῌθεία
2596 3551 2730 3621 φησι
2757 3553 2968 3626 Γραφὴ,
2999 3559 3058 3612 τὸ
3087 3561 3179 3615 τοῦ
3213 3544 3417 3631 πάθους
3438 3568 3659 3639 αἰσχρὸν
3692 3544 3810 3624 δια-

2236 3633 2518 3732 σύρουσα),
2556 3638 2642 3732 ἵνα
2666 3641 2939 3732 ’καθαρῶς
2979 3649 3167 3723 ἐσθίῃς
3194 3653 3254 3707 τὸ
3291 3656 3498 3727 Πάσχα,
3532 3633 3812 3732 νέκρώσας

2233 3720 2303 3774 τὰ
2355 3722 2491 3822 μέλη
2547 3727 2617 3780 τὰ
2661 3728 2754 3784 ἐπὶ
2796 3733 2897 3805 τῆς
2922 3737 3048 3807 γῆς,
3085 3720 3178 3794 καὶ
3213 3744 3312 3814 τὴν
3353 3720 3598 3802 Ἰωάννου
3630 3720 3809 3822 ζώνην

2237 3816 2712 3914 μξιξούμεγοςνλτοῦ
2752 3827 3043 3898 ὲρημικοῦ,
3085 3835 3179 3887 καὶ
3213 3837 3542 3909 προδρόμου,
3578 3843 3672 3895 καὶ
3709 3816 3807 3914 μέ-

2234 3906 2402 4003 γάλου
2433 3910 2531 3980 τῆς
2562 3911 2819 3984 ἀληθείας
2840 3919 3100 3991 κήρυκος.
3135 3906 3269 3978 Οἶδα
3289 3906 3385 3981 καὶ
3412 3906 3588 4002 ζώνην
3619 3906 3805 4003 ἄλλην,

2234 3999 2333 4071 τὴν
2355 4007 2750 4078 στρατιωτικὴν
2777 4009 2919 4079 λέγω
2954 4016 3047 4067 καὶ
3078 4017 3357 4090 ἀνδρικὴν,
3387 4021 3508 4076 καθ’
3530 3999 3593 4093 ἦν
3624 3999 3808 4090 Εὖζω-

2234 4107 2317 4187 νοι
2348 4093 2547 4187 Συρίας
2575 4097 2669 4151 καὶ
2694 4100 2998 4165 Μονόξωνοί
3020 4124 3161 4171 τινες
3176 4110 3528 4181 ὀνομάζονται
3554 4131 3567 4147 ο
3601 4114 3720 4168 καθ’
3742 4117 3811 4187 ῆν

2235 4183 2329 4275 καὶ
2372 4184 2449 4254 τῷ
2492 4186 2613 4239 Ἰὼϐ
2649 4194 2998 4263 χρηματίζων
3028 4202 3190 4269 φησὶν
3227 4204 3255 4255 ὁ
3287 4202 3419 4268 Θεός
3443 4222 3457 4235 ο
3492 4205 3610 4275 Μὴ,

2236 4272 2411 4335 ζῶσαι
2435 4278 2636 4350 ὥσπερ
2666 4283 2821 4353 ἀνὴρ
2843 4285 2956 4356 τὴν
2980 4290 3180 4360 ὀσφύν
3204 4310 3342 4360 σου,
3367 4297 3460 4349 καὶ
3480 4272 3811 4370 δὸς-ἀπόκρι-

551 4356 778 4427 loquens
814 4373 827 4410 :
860 4355 1204 4428 Nequaquam
1226 4397 1241 4423 ,
1284 4359 1459 4428 inquit
1489 4361 1559 4425 ⁸⁸,
1594 4378 1770 4416 verum
1817 4363 2037 4433 accinge,
2072 4372 2129 4416 ut

2239 4383 2322 4461 σιν
2344 4369 2601 4444 ἀνδρικήν
2623 4390 2638 4405 ο
2672 4377 2738 4447 ἣν
2766 4378 2860 4431 καὶ
2892 4381 2920 4431 ὁ
2945 4355 3087 4447 θεῖος
3111 4384 3274 4439 Δαὸὶδ
3302 4355 3410 4457 (89)
3443 4355 3809 4461 περιεζῶσθαι

550 4451 629 4503 vir
673 4449 879 4503 luntbos
921 4460 1062 4511 tuos,
1093 4457 1147 4505 et
1197 4449 1263 4504 da
1323 4466 1643 4522 responsum
1690 4453 1875 4521 virile;
1935 4455 2129 4524 quibus

2233 4458 2457 4515 δύναμιν
2488 4465 2551 4518 ἐκ
2575 4465 2710 4519 Θεοῦ
2740 4470 3092 4543 μεγαλαυχεῖ,
3119 4449 3324 4533 καὶτὸν
3350 4449 3481 4533 Θεὸν
3511 4449 3602 4552 (90

628 4625 672 4658 ³⁹
698 4624 834 4699 Gen.
876 4643 992 4691 xix,
1024 4627 1096 4681 24
1119 4644 1239 4699 sqq.

554 4694 642 4749 15.
701 4696 746 4728 ⁸⁵
787 4696 974 4751 Matth.
1016 4712 1067 4760 ν,
1091 4694 1219 4752 59l'
1255 4698 1490 4755 “Exod.
1517 4717 1611 4763 xx.
1647 4694 1698 4756 7.

626 4940 739 5010 (80)
777 4940 968 5010 Πάσῃ.
1006 4940 1096 4995 Sic
1120 4943 1273 4997 codd.
1301 4944 1355 4997 In
1386 4945 1496 5009 ed.,
1521 4947 1677 5000 πᾶσι.

628 5010 740 5089 )
786 5010 1226 5089 namque”;
1258 5014 1409 5089 golb.
1440 5016 1495 5078 b,
1526 5017 1909 5089 ανασωθῶμεν.

627 5082 740 5150 (82)
783 5080 924 5136 Τῶν.
962 5083 1049 5136 Sic
1077 5080 1232 5136 Codd.
1262 5082 1316 5136 Ιιι
1344 5083 1453 5146 ed.,
1481 5084 1594 5137 τοῦ.

627 5152 737 5228 (833)
777 5152 1150 5228 @otzeiiaetq.
1181 5152 1369 5228 ξυνίῃ,
1408 5154 1718 5228 μοιχεύσῃς.

550 5289 604 5346 ά.
629 5222 739 5290 (81)
780 5220 848 5275 Τὸ
879 5223 1083 5287 πάθος.
1115 5241 1134 5274 ι
1167 5224 1344 5278 Animi
1371 5220 1689 5288 allectum":
1721 5227 1772 5282 id
1806 5238 1909 5296 est,
1950 5247 1969 5280 ι
2002 5229 2124 5286 libi»

597 5309 755 5346 mem.
792 5312 811 5343 Ι

597 5309 755 5346 1119111.
792 5312 811 5343 1

626 5361 740 5441 (85)
769 5362 974 5441 ,Ὅσον
1019 5364 1202 5418 ταῦτα
1248 5363 1515 5441 ἐκείνων·Ϊ
1567 5365 1623 5422 In
1678 5368 1967 5441 nonnullis,
2014 5371 2125 5441 ὅσῳ

551 5431 727 5509 ταῦτα
765 5433 995 5509 ἐκείνου,
1039 5445 1150 5509 etc.
1187 5453 1205 5488 ι
1241 5438 1471 5509 Quanto
1502 5436 1613 5491 Ita-c
1668 5431 2031 5509 exquisitioris
2071 5431 2125 5495 et

551 5505 845 5577 severioris
866 5505 1180 5577 disciplinac.
1216 5524 1234 5558 ι
1263 5506 1511 5561 Billiusin
1536 5510 1705 5576 prima
1719 5505 1838 5565 ed.:
1870 5528 1888 5561 ι
1912 5508 2124 5577 Quanto

557 5575 772 5626 tandem
808 5574 919 5628 haec
945 5575 1047 5631 illis
1069 5575 1253 5630 altiora
1282 5594 1345 5631 ac
1367 5574 1680 5633 dimetliora.
1713 5599 1733 5632 ι

626 5640 738 5713 (86)
776 5642 861 5698 Σὺ
886 5643 974 5714 δέ,
1002 5657 1106 5703 etc.
1132 5646 1250 5701 Bill.
1290 5666 1303 5703 :
1341 5665 1359 5699 ι
1387 5650 1454 5705 At
1476 5657 1562 5716 tu,
1594 5665 1692 5706 nec
1721 5650 1826 5708 ullo
1857 5650 2017 5710 modo
2040 5652 2125 5725 ju-

3603 4484 3620 4553 )
3646 4483 3808 4536 αὑτὸν

1325 4630 1815 4727 ἕνξξορ.“κιι,8.“
2124 4659 2199 4727 ξι,
2220 4642 2338 4727 δοῖ.
2368 4644 2430 4727 ’⁸⁸
2462 4644 2628 4727 Exod.
2652 4650 2849 4727 ξιιμ-ξ.
2915 4653 2973 4727 ’⁸³
2996 4653 3183 4709 Matth.
3212 4672 3261 4721 v,
3290 4658 3379 4711 28.
3456 4659 3502 4691 “
3521 4661 3686 4719 Exod.
3715 4679 3808 4727 xx,

1773 4704 1815 4735 ⁴⁷
1839 4703 2028 4795 Matth.
2053 4724 2124 4795 ν,⁵

2260 4713 2339 4795 ﬁ“
2368 4714 2467 4767 lsa.
2499 4732 2556 4795 νἐ
2577 4718 2632 4771 8.
2683 4703 2967 4795 _‘_‘"_Mattlt.
3005 4740 3114 4785 XIX,
3135 4728 3223 4781 21.
3248 4703 3261 4721 ’
3304 4730 3347 4760 ⁵⁸
3371 4703 3686 4795 Εχοιιῗὶιιί

550 4764 597 4798 ⁸¹
623 4764 733 4821 Jer.
763 4782 815 4831 v,
844 4766 897 4819 8.
971 4767 1018 4798 ⁸¹
1047 4768 1251 4823 Coloss.
1282 4785 1362 4836 ιιι,
1392 4771 1449 4825 5.
1520 4772 1567 4803 ⁸³
1595 4770 1784 4829 Matth.
1819 4790 1908 4839 ιιι,
1937 4776 1989 4829 4.
2081 4764 2128 4812 έδ

2259 4764 2407 4852 Reg.
2422 4764 2485 4851 ἐξ,
2511 4764 2579 4840 é.

2681 4788 2725 4821 ⁸⁸
2755 4788 2855 4844 Job
2887 4808 3127 4857 xxxvut,
3159 4796 3214 4851 5.

2237 4957 2623 5118 Ηὲἐῧ⁹Ζώνιι
2653 5032 2750 5086 καί
2784 5040 3168 5110 σωφροσύνῃ.
3202 5039 3351 5110 Pan,
3383 5045 3558 5118 ζώνην
3587 5049 3680 5102 καί
3708 5067 3812 5104 σω-

2206 5152 2211 5159 -
2236 5114 2526 5188 φρξιοσιξιντιξ

2303 5168 2415 5239 (88)
2463 5168 2560 5241 Ὡς
2591 5171 2630 5238 ἠ
2673 5176 2819 5240 θεία,
2859 5187 2963 5232 etc.
3007 5179 3205 5236 Alludit
3251 5184 3318 5237 ad
3358 5185 3470 5240 haec
3511 5188 3667 5241 verba
3712 5186 3809 5241 Je-

2234 5240 2530 5327 ‘rentLYKS
2565 5258 2578 5294 :
2619 5260 2638 5292 ‹
2680 5244 3057 5317 Unusquisque
3092 5253 3157 5305 ad
3191 5269 3411 5309 uxorem
3451 5240 3677 5327 proximi
3718 5240 3803 5312 Sui

2235 5308 2526 5362 Itinniebat.
2568 5329 2587 5362 ι

2303 5376 2414 5472 (89)
2440 5381 2575 5499 1,Ἢν
2601 5383 2701 5436 καὶ
2734 5390 2767 5439 ό
2802 5386 2957 5454 θεῖος
2989 5390 3184 5445 Δαϐίδ.
3216 5392 3461 5477 Intelligit
3505 5395 3618 5450 hac
3646 5396 3811 5477 pavi-

2303 5476 2314 5495 .
2344 5463 2436 5501 ver
2458 5464 2525 5501 ta.
2559 5457 2694 5501 nsal-
2729 5472 2857 5501 nn-
2899 5458 2970 5501 At)
3013 5477 3024 5501 ε
3070 5479 3088 5501 ι
3131 5461 3460 5501 vnn-mum.
3492 5481 3575 5501 η..
3608 5477 3809 5501 unum...

2231 5447 2525 5570 gifiv‘ﬁmﬂ:
2559 5457 2695 5571 [ἰείη.
2728 5472 2860 5523 xm,
2899 5447 2970 5511 41)
3012 5477 3025 5513 :
3070 5479 3088 5512 ι
3126 5447 3460 5520 Ριιεοὶιιιίἶιί
3491 5447 3809 5523 σιξ-νιιιιιιε

2303 5587 2413 5672 (9b)
2440 5590 2689 5672 Kddntd‘lf
2715 5596 2881 5672 Θεόιρ,
2916 5608 3028 5672 etc.
3060 5599 3151 5655 Sic
3188 5602 3238 5655 in
3271 5605 3403 5672 psal.
3436 5620 3566 5668 xcn.
3599 5606 3623 5660 I
3653 5623 3666 5661 :
3697 5605 3811 5663 cln-

2232 5656 2393 5712 dutus
2426 5669 2508 5715 est
2534 5660 2789 5722 Dominus
2817 5656 3201 5736 fortitudinem,
3221 5656 3573 5743 et'praecinxi't
3596 5656 3673 5733 se.
3703 5656 3728 5730 ὶ
