4100 6276
343 342 458 399 649

1316 347 1572 401 ORATIO
1613 347 1771 403 XLV.
1813 379 1879 387 —
1916 348 1981 401 IN
2023 345 2350 402 SANCTUM
2390 345 2678 401 PASCIH.

3494 344 3597 396 650

345 456 563 526 εἰσάγει
597 458 942 531 ἐνδεδυμένον
966 461 1193 533 δύναμιν
1225 446 1802 534 καιπεριεζωσμένον,
1834 465 1924 534 δη-

2043 466 2203 518 etiam
2246 465 2447 518 viribus
2502 464 2761 517 beneﬁcio
2810 464 2990 518 divino
3037 463 3337 517 accinctum
3384 478 3440 518 se
3481 478 3599 519 esse

346 546 486 617 λαδὴ
522 549 665 601 κατὰ
692 549 800 601 τῶν
830 550 1072 603 ἀσεϐὦνο
1100 552 1149 603 εί
1198 551 1272 621 μή
1313 568 1390 619 τῳ
1434 550 1604 619 φίλον,
1639 550 1700 602 τὸ
1751 551 1935 621 περιὸν

347 637 451 707 τῆς
476 637 780 709 δυνάμεως,
806 640 901 693 καὶ
926 634 1036 694 οἷον
1069 642 1483 712 ἀνεσταλμένον,
1518 641 1659 695 οὕτω
1692 642 1937 712 παραδη-

348 727 598 793 λοῦσθαι,
630 729 767 783 καθὸ
803 732 893 783 καὶ
937 731 1051 801 φῶς
1074 731 1454 793 ἀναϐάλλεται,
1484 731 1560 793 ὡς
1590 731 1825 802 ἱμάτιον.
1863 732 1935 783 Τὸ

348 821 466 893 γὰρ
487 823 717 893 ἄσχετον
751 823 915 877 αὑτοῦ
953 826 1050 894 τῆς
1070 825 1350 895 δυνάμεως
1388 825 1483 877 καὶ
1514 822 1606 876 τοῦ
1638 824 1815 893 φωτὸς
1855 823 1936 887 τίς

357 916 757 986 ύποστήσεταις
786 918 960 988 Ζητῶ,
994 917 1047 970 τί
1075 918 1250 971 κοινὸν
1279 916 1441 987 ὀσφύϊ
1461 916 1553 970 καὶ
1585 915 1845 988 ἀληθείᾳ;
1882 917 1935 969 τί

348 1008 442 1060 δαὶ
471 1008 548 1078 τῷ
583 1010 723 1080 ἁγίῳ
760 1009 956 1081 Παύλῳ
986 1013 1183 1062 νοεῖται
1209 1010 1269 1063 τὸ
1307 1011 1534 1078 φάσκειν
1553 1026 1568 1038 ·
1606 1007 1794 1077 Στῆτε
1822 1005 1934 1062 οὖν

349 1098 805 1170 περιεζωσμένοι
835 1102 945 1172 (91)
980 1102 1095 1170 τὴν
1120 1102 1323 1172 ὀσφὺν
1349 1100 1516 1170 ὑμῶν
1552 1100 1621 1153 ἐν
1649 1100 1931 1167 candela;

352 1192 581 1264 Μήποτε
612 1195 688 1258 ὡς
727 1196 821 1249 τοῦ
860 1196 1192 1268 θεωρητικοῦ
1233 1196 1292 1249 τὸ
1337 1193 1729 1266 ἐπιθυμητικὸν
1774 1211 1935 1264 περι-

354 1284 700 1353 σφίγγοντος,
757 1289 852 1340 καὶ
894 1290 994 1343 οὐκ
1032 1288 1228 1352 ἐῶντος
1258 1286 1495 1358 ἀλλαχοῦ
1526 1284 1821 1358 φέρεσθαι;
1860 1284 1935 1337 Οὐ

2038 556 2203 608 David
2251 556 2512 623 gloriatur
2540 557 2608 619 ⁸⁸,
2636 571 2697 610 ac
2736 558 2899 610 Deum
2954 556 3120 626 860
3170 569 3382 626 quoque
3426 556 3600 625 ipsum.

2035 648 2269 715 potentia
2304 648 2546 701 indutum
2588 655 2749 717 atque
2790 632 3089 703 accinctum
3124 649 3415 713 inducit“,
3445 664 3569 705 nent

2032 753 2097 806 pe
2123 739 2379 792 adversus
2409 738 2601 806 impios
2628 758 2640 792 :
2678 739 2779 793 nisi
2814 749 2991 793 tamen
3024 739 3175 792 malit
3205 740 3469 809 quispiam
3512 755 3602 810 po-

2036 830 2216 883 tentia:
2275 828 2681 885 exuberantiam
2738 845 2801 885 ac
2855 832 3016 886 veluti
3072 832 3464 887 restrictionem
3516 832 3601 886 his

2032 920 2213 975 verbis
2242 920 2534 988 signiﬁcari
2562 940 2575 977 :
2612 937 2719 990 quo
2752 922 2913 976 etiam
2976 936 3159 987 sensu,
3189 921 3410 986 lumine,
3462 922 3601 976 sicut

2038 1012 2357 1067 vestimento
2388 1013 2456 1078 ⁸⁸,
2487 1018 2717 1069 amictus
2740 1014 2956 1069 dicitur.
3000 1014 3420 1084 lusuperahilem
3453 1015 3597 1067 enim

2036 1105 2293 1172 potentia:
2350 1105 2519 1176 ipsius
2575 1120 2639 1162 ac
2687 1105 2906 1162 luminis
2934 1109 3041 1162 vim
3089 1109 3211 1177 quis
3270 1106 3602 1162 sustinebit?

2040 1194 2234 1261 Quaero
2261 1197 2388 1266 quid
2423 1197 2621 1252 lumbis
2669 1213 2792 1253 cum
2836 1200 3059 1254 veritate
3089 1215 3376 1255 commune
3424 1200 3519 1262 sit,
3549 1209 3605 1253 et

2043 1303 2164 1357 quze
2197 1287 2347 1342 Pauli
2382 1304 2534 1344 mens
2568 1288 2731 1345 fuerit
2756 1332 2771 1358 ,
2805 1305 2926 1346 cum
2962 1291 3164 1345 diceret
3201 1309 3215 1346 :
3248 1290 3399 1346 State
3444 1291 3605 1359 igitur

352 1378 465 1448 γὰρ
492 1378 665 1432 ἐθέλει
685 1380 745 1432 τὸ
770 1380 895 1452 περί
921 1398 972 1435 τι
994 1381 1337 1450 διακείμενον
1359 1378 1657 1452 ἐρωτικῶς,
1687 1377 1821 1449 πρὸς
1841 1376 1935 1441 τὰς

2038 1377 2284 1431 succincti
2327 1377 2531 1433 lumbos
2559 1392 2748 1434 vestros
2795 1382 2851 1434 in
2895 1383 3111 1435 veritate
3141 1382 3236 1435 "?
3281 1381 3414 1435 Num
3468 1382 3606 1435 forte

351 1466 524 1531 ἄλλας
556 1470 748 1539 ἡδονὰς
778 1472 875 1542 τὴν
906 1470 1073 1542 αὐτὴν
1109 1470 1252 1541 ἔχειν
1290 1470 1536 1540 δύναμιν.

2034 1467 2178 1536 quod
2242 1469 2537 1537 speculatio
2597 1472 3090 1540 concupiscentiam
3162 1480 3447 1537 coerceat,
3503 1486 3605 1526 nec

354 1558 613 1613 aliorsum
650 1559 776 1614 ferri
811 1562 991 1614 sinat?
1031 1560 1139 1615 Nec
1167 1560 1309 1615 enim
1350 1560 1465 1616 ﬁeri
1503 1567 1704 1630 potest,
1741 1566 1800 1613 ut
1841 1557 1933 1627 qui
1975 1558 2050 1611 rei
2087 1559 2385 1629 cujuspiam
2416 1576 2601 1618 amore
2642 1562 2847 1633 ﬂagrat,
2920 1578 3102 1632 parem
3166 1564 3232 1618 ad
3282 1563 3415 1619 alias
3456 1562 3608 1618 volu-

355 1658 533 1719 ptates
564 1650 672 1704 vim
705 1651 920 1705 habeat.

438 1760 534 1815 IO'.
581 1759 662 1813 Τὰ
692 1760 749 1814 δὲ
794 1760 1135 1831 ὑποδήματα,
1167 1762 1195 1813 ὀ
1240 1762 1337 1832 μὲν
1374 1762 1473 1830 τῆς
1514 1760 1676 1829 ἁγίας
1704 1761 1804 1830 γῆς
1842 1759 1934 1813 καὶ

2110 1740 2249 1796 XIX.
2276 1741 2390 1795 Jam
2419 1742 2509 1811 qui
2543 1752 2738 1796 terram
2770 1752 3011 1798 sanctam
3042 1759 3104 1797 ac
3135 1744 3331 1800 divinis
3362 1746 3605 1816 vestigiis

354 1851 667 1913 θεοστιϐοῦς
693 1850 888 1920 ψαύειν
918 1852 1145 1921 μέλλων,
1177 1852 1509 1915 ὑπολυέσθω,
1536 1851 1675 1904 καθὰ
1699 1850 1808 1920 (9‘2)
1841 1850 1935 1902 καὶ

351 1943 596 2012 Μωῡσῆς
630 1945 835 2005 ἐκεῖνος
865 1943 955 1994 ἐπὶ
987 1943 1077 1995 τοῦ
1106 1943 1283 2013 ὅρους,
1312 1944 1396 1996 ἵνα
1427 1944 1592 2014 μηδὲν
1618 1941 1806 2014 νεκρὸν
1839 1941 1936 2011 φέ-

357 2050 447 2107 ρῃ,
491 2034 626 2105 μηδὲ
671 2034 834 2105 μέσον
874 2034 1007 2087 Θεοῦ
1037 2037 1128 2089 καὶ
1153 2035 1475 2107 ἀνθρώπων,
1521 2036 1607 2099 Ὠς
1638 2036 1694 2089 δὲ
1745 2036 1837 2089 καὶ
1887 2035 1940 2087 εἴ

352 2144 437 2189 τις
467 2126 715 2198 μαθητὴς
739 2127 833 2181 ἐπὶ
856 2127 915 2180 τὸ
943 2127 1274 2197 Εὐαγγέλιον
1308 2129 1604 2198 πέμπεται,
1635 2121 1949 2199 φιλοσόφως

356 2220 449 2272 καὶ
483 2220 792 2291 ἀπερίττως
845 2216 957 2292 (95)
983 2239 997 2254 ο
1042 2222 1102 2275 ὃν
1152 2222 1232 2275 δεῖ
1272 2222 1380 2294 (94)
1416 2221 1550 2293 πρὸς
1584 2222 1661 2292 τῷ
1689 2222 1932 2293 ἀχάλκῳ,

352 2314 448 2364 καὶ
502 2311 757 2383 ἀράϐδῳ,
814 2314 908 2366 καὶ
963 2314 1300 2383 μονοχίτωνι,
1372 2314 1452 2366 ἔτι
1510 2314 1606 2368 καὶ
1661 2331 1936 2385 γυμνοπο-

351 2403 463 2456 δεῖν
496 2403 631 2473 (95),
665 2404 751 2457 ἴνα
780 2404 1020 2473 φανῶσιν
1040 2406 1087 2457 οἱ
1118 2405 1275 2469 πόδες
1302 2406 1492 2477 ὡραῖοι
1520 2406 1629 2459 τῶν
1652 2405 1935 2475 εὐαγγελι-

354 2495 597 2565 ζομένων
623 2496 866 2567 εἰρήνην,
899 2497 993 2549 καὶ
1015 2496 1142 2549 ἄλλο
1165 2498 1272 2550 πᾶν
1300 2497 1523 2565 ἀγαθόν.
1563 2499 1619 2551 '0
1644 2498 1700 2551 δὲ
1722 2498 1935 2567 φεύγων

352 2586 631 2654 Αἴγυπτόν
674 2602 732 2638 τε
767 2586 861 2639 καὶ
905 2587 975 2639 τὰ
1015 2585 1304 2654 Αἰγύπτια,
1346 2588 1701 2652 ύποδεδέσθω,
1736 2590 1833 2659 τῆς
1875 2606 1934 2641 τε

352 2675 519 2746 ἄλλης
548 2674 846 2744 ἀσφαλείας
868 2675 1032 2729 ἕνεκα
1068 2676 1161 2728 καὶ
1195 2676 1294 2745 τῆς
1327 2676 1462 2747 πρὸς
1485 2679 1610 2740 τοὺς
1644 2678 1936 2745 σκορπίους

356 2770 451 2821 καὶ⁹
491 2769 618 2831 τοὺς
646 2767 819 2836 ὄφεις,
851 2766 946 2830 οὓς
987 2769 1083 2821 κα)⁸
1134 2766 1360 2831 πολλοὺς
1407 2768 1679 2837 Αἴγυπτος
1725 2768 1932 2839 τρέφει,

352 2856 495 2911 ὥστε
526 2856 600 2927 μὴ
633 2856 959 2926 βλάπτεσθαι
994 2855 1145 2927 παρὰ
1178 2855 1285 2908 τῶν
1309 2856 1614 2928 τηρούντων
1644 2857 1741 2927 τὴν
1768 2857 1933 2928 πτέρ-

353 2967 472 3014 ναν,
511 2948 607 3012 οὒς
647 2952 836 3003 πατεῖν
882 2948 1302 3020 ὲκελεύσθημεν.
1340 2949 1475 3021 Περὶ
1516 2950 1573 3002 δὲ
1608 2950 1706 3020 τῆς
1736 2948 1938 3019 βακτη-

357 3042 478 3115 ρίας
527 3041 700 3105 οὕτως
734 3040 861 3111 ἔχω,
900 3042 994 3093 καὶ
1021 3040 1114 3093 τοῦ
1150 3040 1277 3111 περὶ
1307 3040 1512 3109 ταύτην
1540 3038 1651 3109 (96)
1680 3039 1935 3109 αἰνίγμα-

353 3150 467 3196 τος.
501 3132 613 3203 Τὴν
651 3133 747 3202 μὲν
780 3133 1164 3204 ὑπερειστικὴν
1202 3125 1338 3194 οἶδα,
1364 3131 1462 3201 τὴν
1490 3130 1546 3183 δὲ
1572 3131 1935 3201 ποιμαντικήν

353 3242 415 3278 τε
444 3225 539 3277 καὶ
560 3224 966 3293 διδασκαλικὴν,
994 3224 1088 3275 καὶ
1105 3222 1175 3273 τὰ
1197 3220 1389 3290 λογικὰ
1417 3221 1665 3291 πρόϐατα
1692 3221 1936 3292 ἐπιστρέ-

356 3332 587 3385 φουσαν.
635 3313 795 3366 Ἀλλὰ
821 3315 903 3365 σο).
931 3311 1026 3366 νῦν
1056 3312 1152 3383 τὴν
1176 3311 1561 3383 ύπερείδουσαν
1593 3314 1620 3365 ὁ
1641 3311 1802 3382 νόμος
1823 3312 1938 3364 δια-

354 3406 661 3469 κελεύεται,
698 3407 878 3476 μήπου
912 3405 1004 3458 τὸν
1031 3404 1287 3474 λογισμὸν
1315 3403 1571 3474 ὀκλάσῃς,
1607 3399 1746 3474 αἷμα
1776 3403 1933 3464 Θεοῦ,

355 3498 453 3550 καὶ
488 3496 662 3559 πάθος
690 3495 921 3559 ἀκούων,
950 3496 1043 3548 καὶ
1079 3495 1324 3558 θάνατον,
1366 3495 1549 3566 μήπου
1581 3494 1936 3566 περιενεχθῇς

354 3589 553 3653 ἀθέως,
583 3587 658 3649 ὡς
688 3585 823 3639 Θεοῦ
856 3587 1150 3657 συνήγορος
1173 3602 1185 3615 ·
1216 3586 1329 3639 ἀλλ’
1367 3586 1811 3655 ἀνεπαισχύντως
1843 3586 1936 3638 καὶ

354 3680 765 3742 ἁνενδοιάστως,
815 3678 956 3747 φάγε
1010 3678 1071 3730 τὸ
1120 3677 1296 3749 σῶμα,
1332 3678 1420 3731 πίε
1460 3678 1521 3732 τὸ
1551 3673 1709 3749 αἷμα,
1754 3680 1802 3731 εἰ
1838 3678 1937 3749 τῆς

356 3758 503 3843 ζωῆς
564 3770 978 3842 ἐπιθυμητικῶς
1031 3769 1194 3840 ἔχεις,
1263 3772 1397 3843 μήτε
1460 3774 1571 3834 τοῖς
1633 3771 1762 3841 περὶ
1808 3788 1938 3841 σαρ-

355 3864 450 3927 κὸς
498 3864 610 3933 (97)
642 3862 887 3923 ἀπιστῶν
926 3861 1121 3930 λόγοις,
1175 3863 1310 3933 μήτε
1354 3866 1466 3926 τοῖς
1510 3862 1637 3933 περὶ
1678 3862 1739 3915 τὸ
1765 3863 1936 3926 πάθος

357 3954 745 4025 βλαπτόμενος.
792 3953 1211 4023 Ἑρηρεισμένος
1259 3954 1466 4018 ἵστασο,
1509 3956 1725 4023 πάγιος,
1771 3953 1934 4025 βεϐη-

356 4048 491 4114 κὼς,
523 4049 579 4100 ὲν
623 4048 811 4118 μηδενὶ
850 4046 1206 4116 σαλευόμενος
1243 4047 1348 4099 ὑπὸ
1384 4046 1492 4100 τῶν
1522 4047 1933 4115 ἀντικειμένων,

358 4142 498 4213 μηδὲ
558 4142 914 4211 πιθανότητος
965 4140 1141 4211 λόγοις
1196 4140 1667 4215 παρασυρόμενος.
1716 4140 1837 4192 Ἐπὶ
1877 4140 1937 4193 τὸ

358 4235 491 4301 ὕψος
560 4233 785 4287 σεαυτοῦ
842 4233 1028 4303 στῆθι,
1099 4234 1155 4286 ὲν
1220 4235 1339 4296 ταῖς
1400 4233 1592 4296 αὐλαῖς
1667 4234 1936 4304 Ἰερουσα-

357 4327 473 4398 λὴμ
523 4326 717 4396 στῆσον
757 4325 881 4388 τοὺς
928 4324 1113 4387 πόδας,
1153 4324 1245 4377 ἐπὶ
1276 4325 1374 4392 τῆς
1409 4325 1616 4396 πέτρας
1644 4324 1755 4394 (98)
1792 4324 1935 4395 ἕρει-

2042 1832 2360 1902 impressam
2432 1844 2779 1891 contacturus
2837 1846 2941 1901 εει,
3003 1836 3366 1892 calceamenta
3410 1839 3602 1904 solvat,

2034 1926 2486 1995 quemadmodum
2513 1936 2568 1980 ct
2592 1926 2801 1995 Moyses
2836 1928 2924 1982 ille
2959 1929 3009 1982 in
3065 1939 3245 1984 monte
3278 1931 3343 1995 ⁸⁸,
3380 1942 3437 1983 ιιι
3475 1931 3606 1985 nihil

2036 2028 2305 2074 mortuum
2335 2019 2494 2085 ferat,
2532 2036 2630 2076 nec
2663 2022 2803 2075 inter
2835 2020 3004 2077 Deum
3035 2033 3200 2092 atque
3234 2024 3483 2079 homines
3514 2026 3601 2079 in-

2038 2112 2375 2166 termedium.
2409 2112 2685 2168 Consimili
2721 2115 2877 2169 modo
2937 2116 2981 2171 si
3036 2116 3154 2185 quis
3203 2117 3498 2186 discipulus
3537 2119 3605 2171 ad

2035 2204 2431 2272 praedicandum
2465 2203 2813 2275 Evangelium
2850 2190 3077 2261 mittitur
3103 2208 3172 2272 ⁶¹,
3213 2207 3505 2278 frugalitati
3532 2226 3595 2263 at:

2035 2294 2362 2363 simplicitati
2398 2298 2610 2353 studeat
2640 2316 2652 2352 :
2698 2299 2890 2369 quippe
2922 2314 3101 2368 quem,
3133 2311 3326 2369 praeter
3360 2301 3411 2355 id
3452 2305 3596 2371 quod

2035 2401 2135 2441 nec
2183 2402 2279 2454 tes,
2313 2403 2413 2444 nec
2464 2389 2737 2454 baculum,
2771 2405 2867 2445 nec
2921 2391 3184 2462 duplicem
3221 2394 3459 2447 tunicam
3505 2396 3606 2449 ha-

2034 2481 2183 2545 beat,
2222 2480 2387 2534 etiam
2440 2482 2597 2537 nudis
2620 2483 2848 2551 pedibus
2881 2484 2982 2537 iter
3032 2484 3209 2539 facere
3240 2495 3504 2553 oporteat,
3547 2497 3606 2540 ut

2036 2572 2243 2641 pulchri
2274 2573 2438 2642 pedes
2474 2574 2959 2642 evangelizantium
2998 2591 3181 2647 pacem
3212 2578 3278 2643 θ’,
3338 2588 3392 2633 et
3435 2580 3608 2648 quod—

2034 2664 2167 2719 libet
2198 2664 2341 2717 aliud
2375 2665 2573 2718 booum
2604 2706 2616 2729 ,
2669 2677 2989 2735 appareant.
3036 2668 3103 2722 At
3142 2684 3272 2722 vero
3313 2671 3402 2738 qui
3440 2670 3607 2743 {Egyo

2036 2766 2179 2825 ptum
2206 2772 2268 2811 ac
2305 2771 2388 2810 res
2416 2755 2632 2828 IEgypti
2661 2757 2813 2827 fugit,
2843 2760 3057 2816 calceos
3086 2773 3265 2815 Sumat
3289 2763 3353 2826 ⁸³,
3384 2775 3439 2817 ut
3464 2774 3609 2819 tutus

2034 2850 2123 2914 sit,
2159 2866 2279 2905 cum
2316 2851 2381 2904 ab
2416 2851 2536 2906 aliis
2568 2851 2750 2914 rebus.
2781 2863 2892 2907 tum
2932 2868 2961 2907 a
3003 2855 3231 2923 scorpiis
3255 2862 3309 2909 et
3332 2859 3606 2925 serpenti-

2038 2946 2155 3009 bus,
2184 2960 2319 3012 quos
2352 2944 2649 3013 permultos
2676 2944 2941 3015 Egyptus
2992 2946 3107 3012 alit,
3151 2956 3210 3001 ut
3261 2949 3327 3003 ab
3368 2949 3434 3003 iis
3460 2990 3474 3015 ,
3517 2935 3610 3018 qni

2039 3036 2353 3091 calcaueum
2379 3038 2762 3102 observant,et
2780 3053 2915 3107 quos
2945 3039 3155 3094 calcare
3174 3039 3313 3108 iussi
3337 3042 3605 3108 sumus“,

2042 3132 2263 3185 minime
2288 3130 2617 3187 vulneretur.
2648 3131 2768 3187 Jam
2804 3132 2869 3187 de
2897 3131 3089 3187 baculo
3124 3134 3169 3165 “
3207 3143 3370 3204 atque
3399 3134 3513 3203 ejus
3536 3137 3611 3190 si-

2040 3224 2389 3295 gniﬁcatione
2442 3224 2512 3278 ita
2555 3224 2751 3281 sentio.
2801 3223 2933 3277 Nam
2990 3238 3111 3279 cum
3164 3224 3300 3279 alter
3352 3225 3610 3282 fulciendi

2038 3316 2146 3369 vim
2184 3315 2404 3381 habeat,
2432 3314 2571 3369 alter
2602 3315 2835 3385 pastoris
2873 3323 2927 3370 et
2966 3316 3206 3371 doctoris
3237 3318 3487 3386 proprius
3516 3320 3609 3382 sit,

2041 3417 2203 3476 atque
2236 3422 2364 3462 oves
2394 3408 2601 3461 ratione
2648 3407 2897 3475 praeditas
2926 3415 3225 3473 convertat,
3271 3408 3322 3461 in
3358 3410 3611 3479 viamque

2042 3498 2301 3551 reducat:
2336 3498 2425 3553 hic
2461 3499 2541 3552 lex
2578 3498 2891 3552 fulcientem
2939 3498 3190 3553 baculum
3230 3499 3323 3553 tibi
3358 3501 3609 3568 prmscri-

2040 3590 2138 3655 bit,
2171 3590 2371 3646 necubi
2394 3590 2576 3644 animo
2617 3591 2814 3646 titubes
2836 3634 2850 3654 ,
2894 3592 3018 3645 dum
3056 3591 3146 3645 Dei
3204 3594 3523 3663 sanguinem
3556 3604 3610 3648 ct

2039 3683 2352 3740 Passionem
2385 3695 2437 3739 et
2468 3693 2694 3739 mortem
2742 3686 2896 3738 audis
2918 3724 2932 3749 ,
2966 3700 3027 3739 ac
3057 3685 3182 3738 dum
3226 3686 3315 3739 Dei
3350 3695 3610 3755 patronus

2040 3786 2202 3847 atque
2255 3777 2507 3832 defensor
2539 3777 2705 3831 videri
2752 3778 2926 3845 cupis,
2994 3777 3158 3845 impie
3202 3792 3441 3832 corruas.
3472 3778 3609 3845 Quin

2039 3871 2238 3937 potius,
2274 3870 2391 3923 sine
2421 3872 2624 3936 pudore
2655 3884 2715 3923 ac
2740 3869 3070 3924 dubitatione
3100 3884 3295 3938 corpus
3326 3870 3445 3937 ede,
3479 3886 3609 3923 san-

2038 3963 2250 4031 guinem
2290 3962 2411 4016 bibe
2437 4001 2453 4026 ,
2499 3962 2542 4015 si
2579 3963 2736 4016 modo
2762 3963 2884 4017 vita:
2932 3961 3205 4017 desiderio
3259 3963 3613 4029 teneris,.nec

2039 4053 2382 4107 sermonibus
2434 4053 2500 4106 de
2533 4067 2695 4106 carne
2736 4052 2892 4107 [idem
2930 4053 3217 4122 abrogans,
3249 4066 3349 4106 nec
3389 4052 3452 4104 ad
3489 4066 3604 4113 ers,

2037 4146 2129 4214 qui
2159 4145 2224 4200 de
2256 4144 2506 4214 passione
2545 4144 2832 4208 habentur,
2876 4145 3200 4215 impingens.
3250 4143 3607 4210 Innixus.sta,

2040 4237 2227 4292 firmus
2286 4246 2339 4291 et
2394 4236 2624 4304 stabilis,
2658 4244 2820 4303 atque
2857 4236 2929 4289 ita
2976 4247 3344 4304 comparatus,
3379 4245 3433 4289 ut
3461 4246 3603 4289 nuha

2041 4328 2091 4380 in
2120 4343 2177 4382 re
2212 4326 2478 4396 quatiaris
2506 4327 2572 4381 ab
2602 4326 2951 4385 adversariis,
2980 4340 3078 4379 nec
3106 4327 3392 4379 verberum
3427 4326 3610 4394 lepore

360 4436 476 4482 σον,
528 4419 615 4471 ἵνα
670 4418 742 4489 μὴ
800 4416 1089 4488 σαλεύηταί
1142 4433 1236 4469 σου
1294 4415 1361 4469 τὰ
1403 4416 1542 4469 κατὰ
1590 4416 1721 4469 Θεὸν
1752 4416 1935 4487 διαϐή-

2042 4429 2207 4486 atque
2257 4417 2526 4471 illecebris
2562 4416 2871 4484 abripiaris.
2919 4416 2970 4468 lu
3023 4414 3234 4485 fastigio
3285 4425 3373 4468 tuo
3410 4424 3520 4479 sta,
3557 4418 3608 4470 in

358 4528 526 4582 ματα.

431 4785 516 4839 ις’.
557 4783 622 4834 Τί
654 4782 788 4853 φῄς;
829 4781 983 4836 Οῦτω
1028 4782 1201 4836 ταῦτα
1244 4781 1441 4847 ἔδοξεν,
1476 4783 1746 4850 Αἴγυπτον
1785 4780 1935 4847 ἐξελ-

360 4876 494 4939 θεῖν,
534 4877 633 4946 τὴν
660 4875 884 4946 σιδηρᾶν
906 4874 1154 4943 κάμινον,
1184 4874 1504 4928 καταλιπεῖν
1537 4891 1595 4927 σε
1624 4873 1724 4946 τὴν
1753 4877 1933 4928 ἐκεῖσε

359 4967 651 5021 πολυθεῖαν
684 4966 815 5037 (99),
857 4968 950 5019 καὶ
983 4966 1089 5019 ὑπὸ
1113 4966 1392 5029 Μωῡσέως
1430 4966 1679 5037 ἀχθῆναι,
1718 4968 1933 5038 καὶτῆς

2044 4509 2200 4563 atriis
2244 4496 2542 4563 Jerusalem
2574 4507 2736 4575 pedes
2791 4513 2965 4559 statue
2988 4505 3052 4570 “,
3099 4507 3151 4559 in
3183 4516 3330 4576 petra
3370 4503 3608 4571 suﬂ‘ulci,

2040 4602 2202 4671 361
2239 4608 2296 4654 ut
2325 4600 2396 4655 tui
2433 4599 2728 4653 secundum
2761 4598 2925 4652 Deum
2950 4612 3170 4668 gressus
3213 4613 3317 4652 non
3358 4613 3612 4653 inovean-

2046 4705 2152 4747 lUl’.

2118 4782 2233 4837 XX.
2261 4780 2398 4848 Quid
2434 4764 2553 4847 ais?
2580 4780 2727 4835 Itane
2760 4780 2922 4835 ﬁxum
2942 4794 3004 4834 ac
3027 4785 3301 4837 decretum
3339 4791 3438 4844 est,
3470 4794 3521 4837 ut
3545 4799 3612 4836 ex

2044 4873 2301 4945 Egypto,
2332 4876 2430 4929 hoc
2465 4884 2568 4937 est,
2592 4888 2655 4927 ex
2689 4872 2906 4927 fornace
2932 4873 3102 4927 ferrea
3133 4874 3199 4939 ⁸⁷,
3228 4874 3477 4940 excedas,
3513 4876 3611 4927 im-

2044 4966 2301 5035 piumque
2326 4966 2548 5020 deorum
2573 4964 2865 5020 multorum
2921 4967 3121 5019 cultum
3177 4964 3286 5020 illic
3338 4967 3608 5036 vigentem

430 5126 475 5156 ⁸⁸
516 5124 655 5178 Psal.
693 5138 824 5183 xvn.
855 5125 943 5179 33.
997 5124 1041 5155 ⁸⁷
1080 5123 1220 5178 Psal.
1253 5140 1384 5195 acu.
1415 5125 1464 5179 l.
1521 5124 1566 5155 ⁸⁸
1599 5123 1739 5180 Psal.
1771 5123 1935 5195 cuni

2051 5124 2095 5155 δ’
2124 5122 2318 5192 Ephes.
2354 5139 2426 5185 vt,
2464 5122 2550 5195 υ».
2602 5123 2667 5195 7“
2701 5122 2867 5195 Exod.
2898 5122 3069 5195 "1.5:
3112 5123 3153 5154 "
3185 5122 3315 5178 Luc.
3347 5140 3401 5184 χ,
3430 5124 3464 5178 5
3490 5139 3589 5195 sqq

358 5198 405 5228 "
434 5198 533 5251 lsa.
562 5212 656 5260 LII,
685 5197 735 5248 7.
814 5194 856 5227 ⁵³
895 5195 1060 5249 Exod.
1087 5210 1181 5257 xu,
1213 5194 1298 5249 11.

434 5310 543 5387 (9i)
582 5308 1059 5387 ηεριεζωσμένοι.
1095 5307 1227 5365 Tres
1254 5308 1415 5387 Re‘gg.
1447 5319 1500 5365 et
1533 5325 1719 5383 novent
1748 5310 1927 5379 Culb.,

356 5381 810 5451 περιζωσάμενοι.

430 5447 541 5519 (9‘2)
579 5447 759 5505 Κάθὰ.
795 5450 886 5504 Or.
927 5451 978 5515 1,
1011 5447 1214 5517 καθώς,
1374 5518 1385 5519 7
1664 5488 1694 5513 η

429 5518 543 5588 (93)
582 5521 693 5574 Καὶ
722 5521 1066 5589 ἀπερίττως.
1101 5520 1257 5573 Deest
1285 5521 1335 5573 in
1362 5518 1470 5575 Jes.

430 5590 543 5660 (‘94)
585 5591 698 5645 Δεῖ.
737 5593 789 5644 In
822 5592 1109 5661 nonnullis,
1138 5590 1265 5661 χρή.

429 5663 539 5730 (95)
580 5660 1012 5730 Γυμνοποδεῑν.
1058 5659 1149 5712 Sic
1179 5659 1290 5713 tres
1333 5659 1521 5723 Reae”
1555 5660 1716 5715 Coisl.
1754 5663 1801 5723 l,
1839 5660 1929 5715 0r.

361 5730 414 5798 ί,
447 5731 591 5792 Pun,
621 5744 725 5786 etc.
763 5730 817 5782 lu
852 5731 968 5782 Par.
1007 5730 1115 5791 ed.,
1146 5730 1488 5799 γυμνοποδεῖ,

430 5805 542 5871 ‘96)
583 5801 722 5871 Περὶ
755 5802 999 5868 ταύτην.
1038 5800 1199 5852 Coisl.
1239 5804 1257 5853 l
1294 5812 1346 5855 et
1384 5800 1516 5862 Jcs.,
1551 5803 1676 5874 περὶ
1708 5802 1927 5872 ταύτης.

716 5895 987 5952 Parnm.
1034 5894 1147 5955 Gn.
1200 5887 1493 5955 XXXVI.

1377 5194 1575 5249 "Luc.
1613 5211 1668 5257 x,
1704 5195 1790 5249 l9.
1866 5194 1910 5225 ⁶⁸
1939 5194 2106 5252 Exod.
2137 5210 2233 5258 xu,
2258 5195 2341 5247 ll.

2421 5194 2465 5225 ⁶⁶
2492 5193 2633 5247 Psal.
2665 5210 2813 5256 om,
2841 5193 2893 5246 Ξ.
2972 5193 3014 5224 ⁸⁷
3044 5193 3194 5247 Deut.
3230 5209 3302 5261 tv,
3329 5195 3420 5247 20.

2110 5308 2219 5378 (97)
2259 5306 2421 5375 Μὴτε
2450 5308 2573 5373 τοῖς
2604 5306 2735 5375 περὶ
2766 5307 3011 5375 σαρκός,
3043 5316 3149 5363 etc.
3194 5306 3311 5361 Bill.
3348 5307 3399 5359 in
3444 5308 3614 5376 prima

2038 5382 2169 5433 edit.
2219 5398 2237 5429 ι
2273 5378 2380 5432 Nec
2420 5380 2677 5431 doctrina:
2722 5381 2898 5429 cumis
2953 5380 3107 5432 Iidem
3159 5378 3460 5446 alirogans,
3514 5394 3615 5430 nec

2038 5450 2310 5503 Passionis
2340 5449 2678 5501 sermonibus
2705 5446 2960 5505 oﬂ‘cnsns.
3002 5468 3019 5498 ι

2108 5520 2219 5588 (98)
2260 5518 2381 5570 Ἐπὶ
2425 5518 2535 5584 τῆς
2578 5517 2815 5587 πέτρης.
2881 5538 2896 5568 ι
2924 5519 2977 5571 In
3004 5529 3171 5587 petra,
3203 5536 3219 5567 ι
3246 5516 3326 5588 Aid
3377 5523 3478 5577 est,
3517 5532 3536 5564 ι
3562 5515 3612 5565 in

2036 5585 2271 5656 Christo,
2301 5608 2318 5638 ι
2352 5590 2502 5655 juxta
2555 5585 2739 5659 Apoét.
2774 5589 2790 5641 I
2840 5588 2963 5644 Cor.
3005 5585 3058 5651 it,
3099 5588 3153 5650 4,
3196 5606 3211 5637 ι
3243 5585 3401 5641 Petra
3432 5595 3611 5652 autem

2037 5671 2152 5714 erat
2184 5658 2449 5712 Christus.
2483 5676 2499 5707 ι

2109 5730 2216 5799 (99)
2248 5728 2597 5783 Πολιυθεΐαν.
2641 5727 2802 5781 (Zoisl.
2842 5729 2861 5781 Ι
2898 5738 2948 5783 ct
2968 5727 3060 5783 Or.
3092 5728 3113 5781 1
3151 5724 3370 5793 addunt,
3404 5725 3611 5795 ἀθείᾳν,

2045 5820 2061 5852 ι
2092 5803 2328 5876 iamiam,
2361 5800 2696 5867 sacrilegam.
2728 5817 2745 5849 ι

3180 5888 3256 5952 21
