4100 6276
533 254 631 310 651

1747 258 1803 313 S.
1846 258 2172 317 GREGORII
2216 259 2561 317 THEOLOGI

3692 266 3788 325 652

536 370 833 438 relinquas,
865 376 1024 439 atque
1044 385 1072 422 a
1103 368 1304 439 Moyse,
1334 369 1611 439 ipsnusque
1638 370 1847 442 legibus
1870 390 1934 429 ac
1966 375 2111 429 mili--

2231 376 2424 430 εκείνου
2459 377 2533 446 (1)
2562 377 2883 447 νομοθεσίας
2926 378 3020 431 καὶ
3056 379 3424 450 στρατηγίαςς
3457 380 3788 453 Είσηγοῦμαι

539 464 640 519 tari
675 464 902 533 imperio
935 463 1194 519 ducaris?
1230 463 1524 518 Consilium
1570 468 1839 535 quoddam
1869 467 1961 521 tibi
1990 483 2117 535 por-

538 557 674 627 rigo,
728 572 1066 626 nequaquam
1132 571 1334 623 meum,
1386 557 1495 612 imo
1553 559 1841 613 admodum
1900 574 2116 629 quoque

537 665 745 714 meum,
780 650 823 703 si
854 664 965 703 rem
997 648 1357 718 spiritualiter
1397 652 1739 718 expenderis.
1791 651 1927 708 Vasa
1952 668 2114 707 aurea

540 754 592 797 et
622 755 871 813 argentea
892 741 1165 814 Egyptiis
1195 744 1540 798 commodata
1590 756 1707 814 pete
1742 746 1825 801 ‘9:
1879 762 2000 805 cum
2035 746 2118 802 his

540 847 591 891 te
623 834 800 890 itineri
830 835 1153 891 committe:
1203 851 1270 889 ex
1337 836 1528 890 alienis
1570 836 1917 893 facultatibus
1958 840 2119 893 viati-

538 946 659 985 cum
695 930 786 984 tibi
819 944 970 999 para,
1002 929 1110 982 imo
1141 943 1205 981 cx
1260 927 1365 982 tuis
1398 931 1598 998 potius.
1658 929 1946 986 Servitutis
1973 931 2116 984 enim

537 1040 601 1079 ac
628 1022 997 1078 coniectorum
1024 1021 1257 1076 laterum
1287 1038 1495 1078 merces
1520 1024 1613 1077 tibi
1647 1024 1891 1079 debetur.
1913 1025 2119 1080 Callide

538 1128 595 1170 tu
622 1130 837 1186 quoque
864 1114 1065 1184 aliquid
1089 1114 1229 1169 circa
1264 1118 1529 1171 mercedis
1560 1116 1942 1185 flagitatiouem
1966 1133 2117 1173 com-

536 1208 865 1263 miniscere:
898 1206 1120 1277 pulchre
1147 1207 1359 1261 frauda.
1391 1206 1524 1264 Esto
1558 1224 1710 1275 sane,
1744 1210 1997 1280 gravibus
2032 1210 2118 1265 hic

538 1299 817 1354 laboribus
854 1309 1082 1354 vexatus
1117 1314 1196 1361 es,
1229 1315 1350 1354 cum
1398 1300 1511 1355 luto
1557 1302 1873 1366 colluctans,
1932 1303 1984 1357 id
2015 1311 2115 1369 est,

539 1406 663 1446 cum
695 1406 998 1446 :erumnoso
1026 1400 1079 1446 et
1104 1392 1313 1459 impuro
1344 1406 1585 1462 corpore,
1614 1408 1677 1447 ac
1703 1393 1890 1448 domos
1914 1394 2119 1447 alienas

539 1494 595 1538 et
619 1486 851 1540 caducas
880 1494 1191 1551 exstruens,
1228 1500 1455 1554 quarum
1505 1486 1760 1540 memoria
1791 1501 1911 1540 cum
1941 1487 2117 1540 sonitu

539 1578 702 1645 perit.
732 1575 906 1643 Quid?
938 1557 1194 1631 Gi'atisne
1254 1585 1308 1630 ct
1348 1579 1554 1646 absque
1600 1579 1768 1648 pretio
1816 1578 2120 1648 egrederis?

540 1667 715 1734 Quid?
748 1664 1122 1739 Aan‘gyptiis
1167 1675 1224 1722 et
1276 1668 1603 1724 adversariis
1661 1670 2016 1739 poti-statibus
2059 1687 2117 1725 ea

2220 485 2271 520 τι
2297 469 2390 521 καὶ
2420 468 2527 523 τῶν
2561 470 2661 523 οὐκ
2688 468 2859 540 ἐμῶν,
2894 470 3093 540 μᾶλλον
3126 471 3183 524 δὲ
3233 473 3326 525 καὶ
3372 471 3494 525 λίαν
3524 473 3687 542 ἐμῶν,
3725 474 3787 529 ἂν

2222 560 2603 630 πνευματικῶς
2631 560 2860 633 θεωρῇς.
2894 562 3112 634 Χρῆσαι
3134 563 3261 635 παρ’
3285 563 3601 631 Αἰγυπτίων
3630 564 3788 633 σκεύη

2220 655 2397 724 χρυσᾶ
2434 654 2527 707 καὶ
2561 654 2778 726 ἀργυρᾶ
2804 672 2817 684 ο
2855 654 2991 726 μετά
3020 654 3225 708 τούτων
3268 654 3517 708 ὃδευσον·
3577 658 3639 708 ἐκ
3689 656 3788 709 τῶν

2220 744 2515 816 ἀλλοτρίων
2552 746 2932 817 ὲφοδιάσθητι,
2971 746 3169 817 μᾶλλον
3206 746 3261 799 δὲ
3305 746 3416 801 τῶν
3454 746 3589 799 σῶν’
3630 763 3789 817 χρεω-

2223 833 2423 887 στείταί
2457 852 2536 888 σοι
2569 836 2757 905 μισθὸς
2791 836 2890 905 τῆς
2904 836 3162 900 δουλείας
3202 837 3295 889 καὶ
3329 838 3430 907 τῆς
3484 836 3750 901 πλινθείας
3776 855 3787 869 ο

2223 925 2440 994 σόφισαί
2471 944 2524 979 τι
2564 928 2657 979 καὶ
2686 929 2749 981 σὺ
2785 928 2911 998 περὶ
2944 928 3043 998 τὴν
3079 928 3378 998 ἀπαίτησιν
3401 944 3416 957 ⁸
3456 926 3634 990 καλῶς
3670 929 3792 980 ἀπο-

2224 1016 2507 1090 στέρησον.
2536 1018 3239 1091 Ἔστω,τεταλαιπὼρηκας
3271 1018 3530 1083 ἐνταῦθα,
3562 1018 3794 1091 τῷπηλῴ

2225 1111 2551 1181 μαχόμενος,
2591 1111 2670 1182 τῷ
2720 1111 2978 1183 μοχθηρῷ
3036 1111 3211 1182 τούτῳ
3261 1113 3357 1166 καὶ⁸
3412 1112 3641 1184 ῥυπαρῷ
3694 1111 3793 1164 σώ-

2226 1222 2373 1275 ματι,
2405 1204 2496 1257 καὶ
2529 1205 2711 1268 πόλεις
2738 1204 3034 1276 οἰκοδομῶν
3067 1204 3353 1277 ἀλλοτρίας
3380 1204 3479 1258 καὶ
3510 1204 3790 1276 σφαλεράς,

2223 1290 2297 1350 ὧν
2342 1297 2622 1350 ἀπολεῖται
2665 1297 2725 1350 τὸ
2780 1297 3123 1369 μνημόσυνον
3192 1298 3308 1368 μετ’
3362 1290 3516 1368 ἦχον.
3576 1297 3639 1349 Τί
3673 1297 3790 1359 δαί;

2228 1392 2425 1462 προῖκα
2489 1390 2683 1462 ἐξέρχῃ
2738 1392 2831 1443 καὶ
2892 1391 3123 1461 ἀμισθί;
3166 1391 3231 1442 Τί
3274 1391 3402 1455 δαίς
3458 1389 3793 1459 καταλείψεις

2222 1480 2542 1548 Αἰγυπτίοις
2576 1481 2669 1533 καὶ
2700 1482 2817 1545 ταῖς
2847 1480 3252 1550 ἀντικειμέναις
3289 1478 3607 1548 δυνάμεσιν,
3641 1478 3674 1532 ἃ.
3702 1495 3792 1531 κα-

2224 1571 2335 1634 κῶς
2366 1573 2681 1642 ἐκτήσαντο,
2707 1572 2801 1625 καὶ
2834 1573 3013 1642 χεῖρον
3041 1570 3479 1641 δαπανήσουσιν;
3517 1570 3628 1622 Οὐκ
3661 1567 3795 1621 ἔστιν

2225 1661 2474 1713 ἐκείνωψ
2523 1660 2813 1733 ἐσύλησαν,
2858 1661 3113 1731 ἥρπασαν
3158 1660 3252 1713 τοῦ
3310 1660 3593 1722 εἰπόντος·
3636 1658 3795 1727 Ἐμόν

546 1760 842 1829 relinques,
876 1776 993 1830 qua:
1023 1760 1161 1815 male
1194 1761 1369 1830 adepti
1430 1772 1577 1827 sunt,
1629 1777 1693 1816 ac
1740 1763 1889 1832 pejus
1921 1779 2117 1818 consu-

2231 1751 2353 1805 ἐστι
2378 1753 2439 1805 τὸ
2481 1753 2765 1823 ἀργύριον
2811 1752 2911 1823 (2),
2957 1753 3053 1806 καὶ
3091 1753 3238 1822 ἐμόν
3278 1753 3413 1806 ἐστι
3441 1750 3505 1805 τὸ
3528 1752 3793 1820 χρυσίον,

543 1849 730 1901 ment?
753 1847 963 1901 Nullum
993 1848 1081 1918 jus
1112 1848 1164 1901 in
1223 1865 1283 1903 ca
1326 1851 1551 1917 habent;
1607 1853 1893 1923 sacrilegio
1928 1855 2123 1924 compi-

544 1939 743 2003 larunt,
778 1940 1087 2008 eripuerunt
1113 1941 1185 2004 ei,
1213 1941 1301 2010 qui
1334 1942 1465 1996 dixit
1490 1962 1503 1997 :
1533 1942 1710 1998 Meum
1739 1958 1808 1998 est
1828 1956 2119 2014 argentum,

544 2038 588 2079 ct
617 2046 783 2082 meum
835 2040 914 2083 est
972 2048 1159 2085 aurum
1196 2032 1260 2098 θ’,
1313 2032 1549 2105 dat/aque
1597 2038 1665 2102 ei,
1700 2039 1784 2089 cui
1814 2040 2017 2091 voluero
2051 2039 2119 2090 ⁷ο.

546 2118 669 2174 lleri
709 2121 793 2173 illa
826 2122 1175 2191 possidebant
1218 2141 1233 2182 :
1266 2124 1344 2179 sic
1380 2127 1520 2181 cnim
1547 2128 1982 2196 permittebatur.
2018 2130 2123 2184 llo-

548 2213 632 2266 die
656 2230 716 2265 ca
751 2214 844 2267 tibi
881 2214 1140 2271 Dominus
1176 2215 1332 2272 oﬂ'ert
1381 2232 1444 2273 ac
1486 2219 1667 2285 tradit,
1722 2208 1945 2275 honeste
1970 2206 2023 2276 et
2055 2223 2122 2277 ad

544 2304 770 2359 salutem
806 2322 991 2361 usuro.
1050 2308 1267 2364 Amicos
1300 2309 1454 2364 nobis
1481 2310 1547 2365 de
1575 2328 1883 2368 mammona
1917 2314 2119 2383 iniqui-

545 2397 670 2450 tatis
697 2412 1093 2467 comparemus,
1119 2407 1193 2463 ut,
1223 2414 1345 2453 cum
1375 2400 1732 2460 defecerimus
1755 2446 1771 2470 ,
1830 2407 1881 2460 in
1927 2407 2119 2477 judicii

546 2500 789 2559 tempore
825 2493 1150 2560 recipiamus
1194 2494 1263 2548 “.

617 2579 755 2635 ΧΧΙ.
802 2580 856 2635 Si
890 2580 1088 2636 Rachel
1116 2584 1357 2652 quaedam
1388 2600 1467 2650 es,
1495 2598 1585 2640 aut
1614 2586 1727 2653 Lia,
1766 2588 1866 2643 hoc
1900 2602 2002 2656 est,
2032 2607 2126 2661 pa-

548 2675 835 2731 triarchica
865 2686 918 2730 et
948 2693 1135 2747 magna
1170 2679 1367 2742 anima,
1406 2682 1573 2749 patris
1605 2697 1819 2750 quoque
1852 2685 1923 2737 ttti
1961 2686 2123 2753 idola,

546 2784 878 2837 qumcunque
910 2770 1201 2834 inveneris,
1231 2773 1463 2842 surripe,
1502 2790 1604 2828 non
1641 2786 1698 2828 ιιι
1731 2790 1932 2845 serves,
1965 2782 2055 2833 sed
2073 2790 2127 2835 ut

547 2861 813 2917 deleas".
877 2862 933 2917 Si
982 2874 1161 2917 autem
1214 2865 1430 2932 sapiens
1493 2865 1777 2934 Israelitis,
1827 2871 1892 2923 ad
1927 2882 2125 2925 terram

548 2956 922 3024 promissionis
960 2955 1220 3023 transfer;
1292 2973 1463 3027 eoque
1500 2961 1719 3016 nomine
1772 2962 2128 3018 discruciemr

549 3059 880 3118 persecutor,
911 3057 1073 3118 atque
1103 3062 1166 3101 ex
1204 3049 1387 3103 fraude
1412 3051 1511 3105 sibi
1539 3050 1676 3105 facta
1714 3055 1817 3108 hoc
1846 3055 2125 3127 intelligat,

548 3142 691 3210 quod
721 3142 1006 3212 tyrannide
1037 3157 1102 3195 ac
1143 3141 1406 3196 servitute
1437 3142 1684 3199 meliores
1719 3144 1917 3201 frustra
1943 3150 2128 3218 oppri-

548 3230 748 3282 mebat.
781 3228 893 3284 lloc
918 3229 961 3284 si
992 3229 1206 3295 feceris,
1238 3240 1399 3299 atque
1432 3231 1503 3285 ita
1556 3248 1621 3288 cx
1674 3234 1912 3307 IEgypto
1938 3255 2130 3295 exces-

550 3318 707 3379 seris,
742 3318 901 3389 ignis,
938 3318 1067 3371 mihi
1101 3318 1278 3381 crede,
1315 3333 1377 3373 ac
1434 3321 1591 3375 nubis
1636 3322 1883 3377 columna
1918 3325 2009 3380 tibi
2044 3325 2132 3380 die

552 3428 617 3467 ac
649 3422 806 3466 nocte
841 3413 944 3465 iter
980 3412 1419 3479 prtcmonslrabit
1457 3412 1504 3443 ⁷³
1532 3454 1546 3477 ,
1597 3415 1870 3470 desertum
1930 3419 2134 3489 mitiga-

548 3506 713 3569 bitur,
752 3521 900 3558 mare
919 3504 1010 3558 tibi
1036 3504 1335 3570 seindelur,
1355 3504 1566 3560 Pharao
1588 3510 1953 3579 demergetur,
1977 3516 2131 3581 panis

549 3597 720 3667 pluet,
771 3608 922 3666 petra
964 3599 1256 3662 scaturiet,
1314 3597 1539 3653 Amalec
1601 3603 1971 3671 opprimetur;
2024 3622 2129 3660 non

552 3693 720 3747 armis
752 3702 980 3755 tantum,
1016 3694 1107 3746 sed
1138 3694 1300 3746 etiam
1330 3693 1621 3749 hostilibus
1651 3694 1921 3765 justorum
1956 3701 2132 3753 mani-

550 3788 674 3851 bus,
706 3786 1074 3855 prccationem
1135 3786 1481 3856 simulatque
1538 3788 1903 3859 insuperabile
1955 3795 2133 3848 crucis

549 3889 815 3949 tropazum
877 3878 1239 3945 signantihns;
1307 3879 1541 3935 fluminis
1598 3898 1788 3937 cursus
1866 3884 2132 3941 inhibehi—

553 3983 640 4025 ιω.
665 3971 733 4038 τι,
762 3970 843 4026 sol
874 3972 1117 4032 sistetur,
1153 3970 1290 4025 luna:
1338 3989 1528 4028 cursus
1588 3977 1934 4043 reprimetur,
1971 3977 2128 4038 muri,

552 4064 714 4118 nullis
747 4065 909 4116 etiam
943 4063 1207 4117 machinis
1232 4064 1486 4129 admotis,
1535 4075 1813 4131 corruent,
1840 4069 2133 4121 crabrones

551 4163 905 4222 przccnrrcnt,
927 4154 1065 4207 viam
1087 4153 1595 4212 lsracliammientes
1621 4158 1805 4229 862,
1835 4168 1994 4228 atque
2013 4160 2137 4213 alie-

552 4249 777 4316 nigenas
796 4257 1077 4314 arcentes;
1103 4249 1305 4317 reliqua
1327 4249 1488 4303 etiam
1502 4252 1707 4316 omnia,
1730 4270 1847 4322 quae
1865 4264 1980 4321 post
1999 4256 2132 4321 haec,

551 4348 606 4393 et
644 4338 802 4392 simul
835 4355 957 4394 cum
994 4340 1097 4404 his,
1134 4342 1409 4396 memoriae
1459 4344 1669 4411 prodita
1709 4354 1855 4411 sunt,
1882 4362 1949 4401 ne
1974 4347 2136 4403 nimis

2226 1844 2325 1899 καὶ
2358 1842 2528 1899 δώσω
2554 1844 2701 1897 αὐτό
2733 1836 2781 1910 ᾧ
2800 1845 3122 1913 βούλομαι.
3150 1843 3290 1908 Χθὲς
3318 1839 3389 1915 ἦν
3418 1844 3655 1897 ἐκείνων·
3682 1860 3795 1895 συν-

2226 1940 2480 2007 εχωρεῖτο
2518 1939 2645 2010 γάρ.
2705 1940 2952 2011 Σήμερον
3002 1940 3084 1993 σοι¹
3141 1940 3408 2011 προσάγει
3456 1941 3549 1994 καὶ
3592 1939 3792 1994 δίδωσιν

2224 2028 2252 2079 ὁ
2285 2029 2577 2100 Δεσπότης,
2619 2029 2797 2093 καλῶς
2826 2030 3156 2103 χρησομένῳ
3190 2032 3285 2084 καὶ
3319 2034 3623 2103 σωτηρίως.
3653 2035 3790 2102 Κτη-

2228 2118 2447 2190 σώμεθα
2479 2124 2608 2192 ἡμῖν
2638 2122 2821 2185 αὐτοῖς
2848 2122 3034 2192 φίλους
3048 2123 3109 2175 ἐκ
3132 2122 3223 2175 τοῦ
3260 2142 3335 2194 μα
3344 2125 3546 2195 μμωνᾶ
3574 2124 3668 2195 τῆς
3694 2124 3796 2178 ἀδι-

2228 2212 2371 2275 κίας,
2427 2214 2492 2266 ἵν’
2544 2214 2672 2268 ὅταν
2719 2213 3054 2285 ἐκλίποιμεν,
3107 2216 3487 2287 ἀντιλάϐωμεν
3534 2218 3590 2270 ἐν
3632 2214 3793 2287 καιρῷ

2229 2306 2489 2375 κρίσεως.

2302 2582 2431 2637 KA'.
2457 2584 2518 2637 Ei
2553 2582 2650 2654 μέν
2678 2601 2759 2648 τις
2778 2579 2830 2637 εἴ
2871 2584 3093 2656 Ῥαχὴλ,
3130 2584 3173 2657 ἢν
3194 2584 3351 2650 Λεία,
3384 2584 3529 2657 ψυχὴ
3552 2600 3794 2656 πατριαρ-

2232 2674 2360 2745 χικὴ
2394 2675 2486 2726 καὶ
2523 2675 2755 2746 μεγάλη,
2812 2676 2907 2729 καὶ
2952 2678 3020 2731 τὰ
3060 2677 3251 2730 εἴδωλα
3294 2678 3524 2748 κλέψον,
3577 2678 3710 2748 ἆπερ
3737 2674 3796 2728 ἂν

2232 2766 2419 2837 εὕρῃς,
2450 2766 2541 2820 τοῦ
2600 2768 2693 2822 σού
2730 2768 2957 2842 πατρὸς,
3017 2772 3113 2842 οὐχ
3164 2772 3254 2824 ἴνα
3282 2771 3549 2844 φυλάξῃςν
3600 2771 3703 2825 ἀλλν
3733 2769 3793 2821 ἵν.

2234 2859 2531 2931 ἀφανίσῃς·
2567 2860 2701 2912 εἰδὲ
2745 2860 3083 2932 Ἰσραηλίτης
3134 2863 3316 2930 σοφὸς,
3382 2862 3517 2935 πρὸς
3568 2861 3661 2932 τὴν
3703 2858 3794 2927 γῆν

2232 2955 2330 3024 τῆς
2363 2954 2690 3023 ἐπαγγελίας
2724 2957 3014 3026 μετένεγκε
3040 2973 3052 2988 ·
3091 2958 3182 3009 καὶ
3228 2958 3357 3028 περὶ
3393 2958 3592 3011 τούτων
3618 2956 3644 3007 ὁ
3678 2951 3793 3006 διώ-

2234 3062 2368 3116 κτης
2403 3047 2713 3117 ἁλγησάτω,
2747 3049 2841 3102 και⁸
2868 3048 3059 3117 γνώτω
3098 3049 3537 3119 κατασοφισθεὶς,
3584 3048 3661 3101 ὅτι
3698 3044 3794 3117 μά-

2234 3158 2332 3211 την
2389 3142 2667 3213 ἐτυράννει
2707 3142 2799 3195 καὶ
2850 3143 3235 3197 κατεδουλοῦτο
3298 3146 3427 3210 τοὺς
3480 3144 3793 3216 κρείττονας.

2240 3232 2335 3286 Ἂν
2364 3232 2505 3286 οὕτω
2536 3236 2714 3305 ποιῇς,
2772 3234 2866 3288 καὶ
2920 3234 3092 3299 οὓτως
3138 3236 3359 3308 ἐξέλθῃς
3418 3238 3691 3306 Αἴγυπτον,
3741 3226 3795 3286 εὖ

2234 3322 2370 3389 οἶδα,
2409 3326 2583 3398 στύλῳ
2631 3327 2801 3400 πυρὸς
2854 3329 2946 3381 καὶ
2984 3328 3216 3400 νεφέλης
3274 3330 3586 3400 ὁδηγηθήσῃ
3623 3324 3796 3387 νυκτὸς

2240 3419 2332 3471 καὶ
2390 3418 2625 3491 ἡμέρας,
2678 3419 2882 3491 ἕρημος
2926 3420 3367 3493 ήμερωθήσεται,
3435 3419 3670 3476 θάλασσά
3724 3433 3797 3470 σοι

2235 3509 2597 3583 τμηθήσεται,
2632 3511 2831 3583 Φαραὼ
2860 3511 3306 3583 βαπτισθήσεται,
3336 3514 3501 3585 ἄρτος
3529 3509 3795 3581 ὀμϐρήσεῆ

2238 3602 2411 3673 πέτρα
2445 3600 2707 3674 πηγάσει,
2750 3601 3000 3672 Ἀμαλὴκ
3046 3603 3626 3677 καταπολεμηθήσεται
3652 3616 3668 3632 ο
3706 3600 3793 3668 οὐχ

2236 3694 2418 3757 ὅπλοις
2450 3694 2629 3764 μόνον,
2664 3691 2801 3746 ἀλλὰ
2843 3693 2934 3745 καὶ
2956 3694 3244 3764 πολεμίαις
3268 3698 3426 3768 χερσὶ
3449 3697 3524 3767 (5)
3553 3693 3761 3747 δικαίων
3779 3730 3794 3753 ,

2237 3784 2403 3855 εὐχὴν
2459 3783 2595 3855 ὁμοῦ
2642 3783 2981 3850 τυπούσαις,
3041 3787 3135 3840 καὶ
3175 3789 3413 3860 σταυροῦ
3464 3787 3710 3860 τρόπαιον
3741 3780 3796 3834 τὸ

2235 3876 2502 3944 ἀήττητον
2526 3890 2537 3902 ·
2574 3874 2817 3944 ποταμὸς
2861 3875 3292 3948 ἁνακοπήσεται,
3341 3880 3494 3950 ἥλιος
3536 3880 3773 3947 στήσεται

2239 3966 2435 4037 σελήνη
2463 3964 2804 4037 σχεθήσεται,
2832 3967 2986 4039 τείχη
3033 3971 3523 4042 κατενεχθήσεται,
3558 3970 3646 4023 καὶ
3687 3965 3795 4020 δίγι

2241 4059 2666 4130 μηχανημάτων,
2700 4060 2928 4130 σφηκίαι
2972 4064 3434 4135 προδραμοῦνται,
3479 4059 3795 4119 ὁδοποιοῦσαι

2235 4150 2314 4221 τῷ
2358 4149 2591 4221 Ἰσραὴλ,
2629 4152 2723 4204 καὶ
2759 4153 2887 4215 τοὺς
2930 4154 3258 4224 ἀλλοφύλους
3304 4158 3647 4229 ἀνείργουσαι
3678 4148 3746 4219 (4)
3777 4161 3789 4177 ·

2235 4243 2402 4297 τᾶλλα
2431 4260 2489 4295 τε
2522 4244 2622 4296 ὅσα
2648 4243 2740 4295 ἐπὶ
2773 4244 2983 4309 τούτοις
3009 4249 3103 4301 καὶ
3136 4249 3231 4301 σὺν
3262 4249 3473 4313 τούτοις
3516 4244 3791 4315 ἱστόρηται.

2240 4337 2327 4391 ἵνα
2368 4338 2443 4410 μὴ
2475 4338 2683 4410 μακρὸν
2706 4338 2974 4393 ἁποτείνω
2995 4340 3172 4407 λόγον,
3204 4342 3354 4414 παρά
3384 4340 3519 4396 Θεοῦ
3549 4356 3626 4391 σοι
3654 4331 3797 4401 δοθή-

552 4430 767 4501 longum
823 4447 1128 4487 sermonem
1185 4434 1501 4503 producam,
1570 4435 1663 4490 Dei
1730 4438 1992 4493 beneﬁcio
2040 4440 2125 4495 tibi

2242 4447 2416 4484 σεται.
2452 4430 2721 4502 Τοιαύτην
2750 4432 2941 4503 ἑορτὴν
2993 4434 3270 4505 ἑορτάζεις
3328 4437 3563 4507 σήμερον
3586 4448 3599 4463 ·
3633 4422 3795 4481 τοιοῦ-

554 4524 938 4579 conccdentur.
967 4527 1044 4580 Ac
1083 4525 1187 4579 tale
1219 4537 1304 4581 est
1331 4526 1553 4593 festum,
1580 4527 1722 4597 quod
1765 4528 2025 4586 hodierno
2048 4533 2133 4588 die

554 4618 758 4685 agitas;
796 4616 886 4671 tali
915 4618 1093 4687 epulo,
1116 4628 1224 4672 tum
1268 4619 1534 4686 natalitio,
1560 4630 1669 4675 tum
1699 4621 1932 4690 funebri,
1958 4641 2132 4695 quan-

557 4720 667 4762 tum
700 4708 751 4762 in
788 4717 839 4763 te
865 4718 968 4774 est,
1001 4710 1260 4778 accipias,
1296 4710 1363 4763 ob
1393 4725 1539 4777 eum,
1573 4713 1684 4780 qui,
1738 4723 1826 4767 tua
1867 4729 2047 4781 causa,
2080 4727 2134 4773 et

551 4809 736 4862 natus,
768 4806 823 4852 et
857 4813 1048 4867 passus
1078 4808 1195 4863 est;
1230 4798 1333 4853 tale
1374 4797 1762 4856 tibiPaschatis
1788 4804 2129 4873 mysterium.

552 4889 679 4945 lla'c
707 4890 792 4945 lex
834 4889 1207 4956 adumbravit;
1255 4890 1369 4944 hare
1430 4889 1681 4947 Christus
1744 4888 2171 4963 perfecitgille,‘

553 4985 795 5052 inquam,
847 4981 1042 5035 litterae
1094 4983 1402 5052 abrogator,
1448 4983 1536 5036 ille
1593 4983 1825 5054 Spiritus
1870 4986 2134 5054 initiator,

2241 4542 2331 4580 τον
2360 4525 2514 4596 ἑστιᾷ
2542 4525 2617 4596 (5)
2650 4525 2710 4578 τὸ
2747 4526 2840 4579 ἐπὶ
2887 4527 2967 4579 σοὶ
3013 4527 3106 4580 τοῦ
3136 4527 3490 4599 γεννηθέντος
3520 4518 3795 4593 γενέθλιον.

2242 4619 2334 4671 καὶ
2361 4618 2452 4671 τοῦ
2477 4618 2739 4683 παθόντος
2772 4619 2848 4688 (6)
2889 4621 3175 4689 ἐπιτάφιον
3195 4639 3208 4652 ’
3239 4621 3478 4675 τοιοῦτόν
3513 4636 3591 4672 σοι
3618 4613 3675 4667 τὸ
3709 4603 3796 4661 ’τοὖ

2242 4709 2435 4781 Πάσχα
2463 4712 2781 4782 μυστήριον.
2815 4709 3001 4763 Ταῦτα
3027 4712 3055 4764 ὁ
3086 4712 3249 4783 νόμος
3279 4709 3560 4784 ὑπέγραψε
3580 4724 3592 4737 ο
3639 4695 3797 4755 ταῦτα

2240 4804 2473 4877 Χριστὸς
2499 4805 2834 4872 ἐτελείωσεν,
2863 4806 2891 4857 ὁ
2916 4803 3010 4857 τοῦ
3036 4805 3359 4874 γράμματος
3385 4803 3460 4873 (7)
3483 4788 3791 4857 καταλυτῆςν

2240 4898 2269 4950 ὁ
2290 4896 2580 4969 τελειωτὴς
2603 4897 2696 4950 τοῦ
2732 4896 3069 4966 Πνεύματος,
3101 4896 3161 4960 ὃς
3186 4890 3267 4959 οἷς
3289 4895 3477 4960 ἔπαθε,
3496 4891 3553 4945 τὸ
3580 4886 3795 4952 πάσχειν

2241 4989 2539 5055 διδάσκων,
2571 4983 2652 5052 οἷς
2677 4988 2959 5061 ἐδοξάσθη,
2980 4988 3039 5042 τὸ
3066 4987 3485 5060 συνδοξασθῆναι
3515 4975 3794 5055 χαρίζεται·

554 5080 669 5149 qui,
702 5087 843 5133 utex
874 5092 959 5141 eo,
999 5078 1139 5145 quod
1181 5093 1377 5147 passus
1426 5088 1531 5144 cst,
1591 5082 1656 5134 ad
1686 5082 1996 5149 patiendum
2031 5100 2129 5141 nos
2158 5087 2357 5151 erudit,
2394 5087 2466 5141 ita
2513 5098 2581 5141 ex
2620 5099 2708 5151 eo,
2759 5085 2899 5155 quod
2961 5083 3291 5156 glorificatus
3347 5091 3449 5147 est,
3500 5079 3600 5133 hoc
3658 5063 3797 5124 nobis

554 5171 728 5231 affert,
758 5179 816 5222 ut
849 5168 1007 5223 simul
1033 5169 1418 5240 glorificemur.

625 5263 670 5339 °_°
703 5228 870 5317 Εκοά.
914 5277 989 5339 δι’.
1152 5263 1195 5295 ⁸⁸
1220 5263 1384 5334 Agge.
1421 5279 1479 5332 ιι,
1510 5266 1561 5320 9.
1638 5268 1683 5299 ⁷⁸
1719 5267 1900 5325 Daniel
1931 5284 2001 5338 tv,
2033 5270 2121 5324 14.

2231 5272 2240 5301 ¹
2276 5268 2408 5327 [ιιιοο
2438 5285 2549 5337 XVI.
2584 5272 2638 5327 9.
2700 5228 2758 5304 ’ν’
2784 5271 2923 5328 Gen.
2955 5286 3106 5339 χχχι,
3143 5270 3231 5337 l9,
3308 5270 3355 5303 "
3383 5263 3546 5324 Exod.
3572 5272 3661 5313 xm
3714 5246 3791 5303 43.

554 5337 599 5366 "
626 5332 737 5387 Jos.
781 5348 863 5395 ιιι,
912 5332 998 5387 15.

626 5428 702 5501 ζ
742 5428 1029 5501 ᾜκείνου.
1063 5430 1155 5485 Or.
1184 5430 1236 5492 1,
1271 5429 1467 5483 ἐκεῖσε.

626 5500 701 5570 (2)
740 5500 913 5568 Ἐμόν
952 5501 1083 5554 ἐστι
1113 5501 1177 5555 τὸ
1216 5501 1520 5571 ἀργύριον.
1589 5501 1680 5557 Sic
1710 5504 1949 5559 nonnulli
1979 5504 2138 5560 codd.

556 5573 717 5627 Deest
737 5578 853 5623 ἐστι
895 5573 947 5625 in
974 5575 1105 5626 edit.

626 5644 703 5712 (5)
740 5642 1060 5715 Πολεμίαις
1098 5643 1288 5711 χερσί.
1352 5641 1517 5697 Coisl.
1556 5643 1607 5702 1.
1661 5645 1955 5715 ἀπολέμοις
1984 5646 2140 5700 πολε-

559 5713 751 5785 μίαις,
774 5729 794 5762 ι
821 5713 1124 5785 imbellibus
1148 5715 1415 5785 justorum
1453 5717 1801 5785 pugnantium
1825 5713 2011 5776 armis.
2043 5737 2061 5771 ι

630 5783 706 5855 μ)
740 5782 1165 5855 Ἀιέίργηουσαιζ
1199 5782 1415 5854 Comb.,
1446 5782 1823 5857 ἀπείργουσαι.
2019 5785 2032 5793 ’

2429 5433 2705 5508 Τοιοῦτον
2726 5434 2915 5501 ἑστιᾷ.
2972 5435 3277 5508 Legendum
3299 5415 3794 5508 ’νὶᾀειιιηηςῖοιρῧξξζξ

2249 5494 2452 5574 ἐστῖᾇς·
2487 5522 2505 5556 ι
2535 5505 2753 5559 Talibus
2786 5494 2959 5574 epulis
2999 5494 3238 5560 nzitalitia
3278 5516 3330 5561 et
3357 5505 3511 5560 funus
3536 5496 3685 5554 illius.
3708 5494 3794 5554 (1⁸⁸³

2246 5591 2346 5646 pro
2381 5586 2431 5628 te
2469 5586 2625 5628 natus
2650 5587 2702 5629 et
2727 5591 2915 5643 passus
2940 5586 3043 5642 est,
3075 5578 3307 5632 celebra.
3336 5596 3354 5628 ι

2318 5646 2394 5715 (θ)
2418 5634 2740 5712 Παθιίντοςζ
2772 5646 2827 5701 Ιιι
2865 5634 3207 5716 ttuihttsdairi,
3230 5647 3497 5711 θανόντος,
3535 5658 3553 5691 ι
3575 5634 3793 5691 mortuus

2248 5727 2399 5857 €51.73
2424 5786 2789 5857 Γράμματος.
2825 5787 2943 5843 Bill.
2982 5807 2999 5840 ι
3024 5786 3173 5858 legis.
3200 5806 3219 5841 ι
