4100 6276
365 308 473 364 653

1296 311 1555 370 ORATIO
1593 313 1754 371 XLV.
1802 346 1868 359 —-
1909 314 1972 370 IN
2015 314 2344 373 SANCTUM
2383 315 2678 373 PASCHA.

3525 314 3630 370 σει

426 424 552 476 KB’.
594 423 749 476 Ἔστι
780 423 960 477 τοίνυν
979 424 1054 495 (8)
1074 425 1326 491 ἐξετάσαι
1356 432 1589 502 πρᾶγμα
1620 432 1713 487 καὶ
1746 432 1940 503 δόγμα1

2124 429 2289 485 XXII.
2350 430 2638 486 Enimvero
2686 427 2918 484 alienant
2972 441 3075 482 non
3139 426 3341 493 fuerit,
3402 440 3509 481 retr
3568 442 3630 482 ac

351 516 465 577 τοῖς
501 516 600 585 μὲν
634 515 847 579 πολλοῖς
892 516 1308 589 παρορώμενον,
1356 524 1479 593 ἐμοὶ
1529 524 1585 577 δὲ
1612 565 1626 590 ,
1687 527 1783 579 καὶ¹
1827 526 1947 580 λίαν

349 604 759 677 ἐξεταζόμενον.
818 609 936 661 Τίνι
970 610 1080 681 γὰρ
1112 611 1172 664 τὸ
1222 613 1364 685 ὑπὲρ
1421 616 1577 687 ἡμῶν
1636 613 1796 690 αἷμα,
1852 620 1946 673 καὶ

350 700 481 769 περὶ
524 699 669 764 τίνος
696 700 879 772 ἐχέθη,
908 703 969 756 τὸ
994 704 1136 775 μέγα
1160 706 1256 760 καλ⁵
1285 707 1611 781 περιϐόητον
1636 711 1731 765 τοῦ
1783 712 1941 776 Θεοῦ,

352 792 449 845 καὶ
484 793 808 864 ἀρχιερέως,
850 796 944 849 καὶ
995 797 1272 869 θύματος;
1315 803 1703 873 Κατειχόμεθα
1737 804 1811 875 (9)
1845 806 1944 876 μὲν

352 882 462 953 γὰρ
487 883 592 935 ὑπὸ
621 884 714 937 τοῦ
748 886 1011 958 πονηροῦ,
1064 892 1412 962 πεπραμένοι
1464 894 1570 947 ὑπὸ
1613 896 1712 966 τὴν
1766 897 1946 967 ἀμαρ-

349 974 496 1059 τίαν,
527 976 622 1028 καὶ
656 976 1035 1044 ἀντιλαϐόντες
1060 980 1161 1051 τῆς
1187 984 1385 1048 κακίας
1412 986 1510 1056 τὴν
1538 987 1749 1059 ἡδονήν.
1788 988 1851 1041 Εἰ
1889 988 1945 1041 δὲ

350 1056 411 1109 τὸ
438 1056 633 1130 λύτρον
687 1060 787 1114 οὐκ
820 1061 982 1116 ἄλλου
1029 1065 1193 1131 τινὸς,
1235 1066 1267 1137 ἢ
1300 1069 1395 1122 τοῦ
1427 1056 1752 1142 κατέχοντος
1801 1074 1947 1142 γίνε-

350 1165 464 1212 ται,
490 1149 642 1221 ζητῶ
673 1152 779 1206 τίνι
821 1154 979 1209 τοῦτο
1028 1157 1340 1232 εἰσηνέχθη,
1388 1164 1484 1217 καὶ
1531 1164 1599 1218 δι’
1627 1166 1817 1236 ἥντινα
1848 1167 1945 1239 τὴν

350 1242 566 1309 αἰτίαν;
604 1245 666 1297 Εἰ
704 1244 803 1315 μὲν
845 1245 923 1317 τῷ
967 1249 1213 1321 πονηρῷ,
1246 1252 1350 1319 φεῦ
1375 1254 1475 1326 τῆς
1510 1255 1754 1327 ὕϐρεως·
1785 1261 1833 1311 εἰ
1868 1259 1943 1331 μὴ

351 1335 507 1404 παρὰ
535 1335 628 1389 τοῦ
658 1337 792 1391 Θεοῦ
827 1340 1007 1409 μόνον,
1044 1342 1182 1396 ἀλλὰ
1221 1344 1317 1397 καὶ
1355 1346 1447 1399 τὸν
1490 1347 1622 1402 Θεὸν
1665 1350 1828 1405 αὐτὸν
1854 1350 1946 1405 λύε-

352 1444 479 1499 τρον
529 1430 557 1481 6
605 1429 806 1501 λῃστὴς
847 1430 1137 1503 λαμϐάνει,
1169 1436 1264 1488 καὶ
1302 1438 1495 1507 μισθὸν
1552 1440 1726 1505 οὕτως
1774 1444 1944 1515 ὑπερο

350 1518 461 1588 φ·αῆ
510 1519 625 1589 (10)
679 1520 777 1590 τῆς
811 1522 1009 1576 ἑαυτοῦ
1057 1526 1408 1596 τυραννίδος,
1447 1528 1514 1583 δι’
1545 1531 1604 1585 ὃν
1656 1532 1751 1586 καὶ
1788 1535 1944 1605 ἡμῶν

351 1610 628 1678 φείδεσθαι
659 1611 866 1667 δίκαιον
890 1608 989 1685 ἦν·
1024 1615 1072 1668 εἰ
1121 1616 1179 1670 δὲ
1230 1618 1309 1688 τῷ
1343 1620 1539 1693 Πατρὶ,
1576 1623 1790 1695 πρῶτον
1847 1627 1944 1697 μὲν

351 1701 503 1767 πῶ;;
545 1704 655 1773 Οὐχ
705 1704 796 1757 ὑπ’
832 1704 1043 1759 ἐκείνου
1084 1707 1194 1779 γὰρ
1233 1711 1636 1782 ὲκρατούμεθα.
1677 1715 1944 1789 Δεύτερον

2052 526 2358 579 doctrinam
2402 523 2698 593 inquirere,
2738 539 2766 577 a
2826 522 3007 577 multis
3052 521 3267 590 quidem
3306 521 3630 589 neglectam,

2052 632 2171 671 meo
2202 626 2379 671 autem
2406 617 2630 687 judicio,
2686 615 2923 670 studiose
2978 613 3421 683 perquirendam.
3458 612 3628 667 Eccui

2049 712 2191 763 enim
2230 709 2319 763 ille
2345 725 2444 777 pro
2508 710 2664 764 nobis
2715 710 2955 778 sanguis,
3019 717 3074 763 et
3105 724 3269 777 quam
3295 706 3364 762 ob
3405 721 3626 761 causam

2051 799 2201 854 fusus
2234 810 2337 867 est,
2376 800 2483 867 ille,
2526 800 2763 868 inquam,
2801 814 3028 870 magnus
3051 807 3107 854 et
3133 798 3326 854 nobilis
3361 798 3485 864 Dei,
3519 810 3629 852 tum
3726 804 3732 823 τ

2048 894 2340 963 pontiﬁcis,
2381 904 2490 949 tum
2516 895 2753 949 victimae
2775 893 3031 964 sanguis?
3063 892 3172 948 Nos
3189 893 3337 949 enim
3365 908 3393 946 a
3416 891 3628 946 diabolo

2049 988 2443 1053 detinebamnr,
2480 996 2662 1057 utpote
2725 987 2814 1055 qui
2876 986 3166 1041 venundati
3228 1000 3473 1041 essemus
3525 984 3626 1038 sub

2048 1092 2296 1150 peccato,
2327 1096 2388 1136 ac
2419 1081 2607 1135 vitium
2639 1096 2760 1135 cum
2803 1080 3075 1149 voluptate
3117 1089 3629 1135 commntasscmus.

2051 1173 2203 1239 Quod
2236 1173 2281 1227 si
2320 1173 2706 1242 redemptionis
2762 1172 2991 1241 pretimn
3028 1187 3133 1227 non
3189 1171 3278 1226 alii
3315 1170 3429 1236 ulli,
3459 1185 3624 1241 quam

2047 1266 2117 1328 ei,
2144 1265 2232 1334 qui
2265 1265 2507 1336 captivos
2562 1275 2725 1329 tenet,
2779 1265 3141 1334 pcrsolvitur,
3174 1278 3356 1333 quacro
3381 1263 3465 1318 cui
3505 1272 3625 1317 tan-

2050 1358 2168 1412 dem
2199 1356 2435 1411 oblatum
2462 1367 2564 1423 est,
2592 1367 2643 1412 et
2668 1372 2830 1427 quam
2857 1358 2928 1413 ob
2957 1372 3176 1412 causam
3198 1356 3221 1411 ?
3245 1356 3300 1411 Si
3334 1370 3500 1425 pravo
3530 1354 3628 1417 illi,

2047 1465 2079 1503 ο
2109 1464 2326 1520 gravem
2363 1452 2743 1506 contumeliam
2775 1451 2787 1503 !
2821 1451 2863 1505 si
2928 1466 3031 1504 nou
3056 1466 3085 1504 a
3122 1450 3232 1505 Deo
3287 1448 3483 1511 solum,
3536 1449 3630 1503 sed

2050 1541 2215 1595 Deum
2248 1557 2462 1613 quoque
2491 1545 2666 1612 ipsum
2710 1558 2807 1612 pro
2840 1542 3228 1612 redemptionis
3286 1540 3460 1610 pretio
3491 1538 3631 1594 latro

2049 1633 2267 1703 accipit,
2300 1635 2541 1702 adeoque
2567 1635 2780 1705 insigne
2817 1643 2869 1688 et
2894 1633 3166 1689 excellens
3193 1632 3501 1703 tyrannidis
3522 1646 3633 1686 sua:

2050 1728 2357 1796 praemium,
2389 1727 2545 1795 cujus
2592 1743 2752 1781 causa
2805 1726 2959 1781 nobis
2982 1740 3195 1795 quoque
3240 1725 3384 1794 parci
3415 1738 3628 1792 aequum

351 1795 427 1859 δὲ,
455 1795 543 1858 τίς
584 1797 614 1847 ὁ
652 1796 829 1865 λόγος,
862 1797 1199 1870 Μονογενοῦς
1225 1796 1367 1875 αἷμα
1415 1804 1638 1877 τέρπειν
1669 1810 1893 1882 Πατέρα
1925 1854 1939 1879 ,

2046 1795 2205 1873 erat:
2237 1819 2281 1873 si
2310 1829 2487 1873 autem
2519 1818 2688 1885 Patri,
2720 1819 2957 1889 primum
3009 1818 3283 1888 quomodo
3342 1817 3393 1871 id
3429 1816 3630 1871 factum

351 1886 407 1950 ὃς
438 1887 563 1941 οὐδὲ
592 1888 687 1942 τὸν
729 1890 917 1945 Ἰσαὰκ
955 1892 1175 1960 ἐδέξατο
1216 1895 1365 1967 παρὰ
1399 1897 1493 1950 τοῦ
1526 1900 1735 1970 πατρὸς
1769 1919 1941 1974 προσ-

351 1979 672 2050 φερόμενον,
701 1980 817 2033 ἀλλ’
845 1983 1215 2054 ἀντηλλάξατο
1240 1987 1339 2060 τὴν
1361 1988 1575 2055 θυσίαν,
1618 1992 1772 2064 κριὸν
1802 1995 1944 2049 ἀντι-

351 2071 473 2136 δοὺς
504 2073 600 2126 τοῦ
640 2074 862 2143 λογικοῦ
910 2077 1180 2149 edita—cog;
1222 2082 1291 2134 Ἢ
1325 2081 1502 2153 δῆλον,
1532 2084 1615 2138 ὅτι
1676 2086 1943 2158 λαμϐάνει

355 2162 451 2231 μὲν
483 2165 513 2216 6
536 2165 744 2236 Πατὴρ,
777 2168 877 2222 οὐκ
910 2169 1141 2241 αἰτήσας
1176 2172 1311 2243 (11),
1348 2174 1468 2228 οὐδὲ
1524 2176 1759 2247 δεηθεὶς,
1807 2180 1943 2234 ἀλλὰ

350 2252 434 2305 διὰ
472 2253 572 2325 τὴν
601 2258 937 2329 οἰκονομίαν,
974 2262 1067 2314 καὶ
1111 2263 1173 2316 τὸ
1224 2266 1421 2335 χρῆναι
1462 2267 1575 2338 (12)
1609 2269 1940 2342 ἁγιασθῆναι

350 2349 429 2419 τῷ
485 2350 812 2425 ἀνθρωπίνῳ
853 2353 948 2408 τοῦ
981 2355 1117 2411 Θεοῦ
1149 2360 1239 2411 τὸν
1275 2358 1564 2429 ἄνθρωπον
1589 2379 1601 2392 ·
1663 2364 1727 2417 ἵν’
1781 2366 1944 2429 αὐτὸς

354 2443 503 2511 ἡμᾶς
529 2442 799 2515 ἐξέληται,
826 2446 920 2499 τοῦ
950 2448 1216 2519 τυράννου
1242 2450 1331 2523 βίᾳ
1353 2453 1657 2523 κρατήσας,
1690 2455 1784 2510 καὶ
1806 2457 1944 2528 πρὸς

352 2533 546 2588 ἑαυτὸν
589 2535 699 2606 (15)
736 2538 1057 2611 ὲπαναγάγῃ
1107 2539 1196 2593 διὰ
1246 2542 1342 2596 τοῦ
1396 2544 1527 2598 Υἱοῦ
1592 2548 1944 2617 μεσιτεύσαν-

348 2643 459 2691 τος,
502 2628 595 2713 atat
628 2630 708 2694 εἰς
745 2630 909 2702 τιμὴν
952 2632 1047 2684 τοῦ
1086 2632 1299 2705 Πατρὸς
1332 2637 1492 2691 τοῦτο
1544 2640 1945 2713 οἰκονομήσαν⁶

350 2730 461 2781 τος,
584 2718 655 2772 τὰ
701 2720 879 2773 πάντα
930 2725 1279 2795 παραχωρῶν
1309 2727 1583 2794 φαίνεται.
1618 2730 1709 2785 Τὰ’
1735 2710 1834 2801 μὲν
1879 2734 1942 2805 δὴ

351 2807 592 2878 Χριστοῦ
626 2811 874 2877 τοιαῦτα,
934 2814 1025 2867 καὶ
1076 2814 1148 2869 τὰ
1194 2816 1366 2871 πλείω
1401 2824 1526 2893 σιγῇ
1569 2823 1832 2881 σεϐέσθω.
1884 2826 1942 2878 ὐ

349 2897 403 2950 δὲ
435 2898 673 2970 χαλκοῦς
714 2901 839 2973 ὄφις
880 2906 1154 2976 κρεμᾶται
1202 2906 1315 2979 (14)
1370 2908 1468 2979 μὲν
1513 2912 1655 2966 κατὰ
1704 2914 1812 2967 τῶν
1849 2915 1944 2970 δα-

349 2994 585 3047 κνόντων
608 2995 803 3064 ὄφεων,
832 2998 930 3070 οὐχ
963 3000 1039 3063 ὡς
1058 3000 1228 3064 τύπος
1263 3001 1376 3074 (15)
1413 3004 1470 3057 δὲ
1494 3005 1589 3059 τοῦ
1617 3007 1755 3078 ὑπὲρ
1783 3010 1942 3081 ἡμῶν

353 3085 637 3152 παθόντος,
688 3088 802 3141 ἀλλ’
849 3089 925 3153 ὡς
977 3091 1268 3157 ἀντίτυπος
1294 3111 1307 3123 ·
1346 3096 1437 3149 καὶ
1489 3095 1653 3163 σώζει
1698 3101 1827 3165 τοὺς
1860 3105 1940 3167 εἰς
1967 3148 2008 3201 C

353 3175 512 3201 ...ἶ-λ-.
553 3177 794 3201 X-.‘...-..-
851 3178 945 3201 -9.-.
989 3179 1064 3201 ιν--
1121 3180 1177 3201 νς
1238 3199 1270 3201 _
1310 3199 1327 3201 -
1376 3200 1381 3201 ,
1440 3184 1455 3201 I
1719 3189 1822 3201 ιιι.
1860 3191 1881 3201 ..

347 3175 513 3230 αὑτὸν
549 3177 814 3247 ὁρῶντας,
848 3178 946 3249 οὐχ
985 3179 1068 3232 ὅτι
1116 3180 1180 3252 ζῇ
1231 3184 1645 3255 πιστευόμενος,
1707 3189 1822 3242 ἀλλ’
1856 3191 1937 3243 ὅτι

346 3269 700 3341 νενέκρωται,
730 3271 823 3323 καὶ
852 3275 1138 3343 συννεκροῖ
1168 3274 1267 3337 τὰς
1304 3275 1394 3327 ὑπ’
1426 3277 1587 3330 αὑτὸν
1624 3278 1734 3349 (16)
1774 3279 1936 3335 δυνά-

352 3377 497 3429 μεις,
533 3361 876 3429 καταλυθεὶς,
933 3364 1122 3437 ὥσπερ
1166 3360 1236 3436 ἦν
1265 3365 1435 3431 ἄξιος.
1475 3368 1583 3421 Καὶ
1624 3370 1710 3432 τίς
1742 3372 1770 3425 6
1800 3373 1936 3444 πρέ-

349 3468 470 3505 πων
503 3452 655 3523 αὐτῷ
711 3454 842 3526 παρ’
878 3455 1037 3525 ἡμῶν
1093 3457 1418 3527 ἐπιτάφιος;
1474 3460 1600 3514 Ποῦ
1636 3475 1774 3529 σου,
1837 3464 1939 3519 θά-

347 3560 513 3608 νατε,
539 3544 609 3598 τὸ
638 3543 925 3614 κέντρον;
964 3546 1089 3601 Ποῦ
1132 3564 1269 3615 σου,
1324 3550 1463 3619 ᾷὸη,
1497 3553 1561 3605 τὸ
1603 3554 1815 3622 νῖκος;
1847 3557 1936 3628 Τῷ

351 3634 572 3705 σταυρῷ
627 3634 909 3707 βέϐλησαι,
957 3638 1037 3709 τῷ
1092 3639 1342 3710 ζωοποιῷ
1394 3642 1789 3703 τεθανάτωσαι.
1836 3651 1936 3703 Ἀ-

350 3744 519 3793 πνονς
567 3730 697 3802 (17),
743 3734 961 3807 νεκρὸς,
1001 3737 1276 3809 ἀκίνητος,
1310 3739 1692 3813 ἀνενέργητος,
1734 3746 1850 3812 καὶ,
1887 3750 1935 3801 εἰ

349 3820 411 3873 τὸ
447 3821 560 3893 (18)
609 3826 794 3897 σχῆμα
828 3827 1021 3893 σώζεις
1049 3829 1247 3901 ὄφεως,
1300 3832 1358 3884 ἐν
1385 3830 1510 3901 ὕψει
1545 3835 1933 3911 στηλιτευόμε-

350 3927 442 3975 νος
482 3914 617 3986 (19).

2048 1910 2176 1965 est?
2205 1910 2316 1966 Nec
2340 1913 2484 1965 enim
2517 1912 2586 1967 ab
2611 1914 2726 1982 ipso
2757 1914 3092 1968 tenebamur.
3130 1911 3357 1976 Deinde,
3400 1926 3522 1981 quae
3549 1927 3632 1963 ra--

2051 2004 2123 2058 tio
2151 2002 2332 2059 ali'erri
2364 2013 2558 2073 potest,
2588 2016 2646 2059 ut
2680 2004 2949 2075 Unigeniti
3004 2004 3268 2075 sanguine
3295 2002 3456 2057 Pater
3477 2001 3630 2059 ohle-

2047 2106 2244 2161 ctetur,
2280 2097 2372 2165 qui
2404 2112 2469 2151 ne
2502 2096 2648 2152 Isaac
2680 2098 2897 2167 quidem
2956 2111 2985 2150 a
3015 2106 3168 2165 patre
3201 2094 3441 2150 oblatum
3471 2108 3632 2148 acce-

2049 2190 2206 2258 perit,
2231 2188 2539 2252 sedariete,
2577 2190 2628 2243 iu
2658 2190 2935 2243 rationalis
2994 2190 3227 2243 victimae
3272 2189 3449 2243 locum
3502 2184 3633 2241 sub-

2048 2281 2261 2346 stituto,
2300 2282 2630 2338 sacriﬁcium
2660 2284 3019 2353 permutarit?
3049 2272 3404 2352 PerSpicuum
3439 2280 3631 2351 utique

2046 2383 2152 2439 est,
2187 2372 2403 2429 Patrem
2430 2375 2645 2444 quidem
2684 2375 2977 2443 accepisse,
3007 2389 3113 2427 non
3156 2383 3335 2428 tamen
3364 2372 3505 2441 quod
3535 2384 3631 2439 pe-

2050 2464 2216 2529 tierit,
2253 2473 2346 2517 aut
2385 2478 2450 2519 eo
2476 2479 2611 2535 Opus
2665 2464 2934 2529 habuerit,
2997 2479 3181 2518 verum
3236 2472 3380 2517 certa
3414 2457 3632 2516 concilii

2045 2557 2255 2613 ratione
2280 2567 2334 2612 et
2358 2557 2789 2628 dispensatione,
2814 2569 2869 2613 et
2893 2559 3041 2629 quia,
3098 2571 3196 2628 per
3234 2556 3629 2611 humanitatem

2047 2666 2074 2703 a
2102 2651 2209 2705 Deo
2240 2662 2597 2719 assntuptam,
2634 2650 3202 2705 hominisanctitatem
3246 2646 3425 2703 afferri
3471 2662 3631 2718 opor-

2048 2745 2229 2809 tebat;
2259 2752 2338 2809 ut,
2369 2752 2600 2815 tyranno
2626 2758 2723 2813 per
2768 2744 2875 2797 vim
2904 2751 3178 2813 superato,
3214 2756 3314 2797 uos
3347 2741 3626 2807 liberaret,

2046 2843 2208 2904 atque
2245 2835 2311 2889 ad
2338 2850 2396 2890 se
2421 2850 2517 2904 per
2547 2834 2897 2889 mediatorem
2930 2832 3127 2887 Filium
3161 2834 3467 2897 reduceret,
3498 2832 3626 2899 hoc,

2048 2928 2113 2981 ad
2138 2926 2319 2981 Patris
2347 2928 2607 2981 honorem
2634 2966 2649 2990 ,
2701 2926 2787 2980 cui
2822 2925 2874 2979 in
2926 2924 3180 2980 omnibus
3243 2925 3405 2979 rebus
3434 2925 3630 2980 cedere

2048 3019 2388 3088 perspicitur,
2417 3019 2836 3089 dispensantem.
2869 3016 3034 3088 863
3061 3016 3140 3072 Ac
3166 3018 3233 3071 de
3262 3017 3480 3073 Christo
3514 3019 3630 3073 lucc

2047 3112 2203 3166 nobis
2231 3112 2376 3168 dicta
2410 3114 2543 3179 sint,
2607 3112 2821 3182 aliaque
2874 3116 3043 3170 multo
3095 3112 3250 3181 plura
3296 3112 3497 3167 silentii
3526 3113 3629 3167 ho-

2049 3219 2178 3258 nore
2210 3205 2530 3261 aﬂiciantur.
2566 3205 2635 3260 At
2692 3220 2839 3273 vero,
2884 3221 3110 3277 serpens
3141 3221 3324 3260 aeneus
3365 3204 3629 3260 adversus

2047 3308 2357 3365 serpentum
2425 3312 2642 3354 morsus
2699 3298 3049 3368 suspenditur
3104 3299 3172 3363 ⁷⁸,
3217 3312 3320 3352 non
3360 3306 3539 3352 tamen
3570 3305 3631 3351 ut

2045 3387 2245 3443 Christi
2275 3404 2371 3459 pro
2406 3389 2563 3445 nobis
2595 3390 2739 3460 passi
2772 3402 2951 3460 typus,
2980 3405 3168 3445 verum
3217 3399 3277 3444 ut
3299 3390 3578 3462 antitypus
3608 3405 3625 3442 :

2046 3490 2207 3551 atque
2238 3480 2305 3536 iis
2325 3483 2416 3552 qui
2450 3482 2622 3552 ipsum
2653 3482 2953 3546 intuentur,
3005 3482 3236 3537 salutem
3289 3481 3468 3547 aﬁ‘ert,
3500 3483 3629 3537 dum

2046 3588 2152 3628 non
2185 3575 2291 3627 vita
2323 3572 2453 3638 frui,
2486 3574 2579 3629 sed
2644 3584 2893 3629 mortuus
2945 3588 3088 3639 csse,
3153 3589 3216 3628 ac
3244 3574 3491 3629 subditas
3523 3574 3627 3628 sibi

2045 3670 2341 3729 potestates
2366 3676 2549 3717 secum
2585 3662 2899 3717 interimere
2926 3664 3187 3729 creditur,
3238 3678 3530 3735 oppressus
3546 3666 3629 3719 ui-

2045 3750 2242 3805 mirum
2274 3762 2328 3805 et
2357 3752 2676 3820 exstinctus,
2711 3752 2852 3807 sicut
2875 3753 3206 3809 merebatur.
3229 3753 3289 3807 Et
3329 3755 3471 3824 quod
3501 3764 3625 3807 tan-

2046 3842 2166 3899 dem
2202 3844 2276 3898 illi
2310 3859 2617 3915 congruens
2663 3847 3001 3916 epitaphium
3048 3848 3343 3902 canemus?
3391 3846 3491 3902 Ubi
3528 3858 3626 3913 est,

2046 3938 2472 4003 mors,stimulus
2504 3938 2664 3993 tuus?
2702 3935 2802 3991 Ubi
2856 3950 2968 4005 tua,
3007 3939 3210 4005 inferne
3237 3978 3252 4002 ,
3302 3939 3524 3994 victoria
3540 3941 3629 3993 "7

350 4009 497 4064 Crux
534 4016 586 4063 te
614 4015 933 4081 prostravit,
966 4014 1089 4069 vitae
1139 4025 1329 4072 auctor
1380 4019 1473 4074 tibi
1510 4036 1695 4077 necem
1733 4029 1934 4083 attulit.
1979 4029 2260 4088 Exanimis
2294 4049 2374 4098 es,
2411 4044 2677 4100 mortuus,
2738 4034 3030 4088 immobilis
3054 4074 3069 4100 ,
3126 4034 3290 4097 iners,
3357 4036 3627 4107 serpentis

352 4104 479 4160 licet
510 4104 737 4175 ﬁguram
769 4122 977 4172 serves,
1027 4109 1081 4163 in
1143 4110 1359 4166 sublimi
1414 4113 1531 4169 loco
1572 4116 1930 4184 ignominioso
1965 4126 2187 4193 pendes.

420 4201 549 4255 Kl".
594 4201 1030 4275 Μεταληψόμεθα
1068 4204 1178 4275 (20)
1230 4206 1287 4260 δὲ
1318 4208 1412 4261 τοῦ
1443 4211 1657 4283 Πάσχα,
1692 4214 1787 4268 νῦν
1838 4217 1937 4287 μὲν

421 4315 467 4346 ⁷⁸
495 4314 654 4374 Νυιη.
681 4331 796 4383 ut,
830 4317 884 4372 8.
959 4319 1006 4350 ⁶¹⁶
1037 4318 1161 4377 Ose.
1188 4336 1309 4388 xm,
1336 4322 1433 4391 M;
1466 4322 1488 4378 l
1519 4324 1645 4380 Cor.
1687 4342 1777 4392 xv,

422 4450 497 4521 (8)
528 4452 702 4505 Ἔστι
733 4452 960 4508 τοίνυν.
1016 4454 1112 4510 0r.
1159 4455 1214 4521 1,
1247 4457 1403 4509 Ἔστι
1432 4457 1638 4525 λοιπόν,
1708 4479 1727 4511 ι
1759 4462 1932 4519 Cane-
1968 4469 2011 4522 ι)

351 4536 488 4576 rum.
518 4540 537 4573 ι

522 4592 957 4670 ,Κᾳτειχόμε-θαζ
977 4594 1189 4670 Comb.,
1212 4596 1620 4670 Αὲκρατούμεθα.

576 4664 890 4739 Ὑπερςουῆ.
925 4665 1053 4736 Reg.
1084 4668 1178 4735 ph,
1201 4664 1478 4739 bare-ptavi:

421 4733 546 4808 (11)
571 4736 692 4808 Οὐκ
723 4733 1134 4803 αἰτήσαςξειὸ.
1212 4733 1368 4793 Οι.’1
1418 4742 1586 4808 addit,
1617 4743 1695 4799 δέ.
1733 4743 1933 4799 Obser-

348 4816 438 4858 vat
471 4805 811 4869 scholiastes,
851 4808 1057 4882 duplex
1087 4822 1207 4863 esse
1247 4808 1540 4882 redimendi
1570 4805 1771 4882 genus;
1799 4817 1930 4872 alte-

350 4892 491 4951 rum,
546 4890 695 4944 «quo
727 4877 957 4951 pretium
1010 4879 1081 4951 ei,
1142 4894 1170 4931 a
1196 4894 1300 4949 quo
1331 4881 1419 4948 qui
1476 4877 1663 4950 captus
1696 4877 1926 4951 tenetur,

347 4947 613 5024 solvitur,_
656 4955 711 5000 et
740 4947 963 5013 pecunia
1022 4950 1096 5024 ab
1142 4947 1227 5024 eo‘
1260 4947 1572 5024 redimitur;
1601 4973 1619 5006 ι
1676 4947 1927 5024 alterum,

352 5036 369 5068 ι
389 5032 496 5087 quo
526 5018 646 5086 quis
679 5032 776 5085 pro
804 5031 897 5089 reo
926 5018 1034 5085 pati
1061 5021 1293 5075 sustinet
1317 5021 1367 5073 in
1402 5022 1569 5089 ipsius
1599 5027 1756 5079 unius
1782 5018 1927 5081 com;

346 5089 585 5163 modum.
622 5107 641 5139 ι
675 5089 765 5141 Sic
802 5088 1053 5163 Christus
1072 5092 1353 5163 p_r0__nobis
1384 5088 1656 5149 cruciatus
1687 5098 1926 5163 pertulit,

346 5174 406 5211 ac
435 5159 513 5211 sic
534 5159 650 5228 ejus
680 5158 933 5227 passione
983 5160 1115 5213 nihil
1160 5160 1373 5215 diabolo
1402 5164 1607 5219 datum.
1660 5158 1926 5223 Prmtcrea

344 5228 789 5306 Sang-uisChristi
831 5230 973 5306 Patri
1003 5232 1214 5306 oblatus
1245 5243 1348 5296 est,
1377 5250 1396 5283 ι
1421 5250 1523 5287 non
1557 5238 1697 5304 quod
1743 5240 1928 5306 unige-

344 5300 440 5352 niti
466 5298 587 5352 Filii
616 5315 809 5355 cruore
839 5299 1010 5355 elfuso
1058 5302 1437 5367 delectaretur,
1466 5323 1482 5354 ι
1530 5298 1587 5360 ut
1633 5308 1717 5362 his
1750 5298 1926 5363 verbis

344 5370 581 5450 declarat
639 5370 778 5450 idem
846 5370 1380 5450 scholiastes:0_’31:a
1427 5373 1505 5450 τῷ
1552 5378 1730 5450 Πατρί
1790 5374 1927 5450 αἷμα

340 5438 433 5517 ῖοῦ
465 5440 805 5517 Μον-οχενοῦς
833 5442 1238 5513 προσφέρεσθαι
1272 5430 1819 5517 ὑποτιθέμεθα.’58ι1
1845 5430 1927 5503 ἶιιζ

341 5511 509 5572 dicat,
558 5512 751 5566 Filium
806 5511 903 5566 sua
968 5511 1160 5582 sponte
1218 5517 1452 5570 hominis
1502 5511 1724 5573 'reatum
1783 5522 1833 5573 in
1868 5537 1926 5576 se

343 5584 688 5636 transtulisse
738 5598 801 5636 ac
840 5595 1064 5638 mortem
1099 5585 1353 5650 subiisse,
1405 5596 1461 5639 ut
1486 5588 1758 5644 hominem
1786 5594 1926 5646 redi-

342 5661 535 5727 meret,
563 5669 624 5727 ac
652 5654 914 5727 cumDeo
964 5655 1015 5727 in
1040 5655 1267 5727 gratiam
1303 5657 1636 5727 restitueret,
1692 5662 1922 5717 illataut~

339 5735 444 5789 quc
476 5724 669 5777 divina:
698 5726 959 5794 ntajestali
989 5725 1235 5794 injuriam
1267 5729 1529 5782 sarciret.l

409 5794 521 5863 (12)
562 5794 631 5849 Τὸ
661 5793 895 5864 χρῆναι.
934 5793 1060 5866 llcg.
1092 5796 1158 5861 ph
1200 5808 1252 5853 et
1278 5796 1368 5854 0r.
1404 5798 1452 5852 1.
1487 5799 1565 5870 τῷ
1597 5804 1813 5874 χρῆναι.

2116 4220 2301 4277 XXlll.
2346 4221 2464 4277 Jam
2529 4240 2656 4279 vero
2721 4224 3004 4281 Paschalis
3049 4224 3340 4296 participes
3393 4225 3622 4294 erimus,

2114 4466 2223 4539 (l3)
2270 4467 2540 4539 Ἑαυτόν.
2580 4468 2669 4522 Sic
2703 4467 2882 4537 plures
2902 4467 3066 4539 Regg.
3097 4477 3151 4523 et
3173 4467 3346 4531 Colb.,
3382 4469 3546 4527 Coisl.
3571 4473 3623 4539 1,

2045 4548 2147 4591 etc.
2179 4538 2231 4590 In
2257 4538 2367 4601 ed.,
2396 4538 2573 4591 αὐτόν.

2115 4608 2227 4693 (14)
2263 4608 2574 4677 Κρεμᾶται.
2639 4610 2766 4680 llcg.
2818 4609 2929 4675 but,
2960 4609 3159 4681 aliique
3194 4610 3459 4677 nonnulli,
3495 4630 3627 4685 κρε-

2080 4694 2258 4732 ναται.

2038 4696 2371 4819 μνδὲῗιόὺχ
2397 4750 2476 4817 ὡς
2504 4752 2712 4816 τύπος,
2746 4759 2853 4805 etc.
2899 4770 2917 4802 ι
2943 4751 3257 4823 Gregorius,
3302 4753 3476 4821 inquit
3527 4755 3625 4811 Ni-

2035 4830 2207 4885 cetus,
2243 4831 2547 4889 serpentem
2602 4838 2810 4897 anteum
2851 4823 3061 4897 Christi
3110 4833 3294 4897 typum
3346 4824 3625 4897 haudqmt-

2033 4906 2195 4958 quam
2242 4905 2361 4964 esse
2392 4904 2575 4947 censet
2621 4893 2816 4964 (neque
2845 4892 2925 4947 fas
2977 4904 3062 4948 cst
3110 4910 3173 4946 ac
3214 4896 3359 4957 pium
3402 4892 3625 4964 perver-

2032 4975 2148 5014 sum
2175 4963 2426 5038 spiritum
2466 4964 2665 5018 Christi
2699 4974 2893 5038 typum
2928 4963 3624 5038 vocari);_verum’antity-

2034 5046 2179 5106 pum,
2223 5034 2272 5106 id
2309 5044 2430 5106 est,
2474 5034 2799 5088 contrariam
2839 5035 3086 5102 ﬁguram.
3146 5036 3358 5088 Etenim
3398 5034 3623 5106 serpens

2032 5117 2059 5154 a
2091 5105 2353 5173 principio
2389 5105 2590 5160 homini
2629 5106 2851 5160 exitium
2899 5106 3099 5171 attulit,
3136 5106 3383 5162 Christus
3436 5105 3620 5164 autem

2031 5184 2216 5241 postea
2247 5176 2497 5230 salutem.
2531 5195 2550 5228 ι
3036 5224 3051 5237 ς

2100 5244 2213 5319 (lii)
2255 5245 2386 5319 Ύπ⁹
2409 5247 2613 5319 αὐτόν.
2645 5246 2735 5319 §ic
2771 5247 2934 5317 Regg.
2960 5246 3069 5315 bm,
3090 5248 3182 5319 ph,
3206 5247 3299 5305 0r.
3323 5249 3373 5314 1,
3404 5248 3616 5315 Cnmb.,

2030 5323 2132 5367 etc.
2174 5314 2226 5367 In
2267 5318 2378 5381 ed.,
2416 5316 2506 5369 ὑπ’
2539 5316 2704 5385 αὐτῷ.

2102 5385 2209 5455 (17)
2241 5388 2520 5452 Ἂπνους.
2554 5386 2739 5441 Plures
2770 5387 2927 5442 codd.
2957 5389 3177 5455 addunt,
3207 5385 3277 5443 εἴ.

2100 5457 2212 5526 (18)
2250 5458 2338 5511 Τό.
2367 5458 2497 5527 Reg.
2542 5459 2649 5519 bm,
2676 5475 2748 5510 τι.

2101 5528 2214 5598 (19)
2247 5529 2772 5598 Στηλιτευόμενος.
2825 5529 2945 5584 Bill.
3006 5549 3024 5582 ι
3050 5530 3261 5585 decoris
3287 5538 3341 5584 et
3381 5529 3587 5601 iguom.

2031 5599 2132 5652 nia:
2163 5601 2304 5653 notis
2345 5607 2576 5654 lllllSlllS.
2610 5619 2628 5651 ι

2100 5669 2750 5753 (20))ν1ετανίηψόμεθα.
2815 5673 2946 5744 Reg.
2996 5673 3087 5742 ph,
3153 5668 3617 5744 μεταληψώμεοα,

2034 5760 2051 5791 ι
2080 5756 2367 5812 partietpes
2401 5758 2587 5798 smnus.
2616 5762 2634 5796 ι
