4100 6276
428 304 536 362 655

1620 293 1676 345 S.
1718 290 2044 348 GRECORII
2081 293 2426 350 TllEOLOGl

3565 293 3678 350 656

434 430 576 471 nunc
602 413 816 482 quidem
855 410 1031 464 adhuc
1066 407 1260 478 typice,
1304 404 1519 461 tametsi
1549 407 1789 475 apertius
1837 422 1996 475 quam

2109 408 2344 472 τυπικῶς
2402 408 2502 471 ἔτι,
2564 407 2656 461 καὶ
2697 409 2744 461 εἰ
2781 406 2875 461 τοῦ
2916 406 3143 461 παλαιοῦ
3189 407 3522 479 γυμνότερον
3577 410 3678 479 (τὸ

432 512 483 562 in
507 507 677 561 veteri
696 505 811 573 lege
845 502 1037 571 (legale
1083 500 1346 568 siquidem
1406 499 1655 563 Pascha;
1722 514 1819 552 nec
1854 501 1996 553 enim

431 602 609 652 dicere
650 597 894 654 verebor,
920 594 1085 662 figura
1126 600 1239 644 erat
1276 591 1459 659 figurat:
1517 588 1855 655 obscurior);
1896 588 1993 641 ali-

430 699 634 758 quanto
663 695 782 756 post
810 695 985 738 autem
1019 684 1308 753 perfectius
1347 690 1401 735 et
1457 680 1665 750 purius,
1701 690 1814 734 tum
1853 680 2001 733 vide-

434 792 699 837 tzcetcnm
726 778 958 833 Verbum
996 791 1190 829 novum
1247 774 1374 827 illud
1417 773 1696 827 nobiscum
1743 772 1793 825 in
1841 785 2004 841 regno

433 870 609 925 Patris
642 870 787 922 bibet
837 868 905 931 '",
956 864 1282 935 patefaciens
1329 879 1391 916 ac
1418 865 1634 925 docens,
1697 861 1817 928 quae
1865 876 2003 913 nunc

434 962 610 1014 minus
635 960 788 1029 plene
826 955 1234 1013 demonstravit.
1267 953 1474 1008 Novum
1521 955 1662 1007 enim
1702 953 1827 1007 illud
1856 967 2001 1007 scm-

433 1066 531 1122 per
562 1062 664 1114 est,
694 1052 835 1119 quod
869 1062 1014 1103 nunc
1041 1046 1380 1116 intelligitur.
1419 1045 1675 1111 Quaenam
1711 1053 1887 1099 autem
1916 1041 2003 1095 illa

435 1141 506 1194 sit
532 1139 679 1208 potio
708 1149 869 1208 atque
902 1136 1197 1206 perceptio,
1234 1136 1415 1188 dicere
1450 1144 1692 1187 nostrum
1734 1142 1835 1197 est,
1864 1131 2005 1185 illius

436 1234 651 1294 docere,
677 1230 1063 1298 discipulisque
1121 1227 1233 1281 suis
1287 1227 1428 1281 hanc
1483 1225 1778 1279 doctrinam
1811 1224 2005 1293 imper-

438 1324 548 1377 tiri.
588 1322 835 1376 Doctrina
884 1321 1049 1385 enim,
1090 1319 1205 1386 ejus
1244 1333 1497 1389 quoque,
1556 1318 1646 1386 qui
1683 1318 1797 1383 alit,
1854 1317 2004 1372 cibus

437 1423 540 1468 est.
570 1413 680 1483 Age
711 1428 858 1474 vero,
896 1427 992 1465 nos
1042 1425 1253 1479 qunque
1302 1409 1435 1479 legis
1490 1410 1778 1479 participes
1805 1408 2003 1464 efﬁcia-

441 1520 581 1569 mur,
618 1520 800 1558 rerum
846 1503 1156 1573 evangelice
1215 1518 1320 1555 non
1382 1500 1705 1561 Iitteraliter.
1772 1501 2005 1570 perfecte

441 1612 544 1653 non
571 1596 903 1664 imperfecte,
940 1595 1263 1662 sempiterno
1292 1609 1394 1647 non
1453 1594 1805 1662 temporarie.
1834 1593 2005 1663 Caput

441 1691 596 1745 nobis
632 1690 947 1753 efﬁciamus,
976 1703 1081 1741 non
1113 1696 1381 1740 terrenam
1416 1686 1738 1753 Jerusalem,
1765 1689 1857 1743 sed
1895 1701 2005 1741 ca:-

2102 498 2208 568 γὰρ
2231 497 2450 568 νομικὸν
2474 497 2684 568 Πάσχα,
2715 496 2895 566 τολμῶ
2939 498 3032 551 καὶ
3082 496 3249 563 λέγω,
3300 496 3474 551 τύπου
3507 497 3677 562 τύπος

2101 587 2167 660 ἦν
2194 589 2596 661 ἀμυδρότερος)
2622 606 2635 619 ο
2702 588 2894 659 μικρὸν
2947 589 3003 642 δὲ
3055 588 3301 659 ὕστερον,
3349 588 3678 662 τελεώτερον

2104 683 2196 734 καὶ¹
2226 681 2627 753 καθαρώτερον,
2668 681 2827 751 ἡνίκα
2877 678 2943 732 ἂν
2973 680 3104 733 αὐτὸ
3149 679 3278 751 πίνῃ
3318 680 3504 736 καινὸν
3559 684 3677 752 μεθ’

2104 772 2259 842 ἡμῶν
2296 775 2324 825 ὁ
2356 773 2525 840 Λόγος
2570 774 2626 826 ἐν
2667 774 2733 843 τῇ
2788 770 3034 841 βασιλεία
3079 770 3174 824 τοῦ
3206 772 3439 841 Πατρὺς,
3470 773 3681 827 ἀποκα-

2103 862 2319 917 λύπτων
2373 862 2464 915 καὶ
2517 861 2820 926 διδάσκων,
2860 862 2896 918 ἃ
2928 863 3022 917 νῦν
3083 863 3318 933 μετρίως
3371 864 3677 935 παρέδειξε.

2105 954 2303 1008 Καινδν
2340 955 2448 1025 γάρ
2480 956 2626 1007 ἐστιν
2661 956 2746 1009 ἀεὶ
2802 957 2862 1009 τὸ
2905 956 3000 1011 νῦν
3039 956 3456 1027 γνωριζόμενον.
3499 956 3592 1021 Τίς
3621 958 3680 1012 δὲ

2104 1046 2137 1115 ἠ
2171 1045 2326 1107 πόσις
2361 1046 2455 1099 καὶ
2484 1047 2520 1117 ἡ
2542 1046 2860 1111 ἀπόλαυσις,
2894 1046 3055 1119 ἡμῶν
3080 1047 3177 1118 μὲν
3206 1048 3267 1100 τὸ
3296 1047 3506 1118 μαθεῖν,
3538 1049 3686 1101 ὲκεί-

2105 1154 2194 1190 νου
2219 1137 2274 1189 δὲ
2296 1138 2356 1190 τὸ
2384 1137 2611 1204 διδάξαι,
2644 1140 2738 1191 καὶ
2768 1138 3132 1192 κοινώσασθαι
3150 1142 3264 1203 τοῖς
3298 1139 3491 1194 ἑαυτοῦ
3514 1140 3685 1211 μαθη-

2104 1230 2223 1291 ταῖς
2245 1227 2334 1280 τὸν
2359 1227 2532 1296 λόγον.
2572 1229 2757 1301 Τροφὴ
2790 1230 2903 1302 γάρ
2939 1232 3087 1284 ἐστιν
3122 1233 3155 1302 η
3184 1230 3408 1296 δίδαξις,
3438 1233 3533 1285 καὶ
3583 1231 3680 1285 τοῦ

2103 1318 2413 1385 τρέφοντος.
2431 1318 2591 1371 Ἀλλά
2621 1319 2799 1388 δεῦρο,
2816 1321 2913 1374 καὶ
2945 1321 3104 1392 ἡμεῖς
3120 1323 3212 1376 τοῦ
3247 1324 3412 1393 νόμου
3448 1323 3682 1394 μεταλά-

2106 1407 2288 1479 ϐωμεν
2312 1408 2700 1476 εὐαγγελικῶς,
2720 1410 2854 1463 ἀλλὰ
2873 1411 2946 1481 μὴ
2971 1412 3230 1482 γραπτῶς
3254 1429 3268 1443 ο
3287 1411 3527 1475 τελείως,
3546 1413 3682 1466 ἀλλὰ

2108 1499 2182 1569 μὴ
2223 1498 2463 1562 ἀτελῶςο
2493 1501 2700 1564 ἁῖδίως,
2749 1501 2883 1555 ἀλλὰ
2923 1503 2997 1573 μὴ
3029 1501 3400 1575 προσκαίρως.
3439 1504 3682 1575 Ποιησώο

2109 1592 2247 1662 μεθα
2282 1591 2545 1663 κεφαλὴν,
2581 1593 2655 1663 μὴ
2685 1593 2782 1663 τὴν
2811 1592 2962 1646 κάτω
2998 1593 3378 1664 Ἰερουσαλὴμ,
3416 1594 3552 1647 ἀλλὰ
3582 1594 3685 1665 τὴν

2107 1688 2216 1741 ἄνω
2244 1688 2605 1758 μητρόπολιν
2643 1690 2716 1761 μὴ
2750 1689 2849 1760 τὴν
2877 1691 2982 1743 ὑπὸ
3025 1692 3402 1759 στρατοπέδων
3439 1691 3534 1747 νῦν
3578 1711 3683 1746 πα-

439 1784 625 1839 lestem
659 1781 1025 1850 metropolim;
1058 1796 1161 1834 non
1191 1795 1329 1841 eam,
1377 1781 1597 1848 inquam
1619 1819 1635 1841 ,
1691 1795 1808 1847 qua:
1867 1795 2005 1833 nunc

2109 1756 2393 1849 τουμένην,
2424 1779 2559 1832 ἀλλὰ
2583 1756 2682 1851 την
2704 1756 2716 1761 ⁷
2862 1756 3110 1850 ἀγγέλων
3152 1782 3535 1854 δοξαζομένην.
3577 1783 3684 1837 Θύ-

440 1877 507 1930 ab
540 1875 865 1930 exercitibus
894 1873 1154 1935 calcatur,
1205 1873 1299 1927 sed
1355 1888 1474 1941 qua:
1512 1873 1579 1927 ab
1614 1871 1818 1941 angelis
1850 1870 2005 1926 laude

438 1978 490 2023 et
518 1967 895 2038 prmdicatione
918 1965 1158 2019 effertur.
1196 1964 1514 2026 Mactemus,
1548 1981 1648 2018 non
1687 1963 1881 2019 vitulos
1909 1978 2004 2017 no-

438 2062 624 2124 vellos,
658 2075 753 2115 nec
788 2067 967 2130 agnos'
984 2074 1185 2114 cornua
1218 2059 1577 2127 producentes
1602 2066 1654 2109 et
1691 2055 2003 2126 ungulas“.

439 2168 557 2220 qil-‘B
594 2166 782 2220 magna
809 2167 872 2205 8!
908 2161 1056 2219 parte
1086 2159 1296 2203 mortua
1323 2155 1467 2211 Sllﬂl,
1503 2162 1567 2200 ac
1591 2161 1749 2200 sensu
1781 2155 2000 2200 carent:

441 2257 624 2296 verum
662 2242 770 2296 Deo
801 2243 854 2294 in
890 2254 1123 2310 superno
1152 2239 1308 2293 altari
1339 2253 1460 2291 cum
1484 2237 1795 2291 coelestibus
1822 2235 2006 2291 choris

438 2334 764 2391 sacrificium
799 2333 968 2386 laudis
1019 2330 1356 2386 immoletnus
1411 2330 1478 2383 τυ.
1515 2327 1865 2381 Penetrennts
1895 2326 2004 2396 pri-

438 2441 585 2479 mum
614 2425 878 2483 velamen,
917 2424 982 2475 ad
1010 2420 1303 2476 secundum
1338 2420 1678 2482 accedamus,
1726 2418 1777 2471 in
1807 2416 2005 2471 Sancta

439 2528 748 2571 sanctorum
783 2514 1196 2583 prospiciamus.
1251 2514 1446 2582 Atque,
1498 2511 1751 2579 utmajus
1809 2509 2005 2577 aliquid

440 2610 642 2669 dicam,
692 2606 1030 2660 immolemus
1057 2621 1154 2659 nos
1213 2606 1351 2659 Deo:
1415 2604 1543 2667 imo,
1573 2601 1794 2672 singulis
1819 2602 2007 2655 diebus

444 2698 802 2766 nosmetipsos
851 2707 1133 2765 motusque
1185 2711 1373 2752 omnes
1429 2695 1787 2751 immolemus.
1814 2693 2006 2749 Omnia

442 2803 538 2857 pro
594 2786 771 2843 Verbo
830 2787 1182 2856 excipiamus,
1235 2803 1328 2856 per
1362 2786 1639 2854 passiones
1696 2785 2006 2839 Passionem

443 2881 734 2941 imitemur.
775 2895 868 2948 per
922 2880 1236 2947 sanguinem
1283 2879 1599 2949 sanguinem
1659 2878 2005 2937 honoremns,

444 2986 658 3027 crucem
713 2972 922 3026 alacres
982 2972 1435 3026 conscendamus.
1468 2970 1659 3026 Dulces
1689 2980 1812 3024 sunt
1842 2966 2010 3043 864

445 3066 602 3128 elavi,
629 3065 844 3121 tametsi
874 3065 1027 3117 valde
1059 3063 1259 3118 acerbi.
1290 3062 1518 3119 Praestat
1544 3078 1663 3118 cum
1692 3062 1926 3127 Christo,
1954 3072 2009 3115 et
2037 3095 2077 3152 Ο

441 3172 539 3225 pro
566 3156 782 3212 Christo
847 3157 979 3225 pati,
1006 3170 1165 3224 quam
1218 3170 1337 3209 cum
1373 3154 1494 3211 aliis
1546 3153 1600 3210 in
1649 3153 1856 3209 deliciis
1884 3167 2007 3207 ver-

440 3249 571 3305 sari.

511 3334 698 3395 XXIV.
726 3336 782 3392 Si
815 3336 997 3393 Simon
1030 3337 1319 3407 Cyrenaeus
1350 3338 1674 3409 sis,fcruccm
1709 3336 1832 3392 tolle
1853 3338 1919 3402 ³ο,
1948 3352 2012 3392 ac

441 3440 687 3493 sequere.
726 3425 805 3489 Si,
839 3436 894 3480 nt
918 3427 1139 3493 latro“,
1160 3429 1307 3484 cruci
1339 3427 1496 3484 simul
1524 3427 1712 3483 aflixus
1737 3428 1924 3494 fueris,
1955 3439 2014 3484 ut

440 3519 524 3573 vir
559 3518 776 3586 probus,
810 3517 973 3572 Deum
1015 3532 1247 3587 agnosce
1280 3537 1292 3573 :
1346 3519 1390 3574 si
1418 3518 1506 3573 ille
1533 3532 1744 3588 quoque
1794 3527 2013 3587 propter

442 3620 495 3663 te
528 3618 788 3679 tuumque
818 3618 1100 3679 peccatum
1139 3626 1260 3664 cum
1296 3611 1493 3681 iniquis
1546 3620 1827 3678 reputatus
1854 3611 2009 3675 sit“,

442 3714 496 3757 tu
534 3712 753 3772 propter
780 3702 924 3756 illum
952 3703 1130 3771 justus
1186 3702 1302 3757 fias.
1354 3703 1533 3757 Adora
1587 3712 1675 3755 tua
1705 3718 1865 3756 causa
1892 3718 2011 3756 sns-

443 3808 665 3866 pensum
688 3812 703 3861 ;
726 3803 778 3849 et
812 3796 1049 3864 pendens
1081 3795 1213 3863 ipse,
1258 3793 1389 3848 lucri
1422 3794 1621 3862 aliquid
1647 3810 1714 3849 ex
1752 3794 1865 3863 ipsa
1890 3808 2014 3860 quo-

442 3905 547 3959 que
598 3889 945 3957 improbitate
1008 3889 1194 3959 collige
1243 3908 1255 3944 :
1312 3898 1484 3942 morte
1560 3889 1782 3941 salutem
1849 3902 2004 3940 eme:

443 3997 563 4039 cum
598 3978 723 4035 Iesu
756 3982 1061 4051 paradisum
1117 3981 1420 4051 ingredere,
1475 3988 1532 4034 ut
1572 3980 1857 4049 intelligas,
1888 3979 2010 4048 qui-

442 4074 543 4128 bus
572 4073 728 4128 bonis
779 4074 1077 4133 excideras.
1135 4073 1567 4127 Pulchritudines
1622 4072 1740 4126 illas
1772 4080 2010 4126 contem-

443 4164 593 4243 plare
624 4181 637 4218 :
669 4174 1121 4218 murmuratorem
1156 4178 1277 4218 cum
1341 4178 1438 4217 sua
1498 4161 1830 4230 blasphemia
1882 4161 2012 4216 foris

444 4255 579 4309 mori
609 4256 743 4309 sine.
778 4254 833 4309 Si
860 4253 1056 4323 Josepli
1086 4255 1450 4325 Arimathzeus
1498 4254 1574 4308 sis
1597 4252 1666 4319 ⁸³,
1715 4253 1781 4307 ab
1805 4268 1889 4318 eo,
1922 4254 2010 4321 qui

444 4346 589 4399 cruci
622 4344 809 4409 aflixit,
841 4360 1036 4415 corpus
1066 4357 1221 4413 pete:
1274 4360 1421 4401 tuum
1479 4345 1570 4398 ﬁat
1619 4345 1800 4398 mundi
1827 4345 2009 4414 piacu-

2110 1888 2308 1942 σωμεν,
2352 1870 2429 1942 μὴ
2478 1872 2707 1942 μόσχους
2734 1873 2903 1935 νέους.
2962 1873 3095 1944 μηδὲ
3120 1875 3329 1944 ἀμνοὺς
3359 1876 3564 1947 κέρατα
3590 1877 3683 1929 ὲκο

2108 1962 2370 2034 φέροντας
2419 1964 2513 2016 καὶ
2560 1963 2752 2027 ὁπλὰς,
2790 1965 2921 2035 παρ’
2958 1961 3040 2029 οἷς
3090 1965 3222 2018 πολὺ
3260 1965 3322 2020 τὸ
3367 1966 3559 2035 νεκρὸν
3586 1968 3687 2021 καὶ

2108 2051 2461 2123 ἀναίσθητον·
2517 2053 2653 2107 ἀλλὰ
2705 2053 2956 2125 θύσωμεν
2994 2053 3073 2125 τῷ
3118 2054 3237 2125 Θεῷ
3291 2055 3479 2109 θυσίαν
3534 2056 3684 2110 αίνέε

2110 2161 2266 2208 σεως,
2311 2145 2402 2197 ἐπὶ
2450 2144 2511 2197 τὸ
2555 2145 2668 2198 ἄνω
2699 2144 3101 2217 θυσιαστήριον,
3135 2145 3270 2216 μετὰ
3298 2147 3396 2217 τῆς
3442 2146 3554 2200 ἄνω
3588 2165 3681 2217 χο-

2111 2235 2414 2306 ροστασίας.
2459 2236 2777 2307 Διάσχωμεν
2813 2237 2873 2290 τὸ
2901 2238 3113 2309 πρῶτον
3152 2238 3570 2310 καταπέτασμα,
3601 2239 3685 2311 τῷ

2106 2326 2340 2397 δευτέρῳ
2370 2326 2775 2398 προσέλθωμεν,
2807 2330 2886 2391 είς
2926 2329 2996 2383 τὰ
3046 2330 3212 2397 ’Ἀγια
3234 2329 3340 2383 τῶν
3375 2330 3545 2399 ἁγίων
3575 2348 3684 2385 πα-

2110 2417 2458 2489 ρακύψωμεν.
2490 2418 2644 2471 Εἴπω
2686 2419 2748 2472 τὸ
2779 2422 2983 2490 μεῖξον,
3018 2424 3166 2492 ἡμᾶς
3193 2422 3388 2485 αὐτοὺς
3421 2422 3679 2493 θὺσωμεν

2106 2510 2184 2581 τῷ
2212 2508 2357 2579 Θεῷο
2415 2510 2610 2580 μᾶλλον
2667 2511 2749 2577 δὲ,
2784 2511 3000 2582 θύωμεν
3033 2513 3152 2566 καθ’
3198 2514 3434 2584 ἑκάστην
3466 2515 3681 2585 ἡμέραν

2108 2601 2201 2655 καὶ
2230 2602 2409 2654 πᾶσαν
2444 2602 2679 2673 κίνησιν.
2731 2604 2917 2658 Πάντα
2945 2604 3085 2675 ὑπὲρ
3113 2604 3205 2657 τοῦ
3237 2606 3411 2674 Λόγου
3443 2603 3683 2676 δεχώμε-

2110 2693 2197 2759 θα,
2225 2693 2421 2748 πάθεσι
2453 2694 2513 2746 τὸ
2557 2694 2728 2758 πάθος
2777 2695 3093 2766 μιμώμεθα,
3125 2698 3320 2766 αἵματι
3345 2697 3404 2749 τὸ
3430 2692 3567 2767 αἷμα
3594 2715 3683 2751 σε·

2113 2786 2422 2858 μνύνωμεν,
2454 2787 2544 2839 ἐπὶ
2569 2786 2662 2839 τὸν
2693 2788 2922 2858 σταυρὸν
2962 2788 3199 2858 ἀνίωμεν
3233 2789 3522 2861 πρόθυμοι.
3556 2789 3685 2842 Γλυ-

2110 2882 2224 2941 κεῖς
2255 2880 2304 2931 οἱ
2334 2872 2475 2949 ἧλοι,
2507 2878 2603 2932 καὶ
2630 2880 2678 2930 εί
2711 2878 2830 2932 λίαν
2863 2879 3132 2951 όδυνηροί.
3164 2881 3236 2933 Τὸ
3268 2879 3377 2950 γὰρ
3402 2880 3514 2952 (2i)
3544 2880 3683 2951 μετὰ

2110 2969 2345 3041 Χριστοῦ
2371 2971 2622 3039 πάσχειν,
2645 2972 2740 3024 καὶ
2777 2971 2918 3042 ὑπὲρ
2940 2972 3196 3044 Χριστοῦ,
3231 2971 3326 3025 τοῦ
3364 2972 3479 3042 μετ’
3509 2972 3685 3027 ἄλλων

2110 3062 2319 3132 τρυφᾷν
2343 3060 2706 3133 αἱρετώτερον

2181 3334 2306 3390 ΚΔ’.
2341 3337 2440 3390 Ἂν
2475 3337 2659 3407 Σίμων
2686 3332 2752 3408 ᾗς
2781 3337 3109 3406 Κυρηναῖος,
3138 3338 3231 3390 τὸν
3272 3336 3503 3407 σταυρὸν
3531 3332 3684 3407 ἆρον,

2111 3428 2204 3481 καὶ
2235 3427 2613 3498 ἀκολούθησον.
2646 3430 2743 3481 Ἂν
2777 3429 3165 3500 συσταυρωθῇς
3198 3429 3272 3491 ὡς
3298 3428 3501 3499 λῃστὴς
3550 3426 3687 3498 (9.2),

2111 3519 2185 3583 ὡς
2212 3518 2507 3589 εὐγνώμων
2539 3520 2630 3572 τὸν
2673 3519 2805 3572 Θεὸν
2843 3518 3109 3589 γνώρισον
3138 3537 3153 3550 ·
3184 3522 3232 3573 εί
3267 3522 3517 3583 κάκεῖνος
3546 3519 3681 3591 μετὰ

2112 3612 2332 3682 ἀνόμων
2365 3610 2614 3681 ἐλογίσθη
2656 3610 2742 3664 διὰ
2772 3610 2829 3663 σὲ
2864 3611 2956 3663 καὶ
3007 3611 3105 3683 τὴν
3150 3611 3247 3683 σὴν
3290 3611 3585 3684 ἁμαρτίαν,
3621 3613 3692 3666 σὺ

2111 3701 2271 3771 γενοῦ
2298 3702 2366 3755 δι’
2400 3703 2608 3755 ἐκεῖνον
2644 3701 2887 3772 ἔννομος.
2936 3702 3320 3775 Προσκύνησον
3366 3704 3455 3758 τὸν
3495 3704 3580 3758 διὰ
3626 3702 3687 3757 σὲ

2113 3794 2493 3866 κρεμασθέντα
2553 3795 2685 3865 (23),
2734 3796 2828 3849 καὶ
2884 3795 3270 3866 κρεμάμενος·
3325 3797 3585 3869 κερδανῶ
3630 3814 3691 3849 τι

2113 3888 2206 3942 καὶ
2239 3887 2391 3958 παρὰ
2412 3888 2510 3956 τῆς
2536 3888 2731 3950 κακίας
2752 3905 2765 3918 ο
2798 3886 3003 3957 ὤνησαι
3032 3887 3109 3958 τῷ
3143 3889 3355 3959 θανάτῳ
3385 3890 3482 3961 τὴν
3508 3906 3691 3961 σωτηο

2117 3977 2234 4048 ρίαν
2255 3994 2269 4008 ³
2297 3980 2375 4042 είς
2405 3979 2495 4031 τὸν
2533 3978 2861 4049 παράδεισον
2892 3979 3099 4034 εἴσελθε
3144 3980 3280 4050 μετὰ
3321 3981 3517 4052 Ἰησοῦ,
3546 3981 3689 4035 ὥστε

2118 4069 2308 4140 μαθεῖν
2333 4063 2406 4122 ὧν
2431 4071 2815 4134 ὲκπέπτωκας.
2870 4070 2951 4123 Τὰ
2980 4073 3099 4125 ἐκεῖ
3141 4071 3310 4143 κάλλη
3367 4071 3642 4144 θεώρησον
3667 4089 3683 4106 ο

2113 4160 2203 4214 τὸν
2233 4161 2538 4233 γογγυστὴν
2564 4163 2701 4231 ἄφες
2746 4162 3035 4218 ἀποθανεῖν
3084 4164 3207 4230 ἔξω,
3246 4164 3381 4233 μετὰ
3416 4165 3514 4235 τῆς
3563 4164 3690 4235 βλα-

2117 4255 2380 4326 σφημίας.
2410 4256 2529 4309 Κᾶν
2563 4257 2760 4327 Ἰωσὴφ
2777 4251 2842 4330 ᾗς
2875 4258 2901 4309 ὁ
2928 4257 3034 4309 ἀπὸ
3063 4256 3422 4325 Ἁριμαθαίας
3450 4256 3584 4329 (24),
3604 4257 3688 4310 αῖ-

2113 4363 2278 4417 τησαι
2309 4346 2369 4399 τὸ
2403 4346 2564 4417 σῶμα
2595 4347 2746 4418 παρὰ
2774 4346 2869 4401 τοῦ
2910 4346 3300 4417 σταυροῦντος⁹
3333 4347 3425 4400 σὺν
3448 4347 3694 4416 γενέσθω

442 4435 572 4490 lum.
616 4435 671 4490 Si
705 4435 1028 4491 Nicodemus
1054 4438 1166 4503 sis,
1228 4448 1522 4491 nocturnus
1574 4435 1661 4491 ille
1693 4435 1783 4491 Dei
1814 4435 2011 4500 cultor,

2116 4438 2177 4491 τὸ
2209 4438 2301 4492 τοῦ
2332 4439 2539 4509 κόσμου
2569 4438 2882 4511 καθάρσιον.
2918 4439 3035 4493 Κᾶν
3069 4439 3377 4509 Νικόδημος
3422 4436 3509 4512 ᾗς,
3539 4442 3567 4493 ό
3598 4458 3688 4493 νυ-

444 4527 756 4583 funcbribus
785 4530 1069 4597 unguentis
1094 4531 1267 4599 ipsum
1296 4545 1433 4599 unge
1459 4530 1526 4583 “.
1556 4529 1613 4584 Si
1650 4528 1815 4583 Maria
1855 4545 2003 4599 qua:-

442 4621 562 4671 dam
604 4618 699 4682 sis,
732 4618 771 4670 si
803 4618 906 4671 alia
931 4617 1120 4686 Maria,
1170 4621 1213 4674 si
1268 4619 1503 4681 Salome.
1541 4622 1585 4674 si
1617 4618 1844 4686 Jaanua,
1878 4618 2005 4673 diln.

442 4708 561 4761 culo
587 4706 858 4774 lacrymas
914 4708 1197 4774 profunde.
1245 4708 1384 4774 Fac,
1428 4720 1485 4762 ut
1523 4708 1696 4778 prima
1735 4708 2003 4764 sublatqu

460 4797 671 4865 apidcm
701 4795 769 4859 ⁸⁸,
827 4797 1047 4866 angelos
1080 4801 1240 4853 etiam
1280 4799 1527 4861 fortasse,
1574 4807 1737 4867 atque
1759 4798 1891 4853 adeo
1925 4798 2007 4853 Je-

441 4903 559 4941 sum
602 4885 800 4955 ipsum,
847 4887 1051 4941 videas.
1098 4887 1345 4942 Nonnihil
1396 4887 1643 4956 loquere;
1680 4902 1861 4942 vocem
1910 4904 2007 4942 au-

2114 4527 2357 4597 κτερινὸς
2409 4528 2701 4599 θεοσεϐὴς,
2746 4529 2938 4601 μύροις
2988 4529 3149 4582 αὐτὸν
3188 4530 3532 4598 ὲνταφίασον.
3570 4529 3691 4584 Κᾶν

2111 4618 2296 4690 Μαρία
2328 4636 2409 4682 τις
2434 4614 2519 4691 ᾖς,
2554 4620 2655 4674 κᾶν
2681 4623 2714 4692 ἡ
2746 4620 2878 4692 άλλη
2917 4622 3029 4691 (25)
3056 4620 3259 4692 Μαρία,
3285 4622 3398 4676 κᾶν
3429 4621 3687 4692 Σαλώμη,

2113 4710 2216 4763 κᾶν
2263 4711 2501 4774 ἰωάννα,
2530 4712 2799 4783 δάκρυσον
2824 4714 3019 4786 ὀρθρία
3059 4713 3195 4785 (26).
3226 4714 3329 4767 Ἴδε
3364 4713 3552 4786 πρώτη
3596 4713 3694 4767 τὸν

2112 4799 2257 4853 λίθον
2292 4802 2550 4872 ἠρμένον,
2589 4805 2750 4875 τυχὸν
2779 4806 2835 4858 δὲ
2866 4808 2960 4860 καὶ
2991 4807 3115 4870 τοὺς
3141 4806 3425 4874 ἀγγέλους,
3457 4808 3550 4860 καὶ
3585 4807 3689 4877 Ἰη-

2111 4892 2235 4946 σοῦν
2270 4894 2450 4952 αὐτόν.
2481 4895 2713 4966 Φθέγξαι
2751 4916 2830 4951 τι·
2862 4900 3044 4969 φωνῆς
3089 4899 3336 4953 ἄκουσον.
3373 4901 3469 4953 Ἂν
3524 4899 3688 4952 ἀκού-

512 5052 555 5081 ¹⁷⁷
582 5049 959 5132 Maltinnxsvt,
993 5051 1083 5103 29.
1158 5048 1580 5132 73ml".\al;\t.§vtlt,
1612 5050 1699 5105 32.
1778 5051 1989 5132 i’nPsal:

2116 5073 2167 5121 ιι,
2202 5059 2284 5113 Μ.
2364 5059 2408 5091 ⁸ο
2436 5060 2563 5113 an.
2596 5077 2752 5124 uin,
2781 5061 2869 5115 26.
2947 5063 2988 5094 ⁸³
3025 5064 3149 5118 ibid.
3184 5064 3254 5117 £0
3285 5079 3436 5132 seqq.
3511 5064 3555 5095 ⁸’
3583 5062 3687 5116 lsa.

444 5136 561 5186 ωιι,
598 5121 683 5173 l2.

514 5280 626 5351 (21)
657 5278 800 5349 Γάρ.
839 5279 991 5333 Deest
1017 5281 1067 5333 in
1100 5280 1263 5350 [ἶνες.
1299 5283 1385 5347 ph,
1418 5279 1511 5336 Oz'.
1545 5279 1594 5342 1,
1627 5280 1849 5351 aliisque
1873 5295 2005 5333 tton-

445 5354 626 5408 nullis.

514 5422 626 5491 (22)
671 5422 766 5493 ζῼς
795 5422 1045 5493 λῃστῄς.
1078 5420 1208 5489 Reg.
1242 5424 1331 5490 ph,
1369 5421 1443 5485 ὡς
1468 5425 1495 5475 ὁ
1522 5421 1742 5493 λῃστής.

514 5493 628 5560 (23)
661 5490 1097 5560 Κρεμασθέντα.
1161 5494 1214 5543 ιιι
1260 5490 2008 5561 ιιοιιιιιιιιίε,’⁷σταυρωθέντα,

444 5579 469 5613 o
492 5563 637 5617 cruci
668 5566 907 5617 af'tixnm.
939 5580 956 5612 ι

516 5632 629 5701 (2i)
681 5631 742 5684 '0
770 5632 885 5686 ἀπὸ
925 5631 1314 5699 Ἁριμαθαίας.
1374 5632 1558 5688 Plures
1606 5632 1779 5699 Colb.,
1827 5632 1916 5688 Or.
1958 5636 2006 5701 Ι,

445 5700 655 5768 Camn,
692 5712 821 5768 etc.,
858 5704 886 5754 ὁ
932 5703 1295 5773 Ἀριμαθαῖος.

776 5121 820 5152 ⁸³
853 5120 977 5175 Luc.
1012 5136 1164 5184 χχιιι,
1190 5121 1274 5172 50.
1353 5121 1393 5151 "
1422 5118 1575 5176 Joan.
1632 5136 1743 5186 xix,
1780 5121 1866 5175 39.
1944 5125 1986 5154 ⁸³
2015 5118 2179 5182 Marc,
2211 5146 2316 5195 χνι,
2358 5133 2407 5188 ί,

2185 5290 2295 5364 (25)
2329 5291 2520 5364 Κᾶνᾲὴ
2543 5292 2722 5360 ἄλλη.
2757 5293 2846 5346 Sic
2885 5292 3120 5363 quinque
3174 5293 3361 5364 Regg.,
3417 5293 3689 5347 duodecim

2119 5358 2293 5434 Colle,
2319 5375 2421 5434 etc.
2462 5361 2616 5415 Deest
2643 5358 2767 5434 η’ῑιι
2792 5365 2875 5434 ed.

2187 5431 2298 5500 (26)
2344 5427 2676 5499 Aa’xpvaor'
2705 5433 2929 5502 ὀρθρία.
2979 5431 3139 5487 Coisl.
3182 5432 3202 5483 1
3261 5443 3314 5485 et
3354 5431 3566 5496 Comb.,
3599 5427 3694 5502 {.1-

2116 5515 2333 5575 κρυσον,
2369 5499 2749 5575 Δἀκολούθησον
2798 5499 2932 5573 πρὸς
2982 5503 3183 5571 τάφον.
3230 5503 3536 5573 ἀπάντησον
3574 5499 3694 5575 ,ἦρ’

2115 5569 2259 5695 θρξα,
2291 5591 2308 5623 ι
2331 5572 2499 5643 plora,
2547 5575 2612 5627 ad
2641 5569 2976 5646 'sepulerum
3002 5569 3248 5641 setruerc,
3276 5569 3532 5629 occurras
3556 5569 3696 5625 dilu-

2115 5656 2176 5695 cu
2203 5658 2254 5695 ι).
2286 5662 2307 5694 ι
3012 5688 3013 5691 η

2113 5656 2254 5697 ριιιο.
2286 5662 2307 5694 ι
