4100 6276
377 352 481 408 857

1306 351 1563 408 ORATIO
1598 346 1756 407 XLV.
1799 385 1866 393 —
1905 351 1970 406 ΙΝ
2012 350 2337 408 SANCTUM
2375 349 2666 407 I’ASCIIA.

3522 358 3625 411 62-58

376 484 474 539 σῃς
545 464 643 531 Μή
678 482 797 534 μου
827 464 1043 529 ἅπτου,
1091 466 1281 539 πόρρω
1320 467 1506 538 στῆθι,
1544 468 1833 540 σεϐάσθητι
1867 467 1956 521 τὸν

2061 465 2253 521 sculta.
2285 465 2341 519 Si
2383 465 2619 520 audieris
2648 482 2659 516 ;
2691 461 2812 518 Non
2839 482 2917 519 me
2953 475 3161 536 (augere
3190 469 3256 534 ⁸⁸,
3285 473 3467 539 procul
3513 486 3619 542 sla,

379 552 575 620 Λόγον,
605 551 741 605 ἀλλὰ
775 553 847 624 μὴ
884 553 1150 626 λυπηθῇς.
1196 551 1315 608 Οἷδε
1354 556 1461 626 γὰρ
1500 552 1581 619 οἷς
1622 556 1756 628 ὀφθῇ
1801 558 1951 627 πρῶ-

372 663 486 699 τον.
534 644 878 714 Ἐγκαίνισον
904 648 1003 718 τὴν
1027 650 1324 705 ἀνάστασιν
1350 666 1362 679 '
1403 656 1468 724 τῇ
1504 652 1615 724 Εὔα
1666 654 1949 725 βοήθησον,

373 742 439 810 τῇ
476 740 668 812 πρώτῃ
707 740 817 810 (⁵37)
866 740 1129 813 πεσούσῃ,
1186 747 1251 813 τῇ
1293 744 1483 817 πρώτῃ
1515 747 1745 817 Χριστὸν
1779 748 1955 801 ἀσπάο

376 831 599 895 σασθαι,
632 834 725 885 καὶ
754 834 1019 905 γνωρίσαι
1061 838 1172 898 τοῖς
1209 835 1498 907 μαθηταῖς.
1533 836 1698 891 Γενοῦ
1726 840 1951 910 Πέτρος,

374 923 408 992 ἦ
444 922 559 992 (‘28)
602 923 853 994 Ἰωάννης
874 939 885 952 ·
917 926 1009 978 ἐπὶ
1036 925 1126 978 τὸν
1157 927 1325 995 τάφον
1359 928 1659 999 ὲπεὶχθητι,
1706 930 1953 1000 ἀντιτρέ-

374 1028 530 1082 χων,
583 1017 909 1087 συντρέχων,
955 1020 1054 1089 τὴν
1116 1019 1285 1091 καλὴν
1354 1022 1584 1092 ἅμιλλαν
1646 1023 1957 1094 ἁμιλλώμε-

376 1124 467 1169 νος
497 1107 629 1177 (29).
664 1108 781 1162 Κᾶν
820 1111 1138 1183 προληφθῇς
1168 1113 1244 1183 τῷ
1290 1116 1479 1185 τάχει,
1520 1119 1585 1187 τῇ
1633 1117 1833 1187 σπουδῇ
1878 1117 1956 1169 νί-

377 1215 566 1269 κησον,
606 1200 679 1271 μὴ
731 1203 1058 1272 παρακύψας
1109 1206 1188 1268 εἰς
1230 1206 1290 1259 τὸ
1337 1210 1629 1278 μνημεῖον,
1667 1208 1781 1262 ἀλλ’
1812 1209 1955 1261 ἔνδον

373 1291 686 1360 γενόμενος.
715 1293 829 1346 Κᾶν
858 1294 931 1357 ὡς
961 1296 1162 1365 Θωμᾶς
1191 1294 1541 1370 ἀπολειφθῇς,
1564 1299 1672 1351 τῶν
1706 1301 1956 1371 μαθητῶν

379 1383 759 1452 συνηγμένων,
790 1379 872 1447 οἷς
900 1384 1132 1456 Χριστος
1159 1387 1538 1457 ἐμφανίζεται,
1569 1389 1695 1442 ὅταν
1720 1389 1853 1462 ἴδῃς,
1881 1391 1955 1460 μὴ

374 1473 717 1547 ἀπιστήσῃς·
751 1474 851 1527 κᾶν
883 1478 1209 1549 ἀπιστήσῃς.
1246 1482 1358 1542 τοῖς
1400 1479 1617 1548 λέγουσι
1649 1481 1955 1533 πίστευσον·

378 1565 427 1616 εἰ
454 1565 510 1617 δὲ
542 1567 676 1635 μηδὲ
712 1566 940 1631 τούτοις,
974 1572 1085 1631 τοῖς
1114 1569 1304 1634 τύποις
1329 1571 1438 1624 τῶν
1464 1573 1607 1642 ἥλων
1634 1572 1954 1643 πιστώθητι.

382 1659 482 1709 Ἂν
512 1659 591 1720 εἰς
622 1658 747 1727 ᾅδου
782 1661 965 1731 κατίῃ,
994 1660 1346 1730 συγκάτελθε.
1374 1663 1545 1715 Γνῶθι
1568 1663 1661 1715 καὶ
1688 1662 1754 1715 τὰ
1781 1664 1956 1715 ἐκεῖσε

374 1746 471 1799 τοῦ
498 1746 735 1817 Χριστοῦ
769 1747 879 1817 (50)
906 1751 1196 1820 μυστήρια,
1237 1750 1321 1813 τίς
1354 1752 1385 1821 ἡ
1424 1751 1703 1821 οἰκονομία
1751 1750 1849 1819 τῆς
1890 1749 1959 1801 δι-

378 1836 520 1907 πλῆς
554 1836 927 1901 καταϐάσεως,
959 1839 1042 1902 τίς
1067 1841 1096 1892 ὁ
1122 1841 1279 1909 λόγος
1299 1859 1312 1872 ·
1341 1842 1526 1906 ἁπλῶς
1563 1841 1722 1906 σώζει
1750 1840 1957 1905 πάντας

376 1931 686 1999 ἐπιφανεὶς,
716 1930 747 2001 ἢ
776 1931 936 1984 κάκεῖ
954 1934 1079 1995 τοὺς
1120 1933 1472 1997 πιστεύοντας
1495 1935 1627 2005 (51).

451 2204 582 2257 κεν.
617 2202 732 2257 Κᾶν
782 2206 862 2268 εις
922 2207 1184 2276 οὐρανοὺς
1238 2207 1383 2279 ἀνίῃ,
1449 2208 1755 2263 συνάνελθεο
1804 2208 1961 2278 γενοῦ

385 2297 523 2368 μετὰ
568 2297 677 2350 τῶν
699 2299 1175 2369 παραπεμπόντων
1214 2300 1481 2368 ἀγγέλων,
1517 2301 1548 2373 ἢ
1590 2302 1696 2355 τῶν
1744 2301 1965 2372 δεχομέ-

381 2405 508 2441 νων.
555 2387 810 2458 Ἀρθῆναι
863 2392 981 2451 ταῖς
1027 2389 1223 2453 πύλαις
1278 2390 1621 2444 διακέλευσαι
1650 2433 1665 2457 ,
1710 2391 1962 2460 ὑψηλοτέ-

383 2497 506 2550 ραις
534 2479 821 2547 γενέσθαι,
873 2482 941 2532 ἶν’
987 2482 1051 2533 ἐκ
1094 2480 1188 2534 τοῦ
1222 2481 1334 2552 (52)
1391 2482 1581 2536 παθεῖν
1634 2483 1961 2555 ὑψηλότερον

379 2572 655 2636 δέξωνται.
706 2573 1022 2641 Ἀπόκριναι
1044 2577 1155 2639 τοῖς
1193 2574 1454 2646 ἀποροῦσι
1475 2576 1561 2628 διὰ
1581 2576 1643 2629 τὸ
1663 2577 1839 2648 σῶμα,
1868 2578 1961 2632 καὶ

380 2665 449 2716 τὰ
479 2662 573 2716 τοῦ
615 2662 828 2726 Πάθους
852 2664 1115 2734 σύμϐολα,
1145 2660 1224 2728 οἷς
1262 2667 1334 2736 μὴ
1383 2665 1655 2720 κατελθὼν
1686 2668 1793 2737 (55)
1833 2684 1958 2719 συν·-

382 2755 691 2825 ανέρχεται,
748 2757 840 2808 καὶ
871 2756 960 2809 διὰ
1011 2757 1168 2810 τοῦτο
1196 2757 1632 2827 πυνθανομένοις
1667 2759 1760 2822 Τίς
1791 2758 1960 2811 ἐστιν

381 2845 561 2911 οὗτος
583 2850 615 2901 ὁ
637 2847 939 2913 ,ϐασιλεὺς
972 2846 1081 2916 τῆς
1099 2834 1284 2915 δόξης
1306 2865 1322 2911 ;
1349 2850 1431 2902 ὅτι
1453 2851 1665 2917 Κύριος
1685 2850 1959 2918 κραταιὸς

384 2940 479 2991 καὶ
509 2939 766 3004 δυνατὸς
791 2942 847 2992 ὲν
870 2940 1003 2992 πᾶσί
1040 2957 1099 2992 τε
1129 2937 1209 3004 οἷς
1241 2942 1325 2993 ἀεὶ
1348 2942 1632 3013 πεποίηκε,
1667 2942 1762 2996 καὶ
1788 2947 1950 3004 ποιεῖ,

382 3032 475 3083 καὶ
501 3030 577 3100 τῷ
607 3031 700 3084 νῦν
734 3030 954 3101 πολέμῳ
993 3032 1086 3084 καὶ
1120 3034 1510 3106 τροπαίιρνπερὶ
1538 3034 1638 3105 τῆς
1674 3035 1952 3107 ἀνθρωπό-

383 3138 561 3192 τητος·
593 3123 684 3176 xei
712 3122 798 3186 δὸς
847 3122 1124 3196 τῷδιπλω
1161 3127 1259 3195 τῆς
1302 3128 1620 3198 ἐρωτήσεως
1642 3126 1830 3197 διπλῆν
1861 3127 1957 3198 τὴν

384 3212 695 3283 ἀπόκρισιν.
730 3214 842 3267 Κᾶν
868 3213 1204 3284 θαυμάζωσι,
1239 3215 1485 3283 λέγοντες
1519 3215 1628 3284 (54)
1650 3257 1663 3280 ,
1699 3216 1839 3269 κατὰ
1862 3216 1959 3287 τὴν

395 3304 615 3356 Ἡσαΐου
648 3303 1086 3374 δραματουργίαν
1110 3305 1241 3375 (55)·
1272 3305 1370 3371 Τίς
1395 3302 1615 3371 οὗτοςό
1637 3308 1957 3376 παραγενό-

377 3411 563 3463 μενος
591 3394 658 3457 ἐξ
686 3394 893 3463 Ἐδὼμ,
930 3396 1023 3448 καὶ
1038 3396 1144 3449 τῶν
1168 3397 1368 3466 γηίνων
1391 3414 1404 3462 ;
1438 3397 1494 3468 ἦ,
1516 3396 1638 3459 Πῶς
1659 3397 1862 3469 ἐρυθρὰ
1891 3399 1958 3452 τὰ

387 3484 576 3553 ἱμάτια
600 3483 692 3536 τοῦ
718 3484 839 3536 ἀναί
849 3502 947 3554 μου
979 3486 1072 3539 καὶ
1101 3485 1411 3555 ἀσωμάτου,
1427 3486 1502 3550 ὡς
1527 3486 1839 3556 ληνοϐάτου,
1867 3488 1959 3540 καὶ

383 3574 563 3645 πλήρη
591 3573 752 3644 ληνόν
800 3577 1171 3646 πατήσαντος;
1228 3577 1502 3649 προϐαλοῦ
1540 3579 1602 3631 τὺ
1636 3579 1834 3650 ὡραῖον
1863 3579 1960 3649 τῆς

384 3667 576 3737 στολῆς
601 3666 693 3719 τοῦ
727 3668 1059 3732 πεπονθότος
1103 3668 1371 3739 σώματος,
1413 3669 1489 3741 τῷ
1549 3670 1718 3723 Πάθει
1755 3669 1960 3723 καλλωο

385 3757 690 3821 πισθέντος,
715 3758 808 3812 καὶ
845 3762 909 3829 τῇ
962 3759 1186 3830 Θεότητι
1212 3759 1672 3831 λαμπρυνθέντος,
1702 3756 1771 3831 ἦς
1808 3759 1959 3813 οὐδὲν

382 3847 807 3919 ἐρασμιώτερον,
849 3849 968 3902 οὐδὲ
992 3848 1341 3921 ὼραιότερον.

452 4124 598 4194 ιτς-ο.
625 4125 769 4197 Πρὸς
783 4142 956 4180 ταυτα
982 4125 1034 4179 τί
1066 4142 1230 4195 φασιν
1259 4127 1393 4197 ἡμῖν
1411 4128 1458 4180 οἱ
1480 4128 1955 4200 συκοφανται(56),

378 4219 431 4273 oi
466 4218 652 4289 πικροὶ
678 4217 780 4288 τῆς
813 4217 1075 4289 Θεότητος
1127 4217 1392 4287 λογισταί,
1430 4220 1479 4272 οἱ
1533 4221 1824 4291 κατήγοροι
1853 4219 1957 4273 τῶν

382 4310 809 4380 ἐπαινουμένων,
844 4311 893 4364 οἱ
924 4310 1187 4364 σκοτεινοὶ
1231 4312 1357 4383 περὶ
1385 4311 1446 4365 τὸ
1474 4312 1609 4382 φῶς,
1629 4314 1678 4364 οἱ
1712 4313 1840 4382 περὶ
1860 4312 1957 4383 τὴν

384 4402 576 4471 σοφίαν
604 4401 937 4466 ἀπαίδευτοι,
965 4402 1104 4473 ὑπὲρ
1119 4394 1192 4455 ὧν
1217 4402 1448 4474 Χριστὸς
1476 4402 1681 4473 δωρεὰν
1697 4401 1955 4467 ἀπέθανε,

380 4495 449 4547 τὰ
474 4495 742 4565 ἀχάριστα
773 4495 1072 4564 κτίσματα,
1105 4494 1171 4547 τὰ
1203 4493 1297 4547 τοῦ
1346 4494 1580 4565 πονηροῦ
1625 4494 1953 4565 πλάσματα;

380 4590 553 4643 Τοῦτο
580 4591 831 4658 ἐγκαλεῖς
878 4590 998 4660 Θεῷ
1026 4589 1122 4662 τὴν
1158 4590 1514 4661 εὐεργεσίαν;
1541 4588 1628 4643 διὰ
1660 4588 1817 4642 τοῦτο
1858 4606 1952 4659 -μι-

379 4683 529 4753 κρος,
589 4684 670 4735 ὃτι
698 4682 785 4735 διὰ
827 4684 885 4735 σὲ
915 4683 1203 4747 ταπεινός;
1262 4684 1345 4735 ὅτι
1378 4683 1470 4735 ἐπὶ
1499 4682 1560 4735 τὸ
1610 4681 1954 4753 πλανώμενον

383 4770 539 4846 ἦλθεν
567 4775 596 4826 ὁ
641 4772 853 4847 Ποιμὴν
883 4779 911 4829 ὁ
950 4777 1185 4842 καλὸς,ὁ
1233 4776 1403 4839 τιθεὶς
1449 4775 1546 4847 τὴν
1594 4775 1771 4847 ψυχὴν
1818 4776 1956 4847 ὑπὲρ

388 4866 486 4920 τῶν
513 4866 821 4938 προϐάτων,
854 4868 945 4920 ἐπὶ
971 4868 1038 4921 τὰ
1068 4869 1168 4941 ὄρη
1204 4869 1296 4922 καὶ
1343 4869 1467 4931 τοὺς
1501 4867 1740 4938 βουνοὺς,
1772 4868 1856 4938 ἐφ’
1883 4861 1957 4921 ὧν

476 4989 521 5019 ⁸⁸
544 4987 699 5043 Joan.
732 5005 822 5053 xx,
858 4990 942 5044 17.
1014 4991 1057 5021 δ’
1089 4990 1215 5043 ibid.
1250 4989 1303 5043 2.
1417 4989 1461 5021 ⁸⁸
1489 4990 1613 5045 ibid.
1650 4990 1719 5043 24
1756 5005 1874 5059 sqq.

380 5062 423 5090 ⁸²
451 5058 601 5112 Joan.
629 5075 684 5120 Χ.
711 5060 793 5112 ii.

474 5173 565 5240 27)
602 5172 677 5240 Τῇ
699 5173 922 5241 πρώτῃ.
966 5174 1056 5227 Sic
1083 5174 1240 5226 codd.
1284 5172 1439 5241 Deest
1477 5173 1541 5240 τῇ
1578 5170 1628 5223 in
1660 5173 1743 5225 ed.

592 5240 917 5325 {Ietpogﬁ
961 5245 1015 5296 ln
1048 5242 1333 5325 no’pnullis.
1364 5240 1586 5325 ηέτρος,
1619 5242 1730 5293 καί.

599 5311 1261 5388 ξᾼμιλλῴιιςνοςηοτᾼ.
1290 5311 1674 5388 άμιλλώμενοι.
1722 5382 1735 5388 _
1805 5380 1834 5388 Α
1904 5378 1927 5388 η

431 5380 876 5506 ιξὲξ).Χριστοῦξ
910 5384 1044 5454 Reg.
1069 5384 1125 5446 b,
1174 5383 1278 5438 duo
1308 5380 1458 5438 Colb.
1506 5380 1558 5435 et
1590 5383 1681 5436 0r.
1718 5382 1765 5446 l,
1798 5380 1954 5442 Θεοῦ,

379 5470 399 5503 ι
431 5453 545 5507 Dei.
572 5471 589 5503 ι

450 5523 561 5592 (51)
598 5526 1020 5591 Πιστεύοντας.
1076 5522 1128 5576 in
1159 5523 1500 5590 quibusdam,
1542 5522 1953 5592 πιστεύσαντας.

448 5592 558 5661 (σει)
593 5594 693 5647 Ἵν’
724 5595 791 5648 ἐκ
829 5596 953 5649 τοῦ.
980 5594 1141 5648 Coisl.
1187 5596 1239 5659 1,
1266 5593 1350 5645 ἵνα
1376 5592 1466 5645 τὸν
1510 5595 1571 5644 ἐκ
1604 5591 1714 5645 τοῦ.

449 5664 561 5730 (33)
591 5664 917 5718 Κατελθών.
946 5665 1111 5719 Coisl.
1141 5666 1186 5723 1.
1219 5662 1615 5730 συγκατελθών.

377 5733 929 5854 M(5t)(ratipcitfcocrt
975 5735 1273 5800 λέγοντες.
1336 5733 1525 5799 Sa\il.,
1584 5732 1948 5802 θαυμάζοντες

439 5818 573 5854 γωσι

439 5818 573 5871 γωσι

2064 558 2290 613 Verbum
2322 572 2600 622 venerare,
2635 572 2735 611 non
2789 568 2964 611 autem
3022 576 3206 613 uicere.
3237 560 3394 615 Novit
3421 566 3564 617 enim
3592 582 3620 620 a

2059 649 2255 719 quibus
2313 646 2543 716 primum
2592 646 3004 717 ('ﬂllSpiCiBlldliS
3051 650 3137 702 sit.
3192 649 3622 708 Resurrcctionis

2053 743 2351 798 encaenium
2372 740 2607 805 celebra;
2634 739 2757 794 Erae
2774 755 3051 807 succurre,
3073 758 3191 811 quae
3207 744 3433 811 primum
3451 745 3621 814 lapsa,

2058 836 2208 905 prior
2238 848 2455 902 quoque
2478 833 2757 886 Christum
2783 833 3059 899 salutavit,
3089 850 3153 888 ac
3187 836 3459 903 discipulis
3485 838 3625 891 indi-

2058 926 2220 979 cavit.
2256 925 2469 978 Petrum
2505 924 2583 977 vel
2612 922 2872 977 Joannem
2926 926 3171 990 imitare,
3218 929 3283 980 ad
3318 928 3620 996 sepulcrum

2058 1032 2306 1085 prepera,
2340 1015 2501 1070 simul
2532 1032 2591 1068 ac
2624 1017 2869 1068 certatim
2902 1030 3124 1071 currens
3156 1016 3223 1083 ⁸⁷,
3266 1028 3425 1087 atque
3460 1020 3625 1074 bone-

2058 1124 2138 1165 sta
2175 1110 2520 1163 :emulatione
2569 1109 2916 1163 contendens.
2946 1108 3100 1175 Quod
3141 1112 3184 1163 si
3220 1110 3494 1165 celeritate
3525 1128 3624 1165 an-

2062 1202 2367 1264 tevertaris,
2397 1203 2573 1254 studio
2622 1202 2797 1265 Vince,
2863 1216 2965 1253 non
3014 1202 3268 1258 inclinato
3318 1218 3540 1272 corpore
3569 1204 3620 1257 in

2060 1301 2475 1346 monumentum
2499 1292 2893 1360 intruspiciens,
2920 1292 3011 1345 sed
3038 1293 3087 1344 in
3110 1294 3278 1361 ipsum
3297 1294 3620 1362 ingrediens.

2058 1382 2210 1447 Quod
2235 1382 2302 1446 si,
2332 1380 2552 1434 Tliomae
2586 1383 2775 1445 instar,
2810 1396 2837 1432 τι
2891 1391 3032 1435 coetu
3065 1382 3469 1450 discipulorum,
3501 1383 3623 1451 qui-

2061 1475 2162 1528 bus
2194 1473 2446 1541 apparuit
2479 1473 2751 1540 Christus,
2784 1472 3042 1537 ablueris,
3105 1484 3449 1543 posteaquam
3478 1474 3624 1530 vide~

2061 1569 2136 1621 ris
2158 1567 2227 1631 ⁸⁸,
2260 1581 2324 1620 ne
2359 1567 2434 1620 rei
2480 1566 2634 1619 iidem
2668 1567 2914 1635 abroges.
2971 1567 3121 1632 Quod
3162 1568 3203 1621 si
3240 1569 3290 1621 id
3348 1568 3442 1621 tibi
3472 1567 3623 1621 fidem

2064 1673 2166 1711 non
2196 1657 2346 1723 facit,
2386 1658 2736 1712 narrantibus
2766 1658 2953 1711 saltem
2990 1660 3167 1713 crede.
3202 1660 3258 1713 Si
3298 1675 3362 1714 ne
3392 1659 3474 1714 his
3508 1660 3626 1728 qui-

2062 1750 2203 1815 dem,
2236 1758 2292 1801 at
2339 1758 2487 1803 certe
2515 1748 2791 1801 clarorum
2819 1750 3259 1817 impressionibns
3277 1748 3434 1803 ﬁdem
3465 1749 3621 1801 habe.

2068 1840 2124 1894 Si
2158 1842 2207 1895 in
2239 1840 2507 1895 infernum
2541 1839 2848 1903 descendat,
2883 1839 3044 1893 simul
3082 1840 3364 1893 descende.
3399 1838 3472 1891 Ea
3497 1852 3629 1906 quo-

1995 1933 2036 1987 B
2071 1948 2175 2001 que
2205 1932 2464 2002 mysteria
2496 1944 2781 2001 cognosce,
2814 1945 2934 1998 qua:
2964 1928 3210 1984 Christus
3242 1929 3351 1983 illic
3379 1929 3626 1998 designa-

383 2020 481 2083 vit,
510 2022 652 2089 quod
706 2020 933 2089 duplicis
968 2022 1264 2079 descensus
1298 2026 1581 2080 consilium
1610 2065 1626 2091 ,
1672 2041 1793 2096 qua:
1823 2025 1960 2079 ratio
1999 2024 2205 2078 fuerit:
2254 2030 2432 2077 utrum
2480 2036 2668 2075 omnes
2721 2023 2840 2076 sine
2890 2020 2993 2074 ulla
3026 2022 3345 2091 exceptione
3399 2022 3625 2076 adventu

386 2125 486 2164 suo
520 2112 697 2165 salvos
751 2110 961 2177 fecerit,
1008 2129 1074 2167 an
1115 2115 1226 2169 illic
1272 2131 1485 2185 quoque
1530 2118 1809 2182 duntaxat,
1860 2117 1949 2185 qui
1979 2114 2343 2171 crediderunt.

1986 3117 2027 3171 C

1983 4989 2026 5021 B9

2130 2206 2294 2276 865
2326 2203 2489 2260 XXV.
2522 2205 2573 2259 Si
2606 2206 2655 2258 in
2679 2205 2844 2260 cmlos
2881 2206 3156 2267 ascendat,
3176 2206 3332 2259 simul
3365 2207 3624 2260 ascende:

2061 2298 2447 2352 comitantibus
2486 2297 2567 2350 vol
2605 2298 2999 2366 excipientibus
3036 2297 3238 2365 angelis
3290 2309 3341 2353 te
3377 2297 3625 2367 adjunge.

2061 2391 2255 2456 Portis,
2305 2399 2361 2445 ut
2420 2390 2737 2445 attolluntur
2764 2391 2810 2421 ⁸⁹
2851 2405 2913 2443 ac
2953 2390 3295 2444 sublimiores
3335 2390 3497 2454 ﬁant,
3524 2390 3626 2443 im»-

2060 2497 2211 2551 ρει-ιι,
2241 2497 2396 2552 quoa
2432 2482 2676 2551 passione
2700 2483 3064 2537 sublimiorem
3099 2482 3333 2551 capiant.
3373 2480 3495 2547 llis,
3537 2482 3626 2550 qui

2060 2582 2277 2640 propter
2309 2587 2504 2642 corpus
2535 2582 2587 2626 et
2616 2571 2889 2625 Passionis
2919 2571 3068 2640 signa
3089 2610 3104 2634 ,
3138 2586 3254 2640 qute
3288 2572 3338 2624 in
3366 2573 3625 2625 descensu

2058 2679 2163 2717 non
2199 2664 2358 2718 allata
2386 2706 2401 2731 ,
2437 2678 2618 2719 secum
2648 2664 2948 2718 ascendens
2980 2664 3131 2726 tulit,
3183 2674 3359 2718 mente
3389 2664 3544 2718 dubia
3577 2674 3629 2717 et

2057 2755 2280 2822 ancipiti
2332 2766 2487 2819 sunt,
2521 2767 2681 2824 atque
2736 2756 2854 2809 ideo
2903 2764 3360 2825 percunctantur:
3395 2754 3523 2819 Qui:
3553 2768 3624 2809 eu

2058 2847 2155 2899 iste
2197 2845 2309 2899 Rex
2338 2846 2564 2916 gloriw?
2610 2848 2872 2915 responde
2920 2864 2932 2900 ε
2967 2845 3220 2898 Dominus
3265 2847 3413 2911 {artis
3451 2858 3493 2898 ct
3536 2864 3626 2914 po-

2054 2947 2164 2990 lem
2191 2939 2257 3001 9°,
2295 2949 2404 2991 tum
2442 2940 2492 2991 in
2540 2939 2603 2992 iis
2641 2938 2924 3000 omnibus,
2969 2950 3086 3004 quae
3132 2951 3344 3004 semper
3379 2937 3540 2999 fecit,
3575 2946 3627 2989 et

2062 3028 2206 3093 facit,
2250 3039 2359 3082 tum
2420 3031 2470 3083 in
2512 3031 2763 3097 prarscnti
2821 3031 2958 3085 bello
3008 3046 3069 3085 ac
3114 3041 3339 3100 tropmo,
3396 3046 3487 3093 pro
3531 3030 3628 3083 liu-

2065 3138 2216 3176 tnana
2253 3135 2446 3176 natura
2489 3136 2707 3189 erecto;
2752 3139 2812 3176 ac
2854 3123 3053 3192 duplici
3098 3124 3499 3192 interrogationi
3546 3138 3627 3176 re-

2063 3231 2319 3284 sponsum
2360 3215 2555 3286 duplex
2594 3216 2844 3285 repende.
2885 3216 3035 3282 Quod
3071 3217 3136 3279 si,
3169 3218 3459 3271 secundum
3503 3217 3628 3290 dra-

2060 3305 2308 3391 tiiatigzitrr
2335 3305 2475 3360 illam
2508 3308 2645 3375 apud
2682 3308 2871 3362 Isaiam
2915 3323 3266 3377 personarum
3297 3309 3625 3377 loquentium

2062 3398 2447 3463 inlnctionem,
2480 3398 2838 3453 admiratione
2866 3400 3048 3465 deﬁxi,
3081 3401 3311 3454 dixerint
3349 3415 3362 3452 :
3394 3400 3522 3465 Quis
3554 3413 3625 3455 est

2059 3495 2174 3555 iste.
2204 3495 2292 3564 qui
2317 3495 2379 3548 de
2427 3494 2617 3556 Edam.
2656 3496 2922 3565 rebusque
2965 3498 3192 3549 terrenis
3228 3497 3358 3551 venit
3386 3497 3465 3549 “2
3502 3508 3627 3560 aut,

2060 3584 2339 3649 Quomodo
2371 3585 2527 3639 rubra
2558 3596 2681 3640 sunt
2710 3588 2849 3656 ejus,
2888 3588 2976 3654 qui
3019 3589 3299 3655 sanguinis
3333 3603 3394 3640 ac
3431 3604 3625 3654 corpu.

2063 3677 2136 3729 ris
2164 3692 2358 3746 expers
2385 3686 2486 3743 est,
2528 3677 2843 3732 vestimenta
2874 3720 2887 3743 ,
2935 3694 3036 3731 non
3077 3692 3231 3731 srcus
3263 3693 3323 3731 ac
3358 3677 3625 3737 vinitoris.

2058 3769 2149 3837 qui
2206 3769 2445 3823 torcular
2505 3768 2719 3837 plenum
2783 3770 3112 3823 calcaverit?
3179 3771 3328 3825 stolae
3389 3772 3628 3837 corporis

2059 3862 2202 3929 passi
2253 3861 2705 3931 pulchritudinem
2749 3875 2812 3915 ex
2851 3862 3076 3916 adverso
3111 3861 3308 3931 profer,
3352 3864 3490 3932 quod
3533 3876 3628 3930 per

2060 3951 2376 4007 Passienem
2410 3960 2730 4006 exornatum
2755 3959 2859 4013 est,
2884 3965 2945 4005 ac
2974 3966 3069 4020 per
3094 3952 3377 4015 Deitatem,
3403 3967 3507 4019 qua
3534 3958 3629 4005 n'ce

2059 4043 2341 4098 amabilius
2364 4042 2799 4114 quidquam,-nec
2824 4044 3101 4115 pulchrius
3121 4085 3135 4109 ,
3163 4045 3519 4113 exsplenduit.

2133 4132 2316 4187 XXVI.
2353 4134 2490 4200 Quid
2544 4135 2610 4188 ad
2662 4134 2774 4188 haec
2819 4134 2975 4189 nobis
3028 4136 3371 4206 sycophantae
3418 4137 3624 4197 dicunt,

2060 4230 2274 4297 acerbi,
2306 4230 2557 4296 inquam,
2590 4228 2674 4281 isti
2706 4226 3017 4281 Divinitatis
3052 4242 3411 4297 expensores,
3446 4243 3623 4281 rerum

2060 4321 2405 4375 honestarum
2441 4327 2493 4374 et
2525 4317 2871 4371 laudabilium
2905 4320 3341 4386 reprehensores.
3373 4320 3517 4373 circa
3547 4320 3625 4372 ln-

2061 4427 2176 4467 cem
2207 4412 2509 4474 tenebrosi,
2541 4411 2681 4464 circa
2713 4409 3034 4477 sapientiam
3079 4410 3349 4477 imperiti,
3384 4425 3480 4477 pro
3510 4412 3626 4478 qui-

2066 4504 2163 4557 bus
2193 4502 2441 4557 Christus
2462 4501 2629 4570 gratis
2669 4511 2909 4556 mortuus
2945 4511 3049 4563 est,
3099 4503 3320 4569 ingrata:
3346 4511 3623 4566 creatum,

2061 4593 2210 4663 pravi
2252 4592 2397 4647 illius
2434 4593 2719 4660 ﬁgmenta?
2758 4590 2971 4648 Siccine
3012 4592 3119 4646 Deo
3161 4594 3476 4648 beneﬁcium
3523 4594 3625 4647 cri‘

2064 4686 2190 4739 mini
2230 4684 2432 4738 vertis?
2477 4684 2622 4737 Eone
2669 4699 2866 4752 parvus
2892 4696 3004 4749 est,
3036 4686 3162 4755 quia
3206 4696 3424 4755 propter
3452 4695 3501 4740 te
3532 4686 3628 4739 litt-

2066 4778 2226 4839 milis,
2251 4776 2375 4845 quia
2412 4775 2478 4830 ad
2510 4790 2662 4830 ovem
2695 4784 2963 4829 errantem
2992 4777 3161 4831 bonus
3197 4778 3284 4831 ille
3322 4777 3508 4831 Pastor
3537 4793 3627 4833 ve-

2067 4869 2175 4932 nit,
2201 4869 2432 4921 animam
2460 4881 2612 4922 suam
2645 4881 2740 4935 pro
2764 4866 2954 4921 ovibus
2986 4883 3191 4936 ponens
3217 4870 3283 4933 9’,
3321 4870 3386 4923 ad
3423 4880 3628 4945 tuentes

2060 4988 2198 5044 Psal.
2234 5005 2385 5053 xxiii,
2415 4988 2467 5047 7.
2500 4988 2551 5042 9.
2672 4988 2718 5019 π
2756 4987 2883 5043 ibid.
2916 4988 2969 5042 8.
3070 4989 3112 5020 ⁹¹
3143 4988 3241 5043 lsa.
3270 5005 3420 5055 ant,
3456 4991 3471 5044 l
3507 5005 3623 5061 sqq.

2138 5174 2248 5244 (35)
2278 5176 2775 5247 Δραματουργίαν.
2821 5175 3110 5247 Gregorius
3130 5179 3218 5232 hic
3248 5192 3350 5232 non
3383 5177 3625 5247 intelligit

2057 5245 2243 5299 falsam
2276 5246 2738 5313 compositionem,
2775 5245 2961 5314 quales
3015 5260 3138 5303 sunt
3189 5259 3342 5303 actus
3399 5245 3620 5301 fabulosi

2010 5366 2015 5371 .
2056 5316 2250 5384 quibus
2278 5316 2570 5386 dramatico
2619 5327 2861 5383 poemata
2886 5320 3245 5373 coniiciuntur
3286 5337 3298 5371 :
3328 5321 3418 5372 sed
3452 5333 3622 5386 genus

2057 5385 2325 5441 scribendi
2358 5385 2427 5437 ita
2460 5386 2784 5449 institutum,
2825 5396 2880 5439 ut
2916 5403 3170 5456 personas
3217 5385 3496 5456 loquentes
3522 5390 3616 5441 ha-

2058 5460 2197 5517 beat,
2241 5456 2685 5523 quemadmodum
2717 5458 2767 5510 in
2793 5458 2940 5511 lsaiw
2964 5461 3137 5511 verbis
3169 5459 3448 5511 habentur.

2128 5528 2239 5596 (56)
2281 5526 2434 5592 Πρὸς
2469 5526 2653 5579 ταῦτα
2684 5529 2738 5579 τί
2784 5544 2972 5597 φασιν
3020 5528 3161 5597 ἡμῖν
3207 5530 3260 5580 ol
3309 5526 3619 5596 συκοφάν-

2057 5616 2168 5661 ται,
2197 5608 2299 5651 etc.
2329 5597 2449 5651 "€130
2480 5608 2531 5650 et
2569 5604 2845 5665 sequentia
2899 5600 3152 5666 usquead
3188 5599 3343 5650 linem
3382 5598 3491 5652 l'cre
3521 5616 3618 5651 nu-

2058 5669 2188 5722 meri
2212 5667 2302 5791 219i
2328 5670 2490 5791 verbio
2511 5671 2575 5721 ad
2602 5672 2817 5726 verbum
2845 5679 3151 5724 mutuantur
3174 5685 3235 5721 ex
3265 5669 3355 5724 0r.
3387 5683 3614 5735 xxxviii,

2058 5755 2201 5791 niun.
2344 5749 2396 5791 ct
2476 5740 2525 5791 5.

2057 5755 2201 5793 num.
2240 5740 2302 5793 11
2344 5749 2396 5795 ct
2445 5740 2525 5793 15.
