4100 6276
442 292 549 347 659

1688 290 1744 344 S.
1788 287 2119 347 ειιιξαοῐιιι
2161 285 2504 342 THEOLOGI

3596 292 3698 347 660

440 416 497 462 et
530 404 692 460 colles
715 447 728 471 ,
765 406 816 458 in
852 406 1044 474 quibus
1074 407 1419 462 sacrificulus
1437 409 1504 473 9³,
1538 419 1592 462 et
1616 422 1889 465 errantem
1927 411 2009 463 iu-

2133 406 2414 469 ιθυσίαζες,
2445 408 2537 458 και
2572 405 2918 475 πλανώμενον
2955 407 3101 480 εὗρε,
3135 410 3227 462 καὶ
3284 408 3455 480 εὑρὼν
3482 409 3697 464 ἐπὶτῶν

443 502 615 563 venit,
640 510 693 552 et
729 499 1022 563 inventam,
1060 498 1247 552 iisdem
1286 499 1544 561 humeris,
1581 503 1777 571 quibus
1806 512 1859 556 et
1895 518 1988 556 cru

445 592 525 644 cis
559 592 780 659 lignum,
805 590 1047 653 sustulit,
1079 597 1133 643 et
1168 601 1482 658 acceptam,
1517 594 1581 645 ad
1621 608 1904 662 supernam
1936 595 2015 645 vi-

448 694 556 734 tam
598 680 839 744 reduxit,
884 694 1057 748 eoqne
1097 681 1411 736 subvectam
1460 686 1646 738 eodem
1688 700 1909 740 numero
1938 694 2017 737 at-

450 787 556 841 que
577 772 767 827 ordine
793 772 1099 836 collocavit,
1131 790 1238 841 quo
1264 789 1377 837 eas,
1410 790 1528 843 quae
1547 776 1768 830 minime
1795 778 2019 830 aberra-

448 864 615 918 runt?
666 864 798 930 Quia
856 864 1170 931 lucernam,
1230 864 1506 928 hoc‘est,
1567 880 1783 921 carnem
1843 882 2016 931 suam,

450 957 732 1021 accendit;
783 966 837 1012 et
878 958 1092 1012 domum
1140 959 1337 1012 everrit
1374 959 1442 1023 9‘,
1476 960 1730 1012 mundum
1763 960 2017 1014 scilicela

450 1057 672 1116 peccato
730 1062 1021 1119 repurgans
1042 1087 1058 1113 ,
1089 1057 1140 1103 et
1171 1050 1505 1113 drachmam,
1542 1050 1740 1119 regiam
1778 1050 2022 1106 videlicet

450 1137 739 1210 imaginem
775 1139 932 1194 fmdis
956 1138 1233 1194 affectibus
1269 1142 1538 1205 obrutam,
1574 1143 1914 1211 conquisivit,
1940 1153 2022 1197 at-

448 1247 556 1302 que
606 1233 810 1288 amicas
855 1234 955 1289 sibi
1012 1234 1237 1289 virtutes
1267 1236 1337 1289 ob
1384 1244 1654 1304 repertam
1705 1235 2021 1289 drachmam

451 1330 737 1386 convocat,
768 1322 1071 1391 lmtitizeque
1098 1323 1391 1391 participes
1420 1323 1567 1390 facit,
1604 1339 1739 1394 quas
1765 1323 2021 1379 Incarnao

452 1412 615 1466 tionis
655 1426 871 1482 quoque
915 1413 1162 1467 conscias
1217 1412 1505 1468 elieccrat?
1555 1414 1687 1480 Quia
1745 1414 2018 1469 lucernam

452 1504 706 1577 prmviam
738 1505 828 1558 lux
858 1503 943 1557 illa
978 1502 1276 1558 clarissima
1302 1506 1565 1573 sequitur,
1595 1514 1646 1559 et
1678 1520 1861 1559 voi‘em
1888 1505 2018 1558 Ver-

452 1594 577 1650 bum
602 1635 616 1655 .
659 1605 716 1650 et
749 1595 1054 1666 pronnbum
1091 1611 1348 1663 sponsus,
1382 1597 1603 1649 Domino
1633 1597 1883 1665 populum
1909 1599 2022 1650 exi-

454 1686 619 1741 mium
652 1698 1085 1757 comparantem,
1110 1698 1273 1756 atque
1300 1689 1365 1740 ad
1409 1687 1665 1757 Spiritum
1704 1704 1796 1757 per
1827 1704 2020 1756 aquam

2121 496 2285 567 ῶμων
2324 496 2600 561 ἀνέλαϐεν,
2650 498 2734 566 ἐφ’
2793 491 2868 551 ὧν
2932 500 3025 553 xui
3061 500 3122 553 τὸ
3178 501 3351 565 ξύλον,
3405 502 3499 554 καὶ
3522 500 3698 555 λαϐὼν

2120 592 2465 659 ἐπανήγαγεν
2499 590 2592 643 ἐπὶ
2640 590 2739 661 τὴν
2779 591 2890 644 ἄνω
2913 591 3078 661 ζωὴν,
3133 592 3229 644 xui.
3256 591 3545 660 ἀναγαγὼν
3590 594 3699 655 τοῖς

2124 684 2342 757 μένουσι
2366 683 2805 754 συνηρίθμησεν;
2846 685 2927 737 δτι
2975 684 3164 755 λύχνον
3209 682 3335 755 ἧψε,
3380 685 3476 757 τὴν
3507 687 3698 739 ἑαυτοῦ

2123 781 2323 850 σάρκα,
2359 778 2453 830 xui.
2489 776 2587 847 τὴν
2619 777 2796 831 οίκίαν
2827 778 3093 848 ὲσάρωσε,
3146 779 3247 848 τῆς
3294 778 3565 849 ἁμαρτίας
3611 777 3701 830 τὸν

2121 881 2323 941 κόσμον
2364 868 2772 938 ἀποκαθαίρων,
2805 869 2898 921 καὶ
2929 868 3029 939 τὴν
3056 864 3306 938 δραχμὴν
3322 866 3573 937 ἐζήτησε,
3601 867 3700 937 τὴν

2124 959 2406 1031 βασιλικὴν
2454 960 2635 1012 εἰκόνα
2691 957 3145 1028 συγκεχωσμένην
3187 960 3301 1020 τοῖς
3334 957 3548 1020 πάθεσι,
3606 959 3702 1010 καὶ

2124 1054 2379 1122 συγκαλεί
2403 1053 2503 1117 τὰς
2531 1052 2689 1119 φίλας
2732 1050 2881 1121 αὐτῷ
2934 1051 3191 1120 δυνάμεις
3225 1051 3315 1103 ἐπὶ
3345 1053 3410 1121 τῇ
3445 1051 3541 1121 τῆς
3571 1048 3705 1121 δρα-

2123 1145 2267 1214 χμῆς
2312 1145 2546 1215 εὑρέσει,
2590 1142 2995 1217 καὶήκοινωνοὺς
3044 1144 3274 1195 ποιεῖται
3311 1141 3701 1212 τῆςθῑύφροσύ⁴

2123 1254 2241 1307 νης,
2278 1236 2341 1299 ἃς
2373 1239 2467 1291 καὶ
2505 1238 2602 1307 τῆς
2632 1235 2942 1305 οἰκονομίας
2978 1233 3234 1305 μύστιδας
3274 1232 3565 1304 πεποίητο;
3616 1233 3702 1289 ὅτι

2121 1327 2199 1397 τῷ
2225 1327 2513 1398 προδρόμῳ
2542 1327 2721 1397 λύχνῳ
2759 1326 2871 1396 (5⁵⁷)
2901 1324 2962 1377 τὸ
2992 1323 3107 1393 φῶς
3136 1322 3418 1377 ἀκολουθεῖ
3443 1323 3503 1376 τὸ
3533 1323 3705 1394 ὑπέρο

2122 1419 2390 1489 λαμπρόν,
2425 1420 2519 1471 xui.
2556 1423 2619 1489 τῇ
2656 1420 2804 1489 φωνῇ
2829 1420 2857 1470 ὁ
2893 1416 3086 1484 Λόγος,
3121 1416 3214 1470 xui.
3240 1414 3318 1485 τῷ
3348 1414 3705 1486 νυμφαγωγῷ

2123 1514 2150 1563 ὁ
2187 1511 2435 1580 νυμφίος,
2469 1508 2927 1573 κατασκευάζοντι
2968 1507 3154 1579 Κυρίῳ
3190 1506 3318 1562 λαὸν
3369 1506 3703 1575 περιούσιον,

2125 1602 2217 1654 xui.
2242 1602 2663 1673 προκαθαίροντι
2718 1602 2810 1654 ἐπὶ
2861 1602 2923 1653 τὸ
2974 1599 3196 1669 Πνεῦμα
3223 1599 3312 1653 διὰ
3354 1598 3446 1652 τοῦ
3478 1599 3702 1665 ῦδατοςς

2125 1692 2311 1746 Ταῦτα
2343 1693 2595 1762 ἐγκαλεῖς
2624 1692 2702 1763 τῷ
2729 1689 2848 1762 Θεῷ
2900 1692 3049 1762 (58);
3087 1691 3175 1744 διὰ
3213 1691 3321 1761 (59)
3345 1690 3517 1744 ταῦτα
3567 1692 3706 1743 ὐπο-

453 1783 923 1851 prazpurgantem?
964 1782 1209 1838 llaeccine
1244 1782 1411 1853 866
1440 1782 1547 1835 Deo
1583 1781 1808 1852 objicis?
1845 1790 1899 1835 et
1940 1782 2018 1834 id-

2133 1785 2422 1855 λαμδάνεις
2453 1786 2693 1856 χείρονα,
2724 1786 2805 1837 ὃτι
2858 1784 3047 1855 λεντίῳ
3095 1782 3470 1847 διαζώννυται,
3494 1783 3587 1835 xui.
3625 1781 3709 1835 νί-

453 1873 602 1928 circo
637 1873 944 1931 inferiorem
977 1890 1098 1930 eum
1135 1890 1252 1930 esse
1290 1890 1510 1937 censes,
1537 1876 1659 1943 quia
1695 1875 1858 1929 linteo
1886 1890 2023 1942 prae-

452 1964 707 2033 cingitur,
747 1981 811 2021 ac
842 1966 1226 2035 discipulorum
1259 1967 1421 2037 pedes
1440 1966 1691 2033 abluit”,
1729 1967 2019 2037 optimam—

453 2072 558 2125 que
595 2058 940 2114 eultationis
976 2060 1117 2114 viam
1163 2061 1429 2126 ostendit,
1469 2060 1720 2114 nimirum
1750 2061 2023 2115 humilita-

456 2150 605 2204 tem?
644 2151 781 2217 Quia
810 2162 1029 2221 propter
1058 2151 1367 2206 inclinatam
1400 2151 1453 2205 in
1480 2160 1679 2206 terram
1700 2154 1934 2206 animam
1966 2167 2023 2206 se

453 2240 668 2311 dejicit,
706 2252 763 2297 ut
794 2244 1001 2312 peccati
1033 2242 1173 2298 mole
1215 2242 1464 2297 deorsum
1500 2253 1808 2312 vergentem
1842 2258 2023 2298 secum

456 2336 704 2391 attollat?
758 2338 1001 2403 Quonam
1057 2343 1235 2390 autem
1286 2345 1444 2404 pacto
1493 2335 1622 2390 illud
1657 2351 1873 2406 quoque
1921 2351 2023 2391 non

456 2427 843 2495 reprehendis.
879 2427 1021 2495 quod
1055 2442 1174 2482 cum
1219 2426 1551 2497 publicanis,
1590 2437 1644 2482 et
1686 2428 1824 2497 apud
1853 2427 2027 2497 publi-

455 2532 623 2573 canos
656 2518 926 2581 comedit,
957 2526 1012 2572 et
1041 2519 1359 2587 publicanos
1405 2519 1696 2589 discipulos
1734 2519 1893 2573 eilicit
1917 2561 1931 2582 ,
1971 2529 2028 2573 ut

456 2610 571 2677 ipse
605 2624 821 2679 quoque
859 2609 1064 2678 aliquid
1099 2610 1339 2664 lucretur
1364 2611 1387 2663 ?
1415 2610 1554 2676 Quid
1590 2611 1853 2667 tandem?
1894 2610 2028 2665 Pec-

453 2711 701 2756 catorum
741 2700 988 2756 salutem.
1026 2700 1143 2756 Nisi
1184 2703 1304 2771 quis
1347 2702 1486 2758 forte
1513 2718 1578 2758 co
1619 2704 1833 2758 nomine
1871 2705 2030 2758 medi-

456 2806 581 2845 cum
630 2803 868 2855 accuset,
906 2794 1052 2861 quod
1102 2794 1166 2848 ad
1212 2796 1455 2864 corporis
1494 2796 1712 2851 morbos
1745 2810 1805 2851 se
1832 2796 2027 2851 deinit-

460 2893 556 2951 tat,
587 2882 923 2953 fetoremque
956 2884 1225 2953 perferat,
1265 2896 1322 2939 ιιι
1359 2888 1643 2942 sanitatem
1670 2889 1885 2959 :egrotis
1919 2887 2027 2942 lar-

2122 1894 2242 1930 πτει
2274 1878 2401 1939 τοὺς
2431 1877 2593 1939 πόδας
2618 1876 2725 1929 τῶν
2752 1875 3025 1947 μαθητῶν,
3054 1876 3146 1928 xui.
3174 1874 3439 1927 δείκνυσιν
3473 1873 3735 1945 ἀρίστην’

2123 1969 2238 2023 ὁδὸν
2270 1967 2547 2037 ὑψώσεως,
2577 1969 2675 2040 τὴν
2713 1968 3069 2033 ταπείνωσιν;
3119 1968 3197 2020 ὅτι
3236 1966 3324 2020 διά
3361 1967 3459 2037 τὴν
3502 1967 3711 2035 συγκύο

2126 2079 2364 2115 πτουσαν
2394 2062 2503 2131 (40)
2522 2062 2697 2131 χαμαὶ
2729 2061 2905 2132 ψυχὴν
2931 2059 3297 2123 ταπεινοῦται,
3340 2059 3427 2113 ἵνα
3454 2060 3545 2112 xui
3580 2076 3711 2113 συν-

2125 2152 2314 2226 υψώσῃ
2379 2153 2439 2205 τὸ
2466 2152 2616 2205 κάτω
2664 2152 2817 2206 νεῦον
2866 2152 2971 2205 ὑπὸ
3019 2152 3119 2221 τῆς
3154 2151 3454 2221 ἁμαρτίας;
3501 2151 3712 2203 Ἐκεῖνο

2125 2246 2181 2299 δὲ
2215 2246 2331 2309 πῶς
2363 2246 2423 2298 οὐ
2456 2247 2797 2316 κατηγορεῖς,
2833 2244 2914 2297 ὅτι
2944 2244 3036 2296 xui.
3071 2243 3208 2313 μετά
3244 2241 3486 2295 τελωνῶν
3514 2241 3707 2305 ὲσθίει,

2126 2336 2220 2391 xui.
2243 2337 2393 2409 παρά
2421 2336 2700 2401 τελώναις,
2742 2337 2835 2389 xui.
2882 2334 3175 2406 μαθητεύει
3199 2332 3453 2397 τελώνας,
3491 2334 3579 2387 ἴνα
3611 2334 3712 2387 καὶ

2128 2430 2292 2492 αὑτός
2324 2447 2376 2483 τι
2400 2429 2673 2501 κερδάνῃ;
2728 2427 2792 2480 Τί
2851 2426 3043 2491 τοῦτο;
3080 2426 3189 2495 Τὴν
3210 2424 3318 2477 τῶν
3368 2423 3712 2495 ἁμαρτωλῶν

2131 2520 2421 2591 σωτηρίαν.
2474 2520 2535 2571 Ei
2588 2519 2660 2590 μὴ
2703 2518 2796 2571 καὶ
2839 2517 2928 2570 τὸν
2987 2516 3166 2587 ἰατρὸν
3202 2515 3419 2585 αἰτιῷτο
3466 2531 3572 2578 τις,
3624 2514 3711 2567 δτι

2136 2613 2437 2680 συγκύπτει
2472 2611 2564 2664 ἐπὶ
2601 2612 2666 2663 τὰ
2698 2610 2865 2680 πάθη,
2898 2609 2991 2663 xui.
3023 2608 3283 2668 δυσωδίας
3316 2609 3586 2676 ἀνέχεται,
3619 2606 3710 2660 ἵνα

2128 2704 2201 2775 δῷ
2229 2706 2326 2775 τῆν
2359 2705 2569 2773 ὑγίειαν
2597 2705 2709 2765 τοῖς
2746 2703 3032 2772 κάμνουσιο
3065 2701 3159 2754 xui.
3184 2702 3275 2755 τὸν
3304 2699 3713 2771 ὲπικλινόμενον

2134 2796 2309 2869 βόθρῳ
2361 2796 2448 2849 διὰ
2485 2796 2595 2867 (41)
2635 2795 3064 2866 φιλανθρωπίαν,
3122 2796 3208 2847 ἵνα
3236 2794 3298 2848 τὸ
3349 2793 3711 2865 ὲμπεπτωκδς

2133 2890 2329 2959 κτῆνος
2351 2889 2491 2943 κατὰ
2518 2889 2607 2943 τὸν
2642 2889 2802 2959 νόμον
2834 2886 3199 2958 ἀνασώσηται.

458 2978 863 3047 giatur:atque
900 2994 1021 3033 eum
1049 2990 1240 3044 etiam,
1284 2982 1373 3049 qui
1408 2983 1744 3038 humanitate
1801 2999 1863 3038 ac
1917 2984 2282 3040 misericordia
2345 2995 2659 3055 permotus,
2728 2984 2780 3039 in
2818 2983 3025 3039 foveam
3074 2983 3311 3054 seipsum
3356 2982 3611 3049 inclinat,
3649 2990 3710 3036 ιιι

456 3069 765 3137 prolapsum
804 3068 1129 3137 iumentum,
1165 3072 1617 3139 quemadmodum
1665 3071 1780 3142 lego
1824 3073 2090 3127 sancitum
2123 3082 2206 3128 est
2231 3073 2278 3104 “
2301 3113 2316 3137 ,
2352 3081 2551 3127 servet.

531 3159 741 3219 XXVII.
775 3160 970 3216 Missus
996 3164 1210 3231 quidem
1234 3174 1313 3218 est
1338 3205 1352 3228 ,
1394 3179 1577 3219 verum
1609 3174 1665 3219 ut
1689 3166 1882 3231 homo;
1912 3180 2028 3218 nam

2208 3167 2336 3219 KZ'.
2377 3164 2679 3235 Ἀπεστάλη
2737 3164 2854 3235 μὲν,
2915 3164 3028 3218 ἀλλ’
3055 3164 3130 3228 ὡς
3164 3163 3463 3234 ἅνθρωπος·
3494 3159 3711 3225 διπλοῦς

461 3254 657 3324 duplex
685 3254 740 3309 in
769 3267 834 3308 eo
865 3263 1057 3310 natura
1103 3264 1256 3318 erat;
1294 3256 1592 3323 siquidem,
1632 3258 1787 3327 juxta
1837 3266 2041 3311 natura:

460 3346 664 3416 legem,
694 3355 750 3401 et
781 3346 1035 3416 fatigatus
1062 3357 1163 3412 est,
1197 3357 1251 3403 et
1282 3348 1423 3403 fame
1451 3363 1514 3402 ac
1546 3349 1634 3403 siti
1664 3348 1929 3404 laboravit
1952 3387 1966 3410 ,
1988 3359 2040 3403 et

460 3454 662 3508 angore
713 3437 937 3493 aﬂ'ectus
996 3447 1112 3502 est,
1171 3449 1226 3493 et
1271 3439 1538 3511 lacrymas
1589 3441 1745 3493 fudit.
1800 3439 1950 3506 Quod
1995 3440 2037 3492 si

461 3530 625 3582 etiam
667 3536 725 3581 ut
765 3528 903 3582 Deus
924 3566 940 3588 ,
975 3528 1102 3596 quid
1142 3530 1469 3598 pr0pteiea?
1500 3528 1804 3585 Missionem
1838 3531 1904 3594 ³⁷,
1936 3529 2039 3583 Pa-

466 3620 566 3675 tris
604 3618 1001 3688 beneplacitum
1031 3620 1391 3689 interpretare
1413 3660 1428 3681 ,
1472 3622 1536 3673 ad
1572 3635 1731 3689 quem
1767 3636 1863 3676 sua
1908 3637 2043 3691 quo-

465 3726 573 3781 que
598 3710 803 3776 refert,
836 3720 949 3764 tum
979 3721 1038 3765 ut
1070 3710 1394 3781 principium
1442 3712 1696 3779 temporis
1724 3726 1918 3782 expers
1945 3712 2043 3766 ho-

469 3808 646 3868 noret,
678 3810 791 3855 tum
818 3815 886 3855 ne
919 3800 1026 3861 Deo
1051 3798 1327 3855 adversari
1356 3800 1621 3854 videatur.
1652 3799 1782 3855 Nam
1819 3801 2037 3870 alioqui,

468 3905 529 3952 ιιι
577 3896 811 3951 traditus
865 3878 1031 3950 fuisse
1064 3894 1288 3970 dicitur,
1346 3895 1417 3949 ita
1467 3895 1703 3962 seipsum
1757 3896 2040 3950 tradidisse

468 3989 788 4044 scribitur"
818 4008 831 4045 :
867 3997 1031 4057 atque
1074 3996 1132 4043 ut
1166 4002 1195 4040 a
1236 3988 1392 4043 Patre
1424 3989 1490 4042 ad
1528 3988 1690 4042 vitam
1736 3998 2037 4052 revocatus,

470 4090 526 4135 et
563 4089 849 4149 susceptus
908 4077 1110 4141 fuisse,
1164 4079 1235 4131 ita
1275 4078 1510 4147 seipsum
1545 4092 1761 4148 quoque
1802 4092 1832 4131 a
1872 4088 2043 4133 morte

472 4169 741 4226 excitasse
776 4169 842 4234 ",
888 4182 1185 4237 rursusque
1215 4167 1268 4225 in
1304 4165 1498 4225 coelum
1532 4167 1874 4231 ascendisse,
1909 4182 2043 4236 prae-

473 4261 700 4315 dicatur.
746 4258 840 4315 llla
895 4259 1252 4330 bene-placiti:
1295 4258 1408 4317 haec
1452 4258 1756 4326 potestatis.
1784 4260 1855 4313 At
1894 4267 1948 4312 tu
1981 4272 2040 4311 ea

472 4352 722 4422 quidem,
766 4368 885 4422 quae.
922 4354 1202 4417 minuunt,
1241 4361 1404 4420 atque
1430 4359 1754 4415 extenuant,
1799 4350 2039 4420 profers;

2143 3255 2250 3327 γὰρ
2269 3251 2355 3327 ἦν’
2376 3256 2496 3308 ἐπεὶ
2518 3256 2611 3309 καὶ
2633 3257 2911 3322 ἐκοπίασε,
2941 3256 3034 3309 καὶ
3061 3253 3439 3323 ὲπείνησε,καὶ
3468 3252 3710 3324 ἐδίψησε,

2143 3347 2236 3399 xui.
2265 3347 2557 3416 ἡγωνίασε,
2591 3350 2683 3402 καὶ
2714 3348 2998 3420 ἐδάκρυσε,
3031 3348 3180 3418 νόμῳ
3235 3347 3445 3417 φύσεως
3476 3346 3607 3413 (42).
3648 3342 3712 3397 El

2141 3438 2197 3491 δὲ
2229 3438 2321 3491 καὶ
2348 3438 2421 3501 ὡς
2454 3439 2603 3503 Θεὸς,
2640 3439 2690 3492 τί
2722 3438 2905 3505 τοῦτο;
2941 3438 3049 3509 Τὴν
3093 3438 3335 3492 εὐδοκίαν
3375 3438 3468 3491 τοῦ
3502 3435 3711 3507 Πατρὸς

2142 3531 2444 3601 ἀποστολὴν
2481 3526 2619 3583 εἶναι
2643 3530 2882 3600 νόμισον,
2905 3532 2989 3598 ἐφ’
3018 3530 3075 3583 ὃν
3109 3529 3371 3601 ἀναφέρει
3402 3528 3471 3581 τά
3494 3527 3709 3589 ἑαυτοῦ,

2145 3622 2239 3675 xui.
2259 3622 2334 3686 ὡς
2357 3621 2529 3693 ἀρχὴν
2554 3621 2729 3691 τιμῶν
2752 3621 2996 3693 ἄχρονον,
3031 3622 3125 3675 xui.
3147 3621 3238 3674 τοῦ
3275 3621 3348 3691 μὴ
3374 3620 3548 3673 δοκεῖν
3574 3615 3712 3671 εἶναι

2143 3712 2404 3775 ἀντίθεος.
2448 3711 2600 3765 Ἐπεὶ
2635 3712 2726 3765 xui.
2754 3709 3149 3782 παραδεδόσθαι
3185 3710 3419 3779 λέγεται,
3452 3708 3586 3762 ἀλλά
3619 3710 3713 3762 xui.

2144 3802 2333 3855 ἑαυτὸν
2368 3802 2477 3873 (45)
2530 3801 2966 3873 παραδεδωκέναι
2994 3800 3319 3873 γέγραπται·
3355 3800 3448 3853 καὶ
3479 3798 3712 3870 ἐγηγέρ-

2116 3895 2236 3955 ,θαι
2272 3894 2422 3966 παρὰ
2443 3893 2534 3947 τοῦ
2562 3894 2774 3965 Πατρὸς
2814 3894 2905 3947 xui.
2937 3892 3275 3963 ἀνειλῆφθαι,
3298 3891 3432 3946 ἀλλά
3469 3892 3561 3945 xui.
3590 3893 3715 3943 ἐαυ-

2146 3989 2235 4043 τὸν
2257 3989 2367 4059 (44)
2396 3989 2771 4052 ἀνεστακέναι,
2795 3989 2890 4041 xui.
2914 3987 3293 4059 ἀνεληλυθέναι
3325 3985 3502 4038 πάλινο
3535 3985 3714 4037 ἐκεῖνα

2144 4082 2241 4151 τῆς
2276 4080 2541 4143 εὐδοκίας,
2590 4079 2763 4134 ταῦτα
2810 4080 2907 4151 τῆς
2958 4078 3224 4145 ἐξουσίας.
3276 4078 3347 4129 Σὺ
3385 4077 3440 4129 δὲ
3494 4076 3562 4128 τὰ
3616 4074 3713 4144 μὲν

2146 4171 2466 4226 ἐλαττοῦντα
2493 4170 2690 4239 λέγεις,
2721 4171 2787 4224 τὰ
2821 4168 3055 4239 ύψοῦντα
3101 4169 3156 4221 δὲ
3211 4167 3589 4238 παρατρέχεις·
3621 4166 3714 4218 xui.

2144 4264 2225 4316 ὅτι
2258 4262 2356 4332 μὲν
2379 4261 2567 4327 ἔπαθε,
2585 4261 2792 4332 λογίζῃο
2816 4262 2895 4314 ὅτι
2916 4260 2971 4312 δὲ
2992 4259 3151 4322 ἑκὼν,
3179 4258 3241 4312 οὐ
3267 4256 3560 4328 προστίθης
3576 4254 3709 4321 (45).

2145 4350 2246 4408 υἷα
2278 4355 2474 4425 πάσχει
2497 4356 2590 4408 καὶ
2615 4352 2709 4407 νῦν
2741 4355 2769 4405 ὁ
2801 4351 3003 4420 Λόγοςῐ
3050 4350 3186 4404 Ὑπὸ
3207 4351 3305 4420 μὲν
3333 4348 3440 4402 τῶν
3481 4347 3556 4409 ῶς
3582 4346 3711 4408 Θεὸς

475 4460 594 4514 qua:
635 4453 814 4500 autem
872 4442 1135 4508 ell‘erunt,
1183 4444 1424 4513 praeteris
1469 4460 1484 4499 :
1526 4451 1688 4511 atque
1731 4442 1783 4497 id
1827 4442 2028 4512 quiden‘

2142 4446 2367 4515 τιμᾶται
2398 4444 2491 4498 καὶ
2522 4444 2897 4511 συναλείφεται
2932 4441 3063 4513 (46)
3096 4440 3199 4493 ὑπὸ
3228 4439 3285 4492 ὅτε
3318 4438 3426 4491 τῶν
3472 4438 3547 4502 ῶς
3576 4436 3710 4506 σάρξ

473 4512 754 4607 expendis,
785 4536 927 4606 quod
963 4552 1153 4606 passus
1185 4512 1282 4601 sit;
1309 4536 1450 4605 quod
1472 4544 1651 4589 autem
1677 4542 1901 4604 sponte,
1935 4549 2028 4590 nor

2146 4512 2469 4607 ἀτιμάζεται
2496 4535 2589 4588 καὶ
2613 4533 2897 4606 χωρίζεται
2922 4512 3055 4603 (47).
3086 4532 3236 4586 Τίσιν
3260 4530 3484 4602 ὁργισθῇ
3522 4529 3713 4593 πλέον;

547 4715 592 4746 ⁹³
626 4713 748 4769 Ose.
793 4728 865 4781 iv,
897 4713 980 4767 15.
1058 4713 1104 4745 ’⁸
1140 4711 1267 4777 Luc.
1302 4727 1389 4777 xv,
1427 4711 1480 4766 8.

476 4788 521 4819 ⁹⁹
555 4784 746 4853 Ephes.
776 4798 847 4848 tv,
878 4784 911 4835 8
938 4798 1057 4852 sqq.

552 4917 664 4988 (57)
698 4914 1016 4988 Προδρόμῳ
1045 4913 1271 4988 ,έύχιςῳι
1296 4930 1348 4988 λι
1375 4909 1671 4964 Lucernam
1724 4913 1997 4980 prmviam,
2024 4931 2041 4963 ι

479 4989 531 5046 id
557 4980 670 5049 est,
707 5003 724 5034 ι
745 4980 1009 5037 Joannem
1054 4980 1262 5036 Domini
1296 4980 1708 5034 Prmcursorem.
1743 4999 1760 5030 ι

575 5056 666 5127 58)
707 5052 791 5127 Τῷ
826 5052 967 5127 ᾷεῷ.
998 5049 1254 5127 θεοθιτῷ
1290 5050 1802 5127 in‘pluribu’s‘codd.

572 5118 664 5197 39)
691 5118 813 5197 Διά.
852 5118 1241 5197 lunonnullis,
1291 5121 1383 5173 xui.
1430 5119 1537 5173 διά.
1574 5118 1819 5197 Sic__|_egit
1845 5118 2046 5197 Dillius.

552 5188 667 5267 (40)
707 5193 811 5267 Διά
824 5193 954 5267 τὴν
975 5193 1481 5267 ςυγνιύ-πτουσαιζ,
1514 5200 1617 5245 etc.
1651 5188 1886 5267 llic__per
1923 5192 2050 5243 alle-

483 5258 693 5336 goriam
725 5258 928 5320 indicat
965 5258 1277 5336 Gregorius,
1312 5280 1330 5313 ι
1356 5262 1639 5336 mulierem
1672 5258 2044 5336 inclinatam,»

486 5330 582 5392 nec
607 5344 768 5405 caput
814 5335 1026 5403 erigere
1052 5330 1345 5397 valentem,
1372 5331 1440 5385 de
1478 5347 1581 5401 qtta
1619 5330 1791 5385 Lucas
1820 5346 1930 5393 xiv,
1968 5333 2052 5405 ll,

1574 4713 1617 4743 ⁸⁸
1651 4710 1804 4773 Joan.
1841 4726 1959 4777 xui,
1991 4710 2024 4765 ι

2133 4726 2170 4780 ι.
2248 4712 2292 4744 ³⁸
2317 4712 2468 4767 Deut.
2502 4725 2634 4774 χχιι,
2664 4710 2716 4763 ό.
2792 4711 2835 4741 ⁸⁷
2875 4707 3047 4763 Galat.
3088 4721 3161 4774 tv,
3195 4705 3246 4760 4.
3323 4704 3367 4737 ’⁸
3396 4706 3513 4758 Act.
3546 4718 3599 4766 x,
3636 4702 3717 4758 Η.

2159 4928 2209 4975 x,
2253 4911 2338 4975 18,
2381 4929 2398 4960 ι
2427 4908 2595 4964 Nemo
2635 4908 2770 4963 tollit
2824 4922 2940 4961 eam
2978 4903 3258 4976 (animam)
3312 4918 3341 4955 a
3396 4901 3631 4976 meipso,
3669 4911 3722 4957 et

2157 4973 2476 5049 potestatem
2513 4980 2681 5035 habeo
2708 4979 2933 5047 ponendi
2965 4973 3106 5039 eam,
3138 4985 3190 5026 et
3207 4981 3527 5043 potestatem
3554 4973 3723 5027 habeo

2160 5058 2348 5105 Herum
2374 5051 2614 5105 sumendi
2647 5064 2785 5103 eam.
2819 5067 2837 5099 ι

2226 5121 2337 5189 (44)
2384 5121 2654 5174 Ἐαυτόν.
2722 5117 2812 5173 Sic
2867 5118 3047 5180 plures
3090 5117 3277 5188 [ἱρείη
3319 5114 3498 5184 plures
3548 5111 3720 5176 Colb.,

2156 5203 2258 5246 etc.
2288 5194 2340 5244 In
2376 5195 2485 5252 ed.,
2516 5190 2697 5243 αὐτόν.

2230 5262 2319 5331 (45
2370 5262 2722 5329 Προστίθης.
2756 5259 2887 5327 Reg.
2922 5260 3031 5322 bm,
3060 5254 3387 5328 προστιθεῖς.

2231 5263 2340 5400 (“Si
2378 5333 2824 5399 Συναλείφεται.
2861 5326 3380 5400 «Λϐοιιίιιιιιιίιιιεμιιι

2231 5329 2340 5399 (46)
2378 5333 2824 5399 Συναλείφεται.
2861 5347 2879 5378 ι
2905 5329 3380 5399 Conl‘umlim_r,__in
3406 5335 3727 5399 utrumncou-

485 5392 792 5477 significare
827 5424 845 5455 ι
871 5392 1512 5477 Ιιῖιιιιοιιειιιιῌιιιιιυὲαιιιῄ
1552 5417 1681 5477 qua:
1714 5414 1822 5468 prae
1850 5392 2055 5470 peucati
2162 5392 2427 5477 trahitur;
2462 5420 2479 5451 ›
2507 5392 2726 5477 ⁸ιιοιιῖμιι
2757 5417 2785 5453 a
2814 5398 3066 5477 Sabellio,
3101 5400 3188 5477 qui
3219 5394 3436 5455 Filium,
3474 5402 3528 5443 ut
3557 5392 3723 5477 Deum

485 5473 748 5547 gravitate
775 5477 1033 5547 deorsum
1055 5474 1313 5547 tenditac
1340 5473 1675 5547 deprimitur.

557 5548 669 5615 (Μ)
697 5544 820 5599 Διά.
856 5545 987 5614 Reg.
1020 5545 1109 5615 but
1144 5544 1313 5615 addi},
1340 5544 1459 5614 τήν.

558 5612 672 5689 (ιὲ)
700 5612 963 5681 Φύσεωςῖ
1016 5612 1199 5689 Plures
1258 5612 1448 5685 Regg.,
1480 5628 1667 5669 novem
1700 5612 1875 5676 Colb.,
1919 5623 2052 5673 εις..

490 5685 758 5756 σώματος,
801 5704 817 5736 ι
841 5685 1099 5756 corporis.
1123 5703 1141 5736 ι

562 5752 670 5828 (42⁷))
715 5754 898 5811 Ἀλλὰ
922 5752 1014 5811 καί
1040 5755 1273 5822 ἑαυτόν,
1312 5764 1413 5812 etc.
1447 5754 1707 5811 Scribitnr
1735 5753 1871 5824 apud
1900 5752 2052 5809 Joau.

2162 5472 2453 5536 honorans,
2505 5467 2678 5540 ipsum
2731 5485 2853 5524 cum
2911 5467 3069 5522 Patre
3126 5470 3174 5521 in
3219 5479 3377 5518 uuam
3436 5475 3726 5531 personam

2163 5542 2535 5595 contrahebat.
2569 5541 2684 5593 Bill.
2717 5558 2735 5591 ι
2765 5540 3120 5593 connectitur.
3157 5555 3174 5588 ι
3437 5602 3446 5607 _
3508 5603 3517 5607 _
3572 5599 3581 5607 _
3663 5599 3671 5607 _

2235 5612 2344 5683 (47)
2378 5611 2717 5683 Χωρίζεταιη
2743 5629 2768 5683 ι.
2788 5611 3110 5683 Separatttr;
3138 5626 3155 5657 ι
3191 5618 3378 5683 nempe
3401 5602 3467 5655 ab
3495 5599 3726 5683 Ar'i‘anis,

2166 5668 2253 5751 qui
2283 5668 2904 5751 iiiipie'contendcban't,
2938 5668 3131 5734 Filium
3183 5668 3449 5731 diversam
3496 5687 3525 5724 a
3562 5668 3726 5724 Patre

2168 5762 2408 5808 naturam
2440 5752 2654 5807 habere.
