4100 6276
334 323 437 383 (BI

1298 322 1557 380 ORATIO
1598 324 1754 379 XLV.
1798 357 1865 368 -—
1905 327 1972 382 IN
2015 325 2341 383 SANCTUM
2378 323 2670 381 PASCHA.

3481 321 3585 375 669

333 443 534 515 μᾶλλον
554 442 633 508 δὲ,
666 444 807 497 τίσιν
836 445 970 514 ἀφῇ,
1010 445 1120 508 τοῖς
1152 444 1467 515 συναιροῦσι
1493 445 1697 513 κακῶς,
1729 447 1761 518 ἥ
1801 451 1906 510 τοῖς

2017 448 2280 517 adjungis.
2327 446 2502 510 Proh,
2539 444 2716 515 qualia
2743 442 2979 498 Verbum
3023 459 3165 498 nunc
3207 458 3420 512 quoque
3448 443 3586 510 pati-

327 537 585 606 τέμνουσι
614 551 630 600 ;
663 535 774 588 Καὶ
800 536 907 607 γὰρ
943 535 1224 599 κάκείνους
1258 537 1486 607 διαιρεῖν
1517 537 1644 604 ἔδει,
1674 540 1766 592 καὶ
1786 539 1910 592 τού-

328 644 452 690 τους
499 627 814 681 συνάπτειν·
863 628 988 691 τοὺς
1035 629 1130 699 μὲν
1191 626 1268 698 τῷ
1324 627 1558 700 ἀριθμῷ,
1607 631 1732 692 τοὺς
1759 630 1815 683 δὲ
1845 633 1909 702 τῇ

327 719 574 790 Θεότητι.
605 717 979 790 Προσκόπτεις
1002 722 1068 790 τῇ
1106 721 1304 791 σαρκί;
1337 719 1496 773 τοῦτο
1521 721 1614 774 καὶ
1651 721 1907 776 Ἰουδαῖοι.

331 810 403 863 ’Ἠ
444 809 539 863 καὶ
575 810 922 881 Σαμαρείτην
975 811 1268 876 ἀποκαλεῖς
1307 812 1422 881 (καὶ
1448 811 1510 865 τὸ
1546 812 1670 883 ἑξῆς
1709 815 1912 885 σιωπή-

331 900 555 971 σομαι);
586 902 835 965 ἀπιστεῖς
859 903 924 972 τῇ
946 901 1172 972 Θεότητι
1196 918 1209 969 ;
1237 901 1395 955 τοῦτο
1418 903 1539 956 οὐδὲ
1567 905 1614 956 οἱ
1637 903 1906 974 δαίμονες.

326 987 398 1045 Ὦ
425 995 520 1047 καὶ
538 993 808 1064 δαιμόνων
835 994 1161 1066 ἀπιστότερε
1191 995 1278 1060 σὺ,
1305 995 1398 1048 καὶ
1438 994 1706 1050 Ἰουδαίων
1742 997 1911 1063 ἀγνω-

330 1085 652 1156 μονέστερει
703 1087 926 1140 Ἐκεῖνοι
952 1087 1050 1157 τὴν
1079 1086 1171 1139 τοῦ
1197 1085 1325 1139 Υἱοῦ
1363 1087 1729 1158 προσηγορίαν
1777 1089 1908 1156 ὀμο-

325 1177 514 1247 τιμίας
565 1178 748 1249 φωνὴν
782 1179 1058 1250 ἐνόμισαν·
1111 1173 1254 1233 οὗτοι
1291 1179 1380 1233 τὸν
1432 1179 1722 1233 ἐλαύνοντα
1777 1177 1907 1230 Θεὸν

327 1271 546 1340 ᾔδεσαν·
584 1270 860 1323 ἐπείθοντο
886 1271 993 1342 γὰρ
1043 1271 1102 1336 ἐξ
1149 1265 1221 1325 ὧν
1256 1270 1511 1341 ἔπασχον.
1563 1272 1633 1324 Σὺ
1677 1271 1752 1336 δὲ,
1787 1271 1907 1324 οὐδὲ

324 1365 425 1433 τὴν
446 1363 667 1435 ἰσότητα
683 1362 834 1434 δέχῃ,
869 1363 986 1415 οὐδὲ
1016 1364 1295 1434 ὁμολογεῖς
1320 1363 1416 1434 τὴν
1437 1363 1694 1434 Θεότητα.
1715 1365 1760 1416 Κ
1769 1365 1908 1435 ρεῖτ-

323 1474 418 1509 τον
455 1451 525 1528 ἦν
557 1474 636 1509 σοι
673 1455 1103 1528 περιτετμῆσθαι
1132 1457 1224 1508 καὶ
1277 1455 1555 1524 δαιμονᾷν,
1593 1453 1657 1506 ἵν’
1684 1453 1823 1506 είπω
1856 1471 1906 1506 τι

327 1550 420 1601 καὶ
445 1547 698 1617 γελοίως,
745 1547 779 1618 ἢ
824 1548 880 1601 ὲν
911 1547 1242 1618 ἀκροϐυστίᾳ
1277 1547 1372 1600 καὶ
1402 1546 1580 1616 ὑγιείᾳ
1609 1543 1907 1599 διακεῖσθαι

327 1642 582 1715 πονηρῶς
613 1642 708 1696 καὶ
733 1641 926 1705 ἀθέως.
969 1641 1106 1701 Ἀλλ’
1141 1641 1168 1694 ὁ
1204 1639 1303 1710 μὲν
1329 1641 1464 1711 πρὸς
1487 1638 1724 1703 ἐκείνους
1751 1638 1908 1692 πόλε-

332 1751 432 1804 μος
477 1732 511 1804 ἢ
542 1731 917 1796 καταλυέσοω,
951 1730 1048 1800 ὀψὲ
1080 1730 1205 1800 γοῦν
1256 1731 1714 1800 σωφρονήσαντας
1751 1729 1906 1800 ειπερ

2017 541 2136 593 tur!
2165 539 2248 594 Ab
2272 539 2390 594 aliis
2418 548 2475 594 ut
2509 538 2665 605 Deus-
2695 538 2992 591 honoratur
3027 545 3081 589 et
3110 535 3449 589 contrahitur
3475 553 3488 588 :
3514 537 3582 589 ab

1985 632 2154 698 aliis,
2187 642 2242 685 ut
2276 647 2425 694 caro,
2451 630 2837 690 contemnitur,
2871 643 2935 682 ac
2963 636 3265 696 separatur.
3294 627 3442 684 Utris
3466 647 3581 686 arn-

2012 725 2152 795 plius
2192 721 2496 777 irascetur?
2523 721 2616 776 Vel
2647 721 2862 790 potius,
2883 721 3018 774 utris
3053 720 3378 775 condona-bit
3398 761 3413 786 ,
3444 723 3581 776 iisne

2012 815 2099 884 qui
2126 814 2263 869 male
2291 815 2637 878 contrahunt,
2670 828 2737 866 an
2774 812 2864 882 qui
2897 810 3181 866 seindunt?
3215 810 3346 866 Nam
3379 822 3432 867 et
3463 813 3581 868 illos

2011 907 2278 974 dividere,
2301 916 2354 961 et
2378 907 2477 962 hos
2494 907 2820 962 contrahere
2836 907 3150 974 oportebat;
3173 905 3313 970 illos,
3336 907 3578 976 inquam,

2010 1011 2259 1061 numero,
2287 998 2384 1052 hos
2406 997 2634 1053 Deitate.
2669 995 2922 1065 Impiugis
2945 996 3011 1060 ad
3043 995 3297 1050 carnem?
3335 1002 3386 1049 et
3409 993 3577 1049 Judaei

2009 1104 2222 1159 quoque
2252 1089 2317 1142 ad
2345 1104 2464 1144 eam
2511 1089 2871 1158 impegerunt.
2911 1085 3046 1140 Num
3085 1087 3250 1158 867
3279 1086 3578 1142 Samarita-

2011 1194 2134 1231 num
2171 1178 2330 1230 etiam
2366 1177 2584 1232 vocabis
2618 1176 2682 1230 ‘?
2715 1175 2848 1229 Nam
2885 1175 3026 1245 quod
3065 1176 3329 1246 sequitur,
3370 1178 3575 1230 tacebo.

2009 1272 2200 1324 Deitati
2265 1271 2420 1324 Iidem
2469 1269 2736 1339 abrogas?
2789 1269 2899 1323 Iloc
2949 1284 3014 1324 ne
3063 1270 3331 1324 daemones
3363 1269 3576 1338 quidem

2010 1361 2108 1431 ipsi
2141 1361 2404 1417 fecerunt.
2439 1361 2512 1415 Ita
2544 1371 2596 1416 et
2633 1361 2820 1430 judicii
2857 1361 3210 1430 perversitate
3241 1358 3486 1421 Iudaeos,
3525 1369 3579 1412 et

2009 1455 2387 1509 incredulitate
2436 1455 2708 1510 daemones
2741 1469 2987 1524 superas.
3029 1453 3106 1508 Illi
3153 1452 3294 1507 enim
3331 1452 3452 1506 Filii
3487 1467 3571 1506 vo-

2008 1545 2254 1600 cabulum
2277 1586 2292 1612 ,
2337 1545 2658 1616 mqualitatis
2703 1561 2886 1601 vocem
2924 1561 3040 1600 esse
3073 1555 3396 1600 censuerunt
3420 1548 3440 1577 ¹
3473 1562 3485 1598 :
3519 1546 3573 1599 hi

2007 1647 2184 1692 autem
2224 1653 2540 1707 eum,aquo
2571 1637 2921 1708 fugabantur,
2954 1637 3122 1692 Deum
3154 1637 3567 1707 agnoverunt';

2007 1729 2282 1785 doloribus
2316 1729 2592 1797 nimirum,
2620 1745 2756 1800 quos
2783 1731 3108 1797 sentiebant,
3139 1729 3296 1784 fidem
3339 1729 3468 1800 ipsis
3494 1729 3574 1782 fa-

325 1823 639 1895 ιθέλοιεν,ἢ
668 1822 1078 1893 ἀναϐεϐλήσθω,
1107 1821 1180 1892 μὴ
1215 1821 1578 1892 βουλομένων,
1615 1821 1730 1874 ἀλλ’
1752 1820 1900 1892 ἐχόν-

2009 1821 2292 1876 cientibus.
2327 1822 2394 1875 At
2421 1831 2497 1888 tu,
2525 1837 2623 1878 nec
2645 1822 3003 1892 mqualitatem
3036 1823 3298 1886 admittis,
3329 1838 3428 1878 nec
3457 1823 3575 1878 Dei-

321 1933 431 1969 των
459 1917 536 1980 ὡς
563 1916 794 1986 ἔχουσιν.
826 1916 1050 1978 Πάντως
1079 1915 1135 1968 δὲ
1165 1914 1276 1986 (48)
1303 1913 1454 1967 οὐδὲν
1481 1913 1903 1987 δείσομεν,ὑπὲρ

2011 1923 2172 1968 tatem
2196 1913 2690 1983 conﬁteris._Satius
2715 1915 2810 1970 tibi
2834 1914 3009 1970 fuerat
3027 1915 3406 1970 circumcisum
3429 1931 3576 1983 esse,

321 2007 421 2080 τῆς
443 2008 691 2080 Τριάδος,
720 2007 856 2080 μετὰ
887 2008 984 2079 τῆς
1011 2006 1238 2079 Τριάδος
1279 2005 1390 2076 (I9)
1437 2004 1846 2076 ἀγωνιζόμενοι.

2010 2020 2072 2060 ac
2103 2005 2360 2060 damonis
2387 2006 2716 2077 intemperiis
2755 2008 2981 2078 agitari,
3026 2015 3082 2060 ut
3118 2005 3341 2061 ridicule
3373 2006 3578 2076 aliquid

325 2103 544 2166 dicam,
580 2119 741 2174 quam
776 2104 828 2158 in
858 2103 1120 2174 praeputio
1145 2144 1160 2168 ,
1209 2113 1263 2159 et
1294 2102 1546 2157 incolumi
1581 2102 1905 2170 valetudine,
1945 2117 2108 2172 prave
2154 2113 2316 2173 atque
2363 2103 2527 2172 impie
2571 2103 2792 2158 sentire.
2859 2103 2961 2159 Sed
3031 2103 3226 2158 bellum
3266 2103 3402 2166 hoc,
3434 2107 3575 2173 quod

324 2217 448 2254 cum
485 2202 589 2256 illis
625 2201 860 2273 gerimus
885 2241 898 2264 ,
929 2199 1011 2256 vel
1044 2199 1448 2269 comprimatur,
1484 2199 1526 2252 si
1595 2199 1769 2253 serius
1825 2199 2037 2267 quidem
2063 2239 2078 2263 ,
2143 2198 2235 2254 sed
2294 2205 2469 2253 tamen
2538 2197 2856 2268 aliquando,
2906 2200 3178 2254 meliorem
3216 2207 3445 2252 mentem
3487 2198 3572 2250 in-

329 2297 493 2350 dnere
539 2296 730 2364 velint;
769 2295 879 2361 vel,
931 2295 974 2351 si
1009 2295 1058 2350 id
1090 2293 1268 2349 facere
1306 2301 1595 2356 recusent,
1644 2301 1805 2361 atque
1843 2291 1896 2346 in
1928 2293 2192 2348 sententia
2228 2302 2514 2357 maneant,
2557 2291 2610 2344 in
2657 2300 2868 2361 tempus
2929 2291 3074 2345 aliud
3136 2289 3433 2346 dilferatur.
3460 2287 3576 2344 Nec

327 2391 472 2444 enim
519 2389 763 2460 profecto
803 2390 1092 2460 quidquam
1134 2388 1568 2452 extimesccmus,
1605 2403 1700 2456 pro
1722 2387 2010 2454 Trinitate,
2052 2397 2104 2443 et
2137 2402 2258 2442 cum
2291 2387 2556 2444 Trinitate
2589 2387 2926 2444 dimicantes.

395 2484 528 2535 κη’.
568 2481 681 2535 Νῦν
740 2482 798 2535 δὲ
839 2482 1134 2550 ἀναγκαῖον
1166 2481 1295 2552 ἡμῖν
1333 2479 1474 2533 οὕτω
1534 2480 1905 2550 κεφαλαιῶσαι

327 2575 412 2627 τον
451 2573 628 2642 λόγον·
665 2575 992 2644 Γεγόναμεν,
1024 2574 1090 2626 ἵν’
1133 2567 1189 2626 εὖ
1234 2571 1515 2644 πάθωμεν·
1551 2568 1609 2626 εὖ
1635 2572 1905 2626 πεπόνθα-

331 2684 446 2736 μεν,
480 2665 668 2736 ὲπειδὴ
693 2666 802 2736 (50)
839 2667 1160 2736 γεγόναμεν.
1195 2665 1298 2718 Τὸν
1325 2665 1646 2736 παράδεισον
1669 2666 1908 2718 ἐπιστεύ-

329 2760 521 2828 θημεν,
552 2757 639 2811 ἵνα
663 2759 1051 2830 τρυφήσωμεν.
1084 2756 1330 2828 Ἐντολὴν
1356 2756 1639 2827 ἐλάϐομεν,
1673 2756 1740 2809 ἵν’
1761 2755 1908 2810 εὐδο-

326 2852 647 2924 κιμήσωμεν
682 2849 886 2920 ταύτην
942 2849 1293 2919 φυλάξαντες·
1329 2849 1428 2901 οὐκ
1461 2846 1780 2916 ἀγνοοῦντος
1805 2846 1898 2900 τοῦ

326 2939 456 2993 Θεοῦ
483 2939 544 2994 τὸ
583 2941 862 3010 ἐσόμενον,
903 2940 1038 2993 ἀλλὰ
1087 2939 1503 3011 νομοθετοῦντος
1531 2938 1592 2991 τὸ
1648 2937 1899 3003 αὐτεξού-

329 3052 438 3088 σιον
476 3035 610 3106 (51).
667 3035 1076 3107 Ἦπατήθημεν,
1109 3033 1304 3106 ἐπειδῆ
1349 3033 1724 3105 ἐφθονήθημεν
1762 3033 1894 3104 (52)·

326 3126 794 3199 ἐκπεπτώκαμεν,
848 3126 1034 3198 ἐπειδὴ
1084 3127 1422 3198 παρέϐημεν·
1482 3127 1901 3197 ὲνηστεύσαμεν,

328 3218 516 3290 ἐπειδὴ
563 3219 638 3290 μὴ
687 3217 1122 3290 ὲνηστεύσαμεν,
1176 3217 1269 3270 τοῦ
1322 3217 1477 3282 ξύλου
1526 3217 1624 3288 τῆς
1653 3215 1905 3286 γνώσεως

326 3311 814 3384 ὗποκρατηθὲντες.
855 3310 1082 3383 Ἀρχαία
1121 3309 1230 3382 γὰρ
1252 3305 1318 3380 ἦν
1348 3311 1380 3380 ἡ
1411 3308 1619 3380 ἐντολὴ,
1644 3310 1736 3361 καὶ
1773 3311 1904 3381 ἡμῖν

324 3402 615 3474 ὁμόχρονος
645 3401 825 3473 ψυχῆς
872 3419 954 3465 τις
990 3396 1123 3457 οὖσα
1159 3398 1521 3468 παιδαγωγία,
1581 3400 1672 3452 καὶ
1699 3401 1906 3470 τρυφῆς

326 3493 698 3566 σωφρόνισμα·
732 3494 797 3566 ἦν
823 3492 1199 3564 ἐπετάχθημεν
1245 3490 1494 3555 εἰκότως,
1524 3490 1588 3543 ἵν’
1625 3489 1653 3543 ὃ
1699 3489 1773 3562 μὴ
1807 3508 1907 3560 φυ-

325 3583 583 3648 λάξαντες
611 3583 1098 3655 ἀποϐεόλήκαμεν,
1146 3581 1476 3652 φυλάξαντες
1520 3582 1899 3653 ἀπολάϐωμεν.

338 3676 668 3748 Ἐδεήθημεν
692 3675 826 3730 Θεοῦ
864 3675 1236 3747 σαρκουμένου
1271 3675 1364 3728 καὶ
1401 3673 1784 3747 νεκρουμένου,
1818 3675 1903 3727 ἵνα

327 3767 600 3840 ζήσωμεν·
639 3766 1142 3840 συνενεκρώθημεν,
1197 3767 1286 3822 ἵνα
1317 3765 1666 3838 καθαρῶμεν·
1715 3783 1906 3820 συναν-

325 3859 587 3931 ιστημεν,
648 3859 834 3931 ἐπειδὴ
885 3856 1383 3931 συνενεκρώθημεν·
1419 3855 1902 3929 συνεδοξάσθημεν,

327 3951 515 4024 ἐπειδὴ
531 3951 846 4022 ’συνανέστη
856 3969 972 4022 μεν.

2075 2475 2311 2537 XXVIII.
2336 2481 2489 2536 Nunc
2512 2491 2690 2539 autem
2718 2481 2871 2536 nobis
2897 2481 3198 2537 faciendum
3227 2489 3328 2544 est,
3365 2487 3423 2536 ut
3451 2495 3578 2536 ora-

2006 2573 2202 2627 tionem
2239 2573 2291 2627 in
2335 2587 2600 2628 summam
2635 2574 2705 2627 ita
2757 2572 3316 2643 eolligamus:Creati
3365 2586 3578 2637 sumus,

2005 2674 2064 2718 ut
2123 2665 2384 2720 beneficio
2444 2666 2831 2720 aliieeremur:
2876 2663 3192 2720 beneficium
3248 2664 3578 2734 accepimus,

2005 2767 2283 2826 postquam
2351 2757 2518 2811 creati
2584 2772 2791 2811 smnus.
2860 2757 3152 2811 Paradisus
3208 2756 3328 2810 Iidci
3381 2765 3580 2810 nostra:

2007 2849 2328 2904 commissus
2368 2859 2484 2917 est,
2543 2859 2602 2905 ut
2644 2848 2854 2904 deliciis
2908 2847 3229 2903 frueremur.
3273 2847 3582 2902 Mandatum

2007 2941 2344 3011 accepimus,
2383 2949 2472 3005 ut,
2505 2954 2569 2995 eo
2597 2950 2842 3004 servato,
2883 2938 3108 3008 gloriam
3133 2953 3576 3007 asscqueremur;

2009 3047 2110 3088 nOn
2141 3033 2284 3102 quod
2313 3033 2452 3088 Deus
2478 3032 2554 3097 id,
2577 3032 2719 3102 quod
2741 3031 2979 3085 futurum
3004 3039 3144 3095 erat,
3169 3031 3461 3100 ignoraret,
3484 3030 3576 3083 sed

2007 3127 2150 3196 quod
2191 3125 2416 3180 arbitrio
2454 3124 2624 3194 legem
2659 3123 3052 3194 praescriberet.
3097 3121 3312 3190 Decepti
3353 3118 3582 3184 fuimus,

2008 3218 2262 3286 quoniam
2295 3217 2600 3272 commodis
2625 3214 2824 3270 nostris
2852 3214 3082 3269 invisum
3107 3221 3209 3268 est.
3242 3211 3574 3273 Excidimus,

2007 3313 2259 3381 quoniam
2307 3311 2616 3363 mandatum
2667 3307 2992 3378 transgressi
3041 3321 3248 3361 sumus.
3303 3304 3575 3373 Jejunavi-

2012 3417 2152 3466 mus,
2175 3401 2426 3470 quoniam
2453 3415 2554 3454 non
2572 3398 2955 3467 jejunavimus,
2973 3398 3098 3469 ligni
3123 3396 3376 3452 nimirum
3401 3396 3576 3452 scien-

2011 3495 2096 3548 tia:
2151 3496 2417 3548 suavitate
2466 3491 2668 3547 delinili
2724 3506 2788 3546 ac
2837 3491 3054 3546 devicti.
3105 3490 3398 3560 Antiquum
3434 3489 3586 3544 enim

2012 3584 2111 3638 hoc
2142 3583 2454 3638 mandatum
2485 3591 2625 3645 erat,
2651 3583 2913 3651 nobisque
2954 3593 3403 3650 contemporauea
3430 3594 3579 3648 quaa-

2013 3675 2132 3728 dam
2176 3673 2367 3727 anima:
2412 3672 2730 3742 disciplina,
2783 3686 2846 3726 ac
2901 3671 3212 3726 deliciarum
3245 3670 3576 3739 castigatio:

2012 3766 2153 3836 quod
2183 3779 2288 3819 non
2318 3765 2414 3820 abs
2443 3779 2502 3819 re
2527 3762 2682 3820 nobis
2708 3762 2964 3818 indictum
2996 3771 3101 3828 est,
3137 3771 3196 3816 ut
3219 3761 3358 3830 quod
3384 3773 3448 3815 eo
3471 3775 3578 3813 non

2013 3865 2227 3914 servato
2250 3856 2614 3927 perdidimus,
2654 3863 2868 3911 servato
2897 3868 3297 3926 recuperemus.
3323 3851 3468 3923 Opus
3487 3852 3583 3906 ha-

2017 3949 2228 4005 buimus
2260 3949 2388 4014 Deo,
2415 3947 2504 4018 qui
2531 3961 2748 4002 carnem
2776 3947 3048 4018 acciperet
3070 3959 3134 4001 ac
3160 3953 3483 4010 moreretur,
3520 3950 3582 3997 ut

331 4044 601 4098 vivamus.
661 4040 996 4098 Commortui
1043 4055 1260 4107 sumus,
1303 4047 1361 4094 ut
1414 4054 1738 4110 purgamur;
1791 4039 1950 4096 simul
1989 4041 2420 4108 resurreximus,
2468 4041 2722 4112 quoniam
2783 4038 2943 4096 simul
2991 4039 3188 4094 mortui
3245 4053 3463 4104 sumus;
3496 4035 3572 4091 si-

331 4136 439 4190 mul
481 4133 767 4204 glorilicati
813 4148 1036 4197 sumus,
1068 4132 1321 4201 quoniam
1381 4131 1540 4186 simul
1581 4131 1996 4187 resurreximus.

402 4227 533 4282 KO’.
569 4225 749 4281 Πολλὰ
780 4225 878 4296 μὲν
919 4224 982 4295 δὴ
1021 4222 1118 4276 τοῦ
1147 4223 1266 4276 τότε
1297 4221 1491 4294 καιροῦ
1527 4222 1594 4276 τὰ
1628 4222 1903 4294 θαύματα·

2089 4223 2276 4278 XXIX.
2309 4224 2563 4290 Quamvis
2600 4230 2777 4278 autem
2825 4219 3089 4290 permulta
3135 4219 3277 4274 illius
3322 4218 3581 4288 temporis

327 4315 461 4378 Θεὸς
494 4311 915 4385 σταυρούμενος,
959 4311 1110 4383 ἥλιος
1173 4311 1570 4382 σκοτιζόμενος,
1623 4313 1716 4365 καὶ
1746 4312 1905 4369 πάλιν

327 4404 763 4477 ἀναφλεγόμενος
797 4404 924 4475 (ἔδει
943 4403 1051 4474 γὰρ
1069 4402 1144 4474 τῷ
1167 4403 1374 4476 Κτίστῃ
1398 4402 1700 4474 συμπαθεῖν
1725 4405 1817 4457 καὶ
1838 4403 1905 4458 τὰ

329 4496 1058 4570 κτίσματα)·καταπέτασμα
1093 4494 1428 4566 σχιζόμενον,
1461 4491 1599 4566 αἷμα
1632 4495 1726 4548 καὶ
1762 4493 1905 4566 ὓδωρ

328 4593 428 4657 τῆς
458 4590 698 4664 πλευρᾶς
722 4589 997 4661 χεόμενον·
1033 4587 1093 4641 τὺ
1125 4587 1241 4659 μὲν,
1277 4587 1351 4650 ὡς
1401 4585 1705 4658 ἀνθρώπου,
1734 4586 1795 4640 τὸ
1826 4587 1901 4652 δὲ,

331 4684 404 4748 ὡς
432 4683 576 4756 ὑπὲρ
611 4682 916 4754 ἄνθρωπον·
963 4680 1034 4752 γῆ
1077 4679 1352 4749 σειομένη,
1409 4678 1602 4750 πέτραι
1633 4678 1770 4750 ὑπὲρ
1803 4678 1902 4749 τῆς

330 4777 533 4848 πέτρας
561 4773 672 4846 (55)
705 4772 1062 4845 ῥηγνύμεναι,
1095 4772 1275 4843 νεκροὶ
1318 4769 1663 4840 ἀνιστάμενοι
1695 4772 1774 4834 εἰς
1809 4771 1901 4822 πί-

333 4886 446 4924 στιν
469 4868 570 4939 τῆς
601 4865 915 4929 τελευταίας
939 4865 1033 4918 καὶ
1068 4864 1252 4934 κοινῆς
1296 4861 1666 4925 ἀναστάσεως·
1697 4861 1764 4915 τὰ
1811 4863 1902 4915 ἐπὶ

401 5048 416 5079 ¹
453 5045 607 5102 Joan.
654 5060 770 5109 vni,
802 5045 887 5102 48.
967 5048 986 5078 ³
1017 5043 1178 5102 Marc.
1216 5060 1268 5110 ν,
1300 5045 1352 5098 7.
1427 5041 1448 5072 ³
1477 5040 1606 5097 ibid.
1645 5040 1711 5096 I4
1773 5056 1891 5110 sqq.

399 5217 511 5290 (48)
539 5218 784 5290 {Ida-tm
809 5217 898 5290 δέ.
925 5219 1047 5290 _Sic
1081 5218 1212 5287 Reg.
1249 5219 1342 5288 ph.
1388 5216 1478 5273 Sic
1505 5217 1666 5271 etiam
1693 5217 1904 5272 videtur

331 5288 526 5354 legisse
555 5289 674 5341 Bill.
700 5289 860 5344 Deest
880 5288 937 5342 δέ
969 5289 1020 5342 in
1048 5291 1134 5342 ed.

397 5359 512 5427 (49)
545 5359 707 5414 Μετὰ
737 5357 1133 5429 τῆς-Τριάδος.
1167 5376 1184 5410 ι
1208 5357 1340 5412 Cum
1362 5357 1642 5421 Trinitate,
1670 5376 1688 5410 ι
1719 5357 1769 5411 id
1801 5367 1900 5422 est,

335 5448 354 5480 ι
380 5431 601 5497 auspice
628 5429 912 5484 Trinitate.
941 5449 958 5482 ι

400 5500 514 5568 (50)
559 5499 819 5567 Ἐπειδὴ.
848 5500 1011 5556 Coisl.
1054 5501 1106 5566 I,
1133 5502 1235 5554 ὅτι.

403 5570 517 5642 (5i)
589 5571 775 5628 Ἀλλὰ
830 5571 1291 5641 νομοθετοῦντος
1355 5568 1430 5642 τὸ*
1487 5570 1898 5642 αὐτεξούσιον.

339 5639 482 5695 ιδιιά
501 5639 647 5710 quod
689 5639 917 5695 arbitrio
977 5642 1160 5710 legem,
1196 5639 1596 5710 praescriberet,
1624 5657 1646 5693 ι
1699 5641 1750 5693 id
1791 5651 1893 5704 est,

335 5709 536 5781 ipsum’
579 5712 860 5765 arbitrium
913 5711 1011 5781 legi
1037 5709 1355 5781 subiiceret,
1417 5709 1531 5780 lege
1591 5710 1889 5765 frenaret.»

335 5780 446 5836 Non
481 5791 628 5838 recte
655 5781 838 5836 Dillius
875 5800 888 5836 :
945 5779 1134 5850 (quod
1190 5779 1488 5836 libertatem
1546 5781 1751 5836 arbitrii
1791 5781 1903 5853 lege

2013 4315 2266 4371 miracula
2305 4315 2544 4369 fuerint:
2575 4314 2716 4368 Deus
2773 4326 2964 4380 nempe
3009 4312 3062 4364 in
3104 4324 3266 4365 cruce
3319 4311 3578 4378 pendens,

2012 4405 2089 4460 sol
2115 4407 2434 4461 obscuratus
2464 4419 2526 4459 ac
2558 4418 2748 4458 rursus
2792 4401 3152 4456 inﬂammatus
3192 4403 3337 4472 (nam
3373 4409 3582 4455 creatu-

2014 4511 2102 4552 ras
2147 4509 2357 4567 quoque
2399 4494 2642 4550 Creatori
2701 4493 2989 4548 condolere
3035 4491 3368 4564 oportebat);
3403 4491 3579 4546 velum

2012 4589 2262 4654 scissum,
2304 4587 2522 4658 sanguis
2551 4597 2605 4641 et
2636 4600 2776 4655 aqua
2815 4600 2876 4640 ex
2913 4584 3078 4641 latere
3111 4582 3466 4655 proﬂuentes;
3503 4584 3581 4639 al-

2013 4691 2183 4736 terum
2205 4720 2221 4746 ,
2247 4689 2304 4734 ut
2328 4677 2588 4745 hominis;
2623 4677 2850 4732 alterum
2874 4718 2888 4744 ,
2922 4684 2984 4732 ut
3006 4676 3236 4733 humana
3271 4676 3582 4734 conditione

2011 4771 2262 4842 majoris;
2323 4780 2464 4825 terra
2526 4779 2760 4825 tremore
2822 4783 3082 4826 concussa
3113 4811 3128 4837 ,
3191 4769 3361 4840 868
3416 4778 3580 4840 petrae

2010 4875 2228 4932 propter
2261 4871 2464 4932 petram
2503 4870 2772 4933 perruptae
2794 4901 2808 4928 ,
2842 4863 3042 4917 mortui
3069 4864 3134 4916 ad
3173 4862 3330 4916 (idem
3372 4872 3556 4932 postro

2013 5221 2325 5283 sanciret”
2363 5216 2520 5286 quasi
2553 5215 2780 5286 liberum
2839 5215 3139 5286 arbitrium
3173 5230 3280 5270 non
3335 5223 3476 5271 esset
3500 5215 3581 5271 vis

2012 5288 2190 5342 nativa
2224 5283 2480 5351 hominis,
2539 5287 2632 5340 sed
2695 5285 2908 5354 aliquod
2967 5283 3259 5351 factitium,
3310 5296 3578 5355 praecepto

2013 5359 2385 5420 constitutum,
2416 5365 2477 5427 et,
2501 5357 2614 5427 lege
2645 5357 2931 5427 sancitum.

2082 5423 2693 5510 ι52›.ἐερονήίζηὶιεῖνο
2749 5425 2839 5510 Sic
2888 5423 3577 5510 Plancinae-9‘31"!“

2011 5493 2183 5554 ΟιιίεΙξ
2204 5499 2256 5563 I,
2293 5493 2704 5564 'Par.,‘C.o'mb.,
2733 5505 2838 5552 etc.
2891 5493 2990 5552 Sic
3023 5493 3344 5565 ctiani'legit
3369 5493 3488 5549 Bill'.
3522 5496 3578 5549 In

2009 5571 2089 5623 ed.
2105 5609 2120 5630 ,
2145 5569 2541 5639 ὲφθονήσαμεν.

2101 5635 2198 5706 55)
2230 5635 2542 5708 Ὑεέὲρτῆς
2593 5636 2828 5708 πέτρας.
2867 5642 2989 5698 Haec
3039 5639 3228 5695 desunt
3260 5638 3311 5693 in
3340 5635 3584 5708 pluribus

2009 5713 2163 5767 codd.
