4100 6276
557 296 659 355 667

2007 300 2370 357 APPENDIX.

3715 301 3822 356 6f8

557 412 697 469 chus
724 411 976 477 reddidit,
1003 411 1172 477 vituli,
1208 421 1428 481 propter
1461 412 1807 482 agriculturae
1846 413 2083 471 laborem
2121 434 2125 469 :

2242 416 2430 467 θινον.
2498 409 2871 480 Ἀνέκαμπτον
2912 410 3004 475 δὲ,
3033 410 3108 472 ὡς
3148 404 3285 472 εἶδος
3321 408 3415 461 τοῦ
3459 407 3654 479 βεζὲκ,
3688 411 3823 465 ωσεὶ

560 512 621 557 ιιι
665 513 843 558 autem
878 502 1069 571 Aquila
1119 505 1402 573 exposuit,
1447 499 1760 569 roiundum,
1798 506 1924 575 quia
1968 506 2138 578 ﬁgura

559 609 622 649 ea
646 609 833 650 ontnes
856 595 1259 664 pulchritudine
1285 597 1468 651 vincit.
1497 595 1760 651 Praeterea
1791 598 1960 652 forma
1990 609 2136 653 rota-

563 702 705 749 rum,
744 686 1057 755 utexplieat
1093 687 1471 759 Symmachus,
1496 690 1855 758 hymimhina.
1887 690 2138 745 Reverte-

562 774 764 829 bantur
815 787 1029 841 autem,
1086 781 1257 835 instar
1296 781 1481 836 forma:
1533 782 1703 851 871
1745 784 1905 839 bezec
1936 821 1950 847 ,
1991 783 2138 838 Velut

562 869 666 924 iter
688 888 830 941 aegre
872 873 1126 929 facientes
1150 917 1162 938 ,
1199 877 1449 944 quoniam
1478 887 1641 931 totam
1684 877 1855 931 lucem
1897 892 2001 931 non
2033 877 2133 931 ha-

558 961 711 1029 bent,
742 964 834 1019 sed
870 965 1045 1019 instar
1076 966 1260 1021 forma:
1306 967 1491 1030 bezec,
1537 967 1588 1021 id
1626 976 1707 1020 est
1731 1007 1744 1030 ,
1778 966 2022 1037 fulguris.
2059 968 2136 1023 Ac

560 1054 604 1106 si
647 1054 860 1121 quidem
895 1056 1147 1111 omnibus
1170 1057 1282 1111 suis
1318 1058 1555 1112 numeris
1591 1059 1936 1126 partibusque
1963 1058 2137 1111 absol-

560 1154 714 1197 vatur
766 1145 996 1201 hominis
1047 1148 1369 1213 similitudo,
1437 1149 1559 1204 aliis
1613 1150 1919 1203 hominibus
1971 1151 2135 1204 domi-

559 1246 753 1292 natur:
790 1238 872 1291 sin
919 1253 1109 1307 secus,
1154 1244 1484 1295 contrarium
1526 1242 1807 1310 contingit.
1858 1240 1975 1297 Jam
2011 1258 2134 1296 vero

559 1341 641 1379 .eo
670 1318 869 1396 aliquid
913 1329 1071 1383 habet
1099 1370 1113 1393 ,
1145 1329 1480 1385 ferocitatem
1508 1345 1698 1399 nempe
1728 1340 1781 1383 et
1805 1330 2131 1399 superbiam,

559 1428 617 1473 ut
656 1433 719 1473 eo
753 1428 894 1474 tecte
942 1422 1329 1491 commodeque
1356 1432 1587 1475 utamur.
1632 1421 1871 1477 Vitulunt
1916 1433 2128 1487 autem,

558 1518 615 1561 ut
651 1519 798 1564 recte
834 1519 998 1579 atque
1034 1512 1257 1567 honeste
1288 1514 1755 1582 concupiscamus.
1797 1514 1882 1568 Ait
1926 1514 2129 1569 Isaias:

556 1598 916 1669 Sunctificabis
945 1619 1061 1657 eum
1087 1605 1138 1657 in
1174 1604 1289 1674 igne
1322 1605 1527 1657 ardenti
1550 1604 1588 1658 °.
1626 1606 1669 1659 Α
1696 1606 1926 1672 luntbis,
1958 1614 2011 1659 et
2041 1622 2131 1659 su-

555 1707 684 1760 pra,
721 1692 1014 1761 electrum;
1066 1696 1372 1765 superiores
1412 1698 1605 1751 etenim
1667 1707 1846 1766 partes
1889 1697 2127 1753 coerceri

557 1784 688 1837 nihil
712 1799 928 1841 necesse
956 1796 1055 1842 est.
1083 1790 1125 1841 A
1156 1788 1374 1855 lumbis,
1403 1801 1453 1844 et
1482 1790 1638 1854 infra,
1666 1792 1835 1861 ignis;
1870 1791 2123 1845 nimirum

554 1875 801 1945 gignendi
834 1879 1092 1934 actiones.
1124 1880 1300 1951 Atque
1341 1882 1454 1936 lucc
1508 1884 1835 1937 coercitione
1874 1894 1927 1937 et
1960 1884 2124 1938 casti-

553 1968 765 2035 gatione
823 1985 958 2038 opus
1013 1971 1232 2028 habent.
1292 1973 1555 2029 Caeterum
1618 1975 1850 2045 Spiritus
1895 1975 2125 2045 primunt

553 2059 828 2125 purgando
857 2060 1060 2128 elevat;
1097 2078 1159 2117 ac
1183 2063 1375 2117 deinde
1398 2079 1513 2127 eos,
1556 2066 1644 2132 qui
1681 2066 1749 2119 ab
1791 2067 1891 2120 hoc
1917 2066 2125 2135 purgati

550 2162 655 2200 non
689 2147 911 2215 fuerint,
950 2151 1086 2221 ignis
1110 2164 1326 2225 purgat.
1359 2153 1492 2207 Tum
1529 2156 1779 2224 splendor
1802 2156 2033 2211 faustum
2064 2173 2127 2213 ac

546 2238 844 2307 jucundum
905 2242 1067 2296 ﬁnem
1124 2244 1413 2311 significat.
1456 2245 1767 2313 llujusmodi
1814 2248 1954 2302 enim
2003 2258 2127 2303 sunt

547 2342 720 2397 pteth
736 2341 793 2394 et
825 2333 1224 2402 castigationes.
1265 2334 1415 2390 Unus
1454 2349 1535 2391 εει
1562 2337 1771 2405 opificis
1803 2353 2027 2408 sc0pus,
2068 2346 2127 2392 ut

546 2420 845 2489 subjectam
889 2425 1168 2479 materiam
1193 2467 1208 2492 ,
1242 2426 1506 2480 arbitratur
1539 2445 1668 2495 suo,
1696 2440 1889 2499 atque,
1928 2439 1984 2485 ut
2032 2448 2128 2502 per

547 2523 719 2566 arteut
751 2515 897 2579 licet,
944 2516 1258 2576 fabricetur.
1294 2520 1753 2586 Quemadmodum
1788 2522 1926 2577 Deus
1953 2524 2124 2581 bonus

545 2610 600 2654 et
628 2603 842 2671 sapiens
872 2613 976 2670 est,
1020 2622 1123 2661 non
1152 2619 1329 2663 autem
1368 2611 1509 2665 sicut
1542 2626 1659 2677 nos,
1698 2612 1767 2665 ita
1808 2614 1969 2667 etiam
2012 2616 2128 2683 opi-

543 2690 633 2746 fex
667 2702 782 2758 est,
819 2711 911 2750 seu
954 2700 1232 2766 conditor;
1271 2702 1469 2772 quippe
1504 2703 1595 2773 qui
1638 2704 1864 2773 simplex
1912 2714 2031 2770 est,
2074 2717 2126 2761 et

544 2786 956 2855 compositionis
1005 2805 1226 2860 espers;
1291 2810 1389 2850 nos
1447 2804 1667 2861 autem,
1701 2798 1789 2866 qui
1845 2800 2123 2868 compositi

544 2888 764 2943 smnus,
803 2878 1216 2950 haudquaquam
1262 2885 1570 2945 itasumus.
1599 2886 1904 2957 Justiﬁcala
1928 2899 2001 2943 est
2033 2908 2124 2943 sa-

542 2967 740 3033 pientia
764 2986 795 3021 a
833 2969 959 3037 ﬁliis
984 2974 1091 3026 suis
1115 2975 1156 3039 ⁷,
1186 2976 1457 3045 sapientes
1476 2979 1724 3041 videlicet
1751 2980 1887 3034 filios
1916 2981 2120 3035 dicens.

543 3057 623 3110 Ae
664 3074 845 3115 rursus
880 3062 1017 3116 idettt
1060 3065 1310 3122 Salvator
1358 3070 1488 3136 ipsis
1535 3069 1686 3135 dicit,
1720 3070 1798 3125 sic
1834 3071 2058 3141 loquens
2102 3089 2116 3126 :

545 3146 894 3216 Sapientiores
922 3166 1040 3209 sunt
1064 3158 1164 3225 ﬁlii
1190 3159 1346 3228 hujus
1374 3162 1555 3215 sa'culi
1584 3162 1707 3225 filiis
1732 3164 1864 3217 fucis
1898 3166 1951 3218 in
1969 3179 2120 3233 gene-

546 3243 746 3297 ratione
790 3261 887 3299 sua
926 3246 984 3302 δε
1025 3263 1122 3316 per
1167 3248 1305 3305 filios
1339 3251 1471 3307 lUlTiS
1509 3269 1602 3309 eos
1649 3253 1984 3324 intelligens,
2026 3256 2119 3323 qui

546 3335 783 3391 scientia:
813 3337 933 3394 luce
962 3339 1260 3397 collustrati
1296 3355 1442 3399 sunt.
1488 3345 1775 3413 Apostolus
1795 3361 2008 3415 quoque
2039 3347 2122 3401 his

545 3427 723 3481 verbis
758 3430 961 3485 utitur:
1008 3432 1234 3488 Eramus
1275 3449 1463 3490 natura
1508 3437 1607 3505 ﬁlii
1649 3438 1803 3502 irin",
1841 3452 1943 3491 non
1980 3441 2122 3506 quod

544 3532 607 3573 ex
642 3530 855 3589 natura,
886 3524 979 3576 sed
1008 3524 1133 3593 quia
1167 3542 1290 3581 vere
1338 3530 1411 3582 rei
1437 3538 1597 3595 sunt,
1635 3530 1839 3600 iraeque
1870 3530 2123 3593 obnoxii,

543 3610 635 3680 qui
663 3623 908 3681 peccant.
945 3615 1251 3680 Quinetiam
1284 3618 1350 3674 de
1378 3617 1515 3674 Juda
1546 3621 1807 3691 scriptum
1838 3614 2121 3689 estfquod

542 3707 863 3775 perditionis
916 3707 1056 3764 filius
1102 3711 1173 3765 sit
1201 3713 1288 3765 “‘z
1337 3728 1444 3781 quo
1480 3713 1596 3768 loco
1634 3714 1949 3782 perditiOnis
1986 3714 2125 3768 filius

547 3795 750 3852 idcirco
792 3799 1006 3863 dicitur,
1038 3805 1178 3869 quod
1228 3806 1539 3873 pestiferum
1573 3804 1784 3861 facinus
1819 3806 2119 3860 admiserit.

546 3881 716 3939 Isaias
748 3887 920 3942 tribus
943 3890 1098 3945 annis
1140 3892 1311 3947 nudus
1337 3904 1390 3949 et
1416 3896 1531 3949 siue
1553 3895 1934 3951 calceamentis
1958 3900 2120 3950 vitam
2155 3911 2163 3923 '

610 4095 625 4137 ⁸
666 4094 766 4149 lsa.
800 4110 862 4159 x,
904 4093 985 4148 l7.
1062 4096 1081 4126 ⁷
1119 4094 1246 4151 Luc.
1278 4112 1372 4161 \‘ll,
1404 4098 1490 4152 35.
1567 4100 1586 4131 ⁸
1622 4097 1751 4155 Luc.
1782 4115 1893 4165 tm,
1924 4100 1976 4153 8.
2052 4100 2071 4130 ⁹
2098 4103 2125 4157 Ε

2232 4116 2294 4155 :s.
2325 4117 2382 4165 tt,
2408 4101 2460 4153 5.

544 4266 663 4324 ntus
691 4268 713 4324 :7
738 4250 869 4304 ὡσεὶ
897 4253 1307 4309 δυσοδευοῦντα.
1337 4274 1356 4307 ι
1416 4256 1582 4324 Quasi
1627 4257 1822 4312 malam
1854 4265 1909 4312 et
1939 4257 2126 4316 difﬁci-

544 4323 647 4400 lem
670 4323 809 4375 viam
845 4334 1020 4400 nacta,
1053 4341 1225 4400 eaque
1282 4323 1797 4400 aegrefincedentja.
1826 4347 1845 4380 ι
1902 4327 2033 4400 Reg.
2091 4333 2125 4387 h

541 4394 607 4469 ad
643 4408 812 4469 marg:
835 4393 957 4448 ἀντὶ
988 4394 1102 4462 τοῦ,
1136 4393 1236 4450 οὐκ
1260 4393 1623 4469 εὐοδούμενον.
1665 4417 1682 4449 ι
1709 4397 1813 4452 Pro
1847 4413 1951 4453 non
1982 4393 2126 4457 recte

542 4463 868 4518 incedentia.
894 4483 914 4517 ι

615 4534 731 4611 (69)
766 4533 835 4588 Τὸ
870 4534 1036 4591 ὅλον.
1069 4537 1123 4591 1η
1156 4539 1445 4604 nonnullis,
1492 4539 1553 4592 τὸ
1577 4538 1747 4603 τέλος,
1793 4558 1810 4590 ι
1833 4538 1965 4595 lueis
2001 4556 2120 4611 per-

542 4606 843 4662 fectionem.
867 4623 887 4658 ι

612 4678 722 4749 (70)
753 4678 1164 4749 κυριεύει-τῶν
1196 4678 1402 4749 ἄλλων
1432 4677 1775 4749 ἀνθρώπων.
1812 4679 2117 4747 Legendum

543 4747 791 4816 putamus
815 4763 829 4799 :
857 4747 1096 4817 κυριεύει
1128 4749 1234 4801 τῶν
1266 4748 1437 4802 ἄλλων
1471 4747 1623 4811 ζώων
1643 4766 1654 4778 ·
1690 4767 1707 4799 ι
1733 4749 1853 4804 aliis
1878 4752 2124 4804 animan-

547 4819 689 4871 tibus
718 4818 1043 4873 dominatur.
1072 4837 1090 4870 ι
1127 4818 1260 4871 Nam
1289 4820 1331 4870 si
1357 4819 1627 4887 vulgatam
1662 4818 1948 4873 lectionem
1985 4837 2119 4875 con-

544 4902 849 4961 servamus,
891 4907 909 4939 ι
935 4888 1056 4943 aliis
1102 4888 1409 4961 hominibus
1457 4888 1781 4961 dominatur,
1813 4908 1831 4940 ι
1866 4891 2119 4961 quisigi-

546 4969 631 5011 tttr
654 4957 995 5028 eritillorunt
1035 4959 1319 5012 verborum
1349 4972 1539 5013 sensus
1560 4958 1582 5010 ?
1607 4958 1766 5022 Nunt,
1797 4969 1854 5013 ut
1886 4957 2120 5028 perfecta

542 5027 872 5083 sithominis
903 5028 1221 5088 similitudo,
1261 5029 1469 5081 caeteris
1508 5028 1816 5084 hominibus
1854 5027 2120 5087 dominari

541 5099 743 5156 debet?
774 5096 941 5153 Nemo
968 5112 1191 5171 prorsus
1235 5098 1283 5151 id
1325 5096 1601 5171 fatebitur.
1648 5098 1720 5152 Ex
1748 5102 2120 5171 consequenti-

540 5172 645 5242 bus
699 5170 1062 5242 desttmendus
1115 5178 1220 5242 est_
1248 5182 1456 5222 sensus.
1509 5167 1601 5242 llic
1630 5172 1856 5239 propria:
1899 5167 2121 5242 singulis

534 5239 909 5295 animantibus
938 5241 1090 5291 dotes
1139 5236 1459 5293 referuntur.
1496 5239 1592 5303 Ae,
1631 5236 1782 5295 sicut
1837 5236 2010 5296 homo'
2026 5243 2119 5297 ha-

544 5312 652 5379 πει,
686 5321 739 5363 ιιι
772 5309 990 5363 caeteris
1040 5308 1404 5363 animantibus
1441 5312 1765 5376 dominetur,
1822 5312 1895 5366 ita
1929 5313 2029 5378 leo,
2064 5326 2120 5371 ιιι

558 5382 612 5433 .it
655 5379 860 5453 viribus
921 5378 1111 5453 finiens,
1158 5382 1459 5453 superbus;
1527 5382 1827 5448 etvitulns,
1888 5395 1944 5437 ιιι
1998 5386 2120 5453 igne

553 5451 931 5522 sanctificetttr‘.
968 5447 1172 5522 Quibus
1232 5447 1273 5503 si
1305 5450 1466 5522 homo
1501 5466 1738 5522 congrue
1770 5447 1971 5519 utatur,
2011 5447 2119 5509 vir-

547 5531 656 5574 tute
688 5518 945 5573 emicabit
972 5534 987 5583 ;
1016 5520 1095 5572 sin
1121 5530 1296 5573 autem
1332 5521 1487 5586 male,
1516 5518 1645 5576 vitio
1660 5518 1963 5580 sordescet.
1984 5526 2116 5579 Nam

543 5592 727 5655 homo,
757 5589 841 5663 vel
873 5590 1179 5663 dominatur
1201 5591 1499 5655 affectibus,
1537 5594 1616 5645 vel
1646 5594 1778 5663 ipsis
1809 5606 1892 5650 est
1921 5597 2119 5649 manci-

543 5669 719 5727 patus.
766 5657 823 5712 Si
859 5659 1111 5732 primum,
1146 5665 1378 5730 perfecta
1432 5675 1512 5718 est
1562 5657 1732 5732 ipsius
1789 5666 2113 5724 similitudo:

541 5746 624 5784 stu
648 5743 828 5791 secus,
862 5731 982 5794 ipsi,
1016 5748 1160 5786 more
1198 5734 1501 5801 brutotum,
1539 5731 1700 5804 agere
1725 5738 2018 5808 continget,
2054 5752 2116 5794 ac

2240 502 2558 556 δυσοδοῦντα
2580 543 2593 566 ,
2628 501 2688 554 τὸ
2722 501 2839 554 ὅλον
2877 500 2987 571 (69)
3017 501 3110 554 τοῦ
3141 500 3314 570 φωτὸς
3353 500 3427 571 μὴ
3459 500 3674 571 ἔχοντα,
3706 500 3821 554 ἀλλέ

2241 596 2316 659 ὼς
2344 589 2481 657 εἶδος
2512 593 2605 646 τοῦ
2640 593 2820 665 βεζὲκ,
2854 594 2880 645 ὃ
2910 594 3023 646 ἐστι
3054 592 3149 661 τῆς
3178 589 3515 660 ἀστραπῆς.
3558 590 3682 643 Ἐὰν
3721 591 3825 660 μὲν

2240 686 2519 758 ἀπαρτίσῃ
2552 684 2611 737 τὸ
2651 685 2903 755 ὁμοίωμα
2934 682 3027 735 τοῦ
3069 681 3390 752 ἀνθρώπου,
3421 681 3665 752 κυριεύει
3710 682 3824 733 τῶν

2239 778 2413 832 ἄλλων
2436 774 2735 847 ἀνθρώπων
2769 775 2920 846 (70)·
2951 776 2999 827 εξ
3024 774 3081 826 δὲ
3113 772 3206 844 μὴ,
3235 772 3295 824 τὸ
3316 772 3557 826 ἐναντίον
3587 772 3821 842 συμϐαί-

2238 887 2342 923 νει.
2380 871 2535 939 Ἔχει
2560 886 2613 922 τι
2649 869 2677 919 ὁ
2702 867 2870 929 λέων,
2897 865 2959 917 τὸ
2986 863 3189 936 γαῦρον
3215 863 3353 933 (71),
3380 862 3439 916 τὸ
3465 862 3698 925 εὔτονον,
3729 863 3819 915 ἵνα

2238 960 2418 1023 καλῶς
2445 960 2593 1030 αὐτῷ
2620 956 2978 1030 χρησώμεθα.
3000 956 3103 1008 Τὸν
3132 954 3188 1007 δὲ
3222 955 3440 1024 μόσχον,
3473 954 3560 1007 ἵνα.
3586 954 3817 1017 δεόντως

2238 1049 2618 1119 ἐπιουμῶμεν.
2674 1048 2902 1110 Ἡσαΐας
2946 1046 3124 1114 λέγει’
3174 1046 3469 1114 Ἀγιάσεις
3519 1046 3703 1100 αὐτὸν
3743 1046 3819 1100 ὲν

2237 1143 2377 1211 :rvpi
2402 1142 2711 1211 καιομένῳ.
2746 1140 2877 1192 Ἀπὸ
2900 1138 3117 1208 ὀσφύος,
3137 1138 3231 1191 καὶ
3255 1137 3658 1210 ἄνω,ἦλεκτρον
3674 1139 3811 1212 (72)⁶

2236 1235 2304 1288 τὰ
2337 1234 2446 1305 γὰρ
2477 1234 2587 1289 ἄνω
2625 1235 2685 1287 οὐ
2737 1233 2907 1286 δεῖται
2946 1232 3242 1295 κολάσεως.
3297 1232 3429 1283 Ἀπὸ
3462 1232 3679 1300 ὀσφύος,
3716 1232 3814 1286 καὶ

2236 1328 2417 1393 κάτω,
2457 1327 2599 1398 πῦρ,
2639 1327 2708 1379 τὰ
2736 1326 3003 1393 γενέσεως
3035 1324 3366 1395 πράγματα·
3402 1324 3573 1377 ταῦτα
3617 1324 3674 1376 δὲ
3720 1341 3814 1376 κο-

2235 1419 2443 1482 λάσεως
2469 1420 2657 1472 δεῖται.
2697 1418 2770 1470 Τὸ
2797 1416 3020 1486 Πνεῦμα
3042 1416 3255 1487 πρῶτον
3285 1415 3489 1488 ἐξαίρει
3518 1415 3809 1486 καθαῖρονο

2234 1508 2353 1564 εἶτα
2379 1514 2505 1575 τοὺς
2538 1510 2613 1583 μὴ
2658 1510 3031 1581 καθαρθέντας
3057 1511 3120 1562 ἐκ
3146 1508 3334 1562 τούτου
3375 1508 3435 1561 τὸ
3476 1508 3585 1578 πῦρ
3614 1508 3814 1561 καθαί-

2246 1620 2350 1674 ρει.
2386 1603 2459 1656 Τὸ
2487 1603 2543 1655 δὲ
2566 1604 2787 1672 φέγγος,
2819 1602 3052 1672 χρηστὸν
3085 1600 3195 1670 (75)
3223 1600 3393 1663 τέλος.
3424 1600 3675 1651 Τοιαῦται
3700 1598 3811 1668 γὰρ

2234 1697 2290 1750 αἱ
2326 1695 2576 1758 κολάσεις
2620 1695 2757 1764 (7.4).
2791 1688 2885 1756 Εἷς
2914 1694 3037 1764 ὅρος
3070 1691 3428 1764 δημιουργοῦ,
3460 1692 3521 1744 τὺ
3545 1691 3641 1761 τὴν
3675 1693 3813 1744 ὑπο-

2235 1788 2497 1858 κειμένην
2545 1786 2697 1856 ύλην,
2739 1785 2813 1850 ὼς
2860 1785 3137 1854 βούλεται,
3168 1785 3262 1838 καὶ
3308 1784 3382 1848 ὡς
3427 1784 3699 1853 ἐνδέχεται
3742 1787 3810 1855 τῇ

2224 1880 2397 1955 ,τέχνῃ
2429 1880 2631 1931 ποιεῖν’
2666 1877 2854 1949 ὥσπερ
2890 1880 2917 1931 ὁ
2950 1878 3083 1940 Θεὸς
3110 1876 3314 1945 ἀγαθὸς
3338 1875 3431 1929 καὶ
3473 1877 3665 1945 σοφὸς,
3692 1876 3811 1929 ἀλλ’

2243 1970 2344 2039 ούχ
2369 1970 2443 2032 ὡς
2477 1971 2659 2039 ἡμεῖς,
2689 1968 2859 2031 οὕτως
2889 1969 2983 2022 καὶ
3014 1967 3370 2038 δημιουργός·
3399 1967 3583 2037 ἐπειδὴ
3608 1966 3815 2030 ἁπλοῦς

2236 2063 2329 2116 καὶ
2372 2061 2692 2125 ἁσύνϐετοςο
2731 2062 2890 2131 ἡμεῖς
2916 2061 3024 2133 γὰρ
3056 2060 3298 2113 σύνθετοι
3325 2060 3680 2131 ὑπάρχοντες,
3710 2060 3814 2130 οὐχ

2234 2152 2405 2215 οὕτως
2431 2152 2617 2221 ἐσμέν.
2660 2150 2998 2218 Ὲὸικαιὼθη
3024 2151 3060 2217 ἡ
3093 2152 3279 2220 σοφία
3298 2150 3415 2205 ἀπὸ
3444 2149 3557 2204 τῶν
3584 2153 3813 2203 τέκνων

2234 2243 2444 2311 αὐτῆς,
2473 2244 2599 2306 τοὺς
2636 2244 2833 2311 σοφοὺς
2854 2242 2921 2296 τὰ
2954 2242 3117 2295 τέκνα
3149 2243 3353 2311 λέγων.
3378 2243 3488 2296 Καὶ
3519 2241 3682 2294 πάλιν
3709 2243 3810 2294 att)-

2233 2334 2325 2397 τὸς
2360 2335 2543 2396 αὐτοῖς
2573 2336 2600 2386 ὁ
2632 2335 2821 2405 Σωτήρ
2854 2351 3015 2405 φησιν
3049 2335 3105 2386 ἐν
3140 2334 3216 2404 τῷ
3237 2351 3248 2363 ·
3292 2333 3621 2403 Σοφώτεροί
3651 2335 3816 2387 εἰσιν

2234 2430 2286 2481 οἱ
2320 2427 2437 2480 υἱοὶ
2484 2425 2590 2480 τοῦ
2630 2425 2845 2491 αἰῶνος
2871 2427 3112 2489 τούτου,
3146 2425 3296 2492 ὑπὲρ
3330 2424 3471 2489 τοὺς
3498 2423 3665 2488 υἱοὺς
3702 2422 3811 2476 τοῦ

2234 2517 2457 2586 φωτὸς,
2493 2517 2563 2571 ἐν
2610 2516 2685 2585 τῇ
2733 2516 2908 2586 γενεᾷ
2957 2514 3189 2570 αὐτῶν·
3238 2516 3386 2577 υἱοὺς
3422 2513 3596 2583 φωτὸς
3635 2514 3811 2581 λέγων

2236 2612 2362 2674 τοὺς
2395 2611 2844 2681 πεςωτισμένους
2878 2613 2944 2681 τῇ
2981 2608 3200 2678 γνώσει.
3235 2608 3367 2675 Καὶ,
3408 2603 3601 2677 Ἶιμεν
3629 2607 3810 2674 φύσει

2233 2696 2414 2756 τέκνα
2448 2702 2632 2772 ὀργῆς
2654 2743 2667 2763 ,
2696 2704 2756 2754 οὐ
2796 2701 2857 2754 τὸ
2897 2700 3038 2755 κατὰ
3074 2700 3233 2770 φύσιν
3260 2700 3456 2768 λέγων,
3488 2699 3601 2752 ἀλλ’
3636 2699 3717 2752 ὅτι
3752 2700 3811 2752 ὲν

2233 2795 2462 2867 ἀληθείᾳ
2491 2794 2782 2848 ὑπεύθυνοι
2811 2794 2982 2866 ὀργῆς
3003 2794 3359 2864 τυγχάνουσιν
3389 2794 3435 2846 οἱ
3466 2791 3810 2863 ἁμαρτάνον-

2231 2907 2344 2952 τες.
2380 2889 2489 2941 Καὶ
2523 2888 2651 2959 περὶ
2684 2887 2776 2941 τοῦ
2822 2887 2992 2942 ’ἰούδα
3021 2887 3351 2956 γέγραπται,
3404 2885 3485 2937 ὅτι
3524 2884 3656 2949 Υἱὸς
3697 2885 3808 2937 ἀπ-

2232 2984 2446 3048 ωλείας
2467 3000 2480 3013 ·
2528 2981 2803 3044 ἀπωλείας
2837 2980 2892 3034 δὲ
2927 2980 3039 3032 υἱὸν
3070 2980 3231 3032 αὑτὸν
3278 2975 3399 3031 εἶπε
3422 3018 3436 3041 ,
3479 2977 3557 3047 τῷ
3601 2976 3673 3029 τὰ
3710 2977 3811 3047 τῆς

2233 3073 2505 3137 ἀπωλείας
2551 3072 2912 3144 πεπραχέναι.
2968 3071 3197 3134 Ἡσαΐας
3232 3070 3375 3123 ἔτεσι
3418 3070 3565 3140 τρισί
3598 3066 3807 3137 γυμνὸς

2226 3168 2320 3221 καὶ
2334 3166 2762 3229 ἀνυποδέστατος
2782 3164 2891 3236 (75)
2915 3164 3159 3235 διήγαγε.
3187 3164 3289 3216 Τὸν
3306 3162 3504 3216 Μωσέα
3522 3162 3653 3230 φασὶ
3671 3160 3811 3230 μετὰ

2233 3260 2294 3313 τὸ
2322 3258 2553 3313 ἀκοῦσαι
2587 3258 2694 3311 τῶν
2725 3258 2990 3329 χρησμῶν
3020 3258 3113 3310 τοῦ
3144 3256 3304 3319 Θεοῦ,
3340 3254 3533 3325 μηκέτι
3564 3254 3810 3324 ἅψασθαι

2229 3354 2328 3424 τῆς
2376 3352 2665 3421 γυναικὸς,
2707 3352 2840 3424 μηδὲ
2885 3350 3289 3420 τεκνοποιῆσαι.
3336 3346 3652 3416 Βδέλυγμα
3698 3346 3812 3413 τῆς

2228 3444 2580 3515 ἐρημώσεως
2609 3444 2799 3512 ἑστὼς
2828 3445 2898 3498 ἐν
2923 3446 3081 3511 τόπῳ
3110 3442 3275 3512 ἁγίῳ,
3310 3440 3493 3509 φασιν,
3522 3440 3605 3492 ὅτι
3635 3442 3663 3494 ὁ
3683 3439 3810 3506 tich

2229 3537 2257 3589 ὁ
2289 3538 2345 3589 ὲν
2389 3535 2785 3606 Ἰεροσολύμοις
2815 3532 3295 3603 οἰκοδομηθήσεται
3336 3529 3581 3600 ὕστερον,
3606 3528 3684 3591 ὡς
3712 3526 3809 3580 τοῦ

2243 3628 2613 3698 Ἀντιχριστου
2637 3626 3135 3697 πιστευθησομένου
3155 3625 3259 3677 ὑπὸ
3287 3621 3551 3676 Ἰουδαίων
3568 3618 3810 3691 Χριστοῦ

2232 3713 2406 3783 εἶναι,
2443 3719 2536 3771 καὶ
2582 3717 3090 3786 καθεσθησομένου,
3122 3714 3215 3768 καὶ
3256 3713 3496 3777 δόξοντος
3536 3712 3666 3783 ὅλης
3711 3712 3809 3780 τῆς

2228 3808 2555 3879 οἰκουμένης
2597 3804 2735 3861 εἶναι
2773 3808 3058 3878 βασιλέως.
3094 3806 3252 3873 Ἥξει
3277 3805 3332 3858 δὲ
3360 3805 3445 3858 ἐπ’
3473 3804 3684 3875 ἐρημίᾳ
3715 3800 3809 3855 τοῦ

2228 3899 2433 3969 κόσμου
2456 3918 2469 3929 ·
2514 3901 2789 3972 βδέλυγμα
2812 3901 2920 3971 γάρ
2951 3900 3067 3952 ἐστι
3098 3900 3195 3970 τῆς
3221 3896 3571 3971 ἐρημώσεως.
3607 3894 3808 3965 Λέγον-

2539 4102 2580 4131 ¹⁰
2615 4098 2768 4154 Joau.
2797 4116 2936 4163 nu,
2980 4102 3059 4154 ιε).

2235 4259 2455 4331 proinde
2479 4258 2713 4327 perfecta
2739 4274 2842 4313 non
2870 4258 2973 4331 erit
3004 4257 3169 4331 ipsius
3198 4256 3510 4331 similitudo.

2303 4332 2415 4401 (7|)
2452 4323 2618 4399 Ἔχει
2676 4347 2731 4383 τι
2781 4332 2814 4383 ὁ
2864 4323 3041 4396 λέων,
3073 4328 3139 4381 τὸ
3182 4328 3423 4398 γαῦρον.
3485 4323 3699 4382 «Habet
3723 4327 3805 4383 leo

2237 4402 2377 4468 quod
2409 4401 2477 4455 sit
2523 4402 2695 4461 ferox.
2748 4416 2893 4461 acer,
2930 4402 3214 4469 superbus,
3246 4468 3251 4469 ί
3280 4410 3594 4469 czeterorum
3627 4413 3685 4453 se
3716 4413 3803 4469 re-

2157 4485 2199 4540 ι)
2232 4466 2350 4539 gem
2388 4472 2739 4525 animantium
2791 4466 3048 4524 sentiens.
3090 4490 3107 4522 ι
3155 4468 3275 4521 Bill.
3336 4486 3355 4518 ι
3392 4466 3511 4540 Jam
3558 4482 3685 4540 vero
3722 4468 3803 4525 leo

2228 4537 2433 4607 aliquid
2472 4542 2652 4605 habet,
2693 4541 3025 4593 alacritatem
3055 4554 3246 4608 nempe
3290 4548 3340 4593 et
3379 4537 3753 4594 acrimoniam.
3777 4559 3795 4590 ι

2228 4610 2378 4665 llaud
2412 4612 2547 4675 seio,
2601 4622 2780 4663 tttruut
2832 4609 3093 4676 quispiam
3129 4610 3225 4677 ipsi
3272 4610 3620 4671 assentiatur,
3673 4625 3797 4664 cutn

2226 4683 2300 4735 ait
2326 4683 2377 4733 in
2406 4682 2561 4741 uotis.
2612 4680 2672 4733 τὸ
2704 4679 2904 4751 γαῦρον
2941 4680 3026 4751 hic
3053 4696 3155 4733 non
3193 4690 3295 4733 tam
3325 4679 3630 4751 significare
3664 4698 3682 4730 ι
3711 4696 3803 4751 ειιτ

2231 4753 2500 4819 ρειὺίιιιιι,
2536 4770 2554 4803 ι
2596 4762 2651 4805 ιιι
2675 4748 2837 4805 vertit
2866 4749 3173 4820 Volfangus,
3234 4766 3394 4819 quam
3438 4766 3455 4797 ι
3480 4748 3604 4802 elati
3635 4749 3799 4805 animi

2224 4821 2573 4875 alacritatem.
2604 4841 2621 4873 ι

2295 4890 2407 4960 (72)
2462 4891 2603 4946 Ἀπὸ
2624 4892 2873 4959 ὀσφύος,
2905 4891 3001 4944 καὶ
3031 4889 3173 4952 ἄνω,
3199 4889 3509 4958 ἤλεκτρον.
3537 4888 3633 4944 Hic
3658 4907 3678 4940 ι
3706 4904 3800 4959 per

2224 4960 2453 5025 lumbos,
2486 4982 2503 5014 ι
2550 4964 2795 5026 intelligit
2848 4962 3112 5030 Propheta
3167 4972 3373 5029 partem
3403 4978 3543 5025 eam,
3604 4961 3655 5013 in
3693 4976 3797 5028 qua

2223 5032 2461 5087 libidinis
2494 5034 2657 5087 ardor
2682 5032 2917 5088 exsistit.
2955 5031 3271 5099 Superiores
3300 5040 3477 5083 autem
3499 5041 3677 5098 partes
3698 5046 3793 5101 μυ-

2226 5120 2313 5159 ras
2338 5119 2458 5159 esse
2485 5103 2749 5172 designat,
2787 5118 2849 5172 ac
2878 5104 3115 5170 puritate
3146 5103 3347 5172 electro
3376 5101 3599 5172 similes.

2255 5174 2409 5300 d('73)
2441 5168 2733 5297 Xgmo‘rdr.
2781 5168 3064 5243 Sic‘Bt'gg.
3115 5173 3224 5239 but,
3256 5171 3326 5225 lttt
3357 5179 3411 5225 et
3445 5170 3611 5226 Coisl.
3648 5171 3701 5225 3.
3738 5168 3793 5225 In

2293 5284 2331 5300 ..
2361 5262 2495 5300 γοητ
2530 5263 2575 5298 ν.

2221 5261 2304 5300 ευ.
2316 5286 2331 5307 ο
2361 5261 2575 5307 χρητον.

2294 5284 2331 5307 .,
2361 5262 2575 5317 χρητον.

2294 5316 2404 5388 (74)
2446 5315 2713 5388 Τοιαῦται
2746 5313 2852 5384 γὰρ
2890 5318 2947 5388 αἱ
2981 5313 3285 5380 κολάσεις.
3348 5310 3515 5388 Juxta
3527 5310 3795 5388 _C.oml_iell-

2221 5382 2396 5449 sitim,
2442 5387 2528 5441 hic
2557 5382 2767 5439 desinat
2801 5382 3087 5454 periodus;
3147 5401 3245 5439 nec
3274 5382 3624 5454 sequentibus
3672 5383 3792 5453 jun-

2221 5459 2389 5528 genda
2420 5456 2741 5528 cumBillio,
2770 5453 3051 5528 quivertit
3077 5472 3139 5528 :_t
3170 5453 3480 5528 llujusmodi
3504 5454 3646 5528 enim
3673 5461 3791 5506 sunt

2220 5524 2501 5596 supplicia,
2546 5527 2597 5579 in
2643 5528 2837 5594 quibus
2873 5525 3189 5591 inferendis,
3222 5526 3272 5578 id
3325 5539 3488 5577 unuut
3514 5524 3614 5576 sibi
3647 5538 3792 5576 sum-

2222 5614 2342 5652 tuus
2379 5613 2557 5650 rerqu
2605 5597 2780 5666 opifex
2816 5598 3085 5666 proponit,
3136 5607 3189 5649 ιιι
3225 5596 3589 5663 subjaeentent
3628 5602 3789 5646 mate-

2221 5676 2377 5727 riam,
2402 5688 2419 5720 ι
2456 5680 2562 5720 etc.
3660 5676 3671 5685 ’

2439 5704 2956 5803 νλξῗιῖπςδέστατος.
2979 5735 3110 5807 Reg.
3132 5738 3199 5792 litt
3226 5749 3277 5793 et
3299 5735 3433 5803 Jes.,
3452 5732 3773 5797 ἀνυπόδετος
3824 5704 3843 5753 θ’
