4100 6276
230 328 331 385 677

1292 320 1619 377 LITURGIA
1652 320 1719 375 ‘S.
1763 316 2094 374 GREGORII
2136 318 2453 375 COPTICA.

3385 326 3491 384 678

226 444 442 500 λώντων
473 440 925 514 κατασυρόμενοι,
955 439 1340 512 σπληνίζεσοαί
1374 458 1525 510 φασι.
1558 441 1815 512 Θελήσεις
1847 445 1889 499 Λ
1919 438 2133 507 ἄστρων
2177 438 2534 508 ἀστρολογίαν
2589 437 3007 511 μυθευσάμενοι,
3052 441 3151 512 τήν
3205 455 3264 495 τε
3309 442 3386 514 (8)
3414 444 3493 496 εἱ-

225 539 281 592 δὲ
311 536 529 598 πάντως
567 534 660 587 καὶ
694 534 822 605 περὶ
857 533 1243 605 σπερμογόνων
1271 536 1411 586 νοεῖν
1456 534 1523 586 δι’
1551 534 1678 586 οἴων
1714 533 1808 587 καὶ

226 628 389 683 πόθεν
424 627 639 699 πρόεισι
672 626 896 696 μορίων,
933 624 1128 689 οἵτινές
1166 626 1303 678 εἰσιν
1340 626 1389 678 οἱ
1421 625 1642 696 νεφροί·
1688 625 1809 678 ὅθεν

227 720 321 775 καὶ
355 721 407 773 oi
452 718 581 790 περὶ
620 718 687 772 τὰ
733 716 958 771 τοιαῦτα
997 717 1158 771 δεινοὶ
1201 716 1446 786 φιλοῦσιν
1477 718 1651 769 εἰπεῖν
1683 718 1809 781 τοὺς

227 816 347 868 λίαν
400 812 529 884 περὶ
578 811 679 875 τὰς
732 810 1015 874 συνουσίας
1068 810 1303 879 ἀφειδῶς
1350 810 1571 881 ἔχοντας
1634 826 1807 863 κατα-

228 903 578 975 κάμπτεσθαι
612 905 678 973 τῇ
736 900 895 973 ὀδύνῃ
947 899 1057 953 τῶν
1111 900 1344 970 νεφρῶν.
1401 900 1666 969 Μέντοιγε
1719 897 1809 952 οὖν

226 991 649 1063 πεφιλολογότας
685 990 883 1043 εἰδέναι
930 988 1036 1060 χρὴ
1083 989 1146 1041 τὸ
1186 992 1299 1052 τοῖς
1334 987 1549 1052 πολλοῖς
1594 987 1806 1059 ἄδηλον,

225 1087 302 1150 ὠς
335 1083 485 1156 ψυχὴ
515 1084 891 1155 ἀπορραγεῖσα
923 1084 986 1135 ἐκ
1028 1080 1124 1135 τοῦ
1164 1081 1415 1152 σώματος
1444 1082 1540 1136 καὶ
1567 1081 1674 1135 τῶν
1715 1079 1809 1134 τοῦ

228 1176 480 1247 σώματος
525 1173 997 1246 ἀπηριθμημένων
1046 1174 1268 1245 μορίων,
1321 1172 1414 1226 καὶ
1463 1174 1644 1246 γυμνὴ
1688 1172 1808 1227 καθ’

226 1266 426 1338 ἑαυτὴν
473 1269 529 1319 ὲν
581 1265 820 1336 ἁσαρκίᾳ
871 1266 965 1318 καὶ
1011 1266 1118 1318 ἀσ.
1148 1306 1161 1319 .
1190 1308 1203 1321 .
1257 1266 1427 1337 μασίᾳ
1473 1261 1634 1329 οὖσα,
1686 1264 1809 1318 οὔτε

230 1360 507 1433 μέμνηται
545 1357 750 1420 λοιπὸν,
800 1356 922 1411 οῦτε
965 1360 1204 1429 γεωργεῖ
1241 1357 1424 1421 καθῶς
1477 1361 1744 1430 μαρτυρεῖ
1782 1360 1810 1411 ὀ

227 1449 434 1515 είπὼνε
501 1451 583 1503 ὅτι
634 1450 730 1501 Ἐν
787 1448 989 1519 ἐκείνῃ
1054 1449 1128 1519 τῇ
1187 1450 1379 1520 ἡμέρᾳ
1441 1450 1810 1505 ἀπολοῦνται

194 1541 455 1613 ,πάντες
502 1543 557 1593 ol
589 1540 832 1608 διαλογ.
863 1578 877 1592 .
905 1579 917 1593 .
958 1539 1136 1609 (forte
1173 1540 1533 1612 διαλογισμοὶ)
1601 1542 1805 1597 αὐτοῦ.

229 1634 495 1705 Ζητήσεις
545 1632 623 1697 δὲ,
658 1633 809 1701 σοφὲ,
843 1631 985 1685 κατά
1018 1632 1110 1685 τὸν
1153 1632 1314 1686 τόπον
1355 1634 1642 1704 γενόμενος
1689 1636 1805 1687 ἐπι-

232 1723 412 1795 μελῶς
464 1723 554 1776 τὸν
612 1724 777 1794 περὶ.
806 1763 819 1777 .
848 1763 860 1776 .
908 1726 1009 1795 χῆς
1058 1722 1218 1791 (forte
1263 1724 1461 1795 ψυχῆς)
1510 1726 1684 1795 λόγον.
1739 1725 1811 1779 Τὸ

1920 528 2204 599 μαρμένην
2241 528 2427 592 δεινῶς
2478 530 2924 601 δογματίσαντες,
2961 535 3026 603 τῇ
3074 533 3337 607 διοικήσει
3384 536 3496 590 τῶν

1916 620 2150 692 ἄστρων,
2206 622 2300 675 καὶ
2374 622 2434 673 οὑ
2490 622 2609 692 Θεῷ
2661 623 2744 693 (9)
2782 624 3011 694 πάμπαν
3058 624 3126 679 τά
3178 627 3299 681 καθ’
3347 628 3495 700 ἡμᾶς

1915 712 2252 777 οἰακίζεσθαι
2298 712 2485 777 δεινῶς
2527 715 2909 786 ὲδογμάτισαν.
2957 717 3017 770 Οἱ
3056 717 3113 771 δὲ
3160 718 3259 781 τὰς
3299 720 3494 773 εὐσυν-

1916 806 2070 867 ἐτους
2103 804 2196 857 καὶ
2235 803 2547 869 θεοσδότους
2594 808 3034 878 ὲπιστημονικῶς
3098 811 3495 875 καταλαϐόντες

1917 900 2209 972 ποιότητάς
2252 916 2308 952 τε
2343 900 2435 952 καὶ
2485 900 2706 971 ἀληθεῖς
2758 901 3036 965 οὐσιώδεις
3084 904 3212 973 περὶ
3251 904 3353 972 τῆς
3404 906 3498 959 ἀν-

1918 993 2136 1064 θρώπου
2169 993 2403 1063 φυσικῆς
2429 992 2731 1063 πραότητός
2764 1010 2823 1046 τε
2859 994 2953 1047 καὶ
2988 994 3265 1066 ὀξύτητος,
3296 998 3497 1052 ἁπαλό-

1917 1083 2075 1156 τητός
2109 1101 2168 1135 τε
2197 1083 2290 1137 καὶ
2344 1082 2669 1153 δεινότητος,
2728 1083 3082 1155 σωφροσύνης
3108 1086 3166 1138 τέ
3215 1104 3357 1158 φημι
3400 1089 3498 1142 καὶ

1916 1175 2211 1239 ἀκολασίας
2272 1176 2368 1228 καὶ
2422 1174 2532 1228 τῶν
2605 1173 2861 1228 τοιούτων
2936 1177 3190 1232 ἁπάντων
3248 1181 3495 1248 φυσικῶν

1917 1267 2424 1338 πλεονεκτημάτων,
2480 1266 2726 1334 εὐσόφως
2774 1267 2983 1337 ἔφησαν
3032 1268 3231 1333 οὕτως·
3278 1272 3353 1336 ὡς
3395 1274 3496 1327 οὐκ

1917 1359 2009 1428 ἀφ’
2044 1358 2161 1421 ἐνὸς
2203 1358 2297 1411 καὶ
2346 1357 2506 1429 μόνου
2558 1358 2759 1427 τρόπου
2810 1360 2867 1412 αἱ
2917 1359 3161 1415 τοιαῦται
3210 1365 3276 1435 τῇ
3334 1364 3495 1433 φύσει

1918 1449 2143 1520 φυσικαὶ
2179 1449 2611 1517 συνεπιγίνονται
2641 1450 2736 1503 καὶ
2770 1451 3247 1507 συναποτίκτονται
3281 1455 3496 1527 γνῶμαι

1916 1541 2010 1593 καὶ
2053 1539 2437 1604 καταστάσεις,
2464 1540 2599 1594 ἀλλὰ
2653 1543 2746 1594 καὶ
2773 1543 2879 1597 ἀπὸ
2917 1544 3178 1617 δευτέρας
3219 1548 3362 1612 τινός
3403 1549 3497 1602 καὶ

1915 1631 2103 1703 τρίτης
2151 1631 2246 1684 καὶ
2288 1633 2553 1703 τετάρτης
2601 1632 2696 1686 καὶ
2738 1634 2995 1708 πέμπτης
3040 1637 3134 1692 καὶ
3190 1638 3356 1709 ἕκτης
3403 1640 3499 1693 καὶ

1918 1724 2150 1795 ἑϐδόμης
2170 1725 2348 1788 αἰτίας
2366 1741 2379 1754 ’
2407 1725 2500 1778 καὶ
2526 1725 2739 1795 πρῶτον
2776 1729 2872 1799 μὲν
2896 1730 3002 1783 ἀπὸ
3026 1732 3247 1802 γονικῆς
3270 1731 3377 1786 τῶν
3398 1752 3501 1787 πα-

228 1818 318 1870 διά
370 1817 528 1870 τοῦτο
580 1816 660 1888 (6)
714 1816 805 1869 καὶ
865 1818 977 1879 τοῖς
1032 1816 1246 1880 πολλοῖς
1294 1810 1534 1887 ἄληπτον
1579 1818 1714 1889 ὁμοῦ
1762 1836 1819 1872 τε
1850 1810 1892 1864 Β
1920 1816 2096 1887 τέρων
2142 1815 2493 1888 ὁμοιότητος,
2528 1815 2778 1889 δεύτερον
2813 1820 2877 1872 ὲκ
2927 1820 3029 1891 τῆς
3078 1822 3341 1895 διαφορᾶς
3389 1826 3501 1879 τῶν

230 1908 324 1961 καὶ
374 1906 603 1961 ἄλυτον.
627 1944 643 1959 .
670 1946 684 1959 .
724 1922 783 1957 τε
827 1905 919 1957 καὶ
969 1904 1086 1967 πῶς
1120 1904 1266 1975 ψυχὴ
1318 1905 1606 1975 ἀσώματος
1650 1906 1812 1976 χωρί-

231 2000 382 2065 ζεται
412 1997 504 2050 τοῦ
549 1995 818 2067 σώματος,
851 1995 944 2049 καὶ
984 1996 1041 2049 ὲν
1078 1995 1154 2065 τῷ
1188 1995 1286 2065 τῆς
1331 1994 1511 2067 ψυχῆς
1547 1994 1811 2066 χωρισμῷ

232 2092 462 2154 θάνατος
488 2090 548 2142 ού
591 2089 830 2158 γίνεται*
874 2083 954 2151 εἷς
995 2088 1103 2158 γάρ
1139 2089 1253 2140 ἐστι
1295 2089 1388 2141 καὶ
1435 2088 1595 2158 μόνος
1634 2087 1811 2157 ψυχῆς

231 2181 511 2255 χωρισμὸς
552 2181 657 2234 ἀπὸ
696 2178 965 2250 σώματος.
1008 2178 1331 2250 Ἐπίστησον
1375 2178 1431 2232 δὲ
1485 2178 1623 2249 μετά
1675 2180 1812 2233 πάν-

229 2292 340 2327 τλιν
385 2272 573 2326 τοῦτο·
609 2271 771 2324 πόθεν
815 2271 908 2324 καὶ
952 2270 1097 2334 τίνος
1128 2272 1289 2342 χάριν
1320 2272 1369 2324 οἱ
1420 2270 1518 2341 μὲν
1564 2270 1673 2323 τῶν
1724 2271 1815 2323 ἀν-

233 2367 468 2440 Θρώπων
513 2365 778 2435 φυσικῶς,
821 2365 914 2418 καὶ
959 2364 1059 2417 ούκ
1101 2363 1165 2416 ἐκ
1214 2380 1361 2427 τινος
1402 2363 1708 2434 ἀσκήσεως,
1756 2360 1815 2429 ἐξ

233 2460 405 2530 αὐτῆς
437 2459 539 2528 τῆς
587 2459 786 2529 νεαρᾶς
835 2455 1015 2510 αὐτῶν
1059 2455 1384 2527 νηπιότητος
1417 2455 1466 2507 oi
1514 2453 1613 2523 μὲν
1653 2452 1813 2517 ὀξεῖς,

233 2555 282 2605 οἱ
319 2552 377 2605 δὲ
426 2553 644 2623 πραεῖς,
672 2553 723 2604 οἱ
766 2551 823 2604 δὲ
861 2549 1155 2620 φιλήδονοι,
1189 2548 1281 2602 καὶ¹
1326 2547 1473 2600 ἄλλοι
1516 2545 1812 2617 σώφρονες,

237 2646 332 2699 καὶ
364 2643 513 2697 ἀλλοι
544 2644 759 2715 ἥσυχοι,
794 2642 970 2713 ἕτεροι
1008 2640 1063 2694 δὲ
1099 2639 1464 2712 ταραχώδεις’
1501 2640 1593 2691 καὶ
1638 2640 1685 2691 οἱ
1720 2640 1817 2709 μὲν

176 2722 179 2727 ⁴
239 2737 515 2808 φρόνιμοι,
545 2738 593 2789 οἱ
633 2736 690 2787 δὲ
718 2734 1114 2805 ἀκεραιότεροι,
1140 2732 1235 2785 καὶ
1260 2733 1309 2785 οἱ
1344 2732 1440 2803 μὲν
1468 2730 1649 2794 δόλιοι,
1677 2731 1726 2783 οἱ
1760 2730 1816 2783 δὲ

237 2830 489 2901 ἄφρονες,
516 2829 611 2881 καὶ
637 2823 769 2881 ἀλλα
802 2826 1026 2879 πλεῖστα
1060 2822 1317 2893 ’Έλληνες
1366 2822 1465 2891 (7).
1511 2820 1817 2889 Φιλοσόφων

1920 1908 2198 1979 στοιχείων
2224 1908 2492 1980 ἡμερινῆς
2534 1908 2628 1962 καὶ
2658 1911 2975 1983 νυκτερινῆς
3017 1915 3303 1985 κινήσεως.
3325 1918 3499 1973 Γνῶθι

1918 1997 2046 2069 γὰρ,
2077 1992 2122 2049 ὦ
2156 1997 2436 2066 φιλόσοφε,
2467 1997 2542 2061 ὡς
2577 1999 2726 2068 τρεῖς
2764 2000 3006 2072 κινήσεις
3043 2002 3107 2055 ὲκ
3128 2003 3249 2066 ητῶν
3282 2006 3501 2078 διαστη-

1923 2092 2106 2160 μάτων
2140 2088 2246 2143 τῶν
2281 2090 2446 2161 τριῶν
2478 2091 2636 2164 ὡρῶν
2663 2097 2775 2157 τοῖς
2814 2096 3097 2166 στοιχείοις
3130 2098 3493 2172 ὑπάρχουσινο

1920 2180 2028 2234 ἀπὸ
2060 2182 2156 2251 μὲν
2192 2180 2415 2252 πρώτης
2454 2180 2602 2253 ὥρας
2641 2185 2905 2255 ἡμερινῆς
2930 2187 3055 2257 ἄχρι
3096 2188 3283 2261 τρίτης
3322 2208 3500 2245 κινου·

1921 2272 2088 2344 μένης
2138 2274 2237 2344 τῆς
2295 2273 2477 2345 χολῆς,
2523 2275 2598 2340 ὼς
2647 2277 2984 2350 μαρτυροῦσι
3028 2281 3286 2349 πολλάκις
3332 2285 3501 2339 ἕωθεν

1916 2365 2183 2436 ὀφθαλμοί
2227 2383 2387 2419 τινων
2412 2408 2425 2421 .
2454 2409 2466 2421 .
2490 2406 2504 2421 .
2534 2410 2545 2423 .
2575 2408 2587 2422 .
2634 2367 2876 2441 δέστεροι
2925 2372 3223 2443 ὁρώμενοι·
3285 2376 3393 2430 ἀπὸ
3442 2378 3501 2431 δὲ

1918 2458 2112 2530 τρίτης
2153 2458 2259 2522 ἕως
2302 2459 2468 2529 ἕκτης
2524 2460 2619 2513 σὺν
2668 2463 2734 2531 τῇ
2788 2461 2965 2535 Θέρμῃ
3009 2463 3103 2517 τοῦ
3139 2466 3289 2537 ἡλίου
3316 2508 3329 2522 .
3360 2511 3373 2523 .
3401 2509 3414 2523 .
3441 2508 3455 2522 .
3483 2509 3497 2523 .

1919 2552 2149 2623 αἵματος
2185 2554 2428 2622 κινήσεις
2460 2553 2553 2606 καὶ
2600 2554 2906 2621 ἀναζέσεις,
2957 2557 3210 2630 ὀξύτεραι
3268 2562 3359 2615 καὶ
3409 2581 3501 2617 πι-

1917 2643 2212 2714 κρότεραι.
2241 2683 2255 2697 .
2286 2685 2298 2698 .
2325 2681 2340 2698 .
2368 2682 2385 2698 .
2430 2642 2615 2714 ότεραι
2669 2644 2726 2697 δὲ
2796 2645 2933 2716 μετά
3001 2647 3232 2720 βρῶσιν·
3282 2652 3390 2705 ἀπὸ
3446 2654 3504 2708 δὲ

1912 2731 2078 2805 ἕκτης
2112 2734 2259 2807 ὧρας
2305 2734 2409 2797 ἕως
2464 2734 2693 2805 ἐνάτης,
2744 2736 2934 2791 εἴωθεν
2976 2740 3018 2811 ἠ
3071 2740 3204 2794 τοῦ.
3232 2781 3283 2797 ..
3337 2761 3505 2815 ματος

1926 2826 2138 2898 κίνησις
2163 2827 2429 2897 γίνεσθαι,
2463 2828 2556 2881 καὶ
2591 2827 2735 2883 οὕτω
2767 2828 2951 2884 λοιπὸν
2981 2832 3013 2902 ἡ
3053 2831 3145 2886 τοῦ
3192 2834 3368 2906 χυμοῦ
3399 2836 3506 2902 ἕως

240 2920 555 2975 ἀπαίδευτοι
606 2919 654 2972 οἱ
715 2918 815 2989 τὴν
867 2914 1303 2987 πολυθρύλλητον
1358 2914 1465 2967 τῶν
1527 2910 1818 2985 μετεώρων
1848 2912 1889 2971 C
1923 2917 2180 2988 ἑσπέρας.

313 3036 386 3102 (6)
424 3035 587 3089 Forte
614 3034 675 3086 τὸ
703 3031 767 3103 δὴ
800 3030 973 3085 τοῦτο.

315 3106 388 3178 (7)
431 3106 520 3160 Sic
552 3106 733 3159 omnia
777 3108 827 3156 in
864 3104 981 3157 cod.

247 3251 2294 3284 Μ

1998 3028 2075 3099 (8)
2119 3028 2171 3083 In
2216 3046 2408 3099 marg.,
2435 3030 2628 3099 τύχην.

1999 3100 2073 3171 (9)
2117 3102 2209 3155 Sic
2244 3104 2362 3154 trod.

2064 3253 2542 3278 τ’...τέ

2452 3259 3217 3270 ______._______._.

752 3426 1527 3560 LITURGIA
1587 3424 2155 3558 SANCTI
2218 3428 2987 3561 GREGORII

1436 3671 1535 3731 EX
1562 3671 1870 3733 COPTICO
1898 3672 2317 3735 CONVERSA.

272 3837 1000 3913 (Risauoor,Limrgiarum
1032 3835 1383 3890 Orientalium
1415 3834 1678 3900 collectio,
1707 3835 1793 3890 ed.
1821 3835 2079 3901 secunda,
2107 3836 2451 3892 FrancOl‘urti
2481 3841 2544 3895 ad
2583 3840 2815 3896 anum
2841 3884 2855 3910 ,
2884 3842 3041 3911 1847,
3068 3842 3211 3908 in-4,
3239 3851 3367 3901 tom.
3404 3846 3473 3917 Ι.)

314 4124 597 4182 Communi
628 4124 961 4195 Coptitarum
986 4125 1277 4180 tradilione
1310 4126 1421 4180 haec
1453 4124 1692 4195 Liturgia
1720 4124 2009 4180 ascribitur
2034 4121 2304 4195 Gregorio
2325 4120 2596 4190 Theologo
2628 4121 2680 4175 iu
2721 4120 3057 4195 Egyptiacis
3083 4122 3331 4178 omnibus
3364 4124 3513 4181 codi-

244 4198 397 4253 cibus
430 4206 484 4251 et
508 4198 671 4249 etiam
708 4193 762 4250 in
794 4197 982 4251 Gmco
1026 4196 1370 4250 Bibliotheca:
1414 4193 1632 4264 Regina}
1670 4207 1830 4263 atque
1854 4197 2014 4249 etiam
2068 4210 2132 4247 co
2153 4193 2379 4264 nomine
2411 4201 2719 4264 recensetur
2748 4208 2777 4264 a
2799 4193 3074 4264 theologis
3113 4202 3163 4247 et
3193 4194 3389 4247 rituum
3425 4196 3511 4247 in-

250 4268 597 4336 terpretibus,
627 4276 693 4336 Aut
724 4267 775 4320 in
805 4266 1279 4319 Constitutionibus
1307 4261 1573 4336 synodi'cis
1603 4261 1875 4320 Gabrielis
1898 4265 1989 4318 ﬁlii
2022 4263 2205 4336 Tarilt,
2240 4261 2383 4336 [iiii
2406 4263 2723 4336 patriarcha}.
2749 4262 3119 4336 Alexandrini,
3153 4264 3380 4317 articulo
3403 4264 3509 4336 26;

247 4330 498 4391 Abaseba
533 4330 588 4391 in
612 4334 846 4392 Scientia
890 4337 1267 4403 ecclesiastica,
1293 4330 1413 4406 cap.
1438 4336 1544 4402 8'5;
1578 4336 1915 4399 Abulbircat,
1969 4350 2087 4404 cap.
2113 4334 2219 4401 29;
2253 4331 2550 4387 Ebnassalo
2592 4330 2925 4387 Collectionia
2978 4348 3239 4386 canonum
3264 4349 3385 4403 cap.
3424 4334 3511 4400 12,

245 4419 300 4463 et
322 4408 461 4463 aliis.

795 4641 976 4699 Oratio
1015 4642 1117 4698 veli
1141 4640 1241 4713 (l).

318 4738 578 4796 Sacerdos
619 4745 833 4791 secreto.
886 4735 1113 4790 Domine
1153 4734 1295 4788 Deus
1330 4732 1692 4802 omnipotens,
1731 4734 1825 4804 qui

250 4833 390 4888 nosti
440 4828 799 4900 cogitationes
841 4826 1141 4889 hominum,
1190 4834 1463 4880 scrutator
1493 4825 1735 4880 cordium
1773 4835 1828 4881 et

253 4938 480 4978 renum:
517 4920 607 4990 qui
643 4934 728 4974 me
764 4919 1035 4988 indignum
1088 4918 1286 4972 vocasti
1336 4918 1403 4971 ad
1449 4916 1549 4971 hoc
1584 4917 1825 4972 ministe-

254 5016 391 5069 rium
433 5022 676 5068 sanctum
707 5019 857 5065 tuum
888 5025 902 5064 :
931 5026 1000 5064 ne
1025 5025 1111 5066 me
1161 5009 1395 5079 rejicias,
1430 5017 1485 5063 et
1515 5023 1583 5063 ne
1615 5018 1829 5064 avertas

253 5107 448 5161 faciem
478 5114 622 5158 tuam
652 5116 682 5155 a
716 5116 837 5167 me;
868 5101 957 5155 sed
983 5100 1100 5155 dele
1133 5099 1312 5153 omnia
1343 5097 1536 5152 delicta
1568 5112 1684 5151 mea
1719 5115 1733 5151 :
1772 5106 1828 5151 et.

255 5200 409 5255 ablue
438 5196 625 5252 sordes
653 5195 894 5264 corporis
918 5193 1042 5257 mei,
1088 5203 1143 5247 et
1172 5191 1413 5246 maculas
1447 5191 1638 5244 anima:
1670 5206 1801 5245 mea:

322 5362 400 5433 (l)
442 5360 553 5415 Τοῦ
592 5359 1125 5433 καταπετάσματος
1142 5355 1193 5433 i_u
1216 5355 1481 5433 Grmcaet
1503 5355 1555 5409 in
1580 5353 1702 5433 aliis
1718 5352 1826 5408 Li-

256 5426 447 5501 turgiis
476 5449 487 5485 :
533 5448 723 5501 nempe
763 5432 886 5499 quia
919 5426 1021 5483 non
1054 5433 1119 5481 ad
1154 5428 1325 5501 ipsum
1367 5426 1537 5501 altare
1564 5466 1578 5489 ,
1610 5426 1704 5501 sed
1737 5440 1797 5478 su

258 5497 530 5555 lunimodo
567 5503 618 5555 in
654 5497 995 5564 sanctuario,
1034 5514 1125 5555 seu
1173 5499 1388 5551 bemate
1433 5498 1632 5551 dicitur
1674 5497 1813 5548 intra

258 5574 469 5636 velum,
498 5588 605 5642 quo
650 5571 940 5642 secundum
989 5568 1427 5642 ritunt_Gr:L-cuu_t
1472 5577 1526 5642 et
1582 5566 1827 5642 orienta-

259 5642 360 5695 lem
394 5635 817 5695 circumdantur.
847 5639 901 5693 lu
935 5640 1118 5694 codice
1148 5638 1336 5693 Graeco
1365 5636 1607 5705 ejusdem
1642 5635 1821 5689 Litur-

260 5713 354 5779 εἰσι
381 5712 781 5780 ριίιξιιιὶιιυιιιιιτ
800 5712 1072 5765 orationes
1123 5710 1343 5777 aliquot,
1369 5723 1487 5776 quae
1517 5708 1567 5760 in
1593 5705 1828 5774 Copticis

262 5782 658 5854 exemplaribus
682 5798 785 5837 non
816 5789 1138 5848 occurrunt,
1170 5781 1292 5850 quia
1331 5794 1385 5835 re
1420 5793 1543 5834 vera
1572 5780 1639 5832 ad
1668 5780 1825 5832 istam

1859 4647 1905 4702 1)
1932 4639 2162 4694 Purilica
2185 4655 2269 4696 me
2287 4637 2544 4709 perfecte,
2573 4650 2639 4690 ne
2666 4651 2787 4691 cum
2815 4637 3109 4693 bonitatem
3143 4647 3285 4694 tuam
3321 4642 3511 4712 depre-

1934 4733 2121 4795 cabor,
2169 4742 2225 4785 ut
2268 4728 2531 4785 concedas
2575 4729 2787 4782 veniam
2848 4739 3192 4798 peccatorum
3235 4731 3378 4800 aliis,
3414 4750 3513 4803 ego

1935 4824 2195 4894 reprobus
2261 4822 2482 4875 clliciar.
2527 4820 2625 4887 Ita,
2677 4819 2921 4888 Domine,
2987 4838 3093 4877 non
3152 4826 3379 4895 repellas
3428 4841 3515 4883 ne

1937 4925 2187 4972 Incestum
2222 4925 2274 4970 et
2312 4914 2591 4968 confusum
2636 4932 2649 4967 :
2683 4916 2775 4968 sed
2820 4913 2974 4966 mitte
3023 4929 3185 4983 super
3229 4931 3312 4970 me
3345 4915 3513 4988 Spiri-

1939 5018 2051 5063 tum
2083 5017 2327 5062 sanctum
2359 5016 2505 5061 tuum
2526 5046 2541 5072 ,
2570 5013 2625 5062 et
2660 5004 2745 5060 fac
2789 5020 2876 5060 me
2919 5005 3135 5075 dignum
3181 5015 3236 5060 ut
3263 5010 3512 5066 assistam

1935 5099 2091 5153 altari
2136 5108 2226 5153 tuo
2261 5107 2445 5154 sancto
2473 5116 2487 5154 :
2524 5111 2700 5168 neque
2736 5098 2786 5152 id
2819 5097 2949 5151 mihi
2983 5100 3265 5168 proveniat
3291 5102 3342 5155 in
3366 5103 3512 5172 judi-

1934 5191 2101 5256 cium,
2139 5191 2231 5245 sed
2260 5187 2479 5243 offeram
2510 5187 2605 5243 tibi
2644 5186 2748 5243 hoc
2783 5187 3136 5254 sacriﬁcium,
3172 5189 3513 5258 rationabile,

1930 5366 2036 5407 non
2072 5352 2380 5421 pertinent,
2409 5349 2502 5404 scd
2538 5348 2842 5421 communis
2871 5347 3029 5421 allicit
3058 5360 3240 5419 partes
3270 5360 3395 5406 sunt
3421 5357 3515 5405 aut

1930 5418 2187 5477 dicutitur
2223 5422 2289 5475 ad
2332 5421 2588 5490 libitum,
2617 5418 2797 5490 Prima
2834 5420 3039 5487 absque
3062 5418 3237 5476 titulo
3260 5461 3277 5489 ,
3306 5437 3516 5490 przepa-

1930 5497 2134 5548 ratoria
2163 5502 2247 5546 est
2273 5531 2288 5556 ,
2324 5488 2625 5545 sacerdotis
2656 5488 3033 5557 indignitatem
3066 5506 3222 5545 suam
3255 5488 3516 5559 proﬁten-

1934 5565 2027 5626 tis,
2063 5563 2415 5630 divinumque
2446 5560 2702 5613 auxilium
2739 5561 3099 5628 pastulantis,
3138 5561 3205 5615 ad
3243 5562 3518 5630 inculpata

1931 5632 2314 5687 celebrandum
2343 5632 2679 5701 mysterium.
2717 5632 2962 5683 Secunda
2998 5630 3225 5701 dicenda
3265 5633 3519 5699 praescri-

1931 5703 2095 5766 bitur,
2132 5700 2413 5771 postquam
2464 5711 2821 5771 prmparatuut
2860 5701 3021 5754 fuerit
3058 5700 3254 5765 altare,
3339 5702 3516 5771 qualis

1943 5790 2004 5829 ca
2039 5770 2321 5844 estquam
2353 5771 2531 5827 Basilii
2556 5770 2775 5841 Coptica
2821 5778 3207 5840 repraesentat,
3242 5770 3514 5843 ejusdem-
