4100 6276
567 313 674 370 6Ὶο

1631 298 1967 355 LlTURGIA
2005 296 2064 353 S.
2102 289 2433 349 GREGORII
2472 285 2791 344 COPTICA.

3711 288 3823 345 680

567 428 909 488 incruentum
971 422 1053 494 (ἓ)
1089 434 1210 477 cum
1253 415 1581 473 conscientia
1619 428 1775 483 pura,
1806 413 1856 465 in
1883 410 2156 465 remissio-
2186 422 2230 477 Α
2261 403 2439 467 ruisti,
2488 412 2541 457 et
2595 399 2906 456 inimicitias
2944 398 3157 468 priores
3202 396 3444 451 delevist-i
3472 414 3489 448 :
3530 399 3832 455 conciliasti

571 535 690 575 nem
737 524 1074 586 peccatorum
1128 522 1183 566 et
1233 509 1578 578 iniquitatum
1626 519 1892 567 mearmn,
1932 502 2144 555 veniam

570 609 883 662 delictorum
937 603 1114 673 pupuli
1155 602 1251 667 tui,
1293 600 1532 667 requiem
1570 606 1623 650 et
1663 594 2002 663 refrigerium
2045 590 2146 642 Pa-

571 708 711 753 trum
773 706 1105 757 nostrorum,
1157 693 1245 761 qui
1306 691 1434 744 olim
1491 688 1904 742 obdormierunt
1948 685 1999 738 in
2044 682 2147 736 fide

572 789 869 842 orthodoxa
907 805 919 837 :
954 786 1019 839 ad
1061 782 1473 839 aediﬁcationem
1518 779 1697 848 populi
1749 778 1822 831 tui
1877 776 2059 839 totius,
2095 784 2149 829 et

573 880 638 931 ad
675 878 895 949 gloriam
927 887 1092 938 tuam,
1122 891 1240 929 cum
1276 872 1414 926 Filio
1444 882 1534 925 tuo
1580 869 1858 939 unigenito
1900 866 2144 929 Domino,

573 972 681 1025 Deo
729 981 782 1024 et
823 969 1099 1021 Salvatore
1150 975 1335 1020 nostro
1386 962 1508 1017 Jesu
1569 962 1809 1024 Christo,
1857 970 1910 1012 et
1944 958 2148 1027 Spiritu

576 1070 665 1113 tuo
694 1060 1015 1123 viviﬁcante,
1045 1058 1243 1126 tibique
1273 1052 1740 1116 consubstantiali,
1776 1066 1938 1115 nunc,
1968 1060 2074 1104 etc.

1023 1148 1206 1203 Oratio
1243 1146 1407 1199 osculi
1442 1144 1585 1213 paris
1621 1142 1717 1212 (ὅ).

574 1245 660 1307 (In
683 1244 823 1294 codd.
849 1255 963 1292 mss.
987 1242 1037 1290 S.
1054 1241 1305 1301 Gregorii;
1332 1234 1381 1287 in
1420 1234 1531 1286 aliis
1555 1234 1795 1284 S.Severi
1819 1232 2147 1296 patriarchae.)

643 1329 869 1382 jEterne
898 1325 1019 1389 Fili,
1062 1325 1149 1393 qui
1204 1324 1255 1376 iu
1294 1321 1679 1387 sempiternum
1711 1316 1987 1379 subsistis,
2019 1330 2151 1369 con-

572 1419 945 1474 substantialis
970 1416 1135 1477 Patri,
1171 1414 1354 1482 illique
1373 1411 1564 1464 throno
1593 1418 1643 1464 et
1670 1408 1943 1462 creatione
1967 1420 2151 1475 a-qua-

574 1513 640 1566 lis
670 1527 685 1565 :
720 1512 809 1580 qui
841 1510 954 1564 sola
991 1509 1231 1561 bonitate
1258 1520 1321 1559 ex
1353 1501 1521 1557 nihilo
1554 1501 1727 1556 fecisti
1762 1500 2056 1564 hominem,
2098 1507 2151 1551 et

574 1601 845 1657 collocasti
879 1615 1000 1655 eum
1036 1600 1085 1652 in
1117 1597 1365 1666 paradiso
1400 1593 1691 1661 voluptatis
1721 1609 1737 1648 :
1770 1590 1860 1660 qui
1894 1606 2014 1644 cum
2056 1604 2150 1645 ce-

576 1696 793 1751 cidisset
845 1709 940 1762 per
987 1691 1358 1759 deceptioncm
1404 1686 1630 1748 inimici,
1676 1693 1729 1739 et
1773 1682 2025 1753 pratcepti
2074 1680 2147 1734 liti

2252 506 2497 549 terrenos
2523 509 2644 548 cum
2669 492 3073 555 caalestibus,et
3096 489 3267 551 fecisti
3302 491 3369 544 de
3402 490 3610 547 duobus
3642 508 3833 556 unum.

2251 604 2345 657 per
2382 587 2832 655 dispensationem
2867 585 2920 639 in
2954 598 3157 640 carne:
3224 583 3517 637 ascendisti
3548 584 3601 639 in
3633 585 3834 640 rmlmn

2250 678 2624 747 corporaliter,
2656 687 2710 732 et
2740 676 3029 745 implevisti
3058 677 3241 731 omnia
3268 675 3554 730 divinitate
3592 685 3703 730 tua.
3751 676 3833 730 Tu

2251 771 2433 825 dixisti
2472 769 2753 838 discipulis
2796 769 2903 822 tuis
2947 770 3151 823 sanctis
3187 778 3243 823 et
3296 768 3576 839 apostolis,
3636 768 3833 823 Pacem

2251 878 2420 914 meam
2447 861 2514 914 do
2545 863 2704 924 vobis,
2746 875 2923 929 pacem
2947 875 3113 913 meam
3157 858 3395 930 relinquo
3428 859 3567 913 vobis
3587 860 3651 913 ¹³.
3685 860 3835 914 Cou—

2250 958 2381 1011 cede
2407 954 2516 1023 jam
2573 954 2727 1009 nobis
2770 954 2939 1019 illam,
2995 954 3251 1019 Domine;
3294 963 3350 1008 et
3395 953 3590 1008 munda
3628 968 3728 1011 nos
3766 955 3837 1009 ab

2250 1049 2397 1103 omni
2440 1047 2674 1110 macula,
2711 1047 2779 1100 ab
2812 1046 2958 1100 omni
2987 1046 3130 1111 dolo,
3161 1047 3229 1101 ab
3253 1044 3399 1099 omni
3433 1043 3573 1098 mala
3601 1045 3832 1109 malitia,

2254 1140 2319 1192 ab
2356 1138 2505 1192 omni
2550 1136 2934 1199 fraudulentia.
2986 1145 3041 1191 et
3092 1136 3409 1203 injuriarum
3456 1134 3838 1191 recordatioiie

2254 1227 2530 1283 mortifera
2574 1245 2587 1282 :
2634 1238 2686 1281 et
2719 1226 2804 1281 fac
2843 1242 2940 1282 nos
2986 1241 3174 1282 omnes
3216 1225 3430 1294 dignos,
3467 1224 3719 1289 Domine,
3776 1234 3839 1279 ut

2252 1319 2550 1374 salutemus
2574 1318 2803 1373 invicem
2839 1318 2889 1373 in
2930 1318 3116 1373 osculo
3161 1326 3371 1381 sancto,
3403 1331 3581 1385 neque
3609 1316 3837 1373 excida-

2253 1422 2374 1467 mus
2399 1426 2496 1481 per
2525 1409 2786 1478 judicium
2819 1426 2848 1464 a
2889 1411 3046 1465 donis
3088 1409 3194 1465 tuis
3237 1408 3633 1464 immortalibus
3671 1417 3840 1477 atque

2254 1500 2596 1567 caelestibus;
2640 1515 2738 1569 per
2774 1501 3003 1571 gratiam
3039 1509 3184 1553 tuam
3216 1509 3273 1554 et
3308 1500 3695 1568 benignitatem
3732 1498 3838 1553 Pa-

2255 1591 2352 1646 tris
2386 1592 2482 1657 tui,
2533 1600 2587 1645 et
2638 1592 3009 1660 Operationem
3065 1588 3299 1659 Spiritus
3343 1590 3456 1643 tui:
3497 1598 3554 1643 tu
3597 1603 3655 1644 es
3688 1590 3839 1642 enim

2252 1684 2496 1752 provisor
2520 1692 2573 1738 et
2596 1683 2819 1754 largitor
2842 1683 3085 1745 omnium
3119 1682 3383 1737 bonorum
3408 1699 3423 1747 ;
3468 1683 3673 1753 tibique
3702 1682 3841 1738 olli:-

581 1786 1080 1855 transgressionem,
1114 1781 1326 1835 voluisti
1357 1794 1477 1834 eum
1508 1791 1770 1831 renovare
1805 1784 1854 1829 ct
1886 1775 1937 1828 in
1974 1774 2149 1842 digni-
2181 1797 2220 1851 Β
2253 1778 2419 1831 riums
2458 1776 2685 1844 gloriam
2731 1786 2785 1831 et
2831 1777 3112 1839 honorem,
3153 1777 3603 1846 magnilicentiam
3650 1786 3706 1829 et
3740 1775 3841 1830 ad-

576 1886 738 1932 tatem
776 1893 924 1932 suam
962 1875 1241 1945 pristinam
1272 1872 1553 1926 restituere
1582 1887 1594 1920 :
1629 1884 1733 1923 non
1766 1867 2005 1935 angelos,
2036 1881 2140 1918 non

576 1968 946 2035 archangelos,
973 1982 1076 2019 non
1110 1964 1468 2033 patriarchas,
1510 1973 1686 2029 neque
1715 1959 2005 2026 prophetas
2051 1971 2146 2009 vo-

576 2059 716 2114 luisti
764 2068 1010 2111 auctores
1062 2069 1180 2109 esse
1228 2062 1425 2107 nostrm
1473 2047 1686 2109 salutis,
1719 2045 1815 2100 sed
1860 2054 1912 2098 tu
1947 2046 2149 2113 absque

576 2152 943 2204 imumtatione
966 2162 1181 2202 carnem
1211 2141 1571 2212 assumpsisti,
1605 2149 1660 2193 et
1689 2138 1848 2193 homo
1874 2136 2045 2191 factus
2066 2152 2144 2203 es,

574 2244 763 2299 similis
797 2242 951 2295 nobis
985 2240 1036 2293 in
1061 2238 1329 2301 omnibus,
1355 2245 1577 2303 eXcepto
1606 2240 1849 2302 peccato,
1886 2228 2060 2283 factus
2090 2244 2148 2284 es

574 2337 727 2390 nobis
764 2334 1026 2391 mediator
1054 2346 1181 2401 erga
1206 2328 1456 2390 Patrem;
1489 2324 1749 2396 parietem
1801 2321 2034 2376 medium
2067 2322 2147 2375 di-

604 2468 609 2473 ·
646 2449 690 2480 ¹³
712 2447 865 2501 Joan.
896 2461 1006 2512 xtv,
1038 2445 1129 2498 27.

576 2558 680 2611 que
718 2540 1019 2611 sententize.
1054 2537 1258 2597 Tertia.
1290 2551 1409 2611 quae
1430 2537 1495 2590 ad
1529 2534 1876 2611 Evangelium
1910 2531 2138 2611 dicenda

575 2601 688 2675 est,
714 2626 811 2665 suo
847 2609 963 2663 loco
994 2624 1095 2662 non
1131 2619 1212 2663 est
1240 2601 1409 2675 posita
1433 2647 1447 2669 ,
1476 2608 1569 2661 sed
1609 2601 1911 2675 adhibenda
1946 2603 2011 2675 ad
2050 2604 2138 2675 [Li-

573 2671 805 2751 turgiam
833 2681 1011 2743 istam,
1034 2671 1261 2751 quando
1296 2678 1487 2751 legitur
1515 2675 1823 2751 evangelica
1859 2672 2034 2726 lectio.
2066 2671 2139 2726 E1!

574 2746 695 2822 quae
740 2746 1073 2822 diciturjcoﬁ
1106 2749 1631 2822 natanstdqparog,
1671 2746 1859 2799 eadem
1895 2754 1988 2822 ‘est
2022 2758 2141 2810 quae

575 2814 815 2888 occurrit
850 2822 900 2873 iu
940 2820 1126 2874 Gneca
1157 2821 1369 2888 vulgata
1408 2814 1628 2881 Basilii,
1668 2830 1787 2869 cum
1821 2814 2010 2880 exigua
2046 2830 2140 2867 vo-

575 2908 697 2946 cum
750 2887 1085 2944 diversitate.
1136 2887 1335 2956 Quarta
1374 2888 1584 2940 tandem
1618 2901 1680 2940 ea
1720 2892 1803 2939 est
1840 2899 1959 2952 qua:
2006 2900 2141 2956 prm-

576 2963 807 3016 mittitur
854 2962 905 3013 in
954 2954 1494 3028 collice'zEgyptiaco
1535 2975 1549 3011 :
1595 2972 1723 3028 eam
1763 2968 1927 3028 porro
1974 2954 2141 3028 codex

579 3033 774 3099 Regius
826 3024 1611 3099 Graeco-Arabicaepropriam
1659 3024 1928 3099 Aigyptiis
1975 3024 2144 3078 fuisse

575 3096 877 3171 signiﬁcat,
918 3101 982 3154 iis
1039 3100 1216 3171 verbis
1263 3096 1595 3171 comem
1652 3096 2143 3171 καταπετάσμριτος

2250 1870 2574 1936 orationem,
2608 1884 2729 1922 cum
2754 1867 2913 1924 Patre
2953 1878 3043 1923 tuo
3075 1870 3234 1935 bono,
3274 1869 3597 1935 viviﬁcante,
3635 1870 3841 1939 tibique

2251 1962 2720 2025 consubstantiali,
2746 1977 2908 2026 nunc,
2941 1970 3047 2016 etc.

2700 2056 2815 2109 Alia
2850 2058 3018 2113 oratio
3058 2058 3127 2109 ad
3178 2053 3404 2110 Filium.

2327 2145 2547 2201 Christe
2582 2146 2719 2202 Deus
2750 2159 2955 2215 noster,
3002 2148 3173 2203 virtus
3210 2148 3487 2203 tremenda
3527 2156 3583 2202 et
3627 2148 3837 2203 incom-

2253 2237 2635 2301 prehensibilis
2669 2238 2760 2293 Dei
2806 2238 3005 2302 Patris,
3055 2241 3145 2308 qui
3187 2238 3342 2293 sedes
3376 2253 3537 2307 super
3580 2241 3839 2292 thronum

2252 2323 2559 2381 ﬁainmeum
2634 2329 2952 2397 cherubim,
3017 2331 3102 2384 cui
3167 2330 3475 2384 ministrant
3543 2338 3840 2399 potestates

2246 2535 2351 2591 Sed
2381 2538 2435 2591 in
2463 2538 2564 2591 hac
2588 2545 2643 2590 ut
2670 2536 2721 2588 in
2749 2533 2952 2602 multis,
2982 2532 3311 2603 signiﬁcatio
3344 2530 3734 2586 determinatur
3766 2546 3838 2584 ex

2246 2608 2385 2679 ston
2415 2607 2808 2661 ecclesiastico.

2318 2680 2393 2747 (⁸5)
2436 2679 2632 2733 Eadem
2678 2688 2762 2730 est
2802 2692 2920 2743 qme
2956 2674 3217 2730 iuGratco
3236 2673 3600 2747 Alexandrino
3628 2672 3841 2747 codice,

2247 2760 2303 2805 et
2327 2744 2482 2802 illam
2522 2748 2691 2800 altera
2735 2748 3000 2814 sequitur,
3043 2761 3203 2813 quam
3249 2746 3417 2798 codex
3463 2745 3603 2797 idem
3656 2744 3839 2814 conti-

2250 2833 2390 2875 net:
2431 2834 2535 2872 non
2586 2820 2730 2887 quod
2781 2812 2942 2883 vulgo
2994 2812 3112 2869 dua:
3160 2816 3438 2869 orationes
3470 2816 3536 2887 ad
3585 2812 3839 2887 osculum

2251 2892 2399 2959 pacis
2435 2885 2767 2953 dicerentur,
2814 2888 2907 2942 sed
2953 2888 3077 2959 quia
3128 2902 3229 2938 uita
3277 2885 3573 2959 secundum
3623 2885 3841 2959 dierum

2253 2954 2511 3015 festorum
2542 2959 2910 3013 diversitatem
2942 2958 3257 3026 eligeretur,
3288 2966 3379 3009 aut
3423 2955 3487 3008 ad
3532 2954 3843 3026 sacerdotis

2253 3032 2558 3085 arbitrium.
2616 3029 2712 3081 llic
2764 3035 2982 3088 autem,
3027 3025 3085 3079 ut
3144 3028 3196 3080 in
3243 3027 3364 3080 aliis
3394 3025 3634 3079 osculum
3683 3026 3844 3091 pacis

2252 3111 2476 3177 vocatur
2507 3099 3018 3177 aenaop§;,_quam
3049 3112 3251 3177 vocem_
3272 3095 3511 3177 {Egyptii
3543 3106 3595 3177 et
3627 3094 3843 3177 Arabes

575 3163 706 3244 πᾶρ⁹
742 3163 1247 3244 Αἱγύπτίοιςηιιίιιο
1273 3163 1619 3244 manifestum
1646 3176 1749 3231 est,
1786 3180 1889 3217 non
1921 3163 2142 3244 militum

2254 3187 2406 3244 suam
2440 3163 2712 3244 fecerunt:
2735 3163 3009 3244 incipiunt
3040 3183 3205 3236 porro
3235 3163 3489 3244 Litu'r'giac
3524 3166 3843 3244 singulares

577 3233 839 3297 sollicitos
869 3256 991 3297 esse
1021 3240 1215 3294 debere
1240 3253 1337 3293 nos
1364 3238 1429 3292 de
1460 3236 1655 3299 titulis,
1689 3247 1825 3304 quos
1857 3234 1940 3288 vel
1970 3233 2146 3285 Litur-

575 3314 690 3381 giae,
708 3312 790 3366 vel
824 3311 1044 3381 singula:
1074 3312 1348 3381 orationes
1378 3308 1607 3381 habent;
1643 3306 1799 3360 modo
1826 3314 2033 3381 certum
2075 3305 2146 3358 sit

576 3376 696 3438 illas
725 3398 792 3436 ex
841 3376 1110 3437 communi
1146 3379 1400 3437 Ecclesia:
1454 3378 1711 3433 thesauro
1738 3388 1861 3429 esse
1895 3376 2144 3441 deprom-

573 3462 712 3522 ptas,
740 3454 880 3521 quod
911 3452 1122 3519 quidem
1157 3451 1222 3522 de
1256 3450 1371 3504 istis
1412 3447 1748 3522 orationibus
1796 3444 2142 3522 manifestior)

574 3511 658 3577 est
692 3511 709 3577 Ξ
743 3511 867 3576 sunt
896 3511 1037 3574 enim
1069 3520 1256 3574 iisdem
1288 3534 1451 3586 prope
1481 3517 1659 3569 verbis
1702 3516 1756 3568 in
1783 3511 1971 3586 Jacobi
1994 3553 2007 3574 ,
2039 3512 2141 3565 Ba-

576 3594 713 3656 silii,
744 3593 826 3645 vel
853 3591 1226 3660 Chrysostomi
1270 3583 1555 3660 Litu'rgiis.
1594 3586 1743 3640 Unde
1770 3583 2141 3660 Jacobitarum

577 3663 808 3731 propriae
853 3656 1155 3722 non'suut,
1192 3661 1282 3731 s_ed
1311 3658 1600 3731 Ecclesim,
1644 3670 1818 3731 neque
1856 3656 2013 3709 unius
2051 3663 2146 3707 aut

578 3725 798 3784 alterius
820 3771 834 3795 ,
880 3734 971 3784 sed
1010 3731 1172 3785 totius
1201 3727 1453 3783 Ecclesiae
1482 3725 1775 3779 Orientalis
1794 3765 1807 3787 ,
1838 3740 1958 3778 cum
1996 3739 2143 3795 l‘CpC‘

578 3803 785 3856 riantur
812 3793 913 3855 non
941 3801 1097 3855 modo
1124 3801 1176 3852 in
1201 3795 1818 3864 Constantinopolitano,
1848 3810 1966 3864 quae
1993 3793 2145 3847 Basi-

578 3872 630 3923 lii
664 3882 716 3925 et
755 3871 1124 3941 Chrysostomi
1158 3867 1416 3941 Liturgiis
1445 3863 1775 3941 utitur-used
1797 3863 2146 3941 in_l|ier_oso-

579 3933 882 4011 lymitana;
916 3950 965 3995 et
1020 3933 1415 4011 Alexandrina,
1472 3952 1590 4005 qua:
1632 3933 1816 3990 Jacobi
1861 3933 2138 4003 Marcique

578 4011 834 4080 Liturgiis
859 4012 987 4065 olim
1020 4010 1328 4063 utebantur.

651 4075 818 4151 (2)'Iu
860 4081 1250 4151 hacoratione,
1279 4088 1333 4151 ut
1358 4077 1412 4131 in
1442 4076 1625 4151 multis
1643 4075 1787 4151 aliis,
1812 4075 1953 4151 quod
1976 4075 2144 4151 semel

579 4145 855 4207 monuisse
878 4150 1122 4213 sufﬁciet,
1154 4149 1355 4203 mentio
1378 4158 1462 4203 est
1489 4146 1740 4202 sacriﬁcii
1768 4145 2139 4209 eucharistiri,

579 4237 685 4277 non
717 4223 889 4276 minus
934 4236 1092 4289 quam
1135 4219 1332 4290 passim
1377 4218 1431 4272 in
1476 4218 1679 4290 Graecis
1705 4216 1930 4290 Jacobi,
1961 4214 2144 4290 llasilii

578 4283 1054 4360 Chrysostomique
1100 4283 1393 4359 L'iturgiis,
1442 4299 1497 4343 et
1543 4286 1924 4360 Alexandrinis
1952 4283 2143 4360 Greece

575 4355 932 4426 exstantibus,
968 4355 1229 4429 quidquid
1260 4355 1590 4427 scripserint
1624 4357 1756 4411 varii
1794 4355 2145 4429 contentiosa

578 4433 856 4501 theologia:
897 4428 1424 4495 conscribillatores,
1462 4429 1563 4501 qui
1594 4428 2140 4501 prietertlbytrzeum

2252 3242 2355 3294 illa:
2378 3282 2391 3301 .
2431 3257 2535 3295 non
2581 3242 2647 3292 ab
2688 3240 3030 3293 orationibus
3060 3239 3482 3306 praeparatoriis,
3516 3240 3607 3290 sed
3637 3238 3705 3288 ab
3741 3252 3840 3300 ea,

2249 3326 2368 3379 quae
2395 3310 2637 3364 osnulum
2666 3311 2815 3378 pacis
2846 3311 3120 3363 antecedit
3143 3348 3159 3371 ,
3188 3324 3308 3362 cum
3346 3308 3548 3375 reliqua
3579 3322 3644 3360 ex
3679 3322 3843 3360 rom-

2251 3381 2397 3435 umni
2440 3379 2615 3435 otiicio
2655 3380 2762 3448 peti
2797 3380 3030 3435 soleant.
3066 3382 3243 3446 Atque
3276 3380 3343 3432 ab
3378 3394 3442 3432 eo
3469 3381 3583 3432 loco
3614 3380 3843 3446 preprie

2250 3451 2515 3519 loquendo
2547 3451 2729 3518 incipit
2756 3450 3027 3516 anaphora
3049 3491 3061 3511 ,
3118 3448 3317 3505 oblatio
3347 3464 3439 3501 seu
3479 3465 3631 3501 sacra
3655 3451 3795 3500 actio
3820 3488 3835 3500 .

2250 3523 2391 3575 unde
2422 3523 2474 3574 in
2515 3520 2705 3574 Graeco
2738 3523 2945 3586 codice,
2983 3530 3111 3573 ante
3138 3520 3438 3573 orationem
3471 3527 3784 3587 sequentem
3820 3558 3839 3583 ,

2249 3608 2364 3660 quae
2403 3591 2712 3645 Prmfationi
2762 3599 2961 3644 nostra:
2997 3592 3322 3658 respondet,
3359 3589 3545 3643 titulus
3574 3588 3802 3660 liie‘adjt
3828 3617 3843 3625 ο

2249 3658 2438 3741 citur:
2490 3661 2657 3731 Ἀρχὴ
2686 3660 3251 3741 ’τῆς.πρς›σκομιδῆς;
3292 3675 3412 3741 ξιιιαῖ
3451 3661 3611 3741 verba
3660 3658 3844 3741 Acaiss

2250 3734 2516 3800 interpres
2554 3728 2762 3795 ver—tit,—
2806 3728 3027 3784 initium
3060 3728 3343 3800 sacriﬁcii.
3399 3731 3451 3800 In
3504 3728 3840 3796 quibusdam

2248 3798 2483 3870 Copticis
2509 3802 2908 3870 exemplaribus
2933 3802 3045 3855 hare
3069 3799 3253 3855 Oratio
3277 3798 3441 3854 osculi
3462 3800 3605 3870 pacis
3629 3802 3843 3870 Severo

2252 3868 2526 3936 tribuitur,
2594 3868 2935 3925 An‘tioclieuo
2969 3871 3235 3940 scilicet,
3296 3885 3455 3940 quem
3524 3868 3829 3935 Liturgiam

2248 3944 2569 4011 scripsisse,
2616 3942 2924 3996 communis
2956 3939 3326 3995 Jacobitarum
3380 3941 3594 3995 traditio
3637 3947 3743 4003 est,
3775 3950 3841 3994 et

2247 4029 2364 4066 eam
2413 4013 2563 4066 multi
2608 4011 2819 4083 Syriaci
2874 4012 3090 4066 codices
3138 4021 3560 4083 repraasentant,
3616 4025 3676 4062 ex
3724 4026 3841 4083 qua

2249 4082 2361 4136 haec
2403 4083 2578 4138 oratio
2623 4080 2907 4136 transferri
2947 4084 3143 4150 potuit,
3188 4086 3256 4137 ob
3290 4080 3653 4136 arctissimam
3684 4080 3842 4136 sedis

2247 4153 2626 4207 Alexandrina:
2672 4152 2989 4207 .Iacobitica:
3031 4168 3152 4206 cum
3215 4152 3547 4209 Autiochena
3603 4151 3841 4218 conjun-

2248 4224 2478 4279 ctionem
2507 4245 2521 4276 ε
2550 4223 2995 4291 singularemque
3023 4222 3209 4277 Severi
3241 4222 3664 4277 venerationem.
3694 4222 3838 4291 Nam

2248 4292 2365 4357 ejus
2391 4293 2582 4361 duplex
2617 4290 2879 4362 memoria
2910 4290 2988 4357 lit,
3019 4293 3199 4347 obitus
3226 4294 3454 4352 scilicet,
3480 4304 3645 4362 atque
3681 4290 3841 4361 ejus-

2248 4364 2367 4416 dem
2411 4369 2675 4433 adventus
2721 4361 3131 4433 iq_A§gyptum,
3172 4364 3399 4431 septima
3438 4361 3611 4425 Toth,
3645 4369 3698 4415 et
3737 4375 3837 4414 se-

2250 4434 2424 4486 cunda
2478 4432 2701 4503 Paophi.
2760 4431 2876 4487 Non
2926 4431 3119 4486 tamen
3174 4434 3491 4487 existimare
3539 4434 3835 4503 quisquam

577 4512 631 4575 et
678 4496 921 4556 ltiv'etum
949 4502 1099 4575 nihil
1128 4502 1407 4575 legerunt,
1442 4496 1508 4553 ne
1555 4496 1700 4575 ipsas
1726 4496 1942 4575 quidem
1966 4535 1982 4559 ,
2012 4510 2144 4575 quas
2180 4512 2225 4569 ι)
2253 4504 2412 4575 debet
2453 4520 2541 4575 ex,
2574 4496 2662 4557 illo
2706 4505 2891 4566 titulo,
2942 4503 3213 4575 Severmn
3248 4504 3411 4575 ullum
3460 4496 3835 4575 patriarhc'batn

578 4573 913 4642 iutpuguant,
948 4568 1237 4642 Liturgitts.
1290 4570 1522 4642 Utuntur
1570 4569 1744 4642 Graeci
1790 4568 1873 4620 his
1929 4568 2147 4642 potissi-

579 4635 754 4694 mum-
768 4644 988 4697 vocibus
1009 4681 1023 4702 ,
1064 4635 1258 4711 λόγικὴ
1290 4639 1553 4711 λοιτρεῐεζἶ
1598 4637 1757 4711 Quoia.
1777 4676 1791 4701 ,
1824 4635 2109 4711 προσφορά
2130 4675 2144 4700 ,

579 4711 791 4783 Syriet
816 4711 1112 4783 [Ethiopes
1138 4707 1359 4783 vocibus
1399 4707 1471 4764 ex
1517 4708 1780 4783 llebraica
1830 4707 2011 4783 lingua
2048 4709 2145 4759 de-

578 4778 775 4844 ductis,
808 4778 1045 4847 Korban,
1076 4789 1129 4837 et
1154 4781 1294 4834 aliis.
1336 4778 1587 4847 Argutari
1612 4790 1793 4831 autem
1823 4778 1999 4832 solent
2032 4793 2149 4830 mo-

578 4852 686 4928 rosi
731 4852 804 4905 illi
835 4852 1044 4915 critici,
1076 4867 1143 4905 ex
1173 4849 1512 4928 etymologia
1543 4848 1850 4927 linguarum
1896 4847 2148 4928 orienta-

580 4922 746 4990 lium,
797 4936 1021 4990 quarum
1072 4918 1318 4989 peritiam
1365 4918 1848 4990 ubiquejactant:
1906 4918 2148 4990 adempte

579 4988 836 5055 Korban,
866 4999 957 5044 aut
984 4988 1186 5044 similes
1228 4996 1429 5058 negant
1452 4989 1757 5057 signiﬁcare
1804 4988 2143 5056 sacriﬁcium.

581 5060 795 5116 Haerent
838 5071 1013 5116 tamen
1047 5061 1100 5115 in
1132 5060 1252 5115 aliis
1283 5057 1522 5121 vocibus,
1555 5060 1762 5129 qum/vf;
1794 5057 1956 5129 θυσίᾳ.
1991 5075 2146 5126 pres-

579 5132 692 5186 sius
714 5134 1065 5202 respondent,
1092 5146 1195 5200 qua
1219 5129 1463 5202 Coptitar,
1493 5136 1550 5202 ut
1578 5128 1760 5183 multis
1792 5130 1911 5184 aliis
1936 5128 2142 5202 Grauis

579 5199 889 5269 frequenter
920 5199 1156 5265 utuntur,
1191 5210 1247 5253 ut
1269 5209 1393 5255 sunt
1428 5199 1649 5269 Syriaca
1693 5210 1886 5259 unum
1932 5199 2145 5253 etAra-

580 5272 696 5325 bica
718 5283 903 5332 mn:
945 5271 1262 5341 Aigvptiaca
1305 5284 1519 5339 quoque
1568 5270 1766 5324 nativa.
1822 5271 1943 5323 Illas
1986 5284 2147 5341 porro

579 5356 738 5396 voces
767 5355 956 5395 omnes
984 5339 1347 5396 indifferenter
1371 5351 1633 5409 usurpant
1656 5341 1980 5394 Orientales.
2013 5339 2142 5391 llum

578 5426 708 5483 vero
751 5415 1076 5483 incruentam
1125 5421 1316 5483 vocant
1364 5410 1678 5483 oblationem
1727 5410 2148 5483 προσφοράννρι

578 5480 790 5549 ουσίαν,
839 5483 965 5551 quid
1014 5482 1379 5536 intellexerint
1426 5482 1482 5551 in
1530 5480 1783 5536 obscuro
1812 5496 1919 5535 non
1981 5482 2144 5535 relin-

578 5563 771 5621 qunnt.
798 5550 1077 5625 ηΛογικήν,
1123 5568 1241 5623 qua:
1273 5567 1373 5607 vox
1414 5550 1724 5625 frequenter
1754 5552 2059 5625 adhibetur,
2090 5563 2143 5604 et

576 5637 738 5691 quam
782 5622 1022 5691 Coptitac'
1059 5622 1436 5687 retinuerunt,
1466 5622 1799 5691 spiritualem
1839 5622 2142 5693 signiﬁcat,

578 5704 674 5760 per
716 5696 1102 5761 oppositionetn
1148 5696 1214 5748 ad
1259 5709 1564 5761 corporeum
1604 5697 1899 5761 :quamvis
1941 5694 2061 5762 Syri
2093 5706 2143 5744 et

577 5762 784 5817 Arabes
810 5778 926 5819 eam
952 5766 1171 5835 rigidius
1200 5777 1254 5822 et
1285 5768 1349 5820 ad
1378 5766 1611 5819 litteram
1648 5765 1982 5833 interpretati
2013 5766 2136 5819 sint.

2252 4574 2679 4627 Alexandrinum
2720 4574 2904 4635 fuisse,
2938 4576 3078 4642 quod
3117 4573 3291 4628 Guido
3322 4572 3607 4628 Fabricius
3649 4570 3834 4625 Bade-

2254 4645 2437 4695 rianns
2467 4645 2670 4713 absque
2710 4645 2813 4696 ulla
2850 4645 3168 4697 auctoritate
3216 4643 3465 4713 Omnibus
3511 4658 3673 4713 prope
3700 4657 3835 4711 per-

2251 4715 2449 4778 suasit,
2483 4711 2604 4768 cum
2640 4715 2806 4767 edidit
2844 4715 3111 4768 Ritualem
3156 4713 3403 4783 baptismi
3454 4711 3669 4777 librum,
3725 4715 3834 4783 sub

2253 4784 2437 4839 Severi
2470 4786 2791 4854 patriarcha:
2820 4785 3169 4838 Alexandrini
3204 4782 3454 4849 nurnine,
3493 4799 3615 4838 cum
3647 4782 3835 4854 nullus

2252 4854 2392 4908 inter
2416 4853 2710 4923 permultos
2733 4895 2747 4918 ,
2782 4856 2872 4925 qui
2903 4855 2955 4909 in
2990 4855 3331 4910 bibliothecis
3356 4863 3591 4918 exstant,
3622 4853 3834 4925 codici-

2251 4926 2370 4987 bus,
2399 4922 2539 4979 hunc
2570 4926 2779 4979 titulum
2800 4922 3082 4994 pra-ferat.
3131 4924 3319 4979 Nullus
3349 4942 3479 4980 sane
3510 4926 3651 4978 inter
3681 4922 3836 4979 laco—

2251 4994 2389 5048 bitas
2435 4997 2670 5050 Severus
2708 4996 3129 5050 Alexandrinam
3161 4996 3343 5050 sedem
3378 4996 3548 5050 tenuit
3582 5011 3596 5048 :
3638 5004 3691 5048 et
3724 4996 3832 5049 lin-

2251 5081 2351 5134 gua
2393 5065 2613 5136 Syriaca
2638 5106 2652 5129 ,
2684 5082 2791 5136 qua
2825 5066 2961 5120 liber
2994 5067 3082 5120 ille
3120 5068 3353 5136 scriptus
3393 5075 3509 5132 est,
3548 5080 3827 5134 nunquam

2253 5140 2305 5207 in
2348 5135 2747 5207 sac'risolﬁriis
2789 5146 3045 5203 usurpata
3085 5138 3225 5204 apud
3265 5135 3548 5207 Egyptios
3590 5136 3709 5190 fuit.
3763 5136 3829 5191 lu

2251 5205 2488 5274 Liturgia
2534 5206 2715 5261 Basilii
2761 5209 2985 5276 Coptica
3036 5207 3276 5275 qua-dam
3331 5205 3506 5261 oratio
3550 5207 3829 5272 occurrit,

2250 5292 2411 5345 quam
2438 5278 2651 5332 codices
2684 5280 3029 5346 mamtsrripti
3078 5278 3318 5332 llOlllllllll
3365 5278 3556 5337 Joanni
3587 5276 3829 5347 Chryso~

2250 5358 2457 5413 stomo,
2489 5348 2578 5402 alii
2632 5347 2824 5404 Joanni
2859 5347 3156 5411 Bostreno,
3199 5350 3311 5403 sive
3348 5348 3635 5404 Basorensi
3671 5348 3833 5402 attri-

2250 5417 2437 5471 buunt.
2494 5417 2710 5473 Primus
2753 5430 2809 5474 ut
2854 5420 3155 5473 communis
3200 5417 3562 5473 Ecclesiarum
3591 5419 3779 5472 doctor
3806 5435 3825 5469 :

2250 5489 2387 5560 alter
2422 5500 2483 5543 ut
2511 5491 2561 5543 iu
2592 5492 2777 5544 eadem
2805 5505 2910 5560 qua
2938 5488 3161 5559 {Egypti
3191 5487 3449 5544 Jacobitre
3480 5501 3654 5552 set-ta,
3680 5489 3831 5560 agni-

2252 5568 2335 5612 tus
2359 5559 2500 5616 fuit:
2542 5559 3062 5630 amboque'diversa
3114 5560 3323 5615 ratione
3365 5561 3525 5616 talem
3558 5559 3699 5628 apud
3732 5575 3828 5615 eos

2250 5633 2626 5685 auctoritatem
2679 5632 2822 5685 nacti
2873 5644 3029 5694 sunt,
3080 5640 3135 5682 ut
3179 5633 3454 5686 orationes
3503 5647 3570 5687 ex
3613 5634 3826 5686 illorum

2250 5700 2506 5773 Liturgiis
2537 5705 2587 5757 in
2623 5703 2875 5773 Copticas
2914 5701 3360 5758 transferrentur.
