4100 6276
225 333 324 390 631

1183 328 1193 337 ’
1246 324 1575 380 LITURGIA
1616 323 1674 376 S.
1712 318 2043 375 GREGORII
2085 321 2399 377 COPTICA.

3362 317 3469 371 682

222 447 413 516 ignere.
443 441 523 496 Tu
548 457 607 497 es
635 442 771 510 ignis
806 456 1129 499 consumens
1157 458 1253 513 per
1278 444 1608 498 divinitatem
1634 451 1798 505 tuam,
1830 443 1877 497 Δ
1905 454 2090 493 eorum
2145 440 2235 508 qui
2286 447 2411 492 sunt
2448 435 2764 491 invisibiles.
2798 436 3142 491 Connumera
3180 449 3281 490 nos
3331 436 3471 489 inter

222 545 443 605 propter
493 535 830 604 splendorem
886 545 1032 589 tuum
1090 534 1435 596 inell‘abilem.
1471 546 1523 588 et
1558 548 1795 587 amorem

225 637 369 682 tuum
399 641 525 693 erga
555 624 819 679 homines.
872 624 987 679 Non
1018 624 1388 688 combussisti,
1420 638 1518 678 nec
1557 622 1797 693 repulisti

220 718 623 772 fraudulentum
670 716 1009 777 traditorem,
1055 730 1174 769 cum
1211 713 1550 768 accessit-ad
1598 723 1667 778 te,
1706 713 1799 767 sed

223 810 498 865 osculatus
526 821 585 863 es
617 822 735 861 eum
761 806 947 862 osculo
983 806 1164 872 amici,
1202 815 1259 859 ιιι
1291 806 1529 859 traheres
1560 803 1704 857 illum
1734 803 1800 857 ad

226 899 622 968 pmnitentiam,
664 906 718 950 et
760 896 826 949 ad
866 896 1104 949 audacia:
1141 911 1252 949 sua:
1306 894 1658 964 agnitionem.
1711 894 1800 947 Di-

224 1005 357 1058 gnos
388 990 473 1043 fac
502 1004 617 1052 nos,
654 988 899 1047 Domine,
928 987 977 1040 itt
1002 989 1101 1041 hac
1132 988 1263 1040 hora
1294 985 1541 1050 terribili,
1576 992 1633 1039 ut
1668 1000 1800 1038 una-

222 1081 396 1133 nimes
436 1083 635 1148 absque
666 1079 978 1146 duplicitate
1017 1079 1214 1145 cordis,
1266 1078 1584 1146 exterisque
1611 1076 1799 1146 nequi-
1892 1070 1893 1073 “

226 1173 336 1231 tiis.
367 1172 662 1225 Saltttetnus
694 1172 923 1225 invicem
961 1172 1011 1225 in
1034 1172 1218 1226 osculo
1245 1182 1435 1227 sancto
1465 1189 1480 1226 :
1519 1180 1575 1226 et
1607 1186 1672 1225 ne
1704 1184 1802 1225 nos

226 1262 480 1331 projieias
530 1263 583 1314 in
621 1261 901 1331 judicium,
937 1262 979 1315 si
1011 1263 1185 1317 minus
1230 1262 1465 1331 perfecte
1492 1260 1676 1315 mundi
1729 1258 1803 1313 si-

226 1368 373 1415 mus,
411 1366 582 1421 neque
615 1352 752 1405 sicut
786 1350 1036 1417 placitum
1082 1361 1164 1404 cst
1203 1351 1427 1404 bonitati
1465 1360 1587 1413 tute,
1618 1364 1647 1401 a
1675 1347 1803 1423 faece

227 1444 453 1511 peccati,
488 1458 516 1495 a
551 1440 806 1510 nequitia,
838 1449 891 1495 et
931 1440 1206 1494 mortifera
1247 1440 1563 1508 iujuriarnm
1628 1453 1803 1493 recor-

230 1536 446 1587 datione
479 1551 493 1587 :
530 1533 623 1586 sed
667 1541 720 1585 tu
770 1545 866 1599 per
906 1530 1223 1585 ineli'abilem
1268 1530 1604 1584 clementiam
1635 1536 1800 1590 tuam,

229 1626 317 1694 qui
352 1625 494 1678 nosti
535 1622 974 1684 imbecillitatem,
1008 1635 1062 1676 et
1102 1622 1512 1691 propensionem
1549 1620 1614 1674 ad
1666 1620 1802 1675 infe-

232 1717 374 1768 riora
409 1712 645 1780 ligmenti
682 1711 874 1776 nostri,
922 1711 1043 1766 dele
1069 1726 1259 1766 omnes
1290 1710 1525 1765 maculas
1556 1720 1802 1779 peccato-

1907 537 2198 597 potestates
2236 528 2502 593 caelestes,
2562 535 2620 579 ut
2672 526 2913 579 dicamus
2970 540 3091 579 cum
3156 525 3280 590 illis,
3334 525 3470 592 abji-

1906 620 2111 672 cientes
2134 632 2323 671 omnes
2350 616 2702 685 cogitationes
2729 616 2993 669 absurdas
3021 624 3072 669 et
3093 615 3332 680 inutiles,
3358 614 3473 667 cla-

1908 722 2223 777 tnemusque
2264 708 2404 762 idem
2436 708 2577 776 quod
2616 707 2687 759 illi
2739 707 2923 761 dicunt
2967 707 3273 762 incessabili
3321 722 3472 773 voce,

1908 811 2068 869 atque
2107 815 2202 855 ore
2251 798 2594 863 indesinenti,
2631 798 3011 855 benedicamus
3047 800 3474 869 magnitudinent

1910 904 2076 948 tuam.

1981 984 2269 1037 Diaconus.
2299 983 2378 1037 Ad
2405 982 2669 1038 orientem
2692 982 2935 1052 aspicite.

1981 1074 2261 1129 Sacerdos.
2296 1073 2374 1127 Tu
2406 1089 2461 1128 es
2491 1074 2632 1127 enim
2680 1074 2764 1127 cui
2806 1072 3067 1126 assistunt
3099 1072 3375 1126 cherubim
3425 1081 3479 1126 et

1911 1164 2180 1232 scraphim
2226 1162 2373 1217 senis
2403 1162 2503 1214 alis
2536 1161 2785 1215 instructi
2817 1180 2829 1214 :
2857 1176 2951 1213 sex
2998 1159 3095 1213 alae
3127 1161 3240 1227 tttti,
3293 1170 3347 1215 et
3383 1175 3477 1214 sex

1912 1255 2007 1308 ala:
2042 1252 2195 1306 alteri
2232 1271 2245 1306 :
2298 1251 2505 1306 duabus
2531 1252 2630 1304 alis
2667 1251 2846 1304 velant
2877 1250 3043 1304 facies
3082 1265 3229 1315 suas,
3270 1251 3479 1305 duabus

1914 1350 2099 1411 tegunt
2129 1342 2289 1409 pedes
2318 1355 2464 1405 suos,
2494 1350 2548 1395 et
2581 1339 2787 1393 duabus
2822 1339 3000 1395 volant
3030 1358 3043 1393 :
3078 1339 3481 1408 clamante-que

1911 1434 2048 1488 alter
2076 1434 2143 1487 ad
2190 1433 2438 1497 alterum,
2480 1432 2660 1486 dicunt
2688 1431 2944 1500 hymnum
2989 1430 3359 1500 triumphalem
3396 1446 3482 1483 sa-

1914 1526 2039 1581 lutis
2063 1536 2277 1590 nostrae,
2302 1534 2357 1579 et
2389 1524 2612 1580 vocibus
2649 1523 2895 1592 gloriosis
2925 1522 3143 1577 laudant
3185 1522 3482 1578 clamantes

1910 1628 1966 1671 et
1994 1618 2251 1672 dicentes.

1983 1706 2269 1760 Diaconus.
2302 1705 2672 1759 Attendamus.

232 1821 349 1860 rum
405 1814 736 1867 nostrorum,
788 1811 848 1856 ut
891 1816 997 1856 non
1048 1801 1119 1855 sit
1164 1802 1318 1856 nobis
1367 1802 1417 1853 in
1449 1801 1709 1871 judicium
1757 1809 1811 1853 et
1847 1793 1887 1847 Β
1983 1795 2238 1863 Populus.
2275 1795 2527 1859 Sanctus,
2567 1804 2809 1858 sanctus,
2846 1802 3065 1849 sanctus

228 1894 735 1950 condemnationem
788 1891 889 1948 hoc
953 1890 1266 1961 mysterium
1328 1890 1622 1946 divinitatis
1681 1899 1802 1944 tum.

235 1986 312 2041 Tn
358 1990 503 2040 enim
554 1996 741 2053 potens
783 2000 842 2040 es
892 1981 1079 2037 tollere
1118 1991 1338 2052 peccata
1376 1983 1579 2049 omnia,
1612 1990 1666 2037 et
1714 1996 1809 2035 au-

230 2079 372 2133 lerre
404 2076 695 2146 injustitias
729 2090 784 2130 et
808 2075 1122 2144 iniquitates
1155 2073 1431 2128 hominum
1462 2073 1806 2139 miserorum,

236 2183 287 2222 tu
315 2169 409 2239 qui
445 2183 641 2237 purgas
663 2175 830 2220 totum
855 2168 1109 2219 mundum
1143 2183 1158 2219 :
1192 2175 1248 2219 et
1282 2171 1332 2217 te
1360 2163 1514 2217 decet
1542 2162 1811 2232 gloriﬁca-

237 2258 327 2318 tio,
354 2271 464 2308 uno
494 2270 610 2317 ore,
672 2264 725 2308 et
779 2254 846 2308 ab
885 2268 1227 2322 unoquoque,
1268 2252 1567 2312 veneratio,
1604 2253 1812 2321 magni-

236 2345 451 2400 ﬁcentia
486 2355 539 2401 et
579 2346 824 2401 aduratio
878 2360 999 2399 cum
1034 2344 1194 2399 Patre
1231 2354 1321 2399 tuo
1364 2348 1503 2398 bono
1532 2353 1582 2396 et
1607 2342 1809 2412 Spiritu

238 2449 423 2491 sancto
473 2438 798 2504 viviﬁcante,
838 2437 1042 2506 tibique
1074 2436 1540 2499 consubstantialt,
1582 2448 1722 2488 nunc
1758 2445 1813 2487 et

236 2541 467 2595 scruper,
496 2538 552 2581 et
580 2529 631 2581 in
658 2528 850 2581 smcula
881 2526 1219 2581 saeculorum.
1247 2526 1439 2579 Amen.

306 2615 585 2671 Sacerdos.
615 2616 865 2671 Charitas
898 2617 985 2670 Dei
1017 2615 1215 2678 Patris,
1241 2615 1411 2684 gratia
1463 2611 1580 2667 Filii
1622 2612 1811 2682 unige-

251 2708 346 2763 Ititi
385 2708 595 2762 Domini
646 2709 738 2762 Dei
787 2718 842 2762 et
879 2706 1176 2762 Salvatoris
1205 2706 1372 2758 nostri
1416 2704 1539 2761 Jesu
1577 2703 1812 2765 Christi,

245 2809 301 2856 et
326 2800 742 2855 communicatio
793 2809 849 2855 et
889 2799 1087 2853 donutn
1118 2797 1349 2867 Spiritus
1375 2797 1568 2861 sancti,
1596 2797 1810 2852 sitcum

238 2895 492 2949 omnibus
518 2893 689 2949 vobis.
1022 2880 1037 2893 ’

310 2986 570 3055 Populus.
611 2985 674 3039 Et
700 3000 821 3040 cum
853 2984 1042 3054 spiritu
1071 2992 1182 3041 tuo.

315 3078 595 3131 Sacerdos.
638 3077 863 3132 Sursum
892 3078 1057 3132 corda
1085 3085 1282 3130 vestra.

320 3170 577 3241 Populus.
618 3169 887 3224 Habemus
920 3170 986 3223 ad
1019 3169 1322 3223 Dominum.

314 3262 596 3317 Sacerdos.
631 3260 843 3314 Gratias
872 3275 1093 3334 agamus
1122 3261 1364 3314 Domino.

317 3352 573 3421 Pepulus.
612 3352 837 3421 Dignum
867 3361 918 3404 et
950 3349 1154 3416 justum
1184 3361 1288 3402 est.

312 3444 600 3498 Sacerdos.
629 3443 850 3511 Dignum
879 3450 931 3495 et
952 3442 1153 3510 justum
1178 3450 1279 3493 εει.
1313 3436 1431 3491 Ter.

317 3534 459 3589 Vere
488 3536 705 3604 dignum
737 3541 790 3587 et
828 3532 1029 3601 justum
1061 3542 1166 3593 est,
1220 3540 1277 3583 ttt
1314 3541 1362 3583 te
1400 3529 1629 3592 laudent,
1662 3528 1820 3581 bene-

246 3628 425 3685 dicam
458 3628 572 3691 tibi,
600 3639 653 3679 et
682 3625 913 3679 serviam
942 3624 1060 3686 tibi,
1086 3625 1413 3690 aduremqtte
1443 3631 1496 3674 et
1530 3619 1820 3687 gloriticem

246 3731 324 3785 te,
349 3722 438 3790 qui
486 3736 544 3774 es
582 3735 739 3783 unus,
772 3717 938 3779 solus,
992 3714 1129 3766 Deus
1174 3727 1353 3775 verus,
1390 3721 1601 3764 amator
1651 3710 1824 3763 homi-

252 3830 404 3877 num,
441 3809 1069 3874 inelTabilis,invisibilis.
1106 3802 1683 3874 incomprehensibilis,
1708 3802 1824 3855 sine

251 3906 541 3977 principio,
578 3915 831 3964 mternus,
854 3902 969 3955 sine
1002 3909 1265 3967 tempore,
1297 3895 1820 3965 incircumscriptus,

252 3994 716 4063 ininvesligabilis,
747 3991 1114 4053 immutabilis,
1148 3990 1373 4043 Creator
1402 3989 1668 4051 omnium,
1707 3986 1826 4041 Sal-

251 4098 411 4142 vator
438 4087 713 4150 omnium;
754 4083 843 4153 qui
874 4083 1102 4137 remittis
1127 4090 1344 4148 peccata
1382 4088 1586 4144 nostra,
1621 4080 1711 4148 qui
1745 4091 1830 4132 re-

251 4179 418 4236 dimis
445 4180 510 4231 ab
532 4177 748 4231 interitu
774 4177 935 4227 vitam
967 4182 1228 4237 nostram,
1258 4171 1349 4240 qui
1375 4186 1604 4225 coronas
1640 4185 1737 4223 nos
1776 4171 1827 4224 in

252 4270 628 4329 misericordia
659 4279 711 4323 et
742 4266 1202 4322 miserationibus.
1231 4264 1310 4318 Tu
1339 4281 1397 4319 es
1422 4280 1581 4331 quem
1614 4264 1831 4319 laudant

252 4360 458 4431 angeli,
489 4368 542 4413 et
576 4360 797 4413 adorant
828 4355 1137 4423 archangeli
1163 4372 1178 4420 ;
1210 4365 1262 4407 tu
1297 4369 1356 4410 es
1393 4356 1476 4408 cui
1506 4354 1833 4410 benedicunt

1980 1888 2263 1944 Sacerdos.
2305 1888 2535 1942 Sanctus
2601 1897 2819 1941 sanctus
2848 1886 3125 1953 Dominus,
3156 1896 3210 1941 et
3261 1897 3482 1942 sanctus

1910 1978 1963 2033 in
2006 1981 2167 2035 rebus
2207 1977 2476 2042 omnibus,
2508 1987 2562 2033 et
2604 1978 2919 2047 praeclarum
2951 1977 3127 2032 lumen
3171 1979 3482 2033 substantia:

1912 2082 2037 2137 tuae,
2074 2074 2214 2127 sicut
2240 2070 2524 2125 inetl'abilis
2563 2077 2646 2123 est
2674 2078 2909 2137 potestas
2934 2069 3208 2139 sapientiae
3237 2081 3359 2138 ture,
3386 2085 3484 2126 nec

1915 2164 2094 2218 verbis
2122 2162 2376 2231 explicari
2402 2169 2578 2230 potest
2603 2161 2824 2231 pelagus
2866 2161 3074 2216 amoris
3116 2161 3189 2215 tui
3216 2177 3343 2231 erga
3387 2161 3485 2217 he-

1914 2256 2102 2309 mines.
2133 2253 2339 2308 Creasti
2374 2267 2457 2306 me
2484 2251 2751 2305 hominem
2785 2267 2880 2320 per
2904 2252 3286 2323 benignitatem
3312 2263 3482 2318 tuam,

1914 2362 2084 2416 neque
2119 2346 2395 2415 indigebas
2439 2359 2554 2397 mea
2591 2346 2873 2407 servitute,
2915 2345 3009 2398 sed
3038 2360 3136 2414 ego
3179 2345 3483 2415 indigebant

1915 2439 2276 2493 dominatione
2304 2446 2389 2490 tua
2412 2456 2424 2488 :
2446 2446 2668 2506 prepter
2687 2436 3025 2491 clementiam
3044 2446 3187 2491 tuam
3213 2452 3483 2507 magnam,

1914 2531 2088 2585 fecisti
2130 2546 2215 2584 me
2238 2544 2362 2583 cum
2411 2546 2514 2583 non
2543 2544 2718 2585 essem
2758 2546 2770 2582 :
2805 2530 3029 2583 erexisti
3062 2530 3193 2583 mihi
3234 2529 3399 2584 caelos
3433 2530 3485 2582 in

1916 2628 2153 2686 tectum;
2191 2622 2414 2675 tirtnastt
2443 2621 2570 2675 mihi
2602 2631 2798 2675 terram
2826 2630 2883 2675 ut
2917 2635 3079 2690 super
3110 2636 3226 2675 eam
3254 2621 3490 2675 ambula-

1917 2727 2030 2765 rem
2074 2729 2088 2766 :
2135 2722 2351 2782 propter
2403 2726 2487 2765 tne
2538 2712 2847 2766 conclusisti
2902 2727 3080 2778 mare;
3134 2722 3351 2782 propter
3404 2728 3491 2766 me

1919 2803 2216 2869 produxisti
2256 2813 2503 2857 naturam
2544 2803 2880 2866 animalium,
2913 2811 2967 2857 e'.
2992 2805 3174 2857 omnia
3210 2804 3489 2874 subjeciin

1919 2897 2019 2952 sub
2052 2895 2277 2966 pedibus
2316 2897 2469 2960 meis,
2501 2909 2603 2951 nec
2642 2909 2833 2965 passus
2863 2909 2921 2947 cs
2955 2894 3141 2949 deesse
3176 2896 3306 2949 mihi
3334 2896 3492 2965 quid-

1917 3004 2079 3058 quam
2149 3003 2216 3043 ex
2282 2989 2537 3057 operibus
2600 2986 3012 3057 magniﬁcentia:
3085 2996 3226 3041 tum:
3262 2989 3353 3057 qui
3407 3003 3493 3044 me

1919 3082 2142 3144 creasti,
2189 3080 2415 3149 posuisti
2468 3095 2684 3134 manum
2732 3091 2878 3133 tuam
2920 3093 3080 3149 super
3128 3096 3213 3134 mc
3247 3101 3258 3136 :
3290 3083 3492 3136 descri-

1921 3172 2071 3242 psiin
2109 3174 2161 3224 in
2201 3188 2285 3226 me
2317 3172 2601 3240 imaginem
2636 3170 2917 3240 potestatis
2950 3181 3050 3225 tua:
3085 3189 3099 3225 :
3134 3172 3323 3226 dedisti
3354 3172 3489 3226 mihi

1920 3264 2119 3317 donum
2155 3264 2378 3317 rationis
2412 3281 2427 3317 :
2458 3263 2718 3332 aperuisti
2762 3264 2889 3317 mihi
2921 3263 3227 3331 paradisum
3254 3263 3493 3332 volupta-

1922 3355 1992 3409 tis
2026 3372 2040 3407 :
2083 3355 2276 3409 dedisti
2308 3357 2438 3408 mihi
2472 3353 2752 3408 scientiam
2785 3356 3107 3425 cognitionis
3137 3364 3240 3409 tua:
3277 3374 3290 3408 :
3320 3357 3496 3409 mani-

1921 3445 2130 3500 festasti
2168 3444 2296 3498 tnihi
2329 3446 2575 3500 arborem
2600 3447 2724 3500 vita:
2766 3465 2779 3501 :
2811 3447 3095 3500 ostendisti
3130 3446 3258 3500 tnihi
3283 3447 3493 3516 spinam

1923 3535 2133 3597 mortis,
2169 3549 2234 3587 ne
2258 3549 2322 3588 ex
2356 3550 2417 3589 ea
2460 3536 2795 3590 eomederem
2840 3558 2851 3590 ;
2883 3536 3010 3589 mihi
3049 3536 3399 3599 interdixisti,
3426 3551 3495 3591 ex

1918 3642 1985 3683 ea
2023 3627 2135 3682 sola
2171 3644 2237 3681 nc
2268 3627 2485 3681 ederem
2530 3645 2543 3680 :
2585 3628 2792 3683 comedi
2824 3626 3149 3692 voluntarie;
3192 3639 3381 3696 sponte
3412 3644 3499 3684 ne-

1926 3716 2066 3787 glexi
2110 3717 2422 3771 mandatum
2448 3725 2619 3781 tuum,
2648 3716 3055 3787 contempsique
3087 3725 3352 3788 praecepta
3375 3727 3494 3785 tua;

1927 3818 2089 3877 atque
2113 3807 2295 3861 induxi
2328 3808 2460 3862 mihi
2482 3808 2803 3864 sententiam
2828 3811 3038 3864 mortis.

2001 3897 2259 3968 Populus.
2289 3898 2475 3970 Kyrie,
2512 3899 2738 3955 eleison.
2771 3898 3015 3964 Domine,
3044 3899 3319 3956 miserere.

1999 3990 2283 4047 Sacerdos.
2321 3991 2424 4057 Ttt,
2453 3991 2698 4057 Domine,
2738 3992 3057 4047 convertisti
3116 3993 3247 4048 mihi
3288 4008 3500 4064 poenam

1931 4085 1983 4139 in
2026 4083 2291 4148 salutem;
2334 4081 2474 4135 sicut
2508 4092 2696 4152 pastor
2734 4084 2906 4138 bonus
2954 4094 3221 4138 errantem
3275 4084 3502 4139 sollicite

1931 4174 2226 4242 qumsivisti
2260 4188 2279 4227 :
2314 4184 2572 4244 tanquam
2610 4185 2766 4241 pater
2798 4188 2959 4228 verus
2991 4173 3255 4228 laborasti
3289 4188 3501 4228 mecum

1932 4265 2020 4332 qui
2048 4273 2348 4319 ecetderam
2385 4282 2399 4319 :
2426 4264 2658 4334 alligasti
2690 4280 2774 4319 me
2802 4265 3056 4319 omnibus
3090 4266 3502 4320 medicamentis

1934 4354 2373 4410 vivificantibus:
2406 4365 2460 4409 tu
2498 4355 2692 4410 misisti
2729 4354 2794 4407 ad
2822 4369 2906 4408 me
2932 4357 3259 4423 prophetas:
3288 4366 3506 4424 propter

250 4453 611 4521 principatus,
658 4451 723 4503 ad
754 4465 911 4519 quem
955 4447 1190 4501 clamant
1232 4446 1662 4512 dominationes;
1698 4457 1749 4500 tu
1774 4461 1831 4500 es
1864 4475 1909 4529 ι)
1936 4462 2022 4503 me
2058 4446 2563 4513 inlirmum,dedisti
2594 4447 2726 4500 mihi
2746 4445 2879 4515 legis
2902 4445 3158 4500 auxilium
3192 4462 3207 4498 :
3242 4453 3300 4498 ιιι
3336 4445 3509 4499 admi-

256 4543 419 4612 cujus
448 4541 671 4611 gloriam
696 4540 974 4593 celebrant
1003 4547 1335 4608 potestates;
1370 4548 1426 4591 tu
1450 4553 1508 4593 es
1534 4538 1625 4592 cui
1655 4538 1834 4593 throni

253 4652 473 4692 sursum
503 4635 721 4688 mittunt
745 4633 969 4703 gloriam
991 4641 1044 4685 et
1078 4633 1368 4685 honorem:
1407 4631 1570 4684 millia
1605 4630 1829 4685 millium

258 4728 522 4781 assistunt
552 4740 735 4779 coram
778 4734 848 4788 te,
900 4734 954 4778 et
998 4723 1134 4777 dena
1174 4722 1337 4776 millia
1384 4721 1579 4776 denum
1610 4721 1834 4775 millium

258 4819 574 4871 ministrant
605 4817 719 4870 tibi.
757 4817 834 4870 'l‘u
865 4831 922 4871 es
953 4830 1109 4883 quem
1154 4814 1477 4869 benedicunt
1515 4814 1832 4879 invisibiles,

262 4924 425 4978 quem
469 4909 696 4963 adorant
741 4909 1001 4974 visibiles,
1036 4918 1090 4963 ct
1134 4923 1320 4963 omnes
1380 4908 1582 4962 faciunt
1612 4907 1835 4962 verbum

264 5012 438 5063 tuuttt,
474 5000 693 5054 Domine
725 5012 923 5055 noster.

333 5092 633 5145 Diaconus.
656 5090 757 5158 Qui
792 5093 988 5147 sedetis
1029 5094 1257 5163 surgite.

336 5184 618 5239 Sacerdos.
662 5180 890 5237 IEterne
942 5180 1192 5246 Domine,
1239 5183 1380 5238 Deus
1429 5196 1586 5238 verus
1622 5184 1688 5237 de
1732 5182 1841 5239 Deo

264 5289 418 5341 vero,
443 5274 535 5343 qui
561 5274 841 5328 ostendisti
871 5274 1024 5329 nobis
1048 5275 1227 5330 lumen
1264 5273 1459 5339 Patris,
1489 5274 1578 5343 qui
1614 5274 1838 5345 largitus

264 5379 328 5419 es
363 5364 520 5418 nobis
547 5364 910 5432 cognitionem
949 5366 1191 5419 veritatis
1236 5364 1471 5433 Spiritus
1506 5364 1718 5431 sancti;
1751 5365 1842 5432 qtti

267 5454 628 5509 manifestasti
670 5456 825 5510 nobis
882 5456 1191 5527 mysterium
1242 5457 1344 5511 hoc
1391 5471 1640 5526 magnum
1684 5458 1843 5510 vitae:

269 5548 362 5615 qui
422 5547 747 5601 constituisti
786 5547 1012 5602 chorum
1064 5549 1499 5618 incorporearum
1560 5549 1699 5603 inter
1751 5550 1847 5602 ho-

272 5639 447 5693 mines
483 5655 499 5692 :
539 5637 632 5708 qui
663 5637 854 5693 dedisti
884 5639 963 5694 eis
989 5640 1079 5709 qui
1111 5649 1236 5695 sunt
1266 5655 1428 5709 super
1460 5648 1682 5705 terram,
1709 5654 1839 5696 can-

274 5732 439 5786 ticum
463 5730 761 5798 seraphitn,
784 5731 996 5798 suscipe
1026 5746 1186 5787 voces
1216 5739 1452 5799 nostras,
1479 5746 1600 5789 cum
1630 5731 1848 5789 vocibus

554 5826 825 5887 Pareae.
885 5826 1004 5890 Gn.
1042 5826 1331 5888 XXXVI.

1937 4540 2183 4595 nistrasti
2241 4540 2372 4593 mihi
2437 4539 2693 4604 salutem,
2739 4549 2796 4593 at
2841 4553 2937 4608 ego
2978 4547 3349 4608 transgressus
3387 4551 3507 4591 sum

1936 4636 2106 4703 legem
2134 4642 2301 4697 tuam,
2335 4646 2454 4701 qum
2488 4639 2571 4685 est
2593 4629 2770 4684 lumen
2798 4645 3010 4692 verum.
3037 4631 3178 4702 quod
3211 4626 3509 4685 accendisti

1936 4722 2243 4779 errantibus
2280 4733 2335 4776 et
2375 4721 2766 4791 ignorantibus.

2009 4814 2262 4881 Populus.
2293 4814 2535 4877 Domine,
2563 4814 2839 4868 miserere.

2012 4906 2287 4962 Sacerdos.
2321 4906 2399 4960 Tn
2431 4906 2520 4976 qtti
2564 4922 2623 4960 es
2654 4906 3033 4975 sempiternus,
3068 4907 3261 4963 venisti
3314 4909 3380 4963 ad
3416 4925 3515 4967 nos

1943 5016 2106 5069 super
2140 5010 2359 5066 terram,
2391 5000 2719 5055 descendisti
2752 5000 2804 5054 in
2841 5009 3054 5055 uterum
3088 4999 3343 5068 Virginis,
3371 4999 3515 5056 Deus

1944 5092 2469 5161 incircumscriptus;
2503 5107 2607 5145 non
2656 5092 2901 5160 rapinam
2944 5091 3239 5147 arbitratus
3284 5108 3344 5147 es
3394 5108 3517 5147 esse

1943 5184 2202 5254 aequalem
2232 5184 2361 5245 Deo,
2397 5184 2488 5238 sed
2526 5182 2818 5237 humiliasti
2873 5183 3122 5250 teipsum,
3162 5192 3217 5237 et
3255 5185 3515 5253 accepisti

1944 5274 2169 5329 formam
2199 5275 2358 5341 servi,
2391 5273 2820 5343 benedixistique
2844 5285 3089 5328 naturam
3123 5290 3293 5328 meam
3334 5275 3386 5329 in
3425 5285 3515 5329 te:

1947 5366 2220 5436 perfecisti
2243 5366 2412 5436 legem
2445 5374 2588 5418 tuam
2616 5380 2714 5434 pro
2740 5378 2847 5428 me,
2880 5365 3162 5421 ostendisti
3190 5365 3318 5419 mihi
3357 5365 3521 5418 ratio-

1948 5475 2071 5514 nem
2101 5456 2411 5525 resnrgendi
2437 5467 2557 5527 post
2580 5456 2785 5527 lapsum
2819 5475 2834 5511 :
2873 5457 3108 5512 liberasti
3132 5472 3225 5511 eos
3264 5458 3351 5525 qui
3384 5458 3523 5526 apud

1949 5548 2151 5604 inferos
2191 5548 2565 5604 detinebantur
2601 5567 2615 5604 :
2658 5549 2922 5605 sustulisti
2961 5548 3392 5604 maledictionem
3442 5547 3521 5603 le-

1950 5641 2031 5709 gis
2066 5661 2079 5695 :
2120 5641 2431 5696 destruxisd
2464 5652 2740 5710 peccatum
2773 5642 2825 5695 itt
2855 5656 3017 5696 carne
3038 5659 3052 5694 :
3077 5639 3361 5696 ostendisti
3388 5640 3519 5693 mihi

1951 5732 2242 5801 potentiam
2268 5732 2475 5803 imperii
2508 5734 2581 5788 tui
2607 5746 2621 5787 :
2653 5732 2845 5790 dedistl
2872 5733 3041 5788 visum
3059 5729 3517 5788 czeciszescitasti

3163 5824 3237 5885 22
