4100 6276
309 308 423 367 685

1342 316 1669 373 LlTURGlA
1710 318 1769 373 S.
1812 314 2137 371 GREGORII
2178 313 2491 370 COPTICA.

3459 320 3562 376 688

309 430 387 483 tis
423 428 662 494 dabitur,
690 427 744 484 in
775 430 1146 486 remissionem
1168 443 1513 503 peccatorum
1554 454 1568 489 :
1604 437 1702 490 hoc
1731 435 1889 489 facite
1918 442 1964 494 Α
1993 433 2094 488 hoc
2141 448 2297 503 pane,
2332 441 2385 487 et
2416 431 2660 488 biberitis
2689 447 2752 485 ex
2809 433 2912 488 hoc
2953 434 3138 502 calice,
3173 438 3565 496 annuntiabitis

310 519 367 573 in
394 534 568 575 meam
594 521 1185 581 commemorationem.

382 607 642 678 Populus.
673 607 749 663 Ita
783 609 941 664 estin
983 611 1060 666 rei
1101 621 1346 669 veritate.
1388 615 1579 670 Amen.

383 698 666 755 Sacerdos.
704 698 963 756 Similiter
991 711 1270 772 postquam
1305 707 1674 770 comederunt,
1722 720 1882 760 accc-

306 788 434 858 pisti
460 788 709 855 calicem,
748 799 804 845 et
841 792 1105 847 miscuisti
1158 808 1279 849 eum
1331 808 1397 849 ex
1433 794 1608 850 fructu
1655 796 1778 850 vitis
1829 805 1886 850 et

307 895 490 950 aqua;
524 890 578 934 et
607 882 807 951 gratias
829 882 1011 953 egisti.

382 971 639 1037 Populus.
674 978 867 1030 Amen.

381 1063 659 1119 Sacerdos.
691 1065 759 1119 Et
784 1066 1101 1121 benedixisti
1129 1067 1299 1121 illum.

381 1154 641 1225 Populus.
673 1157 866 1212 Amen.

379 1248 660 1304 Sacerdos.
695 1250 761 1305 Et
794 1251 1145 1308 sanctilicasti
1175 1252 1350 1307 illum.

381 1339 642 1409 Populus.
675 1344 870 1398 Amen.

379 1433 662 1489 Sacerdos.
690 1435 752 1490 Et
781 1436 1041 1506 gustasti,
1068 1445 1124 1493 et
1153 1436 1341 1493 dedisti
1376 1436 1521 1492 illum
1557 1437 1661 1492 tuis
1690 1436 1886 1507 glorio-

303 1528 387 1583 sis
442 1527 719 1599 discipulis
769 1531 972 1585 sanctis
1018 1539 1074 1585 et
1122 1531 1379 1601 apostolis
1424 1532 1597 1601 puris,
1660 1532 1883 1586 dicens:

305 1622 573 1691 Accipite,
602 1621 772 1676 bibite
806 1636 870 1676 ex
911 1628 976 1677 eo
1004 1637 1212 1677 omnes.
1238 1621 1337 1678 Hic
1369 1633 1451 1677 est
1480 1624 1624 1677 enim
1668 1623 1887 1692 sanguis

307 1727 466 1766 meus
493 1711 616 1765 novi
640 1710 997 1780 Testamenti,
1033 1712 1124 1783 qui
1154 1712 1444 1767 cllunditur
1488 1727 1588 1780 pro
1626 1712 1799 1775 vobis,
1836 1722 1890 1765 et

307 1814 409 1868 pro
439 1798 623 1855 multis
650 1799 808 1855 datur
849 1801 903 1854 in
937 1801 1307 1856 remissionem
1351 1810 1692 1870 peccatorum
1731 1819 1743 1855 :

306 1890 474 1947 facite
509 1891 567 1946 in
604 1906 777 1946 meam
808 1890 1399 1947 commemorationem.

381 1979 637 2049 Populus.
663 1981 742 2036 lta
777 1997 990 2053 quoque
1017 1993 1101 2038 est
1132 1984 1187 2038 in
1218 1984 1294 2039 rei
1333 1984 1576 2039 veritate.

376 2072 666 2129 Sacerdos.
694 2073 1131 2145 Quotiescunque
1151 2074 1299 2130 enim
1332 2073 1788 2129 manducaveritis
1817 2089 1882 2129 ex

384 2251 463 2321 (‘6)
516 2249 737 2324 insigne
777 2265 1004 2321 prorsus
1058 2251 1175 2324 haec
1221 2254 1405 2324 oratio
1462 2253 1703 2307 continet
1764 2251 1882 2306 ﬁdei

305 2319 661 2391 Coptitarum'
683 2324 749 2377 de
778 2319 905 2376 vera
936 2332 992 2376 et
1025 2322 1155 2375 reali
1186 2321 1578 2377 elementormn
1617 2334 1886 2376 transmu-

308 2393 518 2447 tatione
567 2394 932 2448 testimonium
970 2410 983 2445 :
1025 2392 1169 2460 quod
1222 2392 1273 2445 in
1314 2392 1503 2448 Graeco
1543 2395 1729 2447 codice
1782 2409 1884 2446 non

308 2463 494 2532 minus
520 2463 737 2532 legitur,
765 2477 927 2531 quam
961 2462 1013 2515 in
1040 2461 1299 2529 Copticis.
1340 2462 1536 2516 Petunt
1562 2463 1788 2520 scilicet.
1829 2473 1886 2515 ut

309 2530 459 2584 Deus
482 2530 803 2587 transmutet
825 2533 962 2585 dona
994 2532 1286 2600 proposita,
1326 2546 1459 2586 voce
1489 2548 1583 2586 sua
1619 2533 1754 2592 sola.
1786 2532 1888 2587 hoc

312 2612 400 2656 est
418 2604 646 2673 imperio
676 2617 776 2656 suo
799 2601 998 2673 divino,
1026 2603 1166 2669 quod
1191 2602 1328 2673 idem
1353 2613 1435 2655 est
1465 2617 1525 2657 ac
1545 2604 1588 2655 si
1616 2604 1849 2657 dicerent
1875 2642 1891 2665 ,

312 2671 507 2739 petere
545 2687 605 2727 se
634 2673 686 2727 id
721 2672 863 2739 quod
898 2672 1063 2726 solius
1104 2671 1508 2738 omnipotentis:
1541 2673 1734 2726 divinm
1759 2688 1894 2739 opus

313 2754 423 2795 est.
450 2743 627 2798 Verba
650 2756 776 2811 quas
800 2741 1300 2811 transmutationem
1326 2742 1651 2810 signiﬁcant,
1679 2742 1887 2804 Graece.

320 2812 651 2883 Egyptiace
672 2810 735 2865 et
754 2812 986 2865 Arabice
1013 2812 1224 2881 plenam
1252 2810 1417 2877 illam,
1446 2823 1499 2865 ct
1527 2813 1787 2881 integram
1822 2814 1895 2865 rei

322 2905 381 2959 in
428 2920 543 2959 rem
594 2902 1122 2958 transformationem
1164 2902 1487 2969 designant:
1522 2900 1767 2965 Phonkli,
1808 2884 1901 2962 ἔτι

325 3006 386 3051 et
412 2980 551 3083 Sp):
587 3007 648 3051 ut
677 2994 925 3051 Graecum
958 2995 1342 3065 μεταποίησον.

1993 536 2219 579 mortem
2298 539 2469 579 meam
2534 533 2587 577 et
2648 524 3036 581 conlitebimini
3106 530 3564 587 resurrectionem

1992 631 2186 678 meam,
2224 625 2279 670 et
2318 616 2418 669 mei
2477 617 2793 670 memoriam
2851 616 3081 683 facietis,
3125 620 3295 675 donec
3326 623 3560 677 veniam.

2063 704 2320 774 Populus.
2346 705 2569 760 Mortem
2599 716 2761 771 tuam,
2796 706 3040 774 Domine,
3073 710 3472 777 annuntiamus,
3509 724 3565 768 et

1990 803 2233 848 sanctam
2268 793 2718 849 resurrectionem
2756 803 2897 848 tuam
2948 806 3000 849 ct
3034 799 3402 853 ascensionem
3432 816 3565 855 con—

1992 883 2238 947 litemur;
2271 892 2321 936 te
2349 882 2646 948 laudamus,
2681 884 2771 937 tibi
2809 886 3010 952 gratias
3036 889 3265 957 agimus,
3300 900 3351 945 et
3384 902 3438 947 te
3473 893 3566 947 de-

1991 990 2295 1044 precamur,
2333 974 2555 1029 Domine
2584 975 2725 1031 Deus
2768 987 2972 1032 noster.

2063 1064 2338 1120 Sacerdos.
2398 1067 2462 1119 Et
2508 1083 2649 1122 nunc
2708 1070 2905 1133 etiam,
2948 1072 3200 1140 Domine,
3249 1078 3562 1131 memoriam

1992 1162 2199 1229 agimus
2230 1164 2522 1215 descensus
2562 1162 2634 1215 tui
2672 1163 2736 1215 ad
2769 1173 2991 1229 terram,
3032 1176 3085 1219 et
3113 1168 3301 1223 mortis
3338 1178 3441 1224 tua;
3482 1170 3564 1224 vi-

1994 1255 2279 1315 vilicantis,
2299 1263 2353 1307 et
2379 1254 2664 1321 sepultura!
2694 1265 2795 1308 tuae
2829 1256 3105 1317 triduanze,
3136 1268 3190 1311 et
3213 1262 3566 1315 resurrectio-

1993 1342 2075 1394 nis
2101 1356 2129 1393 a
2154 1341 2400 1405 mortuis,
2440 1351 2495 1395 et
2538 1343 2871 1398 ascensionis
2910 1345 2975 1399 ad
3003 1347 3189 1411 caelos,
3226 1359 3279 1402 et
3310 1351 3565 1405 sessionis

1995 1446 2098 1487 tua:
2129 1434 2194 1487 ad
2227 1435 2503 1488 desieram
2530 1433 2707 1489 Patris
2739 1435 2833 1499 tui,
2860 1446 2915 1489 et
2949 1439 3208 1493 adventus
3236 1439 3312 1492 tui
3344 1442 3563 1494 secundi

1995 1526 2062 1579 de
2095 1525 2529 1579 cmlistremendi
2561 1534 2613 1579 et
2637 1525 2853 1593 gloriosi
2885 1527 3293 1597 :oli‘erimusque
3317 1532 3405 1585 tibi
3452 1532 3567 1585 lucc

1992 1619 2127 1671 dona
2177 1628 2290 1679 tua,
2348 1633 2412 1670 ex
2465 1618 2529 1671 iis
2576 1634 2693 1687 qua:
2743 1627 2830 1673 tua
2888 1628 3032 1685 sunt,
3070 1636 3165 1690 pro
3202 1623 3471 1690 omnibus,
3510 1634 3566 1679 et

1994 1716 2213 1775 propter
2240 1706 2439 1769 omnia,
2472 1717 2527 1761 et
2559 1708 2607 1760 in
2639 1707 2909 1762 omnibus.

1790 1802 1890 1858 hoc
1925 1792 1966 1849 Β
2064 1796 2351 1849 Diacomts.
2382 1797 2615 1849 Adorate
2650 1796 2815 1850 Deum
2844 1814 2965 1851 cum
3002 1800 3191 1855 timore
3229 1810 3283 1855 et
3312 1812 3561 1857 tremore.

2068 1888 2345 1942 Sacerdos.
2382 1888 2483 1952 'l‘u,
2526 1886 2766 1950 Domine,
2804 1906 2937 1945 voce
2990 1902 3077 1945 tua
3122 1893 3232 1947 sola
3268 1906 3561 1960 commata,

1993 1980 2106 2033 huic
2137 1993 2254 2048 quae
2288 1988 2409 2031 sunt
2429 1978 2698 2048 proposita
2720 1979 2828 2049 (6);
2864 1988 2917 2034 tu
2944 1996 3126 2037 coram
3152 1984 3305 2038 nobis
3332 1986 3561 2054 positus,

1989 2072 2186 2141 perlicc
2232 2070 2385 2126 nobis
2431 2071 2531 2126 hoc
2577 2073 2931 2128 ministerium
2985 2074 3200 2145 plenum
3247 2078 3556 2148 mysteriis:

1992 2251 2073 2307 cis
2103 2260 2473 2316 conservatur,
2505 2250 2743 2305 tulerunt
2774 2250 3102 2304 recentiores
3144 2252 3407 2316 nonnulli,
3437 2253 3558 2307 fuse

1995 2322 2047 2375 in
2086 2324 2225 2376 uotis
2260 2322 2326 2375 ad
2357 2319 2680 2374 Basilianam
2712 2320 3008 2391 [.iturgiam
3034 2321 3288 2387 diximus,
3319 2338 3438 2391 quin
3470 2338 3555 2377 re-

1993 2406 2192 2459 ponere
2219 2405 2437 2447 necesse
2465 2405 2567 2444 non
2596 2399 2694 2444 est.
2726 2390 2779 2443 ld
2812 2390 2985 2444 solum
3026 2392 3342 2459 atijiciemus
3370 2411 3384 2447 :
3420 2393 3561 2460 quod

2000 2478 2122 2515 cum
2158 2463 2245 2515 isti
2271 2476 2530 2516 censores
2555 2460 2853 2523 inolliciosi,
2887 2460 3029 2513 orari
3058 2477 3159 2515 non
3182 2477 3340 2529 posse
3370 2464 3559 2515 existi-

2003 2540 2150 2585 ment
2190 2548 2285 2601 pro
2316 2532 2605 2601 donisijam
2645 2533 3012 2601 consecratis,
3045 2542 3234 2585 contra
3266 2533 3426 2586 totius
3460 2532 3563 2586 Ec-

2004 2599 2201 2655 clesia!
2221 2602 2420 2671 veteris
2454 2600 2743 2655 Orientalis
2770 2608 2822 2654 et
2847 2599 3207 2671 Ot‘cidentalis
3235 2602 3562 2671 exemplum,

2001 2686 2121 2735 quia:
2160 2670 2425 2724 similibus
2463 2671 2793 2724 orationibus
2825 2670 2990 2723 deleri
3020 2672 3308 2725 verborum
3349 2670 3557 2725 ChriSIi

2003 2740 2296 2794 elltcaciam
2330 2756 2601 2811 nunquam
2634 2739 2999 2811 existimavit,
3042 2754 3109 2793 ex
3157 2741 3257 2794 ista
3306 2741 3562 2811 intelligi-

2008 2825 2157 2873 mus,
2186 2810 2427 2878 Coptitas
2478 2825 2670 2879 corpus
2711 2810 2908 2863 Christi
2938 2809 3063 2880 jam
3111 2826 3351 2877 prasens
3395 2809 3562 2880 agno-

2005 2894 2158 2934 scere
2181 2921 2196 2946 ,
2236 2896 2358 2934 cum
2400 2880 2543 2932 illam
2569 2917 2583 2941 ,
2631 2887 2683 2932 et
2708 2879 3107 2932 invocationem
3141 2895 3262 2947 qua:
3292 2879 3558 2943 sequitur,

2003 2950 2369 3020 pronuntiant.
2412 2951 2481 3001 At
2516 2949 2631 3002 haec
2664 2949 3029 3020 controversia
3066 2948 3434 3020 Protestantes
3467 2951 3553 3001 ni-

2006 3017 2077 3073 hil
2106 3022 2293 3089 juvat;
2336 3034 2510 3088 neque
2543 3018 2874 3080 auctoritati,
2909 3034 3070 3086 quam
3104 3017 3343 3089 Ecclesia
3369 3020 3560 3072 adver-

399 3087 858 3163 Cbristumqoasi
887 3096 1203 3163 promentem
1225 3085 1587 3163 alloquuntur,
1616 3086 1750 3163 elati
1774 3101 1896 3141 eum
1926 3108 1968 3163 ρ
2002 3085 2249 3163 sus'cos
2285 3085 2704 3163 comparandos:
2750 3085 3091 3163 conspirante
3140 3088 3211 3163 in
3250 3088 3350 3163 (ide
3404 3090 3562 3142 realis

318 3162 636 3213 orationem
678 3158 934 3226 dirigunt,
965 3158 1017 3209 in
1052 3172 1158 3226 quo
1184 3158 1509 3210 adorationis
1551 3157 1725 3210 cultus
1765 3173 1894 3210 con-

319 3230 549 3294 tinetur,
577 3239 633 3283 et
656 3225 820 3281 simul
854 3225 1120 3296 professio
1152 3226 1392 3296 ﬁdeitde
1423 3238 1547 3280 vera
1574 3227 1812 3292 ejusdem
1842 3230 1893 3280 in

312 3300 680 3353 eucliaristira
724 3295 910 3351 mensa
959 3298 1264 3365 praesentia.
1306 3295 1453 3348 Illam
1505 3298 1638 3350 satis
1683 3296 1892 3365 signili-

311 3379 446 3421 cant
478 3370 637 3421 verba
667 3366 869 3423 Graeca:
908 3364 1181 3435 Liturgim.
1215 3365 1388 3428 Αὐτὸς
1417 3364 1608 3436 παρὼν
1652 3364 1749 3435 τὴν
1788 3384 1891 3435 μυ-

312 3440 512 3510 στικὴν
538 3438 741 3508 ταύτην
774 3436 1113 3507 λειτουργίαν
1138 3438 1478 3508 κατάρτισοψ
1531 3437 1892 3510 ᾳυιηᾼᾳιιῇἀθιη

311 3503 479 3565 aliter
505 3510 674 3577 accipi
695 3503 921 3577 possent
942 3503 966 3568 ,’
1002 3503 1203 3575 nempe
1243 3503 1300 3560 ni.
1333 3517 1611 3576 rogaretur
1636 3503 1891 3560 Christus

313 3582 535 3644 adesse,
572 3576 889 3647 etpraesens
919 3579 1019 3631 hoc
1054 3578 1337 3645 mysticum
1380 3576 1735 3630 ministerium
1774 3589 1895 3643 per—

318 3651 505 3715 iit-ere,
542 3649 685 3717 unde
724 3649 1096 3702 l‘rotestantes
1124 3647 1526 3717 concluderent,
1570 3654 1891 3717 pr.esent_em

317 3736 426 3772 non
464 3714 589 3774 esse
640 3714 790 3772 illum
823 3718 977 3785 cujus
1014 3718 1301 3784 prtesentia
1352 3715 1734 3785 postularetur.
1788 3714 1893 3766 Sed

314 3788 690 3842 diﬂicnltatem
740 3783 953 3843 omnem
995 3783 1212 3841 solvunt
1260 3783 1539 3839 versiones
1564 3783 1802 3851 Cupticze
1841 3794 1895 3837 et

312 3860 599 3920 Arabicae,
630 3862 755 3913 dum
788 3858 915 3910 illud
944 3854 1135 3927 παρών
1169 3856 1241 3908 ita
1273 3857 1602 3927 exprimunt.
1633 3864 1688 3927 tu
1717 3870 1895 3927 coram

315 3930 468 3982 nobis
493 3933 719 3997 positus.
761 3929 901 3998 quod
938 3924 1246 3998 exprimunt
1296 3924 1895 3998 interpretesCOpticus

312 4010 374 4052 et
404 3994 578 4052 Arabs
618 4021 630 4053 :
658 3994 963 4052 alia—lectio
983 3994 1019 4063 ,⁷
1050 3997 1137 4066 qui
1168 4010 1391 4065 prwsens
1419 4013 1471 4049 es
1490 4034 1504 4057 ,
1534 4007 1580 4047 et
1607 3994 1741 4046 inter
1779 4012 1892 4050 nos.

401 4080 706 4148 Sequitur:
747 4077 899 4131 Mitte
943 4092 1099 4143 super
1129 4076 1491 4148 nospgratiam
1542 4071 1768 4148 Spiritus
1818 4076 1894 4126 tui

312 4145 521 4214 san-eti,
550 4153 637 4219 qui
684 4148 971 4216 sancti/iret
1001 4156 1048 4198 et
1076 4146 1359 4219 transferat
1396 4145 1509 4219 [tiro
1541 4146 1678 4195 dona
1703 4158 1895 4219 propo-

316 4225 423 4275 sita
479 4212 531 4273 in
561 4212 770 4279 'corpus
804 4212 863 4270 et'
906 4216 1209 4285 sanguinem
1246 4215 1433 4285 salutis
1478 4212 1896 4285 nostraznllaulo

317 4293 480 4345 aliter
519 4289 738 4342 Gril‘CliS
779 4289 967 4341 codex.
1004 4281 1177 4345 Ἀὺτὸς
1204 4285 1264 4336 τὸ
1296 4283 1522 4353 11νεῦμά
1554 4299 1647 4335 σου
1667 4281 1728 4334 τὸ
1762 4299 1897 4335 παν-

318 4362 482 4429 ἀγιον
544 4358 904 4428 κατάπεμψον
921 4373 947 4429 Ἀ
973 4357 1057 4429 iv;
1098 4355 1465 4429 émgaonﬁoau
1494 4356 1563 4429 si}
1609 4353 1761 4429 his},
1804 4354 1895 4405 καὶ

318 4424 505 4500 ἁῖίαθῇ
538 4430 633 4481 καὶ
668 4424 863 4512 ὲγδόξῳ
891 4425 1055 4512 ανξιτοῦ
1096 4424 1647 4512 παροὲσίᾳκᾴγιάσῃ
1668 4424 1767 4501 grai
1799 4439 1894 4512 us-
1927 4458 1969 4512 Β

316 4493 601 4572 τάποῖήᾳῃ
641 4498 720 4572 facit
756 4493 1089 4572 irpoxsipsga
1124 4493 1215 4572 mn
1251 4496 1379 4572 ἅγια
1408 4493 1557 4572 δῷρα
1593 4493 1765 4572 canta.
1808 4494 1888 4572 si;

320 4572 478 4634 αὐτὸ,
506 4561 755 4640 ⁸ξδ”σῶμςι
788 4561 881 4621 ita!
992 4561 1129 4640 αἷμα
1152 4564 1251 4640 τῆς
1281 4561 1552 4640 ἡμετέρας
1582 4563 1887 4633 ἀπολυτρὼ·

323 4659 489 4705 σεως.
527 4637 822 4695 Sententia:
861 4638 1003 4691 nulla
1040 4637 1328 4689 diversitas
1359 4652 1372 4685 :
1420 4638 1626 4705 plenior
1658 4639 1889 4705 et__ube-

323 4700 559 4766 rior'est
598 4709 783 4764 Graeca
832 4707 1093 4771 formula,
1134 4705 1228 4758 sed
1264 4700 1448 4758 eodem
1497 4703 1657 4756 redit.
1699 4700 1888 4756 Versio

322 4783 558 4837 Arabica
605 4779 795 4834 Graeco
845 4778 1011 4831 textui
1055 4776 1302 4842 adjuncta
1350 4774 1492 4826 illam
1537 4783 1787 4827 accurate
1836 4782 1890 4826 et

323 4852 590 4907 verbatim
637 4854 1003 4917 reprtesentat.
1056 4844 1660 4917 ltaque,qnodhobi_ter
1702 4844 1888 4897 obser-

325 4926 591 4985 vandum,
615 4912 833 4989 rogetur
853 4915 1123 4989 Christus,
1151 4912 1207 4967 ut
1237 4914 1413 4966 mittat
1442 4912 1700 4989 Spiritum
1732 4928 1887 4989 snam

325 4982 609 5053 sanctum;
644 4982 703 5043 iii
737 4989 933 5057 quibus
970 4987 1147 5057 verbis
1180 4993 1479 5057 agimscunt
1509 4982 1733 5057 coptitte
1765 4982 1883 5057 Spi-

329 5063 493 5116 ritum
527 5050 773 5114 sanctuni
816 5071 937 5112 esse
976 5050 1235 5125 Spiritum
1265 5050 1419 5117 Filii,
1453 5062 1506 5107 et
1536 5055 1601 5125 ab
1631 5067 1695 5105 eo
1716 5051 1886 5125 mitti.

329 5132 559 5185 Mittitur
585 5144 715 5183 vero
741 5127 975 5196 Spiritus
1010 5122 1232 5178 sanctos
1257 5125 1321 5196 ad
1352 5138 1485 5191 opus
1514 5122 1727 5196 aliquod
1757 5122 1892 5196 divi-

329 5216 490 5264 num,
516 5211 575 5254 et
622 5191 872 5253 humanis
900 5196 1105 5249 viribus
1139 5194 1417 5264 superius,
1466 5196 1606 5261 quod
1638 5193 1703 5245 de
1739 5191 1846 5243 alio
1874 5229 1890 5253 ,

328 5262 493 5340 quam
522 5273 586 5324 de
611 5266 1059 5340 transmutatione
1085 5267 1357 5340 donorum
1384 5262 1436 5314 in
1463 5276 1661 5340 corpus
1690 5271 1743 5314 et
1768 5275 1893 5340 sim:

326 5331 552 5412 iuiuem
601 5338 803 5412 Christi
828 5378 845 5402 ,
878 5335 1115 5412 intelligi.
1143 5348 1248 5387 non
1288 5340 1484 5412 potest.
1531 5333 1720 5411 ltaqoe
1756 5331 1893 5412 nihil

330 5400 433 5466 hac
454 5410 726 5464 sententia
751 5400 922 5476 magis
942 5400 1301 5479 perspicuum,
1332 5409 1425 5479 aut
1451 5402 1623 5479 magis
1641 5400 1891 5479 simplex,

331 5492 496 5548 atque
548 5480 614 5531 ad
662 5471 897 5531 veterein
946 5471 1203 5528 Ecclesia:
1254 5472 1541 5548 Orientalis
1586 5471 1892 5548 doctrinam

334 5539 508 5619 magis
530 5548 1017 5619 accommodatum,
1045 5558 1165 5597 cum
1187 5557 1374 5619 omnes
1398 5540 1648 5609 Liturgiic
1672 5539 1892 5619 timete,

335 5610 599 5689 Syriacae,
625 5617 868 5689 Coptica
902 5617 1266 5683 cujuscunque
1306 5611 1558 5689 ritus_aut
1586 5621 1770 5689 sectae,
1800 5610 1894 5661 iis-

334 5681 459 5745 diam
515 5681 901 5759 prepe'verbis
954 5681 1259 5739 contextam
1306 5682 1553 5759 eamdem
1598 5681 1894 5759 orationem

335 5748 744 5830 repracscuie'nt.
783 5758 855 5811 De
885 5768 1110 5811 censura
1153 5766 1311 5821 quam
1339 5750 1391 5805 in
1426 5765 1566 5819 eam,
1604 5759 1659 5804 ut
1689 5765 1716 5802 a
1749 5748 1898 5802 Grat-

2003 3161 2302 3227 prmsentizr
2356 3158 2711 3214 Orientalium
2762 3158 3112 3222 testimonio,
3181 3159 3560 3213 detrimentum

1996 3229 2158 3282 ullum
2192 3228 2386 3283 aliert:
2424 3244 2545 3282 cum
2588 3231 2652 3281 ad
2690 3228 2808 3280 lidei
2845 3242 3001 3296 quam
3038 3228 3235 3281 habent
3280 3229 3561 3282 certitudi-

1995 3314 2147 3365 nem,
2190 3300 2317 3352 nihil
2355 3300 2566 3351 intersit
2599 3299 2812 3367 quando
2834 3338 2849 3360 ,
2879 3308 2970 3350 aut
2997 3299 3189 3365 quibus
3216 3299 3393 3352 verbis
3429 3312 3559 3351 con-

1993 3372 2223 3423 sccratio
2257 3369 2584 3437 perﬁciatur,
2643 3368 2800 3420 modo
2832 3382 2948 3420 eam
2984 3381 3108 3421 vere
3142 3368 3254 3421 ﬁeri
3290 3370 3342 3421 in
3379 3367 3561 3420 Litur-

1994 3440 2103 3507 gia,
2142 3441 2210 3492 ita
2254 3439 2629 3506 proﬁteantur,
2660 3447 2719 3489 ut
2750 3451 2943 3505 panem
2975 3448 3028 3491 et
3071 3437 3249 3491 viuum
3299 3438 3350 3491 in
3380 3438 3556 3501 altari,

1995 3524 2057 3561 ea
2090 3509 2327 3575 perfecta
2367 3524 2489 3562 esse
2522 3518 2748 3576 negent,
2789 3509 2879 3560 sed
2925 3522 3119 3576 corpus
3151 3518 3206 3561 et
3244 3510 3558 3577 sanguinem

1993 3578 2217 3633 Christi.
2252 3578 2404 3644 Quod
2447 3593 2604 3645 porro
2656 3579 2707 3631 in
2755 3579 2856 3631 hac
2896 3578 3006 3646 ipsa
3053 3579 3294 3631 oratione
3342 3578 3559 3641 dicitur,

1995 3648 2261 3701 Christum
2299 3659 2603 3717 prwsenlem
2655 3663 2764 3700 esse
2801 3657 2849 3700 et
2877 3664 3057 3701 coram
3103 3648 3374 3701 sacerdote
3414 3648 3561 3717 posi-

1995 3729 2128 3780 tum,
2166 3720 2305 3771 idem
2344 3720 2393 3769 in
2444 3718 2675 3771 liotniliis
2721 3718 2786 3769 de
2818 3717 3022 3770 circulo
3050 3719 3174 3770 anni
3210 3719 3275 3770 ad
3317 3716 3563 3783 Coptita-

1998 3803 2116 3840 rum
2147 3804 2323 3851 usum,
2370 3789 2420 3840 in
2472 3788 2787 3841 tractatibus
2829 3788 3014 3841 Severi
3044 3788 3274 3855 episcopi
3302 3788 3564 3841 Aschmo-

1998 3859 2086 3910 nin
2113 3899 2127 3924 ,
2157 3867 2209 3909 et
2239 3858 2290 3910 in
2344 3857 2523 3911 multis
2554 3857 2693 3922 aliis,
2736 3859 2895 3911 toties
2940 3859 3259 3911 inculcatur.
3298 3869 3355 3911 ut
3383 3856 3558 3910 arithi-

1997 3929 2186 3996 guitati
2222 3928 2369 3981 locus
2404 3941 2524 3981 esse
2553 3928 2728 3981 nullus
2760 3935 2939 3995 queat.
3108 3972 3117 3995 κ

2070 3998 2143 4051 Ex
2174 3997 2261 4050 illa
2294 4007 2471 4051 tamen
2502 3999 2612 4066 ipsa
2638 3999 2901 4060 oratione,
2926 3997 3183 4053 Claudius
3232 3999 3553 4066 Salmasius,

1999 4068 2081 4120 vir
2114 4082 2243 4143 sane
2272 4068 2653 4143 doctissimus,
2688 4068 2783 4121 sed
2811 4068 2902 4143 qui
2939 4069 3262 4143 theologiam
3293 4073 3561 4143 attingere

1999 4154 2103 4190 non
2145 4138 2454 4202 debuisset,
2498 4139 2697 4190 habere
2724 4152 2780 4189 se
2807 4138 3033 4202 iactavit
3057 4177 3070 4199 ,
3105 4138 3243 4192 unde
3273 4138 3559 4195 missiona-

1998 4209 2107 4261 rios
2149 4210 2406 4275 quosdam
2445 4222 2511 4259 ex
2561 4208 2779 4260 Oriente
2816 4221 3063 4261 reversos
3088 4246 3102 4268 ,
3136 4209 3224 4275 qui
3259 4208 3560 4266 Orientales

1999 4278 2139 4329 idem
2171 4294 2233 4328 ac
2256 4293 2351 4329 nos
2378 4278 2599 4329 credere
2617 4277 2759 4328 circa
2785 4275 3174 4345 Eucharistiam
3197 4278 3556 4345 allirmahant,

2000 4348 2154 4415 plene
2187 4347 2472 4399 reielleret.
2501 4346 2575 4398 ita
2606 4345 2876 4416 scribebat
2897 4346 2964 4416 ad
2988 4344 3247 4399 Joannem
3282 4347 3557 4416 Dallmum,

1998 4413 2052 4469 et
2084 4433 2205 4470 cum
2254 4416 2476 4484 epistola
2516 4423 2637 4486 post
2683 4413 2931 4466 Salmasii
2971 4416 3175 4486 obitum
3217 4418 3355 4485 typis
3386 4413 3560 4486 publi;

1997 4497 2113 4539 cata
2142 4486 2306 4538 l'uerit
2330 4527 2345 4550 ,
2390 4485 2635 4537 excusari
2673 4492 2885 4550 poterat
2914 4485 3055 4551 quod
3088 4486 3334 4539 incautus
3381 4485 3432 4541 in
3484 4489 3561 4542 si-

1992 4572 2119 4608 num
2159 4556 2319 4607 amici
2361 4566 2561 4606 temere
2587 4552 2880 4614 eliudiSsel,
2918 4570 3035 4620 qtae
3060 4556 3293 4620 primum
3321 4557 3371 4609 in
3403 4573 3561 4611 men-

1994 4636 2098 4678 tem
2132 4634 2412 4688 venerant,
2445 4624 2545 4676 nisi
2597 4623 2791 4675 bellant
2844 4621 2972 4676 illud
3008 4639 3162 4676 suum
3187 4635 3555 4681 commentum

1993 4694 2130 4748 libro
2202 4693 2275 4745 De
2356 4691 2941 4745 transsubstantiatioue
2999 4693 3335 4749 inseruisset.
3411 4695 3558 4749 illam

1994 4765 2160 4834 igitur
2200 4780 2359 4831 quam
2406 4764 2683 4817 retulimus
2719 4763 3075 4834 particulam,
3108 4779 3300 4831 quam,
3335 4781 3402 4821 ne
3430 4768 3560 4834 quid

1997 4832 2294 4888 testimonii
2339 4835 2645 4903 auctoritati
2678 4832 2883 4903 del'oret
2910 4874 2925 4897 ,
2961 4834 3201 4903 Arabico
3222 4832 3517 4903 descripsit
3539 4877 3556 4898 ,

1995 4905 2067 4957 ita
2111 4906 2492 4972 interpretatus
2525 4914 2605 4955 est
2629 4902 2646 4972 (
2670 4918 2753 4969 ep.
2797 4901 2884 4962 5'2,
2919 4917 2971 4968 p.
3006 4902 3107 4971 72)
3140 4919 3153 4953 :
3191 4902 3269 4957 Tu
3300 4901 3558 4974 conﬁrma

1994 4975 2047 5026 in
2071 4975 2217 5027 nobis
2244 4975 2786 5027 commemorationem
2820 4974 3095 5025 ministerii
3141 4976 3219 5025 tui
3246 4980 3413 5028 sancti
3442 4992 3460 5030 :
3501 4986 3560 5029 tu

1994 5045 2137 5097 mitte
2175 5060 2326 5111 super
2353 5060 2443 5095 nos
2474 5047 2698 5111 gratiam
2739 5040 2971 5112 Spiritus
2996 5045 3072 5094 ιιιὶ
3103 5046 3268 5096 sancti
3292 5086 3306 5108 ,
3337 5056 3391 5099 ut
3416 5050 3563 5112 puri-

1993 5110 2305 5179 ﬁcemur,ret
2342 5124 2696 5166 convertamus
2727 5110 2820 5161 [tas
2856 5112 3140 5164 oblationes
3186 5114 3309 5167 viles
3357 5110 3560 5169 incor-

1995 5199 2089 5248 pus
2121 5193 2167 5237 et
2203 5188 2517 5254 sanguinem
2543 5183 2836 5254 Servatoris
2867 5182 3158 5254 nostrirln
3192 5184 3306 5252 ipsa
3334 5187 3560 5254 epiStola

1996 5251 2340 5307 vernaCnlam
2375 5251 2611 5317 ejusdem
2652 5251 2912 5321 orationis
2957 5251 3255 5306 versionem
3290 5251 3514 5321 legimus
3544 5294 3559 5315 ,

1998 5322 2178 5390 inqua
2217 5322 2544 5375 discriminis
2589 5320 2827 5371 nonnihil
2852 5329 2954 5374 est.
2994 5322 3114 5387 Aﬁn
3143 5320 3400 5391 qu'eslant
3438 5341 3563 5377 san-

1995 5393 2185 5458 cti/iez,
2213 5408 2341 5444 nous
2375 5391 2633 5456 puissions
2660 5391 2918 5442 convcrtir
2943 5405 3024 5443 ces
3059 5392 3334 5445 Obtations
3364 5394 3485 5445 viles
3512 5406 3563 5446 et

1998 5464 2300 5523 terriennes,
2333 5479 2399 5512 au
2434 5477 2580 5527 corps
2616 5470 2663 5511 et
2699 5477 2765 5511 au
2796 5476 2926 5528 sung
2975 5461 3037 5513 de
3090 5469 3260 5513 nostra
3308 5460 3562 5525 Sauveur,

1999 5547 2064 5583 ou
2108 5535 2171 5582 de
2200 5540 2373 5582 nostre
2408 5529 2582 5581 Satut.
2616 5530 3118 5596 interpretationem
3171 5536 3564 5585 commentario

2000 5601 2257 5663 munivit,
2301 5600 2453 5667 cujus
2506 5601 2619 5653 haec
2653 5602 2917 5653 sententia
2956 5611 3038 5652 cst
3084 5613 3099 5651 :
3156 5602 3288 5652 satis
3338 5603 3561 5668 agnosci

2001 5672 2390 5723 invocationem
2442 5684 2545 5720 non
2594 5670 2741 5733 lieri,
2784 5680 2842 5721 nt
2882 5671 3053 5736 gratia
3108 5670 3279 5722 sancti
3329 5671 3565 5738 Spiritus

2003 5740 2253 5794 illabatur
2292 5754 2451 5808 super
2487 5754 2678 5807 panem
2707 5750 2761 5794 et
2796 5739 3013 5803 vinum,
3067 5748 3122 5793 ut
3157 5745 3414 5796 mutando
3441 5748 3566 5797 sub-
