4100 6276
543 262 648 320 687

1554 261 1882 317 LITURGIA
1925 260 1982 317 S.
2027 259 2356 320 GREGORII
2394 262 2709 319 COPTICA.

3684 262 3792 320 688

543 384 721 437 insere
777 380 828 433 in
880 379 1033 434 nobis
1069 380 1381 433 memoriam
1443 380 1728 434 ministerii
1782 380 1855 433 lui
1897 380 2067 434 sancti
2103 399 2116 435 :
2150 387 2191 441 Α
2226 389 2335 434 ιιιιη
2368 382 2419 434 in
2457 382 2827 435 remissionem
2856 387 3200 449 peccatorum
3245 385 3300 432 et
3335 377 3388 430 in
3420 374 3582 431 vitam
3634 386 3795 434 atter-

543 475 698 527 mitte
741 486 903 541 super
944 485 1042 524 nos
1090 472 1318 539 gratiam
1376 471 1611 541 Spiritus
1666 472 1743 525 tni
1786 473 1979 537 sancti,
2019 474 2110 542 qui

542 564 866 631 sanctificat,
903 573 957 617 et
982 548 1268 620 transferat
1306 563 1420 618 haec
1449 563 1588 617 dona
1619 564 1885 631 proposita
1919 562 1970 616 in
2002 578 2115 617 cor-

541 672 642 727 pus
693 666 746 712 et
788 657 1103 725 sanguinem
1145 655 1335 710 salutis
1375 664 1591 709 nostrae.
1626 653 1691 707 Et
1719 655 1863 709 hunc
1894 654 2109 724 quidem

540 764 772 819 panem,
840 748 1008 802 facias
1080 763 1274 817 corpus
1336 756 1483 800 tuum
1541 757 1831 811 sanctum,
1887 746 2111 800 Domine

540 842 679 896 Deus
704 841 811 912 (7),
861 850 913 894 et
963 838 1210 894 Salvator
1268 849 1449 893 noster
1495 838 1624 895 Jesu
1682 838 1920 903 Christe,
1968 838 2111 909 quod

539 932 700 986 datur
724 932 777 985 in
815 931 1185 985 remissionem
1215 939 1557 1000 peccatorum
1586 939 1639 985 et
1665 930 1825 984 vitam
1850 937 2108 985 aeternam

542 1022 645 1076 illis
676 1024 765 1092 qui
791 1037 855 1077 ex
890 1022 979 1076 illo
1016 1022 1435 1077 communicant.
1470 1022 1533 1077 Et
1569 1038 1779 1087 rursus,
1822 1024 1970 1077 hunc
2016 1036 2112 1076 ca-

539 1113 718 1178 licem,
767 1113 1077 1182 sanguinem
1121 1113 1410 1182 pretiosum
1444 1113 1777 1170 Testamenti
1833 1115 1909 1167 tui
1965 1112 2113 1177 novi,

541 1206 763 1261 Domine
793 1206 948 1271 Deus,
984 1213 1037 1259 et
1067 1203 1314 1261 Salvator
1348 1214 1533 1261 noster
1573 1206 1696 1260 Jesu
1744 1206 1979 1270 Christe,
2012 1205 2111 1258 da-

540 1456 768 1512 stantias
792 1494 806 1517 ,
852 1452 1137 1523 praesentia
1173 1451 1414 1519 corporis
1451 1460 1506 1506 et
1540 1452 1815 1520 sanguinis
1848 1453 1970 1507 talis
2003 1454 2101 1518 sit,

540 1538 599 1583 ut
633 1533 947 1595 remaneant
975 1523 1189 1595 sintque
1219 1531 1498 1595 corpuset
1519 1524 1737 1595 sanguis
1761 1525 2102 1595 suscipienti,

542 1598 872 1668 qtticttnqtte__
904 1594 1008 1668 sii,
1048 1592 1189 1668 fideli
1237 1592 1319 1668 vel
1364 1592 1583 1668 infideli.
1621 1593 1816 1647 Verum
1840 1636 1855 1658 ,
1893 1592 2101 1668 inquit,

540 1662 792 1723 sacerdos
821 1663 909 1715 ille
937 1663 1144 1728 Coptita
1181 1677 1239 1716 ea
1280 1662 1619 1716 invocatione
1649 1678 1809 1731 quam
1855 1662 2094 1719 omnium

2213 487 2336 526 nam
2360 471 2883 525 communicantibus
2909 485 2972 526 ex
3008 485 3091 524 eo.

2285 559 2545 630 Populus.
2576 561 2765 616 Amen.

2282 652 2557 708 Sacerdos.
2590 653 2774 723 Itaque
2803 668 3052 723 rogamus
3075 660 3146 719 te,
3175 652 3388 707 Christe
3412 651 3552 707 Deus
3582 662 3793 721 noster,

2211 746 2470 799 conﬁrma
2512 744 2854 799 fundamenta
2890 744 3141 798 Ecclesiae
3183 762 3198 798 :
3233 744 3573 797 concordiam
3608 746 3791 798 chari-

2213 838 2341 893 tatis
2397 838 2450 892 in
2502 838 2656 892 nobis
2707 837 2965 891 radicitus
3014 837 3191 892 inscre
3227 855 3241 891 :
3281 846 3542 905 augeatur
3581 838 3794 902 puritas

2214 929 2337 984 fidei
2369 948 2384 985 :
2409 943 2648 999 praepara
2677 927 2834 981 nobis
2856 926 2995 979 viam
3016 938 3215 981 rectam
3250 928 3467 994 pietatis
3495 944 3511 980 :
3545 936 3794 996 pastores

2213 1024 2504 1078 corrobora
2546 1042 2560 1077 :
2598 1037 2782 1077 eorum
2802 1037 2991 1091 greges
3013 1020 3271 1076 conﬁrma
3303 1037 3317 1074 :
3352 1021 3416 1073 da
3441 1034 3620 1074 mores
3642 1029 3794 1075 recte

2215 1114 2548 1184 compositos
2598 1112 2765 1179 clero,
2803 1112 3081 1167 monachis
3105 1111 3516 1174 continentiam,
3553 1110 3789 1179 virgini-

2215 1206 2316 1259 bus
2362 1204 2670 1275 puritatem,
2720 1202 3023 1274 conjugatis
3066 1203 3435 1267 concordiam,
3473 1202 3787 1258 misericor-

2210 1450 2478 1514 diximus,
2509 1451 2687 1505 sciunt
2714 1447 3593 1520 quicuriquelitterasiorientales
3640 1466 3669 1504 a
3711 1451 3784 1507 li-

2212 1522 2355 1575 mine
2406 1517 2757 1575 salutaverint
2802 1537 2818 1575 :
2866 1517 3201 1588 Egyptiaca:
3246 1518 3462 1588 lingute,
3505 1536 3627 1587 quae
3675 1538 3787 1576 non

2212 1591 2345 1645 adeo
2374 1591 2677 1645 communis
2701 1598 2811 1654 est,
2841 1589 3182 1643 mediocriter
3217 1590 3443 1657 peritum
3471 1603 3594 1645 esse
3622 1606 3787 1657 onor-

2205 1670 2300 1723 tet,
2329 1669 2397 1729 ut,
2417 1675 2568 1714 error
2604 1665 2946 1729 agnoscatur,
2979 1673 3099 1712 cum
3127 1659 3419 1713 observare
3451 1659 3681 1729 sufﬁciat
3713 1678 3785 1717 ex

540 1738 757 1792 nomine
787 1732 1115 1801 pronuntiat,
1148 1732 1197 1785 id
1225 1732 1471 1803 designat
1501 1728 1835 1787 solummodo
1857 1776 1871 1797 ,
1903 1749 2094 1800 panem
2131 1748 2173 1803 Β
2204 1728 2675 1803 imperfectissima
2704 1729 3053 1803 grammatica
3099 1744 3231 1803 ντες)
3264 1744 3383 1798 qua:
3418 1740 3540 1784 nota
3570 1728 3606 1803 ὃ
3652 1745 3783 1799 per-

539 1816 594 1861 et
627 1806 838 1869 vinum,
874 1816 992 1871 quae
1020 1816 1049 1855 a
1084 1803 1235 1857 nobis
1267 1802 1317 1854 in
1349 1801 1514 1857 Coena
1546 1804 1936 1870 suscipiuntur,
1985 1804 2100 1857 ﬁeri

540 1891 735 1945 corpus
763 1882 816 1926 et
847 1871 1455 1945 sanguinem'pomini,
1502 1872 1606 1926 illis
1646 1873 1735 1942 qui
1773 1874 1968 1945 Adebite
2013 1873 2097 1927 illa

539 1941 1135 2012 suscipienttquosque
1181 1941 1415 2012 Spiritus
1459 1941 1677 1996 sanctus
1706 1942 1857 2009 prius
1900 1945 2102 1998 sancti-

541 2010 777 2069 Iicaverit
800 2031 815 2067 :
842 2010 961 2065 illos
986 2026 1197 2079 quoque
1222 2010 1362 2065 solos
1387 2012 1634 2079 accipere
1662 2027 1849 2066 verum
1876 2028 2095 2080 corpus,

539 2101 643 2139 non
674 2097 863 2152 panem
885 2080 1253 2152 Asoiummodo,
1280 2082 1368 2152 qui
1400 2082 1548 2152 prius
1577 2094 1671 2152 per
1706 2082 1952 2152 fidemiet
1977 2099 2099 2152 gra-

539 2149 686 2210 tiam'
724 2150 897 2206 sancti
952 2150 1181 2220 Spiritus
1232 2149 1350 2217 puri
1406 2151 1530 2204 facti
1589 2151 1804 2207 fuerint.
1861 2149 2098 2207 Tandem

536 2224 701 2278 edicit
728 2225 867 2276 banc
890 2235 1008 2275 esse
1042 2220 1341 2290 μεταϐολήν
1362 2259 1377 2283 ,
1413 2220 1530 2275 sive
1557 2224 1960 2285 conversionem,
2000 2237 2100 2276 an-

539 2295 701 2362 tiquis
741 2291 991 2362 Patrihus
1025 2299 1409 2362 memoratam,
1459 2303 1560 2362 nec
1610 2291 1947 2359 quaarendam
1982 2305 2100 2346 esse

537 2358 716 2419 aliam.
760 2361 833 2414 De
871 2358 1081 2413 illorum
1120 2359 1385 2428 theologia
1427 2359 1588 2413 alium
1630 2358 1876 2427 quemvis
1922 2362 2099 2428 potius

540 2432 888 2489 audiendum,
922 2429 1087 2498 etiam
1120 2428 1219 2496 ipsi
1256 2426 1561 2483 Calvinistat
1598 2426 1793 2483 dudum
1820 2426 2097 2498 judicave-

537 2511 684 2565 runt,
721 2514 879 2568 quam
912 2497 1255 2563 Salmasium,
1291 2498 1381 2567 qui
1414 2498 1610 2569 nemini
1638 2497 1871 2569 unquam
1900 2501 2099 2566 proba-

536 2573 615 2625 vit
652 2584 811 2642 voces
845 2570 1178 2642 μεεαποιεῖν,
1212 2568 1667 2642 μετα-στοιχειοῦν,
1722 2568 2097 2642 μεταρρυθμί-

536 2642 672 2705 (etv,
701 2639 894 2709 quibus
922 2638 1107 2693 Patres
1148 2638 1251 2709 non
1288 2638 1735 2709 minusutuntur,
1762 2638 1929 2709 quam
1964 2638 2098 2709 sim-

540 2711 662 2780 plici
697 2706 1069 2780 μεταϐάλλειν,
1099 2708 1294 2763 nullam
1322 2707 1480 2780 aliam
1509 2706 1861 2780 mutationem
1891 2708 2097 2778 signiﬁ-

540 2778 880 2847 care.‘quam
908 2794 1027 2832 eam
1052 2793 1168 2846 quae
1197 2778 1419 2847 mutatio
1449 2793 1553 2832 non
1584 2780 1673 2834 sit.
1715 2779 1821 2835 Sed
1851 2780 1954 2833 hoc
1991 2794 2095 2834 non

537 2846 749 2919 agimus
772 2866 784 2901 :
815 2863 996 2919 verum
1027 2862 1207 2901 coram
1228 2846 1489 2919 Ecclesia,
1508 2857 1561 2902 et
1584 2849 1809 2904 eruditis
1825 2849 2093 2914 omnibus,

537 2917 627 2989 qni
672 2919 903 2989 aliquam
952 2917 1653 2989 rlinguaruqurientalium
1702 2920 1947 2974 notitiam
1998 2920 2097 2973 ba-

536 2986 700 3053 bent,
735 2988 1223 3058 Salmasiiduomen
1253 2986 1543 3058 deferimus
1566 3030 1581 3053 ,
1619 2997 1872 3058 tanquam
1904 3003 2094 3044 corru-

537 3060 691 3128 ptehe
723 3056 1073 3112 intolerabilis
1101 3057 1209 3119 rei,
1238 3072 1359 3112 cum
1401 3057 1679 3128 lectionem
1708 3056 1911 3114 cbdicis
1936 3072 2093 3128 quem

537 3127 704 3191 citat,
732 3128 999 3197 corrupit,
1026 3135 1085 3197 et
1116 3129 1351 3181 enormis
1397 3127 1623 3181 inscitia:
1661 3128 1786 3183 dum
1821 3127 1967 3183 illam
1998 3129 2095 3183 ab-

537 3196 983 3279 surdissintenest
1022 3196 1419 3279 interpretatus.
1453 3198 1511 3278 is
1540 3198 1660 3279 ipse
1702 3200 2093 3279 codex_supe.r-

537 3278 620 3324 est
661 3269 712 3323 in
768 3267 1090 3322 bibliotheca
1125 3266 1289 3335 Regia
1311 3305 1325 3331 ,
1371 3275 1425 3320 et
1451 3267 1503 3320 in
1538 3268 1663 3333 illo,
1694 3269 1834 3323 sicut
1879 3270 1932 3323 in
1966 3266 2093 3324 'aliis

536 3339 787 3392 omnibus
823 3337 1014 3408 legitur
1054 3352 1157 3390 non
1199 3336 1637 3408 pluralisprimze
1682 3354 1924 3407 personae
1955 3338 2091 3408 cha-

538 3405 1394 3477 racteristica'littera,seritertire
1430 3405 1721 3477 femininae,
1753 3411 1877 3477 quia
1911 3409 1962 3463 in
1992 3407 2092 3462 lin-

534 3494 635 3548 gua
670 3478 898 3548 Arabica
932 3492 1031 3548 vox
1061 3487 1163 3537 rm
1190 3475 1395 3540 Rouah,
1430 3474 1655 3545 Spiritus
1676 3518 1690 3541 ,
1724 3474 1963 3548 feminini
2009 3488 2093 3534 est

534 3545 768 3618 generis.
804 3545 859 3618 lin
897 3547 1069 3615 prima
1104 3548 1265 3618 etiam
1296 3560 1456 3611 voce,
1488 3562 1648 3618 quam
1673 3548 1834 3603 vertit
1878 3547 2088 3603 Salma-

534 3617 646 3672 s‘ius
680 3617 1032 3683 puriﬁcemur,
1069 3617 1209 3670 nulla
1242 3628 1364 3671 nota
1398 3617 1592 3684 passivi
1615 3626 1720 3682 est,
1743 3619 2089 3673 vertendum-

530 3701 639 3756 que
678 3686 863 3740 fuisset
906 3685 1271 3753 puriﬁcemus,
1314 3700 1420 3754 quo
1459 3685 1573 3756 solo
1614 3687 1924 3742 discrimine
1979 3697 2088 3743 tota

535 3755 784 3810 machina
839 3756 1190 3809 Salmasianaa
1243 3755 1518 3825 theologia:
1566 3757 1801 3811 funditus
1847 3758 1975 3814 ruit.
2027 3759 2086 3813 In

533 3826 698 3879 altera
748 3834 795 3878 et
836 3834 1193 3878 convertamus
1231 3825 1421 3896 similis
1460 3827 1762 3896 corruptela
1796 3838 1917 3891 est,
1965 3842 2086 3882 cum

532 3909 726 3967 sensus
747 3896 837 3967 sit,
870 3902 916 3947 et
942 3903 1227 3967 convertat,
1259 3894 1340 3948 vel
1362 3894 1671 3967 imnsfera'l,
1703 3906 2088 3967 perspecteque

530 3980 652 4019 eam
691 3963 969 4036 lectionem
1002 3964 1251 4036 exhibeat
1277 3966 1440 4019 codex
1487 3963 1899 4036 manuscriptus.
1931 3963 2083 4035 quod

533 4032 897 4105 προκείμενα,
932 4048 1049 4105 qua:
1091 4033 1457 4105 intelliguntur
1488 4049 1618 4090 voce
1650 4032 1928 4105 sequenti,
1958 4032 2084 4091 'non

530 4104 1003 4176 rn’inus_commuui
1032 4105 1166 4172 apud
1188 4105 1393 4159 Arabes
1417 4104 1751 4176 Christianos
1774 4120 1902 4161 voce
1923 4122 2083 4176 quam

531 4173 672 4242 apud
706 4172 919 4228 Graecos
945 4173 1131 4238 altera,
1162 4175 1283 4227 viles
1312 4184 1357 4228 et
1390 4182 1618 4229 terrenas
1643 4175 1927 4231 oblationes
1940 4172 2082 4232 ’νει--

531 4247 628 4306 tit,
663 4257 764 4296 non
790 4242 1261 4316 leventsignificat
1301 4245 1565 4316 Arabismi
1596 4246 1983 4316 ignorantiam,
2028 4255 2083 4301 et

531 4317 584 4366 in
614 4327 678 4366 eo
711 4315 799 4379 qui
825 4313 955 4366 alios
984 4313 1267 4381 imperiose
1288 4314 1479 4368 docere
1508 4313 1761 4377 audebat,
1790 4331 1895 4370 non
1928 4315 2082 4370 facile

533 4383 880 4436 tolerandam.
911 4382 1015 4437 Sed
1042 4383 1181 4436 hunc
1216 4399 1451 4437 errorem
1471 4384 1525 4438 in
1547 4384 1683 4439 libro
1711 4384 1785 4438 De
1811 4387 2081 4440 transsub-

530 4455 877 4525 stantiatione
898 4454 1200 4525 emendavit
1237 4473 1250 4525 ς
1305 4437 1548 4525 lia-sitio
1571 4437 1709 4510 aliis
1741 4437 2079 4525 gravioribus
2112 4437 2157 4493 Ῑ)

528 4522 706 4592 longe,
745 4523 1019 4592 magisque
1055 4522 1385 4590 perniciosis.

600 4591 784 4665 Ροιτο⁸
813 4591 1006 4665 mirari
1039 4593 1171 4665 satis
1212 4606 1369 4665 nem_o
1394 4601 1567 4665 potest
1605 4592 1959 4663 Salmasium,
1988 4596 2082 4665 qui

533 4661 730 4733 ubique
761 4661 929 4733 ferme
976 4660 1042 4733 de
1082 4660 1609 4733 linguaEgyptiaca
1633 4701 1648 4726 ,
1687 4660 1953 4733 tanquam
1975 4660 2077 4720 sibi

526 4746 632 4785 non
678 4731 858 4803 ignota
901 4730 1160 4803 loquitur,
1201 4730 1289 4803 ubi
1324 4730 1460 4803 opus
1506 4746 1611 4785 non
1641 4730 2084 4803 eram—ignoran-

528 4804 656 4852 tiam
695 4800 780 4875 vel
822 4800 1019 4875 malam
1065 4798 1222 4852 fidem
1271 4800 1375 4875 hoc
1410 4800 1527 4875 loco
1555 4803 1624 4875 i_ta
1646 4798 1992 4875 prodidisse,
2026 4813 2089 4875 ut,

526 4870 861 4942 excusationi
888 4868 1062 4922 locum
1092 4882 1197 4942 non
1226 4868 1522 4942 reliquerit,
1548 4868 1728 4942 codex
1754 4888 1859 4942 quo
1891 4868 2080 4929 uteba-

529 4950 616 5013 tur
642 4937 959 5013 Aigyptiace
1012 4939 1241 5006 scriptus
1269 4949 1383 5013 erat
1415 4950 1470 4993 et
1494 4937 1888 5013 Arabiceﬁcur
1918 4944 2082 5013 igitur

526 5009 591 5060 de
626 5008 880 5079 primario
930 5017 1078 5079 textu
1127 5008 1455 5079 neverbum
1501 5010 1714 5079 quidem
1769 5008 2078 5078 fecit,'nisi

525 5077 666 5142 quod
700 5076 845 5150 illum
895 5093 1001 5130 non
1047 5076 1407 5150 intelligebat,
1459 5076 1603 5150 quod
1631 5078 1813 5144 facile,
1862 5076 1919 5136 si
1944 5097 2079 5150 opus

524 5155 687 5212 esset,
713 5145 1081 5216 probaremus.
1119 5145 1260 5201 Sane
1298 5148 1341 5201 si
1374 5145 1752 5216 intellexisset,
1791 5167 1895 5205 non
1928 5145 2073 5208 illum

524 5216 658 5288 adeo
688 5214 955 5288 perfrictm
979 5215 1185 5288 frontis
1221 5218 1386 5271 fuisse
1411 5221 1689 5287 quisquam
1721 5214 1937 5285 credat,
1983 5234 2073 5288 ut,

522 5287 735 5351 qualem
767 5299 830 5339 cx
864 5286 1094 5340 Arabica
1127 5288 1370 5342 versione
1404 5286 1740 5344 cuminentns
1774 5304 1877 5355 est,
1911 5286 2076 5346 interé

521 5356 875 5421 pretationem
900 5357 1091 5431 daret:
1125 5358 1554 5431 quandoquidem
1578 5362 1808 5416 orationi
1839 5361 2076 5431 Coptica:

519 5438 750 5502 prorsus
768 5427 1104 5502 contradicit.
1135 5428 1284 5492 Quod
1306 5430 1513 5502 etiamsi
1544 5446 1649 5485 non
1677 5442 1841 5496 esset,
1872 5427 1932 5487 at
1954 5448 2075 5502 qua:

518 5508 644 5550 mox
673 5494 1047 5569 subjiciuntur,
1089 5498 1409 5569 sententiam
1443 5500 1495 5553 in
1530 5512 1716 5569 aperta
1760 5494 1878 5557 luce
1907 5494 2063 5557 collo.

516 5575 665 5640 cant,
692 5565 1171 5640 dctnonstrantque
1202 5567 1309 5640 peti
1340 5565 1586 5637 illapsutn
1614 5576 1783 5627 sancti
1814 5572 2068 5640 Spiritus,

514 5638 736 5709 ejusque
760 5638 1204 5704 operationem-in
1238 5638 1374 5709 dono
1403 5640 1692 5709 proposita.
1720 5638 1867 5697 Nihil
1893 5651 2069 5696 autem

514 5703 711 5761 certius
765 5703 883 5762 case
927 5721 1087 5772 quam
1138 5706 1280 5778 quod
1327 5703 1774 5767 dc'Salmasiana
1827 5713 2070 5770 versione

2203 1815 2349 1855 sonte
2390 1798 2554 1853 futuri
2596 1800 2678 1853 vel
2712 1798 3055 1866 subjunctivi,
3091 1813 3158 1853 eo
3189 1799 3310 1853 loco
3339 1801 3585 1867 usurpari
3615 1840 3631 1865 ,
3654 1798 3778 1856 non

2201 1873 2387 1938 primae
2426 1869 2646 1937 pluralis
2684 1884 2926 1936 persona:
2957 1878 3159 1922 notam.
3206 1868 3356 1923 Adde
3408 1870 3781 1926 testimonium

2200 1941 2369 1995 Graeci
2398 1940 2621 2005 corticis,
2655 1948 2709 1994 et
2743 1939 3008 2009 adjuncta!
3035 1939 3300 2009 versionis
3330 1939 3576 1993 Arabica:
3599 1981 3616 2005 ,
3654 1957 3778 2009 qua:

2201 2010 2389 2063 falsam
2426 2010 2570 2063 illam
2618 2018 2673 2063 et
2724 2008 3014 2063 absurdam
3069 2008 3318 2063 Salmasii
3370 2008 3776 2077 interpretatio-

2201 2096 2320 2134 nem
2372 2078 2696 2150 destruunt,
2743 2094 2865 2133 cum
2922 2078 3156 2150 habeant
3209 2078 3412 2150 ἁγιάσῃ
3464 2080 3557 2133 καὶ
3609 2098 3775 2150 μετα-

2201 2150 2424 2222 ποιήσῃ.
2462 2148 2668 2222 Corpus
2700 2158 2747 2203 et
2789 2148 3005 2218 sanguis
3048 2148 3410 2222 libet-aliquis,
3448 2160 3548 2222 aut
3587 2148 3778 2222 salutis

2201 2217 2425 2290 uastae,
2443 2220 2696 2276 dicuntur
2720 2217 2918 2288 corpus
2939 2225 2993 2272 et
3014 2218 3233 2290 sanguis
3257 2217 3480 2283 Christi,
3507 2220 3633 2288 quia
3679 2236 3780 2290 per

2199 2289 2524 2343 sacrificium
2575 2287 2849 2357 corporis,
2900 2297 2954 2342 et
3008 2287 3324 2343 ellusionem
3386 2287 3779 2358 sanguinis'in

2201 2360 2471 2427 passione,
2510 2368 2620 2412 tum
2654 2358 3121 2428 participationem
3144 2358 3261 2424 ejus
3298 2358 3353 2413 in
3390 2361 3773 2425 sacramentis,

2202 2428 2351 2483 salus
2378 2439 2432 2483 et
2472 2428 2719 2482 liberatio
2757 2428 2911 2483 nobis
2952 2443 2982 2497 a
3024 2428 3258 2496 peccatis
3289 2429 3527 2497 praestita
3561 2438 3684 2495 est,
3717 2440 3776 2485 et

2198 2511 2362 2619 Borro
2393 2507 2700 2565 praestatur.
2745 2498 2822 2553 Eo
2863 2498 2914 2551 in
2963 2496 3080 2553 loco
3124 2496 3339 2554 codices
3378 2499 3626 2569 plerique
3675 2500 3778 2554 ba-

2236 2578 2327 2619 ent
2370 2584 2631 2619 πενσωτ..
2683 2582 2814 2619 voce
2866 2567 3206 2619 ahbreviata.
3250 2577 3310 2619 ut
3364 2568 3488 2619 alibi
3536 2569 3773 2619 saeuius-

2236 2578 2327 2622 ent
2370 2584 2631 2633 πενσωτ..
2683 2582 2814 2622 voce
2866 2567 3206 2633 abbreviata,
3250 2577 3310 2621 ut
3364 2567 3488 2622 alibi
3536 2569 3773 2636 sepius,

2199 2637 2341 2692 unde
2369 2639 2553 2709 σωτήρ
2592 2637 2674 2709 vel
2710 2636 2953 2707 σωτηρία
2983 2637 3096 2709 _legi
3130 2646 3324 2706 potest.
3360 2636 3469 2693 Sed
3496 2639 3770 2708 ambigui-

2200 2713 2363 2781 tatem
2397 2705 2719 2781 determinat
2755 2705 2932 2781 codex
2963 2705 3222 2781 Graecus,
3256 2709 3344 2781 ubi
3398 2709 3627 2781 habetur
3647 2705 3774 2781 ”τῆς

2198 2776 2469 2848 ἡμετέρας
2494 2775 3246 2848 ἀπολυτρώσεωςηιιινειείο
3280 2777 3395 2846 ejus
3428 2779 3686 2846 Arabica,
3716 2775 3777 2836 et

2199 2791 2469 2897 ηΓετερας
2494 2791 2955 2848 απολυτρωσεως,
2984 2791 3042 2829 ιιι
3071 2792 3246 2833 verato
3280 2792 3395 2846 ejus
3428 2791 3590 2832 Aram

2199 2859 2228 2898 a
2255 2846 2317 2918 ia}.
2344 2862 2465 2918 qua:
2494 2848 2731 2918 Copticis
2770 2846 3174 2918 exemplaribus
3201 2848 3590 2918 adjunguntur.

2270 2916 2347 2986 (7)
2378 2916 2625 2972 Occurrit
2671 2917 2759 2971 bic
2788 2916 3037 2971 lectionis
3065 2917 3318 2972 varietas.
3357 2916 3531 2972 Codex
3583 2928 3776 2973 noster

2197 3000 2356 3056 quem
2398 2986 2802 3056 interpretando
2837 2988 3014 3057 secuti
3050 3000 3236 3042 sumus
3260 3028 3276 3051 ,
3308 2988 3381 3042 ita
3412 2998 3470 3041 ut
3498 2991 3777 3057 expressi-

2122 3086 2163 3144 ο
2201 3055 2340 3144 inus,
2377 3055 2827 3139 habetqsaxatcp,
2875 3055 3085 3144 fufigsf
3115 3060 3309 3138 .versio
3338 3055 3583 3113 Arabica
3609 3059 3773 3144 simi:

2198 3125 2363 3180 liter:
2416 3127 2489 3180 ita
2536 3125 2748 3191 tamen,
2776 3125 2854 3180 ut
2885 3127 2951 3180 ad
2987 3127 3247 3195 Spiritum
3288 3137 3529 3183 sanctum
3574 3126 3771 3184 referri

2196 3195 2399 3266 possit;
2428 3195 2494 3249 Et
2523 3196 2683 3264 faciat
2705 3212 2725 3250 :
2760 3197 2883 3266 quia
2914 3204 2971 3250 ut
2996 3198 3193 3251 dictum
3222 3207 3304 3252 est
3343 3198 3585 3253 feminini
3629 3199 3774 3253 Ara-

2196 3265 2323 3330 bici,
2353 3267 2407 3319 in
2432 3283 2538 3336 quo
2560 3280 2757 3337 genere
2783 3265 2871 3321 est
2892 3282 2997 3321 vox
3030 3276 3125 3327 rm
3162 3269 3300 3338 apud
3338 3266 3562 3331 Arabes,
3608 3273 3772 3323 tertia

2194 3349 2453 3408 persona,
2481 3339 2724 3408 eamdem
2764 3351 2924 3408 quam
2968 3340 3200 3408 secunda
3235 3340 3513 3406 utriusque
3551 3342 3774 3408 generis

2192 3406 2687 3477 characteristicam
2754 3406 2989 3477 praefert.
3034 3406 3251 3461 Verum‘
3302 3410 3495 3465 melior
3540 3406 3770 3464 numina

2192 3474 2353 3549 lectio
2385 3485 2469 3549 est
2488 3474 2781 3549 secundum
2805 3475 3049 3549 Grrecutn
3075 3478 3368 3544 exemplar,
3399 3478 3493 3531 καὶ
3516 3481 3766 3549 ποιήσει,

2191 3544 2278 3619 vel
2298 3548 2476 3615 potius
2501 3548 2723 3619 ποιῄσῃ,
2752 3558 2797 3601 ει
2822 3547 3006 3619 faciat,
3032 3556 3090 3601 ut
3119 3549 3184 3619 ad
3219 3549 3479 3618 Spiritum
3513 3544 3766 3604 sanctum

2192 3613 2477 3688 referatur,
2525 3613 2700 3688 cujus"
2728 3613 3032 3688 postulatur
3087 3613 3367 3673 adventus.
3420 3619 3495 3672 Ita
3546 3634 3767 3688 quoque

2190 3683 2388 3753 legitur
2428 3686 2482 3739 in
2530 3683 2649 3741 aliis
2677 3687 2955 3742 codicibus
2993 3686 3229 3755 Copticis
3256 3728 3271 3753 ,
3301 3688 3391 3758 qui
3439 3683 3766 3757 antiquitate

2189 3762 2485 3828 praestant:
2511 3773 2713 3810 παιωικ
2742 3773 2840 3827 μεν
2873 3774 3089 3827 ητειαιφ
3122 3757 3543 3828 ησωμαίεθουαϐ
3568 3775 3713 3828 ητακ
3744 3777 3762 3813 :

2189 3832 2349 3895 atque
2376 3826 2445 3879 ita
2484 3826 2761 3882 versioues
2788 3826 3049 3882 Arabicae.
3084 3826 3360 3883 Sententia
3396 3826 3764 3885 tamen'utro-

2188 3894 2349 3963 bique
2375 3895 2561 3952 eadem
2590 3906 2693 3959 est,
2735 3898 2848 3951 sive
2876 3897 3145 3967 Christus
3166 3898 3347 3959 iaciat,
3382 3899 3494 3953 sive
3525 3897 3763 3967 Spiritus

2186 3974 2409 4036 sanctus
2439 3967 2504 4021 ab
2535 3982 2598 4021 eo
2629 3968 2847 4022 missus.
2885 3965 3071 4020 Versio
3100 3966 3376 4022 Maronitae
3404 3991 3415 4023 :
3448 3967 3519 4021 Et
3545 3965 3636 4021 hic
3662 3970 3759 4036 ﬁat

2184 4034 2336 4108 panis
2351 4051 2539 4104 corpus
2561 4046 2951 4108 sacrosanctum
2970 4045 3137 4098 tuum,
3160 4036 3397 4103 Domine,
3415 4053 3589 4108 neque
3615 4034 3763 4108 Gep-

2188 4104 2316 4170 tico,
2334 4107 2771 4176 nequeArabico,
2798 4105 3088 4160 atttGraeco
3113 4109 3277 4161 textui
3309 4104 3615 4176 respondet.
3637 4104 3757 4163 Ja'm

2187 4188 2312 4246 vero
2328 4175 2573 4230 Salmasii
2602 4176 3023 4246 admiratoribus
3054 4178 3345 4243 incumbit,
3368 4175 3425 4230 ut
3452 4179 3757 4246 speciosam

2183 4242 2415 4317 aliquam
2466 4247 2726 4317 rationem
2768 4245 2996 4307 silentii,
3028 4248 3169 4316 quod
3203 4242 3343 4301 circa
3364 4242 3503 4302 banc
3548 4258 3759 4317 partem

2182 4315 2440 4369 orationis
2489 4316 2833 4380 observavit,
2880 4315 3050 4371 nobis
3088 4318 3341 4379 reddant,
3392 4332 3512 4372 cum
3550 4315 3754 4371 'tameu

2185 4385 2504 4449 praecedenti
2554 4387 2862 4442 necessario
2899 4387 3185 4452 conjuncta
3239 4391 3343 4452 sit,
3400 4397 3563 4456 atque
3618 4389 3756 4441 adeo

2187 4468 2290 4526 una
2324 4469 2389 4509 ex
2419 4457 2587 4509 altera
2620 4457 2876 4525 explicari
2908 4458 3120 4511 debeat.
3160 4456 3233 4510 Ex
3267 4458 3383 4525 ejus
3421 4458 3753 4526 interpreta-

2189 4523 2368 4593 tione,
2407 4539 2566 4593 quam
2607 4523 2771 4593 priori
2813 4526 3101 4591 attribuit,
3140 4528 3209 4580 ita
3242 4523 3749 4582 vertendum'erit:

2186 4588 2254 4645 Et
2284 4588 2658 4666 hung-quidem
2688 4611 2875 4664 partem
2905 4588 3189 4665 faciamus,
3219 4613 3404 4666 corpus
3436 4607 3586 4649 tuum
3626 4612 3753 4649 sau-

2185 4672 2347 4735 cium,
2385 4663 2601 4718 Domine
2630 4679 2648 4717 :
2677 4663 2817 4734 Quod
2836 4663 3012 4735 codici
3041 4667 3253 4730 Graeco,
3285 4663 3504 4735 Coptico
3534 4675 3589 4719 et
3616 4670 3756 4719 Ara-

2183 4729 2307 4785 bico
2328 4744 2607 4806 repugnat
2641 4729 2751 4806 non
2776 4734 2953 4789 minus
2982 4751 3140 4804 quam
3173 4729 3423 4806 omnibus
3458 4736 3754 4806 cujuscun-

2183 4814 2288 4875 que
2328 4802 2840 4875 linguaarLiturgiis,
2872 4802 3291 4875 sanctorumque
3334 4802 3553 4859 Patrum
3599 4808 3755 4860 theoo

2183 4869 2371 4946 legite,
2409 4869 2641 4946 maxime
2685 4869 2810 4929 v'ero
2830 4869 3220 4946 '_Orientalium'
3266 4878 3613 4946 scriptorum.
3676 4876 3753 4931 illi

2181 4944 2324 5014 enim
2371 4942 2528 5013 vulgo
2574 4945 2792 5009 dicunt,
2824 4944 3085 5014 Spiritum
3115 4942 3553 5001 sanctum'illabi
3588 4960 3753 5014 super

2180 5008 2321 5066 dona
2350 5008 2621 5085 proposita
2644 5052 2663 5081 ,
2696 5008 2933 5085 sicuti—in
2970 5012 3031 5068 Β.
3064 5014 3285 5071 Mariam
3330 5015 3599 5085 Virginem
3635 5008 3755 5069 illa-

2181 5094 2307 5153 psus
2339 5093 2445 5146 est,
2476 5094 2530 5137 et
2558 5084 2608 5137 in
2657 5085 2812 5137 altari
2842 5084 3077 5139 formare
3108 5099 3304 5153 corpus
3339 5086 3565 5151 Cbnsti,
3607 5088 3751 5139 sicut

2179 5150 2307 5225 illud
2345 5153 2395 5225 in
2430 5163 2583 5208 utero
2628 5153 2900 5225 Virginis,
2942 5171 3009 5209 ex
3051 5150 3289 5225 ejusdem
3323 5171 3487 5212 carne
3519 5150 3575 5225 et
3619 5171 3747 5209 san-

2176 5221 2339 5343 guine
2367 5221 2642 5282 formavit.
2671 5221 2749 5278 n5
2776 5222 3008 5279 Severus
3027 5221 3526 5291 Aschmoninensis,
3560 5224 3747 5279 Homi-

2200 5291 2261 5343 ite
2291 5292 2355 5343 de
2385 5294 2589 5343 circulo
2620 5296 2786 5343 anni-
2819 5294 3077 5343 Barsalibi
3099 5333 3114 5343 .
3145 5295 3547 5343 Abulfaraaius-
3578 5304 3634 5343 et
3660 5295 3747 5343 alii

2200 5291 2261 5345 ire
2291 5292 2355 5347 de
2385 5294 2589 5348 circulo
2620 5296 2745 5348 anni
2771 5335 2786 5360 ,
2818 5294 3077 5349 Barsalibi
3099 5333 3114 5359 ,
3145 5295 3547 5365 Abulfaragius,
3578 5304 3634 5358 et
3660 5295 3747 5349 alii

2175 5374 2404 5429 quorum
2435 5365 2744 5419 testimonia
2778 5365 2904 5419 alibi
2934 5366 3099 5418 relata
3128 5374 3277 5420 sunt.
3313 5365 3603 5429 Sacerdos,
3638 5368 3741 5418 ini-

2175 5432 2469 5504 nisterialis
2498 5449 2657 5490 causa
2688 5447 2807 5491 est:
2843 5435 3079 5504 Spiritus
3129 5446 3350 5491 sanctus
3396 5451 3560 5490 causa
3593 5436 3739 5498 ιιι-ιιι⁴

2175 5502 2360 5569 cipalis
2388 5521 2401 5557 :
2435 5504 2479 5558 si
2514 5507 2635 5573 quis
2662 5507 2803 5560 ultra
2835 5502 3242 5574 philosophatus
3277 5514 3380 5568 est,
3410 5516 3467 5559 ut
3491 5504 3737 5572 Diampe-

2174 5584 2361 5645 renses
2392 5588 2647 5630 censores
2671 5616 2687 5642 ,
2725 5589 2780 5630 et.
2814 5578 3193 5631 emendatores
3235 5576 3437 5645 aliquot
3476 5574 3736 5644 ignobiles

2173 5638 2560 5711 Liturgiarttm,
2619 5638 2841 5701 minima
2898 5657 2980 5701 est
3030 5646 3133 5703 hoc
3183 5647 3237 5704 iu
3287 5638 3736 5716 genere—illorum

2177 5719 2442 5768 aucwrita
