  <div class='ocr_page' id='page_1' title='image "/cluster/home/n/w/nwhite01/storage/ocr_20150623/36/hvd.32044024464877/370.png"; bbox 0 0 4100 6276; ppageno 0'>
   <div class='ocr_carea' id='block_1_1' title="bbox 221 298 326 355">
    <p class='ocr_par' dir='ltr' id='par_1_1' title="bbox 221 298 326 355">
     <span class='ocr_line' id='line_1_1' title="bbox 221 298 326 355; baseline -0.01 0"><span class='ocrx_word' id='word_1_1' title='bbox 221 298 326 355; x_wconf 78' lang='lat'><strong>689</strong></span> 
     </span>
    </p>
   </div>
   <div class='ocr_carea' id='block_1_2' title="bbox 1278 288 2429 355">
    <p class='ocr_par' dir='ltr' id='par_1_2' title="bbox 1278 288 2429 355">
     <span class='ocr_line' id='line_1_2' title="bbox 1278 288 2429 355; baseline -0.001 -5"><span class='ocrx_word' id='word_1_2' title='bbox 1278 294 1609 353; x_wconf 77' lang='lat' dir='ltr'><strong>LITURGIA</strong></span> <span class='ocrx_word' id='word_1_3' title='bbox 1650 296 1707 355; x_wconf 92' lang='lat' dir='ltr'><strong>S.</strong></span> <span class='ocrx_word' id='word_1_4' title='bbox 1754 292 2084 352; x_wconf 78' lang='lat' dir='ltr'><strong>GREGORll</strong></span> <span class='ocrx_word' id='word_1_5' title='bbox 2121 288 2429 351; x_wconf 80' lang='lat' dir='ltr'><strong>COPTICA.</strong></span> 
     </span>
    </p>
   </div>
   <div class='ocr_carea' id='block_1_3' title="bbox 3375 285 3480 343">
    <p class='ocr_par' dir='ltr' id='par_1_3' title="bbox 3375 285 3480 343">
     <span class='ocr_line' id='line_1_3' title="bbox 3375 285 3480 343; baseline 0.038 -4"><span class='ocrx_word' id='word_1_6' title='bbox 3375 285 3480 343; x_wconf 76' lang='lat'><strong>690</strong></span> 
     </span>
    </p>
   </div>
   <div class='ocr_carea' id='block_1_4' title="bbox 220 403 3480 483">
    <p class='ocr_par' dir='ltr' id='par_1_4' title="bbox 220 403 3480 483">
     <span class='ocr_line' id='line_1_4' title="bbox 220 403 3480 483; baseline -0.002 -14"><span class='ocrx_word' id='word_1_7' title='bbox 220 414 366 469; x_wconf 85' lang='lat' dir='ltr'><strong>diam</strong></span> <span class='ocrx_word' id='word_1_8' title='bbox 397 408 507 466; x_wconf 85' lang='lat' dir='ltr'><strong>illis</strong></span> <span class='ocrx_word' id='word_1_9' title='bbox 535 408 626 481; x_wconf 91' lang='lat' dir='ltr'><strong>qui</strong></span> <span class='ocrx_word' id='word_1_10' title='bbox 658 408 715 466; x_wconf 93' lang='lat' dir='ltr'><strong>in</strong></span> <span class='ocrx_word' id='word_1_11' title='bbox 749 409 1070 480; x_wconf 81' lang='lat' dir='ltr'><strong>pteniteutia</strong></span> <span class='ocrx_word' id='word_1_12' title='bbox 1099 418 1225 467; x_wconf 90' lang='lat' dir='ltr'><strong>sunt</strong></span> <span class='ocrx_word' id='word_1_13' title='bbox 1274 410 1375 481; x_wconf 91' lang='lat'><strong>(8),</strong></span> <span class='ocrx_word' id='word_1_14' title='bbox 1417 412 1805 483; x_wconf 73' lang='lat' dir='ltr'><strong>benignitatem</strong></span> <span class='ocrx_word' id='word_1_15' title='bbox 1836 420 1883 475; x_wconf 76' lang='grc' dir='ltr'>Α</span> <span class='ocrx_word' id='word_1_16' title='bbox 1912 419 2221 467; x_wconf 90' lang='lat' dir='ltr'><strong>nostrorum</strong></span> <span class='ocrx_word' id='word_1_17' title='bbox 2272 407 2719 472; x_wconf 83' lang='lat' dir='ltr'><strong>orthodoxorum,</strong></span> <span class='ocrx_word' id='word_1_18' title='bbox 2754 405 2845 477; x_wconf 90' lang='lat' dir='ltr'><strong>qui</strong></span> <span class='ocrx_word' id='word_1_19' title='bbox 2880 412 3007 462; x_wconf 90' lang='lat' dir='ltr'><strong>sunt</strong></span> <span class='ocrx_word' id='word_1_20' title='bbox 3056 403 3111 461; x_wconf 91' lang='lat' dir='ltr'><strong>in</strong></span> <span class='ocrx_word' id='word_1_21' title='bbox 3164 404 3385 476; x_wconf 89' lang='lat' dir='ltr'><strong>palatio,</strong></span> <span class='ocrx_word' id='word_1_22' title='bbox 3422 416 3480 464; x_wconf 89' lang='lat' dir='ltr'><strong>et</strong></span> 
     </span>
    </p>
   </div>
   <div class='ocr_carea' id='block_1_5' title="bbox 222 502 1804 573">
    <p class='ocr_par' dir='ltr' id='par_1_5' title="bbox 222 502 1804 573">
     <span class='ocr_line' id='line_1_5' title="bbox 222 502 1804 573; baseline 0 -14"><span class='ocrx_word' id='word_1_23' title='bbox 222 503 500 568; x_wconf 77' lang='lat' dir='ltr'><strong>divitibus,</strong></span> <span class='ocrx_word' id='word_1_24' title='bbox 537 502 855 558; x_wconf 72' lang='lat' dir='ltr'><strong>modestiam</strong></span> <span class='ocrx_word' id='word_1_25' title='bbox 880 503 945 558; x_wconf 88' lang='lat' dir='ltr'><strong>iis</strong></span> <span class='ocrx_word' id='word_1_26' title='bbox 985 502 1076 573; x_wconf 88' lang='lat' dir='ltr'><strong>qui</strong></span> <span class='ocrx_word' id='word_1_27' title='bbox 1111 503 1162 557; x_wconf 93' lang='lat' dir='ltr'><strong>in</strong></span> <span class='ocrx_word' id='word_1_28' title='bbox 1193 503 1451 573; x_wconf 85' lang='lat' dir='ltr'><strong>dignitate</strong></span> <span class='ocrx_word' id='word_1_29' title='bbox 1477 512 1629 572; x_wconf 90' lang='lat' dir='ltr'><strong>sunt,</strong></span> <span class='ocrx_word' id='word_1_30' title='bbox 1655 506 1804 559; x_wconf 81' lang='lat' dir='ltr'><strong>auxi-</strong></span> 
     </span>
    </p>
   </div>
   <div class='ocr_carea' id='block_1_6' title="bbox 223 594 1801 665">
    <p class='ocr_par' dir='ltr' id='par_1_6' title="bbox 223 594 1801 665">
     <span class='ocr_line' id='line_1_6' title="bbox 223 594 1801 665; baseline 0.001 -15"><span class='ocrx_word' id='word_1_31' title='bbox 223 596 352 650; x_wconf 87' lang='lat' dir='ltr'><strong>lium</strong></span> <span class='ocrx_word' id='word_1_32' title='bbox 393 594 761 665; x_wconf 83' lang='lat' dir='ltr'><strong>pauperibus:</strong></span> <span class='ocrx_word' id='word_1_33' title='bbox 805 610 961 650; x_wconf 88' lang='lat' dir='ltr'><strong>senes</strong></span> <span class='ocrx_word' id='word_1_34' title='bbox 1021 596 1216 651; x_wconf 80' lang='lat' dir='ltr'><strong>robora</strong></span> <span class='ocrx_word' id='word_1_35' title='bbox 1256 609 1272 649; x_wconf 89' lang='lat'><strong>:</strong></span> <span class='ocrx_word' id='word_1_36' title='bbox 1322 597 1546 664; x_wconf 85' lang='lat' dir='ltr'><strong>juvenes</strong></span> <span class='ocrx_word' id='word_1_37' title='bbox 1603 597 1801 652; x_wconf 88' lang='lat' dir='ltr'><strong>crudi:</strong></span> 
     </span>
    </p>
   </div>
   <div class='ocr_carea' id='block_1_7' title="bbox 226 686 1799 744">
    <p class='ocr_par' dir='ltr' id='par_1_7' title="bbox 226 686 1799 744">
     <span class='ocr_line' id='line_1_7' title="bbox 226 686 1799 744; baseline 0.002 -3"><span class='ocrx_word' id='word_1_38' title='bbox 226 686 468 742; x_wconf 87' lang='lat' dir='ltr'><strong>inﬁdeles</strong></span> <span class='ocrx_word' id='word_1_39' title='bbox 499 698 794 742; x_wconf 81' lang='lat' dir='ltr'><strong>converte:</strong></span> <span class='ocrx_word' id='word_1_40' title='bbox 830 694 1043 742; x_wconf 88' lang='lat' dir='ltr'><strong>cessent</strong></span> <span class='ocrx_word' id='word_1_41' title='bbox 1078 688 1145 742; x_wconf 91' lang='lat' dir='ltr'><strong>ab</strong></span> <span class='ocrx_word' id='word_1_42' title='bbox 1180 686 1422 743; x_wconf 83' lang='lat' dir='ltr'><strong>Ecclesia</strong></span> <span class='ocrx_word' id='word_1_43' title='bbox 1458 689 1751 744; x_wconf 89' lang='lat' dir='ltr'><strong>schismata</strong></span> <span class='ocrx_word' id='word_1_44' title='bbox 1786 708 1799 744; x_wconf 89' lang='lat'><strong>:</strong></span> 
     </span>
    </p>
   </div>
   <div class='ocr_carea' id='block_1_8' title="bbox 225 778 1806 847">
    <p class='ocr_par' dir='ltr' id='par_1_8' title="bbox 225 778 1806 847">
     <span class='ocr_line' id='line_1_8' title="bbox 225 778 1806 847; baseline 0.002 -17"><span class='ocrx_word' id='word_1_45' title='bbox 225 778 467 845; x_wconf 78' lang='lat' dir='ltr'><strong>deprime</strong></span> <span class='ocrx_word' id='word_1_46' title='bbox 488 778 795 847; x_wconf 87' lang='lat' dir='ltr'><strong>superbiam</strong></span> <span class='ocrx_word' id='word_1_47' title='bbox 822 778 1121 841; x_wconf 69' lang='lat' dir='ltr'><strong>haereseon,</strong></span> <span class='ocrx_word' id='word_1_48' title='bbox 1146 788 1201 833; x_wconf 88' lang='lat' dir='ltr'><strong>et</strong></span> <span class='ocrx_word' id='word_1_49' title='bbox 1240 794 1337 834; x_wconf 92' lang='lat' dir='ltr'><strong>nos</strong></span> <span class='ocrx_word' id='word_1_50' title='bbox 1368 793 1558 835; x_wconf 85' lang='lat' dir='ltr'><strong>omnes</strong></span> <span class='ocrx_word' id='word_1_51' title='bbox 1585 779 1649 835; x_wconf 88' lang='lat' dir='ltr'><strong>ad</strong></span> <span class='ocrx_word' id='word_1_52' title='bbox 1680 795 1806 834; x_wconf 87' lang='lat' dir='ltr'><strong>con-</strong></span> 
     </span>
    </p>
   </div>
   <div class='ocr_carea' id='block_1_9' title="bbox 225 868 1287 939">
    <p class='ocr_par' dir='ltr' id='par_1_9' title="bbox 225 868 1287 939">
     <span class='ocr_line' id='line_1_9' title="bbox 225 868 1287 939; baseline 0.002 -18"><span class='ocrx_word' id='word_1_53' title='bbox 225 869 467 922; x_wconf 86' lang='lat' dir='ltr'><strong>cordiam</strong></span> <span class='ocrx_word' id='word_1_54' title='bbox 505 869 720 938; x_wconf 88' lang='lat' dir='ltr'><strong>pietatis</strong></span> <span class='ocrx_word' id='word_1_55' title='bbox 745 868 994 924; x_wconf 89' lang='lat' dir='ltr'><strong>&#39;adunare</strong></span> <span class='ocrx_word' id='word_1_56' title='bbox 1031 869 1287 939; x_wconf 85' lang='lat' dir='ltr'><strong>digneris.</strong></span> 
     </span>
    </p>
   </div>
   <div class='ocr_carea' id='block_1_10' title="bbox 301 956 1149 1027">
    <p class='ocr_par' dir='ltr' id='par_1_10' title="bbox 301 956 1149 1027">
     <span class='ocr_line' id='line_1_10' title="bbox 301 956 1149 1027; baseline 0.007 -18"><span class='ocrx_word' id='word_1_57' title='bbox 301 956 561 1027; x_wconf 84' lang='lat' dir='ltr'><strong>Populus.</strong></span> <span class='ocrx_word' id='word_1_58' title='bbox 594 959 836 1026; x_wconf 85' lang='lat' dir='ltr'><strong>Domine,</strong></span> <span class='ocrx_word' id='word_1_59' title='bbox 870 962 1149 1016; x_wconf 87' lang='lat' dir='ltr'><strong>miserere.</strong></span> 
     </span>
    </p>
   </div>
   <div class='ocr_carea' id='block_1_11' title="bbox 301 1048 1809 1124">
    <p class='ocr_par' dir='ltr' id='par_1_11' title="bbox 301 1048 1809 1124">
     <span class='ocr_line' id='line_1_11' title="bbox 301 1048 1809 1124; baseline 0.007 -23"><span class='ocrx_word' id='word_1_60' title='bbox 301 1048 591 1104; x_wconf 83' lang='lat' dir='ltr'><strong>Diaronus.</strong></span> <span class='ocrx_word' id='word_1_61' title='bbox 641 1050 805 1107; x_wconf 89' lang='lat' dir='ltr'><strong>Orate</strong></span> <span class='ocrx_word' id='word_1_62' title='bbox 857 1068 953 1122; x_wconf 91' lang='lat' dir='ltr'><strong>pro</strong></span> <span class='ocrx_word' id='word_1_63' title='bbox 1000 1068 1133 1124; x_wconf 86' lang='lat' dir='ltr'><strong>pace</strong></span> <span class='ocrx_word' id='word_1_64' title='bbox 1183 1055 1343 1111; x_wconf 88' lang='lat' dir='ltr'><strong>unius</strong></span> <span class='ocrx_word' id='word_1_65' title='bbox 1420 1056 1701 1112; x_wconf 72' lang='lat' dir='ltr'><strong>catholicae</strong></span> <span class='ocrx_word' id='word_1_66' title='bbox 1754 1065 1809 1111; x_wconf 92' lang='lat' dir='ltr'><strong>et</strong></span> 
     </span>
    </p>
   </div>
   <div class='ocr_carea' id='block_1_12' title="bbox 229 1140 994 1210">
    <p class='ocr_par' dir='ltr' id='par_1_12' title="bbox 229 1140 994 1210">
     <span class='ocr_line' id='line_1_12' title="bbox 229 1140 994 1210; baseline 0.005 -15"><span class='ocrx_word' id='word_1_67' title='bbox 229 1140 541 1210; x_wconf 68' lang='lat' dir='ltr'><strong>apostolicae</strong></span> <span class='ocrx_word' id='word_1_68' title='bbox 580 1141 673 1197; x_wconf 87' lang='lat' dir='ltr'><strong>Dei</strong></span> <span class='ocrx_word' id='word_1_69' title='bbox 714 1143 994 1199; x_wconf 59' lang='lat' dir='ltr'><strong>Ecclesiae.</strong></span> 
     </span>
    </p>
   </div>
   <div class='ocr_carea' id='block_1_13' title="bbox 300 1231 1805 1307">
    <p class='ocr_par' dir='ltr' id='par_1_13' title="bbox 300 1231 1805 1307">
     <span class='ocr_line' id='line_1_13' title="bbox 300 1231 1805 1307; baseline 0.005 -20"><span class='ocrx_word' id='word_1_70' title='bbox 300 1231 581 1287; x_wconf 76' lang='lat' dir='ltr'><strong>Sacerdos.</strong></span> <span class='ocrx_word' id='word_1_71' title='bbox 609 1234 895 1300; x_wconf 82' lang='lat' dir='ltr'><strong>Memento,</strong></span> <span class='ocrx_word' id='word_1_72' title='bbox 910 1237 1136 1293; x_wconf 90' lang='lat' dir='ltr'><strong>Dom.ne</strong></span> <span class='ocrx_word' id='word_1_73' title='bbox 1163 1238 1335 1307; x_wconf 89' lang='lat' dir='ltr'><strong>pacis,</strong></span> <span class='ocrx_word' id='word_1_74' title='bbox 1361 1241 1553 1303; x_wconf 64' lang='lat' dir='ltr'><strong>unicae,</strong></span> <span class='ocrx_word' id='word_1_75' title='bbox 1584 1248 1805 1306; x_wconf 70' lang='lat' dir='ltr'><strong>sanctae,</strong></span> 
     </span>
    </p>
   </div>
   <div class='ocr_carea' id='block_1_14' title="bbox 229 1324 1808 1401">
    <p class='ocr_par' dir='ltr' id='par_1_14' title="bbox 229 1324 1808 1401">
     <span class='ocr_line' id='line_1_14' title="bbox 229 1324 1808 1401; baseline 0.006 -24"><span class='ocrx_word' id='word_1_76' title='bbox 229 1324 516 1379; x_wconf 68' lang='lat' dir='ltr'><strong>catholicte</strong></span> <span class='ocrx_word' id='word_1_77' title='bbox 557 1334 613 1379; x_wconf 90' lang='lat' dir='ltr'><strong>et</strong></span> <span class='ocrx_word' id='word_1_78' title='bbox 660 1326 969 1395; x_wconf 61' lang='lat' dir='ltr'><strong>apostolicae</strong></span> <span class='ocrx_word' id='word_1_79' title='bbox 1016 1329 1270 1386; x_wconf 63' lang='lat' dir='ltr'><strong>Ecclesia:</strong></span> <span class='ocrx_word' id='word_1_80' title='bbox 1323 1340 1445 1395; x_wconf 68' lang='lat' dir='ltr'><strong>tuae,</strong></span> <span class='ocrx_word' id='word_1_81' title='bbox 1486 1347 1605 1401; x_wconf 73' lang='lat' dir='ltr'><strong>qum</strong></span> <span class='ocrx_word' id='word_1_82' title='bbox 1645 1341 1727 1387; x_wconf 92' lang='lat' dir='ltr'><strong>est</strong></span> <span class='ocrx_word' id='word_1_83' title='bbox 1777 1349 1808 1387; x_wconf 90' lang='lat' dir='ltr'><strong>a</strong></span> 
     </span>
    </p>
   </div>
   <div class='ocr_carea' id='block_1_15' title="bbox 234 1414 1811 1490">
    <p class='ocr_par' dir='ltr' id='par_1_15' title="bbox 234 1414 1811 1490">
     <span class='ocr_line' id='line_1_15' title="bbox 234 1414 1811 1490; baseline 0.004 -23"><span class='ocrx_word' id='word_1_84' title='bbox 234 1414 429 1469; x_wconf 90' lang='lat' dir='ltr'><strong>linibos</strong></span> <span class='ocrx_word' id='word_1_85' title='bbox 469 1430 640 1484; x_wconf 88' lang='lat' dir='ltr'><strong>usque</strong></span> <span class='ocrx_word' id='word_1_86' title='bbox 672 1416 740 1470; x_wconf 88' lang='lat' dir='ltr'><strong>ad</strong></span> <span class='ocrx_word' id='word_1_87' title='bbox 796 1418 929 1472; x_wconf 89' lang='lat' dir='ltr'><strong>ﬁnes</strong></span> <span class='ocrx_word' id='word_1_88' title='bbox 976 1427 1152 1485; x_wconf 63' lang='lat' dir='ltr'><strong>terrm,</strong></span> <span class='ocrx_word' id='word_1_89' title='bbox 1195 1428 1250 1474; x_wconf 91' lang='lat' dir='ltr'><strong>et</strong></span> <span class='ocrx_word' id='word_1_90' title='bbox 1291 1435 1478 1476; x_wconf 91' lang='lat' dir='ltr'><strong>eorum</strong></span> <span class='ocrx_word' id='word_1_91' title='bbox 1523 1420 1614 1490; x_wconf 89' lang='lat' dir='ltr'><strong>qui</strong></span> <span class='ocrx_word' id='word_1_92' title='bbox 1667 1429 1811 1475; x_wconf 91' lang='lat' dir='ltr'><strong>recte</strong></span> 
     </span>
    </p>
   </div>
   <div class='ocr_carea' id='block_1_16' title="bbox 231 1506 1264 1574">
    <p class='ocr_par' dir='ltr' id='par_1_16' title="bbox 231 1506 1264 1574">
     <span class='ocr_line' id='line_1_16' title="bbox 231 1506 1264 1574; baseline 0.007 -16"><span class='ocrx_word' id='word_1_93' title='bbox 231 1506 550 1574; x_wconf 88' lang='lat' dir='ltr'><strong>dispensant</strong></span> <span class='ocrx_word' id='word_1_94' title='bbox 580 1507 632 1561; x_wconf 93' lang='lat' dir='ltr'><strong>in</strong></span> <span class='ocrx_word' id='word_1_95' title='bbox 660 1523 722 1563; x_wconf 90' lang='lat' dir='ltr'><strong>ea</strong></span> <span class='ocrx_word' id='word_1_96' title='bbox 751 1509 971 1564; x_wconf 80' lang='lat' dir='ltr'><strong>verbum</strong></span> <span class='ocrx_word' id='word_1_97' title='bbox 997 1511 1264 1565; x_wconf 85' lang='lat' dir='ltr'><strong>veritatis.</strong></span> 
     </span>
    </p>
   </div>
   <div class='ocr_carea' id='block_1_17' title="bbox 306 1584 1810 1669">
    <p class='ocr_par' dir='ltr' id='par_1_17' title="bbox 306 1584 1810 1669">
     <span class='ocr_line' id='line_1_17' title="bbox 306 1584 1810 1669; baseline 0.002 -19"><span class='ocrx_word' id='word_1_98' title='bbox 306 1597 595 1652; x_wconf 82' lang='lat' dir='ltr'><strong>Diaconus.</strong></span> <span class='ocrx_word' id='word_1_99' title='bbox 634 1600 798 1654; x_wconf 85' lang='lat' dir='ltr'><strong>Orate</strong></span> <span class='ocrx_word' id='word_1_100' title='bbox 840 1615 938 1669; x_wconf 90' lang='lat' dir='ltr'><strong>pro</strong></span> <span class='ocrx_word' id='word_1_101' title='bbox 982 1602 1235 1669; x_wconf 87' lang='lat' dir='ltr'><strong>pontiﬁce</strong></span> <span class='ocrx_word' id='word_1_102' title='bbox 1272 1584 1461 1659; x_wconf 67' lang='lat' dir='ltr'><strong>nostro,</strong></span> <span class='ocrx_word' id='word_1_103' title='bbox 1487 1615 1623 1669; x_wconf 84' lang='lat' dir='ltr'><strong>papa</strong></span> <span class='ocrx_word' id='word_1_104' title='bbox 1656 1600 1810 1654; x_wconf 83' lang='lat' dir='ltr'><strong>Anba</strong></span> 
     </span>
    </p>
   </div>
   <div class='ocr_carea' id='block_1_18' title="bbox 233 1690 1815 1765">
    <p class='ocr_par' dir='ltr' id='par_1_18' title="bbox 233 1690 1815 1765">
     <span class='ocr_line' id='line_1_18' title="bbox 233 1690 1815 1765; baseline 0.001 -20"><span class='ocrx_word' id='word_1_105' title='bbox 233 1690 299 1745; x_wconf 82' lang='lat' dir='ltr'><strong>N.</strong></span> <span class='ocrx_word' id='word_1_106' title='bbox 334 1692 395 1745; x_wconf 94' lang='lat' dir='ltr'><strong>D.</strong></span> <span class='ocrx_word' id='word_1_107' title='bbox 438 1692 845 1763; x_wconf 89' lang='lat' dir='ltr'><strong>archiepiscopo</strong></span> <span class='ocrx_word' id='word_1_108' title='bbox 894 1710 1103 1765; x_wconf 77' lang='lat' dir='ltr'><strong>magna:</strong></span> <span class='ocrx_word' id='word_1_109' title='bbox 1159 1695 1308 1750; x_wconf 88' lang='lat' dir='ltr'><strong>urbis</strong></span> <span class='ocrx_word' id='word_1_110' title='bbox 1364 1694 1720 1759; x_wconf 66' lang='lat' dir='ltr'><strong>Alexandriae,</strong></span> <span class='ocrx_word' id='word_1_111' title='bbox 1762 1702 1815 1749; x_wconf 90' lang='lat' dir='ltr'><strong>et</strong></span> 
     </span>
    </p>
   </div>
   <div class='ocr_carea' id='block_1_19' title="bbox 234 1784 988 1855">
    <p class='ocr_par' dir='ltr' id='par_1_19' title="bbox 234 1784 988 1855">
     <span class='ocr_line' id='line_1_19' title="bbox 234 1784 988 1855; baseline 0.012 -23"><span class='ocrx_word' id='word_1_112' title='bbox 234 1796 333 1851; x_wconf 91' lang='lat' dir='ltr'><strong>pro</strong></span> <span class='ocrx_word' id='word_1_113' title='bbox 372 1784 690 1839; x_wconf 75' lang='lat' dir='ltr'><strong>orthodosis</strong></span> <span class='ocrx_word' id='word_1_114' title='bbox 721 1785 988 1855; x_wconf 86' lang='lat' dir='ltr'><strong>episcopis</strong></span> 
     </span>
    </p>
   </div>
   <div class='ocr_carea' id='block_1_20' title="bbox 305 1872 1813 1947">
    <p class='ocr_par' dir='ltr' id='par_1_20' title="bbox 305 1872 1813 1947">
     <span class='ocr_line' id='line_1_20' title="bbox 305 1872 1813 1947; baseline 0.002 -19"><span class='ocrx_word' id='word_1_115' title='bbox 305 1872 591 1928; x_wconf 81' lang='lat' dir='ltr'><strong>Sacerdos.</strong></span> <span class='ocrx_word' id='word_1_116' title='bbox 628 1876 934 1931; x_wconf 66' lang='lat' dir='ltr'><strong>Praesertim</strong></span> <span class='ocrx_word' id='word_1_117' title='bbox 981 1892 1109 1932; x_wconf 89' lang='lat' dir='ltr'><strong>vero</strong></span> <span class='ocrx_word' id='word_1_118' title='bbox 1140 1876 1465 1947; x_wconf 83' lang='lat' dir='ltr'><strong>patriarchae</strong></span> <span class='ocrx_word' id='word_1_119' title='bbox 1514 1879 1680 1933; x_wconf 83' lang='lat' dir='ltr'><strong>nostri</strong></span> <span class='ocrx_word' id='word_1_120' title='bbox 1713 1877 1813 1931; x_wconf 86' lang='lat' dir='ltr'><strong>Pa-</strong></span> 
     </span>
    </p>
   </div>
   <div class='ocr_carea' id='block_1_21' title="bbox 237 1966 1817 2041">
    <p class='ocr_par' dir='ltr' id='par_1_21' title="bbox 237 1966 1817 2041">
     <span class='ocr_line' id='line_1_21' title="bbox 237 1966 1817 2041; baseline 0.003 -21"><span class='ocrx_word' id='word_1_121' title='bbox 237 1966 338 2021; x_wconf 83' lang='lat' dir='ltr'><strong>tris</strong></span> <span class='ocrx_word' id='word_1_122' title='bbox 383 1968 714 2024; x_wconf 81' lang='lat' dir='ltr'><strong>venerabilis</strong></span> <span class='ocrx_word' id='word_1_123' title='bbox 758 1968 915 2026; x_wconf 81' lang='lat' dir='ltr'><strong>Anba</strong></span> <span class='ocrx_word' id='word_1_124' title='bbox 943 1971 1007 2027; x_wconf 83' lang='lat' dir='ltr'><strong>N.</strong></span> <span class='ocrx_word' id='word_1_125' title='bbox 1049 1981 1105 2026; x_wconf 93' lang='lat' dir='ltr'><strong>et</strong></span> <span class='ocrx_word' id='word_1_126' title='bbox 1147 1970 1323 2026; x_wconf 87' lang='lat' dir='ltr'><strong>Patris</strong></span> <span class='ocrx_word' id='word_1_127' title='bbox 1375 1972 1542 2026; x_wconf 91' lang='lat' dir='ltr'><strong>nostri</strong></span> <span class='ocrx_word' id='word_1_128' title='bbox 1580 1971 1817 2041; x_wconf 87' lang='lat' dir='ltr'><strong>episcopi</strong></span> 
     </span>
    </p>
   </div>
   <div class='ocr_carea' id='block_1_22' title="bbox 234 2056 1819 2132">
    <p class='ocr_par' dir='ltr' id='par_1_22' title="bbox 234 2056 1819 2132">
     <span class='ocr_line' id='line_1_22' title="bbox 234 2056 1819 2132; baseline 0.003 -21"><span class='ocrx_word' id='word_1_129' title='bbox 234 2057 394 2112; x_wconf 81' lang='lat' dir='ltr'><strong>Anba</strong></span> <span class='ocrx_word' id='word_1_130' title='bbox 428 2056 496 2111; x_wconf 80' lang='grc' dir='ltr'><strong>Ν.</strong></span> <span class='ocrx_word' id='word_1_131' title='bbox 532 2068 799 2115; x_wconf 90' lang='lat' dir='ltr'><strong>eteorum</strong></span> <span class='ocrx_word' id='word_1_132' title='bbox 827 2062 917 2130; x_wconf 88' lang='lat' dir='ltr'><strong>qui</strong></span> <span class='ocrx_word' id='word_1_133' title='bbox 952 2062 1040 2117; x_wconf 94' lang='lat' dir='ltr'><strong>hic</strong></span> <span class='ocrx_word' id='word_1_134' title='bbox 1085 2062 1302 2126; x_wconf 90' lang='lat' dir='ltr'><strong>adsunt,</strong></span> <span class='ocrx_word' id='word_1_135' title='bbox 1330 2071 1384 2117; x_wconf 93' lang='lat' dir='ltr'><strong>et</strong></span> <span class='ocrx_word' id='word_1_136' title='bbox 1416 2064 1506 2132; x_wconf 87' lang='lat' dir='ltr'><strong>qui</strong></span> <span class='ocrx_word' id='word_1_137' title='bbox 1540 2062 1819 2131; x_wconf 88' lang='lat' dir='ltr'><strong>requieve-</strong></span> 
     </span>
    </p>
   </div>
   <div class='ocr_carea' id='block_1_23' title="bbox 239 2142 1814 2217">
    <p class='ocr_par' dir='ltr' id='par_1_23' title="bbox 239 2142 1814 2217">
     <span class='ocr_line' id='line_1_23' title="bbox 239 2142 1814 2217; baseline 0.004 -24"><span class='ocrx_word' id='word_1_138' title='bbox 239 2150 403 2205; x_wconf 93' lang='lat' dir='ltr'><strong>runt,</strong></span> <span class='ocrx_word' id='word_1_139' title='bbox 459 2142 882 2215; x_wconf 81' lang='lat' dir='ltr'><strong>episcOporum,</strong></span> <span class='ocrx_word' id='word_1_140' title='bbox 939 2148 1399 2217; x_wconf 86' lang='lat' dir='ltr'><strong>hegumenorum,</strong></span> <span class='ocrx_word' id='word_1_141' title='bbox 1454 2148 1814 2211; x_wconf 87' lang='lat' dir='ltr'><strong>sacerdotum,</strong></span> 
     </span>
    </p>
   </div>
   <div class='ocr_carea' id='block_1_24' title="bbox 240 2234 1815 2305">
    <p class='ocr_par' dir='ltr' id='par_1_24' title="bbox 240 2234 1815 2305">
     <span class='ocr_line' id='line_1_24' title="bbox 240 2234 1815 2305; baseline 0.004 -21"><span class='ocrx_word' id='word_1_142' title='bbox 240 2234 618 2300; x_wconf 90' lang='lat' dir='ltr'><strong>diaconorum,</strong></span> <span class='ocrx_word' id='word_1_143' title='bbox 664 2237 1141 2305; x_wconf 85' lang='lat' dir='ltr'><strong>subdiaconorum,</strong></span> <span class='ocrx_word' id='word_1_144' title='bbox 1192 2244 1477 2305; x_wconf 92' lang='lat' dir='ltr'><strong>lectorum,</strong></span> <span class='ocrx_word' id='word_1_145' title='bbox 1511 2249 1815 2305; x_wconf 84' lang='lat' dir='ltr'><strong>cantorum,</strong></span> 
     </span>
    </p>
   </div>
   <div class='ocr_carea' id='block_1_25' title="bbox 238 2328 1819 2402">
    <p class='ocr_par' dir='ltr' id='par_1_25' title="bbox 238 2328 1819 2402">
     <span class='ocr_line' id='line_1_25' title="bbox 238 2328 1819 2402; baseline 0.005 -23"><span class='ocrx_word' id='word_1_146' title='bbox 238 2328 665 2394; x_wconf 78' lang='lat' dir='ltr'><strong>exorcistarum,</strong></span> <span class='ocrx_word' id='word_1_147' title='bbox 727 2332 1140 2397; x_wconf 82' lang='lat' dir='ltr'><strong>monachorum,</strong></span> <span class='ocrx_word' id='word_1_148' title='bbox 1182 2333 1469 2402; x_wconf 84' lang='lat' dir='ltr'><strong>virginum,</strong></span> <span class='ocrx_word' id='word_1_149' title='bbox 1518 2333 1819 2397; x_wconf 81' lang='lat' dir='ltr'><strong>viduarum,</strong></span> 
     </span>
    </p>
   </div>
   <div class='ocr_carea' id='block_1_26' title="bbox 236 2421 1817 2494">
    <p class='ocr_par' dir='ltr' id='par_1_26' title="bbox 236 2421 1817 2494">
     <span class='ocr_line' id='line_1_26' title="bbox 236 2421 1817 2494; baseline 0.004 -18"><span class='ocrx_word' id='word_1_150' title='bbox 236 2421 658 2487; x_wconf 75' lang='lat' dir='ltr'><strong>Continentium,</strong></span> <span class='ocrx_word' id='word_1_151' title='bbox 716 2424 1106 2494; x_wconf 90' lang='lat' dir='ltr'><strong>orphanornm,</strong></span> <span class='ocrx_word' id='word_1_152' title='bbox 1156 2426 1440 2492; x_wconf 90' lang='lat' dir='ltr'><strong>laicorum,</strong></span> <span class='ocrx_word' id='word_1_153' title='bbox 1486 2437 1539 2482; x_wconf 87' lang='lat' dir='ltr'><strong>et</strong></span> <span class='ocrx_word' id='word_1_154' title='bbox 1580 2427 1817 2482; x_wconf 90' lang='lat' dir='ltr'><strong>omnium</strong></span> 
     </span>
    </p>
   </div>
   <div class='ocr_carea' id='block_1_27' title="bbox 242 2511 1158 2572">
    <p class='ocr_par' dir='ltr' id='par_1_27' title="bbox 242 2511 1158 2572">
     <span class='ocr_line' id='line_1_27' title="bbox 242 2511 1158 2572; baseline 0.007 -7"><span class='ocrx_word' id='word_1_155' title='bbox 242 2511 482 2566; x_wconf 84' lang='lat' dir='ltr'><strong>ﬁdelium</strong></span> <span class='ocrx_word' id='word_1_156' title='bbox 521 2513 772 2571; x_wconf 64' lang='lat' dir='ltr'><strong>Ecclesiae</strong></span> <span class='ocrx_word' id='word_1_157' title='bbox 799 2526 902 2570; x_wconf 65' lang='lat' dir='ltr'><strong>uta:</strong></span> <span class='ocrx_word' id='word_1_158' title='bbox 937 2527 1158 2572; x_wconf 71' lang='lat' dir='ltr'><strong>sanctae.</strong></span> 
     </span>
    </p>
   </div>
   <div class='ocr_carea' id='block_1_28' title="bbox 390 2606 1820 2678">
    <p class='ocr_par' dir='ltr' id='par_1_28' title="bbox 390 2606 1820 2678">
     <span class='ocr_line' id='line_1_28' title="bbox 390 2606 1820 2678; baseline 0.003 -19"><span class='ocrx_word' id='word_1_159' title='bbox 390 2606 679 2661; x_wconf 85' lang='lat' dir='ltr'><strong>Diaconus.</strong></span> <span class='ocrx_word' id='word_1_160' title='bbox 737 2606 902 2664; x_wconf 83' lang='lat' dir='ltr'><strong>Orate</strong></span> <span class='ocrx_word' id='word_1_161' title='bbox 954 2624 1051 2677; x_wconf 83' lang='lat' dir='ltr'><strong>pro</strong></span> <span class='ocrx_word' id='word_1_162' title='bbox 1106 2626 1232 2678; x_wconf 82' lang='lat' dir='ltr'><strong>rege</strong></span> <span class='ocrx_word' id='word_1_163' title='bbox 1309 2618 1492 2665; x_wconf 90' lang='lat' dir='ltr'><strong>nostro</strong></span> <span class='ocrx_word' id='word_1_164' title='bbox 1548 2609 1820 2665; x_wconf 86' lang='lat' dir='ltr'><strong>Christum</strong></span> 
     </span>
    </p>
   </div>
   <div class='ocr_carea' id='block_1_29' title="bbox 242 2697 591 2769">
    <p class='ocr_par' dir='ltr' id='par_1_29' title="bbox 242 2697 591 2769">
     <span class='ocr_line' id='line_1_29' title="bbox 242 2697 591 2769; baseline 0 -18"><span class='ocrx_word' id='word_1_165' title='bbox 242 2708 464 2753; x_wconf 83' lang='lat' dir='ltr'><strong>amante</strong></span> <span class='ocrx_word' id='word_1_166' title='bbox 489 2697 591 2769; x_wconf 85' lang='lat'><strong>(9).</strong></span> 
     </span>
    </p>
   </div>
   <div class='ocr_carea' id='block_1_30' title="bbox 392 2792 1824 2866">
    <p class='ocr_par' dir='ltr' id='par_1_30' title="bbox 392 2792 1824 2866">
     <span class='ocr_line' id='line_1_30' title="bbox 392 2792 1824 2866; baseline 0.001 -18"><span class='ocrx_word' id='word_1_167' title='bbox 392 2792 682 2850; x_wconf 73' lang='lat' dir='ltr'><strong>Sacerdos.</strong></span> <span class='ocrx_word' id='word_1_168' title='bbox 711 2792 999 2859; x_wconf 79' lang='lat' dir='ltr'><strong>Memento,</strong></span> <span class='ocrx_word' id='word_1_169' title='bbox 1034 2795 1277 2862; x_wconf 86' lang='lat' dir='ltr'><strong>Domine,</strong></span> <span class='ocrx_word' id='word_1_170' title='bbox 1296 2808 1480 2850; x_wconf 88' lang='lat' dir='ltr'><strong>eorum</strong></span> <span class='ocrx_word' id='word_1_171' title='bbox 1511 2796 1598 2864; x_wconf 88' lang='lat' dir='ltr'><strong>qui</strong></span> <span class='ocrx_word' id='word_1_172' title='bbox 1635 2810 1824 2866; x_wconf 74' lang='lat' dir='ltr'><strong>regna-</strong></span> 
     </span>
    </p>
   </div>
   <div class='ocr_carea' id='block_1_31' title="bbox 247 2886 1556 2959">
    <p class='ocr_par' dir='ltr' id='par_1_31' title="bbox 247 2886 1556 2959">
     <span class='ocr_line' id='line_1_31' title="bbox 247 2886 1556 2959; baseline 0.007 -23"><span class='ocrx_word' id='word_1_173' title='bbox 247 2893 445 2940; x_wconf 87' lang='lat' dir='ltr'><strong>verunt</strong></span> <span class='ocrx_word' id='word_1_174' title='bbox 475 2901 596 2940; x_wconf 92' lang='lat' dir='ltr'><strong>cum</strong></span> <span class='ocrx_word' id='word_1_175' title='bbox 627 2886 848 2955; x_wconf 85' lang='lat' dir='ltr'><strong>pietate,</strong></span> <span class='ocrx_word' id='word_1_176' title='bbox 879 2896 932 2943; x_wconf 90' lang='lat' dir='ltr'><strong>et</strong></span> <span class='ocrx_word' id='word_1_177' title='bbox 963 2903 1150 2943; x_wconf 86' lang='lat' dir='ltr'><strong>eorum</strong></span> <span class='ocrx_word' id='word_1_178' title='bbox 1181 2890 1271 2959; x_wconf 85' lang='lat' dir='ltr'><strong>qui</strong></span> <span class='ocrx_word' id='word_1_179' title='bbox 1308 2898 1556 2959; x_wconf 72' lang='lat' dir='ltr'><strong>regnant.</strong></span> 
     </span>
    </p>
   </div>
   <div class='ocr_carea' id='block_1_32' title="bbox 325 2974 1824 3042">
    <p class='ocr_par' dir='ltr' id='par_1_32' title="bbox 325 2974 1824 3042">
     <span class='ocr_line' id='line_1_32' title="bbox 325 2974 1824 3042; baseline 0.003 -15"><span class='ocrx_word' id='word_1_180' title='bbox 325 2974 615 3030; x_wconf 84' lang='lat' dir='ltr'><strong>Diaconus.</strong></span> <span class='ocrx_word' id='word_1_181' title='bbox 668 2975 953 3041; x_wconf 84' lang='lat' dir='ltr'><strong>Memento,</strong></span> <span class='ocrx_word' id='word_1_182' title='bbox 1018 2977 1262 3042; x_wconf 90' lang='lat' dir='ltr'><strong>Domine,</strong></span> <span class='ocrx_word' id='word_1_183' title='bbox 1312 2979 1546 3033; x_wconf 87' lang='lat' dir='ltr'><strong>ﬁdelium</strong></span> <span class='ocrx_word' id='word_1_184' title='bbox 1602 2977 1824 3033; x_wconf 81' lang='lat' dir='ltr'><strong>fratrum</strong></span> 
     </span>
    </p>
   </div>
   <div class='ocr_carea' id='block_1_33' title="bbox 252 3078 977 3123">
    <p class='ocr_par' dir='ltr' id='par_1_33' title="bbox 252 3078 977 3123">
     <span class='ocr_line' id='line_1_33' title="bbox 252 3078 977 3123; baseline 0.011 -2"><span class='ocrx_word' id='word_1_185' title='bbox 252 3079 583 3123; x_wconf 77' lang='lat' dir='ltr'><strong>nostrorum.</strong></span> <span class='ocrx_word' id='word_1_186' title='bbox 974 3078 977 3081; x_wconf 84' lang='grc'><em>’</em></span> 
     </span>
    </p>
   </div>
   <div class='ocr_carea' id='block_1_34' title="bbox 1905 501 2412 558">
    <p class='ocr_par' dir='ltr' id='par_1_34' title="bbox 1905 501 2412 558">
     <span class='ocr_line' id='line_1_34' title="bbox 1905 501 2412 558; baseline -0.006 0"><span class='ocrx_word' id='word_1_187' title='bbox 1905 502 2082 558; x_wconf 92' lang='lat' dir='ltr'><strong>omnis</strong></span> <span class='ocrx_word' id='word_1_188' title='bbox 2116 501 2412 557; x_wconf 82' lang='lat' dir='ltr'><strong>exercitus.</strong></span> 
     </span>
    </p>
   </div>
   <div class='ocr_carea' id='block_1_35' title="bbox 1979 588 3484 663">
    <p class='ocr_par' dir='ltr' id='par_1_35' title="bbox 1979 588 3484 663">
     <span class='ocr_line' id='line_1_35' title="bbox 1979 588 3484 663; baseline -0.003 -15"><span class='ocrx_word' id='word_1_189' title='bbox 1979 593 2268 648; x_wconf 83' lang='lat' dir='ltr'><strong>Diaeonus.</strong></span> <span class='ocrx_word' id='word_1_190' title='bbox 2303 592 2470 649; x_wconf 86' lang='lat' dir='ltr'><strong>Orate</strong></span> <span class='ocrx_word' id='word_1_191' title='bbox 2499 606 2596 663; x_wconf 91' lang='lat' dir='ltr'><strong>pro</strong></span> <span class='ocrx_word' id='word_1_192' title='bbox 2625 591 2691 648; x_wconf 90' lang='lat' dir='ltr'><strong>iis</strong></span> <span class='ocrx_word' id='word_1_193' title='bbox 2715 590 2805 661; x_wconf 88' lang='lat' dir='ltr'><strong>qui</strong></span> <span class='ocrx_word' id='word_1_194' title='bbox 2835 596 2960 645; x_wconf 90' lang='lat' dir='ltr'><strong>sunt</strong></span> <span class='ocrx_word' id='word_1_195' title='bbox 2989 588 3043 643; x_wconf 92' lang='lat' dir='ltr'><strong>in</strong></span> <span class='ocrx_word' id='word_1_196' title='bbox 3075 588 3275 659; x_wconf 89' lang='lat' dir='ltr'><strong>palatio</strong></span> <span class='ocrx_word' id='word_1_197' title='bbox 3304 588 3484 644; x_wconf 89' lang='lat' dir='ltr'><strong>fratri-</strong></span> 
     </span>
    </p>
   </div>
   <div class='ocr_carea' id='block_1_36' title="bbox 1905 681 3487 752">
    <p class='ocr_par' dir='ltr' id='par_1_36' title="bbox 1905 681 3487 752">
     <span class='ocr_line' id='line_1_36' title="bbox 1905 681 3487 752; baseline -0.002 -12"><span class='ocrx_word' id='word_1_198' title='bbox 1905 684 2008 741; x_wconf 90' lang='lat' dir='ltr'><strong>bus</strong></span> <span class='ocrx_word' id='word_1_199' title='bbox 2041 686 2245 741; x_wconf 87' lang='lat' dir='ltr'><strong>nostris</strong></span> <span class='ocrx_word' id='word_1_200' title='bbox 2278 683 2547 752; x_wconf 90' lang='lat' dir='ltr'><strong>ﬁdelibus,</strong></span> <span class='ocrx_word' id='word_1_201' title='bbox 2574 691 2629 739; x_wconf 91' lang='lat' dir='ltr'><strong>et</strong></span> <span class='ocrx_word' id='word_1_202' title='bbox 2662 681 2998 750; x_wconf 82' lang='lat' dir='ltr'><strong>orthodoxis,</strong></span> <span class='ocrx_word' id='word_1_203' title='bbox 3025 692 3081 736; x_wconf 90' lang='lat' dir='ltr'><strong>et</strong></span> <span class='ocrx_word' id='word_1_204' title='bbox 3104 696 3199 752; x_wconf 91' lang='lat' dir='ltr'><strong>pro</strong></span> <span class='ocrx_word' id='word_1_205' title='bbox 3233 681 3487 738; x_wconf 85' lang='lat' dir='ltr'><strong>universo</strong></span> 
     </span>
    </p>
   </div>
   <div class='ocr_carea' id='block_1_37' title="bbox 1906 777 2168 834">
    <p class='ocr_par' dir='ltr' id='par_1_37' title="bbox 1906 777 2168 834">
     <span class='ocr_line' id='line_1_37' title="bbox 1906 777 2168 834; baseline 0 -3"><span class='ocrx_word' id='word_1_206' title='bbox 1906 777 2168 834; x_wconf 82' lang='lat' dir='ltr'><strong>exercitu.</strong></span> 
     </span>
    </p>
   </div>
   <div class='ocr_carea' id='block_1_38' title="bbox 1979 866 3489 937">
    <p class='ocr_par' dir='ltr' id='par_1_38' title="bbox 1979 866 3489 937">
     <span class='ocr_line' id='line_1_38' title="bbox 1979 866 3489 937; baseline -0.003 -10"><span class='ocrx_word' id='word_1_207' title='bbox 1979 869 2260 927; x_wconf 79' lang='lat' dir='ltr'><strong>Sacerdos.</strong></span> <span class='ocrx_word' id='word_1_208' title='bbox 2294 867 2585 934; x_wconf 86' lang='lat' dir='ltr'><strong>Memento,</strong></span> <span class='ocrx_word' id='word_1_209' title='bbox 2615 867 2857 930; x_wconf 84' lang='lat' dir='ltr'><strong>Domine.</strong></span> <span class='ocrx_word' id='word_1_210' title='bbox 2881 881 3067 923; x_wconf 88' lang='lat' dir='ltr'><strong>eorum</strong></span> <span class='ocrx_word' id='word_1_211' title='bbox 3096 867 3187 937; x_wconf 91' lang='lat' dir='ltr'><strong>qui</strong></span> <span class='ocrx_word' id='word_1_212' title='bbox 3212 866 3307 922; x_wconf 91' lang='lat' dir='ltr'><strong>tibi</strong></span> <span class='ocrx_word' id='word_1_213' title='bbox 3329 869 3489 923; x_wconf 90' lang='lat' dir='ltr'><strong>obtu-</strong></span> 
     </span>
    </p>
   </div>
   <div class='ocr_carea' id='block_1_39' title="bbox 1908 959 3485 1030">
    <p class='ocr_par' dir='ltr' id='par_1_39' title="bbox 1908 959 3485 1030">
     <span class='ocr_line' id='line_1_39' title="bbox 1908 959 3485 1030; baseline -0.003 -13"><span class='ocrx_word' id='word_1_214' title='bbox 1908 963 2087 1018; x_wconf 89' lang='lat' dir='ltr'><strong>lerunt</strong></span> <span class='ocrx_word' id='word_1_215' title='bbox 2120 964 2234 1018; x_wconf 59' lang='lat' dir='ltr'><strong>haec</strong></span> <span class='ocrx_word' id='word_1_216' title='bbox 2267 963 2428 1028; x_wconf 89' lang='lat' dir='ltr'><strong>dona,</strong></span> <span class='ocrx_word' id='word_1_217' title='bbox 2472 969 2526 1017; x_wconf 89' lang='lat' dir='ltr'><strong>et</strong></span> <span class='ocrx_word' id='word_1_218' title='bbox 2574 975 2763 1015; x_wconf 92' lang='lat' dir='ltr'><strong>eorum</strong></span> <span class='ocrx_word' id='word_1_219' title='bbox 2793 960 2882 1029; x_wconf 93' lang='lat' dir='ltr'><strong>qui</strong></span> <span class='ocrx_word' id='word_1_220' title='bbox 2930 974 3027 1030; x_wconf 91' lang='lat' dir='ltr'><strong>pro</strong></span> <span class='ocrx_word' id='word_1_221' title='bbox 3067 974 3125 1015; x_wconf 91' lang='lat' dir='ltr'><strong>se</strong></span> <span class='ocrx_word' id='word_1_222' title='bbox 3157 959 3485 1023; x_wconf 88' lang='lat' dir='ltr'><strong>obtulerunt,</strong></span> 
     </span>
    </p>
   </div>
   <div class='ocr_carea' id='block_1_40' title="bbox 1909 1051 3492 1124">
    <p class='ocr_par' dir='ltr' id='par_1_40' title="bbox 1909 1051 3492 1124">
     <span class='ocr_line' id='line_1_40' title="bbox 1909 1051 3492 1124; baseline -0.003 -13"><span class='ocrx_word' id='word_1_223' title='bbox 1909 1064 1964 1111; x_wconf 91' lang='lat' dir='ltr'><strong>et</strong></span> <span class='ocrx_word' id='word_1_224' title='bbox 1999 1069 2187 1110; x_wconf 92' lang='lat' dir='ltr'><strong>eorum</strong></span> <span class='ocrx_word' id='word_1_225' title='bbox 2216 1068 2315 1124; x_wconf 91' lang='lat' dir='ltr'><strong>pro</strong></span> <span class='ocrx_word' id='word_1_226' title='bbox 2345 1054 2542 1124; x_wconf 90' lang='lat' dir='ltr'><strong>quibus</strong></span> <span class='ocrx_word' id='word_1_227' title='bbox 2570 1051 2748 1110; x_wconf 82' lang='lat' dir='ltr'><strong>oblata</strong></span> <span class='ocrx_word' id='word_1_228' title='bbox 2778 1059 2901 1110; x_wconf 86' lang='lat' dir='ltr'><strong>sunt</strong></span> <span class='ocrx_word' id='word_1_229' title='bbox 2934 1069 2948 1107; x_wconf 90' lang='lat'><strong>:</strong></span> <span class='ocrx_word' id='word_1_230' title='bbox 2979 1052 3216 1108; x_wconf 86' lang='lat' dir='ltr'><strong>concede</strong></span> <span class='ocrx_word' id='word_1_231' title='bbox 3237 1052 3492 1108; x_wconf 88' lang='lat' dir='ltr'><strong>omnibus</strong></span> 
     </span>
    </p>
   </div>
   <div class='ocr_carea' id='block_1_41' title="bbox 1910 1145 2455 1202">
    <p class='ocr_par' dir='ltr' id='par_1_41' title="bbox 1910 1145 2455 1202">
     <span class='ocr_line' id='line_1_41' title="bbox 1910 1145 2455 1202; baseline -0.006 0"><span class='ocrx_word' id='word_1_232' title='bbox 1910 1146 2214 1202; x_wconf 86' lang='lat' dir='ltr'><strong>mercedem</strong></span> <span class='ocrx_word' id='word_1_233' title='bbox 2241 1160 2272 1201; x_wconf 92' lang='lat' dir='ltr'><strong>e</strong></span> <span class='ocrx_word' id='word_1_234' title='bbox 2295 1145 2455 1201; x_wconf 84' lang='lat' dir='ltr'><strong>coelo.</strong></span> 
     </span>
    </p>
   </div>
   <div class='ocr_carea' id='block_1_42' title="bbox 1982 1235 3180 1307">
    <p class='ocr_par' dir='ltr' id='par_1_42' title="bbox 1982 1235 3180 1307">
     <span class='ocr_line' id='line_1_42' title="bbox 1982 1235 3180 1307; baseline -0.003 -15"><span class='ocrx_word' id='word_1_235' title='bbox 1982 1238 2274 1292; x_wconf 81' lang='lat' dir='ltr'><strong>Diaconus.</strong></span> <span class='ocrx_word' id='word_1_236' title='bbox 2320 1235 2482 1293; x_wconf 85' lang='lat' dir='ltr'><strong>Orate</strong></span> <span class='ocrx_word' id='word_1_237' title='bbox 2504 1252 2601 1307; x_wconf 91' lang='lat' dir='ltr'><strong>pro</strong></span> <span class='ocrx_word' id='word_1_238' title='bbox 2623 1235 2693 1292; x_wconf 87' lang='lat' dir='ltr'><strong>its</strong></span> <span class='ocrx_word' id='word_1_239' title='bbox 2724 1237 2814 1307; x_wconf 92' lang='lat' dir='ltr'><strong>qui</strong></span> <span class='ocrx_word' id='word_1_240' title='bbox 2850 1235 3180 1292; x_wconf 89' lang='lat' dir='ltr'><strong>obtulerunt.</strong></span> 
     </span>
    </p>
   </div>
   <div class='ocr_carea' id='block_1_43' title="bbox 1985 1326 3495 1395">
    <p class='ocr_par' dir='ltr' id='par_1_43' title="bbox 1985 1326 3495 1395">
     <span class='ocr_line' id='line_1_43' title="bbox 1985 1326 3495 1395; baseline -0.002 -12"><span class='ocrx_word' id='word_1_241' title='bbox 1985 1326 2265 1384; x_wconf 79' lang='lat' dir='ltr'><strong>Sacerdos.</strong></span> <span class='ocrx_word' id='word_1_242' title='bbox 2296 1327 2584 1393; x_wconf 80' lang='lat' dir='ltr'><strong>Memento,</strong></span> <span class='ocrx_word' id='word_1_243' title='bbox 2611 1327 2862 1395; x_wconf 90' lang='lat' dir='ltr'><strong>Domine,</strong></span> <span class='ocrx_word' id='word_1_244' title='bbox 2884 1327 3240 1383; x_wconf 89' lang='lat' dir='ltr'><strong>habitantium</strong></span> <span class='ocrx_word' id='word_1_245' title='bbox 3268 1327 3321 1382; x_wconf 90' lang='lat' dir='ltr'><strong>in</strong></span> <span class='ocrx_word' id='word_1_246' title='bbox 3346 1342 3495 1381; x_wconf 86' lang='lat' dir='ltr'><strong>mon-</strong></span> 
     </span>
    </p>
   </div>
   <div class='ocr_carea' id='block_1_44' title="bbox 1914 1420 3495 1490">
    <p class='ocr_par' dir='ltr' id='par_1_44' title="bbox 1914 1420 3495 1490">
     <span class='ocr_line' id='line_1_44' title="bbox 1914 1420 3495 1490; baseline -0.003 -14"><span class='ocrx_word' id='word_1_247' title='bbox 1914 1421 2056 1476; x_wconf 90' lang='lat' dir='ltr'><strong>tibus</strong></span> <span class='ocrx_word' id='word_1_248' title='bbox 2089 1431 2143 1476; x_wconf 92' lang='lat' dir='ltr'><strong>et</strong></span> <span class='ocrx_word' id='word_1_249' title='bbox 2176 1421 2429 1477; x_wconf 89' lang='lat' dir='ltr'><strong>cavernis</strong></span> <span class='ocrx_word' id='word_1_250' title='bbox 2464 1440 2477 1475; x_wconf 87' lang='lat'><strong>:</strong></span> <span class='ocrx_word' id='word_1_251' title='bbox 2512 1429 2567 1476; x_wconf 93' lang='lat' dir='ltr'><strong>et</strong></span> <span class='ocrx_word' id='word_1_252' title='bbox 2599 1420 2827 1475; x_wconf 91' lang='lat' dir='ltr'><strong>fratrum</strong></span> <span class='ocrx_word' id='word_1_253' title='bbox 2884 1429 3190 1476; x_wconf 90' lang='lat' dir='ltr'><strong>nostrorum</strong></span> <span class='ocrx_word' id='word_1_254' title='bbox 3238 1420 3330 1490; x_wconf 89' lang='lat' dir='ltr'><strong>qui</strong></span> <span class='ocrx_word' id='word_1_255' title='bbox 3370 1428 3495 1474; x_wconf 91' lang='lat' dir='ltr'><strong>sunt</strong></span> 
     </span>
    </p>
   </div>
   <div class='ocr_carea' id='block_1_45' title="bbox 1916 1508 3493 1581">
    <p class='ocr_par' dir='ltr' id='par_1_45' title="bbox 1916 1508 3493 1581">
     <span class='ocr_line' id='line_1_45' title="bbox 1916 1508 3493 1581; baseline -0.003 -16"><span class='ocrx_word' id='word_1_256' title='bbox 1916 1512 1968 1565; x_wconf 93' lang='lat' dir='ltr'><strong>in</strong></span> <span class='ocrx_word' id='word_1_257' title='bbox 2002 1510 2314 1581; x_wconf 85' lang='lat' dir='ltr'><strong>captivitate</strong></span> <span class='ocrx_word' id='word_1_258' title='bbox 2356 1526 2370 1562; x_wconf 88' lang='lat'><strong>:</strong></span> <span class='ocrx_word' id='word_1_259' title='bbox 2401 1510 2636 1566; x_wconf 89' lang='lat' dir='ltr'><strong>concede</strong></span> <span class='ocrx_word' id='word_1_260' title='bbox 2668 1510 2772 1565; x_wconf 91' lang='lat' dir='ltr'><strong>illis</strong></span> <span class='ocrx_word' id='word_1_261' title='bbox 2812 1519 2871 1565; x_wconf 92' lang='lat' dir='ltr'><strong>ut</strong></span> <span class='ocrx_word' id='word_1_262' title='bbox 2899 1510 3123 1579; x_wconf 88' lang='lat' dir='ltr'><strong>paciﬁce</strong></span> <span class='ocrx_word' id='word_1_263' title='bbox 3154 1510 3221 1565; x_wconf 81' lang='lat' dir='ltr'><strong>ad</strong></span> <span class='ocrx_word' id='word_1_264' title='bbox 3265 1524 3361 1564; x_wconf 87' lang='lat' dir='ltr'><strong>sua</strong></span> <span class='ocrx_word' id='word_1_265' title='bbox 3392 1508 3493 1562; x_wconf 91' lang='lat' dir='ltr'><strong>do-</strong></span> 
     </span>
    </p>
   </div>
   <div class='ocr_carea' id='block_1_46' title="bbox 1915 1604 2497 1658">
    <p class='ocr_par' dir='ltr' id='par_1_46' title="bbox 1915 1604 2497 1658">
     <span class='ocr_line' id='line_1_46' title="bbox 1915 1604 2497 1658; baseline -0.005 0"><span class='ocrx_word' id='word_1_266' title='bbox 1915 1604 2114 1658; x_wconf 89' lang='lat' dir='ltr'><strong>micilia</strong></span> <span class='ocrx_word' id='word_1_267' title='bbox 2143 1612 2497 1657; x_wconf 82' lang='lat' dir='ltr'><strong>revertantur.</strong></span> 
     </span>
    </p>
   </div>
   <div class='ocr_carea' id='block_1_47' title="bbox 1990 1693 2874 1764">
    <p class='ocr_par' dir='ltr' id='par_1_47' title="bbox 1990 1693 2874 1764">
     <span class='ocr_line' id='line_1_47' title="bbox 1990 1693 2874 1764; baseline 0.001 -15"><span class='ocrx_word' id='word_1_268' title='bbox 1990 1694 2276 1749; x_wconf 88' lang='lat' dir='ltr'><strong>Diaconus.</strong></span> <span class='ocrx_word' id='word_1_269' title='bbox 2304 1693 2467 1750; x_wconf 86' lang='lat' dir='ltr'><strong>Orate</strong></span> <span class='ocrx_word' id='word_1_270' title='bbox 2498 1709 2593 1764; x_wconf 90' lang='lat' dir='ltr'><strong>pro</strong></span> <span class='ocrx_word' id='word_1_271' title='bbox 2626 1694 2874 1763; x_wconf 79' lang='lat' dir='ltr'><strong>captivis.</strong></span> 
     </span>
    </p>
   </div>
   <div class='ocr_carea' id='block_1_48' title="bbox 1846 1782 2835 1855">
    <p class='ocr_par' dir='ltr' id='par_1_48' title="bbox 1846 1782 2835 1855">
     <span class='ocr_line' id='line_1_48' title="bbox 1846 1782 2835 1855; baseline 0.003 -19"><span class='ocrx_word' id='word_1_272' title='bbox 1846 1782 1889 1836; x_wconf 88' lang='grc' dir='ltr'><strong>Β</strong></span> <span class='ocrx_word' id='word_1_273' title='bbox 1990 1786 2247 1855; x_wconf 83' lang='lat' dir='ltr'><strong>Populus.</strong></span> <span class='ocrx_word' id='word_1_274' title='bbox 2276 1785 2521 1851; x_wconf 88' lang='lat' dir='ltr'><strong>Domine,</strong></span> <span class='ocrx_word' id='word_1_275' title='bbox 2562 1786 2835 1840; x_wconf 84' lang='lat' dir='ltr'><strong>miserere.</strong></span> 
     </span>
    </p>
   </div>
   <div class='ocr_carea' id='block_1_49' title="bbox 1993 1872 3341 1948">
    <p class='ocr_par' dir='ltr' id='par_1_49' title="bbox 1993 1872 3341 1948">
     <span class='ocr_line' id='line_1_49' title="bbox 1993 1872 3341 1948; baseline 0.001 -18"><span class='ocrx_word' id='word_1_276' title='bbox 1993 1877 2280 1930; x_wconf 85' lang='lat' dir='ltr'><strong>Diaconus.</strong></span> <span class='ocrx_word' id='word_1_277' title='bbox 2311 1875 2548 1930; x_wconf 76' lang='lat' dir='ltr'><strong>Adorate</strong></span> <span class='ocrx_word' id='word_1_278' title='bbox 2574 1875 2781 1944; x_wconf 83' lang='lat' dir='ltr'><strong>Agnum</strong></span> <span class='ocrx_word' id='word_1_279' title='bbox 2820 1872 3050 1930; x_wconf 86' lang='lat' dir='ltr'><strong>Verbum</strong></span> <span class='ocrx_word' id='word_1_280' title='bbox 3085 1875 3177 1931; x_wconf 89' lang='lat' dir='ltr'><strong>Dei</strong></span> <span class='ocrx_word' id='word_1_281' title='bbox 3209 1876 3341 1948; x_wconf 70' lang='lat' dir='ltr'><strong>tltl).</strong></span> 
     </span>
    </p>
   </div>
   <div class='ocr_carea' id='block_1_50' title="bbox 1993 1964 3496 2034">
    <p class='ocr_par' dir='ltr' id='par_1_50' title="bbox 1993 1964 3496 2034">
     <span class='ocr_line' id='line_1_50' title="bbox 1993 1964 3496 2034; baseline 0.003 -12"><span class='ocrx_word' id='word_1_282' title='bbox 1993 1966 2250 2023; x_wconf 82' lang='lat' dir='ltr'><strong>Sacerdos</strong></span> <span class='ocrx_word' id='word_1_283' title='bbox 2307 1976 2528 2021; x_wconf 88' lang='lat' dir='ltr'><strong>secreto.</strong></span> <span class='ocrx_word' id='word_1_284' title='bbox 2579 1964 2865 2032; x_wconf 74' lang='lat' dir='ltr'><strong>Memento,</strong></span> <span class='ocrx_word' id='word_1_285' title='bbox 2918 1967 3160 2034; x_wconf 90' lang='lat' dir='ltr'><strong>Domine,</strong></span> <span class='ocrx_word' id='word_1_286' title='bbox 3217 1966 3496 2026; x_wconf 78' lang='lat' dir='ltr'><strong>tenuitatis</strong></span> 
     </span>
    </p>
   </div>
   <div class='ocr_carea' id='block_1_51' title="bbox 1921 2059 3593 2129">
    <p class='ocr_par' dir='ltr' id='par_1_51' title="bbox 1921 2059 3593 2129">
     <span class='ocr_line' id='line_1_51' title="bbox 1921 2059 3593 2129; baseline 0.002 -13"><span class='ocrx_word' id='word_1_287' title='bbox 1921 2076 2054 2117; x_wconf 83' lang='lat' dir='ltr'><strong>meae</strong></span> <span class='ocrx_word' id='word_1_288' title='bbox 2089 2069 2143 2114; x_wconf 91' lang='lat' dir='ltr'><strong>et</strong></span> <span class='ocrx_word' id='word_1_289' title='bbox 2194 2060 2409 2116; x_wconf 87' lang='lat' dir='ltr'><strong>remitte</strong></span> <span class='ocrx_word' id='word_1_290' title='bbox 2440 2059 2578 2114; x_wconf 83' lang='lat' dir='ltr'><strong>mihi</strong></span> <span class='ocrx_word' id='word_1_291' title='bbox 2605 2069 2828 2129; x_wconf 91' lang='lat' dir='ltr'><strong>peccata</strong></span> <span class='ocrx_word' id='word_1_292' title='bbox 2856 2072 2995 2124; x_wconf 90' lang='lat' dir='ltr'><strong>mea,</strong></span> <span class='ocrx_word' id='word_1_293' title='bbox 3039 2068 3097 2113; x_wconf 90' lang='lat' dir='ltr'><strong>ut</strong></span> <span class='ocrx_word' id='word_1_294' title='bbox 3136 2059 3222 2114; x_wconf 89' lang='lat' dir='ltr'><strong>ubi</strong></span> <span class='ocrx_word' id='word_1_295' title='bbox 3255 2060 3496 2115; x_wconf 88' lang='lat' dir='ltr'><strong>abunda—</strong></span> <span class='ocrx_word' id='word_1_296' title='bbox 3590 2116 3593 2119; x_wconf 6' lang='grc' dir='ltr'>ἰ</span> 
     </span>
    </p>
   </div>
   <div class='ocr_carea' id='block_1_52' title="bbox 1923 2151 3495 2225">
    <p class='ocr_par' dir='ltr' id='par_1_52' title="bbox 1923 2151 3495 2225">
     <span class='ocr_line' id='line_1_52' title="bbox 1923 2151 3495 2225; baseline -0.001 -17"><span class='ocrx_word' id='word_1_297' title='bbox 1923 2155 1999 2209; x_wconf 89' lang='lat' dir='ltr'><strong>vit</strong></span> <span class='ocrx_word' id='word_1_298' title='bbox 2036 2154 2310 2225; x_wconf 87' lang='lat' dir='ltr'><strong>iniquitas,</strong></span> <span class='ocrx_word' id='word_1_299' title='bbox 2370 2152 2441 2208; x_wconf 92' lang='lat' dir='ltr'><strong>ibi</strong></span> <span class='ocrx_word' id='word_1_300' title='bbox 2479 2151 2882 2222; x_wconf 72' lang='lat' dir='ltr'><strong>superabundet</strong></span> <span class='ocrx_word' id='word_1_301' title='bbox 2926 2151 3098 2219; x_wconf 86' lang='lat' dir='ltr'><strong>gratia</strong></span> <span class='ocrx_word' id='word_1_302' title='bbox 3145 2158 3235 2205; x_wconf 89' lang='lat' dir='ltr'><strong>tua</strong></span> <span class='ocrx_word' id='word_1_303' title='bbox 3268 2168 3281 2204; x_wconf 93' lang='lat'><strong>:</strong></span> <span class='ocrx_word' id='word_1_304' title='bbox 3319 2163 3495 2219; x_wconf 87' lang='lat' dir='ltr'><strong>neque</strong></span> 
     </span>
    </p>
   </div>
   <div class='ocr_carea' id='block_1_53' title="bbox 1922 2244 3496 2317">
    <p class='ocr_par' dir='ltr' id='par_1_53' title="bbox 1922 2244 3496 2317">
     <span class='ocr_line' id='line_1_53' title="bbox 1922 2244 3496 2317; baseline -0.001 -16"><span class='ocrx_word' id='word_1_305' title='bbox 1922 2256 2142 2317; x_wconf 87' lang='lat' dir='ltr'><strong>propter</strong></span> <span class='ocrx_word' id='word_1_306' title='bbox 2190 2257 2411 2316; x_wconf 84' lang='lat' dir='ltr'><strong>peccata</strong></span> <span class='ocrx_word' id='word_1_307' title='bbox 2461 2260 2576 2300; x_wconf 87' lang='lat' dir='ltr'><strong>mea</strong></span> <span class='ocrx_word' id='word_1_308' title='bbox 2623 2245 2857 2315; x_wconf 90' lang='lat' dir='ltr'><strong>propria,</strong></span> <span class='ocrx_word' id='word_1_309' title='bbox 2895 2253 2949 2300; x_wconf 89' lang='lat' dir='ltr'><strong>et</strong></span> <span class='ocrx_word' id='word_1_310' title='bbox 2997 2251 3217 2315; x_wconf 89' lang='lat' dir='ltr'><strong>propter</strong></span> <span class='ocrx_word' id='word_1_311' title='bbox 3254 2244 3496 2299; x_wconf 88' lang='lat' dir='ltr'><strong>maculas</strong></span> 
     </span>
    </p>
   </div>
   <div class='ocr_carea' id='block_1_54' title="bbox 1924 2334 3501 2408">
    <p class='ocr_par' dir='ltr' id='par_1_54' title="bbox 1924 2334 3501 2408">
     <span class='ocr_line' id='line_1_54' title="bbox 1924 2334 3501 2408; baseline -0.003 -14"><span class='ocrx_word' id='word_1_312' title='bbox 1924 2340 2103 2394; x_wconf 84' lang='lat' dir='ltr'><strong>cordis</strong></span> <span class='ocrx_word' id='word_1_313' title='bbox 2136 2337 2239 2393; x_wconf 91' lang='lat' dir='ltr'><strong>mei</strong></span> <span class='ocrx_word' id='word_1_314' title='bbox 2275 2338 2521 2408; x_wconf 88' lang='lat' dir='ltr'><strong>deprives</strong></span> <span class='ocrx_word' id='word_1_315' title='bbox 2554 2336 2802 2407; x_wconf 86' lang='lat' dir='ltr'><strong>p0pulutn</strong></span> <span class='ocrx_word' id='word_1_316' title='bbox 2859 2343 3008 2390; x_wconf 93' lang='lat' dir='ltr'><strong>tuum</strong></span> <span class='ocrx_word' id='word_1_317' title='bbox 3050 2334 3223 2406; x_wconf 84' lang='lat' dir='ltr'><strong>gratia</strong></span> <span class='ocrx_word' id='word_1_318' title='bbox 3250 2334 3501 2406; x_wconf 63' lang='lat' dir='ltr'><strong>ESpiritus</strong></span> 
     </span>
    </p>
   </div>
   <div class='ocr_carea' id='block_1_55' title="bbox 1924 2428 2225 2485">
    <p class='ocr_par' dir='ltr' id='par_1_55' title="bbox 1924 2428 2225 2485">
     <span class='ocr_line' id='line_1_55' title="bbox 1924 2428 2225 2485; baseline -0.01 0"><span class='ocrx_word' id='word_1_319' title='bbox 1924 2428 2093 2485; x_wconf 88' lang='lat' dir='ltr'><strong>sancti</strong></span> <span class='ocrx_word' id='word_1_320' title='bbox 2129 2428 2225 2482; x_wconf 91' lang='lat' dir='ltr'><strong>tui.</strong></span> 
     </span>
    </p>
   </div>
   <div class='ocr_carea' id='block_1_56' title="bbox 1996 2518 3498 2590">
    <p class='ocr_par' dir='ltr' id='par_1_56' title="bbox 1996 2518 3498 2590">
     <span class='ocr_line' id='line_1_56' title="bbox 1996 2518 3498 2590; baseline -0.001 -16"><span class='ocrx_word' id='word_1_321' title='bbox 1996 2519 2252 2590; x_wconf 80' lang='lat' dir='ltr'><strong>Populus.</strong></span> <span class='ocrx_word' id='word_1_322' title='bbox 2286 2519 2543 2575; x_wconf 81' lang='lat' dir='ltr'><strong>Miserere</strong></span> <span class='ocrx_word' id='word_1_323' title='bbox 2584 2520 2774 2584; x_wconf 90' lang='lat' dir='ltr'><strong>nostri,</strong></span> <span class='ocrx_word' id='word_1_324' title='bbox 2816 2520 2959 2575; x_wconf 91' lang='lat' dir='ltr'><strong>Deus</strong></span> <span class='ocrx_word' id='word_1_325' title='bbox 3009 2518 3257 2574; x_wconf 83' lang='lat' dir='ltr'><strong>Salvator</strong></span> <span class='ocrx_word' id='word_1_326' title='bbox 3296 2526 3498 2574; x_wconf 91' lang='lat' dir='ltr'><strong>noster.</strong></span> 
     </span>
    </p>
   </div>
   <div class='ocr_carea' id='block_1_57' title="bbox 1998 2610 3501 2683">
    <p class='ocr_par' dir='ltr' id='par_1_57' title="bbox 1998 2610 3501 2683">
     <span class='ocr_line' id='line_1_57' title="bbox 1998 2610 3501 2683; baseline -0.004 -13"><span class='ocrx_word' id='word_1_327' title='bbox 1998 2614 2254 2670; x_wconf 82' lang='lat' dir='ltr'><strong>Sacerdos</strong></span> <span class='ocrx_word' id='word_1_328' title='bbox 2282 2614 2394 2668; x_wconf 86' lang='lat' dir='ltr'><strong>alta</strong></span> <span class='ocrx_word' id='word_1_329' title='bbox 2421 2629 2560 2667; x_wconf 84' lang='lat' dir='ltr'><strong>voce.</strong></span> <span class='ocrx_word' id='word_1_330' title='bbox 2588 2612 2724 2680; x_wconf 87' lang='lat' dir='ltr'><strong>Quia</strong></span> <span class='ocrx_word' id='word_1_331' title='bbox 2767 2612 2993 2683; x_wconf 92' lang='lat' dir='ltr'><strong>populus</strong></span> <span class='ocrx_word' id='word_1_332' title='bbox 3022 2621 3144 2669; x_wconf 90' lang='lat' dir='ltr'><strong>tuus</strong></span> <span class='ocrx_word' id='word_1_333' title='bbox 3171 2622 3224 2667; x_wconf 90' lang='lat' dir='ltr'><strong>et</strong></span> <span class='ocrx_word' id='word_1_334' title='bbox 3258 2610 3501 2667; x_wconf 83' lang='lat' dir='ltr'><strong>Ecclesia</strong></span> 
     </span>
    </p>
   </div>
   <div class='ocr_carea' id='block_1_58' title="bbox 1928 2704 3498 2768">
    <p class='ocr_par' dir='ltr' id='par_1_58' title="bbox 1928 2704 3498 2768">
     <span class='ocr_line' id='line_1_58' title="bbox 1928 2704 3498 2768; baseline -0.001 -10"><span class='ocrx_word' id='word_1_335' title='bbox 1928 2717 2016 2760; x_wconf 87' lang='lat' dir='ltr'><strong>tua</strong></span> <span class='ocrx_word' id='word_1_336' title='bbox 2043 2716 2094 2761; x_wconf 88' lang='lat' dir='ltr'><strong>te</strong></span> <span class='ocrx_word' id='word_1_337' title='bbox 2122 2706 2409 2763; x_wconf 87' lang='lat' dir='ltr'><strong>obsecrant</strong></span> <span class='ocrx_word' id='word_1_338' title='bbox 2456 2713 2510 2760; x_wconf 91' lang='lat' dir='ltr'><strong>et</strong></span> <span class='ocrx_word' id='word_1_339' title='bbox 2553 2704 2765 2759; x_wconf 85' lang='lat' dir='ltr'><strong>Patrem</strong></span> <span class='ocrx_word' id='word_1_340' title='bbox 2815 2714 2965 2758; x_wconf 91' lang='lat' dir='ltr'><strong>tuum</strong></span> <span class='ocrx_word' id='word_1_341' title='bbox 2992 2713 3188 2768; x_wconf 90' lang='lat' dir='ltr'><strong>tecum,</strong></span> <span class='ocrx_word' id='word_1_342' title='bbox 3215 2705 3498 2758; x_wconf 81' lang='lat' dir='ltr'><strong>dicentes:</strong></span> 
     </span>
    </p>
   </div>
   <div class='ocr_carea' id='block_1_59' title="bbox 1927 2795 3502 2866">
    <p class='ocr_par' dir='ltr' id='par_1_59' title="bbox 1927 2795 3502 2866">
     <span class='ocr_line' id='line_1_59' title="bbox 1927 2795 3502 2866; baseline -0.003 -14"><span class='ocrx_word' id='word_1_343' title='bbox 1927 2799 2182 2855; x_wconf 80' lang='lat' dir='ltr'><strong>Miserere</strong></span> <span class='ocrx_word' id='word_1_344' title='bbox 2209 2799 2401 2866; x_wconf 89' lang='lat' dir='ltr'><strong>nostri,</strong></span> <span class='ocrx_word' id='word_1_345' title='bbox 2441 2797 2580 2853; x_wconf 87' lang='lat' dir='ltr'><strong>Deus</strong></span> <span class='ocrx_word' id='word_1_346' title='bbox 2616 2798 2864 2852; x_wconf 82' lang='lat' dir='ltr'><strong>Salvator</strong></span> <span class='ocrx_word' id='word_1_347' title='bbox 2894 2806 3098 2852; x_wconf 90' lang='lat' dir='ltr'><strong>noster.</strong></span> <span class='ocrx_word' id='word_1_348' title='bbox 3133 2795 3378 2850; x_wconf 88' lang='lat' dir='ltr'><strong>Concede</strong></span> <span class='ocrx_word' id='word_1_349' title='bbox 3405 2809 3502 2865; x_wconf 90' lang='lat' dir='ltr'><strong>po-</strong></span> 
     </span>
    </p>
   </div>
   <div class='ocr_carea' id='block_1_60' title="bbox 1928 2887 3499 2961">
    <p class='ocr_par' dir='ltr' id='par_1_60' title="bbox 1928 2887 3499 2961">
     <span class='ocr_line' id='line_1_60' title="bbox 1928 2887 3499 2961; baseline -0.003 -15"><span class='ocrx_word' id='word_1_350' title='bbox 1928 2891 2051 2961; x_wconf 83' lang='lat' dir='ltr'><strong>pulo</strong></span> <span class='ocrx_word' id='word_1_351' title='bbox 2100 2903 2189 2945; x_wconf 92' lang='lat' dir='ltr'><strong>tuo</strong></span> <span class='ocrx_word' id='word_1_352' title='bbox 2243 2905 2338 2945; x_wconf 93' lang='lat' dir='ltr'><strong>cor</strong></span> <span class='ocrx_word' id='word_1_353' title='bbox 2394 2906 2560 2944; x_wconf 91' lang='lat' dir='ltr'><strong>unum</strong></span> <span class='ocrx_word' id='word_1_354' title='bbox 2595 2908 2608 2944; x_wconf 91' lang='lat'><strong>:</strong></span> <span class='ocrx_word' id='word_1_355' title='bbox 2640 2892 2703 2945; x_wconf 85' lang='lat' dir='ltr'><strong>da</strong></span> <span class='ocrx_word' id='word_1_356' title='bbox 2758 2888 3195 2959; x_wconf 89' lang='lat' dir='ltr'><strong>tranquillitatem</strong></span> <span class='ocrx_word' id='word_1_357' title='bbox 3257 2887 3499 2942; x_wconf 88' lang='lat' dir='ltr'><strong>mundo:</strong></span> 
     </span>
    </p>
   </div>
   <div class='ocr_carea' id='block_1_61' title="bbox 1931 2976 3502 3051">
    <p class='ocr_par' dir='ltr' id='par_1_61' title="bbox 1931 2976 3502 3051">
     <span class='ocr_line' id='line_1_61' title="bbox 1931 2976 3502 3051; baseline -0.002 -18"><span class='ocrx_word' id='word_1_358' title='bbox 1931 2981 2243 3051; x_wconf 90' lang='lat' dir='ltr'><strong>temperiem</strong></span> <span class='ocrx_word' id='word_1_359' title='bbox 2277 2980 2468 3034; x_wconf 91' lang='lat' dir='ltr'><strong>bonam</strong></span> <span class='ocrx_word' id='word_1_360' title='bbox 2516 2981 2627 3034; x_wconf 89' lang='lat' dir='ltr'><strong>aeri</strong></span> <span class='ocrx_word' id='word_1_361' title='bbox 2664 2999 2679 3033; x_wconf 86' lang='lat'><strong>:</strong></span> <span class='ocrx_word' id='word_1_362' title='bbox 2709 2980 2951 3050; x_wconf 87' lang='lat' dir='ltr'><strong>dignare,</strong></span> <span class='ocrx_word' id='word_1_363' title='bbox 2993 2978 3237 3044; x_wconf 89' lang='lat' dir='ltr'><strong>Domine,</strong></span> <span class='ocrx_word' id='word_1_364' title='bbox 3276 2976 3502 3031; x_wconf 90' lang='lat' dir='ltr'><strong>benedi-</strong></span> 
     </span>
    </p>
   </div>
   <div class='ocr_carea' id='block_1_62' title="bbox 1934 3069 3493 3139">
    <p class='ocr_par' dir='ltr' id='par_1_62' title="bbox 1934 3069 3493 3139">
     <span class='ocr_line' id='line_1_62' title="bbox 1934 3069 3493 3139; baseline -0.003 -12"><span class='ocrx_word' id='word_1_365' title='bbox 1934 3088 2058 3127; x_wconf 87' lang='lat' dir='ltr'><strong>cere</strong></span> <span class='ocrx_word' id='word_1_366' title='bbox 2096 3072 2199 3126; x_wconf 92' lang='lat' dir='ltr'><strong>hoc</strong></span> <span class='ocrx_word' id='word_1_367' title='bbox 2228 3088 2371 3127; x_wconf 91' lang='lat' dir='ltr'><strong>anno</strong></span> <span class='ocrx_word' id='word_1_368' title='bbox 2396 3084 2587 3127; x_wconf 85' lang='lat' dir='ltr'><strong>ventos</strong></span> <span class='ocrx_word' id='word_1_369' title='bbox 2617 3071 2738 3127; x_wconf 75' lang='lat' dir='ltr'><strong>cteli</strong></span> <span class='ocrx_word' id='word_1_370' title='bbox 2766 3080 2818 3124; x_wconf 90' lang='lat' dir='ltr'><strong>et</strong></span> <span class='ocrx_word' id='word_1_371' title='bbox 2845 3069 3028 3139; x_wconf 88' lang='lat' dir='ltr'><strong>fruges</strong></span> <span class='ocrx_word' id='word_1_372' title='bbox 3054 3079 3229 3124; x_wconf 69' lang='lat' dir='ltr'><strong>terra).</strong></span> <span class='ocrx_word' id='word_1_373' title='bbox 3260 3069 3493 3138; x_wconf 86' lang='lat' dir='ltr'><strong>Dignare</strong></span> 
     </span>
    </p>
   </div>
   <div class='ocr_carea' id='block_1_63' title="bbox 326 3158 3502 3238">
    <p class='ocr_par' dir='ltr' id='par_1_63' title="bbox 326 3158 3502 3238">
     <span class='ocr_line' id='line_1_63' title="bbox 326 3158 3502 3238; baseline 0 -25"><span class='ocrx_word' id='word_1_374' title='bbox 326 3158 606 3215; x_wconf 81' lang='lat' dir='ltr'><strong>Sacerdos.</strong></span> <span class='ocrx_word' id='word_1_375' title='bbox 668 3160 957 3238; x_wconf 77' lang='lat' dir='ltr'><strong>Memento,</strong></span> <span class='ocrx_word' id='word_1_376' title='bbox 1017 3160 1259 3228; x_wconf 90' lang='lat' dir='ltr'><strong>Domine,</strong></span> <span class='ocrx_word' id='word_1_377' title='bbox 1310 3162 1544 3217; x_wconf 89' lang='lat' dir='ltr'><strong>ﬁdelium</strong></span> <span class='ocrx_word' id='word_1_378' title='bbox 1598 3161 1823 3217; x_wconf 84' lang='lat' dir='ltr'><strong>fratrum</strong></span> <span class='ocrx_word' id='word_1_379' title='bbox 1854 3160 1897 3219; x_wconf 75' lang='grc' dir='ltr'>ο</span> <span class='ocrx_word' id='word_1_380' title='bbox 1932 3165 2179 3231; x_wconf 91' lang='lat' dir='ltr'><strong>Domine,</strong></span> <span class='ocrx_word' id='word_1_381' title='bbox 2221 3165 2538 3220; x_wconf 89' lang='lat' dir='ltr'><strong>benedicere</strong></span> <span class='ocrx_word' id='word_1_382' title='bbox 2570 3180 2738 3234; x_wconf 84' lang='lat' dir='ltr'><strong>aquas</strong></span> <span class='ocrx_word' id='word_1_383' title='bbox 2770 3162 3031 3225; x_wconf 81' lang='lat' dir='ltr'><strong>ﬂuminis,</strong></span> <span class='ocrx_word' id='word_1_384' title='bbox 3068 3161 3363 3216; x_wconf 86' lang='lat' dir='ltr'><strong>ascendere</strong></span> <span class='ocrx_word' id='word_1_385' title='bbox 3409 3176 3502 3214; x_wconf 89' lang='lat' dir='ltr'><strong>eas</strong></span> 
     </span>
    </p>
   </div>
   <div class='ocr_carea' id='block_1_64' title="bbox 328 3334 1819 3408">
    <p class='ocr_par' dir='ltr' id='par_1_64' title="bbox 328 3334 1819 3408">
     <span class='ocr_line' id='line_1_64' title="bbox 328 3334 1819 3408; baseline 0.004 -20"><span class='ocrx_word' id='word_1_386' title='bbox 328 3336 409 3408; x_wconf 82' lang='lat'><strong>(8)</strong></span> <span class='ocrx_word' id='word_1_387' title='bbox 455 3334 589 3408; x_wconf 85' lang='lat' dir='ltr'><strong>llinc</strong></span> <span class='ocrx_word' id='word_1_388' title='bbox 628 3337 1049 3400; x_wconf 88' lang='lat' dir='ltr'><strong>demonstratur,</strong></span> <span class='ocrx_word' id='word_1_389' title='bbox 1085 3338 1455 3407; x_wconf 79' lang='lat' dir='ltr'><strong>ptenitentiam</strong></span> <span class='ocrx_word' id='word_1_390' title='bbox 1503 3340 1555 3394; x_wconf 93' lang='lat' dir='ltr'><strong>in</strong></span> <span class='ocrx_word' id='word_1_391' title='bbox 1601 3339 1819 3408; x_wconf 76' lang='lat' dir='ltr'><strong>Coptica</strong></span> 
     </span>
    </p>
   </div>
   <div class='ocr_carea' id='block_1_65' title="bbox 256 3407 1825 3471">
    <p class='ocr_par' dir='ltr' id='par_1_65' title="bbox 256 3407 1825 3471">
     <span class='ocr_line' id='line_1_65' title="bbox 256 3407 1825 3471; baseline 0.001 -8"><span class='ocrx_word' id='word_1_392' title='bbox 256 3407 499 3463; x_wconf 79' lang='lat' dir='ltr'><strong>Ecclesia</strong></span> <span class='ocrx_word' id='word_1_393' title='bbox 531 3407 702 3462; x_wconf 91' lang='lat' dir='ltr'><strong>locum</strong></span> <span class='ocrx_word' id='word_1_394' title='bbox 730 3408 855 3462; x_wconf 90' lang='lat' dir='ltr'><strong>olim</strong></span> <span class='ocrx_word' id='word_1_395' title='bbox 889 3409 1142 3464; x_wconf 84' lang='lat' dir='ltr'><strong>habuisse</strong></span> <span class='ocrx_word' id='word_1_396' title='bbox 1164 3447 1178 3471; x_wconf 92' lang='lat'><strong>,</strong></span> <span class='ocrx_word' id='word_1_397' title='bbox 1209 3411 1406 3463; x_wconf 88' lang='lat' dir='ltr'><strong>dudum</strong></span> <span class='ocrx_word' id='word_1_398' title='bbox 1444 3419 1568 3463; x_wconf 89' lang='lat' dir='ltr'><strong>ante</strong></span> <span class='ocrx_word' id='word_1_399' title='bbox 1592 3407 1825 3464; x_wconf 83' lang='lat' dir='ltr'><strong>obscena</strong></span> 
     </span>
    </p>
   </div>
   <div class='ocr_carea' id='block_1_66' title="bbox 259 3475 1829 3549">
    <p class='ocr_par' dir='ltr' id='par_1_66' title="bbox 259 3475 1829 3549">
     <span class='ocr_line' id='line_1_66' title="bbox 259 3475 1829 3549; baseline 0.001 -18"><span class='ocrx_word' id='word_1_400' title='bbox 259 3480 346 3531; x_wconf 83' lang='lat' dir='ltr'><strong>illa</strong></span> <span class='ocrx_word' id='word_1_401' title='bbox 380 3491 623 3549; x_wconf 86' lang='lat' dir='ltr'><strong>tempora</strong></span> <span class='ocrx_word' id='word_1_402' title='bbox 668 3475 911 3539; x_wconf 79' lang='lat' dir='ltr'><strong>Joannis.</strong></span> <span class='ocrx_word' id='word_1_403' title='bbox 960 3490 1015 3532; x_wconf 92' lang='lat' dir='ltr'><strong>et</strong></span> <span class='ocrx_word' id='word_1_404' title='bbox 1058 3479 1223 3532; x_wconf 78' lang='lat' dir='ltr'><strong>Marci</strong></span> <span class='ocrx_word' id='word_1_405' title='bbox 1254 3479 1345 3533; x_wconf 88' lang='lat' dir='ltr'><strong>ﬁlii</strong></span> <span class='ocrx_word' id='word_1_406' title='bbox 1388 3480 1829 3549; x_wconf 80' lang='lat' dir='ltr'><strong>Zaraapatriar-</strong></span> 
     </span>
    </p>
   </div>
   <div class='ocr_carea' id='block_1_67' title="bbox 257 3548 1833 3617">
    <p class='ocr_par' dir='ltr' id='par_1_67' title="bbox 257 3548 1833 3617">
     <span class='ocr_line' id='line_1_67' title="bbox 257 3548 1833 3617; baseline 0 -14"><span class='ocrx_word' id='word_1_407' title='bbox 257 3549 505 3610; x_wconf 84' lang='lat' dir='ltr'><strong>charum,</strong></span> <span class='ocrx_word' id='word_1_408' title='bbox 534 3548 624 3616; x_wconf 87' lang='lat' dir='ltr'><strong>qui</strong></span> <span class='ocrx_word' id='word_1_409' title='bbox 654 3549 1047 3603; x_wconf 74' lang='lat' dir='ltr'><strong>confessionem</strong></span> <span class='ocrx_word' id='word_1_410' title='bbox 1078 3559 1444 3617; x_wconf 86' lang='lat' dir='ltr'><strong>peccatorum,</strong></span> <span class='ocrx_word' id='word_1_411' title='bbox 1468 3559 1523 3603; x_wconf 90' lang='lat' dir='ltr'><strong>et</strong></span> <span class='ocrx_word' id='word_1_412' title='bbox 1544 3548 1833 3610; x_wconf 76' lang='lat' dir='ltr'><strong>Cononem.</strong></span> 
     </span>
    </p>
   </div>
   <div class='ocr_carea' id='block_1_68' title="bbox 260 3617 1828 3689">
    <p class='ocr_par' dir='ltr' id='par_1_68' title="bbox 260 3617 1828 3689">
     <span class='ocr_line' id='line_1_68' title="bbox 260 3617 1828 3689; baseline 0.001 -18"><span class='ocrx_word' id='word_1_413' title='bbox 260 3620 372 3689; x_wconf 84' lang='lat' dir='ltr'><strong>sive</strong></span> <span class='ocrx_word' id='word_1_414' title='bbox 406 3617 737 3689; x_wconf 82' lang='lat' dir='ltr'><strong>laboriosam</strong></span> <span class='ocrx_word' id='word_1_415' title='bbox 770 3619 1141 3689; x_wconf 75' lang='lat' dir='ltr'><strong>ptenitentiam</strong></span> <span class='ocrx_word' id='word_1_416' title='bbox 1168 3658 1184 3683; x_wconf 94' lang='lat'><strong>,</strong></span> <span class='ocrx_word' id='word_1_417' title='bbox 1224 3620 1409 3673; x_wconf 90' lang='lat' dir='ltr'><strong>tollere</strong></span> <span class='ocrx_word' id='word_1_418' title='bbox 1453 3621 1630 3675; x_wconf 87' lang='lat' dir='ltr'><strong>conati</strong></span> <span class='ocrx_word' id='word_1_419' title='bbox 1668 3631 1828 3684; x_wconf 88' lang='lat' dir='ltr'><strong>sunt,</strong></span> 
     </span>
    </p>
   </div>
   <div class='ocr_carea' id='block_1_69' title="bbox 261 3688 1832 3757">
    <p class='ocr_par' dir='ltr' id='par_1_69' title="bbox 261 3688 1832 3757">
     <span class='ocr_line' id='line_1_69' title="bbox 261 3688 1832 3757; baseline -0.001 -14"><span class='ocrx_word' id='word_1_420' title='bbox 261 3688 327 3743; x_wconf 82' lang='lat' dir='ltr'><strong>de</strong></span> <span class='ocrx_word' id='word_1_421' title='bbox 357 3702 461 3757; x_wconf 85' lang='lat' dir='ltr'><strong>qua</strong></span> <span class='ocrx_word' id='word_1_422' title='bbox 498 3688 843 3741; x_wconf 90' lang='lat' dir='ltr'><strong>innovatione</strong></span> <span class='ocrx_word' id='word_1_423' title='bbox 876 3688 1077 3744; x_wconf 88' lang='lat' dir='ltr'><strong>dictum</strong></span> <span class='ocrx_word' id='word_1_424' title='bbox 1108 3698 1190 3743; x_wconf 90' lang='lat' dir='ltr'><strong>est</strong></span> <span class='ocrx_word' id='word_1_425' title='bbox 1233 3690 1283 3743; x_wconf 91' lang='lat' dir='ltr'><strong>in</strong></span> <span class='ocrx_word' id='word_1_426' title='bbox 1316 3689 1554 3744; x_wconf 83' lang='lat' dir='ltr'><strong>Historia</strong></span> <span class='ocrx_word' id='word_1_427' title='bbox 1603 3689 1832 3743; x_wconf 74' lang='lat' dir='ltr'><strong>Alexan-</strong></span> 
     </span>
    </p>
   </div>
   <div class='ocr_carea' id='block_1_70' title="bbox 262 3756 1837 3830">
    <p class='ocr_par' dir='ltr' id='par_1_70' title="bbox 262 3756 1837 3830">
     <span class='ocr_line' id='line_1_70' title="bbox 262 3756 1837 3830; baseline 0.002 -19"><span class='ocrx_word' id='word_1_428' title='bbox 262 3756 417 3811; x_wconf 79' lang='lat' dir='ltr'><strong>drina</strong></span> <span class='ocrx_word' id='word_1_429' title='bbox 450 3756 524 3827; x_wconf 76' lang='grc' dir='ltr'><strong>(α)</strong></span> <span class='ocrx_word' id='word_1_430' title='bbox 555 3766 614 3830; x_wconf 82' lang='lat' dir='ltr'><strong>et</strong></span> <span class='ocrx_word' id='word_1_431' title='bbox 642 3757 793 3813; x_wconf 91' lang='lat' dir='ltr'><strong>alibi.</strong></span> <span class='ocrx_word' id='word_1_432' title='bbox 820 3759 949 3813; x_wconf 90' lang='lat' dir='ltr'><strong>Esse</strong></span> <span class='ocrx_word' id='word_1_433' title='bbox 982 3762 1034 3814; x_wconf 93' lang='lat' dir='ltr'><strong>in</strong></span> <span class='ocrx_word' id='word_1_434' title='bbox 1067 3759 1404 3830; x_wconf 74' lang='lat' dir='ltr'><strong>ptenitentia,</strong></span> <span class='ocrx_word' id='word_1_435' title='bbox 1440 3771 1612 3815; x_wconf 88' lang='lat' dir='ltr'><strong>status</strong></span> <span class='ocrx_word' id='word_1_436' title='bbox 1640 3772 1744 3823; x_wconf 89' lang='lat' dir='ltr'><strong>est,</strong></span> <span class='ocrx_word' id='word_1_437' title='bbox 1776 3769 1837 3814; x_wconf 90' lang='lat' dir='ltr'><strong>ut</strong></span> 
     </span>
    </p>
   </div>
   <div class='ocr_carea' id='block_1_71' title="bbox 262 3827 1838 3897">
    <p class='ocr_par' dir='ltr' id='par_1_71' title="bbox 262 3827 1838 3897">
     <span class='ocr_line' id='line_1_71' title="bbox 262 3827 1838 3897; baseline 0.003 -18"><span class='ocrx_word' id='word_1_438' title='bbox 262 3842 450 3881; x_wconf 87' lang='lat' dir='ltr'><strong>eorum</strong></span> <span class='ocrx_word' id='word_1_439' title='bbox 484 3827 576 3897; x_wconf 91' lang='lat' dir='ltr'><strong>qui</strong></span> <span class='ocrx_word' id='word_1_440' title='bbox 603 3827 653 3897; x_wconf 91' lang='lat' dir='ltr'><strong>in</strong></span> <span class='ocrx_word' id='word_1_441' title='bbox 686 3829 873 3882; x_wconf 89' lang='lat' dir='ltr'><strong>eadem</strong></span> <span class='ocrx_word' id='word_1_442' title='bbox 904 3827 1148 3885; x_wconf 86' lang='lat' dir='ltr'><strong>oratione</strong></span> <span class='ocrx_word' id='word_1_443' title='bbox 1173 3841 1691 3894; x_wconf 85' lang='lat' dir='ltr'><strong>commemorantur,</strong></span> <span class='ocrx_word' id='word_1_444' title='bbox 1744 3846 1838 3884; x_wconf 85' lang='lat' dir='ltr'><strong>va-</strong></span> 
     </span>
    </p>
   </div>
   <div class='ocr_carea' id='block_1_72' title="bbox 263 3896 1837 3971">
    <p class='ocr_par' dir='ltr' id='par_1_72' title="bbox 263 3896 1837 3971">
     <span class='ocr_line' id='line_1_72' title="bbox 263 3896 1837 3971; baseline 0.001 -19"><span class='ocrx_word' id='word_1_445' title='bbox 263 3900 347 3971; x_wconf 87' lang='lat' dir='ltr'><strong>rii</strong></span> <span class='ocrx_word' id='word_1_446' title='bbox 379 3896 705 3971; x_wconf 71' lang='lat' dir='ltr'><strong>sunt._Non</strong></span> <span class='ocrx_word' id='word_1_447' title='bbox 759 3913 884 3971; x_wconf 74' lang='lat' dir='ltr'><strong>vero</strong></span> <span class='ocrx_word' id='word_1_448' title='bbox 929 3902 975 3955; x_wconf 91' lang='lat' dir='ltr'><strong>is</strong></span> <span class='ocrx_word' id='word_1_449' title='bbox 1028 3901 1175 3955; x_wconf 92' lang='lat' dir='ltr'><strong>locus</strong></span> <span class='ocrx_word' id='word_1_450' title='bbox 1223 3900 1617 3971; x_wconf 85' lang='lat' dir='ltr'><strong>intelligendus</strong></span> <span class='ocrx_word' id='word_1_451' title='bbox 1640 3911 1722 3954; x_wconf 89' lang='lat' dir='ltr'><strong>est</strong></span> <span class='ocrx_word' id='word_1_452' title='bbox 1772 3904 1837 3953; x_wconf 84' lang='lat' dir='ltr'><strong>de</strong></span> 
     </span>
    </p>
   </div>
   <div class='ocr_carea' id='block_1_73' title="bbox 265 3968 1837 4040">
    <p class='ocr_par' dir='ltr' id='par_1_73' title="bbox 265 3968 1837 4040">
     <span class='ocr_line' id='line_1_73' title="bbox 265 3968 1837 4040; baseline 0.002 -19"><span class='ocrx_word' id='word_1_453' title='bbox 265 3969 477 4040; x_wconf 74' lang='lat' dir='ltr'><strong>publica</strong></span> <span class='ocrx_word' id='word_1_454' title='bbox 523 3968 882 4040; x_wconf 84' lang='lat' dir='ltr'><strong>illa,_qualis</strong></span> <span class='ocrx_word' id='word_1_455' title='bbox 934 3972 986 4026; x_wconf 87' lang='lat' dir='ltr'><strong>in</strong></span> <span class='ocrx_word' id='word_1_456' title='bbox 1036 3986 1132 4025; x_wconf 90' lang='lat' dir='ltr'><strong>usu</strong></span> <span class='ocrx_word' id='word_1_457' title='bbox 1181 3981 1298 4023; x_wconf 87' lang='lat' dir='ltr'><strong>erat</strong></span> <span class='ocrx_word' id='word_1_458' title='bbox 1345 3968 1534 4040; x_wconf 79' lang='lat' dir='ltr'><strong>primis</strong></span> <span class='ocrx_word' id='word_1_459' title='bbox 1583 3970 1837 4025; x_wconf 72' lang='lat' dir='ltr'><strong>Ecclesia:</strong></span> 
     </span>
    </p>
   </div>
   <div class='ocr_carea' id='block_1_74' title="bbox 265 4036 1836 4110">
    <p class='ocr_par' dir='ltr' id='par_1_74' title="bbox 265 4036 1836 4110">
     <span class='ocr_line' id='line_1_74' title="bbox 265 4036 1836 4110; baseline -0.001 -17"><span class='ocrx_word' id='word_1_460' title='bbox 265 4036 503 4110; x_wconf 63' lang='lat' dir='ltr'><strong>Saeculis,</strong></span> <span class='ocrx_word' id='word_1_461' title='bbox 540 4036 855 4106; x_wconf 84' lang='lat' dir='ltr'><strong>pcenitentia</strong></span> <span class='ocrx_word' id='word_1_462' title='bbox 877 4080 891 4105; x_wconf 89' lang='lat'><strong>,</strong></span> <span class='ocrx_word' id='word_1_463' title='bbox 919 4041 1073 4110; x_wconf 87' lang='lat' dir='ltr'><strong>cujus</strong></span> <span class='ocrx_word' id='word_1_464' title='bbox 1112 4041 1311 4095; x_wconf 90' lang='lat' dir='ltr'><strong>dudum</strong></span> <span class='ocrx_word' id='word_1_465' title='bbox 1332 4036 1362 4106; x_wconf 71' lang='grc'><strong>,’</strong></span> <span class='ocrx_word' id='word_1_466' title='bbox 1381 4050 1737 4109; x_wconf 61' lang='lat' dir='ltr'><strong>praeterquam</strong></span> <span class='ocrx_word' id='word_1_467' title='bbox 1770 4042 1836 4093; x_wconf 84' lang='lat' dir='ltr'><strong>ad</strong></span> 
     </span>
    </p>
   </div>
   <div class='ocr_carea' id='block_1_75' title="bbox 267 4107 1834 4178">
    <p class='ocr_par' dir='ltr' id='par_1_75' title="bbox 267 4107 1834 4178">
     <span class='ocr_line' id='line_1_75' title="bbox 267 4107 1834 4178; baseline -0.001 -16"><span class='ocrx_word' id='word_1_468' title='bbox 267 4107 513 4178; x_wconf 83' lang='lat' dir='ltr'><strong>publicos</strong></span> <span class='ocrx_word' id='word_1_469' title='bbox 542 4117 855 4176; x_wconf 89' lang='lat' dir='ltr'><strong>peccatores</strong></span> <span class='ocrx_word' id='word_1_470' title='bbox 898 4107 1263 4165; x_wconf 82' lang='lat' dir='ltr'><strong>emendandos</strong></span> <span class='ocrx_word' id='word_1_471' title='bbox 1285 4151 1300 4174; x_wconf 91' lang='lat'><strong>,</strong></span> <span class='ocrx_word' id='word_1_472' title='bbox 1330 4107 1611 4178; x_wconf 81' lang='lat' dir='ltr'><strong>disciplina</strong></span> <span class='ocrx_word' id='word_1_473' title='bbox 1636 4112 1834 4164; x_wconf 90' lang='lat' dir='ltr'><strong>omissa</strong></span> 
     </span>
    </p>
   </div>
   <div class='ocr_carea' id='block_1_76' title="bbox 265 4177 1836 4250">
    <p class='ocr_par' dir='ltr' id='par_1_76' title="bbox 265 4177 1836 4250">
     <span class='ocr_line' id='line_1_76' title="bbox 265 4177 1836 4250; baseline 0.001 -18"><span class='ocrx_word' id='word_1_474' title='bbox 265 4187 371 4233; x_wconf 82' lang='lat' dir='ltr'><strong>est.</strong></span> <span class='ocrx_word' id='word_1_475' title='bbox 411 4177 519 4250; x_wconf 76' lang='lat' dir='ltr'><strong>Sed</strong></span> <span class='ocrx_word' id='word_1_476' title='bbox 553 4178 641 4231; x_wconf 93' lang='lat' dir='ltr'><strong>hic</strong></span> <span class='ocrx_word' id='word_1_477' title='bbox 690 4178 1017 4250; x_wconf 78' lang='lat' dir='ltr'><strong>intelligendi</strong></span> <span class='ocrx_word' id='word_1_478' title='bbox 1067 4191 1191 4250; x_wconf 73' lang='lat' dir='ltr'><strong>sunt</strong></span> <span class='ocrx_word' id='word_1_479' title='bbox 1238 4182 1351 4245; x_wconf 93' lang='lat' dir='ltr'><strong>illi,</strong></span> <span class='ocrx_word' id='word_1_480' title='bbox 1393 4177 1483 4250; x_wconf 86' lang='lat' dir='ltr'><strong>qui</strong></span> <span class='ocrx_word' id='word_1_481' title='bbox 1525 4181 1664 4234; x_wconf 86' lang='lat' dir='ltr'><strong>facta</strong></span> <span class='ocrx_word' id='word_1_482' title='bbox 1697 4180 1836 4248; x_wconf 85' lang='lat' dir='ltr'><strong>apud</strong></span> 
     </span>
    </p>
   </div>
   <div class='ocr_carea' id='block_1_77' title="bbox 267 4248 1838 4318">
    <p class='ocr_par' dir='ltr' id='par_1_77' title="bbox 267 4248 1838 4318">
     <span class='ocr_line' id='line_1_77' title="bbox 267 4248 1838 4318; baseline 0 -16"><span class='ocrx_word' id='word_1_483' title='bbox 267 4248 610 4304; x_wconf 88' lang='lat' dir='ltr'><strong>sacerdotem</strong></span> <span class='ocrx_word' id='word_1_484' title='bbox 648 4248 989 4305; x_wconf 84' lang='lat' dir='ltr'><strong>confessione</strong></span> <span class='ocrx_word' id='word_1_485' title='bbox 1012 4290 1028 4316; x_wconf 92' lang='lat'><strong>,</strong></span> <span class='ocrx_word' id='word_1_486' title='bbox 1073 4248 1336 4305; x_wconf 84' lang='lat' dir='ltr'><strong>Cononem</strong></span> <span class='ocrx_word' id='word_1_487' title='bbox 1356 4294 1371 4317; x_wconf 94' lang='lat'><strong>,</strong></span> <span class='ocrx_word' id='word_1_488' title='bbox 1406 4248 1507 4306; x_wconf 87' lang='lat' dir='ltr'><strong>hoc</strong></span> <span class='ocrx_word' id='word_1_489' title='bbox 1536 4260 1620 4304; x_wconf 89' lang='lat' dir='ltr'><strong>est</strong></span> <span class='ocrx_word' id='word_1_490' title='bbox 1651 4264 1838 4318; x_wconf 78' lang='lat' dir='ltr'><strong>pmnas</strong></span> 
     </span>
    </p>
   </div>
   <div class='ocr_carea' id='block_1_78' title="bbox 267 4319 1835 4389">
    <p class='ocr_par' dir='ltr' id='par_1_78' title="bbox 267 4319 1835 4389">
     <span class='ocr_line' id='line_1_78' title="bbox 267 4319 1835 4389; baseline 0 -18"><span class='ocrx_word' id='word_1_491' title='bbox 267 4319 564 4389; x_wconf 78' lang='lat' dir='ltr'><strong>canonicas</strong></span> <span class='ocrx_word' id='word_1_492' title='bbox 596 4319 983 4385; x_wconf 82' lang='lat' dir='ltr'><strong>suscipiebant,</strong></span> <span class='ocrx_word' id='word_1_493' title='bbox 1020 4329 1076 4375; x_wconf 89' lang='lat' dir='ltr'><strong>et</strong></span> <span class='ocrx_word' id='word_1_494' title='bbox 1103 4322 1339 4389; x_wconf 87' lang='lat' dir='ltr'><strong>aliquam</strong></span> <span class='ocrx_word' id='word_1_495' title='bbox 1377 4322 1590 4374; x_wconf 86' lang='lat' dir='ltr'><strong>illarum</strong></span> <span class='ocrx_word' id='word_1_496' title='bbox 1628 4330 1835 4386; x_wconf 89' lang='lat' dir='ltr'><strong>partem</strong></span> 
     </span>
    </p>
   </div>
   <div class='ocr_carea' id='block_1_79' title="bbox 266 4386 1840 4458">
    <p class='ocr_par' dir='ltr' id='par_1_79' title="bbox 266 4386 1840 4458">
     <span class='ocr_line' id='line_1_79' title="bbox 266 4386 1840 4458; baseline -0.002 -15"><span class='ocrx_word' id='word_1_497' title='bbox 266 4386 678 4455; x_wconf 78' lang='lat' dir='ltr'><strong>compleverant</strong></span> <span class='ocrx_word' id='word_1_498' title='bbox 701 4430 715 4453; x_wconf 95' lang='lat'><strong>,</strong></span> <span class='ocrx_word' id='word_1_499' title='bbox 746 4398 1033 4458; x_wconf 84' lang='lat' dir='ltr'><strong>antequam</strong></span> <span class='ocrx_word' id='word_1_500' title='bbox 1077 4386 1508 4446; x_wconf 75' lang='lat' dir='ltr'><strong>communionem</strong></span> <span class='ocrx_word' id='word_1_501' title='bbox 1537 4405 1840 4445; x_wconf 84' lang='lat' dir='ltr'><strong>sacramen-</strong></span> 
     </span>
    </p>
   </div>
   <div class='ocr_carea' id='block_1_80' title="bbox 269 4447 1914 4529">
    <p class='ocr_par' dir='ltr' id='par_1_80' title="bbox 269 4447 1914 4529">
     <span class='ocr_line' id='line_1_80' title="bbox 269 4447 1914 4529; baseline 0.001 -18"><span class='ocrx_word' id='word_1_502' title='bbox 269 4447 450 4511; x_wconf 78' lang='lat' dir='ltr'><strong>torum</strong></span> <span class='ocrx_word' id='word_1_503' title='bbox 498 4447 843 4529; x_wconf 76' lang='lat' dir='ltr'><strong>obtinerent,</strong></span> <span class='ocrx_word' id='word_1_504' title='bbox 886 4447 916 4513; x_wconf 76' lang='lat' dir='ltr'><strong>a</strong></span> <span class='ocrx_word' id='word_1_505' title='bbox 967 4476 1073 4529; x_wconf 87' lang='lat' dir='ltr'><strong>qua</strong></span> <span class='ocrx_word' id='word_1_506' title='bbox 1120 4461 1436 4515; x_wconf 82' lang='lat' dir='ltr'><strong>arcebantur</strong></span> <span class='ocrx_word' id='word_1_507' title='bbox 1486 4476 1580 4529; x_wconf 87' lang='lat' dir='ltr'><strong>per</strong></span> <span class='ocrx_word' id='word_1_508' title='bbox 1624 4459 1837 4527; x_wconf 86' lang='lat' dir='ltr'><strong>aliquod</strong></span> <span class='ocrx_word' id='word_1_509' title='bbox 1870 4447 1914 4502; x_wconf 81' lang='grc' dir='ltr'>Ῑ)</span> 
     </span>
    </p>
   </div>
   <div class='ocr_carea' id='block_1_81' title="bbox 271 4528 1839 4598">
    <p class='ocr_par' dir='ltr' id='par_1_81' title="bbox 271 4528 1839 4598">
     <span class='ocr_line' id='line_1_81' title="bbox 271 4528 1839 4598; baseline 0.003 -18"><span class='ocrx_word' id='word_1_510' title='bbox 271 4529 530 4595; x_wconf 86' lang='lat' dir='ltr'><strong>temporis</strong></span> <span class='ocrx_word' id='word_1_511' title='bbox 579 4528 940 4583; x_wconf 85' lang='lat' dir='ltr'><strong>intervallum.</strong></span> <span class='ocrx_word' id='word_1_512' title='bbox 988 4528 1114 4585; x_wconf 71' lang='lat' dir='ltr'><strong>Haec</strong></span> <span class='ocrx_word' id='word_1_513' title='bbox 1160 4531 1436 4598; x_wconf 85' lang='lat' dir='ltr'><strong>disciplina</strong></span> <span class='ocrx_word' id='word_1_514' title='bbox 1488 4528 1668 4584; x_wconf 86' lang='lat' dir='ltr'><strong>fusius</strong></span> <span class='ocrx_word' id='word_1_515' title='bbox 1713 4529 1839 4584; x_wconf 82' lang='lat' dir='ltr'><strong>alibi</strong></span> 
     </span>
    </p>
   </div>
   <div class='ocr_carea' id='block_1_82' title="bbox 268 4599 1839 4665">
    <p class='ocr_par' dir='ltr' id='par_1_82' title="bbox 268 4599 1839 4665">
     <span class='ocr_line' id='line_1_82' title="bbox 268 4599 1839 4665; baseline 0.003 -17"><span class='ocrx_word' id='word_1_516' title='bbox 268 4608 601 4665; x_wconf 77' lang='lat' dir='ltr'><strong>exponetur,</strong></span> <span class='ocrx_word' id='word_1_517' title='bbox 634 4612 697 4650; x_wconf 75' lang='lat' dir='ltr'><strong>ex</strong></span> <span class='ocrx_word' id='word_1_518' title='bbox 731 4600 893 4652; x_wconf 88' lang='lat' dir='ltr'><strong>variis</strong></span> <span class='ocrx_word' id='word_1_519' title='bbox 919 4599 1229 4655; x_wconf 89' lang='lat' dir='ltr'><strong>auctoribus</strong></span> <span class='ocrx_word' id='word_1_520' title='bbox 1280 4611 1388 4653; x_wconf 92' lang='lat' dir='ltr'><strong>tum</strong></span> <span class='ocrx_word' id='word_1_521' title='bbox 1435 4616 1498 4655; x_wconf 81' lang='lat' dir='ltr'><strong>ex</strong></span> <span class='ocrx_word' id='word_1_522' title='bbox 1542 4600 1839 4654; x_wconf 89' lang='lat' dir='ltr'><strong>canonibus</strong></span> 
     </span>
    </p>
   </div>
   <div class='ocr_carea' id='block_1_83' title="bbox 269 4668 1839 4738">
    <p class='ocr_par' dir='ltr' id='par_1_83' title="bbox 269 4668 1839 4738">
     <span class='ocr_line' id='line_1_83' title="bbox 269 4668 1839 4738; baseline -0.001 -16"><span class='ocrx_word' id='word_1_523' title='bbox 269 4668 759 4735; x_wconf 78' lang='lat' dir='ltr'><strong>ptBnitcntialibns,</strong></span> <span class='ocrx_word' id='word_1_524' title='bbox 789 4670 880 4738; x_wconf 88' lang='lat' dir='ltr'><strong>qtti</strong></span> <span class='ocrx_word' id='word_1_525' title='bbox 918 4680 1135 4725; x_wconf 76' lang='lat' dir='ltr'><strong>exstant</strong></span> <span class='ocrx_word' id='word_1_526' title='bbox 1158 4672 1211 4723; x_wconf 91' lang='lat' dir='ltr'><strong>in</strong></span> <span class='ocrx_word' id='word_1_527' title='bbox 1236 4670 1510 4724; x_wconf 89' lang='lat' dir='ltr'><strong>codicibus</strong></span> <span class='ocrx_word' id='word_1_528' title='bbox 1541 4670 1839 4724; x_wconf 88' lang='lat' dir='ltr'><strong>manuscri-</strong></span> 
     </span>
    </p>
   </div>
   <div class='ocr_carea' id='block_1_84' title="bbox 270 4738 1840 4810">
    <p class='ocr_par' dir='ltr' id='par_1_84' title="bbox 270 4738 1840 4810">
     <span class='ocr_line' id='line_1_84' title="bbox 270 4738 1840 4810; baseline 0.001 -19"><span class='ocrx_word' id='word_1_529' title='bbox 270 4740 436 4810; x_wconf 23' lang='lat' dir='ltr'><strong>ptis.”</strong></span> <span class='ocrx_word' id='word_1_530' title='bbox 466 4738 847 4810; x_wconf 66' lang='lat' dir='ltr'><strong>Pmtiitcntinm</strong></span> <span class='ocrx_word' id='word_1_531' title='bbox 899 4755 1111 4810; x_wconf 88' lang='lat' dir='ltr'><strong>quoque</strong></span> <span class='ocrx_word' id='word_1_532' title='bbox 1172 4741 1371 4793; x_wconf 89' lang='lat' dir='ltr'><strong>mentio</strong></span> <span class='ocrx_word' id='word_1_533' title='bbox 1417 4742 1475 4793; x_wconf 87' lang='lat' dir='ltr'><strong>fit</strong></span> <span class='ocrx_word' id='word_1_534' title='bbox 1522 4740 1703 4805; x_wconf 87' lang='lat' dir='ltr'><strong>infra,</strong></span> <span class='ocrx_word' id='word_1_535' title='bbox 1749 4739 1840 4807; x_wconf 85' lang='lat' dir='ltr'><strong>qui</strong></span> 
     </span>
    </p>
   </div>
   <div class='ocr_carea' id='block_1_85' title="bbox 272 4808 1840 4882">
    <p class='ocr_par' dir='ltr' id='par_1_85' title="bbox 272 4808 1840 4882">
     <span class='ocr_line' id='line_1_85' title="bbox 272 4808 1840 4882; baseline 0.002 -21"><span class='ocrx_word' id='word_1_536' title='bbox 272 4808 500 4877; x_wconf 75' lang='lat' dir='ltr'><strong>intelligi</strong></span> <span class='ocrx_word' id='word_1_537' title='bbox 556 4808 695 4863; x_wconf 87' lang='lat' dir='ltr'><strong>forte</strong></span> <span class='ocrx_word' id='word_1_538' title='bbox 740 4809 972 4877; x_wconf 87' lang='lat' dir='ltr'><strong>debent,</strong></span> <span class='ocrx_word' id='word_1_539' title='bbox 1008 4808 1103 4882; x_wconf 84' lang='lat' dir='ltr'><strong>per</strong></span> <span class='ocrx_word' id='word_1_540' title='bbox 1135 4826 1228 4866; x_wconf 90' lang='lat' dir='ltr'><strong>eos</strong></span> <span class='ocrx_word' id='word_1_541' title='bbox 1277 4810 1370 4864; x_wconf 86' lang='lat' dir='ltr'><strong>cui</strong></span> <span class='ocrx_word' id='word_1_542' title='bbox 1422 4812 1476 4863; x_wconf 82' lang='lat' dir='ltr'><strong>in</strong></span> <span class='ocrx_word' id='word_1_543' title='bbox 1519 4811 1840 4879; x_wconf 79' lang='lat' dir='ltr'><strong>confessione</strong></span> 
     </span>
    </p>
   </div>
   <div class='ocr_carea' id='block_1_86' title="bbox 269 4888 416 4932">
    <p class='ocr_par' dir='ltr' id='par_1_86' title="bbox 269 4888 416 4932">
     <span class='ocr_line' id='line_1_86' title="bbox 269 4888 416 4932; baseline -0.007 0"><span class='ocrx_word' id='word_1_544' title='bbox 269 4888 416 4932; x_wconf 74' lang='lat' dir='ltr'><strong>sunt.</strong></span> 
     </span>
    </p>
   </div>
   <div class='ocr_carea' id='block_1_87' title="bbox 344 4946 1839 5016">
    <p class='ocr_par' dir='ltr' id='par_1_87' title="bbox 344 4946 1839 5016">
     <span class='ocr_line' id='line_1_87' title="bbox 344 4946 1839 5016; baseline 0.001 -15"><span class='ocrx_word' id='word_1_545' title='bbox 344 4948 424 5015; x_wconf 90' lang='lat'><strong>(9)</strong></span> <span class='ocrx_word' id='word_1_546' title='bbox 468 4946 698 5001; x_wconf 87' lang='lat' dir='ltr'><strong>Servata</strong></span> <span class='ocrx_word' id='word_1_547' title='bbox 735 4947 847 5002; x_wconf 62' lang='lat' dir='ltr'><strong>haec</strong></span> <span class='ocrx_word' id='word_1_548' title='bbox 876 4949 1100 5003; x_wconf 82' lang='lat' dir='ltr'><strong>formula</strong></span> <span class='ocrx_word' id='word_1_549' title='bbox 1128 4958 1297 5005; x_wconf 78' lang='lat' dir='ltr'><strong>estex</strong></span> <span class='ocrx_word' id='word_1_550' title='bbox 1328 4951 1493 5006; x_wconf 88' lang='lat' dir='ltr'><strong>veteri</strong></span> <span class='ocrx_word' id='word_1_551' title='bbox 1535 4949 1839 5016; x_wconf 87' lang='lat' dir='ltr'><strong>disciplina,</strong></span> 
     </span>
    </p>
   </div>
   <div class='ocr_carea' id='block_1_88' title="bbox 271 5019 1842 5092">
    <p class='ocr_par' dir='ltr' id='par_1_88' title="bbox 271 5019 1842 5092">
     <span class='ocr_line' id='line_1_88' title="bbox 271 5019 1842 5092; baseline 0.003 -22"><span class='ocrx_word' id='word_1_552' title='bbox 271 5030 397 5092; x_wconf 72' lang='lat' dir='ltr'><strong>ante</strong></span> <span class='ocrx_word' id='word_1_553' title='bbox 421 5028 741 5092; x_wconf 67' lang='lat' dir='ltr'><strong>occupatam</strong></span> <span class='ocrx_word' id='word_1_554' title='bbox 768 5035 794 5070; x_wconf 88' lang='lat' dir='ltr'><strong>a</strong></span> <span class='ocrx_word' id='word_1_555' title='bbox 822 5019 1224 5092; x_wconf 70' lang='lat' dir='ltr'><strong>Mulianiedanis</strong></span> <span class='ocrx_word' id='word_1_556' title='bbox 1248 5020 1562 5092; x_wconf 69' lang='lat' dir='ltr'><strong>IEgyptum,</strong></span> <span class='ocrx_word' id='word_1_557' title='bbox 1583 5023 1633 5075; x_wconf 93' lang='lat' dir='ltr'><strong>in</strong></span> <span class='ocrx_word' id='word_1_558' title='bbox 1656 5020 1842 5075; x_wconf 68' lang='lat' dir='ltr'><strong>Graeco</strong></span> 
     </span>
    </p>
   </div>
   <div class='ocr_carea' id='block_1_89' title="bbox 270 5086 1843 5161">
    <p class='ocr_par' dir='ltr' id='par_1_89' title="bbox 270 5086 1843 5161">
     <span class='ocr_line' id='line_1_89' title="bbox 270 5086 1843 5161; baseline 0.003 -21"><span class='ocrx_word' id='word_1_559' title='bbox 270 5087 382 5141; x_wconf 81' lang='grc' dir='ltr'><strong>τῶν</strong></span> <span class='ocrx_word' id='word_1_560' title='bbox 410 5086 651 5161; x_wconf 72' lang='grc' dir='ltr'><strong>εὐσεϐῶς</strong></span> <span class='ocrx_word' id='word_1_561' title='bbox 700 5086 1131 5156; x_wconf 78' lang='grc' dir='ltr'>βασιλευσάντων</span> <span class='ocrx_word' id='word_1_562' title='bbox 1150 5132 1165 5155; x_wconf 83' lang='grc'>,</span> <span class='ocrx_word' id='word_1_563' title='bbox 1197 5086 1523 5161; x_wconf 45' lang='grc' dir='ltr'><strong>ᾳιιςιίῖἐτὺει</strong></span> <span class='ocrx_word' id='word_1_564' title='bbox 1571 5092 1843 5145; x_wconf 88' lang='lat' dir='ltr'><strong>versiones</strong></span> 
     </span>
    </p>
   </div>
   <div class='ocr_carea' id='block_1_90' title="bbox 273 5160 1844 5230">
    <p class='ocr_par' dir='ltr' id='par_1_90' title="bbox 273 5160 1844 5230">
     <span class='ocr_line' id='line_1_90' title="bbox 273 5160 1844 5230; baseline 0.003 -21"><span class='ocrx_word' id='word_1_565' title='bbox 273 5160 520 5230; x_wconf 61' lang='lat' dir='ltr'><strong>Arabigtr</strong></span> <span class='ocrx_word' id='word_1_566' title='bbox 548 5162 791 5230; x_wconf 59' lang='lat' dir='ltr'><strong>quaedam</strong></span> <span class='ocrx_word' id='word_1_567' title='bbox 819 5160 1221 5229; x_wconf 84' lang='lat' dir='ltr'><strong>expresserunt.</strong></span> <span class='ocrx_word' id='word_1_568' title='bbox 1256 5160 1460 5230; x_wconf 78' lang='lat' dir='ltr'><strong>Nempe</strong></span> <span class='ocrx_word' id='word_1_569' title='bbox 1492 5176 1612 5216; x_wconf 90' lang='lat' dir='ltr'><strong>cum</strong></span> <span class='ocrx_word' id='word_1_570' title='bbox 1650 5176 1844 5229; x_wconf 85' lang='lat' dir='ltr'><strong>regna-</strong></span> 
     </span>
    </p>
   </div>
   <div class='ocr_carea' id='block_1_91' title="bbox 278 5225 1842 5300">
    <p class='ocr_par' dir='ltr' id='par_1_91' title="bbox 278 5225 1842 5300">
     <span class='ocr_line' id='line_1_91' title="bbox 278 5225 1842 5300; baseline 0.003 -21"><span class='ocrx_word' id='word_1_571' title='bbox 278 5238 399 5300; x_wconf 80' lang='lat' dir='ltr'><strong>rent</strong></span> <span class='ocrx_word' id='word_1_572' title='bbox 431 5225 730 5282; x_wconf 86' lang='lat' dir='ltr'><strong>Christiani</strong></span> <span class='ocrx_word' id='word_1_573' title='bbox 770 5225 1121 5300; x_wconf 78' lang='lat' dir='ltr'><strong>imperatores</strong></span> <span class='ocrx_word' id='word_1_574' title='bbox 1143 5271 1159 5294; x_wconf 88' lang='lat'><strong>,</strong></span> <span class='ocrx_word' id='word_1_575' title='bbox 1204 5232 1316 5285; x_wconf 64' lang='lat' dir='ltr'><strong>hate</strong></span> <span class='ocrx_word' id='word_1_576' title='bbox 1350 5225 1581 5285; x_wconf 78' lang='lat' dir='ltr'><strong>formula</strong></span> <span class='ocrx_word' id='word_1_577' title='bbox 1613 5225 1842 5297; x_wconf 68' lang='lat' dir='ltr'><strong>usurpa-</strong></span> 
     </span>
    </p>
   </div>
   <div class='ocr_carea' id='block_1_92' title="bbox 278 5297 1844 5369">
    <p class='ocr_par' dir='ltr' id='par_1_92' title="bbox 278 5297 1844 5369">
     <span class='ocr_line' id='line_1_92' title="bbox 278 5297 1844 5369; baseline 0.003 -20"><span class='ocrx_word' id='word_1_578' title='bbox 278 5297 458 5363; x_wconf 89' lang='lat' dir='ltr'><strong>batur,</strong></span> <span class='ocrx_word' id='word_1_579' title='bbox 500 5313 621 5369; x_wconf 67' lang='lat' dir='ltr'><strong>quae</strong></span> <span class='ocrx_word' id='word_1_580' title='bbox 664 5297 858 5369; x_wconf 80' lang='lat' dir='ltr'><strong>postea</strong></span> <span class='ocrx_word' id='word_1_581' title='bbox 895 5302 946 5354; x_wconf 94' lang='lat' dir='ltr'><strong>in</strong></span> <span class='ocrx_word' id='word_1_582' title='bbox 992 5301 1140 5356; x_wconf 84' lang='lat' dir='ltr'><strong>libris</strong></span> <span class='ocrx_word' id='word_1_583' title='bbox 1171 5312 1383 5356; x_wconf 88' lang='lat' dir='ltr'><strong>servata</strong></span> <span class='ocrx_word' id='word_1_584' title='bbox 1419 5310 1538 5365; x_wconf 91' lang='lat' dir='ltr'><strong>est,</strong></span> <span class='ocrx_word' id='word_1_585' title='bbox 1578 5300 1844 5367; x_wconf 72' lang='lat' dir='ltr'><strong>adiunctis</strong></span> 
     </span>
    </p>
   </div>
   <div class='ocr_carea' id='block_1_93' title="bbox 278 5367 1846 5440">
    <p class='ocr_par' dir='ltr' id='par_1_93' title="bbox 278 5367 1846 5440">
     <span class='ocr_line' id='line_1_93' title="bbox 278 5367 1846 5440; baseline 0.004 -22"><span class='ocrx_word' id='word_1_586' title='bbox 278 5376 460 5421; x_wconf 86' lang='lat' dir='ltr'><strong>tamen</strong></span> <span class='ocrx_word' id='word_1_587' title='bbox 489 5367 679 5440; x_wconf 55' lang='lat' dir='ltr'><strong>verbis</strong></span> <span class='ocrx_word' id='word_1_588' title='bbox 708 5369 938 5435; x_wconf 86' lang='lat' dir='ltr'><strong>ultimis,</strong></span> <span class='ocrx_word' id='word_1_589' title='bbox 964 5372 1086 5439; x_wconf 83' lang='lat' dir='ltr'><strong>quia</strong></span> <span class='ocrx_word' id='word_1_590' title='bbox 1116 5387 1208 5439; x_wconf 89' lang='lat' dir='ltr'><strong>pro</strong></span> <span class='ocrx_word' id='word_1_591' title='bbox 1234 5372 1598 5440; x_wconf 89' lang='lat' dir='ltr'><strong>principibus,</strong></span> <span class='ocrx_word' id='word_1_592' title='bbox 1631 5370 1846 5439; x_wconf 78' lang='lat' dir='ltr'><strong>quales-</strong></span> 
     </span>
    </p>
   </div>
   <div class='ocr_carea' id='block_1_94' title="bbox 276 5438 1846 5508">
    <p class='ocr_par' dir='ltr' id='par_1_94' title="bbox 276 5438 1846 5508">
     <span class='ocr_line' id='line_1_94' title="bbox 276 5438 1846 5508; baseline 0.005 -19"><span class='ocrx_word' id='word_1_593' title='bbox 276 5450 490 5506; x_wconf 87' lang='lat' dir='ltr'><strong>cunque</strong></span> <span class='ocrx_word' id='word_1_594' title='bbox 544 5438 685 5502; x_wconf 87' lang='lat' dir='ltr'><strong>sint,</strong></span> <span class='ocrx_word' id='word_1_595' title='bbox 740 5452 900 5494; x_wconf 88' lang='lat' dir='ltr'><strong>orant</strong></span> <span class='ocrx_word' id='word_1_596' title='bbox 961 5438 1300 5508; x_wconf 80' lang='lat' dir='ltr'><strong>Orientales,</strong></span> <span class='ocrx_word' id='word_1_597' title='bbox 1373 5438 1419 5496; x_wconf 86' lang='lat' dir='ltr'><strong>si</strong></span> <span class='ocrx_word' id='word_1_598' title='bbox 1493 5438 1846 5503; x_wconf 80' lang='lat' dir='ltr'><strong>Nestorianos</strong></span> 
     </span>
    </p>
   </div>
   <div class='ocr_carea' id='block_1_95' title="bbox 278 5507 1846 5583">
    <p class='ocr_par' dir='ltr' id='par_1_95' title="bbox 278 5507 1846 5583">
     <span class='ocr_line' id='line_1_95' title="bbox 278 5507 1846 5583; baseline 0.003 -24"><span class='ocrx_word' id='word_1_599' title='bbox 278 5507 598 5583; x_wconf 71' lang='lat' dir='ltr'><strong>excipimus,</strong></span> <span class='ocrx_word' id='word_1_600' title='bbox 637 5508 689 5562; x_wconf 91' lang='lat' dir='ltr'><strong>in</strong></span> <span class='ocrx_word' id='word_1_601' title='bbox 727 5524 955 5583; x_wconf 87' lang='lat' dir='ltr'><strong>quorum</strong></span> <span class='ocrx_word' id='word_1_602' title='bbox 998 5510 1247 5583; x_wconf 50' lang='lat' dir='ltr'><strong>Liturgia</strong></span> <span class='ocrx_word' id='word_1_603' title='bbox 1277 5514 1536 5568; x_wconf 90' lang='lat' dir='ltr'><strong>memoria</strong></span> <span class='ocrx_word' id='word_1_604' title='bbox 1572 5514 1632 5583; x_wconf 90' lang='lat' dir='ltr'><strong>lit</strong></span> <span class='ocrx_word' id='word_1_605' title='bbox 1668 5527 1846 5581; x_wconf 83' lang='lat' dir='ltr'><strong>regum</strong></span> 
     </span>
    </p>
   </div>
   <div class='ocr_carea' id='block_1_96' title="bbox 275 5576 1844 5645">
    <p class='ocr_par' dir='ltr' id='par_1_96' title="bbox 275 5576 1844 5645">
     <span class='ocr_line' id='line_1_96' title="bbox 275 5576 1844 5645; baseline 0.005 -16"><span class='ocrx_word' id='word_1_606' title='bbox 275 5576 532 5645; x_wconf 75' lang='lat' dir='ltr'><strong>ﬁdelium,</strong></span> <span class='ocrx_word' id='word_1_607' title='bbox 570 5592 677 5633; x_wconf 85' lang='lat' dir='ltr'><strong>non</strong></span> <span class='ocrx_word' id='word_1_608' title='bbox 712 5576 961 5635; x_wconf 87' lang='lat' dir='ltr'><strong>aliorum.</strong></span> <span class='ocrx_word' id='word_1_609' title='bbox 997 5581 1071 5635; x_wconf 85' lang='lat' dir='ltr'><strong>Ex</strong></span> <span class='ocrx_word' id='word_1_610' title='bbox 1109 5576 1196 5638; x_wconf 68' lang='lat' dir='ltr'><strong>illo</strong></span> <span class='ocrx_word' id='word_1_611' title='bbox 1221 5582 1339 5640; x_wconf 86' lang='lat' dir='ltr'><strong>loco</strong></span> <span class='ocrx_word' id='word_1_612' title='bbox 1375 5593 1517 5640; x_wconf 89' lang='lat' dir='ltr'><strong>recte</strong></span> <span class='ocrx_word' id='word_1_613' title='bbox 1545 5576 1844 5638; x_wconf 65' lang='lat' dir='ltr'><strong>Salinasius</strong></span> 
     </span>
    </p>
   </div>
   <div class='ocr_carea' id='block_1_97' title="bbox 344 5742 1106 5813">
    <p class='ocr_par' dir='ltr' id='par_1_97' title="bbox 344 5742 1106 5813">
     <span class='ocr_line' id='line_1_97' title="bbox 344 5742 1106 5813; baseline -0.008 -8"><span class='ocrx_word' id='word_1_614' title='bbox 344 5742 404 5808; x_wconf 85' lang='lat'><strong>(&#39;)</strong></span> <span class='ocrx_word' id='word_1_615' title='bbox 427 5743 556 5797; x_wconf 76' lang='lat' dir='ltr'><strong>Hist.</strong></span> <span class='ocrx_word' id='word_1_616' title='bbox 588 5749 727 5799; x_wconf 83' lang='lat' dir='ltr'><strong>Patr.</strong></span> <span class='ocrx_word' id='word_1_617' title='bbox 757 5747 895 5801; x_wconf 72' lang='lat' dir='ltr'><strong>Alex.</strong></span> <span class='ocrx_word' id='word_1_618' title='bbox 926 5764 972 5813; x_wconf 75' lang='grc' dir='ltr'><strong>ρ.</strong></span> <span class='ocrx_word' id='word_1_619' title='bbox 1001 5750 1106 5800; x_wconf 73' lang='lat'><strong>505.</strong></span> 
     </span>
    </p>
   </div>
   <div class='ocr_carea' id='block_1_98' title="bbox 1930 3338 3497 3409">
    <p class='ocr_par' dir='ltr' id='par_1_98' title="bbox 1930 3338 3497 3409">
     <span class='ocr_line' id='line_1_98' title="bbox 1930 3338 3497 3409; baseline -0.001 -14"><span class='ocrx_word' id='word_1_620' title='bbox 1930 3340 2185 3409; x_wconf 69' lang='lat' dir='ltr'><strong>Liturgize</strong></span> <span class='ocrx_word' id='word_1_621' title='bbox 2216 3341 2593 3409; x_wconf 87' lang='lat' dir='ltr'><strong>antiquitatem</strong></span> <span class='ocrx_word' id='word_1_622' title='bbox 2613 3340 2976 3403; x_wconf 88' lang='lat' dir='ltr'><strong>commendat,</strong></span> <span class='ocrx_word' id='word_1_623' title='bbox 3004 3349 3258 3407; x_wconf 88' lang='lat' dir='ltr'><strong>tanquam</strong></span> <span class='ocrx_word' id='word_1_624' title='bbox 3281 3338 3497 3408; x_wconf 81' lang='lat' dir='ltr'><strong>scriptae</strong></span> 
     </span>
    </p>
   </div>
   <div class='ocr_carea' id='block_1_99' title="bbox 1931 3408 3503 3481">
    <p class='ocr_par' dir='ltr' id='par_1_99' title="bbox 1931 3408 3503 3481">
     <span class='ocr_line' id='line_1_99' title="bbox 1931 3408 3503 3481; baseline -0.001 -18"><span class='ocrx_word' id='word_1_625' title='bbox 1931 3414 2029 3465; x_wconf 89' lang='lat' dir='ltr'><strong>sub</strong></span> <span class='ocrx_word' id='word_1_626' title='bbox 2074 3408 2401 3466; x_wconf 84' lang='lat' dir='ltr'><strong>Christianis</strong></span> <span class='ocrx_word' id='word_1_627' title='bbox 2446 3408 2740 3481; x_wconf 66' lang='lat' dir='ltr'><strong>Egyptum</strong></span> <span class='ocrx_word' id='word_1_628' title='bbox 2786 3409 3195 3481; x_wconf 86' lang='lat' dir='ltr'><strong>obtinentibus,</strong></span> <span class='ocrx_word' id='word_1_629' title='bbox 3226 3410 3356 3481; x_wconf 74' lang='lat' dir='ltr'><strong>quia</strong></span> <span class='ocrx_word' id='word_1_630' title='bbox 3406 3424 3503 3481; x_wconf 90' lang='lat' dir='ltr'><strong>pro</strong></span> 
     </span>
    </p>
   </div>
   <div class='ocr_carea' id='block_1_100' title="bbox 1935 3478 3503 3551">
    <p class='ocr_par' dir='ltr' id='par_1_100' title="bbox 1935 3478 3503 3551">
     <span class='ocr_line' id='line_1_100' title="bbox 1935 3478 3503 3551; baseline -0.003 -16"><span class='ocrx_word' id='word_1_631' title='bbox 1935 3482 2041 3535; x_wconf 91' lang='lat' dir='ltr'><strong>illis</strong></span> <span class='ocrx_word' id='word_1_632' title='bbox 2070 3492 2280 3546; x_wconf 88' lang='lat' dir='ltr'><strong>oratur,</strong></span> <span class='ocrx_word' id='word_1_633' title='bbox 2322 3492 2377 3537; x_wconf 91' lang='lat' dir='ltr'><strong>et</strong></span> <span class='ocrx_word' id='word_1_634' title='bbox 2415 3478 2537 3535; x_wconf 85' lang='lat' dir='ltr'><strong>illis</strong></span> <span class='ocrx_word' id='word_1_635' title='bbox 2558 3478 2648 3549; x_wconf 77' lang='lat' dir='ltr'><strong>qui</strong></span> <span class='ocrx_word' id='word_1_636' title='bbox 2696 3489 2823 3534; x_wconf 90' lang='lat' dir='ltr'><strong>sunt</strong></span> <span class='ocrx_word' id='word_1_637' title='bbox 2855 3482 2905 3535; x_wconf 92' lang='lat' dir='ltr'><strong>in</strong></span> <span class='ocrx_word' id='word_1_638' title='bbox 2955 3480 3173 3551; x_wconf 87' lang='lat' dir='ltr'><strong>palatio.</strong></span> <span class='ocrx_word' id='word_1_639' title='bbox 3216 3478 3321 3533; x_wconf 89' lang='lat' dir='ltr'><strong>Sed</strong></span> <span class='ocrx_word' id='word_1_640' title='bbox 3357 3480 3503 3547; x_wconf 86' lang='lat' dir='ltr'><strong>pala-</strong></span> 
     </span>
    </p>
   </div>
   <div class='ocr_carea' id='block_1_101' title="bbox 1937 3550 3505 3622">
    <p class='ocr_par' dir='ltr' id='par_1_101' title="bbox 1937 3550 3505 3622">
     <span class='ocr_line' id='line_1_101' title="bbox 1937 3550 3505 3622; baseline -0.001 -17"><span class='ocrx_word' id='word_1_641' title='bbox 1937 3553 2071 3605; x_wconf 92' lang='lat' dir='ltr'><strong>tium</strong></span> <span class='ocrx_word' id='word_1_642' title='bbox 2124 3568 2230 3607; x_wconf 91' lang='lat' dir='ltr'><strong>non</strong></span> <span class='ocrx_word' id='word_1_643' title='bbox 2276 3553 2448 3622; x_wconf 84' lang='lat' dir='ltr'><strong>magis</strong></span> <span class='ocrx_word' id='word_1_644' title='bbox 2494 3551 2838 3622; x_wconf 86' lang='lat' dir='ltr'><strong>Christianos</strong></span> <span class='ocrx_word' id='word_1_645' title='bbox 2872 3550 3055 3622; x_wconf 21' lang='lat' dir='ltr'><strong>quam”</strong></span> <span class='ocrx_word' id='word_1_646' title='bbox 3085 3550 3505 3622; x_wconf 78' lang='lat' dir='ltr'><strong>Multamedanos</strong></span> 
     </span>
    </p>
   </div>
   <div class='ocr_carea' id='block_1_102' title="bbox 1945 3620 3505 3692">
    <p class='ocr_par' dir='ltr' id='par_1_102' title="bbox 1945 3620 3505 3692">
     <span class='ocr_line' id='line_1_102' title="bbox 1945 3620 3505 3692; baseline -0.001 -18"><span class='ocrx_word' id='word_1_647' title='bbox 1945 3622 2217 3692; x_wconf 89' lang='lat' dir='ltr'><strong>principes</strong></span> <span class='ocrx_word' id='word_1_648' title='bbox 2248 3620 2525 3691; x_wconf 72' lang='lat' dir='ltr'><strong>designat,</strong></span> <span class='ocrx_word' id='word_1_649' title='bbox 2555 3636 2734 3692; x_wconf 82' lang='lat' dir='ltr'><strong>neque</strong></span> <span class='ocrx_word' id='word_1_650' title='bbox 2776 3620 2841 3674; x_wconf 89' lang='lat' dir='ltr'><strong>ad</strong></span> <span class='ocrx_word' id='word_1_651' title='bbox 2894 3620 3148 3692; x_wconf 82' lang='lat' dir='ltr'><strong>lamiliam</strong></span> <span class='ocrx_word' id='word_1_652' title='bbox 3189 3620 3389 3689; x_wconf 86' lang='lat' dir='ltr'><strong>regiam</strong></span> <span class='ocrx_word' id='word_1_653' title='bbox 3416 3633 3505 3673; x_wconf 82' lang='lat' dir='ltr'><strong>re-</strong></span> 
     </span>
    </p>
   </div>
   <div class='ocr_carea' id='block_1_103' title="bbox 1942 3690 3504 3755">
    <p class='ocr_par' dir='ltr' id='par_1_103' title="bbox 1942 3690 3504 3755">
     <span class='ocr_line' id='line_1_103' title="bbox 1942 3690 3504 3755; baseline -0.002 -11"><span class='ocrx_word' id='word_1_654' title='bbox 1942 3691 2069 3745; x_wconf 87' lang='lat' dir='ltr'><strong>ferri</strong></span> <span class='ocrx_word' id='word_1_655' title='bbox 2104 3690 2303 3755; x_wconf 89' lang='lat' dir='ltr'><strong>debet,</strong></span> <span class='ocrx_word' id='word_1_656' title='bbox 2359 3690 2452 3746; x_wconf 83' lang='lat' dir='ltr'><strong>Sed</strong></span> <span class='ocrx_word' id='word_1_657' title='bbox 2499 3691 2565 3744; x_wconf 90' lang='lat' dir='ltr'><strong>ad</strong></span> <span class='ocrx_word' id='word_1_658' title='bbox 2614 3690 2808 3744; x_wconf 80' lang='lat' dir='ltr'><strong>fratres</strong></span> <span class='ocrx_word' id='word_1_659' title='bbox 2861 3691 3229 3752; x_wconf 85' lang='lat' dir='ltr'><strong>orthodoxos,</strong></span> <span class='ocrx_word' id='word_1_660' title='bbox 3276 3692 3375 3742; x_wconf 91' lang='lat' dir='ltr'><strong>hoc</strong></span> <span class='ocrx_word' id='word_1_661' title='bbox 3421 3699 3504 3743; x_wconf 87' lang='lat' dir='ltr'><strong>est</strong></span> 
     </span>
    </p>
   </div>
   <div class='ocr_carea' id='block_1_104' title="bbox 1940 3759 3504 3828">
    <p class='ocr_par' dir='ltr' id='par_1_104' title="bbox 1940 3759 3504 3828">
     <span class='ocr_line' id='line_1_104' title="bbox 1940 3759 3504 3828; baseline -0.003 -12"><span class='ocrx_word' id='word_1_662' title='bbox 1940 3760 2210 3817; x_wconf 69' lang='lat' dir='ltr'><strong>Jacobitas</strong></span> <span class='ocrx_word' id='word_1_663' title='bbox 2233 3761 2595 3822; x_wconf 88' lang='lat' dir='ltr'><strong>Christianos.</strong></span> <span class='ocrx_word' id='word_1_664' title='bbox 2627 3762 2719 3828; x_wconf 86' lang='lat' dir='ltr'><strong>qui</strong></span> <span class='ocrx_word' id='word_1_665' title='bbox 2767 3769 2889 3815; x_wconf 92' lang='lat' dir='ltr'><strong>tunc</strong></span> <span class='ocrx_word' id='word_1_666' title='bbox 2918 3771 3073 3815; x_wconf 88' lang='lat' dir='ltr'><strong>erant</strong></span> <span class='ocrx_word' id='word_1_667' title='bbox 3106 3761 3158 3813; x_wconf 92' lang='lat' dir='ltr'><strong>in</strong></span> <span class='ocrx_word' id='word_1_668' title='bbox 3192 3759 3367 3812; x_wconf 88' lang='lat' dir='ltr'><strong>aulico</strong></span> <span class='ocrx_word' id='word_1_669' title='bbox 3400 3761 3504 3811; x_wconf 87' lang='lat' dir='ltr'><strong>mi-</strong></span> 
     </span>
    </p>
   </div>
   <div class='ocr_carea' id='block_1_105' title="bbox 1944 3829 3504 3899">
    <p class='ocr_par' dir='ltr' id='par_1_105' title="bbox 1944 3829 3504 3899">
     <span class='ocr_line' id='line_1_105' title="bbox 1944 3829 3504 3899; baseline -0.003 -14"><span class='ocrx_word' id='word_1_670' title='bbox 1944 3833 2191 3887; x_wconf 83' lang='lat' dir='ltr'><strong>nisterio.</strong></span> <span class='ocrx_word' id='word_1_671' title='bbox 2225 3831 2417 3887; x_wconf 87' lang='lat' dir='ltr'><strong>Multos</strong></span> <span class='ocrx_word' id='word_1_672' title='bbox 2443 3832 2585 3887; x_wconf 91' lang='lat' dir='ltr'><strong>enim</strong></span> <span class='ocrx_word' id='word_1_673' title='bbox 2626 3829 2796 3886; x_wconf 87' lang='lat' dir='ltr'><strong>fuisse</strong></span> <span class='ocrx_word' id='word_1_674' title='bbox 2827 3832 2915 3899; x_wconf 92' lang='lat' dir='ltr'><strong>qui</strong></span> <span class='ocrx_word' id='word_1_675' title='bbox 2951 3830 3273 3899; x_wconf 90' lang='lat' dir='ltr'><strong>scripturam</strong></span> <span class='ocrx_word' id='word_1_676' title='bbox 3301 3829 3352 3882; x_wconf 91' lang='lat' dir='ltr'><strong>in</strong></span> <span class='ocrx_word' id='word_1_677' title='bbox 3383 3829 3504 3880; x_wconf 82' lang='lat' dir='ltr'><strong>aula</strong></span> 
     </span>
    </p>
   </div>
   <div class='ocr_carea' id='block_1_106' title="bbox 1940 3899 3503 3968">
    <p class='ocr_par' dir='ltr' id='par_1_106' title="bbox 1940 3899 3503 3968">
     <span class='ocr_line' id='line_1_106' title="bbox 1940 3899 3503 3968; baseline -0.003 -13"><span class='ocrx_word' id='word_1_678' title='bbox 1940 3901 2159 3968; x_wconf 85' lang='lat' dir='ltr'><strong>Sullani,</strong></span> <span class='ocrx_word' id='word_1_679' title='bbox 2211 3911 2303 3956; x_wconf 91' lang='lat' dir='ltr'><strong>aut</strong></span> <span class='ocrx_word' id='word_1_680' title='bbox 2348 3902 2400 3956; x_wconf 92' lang='lat' dir='ltr'><strong>in</strong></span> <span class='ocrx_word' id='word_1_681' title='bbox 2432 3902 2630 3957; x_wconf 90' lang='lat' dir='ltr'><strong>divano</strong></span> <span class='ocrx_word' id='word_1_682' title='bbox 2665 3910 3001 3965; x_wconf 73' lang='lat' dir='ltr'><strong>exercerent,</strong></span> <span class='ocrx_word' id='word_1_683' title='bbox 3047 3908 3195 3967; x_wconf 87' lang='lat' dir='ltr'><strong>patet</strong></span> <span class='ocrx_word' id='word_1_684' title='bbox 3237 3913 3303 3954; x_wconf 85' lang='lat' dir='ltr'><strong>ex</strong></span> <span class='ocrx_word' id='word_1_685' title='bbox 3335 3899 3503 3952; x_wconf 87' lang='lat' dir='ltr'><strong>variis</strong></span> 
     </span>
    </p>
   </div>
   <div class='ocr_carea' id='block_1_107' title="bbox 1945 3969 3506 4040">
    <p class='ocr_par' dir='ltr' id='par_1_107' title="bbox 1945 3969 3506 4040">
     <span class='ocr_line' id='line_1_107' title="bbox 1945 3969 3506 4040; baseline -0.003 -15"><span class='ocrx_word' id='word_1_686' title='bbox 1945 3973 2185 4027; x_wconf 84' lang='lat' dir='ltr'><strong>historiae</strong></span> <span class='ocrx_word' id='word_1_687' title='bbox 2214 3972 2592 4026; x_wconf 83' lang='lat' dir='ltr'><strong>Alexandrinae</strong></span> <span class='ocrx_word' id='word_1_688' title='bbox 2615 3971 2747 4025; x_wconf 88' lang='lat' dir='ltr'><strong>locis</strong></span> <span class='ocrx_word' id='word_1_689' title='bbox 2767 4011 2780 4034; x_wconf 93' lang='lat'><strong>,</strong></span> <span class='ocrx_word' id='word_1_690' title='bbox 2810 3971 2953 4040; x_wconf 92' lang='lat' dir='ltr'><strong>quod</strong></span> <span class='ocrx_word' id='word_1_691' title='bbox 2979 3971 3180 4040; x_wconf 89' lang='lat' dir='ltr'><strong>pariter</strong></span> <span class='ocrx_word' id='word_1_692' title='bbox 3209 3969 3506 4040; x_wconf 78' lang='lat' dir='ltr'><strong>Stepissime</strong></span> 
     </span>
    </p>
   </div>
   <div class='ocr_carea' id='block_1_108' title="bbox 1942 4039 3503 4112">
    <p class='ocr_par' dir='ltr' id='par_1_108' title="bbox 1942 4039 3503 4112">
     <span class='ocr_line' id='line_1_108' title="bbox 1942 4039 3503 4112; baseline -0.003 -17"><span class='ocrx_word' id='word_1_693' title='bbox 1942 4042 2170 4112; x_wconf 75' lang='lat' dir='ltr'><strong>contigit</strong></span> <span class='ocrx_word' id='word_1_694' title='bbox 2213 4044 2265 4096; x_wconf 93' lang='lat' dir='ltr'><strong>in</strong></span> <span class='ocrx_word' id='word_1_695' title='bbox 2298 4042 2418 4096; x_wconf 87' lang='lat' dir='ltr'><strong>aula</strong></span> <span class='ocrx_word' id='word_1_696' title='bbox 2463 4042 2831 4112; x_wconf 80' lang='lat' dir='ltr'><strong>Bagdadensi,</strong></span> <span class='ocrx_word' id='word_1_697' title='bbox 2875 4040 2965 4094; x_wconf 91' lang='lat' dir='ltr'><strong>ubi</strong></span> <span class='ocrx_word' id='word_1_698' title='bbox 3005 4039 3503 4112; x_wconf 63' lang='lat' dir='ltr'><strong>multi&#39;Christiani</strong></span> 
     </span>
    </p>
   </div>
   <div class='ocr_carea' id='block_1_109' title="bbox 1945 4107 3501 4192">
    <p class='ocr_par' dir='ltr' id='par_1_109' title="bbox 1945 4107 3501 4192">
     <span class='ocr_line' id='line_1_109' title="bbox 1945 4107 3501 4192; baseline -0.002 -30"><span class='ocrx_word' id='word_1_699' title='bbox 1945 4107 2302 4192; x_wconf 40' lang='lat' dir='ltr'><strong>inagna-apud</strong></span> <span class='ocrx_word' id='word_1_700' title='bbox 2334 4107 2596 4192; x_wconf 77' lang='lat' dir='ltr'><strong>quosdam</strong></span> <span class='ocrx_word' id='word_1_701' title='bbox 2622 4111 2809 4192; x_wconf 65' lang='lat' dir='ltr'><strong>califas</strong></span> <span class='ocrx_word' id='word_1_702' title='bbox 2834 4109 3157 4192; x_wconf 81' lang='lat' dir='ltr'><strong>auctoritate</strong></span> <span class='ocrx_word' id='word_1_703' title='bbox 3184 4107 3501 4192; x_wconf 58' lang='lat' dir='ltr'><strong>ﬂoruerunt,</strong></span> 
     </span>
    </p>
   </div>
   <div class='ocr_carea' id='block_1_110' title="bbox 1882 4178 3503 4251">
    <p class='ocr_par' dir='ltr' id='par_1_110' title="bbox 1882 4178 3503 4251">
     <span class='ocr_line' id='line_1_110' title="bbox 1882 4178 3503 4251; baseline -0.004 -16"><span class='ocrx_word' id='word_1_704' title='bbox 1882 4234 1887 4235; x_wconf 63' lang='lat'><strong>,</strong></span> <span class='ocrx_word' id='word_1_705' title='bbox 1944 4178 2248 4251; x_wconf 59' lang='lat' dir='ltr'><strong>Ifles&#39;toriaiti</strong></span> <span class='ocrx_word' id='word_1_706' title='bbox 2293 4178 2581 4251; x_wconf 59' lang='lat' dir='ltr'><strong>praecipue.</strong></span> <span class='ocrx_word' id='word_1_707' title='bbox 2633 4181 2768 4234; x_wconf 88' lang='lat' dir='ltr'><strong>llinc</strong></span> <span class='ocrx_word' id='word_1_708' title='bbox 2799 4194 2937 4246; x_wconf 71' lang='lat' dir='ltr'><strong>smpe</strong></span> <span class='ocrx_word' id='word_1_709' title='bbox 2966 4187 3200 4251; x_wconf 81' lang='lat' dir='ltr'><strong>utraque</strong></span> <span class='ocrx_word' id='word_1_710' title='bbox 3227 4178 3464 4251; x_wconf 73' lang='lat' dir='ltr'><strong>Ecclesia</strong></span> <span class='ocrx_word' id='word_1_711' title='bbox 3486 4217 3503 4241; x_wconf 89' lang='lat'><strong>,</strong></span> 
     </span>
    </p>
   </div>
   <div class='ocr_carea' id='block_1_111' title="bbox 1943 4246 3504 4328">
    <p class='ocr_par' dir='ltr' id='par_1_111' title="bbox 1943 4246 3504 4328">
     <span class='ocr_line' id='line_1_111' title="bbox 1943 4246 3504 4328; baseline -0.003 -25"><span class='ocrx_word' id='word_1_712' title='bbox 1943 4249 2238 4328; x_wconf 75' lang='lat' dir='ltr'><strong>Jacobitica</strong></span> <span class='ocrx_word' id='word_1_713' title='bbox 2268 4246 2322 4306; x_wconf 79' lang='lat' dir='ltr'><strong>et</strong></span> <span class='ocrx_word' id='word_1_714' title='bbox 2364 4251 2717 4328; x_wconf 38' lang='lat' dir='ltr'><strong>Nestori-ana,</strong></span> <span class='ocrx_word' id='word_1_715' title='bbox 2762 4248 3009 4328; x_wconf 57' lang='lat' dir='ltr'><strong>masimis</strong></span> <span class='ocrx_word' id='word_1_716' title='bbox 3041 4246 3213 4301; x_wconf 81' lang='lat' dir='ltr'><strong>turbis</strong></span> <span class='ocrx_word' id='word_1_717' title='bbox 3251 4246 3504 4328; x_wconf 55' lang='lat' dir='ltr'><strong>per&#39;illo-</strong></span> 
     </span>
    </p>
   </div>
   <div class='ocr_carea' id='block_1_112' title="bbox 1946 4313 3506 4386">
    <p class='ocr_par' dir='ltr' id='par_1_112' title="bbox 1946 4313 3506 4386">
     <span class='ocr_line' id='line_1_112' title="bbox 1946 4313 3506 4386; baseline -0.003 -13"><span class='ocrx_word' id='word_1_718' title='bbox 1946 4336 2063 4374; x_wconf 85' lang='lat' dir='ltr'><strong>runt</strong></span> <span class='ocrx_word' id='word_1_719' title='bbox 2095 4322 2371 4376; x_wconf 89' lang='lat' dir='ltr'><strong>hominum</strong></span> <span class='ocrx_word' id='word_1_720' title='bbox 2400 4320 2748 4373; x_wconf 88' lang='lat' dir='ltr'><strong>ambitionem</strong></span> <span class='ocrx_word' id='word_1_721' title='bbox 2781 4318 2980 4386; x_wconf 83' lang='lat' dir='ltr'><strong>agitata</strong></span> <span class='ocrx_word' id='word_1_722' title='bbox 3010 4328 3092 4370; x_wconf 91' lang='lat' dir='ltr'><strong>est</strong></span> <span class='ocrx_word' id='word_1_723' title='bbox 3124 4335 3137 4371; x_wconf 93' lang='lat'><strong>:</strong></span> <span class='ocrx_word' id='word_1_724' title='bbox 3170 4328 3223 4370; x_wconf 92' lang='lat' dir='ltr'><strong>et</strong></span> <span class='ocrx_word' id='word_1_725' title='bbox 3251 4313 3305 4369; x_wconf 88' lang='lat' dir='ltr'><strong>in</strong></span> <span class='ocrx_word' id='word_1_726' title='bbox 3336 4313 3506 4384; x_wconf 71' lang='lat' dir='ltr'><strong>Egy—</strong></span> 
     </span>
    </p>
   </div>
   <div class='ocr_carea' id='block_1_113' title="bbox 1946 4386 3503 4458">
    <p class='ocr_par' dir='ltr' id='par_1_113' title="bbox 1946 4386 3503 4458">
     <span class='ocr_line' id='line_1_113' title="bbox 1946 4386 3503 4458; baseline 0 -19"><span class='ocrx_word' id='word_1_727' title='bbox 1946 4400 2033 4458; x_wconf 77' lang='lat' dir='ltr'><strong>pto</strong></span> <span class='ocrx_word' id='word_1_728' title='bbox 2061 4392 2161 4445; x_wconf 91' lang='lat' dir='ltr'><strong>sub</strong></span> <span class='ocrx_word' id='word_1_729' title='bbox 2207 4391 2411 4445; x_wconf 90' lang='lat' dir='ltr'><strong>ultimis</strong></span> <span class='ocrx_word' id='word_1_730' title='bbox 2447 4388 2711 4450; x_wconf 88' lang='lat' dir='ltr'><strong>sultanis,</strong></span> <span class='ocrx_word' id='word_1_731' title='bbox 2740 4387 2934 4441; x_wconf 88' lang='lat' dir='ltr'><strong>Turcis</strong></span> <span class='ocrx_word' id='word_1_732' title='bbox 2962 4396 3014 4440; x_wconf 87' lang='lat' dir='ltr'><strong>et</strong></span> <span class='ocrx_word' id='word_1_733' title='bbox 3040 4386 3334 4451; x_wconf 86' lang='lat' dir='ltr'><strong>Circassis,</strong></span> <span class='ocrx_word' id='word_1_734' title='bbox 3366 4400 3503 4458; x_wconf 84' lang='lat' dir='ltr'><strong>quos</strong></span> 
     </span>
    </p>
   </div>
   <div class='ocr_carea' id='block_1_114' title="bbox 1943 4455 3507 4524">
    <p class='ocr_par' dir='ltr' id='par_1_114' title="bbox 1943 4455 3507 4524">
     <span class='ocr_line' id='line_1_114' title="bbox 1943 4455 3507 4524; baseline -0.004 -11"><span class='ocrx_word' id='word_1_735' title='bbox 1943 4455 2268 4516; x_wconf 78' lang='lat' dir='ltr'><strong>Mamalneos</strong></span> <span class='ocrx_word' id='word_1_736' title='bbox 2313 4467 2545 4520; x_wconf 90' lang='lat' dir='ltr'><strong>vocant,</strong></span> <span class='ocrx_word' id='word_1_737' title='bbox 2584 4458 2884 4512; x_wconf 66' lang='lat' dir='ltr'><strong>durissimae</strong></span> <span class='ocrx_word' id='word_1_738' title='bbox 2911 4458 3315 4524; x_wconf 83' lang='lat' dir='ltr'><strong>persecutiones</strong></span> <span class='ocrx_word' id='word_1_739' title='bbox 3359 4455 3507 4509; x_wconf 80' lang='lat' dir='ltr'><strong>esci-</strong></span> 
     </span>
    </p>
   </div>
   <div class='ocr_carea' id='block_1_115' title="bbox 1948 4523 3503 4596">
    <p class='ocr_par' dir='ltr' id='par_1_115' title="bbox 1948 4523 3503 4596">
     <span class='ocr_line' id='line_1_115' title="bbox 1948 4523 3503 4596; baseline -0.004 -13"><span class='ocrx_word' id='word_1_740' title='bbox 1948 4540 2068 4585; x_wconf 67' lang='lat' dir='ltr'><strong>tatte</strong></span> <span class='ocrx_word' id='word_1_741' title='bbox 2096 4540 2238 4584; x_wconf 92' lang='lat' dir='ltr'><strong>sunt.</strong></span> <span class='ocrx_word' id='word_1_742' title='bbox 2280 4529 2448 4596; x_wconf 87' lang='lat' dir='ltr'><strong>Quam</strong></span> <span class='ocrx_word' id='word_1_743' title='bbox 2481 4529 2761 4596; x_wconf 84' lang='lat' dir='ltr'><strong>lectionem</strong></span> <span class='ocrx_word' id='word_1_744' title='bbox 2798 4523 3012 4596; x_wconf 76' lang='lat' dir='ltr'><strong>secutus</strong></span> <span class='ocrx_word' id='word_1_745' title='bbox 3052 4524 3213 4596; x_wconf 86' lang='lat' dir='ltr'><strong>fuerit</strong></span> <span class='ocrx_word' id='word_1_746' title='bbox 3238 4523 3503 4596; x_wconf 82' lang='lat' dir='ltr'><strong>Maronita</strong></span> 
     </span>
    </p>
   </div>
   <div class='ocr_carea' id='block_1_116' title="bbox 1943 4594 3508 4668">
    <p class='ocr_par' dir='ltr' id='par_1_116' title="bbox 1943 4594 3508 4668">
     <span class='ocr_line' id='line_1_116' title="bbox 1943 4594 3508 4668; baseline -0.004 -15"><span class='ocrx_word' id='word_1_747' title='bbox 1943 4599 2212 4668; x_wconf 88' lang='lat' dir='ltr'><strong>interpres</strong></span> <span class='ocrx_word' id='word_1_748' title='bbox 2238 4594 2357 4653; x_wconf 72' lang='lat' dir='ltr'><strong>cuin</strong></span> <span class='ocrx_word' id='word_1_749' title='bbox 2391 4599 2549 4651; x_wconf 88' lang='lat' dir='ltr'><strong>vertit</strong></span> <span class='ocrx_word' id='word_1_750' title='bbox 2580 4615 2593 4651; x_wconf 91' lang='lat'>:</span> <span class='ocrx_word' id='word_1_751' title='bbox 2628 4595 2910 4668; x_wconf 76' lang='lat' dir='ltr'><strong>Memento,</strong></span> <span class='ocrx_word' id='word_1_752' title='bbox 2943 4594 3182 4660; x_wconf 85' lang='lat' dir='ltr'><strong>Domine,</strong></span> <span class='ocrx_word' id='word_1_753' title='bbox 3213 4611 3387 4668; x_wconf 77' lang='lat' dir='ltr'><strong>regum</strong></span> <span class='ocrx_word' id='word_1_754' title='bbox 3415 4595 3508 4662; x_wconf 79' lang='lat' dir='ltr'><strong>qui</strong></span> 
     </span>
    </p>
   </div>
   <div class='ocr_carea' id='block_1_117' title="bbox 1941 4665 3507 4737">
    <p class='ocr_par' dir='ltr' id='par_1_117' title="bbox 1941 4665 3507 4737">
     <span class='ocr_line' id='line_1_117' title="bbox 1941 4665 3507 4737; baseline -0.005 -13"><span class='ocrx_word' id='word_1_755' title='bbox 1941 4680 2060 4724; x_wconf 85' lang='lat' dir='ltr'><strong>sunt</strong></span> <span class='ocrx_word' id='word_1_756' title='bbox 2090 4665 2240 4722; x_wconf 79' lang='lat' dir='ltr'><strong>electi</strong></span> <span class='ocrx_word' id='word_1_757' title='bbox 2266 4671 2320 4723; x_wconf 81' lang='lat' dir='ltr'><strong>in</strong></span> <span class='ocrx_word' id='word_1_758' title='bbox 2354 4669 2664 4737; x_wconf 78' lang='lat' dir='ltr'><strong>perfectione</strong></span> <span class='ocrx_word' id='word_1_759' title='bbox 2697 4667 2925 4734; x_wconf 80' lang='lat' dir='ltr'><strong>pietatis,</strong></span> <span class='ocrx_word' id='word_1_760' title='bbox 2954 4674 3208 4718; x_wconf 78' lang='lat' dir='ltr'><strong>eteorum</strong></span> <span class='ocrx_word' id='word_1_761' title='bbox 3247 4665 3336 4737; x_wconf 76' lang='lat' dir='ltr'><strong>qui</strong></span> <span class='ocrx_word' id='word_1_762' title='bbox 3381 4673 3507 4737; x_wconf 75' lang='lat' dir='ltr'><strong>sunt</strong></span> 
     </span>
    </p>
   </div>
   <div class='ocr_carea' id='block_1_118' title="bbox 1942 4735 3507 4808">
    <p class='ocr_par' dir='ltr' id='par_1_118' title="bbox 1942 4735 3507 4808">
     <span class='ocr_line' id='line_1_118' title="bbox 1942 4735 3507 4808; baseline -0.004 -15"><span class='ocrx_word' id='word_1_763' title='bbox 1942 4739 2196 4808; x_wconf 77' lang='lat' dir='ltr'><strong>eligendi,</strong></span> <span class='ocrx_word' id='word_1_764' title='bbox 2224 4754 2328 4793; x_wconf 86' lang='lat' dir='ltr'><strong>n0n</strong></span> <span class='ocrx_word' id='word_1_765' title='bbox 2354 4735 2486 4793; x_wconf 71' lang='lat' dir='ltr'><strong>Satis</strong></span> <span class='ocrx_word' id='word_1_766' title='bbox 2512 4736 2850 4806; x_wconf 82' lang='lat' dir='ltr'><strong>intelligitur,</strong></span> <span class='ocrx_word' id='word_1_767' title='bbox 2897 4751 3019 4808; x_wconf 80' lang='lat' dir='ltr'><strong>cum</strong></span> <span class='ocrx_word' id='word_1_768' title='bbox 3065 4735 3385 4808; x_wconf 81' lang='lat' dir='ltr'><strong>sententiam</strong></span> <span class='ocrx_word' id='word_1_769' title='bbox 3428 4735 3507 4787; x_wconf 87' lang='lat' dir='ltr'><strong>si-</strong></span> 
     </span>
    </p>
   </div>
   <div class='ocr_carea' id='block_1_119' title="bbox 1945 4806 3507 4932">
    <p class='ocr_par' dir='ltr' id='par_1_119' title="bbox 1945 4806 3507 4932">
     <span class='ocr_line' id='line_1_119' title="bbox 1945 4806 3507 4932; baseline -0.003 -69"><span class='ocrx_word' id='word_1_770' title='bbox 1945 4806 2127 4932; x_wconf 65' lang='lat' dir='ltr'><strong>tqlilem</strong></span> <span class='ocrx_word' id='word_1_771' title='bbox 2194 4824 2366 4879; x_wconf 89' lang='lat' dir='ltr'><strong>neque</strong></span> <span class='ocrx_word' id='word_1_772' title='bbox 2421 4809 2677 4877; x_wconf 79' lang='lat' dir='ltr'><strong>Copticus</strong></span> <span class='ocrx_word' id='word_1_773' title='bbox 2742 4821 2917 4876; x_wconf 86' lang='lat' dir='ltr'><strong>neque</strong></span> <span class='ocrx_word' id='word_1_774' title='bbox 2985 4806 3250 4861; x_wconf 82' lang='lat' dir='ltr'><strong>Arabicus</strong></span> <span class='ocrx_word' id='word_1_775' title='bbox 3329 4814 3507 4858; x_wconf 78' lang='lat' dir='ltr'><strong>textus</strong></span> 
     </span>
     <span class='ocr_line' id='line_1_120' title="bbox 1945 4887 2190 4932; baseline 0 0"><span class='ocrx_word' id='word_1_776' title='bbox 1945 4899 1975 4932; x_wconf 88' lang='grc' dir='ltr'>υ</span> <span class='ocrx_word' id='word_1_777' title='bbox 2017 4887 2190 4932; x_wconf 86' lang='lat' dir='ltr'><strong>erant.</strong></span> 
     </span>
    </p>
   </div>
   <div class='ocr_carea' id='block_1_120' title="bbox 1942 4887 2190 4934">
    <p class='ocr_par' dir='ltr' id='par_1_120' title="bbox 1942 4887 2190 4934">
     <span class='ocr_line' id='line_1_121' title="bbox 1942 4887 2190 4934; baseline 0 -1"><span class='ocrx_word' id='word_1_778' title='bbox 1942 4887 2190 4934; x_wconf 76' lang='lat' dir='ltr'><strong>offerant.</strong></span> 
     </span>
    </p>
   </div>
   <div class='ocr_carea' id='block_1_121' title="bbox 2020 4945 3509 5020">
    <p class='ocr_par' dir='ltr' id='par_1_121' title="bbox 2020 4945 3509 5020">
     <span class='ocr_line' id='line_1_122' title="bbox 2020 4945 3509 5020; baseline -0.004 -17"><span class='ocrx_word' id='word_1_779' title='bbox 2020 4949 2131 5020; x_wconf 78' lang='grc'>(10)</span> <span class='ocrx_word' id='word_1_780' title='bbox 2175 4947 2299 5004; x_wconf 70' lang='lat' dir='ltr'><strong>ﬂzec</strong></span> <span class='ocrx_word' id='word_1_781' title='bbox 2337 4946 2549 5004; x_wconf 90' lang='lat' dir='ltr'><strong>diaconi</strong></span> <span class='ocrx_word' id='word_1_782' title='bbox 2587 4946 2823 5020; x_wconf 81' lang='lat' dir='ltr'><strong>hortatio</strong></span> <span class='ocrx_word' id='word_1_783' title='bbox 2859 4946 2914 5020; x_wconf 84' lang='lat' dir='ltr'><strong>in</strong></span> <span class='ocrx_word' id='word_1_784' title='bbox 2962 4945 3148 5001; x_wconf 91' lang='lat' dir='ltr'><strong>codice</strong></span> <span class='ocrx_word' id='word_1_785' title='bbox 3180 4945 3370 5020; x_wconf 64' lang='lat' dir='ltr'><strong>Graeco</strong></span> <span class='ocrx_word' id='word_1_786' title='bbox 3400 4959 3509 5020; x_wconf 87' lang='lat' dir='ltr'><strong>non</strong></span> 
     </span>
    </p>
   </div>
   <div class='ocr_carea' id='block_1_122' title="bbox 1944 5015 3510 5089">
    <p class='ocr_par' dir='ltr' id='par_1_122' title="bbox 1944 5015 3510 5089">
     <span class='ocr_line' id='line_1_123' title="bbox 1944 5015 3510 5089; baseline -0.001 -18"><span class='ocrx_word' id='word_1_787' title='bbox 1944 5015 2184 5075; x_wconf 81' lang='lat' dir='ltr'><strong>occurrit</strong></span> <span class='ocrx_word' id='word_1_788' title='bbox 2211 5038 2225 5073; x_wconf 90' lang='lat'><strong>:</strong></span> <span class='ocrx_word' id='word_1_789' title='bbox 2261 5020 2344 5089; x_wconf 90' lang='lat' dir='ltr'><strong>pia</strong></span> <span class='ocrx_word' id='word_1_790' title='bbox 2376 5033 2505 5073; x_wconf 90' lang='lat' dir='ltr'><strong>sane</strong></span> <span class='ocrx_word' id='word_1_791' title='bbox 2551 5026 2607 5072; x_wconf 91' lang='lat' dir='ltr'><strong>et</strong></span> <span class='ocrx_word' id='word_1_792' title='bbox 2631 5016 2922 5087; x_wconf 79' lang='lat' dir='ltr'><strong>singularis</strong></span> <span class='ocrx_word' id='word_1_793' title='bbox 2943 5056 2961 5084; x_wconf 89' lang='lat'><strong>,</strong></span> <span class='ocrx_word' id='word_1_794' title='bbox 2990 5030 3153 5087; x_wconf 87' lang='lat' dir='ltr'><strong>quant</strong></span> <span class='ocrx_word' id='word_1_795' title='bbox 3180 5030 3249 5069; x_wconf 78' lang='lat' dir='ltr'><strong>ex</strong></span> <span class='ocrx_word' id='word_1_796' title='bbox 3285 5015 3510 5084; x_wconf 84' lang='lat' dir='ltr'><strong>Coptica</strong></span> 
     </span>
    </p>
   </div>
   <div class='ocr_carea' id='block_1_123' title="bbox 1945 5088 3512 5158">
    <p class='ocr_par' dir='ltr' id='par_1_123' title="bbox 1945 5088 3512 5158">
     <span class='ocr_line' id='line_1_124' title="bbox 1945 5088 3512 5158; baseline -0.004 -14"><span class='ocrx_word' id='word_1_797' title='bbox 1945 5091 2122 5158; x_wconf 79' lang='lat' dir='ltr'><strong>lingua</strong></span> <span class='ocrx_word' id='word_1_798' title='bbox 2149 5093 2213 5144; x_wconf 87' lang='lat' dir='ltr'><strong>ad</strong></span> <span class='ocrx_word' id='word_1_799' title='bbox 2254 5091 2474 5144; x_wconf 74' lang='lat' dir='ltr'><strong>Verbum</strong></span> <span class='ocrx_word' id='word_1_800' title='bbox 2512 5089 2842 5156; x_wconf 87' lang='lat' dir='ltr'><strong>interpretati</strong></span> <span class='ocrx_word' id='word_1_801' title='bbox 2882 5101 3095 5158; x_wconf 87' lang='lat' dir='ltr'><strong>sumus,</strong></span> <span class='ocrx_word' id='word_1_802' title='bbox 3130 5088 3512 5158; x_wconf 72' lang='lat' dir='ltr'><strong>consentiente</strong></span> 
     </span>
    </p>
   </div>
   <div class='ocr_carea' id='block_1_124' title="bbox 1943 5156 3511 5225">
    <p class='ocr_par' dir='ltr' id='par_1_124' title="bbox 1943 5156 3511 5225">
     <span class='ocr_line' id='line_1_125' title="bbox 1943 5156 3511 5225; baseline -0.004 -10"><span class='ocrx_word' id='word_1_803' title='bbox 1943 5156 2170 5215; x_wconf 83' lang='lat' dir='ltr'><strong>Arabica</strong></span> <span class='ocrx_word' id='word_1_804' title='bbox 2202 5162 2465 5215; x_wconf 89' lang='lat' dir='ltr'><strong>versione.</strong></span> <span class='ocrx_word' id='word_1_805' title='bbox 2494 5158 2550 5211; x_wconf 92' lang='lat' dir='ltr'><strong>lu</strong></span> <span class='ocrx_word' id='word_1_806' title='bbox 2584 5173 2690 5212; x_wconf 90' lang='lat' dir='ltr'><strong>uno</strong></span> <span class='ocrx_word' id='word_1_807' title='bbox 2717 5172 2788 5213; x_wconf 79' lang='lat' dir='ltr'><strong>ex</strong></span> <span class='ocrx_word' id='word_1_808' title='bbox 2815 5157 3090 5211; x_wconf 91' lang='lat' dir='ltr'><strong>codicibus</strong></span> <span class='ocrx_word' id='word_1_809' title='bbox 3128 5156 3329 5225; x_wconf 75' lang='lat' dir='ltr'><strong>Regiis,</strong></span> <span class='ocrx_word' id='word_1_810' title='bbox 3363 5156 3511 5209; x_wconf 91' lang='lat' dir='ltr'><strong>illius</strong></span> 
     </span>
    </p>
   </div>
   <div class='ocr_carea' id='block_1_125' title="bbox 1946 5225 3510 5297">
    <p class='ocr_par' dir='ltr' id='par_1_125' title="bbox 1946 5225 3510 5297">
     <span class='ocr_line' id='line_1_126' title="bbox 1946 5225 3510 5297; baseline -0.006 -14"><span class='ocrx_word' id='word_1_811' title='bbox 1946 5232 2081 5285; x_wconf 88' lang='lat' dir='ltr'><strong>adeo</strong></span> <span class='ocrx_word' id='word_1_812' title='bbox 2125 5231 2320 5295; x_wconf 75' lang='lat' dir='ltr'><strong>legitur</strong></span> <span class='ocrx_word' id='word_1_813' title='bbox 2366 5227 2720 5297; x_wconf 88' lang='lat' dir='ltr'><strong>lormulailla</strong></span> <span class='ocrx_word' id='word_1_814' title='bbox 2771 5228 3025 5297; x_wconf 89' lang='lat' dir='ltr'><strong>frequens</strong></span> <span class='ocrx_word' id='word_1_815' title='bbox 3066 5227 3294 5280; x_wconf 83' lang='lat' dir='ltr'><strong>Adorate</strong></span> <span class='ocrx_word' id='word_1_816' title='bbox 3341 5225 3510 5277; x_wconf 85' lang='lat' dir='ltr'><strong>Deum</strong></span> 
     </span>
    </p>
   </div>
   <div class='ocr_carea' id='block_1_126' title="bbox 1945 5296 3509 5372">
    <p class='ocr_par' dir='ltr' id='par_1_126' title="bbox 1945 5296 3509 5372">
     <span class='ocr_line' id='line_1_127' title="bbox 1945 5296 3509 5372; baseline -0.008 -18"><span class='ocrx_word' id='word_1_817' title='bbox 1945 5317 2063 5354; x_wconf 86' lang='lat' dir='ltr'><strong>cum</strong></span> <span class='ocrx_word' id='word_1_818' title='bbox 2112 5304 2297 5372; x_wconf 88' lang='lat' dir='ltr'><strong>timore</strong></span> <span class='ocrx_word' id='word_1_819' title='bbox 2340 5316 2359 5353; x_wconf 89' lang='lat'><strong><em>:</em></strong></span> <span class='ocrx_word' id='word_1_820' title='bbox 2409 5300 2548 5368; x_wconf 89' lang='lat' dir='ltr'><strong>quod</strong></span> <span class='ocrx_word' id='word_1_821' title='bbox 2596 5296 2784 5372; x_wconf 66' lang='lat' dir='ltr'><strong>Graece</strong></span> <span class='ocrx_word' id='word_1_822' title='bbox 2838 5296 3384 5372; x_wconf 78' lang='lat' dir='ltr'><strong>non_pronuntietur,</strong></span> <span class='ocrx_word' id='word_1_823' title='bbox 3452 5301 3509 5372; x_wconf 76' lang='lat' dir='ltr'><strong>ut</strong></span> 
     </span>
    </p>
   </div>
   <div class='ocr_carea' id='block_1_127' title="bbox 1947 5366 3510 5436">
    <p class='ocr_par' dir='ltr' id='par_1_127' title="bbox 1947 5366 3510 5436">
     <span class='ocr_line' id='line_1_128' title="bbox 1947 5366 3510 5436; baseline -0.005 -14"><span class='ocrx_word' id='word_1_824' title='bbox 1947 5384 2131 5425; x_wconf 88' lang='lat' dir='ltr'><strong>omnes</strong></span> <span class='ocrx_word' id='word_1_825' title='bbox 2153 5371 2379 5435; x_wconf 85' lang='lat' dir='ltr'><strong>similes,</strong></span> <span class='ocrx_word' id='word_1_826' title='bbox 2414 5366 2533 5421; x_wconf 73' lang='lat' dir='ltr'><strong>cam</strong></span> <span class='ocrx_word' id='word_1_827' title='bbox 2563 5384 2668 5422; x_wconf 91' lang='lat' dir='ltr'><strong>non</strong></span> <span class='ocrx_word' id='word_1_828' title='bbox 2701 5370 2834 5422; x_wconf 90' lang='lat' dir='ltr'><strong>adeo</strong></span> <span class='ocrx_word' id='word_1_829' title='bbox 2864 5366 3138 5436; x_wconf 85' lang='lat' dir='ltr'><strong>antiquam</strong></span> <span class='ocrx_word' id='word_1_830' title='bbox 3178 5380 3299 5420; x_wconf 91' lang='lat' dir='ltr'><strong>esse</strong></span> <span class='ocrx_word' id='word_1_831' title='bbox 3337 5366 3510 5436; x_wconf 81' lang='lat' dir='ltr'><strong>signi-</strong></span> 
     </span>
    </p>
   </div>
   <div class='ocr_carea' id='block_1_128' title="bbox 1949 5434 3513 5508">
    <p class='ocr_par' dir='ltr' id='par_1_128' title="bbox 1949 5434 3513 5508">
     <span class='ocr_line' id='line_1_129' title="bbox 1949 5434 3513 5508; baseline -0.005 -15"><span class='ocrx_word' id='word_1_832' title='bbox 1949 5441 2110 5493; x_wconf 83' lang='lat' dir='ltr'><strong>ﬁcare</strong></span> <span class='ocrx_word' id='word_1_833' title='bbox 2135 5434 2372 5495; x_wconf 75' lang='lat' dir='ltr'><strong>videtur.</strong></span> <span class='ocrx_word' id='word_1_834' title='bbox 2394 5434 3118 5508; x_wconf 26' lang='lat' dir='ltr'><strong>EratinAScaligeri‘codice,</strong></span> <span class='ocrx_word' id='word_1_835' title='bbox 3149 5436 3243 5490; x_wconf 89' lang='lat' dir='ltr'><strong>sed</strong></span> <span class='ocrx_word' id='word_1_836' title='bbox 3274 5434 3513 5508; x_wconf 77' lang='lat' dir='ltr'><strong>pessime</strong></span> 
     </span>
    </p>
   </div>
   <div class='ocr_carea' id='block_1_129' title="bbox 1947 5502 3513 5636">
    <p class='ocr_par' dir='ltr' id='par_1_129' title="bbox 1947 5502 3513 5636">
     <span class='ocr_line' id='line_1_130' title="bbox 1947 5502 3513 5636; baseline -0.004 -73"><span class='ocrx_word' id='word_1_837' title='bbox 1947 5510 2215 5636; x_wconf 49' lang='lat' dir='ltr'><strong>i&#39;titerpres</strong></span> <span class='ocrx_word' id='word_1_838' title='bbox 2248 5511 2478 5566; x_wconf 89' lang='lat' dir='ltr'><strong>reddidit</strong></span> <span class='ocrx_word' id='word_1_839' title='bbox 2518 5527 2531 5564; x_wconf 91' lang='lat'><strong>:</strong></span> <span class='ocrx_word' id='word_1_840' title='bbox 2578 5506 2739 5563; x_wconf 88' lang='lat' dir='ltr'><strong>Orate</strong></span> <span class='ocrx_word' id='word_1_841' title='bbox 2772 5502 2869 5579; x_wconf 64' lang='lat' dir='ltr'><strong>pro</strong></span> <span class='ocrx_word' id='word_1_842' title='bbox 2896 5523 2955 5563; x_wconf 89' lang='lat' dir='ltr'><strong>eo</strong></span> <span class='ocrx_word' id='word_1_843' title='bbox 2987 5508 3074 5578; x_wconf 79' lang='lat' dir='ltr'><strong>qui</strong></span> <span class='ocrx_word' id='word_1_844' title='bbox 3102 5502 3285 5578; x_wconf 15' lang='lat' dir='ltr'><strong>portati</strong></span> <span class='ocrx_word' id='word_1_845' title='bbox 3305 5502 3513 5560; x_wconf 79' lang='lat' dir='ltr'><strong>verbum</strong></span> 
     </span>
     <span class='ocr_line' id='line_1_131' title="bbox 1998 5597 2063 5635; baseline -0.031 0"><span class='ocrx_word' id='word_1_846' title='bbox 1998 5597 2063 5635; x_wconf 84' lang='lat' dir='ltr'><strong>et.</strong></span> 
     </span>
    </p>
   </div>
   <div class='ocr_carea' id='block_1_130' title="bbox 1998 5597 2063 5635">
    <p class='ocr_par' dir='ltr' id='par_1_130' title="bbox 1998 5597 2063 5635">
     <span class='ocr_line' id='line_1_132' title="bbox 1998 5597 2063 5635; baseline -0.031 0"><span class='ocrx_word' id='word_1_847' title='bbox 1998 5597 2063 5635; x_wconf 69' lang='lat' dir='ltr'><strong>(’I.</strong></span> 
     </span>
    </p>
   </div>
  </div>
