4100 6276
438 1000 443 1003 ’
534 1012 770 1066 fessione
812 1023 956 1078 sunt,
1014 1016 1418 1082 deprecationes
1471 1018 1682 1088 suscipe

536 253 635 306 συί

1582 260 1913 318 LITURGIA
1954 266 2010 319 S.
2052 265 2380 322 GREGORH
2420 268 2736 326 COPTICA.

3672 284 3786 342 692

534 364 621 460 t’ac
650 366 1129 460 jnxtantensuram
1159 384 1331 439 suam,
1360 375 1655 430 secundum
1680 380 1907 448 gratiam
1941 391 2105 435 luam.
2138 388 2185 443 Α
2213 386 2513 440 orthodoxa
2549 404 2566 442 :
2606 387 2672 440 da
2714 384 2820 441 illis
2849 388 3097 443 omnibus
3127 376 3390 460 requiem,
3418 406 3539 449 cum
3579 400 3787 456 sanctis

535 456 768 512 L'rtilica
803 457 994 512 faciem
1030 468 1207 527 terrae,
1234 471 1337 518 etc.
1374 464 1459 518 Ea:
1500 464 1742 538 Liturgia
1769 469 1977 524 Basilii.

604 550 837 603 lniirmis
875 551 1158 608 sanitatem
1194 571 1206 606 :
1247 556 1609 627 indigentibus
1642 562 1891 617 solatium
1929 565 2102 619 :lihe—

534 643 794 697 rationem
822 644 1049 712 captivis
1075 650 1310 703 concede
1336 669 1347 703 :
1382 651 1596 721 suscipe
1631 653 1695 706 ad
1721 662 1772 709 te
1796 657 2103 726 orphanos:

536 736 790 789 auxilium
846 738 911 792 da
960 738 1180 794 viduis:
1221 756 1314 797 eos
1356 746 1444 812 qui
1506 746 1903 815 angustiantur,
1952 750 2109 805 bonis

535 838 816 884 sustenta:
865 845 957 886 eos
1009 832 1099 901 qui
1141 835 1450 888 ceciderant
1481 838 1629 906 erige
1665 860 1676 893 :
1728 848 1931 895 stantes
1979 857 2108 897 con-

537 919 689 971 ﬁrma
725 936 739 971 :
772 918 1142 974 defunctorum
1192 933 1465 978 memento
1501 943 1514 978 :
1544 941 1728 980 eorum
1770 928 1858 995 qui
1889 929 1941 983 in
1975 944 2107 983 con-

1722 1036 1737 1074 :
1782 1022 2014 1088 poenilen
2027 1032 2109 1078 tes

537 1112 760 1151 numera
795 1112 911 1152 cum
940 1098 1187 1155 ﬁdelibus
1218 1102 1342 1170 tuis,
1371 1112 1423 1156 et
1454 1104 1637 1159 ﬁdeles
1665 1118 1781 1162 tuos
1810 1124 1931 1162 cum
1964 1125 2109 1165 mar-

539 1188 746 1255 tyribus
780 1189 920 1245 tuis:
951 1199 1006 1243 et
1052 1206 1144 1246 eos
1183 1193 1272 1261 qui
1326 1194 1412 1249 hic
1456 1196 1671 1261 adsunt,
1710 1198 1913 1253 similes
1959 1199 2108 1256 elﬁce

538 1281 743 1351 angelis
768 1284 871 1337 tuis
900 1301 915 1339 :
946 1299 1042 1339 nos
1072 1299 1305 1355 quoque,
1345 1288 1455 1356 qtti,
1484 1288 1608 1343 licet
1635 1289 1864 1360 indigni,
1910 1290 1979 1345 ad
2006 1292 2107 1346 mi-

541 1374 817 1427 nisterinm
852 1384 999 1428 tuum
1036 1389 1132 1444 per
1156 1378 1378 1447 gratiam
1408 1387 1552 1433 tuam
1579 1380 1753 1435 vocati
1798 1395 2005 1447 sumus,
2043 1386 2109 1436 ad

540 1471 594 1515 te
619 1465 847 1530 snsI‘ipe.

612 1554 796 1625 Hyrie,
824 1557 1045 1625 eleison,
1063 1560 1174 1612 alta
1195 1577 1330 1614 vace.

612 1649 889 1705 Sacerdos.
948 1651 1234 1717 Memento,
1285 1653 1527 1720 Domine,
1572 1656 1764 1712 salutis
1806 1656 1965 1726 hujus
2009 1658 2105 1713 loci

2211 477 2348 541 tuis,
2392 486 2447 531 et
2499 492 2618 532 cum
2681 478 2745 532 iis
2800 493 3025 547 quorum
3084 482 3300 536 nomina
3358 498 3785 545 commemorata

2209 578 2353 622 Sillll.

2280 660 2540 715 Sacerdos
2577 672 2692 729 post
2734 662 2992 732 Diplycha
3023 663 3180 718 dicet.
3213 664 3498 732 Memento,
3532 668 3789 735 Domine,

2209 765 2392 804 eorum
2450 767 2676 820 quorum
2731 756 3044 808 memoriam
3111 756 3332 811 iecimus
3391 758 3668 824 ﬁdelium,
3730 770 3788 815 et

2210 856 2398 896 eorum
2425 858 2656 909 quorum
2696 858 2802 897 non
2855 846 3197 902 meminimus
3250 850 3691 918 orthodoxorum,
3732 862 3788 907 et

2212 935 2383 988 nostri
2420 950 2634 1004 quoque
2662 950 2783 990 cum
2815 935 2940 1001 illis,
2982 952 3014 993 ο
3042 939 3178 994 bone
3230 951 3459 1008 amator,
3504 942 3787 998 hominum

2212 1025 2373 1081 Deus.

2287 1118 2538 1188 Populus.
2589 1120 2837 1186 Remitte,
2887 1137 3071 1192 parce,
3124 1122 3365 1176 condona
3415 1120 3589 1184 nobis,
3626 1118 3789 1183 Deus,

2213 1208 2445 1265 oﬁ'ensas
2484 1222 2694 1266 nostras
2738 1227 2874 1281 quas
2926 1211 3291 1266 commisimus
3343 1210 3643 1265 voluntarie
3693 1219 3792 1264 aut

2211 1299 2571 1355 involuntarie
2592 1340 2606 1365 ,
2639 1302 2870 1356 scienter
2910 1301 2992 1356 vel
3035 1302 3345 1373 ignoranter
3373 1319 3386 1356 :
3422 1300 3668 1366 Domine,
3702 1300 3793 1355 di-

2210 1391 2359 1446 mitte
2389 1392 2506 1446 illas
2530 1393 2703 1447 nobis.

2282 1482 2561 1537 Sacerdos.
2598 1482 2675 1536 Tu
2707 1498 2766 1538 es
2795 1484 2936 1538 enim
2992 1484 3133 1538 Dens
3189 1482 3496 1538 misericors
3536 1482 3628 1553 qui
3677 1498 3793 1539 non

2220 1574 2302 1627 vis
2328 1584 2553 1629 mortem
2585 1575 2905 1643 peccatoris,
2935 1575 3027 1628 sed
3065 1582 3121 1627 ttt
3155 1582 3506 1628 convertatur
3530 1582 3584 1627 et
3619 1573 3791 1629 vivat.

2218 1664 2488 1720 Converte
2541 1680 2659 1730 nos,
2716 1666 2956 1730 Domine,
3005 1681 3099 1733 per
3146 1666 3369 1719 salutem
3405 1674 3573 1728 tuam,
3616 1674 3671 1719 et
3704 1664 3801 1719 fac

544 1742 717 1795 sancti
755 1744 852 1805 tui,
896 1752 951 1797 et
987 1746 1225 1799 omnium
1266 1747 1528 1817 locorum,
1588 1763 1643 1807 et
1699 1754 1941 1809 omnium
1994 1773 2109 1811 mo-
2144 1728 2186 1782 Β
2226 1754 2504 1809 nobiscum
2540 1758 2831 1810 secundum
2862 1756 3152 1810 bonitatem
3191 1765 3374 1821 tuam;
3411 1764 3463 1809 tu
3499 1753 3593 1824 qui
3625 1753 3796 1809 elﬁcis

546 1832 903 1887 nasteriorum
958 1834 1176 1891 Patrum
1225 1851 1525 1895 nostrorum
1578 1843 2021 1913 orthodoxorum,
2062 1856 2117 1901 et

545 1925 781 1980 omnium
809 1926 1082 1981 civitatum
1124 1920 1286 1985 totius
1341 1934 1630 2000 provinciae
1669 1944 1723 1990 et
1771 1938 2025 2007 regioms,
2063 1946 2117 1993 et

547 2015 722 2070 omnis
752 2017 1166 2086 pulchritudinis
1190 2020 1337 2089 ejus;
1391 2034 1444 2076 et
1498 2039 1594 2079 nos
1637 2040 1826 2081 omnes
1863 2028 2034 2083 libera
2084 2044 2113 2083 a

544 2109 705 2174 fame,
741 2126 770 2164 a
803 2121 971 2180 peste,
1004 2127 1032 2165 a
1065 2120 1221 2167 terra:
1250 2115 1502 2179 motibus,
1536 2117 1931 2183 submersione,
1981 2134 2112 2173 nau-

543 2201 714 2270 fragio
742 2212 795 2256 et
825 2204 1107 2271 incendio;
1144 2221 1170 2259 a
1197 2207 1505 2274 captivitate
1536 2208 1912 2279 barbarorum,
1944 2226 1972 2265 a
2005 2211 2116 2282 gla-

544 2295 635 2349 dio
658 2305 939 2361 extraneo,
970 2307 1025 2351 et
1047 2296 1114 2351 ab
1144 2298 1534 2355 insurrectione
1566 2302 1957 2359 hmreticorntn.

614 2385 868 2456 Dignare,
909 2388 1152 2453 Domine,
1192 2393 1463 2446 recordari
1510 2394 1748 2448 omnium
1804 2405 2112 2451 sanctorum

544 2482 634 2550 qni
681 2481 775 2536 tibi
828 2481 1143 2551 placuerunt
1178 2485 1245 2538 ab
1304 2486 1475 2550 initio,
1531 2487 1749 2542 Patrum
1805 2498 2114 2544 nostrorum

548 2582 880 2637 sanctorum,
908 2576 1358 2643 patriarcharum,
1394 2579 1799 2648 prophetarum,
1850 2580 2118 2649 apostolo-

548 2678 694 2728 rum,
740 2665 1212 2734 evangelistarum,
1252 2677 1571 2738 martyrum,
1627 2668 2019 2733 confessorum,
2063 2679 2117 2724 et

548 2768 735 2808 eorum
792 2755 881 2823 qui
942 2754 1283 2826 Evangelium
1348 2759 1808 2815 annuntiaverunt
1862 2759 2119 2815 Ecclesiae

550 2856 675 2914 tuae,
706 2855 759 2900 et
808 2848 1045 2902 omnium
1097 2850 1379 2919 spirituum
1425 2850 1697 2917 jttstorum
1723 2851 1815 2921 qni
1862 2866 2119 2909 consume

551 2939 706 2999 mati.
744 2940 979 2995 defuncti
1005 2950 1130 2996 sunt
1164 2944 1214 2996 in
1262 2942 1385 2999 ﬁde.
1420 2943 1698 3013 Przecipue
1729 2959 1857 2999 vero
1894 2954 2116 3008 sancta),

551 3030 718 3096 gioria
750 3030 918 3100 plenae
941 3047 1151 3102 semper
1176 3032 1437 3105 Virginis,
1466 3035 1757 3090 Genilricis
1785 3035 1876 3089 Dei
1919 3046 2119 3091 sancta:

554 3122 756 3189 Mariae,
785 3134 839 3179 et
869 3127 1038 3181 sancti
1076 3127 1300 3182 Joannis
1332 3126 1717 3192 Prmcursoris,
1762 3127 2017 3196 Baptista:
2067 3139 2120 3182 et

556 3214 828 3285 martyris,
859 3225 912 3270 et
947 3218 1120 3271 sancti
1168 3216 1426 3285 Stephani
1458 3218 1827 3286 protodiaconi
1859 3228 1913 3274 et
1945 3228 2124 3287 proto—

560 3308 835 3376 martyris,
860 3315 914 3361 et
938 3308 1336 3377 contemplativi
1372 3309 1648 3377 Deumque
1680 3310 1917 3364 videntis
1960 3325 2123 3364 cvan-

558 3395 762 3466 gelista:
813 3397 999 3462 Marci,
1030 3399 1253 3469 apostoli
1290 3400 1464 3455 sancti
1520 3411 1575 3454 et
1622 3402 1906 3471 martyris:
1944 3410 1999 3456 et
2031 3417 2127 3471 pa-

559 3488 810 3542 triarcha:
857 3489 1032 3543 nostri
1076 3491 1246 3543 sancti
1298 3490 1521 3554 Severi;
1571 3501 1625 3545 et
1672 3493 1906 3547 doctoris
1958 3494 2124 3547 nostri

564 3576 830 3643 Dioscuri,
861 3578 1033 3632 sancti
1076 3579 1282 3648 Cyrilli,
1325 3582 1498 3634 sancti
1532 3580 1738 3644 Basilii,
1786 3583 1955 3635 sancti
1990 3582 2129 3637 Gre-

562 3669 725 3738 gorii,
760 3669 933 3723 sancti
958 3668 1182 3723 Joannis
1221 3669 1611 3739 Chrysostomi,
1650 3672 1819 3726 sancti
1852 3674 2128 3728 Athanasii

562 3760 835 3828 apostolici
862 3778 878 3825 ;
910 3769 963 3814 et
1010 3760 1345 3814 dominorum
1394 3771 1696 3816 nostrorum
1722 3760 1938 3816 Patrum
1968 3763 2132 3825 iusto-

564 3866 708 3918 rum,
741 3852 916 3921 magni
968 3852 1181 3906 abbatis
1238 3852 1475 3916 Antonii,
1525 3861 1579 3905 et
1617 3852 1688 3921 pii
1720 3855 1886 3907 sancti
1923 3855 2134 3909 abbatis

564 3941 737 4007 Pauli,
784 3951 839 3997 et
876 3943 1033 3997 trium
1075 3941 1451 4009 Macariorum,
1502 3944 1769 4013 totiusque
1806 3946 1953 4000 chori
2003 3961 2130 4000 san-

568 4042 784 4088 ctorum
829 4045 1065 4099 tuorum,
1097 4049 1326 4103 quorum
1359 4035 1610 4105 precibus
1643 4045 1697 4092 et
1739 4037 2137 4092 intercessioni-

571 4127 695 4191 bus,
723 4125 977 4181 miserere
1006 4128 1242 4181 omnium
1279 4139 1541 4194 nostrum,
1561 4138 1614 4183 et
1640 4145 1735 4184 nos
1754 4146 1940 4185 omnes
1971 4130 2135 4184 libera

571 4228 790 4289 propter
827 4234 1020 4274 nomen
1060 4230 1208 4274 tuum
1260 4231 1504 4276 sanctum
1546 4229 1686 4291 quod
1723 4223 2022 4277 invocatum
2056 4230 2139 4275 est

568 4326 731 4381 super
751 4327 867 4368 nos.
1082 4314 1091 4320 ’
1402 4324 1408 4331 ’

2223 1847 2373 1916 plura
2404 1862 2565 1915 quam
2612 1849 2845 1916 petimus
2893 1857 2985 1900 aut
3038 1847 3426 1917 intelligimus:
3460 1858 3517 1900 ut
3564 1848 3616 1901 in
3665 1847 3793 1911 hoc,

2224 1937 2362 1991 sicut
2395 1946 2449 1990 et
2497 1938 2548 1990 in
2601 1938 2868 2005 omnibus,
2915 1938 3260 2007 gloriﬁcetur,
3313 1937 3680 2000 benedicatur,
3738 1947 3797 1993 et

2221 2027 2509 2081 extollatur
2571 2043 2762 2083 nomen
2812 2038 2957 2082 tnum
3015 2043 3302 2098 magnum,
3364 2027 3789 2091 sanctissimum,

2223 2117 2520 2185 gloriosum
2552 2128 2608 2173 et
2649 2117 3012 2185 benedictum,
3062 2135 3181 2174 cuin
3225 2119 3385 2175 Patre
3416 2128 3506 2177 tuo
3534 2120 3697 2186 bono,
3736 2128 3799 2177 et

2224 2208 2425 2280 Spiritu
2457 2221 2664 2265 sancto.
3119 2206 3133 2223 ’

2292 2301 2401 2355 Pax
2430 2302 2697 2357 omnibus.

2293 2392 2540 2459 Domine,
2575 2392 2823 2449 Salvator
2864 2403 3297 2459 noster,amator
3324 2394 3597 2449 hominum
3627 2393 3797 2457 bone,

2223 2484 2313 2554 qni
2347 2484 2589 2541 viviﬁcas
2626 2486 2838 2541 animas
2868 2496 3101 2554 nostras,
3134 2487 3224 2556 qui
3251 2486 3517 2541 tradidisti
3542 2495 3591 2540 te
3619 2485 3792 2554 ipsqu

2223 2591 2319 2643 pro
2361 2576 2537 2640 nobis,
2567 2577 2619 2630 in
2651 2577 2878 2632 salutem
2916 2593 3014 2647 pro
3067 2578 3301 2647 peccatis
3332 2577 3533 2633 nostris
3562 2593 3577 2631 :
3610 2577 3699 2646 qui
3741 2576 3795 2629 in

2226 2665 2571 2721 multitudine
2628 2667 3018 2724 misericordia:
3074 2677 3179 2723 tua:
3236 2667 3443 2723 solvisti
3486 2665 3801 2722 inimicitias

2226 2759 2499 2813 hominum
2540 2779 2557 2813 :
2607 2758 2925 2830 Unigenitus
2971 2760 3151 2830 Deus,
3201 2761 3297 2831 qui
3345 2774 3406 2817 es
3442 2760 3497 2817 in
3532 2760 3655 2815 sinu
3691 2758 3796 2815 Pa-

2224 2850 2342 2904 tris.

2295 2938 2479 3011 liyrie,
2516 2939 2737 2995 eleison.
2769 2939 3229 2997 Benedic.Amen.
3272 3002 3285 3018 ι

2294 3029 2571 3085 Sacerdos.
2602 3030 2703 3096 Qui
2754 3031 3078 3087 benedixisti
3122 3032 3213 3088 illo
3257 3040 3521 3103 tempore.
3573 3032 3800 3091 benedic

2225 3136 2365 3176 nunc
2400 3122 2538 3191 (11).

2294 3209 2547 3277 Papulas.
2582 3210 2775 3265 Amen.

2249 3372 2253 3376 ,
2297 3302 2575 3357 Sacerdos.
2602 3301 2703 3368 Qui
2735 3303 3087 3360 sanctiﬁcasti
3111 3304 3202 3360 illo
3219 3314 3477 3377 tempore,
3514 3303 3802 3362 sanctiﬁca

2227 3410 2390 3450 nunc.

2299 3487 2557 3556 Populus.
2596 3488 2790 3541 Amen.

2303 3580 2577 3636 Sacerdos.
2622 3580 2723 3647 Qui
2765 3579 2996 3635 divisisti
3038 3580 3129 3636 illo
3153 3590 3412 3653 tempore,
3435 3582 3613 3639 divide
3633 3597 3799 3639 nunc.

2302 3667 2558 3736 Populus.
2594 3669 2765 3722 Amen

2301 3757 2576 3813 Sacerdos.
2626 3757 2727 3825 Qui
2767 3758 2962 3813 dedisti
3013 3760 3121 3815 tuis
3179 3758 3460 3829 discipulis
3503 3759 3713 3815 sanctis
3747 3770 3804 3815 et

2234 3850 2491 3914 apostolis
2520 3849 2667 3917 puris
2700 3850 2790 3905 illo
2823 3861 3085 3921 tempore,
3114 3867 3277 3918 nunc,
3324 3850 3565 3914 Domine,
3595 3852 3665 3905 da
3705 3866 3811 3910 no-.

2233 3941 2340 4008 bis,
2366 3951 2420 3995 et
2466 3942 2611 3997 omni
2658 3941 2854 4012 populo
2886 3952 2998 4010 tuo,
3028 3944 3367 4014 omnipotens
3395 3942 3621 3999 Domine
3662 3941 3805 3998 Deus

2237 4042 2438 4088 noster.

2308 4123 2594 4179 Diaconus.
2635 4121 2821 4179 Orate.

2521 4218 2705 4272 Oratio
2746 4220 3021 4288 fractionis
3064 4218 3133 4271 ad
3177 4216 3520 4287 Filium(12).

2312 4309 2628 4363 Benedictus
2667 4323 2747 4373 es,
2786 4308 2998 4364 Christe
3032 4308 3170 4362 Deus
3213 4306 3572 4376 omnipotens,
3615 4303 3807 4360 Salva-

643 4402 900 4458 Sacerdos
952 4415 1161 4459 secreto.
1217 4404 1505 4472 Memento,
1561 4407 1802 4470 Domine,
1835 4415 2044 4473 patrum
2084 4414 2137 4458 et
2168 4419 2212 4474 ι)
2243 4411 2325 4456 tor
2382 4400 2636 4455 Ecclesia:
2673 4411 2777 4454 tua;
2814 4419 2828 4454 :
2882 4399 3114 4454 Verbum
3167 4396 3500 4468 intelligibile
3546 4405 3602 4452 et
3647 4398 3810 4451 homo

570 4496 798 4550 fratrum
824 4505 1129 4550 nostrorum
1163 4497 1251 4566 qui
1283 4498 1485 4567 pridem
1512 4497 1919 4553 obdormiernut
1941 4497 1995 4551 in
2032 4496 2137 4550 ﬁde

648 4682 759 4751 (ll)
794 4681 1066 4737 Sententia
1102 4681 1260 4748 hnjns
1293 4684 1554 4737 orationis
1605 4682 1688 4751 pia
1724 4682 1911 4743 valde,
1946 4689 1999 4733 et
2033 4696 2132 4750 pn—

576 4752 807 4823 rissimae
860 4753 1134 4823 theologia:
1177 4753 1363 4821 plena;
1415 4768 1607 4819 nempe
1648 4763 1704 4805 ut
1750 4751 1997 4823 Christus
2043 4766 2137 4818 per

580 4822 815 4875 divinant
851 4822 1292 4886 omnipOtentiatn
1321 4863 1336 4885 ,
1382 4824 1675 4877 secundum
1722 4822 2135 4889 prmuissionem

578 4891 693 4945 suis
728 4890 923 4944 factam
960 4909 971 4944 :
1003 4890 1135 4945 Ecce
1166 4909 1256 4962 ego
1290 4893 1703 4962 vobiscum_sum
1730 4907 1889 4962 usque
1923 4891 1988 4941 ad
2019 4905 2142 4942 con-

576 4962 975 5013 summationem
998 4960 1211 5027 saeculi;
1236 4971 1289 5016 et
1318 4960 1572 5030 singulari
1623 4960 1801 5021 modo,
1840 4974 1936 5026 per
1968 4967 2143 5030 trans-

580 5031 929 5084 mutationem
986 5034 1135 5101 panis
1177 5041 1232 5085 et
1280 5032 1386 5085 vini
1409 5028 1469 5085 in
1517 5043 1715 5101 corpus
1743 5038 1796 5080 et
1830 5028 2143 5101 sanguinem

583 5115 739 5172 suum
776 5097 1008 5169 prwsens
1029 5141 1044 5165 ,
1074 5104 1387 5172 mysterium
1418 5116 1446 5152 a
1468 5113 1544 5172 _se_
1564 5098 1868 5172 institutum
1900 5097 2144 5172 perﬁciat

583 5180 639 5221 et
688 5169 738 5223 in
776 5166 855 5223 ἐυ
900 5166 1321 5226 consummando
1373 5167 1711 5224 invisibiliter
1759 5177 2031 5234 operetur.
2088 5166 2149 5217 In

584 5241 832 5315 Ballltietll
882 5242 1199 5294 sententiam
1247 5239 1421 5315 multa
1459 5244 1754 5315 occurrunt
1785 5237 1857 5315 _in
1890 5235 2145 5315 .diyersis

586 5309 941 5373 orationibus,
978 5323 1215 5376 tempore
1250 5306 1645 5363 distributionis
1675 5304 2027 5376 Eucharistite
2058 5319 2142 5376 re-

588 5380 820 5434 citandis
840 5420 854 5443 ,
889 5389 998 5434 tam
1037 5373 1172 5446 apud
1202 5377 1473 5431 Jacohitas
1499 5391 1659 5443 quam
1690 5377 1825 5441 apud
1845 5373 2142 5446 Nestoria-

586 5464 709 5511 nos,
740 5460 797 5501 ιιι
842 5459 967 5503 sunt
996 5445 1095 5501 ista
1128 5465 1139 5500 :
1165 5447 1275 5499 Hoc
1302 5450 1468 5515 ipsum
1499 5462 1606 5499 esse
1639 5445 1945 5511 mysterium
1977 5446 2144 5495 crucis

591 5528 639 5570 et
689 5518 887 5574 ultima:
930 5534 1087 5573 caena:
1122 5532 1138 5569 :
1182 5519 1315 5569 hunc
1367 5516 1579 5569 calicem
1631 5518 1799 5583 ipsum
1844 5529 1955 5566 esse
1995 5529 2147 5565 auem

592 5590 830 5641 Christus
863 5589 1088 5653 miscuit,
1123 5586 1393 5654 multaque
1423 5585 1637 5637 similia.

661 5658 773 5729 (12)
814 5661 872 5711 1n
899 5659 1080 5727 cpdice
1104 5656 1551 5729 Crzecoo_Ar_abico
1579 5655 1695 5729 alia}
1721 5654 1837 5707 dna:
1861 5661 2150 5707 occurrunt

604 5723 864 5792 arationes
910 5723 1009 5783 sub
1054 5727 1240 5781 eodem
1291 5726 1443 5781 titulo
1492 5724 1588 5795 τῆς
1634 5723 1897 5791 κλαςευς,
1964 5737 2153 5791 nempe

1282 5850 1299 5857 ..
1328 5846 1384 5856 ~<
1408 5842 1467 5854 C"

2245 4492 2490 4554 visibilis,
2526 4490 2618 4559 qui
2648 4505 2742 4559 per
2767 4489 3192 4544 incarnationem
3224 4496 3371 4542 tuam
3397 4486 3810 4557 incomprehen-

2238 4677 2481 4731 d’icentla:
2504 4671 3012 4748 priusquamhostia
3040 4672 3099 4748 in
3118 4668 3433 4748 minutiores
3455 4665 3808 4748 partesiran-

2240 4691 2481 4731 (“0811th
2542 4691 2812 4743 nusquam
2843 4691 3012 4726 nosua
3041 4691 3092 4725 In
3118 4691 3433 4725 mlnuuores
3456 4691 3635 4736 partes
3659 4691 3808 4719 trau-

2240 4757 2416 4817 gatnr,
2452 4691 2537 4799 ad1
2567 4744 3008 4817 communionem
3050 4740 3496 4817 distribuendam.
3542 4736 3811 4817 Scilicet,

2243 4808 2301 4870 ut
2332 4816 2457 4869 alibi
2494 4815 2796 4885 monuimus
2819 4852 2835 4875 ,
2878 4813 2931 4865 in
2979 4812 3237 4885 l‘iturgicis
3275 4808 3547 4885 codicibus
3592 4808 3809 4885 scripta:

2244 4895 2371 4941 sunt
2416 4885 2692 4939 orationes
2719 4883 2945 4954 diversa:
2968 4918 2984 4945 ,
3025 4876 3329 4954 secundum
3350 4876 3607 4954 festorum
3635 4876 3812 4954 diver-

2248 4957 2461 5010 sitatem
2506 4962 2599 5006 aut
2640 4952 2933 5005 sacerdotis
2967 4948 3245 5003 arbitrium
3280 4947 3538 5001 dicendae.
3589 4946 3695 4998 Ista
3733 4946 3811 4995 vi-

2252 5027 2411 5079 detur
2442 5022 2735 5093 antiquior,
2773 5036 2897 5073 cum
2929 5019 3084 5093 prior
3119 5017 3289 5072 Graeci
3317 5017 3529 5093 codicis
3561 5012 3814 5093 enuclea-

2252 5104 2360 5148 tam
2390 5085 2878 5161 Monophysitarum
2895 5085 3164 5162 doctrina:
3213 5085 3604 5162 professionem
3618 5085 3814 5162 .conti:

2252 5173 2376 5217 neat
2408 5184 2419 5217 :
2459 5163 2509 5215 id
2546 5152 2673 5215 vero
2718 5175 2822 5213 non
2854 5159 2956 5213 nisi
3004 5167 3123 5224 post
3162 5152 3384 5211 scissam
3430 5168 3522 5222 per
3568 5152 3814 5224 Diosc-ori

2252 5243 2547 5287 sectatores
2596 5229 2932 5293 Ecclesiam,
2990 5220 3188 5281 factum
3237 5240 3358 5280 esse
3405 5220 3595 5292 potuit.
3647 5220 3817 5293 Habet

2252 5312 2429 5355 autem
2459 5302 2574 5354 haec
2598 5299 2773 5354 oratio
2803 5289 3150 5369 obscuritatis
3191 5289 3473 5369 nonnihil,
3511 5307 3613 5346 non
3657 5289 3817 5369 modo

2252 5373 2396 5425 circa
2432 5385 2541 5434 res,
2574 5369 2665 5422 sed
2708 5369 2870 5422 etiam
2914 5382 2979 5422 ex
3014 5366 3128 5435 ipsa
3175 5380 3364 5418 vocum
3402 5359 3817 5435 aliquot_am_bi-

2253 5443 2474 5507 gnitate,
2512 5430 2672 5507 quam
2702 5437 2927 5507 Coptittc
2959 5430 3116 5507 primi
3150 5436 3493 5507 interpretes,
3522 5440 3576 5483 et
3608 5430 3818 5483 Arabes

2253 5505 2358 5564 nun
2388 5505 2884 5564 satis‘versionihus
2922 5505 3511 5577 suisclucidaveruntu

2327 5579 2518 5633 Statim
2552 5578 2616 5629 ad
2643 5578 2916 5631 Christum
2952 5576 3188 5630 dicitur:
3237 5572 3458 5626 Verbum
3495 5566 3818 5637 intelligibilc

2254 5660 2298 5701 et
2315 5652 2465 5701 homo
2492 5647 2936 5703 risibilis:Gr;ecc
2951 5666 2963 5701 :
2981 5642 3051 5697 Ὦ
3067 5644 3189 5711 λόγε
3210 5642 3268 5695 ὃν
3281 5640 3610 5714 λπρφνοοῦσιγ
3633 5636 3820 5698 αὑτὸν,

2257 5720 2351 5773 καὶ
2378 5717 2628 5787 ἄνθρωπε
2654 5718 2711 5771 ὃν
2740 5717 3138 5790 προθεωροῦσιν
3161 5712 3348 5769 αὐτόνζ
3381 5712 3550 5769 Verba
3583 5712 3694 5765 haec
3714 5720 3817 5762 n01
