4100 6276
236 227 343 283 693

1298 230 1630 290 LITURGIA
1670 235 1728 291 S.
1774 237 2102 293 GREGORII
2149 237 2469 292 COPTICA.

3385 235 3493 293 69‘

235 342 469 405 sibilem,
504 341 817 411 praeparasti
864 341 1018 397 nobis
1055 355 1247 412 panem
1282 346 1581 411 caelestem.
1612 365 1807 421 corpus
1838 360 1884 416 Λ
1915 363 2122 408 verunt.
2170 353 2399 422 Acqttirc
2436 366 2531 405 nos
2563 349 2677 415 tibi,
2705 363 2737 403 ο
2766 348 2922 410 bone,
2958 362 3147 402 servos
3186 356 3303 402 tuos
3332 363 3344 401 :
3389 364 3491 404 nos

236 440 339 492 hoc
362 445 508 489 tuum
535 443 780 489 sanctum
815 435 866 489 in
919 436 1174 503 mysterio
1207 439 1458 493 omnibus
1486 442 1657 496 modis
1681 457 1809 497 san-

233 536 323 580 cto
373 525 509 596 (l5).
550 524 807 580 Miscuisti
827 525 983 581 nobis
996 526 1212 582 calicem
1235 542 1296 581 ex
1320 529 1492 583 fructu
1509 531 1630 587 vitis
1649 547 1810 598 verte,

234 632 355 686 quae
382 626 467 671 est
510 616 651 670 latus
698 615 938 670 divinum
988 625 1137 671 tuum
1179 628 1231 673 et
1270 622 1695 689 immaculatum,
1745 640 1810 679 ex

234 725 345 780 quo
404 718 692 778 postquam
736 708 1002 763 tradidisti
1063 710 1349 779 spiritum,
1385 716 1621 769 manavit
1660 716 1813 771 nobis

234 800 461 872 sanguis
486 808 541 855 et
566 814 728 870 aqua,
760 815 879 870 qum
910 802 1165 856 mundum
1207 803 1517 861 universum
1562 809 1815 877 purifica-

236 981 371 1036 satis
400 981 614 1046 Graeca,
638 997 730 1036 seu
757 981 864 1049 iam
883 982 1186 1038 barbariem
1212 985 1532 1050 redolentia,
1561 987 1811 1041 videntur

234 1053 537 1121 antiquitus
578 1067 697 1106 esse
728 1053 1045 1123 interpolata
1072 1092 1088 1116 ,
1131 1068 1252 1107 cum
1293 1055 1595 1123 simplicius
1623 1067 1676 1111 et
1723 1073 1813 1109 ac-

234 1123 483 1198 curatius
516 1122 840 1198 sententiam
873 1125 1174 1198 eitpritnere
1214 1122 1562 1198 Alexandrini
1604 1126 1805 1198 illi__po-

236 1192 502 1265 tulissent,
535 1192 696 1260 Λόγε,
727 1191 1042 1265 ὅγ’νοοῦσιν,
1076 1192 1352 1265 ἄνθρωπε,
1399 1193 1458 1249 ὃν
1494 1191 1813 1265 θεωροῦὰιν,

235 1276 401 1384 «viam
461 1263 634 1316 Arabs
685 1263 893 1329 primus
954 1263 1219 1329 interpres
1280 1273 1427 1318 recte
1480 1263 1749 1333 expressit
1800 1284 1813 1319 :

291 1334 477 1384 erbum
509 1332 648 1384 quod
689 1332 998 1384 intelliaitur
1028 1348 1046 1384 :
1085 1335 1238 1384 homo
1280 1336 1370 1384 aui
1416 1334 1640 1384 videtur.
1677 1335 1813 1384 Duas

291 1334 477 1385 erbum
509 1332 648 1402 quod
689 1332 998 1402 intelligitur
1028 1348 1046 1385 :
1085 1335 1238 1385 homo
1280 1336 1370 1402 qui
1416 1334 1640 1389 videtur.
1677 1335 1820 1389 Duas

237 1402 450 1473 scilicet
485 1402 553 1473 in
590 1400 805 1473 Christo
840 1400 1059 1473 naturas
1094 1400 1387 1473 agnoscere
1434 1419 1494 1459 se
1541 1404 1818 1473 signiﬁca-

237 1472 365 1543 bant
399 1472 590 1543 paucis
623 1471 741 1543 illis
774 1472 952 1543 verbis
976 1512 990 1536 ,
1026 1472 1289 1527 orationis
1333 1474 1487 1543 primi
1523 1471 1773 1529 auctores
1805 1513 1820 1539 ,

237 1541 483 1595 novitate
533 1541 1031 1665 Monophi'sitarum
1061 1581 1075 1603 .
1108 1550 1166 1594 ut
1199 1541 1467 1611 conjicere
1493 1559 1780 1611 possumus
1802 1584 1817 1609 ,

238 1611 482 1665 nondum
520 1611 737 1665 imbuti.
796 1623 842 1665 ta
876 1626 1087 1665 nuoaue
1114 1610 1198 1664 illa
1235 1615 1465 1665 reddidit
1490 1613 1701 1665 Contita
1738 1614 1817 1665 in-

238 1611 482 1665 nondutn
520 1611 737 1682 imbuti.
770 1610 842 1665 lta
876 1626 1087 1680 quoque
1114 1610 1198 1664 illa
1235 1615 1465 1669 reddidit
1490 1613 1701 1682 Coptita
1738 1614 1822 1667 in-

1920 445 2168 513 iudignos
2213 443 2296 496 fac
2325 442 2417 496 tibi
2469 440 2722 510 populum
2772 446 3184 509 congregatum,
3238 452 3489 508 regnum,

1920 534 2278 591 sacerdotium
2308 541 2363 587 et
2392 530 2643 602 populum
2673 528 2922 584 electum.
2962 526 3192 582 Purilica
3226 543 3345 593 nos,
3385 527 3495 581 Do-

1922 628 2087 693 mine,
2122 630 2263 681 sicut
2292 620 2648 678 sanctiftcasti
2682 620 2783 674 has
2829 619 3129 674 oblationes
3162 620 3489 689 propositas,

1922 728 1975 772 et
2033 715 2205 771 fecisti
2274 714 2393 769 illas
2458 712 2756 767 invisibiles
2812 727 2878 767 ex
2924 710 3379 782 visibilibus(l4),
3442 721 3497 765 et

1923 808 2181 879 mysteria
2217 806 2312 863 tibi
2337 804 2434 861 soli
2468 806 2702 875 cognita,
2725 803 2951 861 Domine
2975 802 3119 861 Deus
3164 813 3218 859 et
3248 803 3501 859 Salvatm-

1923 988 2088 1042 mines
2118 996 2353 1043 versatus
2374 1029 2390 1056 ,
2425 987 2513 1058 qui
2552 1002 2641 1055 per
2661 982 3080 1058 incarnationem
3109 992 3249 1035 tuam
3294 981 3461 1058 ineant
3482 1017 3495 1024 η

1929 1059 2324 1125 prehensibilem
2360 1053 2670 1124 praeparasti
2719 1053 2867 1132 nobis
2901 1067 3125 1132 partem)
3172 1067 3359 1117 corpus
3400 1054 3496 1106 hoc

1926 1124 2074 1180 tuum
2127 1137 2556 1191 sacrosanctum,
2608 1124 2914 1195 mysterium
2964 1124 3176 1195 omnino
3220 1137 3495 1195 sacrosan-

1926 1208 2062 1251 ctum
2082 1213 2101 1251 :
2127 1213 2299 1269 neque
2330 1198 2473 1252 enim
2496 1191 2720 1265 Coptiéo
2745 1201 2837 1249 aut
2862 1191 3093 1248 Arabico
3122 1191 3290 1245 tenui
3318 1194 3495 1247 versio

1927 1269 2231 1333 respondet.

1999 1330 2112 1405 (l4)
2156 1339 2247 1392 Sic
2273 1352 2437 1406 prope
2467 1337 2531 1390 ad
2562 1335 2793 1406 verbum
2817 1340 2992 1387 textus
3024 1330 3297 1398 Copticus,
3333 1330 3405 1385 ita
3432 1344 3490 1385 ut

1929 1409 2203 1463 distinctio
2241 1405 2309 1462 sit
2356 1410 2495 1461 inter
2529 1405 2961 1474 purificationem
2984 1442 3000 1466 ,
3042 1414 3205 1471 quam
3253 1409 3374 1474 orat
3405 1416 3496 1455 sa-

1931 1481 2119 1531 cerdos
2146 1478 2379 1533 conferri
2424 1493 2452 1531 a
2502 1470 2611 1530 Deo
2656 1474 2756 1528 sibi
2800 1482 2855 1528 et
2899 1470 3409 1535 circumstantibus,
3444 1481 3496 1525 et

1929 1548 2408 1601 sanctificationem
2483 1546 2890 1600 elementorum.
2943 1541 2999 1597 In
3068 1540 3241 1610 prima
3295 1540 3498 1610 signifi-

1929 1618 2097 1670 cauda
2124 1619 2410 1673 adhibetur
2441 1631 2544 1669 vox
2584 1613 2775 1678 τουόο,
2811 1627 2973 1681 quam
3002 1611 3211 1665 Arabes
3254 1624 3349 1677 per
3377 1626 3495 1665 eam

236 1690 454 1756 teiipres
484 1680 953 1756 :tomloyo;__srou
997 1698 1173 1756 epvotv
1223 1700 1395 1753 μμοφ.
1426 1680 1652 1756 ᾐνιτιρώμι
1699 1701 1825 1756 stop

1933 1688 2239 1752 exprimunt
2274 1703 2394 1755 qua:
2432 1688 2647 1756 proprie
2675 1680 3066 1756 mundationem
3091 1680 3499 1756 e_t_pur_iﬁcatio-

237 1750 512 1821 εροεωριν
559 1767 733 1822 μμοφ.
772 1750 1039 1822 Christus
1060 1750 1307 1817 scilicet,
1337 1750 1393 1807 ut
1424 1750 1655 1808 Verbum
1694 1754 1824 1817 Dei,

238 1820 439 1891 mente
464 1820 677 1875 tantum
713 1820 1013 1889 concipitur
1046 1838 1060 1875 :
1108 1830 1361 1891 tanquam
1396 1824 1563 1877 homo
1588 1865 1602 1889 ,
1652 1823 1826 1878 oculis

235 1890 413 1962 videri
451 1900 681 1962 poterat.
714 1891 787 1944 Ea
817 1901 994 1962 autem
1029 1892 1148 1962 fidei
1195 1890 1456 1962 particula
1481 1933 1509 1962 ,ν
1535 1894 1602 1945 ab
1627 1893 1825 1948 Orien-

242 1959 451 2015 talibus
481 1961 828 2025 Christianis,
862 1960 1087 2025 Severo,
1117 1959 1436 2028 Barsalibio,
1472 1961 1826 2017 llomiliarum

240 2041 504 2093 auctore,
554 2042 617 2101 et
665 2030 785 2085 aliis
818 2030 1017 2101 multis
1066 2032 1463 2086 accommodari
1512 2032 1828 2101 plerumque

244 2102 387 2171 solet
418 2101 489 2154 ad
521 2100 877 2155 Eucharistiaa
910 2102 1248 2171 mysterium,
1280 2103 1406 2156 dum
1434 2101 1625 2155 dicunt
1653 2119 1667 2155 :
1701 2100 1828 2170 apo-

244 2170 424 2227 stolos
471 2180 525 2225 et
572 2172 741 2234 alios,
789 2172 880 2239 qui
935 2170 1056 2225 cum
1088 2170 1326 2237 Christo,
1376 2173 1502 2226 dum
1559 2172 1612 2225 in
1669 2172 1828 2226 terris

245 2250 429 2307 esset,
468 2240 928 2312 conversatiisunt
954 2280 967 2305 ,
1009 2241 1281 2312 hominem
1328 2241 1622 2312 simplicem
1654 2241 1826 2298 oculis

242 2312 496 2378 corporis
527 2310 746 2373 vidisse,
781 2310 945 2363 Deum
972 2311 1142 2364 oculis
1174 2312 1369 2367 mentis
1392 2310 1675 2380 agnovisse
1704 2330 1716 2365 :
1753 2316 1823 2367 ita

247 2382 455 2435 debere
478 2380 821 2435 Christianos
846 2380 1239 2434 Eucltaristiam
1270 2381 1633 2450 suscipiendo,
1666 2382 1823 2435 fidem

247 2450 600 2506 conformare
648 2464 835 2515 suam,
884 2460 944 2504 ut
976 2452 1219 2518 quamvis
1267 2453 1421 2519 panis
1459 2460 1512 2505 et
1541 2452 1651 2505 vini
1704 2451 1823 2506 eleo

249 2531 439 2575 menta
482 2521 819 2591 solummodo
858 2522 1105 2575 sensibus
1138 2523 1472 2591 percipiant,
1505 2522 1661 2575 oculo
1689 2522 1827 2576 inte-

249 2592 404 2663 riore
439 2590 585 2653 fidei,
620 2590 897 2663 Christum
932 2591 984 2643 in
1014 2591 1117 2663 illis
1148 2592 1365 2663 videant
1389 2633 1403 2654 ,
1443 2600 1738 2663 agnoscant
1771 2602 1826 2646 et

248 2662 504 2731 adorent,
540 2661 993 2728 quemadmodum
1035 2660 1246 2731 latroiin
1288 2677 1449 2717 cruce
1480 2660 1627 2715 illuni
1659 2676 1826 2731 agno-

245 2732 347 2795 vit,
374 2729 626 2800 illiusque
652 2731 895 2799 exemplo
912 2732 1089 2785 dicant
1114 2749 1126 2784 :
1162 2730 1419 2786 Memento
1445 2732 1564 2799 mei,
1586 2729 1822 2795 Domine,

246 2818 372 2855 cum
422 2802 622 2855 veneris
673 2802 727 2853 in
767 2816 978 2870 regnum
1041 2812 1209 2856 tuum.
1255 2800 1543 2857 Vcrsiones
1581 2802 1826 2857 Arabica:

248 2872 484 2943 qtizein
548 2870 825 2943 codicibus
877 2870 1114 2941 Copticis
1164 2872 1446 2943 leguntur,
1503 2872 1823 2927 sententiain

249 2940 861 3010 eamdemexprimunt.

330 3010 445 3080 (15)
488 3009 594 3076 Qui
608 3009 614 3010 ⁷
628 3028 719 3078 per
751 3011 1160 3065 incarnationem
1191 3023 1335 3065 tuam
1378 3011 1823 3082 incomprehensi-

252 3082 412 3135 bilem
441 3082 752 3150 pia'parasti
780 3082 927 3134 nobis
971 3098 1156 3150 panem
1186 3082 1436 3136 ewlestem
1463 3124 1477 3147 ,
1505 3100 1689 3147 corpus
1723 3086 1819 3135 hoc

251 3164 407 3206 tuum
454 3162 714 3212 sanctum.
760 3151 810 3204 in
858 3153 1100 3221 mysterio
1139 3153 1379 3207 omnibus
1416 3154 1582 3206 modis
1614 3161 1816 3206 sancto.

253 3223 466 3276 Sensus
505 3222 661 3291 isiius
698 3221 959 3276 orationis
1000 3222 1222 3290 simplex
1255 3239 1268 3275 :
1321 3223 1444 3291 quia
1487 3222 1694 3277 scilicet
1738 3223 1820 3275 ln-

251 3292 508 3347 carnatio
554 3289 673 3362 Filii
731 3291 861 3356 Dei,
908 3289 1218 3362 mysterium
1276 3289 1818 3361 incoinpreltensibile

252 3370 366 3426 est,
405 3376 512 3430 quo
542 3361 697 3429 panis
728 3362 880 3415 vivus
910 3361 975 3416 de
1012 3364 1149 3416 cmlo
1181 3363 1456 3417 descendit
1485 3381 1498 3417 :
1530 3362 1684 3432 panis
1730 3378 1824 3416 au-

257 3444 369 3486 tem
402 3432 773 3486 sanctificatus
818 3432 869 3485 in
919 3432 1210 3497 altaribus,
1265 3442 1349 3487 est
1407 3448 1601 3501 corpus
1650 3435 1822 3501 ipsum

254 3508 404 3572 quod
438 3501 606 3554 Filius
648 3504 737 3556 Dei
771 3504 975 3569 accepit
1004 3517 1070 3555 ex
1104 3501 1268 3556 Maria
1306 3503 1555 3572 Virgine,
1598 3512 1651 3557 et
1684 3503 1823 3571 quod

254 3578 353 3627 dat
387 3572 545 3626 nobis
600 3573 652 3626 in
703 3583 1085 3643 sacramento,
1118 3583 1177 3626 ut
1218 3573 1318 3643 ipsi
1362 3574 1586 3641 Coptilm
1637 3582 1823 3642 postea

257 3650 691 3713 recognoscant,
736 3643 801 3713 _i_n
857 3642 1197 3697 confessione
1241 3642 1360 3712 Quae
1407 3643 1466 3697 fit
1512 3653 1637 3697 ante
1684 3644 1825 3696 illius

258 3710 681 3779 susceptionem.
736 3710 890 3766 Unde
940 3713 1137 3767 frustra
1191 3710 1318 3767 sunt
1369 3714 1435 3767 ad
1499 3715 1823 3768 sententiain

260 3784 421 3839 istius
444 3782 711 3852 orationis
744 3783 1150 3852 pervertendam
1174 3799 1363 3838 omnes
1398 3783 1747 3837 Albertiniani
1774 3793 1826 3837 et

260 3851 545 3909 Claudiani
584 3851 978 3907 commentarii.
1022 3852 1135 3906 Non
1167 3856 1307 3908 enim
1335 3854 1530 3908 dicitur
1558 3854 1669 3906 dari
1703 3869 1827 3907 cor-

260 3940 363 3993 pus
391 3919 594 3977 Christi
635 3925 689 3976 in
728 3935 1085 3988 sacramento,
1123 3923 1261 3992 quod
1293 3924 1520 3993 intelligi
1554 3935 1735 3993 posset
1763 3925 1828 3978 de

260 3995 456 4048 eodem
492 4001 740 4062 suscepto
768 4008 863 4062 per
896 3994 1051 4047 fidem
1072 4034 1087 4059 ,
1124 3997 1215 4049 sed
1244 3994 1343 4047 hoc
1375 4008 1601 4062 corpus,
1639 4009 1828 4062 nempe

262 4066 406 4133 quod
438 4065 696 4117 sacerdos
742 4064 794 4117 in
840 4063 989 4117 disco
1022 4064 1251 4132 positum
1284 4067 1534 4126 intuetur,
1580 4066 1830 4133 quodque

264 4149 393 4189 mox
425 4133 646 4187 elevans
666 4172 681 4194 ,
710 4143 765 4187 et
801 4134 1177 4187 demonsuans
1198 4173 1212 4199 ,
1250 4144 1475 4188 testatur
1503 4149 1623 4187 esse
1658 4136 1828 4201 ipsum

264 4219 456 4258 verum
498 4203 951 4275 COI‘pltSiClll‘lSll.
986 4202 1159 4275 Τοῦτο
1203 4203 1264 4256 τὸ
1306 4203 1470 4275 σῶμά
1494 4220 1585 4256 σου
1623 4202 1682 4275 8y
1706 4202 1829 4256 ἔθου

264 4275 324 4329 ὲν
361 4272 670 4345 μυστηρίῳ,
709 4273 778 4327 ita
813 4276 953 4345 enim
986 4272 1263 4343 legendum
1306 4272 1516 4328 videtur
1550 4276 1600 4327 in
1644 4273 1831 4345 Grmeo

266 4343 585 4416 exetiiplari,
620 4345 706 4397 ubi
737 4344 995 4416 scriptum
1037 4355 1118 4398 est
1148 4347 1204 4398 ὲν
1240 4346 1536 4416 μυστήριρν
1566 4343 1831 4416 πανάγιρν

1931 1749 2047 1809 nent
2098 1749 2385 1827 significat,
2422 1749 2713 1825 aliquando
2760 1753 2923 1827 etiam
2966 1749 3432 1827 sanctiﬁcationem
3474 1765 3499 1805 ε

1928 1818 2175 1881 alteram'
2202 1818 2432 1881 reddunt
2483 1818 2595 1895 ipsa
2646 1838 2776 1878 voce
2822 1820 3010 1876 Graeca
3047 1818 3349 1895 ayta§2tv,_
3378 1835 3498 1895 qua:

1928 1899 2169 1951 occurrit
2205 1898 2255 1951 in
2298 1890 2738 1957 Graeco-codice,
2781 1901 3010 1959 utroque
3062 1892 3114 1945 in
3150 1890 3288 1943 loco.
3324 1890 3499 1943 Arabs

1928 1966 2100 2022 Graeci
2130 1968 2330 2023 codicis
2358 1967 2626 2034 interpres
2647 1966 2837 2019 eadem
2871 1975 3167 2034 vocantia:
3196 1959 3274 2030 τῷ
3298 1959 3497 2034 dirigam

1970 2039 2146 2107 roprie
2185 2030 2515 2108 respondet,
2547 2050 2675 2108 usus
2712 2042 2839 2088 est:
2889 2031 2979 2085 alii
3020 2032 3288 2108 diversam
3341 2030 3498 2084 adhi-

1970 2054 2146 2107 I‘Opl'te
2185 2054 2513 2108 respondet,
2547 2054 2675 2091 usus
2712 2054 2839 2088 85!:
2889 2054 2979 2085 am
3020 2054 3288 2085 tltvcrsalu
3341 2054 3498 2084 auru-

1930 2054 2179 2181 liuerunt.
2226 2108 2305 2163 [ta
2334 2106 2734 2181 distinctionem
2760 2144 2776 2171 ,
2808 2115 2916 2181 non
2948 2100 3356 2181 quidetnplane
3403 2113 3498 2154 ne-

1928 2179 2253 2243 cessariam,
2340 2176 2737 2233 constituerunt
2808 2172 2950 2227 inter
3013 2171 3493 2243 sanctiﬁcatioiiem

1930 2238 2384 2321 suscipienti'um,
2450 2255 2505 2301 et
2556 2245 2819 2321 donorum
2877 2241 3316 2321 propositoruma
3360 2238 3495 2293 Nam

1928 2312 2145 2373 cavisse
2184 2312 2431 2373 videntur
2461 2312 2892 2386 quodammodo,
2924 2326 2991 2366 ne
3025 2312 3357 2386 comparatio
3388 2324 3495 2363 non

1927 2388 2059 2459 satis
2090 2390 2365 2459 aquuate
2419 2379 2807 2459 intelligeretur
2828 2422 2844 2449 ,
2881 2397 3003 2459 cum
3036 2379 3498 2459 sanctificationes

1929 2457 2126 2513 diversi
2158 2450 2379 2513 omnino
2412 2450 2627 2528 generis
2660 2456 2770 2528 sint
2808 2471 2822 2507 :
2878 2451 3037 2506 aliter
3052 2450 3219 2528 enini
3252 2450 3494 2528 sanctifi-

1928 2540 2121 2581 cantur
2149 2518 2441 2593 homines:
2473 2527 2632 2581 aliter
2668 2524 2805 2593 dona
2854 2522 3144 2593 proposita.
3166 2518 3293 2593 Sed
3339 2519 3497 2573 intel-

1929 2597 2097 2653 lectus
2129 2591 2674 2671 simplicissi_tnus__e_st
2699 2614 2711 2649 :
2740 2591 3176 2671 Utsanctiticasti
3205 2592 3344 2671 dona
3380 2604 3499 2671 pro-

1925 2674 2098 2736 posita
2127 2712 2142 2734 ,
2191 2660 2447 2738 singulari
2500 2666 2709 2738 scilicet
2754 2662 2964 2738 ratione
3006 2660 3497 2738 quam__5tiliju_nei:t

1927 2730 2089 2809 "verba
2118 2730 2387 2809 explicant
2410 2777 2424 2802 ,
2456 2738 2530 2792 ita
2562 2736 2628 2791 ad
2662 2732 2999 2804 suscipienda
3027 2730 3113 2785 illa
3147 2731 3303 2797 digne
3330 2730 3496 2784 Chri-

1927 2807 2135 2863 stianos
2174 2807 2501 2864 sanctifices.

1998 2878 2280 2945 Quomodo
2320 2887 2500 2951 autem
2530 2871 3112 2951 sa_nc_tificaveri_t__Deus
3144 2871 3283 2951 dona
3309 2884 3501 2951 prope

1927 2941 2041 3004 sita.
2058 2965 2180 3003 mox
2212 2949 2516 3017 exponitur,
2568 2944 2815 3017 faciendo
2854 2941 3061 3017 scilicet
3098 2956 3160 2996 ea
3210 2941 3500 3017 inuisibilia

1852 3038 1894 3096 ο
1927 3036 1991 3096 ea:
2020 3009 2307 3096 visibilibu}
2334 3009 2588 3096 ;_gem_a
2620 3018 2684 3070 ἐκ
2711 3013 2822 3067 τῶν
2856 3010 3089 3096 ὁρατῶν,
3124 3009 3497 3096 ntrltalietco-

1930 3093 2030 3145 dex
2077 3080 2609 3143 Graecusalllar‘omta
2643 3098 2832 3156 parum
2866 3080 3011 3137 recte
3033 3121 3049 3146 ,
3092 3090 3140 3135 et
3176 3080 3344 3148 fecisti
3378 3081 3499 3156 illas

1930 3177 2031 3214 non
2054 3159 2417 3222 adumbratas,
2451 3160 2542 3230 sed
2564 3152 2818 3227 quidquid
2838 3161 3054 3221 apparet
3080 3161 3174 3230 εει-
3187 3152 3498 3230 mysterium

1930 3241 2077 3283 tuum
2110 3220 2411 3297 spirituale,
2440 3220 2586 3281 nullo
2620 3220 2885 3297 setisu,_et
2910 3220 3340 3297 'c0titra‘C0ptici
3368 3223 3497 3297 Ara-
3565 3240 3572 3246 ·

1932 3292 2286 3371 liicoruutque
2314 3292 2556 3354 codicum
2591 3297 2771 3371 iidem.
2804 3292 3086 3371 sententia
3114 3292 3226 3345 haec
3246 3300 3329 3346 est
3356 3309 3370 3345 :
3393 3292 3499 3371 itas.

1931 3362 2218 3442 oblationes
2250 3369 2419 3442 [ecisti
2467 3384 2531 3442 ea:
2563 3369 2628 3421 iis
2666 3381 2781 3437 qua:
2822 3362 3150 3427 videbantur,
3192 3377 3303 3442 esse
3351 3362 3499 3442 aliud

1929 3441 2056 3510 quid
2078 3481 2091 3505 ,
2118 3439 2280 3512 _qu_od_
2302 3455 2404 3493 non
2432 3439 2632 3493 videtur
2658 3452 2675 3491 :
2708 3448 2900 3501 nempe
2930 3443 3096 3512 erant.
3124 3439 3396 3512 panisnet.
3415 3439 3499 3512 vi-

1932 3500 2088 3573 num,
2110 3500 2282 3563 feciSti
2326 3524 2418 3563 eas
2451 3523 2571 3565 esse
2600 3520 2794 3576 corpus
2825 3500 2878 3558 et
2910 3503 3226 3576 sanguinem
3269 3500 3496 3556 Christi.

1930 3581 2071 3634 Ante
2096 3578 2572 3634 sanetilicationem
2601 3575 2709 3650 seu
2734 3575 3221 3650 consecrationem,
3245 3579 3421 3650 erant,
3448 3582 3504 3624 et

1932 3651 2250 3705 videbantur
2296 3651 2451 3719 panis
2494 3657 2548 3702 et
2592 3649 2809 3719 vinum;
2855 3653 2979 3714 post
3014 3642 3501 3719 sanctificationem

1936 3729 2061 3774 sunt
2104 3709 2313 3789 corpus
2332 3728 2385 3775 et
2426 3718 2645 3789 sanguis
2668 3758 2685 3784 ,
2735 3709 2875 3785 qua!
2904 3713 3310 3789 non_videntu_r.
3342 3709 3500 3789 Nulia

1935 3791 2024 3845 hic
2050 3781 2395 3859 ambiguitas,
2424 3781 3066 3859 veraque—transmutatio
3097 3783 3150 3836 in
3179 3782 3296 3859 istis
3318 3781 3499 3835 verbis

1936 3851 2267 3928 agnoscitur,
2302 3851 2459 3927 longe
2506 3851 2713 3913 distans
2755 3858 2820 3928 ab
2854 3868 2915 3909 ea
2948 3868 3107 3928 quam
3145 3851 3317 3907 solam
3350 3860 3503 3928 veie-

1936 3920 2085 3985 ribus
2114 3939 2170 3985 et
2203 3920 2332 3999 ipsis
2374 3920 2600 3995 Coptitis
2647 3926 2907 3999 creditam
2953 3920 3159 3999 fuisse,
3190 3930 3298 3999 tam
3333 3920 3503 3999 auda-

1938 4011 2053 4055 cter
2106 3991 2406 4055 affirmabat
2454 3991 2775 4053 Salinasius.
2822 3997 2875 4048 ls
2918 4008 3066 4059 vero,
3115 3993 3161 4048 si
3210 3993 3347 4046 bona
3400 3991 3506 4045 fide

1937 4072 2173 4140 egisset,
2202 4086 2323 4125 cum
2357 4071 2543 4138 nugaci
2574 4077 2627 4123 et
2670 4066 2902 4140 absurda
2948 4063 3394 4140 inierpreiatione
3424 4062 3506 4114 in~

1940 4132 2272 4199 vocationem
2322 4132 2554 4212 Spiritus
2597 4138 2767 4193 sancti
2816 4133 2973 4212 hujus
3013 4132 3267 4212 Liturgim
3312 4140 3506 4185 conta-

1940 4157 2272 4199 vocationem
2322 4157 2359 4193 δ
2401 4157 2554 4193 Irttus
2597 4157 2767 4193 sancu
2817 4157 2973 4201 ιιιιιιιδ
3013 4157 3267 4202 ulturgta:
3312 4157 3504 4185 cuum-

1940 4212 2146 4264 minare
2180 4157 2458 4279 satageﬁat
2488 4248 2502 4273 ,
2530 4218 2842 4275 comparare
2866 4205 3013 4279 hanc
3046 4203 3351 4279 orationem
3380 4215 3504 4279 cum

1941 4281 2061 4342 ista,
2094 4291 2146 4333 et
2174 4270 2546 4347 cum'utraque
2579 4270 2730 4330 suam
2758 4272 3172 4347 explicationem
3217 4270 3500 4347 debuerat.

1941 4352 1998 4405 lii
2028 4350 2127 4404 ista
2154 4341 2509 4405 sanctificatio
2542 4341 3010 4404 Christianorum,
3040 4348 3093 4396 et
3132 4341 3299 4409 ipsius
3327 4350 3507 4409 sacer-

267 4417 327 4467 ὲν
356 4401 473 4476 τοῖς
505 4401 728 4490 ᾆτέασιν,
756 4401 1050 4490 ᾳιιὸιιβὶνθ
1096 4415 1184 4490 ad_
1213 4401 1652 4490 corpus'Chrisii
1698 4401 1838 4468 refe-
1870 4401 1914 4460 ί)
1943 4401 2461 4490 dotis?postulatur,
2517 4401 2576 4471 ut
2622 4419 2673 4469 in
2725 4415 2897 4490 prima
2944 4401 3207 4490 adventus
3270 4408 3507 4478 Spiritus

269 4499 446 4549 ratur,
479 4486 592 4538 sive
617 4485 682 4537 ad
713 4484 1049 4554 mysterium,
1076 4486 1298 4554 perinde
1329 4495 1430 4539 est.
1466 4485 1694 4538 Arabica
1725 4498 1842 4536 ver-

268 4557 351 4610 sio
376 4556 444 4607 ad
475 4570 671 4622 corpus
703 4553 901 4609 Christi
934 4553 1118 4608 refert.
1156 4553 1355 4621 Corpus
1380 4564 1524 4607 tuum
1554 4556 1670 4617 hoc,
1704 4554 1841 4622 quod

267 4636 345 4678 est
376 4625 793 4686 sacramentale;
824 4624 1307 4696 puernpttboag,_et
1343 4625 1553 4696 omnino
1578 4635 1839 4696 sanctum.

270 4695 383 4749 Vox
421 4698 564 4749 enim
588 4703 688 4753 ’Ὃ
716 4694 867 4760 serri,
900 4694 1041 4749 idem
1076 4694 1344 4765 significat
1372 4694 1514 4764 quod
1543 4694 1603 4747 τὸ
1638 4710 1846 4764 μυστηο

274 4766 471 4838 ριῶδες
500 4782 514 4795 ο
555 4775 609 4819 et
657 4766 747 4833 qui
797 4780 993 4838 corpus
1022 4766 1223 4838 Christi
1273 4767 1325 4819 in
1361 4776 1737 4838 sacramento,
1771 4765 1844 4817 ita

272 4836 538 4905 appellat,
597 4849 691 4903 per
739 4836 1123 4903 oppositioneni
1158 4836 1226 4888 ad
1281 4836 1525 4888 naturale
1552 4875 1564 4894 .
1601 4852 1707 4889 non
1749 4849 1844 4887 ne-

270 4917 360 4975 gat
419 4920 600 4958 veram
654 4913 707 4958 et
749 4906 945 4975 realem
981 4905 1220 4971 ejusdem
1270 4906 1512 4973 corporis
1562 4905 1615 4957 in
1665 4919 1848 4975 sacra-

273 4974 461 5030 mento
493 4976 856 5044 praesentiam.
890 4974 945 5028 id
977 4977 1056 5029 vel
1086 4990 1222 5029 unus
1252 4976 1563 5029 Gennadius
1590 4974 1723 5030 satis
1748 4974 1845 5026 de-

273 5056 562 5111 monstrat,
594 5046 681 5114 qui
715 5047 765 5100 itt
800 5045 1016 5098 humilia
1050 5062 1217 5114 nuper
1242 5047 1405 5108 edita,
1433 5045 1850 5099 cuintranssuh-

275 5117 679 5170 Stantiationetn
717 5118 997 5183 perspicue
1041 5118 1264 5179 doceat,
1304 5117 1514 5168 titulum
1566 5117 1707 5169 hunc
1759 5115 1846 5166 in-

275 5188 529 5259 Scripsit‘:
561 5186 696 5256 Περὶ
721 5185 1125 5256 μυστηριώδους
1154 5184 1401 5259 σώματος
1433 5184 1503 5256 (δ)
1526 5226 1539 5249 ,
1568 5196 1674 5259 θιίτἶ
1714 5183 1846 5238 Ver-

276 5260 458 5310 sioues
487 5256 735 5310 Arabicae
768 5259 1031 5323 duplicent
1067 5256 1247 5309 vocent
1275 5258 1550 5317 adhibent,
1583 5268 1635 5308 et
1665 5256 1845 5318 istam,

277 5338 329 5381 et
360 5329 521 5379 aliam
552 5342 672 5394 nine
700 5327 969 5397 significat
1000 5329 1050 5381 id
1083 5328 1224 5394 quod
1257 5327 1478 5397 Coptice
1508 5329 1765 5397 scribitur
1793 5327 1847 5377 in

280 5399 525 5466 mysterio
554 5412 571 5449 :
602 5397 663 5448 τὸ
699 5396 962 5465 πανάγιον
1011 5398 1251 5451 referunt
1281 5396 1346 5451 ad
1398 5412 1592 5466 corpus
1625 5396 1846 5450 Christi.

284 5465 540 5522 Maronita
575 5484 677 5520 non
712 5478 857 5522 recte
890 5478 1052 5522 lotam
1080 5469 1220 5522 hanc
1240 5465 1535 5523 orationem
1562 5468 1848 5534 expressit.

292 5535 512 5591 l'crbum
542 5537 843 5606 spirituale,
884 5540 971 5608 qui
997 5538 1150 5592 homo
1177 5539 1346 5607 [actus
1375 5556 1460 5602 es,
1494 5548 1538 5592 et
1574 5540 1708 5591 inter
1754 5542 1850 5589 Ito-

331 5710 391 5777 ι’)
422 5712 598 5774 Opust.
626 5712 708 5762 Gr.
738 5710 991 5761 Gennadii.

1944 4489 2113 4543 sancti
2133 4482 2159 4554 ,’
2175 4505 2333 4559 super
2361 4504 2453 4542 eos
2492 4497 2545 4542 et
2584 4482 2745 4559 super
2783 4483 2920 4536 dona
2952 4482 3259 4551 preposita:
3290 4492 3505 4559 nempe,

1946 4561 2019 4613 ait
2051 4549 2370 4625 Salmasius,
2402 4568 2458 4611 ut
2487 4549 2887 4625 sanctificemur
2914 4549 2968 4606 et
3001 4549 3382 4625 convertemus
3410 4549 3508 4602 has

1945 4630 2245 4685 oblationes
2270 4630 2320 4683 in
2358 4620 2553 4696 corpus
2578 4636 2634 4680 et
2664 4622 2978 4696 sanguinem
3023 4620 3224 4696 Christi
3262 4634 3277 4673 :
3318 4632 3510 4696 quam-

1948 4701 2048 4762 vis.
2080 4710 2135 4753 ιιι
2167 4714 2326 4769 supra
2355 4688 2791 4769 observavimus;
2815 4692 2951 4769 nihil
2994 4691 3170 4769 simile
3209 4690 3415 4758 legatur
3454 4688 3510 4743 in

1951 4780 2097 4823 textu
2142 4763 2359 4837 Coptica
2389 4778 2442 4821 et
2468 4768 2718 4821 Arabico.
2747 4763 2803 4837 In
2834 4764 2934 4817 ista
2965 4763 3211 4837 oratione
3252 4775 3372 4830 qua:
3404 4774 3513 4813 non

1949 4843 2105 4910 longo
2141 4832 2261 4907 post
2290 4840 2516 4910 primum
2547 4835 2837 4910 intervallo
2866 4835 3131 4910 sequitur,
3147 4832 3319 4910 plena
3346 4846 3506 4910 para-

1949 4900 2071 4963 doxvt
2120 4900 2441 4965 Salmasiani
2477 4908 2728 4961 refutatio
2770 4914 2872 4960 est.
2911 4902 3040 4958 Orat
3074 4900 3217 4957 enim
3260 4900 3514 4955 sacerdos

1954 4981 2148 5044 Deum,
2177 4990 2233 5034 ut
2275 4995 2331 5035 se
2364 4989 2418 5033 et
2464 4978 2878 5033 circumstantes
2927 4973 3262 5044 sanctificet,
3305 4980 3425 5025 non‘
3456 4982 3515 5023 ut

1950 5060 2265 5104 convertant
2304 5065 2399 5119 per
2448 5048 2885 5119 communionem
2930 5044 3196 5119 elementa
3228 5043 3281 5096 in
3317 5056 3515 5119 corpus

1952 5132 2002 5174 ct
2032 5113 2369 5191 sanguinein,
2397 5117 2848 5191 quatidoqitideni_
2869 5114 3113 5191 agnoscit
3129 5113 3516 5191 consecratio-

1952 5207 2071 5244 nent
2100 5182 2208 5259 ja'tn
2241 5182 2459 5253 factam,
2488 5204 2607 5243 cum
2634 5182 2776 5259 Deus
2798 5185 2885 5239 illa
2910 5182 3101 5259 fecerit
3129 5182 3416 5259 invisibilia
3447 5196 3517 5233 ex

1953 5254 2282 5327 visihiIihns;
2316 5269 2536 5327 totaque
2577 5257 2882 5327 verboruni
2907 5255 3077 5327 series
3104 5254 3353 5327 ostendai
3375 5287 3393 5315 ,
3423 5262 3518 5327 eos

1954 5333 2043 5401 qni
2072 5332 2159 5385 illa
2194 5319 2545 5401 pronuntiati}
2566 5370 2580 5392 ,
2621 5342 2818 5396 corpus
2844 5324 3043 5401 Christi
3070 5338 3306 5401 praesens
3340 5322 3390 5400 in
3438 5319 3519 5371 al-

1956 5392 2053 5455 tari
2080 5392 2219 5466 esse,
2248 5402 2489 5455 credere.
2516 5399 2685 5452 Porro
2716 5392 2834 5465 ante
2858 5396 2923 5451 de
2954 5392 3231 5466 Salinasio
3252 5392 3516 5455 diximus,

1955 5474 2019 5525 ad
2042 5461 2374 5527 Albertinoin
2396 5511 2410 5533 ,
2444 5470 2508 5523 ad
2540 5461 2818 5523 Claudium
2840 5507 2856 5532 ,
2909 5470 2975 5520 ad
3009 5461 3300 5539 discipulos
3328 5475 3516 5539 eorum

1957 5560 2057 5599 non
2096 5544 2269 5597 minus
2305 5543 2607 5612 pertinent,
2645 5539 2731 5608 qui
2785 5553 2905 5592 cunt
2950 5550 3116 5604 pauca
3155 5533 3525 5601 Liturgiaruut
