4100 6276
516 198 623 256 99'}

1570 204 1903 264 LITURGIA
1944 209 2002 265 S.
2046 207 2377 267 GREGORII
2418 209 2734 265 COPTICA.

3663 209 3773 266 δυσ

518 328 703 375 noster
732 316 859 374 Jesu
907 318 1141 375 Christe.
1176 320 1254 375 Tu
1281 335 1377 391 per
1410 320 1750 380 clementiam
1778 334 1921 380 tuam
1963 341 2080 380 ma-
2111 332 2160 391 Α
2188 327 2357 382 miles.
2392 326 2471 381 Tu
2503 342 2666 392 nunc,
2703 324 2953 389 Domine,
2993 339 3115 380 eum
3153 323 3395 380 levamus
3440 324 3624 381 oculos
3645 340 3771 381 cor-

520 427 679 481 gnam
739 409 912 465 fecisti
950 424 1046 465 nos
1093 411 1282 480 dignos
1333 411 1591 467 ﬁliatiouc
1634 428 1729 483 per
1765 414 2087 485 baptismum

521 513 790 568 sanctum,
809 512 864 557 et
893 502 1121 559 docuisti
1153 519 1251 559 nos
1285 504 1510 559 formam
1538 507 1795 561 orationis
1824 508 2086 579 mysticae,

520 605 578 649 ut
620 610 715 664 per
741 609 857 648 eam
892 594 1267 650 invocaremus
1307 594 1520 651 Patrem
1572 605 1745 651 tuum.
1799 598 1877 653 Tu
1926 615 2088 665 nunc,

520 688 764 751 Domine,
798 685 885 741 fac
919 701 1017 742 nos
1056 687 1262 755 dignos,
1314 696 1375 742 ut
1421 690 1751 745 conscientia
1791 692 1986 746 munda
2034 702 2090 748 et

520 778 847 844 cogitatione
880 777 1045 843 bona,
1075 781 1531 847 quemadmodum
1572 780 1725 836 decet
1766 782 1929 848 ﬁlios,
1966 799 2085 837 cum

519 869 785 923 desiderio
810 878 865 923 et
897 868 1111 933 ﬁducia,
1145 870 1438 924 audeamus
1468 871 1720 926 invocare
1772 872 1935 926 Deum
1979 873 2085 927 Pa-

521 970 654 1013 trem
682 967 1092 1014 tuumsanetum
1125 959 1214 1028 qui
1251 970 1332 1014 est
1359 960 1413 1014 in
1443 960 1593 1016 cmlis
1619 971 1671 1016 et
1697 963 1936 1018 dicamus
1960 979 1974 1015 :
1999 962 2089 1017 Pa-

522 1061 600 1104 ter
631 1059 834 1117 noster,
868 1061 974 1106 etc.

926 1140 1115 1196 Oratio
1146 1151 1261 1211 post
1300 1142 1458 1198 Pater
1483 1152 1686 1199 noster.

593 1231 802 1296 Etiam,
861 1231 1117 1295 Domine,
1175 1232 1265 1300 qui
1311 1232 1503 1287 dedisti
1559 1233 1713 1288 nobis
1766 1242 2098 1302 potestatem-

518 1325 754 1378 calcaudi
782 1334 1057 1392 serpentes
1084 1332 1139 1379 et
1163 1325 1497 1394 scorpiones,
1516 1334 1569 1380 et
1589 1340 1804 1380 omnem
1831 1326 2084 1381 virtutem

522 1417 754 1481 inimici,
793 1426 1014 1472 contere
1056 1417 1233 1487 capita
1290 1416 1404 1485 ejus
1451 1417 1548 1472 sub
1602 1417 1828 1487 pedibus
1876 1419 2080 1473 nostris

518 1506 796 1571 velociter,
815 1515 869 1560 et
894 1505 1090 1576 repelle
1121 1521 1149 1560 a
1182 1506 1337 1561 nobis
1363 1521 1548 1562 omnes
1582 1506 1699 1575 ejus
1731 1508 2083 1579 cogitationes

519 1597 711 1662 malas,
739 1599 1035 1652 contrarias
1075 1597 1228 1653 nobis
1265 1617 1277 1651 :
1312 1604 1367 1652 tu
1407 1613 1465 1653 es
1505 1600 1651 1653 enim
1694 1599 1806 1654 llex
1845 1601 2082 1654 omnium

2193 420 2339 473 dium
2382 431 2687 475 nostrorum
2729 419 2793 473 ad
2826 427 2897 486 te,
2944 418 3191 484 Domine,
3245 419 3335 488 qui
3393 418 3622 473 remittis
3665 419 3771 472 ini-

2191 510 2425 578 quitates
2477 520 2714 575 nostras,
2767 510 2856 579 qui
2922 509 3140 565 redimis
3202 510 3271 563 de
3321 509 3543 565 interitu
3596 511 3767 565 vitam

2191 608 2474 666 nostram;
2509 602 2800 655 adoramus
2830 598 3258 655 misericordiam
3290 607 3435 655 tuam
3475 600 3769 655 inenarra-

2190 690 2375 757 bilem,
2423 706 2778 762 rogamusque
2839 701 2912 756 te,
2946 700 3002 745 ut
3046 692 3311 747 concedas
3366 692 3524 746 nobis
3566 707 3765 763 pacem

2194 792 2358 837 tuam.
2419 783 2615 838 Omnia
2672 784 2825 839 nobis
2873 784 3089 848 dedisti,
3146 785 3364 852 acquire
3410 799 3508 837 nos
3572 783 3693 850 tibi,
3735 797 3773 836 ο

2190 874 2370 942 Deus;
2429 891 2603 945 neque
2649 877 2792 931 enim
2839 876 2997 929 alium
3055 875 3302 929 novimus
3347 885 3543 944 printer
3595 884 3669 940 te,
3713 886 3771 929 et

2189 982 2384 1022 nomen
2413 976 2561 1022 tuum
2591 978 2835 1023 sanctum
2868 968 3298 1035 pronuntiamus.
3341 967 3606 1022 Converte
3638 981 3767 1029 nos,

2191 1059 2355 1125 Deus,
2384 1060 2449 1114 ad
2479 1062 2724 1115 timorem
2758 1070 2930 1123 tuum,
2955 1069 3007 1113 et
3037 1059 3361 1112 desiderium
3398 1059 3509 1125 tui;
3552 1067 3608 1114 et
3636 1074 3771 1113 cou-

2188 1150 2319 1205 cede
2367 1159 2423 1204 ιιι
2464 1151 2843 1220 perveniamus
2882 1151 2948 1204 ad
2980 1149 3293 1204 fruitionem
3328 1148 3586 1203 bonorum
3639 1158 3773 1201 tuo-

2188 1258 2331 1297 rum.
2363 1241 2425 1296 Et
2448 1244 2536 1312 qui
2572 1244 2966 1299 inclinaverunt
3003 1243 3175 1312 capita
3208 1257 3303 1296 sua
3338 1242 3437 1295 sub
3457 1255 3616 1294 manu
3644 1234 3780 1302 tua,’

2188 1331 2383 1385 cxtolle
2408 1346 2501 1387 eos
2550 1332 2605 1385 in
2633 1331 2795 1401 hujus
2820 1336 2942 1385 vitae
2985 1331 3215 1385 decursu
3246 1348 3260 1382 :
3292 1344 3425 1382 orna
3458 1343 3550 1383 eos
3583 1328 3767 1382 virtu-

2190 1424 2352 1487 tibus,
2386 1434 2439 1479 et
2496 1437 2688 1494 priBSla
2739 1436 2796 1478 ιιι
2836 1438 3026 1479 omnes
3082 1423 3225 1491 digni
3266 1421 3436 1477 simus
3472 1437 3637 1491 regno
3672 1431 3773 1475 tuo

2188 1515 2419 1580 cmlesti,
2452 1529 2548 1586 per
2573 1516 2969 1584 beneplacitum
3004 1514 3094 1568 Dei
3144 1512 3319 1567 Patris
3354 1514 3428 1567 tui
3459 1513 3603 1577 boni,
3639 1528 3769 1567 cum

2188 1620 2295 1673 quo
2324 1615 2378 1659 tu
2409 1621 2467 1661 es
2495 1608 2839 1672 benedictus,
2877 1615 2932 1661 et
2981 1619 3104 1659 eum
3147 1605 3346 1674 Spiritu
3379 1614 3563 1659 sancto
3590 1604 3773 1658 viviﬁ-

521 1699 784 1755 nostrum,
821 1690 1033 1744 Christe
1072 1690 1212 1744 Deus
1243 1699 1427 1745 noster
1459 1707 1473 1743 :
1512 1700 1565 1745 et
1608 1702 1659 1745 tu
1689 1707 1749 1747 cs
1777 1694 1860 1747 cui
1916 1696 2085 1748 mitti-
2120 1684 2162 1737 Β
2191 1706 2372 1763 caute,
2405 1696 2604 1765 tibique
2632 1694 3101 1758 consubstantiali,
3133 1709 3297 1759 nunc,
3324 1703 3431 1749 etc.

518 1799 638 1839 mus
668 1783 898 1850 laudem,
925 1793 1029 1838 etc.

588 1878 845 1934 Sacerdos
882 1877 1007 1929 dicit
1038 1876 1323 1930 orationem
1355 1875 1744 1932 Inclinationis.

586 1970 870 2024 Diaconus.
904 1969 1160 2024 luclinate
1195 1971 1371 2038 capita
1406 1980 1584 2023 vestra
1618 1970 1863 2024 Domino.

587 2063 687 2130 Tn,
726 2063 968 2127 Domine,
1002 2063 1324 2118 iuclinavisti
1362 2064 1529 2119 cmlos
1564 2073 1616 2118 et
1645 2063 1991 2128 descendisti,
2028 2071 2083 2117 et

516 2156 837 2211 incarnatus
862 2171 920 2211 es
951 2168 1169 2226 propter
1202 2156 1430 2212 salutem
1473 2156 1683 2224 generis
1728 2155 1945 2209 humani
1981 2170 1996 2209 :
2028 2166 2079 2210 tu

514 2249 671 2302 sedes
701 2264 863 2317 super
892 2249 1172 2303 cherubim
1207 2258 1261 2303 et
1289 2248 1587 2319 scraphim,
1622 2248 1954 2318 respicisque
1981 2250 2080 2302 htt-

515 2430 826 2486 testimonia
878 2431 1161 2496 vellicent,
1205 2439 1263 2485 ut
1313 2431 1643 2487 obscuritate
1693 2432 1917 2501 alicujus
1969 2433 2070 2488 loci

516 2502 827 2570 abutantur,
888 2502 1167 2570 perspicua
1221 2512 1276 2556 et
1339 2517 1459 2569 quae
1525 2504 1737 2557 illorum
1807 2504 2073 2559 novitates

517 2569 761 2641 funditus
788 2569 1057 2633 evertunt,
1091 2584 1157 2623 ne
1186 2571 1420 2627 indicant
1449 2573 1685 2641 quidem.

589 2640 843 2712 Sequitur
876 2642 937 2712 ini
961 2641 1147 2695 eadem
1180 2642 1442 2704 oratione,
1480 2653 1527 2696 et
1572 2642 1817 2712 mysteria
1861 2643 1952 2697 tibi
1982 2644 2079 2698 soli

517 2709 749 2781 cognita.
802 2709 1094 2781 luCrmco
1154 2720 1302 2766 textu
1347 2715 1435 2776 qui
1486 2709 1767 2766 manifeste
1820 2715 2075 2768 vitiosam

516 2780 1035 2853 scripturamhhabet
1063 2783 1335 2853 μυστήρια
1365 2782 1438 2840 ὧν
1464 2782 1782 2853 προνοοῦσιν
1806 2784 1947 2836 αὐτὰ
1978 2802 2078 2849 σοι,

515 2851 689 2923 Κύριε
715 2890 729 2915 ,
762 2850 906 2904 ιιιιΙΙο
927 2865 1085 2923 sensu
1109 2869 1125 2916 ;
1145 2850 1285 2923 hunc
1316 2850 1578 2920 expressit
1598 2855 1769 2906 Arabs
1801 2856 2062 2921 interpres

515 2921 620 2991 per
648 2923 891 2991 mysteria
926 2921 1231 2991 invisibilia,
1266 2924 1523 2980 intellecta
1554 2924 1666 2986 tibi,
1707 2923 1945 2976 Domine.
1978 2925 2079 2979 Co-

2264 1788 2523 1845 Sacerdos
2561 1790 2695 1844 dicet
2736 1791 3024 1843 orationem
3066 1788 3417 1842 Absolutionis
3443 1788 3511 1841 ad
3539 1786 3770 1842 Filium.

2194 1882 2417 1938 Domine
2474 1882 2599 1939 Jesu
2661 1884 2875 1939 Christe
2896 1881 2998 1937 Fili
3018 1883 3309 1952 unigenite,
3341 1889 3468 1947 etc.,
3498 1891 3551 1934 ut
3579 1881 3633 1934 in
3667 1879 3772 1934 Li-

2191 1977 2362 2047 turgia
2385 1980 2551 2031 sancti
2572 1978 2775 2032 Basilii.

2258 2066 2519 2122 Sacerdos
2551 2069 2678 2121 dicit
2718 2068 3125 2137 Confessionem.

2256 2158 2465 2228 Corpus
2515 2161 2891 2232 sanctum(l5)
2935 2171 2989 2216 et
3032 2161 3252 2231 sanguis
3311 2161 3585 2231 pretiosus
3633 2158 3773 2215 Jesu

2187 2251 2387 2307 Christi
2418 2252 2539 2307 Filii
2569 2253 2665 2307 Dei
2696 2254 2885 2308 nostri.
2912 2252 3231 2325 Amen(lﬁ).

2191 2449 2311 2488 nem
2352 2433 2740 2505 Eucharistiae,
2775 2432 2991 2505 Griece,
3030 2431 3253 2505 Latine,
3292 2432 3549 2505 Syriace,
3581 2429 3767 2505 Egy-

2192 2506 2388 2574 ptiace.
2415 2504 2739 2572 Ethiopice,
2783 2504 3034 2567 Persice,
3069 2512 3160 2556 aut
3191 2502 3514 2557 Armenice?

2263 2575 2367 2629 Sed
2404 2576 2530 2628 illud
2565 2576 2789 2628 minoris
2826 2575 3081 2627 momenti
3112 2584 3191 2627 est
3224 2591 3239 2626 :
3279 2587 3340 2626 ea
3371 2588 3489 2640 qua:
3531 2572 3760 2639 subjun-

2189 2645 2285 2715 git,
2318 2646 2536 2698 mentita
2557 2685 2571 2707 ,
2604 2644 2735 2699 falsa
2755 2684 2770 2707 ,
2800 2644 3062 2715 plenaque
3088 2643 3319 2715 erroris,
3353 2642 3683 2715 ignorantia:
3703 2654 3765 2697 et

2187 2713 2813 2778 t‘etnerilatis,excusari
2848 2713 2991 2766 nulla
3021 2713 3227 2766 ratione
3262 2722 3504 2781 possunt,
3548 2713 3651 2767 nisi
3681 2728 3753 2767 ex

2189 2788 2427 2838 auctoris
2455 2786 2744 2851 imperitia,
2775 2784 3196 2853 qumcxcusatio
3226 2782 3541 2853 Ιοςιιηιγιιοῐι
3571 2783 3756 2836 habet.

2188 2854 2320 2921 Quis
2347 2856 2488 2908 enim
2511 2856 2736 2921 cogebat
2770 2852 3061 2916 hominem,
3095 2853 3184 2920 qui
3219 2853 3269 2905 in
3304 2852 3538 2905 Ecclesia
3575 2854 3766 2907 catltoo

2191 2927 2291 2980 lica
2328 2935 2482 2977 natus
2508 2932 2561 2977 et
2592 2926 2893 2991 baptizatus
2918 2923 3115 2975 avitam
3145 2922 3300 2975 ﬁdem
3326 2921 3636 2991 juveniliter
3664 2924 3761 2977 de-

518 2989 657 3063 ptica
694 2989 889 3045 lectio:
916 2989 987 3043 Et
1018 2992 1266 3060 mysteria
1291 3009 1406 3063 ante
1454 2994 1543 3045 tibi
1576 2994 1777 3061 cognita
1805 3005 1942 3053 sunt,
1975 2995 2077 3048 Do-
2108 3004 2151 3060 ο
2186 3005 2450 3055 seruerat,
2478 2994 2543 3048 de
2572 2989 2732 3050 rebus
2765 2992 3079 3057 theologicis
3116 2990 3397 3063 scribere?

515 3062 677 3137 mine,
715 3078 1054 3137 μὶμυᾳτξηριον
1098 3078 1217 3116 ετον
1247 3062 1444 3137 μερνοιη
1492 3080 1683 3137 tantum)
1709 3080 1858 3137 nm):
1899 3082 2077 3129 πενος.

516 3130 708 3202 Vcrsio
740 3130 968 3187 Arabica
997 3130 1465 3202 :rmysterio'plen'a
1494 3130 1651 3202 quod
1681 3130 1773 3185 tibi
1820 3137 2081 3200 cognitum

515 3211 623 3272 est,
645 3201 908 3256 Domine:
940 3201 1076 3256 male
1104 3203 1363 3259 Maronita
1398 3220 1411 3258 :
1443 3201 1743 3272 mysterium
1784 3204 2078 3268 spirituale.

516 3271 798 3326 Sententia
842 3286 905 3327 ex
941 3273 1369 3340 praecedentibus
1402 3271 1515 3328 haec
1541 3283 1642 3326 est.
1696 3271 1891 3326 Fecisti
1933 3275 2081 3327 obla-

515 3343 693 3397 tiones
726 3343 1020 3397 invisibiles
1042 3357 1108 3397 ex
1147 3344 1477 3408 visibilibus,
1513 3353 1567 3396 et
1593 3345 1903 3413 mysterium
1925 3384 1940 3409 ,
1969 3346 2083 3398 sive

515 3427 613 3479 per
639 3414 951 3482 mysterium
986 3414 1126 3480 quod
1158 3414 1337 3480 solus,
1376 3415 1619 3477 Domine,
1655 3413 1927 3480 intelligis,
1958 3430 2078 3467 cum

520 3483 767 3554 humana;
798 3483 994 3537 mentis
1024 3484 1176 3554 vires,
1204 3494 1439 3552 superet.
1483 3482 1612 3537 Nam
1660 3485 1906 3554 προνοεῖν
1940 3486 2079 3551 quod

516 3561 601 3605 est
641 3552 693 3605 in
728 3551 916 3624 ϐιωςο
942 3560 1113 3614 testu.
1145 3551 1420 3622 Copticus,
1454 3563 1512 3608 ut
1557 3551 1825 3620 superius,
1850 3555 2081 3624 explicat

518 3636 615 3689 per
640 3638 820 3693 epvow
850 3623 950 3676 hoc
988 3633 1071 3676 est
1110 3625 1271 3686 νοεῖν,
1308 3625 1515 3677 Arabes
1548 3637 1642 3693 per
1681 3638 1741 3675 ea
1769 3623 1929 3677 verba
1964 3640 2082 3693 quae

517 3692 832 3762 intelligere,
864 3702 909 3743 et
940 3695 1408 3762 animorconcipere
1436 3692 1761 3762 signiﬁcant.

590 3761 700 3833 (15)
742 3760 816 3833 De
846 3761 932 3815 illa
968 3761 1178 3833 eximia,
1204 3760 1307 3833 nec
1353 3760 1515 3817 ullius
1547 3762 1615 3833 ad
1658 3761 2080 3833 Proteslautium

518 3831 753 3884 mentem
787 3831 1245 3897 interpretationis
1269 3847 1464 3899 capace
1487 3831 1848 3895 confessione,
1875 3833 2076 3885 dictum

519 3909 604 3955 est
644 3900 711 3954 ad
746 3899 1039 3969 Liturgiam
1083 3899 1140 3953 ὃ.
1180 3902 1395 3964 Basilii;
1438 3917 1605 3969 pauca
1644 3908 1845 3954 tantum
1898 3903 2081 3956 obser-

517 3970 801 4037 vabimus,
833 3986 954 4038 qua».
1001 3970 1067 4024 ad
1118 3971 1272 4024 istam
1318 3972 1531 4040 proprie
1572 3982 1835 4037 spectant.
1896 3972 2083 4025 Exstat

516 4040 575 4094 in
612 4054 675 4093 ea
712 4041 823 4107 ipsa
860 4040 1096 4110 Liturgia
1134 4055 1293 4109 quam
1332 4042 1517 4099 citavit
1548 4041 1867 4104 Salmasius,
1911 4054 1967 4094 nt
1996 4058 2083 4095 ar-

516 4119 771 4176 gumenta
805 4111 1302 4165 subministrantem
1325 4148 1342 4175 ,
1375 4111 1568 4179 quibus
1605 4119 1659 4164 ct
1699 4112 1991 4166 Catholicis
2023 4128 2083 4165 os

516 4180 910 4244 occluderetur,
941 4189 990 4234 et
1018 4179 1362 4235 Calvinistica
1386 4195 1547 4235 causa
1571 4180 1947 4249 triumpharet.
1973 4181 2083 4235 Cur

515 4250 681 4320 igitur
714 4250 777 4304 de
812 4252 910 4304 ista
951 4249 1287 4305 confessione
1320 4254 1390 4305 ita
1432 4250 1640 4305 locutus
1665 4260 1747 4305 est
1786 4252 1838 4303 in
1881 4268 1973 4306 sua
2015 4253 2079 4304 ad

516 4320 773 4374 Dallazum
802 4321 1046 4390 epistola,
1081 4331 1139 4374 ut
1166 4322 1427 4388 integram
1462 4321 1758 4375 orationem
1795 4337 1897 4375 non
1929 4332 2079 4374 retu-

480 4391 662 4458 olerit,
699 4393 840 4460 quod
877 4402 993 4445 erat
1024 4399 1204 4445 tamen
1242 4391 1626 4455 necessarium,
1667 4401 1721 4445 et
1758 4401 1937 4444 notam
1974 4391 2075 4443 fal-

516 4462 788 4515 sissimam
864 4461 1152 4529 adjecerit?
1220 4460 1395 4516 Verba
1448 4460 1563 4528 ejus
1628 4471 1752 4516 sunt
1808 4478 1821 4514 :
1879 4480 1897 4511 ι
1954 4460 2080 4514 Post

514 4530 932 4585 celebrationem
985 4531 1193 4593 Cmute,
1248 4539 1302 4585 et
1339 4532 1799 4602 participationem
1843 4532 1958 4601 ejus
2002 4532 2080 4584 fa-

514 4612 679 4663 ctam,
711 4602 848 4655 idem
892 4602 1142 4655 sacerdos
1175 4601 1395 4665 mouet,
1438 4601 1488 4654 id
1520 4604 1663 4671 quod
1710 4618 1737 4654 a
1778 4604 2077 4656 cuminuni-

516 4671 764 4725 cantibus
792 4681 1102 4741 susceptum
1128 4680 1230 4736 est,
1250 4686 1444 4741 verum
1474 4687 1593 4725 esse
1632 4687 1828 4741 corpus
1865 4682 1918 4725 et
1955 4687 2081 4726 san-

516 4742 732 4809 guinem
765 4742 963 4795 Christi
987 4781 1004 4803 ,
1036 4741 1087 4794 id
1121 4751 1204 4793 est
1238 4740 1466 4794 fructum
1501 4741 1623 4795 vitis
1671 4740 1841 4803 verae,
1872 4743 1959 4810 qui
1995 4752 2080 4796 est

517 4810 799 4874 Christus,
834 4814 903 4862 ita
950 4811 1260 4879 signiﬁcans
1283 4850 1298 4873 ,
1326 4811 1509 4863 viuum
1541 4812 1742 4873 ealicis,
1785 4828 1886 4865 non
1920 4812 2077 4865 aliter

514 4879 698 4934 vocari
751 4878 1067 4948 Sanguinem
1111 4878 1322 4950 Domitii
1374 4893 1596 4950 verum,
1647 4896 1807 4948 quam
1858 4890 1914 4934 ut
1962 4882 2076 4950 ipse

513 4963 697 5029 veram
736 4963 794 5003 se
829 4947 1010 5029 vitem
1037 4949 1341 5029 appellavit.
1384 4967 1403 4998 ι
1440 4947 1696 5029 Excusari
1735 4964 1863 5029 sane
1896 4947 2075 5029 Calvio

515 5019 657 5088 uisui
692 5028 890 5088 poteSI,
921 5018 1229 5073 Calviuistae
1256 5018 1477 5087 loquens
1507 5018 1571 5070 de
1605 5034 1700 5071 usu
1728 5020 1953 5073 ridiculo
1981 5035 2073 5074 v0-

515 5090 595 5143 cis
624 5087 827 5159 Cui-nte,
870 5093 934 5141 ad
963 5089 1253 5159 Liturgiam
1273 5128 1288 5152 ,
1322 5097 1594 5155 totamque
1618 5103 1826 5141 sacram
1864 5090 2073 5159 Eucha-

514 5158 683 5213 ristia:
740 5158 1073 5212 celebranda:
1126 5157 1409 5212 actionem
1466 5158 1893 5226 siguilicandam.
1969 5157 2073 5213 Sed

514 5246 635 5283 cum
668 5228 876 5296 publice
902 5228 1163 5293 scribunt,
1199 5228 1274 5281 uti
1310 5227 1505 5283 debent
1533 5227 1638 5282 illis
1669 5229 1907 5294 vocibus,
1942 5244 2074 5298 quas

514 5300 765 5353 universa
800 5297 1036 5353 Ecclesia
1068 5312 1164 5351 usu
1194 5313 1299 5352 non
1332 5299 1631 5367 interrupto
1654 5299 1939 5352 multorqu
1964 5297 2076 5353 ste-

513 5370 760 5422 eulorum
809 5367 1185 5435 consecravit;
1236 5383 1358 5422 cum
1409 5368 1548 5423 nulla
1596 5382 1728 5436 gens
1768 5369 2070 5423 Christiana

512 5439 883 5508 cujuscunque
939 5438 1074 5492 ritus
1115 5448 1169 5492 et
1214 5437 1442 5506 linguas,
1492 5442 1562 5492 ita
1612 5439 1786 5493 locuta
1837 5454 2070 5508 unquam

513 5510 681 5562 fuisse
726 5507 1047 5577 reperiatur.
1097 5507 1302 5563 Cedant
1350 5508 1540 5562 eruditi
1593 5509 1698 5574 illi,
1730 5509 1821 5577 qui
1870 5507 2069 5563 tantam

513 5577 864 5633 Orientalium
912 5581 1210 5647 linguarum
1251 5578 1495 5646 peritiam
1543 5579 1739 5645 ubique
1778 5588 2067 5643 ostentant,

516 5660 791 5709 auctorem
833 5646 1033 5721 ulluni,
1060 5650 1151 5720 qui
1180 5646 1393 5704 Coenam
1435 5650 1707 5707 vocaverit
1749 5649 2067 5705 celebratio-

2253 3064 2438 3119 Oratio
2476 3079 2595 3132 quae
2637 3063 3030 3119 confessionem
3080 3062 3354 3122 continet,
3405 3076 3508 3113 non
3559 3060 3760 3115 dicitur

2184 3145 2306 3202 post
2347 3134 2763 3190 celebrationem
2806 3132 3077 3199 Liturgize,
3127 3147 3299 3198 neque
3342 3139 3462 3198 post
3512 3144 3763 3185 commu-

2184 3206 2435 3268 nionem,
2489 3206 2582 3257 sed
2631 3215 2921 3272 antequam
2971 3217 3034 3256 ea
3076 3202 3479 3272 distribuatur:
3533 3211 3611 3272 ut,
3642 3203 3759 3269 ipsa

2184 3274 2380 3327 rituum
2418 3275 2589 3328 series
2630 3269 3046 3329 satis'iudicat:
3095 3273 3228 3325 adeo
3278 3279 3338 3323 ut
3386 3269 3756 3338 Salinasiutn,

2182 3354 2276 3396 aut
2310 3342 2605 3413 Liturgiatn
2640 3359 2746 3398 non
2795 3343 2988 3412 legisse
3014 3351 3299 3413 oporteat,
3343 3351 3438 3393 aut
3481 3340 3754 3413 neminem

2184 3413 2419 3467 futurum
2451 3411 2794 3467 existimasse
2816 3453 2832 3477 ,
2856 3411 2981 3481 ’qui,
3019 3411 3188 3465 oculis
3218 3412 3269 3464 in
3300 3424 3423 3465 eam
3467 3411 3754 3479 conjectis,

2184 3484 2302 3537 falsi
2335 3499 2455 3537 eum
2483 3483 2771 3537 testimonii
2808 3497 2958 3536 remn
2995 3491 3327 3550 agnosceret.

2252 3552 2437 3621 Neque
2470 3554 2646 3608 minus
2673 3553 2805 3607 falso
2828 3551 3076 3616 allirmat,
3108 3566 3138 3605 a
3170 3554 3451 3609 sacerdote
3480 3550 3586 3605 dici
3630 3562 3753 3619 post

2183 3623 2615 3677 communionem
2642 3662 2657 3687 ,
2701 3624 2750 3675 ili
2780 3624 2920 3690 quod
2952 3636 2980 3674 a
3011 3621 3538 3676 eommunicantibus
3568 3635 3755 3676 susce-

2183 3706 2329 3761 ptum
2364 3702 2482 3758 est,
2518 3709 2627 3746 esse
2665 3709 2849 3760 corpus
2894 3701 2940 3745 et
2979 3694 3284 3761 sanguinem
3328 3692 3546 3752 Christi,
3578 3690 3637 3743 id
3674 3701 3753 3745 est

2181 3760 2412 3830 fructum
2452 3763 2569 3816 vitis
2602 3779 2771 3827 verte,
2801 3778 2917 3831 qua:
2965 3770 3039 3814 est
3085 3760 3345 3815 Christus.
3378 3763 3559 3829 Neque
3605 3764 3751 3814 enim

2181 3834 2471 3901 quidquam
2513 3833 2686 3887 simile
2738 3832 2934 3901 legitur
2970 3831 3024 3884 in
3073 3831 3406 3901 orationibus
3449 3831 3749 3900 gratiarum

2180 3900 2408 3957 actionis
2446 3921 2459 3957 :
2500 3913 2553 3957 et
2588 3917 2712 3956 cum
2762 3900 3014 3956 sacerdos
3059 3901 3230 3965 dicit:
3286 3900 3402 3955 Hoc
3447 3909 3520 3954 est
3561 3916 3755 3969 corpus

2182 3988 2354 4025 rerum
2382 3984 2427 4026 et
2461 3974 2674 4040 sanguis
2704 3974 2961 4041 pretiosus
2981 4010 2995 4034 ,
3027 3970 3224 4024 Christi
3250 3970 3346 4025 Dei
3388 3971 3585 4031 nostri,
3617 3982 3750 4034 etc.,

2183 4044 2296 4096 hsec
2325 4045 2575 4096 dicuntur
2619 4054 2744 4094 ante
2788 4042 3243 4096 commtmiouem.
3284 4042 3752 4095 Communicaturi

2184 4113 2542 4181 respondent,
2573 4122 2862 4180 antequam
2893 4126 3044 4163 sacra
3085 4112 3338 4181 mysteria
3379 4112 3751 4179 susceperint,

2183 4180 2253 4232 ita
2278 4180 2506 4236 credere
2534 4196 2617 4241 se,
2644 4190 2698 4235 et
2721 4183 3022 4235 credituros
3047 4180 3113 4233 ad
3157 4180 3402 4233 ultimum
3433 4196 3605 4248 usque
3627 4182 3753 4233 vitae

2182 4252 2428 4317 Spiritum
2454 4291 2469 4315 ,
2501 4252 2601 4305 hoc
2625 4253 2766 4319 quod
2797 4252 2980 4304 vident
3013 4252 3063 4302 in
3096 4252 3391 4304 sacerdotis
3421 4250 3753 4305 celebrantis

2112 4355 2157 4411 Β
2186 4337 2343 4411 manu
2369 4361 2383 4385 ,
2423 4323 2565 4391 quod
2598 4322 2879 4411 episcopus
2912 4330 2989 4411 et“
3004 4323 3278 4411 sacerdos,
3320 4335 3441 4411 cum
3492 4321 3752 4411 Drltijllall-

2185 4401 2289 4453 tur,
2345 4390 2504 4443 manu
2548 4390 2884 4459 suscipiunt,
2927 4405 3101 4457 neque
3153 4391 3328 4442 adhuc
3362 4390 3441 4444 ori
3496 4390 3751 4443 admove-

2180 4472 2307 4514 runt
2329 4501 2343 4521 ,
2374 4476 2495 4514 esse
2528 4475 2720 4527 corpus
2748 4471 2798 4513 et
2847 4460 3159 4528 sanguinem
3207 4460 3411 4512 Domini
3439 4498 3453 4522 ,
3483 4469 3537 4511 et
3569 4471 3751 4513 tamen

2177 4547 2243 4582 ex
2304 4531 2583 4601 ltypothesi
2628 4530 2986 4593 Salmasiana,
3027 4529 3164 4580 dona
3212 4530 3751 4599 propositn,npoxsi-

2181 4600 2503 4669 μεναίιιιὶιιι
2533 4602 2708 4653 adhuc
2748 4610 2911 4661 sunt,
2964 4609 3155 4667 praeter
3196 4615 3383 4665 panem
3428 4609 3482 4669 et
3528 4614 3746 4662 νιιιιιιιι,

2178 4667 2297 4723 cum
2330 4673 2379 4723 iu
2407 4671 2520 4724 solo
2554 4686 2651 4724 usu
2685 4672 2816 4722 tiant
2850 4684 3044 4736 corpus
3077 4679 3131 4721 et
3167 4671 3385 4735 sanguis
3427 4667 3651 4721 Christi.

2249 4740 2508 4813 Nequein
2540 4750 2650 4793 tcta
2677 4740 2777 4813 hac
2806 4738 3087 4813 Liturgia,
3118 4747 3208 4789 aut
3233 4740 3336 4813 ulla
3366 4739 3748 4813 cujuscunque

2179 4810 2315 4864 ritus
2347 4821 2399 4863 et
2423 4810 2617 4878 lingua:
2645 4810 2960 4876 reperietur,
2994 4811 3111 4861 talis
3135 4810 3475 4861 sacerdotum
3514 4810 3579 4859 ad
3604 4824 3748 4860 cont-

2176 4882 2509 4933 mttuicantcs
2529 4881 2747 4931 monitio
2762 4918 2776 4941 ,
2792 4894 2951 4945 quam
2967 4888 3301 4931 commentus
3328 4888 3412 4931 est
3429 4878 3745 4942 Salmasius,

2175 4951 2436 5002 elementa
2469 4965 2589 5002 esse
2618 4963 2813 5014 corpus
2850 4948 3089 5008 Christi,
3124 4957 3180 4997 ut
3211 4948 3455 5000 Christus
3508 4960 3591 4999 est
3626 4949 3747 5000 vitis

2175 5034 2319 5073 vera.
2361 5017 2415 5071 In
2444 5019 2688 5071 oratione
2720 5018 2996 5071 fraetionis
3017 5020 3080 5068 ad
3112 5015 3304 5068 Filium
3339 5018 3569 5086 legitur:
3599 5015 3746 5069 Prte-

2173 5090 2369 5156 parasti
2401 5092 2544 5141 nobis
2567 5103 2752 5155 panem
2776 5087 3023 5140 cmlestem
3042 5125 3055 5150 ,
3084 5102 3268 5156 corpus
3302 5088 3397 5138 Itoc
3430 5098 3594 5156 tuum,
3619 5102 3745 5138 san-

2173 5154 2312 5211 etum
2334 5161 2385 5212 in
2417 5154 2722 5227 mysterio...
2780 5156 3039 5227 Miscuisti
3065 5155 3210 5207 nobis
3239 5156 3451 5208 calicem
3482 5170 3545 5207 ea:
3570 5154 3748 5221 fructu

2173 5230 2291 5281 vitis
2322 5244 2475 5287 t'erw.
2512 5244 2627 5295 qua’
2659 5237 2732 5280 est
2759 5227 2900 5280 latus
2938 5226 3170 5278 divinant
3218 5236 3364 5278 tuum
3407 5237 3453 5278 et
3488 5229 3745 5295 immacu-

2174 5298 2355 5351 latum.
2385 5299 2455 5351 ila
2481 5291 2812 5353 Gaudentius
2830 5298 2975 5350 Brix.
2998 5304 3155 5348 tract.
3182 5295 3223 5348 Il
3255 5297 3326 5348 De
3353 5294 3579 5348 Pasch:
3608 5291 3747 5357 Quia
3814 5342 3817 5343 ,

2170 5372 2309 5435 quod
2337 5365 2530 5433 accipis
2559 5384 2743 5432 corpus
2770 5376 2847 5420 est
2882 5366 3024 5435 illius
3052 5364 3203 5433 panis
3240 5366 3490 5429 caelestis,
3522 5372 3571 5415 et
3614 5381 3745 5435 san-

2171 5434 2285 5507 guis
2314 5449 2390 5491 est
2420 5438 2563 5491 illius
2593 5453 2760 5490 sacra:
2799 5439 2936 5490 vitis.
2964 5434 3080 5489 Non
3114 5437 3276 5505 igitur
3301 5436 3554 5490 dixerunt
3588 5434 3748 5516 (λιι-ιτ

3585 5513 3747 5557 Silani

2243 5576 2362 5664 ς
2398 5578 2561 5659 gibus:
2581 5577 2868 5664 Ιᾷγιονυκα)
2897 5570 3035 5664 stipa
3076 5575 3254 5664 ’ξίμιον
3300 5574 3472 5646 Ἰησοῦ
3508 5573 3747 5647 Χριστοῦ

2175 5651 2268 5704 τοῦ
2300 5646 2427 5702 Tim}
2456 5646 2545 5702 τοῦ
2579 5648 2713 5702 Θεοῦ
2746 5646 2920 5720 ἡμῶν,
2964 5646 3157 5717 Ἀμήν,
