  <div class='ocr_page' id='page_1' title='image "/cluster/home/n/w/nwhite01/storage/ocr_20150623/36/hvd.32044024464877/374.png"; bbox 0 0 4100 6276; ppageno 0'>
   <div class='ocr_carea' id='block_1_1' title="bbox 293 215 410 273">
    <p class='ocr_par' dir='ltr' id='par_1_1' title="bbox 293 215 410 273">
     <span class='ocr_line' id='line_1_1' title="bbox 293 215 410 273; baseline -0.043 0"><span class='ocrx_word' id='word_1_1' title='bbox 293 215 410 273; x_wconf 75' lang='lat'><strong>697</strong></span> 
     </span>
    </p>
   </div>
   <div class='ocr_carea' id='block_1_2' title="bbox 370 328 855 399">
    <p class='ocr_par' dir='ltr' id='par_1_2' title="bbox 370 328 855 399">
     <span class='ocr_line' id='line_1_2' title="bbox 370 328 855 399; baseline 0 -15"><span class='ocrx_word' id='word_1_2' title='bbox 370 329 630 399; x_wconf 79' lang='lat' dir='ltr'><strong>Populus.</strong></span> <span class='ocrx_word' id='word_1_3' title='bbox 658 328 855 386; x_wconf 82' lang='lat' dir='ltr'><strong>Amen.</strong></span> 
     </span>
    </p>
   </div>
   <div class='ocr_carea' id='block_1_3' title="bbox 372 419 1877 490">
    <p class='ocr_par' dir='ltr' id='par_1_3' title="bbox 372 419 1877 490">
     <span class='ocr_line' id='line_1_3' title="bbox 372 419 1877 490; baseline -0.001 -12"><span class='ocrx_word' id='word_1_4' title='bbox 372 424 634 479; x_wconf 85' lang='lat' dir='ltr'><strong>Sanctum</strong></span> <span class='ocrx_word' id='word_1_5' title='bbox 683 430 740 474; x_wconf 91' lang='lat' dir='ltr'><strong>et</strong></span> <span class='ocrx_word' id='word_1_6' title='bbox 786 419 1080 489; x_wconf 89' lang='lat' dir='ltr'><strong>pretiosum</strong></span> <span class='ocrx_word' id='word_1_7' title='bbox 1131 433 1323 487; x_wconf 82' lang='lat' dir='ltr'><strong>corpus</strong></span> <span class='ocrx_word' id='word_1_8' title='bbox 1361 427 1414 475; x_wconf 91' lang='lat' dir='ltr'><strong>et</strong></span> <span class='ocrx_word' id='word_1_9' title='bbox 1466 421 1685 490; x_wconf 79' lang='lat' dir='ltr'><strong>sanguis</strong></span> <span class='ocrx_word' id='word_1_10' title='bbox 1717 433 1877 477; x_wconf 88' lang='lat' dir='ltr'><strong>verus</strong></span> 
     </span>
    </p>
   </div>
   <div class='ocr_carea' id='block_1_4' title="bbox 285 509 1557 577">
    <p class='ocr_par' dir='ltr' id='par_1_4' title="bbox 285 509 1557 577">
     <span class='ocr_line' id='line_1_4' title="bbox 285 509 1557 577; baseline -0.006 -7"><span class='ocrx_word' id='word_1_11' title='bbox 285 512 427 570; x_wconf 82' lang='lat' dir='ltr'><strong>Jesu</strong></span> <span class='ocrx_word' id='word_1_12' title='bbox 462 512 660 568; x_wconf 85' lang='lat' dir='ltr'><strong>Christi</strong></span> <span class='ocrx_word' id='word_1_13' title='bbox 702 510 823 564; x_wconf 84' lang='lat' dir='ltr'><strong>Filii</strong></span> <span class='ocrx_word' id='word_1_14' title='bbox 859 510 950 564; x_wconf 85' lang='lat' dir='ltr'><strong>Dei</strong></span> <span class='ocrx_word' id='word_1_15' title='bbox 1002 511 1191 565; x_wconf 90' lang='lat' dir='ltr'><strong>nostri.</strong></span> <span class='ocrx_word' id='word_1_16' title='bbox 1228 510 1397 563; x_wconf 82' lang='lat' dir='ltr'><strong>Amen</strong></span> <span class='ocrx_word' id='word_1_17' title='bbox 1422 509 1557 577; x_wconf 87' lang='lat' dir='ltr'><strong>(l7).</strong></span> 
     </span>
    </p>
   </div>
   <div class='ocr_carea' id='block_1_5' title="bbox 369 599 1879 675">
    <p class='ocr_par' dir='ltr' id='par_1_5' title="bbox 369 599 1879 675">
     <span class='ocr_line' id='line_1_5' title="bbox 369 599 1879 675; baseline -0.005 -14"><span class='ocrx_word' id='word_1_18' title='bbox 369 606 581 675; x_wconf 90' lang='lat' dir='ltr'><strong>Corpus</strong></span> <span class='ocrx_word' id='word_1_19' title='bbox 601 611 657 658; x_wconf 90' lang='lat' dir='ltr'><strong>et</strong></span> <span class='ocrx_word' id='word_1_20' title='bbox 683 603 906 673; x_wconf 76' lang='lat' dir='ltr'><strong>sanguis</strong></span> <span class='ocrx_word' id='word_1_21' title='bbox 930 600 1291 658; x_wconf 84' lang='lat' dir='ltr'><strong>Etnmanuelis</strong></span> <span class='ocrx_word' id='word_1_22' title='bbox 1323 601 1412 656; x_wconf 88' lang='lat' dir='ltr'><strong>Dei</strong></span> <span class='ocrx_word' id='word_1_23' title='bbox 1444 599 1634 666; x_wconf 88' lang='lat' dir='ltr'><strong>nostri,</strong></span> <span class='ocrx_word' id='word_1_24' title='bbox 1668 601 1771 656; x_wconf 90' lang='lat' dir='ltr'><strong>hoc</strong></span> <span class='ocrx_word' id='word_1_25' title='bbox 1795 608 1879 654; x_wconf 88' lang='lat' dir='ltr'><strong>est</strong></span> 
     </span>
    </p>
   </div>
   <div class='ocr_carea' id='block_1_6' title="bbox 285 696 967 753">
    <p class='ocr_par' dir='ltr' id='par_1_6' title="bbox 285 696 967 753">
     <span class='ocr_line' id='line_1_6' title="bbox 285 696 967 753; baseline -0.01 0"><span class='ocrx_word' id='word_1_26' title='bbox 285 699 351 753; x_wconf 86' lang='lat' dir='ltr'><strong>in</strong></span> <span class='ocrx_word' id='word_1_27' title='bbox 391 698 467 752; x_wconf 88' lang='lat' dir='ltr'><strong>rei</strong></span> <span class='ocrx_word' id='word_1_28' title='bbox 495 696 741 751; x_wconf 79' lang='lat' dir='ltr'><strong>veritate.</strong></span> <span class='ocrx_word' id='word_1_29' title='bbox 775 696 967 748; x_wconf 85' lang='lat' dir='ltr'><strong>Amen.</strong></span> 
     </span>
    </p>
   </div>
   <div class='ocr_carea' id='block_1_7' title="bbox 370 784 1869 853">
    <p class='ocr_par' dir='ltr' id='par_1_7' title="bbox 370 784 1869 853">
     <span class='ocr_line' id='line_1_7' title="bbox 370 784 1869 853; baseline -0.005 -10"><span class='ocrx_word' id='word_1_30' title='bbox 370 787 569 852; x_wconf 89' lang='lat' dir='ltr'><strong>Credo,</strong></span> <span class='ocrx_word' id='word_1_31' title='bbox 609 787 791 849; x_wconf 88' lang='lat' dir='ltr'><strong>credo,</strong></span> <span class='ocrx_word' id='word_1_32' title='bbox 836 785 997 839; x_wconf 87' lang='lat' dir='ltr'><strong>credo</strong></span> <span class='ocrx_word' id='word_1_33' title='bbox 1045 792 1101 839; x_wconf 90' lang='lat' dir='ltr'><strong>et</strong></span> <span class='ocrx_word' id='word_1_34' title='bbox 1148 784 1410 840; x_wconf 76' lang='lat' dir='ltr'><strong>confiteor</strong></span> <span class='ocrx_word' id='word_1_35' title='bbox 1442 798 1611 853; x_wconf 87' lang='lat' dir='ltr'><strong>usque</strong></span> <span class='ocrx_word' id='word_1_36' title='bbox 1649 785 1715 837; x_wconf 90' lang='lat' dir='ltr'><strong>ad</strong></span> <span class='ocrx_word' id='word_1_37' title='bbox 1748 784 1869 837; x_wconf 87' lang='lat' dir='ltr'><strong>ulti-</strong></span> 
     </span>
    </p>
   </div>
   <div class='ocr_carea' id='block_1_8' title="bbox 283 874 1877 945">
    <p class='ocr_par' dir='ltr' id='par_1_8' title="bbox 283 874 1877 945">
     <span class='ocr_line' id='line_1_8' title="bbox 283 874 1877 945; baseline -0.004 -13"><span class='ocrx_word' id='word_1_38' title='bbox 283 893 449 932; x_wconf 86' lang='lat' dir='ltr'><strong>mum</strong></span> <span class='ocrx_word' id='word_1_39' title='bbox 482 878 602 931; x_wconf 73' lang='lat' dir='ltr'><strong>vita:</strong></span> <span class='ocrx_word' id='word_1_40' title='bbox 623 876 892 945; x_wconf 83' lang='lat' dir='ltr'><strong>spiritum,</strong></span> <span class='ocrx_word' id='word_1_41' title='bbox 929 877 1029 929; x_wconf 92' lang='lat' dir='ltr'><strong>hoc</strong></span> <span class='ocrx_word' id='word_1_42' title='bbox 1056 889 1172 929; x_wconf 89' lang='lat' dir='ltr'><strong>esse</strong></span> <span class='ocrx_word' id='word_1_43' title='bbox 1189 890 1384 943; x_wconf 91' lang='lat' dir='ltr'><strong>corpus</strong></span> <span class='ocrx_word' id='word_1_44' title='bbox 1411 874 1707 939; x_wconf 89' lang='lat' dir='ltr'><strong>viviticum,</strong></span> <span class='ocrx_word' id='word_1_45' title='bbox 1735 874 1877 943; x_wconf 91' lang='lat' dir='ltr'><strong>quod</strong></span> 
     </span>
    </p>
   </div>
   <div class='ocr_carea' id='block_1_9' title="bbox 283 964 1877 1037">
    <p class='ocr_par' dir='ltr' id='par_1_9' title="bbox 283 964 1877 1037">
     <span class='ocr_line' id='line_1_9' title="bbox 283 964 1877 1037; baseline -0.003 -16"><span class='ocrx_word' id='word_1_46' title='bbox 283 968 578 1037; x_wconf 83' lang='lat' dir='ltr'><strong>accepisti,</strong></span> <span class='ocrx_word' id='word_1_47' title='bbox 624 966 835 1021; x_wconf 81' lang='lat' dir='ltr'><strong>ChriSIe</strong></span> <span class='ocrx_word' id='word_1_48' title='bbox 872 966 1013 1020; x_wconf 88' lang='lat' dir='ltr'><strong>Deus</strong></span> <span class='ocrx_word' id='word_1_49' title='bbox 1052 975 1256 1029; x_wconf 88' lang='lat' dir='ltr'><strong>noster,</strong></span> <span class='ocrx_word' id='word_1_50' title='bbox 1289 981 1354 1020; x_wconf 81' lang='lat' dir='ltr'><strong>ex</strong></span> <span class='ocrx_word' id='word_1_51' title='bbox 1387 964 1609 1017; x_wconf 90' lang='lat' dir='ltr'><strong>Domina</strong></span> <span class='ocrx_word' id='word_1_52' title='bbox 1638 966 1877 1017; x_wconf 92' lang='lat' dir='ltr'><strong>omnium</strong></span> 
     </span>
    </p>
   </div>
   <div class='ocr_carea' id='block_1_10' title="bbox 285 1055 1881 1126">
    <p class='ocr_par' dir='ltr' id='par_1_10' title="bbox 285 1055 1881 1126">
     <span class='ocr_line' id='line_1_10' title="bbox 285 1055 1881 1126; baseline -0.003 -13"><span class='ocrx_word' id='word_1_53' title='bbox 285 1069 575 1122; x_wconf 79' lang='lat' dir='ltr'><strong>nostrum,</strong></span> <span class='ocrx_word' id='word_1_54' title='bbox 620 1056 869 1126; x_wconf 88' lang='lat' dir='ltr'><strong>Deipara,</strong></span> <span class='ocrx_word' id='word_1_55' title='bbox 936 1073 1090 1126; x_wconf 86' lang='lat' dir='ltr'><strong>pura,</strong></span> <span class='ocrx_word' id='word_1_56' title='bbox 1120 1068 1306 1111; x_wconf 88' lang='lat' dir='ltr'><strong>sancta</strong></span> <span class='ocrx_word' id='word_1_57' title='bbox 1358 1055 1550 1122; x_wconf 83' lang='lat' dir='ltr'><strong>Maria,</strong></span> <span class='ocrx_word' id='word_1_58' title='bbox 1598 1055 1881 1124; x_wconf 83' lang='lat' dir='ltr'><strong>fecistique</strong></span> 
     </span>
    </p>
   </div>
   <div class='ocr_carea' id='block_1_11' title="bbox 287 1145 1877 1215">
    <p class='ocr_par' dir='ltr' id='par_1_11' title="bbox 287 1145 1877 1215">
     <span class='ocr_line' id='line_1_11' title="bbox 287 1145 1877 1215; baseline -0.003 -12"><span class='ocrx_word' id='word_1_59' title='bbox 287 1149 437 1204; x_wconf 85' lang='lat' dir='ltr'><strong>illud</strong></span> <span class='ocrx_word' id='word_1_60' title='bbox 468 1164 631 1203; x_wconf 91' lang='lat' dir='ltr'><strong>unum</strong></span> <span class='ocrx_word' id='word_1_61' title='bbox 677 1164 798 1203; x_wconf 91' lang='lat' dir='ltr'><strong>cum</strong></span> <span class='ocrx_word' id='word_1_62' title='bbox 836 1147 1118 1203; x_wconf 80' lang='lat' dir='ltr'><strong>divinitate</strong></span> <span class='ocrx_word' id='word_1_63' title='bbox 1156 1158 1266 1212; x_wconf 90' lang='lat' dir='ltr'><strong>tua,</strong></span> <span class='ocrx_word' id='word_1_64' title='bbox 1302 1146 1504 1215; x_wconf 89' lang='lat' dir='ltr'><strong>absque</strong></span> <span class='ocrx_word' id='word_1_65' title='bbox 1543 1145 1877 1207; x_wconf 78' lang='lat' dir='ltr'><strong>confusione,</strong></span> 
     </span>
    </p>
   </div>
   <div class='ocr_carea' id='block_1_12' title="bbox 285 1238 1882 1307">
    <p class='ocr_par' dir='ltr' id='par_1_12' title="bbox 285 1238 1882 1307">
     <span class='ocr_line' id='line_1_12' title="bbox 285 1238 1882 1307; baseline -0.004 -11"><span class='ocrx_word' id='word_1_66' title='bbox 285 1240 704 1307; x_wconf 78' lang='lat' dir='ltr'><strong>commistione,</strong></span> <span class='ocrx_word' id='word_1_67' title='bbox 739 1249 830 1295; x_wconf 91' lang='lat' dir='ltr'><strong>aut</strong></span> <span class='ocrx_word' id='word_1_68' title='bbox 877 1239 1199 1295; x_wconf 88' lang='lat' dir='ltr'><strong>alteratione</strong></span> <span class='ocrx_word' id='word_1_69' title='bbox 1231 1253 1247 1292; x_wconf 90' lang='lat'><strong>:</strong></span> <span class='ocrx_word' id='word_1_70' title='bbox 1277 1248 1331 1294; x_wconf 91' lang='lat' dir='ltr'><strong>et</strong></span> <span class='ocrx_word' id='word_1_71' title='bbox 1353 1238 1631 1294; x_wconf 83' lang='lat' dir='ltr'><strong>confessus</strong></span> <span class='ocrx_word' id='word_1_72' title='bbox 1661 1253 1719 1293; x_wconf 91' lang='lat' dir='ltr'><strong>es</strong></span> <span class='ocrx_word' id='word_1_73' title='bbox 1748 1253 1882 1291; x_wconf 84' lang='lat' dir='ltr'><strong>con—</strong></span> 
     </span>
    </p>
   </div>
   <div class='ocr_carea' id='block_1_13' title="bbox 284 1328 1878 1390">
    <p class='ocr_par' dir='ltr' id='par_1_13' title="bbox 284 1328 1878 1390">
     <span class='ocr_line' id='line_1_13' title="bbox 284 1328 1878 1390; baseline -0.006 -2"><span class='ocrx_word' id='word_1_74' title='bbox 284 1334 594 1390; x_wconf 80' lang='lat' dir='ltr'><strong>fessionem</strong></span> <span class='ocrx_word' id='word_1_75' title='bbox 621 1334 816 1387; x_wconf 82' lang='lat' dir='ltr'><strong>bonam</strong></span> <span class='ocrx_word' id='word_1_76' title='bbox 850 1346 1029 1387; x_wconf 90' lang='lat' dir='ltr'><strong>coram</strong></span> <span class='ocrx_word' id='word_1_77' title='bbox 1066 1330 1256 1386; x_wconf 80' lang='lat' dir='ltr'><strong>Pontio</strong></span> <span class='ocrx_word' id='word_1_78' title='bbox 1303 1329 1491 1383; x_wconf 80' lang='lat' dir='ltr'><strong>Pilato.</strong></span> <span class='ocrx_word' id='word_1_79' title='bbox 1524 1329 1723 1383; x_wconf 83' lang='lat' dir='ltr'><strong>Dedisti</strong></span> <span class='ocrx_word' id='word_1_80' title='bbox 1752 1328 1878 1382; x_wconf 90' lang='lat' dir='ltr'><strong>illud</strong></span> 
     </span>
    </p>
   </div>
   <div class='ocr_carea' id='block_1_14' title="bbox 285 1426 1880 1500">
    <p class='ocr_par' dir='ltr' id='par_1_14' title="bbox 285 1426 1880 1500">
     <span class='ocr_line' id='line_1_14' title="bbox 285 1426 1880 1500; baseline -0.003 -15"><span class='ocrx_word' id='word_1_81' title='bbox 285 1446 407 1500; x_wconf 86' lang='lat' dir='ltr'><strong>pro</strong></span> <span class='ocrx_word' id='word_1_82' title='bbox 435 1432 590 1487; x_wconf 88' lang='lat' dir='ltr'><strong>nobis</strong></span> <span class='ocrx_word' id='word_1_83' title='bbox 635 1445 796 1499; x_wconf 88' lang='lat' dir='ltr'><strong>super</strong></span> <span class='ocrx_word' id='word_1_84' title='bbox 831 1430 1030 1499; x_wconf 86' lang='lat' dir='ltr'><strong>lignum</strong></span> <span class='ocrx_word' id='word_1_85' title='bbox 1078 1428 1322 1485; x_wconf 83' lang='lat' dir='ltr'><strong>sanctum</strong></span> <span class='ocrx_word' id='word_1_86' title='bbox 1359 1428 1556 1492; x_wconf 89' lang='lat' dir='ltr'><strong>crucis,</strong></span> <span class='ocrx_word' id='word_1_87' title='bbox 1602 1426 1880 1481; x_wconf 88' lang='lat' dir='ltr'><strong>voluntate</strong></span> 
     </span>
    </p>
   </div>
   <div class='ocr_carea' id='block_1_15' title="bbox 292 1519 1878 1592">
    <p class='ocr_par' dir='ltr' id='par_1_15' title="bbox 292 1519 1878 1592">
     <span class='ocr_line' id='line_1_15' title="bbox 292 1519 1878 1592; baseline -0.003 -17"><span class='ocrx_word' id='word_1_88' title='bbox 292 1532 399 1575; x_wconf 84' lang='lat' dir='ltr'><strong>tua</strong></span> <span class='ocrx_word' id='word_1_89' title='bbox 454 1522 590 1586; x_wconf 88' lang='lat' dir='ltr'><strong>sola,</strong></span> <span class='ocrx_word' id='word_1_90' title='bbox 645 1536 746 1592; x_wconf 89' lang='lat' dir='ltr'><strong>pro</strong></span> <span class='ocrx_word' id='word_1_91' title='bbox 797 1520 951 1576; x_wconf 90' lang='lat' dir='ltr'><strong>nobis</strong></span> <span class='ocrx_word' id='word_1_92' title='bbox 1002 1520 1272 1576; x_wconf 78' lang='lat' dir='ltr'><strong>Omnibus.</strong></span> <span class='ocrx_word' id='word_1_93' title='bbox 1306 1519 1481 1574; x_wconf 85' lang='lat' dir='ltr'><strong>Credo</strong></span> <span class='ocrx_word' id='word_1_94' title='bbox 1540 1520 1878 1574; x_wconf 82' lang='lat' dir='ltr'><strong>divinitatem</strong></span> 
     </span>
    </p>
   </div>
   <div class='ocr_carea' id='block_1_16' title="bbox 293 1609 1881 1679">
    <p class='ocr_par' dir='ltr' id='par_1_16' title="bbox 293 1609 1881 1679">
     <span class='ocr_line' id='line_1_16' title="bbox 293 1609 1881 1679; baseline 0 -16"><span class='ocrx_word' id='word_1_95' title='bbox 293 1620 459 1665; x_wconf 86' lang='lat' dir='ltr'><strong>tuam</strong></span> <span class='ocrx_word' id='word_1_96' title='bbox 506 1620 808 1679; x_wconf 84' lang='lat' dir='ltr'><strong>separatam</strong></span> <span class='ocrx_word' id='word_1_97' title='bbox 849 1625 951 1664; x_wconf 93' lang='lat' dir='ltr'><strong>non</strong></span> <span class='ocrx_word' id='word_1_98' title='bbox 998 1609 1165 1665; x_wconf 80' lang='lat' dir='ltr'><strong>fuisse</strong></span> <span class='ocrx_word' id='word_1_99' title='bbox 1211 1611 1278 1663; x_wconf 89' lang='lat' dir='ltr'><strong>ab</strong></span> <span class='ocrx_word' id='word_1_100' title='bbox 1314 1609 1644 1663; x_wconf 80' lang='lat' dir='ltr'><strong>humanitate</strong></span> <span class='ocrx_word' id='word_1_101' title='bbox 1671 1619 1782 1676; x_wconf 89' lang='lat' dir='ltr'><strong>tua,</strong></span> <span class='ocrx_word' id='word_1_102' title='bbox 1816 1625 1881 1663; x_wconf 92' lang='lat' dir='ltr'><strong>ne</strong></span> 
     </span>
    </p>
   </div>
   <div class='ocr_carea' id='block_1_17' title="bbox 1363 213 2526 271">
    <p class='ocr_par' dir='ltr' id='par_1_17' title="bbox 1363 213 2526 271">
     <span class='ocr_line' id='line_1_17' title="bbox 1363 213 2526 271; baseline -0.002 0"><span class='ocrx_word' id='word_1_103' title='bbox 1363 213 1691 271; x_wconf 79' lang='lat' dir='ltr'><strong>LITURGIA</strong></span> <span class='ocrx_word' id='word_1_104' title='bbox 1733 213 1792 270; x_wconf 87' lang='lat' dir='ltr'><strong>S.</strong></span> <span class='ocrx_word' id='word_1_105' title='bbox 1835 213 2172 270; x_wconf 78' lang='lat' dir='ltr'><strong>GBEGORII</strong></span> <span class='ocrx_word' id='word_1_106' title='bbox 2211 213 2526 270; x_wconf 80' lang='lat' dir='ltr'><strong>COPTICA.</strong></span> 
     </span>
    </p>
   </div>
   <div class='ocr_carea' id='block_1_18' title="bbox 1897 326 3548 397">
    <p class='ocr_par' dir='ltr' id='par_1_18' title="bbox 1897 326 3548 397">
     <span class='ocr_line' id='line_1_18' title="bbox 1897 326 3548 397; baseline 0.002 -14"><span class='ocrx_word' id='word_1_107' title='bbox 1897 336 1945 393; x_wconf 76' lang='grc' dir='ltr'>Α</span> <span class='ocrx_word' id='word_1_108' title='bbox 1973 331 2040 384; x_wconf 91' lang='lat' dir='ltr'><strong>ad</strong></span> <span class='ocrx_word' id='word_1_109' title='bbox 2073 328 2351 383; x_wconf 80' lang='lat' dir='ltr'><strong>dexteram</strong></span> <span class='ocrx_word' id='word_1_110' title='bbox 2401 328 2701 397; x_wconf 85' lang='lat' dir='ltr'><strong>majestatis</strong></span> <span class='ocrx_word' id='word_1_111' title='bbox 2733 326 2931 393; x_wconf 83' lang='lat' dir='ltr'><strong>Patris,</strong></span> <span class='ocrx_word' id='word_1_112' title='bbox 2963 335 3018 383; x_wconf 88' lang='lat' dir='ltr'><strong>et</strong></span> <span class='ocrx_word' id='word_1_113' title='bbox 3064 326 3257 383; x_wconf 81' lang='lat' dir='ltr'><strong>iterum</strong></span> <span class='ocrx_word' id='word_1_114' title='bbox 3285 338 3548 386; x_wconf 78' lang='lat' dir='ltr'><strong>venturus</strong></span> 
     </span>
    </p>
   </div>
   <div class='ocr_carea' id='block_1_19' title="bbox 3440 218 3548 274">
    <p class='ocr_par' dir='ltr' id='par_1_19' title="bbox 3440 218 3548 274">
     <span class='ocr_line' id='line_1_19' title="bbox 3440 218 3548 274; baseline 0.009 -1"><span class='ocrx_word' id='word_1_115' title='bbox 3440 218 3548 274; x_wconf 64' lang='lat'><strong>62.8</strong></span> 
     </span>
    </p>
   </div>
   <div class='ocr_carea' id='block_1_20' title="bbox 1980 417 3554 488">
    <p class='ocr_par' dir='ltr' id='par_1_20' title="bbox 1980 417 3554 488">
     <span class='ocr_line' id='line_1_20' title="bbox 1980 417 3554 488; baseline 0.001 -15"><span class='ocrx_word' id='word_1_116' title='bbox 1980 428 2063 473; x_wconf 91' lang='lat' dir='ltr'><strong>est</strong></span> <span class='ocrx_word' id='word_1_117' title='bbox 2109 417 2353 487; x_wconf 85' lang='lat' dir='ltr'><strong>judicare</strong></span> <span class='ocrx_word' id='word_1_118' title='bbox 2392 418 2543 472; x_wconf 86' lang='lat' dir='ltr'><strong>vivos</strong></span> <span class='ocrx_word' id='word_1_119' title='bbox 2590 428 2645 475; x_wconf 90' lang='lat' dir='ltr'><strong>et</strong></span> <span class='ocrx_word' id='word_1_120' title='bbox 2677 428 2919 473; x_wconf 90' lang='lat' dir='ltr'><strong>mortuos</strong></span> <span class='ocrx_word' id='word_1_121' title='bbox 2969 437 2982 473; x_wconf 91' lang='lat'>:</span> <span class='ocrx_word' id='word_1_122' title='bbox 3026 434 3185 488; x_wconf 89' lang='lat' dir='ltr'><strong>quem</strong></span> <span class='ocrx_word' id='word_1_123' title='bbox 3234 420 3554 475; x_wconf 80' lang='lat' dir='ltr'><strong>benedicunt</strong></span> 
     </span>
    </p>
   </div>
   <div class='ocr_carea' id='block_1_21' title="bbox 1981 507 3554 579">
    <p class='ocr_par' dir='ltr' id='par_1_21' title="bbox 1981 507 3554 579">
     <span class='ocr_line' id='line_1_21' title="bbox 1981 507 3554 579; baseline 0.003 -18"><span class='ocrx_word' id='word_1_124' title='bbox 1981 508 2153 578; x_wconf 80' lang='lat' dir='ltr'><strong>angeli</strong></span> <span class='ocrx_word' id='word_1_125' title='bbox 2205 517 2261 564; x_wconf 85' lang='lat' dir='ltr'><strong>et</strong></span> <span class='ocrx_word' id='word_1_126' title='bbox 2308 507 2528 561; x_wconf 87' lang='lat' dir='ltr'><strong>laudant</strong></span> <span class='ocrx_word' id='word_1_127' title='bbox 2581 509 2916 579; x_wconf 77' lang='lat' dir='ltr'><strong>archangeli,</strong></span> <span class='ocrx_word' id='word_1_128' title='bbox 2976 511 3131 579; x_wconf 89' lang='lat' dir='ltr'><strong>cujus</strong></span> <span class='ocrx_word' id='word_1_129' title='bbox 3181 510 3404 578; x_wconf 75' lang='lat' dir='ltr'><strong>gloriam</strong></span> <span class='ocrx_word' id='word_1_130' title='bbox 3468 510 3554 565; x_wconf 90' lang='lat' dir='ltr'><strong>lo-</strong></span> 
     </span>
    </p>
   </div>
   <div class='ocr_carea' id='block_1_22' title="bbox 1980 599 3548 670">
    <p class='ocr_par' dir='ltr' id='par_1_22' title="bbox 1980 599 3548 670">
     <span class='ocr_line' id='line_1_22' title="bbox 1980 599 3548 670; baseline 0.003 -21"><span class='ocrx_word' id='word_1_131' title='bbox 1980 606 2221 667; x_wconf 91' lang='lat' dir='ltr'><strong>quuntur</strong></span> <span class='ocrx_word' id='word_1_132' title='bbox 2260 599 2555 668; x_wconf 70' lang='lat' dir='ltr'><strong>seraphin),</strong></span> <span class='ocrx_word' id='word_1_133' title='bbox 2585 614 2743 667; x_wconf 87' lang='lat' dir='ltr'><strong>quem</strong></span> <span class='ocrx_word' id='word_1_134' title='bbox 2791 600 3017 655; x_wconf 87' lang='lat' dir='ltr'><strong>adorant</strong></span> <span class='ocrx_word' id='word_1_135' title='bbox 3055 602 3356 667; x_wconf 89' lang='lat' dir='ltr'><strong>cherubim,</strong></span> <span class='ocrx_word' id='word_1_136' title='bbox 3388 617 3548 670; x_wconf 88' lang='lat' dir='ltr'><strong>quem</strong></span> 
     </span>
    </p>
   </div>
   <div class='ocr_carea' id='block_1_23' title="bbox 1982 690 3552 756">
    <p class='ocr_par' dir='ltr' id='par_1_23' title="bbox 1982 690 3552 756">
     <span class='ocr_line' id='line_1_23' title="bbox 1982 690 3552 756; baseline 0.003 -15"><span class='ocrx_word' id='word_1_137' title='bbox 1982 690 2176 743; x_wconf 82' lang='lat' dir='ltr'><strong>timent</strong></span> <span class='ocrx_word' id='word_1_138' title='bbox 2221 699 2277 744; x_wconf 89' lang='lat' dir='ltr'><strong>et</strong></span> <span class='ocrx_word' id='word_1_139' title='bbox 2322 699 2558 745; x_wconf 85' lang='lat' dir='ltr'><strong>tremunt</strong></span> <span class='ocrx_word' id='word_1_140' title='bbox 2609 706 2796 747; x_wconf 89' lang='lat' dir='ltr'><strong>omnes</strong></span> <span class='ocrx_word' id='word_1_141' title='bbox 2834 704 3060 756; x_wconf 69' lang='lat' dir='ltr'><strong>naturae,</strong></span> <span class='ocrx_word' id='word_1_142' title='bbox 3092 693 3282 755; x_wconf 81' lang='lat' dir='ltr'><strong>Filius,</strong></span> <span class='ocrx_word' id='word_1_143' title='bbox 3319 692 3552 746; x_wconf 84' lang='lat' dir='ltr'><strong>Verbum</strong></span> 
     </span>
    </p>
   </div>
   <div class='ocr_carea' id='block_1_24' title="bbox 1982 780 3554 843">
    <p class='ocr_par' dir='ltr' id='par_1_24' title="bbox 1982 780 3554 843">
     <span class='ocr_line' id='line_1_24' title="bbox 1982 780 3554 843; baseline 0.003 -9"><span class='ocrx_word' id='word_1_144' title='bbox 1982 780 2076 834; x_wconf 90' lang='lat' dir='ltr'><strong>Dei</strong></span> <span class='ocrx_word' id='word_1_145' title='bbox 2109 780 2302 843; x_wconf 89' lang='lat' dir='ltr'><strong>Patris,</strong></span> <span class='ocrx_word' id='word_1_146' title='bbox 2332 780 2487 837; x_wconf 81' lang='lat' dir='ltr'><strong>Jesus</strong></span> <span class='ocrx_word' id='word_1_147' title='bbox 2519 782 2771 837; x_wconf 88' lang='lat' dir='ltr'><strong>Christus</strong></span> <span class='ocrx_word' id='word_1_148' title='bbox 2805 783 3063 837; x_wconf 87' lang='lat' dir='ltr'><strong>Dominus</strong></span> <span class='ocrx_word' id='word_1_149' title='bbox 3108 793 3316 839; x_wconf 83' lang='lat' dir='ltr'><strong>noster.</strong></span> <span class='ocrx_word' id='word_1_150' title='bbox 3372 784 3448 837; x_wconf 88' lang='lat' dir='ltr'><strong>Tu</strong></span> <span class='ocrx_word' id='word_1_151' title='bbox 3495 800 3554 838; x_wconf 76' lang='lat' dir='ltr'><strong>es</strong></span> 
     </span>
    </p>
   </div>
   <div class='ocr_carea' id='block_1_25' title="bbox 1982 872 3553 944">
    <p class='ocr_par' dir='ltr' id='par_1_25' title="bbox 1982 872 3553 944">
     <span class='ocr_line' id='line_1_25' title="bbox 1982 872 3553 944; baseline 0.003 -21"><span class='ocrx_word' id='word_1_152' title='bbox 1982 872 2066 923; x_wconf 85' lang='lat' dir='ltr'><strong>cui</strong></span> <span class='ocrx_word' id='word_1_153' title='bbox 2094 872 2312 925; x_wconf 78' lang='lat' dir='ltr'><strong>inclinat</strong></span> <span class='ocrx_word' id='word_1_154' title='bbox 2348 886 2404 925; x_wconf 87' lang='lat' dir='ltr'><strong>se</strong></span> <span class='ocrx_word' id='word_1_155' title='bbox 2432 873 2659 941; x_wconf 84' lang='lat' dir='ltr'><strong>populus</strong></span> <span class='ocrx_word' id='word_1_156' title='bbox 2704 883 2825 927; x_wconf 90' lang='lat' dir='ltr'><strong>tuus</strong></span> <span class='ocrx_word' id='word_1_157' title='bbox 2853 884 2906 927; x_wconf 89' lang='lat' dir='ltr'><strong>et</strong></span> <span class='ocrx_word' id='word_1_158' title='bbox 2930 876 3214 927; x_wconf 67' lang='lat' dir='ltr'><strong>lia-reditas</strong></span> <span class='ocrx_word' id='word_1_159' title='bbox 3247 885 3357 937; x_wconf 88' lang='lat' dir='ltr'><strong>tua,</strong></span> <span class='ocrx_word' id='word_1_160' title='bbox 3392 891 3553 944; x_wconf 87' lang='lat' dir='ltr'><strong>quam</strong></span> 
     </span>
    </p>
   </div>
   <div class='ocr_carea' id='block_1_26' title="bbox 1982 961 3553 1034">
    <p class='ocr_par' dir='ltr' id='par_1_26' title="bbox 1982 961 3553 1034">
     <span class='ocr_line' id='line_1_26' title="bbox 1982 961 3553 1034; baseline 0.003 -19"><span class='ocrx_word' id='word_1_161' title='bbox 1982 961 2312 1028; x_wconf 87' lang='lat' dir='ltr'><strong>acquisivisti</strong></span> <span class='ocrx_word' id='word_1_162' title='bbox 2340 964 2603 1033; x_wconf 87' lang='lat' dir='ltr'><strong>sanguine</strong></span> <span class='ocrx_word' id='word_1_163' title='bbox 2624 973 2712 1018; x_wconf 92' lang='lat' dir='ltr'><strong>tuo</strong></span> <span class='ocrx_word' id='word_1_164' title='bbox 2729 965 2984 1033; x_wconf 89' lang='lat' dir='ltr'><strong>pretioso.</strong></span> <span class='ocrx_word' id='word_1_165' title='bbox 3002 966 3196 1034; x_wconf 85' lang='lat' dir='ltr'><strong>Aspice</strong></span> <span class='ocrx_word' id='word_1_166' title='bbox 3223 981 3319 1019; x_wconf 88' lang='lat' dir='ltr'><strong>nos</strong></span> <span class='ocrx_word' id='word_1_167' title='bbox 3339 981 3553 1028; x_wconf 88' lang='lat' dir='ltr'><strong>omnes,</strong></span> 
     </span>
    </p>
   </div>
   <div class='ocr_carea' id='block_1_27' title="bbox 1984 1052 3550 1119">
    <p class='ocr_par' dir='ltr' id='par_1_27' title="bbox 1984 1052 3550 1119">
     <span class='ocr_line' id='line_1_27' title="bbox 1984 1052 3550 1119; baseline 0.003 -14"><span class='ocrx_word' id='word_1_168' title='bbox 1984 1052 2228 1117; x_wconf 85' lang='lat' dir='ltr'><strong>Domine,</strong></span> <span class='ocrx_word' id='word_1_169' title='bbox 2266 1054 2333 1107; x_wconf 92' lang='lat' dir='ltr'><strong>de</strong></span> <span class='ocrx_word' id='word_1_170' title='bbox 2374 1055 2513 1109; x_wconf 63' lang='lat' dir='ltr'><strong>caelo</strong></span> <span class='ocrx_word' id='word_1_171' title='bbox 2546 1065 2733 1109; x_wconf 90' lang='lat' dir='ltr'><strong>sancto</strong></span> <span class='ocrx_word' id='word_1_172' title='bbox 2778 1064 2892 1119; x_wconf 90' lang='lat' dir='ltr'><strong>tuo,</strong></span> <span class='ocrx_word' id='word_1_173' title='bbox 2931 1064 2987 1109; x_wconf 90' lang='lat' dir='ltr'><strong>et</strong></span> <span class='ocrx_word' id='word_1_174' title='bbox 3018 1070 3085 1109; x_wconf 77' lang='lat' dir='ltr'><strong>ex</strong></span> <span class='ocrx_word' id='word_1_175' title='bbox 3124 1055 3428 1110; x_wconf 87' lang='lat' dir='ltr'><strong>habitacqu</strong></span> <span class='ocrx_word' id='word_1_176' title='bbox 3459 1065 3550 1110; x_wconf 90' lang='lat' dir='ltr'><strong>tuo</strong></span> 
     </span>
    </p>
   </div>
   <div class='ocr_carea' id='block_1_28' title="bbox 1981 1143 3555 1214">
    <p class='ocr_par' dir='ltr' id='par_1_28' title="bbox 1981 1143 3555 1214">
     <span class='ocr_line' id='line_1_28' title="bbox 1981 1143 3555 1214; baseline 0.003 -19"><span class='ocrx_word' id='word_1_177' title='bbox 1981 1152 2287 1212; x_wconf 68' lang='lat' dir='ltr'><strong>praeparato</strong></span> <span class='ocrx_word' id='word_1_178' title='bbox 2323 1160 2337 1196; x_wconf 77' lang='grc' dir='ltr'>ε</span> <span class='ocrx_word' id='word_1_179' title='bbox 2372 1143 2596 1198; x_wconf 89' lang='lat' dir='ltr'><strong>benedic</strong></span> <span class='ocrx_word' id='word_1_180' title='bbox 2627 1146 2802 1200; x_wconf 85' lang='lat' dir='ltr'><strong>servis</strong></span> <span class='ocrx_word' id='word_1_181' title='bbox 2837 1145 2963 1210; x_wconf 88' lang='lat' dir='ltr'><strong>tuis,</strong></span> <span class='ocrx_word' id='word_1_182' title='bbox 2998 1160 3091 1214; x_wconf 89' lang='lat' dir='ltr'><strong>per</strong></span> <span class='ocrx_word' id='word_1_183' title='bbox 3143 1160 3334 1200; x_wconf 90' lang='lat' dir='ltr'><strong>omnes</strong></span> <span class='ocrx_word' id='word_1_184' title='bbox 3394 1145 3555 1199; x_wconf 88' lang='lat' dir='ltr'><strong>bene-</strong></span> 
     </span>
    </p>
   </div>
   <div class='ocr_carea' id='block_1_29' title="bbox 1983 1235 3551 1305">
    <p class='ocr_par' dir='ltr' id='par_1_29' title="bbox 1983 1235 3551 1305">
     <span class='ocr_line' id='line_1_29' title="bbox 1983 1235 3551 1305; baseline 0.002 -17"><span class='ocrx_word' id='word_1_185' title='bbox 1983 1235 2241 1290; x_wconf 87' lang='lat' dir='ltr'><strong>dictiones</strong></span> <span class='ocrx_word' id='word_1_186' title='bbox 2269 1236 2575 1303; x_wconf 89' lang='lat' dir='ltr'><strong>spirituales</strong></span> <span class='ocrx_word' id='word_1_187' title='bbox 2608 1256 2621 1291; x_wconf 91' lang='lat'>:</span> <span class='ocrx_word' id='word_1_188' title='bbox 2657 1238 2869 1293; x_wconf 89' lang='lat' dir='ltr'><strong>custodi</strong></span> <span class='ocrx_word' id='word_1_189' title='bbox 2905 1252 2998 1292; x_wconf 92' lang='lat' dir='ltr'><strong>eos</strong></span> <span class='ocrx_word' id='word_1_190' title='bbox 3036 1237 3135 1291; x_wconf 91' lang='lat' dir='ltr'><strong>sub</strong></span> <span class='ocrx_word' id='word_1_191' title='bbox 3161 1238 3364 1305; x_wconf 88' lang='lat' dir='ltr'><strong>potenti</strong></span> <span class='ocrx_word' id='word_1_192' title='bbox 3389 1253 3551 1291; x_wconf 89' lang='lat' dir='ltr'><strong>manu</strong></span> 
     </span>
    </p>
   </div>
   <div class='ocr_carea' id='block_1_30' title="bbox 1986 1325 3559 1395">
    <p class='ocr_par' dir='ltr' id='par_1_30' title="bbox 1986 1325 3559 1395">
     <span class='ocr_line' id='line_1_30' title="bbox 1986 1325 3559 1395; baseline -0.001 -16"><span class='ocrx_word' id='word_1_193' title='bbox 1986 1336 2076 1379; x_wconf 90' lang='lat' dir='ltr'><strong>tua</strong></span> <span class='ocrx_word' id='word_1_194' title='bbox 2120 1344 2136 1380; x_wconf 90' lang='lat'><strong>:</strong></span> <span class='ocrx_word' id='word_1_195' title='bbox 2172 1326 2432 1381; x_wconf 90' lang='lat' dir='ltr'><strong>contirma</strong></span> <span class='ocrx_word' id='word_1_196' title='bbox 2465 1342 2565 1383; x_wconf 23' lang='lat' dir='ltr'><strong>eos.</strong></span> <span class='ocrx_word' id='word_1_197' title='bbox 2587 1327 2639 1381; x_wconf 90' lang='lat' dir='ltr'><strong>in</strong></span> <span class='ocrx_word' id='word_1_198' title='bbox 2670 1328 2772 1381; x_wconf 89' lang='lat' dir='ltr'><strong>tide</strong></span> <span class='ocrx_word' id='word_1_199' title='bbox 2798 1337 2910 1380; x_wconf 92' lang='lat' dir='ltr'><strong>tua.</strong></span> <span class='ocrx_word' id='word_1_200' title='bbox 2939 1327 3011 1380; x_wconf 89' lang='lat' dir='ltr'><strong>Da</strong></span> <span class='ocrx_word' id='word_1_201' title='bbox 3054 1326 3156 1380; x_wconf 89' lang='lat' dir='ltr'><strong>illis</strong></span> <span class='ocrx_word' id='word_1_202' title='bbox 3185 1336 3239 1379; x_wconf 90' lang='lat' dir='ltr'><strong>et</strong></span> <span class='ocrx_word' id='word_1_203' title='bbox 3271 1325 3425 1380; x_wconf 92' lang='lat' dir='ltr'><strong>nobis</strong></span> <span class='ocrx_word' id='word_1_204' title='bbox 3468 1341 3559 1395; x_wconf 85' lang='lat' dir='ltr'><strong>pti-</strong></span> 
     </span>
    </p>
   </div>
   <div class='ocr_carea' id='block_1_31' title="bbox 1985 1417 3561 1487">
    <p class='ocr_par' dir='ltr' id='par_1_31' title="bbox 1985 1417 3561 1487">
     <span class='ocr_line' id='line_1_31' title="bbox 1985 1417 3561 1487; baseline 0.001 -16"><span class='ocrx_word' id='word_1_205' title='bbox 1985 1417 2196 1472; x_wconf 88' lang='lat' dir='ltr'><strong>ritatem</strong></span> <span class='ocrx_word' id='word_1_206' title='bbox 2224 1417 2549 1481; x_wconf 89' lang='lat' dir='ltr'><strong>animarum,</strong></span> <span class='ocrx_word' id='word_1_207' title='bbox 2585 1433 2892 1485; x_wconf 90' lang='lat' dir='ltr'><strong>corporum,</strong></span> <span class='ocrx_word' id='word_1_208' title='bbox 2920 1418 3322 1487; x_wconf 88' lang='lat' dir='ltr'><strong>spirituumque</strong></span> <span class='ocrx_word' id='word_1_209' title='bbox 3352 1427 3561 1473; x_wconf 75' lang='lat' dir='ltr'><strong>nostro~</strong></span> 
     </span>
    </p>
   </div>
   <div class='ocr_carea' id='block_1_32' title="bbox 1985 1510 3557 1579">
    <p class='ocr_par' dir='ltr' id='par_1_32' title="bbox 1985 1510 3557 1579">
     <span class='ocr_line' id='line_1_32' title="bbox 1985 1510 3557 1579; baseline -0.001 -17"><span class='ocrx_word' id='word_1_210' title='bbox 1985 1525 2122 1568; x_wconf 88' lang='lat' dir='ltr'><strong>rum,</strong></span> <span class='ocrx_word' id='word_1_211' title='bbox 2150 1517 2202 1564; x_wconf 89' lang='lat' dir='ltr'><strong>et</strong></span> <span class='ocrx_word' id='word_1_212' title='bbox 2240 1511 2475 1564; x_wconf 88' lang='lat' dir='ltr'><strong>concede</strong></span> <span class='ocrx_word' id='word_1_213' title='bbox 2501 1511 2652 1565; x_wconf 90' lang='lat' dir='ltr'><strong>nobis</strong></span> <span class='ocrx_word' id='word_1_214' title='bbox 2682 1512 2841 1565; x_wconf 87' lang='lat' dir='ltr'><strong>linem</strong></span> <span class='ocrx_word' id='word_1_215' title='bbox 2864 1510 3231 1565; x_wconf 89' lang='lat' dir='ltr'><strong>Christianum</strong></span> <span class='ocrx_word' id='word_1_216' title='bbox 3256 1510 3345 1579; x_wconf 69' lang='lat' dir='ltr'><strong>qui</strong></span> <span class='ocrx_word' id='word_1_217' title='bbox 3377 1524 3557 1563; x_wconf 87' lang='lat' dir='ltr'><strong>coram</strong></span> 
     </span>
    </p>
   </div>
   <div class='ocr_carea' id='block_1_33' title="bbox 1985 1600 3561 1672">
    <p class='ocr_par' dir='ltr' id='par_1_33' title="bbox 1985 1600 3561 1672">
     <span class='ocr_line' id='line_1_33' title="bbox 1985 1600 3561 1672; baseline -0.001 -16"><span class='ocrx_word' id='word_1_218' title='bbox 1985 1615 2036 1656; x_wconf 93' lang='lat' dir='ltr'><strong>te</strong></span> <span class='ocrx_word' id='word_1_219' title='bbox 2067 1612 2318 1671; x_wconf 86' lang='lat' dir='ltr'><strong>acceptus</strong></span> <span class='ocrx_word' id='word_1_220' title='bbox 2350 1603 2463 1656; x_wconf 90' lang='lat' dir='ltr'><strong>sit:</strong></span> <span class='ocrx_word' id='word_1_221' title='bbox 2496 1605 2621 1671; x_wconf 86' lang='lat' dir='ltr'><strong>quia</strong></span> <span class='ocrx_word' id='word_1_222' title='bbox 2674 1618 2895 1672; x_wconf 89' lang='lat' dir='ltr'><strong>regnum</strong></span> <span class='ocrx_word' id='word_1_223' title='bbox 2942 1612 3114 1666; x_wconf 91' lang='lat' dir='ltr'><strong>tuum,</strong></span> <span class='ocrx_word' id='word_1_224' title='bbox 3161 1602 3375 1656; x_wconf 88' lang='lat' dir='ltr'><strong>Christe</strong></span> <span class='ocrx_word' id='word_1_225' title='bbox 3419 1600 3561 1655; x_wconf 86' lang='lat' dir='ltr'><strong>Dens</strong></span> 
     </span>
    </p>
   </div>
   <div class='ocr_carea' id='block_1_34' title="bbox 291 1691 3562 1772">
    <p class='ocr_par' dir='ltr' id='par_1_34' title="bbox 291 1691 3562 1772">
     <span class='ocr_line' id='line_1_34' title="bbox 291 1691 3562 1772; baseline -0 -15"><span class='ocrx_word' id='word_1_226' title='bbox 291 1712 582 1758; x_wconf 85' lang='lat' dir='ltr'><strong>momento</strong></span> <span class='ocrx_word' id='word_1_227' title='bbox 611 1702 828 1772; x_wconf 89' lang='lat' dir='ltr'><strong>quidem</strong></span> <span class='ocrx_word' id='word_1_228' title='bbox 857 1712 948 1757; x_wconf 91' lang='lat' dir='ltr'><strong>aut</strong></span> <span class='ocrx_word' id='word_1_229' title='bbox 994 1702 1138 1755; x_wconf 89' lang='lat' dir='ltr'><strong>nictu</strong></span> <span class='ocrx_word' id='word_1_230' title='bbox 1182 1700 1342 1754; x_wconf 91' lang='lat' dir='ltr'><strong>oculi.</strong></span> <span class='ocrx_word' id='word_1_231' title='bbox 1383 1700 1583 1754; x_wconf 83' lang='lat' dir='ltr'><strong>Dedisti</strong></span> <span class='ocrx_word' id='word_1_232' title='bbox 1623 1716 1741 1755; x_wconf 89' lang='lat' dir='ltr'><strong>eam</strong></span> <span class='ocrx_word' id='word_1_233' title='bbox 1784 1717 1879 1767; x_wconf 90' lang='lat' dir='ltr'><strong>pro</strong></span> <span class='ocrx_word' id='word_1_234' title='bbox 1912 1691 1951 1745; x_wconf 69' lang='grc' dir='ltr'><strong><em>Β</em></strong></span> <span class='ocrx_word' id='word_1_235' title='bbox 1981 1702 2188 1757; x_wconf 62' lang='lat' dir='ltr'><strong>noster.</strong></span> <span class='ocrx_word' id='word_1_236' title='bbox 2241 1695 2528 1749; x_wconf 69' lang='lat' dir='ltr'><strong>saIIClilale</strong></span> <span class='ocrx_word' id='word_1_237' title='bbox 2579 1704 2635 1748; x_wconf 73' lang='lat' dir='ltr'><strong>Cl</strong></span> <span class='ocrx_word' id='word_1_238' title='bbox 2676 1693 2842 1762; x_wconf 71' lang='lat' dir='ltr'><strong>gloria</strong></span> <span class='ocrx_word' id='word_1_239' title='bbox 2889 1692 3103 1761; x_wconf 69' lang='lat' dir='ltr'><strong>Plenum</strong></span> <span class='ocrx_word' id='word_1_240' title='bbox 3147 1702 3250 1757; x_wconf 70' lang='grc' dir='ltr'><strong>εει.</strong></span> <span class='ocrx_word' id='word_1_241' title='bbox 3279 1694 3418 1761; x_wconf 78' lang='grc' dir='ltr'><strong>(ιυοά</strong></span> <span class='ocrx_word' id='word_1_242' title='bbox 3460 1708 3562 1747; x_wconf 70' lang='grc' dir='ltr'><strong>ηοι</strong></span> 
     </span>
    </p>
   </div>
   <div class='ocr_carea' id='block_1_35' title="bbox 288 1792 1874 1861">
    <p class='ocr_par' dir='ltr' id='par_1_35' title="bbox 288 1792 1874 1861">
     <span class='ocr_line' id='line_1_35' title="bbox 288 1792 1874 1861; baseline -0.002 -13"><span class='ocrx_word' id='word_1_243' title='bbox 288 1794 465 1848; x_wconf 85' lang='lat' dir='ltr'><strong>nobis</strong></span> <span class='ocrx_word' id='word_1_244' title='bbox 490 1793 553 1848; x_wconf 88' lang='lat' dir='ltr'><strong>ad</strong></span> <span class='ocrx_word' id='word_1_245' title='bbox 579 1793 835 1859; x_wconf 88' lang='lat' dir='ltr'><strong>salutem,</strong></span> <span class='ocrx_word' id='word_1_246' title='bbox 864 1793 1235 1849; x_wconf 89' lang='lat' dir='ltr'><strong>remissionem</strong></span> <span class='ocrx_word' id='word_1_247' title='bbox 1266 1801 1610 1861; x_wconf 87' lang='lat' dir='ltr'><strong>peccatorum</strong></span> <span class='ocrx_word' id='word_1_248' title='bbox 1640 1802 1693 1846; x_wconf 90' lang='lat' dir='ltr'><strong>et</strong></span> <span class='ocrx_word' id='word_1_249' title='bbox 1712 1792 1874 1846; x_wconf 85' lang='lat' dir='ltr'><strong>vitam</strong></span> 
     </span>
    </p>
   </div>
   <div class='ocr_carea' id='block_1_36' title="bbox 283 1884 1877 1954">
    <p class='ocr_par' dir='ltr' id='par_1_36' title="bbox 283 1884 1877 1954">
     <span class='ocr_line' id='line_1_36' title="bbox 283 1884 1877 1954; baseline 0.002 -15"><span class='ocrx_word' id='word_1_250' title='bbox 283 1895 560 1939; x_wconf 85' lang='lat' dir='ltr'><strong>aeternam</strong></span> <span class='ocrx_word' id='word_1_251' title='bbox 589 1884 655 1939; x_wconf 88' lang='lat' dir='ltr'><strong>iis</strong></span> <span class='ocrx_word' id='word_1_252' title='bbox 681 1885 770 1954; x_wconf 90' lang='lat' dir='ltr'><strong>qui</strong></span> <span class='ocrx_word' id='word_1_253' title='bbox 801 1900 867 1940; x_wconf 86' lang='lat' dir='ltr'><strong>ex</strong></span> <span class='ocrx_word' id='word_1_254' title='bbox 890 1885 980 1940; x_wconf 91' lang='lat' dir='ltr'><strong>illo</strong></span> <span class='ocrx_word' id='word_1_255' title='bbox 1017 1884 1516 1941; x_wconf 89' lang='lat' dir='ltr'><strong>communicabunt.</strong></span> <span class='ocrx_word' id='word_1_256' title='bbox 1563 1885 1738 1941; x_wconf 88' lang='lat' dir='ltr'><strong>Credo</strong></span> <span class='ocrx_word' id='word_1_257' title='bbox 1776 1887 1877 1943; x_wconf 89' lang='lat' dir='ltr'><strong>hoc</strong></span> 
     </span>
    </p>
   </div>
   <div class='ocr_carea' id='block_1_37' title="bbox 282 1978 705 2034">
    <p class='ocr_par' dir='ltr' id='par_1_37' title="bbox 282 1978 705 2034">
     <span class='ocr_line' id='line_1_37' title="bbox 282 1978 705 2034; baseline 0.007 -3"><span class='ocrx_word' id='word_1_258' title='bbox 282 1994 432 2033; x_wconf 80' lang='lat' dir='ltr'><strong>vere</strong></span> <span class='ocrx_word' id='word_1_259' title='bbox 460 1978 530 2032; x_wconf 91' lang='lat' dir='ltr'><strong>ita</strong></span> <span class='ocrx_word' id='word_1_260' title='bbox 565 1994 705 2034; x_wconf 88' lang='lat' dir='ltr'><strong>esse.</strong></span> 
     </span>
    </p>
   </div>
   <div class='ocr_carea' id='block_1_38' title="bbox 375 2068 1799 2139">
    <p class='ocr_par' dir='ltr' id='par_1_38' title="bbox 375 2068 1799 2139">
     <span class='ocr_line' id='line_1_38' title="bbox 375 2068 1799 2139; baseline 0.005 -18"><span class='ocrx_word' id='word_1_261' title='bbox 375 2068 564 2122; x_wconf 84' lang='lat' dir='ltr'><strong>Oratio</strong></span> <span class='ocrx_word' id='word_1_262' title='bbox 600 2070 895 2137; x_wconf 84' lang='lat' dir='ltr'><strong>gratiarum</strong></span> <span class='ocrx_word' id='word_1_263' title='bbox 937 2070 1158 2123; x_wconf 79' lang='lat' dir='ltr'><strong>actionis</strong></span> <span class='ocrx_word' id='word_1_264' title='bbox 1198 2082 1311 2139; x_wconf 78' lang='lat' dir='ltr'><strong>post</strong></span> <span class='ocrx_word' id='word_1_265' title='bbox 1350 2072 1799 2128; x_wconf 71' lang='lat' dir='ltr'><strong>Communiouem.</strong></span> 
     </span>
    </p>
   </div>
   <div class='ocr_carea' id='block_1_39' title="bbox 372 2160 1875 2228">
    <p class='ocr_par' dir='ltr' id='par_1_39' title="bbox 372 2160 1875 2228">
     <span class='ocr_line' id='line_1_39' title="bbox 372 2160 1875 2228; baseline -0.001 -12"><span class='ocrx_word' id='word_1_266' title='bbox 372 2160 588 2216; x_wconf 84' lang='lat' dir='ltr'><strong>Gratias</strong></span> <span class='ocrx_word' id='word_1_267' title='bbox 644 2161 854 2228; x_wconf 84' lang='lat' dir='ltr'><strong>agimus</strong></span> <span class='ocrx_word' id='word_1_268' title='bbox 902 2160 1018 2227; x_wconf 90' lang='lat' dir='ltr'><strong>tibi,</strong></span> <span class='ocrx_word' id='word_1_269' title='bbox 1058 2160 1273 2218; x_wconf 90' lang='lat' dir='ltr'><strong>Christe</strong></span> <span class='ocrx_word' id='word_1_270' title='bbox 1313 2162 1472 2227; x_wconf 89' lang='lat' dir='ltr'><strong>Deus,</strong></span> <span class='ocrx_word' id='word_1_271' title='bbox 1501 2162 1734 2219; x_wconf 84' lang='lat' dir='ltr'><strong>Verbum</strong></span> <span class='ocrx_word' id='word_1_272' title='bbox 1783 2180 1875 2217; x_wconf 76' lang='lat' dir='ltr'><strong>Ve-</strong></span> 
     </span>
    </p>
   </div>
   <div class='ocr_carea' id='block_1_40' title="bbox 287 2249 1875 2323">
    <p class='ocr_par' dir='ltr' id='par_1_40' title="bbox 287 2249 1875 2323">
     <span class='ocr_line' id='line_1_40' title="bbox 287 2249 1875 2323; baseline 0 -18"><span class='ocrx_word' id='word_1_273' title='bbox 287 2266 426 2305; x_wconf 87' lang='lat' dir='ltr'><strong>rum</strong></span> <span class='ocrx_word' id='word_1_274' title='bbox 453 2265 517 2305; x_wconf 82' lang='lat' dir='ltr'><strong>ex</strong></span> <span class='ocrx_word' id='word_1_275' title='bbox 558 2249 863 2305; x_wconf 89' lang='lat' dir='ltr'><strong>substantia</strong></span> <span class='ocrx_word' id='word_1_276' title='bbox 891 2266 1023 2319; x_wconf 88' lang='lat' dir='ltr'><strong>pura</strong></span> <span class='ocrx_word' id='word_1_277' title='bbox 1055 2251 1231 2308; x_wconf 89' lang='lat' dir='ltr'><strong>Patris</strong></span> <span class='ocrx_word' id='word_1_278' title='bbox 1258 2270 1271 2308; x_wconf 92' lang='lat'><strong>:</strong></span> <span class='ocrx_word' id='word_1_279' title='bbox 1313 2256 1436 2323; x_wconf 90' lang='lat' dir='ltr'><strong>quia</strong></span> <span class='ocrx_word' id='word_1_280' title='bbox 1468 2255 1626 2310; x_wconf 88' lang='lat' dir='ltr'><strong>talem</strong></span> <span class='ocrx_word' id='word_1_281' title='bbox 1669 2257 1721 2310; x_wconf 88' lang='lat' dir='ltr'><strong>in</strong></span> <span class='ocrx_word' id='word_1_282' title='bbox 1757 2273 1875 2311; x_wconf 76' lang='lat' dir='ltr'><strong>mn-</strong></span> 
     </span>
    </p>
   </div>
   <div class='ocr_carea' id='block_1_41' title="bbox 286 2341 1880 2414">
    <p class='ocr_par' dir='ltr' id='par_1_41' title="bbox 286 2341 1880 2414">
     <span class='ocr_line' id='line_1_41' title="bbox 286 2341 1880 2414; baseline -0.001 -17"><span class='ocrx_word' id='word_1_283' title='bbox 286 2344 430 2397; x_wconf 86' lang='lat' dir='ltr'><strong>dum</strong></span> <span class='ocrx_word' id='word_1_284' title='bbox 457 2341 689 2396; x_wconf 80' lang='lat' dir='ltr'><strong>dilexisti</strong></span> <span class='ocrx_word' id='word_1_285' title='bbox 722 2356 840 2406; x_wconf 90' lang='lat' dir='ltr'><strong>nos,</strong></span> <span class='ocrx_word' id='word_1_286' title='bbox 882 2351 936 2397; x_wconf 91' lang='lat' dir='ltr'><strong>et</strong></span> <span class='ocrx_word' id='word_1_287' title='bbox 976 2343 1240 2398; x_wconf 85' lang='lat' dir='ltr'><strong>tradidisti</strong></span> <span class='ocrx_word' id='word_1_288' title='bbox 1288 2354 1338 2399; x_wconf 91' lang='lat' dir='ltr'><strong>te</strong></span> <span class='ocrx_word' id='word_1_289' title='bbox 1384 2346 1555 2414; x_wconf 85' lang='lat' dir='ltr'><strong>ipsum</strong></span> <span class='ocrx_word' id='word_1_290' title='bbox 1589 2349 1655 2399; x_wconf 86' lang='lat' dir='ltr'><strong>ad</strong></span> <span class='ocrx_word' id='word_1_291' title='bbox 1693 2347 1880 2400; x_wconf 74' lang='lat' dir='ltr'><strong>immo.</strong></span> 
     </span>
    </p>
   </div>
   <div class='ocr_carea' id='block_1_42' title="bbox 290 2433 1880 2507">
    <p class='ocr_par' dir='ltr' id='par_1_42' title="bbox 290 2433 1880 2507">
     <span class='ocr_line' id='line_1_42' title="bbox 290 2433 1880 2507; baseline 0.004 -20"><span class='ocrx_word' id='word_1_292' title='bbox 290 2434 558 2488; x_wconf 87' lang='lat' dir='ltr'><strong>lationem</strong></span> <span class='ocrx_word' id='word_1_293' title='bbox 604 2448 701 2501; x_wconf 91' lang='lat' dir='ltr'><strong>pro</strong></span> <span class='ocrx_word' id='word_1_294' title='bbox 757 2433 931 2488; x_wconf 89' lang='lat' dir='ltr'><strong>salute</strong></span> <span class='ocrx_word' id='word_1_295' title='bbox 993 2443 1214 2501; x_wconf 89' lang='lat' dir='ltr'><strong>nostra;</strong></span> <span class='ocrx_word' id='word_1_296' title='bbox 1270 2445 1324 2491; x_wconf 91' lang='lat' dir='ltr'><strong>et</strong></span> <span class='ocrx_word' id='word_1_297' title='bbox 1359 2437 1579 2507; x_wconf 85' lang='lat' dir='ltr'><strong>largitus</strong></span> <span class='ocrx_word' id='word_1_298' title='bbox 1615 2453 1675 2493; x_wconf 88' lang='lat' dir='ltr'><strong>es</strong></span> <span class='ocrx_word' id='word_1_299' title='bbox 1726 2440 1880 2493; x_wconf 87' lang='lat' dir='ltr'><strong>nobis</strong></span> 
     </span>
    </p>
   </div>
   <div class='ocr_carea' id='block_1_43' title="bbox 291 2525 1875 2598">
    <p class='ocr_par' dir='ltr' id='par_1_43' title="bbox 291 2525 1875 2598">
     <span class='ocr_line' id='line_1_43' title="bbox 291 2525 1875 2598; baseline 0.004 -21"><span class='ocrx_word' id='word_1_300' title='bbox 291 2525 602 2593; x_wconf 86' lang='lat' dir='ltr'><strong>vitam,per</strong></span> <span class='ocrx_word' id='word_1_301' title='bbox 623 2540 819 2593; x_wconf 87' lang='lat' dir='ltr'><strong>corpus</strong></span> <span class='ocrx_word' id='word_1_302' title='bbox 847 2535 997 2579; x_wconf 91' lang='lat' dir='ltr'><strong>tuum</strong></span> <span class='ocrx_word' id='word_1_303' title='bbox 1022 2536 1292 2592; x_wconf 90' lang='lat' dir='ltr'><strong>sanctum,</strong></span> <span class='ocrx_word' id='word_1_304' title='bbox 1310 2530 1698 2598; x_wconf 87' lang='lat' dir='ltr'><strong>etsanguinem</strong></span> <span class='ocrx_word' id='word_1_305' title='bbox 1730 2541 1875 2584; x_wconf 91' lang='lat' dir='ltr'><strong>tuum</strong></span> 
     </span>
    </p>
   </div>
   <div class='ocr_carea' id='block_1_44' title="bbox 285 2618 1877 2691">
    <p class='ocr_par' dir='ltr' id='par_1_44' title="bbox 285 2618 1877 2691">
     <span class='ocr_line' id='line_1_44' title="bbox 285 2618 1877 2691; baseline 0.003 -20"><span class='ocrx_word' id='word_1_306' title='bbox 285 2618 618 2688; x_wconf 83' lang='lat' dir='ltr'><strong>pretiosum,</strong></span> <span class='ocrx_word' id='word_1_307' title='bbox 651 2633 878 2687; x_wconf 90' lang='lat' dir='ltr'><strong>quorum</strong></span> <span class='ocrx_word' id='word_1_308' title='bbox 905 2619 1312 2688; x_wconf 82' lang='lat' dir='ltr'><strong>participatione</strong></span> <span class='ocrx_word' id='word_1_309' title='bbox 1355 2637 1455 2676; x_wconf 90' lang='lat' dir='ltr'><strong>nos</strong></span> <span class='ocrx_word' id='word_1_310' title='bbox 1499 2623 1655 2677; x_wconf 90' lang='lat' dir='ltr'><strong>modo</strong></span> <span class='ocrx_word' id='word_1_311' title='bbox 1690 2624 1877 2691; x_wconf 84' lang='lat' dir='ltr'><strong>digna-</strong></span> 
     </span>
    </p>
   </div>
   <div class='ocr_carea' id='block_1_45' title="bbox 287 2712 1881 2782">
    <p class='ocr_par' dir='ltr' id='par_1_45' title="bbox 287 2712 1881 2782">
     <span class='ocr_line' id='line_1_45' title="bbox 287 2712 1881 2782; baseline 0.002 -16"><span class='ocrx_word' id='word_1_312' title='bbox 287 2720 393 2766; x_wconf 80' lang='lat' dir='ltr'><strong>tus</strong></span> <span class='ocrx_word' id='word_1_313' title='bbox 417 2727 494 2766; x_wconf 90' lang='lat' dir='ltr'><strong>es.</strong></span> <span class='ocrx_word' id='word_1_314' title='bbox 524 2712 824 2781; x_wconf 86' lang='lat' dir='ltr'><strong>Eapropter</strong></span> <span class='ocrx_word' id='word_1_315' title='bbox 842 2716 1041 2781; x_wconf 77' lang='lat' dir='ltr'><strong>gratias</strong></span> <span class='ocrx_word' id='word_1_316' title='bbox 1064 2715 1273 2782; x_wconf 79' lang='lat' dir='ltr'><strong>agimus</strong></span> <span class='ocrx_word' id='word_1_317' title='bbox 1298 2714 1414 2780; x_wconf 88' lang='lat' dir='ltr'><strong>tibi,</strong></span> <span class='ocrx_word' id='word_1_318' title='bbox 1435 2726 1644 2770; x_wconf 89' lang='lat' dir='ltr'><strong>amator</strong></span> <span class='ocrx_word' id='word_1_319' title='bbox 1670 2726 1881 2771; x_wconf 82' lang='lat' dir='ltr'><strong>creatu-</strong></span> 
     </span>
    </p>
   </div>
   <div class='ocr_carea' id='block_1_46' title="bbox 290 2805 1876 2877">
    <p class='ocr_par' dir='ltr' id='par_1_46' title="bbox 290 2805 1876 2877">
     <span class='ocr_line' id='line_1_46' title="bbox 290 2805 1876 2877; baseline 0.002 -19"><span class='ocrx_word' id='word_1_320' title='bbox 290 2818 383 2858; x_wconf 74' lang='lat' dir='ltr'><strong>ra:</strong></span> <span class='ocrx_word' id='word_1_321' title='bbox 412 2812 532 2868; x_wconf 74' lang='lat' dir='ltr'><strong>tute,</strong></span> <span class='ocrx_word' id='word_1_322' title='bbox 562 2815 615 2858; x_wconf 91' lang='lat' dir='ltr'><strong>et</strong></span> <span class='ocrx_word' id='word_1_323' title='bbox 644 2805 907 2862; x_wconf 89' lang='lat' dir='ltr'><strong>mittimus</strong></span> <span class='ocrx_word' id='word_1_324' title='bbox 951 2807 1042 2861; x_wconf 91' lang='lat' dir='ltr'><strong>tibi</strong></span> <span class='ocrx_word' id='word_1_325' title='bbox 1076 2822 1290 2861; x_wconf 84' lang='lat' dir='ltr'><strong>sursum</strong></span> <span class='ocrx_word' id='word_1_326' title='bbox 1330 2807 1575 2877; x_wconf 88' lang='lat' dir='ltr'><strong>gloriam,</strong></span> <span class='ocrx_word' id='word_1_327' title='bbox 1621 2810 1876 2863; x_wconf 89' lang='lat' dir='ltr'><strong>honorem</strong></span> 
     </span>
    </p>
   </div>
   <div class='ocr_carea' id='block_1_47' title="bbox 289 2894 1875 2969">
    <p class='ocr_par' dir='ltr' id='par_1_47' title="bbox 289 2894 1875 2969">
     <span class='ocr_line' id='line_1_47' title="bbox 289 2894 1875 2969; baseline 0.004 -22"><span class='ocrx_word' id='word_1_328' title='bbox 289 2901 359 2948; x_wconf 83' lang='lat' dir='ltr'><strong>et</strong></span> <span class='ocrx_word' id='word_1_329' title='bbox 412 2894 804 2962; x_wconf 83' lang='lat' dir='ltr'><strong>adorationem,</strong></span> <span class='ocrx_word' id='word_1_330' title='bbox 854 2912 978 2951; x_wconf 93' lang='lat' dir='ltr'><strong>cum</strong></span> <span class='ocrx_word' id='word_1_331' title='bbox 1025 2898 1182 2952; x_wconf 87' lang='lat' dir='ltr'><strong>Patre</strong></span> <span class='ocrx_word' id='word_1_332' title='bbox 1238 2907 1329 2953; x_wconf 93' lang='lat' dir='ltr'><strong>tuo</strong></span> <span class='ocrx_word' id='word_1_333' title='bbox 1374 2899 1535 2965; x_wconf 89' lang='lat' dir='ltr'><strong>bono,</strong></span> <span class='ocrx_word' id='word_1_334' title='bbox 1570 2908 1623 2953; x_wconf 89' lang='lat' dir='ltr'><strong>et</strong></span> <span class='ocrx_word' id='word_1_335' title='bbox 1673 2898 1875 2969; x_wconf 83' lang='lat' dir='ltr'><strong>Spiritu</strong></span> 
     </span>
    </p>
   </div>
   <div class='ocr_carea' id='block_1_48' title="bbox 292 2987 1873 3059">
    <p class='ocr_par' dir='ltr' id='par_1_48' title="bbox 292 2987 1873 3059">
     <span class='ocr_line' id='line_1_48' title="bbox 292 2987 1873 3059; baseline 0.003 -19"><span class='ocrx_word' id='word_1_336' title='bbox 292 2995 496 3041; x_wconf 85' lang='lat' dir='ltr'><strong>sancto</strong></span> <span class='ocrx_word' id='word_1_337' title='bbox 523 2987 856 3055; x_wconf 84' lang='lat' dir='ltr'><strong>viviﬁcante,</strong></span> <span class='ocrx_word' id='word_1_338' title='bbox 875 2990 1078 3059; x_wconf 90' lang='lat' dir='ltr'><strong>tibique</strong></span> <span class='ocrx_word' id='word_1_339' title='bbox 1099 2992 1563 3057; x_wconf 86' lang='lat' dir='ltr'><strong>consubstantiali,</strong></span> <span class='ocrx_word' id='word_1_340' title='bbox 1595 3003 1873 3058; x_wconf 83' lang='lat' dir='ltr'><strong>ttttttc,etc.</strong></span> 
     </span>
    </p>
   </div>
   <div class='ocr_carea' id='block_1_49' title="bbox 480 3077 1691 3152">
    <p class='ocr_par' dir='ltr' id='par_1_49' title="bbox 480 3077 1691 3152">
     <span class='ocr_line' id='line_1_49' title="bbox 480 3077 1691 3152; baseline 0.004 -19"><span class='ocrx_word' id='word_1_341' title='bbox 480 3077 670 3134; x_wconf 78' lang='lat' dir='ltr'><strong>Oratio</strong></span> <span class='ocrx_word' id='word_1_342' title='bbox 708 3081 1067 3137; x_wconf 84' lang='lat' dir='ltr'><strong>inclinationis</strong></span> <span class='ocrx_word' id='word_1_343' title='bbox 1100 3092 1212 3152; x_wconf 85' lang='lat' dir='ltr'><strong>post</strong></span> <span class='ocrx_word' id='word_1_344' title='bbox 1245 3082 1691 3138; x_wconf 83' lang='lat' dir='ltr'><strong>Communionem.</strong></span> 
     </span>
    </p>
   </div>
   <div class='ocr_carea' id='block_1_50' title="bbox 380 3168 1872 3246">
    <p class='ocr_par' dir='ltr' id='par_1_50' title="bbox 380 3168 1872 3246">
     <span class='ocr_line' id='line_1_50' title="bbox 380 3168 1872 3246; baseline 0.005 -22"><span class='ocrx_word' id='word_1_345' title='bbox 380 3168 485 3237; x_wconf 82' lang='lat' dir='ltr'><strong>Qui</strong></span> <span class='ocrx_word' id='word_1_346' title='bbox 506 3180 592 3226; x_wconf 89' lang='lat' dir='ltr'><strong>est</strong></span> <span class='ocrx_word' id='word_1_347' title='bbox 625 3182 679 3226; x_wconf 93' lang='lat' dir='ltr'><strong>et</strong></span> <span class='ocrx_word' id='word_1_348' title='bbox 714 3172 814 3227; x_wconf 83' lang='lat' dir='ltr'><strong>fuit</strong></span> <span class='ocrx_word' id='word_1_349' title='bbox 848 3174 1153 3244; x_wconf 54' lang='lat' dir='ltr'><strong>(aeternus),</strong></span> <span class='ocrx_word' id='word_1_350' title='bbox 1183 3176 1272 3245; x_wconf 91' lang='lat' dir='ltr'><strong>qui</strong></span> <span class='ocrx_word' id='word_1_351' title='bbox 1297 3178 1445 3230; x_wconf 84' lang='lat' dir='ltr'><strong>venit</strong></span> <span class='ocrx_word' id='word_1_352' title='bbox 1490 3186 1648 3246; x_wconf 89' lang='lat' dir='ltr'><strong>atque</strong></span> <span class='ocrx_word' id='word_1_353' title='bbox 1680 3178 1872 3231; x_wconf 89' lang='lat' dir='ltr'><strong>iterum</strong></span> 
     </span>
    </p>
   </div>
   <div class='ocr_carea' id='block_1_51' title="bbox 291 3264 1878 3337">
    <p class='ocr_par' dir='ltr' id='par_1_51' title="bbox 291 3264 1878 3337">
     <span class='ocr_line' id='line_1_51' title="bbox 291 3264 1878 3337; baseline 0.004 -21"><span class='ocrx_word' id='word_1_354' title='bbox 291 3265 507 3330; x_wconf 77' lang='lat' dir='ltr'><strong>veniet,</strong></span> <span class='ocrx_word' id='word_1_355' title='bbox 538 3264 628 3333; x_wconf 91' lang='lat' dir='ltr'><strong>qui</strong></span> <span class='ocrx_word' id='word_1_356' title='bbox 658 3266 970 3321; x_wconf 87' lang='lat' dir='ltr'><strong>incarnatus</strong></span> <span class='ocrx_word' id='word_1_357' title='bbox 996 3277 1050 3322; x_wconf 90' lang='lat' dir='ltr'><strong>et</strong></span> <span class='ocrx_word' id='word_1_358' title='bbox 1076 3268 1239 3321; x_wconf 93' lang='lat' dir='ltr'><strong>homo</strong></span> <span class='ocrx_word' id='word_1_359' title='bbox 1269 3267 1441 3321; x_wconf 81' lang='lat' dir='ltr'><strong>tactus</strong></span> <span class='ocrx_word' id='word_1_360' title='bbox 1476 3276 1580 3327; x_wconf 87' lang='lat' dir='ltr'><strong>est.</strong></span> <span class='ocrx_word' id='word_1_361' title='bbox 1623 3269 1878 3337; x_wconf 87' lang='lat' dir='ltr'><strong>crucique</strong></span> 
     </span>
    </p>
   </div>
   <div class='ocr_carea' id='block_1_52' title="bbox 294 3358 1879 3428">
    <p class='ocr_par' dir='ltr' id='par_1_52' title="bbox 294 3358 1879 3428">
     <span class='ocr_line' id='line_1_52' title="bbox 294 3358 1879 3428; baseline -0.001 -15"><span class='ocrx_word' id='word_1_362' title='bbox 294 3358 496 3413; x_wconf 79' lang='lat' dir='ltr'><strong>afﬁxus</strong></span> <span class='ocrx_word' id='word_1_363' title='bbox 526 3367 608 3412; x_wconf 85' lang='lat' dir='ltr'><strong>est</strong></span> <span class='ocrx_word' id='word_1_364' title='bbox 653 3368 875 3428; x_wconf 91' lang='lat' dir='ltr'><strong>propter</strong></span> <span class='ocrx_word' id='word_1_365' title='bbox 914 3374 1013 3413; x_wconf 90' lang='lat' dir='ltr'><strong>nos</strong></span> <span class='ocrx_word' id='word_1_366' title='bbox 1042 3377 1056 3412; x_wconf 87' lang='lat'><strong>:</strong></span> <span class='ocrx_word' id='word_1_367' title='bbox 1086 3373 1279 3427; x_wconf 89' lang='lat' dir='ltr'><strong>passus</strong></span> <span class='ocrx_word' id='word_1_368' title='bbox 1312 3368 1395 3415; x_wconf 91' lang='lat' dir='ltr'><strong>est</strong></span> <span class='ocrx_word' id='word_1_369' title='bbox 1429 3358 1645 3426; x_wconf 90' lang='lat' dir='ltr'><strong>propria</strong></span> <span class='ocrx_word' id='word_1_370' title='bbox 1689 3358 1879 3412; x_wconf 88' lang='lat' dir='ltr'><strong>volun-</strong></span> 
     </span>
    </p>
   </div>
   <div class='ocr_carea' id='block_1_53' title="bbox 297 3450 1879 3521">
    <p class='ocr_par' dir='ltr' id='par_1_53' title="bbox 297 3450 1879 3521">
     <span class='ocr_line' id='line_1_53' title="bbox 297 3450 1879 3521; baseline 0 -17"><span class='ocrx_word' id='word_1_371' title='bbox 297 3458 418 3505; x_wconf 83' lang='lat' dir='ltr'><strong>tate</strong></span> <span class='ocrx_word' id='word_1_372' title='bbox 467 3450 520 3503; x_wconf 92' lang='lat' dir='ltr'><strong>in</strong></span> <span class='ocrx_word' id='word_1_373' title='bbox 569 3463 817 3518; x_wconf 89' lang='lat' dir='ltr'><strong>corpore,</strong></span> <span class='ocrx_word' id='word_1_374' title='bbox 851 3464 972 3504; x_wconf 93' lang='lat' dir='ltr'><strong>cum</strong></span> <span class='ocrx_word' id='word_1_375' title='bbox 1028 3457 1173 3504; x_wconf 88' lang='lat' dir='ltr'><strong>esset</strong></span> <span class='ocrx_word' id='word_1_376' title='bbox 1223 3450 1571 3519; x_wconf 90' lang='lat' dir='ltr'><strong>impassibilis</strong></span> <span class='ocrx_word' id='word_1_377' title='bbox 1627 3459 1879 3521; x_wconf 89' lang='lat' dir='ltr'><strong>tanquam</strong></span> 
     </span>
    </p>
   </div>
   <div class='ocr_carea' id='block_1_54' title="bbox 295 3540 1881 3610">
    <p class='ocr_par' dir='ltr' id='par_1_54' title="bbox 295 3540 1881 3610">
     <span class='ocr_line' id='line_1_54' title="bbox 295 3540 1881 3610; baseline 0.001 -15"><span class='ocrx_word' id='word_1_378' title='bbox 295 3540 472 3604; x_wconf 85' lang='lat' dir='ltr'><strong>Deus,</strong></span> <span class='ocrx_word' id='word_1_379' title='bbox 505 3540 776 3596; x_wconf 90' lang='lat' dir='ltr'><strong>involutus</strong></span> <span class='ocrx_word' id='word_1_380' title='bbox 802 3550 885 3596; x_wconf 89' lang='lat' dir='ltr'><strong>est</strong></span> <span class='ocrx_word' id='word_1_381' title='bbox 927 3549 981 3596; x_wconf 88' lang='lat' dir='ltr'><strong>et</strong></span> <span class='ocrx_word' id='word_1_382' title='bbox 1015 3542 1222 3610; x_wconf 90' lang='lat' dir='ltr'><strong>positus</strong></span> <span class='ocrx_word' id='word_1_383' title='bbox 1253 3541 1305 3595; x_wconf 93' lang='lat' dir='ltr'><strong>in</strong></span> <span class='ocrx_word' id='word_1_384' title='bbox 1338 3541 1609 3610; x_wconf 88' lang='lat' dir='ltr'><strong>sepulcro,</strong></span> <span class='ocrx_word' id='word_1_385' title='bbox 1642 3544 1881 3597; x_wconf 84' lang='lat' dir='ltr'><strong>surrexit</strong></span> 
     </span>
    </p>
   </div>
   <div class='ocr_carea' id='block_1_55' title="bbox 296 3630 1877 3703">
    <p class='ocr_par' dir='ltr' id='par_1_55' title="bbox 296 3630 1877 3703">
     <span class='ocr_line' id='line_1_55' title="bbox 296 3630 1877 3703; baseline 0 -16"><span class='ocrx_word' id='word_1_386' title='bbox 296 3647 333 3687; x_wconf 69' lang='grc' dir='ltr'>ει</span> <span class='ocrx_word' id='word_1_387' title='bbox 372 3632 601 3686; x_wconf 87' lang='lat' dir='ltr'><strong>mortuis</strong></span> <span class='ocrx_word' id='word_1_388' title='bbox 627 3632 781 3686; x_wconf 89' lang='lat' dir='ltr'><strong>tertia</strong></span> <span class='ocrx_word' id='word_1_389' title='bbox 812 3630 919 3695; x_wconf 87' lang='lat' dir='ltr'><strong>die,</strong></span> <span class='ocrx_word' id='word_1_390' title='bbox 940 3639 994 3685; x_wconf 91' lang='lat' dir='ltr'><strong>et</strong></span> <span class='ocrx_word' id='word_1_391' title='bbox 1009 3631 1256 3686; x_wconf 89' lang='lat' dir='ltr'><strong>ascendit</strong></span> <span class='ocrx_word' id='word_1_392' title='bbox 1289 3632 1342 3685; x_wconf 93' lang='lat' dir='ltr'><strong>in</strong></span> <span class='ocrx_word' id='word_1_393' title='bbox 1376 3631 1597 3697; x_wconf 70' lang='lat' dir='ltr'><strong>cwlum,</strong></span> <span class='ocrx_word' id='word_1_394' title='bbox 1619 3632 1877 3703; x_wconf 88' lang='lat' dir='ltr'><strong>sedetque</strong></span> 
     </span>
    </p>
   </div>
   <div class='ocr_carea' id='block_1_56' title="bbox 298 3743 1875 3817">
    <p class='ocr_par' dir='ltr' id='par_1_56' title="bbox 298 3743 1875 3817">
     <span class='ocr_line' id='line_1_56' title="bbox 298 3743 1875 3817; baseline -0.001 -15"><span class='ocrx_word' id='word_1_395' title='bbox 298 3745 466 3802; x_wconf 77' lang='lat' dir='ltr'><strong>stiani</strong></span> <span class='ocrx_word' id='word_1_396' title='bbox 497 3745 731 3817; x_wconf 55' lang='lat' dir='ltr'><strong>AEgyptii</strong></span> <span class='ocrx_word' id='word_1_397' title='bbox 756 3762 820 3798; x_wconf 71' lang='lat' dir='ltr'><strong>ex</strong></span> <span class='ocrx_word' id='word_1_398' title='bbox 841 3746 1017 3813; x_wconf 78' lang='lat' dir='ltr'><strong>fructu</strong></span> <span class='ocrx_word' id='word_1_399' title='bbox 1042 3743 1160 3797; x_wconf 76' lang='lat' dir='ltr'><strong>vitis</strong></span> <span class='ocrx_word' id='word_1_400' title='bbox 1186 3759 1474 3817; x_wconf 45' lang='lat' dir='ltr'><strong>certeque,</strong></span> <span class='ocrx_word' id='word_1_401' title='bbox 1502 3754 1574 3797; x_wconf 82' lang='lat' dir='ltr'><strong>est</strong></span> <span class='ocrx_word' id='word_1_402' title='bbox 1602 3743 1875 3799; x_wconf 78' lang='lat' dir='ltr'><strong>Christus:</strong></span> 
     </span>
    </p>
   </div>
   <div class='ocr_carea' id='block_1_57' title="bbox 298 3815 1872 3885">
    <p class='ocr_par' dir='ltr' id='par_1_57' title="bbox 298 3815 1872 3885">
     <span class='ocr_line' id='line_1_57' title="bbox 298 3815 1872 3885; baseline 0 -16"><span class='ocrx_word' id='word_1_403' title='bbox 298 3819 399 3871; x_wconf 82' lang='lat' dir='ltr'><strong>sed</strong></span> <span class='ocrx_word' id='word_1_404' title='bbox 423 3833 541 3885; x_wconf 67' lang='lat' dir='ltr'><strong>quia</strong></span> <span class='ocrx_word' id='word_1_405' title='bbox 562 3815 634 3869; x_wconf 72' lang='lat' dir='ltr'><strong>est</strong></span> <span class='ocrx_word' id='word_1_406' title='bbox 659 3817 797 3868; x_wconf 82' lang='lat' dir='ltr'><strong>latus</strong></span> <span class='ocrx_word' id='word_1_407' title='bbox 823 3826 987 3879; x_wconf 89' lang='lat' dir='ltr'><strong>tuum,</strong></span> <span class='ocrx_word' id='word_1_408' title='bbox 1016 3830 1079 3867; x_wconf 78' lang='lat' dir='ltr'><strong>ea:</strong></span> <span class='ocrx_word' id='word_1_409' title='bbox 1099 3831 1200 3884; x_wconf 88' lang='lat' dir='ltr'><strong>quo</strong></span> <span class='ocrx_word' id='word_1_410' title='bbox 1223 3815 1373 3866; x_wconf 72' lang='lat' dir='ltr'><strong>exivit</strong></span> <span class='ocrx_word' id='word_1_411' title='bbox 1396 3818 1608 3885; x_wconf 70' lang='lat' dir='ltr'><strong>sanguis</strong></span> <span class='ocrx_word' id='word_1_412' title='bbox 1636 3825 1682 3867; x_wconf 87' lang='lat' dir='ltr'><strong>et</strong></span> <span class='ocrx_word' id='word_1_413' title='bbox 1716 3833 1872 3883; x_wconf 86' lang='lat' dir='ltr'><strong>aqua.</strong></span> 
     </span>
    </p>
   </div>
   <div class='ocr_carea' id='block_1_58' title="bbox 301 3884 1874 3955">
    <p class='ocr_par' dir='ltr' id='par_1_58' title="bbox 301 3884 1874 3955">
     <span class='ocr_line' id='line_1_58' title="bbox 301 3884 1874 3955; baseline -0.001 -14"><span class='ocrx_word' id='word_1_414' title='bbox 301 3884 633 3955; x_wconf 79' lang='lat' dir='ltr'><strong>Theclogice</strong></span> <span class='ocrx_word' id='word_1_415' title='bbox 668 3899 889 3953; x_wconf 88' lang='lat' dir='ltr'><strong>prorsus</strong></span> <span class='ocrx_word' id='word_1_416' title='bbox 922 3894 974 3937; x_wconf 90' lang='lat' dir='ltr'><strong>et</strong></span> <span class='ocrx_word' id='word_1_417' title='bbox 1004 3885 1069 3937; x_wconf 89' lang='lat' dir='ltr'><strong>ad</strong></span> <span class='ocrx_word' id='word_1_418' title='bbox 1116 3895 1426 3937; x_wconf 85' lang='lat' dir='ltr'><strong>sanctorum</strong></span> <span class='ocrx_word' id='word_1_419' title='bbox 1471 3884 1687 3938; x_wconf 86' lang='lat' dir='ltr'><strong>Patrum</strong></span> <span class='ocrx_word' id='word_1_420' title='bbox 1720 3901 1874 3939; x_wconf 87' lang='lat' dir='ltr'><strong>men-</strong></span> 
     </span>
    </p>
   </div>
   <div class='ocr_carea' id='block_1_59' title="bbox 302 3954 1875 4025">
    <p class='ocr_par' dir='ltr' id='par_1_59' title="bbox 302 3954 1875 4025">
     <span class='ocr_line' id='line_1_59' title="bbox 302 3954 1875 4025; baseline 0.001 -17"><span class='ocrx_word' id='word_1_421' title='bbox 302 3967 439 4016; x_wconf 90' lang='lat' dir='ltr'><strong>tem,</strong></span> <span class='ocrx_word' id='word_1_422' title='bbox 465 3954 731 4025; x_wconf 84' lang='lat' dir='ltr'><strong>simulque</strong></span> <span class='ocrx_word' id='word_1_423' title='bbox 754 3957 819 4008; x_wconf 89' lang='lat' dir='ltr'><strong>ad</strong></span> <span class='ocrx_word' id='word_1_424' title='bbox 846 3954 1475 4025; x_wconf 74' lang='lat' dir='ltr'><strong>eorumcoulutationem</strong></span> <span class='ocrx_word' id='word_1_425' title='bbox 1501 3956 1588 4022; x_wconf 91' lang='lat' dir='ltr'><strong>qui</strong></span> <span class='ocrx_word' id='word_1_426' title='bbox 1610 3956 1875 4024; x_wconf 81' lang='lat' dir='ltr'><strong>Cypriano</strong></span> 
     </span>
    </p>
   </div>
   <div class='ocr_carea' id='block_1_60' title="bbox 301 4024 1871 4094">
    <p class='ocr_par' dir='ltr' id='par_1_60' title="bbox 301 4024 1871 4094">
     <span class='ocr_line' id='line_1_60' title="bbox 301 4024 1871 4094; baseline -0.002 -14"><span class='ocrx_word' id='word_1_427' title='bbox 301 4035 530 4094; x_wconf 88' lang='lat' dir='ltr'><strong>totaque</strong></span> <span class='ocrx_word' id='word_1_428' title='bbox 564 4024 804 4079; x_wconf 85' lang='lat' dir='ltr'><strong>veterum</strong></span> <span class='ocrx_word' id='word_1_429' title='bbox 840 4024 1082 4078; x_wconf 83' lang='lat' dir='ltr'><strong>Ecclesia</strong></span> <span class='ocrx_word' id='word_1_430' title='bbox 1117 4026 1473 4094; x_wconf 76' lang='lat' dir='ltr'><strong>sapientiores</strong></span> <span class='ocrx_word' id='word_1_431' title='bbox 1499 4064 1513 4085; x_wconf 94' lang='lat'><strong>,</strong></span> <span class='ocrx_word' id='word_1_432' title='bbox 1546 4041 1736 4093; x_wconf 88' lang='lat' dir='ltr'><strong>aquam</strong></span> <span class='ocrx_word' id='word_1_433' title='bbox 1779 4042 1871 4077; x_wconf 82' lang='lat' dir='ltr'><strong>ca-</strong></span> 
     </span>
    </p>
   </div>
   <div class='ocr_carea' id='block_1_61' title="bbox 300 4093 1875 4163">
    <p class='ocr_par' dir='ltr' id='par_1_61' title="bbox 300 4093 1875 4163">
     <span class='ocr_line' id='line_1_61' title="bbox 300 4093 1875 4163; baseline 0 -13"><span class='ocrx_word' id='word_1_434' title='bbox 300 4097 392 4150; x_wconf 89' lang='lat' dir='ltr'><strong>lici</strong></span> <span class='ocrx_word' id='word_1_435' title='bbox 428 4093 748 4154; x_wconf 80' lang='lat' dir='ltr'><strong>admiscere,</strong></span> <span class='ocrx_word' id='word_1_436' title='bbox 786 4095 1052 4162; x_wconf 87' lang='lat' dir='ltr'><strong>piaculum</strong></span> <span class='ocrx_word' id='word_1_437' title='bbox 1088 4095 1421 4146; x_wconf 79' lang='lat' dir='ltr'><strong>existimant.</strong></span> <span class='ocrx_word' id='word_1_438' title='bbox 1459 4093 1643 4163; x_wconf 86' lang='lat' dir='ltr'><strong>Itaque</strong></span> <span class='ocrx_word' id='word_1_439' title='bbox 1677 4096 1726 4146; x_wconf 93' lang='lat' dir='ltr'><strong>in</strong></span> <span class='ocrx_word' id='word_1_440' title='bbox 1774 4096 1875 4151; x_wconf 89' lang='lat' dir='ltr'><strong>hac</strong></span> 
     </span>
    </p>
   </div>
   <div class='ocr_carea' id='block_1_62' title="bbox 302 4164 1871 4233">
    <p class='ocr_par' dir='ltr' id='par_1_62' title="bbox 302 4164 1871 4233">
     <span class='ocr_line' id='line_1_62' title="bbox 302 4164 1871 4233; baseline 0.001 -14"><span class='ocrx_word' id='word_1_441' title='bbox 302 4166 553 4224; x_wconf 87' lang='lat' dir='ltr'><strong>oratione</strong></span> <span class='ocrx_word' id='word_1_442' title='bbox 597 4164 803 4218; x_wconf 76' lang='lat' dir='ltr'><strong>fructus</strong></span> <span class='ocrx_word' id='word_1_443' title='bbox 833 4166 956 4217; x_wconf 85' lang='lat' dir='ltr'><strong>vitis</strong></span> <span class='ocrx_word' id='word_1_444' title='bbox 986 4179 1155 4227; x_wconf 64' lang='lat' dir='ltr'><strong>verte,</strong></span> <span class='ocrx_word' id='word_1_445' title='bbox 1193 4166 1256 4216; x_wconf 89' lang='lat' dir='ltr'><strong>de</strong></span> <span class='ocrx_word' id='word_1_446' title='bbox 1288 4166 1549 4233; x_wconf 83' lang='lat' dir='ltr'><strong>sanguine</strong></span> <span class='ocrx_word' id='word_1_447' title='bbox 1582 4164 1785 4218; x_wconf 90' lang='lat' dir='ltr'><strong>Christi</strong></span> <span class='ocrx_word' id='word_1_448' title='bbox 1819 4169 1871 4220; x_wconf 87' lang='lat' dir='ltr'><strong>itt</strong></span> 
     </span>
    </p>
   </div>
   <div class='ocr_carea' id='block_1_63' title="bbox 306 4235 1871 4303">
    <p class='ocr_par' dir='ltr' id='par_1_63' title="bbox 306 4235 1871 4303">
     <span class='ocr_line' id='line_1_63' title="bbox 306 4235 1871 4303; baseline -0.002 -12"><span class='ocrx_word' id='word_1_449' title='bbox 306 4236 477 4291; x_wconf 86' lang='lat' dir='ltr'><strong>calice</strong></span> <span class='ocrx_word' id='word_1_450' title='bbox 502 4235 743 4289; x_wconf 83' lang='lat' dir='ltr'><strong>exhibito</strong></span> <span class='ocrx_word' id='word_1_451' title='bbox 773 4235 1111 4303; x_wconf 82' lang='lat' dir='ltr'><strong>intelligitur,</strong></span> <span class='ocrx_word' id='word_1_452' title='bbox 1144 4250 1246 4287; x_wconf 90' lang='lat' dir='ltr'><strong>non</strong></span> <span class='ocrx_word' id='word_1_453' title='bbox 1278 4238 1341 4288; x_wconf 89' lang='lat' dir='ltr'><strong>de</strong></span> <span class='ocrx_word' id='word_1_454' title='bbox 1368 4244 1478 4287; x_wconf 88' lang='lat' dir='ltr'><strong>toto</strong></span> <span class='ocrx_word' id='word_1_455' title='bbox 1510 4247 1871 4289; x_wconf 78' lang='lat' dir='ltr'><strong>sacramento.</strong></span> 
     </span>
    </p>
   </div>
   <div class='ocr_carea' id='block_1_64' title="bbox 306 4305 1877 4374">
    <p class='ocr_par' dir='ltr' id='par_1_64' title="bbox 306 4305 1877 4374">
     <span class='ocr_line' id='line_1_64' title="bbox 306 4305 1877 4374; baseline -0.001 -14"><span class='ocrx_word' id='word_1_456' title='bbox 306 4306 470 4360; x_wconf 80' lang='lat' dir='ltr'><strong>Panis</strong></span> <span class='ocrx_word' id='word_1_457' title='bbox 496 4306 586 4374; x_wconf 91' lang='lat' dir='ltr'><strong>qui</strong></span> <span class='ocrx_word' id='word_1_458' title='bbox 620 4306 684 4358; x_wconf 85' lang='lat' dir='ltr'><strong>de.</strong></span> <span class='ocrx_word' id='word_1_459' title='bbox 708 4306 846 4360; x_wconf 78' lang='lat' dir='ltr'><strong>ctelo</strong></span> <span class='ocrx_word' id='word_1_460' title='bbox 869 4306 1166 4363; x_wconf 84' lang='lat' dir='ltr'><strong>descendit.</strong></span> <span class='ocrx_word' id='word_1_461' title='bbox 1201 4320 1293 4356; x_wconf 87' lang='lat' dir='ltr'><strong>seu</strong></span> <span class='ocrx_word' id='word_1_462' title='bbox 1328 4305 1481 4372; x_wconf 89' lang='lat' dir='ltr'><strong>panis</strong></span> <span class='ocrx_word' id='word_1_463' title='bbox 1504 4306 1766 4369; x_wconf 74' lang='lat' dir='ltr'><strong>cmlcstis,</strong></span> <span class='ocrx_word' id='word_1_464' title='bbox 1794 4317 1877 4358; x_wconf 85' lang='lat' dir='ltr'><strong>est</strong></span> 
     </span>
    </p>
   </div>
   <div class='ocr_carea' id='block_1_65' title="bbox 305 4375 1881 4444">
    <p class='ocr_par' dir='ltr' id='par_1_65' title="bbox 305 4375 1881 4444">
     <span class='ocr_line' id='line_1_65' title="bbox 305 4375 1881 4444; baseline -0.001 -13"><span class='ocrx_word' id='word_1_465' title='bbox 305 4390 506 4443; x_wconf 88' lang='lat' dir='ltr'><strong>corpus</strong></span> <span class='ocrx_word' id='word_1_466' title='bbox 540 4376 770 4436; x_wconf 88' lang='lat' dir='ltr'><strong>Christi,</strong></span> <span class='ocrx_word' id='word_1_467' title='bbox 802 4376 941 4444; x_wconf 87' lang='lat' dir='ltr'><strong>quod</strong></span> <span class='ocrx_word' id='word_1_468' title='bbox 986 4375 1280 4443; x_wconf 87' lang='lat' dir='ltr'><strong>percipitur</strong></span> <span class='ocrx_word' id='word_1_469' title='bbox 1324 4375 1374 4427; x_wconf 92' lang='lat' dir='ltr'><strong>in</strong></span> <span class='ocrx_word' id='word_1_470' title='bbox 1417 4385 1789 4444; x_wconf 84' lang='lat' dir='ltr'><strong>sacramento,</strong></span> <span class='ocrx_word' id='word_1_471' title='bbox 1827 4386 1881 4430; x_wconf 84' lang='lat' dir='ltr'><strong>et</strong></span> 
     </span>
    </p>
   </div>
   <div class='ocr_carea' id='block_1_66' title="bbox 306 4443 1876 4511">
    <p class='ocr_par' dir='ltr' id='par_1_66' title="bbox 306 4443 1876 4511">
     <span class='ocr_line' id='line_1_66' title="bbox 306 4443 1876 4511; baseline -0.002 -12"><span class='ocrx_word' id='word_1_472' title='bbox 306 4448 360 4500; x_wconf 91' lang='lat' dir='ltr'><strong>in</strong></span> <span class='ocrx_word' id='word_1_473' title='bbox 398 4447 493 4500; x_wconf 93' lang='lat' dir='ltr'><strong>illo</strong></span> <span class='ocrx_word' id='word_1_474' title='bbox 520 4455 643 4499; x_wconf 85' lang='lat' dir='ltr'><strong>est:</strong></span> <span class='ocrx_word' id='word_1_475' title='bbox 681 4443 886 4499; x_wconf 79' lang='lat' dir='ltr'><strong>fructus</strong></span> <span class='ocrx_word' id='word_1_476' title='bbox 914 4445 1039 4499; x_wconf 88' lang='lat' dir='ltr'><strong>vitis</strong></span> <span class='ocrx_word' id='word_1_477' title='bbox 1071 4459 1234 4506; x_wconf 70' lang='lat' dir='ltr'><strong>verte,</strong></span> <span class='ocrx_word' id='word_1_478' title='bbox 1270 4453 1352 4497; x_wconf 84' lang='lat' dir='ltr'><strong>est</strong></span> <span class='ocrx_word' id='word_1_479' title='bbox 1384 4446 1600 4511; x_wconf 84' lang='lat' dir='ltr'><strong>sanguis</strong></span> <span class='ocrx_word' id='word_1_480' title='bbox 1632 4443 1876 4507; x_wconf 90' lang='lat' dir='ltr'><strong>Christi,</strong></span> 
     </span>
    </p>
   </div>
   <div class='ocr_carea' id='block_1_67' title="bbox 307 4514 1878 4582">
    <p class='ocr_par' dir='ltr' id='par_1_67' title="bbox 307 4514 1878 4582">
     <span class='ocr_line' id='line_1_67' title="bbox 307 4514 1878 4582; baseline -0.002 -12"><span class='ocrx_word' id='word_1_481' title='bbox 307 4516 360 4570; x_wconf 91' lang='lat' dir='ltr'><strong>in</strong></span> <span class='ocrx_word' id='word_1_482' title='bbox 392 4518 583 4570; x_wconf 89' lang='lat' dir='ltr'><strong>eodem</strong></span> <span class='ocrx_word' id='word_1_483' title='bbox 630 4526 970 4569; x_wconf 85' lang='lat' dir='ltr'><strong>sacramento</strong></span> <span class='ocrx_word' id='word_1_484' title='bbox 1017 4533 1030 4569; x_wconf 89' lang='lat'><strong>:</strong></span> <span class='ocrx_word' id='word_1_485' title='bbox 1070 4516 1203 4568; x_wconf 89' lang='lat' dir='ltr'><strong>adeo</strong></span> <span class='ocrx_word' id='word_1_486' title='bbox 1237 4524 1295 4566; x_wconf 93' lang='lat' dir='ltr'><strong>ut</strong></span> <span class='ocrx_word' id='word_1_487' title='bbox 1343 4514 1395 4567; x_wconf 93' lang='lat' dir='ltr'><strong>in</strong></span> <span class='ocrx_word' id='word_1_488' title='bbox 1434 4515 1582 4569; x_wconf 85' lang='lat' dir='ltr'><strong>disco</strong></span> <span class='ocrx_word' id='word_1_489' title='bbox 1625 4517 1695 4569; x_wconf 88' lang='lat' dir='ltr'><strong>sit</strong></span> <span class='ocrx_word' id='word_1_490' title='bbox 1726 4517 1878 4582; x_wconf 82' lang='lat' dir='ltr'><strong>panis</strong></span> 
     </span>
    </p>
   </div>
   <div class='ocr_carea' id='block_1_68' title="bbox 302 4584 1879 4654">
    <p class='ocr_par' dir='ltr' id='par_1_68' title="bbox 302 4584 1879 4654">
     <span class='ocr_line' id='line_1_68' title="bbox 302 4584 1879 4654; baseline -0.001 -14"><span class='ocrx_word' id='word_1_491' title='bbox 302 4586 569 4648; x_wconf 75' lang='lat' dir='ltr'><strong>ctelestis,</strong></span> <span class='ocrx_word' id='word_1_492' title='bbox 600 4586 722 4653; x_wconf 88' lang='lat' dir='ltr'><strong>quia</strong></span> <span class='ocrx_word' id='word_1_493' title='bbox 760 4595 816 4637; x_wconf 91' lang='lat' dir='ltr'><strong>ut</strong></span> <span class='ocrx_word' id='word_1_494' title='bbox 860 4585 958 4654; x_wconf 91' lang='lat' dir='ltr'><strong>ipsi</strong></span> <span class='ocrx_word' id='word_1_495' title='bbox 1007 4584 1339 4654; x_wconf 77' lang='lat' dir='ltr'><strong>conﬁtentur</strong></span> <span class='ocrx_word' id='word_1_496' title='bbox 1366 4586 1416 4637; x_wconf 91' lang='lat' dir='ltr'><strong>iu</strong></span> <span class='ocrx_word' id='word_1_497' title='bbox 1459 4600 1523 4637; x_wconf 87' lang='lat' dir='ltr'><strong>eo</strong></span> <span class='ocrx_word' id='word_1_498' title='bbox 1571 4596 1653 4639; x_wconf 84' lang='lat' dir='ltr'><strong>est</strong></span> <span class='ocrx_word' id='word_1_499' title='bbox 1683 4602 1879 4653; x_wconf 88' lang='lat' dir='ltr'><strong>corpus</strong></span> 
     </span>
    </p>
   </div>
   <div class='ocr_carea' id='block_1_69' title="bbox 302 4653 1877 4724">
    <p class='ocr_par' dir='ltr' id='par_1_69' title="bbox 302 4653 1877 4724">
     <span class='ocr_line' id='line_1_69' title="bbox 302 4653 1877 4724; baseline -0.003 -12"><span class='ocrx_word' id='word_1_500' title='bbox 302 4655 510 4712; x_wconf 86' lang='lat' dir='ltr'><strong>Christi</strong></span> <span class='ocrx_word' id='word_1_501' title='bbox 541 4673 555 4709; x_wconf 93' lang='lat'>:</span> <span class='ocrx_word' id='word_1_502' title='bbox 589 4667 748 4724; x_wconf 89' lang='lat' dir='ltr'><strong>atque</strong></span> <span class='ocrx_word' id='word_1_503' title='bbox 782 4653 984 4723; x_wconf 86' lang='lat' dir='ltr'><strong>pariter</strong></span> <span class='ocrx_word' id='word_1_504' title='bbox 1012 4654 1063 4707; x_wconf 91' lang='lat' dir='ltr'><strong>in</strong></span> <span class='ocrx_word' id='word_1_505' title='bbox 1098 4654 1285 4721; x_wconf 89' lang='lat' dir='ltr'><strong>calice,</strong></span> <span class='ocrx_word' id='word_1_506' title='bbox 1318 4653 1523 4708; x_wconf 78' lang='lat' dir='ltr'><strong>fructus</strong></span> <span class='ocrx_word' id='word_1_507' title='bbox 1557 4657 1677 4708; x_wconf 87' lang='lat' dir='ltr'><strong>vitis</strong></span> <span class='ocrx_word' id='word_1_508' title='bbox 1717 4671 1877 4718; x_wconf 39' lang='lat' dir='ltr'><strong>veras,</strong></span> 
     </span>
    </p>
   </div>
   <div class='ocr_carea' id='block_1_70' title="bbox 302 4725 1876 4796">
    <p class='ocr_par' dir='ltr' id='par_1_70' title="bbox 302 4725 1876 4796">
     <span class='ocr_line' id='line_1_70' title="bbox 302 4725 1876 4796; baseline 0 -17"><span class='ocrx_word' id='word_1_509' title='bbox 302 4741 428 4796; x_wconf 71' lang='lat' dir='ltr'><strong>qua:</strong></span> <span class='ocrx_word' id='word_1_510' title='bbox 477 4734 562 4779; x_wconf 89' lang='lat' dir='ltr'><strong>est</strong></span> <span class='ocrx_word' id='word_1_511' title='bbox 600 4726 875 4796; x_wconf 74' lang='lat' dir='ltr'><strong>Christus,</strong></span> <span class='ocrx_word' id='word_1_512' title='bbox 931 4728 1055 4793; x_wconf 88' lang='lat' dir='ltr'><strong>quia</strong></span> <span class='ocrx_word' id='word_1_513' title='bbox 1090 4726 1143 4778; x_wconf 91' lang='lat' dir='ltr'><strong>in</strong></span> <span class='ocrx_word' id='word_1_514' title='bbox 1188 4739 1253 4779; x_wconf 91' lang='lat' dir='ltr'><strong>eo</strong></span> <span class='ocrx_word' id='word_1_515' title='bbox 1281 4725 1605 4796; x_wconf 61' lang='lat' dir='ltr'><strong>continetur</strong></span> <span class='ocrx_word' id='word_1_516' title='bbox 1654 4726 1876 4794; x_wconf 84' lang='lat' dir='ltr'><strong>sanguis</strong></span> 
     </span>
    </p>
   </div>
   <div class='ocr_carea' id='block_1_71' title="bbox 302 4794 1874 4866">
    <p class='ocr_par' dir='ltr' id='par_1_71' title="bbox 302 4794 1874 4866">
     <span class='ocr_line' id='line_1_71' title="bbox 302 4794 1874 4866; baseline -0.003 -13"><span class='ocrx_word' id='word_1_517' title='bbox 302 4794 532 4853; x_wconf 82' lang='lat' dir='ltr'><strong>Christi.</strong></span> <span class='ocrx_word' id='word_1_518' title='bbox 584 4795 1020 4863; x_wconf 86' lang='lat' dir='ltr'><strong>Comparationis</strong></span> <span class='ocrx_word' id='word_1_519' title='bbox 1064 4811 1224 4863; x_wconf 89' lang='lat' dir='ltr'><strong>quam</strong></span> <span class='ocrx_word' id='word_1_520' title='bbox 1273 4794 1573 4850; x_wconf 82' lang='lat' dir='ltr'><strong>Salmasius</strong></span> <span class='ocrx_word' id='word_1_521' title='bbox 1601 4798 1874 4866; x_wconf 87' lang='lat' dir='ltr'><strong>excogita-</strong></span> 
     </span>
    </p>
   </div>
   <div class='ocr_carea' id='block_1_72' title="bbox 304 4866 1877 4935">
    <p class='ocr_par' dir='ltr' id='par_1_72' title="bbox 304 4866 1877 4935">
     <span class='ocr_line' id='line_1_72' title="bbox 304 4866 1877 4935; baseline 0 -14"><span class='ocrx_word' id='word_1_522' title='bbox 304 4869 429 4930; x_wconf 90' lang='lat' dir='ltr'><strong>vit,</strong></span> <span class='ocrx_word' id='word_1_523' title='bbox 463 4868 514 4918; x_wconf 92' lang='lat' dir='ltr'><strong>in</strong></span> <span class='ocrx_word' id='word_1_524' title='bbox 561 4866 667 4919; x_wconf 84' lang='lat' dir='ltr'><strong>illis</strong></span> <span class='ocrx_word' id='word_1_525' title='bbox 700 4866 1034 4935; x_wconf 86' lang='lat' dir='ltr'><strong>orationibus</strong></span> <span class='ocrx_word' id='word_1_526' title='bbox 1070 4866 1352 4935; x_wconf 84' lang='lat' dir='ltr'><strong>vestigium</strong></span> <span class='ocrx_word' id='word_1_527' title='bbox 1407 4866 1606 4919; x_wconf 90' lang='lat' dir='ltr'><strong>nullum</strong></span> <span class='ocrx_word' id='word_1_528' title='bbox 1655 4878 1770 4931; x_wconf 91' lang='lat' dir='ltr'><strong>est,</strong></span> <span class='ocrx_word' id='word_1_529' title='bbox 1822 4875 1877 4921; x_wconf 88' lang='lat' dir='ltr'><strong>ct</strong></span> 
     </span>
    </p>
   </div>
   <div class='ocr_carea' id='block_1_73' title="bbox 304 4934 1870 5006">
    <p class='ocr_par' dir='ltr' id='par_1_73' title="bbox 304 4934 1870 5006">
     <span class='ocr_line' id='line_1_73' title="bbox 304 4934 1870 5006; baseline -0.002 -14"><span class='ocrx_word' id='word_1_530' title='bbox 304 4937 470 4992; x_wconf 88' lang='lat' dir='ltr'><strong>etiam</strong></span> <span class='ocrx_word' id='word_1_531' title='bbox 504 4936 548 4990; x_wconf 89' lang='lat' dir='ltr'><strong>si</strong></span> <span class='ocrx_word' id='word_1_532' title='bbox 578 4934 742 4988; x_wconf 91' lang='lat' dir='ltr'><strong>ullum</strong></span> <span class='ocrx_word' id='word_1_533' title='bbox 770 4975 784 4999; x_wconf 91' lang='lat'><strong>,</strong></span> <span class='ocrx_word' id='word_1_534' title='bbox 823 4935 904 5006; x_wconf 88' lang='lat' dir='ltr'><strong>vel</strong></span> <span class='ocrx_word' id='word_1_535' title='bbox 921 4934 1261 5006; x_wconf 83' lang='lat' dir='ltr'><strong>levissimum</strong></span> <span class='ocrx_word' id='word_1_536' title='bbox 1308 4947 1489 5003; x_wconf 86' lang='lat' dir='ltr'><strong>posset</strong></span> <span class='ocrx_word' id='word_1_537' title='bbox 1514 4937 1870 5006; x_wconf 82' lang='lat' dir='ltr'><strong>deprehendi,</strong></span> 
     </span>
    </p>
   </div>
   <div class='ocr_carea' id='block_1_74' title="bbox 304 5005 1873 5075">
    <p class='ocr_par' dir='ltr' id='par_1_74' title="bbox 304 5005 1873 5075">
     <span class='ocr_line' id='line_1_74' title="bbox 304 5005 1873 5075; baseline 0.001 -15"><span class='ocrx_word' id='word_1_538' title='bbox 304 5017 361 5061; x_wconf 91' lang='lat' dir='ltr'><strong>et</strong></span> <span class='ocrx_word' id='word_1_539' title='bbox 401 5007 790 5060; x_wconf 86' lang='lat' dir='ltr'><strong>obscuritatem</strong></span> <span class='ocrx_word' id='word_1_540' title='bbox 842 5005 1150 5065; x_wconf 89' lang='lat' dir='ltr'><strong>induceret.</strong></span> <span class='ocrx_word' id='word_1_541' title='bbox 1189 5007 1550 5075; x_wconf 83' lang='lat' dir='ltr'><strong>explicaretur</strong></span> <span class='ocrx_word' id='word_1_542' title='bbox 1585 5005 1686 5059; x_wconf 75' lang='lat' dir='ltr'><strong>illa</strong></span> <span class='ocrx_word' id='word_1_543' title='bbox 1741 5008 1873 5062; x_wconf 88' lang='lat' dir='ltr'><strong>satis</strong></span> 
     </span>
    </p>
   </div>
   <div class='ocr_carea' id='block_1_75' title="bbox 304 5075 1869 5146">
    <p class='ocr_par' dir='ltr' id='par_1_75' title="bbox 304 5075 1869 5146">
     <span class='ocr_line' id='line_1_75' title="bbox 304 5075 1869 5146; baseline 0.001 -17"><span class='ocrx_word' id='word_1_544' title='bbox 304 5093 400 5146; x_wconf 90' lang='lat' dir='ltr'><strong>per</strong></span> <span class='ocrx_word' id='word_1_545' title='bbox 422 5080 843 5145; x_wconf 89' lang='lat' dir='ltr'><strong>subsequentem</strong></span> <span class='ocrx_word' id='word_1_546' title='bbox 870 5075 1297 5136; x_wconf 82' lang='lat' dir='ltr'><strong>confessionem.</strong></span> <span class='ocrx_word' id='word_1_547' title='bbox 1333 5077 1384 5129; x_wconf 93' lang='lat' dir='ltr'><strong>in</strong></span> <span class='ocrx_word' id='word_1_548' title='bbox 1416 5092 1520 5144; x_wconf 87' lang='lat' dir='ltr'><strong>qua</strong></span> <span class='ocrx_word' id='word_1_549' title='bbox 1566 5078 1700 5131; x_wconf 89' lang='lat' dir='ltr'><strong>nihil</strong></span> <span class='ocrx_word' id='word_1_550' title='bbox 1742 5081 1869 5143; x_wconf 82' lang='lat' dir='ltr'><strong>ligu-</strong></span> 
     </span>
    </p>
   </div>
   <div class='ocr_carea' id='block_1_76' title="bbox 305 5146 1868 5216">
    <p class='ocr_par' dir='ltr' id='par_1_76' title="bbox 305 5146 1868 5216">
     <span class='ocr_line' id='line_1_76' title="bbox 305 5146 1868 5216; baseline 0.001 -17"><span class='ocrx_word' id='word_1_551' title='bbox 305 5155 422 5199; x_wconf 87' lang='lat' dir='ltr'><strong>rate</strong></span> <span class='ocrx_word' id='word_1_552' title='bbox 452 5147 676 5209; x_wconf 91' lang='lat' dir='ltr'><strong>dictum,</strong></span> <span class='ocrx_word' id='word_1_553' title='bbox 703 5148 795 5200; x_wconf 90' lang='lat' dir='ltr'><strong>sed</strong></span> <span class='ocrx_word' id='word_1_554' title='bbox 818 5146 1218 5214; x_wconf 90' lang='lat' dir='ltr'><strong>simplicissima</strong></span> <span class='ocrx_word' id='word_1_555' title='bbox 1245 5147 1365 5199; x_wconf 89' lang='lat' dir='ltr'><strong>lidei</strong></span> <span class='ocrx_word' id='word_1_556' title='bbox 1392 5148 1680 5215; x_wconf 85' lang='lat' dir='ltr'><strong>expositio,</strong></span> <span class='ocrx_word' id='word_1_557' title='bbox 1709 5164 1868 5216; x_wconf 89' lang='lat' dir='ltr'><strong>quam</strong></span> 
     </span>
    </p>
   </div>
   <div class='ocr_carea' id='block_1_77' title="bbox 304 5216 1869 5284">
    <p class='ocr_par' dir='ltr' id='par_1_77' title="bbox 304 5216 1869 5284">
     <span class='ocr_line' id='line_1_77' title="bbox 304 5216 1869 5284; baseline 0.003 -17"><span class='ocrx_word' id='word_1_558' title='bbox 304 5216 668 5270; x_wconf 88' lang='lat' dir='ltr'><strong>dissimulavit</strong></span> <span class='ocrx_word' id='word_1_559' title='bbox 689 5216 1008 5281; x_wconf 76' lang='lat' dir='ltr'><strong>Salmasius,</strong></span> <span class='ocrx_word' id='word_1_560' title='bbox 1033 5217 1344 5284; x_wconf 84' lang='lat' dir='ltr'><strong>desperans,</strong></span> <span class='ocrx_word' id='word_1_561' title='bbox 1372 5226 1429 5269; x_wconf 86' lang='lat' dir='ltr'><strong>ut</strong></span> <span class='ocrx_word' id='word_1_562' title='bbox 1451 5218 1739 5272; x_wconf 86' lang='lat' dir='ltr'><strong>verisimile</strong></span> <span class='ocrx_word' id='word_1_563' title='bbox 1768 5228 1869 5281; x_wconf 87' lang='lat' dir='ltr'><strong>est,</strong></span> 
     </span>
    </p>
   </div>
   <div class='ocr_carea' id='block_1_78' title="bbox 302 5286 1872 5357">
    <p class='ocr_par' dir='ltr' id='par_1_78' title="bbox 302 5286 1872 5357">
     <span class='ocr_line' id='line_1_78' title="bbox 302 5286 1872 5357; baseline 0.004 -20"><span class='ocrx_word' id='word_1_564' title='bbox 302 5286 710 5357; x_wconf 77' lang='lat' dir='ltr'><strong>Calvinisticam</strong></span> <span class='ocrx_word' id='word_1_565' title='bbox 769 5286 913 5340; x_wconf 89' lang='lat' dir='ltr'><strong>illam</strong></span> <span class='ocrx_word' id='word_1_566' title='bbox 954 5300 1289 5357; x_wconf 87' lang='lat' dir='ltr'><strong>quacunque</strong></span> <span class='ocrx_word' id='word_1_567' title='bbox 1362 5286 1657 5341; x_wconf 87' lang='lat' dir='ltr'><strong>subtilitate</strong></span> <span class='ocrx_word' id='word_1_568' title='bbox 1716 5303 1872 5357; x_wconf 84' lang='lat' dir='ltr'><strong>posse</strong></span> 
     </span>
    </p>
   </div>
   <div class='ocr_carea' id='block_1_79' title="bbox 305 5355 1872 5427">
    <p class='ocr_par' dir='ltr' id='par_1_79' title="bbox 305 5355 1872 5427">
     <span class='ocr_line' id='line_1_79' title="bbox 305 5355 1872 5427; baseline 0.003 -19"><span class='ocrx_word' id='word_1_569' title='bbox 305 5355 442 5427; x_wconf 79' lang='lat' dir='ltr'><strong>tieri.</strong></span> <span class='ocrx_word' id='word_1_570' title='bbox 493 5356 877 5427; x_wconf 87' lang='lat' dir='ltr'><strong>Quamporro</strong></span> <span class='ocrx_word' id='word_1_571' title='bbox 921 5356 1120 5427; x_wconf 90' lang='lat' dir='ltr'><strong>rituum</strong></span> <span class='ocrx_word' id='word_1_572' title='bbox 1178 5356 1535 5427; x_wconf 84' lang='lat' dir='ltr'><strong>Orientalium</strong></span> <span class='ocrx_word' id='word_1_573' title='bbox 1592 5355 1872 5427; x_wconf 78' lang='lat' dir='ltr'><strong>imperitus</strong></span> 
     </span>
    </p>
   </div>
   <div class='ocr_carea' id='block_1_80' title="bbox 305 5424 1871 5496">
    <p class='ocr_par' dir='ltr' id='par_1_80' title="bbox 305 5424 1871 5496">
     <span class='ocr_line' id='line_1_80' title="bbox 305 5424 1871 5496; baseline 0.004 -19"><span class='ocrx_word' id='word_1_574' title='bbox 305 5424 592 5481; x_wconf 81' lang='lat' dir='ltr'><strong>habendus</strong></span> <span class='ocrx_word' id='word_1_575' title='bbox 641 5424 731 5481; x_wconf 83' lang='lat' dir='ltr'><strong>ille</strong></span> <span class='ocrx_word' id='word_1_576' title='bbox 782 5427 888 5493; x_wconf 87' lang='lat' dir='ltr'><strong>sit,</strong></span> <span class='ocrx_word' id='word_1_577' title='bbox 918 5426 1010 5496; x_wconf 90' lang='lat' dir='ltr'><strong>qui</strong></span> <span class='ocrx_word' id='word_1_578' title='bbox 1061 5429 1359 5481; x_wconf 90' lang='lat' dir='ltr'><strong>orationem</strong></span> <span class='ocrx_word' id='word_1_579' title='bbox 1410 5424 1689 5482; x_wconf 80' lang='lat' dir='ltr'><strong>fractionis</strong></span> <span class='ocrx_word' id='word_1_580' title='bbox 1740 5430 1871 5483; x_wconf 89' lang='lat' dir='ltr'><strong>dicit</strong></span> 
     </span>
    </p>
   </div>
   <div class='ocr_carea' id='block_1_81' title="bbox 305 5496 1869 5567">
    <p class='ocr_par' dir='ltr' id='par_1_81' title="bbox 305 5496 1869 5567">
     <span class='ocr_line' id='line_1_81' title="bbox 305 5496 1869 5567; baseline 0.003 -18"><span class='ocrx_word' id='word_1_581' title='bbox 305 5496 529 5549; x_wconf 84' lang='lat' dir='ltr'><strong>recitari</strong></span> <span class='ocrx_word' id='word_1_582' title='bbox 566 5506 686 5566; x_wconf 88' lang='lat' dir='ltr'><strong>post</strong></span> <span class='ocrx_word' id='word_1_583' title='bbox 715 5497 1145 5551; x_wconf 89' lang='lat' dir='ltr'><strong>communionem</strong></span> <span class='ocrx_word' id='word_1_584' title='bbox 1168 5536 1185 5561; x_wconf 93' lang='lat'><strong>,</strong></span> <span class='ocrx_word' id='word_1_585' title='bbox 1213 5496 1460 5567; x_wconf 88' lang='lat' dir='ltr'><strong>judicare</strong></span> <span class='ocrx_word' id='word_1_586' title='bbox 1499 5500 1727 5567; x_wconf 91' lang='lat' dir='ltr'><strong>quisque</strong></span> <span class='ocrx_word' id='word_1_587' title='bbox 1772 5514 1869 5567; x_wconf 87' lang='lat' dir='ltr'><strong>po-</strong></span> 
     </span>
    </p>
   </div>
   <div class='ocr_carea' id='block_1_82' title="bbox 306 5566 1869 5638">
    <p class='ocr_par' dir='ltr' id='par_1_82' title="bbox 306 5566 1869 5638">
     <span class='ocr_line' id='line_1_82' title="bbox 306 5566 1869 5638; baseline 0.004 -20"><span class='ocrx_word' id='word_1_588' title='bbox 306 5574 447 5638; x_wconf 81' lang='lat' dir='ltr'><strong>test:</strong></span> <span class='ocrx_word' id='word_1_589' title='bbox 487 5579 614 5619; x_wconf 88' lang='lat' dir='ltr'><strong>nam</strong></span> <span class='ocrx_word' id='word_1_590' title='bbox 655 5576 775 5638; x_wconf 90' lang='lat' dir='ltr'><strong>post</strong></span> <span class='ocrx_word' id='word_1_591' title='bbox 801 5582 918 5622; x_wconf 88' lang='lat' dir='ltr'><strong>eam</strong></span> <span class='ocrx_word' id='word_1_592' title='bbox 948 5569 1246 5638; x_wconf 87' lang='lat' dir='ltr'><strong>orationem</strong></span> <span class='ocrx_word' id='word_1_593' title='bbox 1291 5566 1484 5623; x_wconf 80' lang='lat' dir='ltr'><strong>tractio</strong></span> <span class='ocrx_word' id='word_1_594' title='bbox 1514 5566 1608 5634; x_wconf 88' lang='lat' dir='ltr'><strong>lit,</strong></span> <span class='ocrx_word' id='word_1_595' title='bbox 1641 5580 1698 5622; x_wconf 92' lang='lat' dir='ltr'><strong>et</strong></span> <span class='ocrx_word' id='word_1_596' title='bbox 1742 5566 1869 5624; x_wconf 85' lang='lat' dir='ltr'><strong>nnio</strong></span> 
     </span>
    </p>
   </div>
   <div class='ocr_carea' id='block_1_83' title="bbox 305 5636 1866 5713">
    <p class='ocr_par' dir='ltr' id='par_1_83' title="bbox 305 5636 1866 5713">
     <span class='ocr_line' id='line_1_83' title="bbox 305 5636 1866 5713; baseline 0.003 -24"><span class='ocrx_word' id='word_1_597' title='bbox 305 5636 533 5691; x_wconf 82' lang='lat' dir='ltr'><strong>duarum</strong></span> <span class='ocrx_word' id='word_1_598' title='bbox 566 5636 864 5713; x_wconf 83' lang='lat' dir='ltr'><strong>specierum</strong></span> <span class='ocrx_word' id='word_1_599' title='bbox 895 5653 987 5694; x_wconf 81' lang='lat' dir='ltr'><strong>seu</strong></span> <span class='ocrx_word' id='word_1_600' title='bbox 1021 5636 1148 5705; x_wconf 78' lang='grc' dir='ltr'><strong>ἁγία</strong></span> <span class='ocrx_word' id='word_1_601' title='bbox 1175 5637 1386 5702; x_wconf 56' lang='lat' dir='ltr'><strong>amatr</strong></span> <span class='ocrx_word' id='word_1_602' title='bbox 1442 5648 1551 5693; x_wconf 90' lang='lat' dir='ltr'><strong>tum</strong></span> <span class='ocrx_word' id='word_1_603' title='bbox 1580 5639 1697 5695; x_wconf 79' lang='lat' dir='ltr'><strong>alia:</strong></span> <span class='ocrx_word' id='word_1_604' title='bbox 1740 5655 1866 5695; x_wconf 87' lang='lat' dir='ltr'><strong>ora-</strong></span> 
     </span>
    </p>
   </div>
   <div class='ocr_carea' id='block_1_84' title="bbox 1987 1786 3559 1855">
    <p class='ocr_par' dir='ltr' id='par_1_84' title="bbox 1987 1786 3559 1855">
     <span class='ocr_line' id='line_1_84' title="bbox 1987 1786 3559 1855; baseline 0.001 -17"><span class='ocrx_word' id='word_1_605' title='bbox 1987 1800 2177 1839; x_wconf 89' lang='lat' dir='ltr'><strong>omnes</strong></span> <span class='ocrx_word' id='word_1_606' title='bbox 2205 1786 2463 1853; x_wconf 86' lang='lat' dir='ltr'><strong>consequi</strong></span> <span class='ocrx_word' id='word_1_607' title='bbox 2509 1800 2815 1853; x_wconf 83' lang='lat' dir='ltr'><strong>speramus,</strong></span> <span class='ocrx_word' id='word_1_608' title='bbox 2849 1801 2947 1855; x_wconf 89' lang='lat' dir='ltr'><strong>per</strong></span> <span class='ocrx_word' id='word_1_609' title='bbox 2978 1786 3418 1841; x_wconf 88' lang='lat' dir='ltr'><strong>intercessionem</strong></span> <span class='ocrx_word' id='word_1_610' title='bbox 3452 1786 3559 1840; x_wconf 88' lang='lat' dir='ltr'><strong>Do-</strong></span> 
     </span>
    </p>
   </div>
   <div class='ocr_carea' id='block_1_85' title="bbox 1985 1880 3556 1946">
    <p class='ocr_par' dir='ltr' id='par_1_85' title="bbox 1985 1880 3556 1946">
     <span class='ocr_line' id='line_1_85' title="bbox 1985 1880 3556 1946; baseline 0.002 -13"><span class='ocrx_word' id='word_1_611' title='bbox 1985 1882 2143 1935; x_wconf 76' lang='lat' dir='ltr'><strong>mina:</strong></span> <span class='ocrx_word' id='word_1_612' title='bbox 2188 1883 2425 1934; x_wconf 90' lang='lat' dir='ltr'><strong>omnium</strong></span> <span class='ocrx_word' id='word_1_613' title='bbox 2478 1892 2743 1945; x_wconf 88' lang='lat' dir='ltr'><strong>nostrum,</strong></span> <span class='ocrx_word' id='word_1_614' title='bbox 2806 1890 3009 1936; x_wconf 67' lang='lat' dir='ltr'><strong>sanctae</strong></span> <span class='ocrx_word' id='word_1_615' title='bbox 3090 1880 3380 1938; x_wconf 88' lang='lat' dir='ltr'><strong>Genitricis</strong></span> <span class='ocrx_word' id='word_1_616' title='bbox 3434 1882 3556 1946; x_wconf 88' lang='lat' dir='ltr'><strong>Dei,</strong></span> 
     </span>
    </p>
   </div>
   <div class='ocr_carea' id='block_1_86' title="bbox 1984 1971 3559 2039">
    <p class='ocr_par' dir='ltr' id='par_1_86' title="bbox 1984 1971 3559 2039">
     <span class='ocr_line' id='line_1_86' title="bbox 1984 1971 3559 2039; baseline -0.001 -14"><span class='ocrx_word' id='word_1_617' title='bbox 1984 1986 2307 2039; x_wconf 86' lang='lat' dir='ltr'><strong>semperque</strong></span> <span class='ocrx_word' id='word_1_618' title='bbox 2344 1971 2568 2038; x_wconf 82' lang='lat' dir='ltr'><strong>virginis</strong></span> <span class='ocrx_word' id='word_1_619' title='bbox 2616 1971 2801 2023; x_wconf 80' lang='lat' dir='ltr'><strong>Maria:</strong></span> <span class='ocrx_word' id='word_1_620' title='bbox 2831 1988 2843 2024; x_wconf 90' lang='lat'>:</span> <span class='ocrx_word' id='word_1_621' title='bbox 2879 1983 2933 2025; x_wconf 87' lang='lat' dir='ltr'><strong>et</strong></span> <span class='ocrx_word' id='word_1_622' title='bbox 2972 1981 3209 2039; x_wconf 90' lang='lat' dir='ltr'><strong>quatuor</strong></span> <span class='ocrx_word' id='word_1_623' title='bbox 3258 1971 3559 2026; x_wconf 90' lang='lat' dir='ltr'><strong>lucidorum</strong></span> 
     </span>
    </p>
   </div>
   <div class='ocr_carea' id='block_1_87' title="bbox 1984 2061 3561 2133">
    <p class='ocr_par' dir='ltr' id='par_1_87' title="bbox 1984 2061 3561 2133">
     <span class='ocr_line' id='line_1_87' title="bbox 1984 2061 3561 2133; baseline 0.001 -19"><span class='ocrx_word' id='word_1_624' title='bbox 1984 2061 2281 2127; x_wconf 82' lang='lat' dir='ltr'><strong>Michaelis,</strong></span> <span class='ocrx_word' id='word_1_625' title='bbox 2309 2061 2596 2126; x_wconf 86' lang='lat' dir='ltr'><strong>Gabrielis,</strong></span> <span class='ocrx_word' id='word_1_626' title='bbox 2630 2061 2919 2130; x_wconf 83' lang='lat' dir='ltr'><strong>Raphaelis</strong></span> <span class='ocrx_word' id='word_1_627' title='bbox 2949 2072 3004 2117; x_wconf 88' lang='lat' dir='ltr'><strong>et</strong></span> <span class='ocrx_word' id='word_1_628' title='bbox 3040 2063 3264 2117; x_wconf 90' lang='lat' dir='ltr'><strong>Surielis</strong></span> <span class='ocrx_word' id='word_1_629' title='bbox 3299 2081 3313 2117; x_wconf 89' lang='lat'><strong>:</strong></span> <span class='ocrx_word' id='word_1_630' title='bbox 3352 2072 3403 2117; x_wconf 91' lang='lat' dir='ltr'><strong>et</strong></span> <span class='ocrx_word' id='word_1_631' title='bbox 3427 2079 3561 2133; x_wconf 81' lang='lat' dir='ltr'><strong>qua-</strong></span> 
     </span>
    </p>
   </div>
   <div class='ocr_carea' id='block_1_88' title="bbox 1986 2154 3554 2223">
    <p class='ocr_par' dir='ltr' id='par_1_88' title="bbox 1986 2154 3554 2223">
     <span class='ocr_line' id='line_1_88' title="bbox 1986 2154 3554 2223; baseline 0.001 -16"><span class='ocrx_word' id='word_1_632' title='bbox 1986 2164 2108 2209; x_wconf 89' lang='lat' dir='ltr'><strong>tuor</strong></span> <span class='ocrx_word' id='word_1_633' title='bbox 2130 2154 2442 2209; x_wconf 85' lang='lat' dir='ltr'><strong>animalium</strong></span> <span class='ocrx_word' id='word_1_634' title='bbox 2472 2154 2916 2221; x_wconf 90' lang='lat' dir='ltr'><strong>incorporeorum</strong></span> <span class='ocrx_word' id='word_1_635' title='bbox 2954 2172 2969 2209; x_wconf 88' lang='lat'>:</span> <span class='ocrx_word' id='word_1_636' title='bbox 3011 2164 3066 2209; x_wconf 92' lang='lat' dir='ltr'><strong>et</strong></span> <span class='ocrx_word' id='word_1_637' title='bbox 3095 2155 3282 2223; x_wconf 83' lang='lat' dir='ltr'><strong>viginti</strong></span> <span class='ocrx_word' id='word_1_638' title='bbox 3320 2162 3554 2221; x_wconf 85' lang='lat' dir='ltr'><strong>quatuor</strong></span> 
     </span>
    </p>
   </div>
   <div class='ocr_carea' id='block_1_89' title="bbox 1985 2244 3559 2318">
    <p class='ocr_par' dir='ltr' id='par_1_89' title="bbox 1985 2244 3559 2318">
     <span class='ocr_line' id='line_1_89' title="bbox 1985 2244 3559 2318; baseline 0.001 -19"><span class='ocrx_word' id='word_1_639' title='bbox 1985 2250 2443 2318; x_wconf 86' lang='lat' dir='ltr'><strong>presbyterorum,</strong></span> <span class='ocrx_word' id='word_1_640' title='bbox 2477 2246 2758 2299; x_wconf 88' lang='lat' dir='ltr'><strong>cherubim</strong></span> <span class='ocrx_word' id='word_1_641' title='bbox 2794 2257 2848 2300; x_wconf 91' lang='lat' dir='ltr'><strong>et</strong></span> <span class='ocrx_word' id='word_1_642' title='bbox 2888 2245 3184 2315; x_wconf 86' lang='lat' dir='ltr'><strong>seraphim,</strong></span> <span class='ocrx_word' id='word_1_643' title='bbox 3214 2253 3268 2299; x_wconf 91' lang='lat' dir='ltr'><strong>et</strong></span> <span class='ocrx_word' id='word_1_644' title='bbox 3308 2244 3559 2300; x_wconf 87' lang='lat' dir='ltr'><strong>ordinum</strong></span> 
     </span>
    </p>
   </div>
   <div class='ocr_carea' id='block_1_90' title="bbox 1984 2336 3552 2408">
    <p class='ocr_par' dir='ltr' id='par_1_90' title="bbox 1984 2336 3552 2408">
     <span class='ocr_line' id='line_1_90' title="bbox 1984 2336 3552 2408; baseline -0.002 -15"><span class='ocrx_word' id='word_1_645' title='bbox 1984 2339 2287 2393; x_wconf 67' lang='lat' dir='ltr'><strong>caelestium</strong></span> <span class='ocrx_word' id='word_1_646' title='bbox 2327 2356 2339 2391; x_wconf 87' lang='lat'><strong>:</strong></span> <span class='ocrx_word' id='word_1_647' title='bbox 2371 2347 2425 2391; x_wconf 88' lang='lat' dir='ltr'><strong>et</strong></span> <span class='ocrx_word' id='word_1_648' title='bbox 2457 2353 2551 2408; x_wconf 89' lang='lat' dir='ltr'><strong>per</strong></span> <span class='ocrx_word' id='word_1_649' title='bbox 2584 2336 2859 2393; x_wconf 90' lang='lat' dir='ltr'><strong>orationes</strong></span> <span class='ocrx_word' id='word_1_650' title='bbox 2889 2337 3317 2407; x_wconf 88' lang='lat' dir='ltr'><strong>patriarcharum</strong></span> <span class='ocrx_word' id='word_1_651' title='bbox 3344 2346 3396 2388; x_wconf 90' lang='lat' dir='ltr'><strong>et</strong></span> <span class='ocrx_word' id='word_1_652' title='bbox 3427 2351 3552 2406; x_wconf 87' lang='lat' dir='ltr'><strong>pro-</strong></span> 
     </span>
    </p>
   </div>
   <div class='ocr_carea' id='block_1_91' title="bbox 1984 2428 3562 2501">
    <p class='ocr_par' dir='ltr' id='par_1_91' title="bbox 1984 2428 3562 2501">
     <span class='ocr_line' id='line_1_91' title="bbox 1984 2428 3562 2501; baseline -0.003 -16"><span class='ocrx_word' id='word_1_653' title='bbox 1984 2432 2268 2501; x_wconf 89' lang='lat' dir='ltr'><strong>phetarum</strong></span> <span class='ocrx_word' id='word_1_654' title='bbox 2291 2449 2304 2485; x_wconf 90' lang='lat'><strong>:</strong></span> <span class='ocrx_word' id='word_1_655' title='bbox 2328 2429 2549 2483; x_wconf 85' lang='lat' dir='ltr'><strong>Joannis</strong></span> <span class='ocrx_word' id='word_1_656' title='bbox 2572 2428 2843 2498; x_wconf 69' lang='lat' dir='ltr'><strong>Baptistae,</strong></span> <span class='ocrx_word' id='word_1_657' title='bbox 2874 2436 2928 2484; x_wconf 88' lang='lat' dir='ltr'><strong>et</strong></span> <span class='ocrx_word' id='word_1_658' title='bbox 2954 2438 3172 2483; x_wconf 89' lang='lat' dir='ltr'><strong>centum</strong></span> <span class='ocrx_word' id='word_1_659' title='bbox 3205 2428 3562 2498; x_wconf 83' lang='lat' dir='ltr'><strong>quadraginta</strong></span> 
     </span>
    </p>
   </div>
   <div class='ocr_carea' id='block_1_92' title="bbox 1986 2516 3563 2590">
    <p class='ocr_par' dir='ltr' id='par_1_92' title="bbox 1986 2516 3563 2590">
     <span class='ocr_line' id='line_1_92' title="bbox 1986 2516 3563 2590; baseline -0.001 -18"><span class='ocrx_word' id='word_1_660' title='bbox 1986 2532 2219 2590; x_wconf 86' lang='lat' dir='ltr'><strong>quatuor</strong></span> <span class='ocrx_word' id='word_1_661' title='bbox 2244 2520 2512 2584; x_wconf 88' lang='lat' dir='ltr'><strong>millium;</strong></span> <span class='ocrx_word' id='word_1_662' title='bbox 2559 2520 2899 2573; x_wconf 90' lang='lat' dir='ltr'><strong>dominorum</strong></span> <span class='ocrx_word' id='word_1_663' title='bbox 2945 2529 3253 2572; x_wconf 89' lang='lat' dir='ltr'><strong>nostrorum</strong></span> <span class='ocrx_word' id='word_1_664' title='bbox 3288 2516 3563 2586; x_wconf 88' lang='lat' dir='ltr'><strong>apostolo-</strong></span> 
     </span>
    </p>
   </div>
   <div class='ocr_carea' id='block_1_93' title="bbox 1988 2609 3641 2682">
    <p class='ocr_par' dir='ltr' id='par_1_93' title="bbox 1988 2609 3641 2682">
     <span class='ocr_line' id='line_1_93' title="bbox 1988 2609 3641 2682; baseline -0.003 -15"><span class='ocrx_word' id='word_1_665' title='bbox 1988 2630 2127 2677; x_wconf 90' lang='lat' dir='ltr'><strong>rum,</strong></span> <span class='ocrx_word' id='word_1_666' title='bbox 2173 2622 2227 2667; x_wconf 89' lang='lat' dir='ltr'><strong>et</strong></span> <span class='ocrx_word' id='word_1_667' title='bbox 2266 2612 2423 2682; x_wconf 89' lang='lat' dir='ltr'><strong>primi</strong></span> <span class='ocrx_word' id='word_1_668' title='bbox 2478 2613 2821 2667; x_wconf 88' lang='lat' dir='ltr'><strong>diaconorum</strong></span> <span class='ocrx_word' id='word_1_669' title='bbox 2884 2610 3186 2680; x_wconf 86' lang='lat' dir='ltr'><strong>Stephani:</strong></span> <span class='ocrx_word' id='word_1_670' title='bbox 3229 2619 3281 2664; x_wconf 87' lang='lat' dir='ltr'><strong>et</strong></span> <span class='ocrx_word' id='word_1_671' title='bbox 3314 2609 3375 2662; x_wconf 89' lang='lat' dir='ltr'><strong>D.</strong></span> <span class='ocrx_word' id='word_1_672' title='bbox 3423 2609 3565 2680; x_wconf 78' lang='lat' dir='ltr'><strong>regis</strong></span> <span class='ocrx_word' id='word_1_673' title='bbox 3631 2614 3641 2625; x_wconf 85' lang='lat'><strong>‘</strong></span> 
     </span>
    </p>
   </div>
   <div class='ocr_carea' id='block_1_94' title="bbox 1989 2702 3563 2777">
    <p class='ocr_par' dir='ltr' id='par_1_94' title="bbox 1989 2702 3563 2777">
     <span class='ocr_line' id='line_1_94' title="bbox 1989 2702 3563 2777; baseline -0.004 -16"><span class='ocrx_word' id='word_1_674' title='bbox 1989 2706 2230 2774; x_wconf 86' lang='lat' dir='ltr'><strong>Georgii,</strong></span> <span class='ocrx_word' id='word_1_675' title='bbox 2263 2705 2424 2758; x_wconf 90' lang='lat' dir='ltr'><strong>totius</strong></span> <span class='ocrx_word' id='word_1_676' title='bbox 2450 2705 2599 2758; x_wconf 89' lang='lat' dir='ltr'><strong>chori</strong></span> <span class='ocrx_word' id='word_1_677' title='bbox 2641 2713 2960 2773; x_wconf 87' lang='lat' dir='ltr'><strong>martyrum,</strong></span> <span class='ocrx_word' id='word_1_678' title='bbox 3006 2712 3056 2757; x_wconf 90' lang='lat' dir='ltr'><strong>et</strong></span> <span class='ocrx_word' id='word_1_679' title='bbox 3089 2702 3237 2756; x_wconf 88' lang='lat' dir='ltr'><strong>chori</strong></span> <span class='ocrx_word' id='word_1_680' title='bbox 3288 2716 3463 2777; x_wconf 81' lang='lat' dir='ltr'><strong>cruce</strong></span> <span class='ocrx_word' id='word_1_681' title='bbox 3490 2703 3563 2773; x_wconf 75' lang='lat' dir='ltr'><strong>si-</strong></span> 
     </span>
    </p>
   </div>
   <div class='ocr_carea' id='block_1_95' title="bbox 1986 2790 3561 2863">
    <p class='ocr_par' dir='ltr' id='par_1_95' title="bbox 1986 2790 3561 2863">
     <span class='ocr_line' id='line_1_95' title="bbox 1986 2790 3561 2863; baseline -0.004 -16"><span class='ocrx_word' id='word_1_682' title='bbox 1986 2803 2290 2863; x_wconf 74' lang='lat' dir='ltr'><strong>gnatorum,</strong></span> <span class='ocrx_word' id='word_1_683' title='bbox 2338 2793 2569 2861; x_wconf 88' lang='lat' dir='ltr'><strong>piorum,</strong></span> <span class='ocrx_word' id='word_1_684' title='bbox 2591 2792 2886 2859; x_wconf 88' lang='lat' dir='ltr'><strong>justorum,</strong></span> <span class='ocrx_word' id='word_1_685' title='bbox 2919 2790 3186 2860; x_wconf 80' lang='lat' dir='ltr'><strong>virginum</strong></span> <span class='ocrx_word' id='word_1_686' title='bbox 3213 2790 3561 2858; x_wconf 82' lang='lat' dir='ltr'><strong>prudentum,</strong></span> 
     </span>
    </p>
   </div>
   <div class='ocr_carea' id='block_1_96' title="bbox 1987 2882 3566 2956">
    <p class='ocr_par' dir='ltr' id='par_1_96' title="bbox 1987 2882 3566 2956">
     <span class='ocr_line' id='line_1_96' title="bbox 1987 2882 3566 2956; baseline -0.005 -15"><span class='ocrx_word' id='word_1_687' title='bbox 1987 2898 2044 2941; x_wconf 90' lang='lat' dir='ltr'><strong>et</strong></span> <span class='ocrx_word' id='word_1_688' title='bbox 2077 2901 2389 2956; x_wconf 90' lang='lat' dir='ltr'><strong>puerorum.</strong></span> <span class='ocrx_word' id='word_1_689' title='bbox 2430 2884 2739 2939; x_wconf 83' lang='lat' dir='ltr'><strong>Benedictio</strong></span> <span class='ocrx_word' id='word_1_690' title='bbox 2787 2882 2961 2954; x_wconf 86' lang='lat' dir='ltr'><strong>angeli</strong></span> <span class='ocrx_word' id='word_1_691' title='bbox 3015 2883 3122 2937; x_wconf 91' lang='lat' dir='ltr'><strong>diei</strong></span> <span class='ocrx_word' id='word_1_692' title='bbox 3172 2882 3371 2935; x_wconf 88' lang='lat' dir='ltr'><strong>istius:</strong></span> <span class='ocrx_word' id='word_1_693' title='bbox 3406 2882 3566 2935; x_wconf 85' lang='lat' dir='ltr'><strong>bene-</strong></span> 
     </span>
    </p>
   </div>
   <div class='ocr_carea' id='block_1_97' title="bbox 1988 2976 3564 3046">
    <p class='ocr_par' dir='ltr' id='par_1_97' title="bbox 1988 2976 3564 3046">
     <span class='ocr_line' id='line_1_97' title="bbox 1988 2976 3564 3046; baseline -0.001 -13"><span class='ocrx_word' id='word_1_694' title='bbox 1988 2980 2153 3034; x_wconf 88' lang='lat' dir='ltr'><strong>dictio</strong></span> <span class='ocrx_word' id='word_1_695' title='bbox 2193 2979 2484 3035; x_wconf 85' lang='lat' dir='ltr'><strong>Genitricis</strong></span> <span class='ocrx_word' id='word_1_696' title='bbox 2520 2978 2612 3031; x_wconf 90' lang='lat' dir='ltr'><strong>Dei</strong></span> <span class='ocrx_word' id='word_1_697' title='bbox 2658 2987 2859 3033; x_wconf 72' lang='lat' dir='ltr'><strong>sancta:</strong></span> <span class='ocrx_word' id='word_1_698' title='bbox 2899 2976 3081 3032; x_wconf 74' lang='lat' dir='ltr'><strong>Maria:</strong></span> <span class='ocrx_word' id='word_1_699' title='bbox 3121 2985 3362 3046; x_wconf 68' lang='lat' dir='ltr'><strong>patrona:</strong></span> <span class='ocrx_word' id='word_1_700' title='bbox 3406 2977 3564 3032; x_wconf 88' lang='lat' dir='ltr'><strong>istius</strong></span> 
     </span>
    </p>
   </div>
   <div class='ocr_carea' id='block_1_98' title="bbox 1982 3062 3562 3138">
    <p class='ocr_par' dir='ltr' id='par_1_98' title="bbox 1982 3062 3562 3138">
     <span class='ocr_line' id='line_1_98' title="bbox 1982 3062 3562 3138; baseline -0.004 -14"><span class='ocrx_word' id='word_1_701' title='bbox 1982 3069 2243 3134; x_wconf 84' lang='lat' dir='ltr'><strong>ecclesiae,</strong></span> <span class='ocrx_word' id='word_1_702' title='bbox 2290 3079 2344 3124; x_wconf 91' lang='lat' dir='ltr'><strong>et</strong></span> <span class='ocrx_word' id='word_1_703' title='bbox 2379 3068 2540 3137; x_wconf 87' lang='lat' dir='ltr'><strong>hujus</strong></span> <span class='ocrx_word' id='word_1_704' title='bbox 2589 3062 2691 3122; x_wconf 85' lang='lat' dir='ltr'><strong>diei</strong></span> <span class='ocrx_word' id='word_1_705' title='bbox 2724 3083 2831 3138; x_wconf 90' lang='lat' dir='ltr'><strong>quo</strong></span> <span class='ocrx_word' id='word_1_706' title='bbox 2871 3066 2988 3136; x_wconf 88' lang='lat' dir='ltr'><strong>ejus</strong></span> <span class='ocrx_word' id='word_1_707' title='bbox 3032 3067 3289 3121; x_wconf 89' lang='lat' dir='ltr'><strong>memoria</strong></span> <span class='ocrx_word' id='word_1_708' title='bbox 3318 3066 3562 3122; x_wconf 82' lang='lat' dir='ltr'><strong>celebra-</strong></span> 
     </span>
    </p>
   </div>
   <div class='ocr_carea' id='block_1_99' title="bbox 1983 3161 3561 3231">
    <p class='ocr_par' dir='ltr' id='par_1_99' title="bbox 1983 3161 3561 3231">
     <span class='ocr_line' id='line_1_99' title="bbox 1983 3161 3561 3231; baseline -0.004 -14"><span class='ocrx_word' id='word_1_709' title='bbox 1983 3172 2070 3217; x_wconf 89' lang='lat' dir='ltr'><strong>tur</strong></span> <span class='ocrx_word' id='word_1_710' title='bbox 2101 3179 2116 3217; x_wconf 87' lang='lat'><strong>:</strong></span> <span class='ocrx_word' id='word_1_711' title='bbox 2144 3161 2551 3217; x_wconf 90' lang='lat' dir='ltr'><strong>benedictiones</strong></span> <span class='ocrx_word' id='word_1_712' title='bbox 2581 3176 2766 3216; x_wconf 91' lang='lat' dir='ltr'><strong>eorum</strong></span> <span class='ocrx_word' id='word_1_713' title='bbox 2802 3169 3023 3225; x_wconf 68' lang='lat' dir='ltr'><strong>sanctae,</strong></span> <span class='ocrx_word' id='word_1_714' title='bbox 3058 3161 3266 3231; x_wconf 58' lang='lat' dir='ltr'><strong>gratiae,</strong></span> <span class='ocrx_word' id='word_1_715' title='bbox 3311 3161 3561 3220; x_wconf 88' lang='lat' dir='ltr'><strong>virtutes,</strong></span> 
     </span>
    </p>
   </div>
   <div class='ocr_carea' id='block_1_100' title="bbox 1984 3251 3561 3320">
    <p class='ocr_par' dir='ltr' id='par_1_100' title="bbox 1984 3251 3561 3320">
     <span class='ocr_line' id='line_1_100' title="bbox 1984 3251 3561 3320; baseline -0.002 -13"><span class='ocrx_word' id='word_1_716' title='bbox 1984 3254 2146 3319; x_wconf 88' lang='lat' dir='ltr'><strong>dona,</strong></span> <span class='ocrx_word' id='word_1_717' title='bbox 2179 3253 2400 3317; x_wconf 78' lang='lat' dir='ltr'><strong>auxilia,</strong></span> <span class='ocrx_word' id='word_1_718' title='bbox 2435 3253 2689 3320; x_wconf 87' lang='lat' dir='ltr'><strong>patientia</strong></span> <span class='ocrx_word' id='word_1_719' title='bbox 2717 3262 2766 3305; x_wconf 91' lang='lat' dir='ltr'><strong>et</strong></span> <span class='ocrx_word' id='word_1_720' title='bbox 2814 3251 3052 3307; x_wconf 88' lang='lat' dir='ltr'><strong>charitas</strong></span> <span class='ocrx_word' id='word_1_721' title='bbox 3078 3266 3288 3318; x_wconf 87' lang='lat' dir='ltr'><strong>eorum,</strong></span> <span class='ocrx_word' id='word_1_722' title='bbox 3321 3252 3430 3306; x_wconf 89' lang='lat' dir='ltr'><strong>sint</strong></span> <span class='ocrx_word' id='word_1_723' title='bbox 3464 3269 3561 3304; x_wconf 91' lang='lat' dir='ltr'><strong>no-</strong></span> 
     </span>
    </p>
   </div>
   <div class='ocr_carea' id='block_1_101' title="bbox 1985 3342 3028 3412">
    <p class='ocr_par' dir='ltr' id='par_1_101' title="bbox 1985 3342 3028 3412">
     <span class='ocr_line' id='line_1_101' title="bbox 1985 3342 3028 3412; baseline 0 -13"><span class='ocrx_word' id='word_1_724' title='bbox 1985 3344 2194 3399; x_wconf 89' lang='lat' dir='ltr'><strong>biscum</strong></span> <span class='ocrx_word' id='word_1_725' title='bbox 2234 3358 2406 3412; x_wconf 90' lang='lat' dir='ltr'><strong>usque</strong></span> <span class='ocrx_word' id='word_1_726' title='bbox 2446 3343 2498 3397; x_wconf 93' lang='lat' dir='ltr'><strong>in</strong></span> <span class='ocrx_word' id='word_1_727' title='bbox 2533 3342 2809 3398; x_wconf 62' lang='lat' dir='ltr'><strong>saxulum.</strong></span> <span class='ocrx_word' id='word_1_728' title='bbox 2834 3344 3028 3399; x_wconf 81' lang='lat' dir='ltr'><strong>Amen.</strong></span> 
     </span>
    </p>
   </div>
   <div class='ocr_carea' id='block_1_102' title="bbox 2300 3431 3242 3501">
    <p class='ocr_par' dir='ltr' id='par_1_102' title="bbox 2300 3431 3242 3501">
     <span class='ocr_line' id='line_1_102' title="bbox 2300 3431 3242 3501; baseline 0.002 -16"><span class='ocrx_word' id='word_1_729' title='bbox 2300 3431 2419 3485; x_wconf 79' lang='lat' dir='ltr'><strong>Alia</strong></span> <span class='ocrx_word' id='word_1_730' title='bbox 2458 3432 2627 3485; x_wconf 86' lang='lat' dir='ltr'><strong>oratio</strong></span> <span class='ocrx_word' id='word_1_731' title='bbox 2668 3433 2962 3501; x_wconf 86' lang='lat' dir='ltr'><strong>gratiarum</strong></span> <span class='ocrx_word' id='word_1_732' title='bbox 2992 3432 3242 3487; x_wconf 80' lang='lat' dir='ltr'><strong>actionis.</strong></span> 
     </span>
    </p>
   </div>
   <div class='ocr_carea' id='block_1_103' title="bbox 2051 3543 3565 3614">
    <p class='ocr_par' dir='ltr' id='par_1_103' title="bbox 2051 3543 3565 3614">
     <span class='ocr_line' id='line_1_103' title="bbox 2051 3543 3565 3614; baseline 0.001 -16"><span class='ocrx_word' id='word_1_733' title='bbox 2051 3543 2266 3600; x_wconf 89' lang='lat' dir='ltr'><strong>Gratias</strong></span> <span class='ocrx_word' id='word_1_734' title='bbox 2301 3544 2511 3614; x_wconf 88' lang='lat' dir='ltr'><strong>agimus</strong></span> <span class='ocrx_word' id='word_1_735' title='bbox 2545 3543 2663 3608; x_wconf 88' lang='lat' dir='ltr'><strong>tibi,</strong></span> <span class='ocrx_word' id='word_1_736' title='bbox 2701 3543 2861 3599; x_wconf 88' lang='lat' dir='ltr'><strong>Pater</strong></span> <span class='ocrx_word' id='word_1_737' title='bbox 2892 3554 3078 3600; x_wconf 90' lang='lat' dir='ltr'><strong>noster</strong></span> <span class='ocrx_word' id='word_1_738' title='bbox 3102 3553 3289 3601; x_wconf 89' lang='lat' dir='ltr'><strong>sancte</strong></span> <span class='ocrx_word' id='word_1_739' title='bbox 3313 3546 3565 3612; x_wconf 86' lang='lat' dir='ltr'><strong>omnipo-</strong></span> 
     </span>
    </p>
   </div>
   <div class='ocr_carea' id='block_1_104' title="bbox 1983 3634 3566 3705">
    <p class='ocr_par' dir='ltr' id='par_1_104' title="bbox 1983 3634 3566 3705">
     <span class='ocr_line' id='line_1_104' title="bbox 1983 3634 3566 3705; baseline 0.003 -17"><span class='ocrx_word' id='word_1_740' title='bbox 1983 3643 2122 3701; x_wconf 90' lang='lat' dir='ltr'><strong>tens,</strong></span> <span class='ocrx_word' id='word_1_741' title='bbox 2153 3636 2334 3689; x_wconf 90' lang='lat' dir='ltr'><strong>omnia</strong></span> <span class='ocrx_word' id='word_1_742' title='bbox 2375 3641 2663 3705; x_wconf 60' lang='lat' dir='ltr'><strong>praestans,</strong></span> <span class='ocrx_word' id='word_1_743' title='bbox 2701 3642 2915 3690; x_wconf 89' lang='lat' dir='ltr'><strong>creator</strong></span> <span class='ocrx_word' id='word_1_744' title='bbox 2939 3634 3205 3702; x_wconf 92' lang='lat' dir='ltr'><strong>omnium,</strong></span> <span class='ocrx_word' id='word_1_745' title='bbox 3243 3636 3334 3705; x_wconf 91' lang='lat' dir='ltr'><strong>qui</strong></span> <span class='ocrx_word' id='word_1_746' title='bbox 3367 3637 3566 3693; x_wconf 86' lang='lat' dir='ltr'><strong>dedisti</strong></span> 
     </span>
    </p>
   </div>
   <div class='ocr_carea' id='block_1_105' title="bbox 1988 3745 3565 3815">
    <p class='ocr_par' dir='ltr' id='par_1_105' title="bbox 1988 3745 3565 3815">
     <span class='ocr_line' id='line_1_105' title="bbox 1988 3745 3565 3815; baseline 0.003 -16"><span class='ocrx_word' id='word_1_747' title='bbox 1988 3745 2163 3802; x_wconf 85' lang='lat' dir='ltr'><strong>tiones</strong></span> <span class='ocrx_word' id='word_1_748' title='bbox 2212 3746 2582 3801; x_wconf 89' lang='lat' dir='ltr'><strong>interveniunt</strong></span> <span class='ocrx_word' id='word_1_749' title='bbox 2630 3764 2644 3800; x_wconf 92' lang='lat'><strong>:</strong></span> <span class='ocrx_word' id='word_1_750' title='bbox 2706 3754 2928 3815; x_wconf 89' lang='lat' dir='ltr'><strong>postea,</strong></span> <span class='ocrx_word' id='word_1_751' title='bbox 2983 3745 3148 3800; x_wconf 83' lang='lat' dir='ltr'><strong>Pater</strong></span> <span class='ocrx_word' id='word_1_752' title='bbox 3187 3758 3399 3803; x_wconf 82' lang='lat' dir='ltr'><strong>noster:</strong></span> <span class='ocrx_word' id='word_1_753' title='bbox 3452 3756 3565 3803; x_wconf 89' lang='lat' dir='ltr'><strong>tum</strong></span> 
     </span>
    </p>
   </div>
   <div class='ocr_carea' id='block_1_106' title="bbox 1984 3816 3565 3873">
    <p class='ocr_par' dir='ltr' id='par_1_106' title="bbox 1984 3816 3565 3873">
     <span class='ocr_line' id='line_1_106' title="bbox 1984 3816 3565 3873; baseline 0.001 -3"><span class='ocrx_word' id='word_1_754' title='bbox 1984 3818 2160 3872; x_wconf 92' lang='lat' dir='ltr'><strong>oratio</strong></span> <span class='ocrx_word' id='word_1_755' title='bbox 2188 3816 2541 3872; x_wconf 84' lang='lat' dir='ltr'><strong>absolutionis</strong></span> <span class='ocrx_word' id='word_1_756' title='bbox 2567 3836 2580 3872; x_wconf 93' lang='lat'><strong>:</strong></span> <span class='ocrx_word' id='word_1_757' title='bbox 2622 3817 2725 3869; x_wconf 89' lang='lat' dir='ltr'><strong>alia</strong></span> <span class='ocrx_word' id='word_1_758' title='bbox 2756 3817 3119 3872; x_wconf 85' lang='lat' dir='ltr'><strong>inclinationis</strong></span> <span class='ocrx_word' id='word_1_759' title='bbox 3149 3832 3161 3869; x_wconf 93' lang='lat'>:</span> <span class='ocrx_word' id='word_1_760' title='bbox 3210 3816 3408 3872; x_wconf 87' lang='lat' dir='ltr'><strong>Sancta</strong></span> <span class='ocrx_word' id='word_1_761' title='bbox 3437 3836 3565 3873; x_wconf 86' lang='lat' dir='ltr'><strong>san-</strong></span> 
     </span>
    </p>
   </div>
   <div class='ocr_carea' id='block_1_107' title="bbox 1984 3885 3565 3958">
    <p class='ocr_par' dir='ltr' id='par_1_107' title="bbox 1984 3885 3565 3958">
     <span class='ocr_line' id='line_1_107' title="bbox 1984 3885 3565 3958; baseline 0.001 -19"><span class='ocrx_word' id='word_1_762' title='bbox 1984 3888 2103 3950; x_wconf 82' lang='lat' dir='ltr'><strong>ctis,</strong></span> <span class='ocrx_word' id='word_1_763' title='bbox 2156 3902 2276 3940; x_wconf 90' lang='lat' dir='ltr'><strong>cum</strong></span> <span class='ocrx_word' id='word_1_764' title='bbox 2330 3889 2395 3957; x_wconf 81' lang='grc' dir='ltr'><strong>τῇ</strong></span> <span class='ocrx_word' id='word_1_765' title='bbox 2430 3886 2561 3958; x_wconf 71' lang='grc' dir='ltr'><strong>ἁγίᾳ</strong></span> <span class='ocrx_word' id='word_1_766' title='bbox 2612 3885 2858 3958; x_wconf 46' lang='grc' dir='ltr'><strong>ὑψώσει.ὲ</strong></span> <span class='ocrx_word' id='word_1_767' title='bbox 2892 3903 2983 3942; x_wconf 89' lang='lat' dir='ltr'><strong>seu</strong></span> <span class='ocrx_word' id='word_1_768' title='bbox 3032 3886 3330 3942; x_wconf 80' lang='lat' dir='ltr'><strong>elevatione</strong></span> <span class='ocrx_word' id='word_1_769' title='bbox 3379 3903 3565 3943; x_wconf 81' lang='lat' dir='ltr'><strong>sacra-</strong></span> 
     </span>
    </p>
   </div>
   <div class='ocr_carea' id='block_1_108' title="bbox 1984 3956 3564 4027">
    <p class='ocr_par' dir='ltr' id='par_1_108' title="bbox 1984 3956 3564 4027">
     <span class='ocr_line' id='line_1_108' title="bbox 1984 3956 3564 4027; baseline 0.002 -18"><span class='ocrx_word' id='word_1_770' title='bbox 1984 3958 2171 4022; x_wconf 88' lang='lat' dir='ltr'><strong>menti,</strong></span> <span class='ocrx_word' id='word_1_771' title='bbox 2206 3956 2419 4011; x_wconf 83' lang='lat' dir='ltr'><strong>tandem</strong></span> <span class='ocrx_word' id='word_1_772' title='bbox 2457 3956 2785 4011; x_wconf 82' lang='lat' dir='ltr'><strong>communio.</strong></span> <span class='ocrx_word' id='word_1_773' title='bbox 2817 3956 3018 4010; x_wconf 85' lang='lat' dir='ltr'><strong>Tamen</strong></span> <span class='ocrx_word' id='word_1_774' title='bbox 3057 3973 3120 4011; x_wconf 84' lang='lat' dir='ltr'><strong>ex</strong></span> <span class='ocrx_word' id='word_1_775' title='bbox 3154 3960 3398 4012; x_wconf 88' lang='lat' dir='ltr'><strong>oratione</strong></span> <span class='ocrx_word' id='word_1_776' title='bbox 3444 3975 3564 4027; x_wconf 69' lang='lat' dir='ltr'><strong>qua:</strong></span> 
     </span>
    </p>
   </div>
   <div class='ocr_carea' id='block_1_109' title="bbox 1980 4029 3565 4098">
    <p class='ocr_par' dir='ltr' id='par_1_109' title="bbox 1980 4029 3565 4098">
     <span class='ocr_line' id='line_1_109' title="bbox 1980 4029 3565 4098; baseline 0.001 -20"><span class='ocrx_word' id='word_1_777' title='bbox 1980 4030 2229 4098; x_wconf 81' lang='lat' dir='ltr'><strong>omnibus</strong></span> <span class='ocrx_word' id='word_1_778' title='bbox 2280 4029 2382 4082; x_wconf 90' lang='lat' dir='ltr'><strong>illis</strong></span> <span class='ocrx_word' id='word_1_779' title='bbox 2426 4029 2802 4095; x_wconf 60' lang='lat' dir='ltr'><strong>prtemittitur,</strong></span> <span class='ocrx_word' id='word_1_780' title='bbox 2855 4030 2981 4096; x_wconf 89' lang='lat' dir='ltr'><strong>quid</strong></span> <span class='ocrx_word' id='word_1_781' title='bbox 3039 4029 3090 4081; x_wconf 92' lang='lat' dir='ltr'><strong>in</strong></span> <span class='ocrx_word' id='word_1_782' title='bbox 3148 4029 3565 4098; x_wconf 84' lang='lat' dir='ltr'><strong>participatione</strong></span> 
     </span>
    </p>
   </div>
   <div class='ocr_carea' id='block_1_110' title="bbox 1982 4097 3565 4159">
    <p class='ocr_par' dir='ltr' id='par_1_110' title="bbox 1982 4097 3565 4159">
     <span class='ocr_line' id='line_1_110' title="bbox 1982 4097 3565 4159; baseline 0.002 -9"><span class='ocrx_word' id='word_1_783' title='bbox 1982 4097 2334 4152; x_wconf 68' lang='lat' dir='ltr'><strong>Eucharistiaa</strong></span> <span class='ocrx_word' id='word_1_784' title='bbox 2378 4100 2557 4150; x_wconf 89' lang='lat' dir='ltr'><strong>datum</strong></span> <span class='ocrx_word' id='word_1_785' title='bbox 2608 4098 2928 4151; x_wconf 87' lang='lat' dir='ltr'><strong>Christianis</strong></span> <span class='ocrx_word' id='word_1_786' title='bbox 2981 4100 3174 4159; x_wconf 79' lang='lat' dir='ltr'><strong>fuerit,</strong></span> <span class='ocrx_word' id='word_1_787' title='bbox 3219 4097 3417 4154; x_wconf 84' lang='lat' dir='ltr'><strong>docere</strong></span> <span class='ocrx_word' id='word_1_788' title='bbox 3462 4113 3565 4153; x_wconf 88' lang='lat' dir='ltr'><strong>nos</strong></span> 
     </span>
    </p>
   </div>
   <div class='ocr_carea' id='block_1_111' title="bbox 1983 4168 3562 4236">
    <p class='ocr_par' dir='ltr' id='par_1_111' title="bbox 1983 4168 3562 4236">
     <span class='ocr_line' id='line_1_111' title="bbox 1983 4168 3562 4236; baseline 0.002 -17"><span class='ocrx_word' id='word_1_789' title='bbox 1983 4168 2091 4219; x_wconf 91' lang='lat' dir='ltr'><strong>vult</strong></span> <span class='ocrx_word' id='word_1_790' title='bbox 2133 4168 2459 4231; x_wconf 86' lang='lat' dir='ltr'><strong>Salmasius;</strong></span> <span class='ocrx_word' id='word_1_791' title='bbox 2510 4182 2700 4235; x_wconf 84' lang='lat' dir='ltr'><strong>nempe</strong></span> <span class='ocrx_word' id='word_1_792' title='bbox 2748 4184 2850 4220; x_wconf 92' lang='lat' dir='ltr'><strong>non</strong></span> <span class='ocrx_word' id='word_1_793' title='bbox 2896 4183 3015 4235; x_wconf 64' lang='lat' dir='ltr'><strong>quae</strong></span> <span class='ocrx_word' id='word_1_794' title='bbox 3063 4169 3116 4220; x_wconf 91' lang='lat' dir='ltr'><strong>in</strong></span> <span class='ocrx_word' id='word_1_795' title='bbox 3167 4169 3278 4236; x_wconf 89' lang='lat' dir='ltr'><strong>ipsa</strong></span> <span class='ocrx_word' id='word_1_796' title='bbox 3318 4170 3562 4222; x_wconf 89' lang='lat' dir='ltr'><strong>oratione</strong></span> 
     </span>
    </p>
   </div>
   <div class='ocr_carea' id='block_1_112' title="bbox 1982 4238 3562 4306">
    <p class='ocr_par' dir='ltr' id='par_1_112' title="bbox 1982 4238 3562 4306">
     <span class='ocr_line' id='line_1_112' title="bbox 1982 4238 3562 4306; baseline 0 -17"><span class='ocrx_word' id='word_1_797' title='bbox 1982 4239 2381 4301; x_wconf 84' lang='lat' dir='ltr'><strong>contineantur,</strong></span> <span class='ocrx_word' id='word_1_798' title='bbox 2430 4238 2521 4290; x_wconf 86' lang='lat' dir='ltr'><strong>sed</strong></span> <span class='ocrx_word' id='word_1_799' title='bbox 2553 4253 2671 4306; x_wconf 69' lang='lat' dir='ltr'><strong>quae</strong></span> <span class='ocrx_word' id='word_1_800' title='bbox 2705 4238 2755 4289; x_wconf 92' lang='lat' dir='ltr'><strong>in</strong></span> <span class='ocrx_word' id='word_1_801' title='bbox 2798 4238 3187 4290; x_wconf 88' lang='lat' dir='ltr'><strong>absurdissimo</strong></span> <span class='ocrx_word' id='word_1_802' title='bbox 3228 4249 3562 4290; x_wconf 59' lang='lat' dir='ltr'><strong>commentae</strong></span> 
     </span>
    </p>
   </div>
   <div class='ocr_carea' id='block_1_113' title="bbox 1986 4305 3557 4376">
    <p class='ocr_par' dir='ltr' id='par_1_113' title="bbox 1986 4305 3557 4376">
     <span class='ocr_line' id='line_1_113' title="bbox 1986 4305 3557 4376; baseline 0 -18"><span class='ocrx_word' id='word_1_803' title='bbox 1986 4308 2065 4360; x_wconf 92' lang='lat' dir='ltr'><strong>rio</strong></span> <span class='ocrx_word' id='word_1_804' title='bbox 2103 4324 2116 4360; x_wconf 88' lang='lat'>:</span> <span class='ocrx_word' id='word_1_805' title='bbox 2155 4324 2313 4376; x_wconf 90' lang='lat' dir='ltr'><strong>quem</strong></span> <span class='ocrx_word' id='word_1_806' title='bbox 2348 4306 2459 4360; x_wconf 89' lang='lat' dir='ltr'><strong>sola</strong></span> <span class='ocrx_word' id='word_1_807' title='bbox 2500 4306 2757 4375; x_wconf 72' lang='lat' dir='ltr'><strong>Liturgia:</strong></span> <span class='ocrx_word' id='word_1_808' title='bbox 2793 4307 3077 4372; x_wconf 89' lang='lat' dir='ltr'><strong>dispositio</strong></span> <span class='ocrx_word' id='word_1_809' title='bbox 3122 4305 3337 4361; x_wconf 80' lang='lat' dir='ltr'><strong>refellit.</strong></span> <span class='ocrx_word' id='word_1_810' title='bbox 3383 4306 3515 4359; x_wconf 84' lang='lat' dir='ltr'><strong>Nam</strong></span> <span class='ocrx_word' id='word_1_811' title='bbox 3540 4350 3557 4373; x_wconf 87' lang='lat'><strong>,</strong></span> 
     </span>
    </p>
   </div>
   <div class='ocr_carea' id='block_1_114' title="bbox 1984 4376 3554 4445">
    <p class='ocr_par' dir='ltr' id='par_1_114' title="bbox 1984 4376 3554 4445">
     <span class='ocr_line' id='line_1_114' title="bbox 1984 4376 3554 4445; baseline 0.001 -17"><span class='ocrx_word' id='word_1_812' title='bbox 1984 4387 2038 4428; x_wconf 91' lang='lat' dir='ltr'><strong>ut</strong></span> <span class='ocrx_word' id='word_1_813' title='bbox 2069 4380 2246 4430; x_wconf 89' lang='lat' dir='ltr'><strong>omnia</strong></span> <span class='ocrx_word' id='word_1_814' title='bbox 2277 4376 2393 4444; x_wconf 85' lang='lat' dir='ltr'><strong>ejus</strong></span> <span class='ocrx_word' id='word_1_815' title='bbox 2422 4386 2637 4445; x_wconf 85' lang='lat' dir='ltr'><strong>peccata</strong></span> <span class='ocrx_word' id='word_1_816' title='bbox 2668 4392 2772 4429; x_wconf 93' lang='lat' dir='ltr'><strong>uno</strong></span> <span class='ocrx_word' id='word_1_817' title='bbox 2804 4377 2998 4428; x_wconf 90' lang='lat' dir='ltr'><strong>intuitu</strong></span> <span class='ocrx_word' id='word_1_818' title='bbox 3023 4385 3347 4444; x_wconf 86' lang='lat' dir='ltr'><strong>appareant,</strong></span> <span class='ocrx_word' id='word_1_819' title='bbox 3377 4376 3554 4430; x_wconf 91' lang='lat' dir='ltr'><strong>oratio</strong></span> 
     </span>
    </p>
   </div>
   <div class='ocr_carea' id='block_1_115' title="bbox 1981 4446 3558 4513">
    <p class='ocr_par' dir='ltr' id='par_1_115' title="bbox 1981 4446 3558 4513">
     <span class='ocr_line' id='line_1_115' title="bbox 1981 4446 3558 4513; baseline 0.001 -16"><span class='ocrx_word' id='word_1_820' title='bbox 1981 4463 2141 4513; x_wconf 88' lang='lat' dir='ltr'><strong>quam</strong></span> <span class='ocrx_word' id='word_1_821' title='bbox 2173 4448 2335 4511; x_wconf 88' lang='lat' dir='ltr'><strong>citat,</strong></span> <span class='ocrx_word' id='word_1_822' title='bbox 2390 4463 2493 4500; x_wconf 91' lang='lat' dir='ltr'><strong>non</strong></span> <span class='ocrx_word' id='word_1_823' title='bbox 2540 4446 2735 4499; x_wconf 86' lang='lat' dir='ltr'><strong>dicitur</strong></span> <span class='ocrx_word' id='word_1_824' title='bbox 2782 4456 2896 4513; x_wconf 87' lang='lat' dir='ltr'><strong>post</strong></span> <span class='ocrx_word' id='word_1_825' title='bbox 2944 4446 3411 4511; x_wconf 79' lang='lat' dir='ltr'><strong>communionem,</strong></span> <span class='ocrx_word' id='word_1_826' title='bbox 3463 4446 3558 4499; x_wconf 84' lang='lat' dir='ltr'><strong>sed</strong></span> 
     </span>
    </p>
   </div>
   <div class='ocr_carea' id='block_1_116' title="bbox 1981 4515 3554 4585">
    <p class='ocr_par' dir='ltr' id='par_1_116' title="bbox 1981 4515 3554 4585">
     <span class='ocr_line' id='line_1_116' title="bbox 1981 4515 3554 4585; baseline 0.001 -17"><span class='ocrx_word' id='word_1_827' title='bbox 1981 4519 2149 4570; x_wconf 87' lang='lat' dir='ltr'><strong>multo</strong></span> <span class='ocrx_word' id='word_1_828' title='bbox 2181 4520 2351 4584; x_wconf 90' lang='lat' dir='ltr'><strong>prius.</strong></span> <span class='ocrx_word' id='word_1_829' title='bbox 2390 4516 2659 4569; x_wconf 66' lang='lat' dir='ltr'><strong>Sacerdos</strong></span> <span class='ocrx_word' id='word_1_830' title='bbox 2694 4531 2798 4568; x_wconf 90' lang='lat' dir='ltr'><strong>non</strong></span> <span class='ocrx_word' id='word_1_831' title='bbox 2829 4516 3080 4585; x_wconf 87' lang='lat' dir='ltr'><strong>populum</strong></span> <span class='ocrx_word' id='word_1_832' title='bbox 3114 4515 3426 4583; x_wconf 90' lang='lat' dir='ltr'><strong>alloquitur,</strong></span> <span class='ocrx_word' id='word_1_833' title='bbox 3461 4517 3554 4569; x_wconf 89' lang='lat' dir='ltr'><strong>sed</strong></span> 
     </span>
    </p>
   </div>
   <div class='ocr_carea' id='block_1_117' title="bbox 1983 4585 3553 4653">
    <p class='ocr_par' dir='ltr' id='par_1_117' title="bbox 1983 4585 3553 4653">
     <span class='ocr_line' id='line_1_117' title="bbox 1983 4585 3553 4653; baseline 0 -14"><span class='ocrx_word' id='word_1_834' title='bbox 1983 4588 2147 4641; x_wconf 84' lang='lat' dir='ltr'><strong>Deum</strong></span> <span class='ocrx_word' id='word_1_835' title='bbox 2176 4601 2191 4639; x_wconf 90' lang='lat'><strong>:</strong></span> <span class='ocrx_word' id='word_1_836' title='bbox 2229 4587 2360 4640; x_wconf 87' lang='lat' dir='ltr'><strong>nihil</strong></span> <span class='ocrx_word' id='word_1_837' title='bbox 2386 4588 2515 4638; x_wconf 86' lang='lat' dir='ltr'><strong>dicit</strong></span> <span class='ocrx_word' id='word_1_838' title='bbox 2545 4601 2731 4638; x_wconf 87' lang='lat' dir='ltr'><strong>eorum</strong></span> <span class='ocrx_word' id='word_1_839' title='bbox 2774 4600 2893 4653; x_wconf 82' lang='lat' dir='ltr'><strong>qu:c</strong></span> <span class='ocrx_word' id='word_1_840' title='bbox 2928 4585 3225 4638; x_wconf 83' lang='lat' dir='ltr'><strong>Salinasius</strong></span> <span class='ocrx_word' id='word_1_841' title='bbox 3253 4586 3506 4653; x_wconf 87' lang='lat' dir='ltr'><strong>supponit</strong></span> <span class='ocrx_word' id='word_1_842' title='bbox 3538 4603 3553 4640; x_wconf 85' lang='lat'><strong>:</strong></span> 
     </span>
    </p>
   </div>
   <div class='ocr_carea' id='block_1_118' title="bbox 1982 4654 3558 4723">
    <p class='ocr_par' dir='ltr' id='par_1_118' title="bbox 1982 4654 3558 4723">
     <span class='ocr_line' id='line_1_118' title="bbox 1982 4654 3558 4723; baseline 0.001 -14"><span class='ocrx_word' id='word_1_843' title='bbox 1982 4658 2191 4709; x_wconf 88' lang='lat' dir='ltr'><strong>tandem</strong></span> <span class='ocrx_word' id='word_1_844' title='bbox 2237 4658 2410 4710; x_wconf 89' lang='lat' dir='ltr'><strong>oratio</strong></span> <span class='ocrx_word' id='word_1_845' title='bbox 2445 4654 2780 4709; x_wconf 70' lang='lat' dir='ltr'><strong>Confessioue</strong></span> <span class='ocrx_word' id='word_1_846' title='bbox 2815 4654 3136 4723; x_wconf 82' lang='lat' dir='ltr'><strong>explicatur,</strong></span> <span class='ocrx_word' id='word_1_847' title='bbox 3173 4656 3238 4709; x_wconf 77' lang='lat' dir='ltr'><strong>de</strong></span> <span class='ocrx_word' id='word_1_848' title='bbox 3284 4670 3390 4723; x_wconf 90' lang='lat' dir='ltr'><strong>qua</strong></span> <span class='ocrx_word' id='word_1_849' title='bbox 3434 4669 3558 4710; x_wconf 88' lang='lat' dir='ltr'><strong>ver-</strong></span> 
     </span>
    </p>
   </div>
   <div class='ocr_carea' id='block_1_119' title="bbox 1982 4726 3557 4793">
    <p class='ocr_par' dir='ltr' id='par_1_119' title="bbox 1982 4726 3557 4793">
     <span class='ocr_line' id='line_1_119' title="bbox 1982 4726 3557 4793; baseline -0.001 -14"><span class='ocrx_word' id='word_1_850' title='bbox 1982 4728 2107 4779; x_wconf 90' lang='lat' dir='ltr'><strong>bum</strong></span> <span class='ocrx_word' id='word_1_851' title='bbox 2140 4726 2229 4780; x_wconf 88' lang='lat' dir='ltr'><strong>ille</strong></span> <span class='ocrx_word' id='word_1_852' title='bbox 2264 4742 2366 4779; x_wconf 90' lang='lat' dir='ltr'><strong>non</strong></span> <span class='ocrx_word' id='word_1_853' title='bbox 2400 4726 2547 4787; x_wconf 83' lang='lat' dir='ltr'><strong>fecit,</strong></span> <span class='ocrx_word' id='word_1_854' title='bbox 2586 4742 2685 4779; x_wconf 86' lang='lat' dir='ltr'><strong>nec</strong></span> <span class='ocrx_word' id='word_1_855' title='bbox 2713 4727 3045 4785; x_wconf 88' lang='lat' dir='ltr'><strong>Albertinus,</strong></span> <span class='ocrx_word' id='word_1_856' title='bbox 3086 4740 3183 4779; x_wconf 90' lang='lat' dir='ltr'><strong>nec</strong></span> <span class='ocrx_word' id='word_1_857' title='bbox 3220 4726 3333 4788; x_wconf 85' lang='lat' dir='ltr'><strong>alii,</strong></span> <span class='ocrx_word' id='word_1_858' title='bbox 3367 4739 3557 4793; x_wconf 89' lang='lat' dir='ltr'><strong>qnam-</strong></span> 
     </span>
    </p>
   </div>
   <div class='ocr_carea' id='block_1_120' title="bbox 1976 4795 3554 4864">
    <p class='ocr_par' dir='ltr' id='par_1_120' title="bbox 1976 4795 3554 4864">
     <span class='ocr_line' id='line_1_120' title="bbox 1976 4795 3554 4864; baseline -0.001 -16"><span class='ocrx_word' id='word_1_859' title='bbox 1976 4798 2058 4851; x_wconf 89' lang='lat' dir='ltr'><strong>vis</strong></span> <span class='ocrx_word' id='word_1_860' title='bbox 2085 4808 2323 4851; x_wconf 88' lang='lat' dir='ltr'><strong>exstaret</strong></span> <span class='ocrx_word' id='word_1_861' title='bbox 2352 4798 2405 4850; x_wconf 92' lang='lat' dir='ltr'><strong>in</strong></span> <span class='ocrx_word' id='word_1_862' title='bbox 2450 4798 2695 4850; x_wconf 86' lang='lat' dir='ltr'><strong>versione</strong></span> <span class='ocrx_word' id='word_1_863' title='bbox 2733 4795 2937 4864; x_wconf 12' lang='lat' dir='ltr'><strong>Latina,</strong></span> <span class='ocrx_word' id='word_1_864' title='bbox 2962 4796 3165 4864; x_wconf 74' lang='lat' dir='ltr'><strong>sa-pius‘</strong></span> <span class='ocrx_word' id='word_1_865' title='bbox 3188 4796 3330 4849; x_wconf 90' lang='lat' dir='ltr'><strong>edita</strong></span> <span class='ocrx_word' id='word_1_866' title='bbox 3350 4835 3366 4859; x_wconf 94' lang='lat'><strong>,</strong></span> <span class='ocrx_word' id='word_1_867' title='bbox 3397 4805 3453 4849; x_wconf 91' lang='lat' dir='ltr'><strong>ut</strong></span> <span class='ocrx_word' id='word_1_868' title='bbox 3501 4797 3554 4848; x_wconf 89' lang='lat' dir='ltr'><strong>tu</strong></span> 
     </span>
    </p>
   </div>
   <div class='ocr_carea' id='block_1_121' title="bbox 1975 4863 3554 4936">
    <p class='ocr_par' dir='ltr' id='par_1_121' title="bbox 1975 4863 3554 4936">
     <span class='ocr_line' id='line_1_121' title="bbox 1975 4863 3554 4936; baseline -0.001 -15"><span class='ocrx_word' id='word_1_869' title='bbox 1975 4866 2192 4936; x_wconf 88' lang='lat' dir='ltr'><strong>Canone</strong></span> <span class='ocrx_word' id='word_1_870' title='bbox 2236 4867 2477 4936; x_wconf 89' lang='lat' dir='ltr'><strong>generali</strong></span> <span class='ocrx_word' id='word_1_871' title='bbox 2526 4865 2870 4935; x_wconf 74' lang='lat' dir='ltr'><strong>1Ethiopunt.</strong></span> <span class='ocrx_word' id='word_1_872' title='bbox 2912 4863 3013 4931; x_wconf 88' lang='lat' dir='ltr'><strong>Qui</strong></span> <span class='ocrx_word' id='word_1_873' title='bbox 3041 4863 3243 4920; x_wconf 17' lang='lat' dir='ltr'><strong>feredit</strong></span> <span class='ocrx_word' id='word_1_874' title='bbox 3298 4881 3422 4936; x_wconf 74' lang='lat' dir='ltr'><strong>qute</strong></span> <span class='ocrx_word' id='word_1_875' title='bbox 3467 4865 3554 4919; x_wconf 70' lang='lat' dir='ltr'><strong>ilia</strong></span> 
     </span>
    </p>
   </div>
   <div class='ocr_carea' id='block_1_122' title="bbox 1975 4934 3551 5007">
    <p class='ocr_par' dir='ltr' id='par_1_122' title="bbox 1975 4934 3551 5007">
     <span class='ocr_line' id='line_1_122' title="bbox 1975 4934 3551 5007; baseline -0.001 -16"><span class='ocrx_word' id='word_1_876' title='bbox 1975 4934 2318 4992; x_wconf 76' lang='lat' dir='ltr'><strong>confessione</strong></span> <span class='ocrx_word' id='word_1_877' title='bbox 2373 4934 2753 5007; x_wconf 77' lang='lat' dir='ltr'><strong>coiitittetitttr,_</strong></span> <span class='ocrx_word' id='word_1_878' title='bbox 2786 4952 2816 4988; x_wconf 93' lang='lat' dir='ltr'><strong>a</strong></span> <span class='ocrx_word' id='word_1_879' title='bbox 2881 4937 3225 5007; x_wconf 86' lang='lat' dir='ltr'><strong>Salmasiana</strong></span> <span class='ocrx_word' id='word_1_880' title='bbox 3281 4934 3551 5005; x_wconf 86' lang='lat' dir='ltr'><strong>theologia</strong></span> 
     </span>
    </p>
   </div>
   <div class='ocr_carea' id='block_1_123' title="bbox 1978 5005 3546 5074">
    <p class='ocr_par' dir='ltr' id='par_1_123' title="bbox 1978 5005 3546 5074">
     <span class='ocr_line' id='line_1_123' title="bbox 1978 5005 3546 5074; baseline -0.002 -14"><span class='ocrx_word' id='word_1_881' title='bbox 1978 5009 2371 5063; x_wconf 90' lang='lat' dir='ltr'><strong>remotissimus</strong></span> <span class='ocrx_word' id='word_1_882' title='bbox 2392 5018 2473 5062; x_wconf 87' lang='lat' dir='ltr'><strong>est</strong></span> <span class='ocrx_word' id='word_1_883' title='bbox 2500 5025 2513 5060; x_wconf 91' lang='lat'>:</span> <span class='ocrx_word' id='word_1_884' title='bbox 2536 5006 2601 5060; x_wconf 90' lang='lat' dir='ltr'><strong>at</strong></span> <span class='ocrx_word' id='word_1_885' title='bbox 2625 5008 2697 5060; x_wconf 89' lang='lat' dir='ltr'><strong>ita</strong></span> <span class='ocrx_word' id='word_1_886' title='bbox 2727 5005 2973 5073; x_wconf 87' lang='lat' dir='ltr'><strong>Coptitas</strong></span> <span class='ocrx_word' id='word_1_887' title='bbox 2998 5006 3220 5059; x_wconf 91' lang='lat' dir='ltr'><strong>credere</strong></span> <span class='ocrx_word' id='word_1_888' title='bbox 3244 5006 3334 5074; x_wconf 92' lang='lat' dir='ltr'><strong>qui</strong></span> <span class='ocrx_word' id='word_1_889' title='bbox 3369 5013 3546 5073; x_wconf 88' lang='lat' dir='ltr'><strong>neget,</strong></span> 
     </span>
    </p>
   </div>
   <div class='ocr_carea' id='block_1_124' title="bbox 1976 5076 3547 5148">
    <p class='ocr_par' dir='ltr' id='par_1_124' title="bbox 1976 5076 3547 5148">
     <span class='ocr_line' id='line_1_124' title="bbox 1976 5076 3547 5148; baseline -0.003 -16"><span class='ocrx_word' id='word_1_890' title='bbox 1976 5078 2106 5132; x_wconf 90' lang='lat' dir='ltr'><strong>illud</strong></span> <span class='ocrx_word' id='word_1_891' title='bbox 2142 5081 2331 5133; x_wconf 88' lang='lat' dir='ltr'><strong>saltem</strong></span> <span class='ocrx_word' id='word_1_892' title='bbox 2365 5093 2559 5148; x_wconf 87' lang='lat' dir='ltr'><strong>negare</strong></span> <span class='ocrx_word' id='word_1_893' title='bbox 2588 5092 2695 5148; x_wconf 86' lang='lat' dir='ltr'><strong>non</strong></span> <span class='ocrx_word' id='word_1_894' title='bbox 2725 5076 2925 5146; x_wconf 90' lang='lat' dir='ltr'><strong>poterit</strong></span> <span class='ocrx_word' id='word_1_895' title='bbox 2951 5076 3129 5148; x_wconf 86' lang='lat' dir='ltr'><strong>verbis</strong></span> <span class='ocrx_word' id='word_1_896' title='bbox 3155 5076 3547 5148; x_wconf 81' lang='lat' dir='ltr'><strong>signiﬁcantiu-</strong></span> 
     </span>
    </p>
   </div>
   <div class='ocr_carea' id='block_1_125' title="bbox 1976 5146 3551 5217">
    <p class='ocr_par' dir='ltr' id='par_1_125' title="bbox 1976 5146 3551 5217">
     <span class='ocr_line' id='line_1_125' title="bbox 1976 5146 3551 5217; baseline -0.003 -16"><span class='ocrx_word' id='word_1_897' title='bbox 1976 5149 2124 5203; x_wconf 87' lang='lat' dir='ltr'><strong>ribus</strong></span> <span class='ocrx_word' id='word_1_898' title='bbox 2153 5146 2726 5217; x_wconf 50' lang='lat' dir='ltr'><strong>tninusque&#39;ambiguis</strong></span> <span class='ocrx_word' id='word_1_899' title='bbox 2753 5148 2909 5200; x_wconf 90' lang='lat' dir='ltr'><strong>tidem</strong></span> <span class='ocrx_word' id='word_1_900' title='bbox 2946 5147 3108 5217; x_wconf 82' lang='lat' dir='ltr'><strong>realis</strong></span> <span class='ocrx_word' id='word_1_901' title='bbox 3138 5146 3551 5217; x_wconf 83' lang='lat' dir='ltr'><strong>transmutatio-</strong></span> 
     </span>
    </p>
   </div>
   <div class='ocr_carea' id='block_1_126' title="bbox 1977 5215 3544 5286">
    <p class='ocr_par' dir='ltr' id='par_1_126' title="bbox 1977 5215 3544 5286">
     <span class='ocr_line' id='line_1_126' title="bbox 1977 5215 3544 5286; baseline -0.004 -15"><span class='ocrx_word' id='word_1_902' title='bbox 1977 5220 2058 5272; x_wconf 85' lang='lat' dir='ltr'><strong>nis</strong></span> <span class='ocrx_word' id='word_1_903' title='bbox 2102 5215 2361 5286; x_wconf 86' lang='lat' dir='ltr'><strong>explicari</strong></span> <span class='ocrx_word' id='word_1_904' title='bbox 2394 5233 2497 5272; x_wconf 91' lang='lat' dir='ltr'><strong>non</strong></span> <span class='ocrx_word' id='word_1_905' title='bbox 2533 5215 2691 5285; x_wconf 80' lang='lat' dir='ltr'><strong>posse</strong></span> <span class='ocrx_word' id='word_1_906' title='bbox 2714 5257 2727 5277; x_wconf 89' lang='lat'><strong>,</strong></span> <span class='ocrx_word' id='word_1_907' title='bbox 2761 5219 2897 5270; x_wconf 87' lang='lat' dir='ltr'><strong>adeo</strong></span> <span class='ocrx_word' id='word_1_908' title='bbox 2923 5225 2983 5268; x_wconf 89' lang='lat' dir='ltr'><strong>ut</strong></span> <span class='ocrx_word' id='word_1_909' title='bbox 3026 5215 3265 5272; x_wconf 87' lang='lat' dir='ltr'><strong>Ecclesia</strong></span> <span class='ocrx_word' id='word_1_910' title='bbox 3304 5215 3544 5267; x_wconf 78' lang='lat' dir='ltr'><strong>ltomana</strong></span> 
     </span>
    </p>
   </div>
   <div class='ocr_carea' id='block_1_127' title="bbox 1974 5285 3549 5359">
    <p class='ocr_par' dir='ltr' id='par_1_127' title="bbox 1974 5285 3549 5359">
     <span class='ocr_line' id='line_1_127' title="bbox 1974 5285 3549 5359; baseline -0.004 -18"><span class='ocrx_word' id='word_1_911' title='bbox 1974 5289 2025 5359; x_wconf 89' lang='lat' dir='ltr'><strong>in</strong></span> <span class='ocrx_word' id='word_1_912' title='bbox 2064 5285 2400 5359; x_wconf 75' lang='lat' dir='ltr'><strong>professione</strong></span> <span class='ocrx_word' id='word_1_913' title='bbox 2435 5288 2555 5341; x_wconf 87' lang='lat' dir='ltr'><strong>tldei</strong></span> <span class='ocrx_word' id='word_1_914' title='bbox 2584 5297 2700 5356; x_wconf 89' lang='lat' dir='ltr'><strong>post</strong></span> <span class='ocrx_word' id='word_1_915' title='bbox 2725 5285 3419 5359; x_wconf 33' lang='lat' dir='ltr'><strong>Tridentinﬂumconcilium</strong></span> <span class='ocrx_word' id='word_1_916' title='bbox 3450 5298 3549 5351; x_wconf 88' lang='lat' dir='ltr'><strong>pu-</strong></span> 
     </span>
    </p>
   </div>
   <div class='ocr_carea' id='block_1_128' title="bbox 1973 5354 3549 5425">
    <p class='ocr_par' dir='ltr' id='par_1_128' title="bbox 1973 5354 3549 5425">
     <span class='ocr_line' id='line_1_128' title="bbox 1973 5354 3549 5425; baseline -0.004 -13"><span class='ocrx_word' id='word_1_917' title='bbox 1973 5354 2190 5424; x_wconf 80' lang='lat' dir='ltr'><strong>blieata,</strong></span> <span class='ocrx_word' id='word_1_918' title='bbox 2219 5372 2324 5413; x_wconf 89' lang='lat' dir='ltr'><strong>non</strong></span> <span class='ocrx_word' id='word_1_919' title='bbox 2361 5360 2531 5425; x_wconf 88' lang='lat' dir='ltr'><strong>magis</strong></span> <span class='ocrx_word' id='word_1_920' title='bbox 2565 5354 2846 5425; x_wconf 82' lang='lat' dir='ltr'><strong>perspicue</strong></span> <span class='ocrx_word' id='word_1_921' title='bbox 2891 5357 2956 5409; x_wconf 93' lang='lat' dir='ltr'><strong>de</strong></span> <span class='ocrx_word' id='word_1_922' title='bbox 2989 5356 3325 5425; x_wconf 83' lang='lat' dir='ltr'><strong>Eucharistia</strong></span> <span class='ocrx_word' id='word_1_923' title='bbox 3356 5354 3549 5422; x_wconf 59' lang='lat' dir='ltr'><strong>loqua»</strong></span> 
     </span>
    </p>
   </div>
   <div class='ocr_carea' id='block_1_129' title="bbox 1975 5424 3331 5497">
    <p class='ocr_par' dir='ltr' id='par_1_129' title="bbox 1975 5424 3331 5497">
     <span class='ocr_line' id='line_1_129' title="bbox 1975 5424 3331 5497; baseline -0.006 -13"><span class='ocrx_word' id='word_1_924' title='bbox 1975 5439 2062 5484; x_wconf 89' lang='lat' dir='ltr'><strong>tur</strong></span> <span class='ocrx_word' id='word_1_925' title='bbox 2089 5446 2247 5497; x_wconf 89' lang='lat' dir='ltr'><strong>quam</strong></span> <span class='ocrx_word' id='word_1_926' title='bbox 2284 5430 2384 5483; x_wconf 91' lang='lat' dir='ltr'><strong>ista</strong></span> <span class='ocrx_word' id='word_1_927' title='bbox 2414 5424 2538 5481; x_wconf 81' lang='lat' dir='ltr'><strong>ante</strong></span> <span class='ocrx_word' id='word_1_928' title='bbox 2568 5424 3018 5497; x_wconf 71' lang='lat' dir='ltr'><strong>communionem</strong></span> <span class='ocrx_word' id='word_1_929' title='bbox 3037 5424 3331 5497; x_wconf 56' lang='lat' dir='ltr'><strong>confessio,</strong></span> 
     </span>
    </p>
   </div>
   <div class='ocr_carea' id='block_1_130' title="bbox 2044 5490 3543 5578">
    <p class='ocr_par' dir='ltr' id='par_1_130' title="bbox 2044 5490 3543 5578">
     <span class='ocr_line' id='line_1_130' title="bbox 2044 5490 3543 5578; baseline -0.005 -25"><span class='ocrx_word' id='word_1_930' title='bbox 2044 5490 2155 5578; x_wconf 49' lang='lat' dir='ltr'><strong>il?)</strong></span> <span class='ocrx_word' id='word_1_931' title='bbox 2200 5498 2389 5578; x_wconf 59' lang='grc' dir='ltr'><strong>Ἀγεον</strong></span> <span class='ocrx_word' id='word_1_932' title='bbox 2416 5498 2616 5578; x_wconf 33' lang='lat' dir='ltr'><strong>cipiat</strong></span> <span class='ocrx_word' id='word_1_933' title='bbox 2646 5495 2804 5578; x_wconf 45' lang='lat' dir='ltr'><strong>signa</strong></span> <span class='ocrx_word' id='word_1_934' title='bbox 2832 5497 2938 5578; x_wconf 47' lang='grc' dir='ltr'><strong>κςίι.</strong></span> <span class='ocrx_word' id='word_1_935' title='bbox 2959 5490 3099 5578; x_wconf 60' lang='grc' dir='ltr'><strong>αἷμα</strong></span> <span class='ocrx_word' id='word_1_936' title='bbox 3137 5492 3389 5578; x_wconf 47' lang='grc' dir='ltr'><strong>ᾁῇηεξινδν</strong></span> <span class='ocrx_word' id='word_1_937' title='bbox 3444 5492 3543 5562; x_wconf 60' lang='grc' dir='ltr'><strong>’1ης</strong></span> 
     </span>
    </p>
   </div>
   <div class='ocr_carea' id='block_1_131' title="bbox 1975 5512 3334 5643">
    <p class='ocr_par' dir='ltr' id='par_1_131' title="bbox 1975 5512 3334 5643">
     <span class='ocr_line' id='line_1_131' title="bbox 2044 5512 3334 5622; baseline -0.007 -69"><span class='ocrx_word' id='word_1_938' title='bbox 2044 5512 2091 5563; x_wconf 80' lang='grc'><strong>(1</strong></span> <span class='ocrx_word' id='word_1_939' title='bbox 2102 5512 2155 5622; x_wconf 37' lang='grc' dir='ltr'><strong>ᾖ)</strong></span> <span class='ocrx_word' id='word_1_940' title='bbox 2201 5512 2389 5566; x_wconf 68' lang='grc' dir='ltr'>Ἄγιον</span> <span class='ocrx_word' id='word_1_941' title='bbox 2416 5512 2595 5568; x_wconf 74' lang='grc' dir='ltr'><strong>τίμιον</strong></span> <span class='ocrx_word' id='word_1_942' title='bbox 2646 5514 2804 5576; x_wconf 57' lang='lat' dir='ltr'><strong>scopo.</strong></span> <span class='ocrx_word' id='word_1_943' title='bbox 2832 5513 2927 5576; x_wconf 60' lang='lat' dir='ltr'><strong>xat</strong></span> <span class='ocrx_word' id='word_1_944' title='bbox 2959 5512 3099 5578; x_wconf 60' lang='grc' dir='ltr'>αεμα</span> <span class='ocrx_word' id='word_1_945' title='bbox 3137 5512 3334 5564; x_wconf 60' lang='lat' dir='ltr'><strong>amour</strong></span> 
     </span>
     <span class='ocr_line' id='line_1_132' title="bbox 1975 5563 3334 5643; baseline -0.004 -20"><span class='ocrx_word' id='word_1_946' title='bbox 1975 5569 2067 5625; x_wconf 70' lang='grc' dir='ltr'>σῦῦ</span> <span class='ocrx_word' id='word_1_947' title='bbox 2154 5569 2336 5643; x_wconf 59' lang='lat' dir='ltr'><strong>piaret”:</strong></span> <span class='ocrx_word' id='word_1_948' title='bbox 2365 5569 2457 5623; x_wconf 74' lang='grc' dir='ltr'><strong>τοῦ</strong></span> <span class='ocrx_word' id='word_1_949' title='bbox 2491 5567 2617 5623; x_wconf 63' lang='lat' dir='ltr'><strong>Tini</strong></span> <span class='ocrx_word' id='word_1_950' title='bbox 2642 5585 2734 5622; x_wconf 81' lang='grc' dir='ltr'><strong>του</strong></span> <span class='ocrx_word' id='word_1_951' title='bbox 2762 5568 2895 5622; x_wconf 79' lang='grc' dir='ltr'>Θεου</span> <span class='ocrx_word' id='word_1_952' title='bbox 2917 5569 2949 5637; x_wconf 85' lang='grc' dir='ltr'>ὴ</span> <span class='ocrx_word' id='word_1_953' title='bbox 2960 5585 3095 5638; x_wconf 84' lang='grc' dir='ltr'><strong>μων.</strong></span> <span class='ocrx_word' id='word_1_954' title='bbox 3138 5563 3334 5637; x_wconf 79' lang='grc' dir='ltr'><strong>Ἀμήν.</strong></span> 
     </span>
    </p>
   </div>
  </div>
