4100 6276
259 221 366 280 701

980 415 1138 481 ρίου.

331 503 582 558 Δέσποτα
616 505 789 577 Κύριε
828 506 1002 577 Ἰησοῦ
1033 507 1252 578 Χριστὲ,
1286 510 1314 561 ὁ
1337 509 1468 573 Θεὸς
1503 510 1680 581 ἡμῶν,
1711 513 1740 564 ὁ
1768 510 1854 564 διὰ

253 597 361 668 τῆς
395 596 774 668 σωτηριώδους
807 599 1108 669 παρουσίας
1147 617 1237 653 σου
1279 601 1372 654 καί
1403 605 1501 673 τῆς
1533 602 1854 674 ἐλλάμψεως

255 687 356 742 τοῦ
397 690 670 757 παναγίου
699 706 790 742 σου
821 691 1138 761 Πνεύματος
1166 692 1508 756 καταξιώσας
1551 697 1696 764 ἡμᾶς
1728 697 1853 758 τοὺς

253 783 558 845 ταπεινοὺς
589 782 684 834 καὶ
713 783 1074 854 ἁμαρτωλοὺς
1103 785 1197 836 καὶ
1223 785 1479 850 ἀναξίους
1507 785 1729 851 δούλους
1759 805 1852 840 σου

257 873 614 945 παραστῆναι
648 873 726 944 τῷ
779 875 920 944 ἁγίῳ
959 892 1052 928 σου
1102 877 1494 948 θυσιαστηρίῳ,
1542 877 1634 929 καὶ
1678 893 1851 948 προσ-

257 965 454 1034 φέρειν
492 965 589 1018 καὶ
640 964 1001 1037 λειτουργεῖν,
1050 970 1164 1028 τοῖς
1213 967 1502 1038 ἁχράντοις
1535 967 1851 1039 μυστηρίοις

254 1057 364 1128 τῆς
407 1058 604 1127 καινῆς
631 1073 726 1110 σου
761 1057 1046 1128 διαθήκης.
1075 1060 1246 1122 Αὐτὸς
1277 1059 1526 1124 ζωοποιὲ,
1575 1059 1670 1112 καὶ
1718 1061 1854 1126 ἀγα.-

257 1149 374 1203 θῶν
411 1149 640 1222 χορηγὲ,
669 1150 894 1221 ποίησον
928 1149 1046 1221 μεθ’
1080 1153 1112 1222 ἠ
1123 1151 1239 1222 μῶν
1267 1154 1492 1222 σημεῖον
1522 1154 1601 1214 εἰς
1627 1151 1849 1218 ἀγαθὸν,

255 1242 352 1296 καὶ
390 1240 623 1306 ἀξίωσον
668 1243 816 1312 ἡμᾶς
859 1244 916 1294 ὲν
970 1241 1200 1314 καθαρῷ
1260 1243 1521 1297 συνειδότι
1559 1241 1851 1314 λατρεῦσαί

257 1346 346 1382 σοι
410 1330 591 1393 πάσας
651 1329 747 1393 τὰς
796 1329 1011 1402 ἡμέρας
1064 1330 1164 1401 τῆς
1215 1329 1362 1400 ζωῆς
1416 1329 1594 1401 ἡμῶν,
1651 1329 1746 1383 καὶ
1793 1329 1852 1381 ὲν

256 1421 520 1492 ἁγιασμῷ
578 1421 783 1492 ταύτην
825 1439 906 1475 σοι
953 1421 1052 1493 τὴν
1102 1421 1253 1474 θείαν
1305 1421 1695 1494 προσενέγκειν
1739 1420 1850 1473 λει-

1240 225 1566 283 ιιτυιιοιλ
1607 228 1666 284 5.
1705 226 2032 284 GBEGORII
2064 228 2587 288 ALEXANDRINA.

255 340 434 411 Εὑχὴ
458 340 613 411 μετὰ
645 340 758 410 τὴν
792 341 1145 416 ἑτοιμαοῇίαν
1171 346 1276 400 τοῦ
1316 347 1488 416 ἁγίου
1524 348 1852 414 θὐσιιιστη-
1881 351 1930 407 Α

3431 239 3537 296 702

2123 345 2308 400 Oratio
2337 357 2448 414 post
2481 346 2922 418 prwparatiancm
2957 347 3128 402 sancti
3153 347 3363 403 altaris.

2029 499 2353 555 Dominator
2381 501 2612 557 Domine
2631 499 2761 556 Jesu
2794 501 3014 558 Christe
3047 504 3189 560 Deus
3218 507 3535 577 noster,qni

1956 606 2052 660 per
2111 593 2406 647 salutarem
2457 594 2745 648 adventum
2780 604 2928 649 tuum
2981 606 3036 652 et
3087 597 3534 657 illuminationem

1956 685 2291 740 sanctissimi
2324 685 2564 754 Spiritus
2589 687 2662 741 tui
2696 687 2888 757 dignos
2918 687 3091 743 fecisti
3129 705 3228 746 nos
3261 690 3530 759 abiectos.

1955 785 2267 846 peccatores
2296 786 2352 831 et
2375 777 2624 848 indignos
2672 794 2859 833 servos
2919 786 3039 835 tuos
3086 783 3295 837 astandi
3347 792 3538 838 sancto

1958 869 2114 922 altari
2149 880 2261 934 tuo,
2291 880 2343 924 et
2366 868 2654 936 oﬂ‘erendi,
2687 871 3220 942 administrandique
3276 875 3533 945 mysteria

1955 958 2302 1014 immaculata
2358 961 2497 1019 novi
2562 961 2638 1014 tui
2695 962 3028 1016 testamenti.
3079 962 3198 1031 Ipse
3243 965 3334 1034 qui
3368 966 3532 1020 vitam

1953 1059 2197 1118 pnestas,
2227 1059 2279 1105 et
2302 1051 2440 1106 bona
2469 1052 2800 1122 suppeditas,
2853 1053 2938 1108 fac
2972 1054 3268 1116 {nobiscum
3322 1057 3532 1128 signum

1953 1139 2006 1192 in
2039 1138 2236 1194 bonum
2264 1150 2321 1194 et
2353 1150 2550 1210 praesta
2603 1141 2786 1206 nobis',
2842 1143 2980 1198 utin
3023 1159 3154 1213 pura
3203 1147 3534 1202 conscientia

1953 1230 2156 1284 cultum
2185 1233 2542 1288 exhibeamus
2574 1233 2667 1288 tibi
2695 1233 2946 1290 onmibus
2962 1234 3152 1291 diebus
3175 1237 3298 1292 vita:
3313 1247 3533 1305 nostrae,

1951 1330 2007 1376 et
2040 1339 2162 1378 cum
2194 1324 2486 1380 sanctitate
2515 1323 2757 1379 divinum
2813 1327 2916 1382 hoc
2980 1326 3073 1381 tibi
3117 1327 3408 1383 oﬂeramus
3435 1330 3536 1384 mi-

1955 1413 2344 1480 nisterium,in
2377 1415 2754 1471 remissionem
2813 1427 3160 1484 peccatorum
3211 1429 3266 1474 et
3315 1420 3368 1474 in
3403 1419 3538 1474 frui-

251 1514 542 1585 τουργίαν,
592 1517 674 1578 εἰς
722 1513 915 1580 ἄφεσιν
963 1513 1267 1586 ἁμαρτιῶν,
1301 1516 1396 1568 καὶ
1442 1517 1522 1579 εἰς
1553 1513 1851 1568 ἀπόλαυσιν

1957 1507 2152 1561 tionem
2179 1505 2373 1561 futura:
2399 1507 2771 1563 beatitudinis.
2808 1507 3101 1573 Memento,
3141 1509 3320 1576 bone,
3375 1510 3540 1566 bene-

253 1605 359 1676 τῆς
397 1604 700 1676 μελλούσης
737 1604 1158 1676 μακαριότητος.
1196 1604 1502 1675 Μνήσθητι,
1537 1603 1727 1672 ἀγαθὲ,
1763 1605 1852 1656 εὖ·

1957 1596 2076 1664 iice,
2109 1614 2200 1654 rex
2224 1599 2546 1655 saeculorum
2573 1609 2629 1655 et
2680 1609 2952 1656 creaturae
2985 1602 3166 1657 omnis
3214 1602 3420 1673 opifex,
3445 1620 3540 1659 eu-

255 1698 500 1768 εργέτα,
555 1695 779 1766 βασιλεῦ
849 1696 958 1750 τῶν
1028 1697 1262 1761 αἰώνων,
1311 1697 1404 1750 καὶ
1460 1696 1558 1768 τῆς
1621 1695 1850 1760 κτίσεως

1957 1703 2070 1742 rum
2105 1691 2196 1758 qui
2226 1690 2560 1757 obtulerunt,
2581 1700 2635 1747 et
2657 1707 2753 1761 pro
2782 1692 2980 1762 quibus
3010 1693 3323 1750 obtulerunt
3352 1711 3368 1749 :
3405 1711 3538 1752 nos-

256 1788 483 1858 ἁπάσης
522 1787 844 1858 δημιουργὲ,
875 1789 984 1842 τῶν
1016 1787 1519 1860 προσενεγκάντων,
1546 1787 1641 1841 καὶ
1677 1786 1744 1840 δι’
1770 1778 1848 1840 ὧν

1957 1793 2058 1848 que
2122 1780 2470 1838 indemnatos
2501 1797 2768 1839 conserva
2793 1783 2848 1838 in
2872 1787 3290 1842 consecratione
3324 1787 3537 1842 divino-

257 1881 652 1952 προσήγαγον·
691 1881 784 1933 καὶ
815 1881 962 1952 ἡμᾶς
1001 1879 1402 1952 ἀκατακρίτους
1439 1879 1762 1948 διαφύλαξον
1790 1879 1850 1931 ἐν

253 1977 324 2046 τῇ
371 1973 653 2047 ἱερουργίᾳ
689 1973 797 2027 τῶν
823 1973 982 2028 θείων
1009 1992 1102 2028 σου
1136 1976 1478 2046 μυστηρίωνο
1508 1975 1590 2028 ὅτι
1619 1974 1852 2046 ηὐλόγη-

251 2082 373 2132 ται,
405 2067 502 2120 καὶ
530 2067 810 2138 ἡγίασται,
839 2067 934 2120 καὶ
973 2067 1304 2134 δεδόξασται,
1345 2067 1406 2122 τὺ
1454 2067 1723 2138 πάντιμον
1755 2067 1850 2120 καί

255 2159 686 2231 μεγαλοπρεπὲς
733 2158 889 2228 ἆγιον
918 2158 1093 2230 ὄνομά
1133 2177 1249 2226 σου,
1302 2160 1442 2231 μετὰ
1492 2158 1587 2214 τοῦ
1640 2158 1876 2230 Πατρδς-

250 2255 356 2309 καὶ
388 2251 486 2306 τοῦ
517 2253 673 2322 ἁγίου
715 2252 1031 2322 Πνεύματος
1059 2252 1174 2318 νῦν,
1205 2253 1317 2306 καί.

583 2343 754 2414 Εῠχὴ
792 2343 900 2398 τοῦ
929 2346 1102 2415 ἁγίου
1137 2345 1530 2415 Εὐαγγελίου.

835 2441 1044 2512 Εἰρήνη
1086 2441 1273 2495 πᾶσιν.

331 2532 585 2587 Δέσποτα
635 2532 808 2606 Κύριε
851 2531 1028 2604 Ἰησοῦ
1085 2532 1288 2604 Χριστὲ
1331 2533 1361 2586 ό
1416 2530 1548 2596 Θεὸς
1594 2529 1772 2602 ἡμῶν,
1823 2531 1850 2584 ό

246 2626 378 2690 τοῖς
409 2625 586 2694 ἁγίοις
631 2640 726 2678 σου
768 2623 1038 2696 μαθηταῖς
1073 2624 1166 2678 καὶ
1205 2625 1371 2696 ἱεροῖς
1403 2640 1496 2676 σου
1536 2623 1851 2688 ἀποστόλοις

250 2715 458 2782 εἰπὼν,
498 2718 582 2771 ὅτι
626 2716 846 2771 πολλοὶ
889 2714 1188 2785 προφῆται
1233 2713 1332 2769 καὶ
1375 2713 1593 2769 δίκαιοι
1637 2715 1851 2770 ἐπεθύ-

247 2826 472 2882 μησαν
527 2808 675 2863 ἰδεῖν
729 2807 768 2864 ἃ
818 2808 1110 2874 βλέπετε,
1170 2805 1267 2860 καί
1323 2807 1434 2860 οὐκ
1493 2802 1658 2860 εἶδον
1680 2822 1694 2836 ·
1754 2805 1852 2860 καὶ

249 2903 524 2960 ἀκοῦσαι
557 2903 597 2957 d
633 2903 902 2967 ἀκούετε,
937 2901 1036 2956 καὶ
1068 2901 1178 2955 οὐκ
1206 2898 1516 2968 ἤκουσαν
1546 2897 1714 2968 ὑμῶν
1741 2899 1852 2969 γὰρ

248 2993 540 3068 μακάριοι
564 2999 619 3050 οἰ
663 2995 956 3065 ὀφθαλμοί
991 2993 1082 3048 ὅτι
1123 2991 1453 3058 βλέπουσι,
1492 2992 1590 3046 καὶ
1624 2994 1698 3046 τὰ
1733 2988 1854 3047 ὦτα

248 3086 454 3157 ὑμῶν,
493 3087 583 3142 ὅτι
635 3087 860 3142 ἀκούει.
912 3085 1024 3140 Καὶ
1069 3084 1539 3155 καταξιωθείημεν
1589 3082 1714 3155 ἄρτι
1756 3083 1850 3136 τοῦ

252 3179 499 3234 ἀκοῦσαι
538 3181 634 3234 καὶ
684 3179 907 3250 ποιῆσαι
947 3177 1018 3233 τὰ
1062 3177 1197 3248 ἅγιά
1230 3194 1324 3231 σου
1373 3176 1702 3246 Εὑαγγέλια,
1734 3179 1851 3241 ταῖς

249 3273 440 3336 λιταῖς
466 3269 574 3325 τῶν
605 3271 764 3342 ἱερῶν
795 3287 912 3323 σου.

336 3365 728 3435 Μνημόνευσον
755 3358 869 3429 οὖν,
913 3363 1179 3426 Δέσποτα,
1217 3361 1315 3416 καὶ
1341 3360 1460 3425 νῦν,
1495 3361 1714 3414 πάντων
1744 3359 1854 3413 τῶν

254 3455 662 3526 ἐντειλαμένων
696 3457 828 3527 ἡμῖν
871 3454 1146 3520 ἀναξίοις,
1199 3451 1296 3507 τοῦ
1348 3451 1706 3524 μνημονρύειν
1753 3451 1854 3506 αὺ-

255 3548 376 3620 τῶν
419 3549 498 3612 εἰς
535 3546 636 3611 τὰς
672 3549 885 3619 δεήσεις
920 3547 1216 3619 ἡμετέρας,
1246 3548 1340 3601 καὶ
1369 3546 1467 3610 τὰς
1499 3547 1764 3617 αἰτήσεις,
1789 3543 1862 3610 ἃς.

258 3639 674 3712 ἀναϐισὰςομέν
711 3657 816 3706 σοι,
857 3639 1030 3712 Κύριε
1058 3641 1086 3692 ὁ
1117 3639 1250 3703 Θεὸς
1288 3639 1466 3710 ἡμῶν.
1497 3638 1635 3700 Τοὺς
1665 3649 1858 3708 προτε-

257 3730 682 3802 τελευτηκότας,
712 3729 1027 3784 ἀνάπαυσον
1059 3726 1254 3792 αὐτούς
1274 3743 1288 3757 ·
1335 3727 1660 3797 κάμνοντας,
1687 3725 1859 3795 ερρω-

265 3839 364 3877 σον
393 3819 592 3883 αὐτούς
615 3837 629 3850 ’
674 3820 738 3873 σὺ
772 3819 881 3891 γὰρ
918 3814 969 3870 εἰ
995 3815 1109 3890 ζωὴ
1141 3817 1299 3889 ἡμῶν
1342 3817 1581 3880 πάντων,
1627 3815 1722 3868 καὶ
1753 3815 1859 3866 σω-

261 3913 437 3988 τηρία
483 3912 640 3984 ἡμῶν
673 3909 920 3967 πάντωψ
966 3915 1060 3967 καὶ
1093 3911 1248 3974 ἐλπὶς
1289 3909 1447 3982 ἡμῶν
1488 3908 1726 3972 πάντων,
1761 3908 1859 3961 καὶ

267 4007 414 4070 ῐασις
477 4005 635 4076 ἡμῶν
687 4004 925 4070 πάντων,
959 4006 1054 4059 καὶ
1085 4005 1380 4066 ἀνάστασις
1417 3999 1592 4054 οἰκεία
1637 4000 1857 4054 πάντων

261 4097 458 4170 ἡμῶν*
498 4097 597 4150 καὶ
649 4095 732 4150 σοὶ
781 4098 878 4168 τὴν
929 4095 1106 4162 δόξαν,
1139 4095 1325 4166 τιμὴν,
1356 4093 1450 4147 καὶ
1487 4091 1858 4164 προσκύνησιν

263 4190 690 4260 ἁναπέμπομεν,
723 4190 816 4244 σὺν
843 4187 922 4260 τῷ
955 4185 1354 4258 παντοκράτορί
1409 4202 1526 4248 σου,
1565 4183 1660 4236 καὶ
1717 4201 1856 4237 παν-

263 4280 513 4352 τεπόπτῃ
545 4280 754 4335 τεκόντι
787 4282 881 4334 καὶ
919 4279 996 4351 τῷ
1036 4278 1285 4350 παναγίῳ
1315 4277 1410 4331 καὶ
1442 4273 1734 4346 ζωαρχικῷ
1766 4275 1859 4329 καὶ

264 4372 542 4444 ὁμοουσίῳ
572 4389 666 4425 σου
705 4371 1004 4442 Πνεύματι,
1030 4370 1125 4426 νῦν
1163 4371 1256 4425 καὶ
1290 4369 1395 4424 ἀεί.

621 4463 790 4535 Εὐχὴ
832 4464 936 4518 τοῦ
965 4462 1513 4535 καταπετάσματος.

339 4559 534 4622 Οὐδεὶς
574 4557 724 4623 ἄξιος
777 4557 884 4610 τῶν
943 4557 1342 4628 συνδεδεμένων
1390 4562 1511 4624 ταῖς
1571 4562 1862 4632 σαρκικοῖς

268 4651 596 4723 ἐπιθυμίαις
635 4650 729 4704 καὶ
760 4649 974 4720 ἡδοναῖς
1031 4648 1454 4721 προσέρχεσθαι,
1491 4649 1523 4721 ἢ
1568 4650 1862 4722 προσεγγί-

269 4747 406 4812 ζειν,
442 4745 475 4817 ἢ
508 4745 846 4817 λειτουργεῖν
877 4761 981 4808 σοι,
1017 4742 1246 4796 Βασιλεῖ)
1288 4745 1385 4816 τῆς
1421 4744 1600 4818 δόξης.
1635 4746 1708 4799 Τὸ
1753 4745 1860 4817 γὰρ

268 4839 543 4891 διακονεῖν
589 4853 694 4902 σοι,
754 4835 896 4906 μέγα
948 4834 1044 4887 καὶ
1078 4833 1329 4906 φοϐερὸν,
1374 4835 1468 4888 καὶ
1516 4837 1706 4899 αὐταῖς
1741 4821 1862 4898 ταῖς

270 4925 628 4999 ἑπουρανίαις
679 4925 973 4996 δυνάμεσιν
1034 4926 1351 4996 ἀπρόσιτον.
1392 4925 1530 4979 Ἀλλ’
1576 4928 1726 5000 ὅμως
1775 4927 1863 4980 διὰ

271 5021 370 5094 τὴν
413 5019 622 5090 ἄφατον
660 5018 754 5071 καὶ
799 5017 1035 5089 ἁμετρόν
1082 5034 1174 5070 σου
1224 5017 1656 5090 φιλανθρωπίαν.
1702 5019 1864 5090 ἀτρέ-

275 5129 448 5176 πτως,
479 5112 576 5165 καὶ
621 5109 920 5174 ἁναλλοίως
948 5109 1179 5179 γέγονας
1213 5109 1518 5183 ἄνθρωπος,
1554 5110 1645 5164 καί
1680 5111 1864 5183 ἀρχιε-

384 5273 405 5302 ²
440 5271 633 5325 Matth.
661 5286 783 5334 xm,
827 5268 913 5334 i7,
950 5267 1039 5322 16.

354 5429 470 5503 (t9)
510 5427 618 5503 Ista
641 5428 820 5503 oratio
848 5441 952 5481 non
977 5434 1061 5482 est
1089 5425 1208 5481 loco
1231 5440 1330 5481 suo
1373 5423 1572 5493 posita,
1603 5438 1726 5503 cum
1753 5440 1856 5479 non

283 5496 498 5557 dicatur
521 5497 892 5567 Evangelium,
937 5507 1064 5552 ante
1096 5511 1217 5552 eam
1269 5512 1390 5567 qua:
1419 5511 1540 5549 mox
1571 5496 1854 5567 sequitur:

285 5586 462 5640 neque
492 5566 776 5625 intermitti
835 5567 992 5640 solet,
1022 5575 1081 5622 ut
1135 5566 1679 5640 comn’temorationes
1703 5566 1854 5640 (iant.

283 5638 470 5712 Itaque
498 5641 733 5712 secunda
762 5639 916 5712 istius
948 5653 1073 5712 pars
1102 5639 1167 5693 ad
1207 5639 1432 5710 primam
1471 5650 1574 5693 non
1601 5638 1850 5708 pertinet,

285 5725 338 5769 et
369 5709 439 5769 ab
472 5727 534 5768 ea
563 5720 651 5769 est
677 5709 1052 5781 distinguenda

1952 1887 2071 1927 rum
2102 1874 2494 1944 mysteriorum
2526 1893 2539 1929 :
2569 1875 2826 1945 quoniam
2855 1875 3206 1932 benedictum
3247 1887 3352 1945 est,
3409 1893 3538 1934 san-

1949 1964 2245 2021 ctitlcatum
2282 1976 2338 2022 et
2365 1967 2752 2038 gloriﬁcatum,
2785 1968 3240 2038 gloriosissimum
3265 2009 3282 2035 ,
3335 1978 3391 2026 et
3420 1985 3536 2025 ma-

1951 2057 2205 2127 gniﬁcum
2233 2071 2484 2115 sanctum
2548 2075 2746 2114 nomen
2777 2070 2951 2129 tuum,
2984 2061 3257 2133 simulque
3285 2060 3462 2119 Patris
3483 2069 3540 2118 et

1951 2147 2130 2202 sancti
2169 2147 2434 2218 Spiritus,
2470 2162 2638 2215 nunc,
2678 2158 2787 2204 etc.
3294 2159 3300 2164 ’

2318 2347 2502 2405 Oratio
2535 2350 2707 2404 sancti
2739 2348 3019 2420 Evangelii
3045 2348 3188 2422 (19,.

2538 2439 2650 2496 Pax
2677 2441 2955 2499 omnibus.

2026 2531 2339 2588 Dominator
2359 2531 2587 2590 Domine
2613 2535 2738 2591 Jesu
2765 2534 2982 2592 Christe
3021 2533 3162 2588 Deus
3196 2539 3380 2588 noster
3398 2572 3414 2597 ,
3442 2529 3537 2600 qui

1958 2625 2165 2680 sanctis
2195 2626 2303 2680 tuis
2331 2626 2614 2694 discipulis
2638 2638 2692 2684 et
2738 2627 2913 2683 sacris
2965 2623 3230 2694 apostolis
3263 2625 3372 2680 tuis
3400 2624 3540 2679 dixi-
3613 2679 3616 2682 .

1954 2720 2047 2785 sti,
2082 2719 2338 2789 quoniam
2377 2719 2529 2774 multi
2583 2710 2852 2791 propheta:
2901 2728 2952 2774 et
2991 2719 3130 2784 justi
3171 2719 3446 2788 cupierunt
3471 2719 3542 2772 vi-

1953 2811 2074 2864 dere
2095 2827 2211 2880 qua:
2233 2810 2461 2878 uidistis,
2498 2821 2546 2865 et
2612 2829 2714 2866 non
2758 2811 3041 2866 viderunt:
3105 2821 3154 2865 et
3201 2810 3387 2864 audire
3424 2825 3541 2881 qtae

1954 2902 2170 2966 auditis,
2201 2912 2249 2956 et
2296 2919 2396 2956 non
2419 2904 2700 2956 audierunt
2727 2918 2747 2957 :
2798 2903 2956 2958 vestri
2996 2912 3172 2956 autem
3235 2902 3375 2956 beati
3416 2910 3538 2956 sunt

1957 2991 2117 3060 oculi,
2148 2993 2273 3063 quia
2299 2993 2497 3055 uident,
2538 3002 2585 3045 et
2619 3009 2772 3047 aures
2816 3003 3021 3057 vestrm,
3061 2992 3186 3062 quia
3243 2991 3462 3045 audiunt
3494 2993 3537 3045 '.

1958 3085 2114 3156 Digni
2179 3099 2396 3154 qucque
2449 3081 2772 3149 eﬂlciamur,
2829 3098 2972 3138 nunc
3027 3083 3215 3136 audire
3274 3083 3540 3137 etfacere

1956 3184 2143 3232 sancta
2174 3185 2261 3230 tua
2289 3173 2613 3247 Evangelia,
2665 3190 2762 3243 per
2789 3175 3199 3232 obsecrationes
3227 3182 3539 3230 sanctorum

1960 3277 2114 3323 lUOl'll
2124 3284 2199 3322 111.

2027 3341 2296 3414 Memento
2319 3358 2484 3430 igitur
2511 3357 2673 3414 etiam
2707 3372 2875 3426 nunc,
2907 3357 3157 3420 Domine.
3181 3355 3423 3412 omnium
3447 3369 3544 3411 eo-

1957 3470 2076 3509 rum
2109 3454 2199 3524 qui
2229 3453 2385 3508 nobis
2420 3452 2658 3522 indignis
2683 3461 3080 3522 praeceperunt,
3115 3459 3174 3505 ut
3206 3465 3394 3506 eorum
3421 3465 3538 3505 me-

1957 3546 2187 3604 moriam
2224 3545 2547 3601 haberemus
2581 3545 2722 3598 inter
2747 3542 3173 3612 supplicationes
3197 3552 3252 3596 et
3286 3541 3542 3596 obsecra-

1959 3639 2156 3704 tiones,
2187 3651 2322 3706 quas
2356 3634 2450 3689 tibi
2508 3633 2809 3698 oilerimus,
2856 3631 3079 3686 Domine
3150 3629 3289 3686 Deus
3334 3638 3539 3686 noster.

1959 3729 2059 3802 Qui
2088 3728 2296 3800 pridem
2326 3727 2598 3792 obierunt,
2623 3723 2730 3778 illis
2761 3723 3002 3793 requiem
3045 3731 3238 3792 praesta
3267 3743 3280 3778 :
3311 3730 3544 3792 aegrotos

1959 3837 2122 3886 sana;
2153 3829 2203 3875 tu
2228 3820 2371 3875 enim
2389 3833 2447 3874 es
2479 3819 2584 3872 vita
2615 3815 2860 3872 omnium
2903 3824 3168 3880 nostrum,
3201 3812 3378 3880 salus,
3398 3826 3544 3883 spes,

1959 3913 2171 3969 medela
2200 3921 2256 3966 et
2286 3909 2616 3966 resurrectio
2649 3907 2866 3979 propria
2897 3906 3139 3962 omnium
3193 3914 3457 3969 nostrum,
3488 3911 3546 3958 et

1961 4003 2055 4057 tibi
2086 4001 2338 4072 gloriam,
2371 4000 2635 4054 honorem
2661 4006 2716 4052 et
2741 3996 3115 4052 adorationem
3137 4009 3350 4051 sursum
3375 3993 3545 4047 mitti-

1960 4109 2101 4157 mus,
2127 4109 2250 4148 cum
2286 4092 2660 4160 omnipotente
2707 4097 2764 4143 et
2817 4087 2998 4142 omnia
3035 4087 3252 4143 vidente
3286 4085 3545 4142 Genitore

1963 4193 2078 4250 tuo,
2113 4195 2166 4237 et
2191 4181 2556 4244 sanctissimo,
2579 4180 2811 4248 vitaeque
2854 4187 3079 4232 auctore
3113 4178 3378 4249 principe,
3414 4176 3542 4230 tibi-

1960 4290 2067 4345 que
2119 4270 2573 4327 consubstantiali
2631 4279 2724 4324 tuo
2791 4265 3043 4338 Spiritu,
3107 4284 3251 4324 nunc
3301 4277 3358 4325 et
3402 4282 3545 4323 sem-

1889 4390 1936 4446 ι)
1965 4382 2082 4440 per,
2115 4376 2223 4421 etc.

2517 4452 2709 4508 Oratio
2745 4452 2840 4507 veli
2864 4450 2997 4525 (20).

2033 4549 2224 4608 Nullus
2249 4550 2445 4620 dignus
2476 4557 2562 4603 est
2587 4559 2776 4601 eorum
2803 4545 2894 4614 qui
2953 4541 3143 4614 illigati
3187 4550 3315 4598 sunt
3347 4557 3545 4598 carna-

1959 4644 2104 4700 libus
2152 4642 2438 4698 desideriis
2487 4649 2542 4695 et
2569 4637 2964 4707 voluptatibus,
3001 4637 3263 4689 accedere
3309 4645 3402 4688 aut
3439 4636 3545 4688 mi-

1962 4738 2244 4792 nisterium
2269 4736 2531 4790 exhibere
2569 4731 2814 4798 tibi,llex
2851 4729 3056 4800 gloriae.
3082 4727 3215 4781 Nam
3233 4728 3547 4784 ministrare

1963 4829 2078 4895 tibi,
2112 4844 2366 4896 magnum
2402 4837 2482 4882 est
2506 4837 2559 4882 et
2595 4824 2917 4888 timendum,
2956 4822 3198 4891 ipsisque
3229 4820 3546 4876 cmicstibus

1962 4921 2324 4992 potestatibus
2356 4919 2700 4989 impervium.
2760 4916 3014 4970 Attamen
3066 4928 3160 4982 per
3197 4913 3545 4981 inexplicabi-

1963 5014 2066 5069 lem
2100 5025 2153 5068 et
2186 5016 2507 5068 immensam
2557 5013 2946 5080 benignitatem
3001 5016 3146 5060 tuam
3210 5021 3337 5075 erga
3372 5008 3548 5061 homi-

1964 5123 2082 5174 nes,
2112 5107 2320 5178 absque
2372 5105 2731 5162 conversione
2785 5112 2873 5155 aut
2907 5098 3226 5167 mutatione,
3273 5097 3450 5155 factus
3488 5113 3548 5152 cs

2042 5423 2154 5495 (20)
2202 5422 2424 5495 Diversa
2449 5420 2632 5495 estab
2654 5435 2714 5474 ea
2752 5432 2912 5495 quam
2947 5417 3206 5495 Copticus
3239 5416 3406 5495 codex
3439 5413 3544 5470 ha-

1967 5486 2060 5548 bet
2089 5510 2103 5545 :
2133 5486 2196 5546 de
2223 5509 2326 5560 qua
2361 5493 2602 5546 videndae
2637 5486 2856 5545 notaiad
2883 5486 3248 5560 ltuttclucuut.
3267 5486 3540 5560 Istavero,

1968 5563 2157 5627 Οὐδεὶς
2183 5556 2352 5629 ἄξιος,
2387 5563 2586 5632 legitur
2617 5563 2668 5616 in
2702 5559 2942 5632 Liturgia
2978 5559 3172 5614 Graeca
3207 5556 3408 5632 Basilii,
3445 5557 3544 5612 sed

1966 5636 2090 5688 dum
2135 5627 2346 5706 canitur
2397 5627 2632 5706 hinnitus
2667 5630 3008 5699 cbcrubicus,
3077 5638 3136 5685 ut
3196 5627 3440 5686 etiamin
3472 5640 3540 5685 ea

1964 5705 2332 5777 Cltrysostt"“i
