  <div class='ocr_page' id='page_1' title='image "/cluster/home/n/w/nwhite01/storage/ocr_20150623/36/hvd.32044024464877/377.png"; bbox 0 0 4100 6276; ppageno 0'>
   <div class='ocr_carea' id='block_1_1' title="bbox 542 244 650 301">
    <p class='ocr_par' dir='ltr' id='par_1_1' title="bbox 542 244 650 301">
     <span class='ocr_line' id='line_1_1' title="bbox 542 244 650 301; baseline -0.019 0"><span class='ocrx_word' id='word_1_1' title='bbox 542 244 650 301; x_wconf 79' lang='lat'><strong>703</strong></span> 
     </span>
    </p>
   </div>
   <div class='ocr_carea' id='block_1_2' title="bbox 1497 236 2854 298">
    <p class='ocr_par' dir='ltr' id='par_1_2' title="bbox 1497 236 2854 298">
     <span class='ocr_line' id='line_1_2' title="bbox 1497 236 2854 298; baseline -0.002 -2"><span class='ocrx_word' id='word_1_2' title='bbox 1497 241 1830 298; x_wconf 68' lang='lat' dir='ltr'><strong>LITURGIA</strong></span> <span class='ocrx_word' id='word_1_3' title='bbox 1873 241 1931 297; x_wconf 88' lang='lat' dir='ltr'><strong>S.</strong></span> <span class='ocrx_word' id='word_1_4' title='bbox 1972 236 2302 297; x_wconf 77' lang='lat' dir='ltr'><strong>GREGORII</strong></span> <span class='ocrx_word' id='word_1_5' title='bbox 2340 236 2854 294; x_wconf 77' lang='lat' dir='ltr'><strong>ALEXANDRINA.</strong></span> 
     </span>
    </p>
   </div>
   <div class='ocr_carea' id='block_1_3' title="bbox 3686 235 3792 289">
    <p class='ocr_par' dir='ltr' id='par_1_3' title="bbox 3686 235 3792 289">
     <span class='ocr_line' id='line_1_3' title="bbox 3686 235 3792 289; baseline 0 -1"><span class='ocrx_word' id='word_1_6' title='bbox 3686 235 3792 289; x_wconf 64' lang='lat'><strong>706</strong></span> 
     </span>
    </p>
   </div>
   <div class='ocr_carea' id='block_1_4' title="bbox 545 352 2121 429">
    <p class='ocr_par' dir='ltr' id='par_1_4' title="bbox 545 355 2116 429">
     <span class='ocr_line' id='line_1_4' title="bbox 545 355 2116 429; baseline -0.001 -15"><span class='ocrx_word' id='word_1_7' title='bbox 545 359 730 423; x_wconf 88' lang='lat' dir='ltr'><strong>homo,</strong></span> <span class='ocrx_word' id='word_1_8' title='bbox 757 355 1117 426; x_wconf 78' lang='lat' dir='ltr'><strong>Pontifexque</strong></span> <span class='ocrx_word' id='word_1_9' title='bbox 1145 355 1303 411; x_wconf 87' lang='lat' dir='ltr'><strong>nobis</strong></span> <span class='ocrx_word' id='word_1_10' title='bbox 1330 357 1636 426; x_wconf 87' lang='lat' dir='ltr'><strong>designatus</strong></span> <span class='ocrx_word' id='word_1_11' title='bbox 1661 373 1741 423; x_wconf 90' lang='lat' dir='ltr'><strong>es,</strong></span> <span class='ocrx_word' id='word_1_12' title='bbox 1776 357 2116 429; x_wconf 80' lang='lat' dir='ltr'><strong>liturgicique</strong></span> 
     </span>
    </p>
   </div>
   <div class='ocr_carea' id='block_1_5' title="bbox 2224 352 3795 429">
    <p class='ocr_par' dir='ltr' id='par_1_5' title="bbox 2224 352 3795 428">
     <span class='ocr_line' id='line_1_5' title="bbox 2224 352 3795 428; baseline -0.004 -18"><span class='ocrx_word' id='word_1_13' title='bbox 2224 358 2346 428; x_wconf 78' lang='grc' dir='ltr'>ρεὺς</span> <span class='ocrx_word' id='word_1_14' title='bbox 2380 357 2511 427; x_wconf 82' lang='grc' dir='ltr'>ἡμῖν</span> <span class='ocrx_word' id='word_1_15' title='bbox 2541 355 2936 427; x_wconf 74' lang='grc' dir='ltr'>ἐχρημάτισας,</span> <span class='ocrx_word' id='word_1_16' title='bbox 2972 354 3067 408; x_wconf 75' lang='grc' dir='ltr'><strong>καὶ</strong></span> <span class='ocrx_word' id='word_1_17' title='bbox 3110 352 3211 425; x_wconf 83' lang='grc' dir='ltr'><strong>τῆς</strong></span> <span class='ocrx_word' id='word_1_18' title='bbox 3249 352 3624 425; x_wconf 78' lang='grc' dir='ltr'>λειτουργικῆς</span> <span class='ocrx_word' id='word_1_19' title='bbox 3658 352 3795 406; x_wconf 75' lang='grc' dir='ltr'><strong>ταύ-</strong></span> 
     </span>
    </p>
   </div>
   <div class='ocr_carea' id='block_1_6' title="bbox 550 448 2116 517">
    <p class='ocr_par' dir='ltr' id='par_1_6' title="bbox 550 448 2116 517">
     <span class='ocr_line' id='line_1_6' title="bbox 550 448 2116 517; baseline 0.001 -14"><span class='ocrx_word' id='word_1_20' title='bbox 550 448 712 517; x_wconf 83' lang='lat' dir='ltr'><strong>hujus</strong></span> <span class='ocrx_word' id='word_1_21' title='bbox 765 455 819 502; x_wconf 87' lang='lat' dir='ltr'><strong>et</strong></span> <span class='ocrx_word' id='word_1_22' title='bbox 871 448 1138 501; x_wconf 88' lang='lat' dir='ltr'><strong>incruenti</strong></span> <span class='ocrx_word' id='word_1_23' title='bbox 1182 449 1433 503; x_wconf 76' lang='lat' dir='ltr'><strong>sacrificii</strong></span> <span class='ocrx_word' id='word_1_24' title='bbox 1484 449 1900 505; x_wconf 76' lang='lat' dir='ltr'><strong>celebrationem</strong></span> <span class='ocrx_word' id='word_1_25' title='bbox 1949 452 2116 505; x_wconf 44' lang='lat' dir='ltr'><strong>tradi-</strong></span> 
     </span>
    </p>
   </div>
   <div class='ocr_carea' id='block_1_7' title="bbox 547 540 2113 608">
    <p class='ocr_par' dir='ltr' id='par_1_7' title="bbox 547 540 2113 608">
     <span class='ocr_line' id='line_1_7' title="bbox 547 540 2113 608; baseline 0.001 -14"><span class='ocrx_word' id='word_1_26' title='bbox 547 540 873 603; x_wconf 86' lang='lat' dir='ltr'><strong>distinobis,</strong></span> <span class='ocrx_word' id='word_1_27' title='bbox 927 550 1177 608; x_wconf 86' lang='lat' dir='ltr'><strong>tanquam</strong></span> <span class='ocrx_word' id='word_1_28' title='bbox 1232 541 1471 594; x_wconf 90' lang='lat' dir='ltr'><strong>omnium</strong></span> <span class='ocrx_word' id='word_1_29' title='bbox 1519 540 1797 595; x_wconf 85' lang='lat' dir='ltr'><strong>Dominus.</strong></span> <span class='ocrx_word' id='word_1_30' title='bbox 1849 540 1927 594; x_wconf 84' lang='lat' dir='ltr'><strong>Tu</strong></span> <span class='ocrx_word' id='word_1_31' title='bbox 1968 543 2113 595; x_wconf 91' lang='lat' dir='ltr'><strong>enim</strong></span> 
     </span>
    </p>
   </div>
   <div class='ocr_carea' id='block_1_8' title="bbox 549 630 2112 702">
    <p class='ocr_par' dir='ltr' id='par_1_8' title="bbox 549 630 2112 702">
     <span class='ocr_line' id='line_1_8' title="bbox 549 630 2112 702; baseline 0.001 -17"><span class='ocrx_word' id='word_1_32' title='bbox 549 631 850 686; x_wconf 88' lang='lat' dir='ltr'><strong>dominaris</strong></span> <span class='ocrx_word' id='word_1_33' title='bbox 880 632 933 685; x_wconf 91' lang='lat' dir='ltr'><strong>in</strong></span> <span class='ocrx_word' id='word_1_34' title='bbox 967 630 1303 695; x_wconf 67' lang='lat' dir='ltr'><strong>cmlestibus,</strong></span> <span class='ocrx_word' id='word_1_35' title='bbox 1346 632 1576 686; x_wconf 89' lang='lat' dir='ltr'><strong>terrenis</strong></span> <span class='ocrx_word' id='word_1_36' title='bbox 1630 642 1685 686; x_wconf 91' lang='lat' dir='ltr'><strong>et</strong></span> <span class='ocrx_word' id='word_1_37' title='bbox 1719 633 1946 687; x_wconf 81' lang='lat' dir='ltr'><strong>infernis</strong></span> <span class='ocrx_word' id='word_1_38' title='bbox 1974 651 1988 686; x_wconf 87' lang='lat'><strong>:</strong></span> <span class='ocrx_word' id='word_1_39' title='bbox 2022 634 2112 702; x_wconf 87' lang='lat' dir='ltr'><strong>qui</strong></span> 
     </span>
    </p>
   </div>
   <div class='ocr_carea' id='block_1_9' title="bbox 547 723 2113 791">
    <p class='ocr_par' dir='ltr' id='par_1_9' title="bbox 547 723 2113 791">
     <span class='ocr_line' id='line_1_9' title="bbox 547 723 2113 791; baseline 0 -14"><span class='ocrx_word' id='word_1_40' title='bbox 547 738 713 791; x_wconf 85' lang='lat' dir='ltr'><strong>super</strong></span> <span class='ocrx_word' id='word_1_41' title='bbox 737 724 987 776; x_wconf 93' lang='lat' dir='ltr'><strong>thronum</strong></span> <span class='ocrx_word' id='word_1_42' title='bbox 1015 723 1363 778; x_wconf 89' lang='lat' dir='ltr'><strong>cherubicum</strong></span> <span class='ocrx_word' id='word_1_43' title='bbox 1400 725 1640 789; x_wconf 88' lang='lat' dir='ltr'><strong>veheris;</strong></span> <span class='ocrx_word' id='word_1_44' title='bbox 1681 724 1939 779; x_wconf 86' lang='lat' dir='ltr'><strong>Dominus</strong></span> <span class='ocrx_word' id='word_1_45' title='bbox 1962 738 2113 778; x_wconf 91' lang='lat' dir='ltr'><strong>sera-</strong></span> 
     </span>
    </p>
   </div>
   <div class='ocr_carea' id='block_1_10' title="bbox 551 810 2114 881">
    <p class='ocr_par' dir='ltr' id='par_1_10' title="bbox 551 810 2114 881">
     <span class='ocr_line' id='line_1_10' title="bbox 551 810 2114 881; baseline 0.001 -15"><span class='ocrx_word' id='word_1_46' title='bbox 551 812 721 881; x_wconf 90' lang='lat' dir='ltr'><strong>phim,</strong></span> <span class='ocrx_word' id='word_1_47' title='bbox 769 822 822 866; x_wconf 89' lang='lat' dir='ltr'><strong>et</strong></span> <span class='ocrx_word' id='word_1_48' title='bbox 880 810 993 866; x_wconf 79' lang='lat' dir='ltr'><strong>Rex</strong></span> <span class='ocrx_word' id='word_1_49' title='bbox 1032 812 1231 868; x_wconf 88' lang='lat' dir='ltr'><strong>lsrael:</strong></span> <span class='ocrx_word' id='word_1_50' title='bbox 1287 813 1434 868; x_wconf 87' lang='lat' dir='ltr'><strong>solus</strong></span> <span class='ocrx_word' id='word_1_51' title='bbox 1472 824 1711 879; x_wconf 84' lang='lat' dir='ltr'><strong>sanctus,</strong></span> <span class='ocrx_word' id='word_1_52' title='bbox 1738 824 1793 868; x_wconf 88' lang='lat' dir='ltr'><strong>et</strong></span> <span class='ocrx_word' id='word_1_53' title='bbox 1829 816 1880 868; x_wconf 93' lang='lat' dir='ltr'><strong>in</strong></span> <span class='ocrx_word' id='word_1_54' title='bbox 1912 814 2114 867; x_wconf 79' lang='lat' dir='ltr'><strong>sanctis</strong></span> 
     </span>
    </p>
   </div>
   <div class='ocr_carea' id='block_1_11' title="bbox 550 902 2109 972">
    <p class='ocr_par' dir='ltr' id='par_1_11' title="bbox 550 902 2109 972">
     <span class='ocr_line' id='line_1_11' title="bbox 550 902 2109 972; baseline 0.001 -16"><span class='ocrx_word' id='word_1_55' title='bbox 550 903 917 971; x_wconf 87' lang='lat' dir='ltr'><strong>requiescens.</strong></span> <span class='ocrx_word' id='word_1_56' title='bbox 934 902 1007 957; x_wconf 87' lang='lat' dir='ltr'><strong>&#39;l‘e</strong></span> <span class='ocrx_word' id='word_1_57' title='bbox 1038 902 1197 972; x_wconf 81' lang='lat' dir='ltr'><strong>igitur</strong></span> <span class='ocrx_word' id='word_1_58' title='bbox 1219 904 1662 971; x_wconf 83' lang='lat' dir='ltr'><strong>deprecorsolutu</strong></span> <span class='ocrx_word' id='word_1_59' title='bbox 1696 906 1888 958; x_wconf 91' lang='lat' dir='ltr'><strong>bonum</strong></span> <span class='ocrx_word' id='word_1_60' title='bbox 1921 902 2109 966; x_wconf 90' lang='lat' dir='ltr'><strong>Deum,</strong></span> 
     </span>
    </p>
   </div>
   <div class='ocr_carea' id='block_1_12' title="bbox 545 990 2113 1065">
    <p class='ocr_par' dir='ltr' id='par_1_12' title="bbox 545 990 2113 1065">
     <span class='ocr_line' id='line_1_12' title="bbox 545 990 2113 1065; baseline 0.003 -19"><span class='ocrx_word' id='word_1_61' title='bbox 545 990 873 1063; x_wconf 79' lang='lat' dir='ltr'><strong>facilemque</strong></span> <span class='ocrx_word' id='word_1_62' title='bbox 898 997 963 1048; x_wconf 90' lang='lat' dir='ltr'><strong>ad</strong></span> <span class='ocrx_word' id='word_1_63' title='bbox 988 994 1310 1049; x_wconf 88' lang='lat' dir='ltr'><strong>audiendum</strong></span> <span class='ocrx_word' id='word_1_64' title='bbox 1334 1012 1348 1047; x_wconf 87' lang='lat'><strong>:</strong></span> <span class='ocrx_word' id='word_1_65' title='bbox 1384 998 1592 1064; x_wconf 83' lang='lat' dir='ltr'><strong>respice</strong></span> <span class='ocrx_word' id='word_1_66' title='bbox 1626 1010 1785 1065; x_wconf 85' lang='lat' dir='ltr'><strong>super</strong></span> <span class='ocrx_word' id='word_1_67' title='bbox 1803 1010 1888 1049; x_wconf 92' lang='lat' dir='ltr'><strong>me</strong></span> <span class='ocrx_word' id='word_1_68' title='bbox 1916 1010 2113 1064; x_wconf 84' lang='lat' dir='ltr'><strong>pecca-</strong></span> 
     </span>
    </p>
   </div>
   <div class='ocr_carea' id='block_1_13' title="bbox 546 1085 2114 1146">
    <p class='ocr_par' dir='ltr' id='par_1_13' title="bbox 546 1085 2114 1146">
     <span class='ocr_line' id='line_1_13' title="bbox 546 1085 2114 1146; baseline 0.001 -7"><span class='ocrx_word' id='word_1_69' title='bbox 546 1094 718 1139; x_wconf 90' lang='lat' dir='ltr'><strong>torem</strong></span> <span class='ocrx_word' id='word_1_70' title='bbox 748 1095 802 1138; x_wconf 91' lang='lat' dir='ltr'><strong>et</strong></span> <span class='ocrx_word' id='word_1_71' title='bbox 831 1085 1073 1139; x_wconf 87' lang='lat' dir='ltr'><strong>inutilem</strong></span> <span class='ocrx_word' id='word_1_72' title='bbox 1106 1100 1321 1141; x_wconf 85' lang='lat' dir='ltr'><strong>servum</strong></span> <span class='ocrx_word' id='word_1_73' title='bbox 1354 1095 1524 1146; x_wconf 84' lang='lat' dir='ltr'><strong>tuum.</strong></span> <span class='ocrx_word' id='word_1_74' title='bbox 1557 1096 1610 1141; x_wconf 87' lang='lat' dir='ltr'><strong>et</strong></span> <span class='ocrx_word' id='word_1_75' title='bbox 1639 1087 1890 1140; x_wconf 89' lang='lat' dir='ltr'><strong>idoneum</strong></span> <span class='ocrx_word' id='word_1_76' title='bbox 1924 1101 2008 1140; x_wconf 91' lang='lat' dir='ltr'><strong>me</strong></span> <span class='ocrx_word' id='word_1_77' title='bbox 2029 1086 2114 1141; x_wconf 83' lang='lat' dir='ltr'><strong>fac</strong></span> 
     </span>
    </p>
   </div>
   <div class='ocr_carea' id='block_1_14' title="bbox 545 1177 2114 1248">
    <p class='ocr_par' dir='ltr' id='par_1_14' title="bbox 545 1177 2114 1248">
     <span class='ocr_line' id='line_1_14' title="bbox 545 1177 2114 1248; baseline 0.001 -18"><span class='ocrx_word' id='word_1_78' title='bbox 545 1177 635 1246; x_wconf 90' lang='lat' dir='ltr'><strong>qui</strong></span> <span class='ocrx_word' id='word_1_79' title='bbox 670 1177 866 1233; x_wconf 88' lang='lat' dir='ltr'><strong>virtute</strong></span> <span class='ocrx_word' id='word_1_80' title='bbox 897 1178 1133 1247; x_wconf 77' lang='lat' dir='ltr'><strong>Spiritus</strong></span> <span class='ocrx_word' id='word_1_81' title='bbox 1169 1179 1343 1233; x_wconf 90' lang='lat' dir='ltr'><strong>sancti</strong></span> <span class='ocrx_word' id='word_1_82' title='bbox 1376 1179 1603 1248; x_wconf 88' lang='lat' dir='ltr'><strong>gratiam</strong></span> <span class='ocrx_word' id='word_1_83' title='bbox 1631 1179 1920 1233; x_wconf 73' lang='lat' dir='ltr'><strong>sacerdotii</strong></span> <span class='ocrx_word' id='word_1_84' title='bbox 1959 1179 2114 1232; x_wconf 87' lang='lat' dir='ltr'><strong>indu-</strong></span> 
     </span>
    </p>
   </div>
   <div class='ocr_carea' id='block_1_15' title="bbox 548 1270 2113 1335">
    <p class='ocr_par' dir='ltr' id='par_1_15' title="bbox 548 1270 2113 1335">
     <span class='ocr_line' id='line_1_15' title="bbox 548 1270 2113 1335; baseline 0.003 -14"><span class='ocrx_word' id='word_1_85' title='bbox 548 1277 634 1324; x_wconf 88' lang='lat' dir='ltr'><strong>tus</strong></span> <span class='ocrx_word' id='word_1_86' title='bbox 663 1284 805 1334; x_wconf 74' lang='lat' dir='ltr'><strong>suun,</strong></span> <span class='ocrx_word' id='word_1_87' title='bbox 836 1271 1044 1325; x_wconf 87' lang='lat' dir='ltr'><strong>astaudi</strong></span> <span class='ocrx_word' id='word_1_88' title='bbox 1078 1279 1281 1326; x_wconf 61' lang='lat' dir='ltr'><strong>sanctae</strong></span> <span class='ocrx_word' id='word_1_89' title='bbox 1307 1280 1409 1325; x_wconf 74' lang='lat' dir='ltr'><strong>tua:</strong></span> <span class='ocrx_word' id='word_1_90' title='bbox 1440 1270 1563 1325; x_wconf 83' lang='lat' dir='ltr'><strong>huic</strong></span> <span class='ocrx_word' id='word_1_91' title='bbox 1593 1286 1809 1335; x_wconf 74' lang='lat' dir='ltr'><strong>mensae,</strong></span> <span class='ocrx_word' id='word_1_92' title='bbox 1844 1280 1897 1325; x_wconf 91' lang='lat' dir='ltr'><strong>et</strong></span> <span class='ocrx_word' id='word_1_93' title='bbox 1930 1285 2113 1325; x_wconf 88' lang='lat' dir='ltr'><strong>consc-</strong></span> 
     </span>
    </p>
   </div>
   <div class='ocr_carea' id='block_1_16' title="bbox 546 1360 2112 1430">
    <p class='ocr_par' dir='ltr' id='par_1_16' title="bbox 546 1360 2112 1430">
     <span class='ocr_line' id='line_1_16' title="bbox 546 1360 2112 1430; baseline 0.001 -18"><span class='ocrx_word' id='word_1_94' title='bbox 546 1360 732 1414; x_wconf 89' lang='lat' dir='ltr'><strong>craudi</strong></span> <span class='ocrx_word' id='word_1_95' title='bbox 768 1360 1170 1415; x_wconf 86' lang='lat' dir='ltr'><strong>immaculatum</strong></span> <span class='ocrx_word' id='word_1_96' title='bbox 1207 1376 1403 1430; x_wconf 83' lang='lat' dir='ltr'><strong>corpus</strong></span> <span class='ocrx_word' id='word_1_97' title='bbox 1466 1369 1611 1413; x_wconf 92' lang='lat' dir='ltr'><strong>tuum</strong></span> <span class='ocrx_word' id='word_1_98' title='bbox 1635 1400 1652 1426; x_wconf 91' lang='lat'><strong>,</strong></span> <span class='ocrx_word' id='word_1_99' title='bbox 1710 1362 2112 1430; x_wconf 88' lang='lat' dir='ltr'><strong>pretiosumque</strong></span> 
     </span>
    </p>
   </div>
   <div class='ocr_carea' id='block_1_17' title="bbox 546 1451 2114 1517">
    <p class='ocr_par' dir='ltr' id='par_1_17' title="bbox 546 1451 2114 1517">
     <span class='ocr_line' id='line_1_17' title="bbox 546 1451 2114 1517; baseline 0.002 -15"><span class='ocrx_word' id='word_1_100' title='bbox 546 1451 860 1517; x_wconf 90' lang='lat' dir='ltr'><strong>sanguinem</strong></span> <span class='ocrx_word' id='word_1_101' title='bbox 891 1461 1057 1505; x_wconf 91' lang='lat' dir='ltr'><strong>tuum.</strong></span> <span class='ocrx_word' id='word_1_102' title='bbox 1087 1451 1171 1505; x_wconf 82' lang='lat' dir='ltr'><strong>Ad</strong></span> <span class='ocrx_word' id='word_1_103' title='bbox 1207 1461 1258 1506; x_wconf 92' lang='lat' dir='ltr'><strong>te</strong></span> <span class='ocrx_word' id='word_1_104' title='bbox 1290 1452 1432 1505; x_wconf 92' lang='lat' dir='ltr'><strong>enim</strong></span> <span class='ocrx_word' id='word_1_105' title='bbox 1466 1452 1665 1506; x_wconf 83' lang='lat' dir='ltr'><strong>accedo</strong></span> <span class='ocrx_word' id='word_1_106' title='bbox 1698 1452 1964 1507; x_wconf 89' lang='lat' dir='ltr'><strong>inclinans</strong></span> <span class='ocrx_word' id='word_1_107' title='bbox 1994 1468 2114 1507; x_wconf 88' lang='lat' dir='ltr'><strong>cer-</strong></span> 
     </span>
    </p>
   </div>
   <div class='ocr_carea' id='block_1_18' title="bbox 551 1543 2109 1612">
    <p class='ocr_par' dir='ltr' id='par_1_18' title="bbox 551 1543 2109 1612">
     <span class='ocr_line' id='line_1_18' title="bbox 551 1543 2109 1612; baseline 0.003 -19"><span class='ocrx_word' id='word_1_108' title='bbox 551 1543 722 1596; x_wconf 83' lang='lat' dir='ltr'><strong>vicem</strong></span> <span class='ocrx_word' id='word_1_109' title='bbox 757 1555 951 1606; x_wconf 87' lang='lat' dir='ltr'><strong>meam,</strong></span> <span class='ocrx_word' id='word_1_110' title='bbox 986 1558 1282 1612; x_wconf 82' lang='lat' dir='ltr'><strong>precorque</strong></span> <span class='ocrx_word' id='word_1_111' title='bbox 1319 1552 1387 1607; x_wconf 86' lang='lat' dir='ltr'><strong>te,</strong></span> <span class='ocrx_word' id='word_1_112' title='bbox 1424 1557 1490 1597; x_wconf 89' lang='lat' dir='ltr'><strong>ne</strong></span> <span class='ocrx_word' id='word_1_113' title='bbox 1510 1552 1724 1597; x_wconf 76' lang='lat' dir='ltr'><strong>avertas</strong></span> <span class='ocrx_word' id='word_1_114' title='bbox 1749 1544 1938 1598; x_wconf 77' lang='lat' dir='ltr'><strong>faciem</strong></span> <span class='ocrx_word' id='word_1_115' title='bbox 1965 1553 2109 1598; x_wconf 91' lang='lat' dir='ltr'><strong>tuam</strong></span> 
     </span>
    </p>
   </div>
   <div class='ocr_carea' id='block_1_19' title="bbox 555 1632 2110 1703">
    <p class='ocr_par' dir='ltr' id='par_1_19' title="bbox 555 1632 2110 1703">
     <span class='ocr_line' id='line_1_19' title="bbox 555 1632 2110 1703; baseline 0.005 -22"><span class='ocrx_word' id='word_1_116' title='bbox 555 1645 583 1682; x_wconf 89' lang='lat' dir='ltr'><strong>a</strong></span> <span class='ocrx_word' id='word_1_117' title='bbox 621 1644 725 1696; x_wconf 92' lang='lat' dir='ltr'><strong>me,</strong></span> <span class='ocrx_word' id='word_1_118' title='bbox 760 1645 934 1700; x_wconf 90' lang='lat' dir='ltr'><strong>neque</strong></span> <span class='ocrx_word' id='word_1_119' title='bbox 961 1647 1044 1686; x_wconf 89' lang='lat' dir='ltr'><strong>me</strong></span> <span class='ocrx_word' id='word_1_120' title='bbox 1078 1632 1290 1698; x_wconf 89' lang='lat' dir='ltr'><strong>rejicias</strong></span> <span class='ocrx_word' id='word_1_121' title='bbox 1321 1646 1389 1686; x_wconf 82' lang='lat' dir='ltr'><strong>ex</strong></span> <span class='ocrx_word' id='word_1_122' title='bbox 1421 1648 1645 1687; x_wconf 90' lang='lat' dir='ltr'><strong>numero</strong></span> <span class='ocrx_word' id='word_1_123' title='bbox 1671 1648 1956 1703; x_wconf 90' lang='lat' dir='ltr'><strong>puerorum</strong></span> <span class='ocrx_word' id='word_1_124' title='bbox 1990 1643 2110 1689; x_wconf 86' lang='lat' dir='ltr'><strong>tuo-</strong></span> 
     </span>
    </p>
   </div>
   <div class='ocr_carea' id='block_1_20' title="bbox 547 1698 2186 1790">
    <p class='ocr_par' dir='ltr' id='par_1_20' title="bbox 547 1698 2186 1790">
     <span class='ocr_line' id='line_1_20' title="bbox 547 1698 2186 1790; baseline 0.004 -19"><span class='ocrx_word' id='word_1_125' title='bbox 547 1734 705 1774; x_wconf 88' lang='lat' dir='ltr'><strong>rum:</strong></span> <span class='ocrx_word' id='word_1_126' title='bbox 745 1698 1089 1790; x_wconf 24' lang='lat' dir='ltr'><strong>sed‘diguum</strong></span> <span class='ocrx_word' id='word_1_127' title='bbox 1126 1736 1211 1775; x_wconf 91' lang='lat' dir='ltr'><strong>me</strong></span> <span class='ocrx_word' id='word_1_128' title='bbox 1246 1721 1348 1785; x_wconf 83' lang='lat' dir='ltr'><strong>iac,</strong></span> <span class='ocrx_word' id='word_1_129' title='bbox 1398 1732 1457 1777; x_wconf 92' lang='lat' dir='ltr'><strong>ut</strong></span> <span class='ocrx_word' id='word_1_130' title='bbox 1495 1698 1792 1777; x_wconf 80' lang='lat' dir='ltr'><strong>oﬂ&#39;erautur</strong></span> <span class='ocrx_word' id='word_1_131' title='bbox 1841 1725 1934 1778; x_wconf 87' lang='lat' dir='ltr'><strong>tibi</strong></span> <span class='ocrx_word' id='word_1_132' title='bbox 1971 1726 2108 1779; x_wconf 87' lang='lat' dir='ltr'><strong>dona</strong></span> <span class='ocrx_word' id='word_1_133' title='bbox 2143 1698 2186 1756; x_wconf 69' lang='grc' dir='ltr'><strong>Β</strong></span> 
     </span>
    </p>
   </div>
   <div class='ocr_carea' id='block_1_21' title="bbox 547 1810 2112 1882">
    <p class='ocr_par' dir='ltr' id='par_1_21' title="bbox 547 1810 2112 1882">
     <span class='ocr_line' id='line_1_21' title="bbox 547 1810 2112 1882; baseline 0.003 -20"><span class='ocrx_word' id='word_1_134' title='bbox 547 1810 648 1864; x_wconf 86' lang='lat' dir='ltr'><strong>ista</strong></span> <span class='ocrx_word' id='word_1_135' title='bbox 680 1826 709 1864; x_wconf 90' lang='lat' dir='ltr'><strong>a</strong></span> <span class='ocrx_word' id='word_1_136' title='bbox 748 1826 832 1865; x_wconf 90' lang='lat' dir='ltr'><strong>me</strong></span> <span class='ocrx_word' id='word_1_137' title='bbox 859 1820 1145 1882; x_wconf 86' lang='lat' dir='ltr'><strong>peccatore</strong></span> <span class='ocrx_word' id='word_1_138' title='bbox 1169 1821 1224 1867; x_wconf 91' lang='lat' dir='ltr'><strong>et</strong></span> <span class='ocrx_word' id='word_1_139' title='bbox 1248 1812 1467 1882; x_wconf 89' lang='lat' dir='ltr'><strong>indigno</strong></span> <span class='ocrx_word' id='word_1_140' title='bbox 1496 1826 1655 1867; x_wconf 85' lang='lat' dir='ltr'><strong>servo</strong></span> <span class='ocrx_word' id='word_1_141' title='bbox 1691 1822 1801 1866; x_wconf 91' lang='lat' dir='ltr'><strong>tuo.</strong></span> <span class='ocrx_word' id='word_1_142' title='bbox 1862 1812 1940 1866; x_wconf 81' lang='lat' dir='ltr'><strong>&#39;l&#39;u</strong></span> <span class='ocrx_word' id='word_1_143' title='bbox 1970 1814 2112 1867; x_wconf 89' lang='lat' dir='ltr'><strong>enim</strong></span> 
     </span>
    </p>
   </div>
   <div class='ocr_carea' id='block_1_22' title="bbox 540 1900 2115 1974">
    <p class='ocr_par' dir='ltr' id='par_1_22' title="bbox 540 1900 2115 1974">
     <span class='ocr_line' id='line_1_22' title="bbox 540 1900 2115 1974; baseline 0.004 -21"><span class='ocrx_word' id='word_1_144' title='bbox 540 1913 604 1973; x_wconf 85' lang='lat' dir='ltr'><strong>es</strong></span> <span class='ocrx_word' id='word_1_145' title='bbox 636 1900 728 1968; x_wconf 88' lang='lat' dir='ltr'><strong>qui</strong></span> <span class='ocrx_word' id='word_1_146' title='bbox 790 1903 1099 1957; x_wconf 83' lang='lat' dir='ltr'><strong>sanctilicas</strong></span> <span class='ocrx_word' id='word_1_147' title='bbox 1150 1912 1205 1958; x_wconf 94' lang='lat' dir='ltr'><strong>et</strong></span> <span class='ocrx_word' id='word_1_148' title='bbox 1255 1905 1614 1960; x_wconf 84' lang='lat' dir='ltr'><strong>sanctiﬁcaris</strong></span> <span class='ocrx_word' id='word_1_149' title='bbox 1656 1923 1669 1960; x_wconf 91' lang='lat'><strong>:</strong></span> <span class='ocrx_word' id='word_1_150' title='bbox 1709 1905 1799 1974; x_wconf 91' lang='lat' dir='ltr'><strong>qui</strong></span> <span class='ocrx_word' id='word_1_151' title='bbox 1865 1903 2029 1959; x_wconf 74' lang='lat' dir='ltr'><strong>offers</strong></span> <span class='ocrx_word' id='word_1_152' title='bbox 2062 1914 2115 1960; x_wconf 91' lang='lat' dir='ltr'><strong>et</strong></span> 
     </span>
    </p>
   </div>
   <div class='ocr_carea' id='block_1_23' title="bbox 545 1988 2116 2065">
    <p class='ocr_par' dir='ltr' id='par_1_23' title="bbox 545 1988 2116 2065">
     <span class='ocr_line' id='line_1_23' title="bbox 545 1988 2116 2065; baseline 0.004 -22"><span class='ocrx_word' id='word_1_153' title='bbox 545 1988 758 2045; x_wconf 73' lang='lat' dir='ltr'><strong>oﬂerris</strong></span> <span class='ocrx_word' id='word_1_154' title='bbox 786 2009 799 2045; x_wconf 86' lang='lat'><strong>:</strong></span> <span class='ocrx_word' id='word_1_155' title='bbox 840 1993 930 2062; x_wconf 90' lang='lat' dir='ltr'><strong>qui</strong></span> <span class='ocrx_word' id='word_1_156' title='bbox 970 1994 1198 2064; x_wconf 86' lang='lat' dir='ltr'><strong>suscipis</strong></span> <span class='ocrx_word' id='word_1_157' title='bbox 1229 2003 1284 2048; x_wconf 93' lang='lat' dir='ltr'><strong>et</strong></span> <span class='ocrx_word' id='word_1_158' title='bbox 1313 1996 1607 2065; x_wconf 84' lang='lat' dir='ltr'><strong>susciperis</strong></span> <span class='ocrx_word' id='word_1_159' title='bbox 1639 2014 1651 2050; x_wconf 92' lang='lat'><strong>:</strong></span> <span class='ocrx_word' id='word_1_160' title='bbox 1694 1997 1786 2065; x_wconf 91' lang='lat' dir='ltr'><strong>qui</strong></span> <span class='ocrx_word' id='word_1_161' title='bbox 1818 1997 1915 2052; x_wconf 88' lang='lat' dir='ltr'><strong>das</strong></span> <span class='ocrx_word' id='word_1_162' title='bbox 1945 2006 1998 2052; x_wconf 91' lang='lat' dir='ltr'><strong>et</strong></span> <span class='ocrx_word' id='word_1_163' title='bbox 2021 1998 2116 2051; x_wconf 92' lang='lat' dir='ltr'><strong>da-</strong></span> 
     </span>
    </p>
   </div>
   <div class='ocr_carea' id='block_1_24' title="bbox 545 2083 2103 2155">
    <p class='ocr_par' dir='ltr' id='par_1_24' title="bbox 545 2083 2103 2155">
     <span class='ocr_line' id='line_1_24' title="bbox 545 2083 2103 2155; baseline 0.005 -19"><span class='ocrx_word' id='word_1_164' title='bbox 545 2083 647 2145; x_wconf 91' lang='lat' dir='ltr'><strong>ris,</strong></span> <span class='ocrx_word' id='word_1_165' title='bbox 676 2093 731 2138; x_wconf 92' lang='lat' dir='ltr'><strong>et</strong></span> <span class='ocrx_word' id='word_1_166' title='bbox 762 2084 857 2140; x_wconf 84' lang='lat' dir='ltr'><strong>tibi</strong></span> <span class='ocrx_word' id='word_1_167' title='bbox 888 2085 1114 2155; x_wconf 75' lang='lat' dir='ltr'><strong>gloriam</strong></span> <span class='ocrx_word' id='word_1_168' title='bbox 1149 2086 1436 2143; x_wconf 78' lang='lat' dir='ltr'><strong>referimus</strong></span> <span class='ocrx_word' id='word_1_169' title='bbox 1474 2103 1596 2144; x_wconf 89' lang='lat' dir='ltr'><strong>cum</strong></span> <span class='ocrx_word' id='word_1_170' title='bbox 1643 2087 1805 2143; x_wconf 85' lang='lat' dir='ltr'><strong>Patre</strong></span> <span class='ocrx_word' id='word_1_171' title='bbox 1832 2098 1887 2144; x_wconf 88' lang='lat' dir='ltr'><strong>et</strong></span> <span class='ocrx_word' id='word_1_172' title='bbox 1914 2099 2103 2145; x_wconf 89' lang='lat' dir='ltr'><strong>sancto</strong></span> 
     </span>
    </p>
   </div>
   <div class='ocr_carea' id='block_1_25' title="bbox 546 2172 772 2244">
    <p class='ocr_par' dir='ltr' id='par_1_25' title="bbox 546 2172 772 2244">
     <span class='ocr_line' id='line_1_25' title="bbox 546 2172 772 2244; baseline 0.018 -16"><span class='ocrx_word' id='word_1_173' title='bbox 546 2172 772 2244; x_wconf 84' lang='lat' dir='ltr'><strong>Spiritu.</strong></span> 
     </span>
    </p>
   </div>
   <div class='ocr_carea' id='block_1_26' title="bbox 809 2445 1902 2527">
    <p class='ocr_par' dir='ltr' id='par_1_26' title="bbox 809 2445 1902 2527">
     <span class='ocr_line' id='line_1_26' title="bbox 809 2445 1902 2527; baseline 0.01 -26"><span class='ocrx_word' id='word_1_174' title='bbox 809 2445 995 2502; x_wconf 79' lang='lat' dir='ltr'><strong>Oratio</strong></span> <span class='ocrx_word' id='word_1_175' title='bbox 1032 2449 1141 2502; x_wconf 86' lang='lat' dir='ltr'><strong>alia</strong></span> <span class='ocrx_word' id='word_1_176' title='bbox 1172 2451 1270 2505; x_wconf 74' lang='lat' dir='ltr'><strong>celi</strong></span> <span class='ocrx_word' id='word_1_177' title='bbox 1302 2453 1442 2521; x_wconf 83' lang='lat' dir='ltr'><strong>apud</strong></span> <span class='ocrx_word' id='word_1_178' title='bbox 1464 2452 1742 2523; x_wconf 49' lang='lat' dir='ltr'><strong>[Egyplios</strong></span> <span class='ocrx_word' id='word_1_179' title='bbox 1768 2456 1902 2527; x_wconf 71' lang='lat'><strong>(2|).</strong></span> 
     </span>
    </p>
   </div>
   <div class='ocr_carea' id='block_1_27' title="bbox 618 2539 2115 2619">
    <p class='ocr_par' dir='ltr' id='par_1_27' title="bbox 618 2539 2115 2619">
     <span class='ocr_line' id='line_1_27' title="bbox 618 2539 2115 2619; baseline 0.009 -27"><span class='ocrx_word' id='word_1_180' title='bbox 618 2539 840 2593; x_wconf 88' lang='lat' dir='ltr'><strong>Domine</strong></span> <span class='ocrx_word' id='word_1_181' title='bbox 870 2540 1009 2595; x_wconf 88' lang='lat' dir='ltr'><strong>Deus</strong></span> <span class='ocrx_word' id='word_1_182' title='bbox 1039 2552 1224 2597; x_wconf 83' lang='lat' dir='ltr'><strong>uoster</strong></span> <span class='ocrx_word' id='word_1_183' title='bbox 1278 2547 1641 2614; x_wconf 84' lang='lat' dir='ltr'><strong>omnipotens,</strong></span> <span class='ocrx_word' id='word_1_184' title='bbox 1695 2549 1784 2617; x_wconf 92' lang='lat' dir='ltr'><strong>qui</strong></span> <span class='ocrx_word' id='word_1_185' title='bbox 1834 2554 2115 2619; x_wconf 74' lang='lat' dir='ltr'><strong>cognoscis</strong></span> 
     </span>
    </p>
   </div>
   <div class='ocr_carea' id='block_1_28' title="bbox 547 2632 2118 2712">
    <p class='ocr_par' dir='ltr' id='par_1_28' title="bbox 547 2632 2118 2712">
     <span class='ocr_line' id='line_1_28' title="bbox 547 2632 2118 2712; baseline 0.008 -27"><span class='ocrx_word' id='word_1_186' title='bbox 547 2641 783 2685; x_wconf 83' lang='lat' dir='ltr'><strong>mentem</strong></span> <span class='ocrx_word' id='word_1_187' title='bbox 820 2632 1116 2697; x_wconf 82' lang='lat' dir='ltr'><strong>hominum,</strong></span> <span class='ocrx_word' id='word_1_188' title='bbox 1154 2647 1406 2693; x_wconf 87' lang='lat' dir='ltr'><strong>scrutans</strong></span> <span class='ocrx_word' id='word_1_189' title='bbox 1426 2639 1587 2694; x_wconf 87' lang='lat' dir='ltr'><strong>corda</strong></span> <span class='ocrx_word' id='word_1_190' title='bbox 1615 2652 1669 2695; x_wconf 89' lang='lat' dir='ltr'><strong>et</strong></span> <span class='ocrx_word' id='word_1_191' title='bbox 1694 2658 1851 2697; x_wconf 87' lang='lat' dir='ltr'><strong>renes</strong></span> <span class='ocrx_word' id='word_1_192' title='bbox 1876 2660 1889 2696; x_wconf 89' lang='lat'><strong>:</strong></span> <span class='ocrx_word' id='word_1_193' title='bbox 1917 2645 2004 2712; x_wconf 85' lang='lat' dir='ltr'><strong>qui</strong></span> <span class='ocrx_word' id='word_1_194' title='bbox 2033 2662 2118 2698; x_wconf 87' lang='lat' dir='ltr'><strong>me</strong></span> 
     </span>
    </p>
   </div>
   <div class='ocr_carea' id='block_1_29' title="bbox 550 2724 2119 2795">
    <p class='ocr_par' dir='ltr' id='par_1_29' title="bbox 550 2724 2119 2795">
     <span class='ocr_line' id='line_1_29' title="bbox 550 2724 2119 2795; baseline 0.01 -17"><span class='ocrx_word' id='word_1_195' title='bbox 550 2724 830 2795; x_wconf 81' lang='lat' dir='ltr'><strong>indignum</strong></span> <span class='ocrx_word' id='word_1_196' title='bbox 895 2728 1099 2781; x_wconf 82' lang='lat' dir='ltr'><strong>vocasti</strong></span> <span class='ocrx_word' id='word_1_197' title='bbox 1154 2729 1221 2783; x_wconf 92' lang='lat' dir='ltr'><strong>ad</strong></span> <span class='ocrx_word' id='word_1_198' title='bbox 1285 2731 1385 2784; x_wconf 91' lang='lat' dir='ltr'><strong>hoc</strong></span> <span class='ocrx_word' id='word_1_199' title='bbox 1448 2741 1595 2786; x_wconf 92' lang='lat' dir='ltr'><strong>tuum</strong></span> <span class='ocrx_word' id='word_1_200' title='bbox 1630 2749 1842 2788; x_wconf 90' lang='lat' dir='ltr'><strong>sacrum</strong></span> <span class='ocrx_word' id='word_1_201' title='bbox 1874 2737 2119 2793; x_wconf 89' lang='lat' dir='ltr'><strong>ministe-</strong></span> 
     </span>
    </p>
   </div>
   <div class='ocr_carea' id='block_1_30' title="bbox 555 2817 2116 2892">
    <p class='ocr_par' dir='ltr' id='par_1_30' title="bbox 555 2817 2116 2892">
     <span class='ocr_line' id='line_1_30' title="bbox 555 2817 2116 2892; baseline 0.009 -23"><span class='ocrx_word' id='word_1_202' title='bbox 555 2817 693 2870; x_wconf 91' lang='lat' dir='ltr'><strong>rium</strong></span> <span class='ocrx_word' id='word_1_203' title='bbox 722 2833 735 2882; x_wconf 92' lang='lat'><strong>;</strong></span> <span class='ocrx_word' id='word_1_204' title='bbox 764 2833 829 2871; x_wconf 91' lang='lat' dir='ltr'><strong>ne</strong></span> <span class='ocrx_word' id='word_1_205' title='bbox 857 2817 1067 2886; x_wconf 87' lang='lat' dir='ltr'><strong>rejicias</strong></span> <span class='ocrx_word' id='word_1_206' title='bbox 1098 2835 1204 2884; x_wconf 86' lang='lat' dir='ltr'><strong>me,</strong></span> <span class='ocrx_word' id='word_1_207' title='bbox 1245 2838 1416 2892; x_wconf 88' lang='lat' dir='ltr'><strong>neque</strong></span> <span class='ocrx_word' id='word_1_208' title='bbox 1442 2833 1657 2880; x_wconf 78' lang='lat' dir='ltr'><strong>avertas</strong></span> <span class='ocrx_word' id='word_1_209' title='bbox 1693 2825 1883 2881; x_wconf 78' lang='lat' dir='ltr'><strong>faciem</strong></span> <span class='ocrx_word' id='word_1_210' title='bbox 1913 2837 2056 2882; x_wconf 88' lang='lat' dir='ltr'><strong>tuam</strong></span> <span class='ocrx_word' id='word_1_211' title='bbox 2087 2845 2116 2883; x_wconf 89' lang='lat' dir='ltr'><strong>a</strong></span> 
     </span>
    </p>
   </div>
   <div class='ocr_carea' id='block_1_31' title="bbox 552 2896 2120 2983">
    <p class='ocr_par' dir='ltr' id='par_1_31' title="bbox 552 2896 2120 2983">
     <span class='ocr_line' id='line_1_31' title="bbox 552 2896 2120 2983; baseline 0.01 -22"><span class='ocrx_word' id='word_1_212' title='bbox 552 2924 668 2963; x_wconf 90' lang='lat' dir='ltr'><strong>me:</strong></span> <span class='ocrx_word' id='word_1_213' title='bbox 695 2910 786 2965; x_wconf 88' lang='lat' dir='ltr'><strong>sed</strong></span> <span class='ocrx_word' id='word_1_214' title='bbox 818 2896 934 2965; x_wconf 83' lang='lat' dir='ltr'><strong>dele</strong></span> <span class='ocrx_word' id='word_1_215' title='bbox 963 2913 1142 2966; x_wconf 89' lang='lat' dir='ltr'><strong>omnia</strong></span> <span class='ocrx_word' id='word_1_216' title='bbox 1193 2928 1307 2967; x_wconf 89' lang='lat' dir='ltr'><strong>mea</strong></span> <span class='ocrx_word' id='word_1_217' title='bbox 1373 2925 1589 2983; x_wconf 81' lang='lat' dir='ltr'><strong>peccata</strong></span> <span class='ocrx_word' id='word_1_218' title='bbox 1613 2956 1628 2979; x_wconf 86' lang='lat'><strong>,</strong></span> <span class='ocrx_word' id='word_1_219' title='bbox 1665 2927 1718 2971; x_wconf 86' lang='lat' dir='ltr'><strong>ct</strong></span> <span class='ocrx_word' id='word_1_220' title='bbox 1749 2919 1907 2974; x_wconf 83' lang='lat' dir='ltr'><strong>ablue</strong></span> <span class='ocrx_word' id='word_1_221' title='bbox 1933 2922 2120 2976; x_wconf 87' lang='lat' dir='ltr'><strong>sordes</strong></span> 
     </span>
    </p>
   </div>
   <div class='ocr_carea' id='block_1_32' title="bbox 2214 444 3794 518">
    <p class='ocr_par' dir='ltr' id='par_1_32' title="bbox 2214 444 3794 518">
     <span class='ocr_line' id='line_1_32' title="bbox 2214 444 3794 518; baseline -0.004 -17"><span class='ocrx_word' id='word_1_222' title='bbox 2214 466 2313 518; x_wconf 84' lang='grc' dir='ltr'><strong>της</strong></span> <span class='ocrx_word' id='word_1_223' title='bbox 2366 449 2461 503; x_wconf 75' lang='grc' dir='ltr'>καὶ</span> <span class='ocrx_word' id='word_1_224' title='bbox 2512 447 2849 517; x_wconf 89' lang='grc' dir='ltr'>ἁναιμὰκτου</span> <span class='ocrx_word' id='word_1_225' title='bbox 2903 445 3092 508; x_wconf 77' lang='grc' dir='ltr'>θυσίας</span> <span class='ocrx_word' id='word_1_226' title='bbox 3127 445 3225 515; x_wconf 74' lang='grc' dir='ltr'><strong>τὴν</strong></span> <span class='ocrx_word' id='word_1_227' title='bbox 3281 444 3586 515; x_wconf 76' lang='grc' dir='ltr'>ἱερουργίαν</span> <span class='ocrx_word' id='word_1_228' title='bbox 3648 461 3794 514; x_wconf 88' lang='grc' dir='ltr'>παρ-</span> 
     </span>
    </p>
   </div>
   <div class='ocr_carea' id='block_1_33' title="bbox 2216 537 3794 611">
    <p class='ocr_par' dir='ltr' id='par_1_33' title="bbox 2216 537 3794 611">
     <span class='ocr_line' id='line_1_33' title="bbox 2216 537 3794 611; baseline -0.003 -18"><span class='ocrx_word' id='word_1_229' title='bbox 2216 541 2422 598; x_wconf 81' lang='grc' dir='ltr'>έδωκας</span> <span class='ocrx_word' id='word_1_230' title='bbox 2466 541 2623 610; x_wconf 79' lang='grc' dir='ltr'>ἡμῖν,</span> <span class='ocrx_word' id='word_1_231' title='bbox 2668 538 2744 602; x_wconf 88' lang='grc' dir='ltr'><strong>ὼς</strong></span> <span class='ocrx_word' id='word_1_232' title='bbox 2776 538 3053 609; x_wconf 78' lang='grc' dir='ltr'><strong>Δεσπότης</strong></span> <span class='ocrx_word' id='word_1_233' title='bbox 3088 537 3198 590; x_wconf 78' lang='grc' dir='ltr'>τῶν</span> <span class='ocrx_word' id='word_1_234' title='bbox 3250 538 3523 591; x_wconf 82' lang='grc' dir='ltr'>ἁπάντων.</span> <span class='ocrx_word' id='word_1_235' title='bbox 3558 538 3631 590; x_wconf 79' lang='grc' dir='ltr'><strong>Σὺ</strong></span> <span class='ocrx_word' id='word_1_236' title='bbox 3679 538 3794 611; x_wconf 88' lang='grc' dir='ltr'><strong>γάρ</strong></span> 
     </span>
    </p>
   </div>
   <div class='ocr_carea' id='block_1_34' title="bbox 2218 628 3793 702">
    <p class='ocr_par' dir='ltr' id='par_1_34' title="bbox 2218 628 3793 702">
     <span class='ocr_line' id='line_1_34' title="bbox 2218 628 3793 702; baseline -0.001 -18"><span class='ocrx_word' id='word_1_237' title='bbox 2218 628 2333 702; x_wconf 77' lang='grc' dir='ltr'><strong>(εἶ)”</strong></span> <span class='ocrx_word' id='word_1_238' title='bbox 2376 630 2658 694; x_wconf 75' lang='grc' dir='ltr'>δεσπόζεις</span> <span class='ocrx_word' id='word_1_239' title='bbox 2701 629 2810 682; x_wconf 83' lang='grc' dir='ltr'>τῶν</span> <span class='ocrx_word' id='word_1_240' title='bbox 2842 630 3197 701; x_wconf 78' lang='grc' dir='ltr'>ἐπουρανίων,</span> <span class='ocrx_word' id='word_1_241' title='bbox 3244 629 3338 682; x_wconf 76' lang='grc' dir='ltr'><strong>καὶ</strong></span> <span class='ocrx_word' id='word_1_242' title='bbox 3390 628 3646 697; x_wconf 78' lang='grc' dir='ltr'><strong>ἐπιγείων</strong></span> <span class='ocrx_word' id='word_1_243' title='bbox 3694 629 3793 683; x_wconf 78' lang='grc' dir='ltr'>καὶ</span> 
     </span>
    </p>
   </div>
   <div class='ocr_carea' id='block_1_35' title="bbox 2213 720 3793 793">
    <p class='ocr_par' dir='ltr' id='par_1_35' title="bbox 2213 720 3793 793">
     <span class='ocr_line' id='line_1_35' title="bbox 2213 720 3793 793; baseline -0.001 -18"><span class='ocrx_word' id='word_1_244' title='bbox 2213 723 2321 777; x_wconf 84' lang='grc' dir='ltr'>τῶν</span> <span class='ocrx_word' id='word_1_245' title='bbox 2356 721 2726 792; x_wconf 80' lang='grc' dir='ltr'><strong>καταχθονίων</strong></span> <span class='ocrx_word' id='word_1_246' title='bbox 2749 738 2762 750; x_wconf 91' lang='grc'><strong>·</strong></span> <span class='ocrx_word' id='word_1_247' title='bbox 2789 723 2817 775; x_wconf 99' lang='lat'><strong>6</strong></span> <span class='ocrx_word' id='word_1_248' title='bbox 2849 722 2941 775; x_wconf 68' lang='grc' dir='ltr'>ἐπὶ</span> <span class='ocrx_word' id='word_1_249' title='bbox 2990 720 3178 790; x_wconf 83' lang='grc' dir='ltr'>θρόνου</span> <span class='ocrx_word' id='word_1_250' title='bbox 3210 721 3528 793; x_wconf 84' lang='grc' dir='ltr'>χερουὸικοῦ</span> <span class='ocrx_word' id='word_1_251' title='bbox 3559 720 3793 791; x_wconf 71' lang='grc' dir='ltr'><strong>ἐποχού-</strong></span> 
     </span>
    </p>
   </div>
   <div class='ocr_carea' id='block_1_36' title="bbox 2218 811 3791 885">
    <p class='ocr_par' dir='ltr' id='par_1_36' title="bbox 2218 811 3791 885">
     <span class='ocr_line' id='line_1_36' title="bbox 2218 811 3791 885; baseline -0.001 -18"><span class='ocrx_word' id='word_1_252' title='bbox 2218 831 2405 885; x_wconf 82' lang='grc' dir='ltr'>μενος’</span> <span class='ocrx_word' id='word_1_253' title='bbox 2443 816 2473 867; x_wconf 95' lang='lat'><strong>6</strong></span> <span class='ocrx_word' id='word_1_254' title='bbox 2517 813 2624 867; x_wconf 86' lang='grc' dir='ltr'><strong>τῶν</strong></span> <span class='ocrx_word' id='word_1_255' title='bbox 2674 813 2917 885; x_wconf 76' lang='grc' dir='ltr'>σεραφὶμ</span> <span class='ocrx_word' id='word_1_256' title='bbox 2966 811 3202 884; x_wconf 85' lang='grc' dir='ltr'>Κύριος,</span> <span class='ocrx_word' id='word_1_257' title='bbox 3253 813 3347 866; x_wconf 73' lang='grc' dir='ltr'><strong>καὶ</strong></span> <span class='ocrx_word' id='word_1_258' title='bbox 3387 812 3647 875; x_wconf 77' lang='grc' dir='ltr'>Βασιλεὺς</span> <span class='ocrx_word' id='word_1_259' title='bbox 3692 811 3791 866; x_wconf 73' lang='grc' dir='ltr'>τοῦ</span> 
     </span>
    </p>
   </div>
   <div class='ocr_carea' id='block_1_37' title="bbox 2225 906 3793 979">
    <p class='ocr_par' dir='ltr' id='par_1_37' title="bbox 2225 906 3793 979">
     <span class='ocr_line' id='line_1_37' title="bbox 2225 906 3793 979; baseline -0.003 -18"><span class='ocrx_word' id='word_1_260' title='bbox 2225 908 2472 979; x_wconf 87' lang='grc' dir='ltr'>Ἰσραήλ·</span> <span class='ocrx_word' id='word_1_261' title='bbox 2511 909 2539 960; x_wconf 96' lang='lat'><strong>6</strong></span> <span class='ocrx_word' id='word_1_262' title='bbox 2590 908 2747 978; x_wconf 83' lang='grc' dir='ltr'>μόνος</span> <span class='ocrx_word' id='word_1_263' title='bbox 2783 907 2959 975; x_wconf 78' lang='grc' dir='ltr'>ἅγιος,</span> <span class='ocrx_word' id='word_1_264' title='bbox 3008 908 3101 959; x_wconf 77' lang='grc' dir='ltr'><strong>καὶ</strong></span> <span class='ocrx_word' id='word_1_265' title='bbox 3133 908 3189 960; x_wconf 83' lang='grc' dir='ltr'><strong>ὲν</strong></span> <span class='ocrx_word' id='word_1_266' title='bbox 3226 906 3401 974; x_wconf 80' lang='grc' dir='ltr'><strong>ἁγίοις</strong></span> <span class='ocrx_word' id='word_1_267' title='bbox 3433 906 3793 975; x_wconf 82' lang='grc' dir='ltr'>ἀναπαυόμε-</span> 
     </span>
    </p>
   </div>
   <div class='ocr_carea' id='block_1_38' title="bbox 2215 994 3795 1067">
    <p class='ocr_par' dir='ltr' id='par_1_38' title="bbox 2215 994 3795 1067">
     <span class='ocr_line' id='line_1_38' title="bbox 2215 994 3795 1067; baseline -0.004 -15"><span class='ocrx_word' id='word_1_268' title='bbox 2215 1016 2324 1063; x_wconf 90' lang='grc' dir='ltr'>νος.</span> <span class='ocrx_word' id='word_1_269' title='bbox 2362 998 2430 1051; x_wconf 85' lang='grc' dir='ltr'><strong>Σὲ</strong></span> <span class='ocrx_word' id='word_1_270' title='bbox 2473 999 2651 1051; x_wconf 89' lang='grc' dir='ltr'>τοίνυν</span> <span class='ocrx_word' id='word_1_271' title='bbox 2685 996 2918 1051; x_wconf 82' lang='grc' dir='ltr'><strong>δυσωπῶ</strong></span> <span class='ocrx_word' id='word_1_272' title='bbox 2959 997 3052 1051; x_wconf 81' lang='grc' dir='ltr'>τὸν</span> <span class='ocrx_word' id='word_1_273' title='bbox 3097 998 3255 1067; x_wconf 87' lang='grc' dir='ltr'>μόνον</span> <span class='ocrx_word' id='word_1_274' title='bbox 3291 996 3513 1064; x_wconf 80' lang='grc' dir='ltr'>ἀγαθὸν.</span> <span class='ocrx_word' id='word_1_275' title='bbox 3555 996 3648 1048; x_wconf 72' lang='grc' dir='ltr'><strong>κα)⁵</strong></span> <span class='ocrx_word' id='word_1_276' title='bbox 3698 994 3795 1047; x_wconf 75' lang='grc' dir='ltr'><strong>εὐ-</strong></span> 
     </span>
    </p>
   </div>
   <div class='ocr_carea' id='block_1_39' title="bbox 2214 1085 3793 1162">
    <p class='ocr_par' dir='ltr' id='par_1_39' title="bbox 2214 1085 3793 1162">
     <span class='ocr_line' id='line_1_39' title="bbox 2214 1085 3793 1162; baseline -0.002 -20"><span class='ocrx_word' id='word_1_277' title='bbox 2214 1092 2373 1162; x_wconf 83' lang='grc' dir='ltr'>ήκοον</span> <span class='ocrx_word' id='word_1_278' title='bbox 2404 1089 2557 1154; x_wconf 80' lang='grc' dir='ltr'>Θεὸν,</span> <span class='ocrx_word' id='word_1_279' title='bbox 2594 1089 2883 1158; x_wconf 68' lang='grc' dir='ltr'>ἐπίϐλεψον</span> <span class='ocrx_word' id='word_1_280' title='bbox 2924 1090 3009 1141; x_wconf 76' lang='grc' dir='ltr'><strong>ἐπ’</strong></span> <span class='ocrx_word' id='word_1_281' title='bbox 3037 1090 3137 1159; x_wconf 78' lang='grc' dir='ltr'><strong>ἐμὲ</strong></span> <span class='ocrx_word' id='word_1_282' title='bbox 3178 1088 3268 1142; x_wconf 83' lang='grc' dir='ltr'>τὸν</span> <span class='ocrx_word' id='word_1_283' title='bbox 3310 1086 3653 1160; x_wconf 78' lang='grc' dir='ltr'>ἁμαρτωλὸν,</span> <span class='ocrx_word' id='word_1_284' title='bbox 3691 1085 3793 1140; x_wconf 74' lang='grc' dir='ltr'><strong>καὶ</strong></span> 
     </span>
    </p>
   </div>
   <div class='ocr_carea' id='block_1_40' title="bbox 2213 1177 3794 1252">
    <p class='ocr_par' dir='ltr' id='par_1_40' title="bbox 2213 1177 3794 1252">
     <span class='ocr_line' id='line_1_40' title="bbox 2213 1177 3794 1252; baseline -0.003 -18"><span class='ocrx_word' id='word_1_285' title='bbox 2213 1183 2431 1252; x_wconf 83' lang='grc' dir='ltr'>ἀχρεῖον</span> <span class='ocrx_word' id='word_1_286' title='bbox 2463 1179 2648 1247; x_wconf 73' lang='grc' dir='ltr'>δοῦλόν</span> <span class='ocrx_word' id='word_1_287' title='bbox 2708 1196 2833 1233; x_wconf 85' lang='grc' dir='ltr'>σου·</span> <span class='ocrx_word' id='word_1_288' title='bbox 2868 1179 2963 1232; x_wconf 73' lang='grc' dir='ltr'>καὶ</span> <span class='ocrx_word' id='word_1_289' title='bbox 3020 1178 3281 1233; x_wconf 86' lang='grc' dir='ltr'>ἱκάνωσόν</span> <span class='ocrx_word' id='word_1_290' title='bbox 3318 1195 3385 1249; x_wconf 88' lang='grc' dir='ltr'>με</span> <span class='ocrx_word' id='word_1_291' title='bbox 3440 1181 3506 1249; x_wconf 80' lang='grc' dir='ltr'>τῇ</span> <span class='ocrx_word' id='word_1_292' title='bbox 3559 1177 3794 1247; x_wconf 77' lang='grc' dir='ltr'><strong>δυνάμει</strong></span> 
     </span>
    </p>
   </div>
   <div class='ocr_carea' id='block_1_41' title="bbox 2212 1270 3794 1343">
    <p class='ocr_par' dir='ltr' id='par_1_41' title="bbox 2212 1270 3794 1343">
     <span class='ocr_line' id='line_1_41' title="bbox 2212 1270 3794 1343; baseline -0.002 -17"><span class='ocrx_word' id='word_1_293' title='bbox 2212 1273 2304 1326; x_wconf 82' lang='grc' dir='ltr'>τοῦ</span> <span class='ocrx_word' id='word_1_294' title='bbox 2333 1272 2485 1342; x_wconf 81' lang='grc' dir='ltr'>ἁγίου</span> <span class='ocrx_word' id='word_1_295' title='bbox 2517 1271 2852 1343; x_wconf 82' lang='grc' dir='ltr'>Πνεύματος,</span> <span class='ocrx_word' id='word_1_296' title='bbox 2888 1270 3233 1340; x_wconf 77' lang='grc' dir='ltr'>ἐνδεδυμένον</span> <span class='ocrx_word' id='word_1_297' title='bbox 3259 1271 3357 1342; x_wconf 80' lang='grc' dir='ltr'><strong>τὴν</strong></span> <span class='ocrx_word' id='word_1_298' title='bbox 3389 1270 3485 1342; x_wconf 80' lang='grc' dir='ltr'><strong>τῆς</strong></span> <span class='ocrx_word' id='word_1_299' title='bbox 3516 1270 3794 1341; x_wconf 84' lang='grc' dir='ltr'>ἱερατείας</span> 
     </span>
    </p>
   </div>
   <div class='ocr_carea' id='block_1_42' title="bbox 2212 1352 3797 1435">
    <p class='ocr_par' dir='ltr' id='par_1_42' title="bbox 2212 1352 3797 1435">
     <span class='ocr_line' id='line_1_42' title="bbox 2212 1352 3797 1435; baseline -0.002 -17"><span class='ocrx_word' id='word_1_300' title='bbox 2212 1364 2390 1435; x_wconf 83' lang='grc' dir='ltr'><strong>χάριν,</strong></span> <span class='ocrx_word' id='word_1_301' title='bbox 2431 1362 2775 1433; x_wconf 80' lang='grc' dir='ltr'>παραστῆναι</span> <span class='ocrx_word' id='word_1_302' title='bbox 2801 1364 2866 1433; x_wconf 80' lang='grc' dir='ltr'>τῇ</span> <span class='ocrx_word' id='word_1_303' title='bbox 2897 1362 3028 1433; x_wconf 77' lang='grc' dir='ltr'>ἁγίᾳ</span> <span class='ocrx_word' id='word_1_304' title='bbox 3056 1378 3149 1415; x_wconf 90' lang='grc' dir='ltr'>σου</span> <span class='ocrx_word' id='word_1_305' title='bbox 3192 1360 3364 1435; x_wconf 78' lang='grc' dir='ltr'>ταύτῃ</span> <span class='ocrx_word' id='word_1_306' title='bbox 3397 1352 3662 1434; x_wconf 66' lang='grc' dir='ltr'>τραπέζῃ,</span> <span class='ocrx_word' id='word_1_307' title='bbox 3692 1362 3797 1415; x_wconf 71' lang='grc' dir='ltr'>καὶ</span> 
     </span>
    </p>
   </div>
   <div class='ocr_carea' id='block_1_43' title="bbox 2215 1452 3798 1527">
    <p class='ocr_par' dir='ltr' id='par_1_43' title="bbox 2215 1452 3798 1527">
     <span class='ocr_line' id='line_1_43' title="bbox 2215 1452 3798 1527; baseline -0.001 -19"><span class='ocrx_word' id='word_1_308' title='bbox 2215 1455 2566 1527; x_wconf 80' lang='grc' dir='ltr'>ἱερουργῆσαι</span> <span class='ocrx_word' id='word_1_309' title='bbox 2596 1455 2656 1508; x_wconf 83' lang='grc' dir='ltr'><strong>τὸ</strong></span> <span class='ocrx_word' id='word_1_310' title='bbox 2699 1454 2965 1526; x_wconf 83' lang='grc' dir='ltr'>ἁχραντόν</span> <span class='ocrx_word' id='word_1_311' title='bbox 3014 1471 3105 1507; x_wconf 93' lang='grc' dir='ltr'>σου</span> <span class='ocrx_word' id='word_1_312' title='bbox 3165 1452 3343 1524; x_wconf 85' lang='grc' dir='ltr'>σῶμα,</span> <span class='ocrx_word' id='word_1_313' title='bbox 3383 1453 3476 1507; x_wconf 78' lang='grc' dir='ltr'>καὶ</span> <span class='ocrx_word' id='word_1_314' title='bbox 3515 1452 3576 1506; x_wconf 78' lang='grc' dir='ltr'>τὸ</span> <span class='ocrx_word' id='word_1_315' title='bbox 3610 1454 3798 1522; x_wconf 82' lang='grc' dir='ltr'>τίμιόν</span> 
     </span>
    </p>
   </div>
   <div class='ocr_carea' id='block_1_44' title="bbox 2215 1527 3795 1618">
    <p class='ocr_par' dir='ltr' id='par_1_44' title="bbox 2215 1527 3795 1618">
     <span class='ocr_line' id='line_1_44' title="bbox 2215 1527 3795 1618; baseline -0.002 -18"><span class='ocrx_word' id='word_1_316' title='bbox 2215 1564 2305 1600; x_wconf 90' lang='grc' dir='ltr'><strong>σου</strong></span> <span class='ocrx_word' id='word_1_317' title='bbox 2341 1541 2497 1616; x_wconf 75' lang='grc' dir='ltr'>αἷμα.</span> <span class='ocrx_word' id='word_1_318' title='bbox 2529 1527 2621 1598; x_wconf 75' lang='grc' dir='ltr'>Σόι</span> <span class='ocrx_word' id='word_1_319' title='bbox 2653 1545 2760 1617; x_wconf 89' lang='grc' dir='ltr'><strong>γάρ</strong></span> <span class='ocrx_word' id='word_1_320' title='bbox 2795 1544 3168 1618; x_wconf 83' lang='grc' dir='ltr'>προσέρχομαι</span> <span class='ocrx_word' id='word_1_321' title='bbox 3209 1544 3397 1608; x_wconf 83' lang='grc' dir='ltr'>κλίνας</span> <span class='ocrx_word' id='word_1_322' title='bbox 3431 1545 3521 1598; x_wconf 84' lang='grc' dir='ltr'><strong>τὸν</strong></span> <span class='ocrx_word' id='word_1_323' title='bbox 3550 1544 3795 1615; x_wconf 67' lang='grc' dir='ltr'>ἐμαυτοῦ</span> 
     </span>
    </p>
   </div>
   <div class='ocr_carea' id='block_1_45' title="bbox 2215 1636 3797 1708">
    <p class='ocr_par' dir='ltr' id='par_1_45' title="bbox 2215 1636 3797 1708">
     <span class='ocr_line' id='line_1_45' title="bbox 2215 1636 3797 1708; baseline -0.002 -17"><span class='ocrx_word' id='word_1_324' title='bbox 2215 1637 2443 1708; x_wconf 63' lang='grc' dir='ltr'>αὐχέναο</span> <span class='ocrx_word' id='word_1_325' title='bbox 2479 1638 2571 1691; x_wconf 71' lang='grc' dir='ltr'><strong>καὶ</strong></span> <span class='ocrx_word' id='word_1_326' title='bbox 2611 1637 2799 1708; x_wconf 79' lang='grc' dir='ltr'>δέομαί</span> <span class='ocrx_word' id='word_1_327' title='bbox 2848 1654 2963 1699; x_wconf 91' lang='grc' dir='ltr'>σου,</span> <span class='ocrx_word' id='word_1_328' title='bbox 3002 1637 3075 1707; x_wconf 89' lang='grc' dir='ltr'>μὴ</span> <span class='ocrx_word' id='word_1_329' title='bbox 3121 1637 3468 1708; x_wconf 73' lang='grc' dir='ltr'>ἀποστρέψῃς</span> <span class='ocrx_word' id='word_1_330' title='bbox 3510 1636 3569 1689; x_wconf 84' lang='grc' dir='ltr'><strong>τὸ</strong></span> <span class='ocrx_word' id='word_1_331' title='bbox 3620 1636 3797 1708; x_wconf 82' lang='grc' dir='ltr'>πρόσ-</span> 
     </span>
    </p>
   </div>
   <div class='ocr_carea' id='block_1_46' title="bbox 2218 1724 3795 1797">
    <p class='ocr_par' dir='ltr' id='par_1_46' title="bbox 2218 1724 3795 1797">
     <span class='ocr_line' id='line_1_46' title="bbox 2218 1724 3795 1797; baseline -0.004 -13"><span class='ocrx_word' id='word_1_332' title='bbox 2218 1732 2363 1783; x_wconf 84' lang='grc' dir='ltr'>ωπόν</span> <span class='ocrx_word' id='word_1_333' title='bbox 2392 1744 2485 1779; x_wconf 90' lang='grc' dir='ltr'><strong>σου</strong></span> <span class='ocrx_word' id='word_1_334' title='bbox 2524 1727 2618 1779; x_wconf 84' lang='grc' dir='ltr'>ἀπ’</span> <span class='ocrx_word' id='word_1_335' title='bbox 2660 1726 2822 1797; x_wconf 77' lang='grc' dir='ltr'><strong>ἐμοῦ·</strong></span> <span class='ocrx_word' id='word_1_336' title='bbox 2861 1724 2994 1795; x_wconf 79' lang='grc' dir='ltr'><strong>μηδὲ</strong></span> <span class='ocrx_word' id='word_1_337' title='bbox 3022 1725 3431 1797; x_wconf 78' lang='grc' dir='ltr'>ἀποδοκιμάσῃς</span> <span class='ocrx_word' id='word_1_338' title='bbox 3463 1742 3529 1794; x_wconf 89' lang='grc' dir='ltr'>με</span> <span class='ocrx_word' id='word_1_339' title='bbox 3556 1727 3620 1778; x_wconf 84' lang='grc' dir='ltr'>ὲκ</span> <span class='ocrx_word' id='word_1_340' title='bbox 3659 1724 3795 1777; x_wconf 82' lang='grc' dir='ltr'>παί-</span> 
     </span>
    </p>
   </div>
   <div class='ocr_carea' id='block_1_47' title="bbox 2217 1815 3791 1889">
    <p class='ocr_par' dir='ltr' id='par_1_47' title="bbox 2217 1815 3791 1889">
     <span class='ocr_line' id='line_1_47' title="bbox 2217 1815 3791 1889; baseline -0.004 -14"><span class='ocrx_word' id='word_1_341' title='bbox 2217 1821 2322 1876; x_wconf 90' lang='grc' dir='ltr'>δων</span> <span class='ocrx_word' id='word_1_342' title='bbox 2373 1837 2498 1873; x_wconf 78' lang='grc' dir='ltr'>σου’</span> <span class='ocrx_word' id='word_1_343' title='bbox 2550 1818 2664 1872; x_wconf 72' lang='grc' dir='ltr'>ἀλλ’</span> <span class='ocrx_word' id='word_1_344' title='bbox 2706 1817 2933 1881; x_wconf 79' lang='grc' dir='ltr'>ἀξίωσόν</span> <span class='ocrx_word' id='word_1_345' title='bbox 2965 1855 2979 1869; x_wconf 89' lang='grc'><strong>.</strong></span> <span class='ocrx_word' id='word_1_346' title='bbox 3002 1834 3068 1889; x_wconf 84' lang='grc' dir='ltr'>με</span> <span class='ocrx_word' id='word_1_347' title='bbox 3125 1816 3547 1887; x_wconf 82' lang='grc' dir='ltr'>προσενεχθῆναί</span> <span class='ocrx_word' id='word_1_348' title='bbox 3592 1834 3672 1870; x_wconf 92' lang='grc' dir='ltr'>σοι</span> <span class='ocrx_word' id='word_1_349' title='bbox 3715 1815 3791 1869; x_wconf 66' lang='grc' dir='ltr'><strong>τά</strong></span> 
     </span>
    </p>
   </div>
   <div class='ocr_carea' id='block_1_48' title="bbox 2217 1908 3799 1984">
    <p class='ocr_par' dir='ltr' id='par_1_48' title="bbox 2217 1908 3799 1984">
     <span class='ocr_line' id='line_1_48' title="bbox 2217 1908 3799 1984; baseline -0.004 -17"><span class='ocrx_word' id='word_1_350' title='bbox 2217 1913 2366 1984; x_wconf 77' lang='grc' dir='ltr'>δῶρα</span> <span class='ocrx_word' id='word_1_351' title='bbox 2397 1911 2591 1979; x_wconf 82' lang='grc' dir='ltr'>ταῦτα,</span> <span class='ocrx_word' id='word_1_352' title='bbox 2637 1912 2728 1965; x_wconf 83' lang='grc' dir='ltr'>ὑπ’</span> <span class='ocrx_word' id='word_1_353' title='bbox 2770 1911 2903 1983; x_wconf 77' lang='grc' dir='ltr'>ἐμοῦ</span> <span class='ocrx_word' id='word_1_354' title='bbox 2950 1910 3041 1965; x_wconf 80' lang='grc' dir='ltr'><strong>τοῦ</strong></span> <span class='ocrx_word' id='word_1_355' title='bbox 3076 1909 3399 1982; x_wconf 81' lang='grc' dir='ltr'>ἀμαρτωλοῦ</span> <span class='ocrx_word' id='word_1_356' title='bbox 3440 1909 3533 1962; x_wconf 75' lang='grc' dir='ltr'><strong>καὶ</strong></span> <span class='ocrx_word' id='word_1_357' title='bbox 3574 1908 3799 1974; x_wconf 78' lang='grc' dir='ltr'>ἀναξίου</span> 
     </span>
    </p>
   </div>
   <div class='ocr_carea' id='block_1_49' title="bbox 2217 1998 3800 2075">
    <p class='ocr_par' dir='ltr' id='par_1_49' title="bbox 2217 1998 3800 2075">
     <span class='ocr_line' id='line_1_49' title="bbox 2217 1998 3800 2075; baseline -0.004 -16"><span class='ocrx_word' id='word_1_358' title='bbox 2217 2005 2404 2059; x_wconf 83' lang='grc' dir='ltr'>δούλου</span> <span class='ocrx_word' id='word_1_359' title='bbox 2441 2022 2555 2058; x_wconf 93' lang='grc' dir='ltr'>σου.</span> <span class='ocrx_word' id='word_1_360' title='bbox 2601 2005 2675 2058; x_wconf 79' lang='grc' dir='ltr'><strong>Σὺ</strong></span> <span class='ocrx_word' id='word_1_361' title='bbox 2734 2003 2841 2075; x_wconf 84' lang='grc' dir='ltr'><strong>γὰρ</strong></span> <span class='ocrx_word' id='word_1_362' title='bbox 2876 1998 2928 2055; x_wconf 77' lang='grc' dir='ltr'><strong>εἴ</strong></span> <span class='ocrx_word' id='word_1_363' title='bbox 2974 2002 3212 2071; x_wconf 76' lang='grc' dir='ltr'>ἁγιάζων</span> <span class='ocrx_word' id='word_1_364' title='bbox 3256 2001 3349 2055; x_wconf 76' lang='grc' dir='ltr'>καὶ</span> <span class='ocrx_word' id='word_1_365' title='bbox 3396 2001 3800 2072; x_wconf 71' lang='grc' dir='ltr'><strong>ἀγιαζόμενςς⁹</strong></span> 
     </span>
    </p>
   </div>
   <div class='ocr_carea' id='block_1_50' title="bbox 2220 2091 3800 2170">
    <p class='ocr_par' dir='ltr' id='par_1_50' title="bbox 2220 2091 3800 2170">
     <span class='ocr_line' id='line_1_50' title="bbox 2220 2091 3800 2170; baseline -0.005 -18"><span class='ocrx_word' id='word_1_366' title='bbox 2220 2097 2543 2170; x_wconf 79' lang='grc' dir='ltr'>προσφέρων</span> <span class='ocrx_word' id='word_1_367' title='bbox 2580 2114 2640 2149; x_wconf 85' lang='grc' dir='ltr'><strong>τε</strong></span> <span class='ocrx_word' id='word_1_368' title='bbox 2671 2096 2765 2151; x_wconf 73' lang='grc' dir='ltr'><strong>καὶ</strong></span> <span class='ocrx_word' id='word_1_369' title='bbox 2812 2095 3278 2167; x_wconf 74' lang='grc' dir='ltr'>προσφερόμενοςο</span> <span class='ocrx_word' id='word_1_370' title='bbox 3313 2096 3342 2147; x_wconf 93' lang='lat'><strong>6</strong></span> <span class='ocrx_word' id='word_1_371' title='bbox 3375 2093 3656 2164; x_wconf 80' lang='grc' dir='ltr'>δεχόμενος</span> <span class='ocrx_word' id='word_1_372' title='bbox 3697 2091 3800 2147; x_wconf 83' lang='grc' dir='ltr'>καὶ</span> 
     </span>
    </p>
   </div>
   <div class='ocr_carea' id='block_1_51' title="bbox 2217 2183 3803 2257">
    <p class='ocr_par' dir='ltr' id='par_1_51' title="bbox 2217 2183 3803 2257">
     <span class='ocr_line' id='line_1_51' title="bbox 2217 2183 3803 2257; baseline -0.006 -14"><span class='ocrx_word' id='word_1_373' title='bbox 2217 2190 2435 2253; x_wconf 79' lang='grc' dir='ltr'><strong>δεκτόςο</strong></span> <span class='ocrx_word' id='word_1_374' title='bbox 2472 2190 2500 2241; x_wconf 95' lang='lat'><strong>6</strong></span> <span class='ocrx_word' id='word_1_375' title='bbox 2556 2187 2730 2251; x_wconf 81' lang='grc' dir='ltr'>διδοὺς</span> <span class='ocrx_word' id='word_1_376' title='bbox 2784 2189 2876 2241; x_wconf 72' lang='grc' dir='ltr'><strong>καὶ</strong></span> <span class='ocrx_word' id='word_1_377' title='bbox 2913 2186 3303 2257; x_wconf 84' lang='grc' dir='ltr'>διαδιδόμενος·</span> <span class='ocrx_word' id='word_1_378' title='bbox 3354 2187 3450 2239; x_wconf 72' lang='grc' dir='ltr'>καὶ</span> <span class='ocrx_word' id='word_1_379' title='bbox 3510 2184 3593 2237; x_wconf 70' lang='grc' dir='ltr'><strong>σοὶ</strong></span> <span class='ocrx_word' id='word_1_380' title='bbox 3637 2183 3803 2249; x_wconf 72' lang='grc' dir='ltr'><strong>ξόξαν</strong></span> 
     </span>
    </p>
   </div>
   <div class='ocr_carea' id='block_1_52' title="bbox 2218 2276 3791 2353">
    <p class='ocr_par' dir='ltr' id='par_1_52' title="bbox 2218 2276 3791 2353">
     <span class='ocr_line' id='line_1_52' title="bbox 2218 2276 3791 2353; baseline -0.005 -17"><span class='ocrx_word' id='word_1_381' title='bbox 2218 2282 2635 2353; x_wconf 83' lang='grc' dir='ltr'>ἀναπέμπομεν,</span> <span class='ocrx_word' id='word_1_382' title='bbox 2671 2279 2809 2352; x_wconf 85' lang='grc' dir='ltr'>μετὰ</span> <span class='ocrx_word' id='word_1_383' title='bbox 2842 2278 2936 2333; x_wconf 79' lang='grc' dir='ltr'><strong>τοῦ</strong></span> <span class='ocrx_word' id='word_1_384' title='bbox 2963 2279 3174 2351; x_wconf 82' lang='grc' dir='ltr'>Πατρὸς</span> <span class='ocrx_word' id='word_1_385' title='bbox 3204 2279 3295 2333; x_wconf 75' lang='grc' dir='ltr'>καὶ</span> <span class='ocrx_word' id='word_1_386' title='bbox 3324 2276 3418 2332; x_wconf 80' lang='grc' dir='ltr'>τοῦ</span> <span class='ocrx_word' id='word_1_387' title='bbox 3452 2277 3605 2347; x_wconf 86' lang='grc' dir='ltr'>ἁγίου</span> <span class='ocrx_word' id='word_1_388' title='bbox 3629 2276 3791 2330; x_wconf 60' lang='lat' dir='ltr'><strong>Ilva}</strong></span> 
     </span>
    </p>
   </div>
   <div class='ocr_carea' id='block_1_53' title="bbox 2147 2392 2413 2447">
    <p class='ocr_par' dir='ltr' id='par_1_53' title="bbox 2147 2392 2413 2447">
     <span class='ocr_line' id='line_1_53' title="bbox 2147 2392 2413 2447; baseline 0.008 -21"><span class='ocrx_word' id='word_1_389' title='bbox 2147 2440 2155 2447; x_wconf 30' lang='grc' dir='ltr'>ι</span> <span class='ocrx_word' id='word_1_390' title='bbox 2221 2392 2413 2443; x_wconf 67' lang='grc' dir='ltr'>ματος,</span> 
     </span>
    </p>
   </div>
   <div class='ocr_carea' id='block_1_54' title="bbox 2273 2464 3736 2535">
    <p class='ocr_par' dir='ltr' id='par_1_54' title="bbox 2273 2464 3736 2535">
     <span class='ocr_line' id='line_1_54' title="bbox 2273 2464 3736 2535; baseline -0.004 -13"><span class='ocrx_word' id='word_1_391' title='bbox 2273 2465 2441 2535; x_wconf 71' lang='grc' dir='ltr'><strong>Εὐχή</strong></span> <span class='ocrx_word' id='word_1_392' title='bbox 2472 2465 2633 2533; x_wconf 75' lang='grc' dir='ltr'><strong>ἄλλη</strong></span> <span class='ocrx_word' id='word_1_393' title='bbox 2664 2464 3195 2535; x_wconf 80' lang='grc' dir='ltr'>καταπετάσματος</span> <span class='ocrx_word' id='word_1_394' title='bbox 3220 2464 3354 2534; x_wconf 80' lang='grc' dir='ltr'>παρ’</span> <span class='ocrx_word' id='word_1_395' title='bbox 3376 2464 3736 2534; x_wconf 72' lang='grc' dir='ltr'><strong>Αἰγυπτίοις.</strong></span> 
     </span>
    </p>
   </div>
   <div class='ocr_carea' id='block_1_55' title="bbox 2288 2553 3803 2631">
    <p class='ocr_par' dir='ltr' id='par_1_55' title="bbox 2288 2553 3803 2631">
     <span class='ocr_line' id='line_1_55' title="bbox 2288 2553 3803 2631; baseline -0.004 -19"><span class='ocrx_word' id='word_1_396' title='bbox 2288 2559 2462 2631; x_wconf 84' lang='grc' dir='ltr'>Κύριε</span> <span class='ocrx_word' id='word_1_397' title='bbox 2512 2560 2540 2610; x_wconf 92' lang='lat'><strong>6</strong></span> <span class='ocrx_word' id='word_1_398' title='bbox 2584 2558 2715 2622; x_wconf 78' lang='grc' dir='ltr'><strong>Θεὸς</strong></span> <span class='ocrx_word' id='word_1_399' title='bbox 2765 2557 2923 2629; x_wconf 75' lang='grc' dir='ltr'>ἡμῶν</span> <span class='ocrx_word' id='word_1_400' title='bbox 2961 2560 2988 2609; x_wconf 91' lang='grc' dir='ltr'>ὁ</span> <span class='ocrx_word' id='word_1_401' title='bbox 3033 2556 3447 2627; x_wconf 83' lang='grc' dir='ltr'>παντοκράτωρ,</span> <span class='ocrx_word' id='word_1_402' title='bbox 3489 2557 3518 2607; x_wconf 93' lang='lat'><strong>6</strong></span> <span class='ocrx_word' id='word_1_403' title='bbox 3567 2553 3803 2607; x_wconf 74' lang='grc' dir='ltr'>ἐπιστά-</span> 
     </span>
    </p>
   </div>
   <div class='ocr_carea' id='block_1_56' title="bbox 2222 2644 3803 2721">
    <p class='ocr_par' dir='ltr' id='par_1_56' title="bbox 2222 2644 3803 2721">
     <span class='ocr_line' id='line_1_56' title="bbox 2222 2644 3803 2721; baseline -0.004 -18"><span class='ocrx_word' id='word_1_404' title='bbox 2222 2667 2382 2721; x_wconf 83' lang='grc' dir='ltr'>μενος</span> <span class='ocrx_word' id='word_1_405' title='bbox 2411 2650 2502 2702; x_wconf 76' lang='grc' dir='ltr'>τὸν</span> <span class='ocrx_word' id='word_1_406' title='bbox 2534 2648 2660 2702; x_wconf 80' lang='grc' dir='ltr'>νοῦν</span> <span class='ocrx_word' id='word_1_407' title='bbox 2704 2647 2813 2701; x_wconf 81' lang='grc' dir='ltr'>τῶν</span> <span class='ocrx_word' id='word_1_408' title='bbox 2865 2646 3187 2719; x_wconf 82' lang='grc' dir='ltr'>ἀνθρώπων,</span> <span class='ocrx_word' id='word_1_409' title='bbox 3224 2648 3252 2699; x_wconf 92' lang='lat'><strong>6</strong></span> <span class='ocrx_word' id='word_1_410' title='bbox 3291 2645 3494 2709; x_wconf 79' lang='grc' dir='ltr'>ἐτάζων</span> <span class='ocrx_word' id='word_1_411' title='bbox 3549 2644 3803 2715; x_wconf 78' lang='grc' dir='ltr'>καρδίας,</span> 
     </span>
    </p>
   </div>
   <div class='ocr_carea' id='block_1_57' title="bbox 2219 2735 3806 2814">
    <p class='ocr_par' dir='ltr' id='par_1_57' title="bbox 2219 2735 3806 2814">
     <span class='ocr_line' id='line_1_57' title="bbox 2219 2735 3806 2814; baseline -0.004 -20"><span class='ocrx_word' id='word_1_412' title='bbox 2219 2742 2313 2795; x_wconf 76' lang='grc' dir='ltr'>καὶ</span> <span class='ocrx_word' id='word_1_413' title='bbox 2345 2740 2609 2814; x_wconf 76' lang='grc' dir='ltr'>νεφρούςο</span> <span class='ocrx_word' id='word_1_414' title='bbox 2643 2741 2671 2793; x_wconf 93' lang='lat'><strong>6</strong></span> <span class='ocrx_word' id='word_1_415' title='bbox 2712 2740 2812 2810; x_wconf 78' lang='grc' dir='ltr'>ἐμὲ</span> <span class='ocrx_word' id='word_1_416' title='bbox 2847 2740 2936 2793; x_wconf 76' lang='grc' dir='ltr'><strong>τὸν</strong></span> <span class='ocrx_word' id='word_1_417' title='bbox 2983 2738 3200 2805; x_wconf 81' lang='grc' dir='ltr'>ἀνάξιον</span> <span class='ocrx_word' id='word_1_418' title='bbox 3243 2736 3477 2800; x_wconf 80' lang='grc' dir='ltr'>καλέσας</span> <span class='ocrx_word' id='word_1_419' title='bbox 3523 2737 3655 2807; x_wconf 82' lang='grc' dir='ltr'>πρὸς</span> <span class='ocrx_word' id='word_1_420' title='bbox 3695 2735 3806 2807; x_wconf 79' lang='grc' dir='ltr'><strong>τὴν</strong></span> 
     </span>
    </p>
   </div>
   <div class='ocr_carea' id='block_1_58' title="bbox 2222 2828 3808 2905">
    <p class='ocr_par' dir='ltr' id='par_1_58' title="bbox 2222 2828 3808 2905">
     <span class='ocr_line' id='line_1_58' title="bbox 2222 2828 3808 2905; baseline -0.003 -19"><span class='ocrx_word' id='word_1_421' title='bbox 2222 2833 2318 2905; x_wconf 73' lang='grc' dir='ltr'>σὴν</span> <span class='ocrx_word' id='word_1_422' title='bbox 2356 2833 2701 2905; x_wconf 85' lang='grc' dir='ltr'>λειτουργίαν</span> <span class='ocrx_word' id='word_1_423' title='bbox 2734 2831 2967 2903; x_wconf 77' lang='grc' dir='ltr'>ταύτην·</span> <span class='ocrx_word' id='word_1_424' title='bbox 3010 2831 3084 2903; x_wconf 80' lang='grc' dir='ltr'><strong>μὴ</strong></span> <span class='ocrx_word' id='word_1_425' title='bbox 3125 2829 3377 2901; x_wconf 77' lang='grc' dir='ltr'>βδελύξῃς</span> <span class='ocrx_word' id='word_1_426' title='bbox 3420 2847 3509 2900; x_wconf 88' lang='grc' dir='ltr'>με,</span> <span class='ocrx_word' id='word_1_427' title='bbox 3554 2829 3687 2901; x_wconf 73' lang='grc' dir='ltr'><strong>μηδὲ</strong></span> <span class='ocrx_word' id='word_1_428' title='bbox 3734 2828 3808 2882; x_wconf 71' lang='grc' dir='ltr'>τὸ</span> 
     </span>
    </p>
   </div>
   <div class='ocr_carea' id='block_1_59' title="bbox 2219 2923 3806 3001">
    <p class='ocr_par' dir='ltr' id='par_1_59' title="bbox 2219 2923 3806 3001">
     <span class='ocr_line' id='line_1_59' title="bbox 2219 2923 3806 3001; baseline -0.001 -21"><span class='ocrx_word' id='word_1_429' title='bbox 2219 2928 2514 2999; x_wconf 78' lang='grc' dir='ltr'>πρόσωπόν</span> <span class='ocrx_word' id='word_1_430' title='bbox 2549 2945 2643 2981; x_wconf 90' lang='grc' dir='ltr'>σου</span> <span class='ocrx_word' id='word_1_431' title='bbox 2673 2926 3022 3001; x_wconf 71' lang='grc' dir='ltr'>ἀποστρέψῃς</span> <span class='ocrx_word' id='word_1_432' title='bbox 3060 2927 3151 2979; x_wconf 77' lang='grc' dir='ltr'>ἀπ’</span> <span class='ocrx_word' id='word_1_433' title='bbox 3188 2924 3349 2995; x_wconf 72' lang='grc' dir='ltr'><strong>ἐμοῦ⁹</strong></span> <span class='ocrx_word' id='word_1_434' title='bbox 3382 2924 3495 2978; x_wconf 75' lang='grc' dir='ltr'>ἀλλ’</span> <span class='ocrx_word' id='word_1_435' title='bbox 3518 2923 3806 2994; x_wconf 55' lang='lat' dir='ltr'><strong>aestuoso</strong></span> 
     </span>
    </p>
   </div>
   <div class='ocr_carea' id='block_1_60' title="bbox 554 3004 2121 3097">
    <p class='ocr_par' dir='ltr' id='par_1_60' title="bbox 554 3004 2120 3083">
     <span class='ocr_line' id='line_1_60' title="bbox 554 3004 2120 3083; baseline 0.008 -28"><span class='ocrx_word' id='word_1_436' title='bbox 554 3017 743 3056; x_wconf 88' lang='lat' dir='ltr'><strong>omnes</strong></span> <span class='ocrx_word' id='word_1_437' title='bbox 790 3004 1038 3070; x_wconf 88' lang='lat' dir='ltr'><strong>corporis</strong></span> <span class='ocrx_word' id='word_1_438' title='bbox 1092 3005 1195 3060; x_wconf 86' lang='lat' dir='ltr'><strong>mei</strong></span> <span class='ocrx_word' id='word_1_439' title='bbox 1247 3016 1298 3059; x_wconf 88' lang='lat' dir='ltr'><strong>et</strong></span> <span class='ocrx_word' id='word_1_440' title='bbox 1332 3008 1569 3061; x_wconf 86' lang='lat' dir='ltr'><strong>maculas</strong></span> <span class='ocrx_word' id='word_1_441' title='bbox 1599 3013 1812 3074; x_wconf 53' lang='lat' dir='ltr'><strong>anima»,</strong></span> <span class='ocrx_word' id='word_1_442' title='bbox 1846 3020 2120 3083; x_wconf 90' lang='lat' dir='ltr'><strong>totumque</strong></span> 
     </span>
    </p>
   </div>
   <div class='ocr_carea' id='block_1_61' title="bbox 2224 3004 3805 3097">
    <p class='ocr_par' dir='ltr' id='par_1_61' title="bbox 2227 3014 3805 3090">
     <span class='ocr_line' id='line_1_61' title="bbox 2227 3014 3805 3090; baseline -0.004 -18"><span class='ocrx_word' id='word_1_443' title='bbox 2227 3037 2325 3090; x_wconf 91' lang='grc' dir='ltr'>μου</span> <span class='ocrx_word' id='word_1_444' title='bbox 2357 3019 2533 3073; x_wconf 86' lang='grc' dir='ltr'>πάντα</span> <span class='ocrx_word' id='word_1_445' title='bbox 2582 3017 2653 3071; x_wconf 85' lang='grc' dir='ltr'><strong>τά</strong></span> <span class='ocrx_word' id='word_1_446' title='bbox 2708 3016 3155 3089; x_wconf 83' lang='grc' dir='ltr'>παραπτώματα,</span> <span class='ocrx_word' id='word_1_447' title='bbox 3192 3014 3313 3071; x_wconf 66' lang='grc' dir='ltr'>καῖ’</span> <span class='ocrx_word' id='word_1_448' title='bbox 3338 3015 3641 3069; x_wconf 83' lang='grc' dir='ltr'>ἀπόπλυνόν</span> <span class='ocrx_word' id='word_1_449' title='bbox 3693 3032 3805 3085; x_wconf 75' lang='grc' dir='ltr'>μου</span> 
     </span>
    </p>
   </div>
   <div class='ocr_carea' id='block_1_62' title="bbox 554 3091 2121 3184">
    <p class='ocr_par' dir='ltr' id='par_1_62' title="bbox 554 3091 2120 3164">
     <span class='ocr_line' id='line_1_62' title="bbox 554 3091 2120 3164; baseline 0.009 -21"><span class='ocrx_word' id='word_1_450' title='bbox 554 3105 640 3143; x_wconf 88' lang='lat' dir='ltr'><strong>tue</strong></span> <span class='ocrx_word' id='word_1_451' title='bbox 699 3091 1005 3156; x_wconf 79' lang='lat' dir='ltr'><strong>sanctiﬁca,</strong></span> <span class='ocrx_word' id='word_1_452' title='bbox 1060 3109 1128 3148; x_wconf 91' lang='lat' dir='ltr'><strong>ne</strong></span> <span class='ocrx_word' id='word_1_453' title='bbox 1179 3094 1304 3148; x_wconf 89' lang='lat' dir='ltr'><strong>dum</strong></span> <span class='ocrx_word' id='word_1_454' title='bbox 1357 3096 1619 3164; x_wconf 84' lang='lat' dir='ltr'><strong>deprecor</strong></span> <span class='ocrx_word' id='word_1_455' title='bbox 1652 3108 1723 3162; x_wconf 88' lang='lat' dir='ltr'><strong>te,</strong></span> <span class='ocrx_word' id='word_1_456' title='bbox 1756 3108 1815 3153; x_wconf 85' lang='lat' dir='ltr'><strong>ut</strong></span> <span class='ocrx_word' id='word_1_457' title='bbox 1857 3103 2120 3157; x_wconf 87' lang='lat' dir='ltr'><strong>concedas</strong></span> 
     </span>
    </p>
   </div>
   <div class='ocr_carea' id='block_1_63' title="bbox 2224 3091 3803 3184">
    <p class='ocr_par' dir='ltr' id='par_1_63' title="bbox 2224 3106 3803 3184">
     <span class='ocr_line' id='line_1_63' title="bbox 2224 3106 3803 3184; baseline -0.004 -19"><span class='ocrx_word' id='word_1_458' title='bbox 2224 3111 2310 3165; x_wconf 79' lang='grc' dir='ltr'>τὸν</span> <span class='ocrx_word' id='word_1_459' title='bbox 2342 3111 2513 3184; x_wconf 77' lang='grc' dir='ltr'>ῥύπον</span> <span class='ocrx_word' id='word_1_460' title='bbox 2544 3108 2637 3164; x_wconf 79' lang='grc' dir='ltr'><strong>τοῦ</strong></span> <span class='ocrx_word' id='word_1_461' title='bbox 2681 3108 2952 3181; x_wconf 85' lang='grc' dir='ltr'>σώματος,</span> <span class='ocrx_word' id='word_1_462' title='bbox 2985 3110 3080 3163; x_wconf 76' lang='grc' dir='ltr'><strong>καὶ</strong></span> <span class='ocrx_word' id='word_1_463' title='bbox 3110 3110 3202 3163; x_wconf 83' lang='grc' dir='ltr'>τὸν</span> <span class='ocrx_word' id='word_1_464' title='bbox 3242 3108 3427 3164; x_wconf 78' lang='grc' dir='ltr'>σπῖλον</span> <span class='ocrx_word' id='word_1_465' title='bbox 3455 3108 3553 3177; x_wconf 80' lang='grc' dir='ltr'>τῆς</span> <span class='ocrx_word' id='word_1_466' title='bbox 3594 3106 3803 3177; x_wconf 75' lang='grc' dir='ltr'>ψυχῆς,</span> 
     </span>
    </p>
   </div>
   <div class='ocr_carea' id='block_1_64' title="bbox 553 3185 2122 3261">
    <p class='ocr_par' dir='ltr' id='par_1_64' title="bbox 553 3185 2122 3261">
     <span class='ocr_line' id='line_1_64' title="bbox 553 3185 2122 3261; baseline 0.008 -26"><span class='ocrx_word' id='word_1_467' title='bbox 553 3185 675 3238; x_wconf 82' lang='lat' dir='ltr'><strong>aliis</strong></span> <span class='ocrx_word' id='word_1_468' title='bbox 730 3186 1102 3240; x_wconf 82' lang='lat' dir='ltr'><strong>remissionem</strong></span> <span class='ocrx_word' id='word_1_469' title='bbox 1162 3195 1530 3257; x_wconf 86' lang='lat' dir='ltr'><strong>peccatorum,</strong></span> <span class='ocrx_word' id='word_1_470' title='bbox 1574 3190 1689 3259; x_wconf 91' lang='lat' dir='ltr'><strong>ipse</strong></span> <span class='ocrx_word' id='word_1_471' title='bbox 1724 3192 1980 3261; x_wconf 88' lang='lat' dir='ltr'><strong>reprobus</strong></span> <span class='ocrx_word' id='word_1_472' title='bbox 2010 3192 2122 3247; x_wconf 75' lang='lat' dir='ltr'><strong>etii-</strong></span> 
     </span>
    </p>
   </div>
   <div class='ocr_carea' id='block_1_65' title="bbox 548 3275 2112 3349">
    <p class='ocr_par' dir='ltr' id='par_1_65' title="bbox 548 3275 2112 3349">
     <span class='ocr_line' id='line_1_65' title="bbox 548 3275 2112 3349; baseline 0.006 -20"><span class='ocrx_word' id='word_1_473' title='bbox 548 3276 686 3333; x_wconf 88' lang='lat' dir='ltr'><strong>ciar.</strong></span> <span class='ocrx_word' id='word_1_474' title='bbox 715 3275 925 3344; x_wconf 65' lang='lat' dir='ltr'><strong>Quaeso,</strong></span> <span class='ocrx_word' id='word_1_475' title='bbox 980 3277 1221 3340; x_wconf 87' lang='lat' dir='ltr'><strong>Domine.</strong></span> <span class='ocrx_word' id='word_1_476' title='bbox 1248 3293 1314 3332; x_wconf 90' lang='lat' dir='ltr'><strong>ne</strong></span> <span class='ocrx_word' id='word_1_477' title='bbox 1366 3279 1592 3349; x_wconf 84' lang='lat' dir='ltr'><strong>repellas</strong></span> <span class='ocrx_word' id='word_1_478' title='bbox 1648 3296 1734 3337; x_wconf 89' lang='lat' dir='ltr'><strong>me</strong></span> <span class='ocrx_word' id='word_1_479' title='bbox 1766 3282 2112 3338; x_wconf 87' lang='lat' dir='ltr'><strong>humiliatqu</strong></span> 
     </span>
    </p>
   </div>
   <div class='ocr_carea' id='block_1_66' title="bbox 542 3368 2119 3443">
    <p class='ocr_par' dir='ltr' id='par_1_66' title="bbox 542 3368 2119 3443">
     <span class='ocr_line' id='line_1_66' title="bbox 542 3368 2119 3443; baseline 0.007 -24"><span class='ocrx_word' id='word_1_480' title='bbox 542 3378 605 3423; x_wconf 81' lang='lat' dir='ltr'><strong>.et</strong></span> <span class='ocrx_word' id='word_1_481' title='bbox 631 3368 942 3434; x_wconf 79' lang='lat' dir='ltr'><strong>confusum,</strong></span> <span class='ocrx_word' id='word_1_482' title='bbox 969 3370 1063 3425; x_wconf 86' lang='lat' dir='ltr'><strong>sed</strong></span> <span class='ocrx_word' id='word_1_483' title='bbox 1088 3372 1241 3425; x_wconf 89' lang='lat' dir='ltr'><strong>mitte</strong></span> <span class='ocrx_word' id='word_1_484' title='bbox 1271 3372 1401 3426; x_wconf 91' lang='lat' dir='ltr'><strong>mihi</strong></span> <span class='ocrx_word' id='word_1_485' title='bbox 1426 3375 1657 3442; x_wconf 82' lang='lat' dir='ltr'><strong>gratiam</strong></span> <span class='ocrx_word' id='word_1_486' title='bbox 1686 3376 1859 3429; x_wconf 88' lang='lat' dir='ltr'><strong>sancti</strong></span> <span class='ocrx_word' id='word_1_487' title='bbox 1892 3375 1966 3429; x_wconf 90' lang='lat' dir='ltr'><strong>tui</strong></span> <span class='ocrx_word' id='word_1_488' title='bbox 1993 3375 2119 3443; x_wconf 84' lang='lat' dir='ltr'><strong>Spi-</strong></span> 
     </span>
    </p>
   </div>
   <div class='ocr_carea' id='block_1_67' title="bbox 550 3460 2119 3531">
    <p class='ocr_par' dir='ltr' id='par_1_67' title="bbox 550 3460 2119 3531">
     <span class='ocr_line' id='line_1_67' title="bbox 550 3460 2119 3531; baseline 0.005 -18"><span class='ocrx_word' id='word_1_489' title='bbox 550 3460 708 3525; x_wconf 90' lang='lat' dir='ltr'><strong>ritus,</strong></span> <span class='ocrx_word' id='word_1_490' title='bbox 741 3472 794 3515; x_wconf 91' lang='lat' dir='ltr'><strong>et</strong></span> <span class='ocrx_word' id='word_1_491' title='bbox 822 3460 909 3515; x_wconf 83' lang='lat' dir='ltr'><strong>fac</strong></span> <span class='ocrx_word' id='word_1_492' title='bbox 946 3476 1033 3515; x_wconf 89' lang='lat' dir='ltr'><strong>me</strong></span> <span class='ocrx_word' id='word_1_493' title='bbox 1093 3462 1307 3531; x_wconf 85' lang='lat' dir='ltr'><strong>dignum</strong></span> <span class='ocrx_word' id='word_1_494' title='bbox 1342 3464 1551 3518; x_wconf 87' lang='lat' dir='ltr'><strong>astaudi</strong></span> <span class='ocrx_word' id='word_1_495' title='bbox 1602 3477 1790 3519; x_wconf 87' lang='lat' dir='ltr'><strong>sancto</strong></span> <span class='ocrx_word' id='word_1_496' title='bbox 1836 3466 1992 3520; x_wconf 83' lang='lat' dir='ltr'><strong>altari</strong></span> <span class='ocrx_word' id='word_1_497' title='bbox 2027 3475 2119 3521; x_wconf 93' lang='lat' dir='ltr'><strong>tuo</strong></span> 
     </span>
    </p>
   </div>
   <div class='ocr_carea' id='block_1_68' title="bbox 550 3550 2119 3620">
    <p class='ocr_par' dir='ltr' id='par_1_68' title="bbox 550 3550 2119 3620">
     <span class='ocr_line' id='line_1_68' title="bbox 550 3550 2119 3620; baseline 0.006 -16"><span class='ocrx_word' id='word_1_498' title='bbox 550 3551 845 3620; x_wconf 90' lang='lat' dir='ltr'><strong>inculpate,</strong></span> <span class='ocrx_word' id='word_1_499' title='bbox 884 3562 940 3605; x_wconf 85' lang='lat' dir='ltr'><strong>et</strong></span> <span class='ocrx_word' id='word_1_500' title='bbox 969 3550 1231 3606; x_wconf 80' lang='lat' dir='ltr'><strong>ollerendi</strong></span> <span class='ocrx_word' id='word_1_501' title='bbox 1260 3553 1351 3607; x_wconf 89' lang='lat' dir='ltr'><strong>tibi</strong></span> <span class='ocrx_word' id='word_1_502' title='bbox 1387 3554 1651 3610; x_wconf 88' lang='lat' dir='ltr'><strong>rationale</strong></span> <span class='ocrx_word' id='word_1_503' title='bbox 1693 3565 1748 3610; x_wconf 89' lang='lat' dir='ltr'><strong>et</strong></span> <span class='ocrx_word' id='word_1_504' title='bbox 1779 3556 2119 3613; x_wconf 90' lang='lat' dir='ltr'><strong>incruentmn</strong></span> 
     </span>
    </p>
   </div>
   <div class='ocr_carea' id='block_1_69' title="bbox 549 3644 2123 3717">
    <p class='ocr_par' dir='ltr' id='par_1_69' title="bbox 549 3644 2123 3717">
     <span class='ocr_line' id='line_1_69' title="bbox 549 3644 2123 3717; baseline 0.004 -19"><span class='ocrx_word' id='word_1_505' title='bbox 549 3644 879 3698; x_wconf 89' lang='lat' dir='ltr'><strong>sacriticium</strong></span> <span class='ocrx_word' id='word_1_506' title='bbox 912 3645 1075 3709; x_wconf 81' lang='lat' dir='ltr'><strong>istud,</strong></span> <span class='ocrx_word' id='word_1_507' title='bbox 1108 3660 1230 3699; x_wconf 88' lang='lat' dir='ltr'><strong>cum</strong></span> <span class='ocrx_word' id='word_1_508' title='bbox 1261 3647 1595 3701; x_wconf 90' lang='lat' dir='ltr'><strong>conscientia</strong></span> <span class='ocrx_word' id='word_1_509' title='bbox 1627 3662 1781 3717; x_wconf 88' lang='lat' dir='ltr'><strong>pura,</strong></span> <span class='ocrx_word' id='word_1_510' title='bbox 1834 3650 1899 3703; x_wconf 91' lang='lat' dir='ltr'><strong>ad</strong></span> <span class='ocrx_word' id='word_1_511' title='bbox 1934 3652 2123 3705; x_wconf 80' lang='lat' dir='ltr'><strong>remis-</strong></span> 
     </span>
    </p>
   </div>
   <div class='ocr_carea' id='block_1_70' title="bbox 551 3734 2123 3803">
    <p class='ocr_par' dir='ltr' id='par_1_70' title="bbox 551 3734 2123 3803">
     <span class='ocr_line' id='line_1_70' title="bbox 551 3734 2123 3803; baseline 0.004 -14"><span class='ocrx_word' id='word_1_512' title='bbox 551 3734 762 3789; x_wconf 88' lang='lat' dir='ltr'><strong>sionem</strong></span> <span class='ocrx_word' id='word_1_513' title='bbox 796 3745 1172 3803; x_wconf 90' lang='lat' dir='ltr'><strong>peccatorum,</strong></span> <span class='ocrx_word' id='word_1_514' title='bbox 1223 3746 1275 3789; x_wconf 87' lang='lat' dir='ltr'><strong>et</strong></span> <span class='ocrx_word' id='word_1_515' title='bbox 1309 3734 1635 3791; x_wconf 76' lang='lat' dir='ltr'><strong>oﬂensarum</strong></span> <span class='ocrx_word' id='word_1_516' title='bbox 1685 3753 1946 3802; x_wconf 84' lang='lat' dir='ltr'><strong>mearum,</strong></span> <span class='ocrx_word' id='word_1_517' title='bbox 1977 3753 2028 3796; x_wconf 91' lang='lat' dir='ltr'><strong>et</strong></span> <span class='ocrx_word' id='word_1_518' title='bbox 2057 3744 2123 3796; x_wconf 87' lang='lat' dir='ltr'><strong>ad</strong></span> 
     </span>
    </p>
   </div>
   <div class='ocr_carea' id='block_1_71' title="bbox 550 3826 2123 3901">
    <p class='ocr_par' dir='ltr' id='par_1_71' title="bbox 550 3826 2123 3901">
     <span class='ocr_line' id='line_1_71' title="bbox 550 3826 2123 3901; baseline 0.006 -22"><span class='ocrx_word' id='word_1_519' title='bbox 550 3826 761 3881; x_wconf 81' lang='lat' dir='ltr'><strong>veniam</strong></span> <span class='ocrx_word' id='word_1_520' title='bbox 794 3828 1223 3897; x_wconf 88' lang='lat' dir='ltr'><strong>consequendam</strong></span> <span class='ocrx_word' id='word_1_521' title='bbox 1261 3828 1686 3895; x_wconf 83' lang='lat' dir='ltr'><strong>iguorantiaruut</strong></span> <span class='ocrx_word' id='word_1_522' title='bbox 1714 3832 1895 3901; x_wconf 86' lang='lat' dir='ltr'><strong>populi</strong></span> <span class='ocrx_word' id='word_1_523' title='bbox 1931 3834 2026 3899; x_wconf 91' lang='lat' dir='ltr'><strong>tui,</strong></span> <span class='ocrx_word' id='word_1_524' title='bbox 2057 3836 2123 3890; x_wconf 86' lang='lat' dir='ltr'><strong>ad</strong></span> 
     </span>
    </p>
   </div>
   <div class='ocr_carea' id='block_1_72' title="bbox 550 3917 2125 3992">
    <p class='ocr_par' dir='ltr' id='par_1_72' title="bbox 550 3917 2125 3992">
     <span class='ocr_line' id='line_1_72' title="bbox 550 3917 2125 3992; baseline 0.006 -22"><span class='ocrx_word' id='word_1_525' title='bbox 550 3917 793 3987; x_wconf 86' lang='lat' dir='ltr'><strong>requiem</strong></span> <span class='ocrx_word' id='word_1_526' title='bbox 822 3929 877 3972; x_wconf 89' lang='lat' dir='ltr'><strong>et</strong></span> <span class='ocrx_word' id='word_1_527' title='bbox 901 3918 1237 3989; x_wconf 75' lang='lat' dir='ltr'><strong>refrigerium</strong></span> <span class='ocrx_word' id='word_1_528' title='bbox 1273 3919 1659 3975; x_wconf 81' lang='lat' dir='ltr'><strong>defunctorum</strong></span> <span class='ocrx_word' id='word_1_529' title='bbox 1689 3934 1901 3992; x_wconf 87' lang='lat' dir='ltr'><strong>patrum</strong></span> <span class='ocrx_word' id='word_1_530' title='bbox 1937 3934 1992 3985; x_wconf 91' lang='lat' dir='ltr'><strong>et</strong></span> <span class='ocrx_word' id='word_1_531' title='bbox 2015 3926 2125 3980; x_wconf 82' lang='lat' dir='ltr'><strong>ira-</strong></span> 
     </span>
    </p>
   </div>
   <div class='ocr_carea' id='block_1_73' title="bbox 553 4011 2125 4090">
    <p class='ocr_par' dir='ltr' id='par_1_73' title="bbox 553 4011 2125 4090">
     <span class='ocr_line' id='line_1_73' title="bbox 553 4011 2125 4090; baseline 0.009 -28"><span class='ocrx_word' id='word_1_532' title='bbox 553 4018 694 4064; x_wconf 89' lang='lat' dir='ltr'><strong>trum</strong></span> <span class='ocrx_word' id='word_1_533' title='bbox 728 4021 1053 4076; x_wconf 90' lang='lat' dir='ltr'><strong>nostrorum,</strong></span> <span class='ocrx_word' id='word_1_534' title='bbox 1104 4020 1158 4066; x_wconf 93' lang='lat' dir='ltr'><strong>et</strong></span> <span class='ocrx_word' id='word_1_535' title='bbox 1184 4011 1248 4065; x_wconf 88' lang='lat' dir='ltr'><strong>ad</strong></span> <span class='ocrx_word' id='word_1_536' title='bbox 1311 4012 1779 4071; x_wconf 82' lang='lat' dir='ltr'><strong>continuationem</strong></span> <span class='ocrx_word' id='word_1_537' title='bbox 1840 4020 2003 4075; x_wconf 89' lang='lat' dir='ltr'><strong>totius</strong></span> <span class='ocrx_word' id='word_1_538' title='bbox 2038 4036 2125 4090; x_wconf 53' lang='lat' dir='ltr'><strong>po.</strong></span> 
     </span>
    </p>
   </div>
   <div class='ocr_carea' id='block_1_74' title="bbox 551 4104 2123 4183">
    <p class='ocr_par' dir='ltr' id='par_1_74' title="bbox 551 4104 2123 4183">
     <span class='ocr_line' id='line_1_74' title="bbox 551 4104 2123 4183; baseline 0.01 -29"><span class='ocrx_word' id='word_1_539' title='bbox 551 4104 660 4171; x_wconf 88' lang='lat' dir='ltr'><strong>puli</strong></span> <span class='ocrx_word' id='word_1_540' title='bbox 699 4106 793 4169; x_wconf 88' lang='lat' dir='ltr'><strong>ttti,</strong></span> <span class='ocrx_word' id='word_1_541' title='bbox 821 4114 874 4159; x_wconf 90' lang='lat' dir='ltr'><strong>et</strong></span> <span class='ocrx_word' id='word_1_542' title='bbox 905 4105 969 4158; x_wconf 88' lang='lat' dir='ltr'><strong>ad</strong></span> <span class='ocrx_word' id='word_1_543' title='bbox 1007 4104 1231 4176; x_wconf 88' lang='lat' dir='ltr'><strong>gloriam</strong></span> <span class='ocrx_word' id='word_1_544' title='bbox 1258 4114 1427 4170; x_wconf 88' lang='lat' dir='ltr'><strong>tuaut,</strong></span> <span class='ocrx_word' id='word_1_545' title='bbox 1468 4106 1643 4164; x_wconf 82' lang='lat' dir='ltr'><strong>Patris</strong></span> <span class='ocrx_word' id='word_1_546' title='bbox 1675 4120 1732 4165; x_wconf 91' lang='lat' dir='ltr'><strong>et</strong></span> <span class='ocrx_word' id='word_1_547' title='bbox 1759 4109 1879 4166; x_wconf 88' lang='lat' dir='ltr'><strong>Filii</strong></span> <span class='ocrx_word' id='word_1_548' title='bbox 1919 4122 1971 4168; x_wconf 90' lang='lat' dir='ltr'><strong>et</strong></span> <span class='ocrx_word' id='word_1_549' title='bbox 2003 4114 2123 4183; x_wconf 92' lang='lat' dir='ltr'><strong>Spi-</strong></span> 
     </span>
    </p>
   </div>
   <div class='ocr_carea' id='block_1_75' title="bbox 553 4196 1242 4263">
    <p class='ocr_par' dir='ltr' id='par_1_75' title="bbox 553 4196 1242 4263">
     <span class='ocr_line' id='line_1_75' title="bbox 553 4196 1242 4263; baseline 0.003 -14"><span class='ocrx_word' id='word_1_550' title='bbox 553 4196 691 4249; x_wconf 88' lang='lat' dir='ltr'><strong>ritus</strong></span> <span class='ocrx_word' id='word_1_551' title='bbox 720 4198 917 4263; x_wconf 79' lang='lat' dir='ltr'><strong>sancti,</strong></span> <span class='ocrx_word' id='word_1_552' title='bbox 951 4213 1113 4261; x_wconf 93' lang='lat' dir='ltr'><strong>nuuc,</strong></span> <span class='ocrx_word' id='word_1_553' title='bbox 1138 4209 1242 4251; x_wconf 89' lang='lat' dir='ltr'><strong>etc.</strong></span> 
     </span>
    </p>
   </div>
   <div class='ocr_carea' id='block_1_76' title="bbox 2218 3196 3806 3273">
    <p class='ocr_par' dir='ltr' id='par_1_76' title="bbox 2218 3196 3806 3273">
     <span class='ocr_line' id='line_1_76' title="bbox 2218 3196 3806 3273; baseline -0.004 -17"><span class='ocrx_word' id='word_1_554' title='bbox 2218 3202 2313 3257; x_wconf 71' lang='grc' dir='ltr'><strong>καὶ</strong></span> <span class='ocrx_word' id='word_1_555' title='bbox 2356 3202 2477 3256; x_wconf 85' lang='grc' dir='ltr'>ὅλον</span> <span class='ocrx_word' id='word_1_556' title='bbox 2528 3219 2595 3273; x_wconf 81' lang='grc' dir='ltr'><strong>με</strong></span> <span class='ocrx_word' id='word_1_557' title='bbox 2642 3200 2889 3271; x_wconf 90' lang='grc' dir='ltr'>ἁγίασον,</span> <span class='ocrx_word' id='word_1_558' title='bbox 2939 3200 3027 3254; x_wconf 74' lang='grc' dir='ltr'><strong>ἵνα</strong></span> <span class='ocrx_word' id='word_1_559' title='bbox 3077 3199 3150 3271; x_wconf 78' lang='grc' dir='ltr'>μὴ</span> <span class='ocrx_word' id='word_1_560' title='bbox 3205 3197 3461 3253; x_wconf 75' lang='grc' dir='ltr'>ἱκετεύων</span> <span class='ocrx_word' id='word_1_561' title='bbox 3512 3214 3570 3250; x_wconf 89' lang='grc' dir='ltr'><strong>σε</strong></span> <span class='ocrx_word' id='word_1_562' title='bbox 3613 3196 3806 3251; x_wconf 78' lang='grc' dir='ltr'>δοῦναι</span> 
     </span>
    </p>
   </div>
   <div class='ocr_carea' id='block_1_77' title="bbox 2217 3290 3803 3367">
    <p class='ocr_par' dir='ltr' id='par_1_77' title="bbox 2217 3290 3803 3367">
     <span class='ocr_line' id='line_1_77' title="bbox 2217 3290 3803 3367; baseline -0.006 -17"><span class='ocrx_word' id='word_1_563' title='bbox 2217 3296 2409 3364; x_wconf 80' lang='grc' dir='ltr'>ἄφεσιν</span> <span class='ocrx_word' id='word_1_564' title='bbox 2445 3295 2624 3358; x_wconf 82' lang='grc' dir='ltr'>ἄλλοις</span> <span class='ocrx_word' id='word_1_565' title='bbox 2672 3292 2977 3367; x_wconf 84' lang='grc' dir='ltr'>ἁμαρτιῶν,</span> <span class='ocrx_word' id='word_1_566' title='bbox 3021 3293 3182 3356; x_wconf 77' lang='grc' dir='ltr'>αὐτὸς</span> <span class='ocrx_word' id='word_1_567' title='bbox 3229 3292 3485 3362; x_wconf 80' lang='grc' dir='ltr'><strong>ἀδόκιμος</strong></span> <span class='ocrx_word' id='word_1_568' title='bbox 3528 3290 3803 3360; x_wconf 83' lang='grc' dir='ltr'>γένωμαι.</span> 
     </span>
    </p>
   </div>
   <div class='ocr_carea' id='block_1_78' title="bbox 2217 3381 3806 3458">
    <p class='ocr_par' dir='ltr' id='par_1_78' title="bbox 2217 3381 3806 3458">
     <span class='ocr_line' id='line_1_78' title="bbox 2217 3381 3806 3458; baseline -0.001 -20"><span class='ocrx_word' id='word_1_569' title='bbox 2217 3385 2345 3448; x_wconf 80' lang='grc' dir='ltr'>Ναὶ,</span> <span class='ocrx_word' id='word_1_570' title='bbox 2381 3385 2573 3455; x_wconf 82' lang='grc' dir='ltr'>Κύριε,</span> <span class='ocrx_word' id='word_1_571' title='bbox 2624 3386 2699 3457; x_wconf 85' lang='grc' dir='ltr'>μὴ</span> <span class='ocrx_word' id='word_1_572' title='bbox 2744 3386 3156 3458; x_wconf 74' lang='grc' dir='ltr'>ἁποστραφείης</span> <span class='ocrx_word' id='word_1_573' title='bbox 3222 3402 3289 3456; x_wconf 80' lang='grc' dir='ltr'><strong>με</strong></span> <span class='ocrx_word' id='word_1_574' title='bbox 3335 3381 3806 3450; x_wconf 82' lang='grc' dir='ltr'>τεταπεινωμένον</span> 
     </span>
    </p>
   </div>
   <div class='ocr_carea' id='block_1_79' title="bbox 2227 3473 3810 3550">
    <p class='ocr_par' dir='ltr' id='par_1_79' title="bbox 2227 3473 3810 3550">
     <span class='ocr_line' id='line_1_79' title="bbox 2227 3473 3810 3550; baseline -0.004 -19"><span class='ocrx_word' id='word_1_575' title='bbox 2227 3478 2321 3532; x_wconf 70' lang='grc' dir='ltr'><strong>καὶ</strong></span> <span class='ocrx_word' id='word_1_576' title='bbox 2358 3477 2833 3550; x_wconf 80' lang='grc' dir='ltr'>κατησχυμμένον,</span> <span class='ocrx_word' id='word_1_577' title='bbox 2875 3477 2989 3530; x_wconf 85' lang='grc' dir='ltr'>ἁλλ’</span> <span class='ocrx_word' id='word_1_578' title='bbox 3029 3475 3407 3543; x_wconf 82' lang='grc' dir='ltr'>ὲξαπόστειλόν</span> <span class='ocrx_word' id='word_1_579' title='bbox 3448 3492 3534 3545; x_wconf 92' lang='grc' dir='ltr'>μοι</span> <span class='ocrx_word' id='word_1_580' title='bbox 3573 3473 3671 3544; x_wconf 82' lang='grc' dir='ltr'>τὴν</span> <span class='ocrx_word' id='word_1_581' title='bbox 3702 3473 3810 3542; x_wconf 84' lang='grc' dir='ltr'>χὰ-</span> 
     </span>
    </p>
   </div>
   <div class='ocr_carea' id='block_1_80' title="bbox 2231 3562 3915 3643">
    <p class='ocr_par' dir='ltr' id='par_1_80' title="bbox 2231 3562 3915 3643">
     <span class='ocr_line' id='line_1_80' title="bbox 2231 3562 3915 3643; baseline -0.004 -20"><span class='ocrx_word' id='word_1_582' title='bbox 2231 3588 2314 3643; x_wconf 88' lang='grc' dir='ltr'>ριν</span> <span class='ocrx_word' id='word_1_583' title='bbox 2349 3571 2443 3625; x_wconf 79' lang='grc' dir='ltr'><strong>τοῦ</strong></span> <span class='ocrx_word' id='word_1_584' title='bbox 2476 3571 2630 3641; x_wconf 87' lang='grc' dir='ltr'>ἁγίου</span> <span class='ocrx_word' id='word_1_585' title='bbox 2670 3589 2763 3625; x_wconf 93' lang='grc' dir='ltr'>σου</span> <span class='ocrx_word' id='word_1_586' title='bbox 2802 3571 3146 3642; x_wconf 81' lang='grc' dir='ltr'>Πνεύματος,</span> <span class='ocrx_word' id='word_1_587' title='bbox 3184 3570 3277 3623; x_wconf 73' lang='grc' dir='ltr'><strong>καὶ</strong></span> <span class='ocrx_word' id='word_1_588' title='bbox 3318 3567 3543 3633; x_wconf 80' lang='grc' dir='ltr'>ἀξίωσόν</span> <span class='ocrx_word' id='word_1_589' title='bbox 3588 3583 3654 3637; x_wconf 88' lang='grc' dir='ltr'>με</span> <span class='ocrx_word' id='word_1_590' title='bbox 3698 3583 3808 3617; x_wconf 87' lang='grc' dir='ltr'>πα-</span> <span class='ocrx_word' id='word_1_591' title='bbox 3906 3562 3915 3573; x_wconf 83' lang='grc'><em>’</em></span> 
     </span>
    </p>
   </div>
   <div class='ocr_carea' id='block_1_81' title="bbox 2234 3659 3807 3736">
    <p class='ocr_par' dir='ltr' id='par_1_81' title="bbox 2234 3659 3807 3736">
     <span class='ocr_line' id='line_1_81' title="bbox 2234 3659 3807 3736; baseline -0.005 -18"><span class='ocrx_word' id='word_1_592' title='bbox 2234 3667 2496 3736; x_wconf 79' lang='grc' dir='ltr'>ραστῆναι</span> <span class='ocrx_word' id='word_1_593' title='bbox 2527 3665 2618 3717; x_wconf 70' lang='grc' dir='ltr'><strong>ἐπὶ</strong></span> <span class='ocrx_word' id='word_1_594' title='bbox 2655 3664 2715 3717; x_wconf 78' lang='grc' dir='ltr'>τὸ</span> <span class='ocrx_word' id='word_1_595' title='bbox 2754 3664 2908 3733; x_wconf 87' lang='grc' dir='ltr'>ἆγιόν</span> <span class='ocrx_word' id='word_1_596' title='bbox 2954 3680 3047 3717; x_wconf 90' lang='grc' dir='ltr'>σου</span> <span class='ocrx_word' id='word_1_597' title='bbox 3081 3662 3461 3734; x_wconf 76' lang='grc' dir='ltr'>Θυσιαστήριον</span> <span class='ocrx_word' id='word_1_598' title='bbox 3501 3659 3807 3730; x_wconf 85' lang='grc' dir='ltr'>ἀκατακρί-</span> 
     </span>
    </p>
   </div>
   <div class='ocr_carea' id='block_1_82' title="bbox 2229 3751 3806 3828">
    <p class='ocr_par' dir='ltr' id='par_1_82' title="bbox 2229 3751 3806 3828">
     <span class='ocr_line' id='line_1_82' title="bbox 2229 3751 3806 3828; baseline -0.004 -19"><span class='ocrx_word' id='word_1_599' title='bbox 2229 3772 2368 3819; x_wconf 87' lang='grc' dir='ltr'>τως,</span> <span class='ocrx_word' id='word_1_600' title='bbox 2410 3756 2505 3808; x_wconf 63' lang='grc' dir='ltr'><strong>κα)⁵</strong></span> <span class='ocrx_word' id='word_1_601' title='bbox 2543 3756 2871 3828; x_wconf 67' lang='grc' dir='ltr'>προσφέρειν</span> <span class='ocrx_word' id='word_1_602' title='bbox 2912 3772 2994 3808; x_wconf 92' lang='grc' dir='ltr'>σοι</span> <span class='ocrx_word' id='word_1_603' title='bbox 3053 3753 3273 3824; x_wconf 82' lang='grc' dir='ltr'>λογικὴν</span> <span class='ocrx_word' id='word_1_604' title='bbox 3322 3754 3415 3806; x_wconf 73' lang='grc' dir='ltr'>καὶ</span> <span class='ocrx_word' id='word_1_605' title='bbox 3465 3751 3806 3821; x_wconf 82' lang='grc' dir='ltr'>ἀναίμακτον</span> 
     </span>
    </p>
   </div>
   <div class='ocr_carea' id='block_1_83' title="bbox 2232 3841 3804 3918">
    <p class='ocr_par' dir='ltr' id='par_1_83' title="bbox 2232 3841 3804 3918">
     <span class='ocr_line' id='line_1_83' title="bbox 2232 3841 3804 3918; baseline -0.003 -21"><span class='ocrx_word' id='word_1_606' title='bbox 2232 3846 2549 3917; x_wconf 77' lang='grc' dir='ltr'>προσφορὰν</span> <span class='ocrx_word' id='word_1_607' title='bbox 2588 3846 2811 3918; x_wconf 80' lang='grc' dir='ltr'>ταύτην,</span> <span class='ocrx_word' id='word_1_608' title='bbox 2848 3844 2983 3916; x_wconf 82' lang='grc' dir='ltr'>μετὰ</span> <span class='ocrx_word' id='word_1_609' title='bbox 3024 3844 3379 3915; x_wconf 85' lang='grc' dir='ltr'>συνειδήσεως</span> <span class='ocrx_word' id='word_1_610' title='bbox 3425 3841 3690 3913; x_wconf 72' lang='grc' dir='ltr'>καθαρᾶς,</span> <span class='ocrx_word' id='word_1_611' title='bbox 3722 3842 3804 3903; x_wconf 83' lang='grc' dir='ltr'><strong>εἰς</strong></span> 
     </span>
    </p>
   </div>
   <div class='ocr_carea' id='block_1_84' title="bbox 2234 3932 3802 4012">
    <p class='ocr_par' dir='ltr' id='par_1_84' title="bbox 2234 3932 3802 4012">
     <span class='ocr_line' id='line_1_84' title="bbox 2234 3932 3802 4012; baseline -0.015 -7"><span class='ocrx_word' id='word_1_612' title='bbox 2234 3936 2578 4010; x_wconf 77' lang='grc' dir='ltr'>συγχώρησιν</span> <span class='ocrx_word' id='word_1_613' title='bbox 2617 3938 2729 3992; x_wconf 84' lang='grc' dir='ltr'><strong>τῶν</strong></span> <span class='ocrx_word' id='word_1_614' title='bbox 2761 3941 2914 4012; x_wconf 80' lang='grc' dir='ltr'><strong>ἡμῶν</strong></span> <span class='ocrx_word' id='word_1_615' title='bbox 2947 3937 3377 4011; x_wconf 83' lang='grc' dir='ltr'>ἁμαρτημάτων,</span> <span class='ocrx_word' id='word_1_616' title='bbox 3412 3936 3505 3988; x_wconf 65' lang='grc' dir='ltr'><strong>καὶ¹</strong></span> <span class='ocrx_word' id='word_1_617' title='bbox 3538 3932 3646 3986; x_wconf 84' lang='grc' dir='ltr'>τῶν</span> <span class='ocrx_word' id='word_1_618' title='bbox 3692 3948 3802 3984; x_wconf 85' lang='grc' dir='ltr'>πα-</span> 
     </span>
    </p>
   </div>
   <div class='ocr_carea' id='block_1_85' title="bbox 2234 4022 3804 4101">
    <p class='ocr_par' dir='ltr' id='par_1_85' title="bbox 2234 4022 3804 4101">
     <span class='ocr_line' id='line_1_85' title="bbox 2234 4022 3804 4101; baseline -0.005 -19"><span class='ocrx_word' id='word_1_619' title='bbox 2234 4030 2647 4101; x_wconf 74' lang='grc' dir='ltr'>ραπτωμάτωνο</span> <span class='ocrx_word' id='word_1_620' title='bbox 2689 4031 2784 4085; x_wconf 77' lang='grc' dir='ltr'><strong>καὶ</strong></span> <span class='ocrx_word' id='word_1_621' title='bbox 2843 4033 2921 4095; x_wconf 86' lang='grc' dir='ltr'><strong>είς</strong></span> <span class='ocrx_word' id='word_1_622' title='bbox 2981 4032 3173 4101; x_wconf 81' lang='grc' dir='ltr'>ἄφεσιν</span> <span class='ocrx_word' id='word_1_623' title='bbox 3222 4028 3328 4081; x_wconf 83' lang='grc' dir='ltr'><strong>τῶν</strong></span> <span class='ocrx_word' id='word_1_624' title='bbox 3381 4024 3474 4079; x_wconf 78' lang='grc' dir='ltr'><strong>τοῦ</strong></span> <span class='ocrx_word' id='word_1_625' title='bbox 3526 4022 3656 4077; x_wconf 77' lang='grc' dir='ltr'>λαοῦ</span> <span class='ocrx_word' id='word_1_626' title='bbox 3708 4039 3804 4075; x_wconf 89' lang='grc' dir='ltr'>σου</span> 
     </span>
    </p>
   </div>
   <div class='ocr_carea' id='block_1_86' title="bbox 2232 4116 3807 4194">
    <p class='ocr_par' dir='ltr' id='par_1_86' title="bbox 2232 4116 3807 4194">
     <span class='ocr_line' id='line_1_86' title="bbox 2232 4116 3807 4194; baseline -0.004 -19"><span class='ocrx_word' id='word_1_627' title='bbox 2232 4124 2610 4194; x_wconf 69' lang='grc' dir='ltr'>ἀγνοημάτων*</span> <span class='ocrx_word' id='word_1_628' title='bbox 2640 4126 2718 4189; x_wconf 80' lang='grc' dir='ltr'>είς</span> <span class='ocrx_word' id='word_1_629' title='bbox 2738 4125 3041 4178; x_wconf 82' lang='grc' dir='ltr'>ἀνάπαυσιν</span> <span class='ocrx_word' id='word_1_630' title='bbox 3082 4123 3173 4177; x_wconf 77' lang='grc' dir='ltr'>καὶ</span> <span class='ocrx_word' id='word_1_631' title='bbox 3203 4119 3481 4190; x_wconf 71' lang='grc' dir='ltr'><strong>ἀναψυχὴν</strong></span> <span class='ocrx_word' id='word_1_632' title='bbox 3514 4116 3621 4170; x_wconf 85' lang='grc' dir='ltr'>τῶν</span> <span class='ocrx_word' id='word_1_633' title='bbox 3667 4132 3807 4187; x_wconf 82' lang='grc' dir='ltr'>προ-</span> 
     </span>
    </p>
   </div>
   <div class='ocr_carea' id='block_1_87' title="bbox 2232 4206 3805 4285">
    <p class='ocr_par' dir='ltr' id='par_1_87' title="bbox 2232 4206 3805 4285">
     <span class='ocr_line' id='line_1_87' title="bbox 2232 4206 3805 4285; baseline -0.004 -21"><span class='ocrx_word' id='word_1_634' title='bbox 2232 4214 2647 4285; x_wconf 80' lang='grc' dir='ltr'>κεκοιμημένων</span> <span class='ocrx_word' id='word_1_635' title='bbox 2682 4214 2931 4285; x_wconf 83' lang='grc' dir='ltr'>πατέρων</span> <span class='ocrx_word' id='word_1_636' title='bbox 2962 4213 3117 4285; x_wconf 79' lang='grc' dir='ltr'><strong>ἡμῶν</strong></span> <span class='ocrx_word' id='word_1_637' title='bbox 3150 4213 3243 4267; x_wconf 70' lang='grc' dir='ltr'><strong>καὶ</strong></span> <span class='ocrx_word' id='word_1_638' title='bbox 3280 4208 3542 4277; x_wconf 74' lang='grc' dir='ltr'>ἀδελφῶν,</span> <span class='ocrx_word' id='word_1_639' title='bbox 3587 4207 3681 4260; x_wconf 76' lang='grc' dir='ltr'>καὶ</span> <span class='ocrx_word' id='word_1_640' title='bbox 3725 4206 3805 4268; x_wconf 79' lang='grc' dir='ltr'><strong>εἰς</strong></span> 
     </span>
    </p>
   </div>
   <div class='ocr_carea' id='block_1_88' title="bbox 555 4292 3804 4376">
    <p class='ocr_par' dir='ltr' id='par_1_88' title="bbox 555 4292 3804 4376">
     <span class='ocr_line' id='line_1_88' title="bbox 555 4292 3804 4376; baseline 0.001 -29"><span class='ocrx_word' id='word_1_641' title='bbox 555 4294 854 4365; x_wconf 75' lang='grc' dir='ltr'>στηριγμδν</span> <span class='ocrx_word' id='word_1_642' title='bbox 886 4293 1085 4357; x_wconf 82' lang='grc' dir='ltr'>παντὸς</span> <span class='ocrx_word' id='word_1_643' title='bbox 1128 4293 1220 4346; x_wconf 80' lang='grc' dir='ltr'>τοῦ</span> <span class='ocrx_word' id='word_1_644' title='bbox 1252 4292 1382 4347; x_wconf 77' lang='grc' dir='ltr'>λαοῦ</span> <span class='ocrx_word' id='word_1_645' title='bbox 1416 4310 1533 4361; x_wconf 89' lang='grc' dir='ltr'>σου,</span> <span class='ocrx_word' id='word_1_646' title='bbox 1578 4297 1658 4360; x_wconf 82' lang='grc' dir='ltr'><strong>είς</strong></span> <span class='ocrx_word' id='word_1_647' title='bbox 1702 4295 1860 4364; x_wconf 79' lang='grc' dir='ltr'>δόξαν</span> <span class='ocrx_word' id='word_1_648' title='bbox 1904 4297 2003 4369; x_wconf 74' lang='grc' dir='ltr'><strong>σὴν</strong></span> <span class='ocrx_word' id='word_1_649' title='bbox 2060 4299 2156 4353; x_wconf 79' lang='grc' dir='ltr'>τοῦ</span> <span class='ocrx_word' id='word_1_650' title='bbox 2225 4305 2435 4376; x_wconf 86' lang='grc' dir='ltr'>Πατρὸς</span> <span class='ocrx_word' id='word_1_651' title='bbox 2485 4307 2577 4360; x_wconf 80' lang='grc' dir='ltr'><strong>καὶ</strong></span> <span class='ocrx_word' id='word_1_652' title='bbox 2626 4307 2720 4360; x_wconf 80' lang='grc' dir='ltr'>τοῦ</span> <span class='ocrx_word' id='word_1_653' title='bbox 2776 4305 2940 4372; x_wconf 78' lang='grc' dir='ltr'><strong>Υίοῦ,</strong></span> <span class='ocrx_word' id='word_1_654' title='bbox 2994 4305 3090 4360; x_wconf 76' lang='grc' dir='ltr'><strong>καὶ</strong></span> <span class='ocrx_word' id='word_1_655' title='bbox 3140 4303 3231 4357; x_wconf 76' lang='grc' dir='ltr'>τοῦ</span> <span class='ocrx_word' id='word_1_656' title='bbox 3281 4302 3437 4371; x_wconf 91' lang='grc' dir='ltr'>ἁγίου</span> <span class='ocrx_word' id='word_1_657' title='bbox 3490 4298 3804 4370; x_wconf 74' lang='grc' dir='ltr'>Πνεῦματος</span> 
     </span>
    </p>
   </div>
   <div class='ocr_carea' id='block_1_89' title="bbox 559 4390 668 4445">
    <p class='ocr_par' dir='ltr' id='par_1_89' title="bbox 559 4390 668 4445">
     <span class='ocr_line' id='line_1_89' title="bbox 559 4390 668 4445; baseline -0.009 0"><span class='ocrx_word' id='word_1_658' title='bbox 559 4390 668 4445; x_wconf 70' lang='grc' dir='ltr'>νῦν.</span> 
     </span>
    </p>
   </div>
   <div class='ocr_carea' id='block_1_90' title="bbox 1143 4487 1523 4557">
    <p class='ocr_par' dir='ltr' id='par_1_90' title="bbox 1143 4487 1523 4557">
     <span class='ocr_line' id='line_1_90' title="bbox 1143 4487 1523 4557; baseline 0.005 -16"><span class='ocrx_word' id='word_1_659' title='bbox 1143 4487 1327 4541; x_wconf 80' lang='lat' dir='ltr'><strong>Oratio</strong></span> <span class='ocrx_word' id='word_1_660' title='bbox 1356 4490 1523 4557; x_wconf 76' lang='lat' dir='ltr'><strong>pacis.</strong></span> 
     </span>
    </p>
   </div>
   <div class='ocr_carea' id='block_1_91' title="bbox 596 4576 1560 4637">
    <p class='ocr_par' dir='ltr' id='par_1_91' title="bbox 596 4576 1560 4637">
     <span class='ocr_line' id='line_1_91' title="bbox 596 4576 1560 4637; baseline 0.005 -10"><span class='ocrx_word' id='word_1_661' title='bbox 596 4636 599 4637; x_wconf 20' lang='grc' dir='ltr'><strong>ν</strong></span> <span class='ocrx_word' id='word_1_662' title='bbox 1120 4576 1229 4631; x_wconf 81' lang='lat' dir='ltr'><strong>Pax</strong></span> <span class='ocrx_word' id='word_1_663' title='bbox 1289 4582 1560 4634; x_wconf 87' lang='lat' dir='ltr'><strong>otuttihus.</strong></span> 
     </span>
    </p>
   </div>
   <div class='ocr_carea' id='block_1_92' title="bbox 626 4667 2126 4741">
    <p class='ocr_par' dir='ltr' id='par_1_92' title="bbox 626 4667 2126 4741">
     <span class='ocr_line' id='line_1_92' title="bbox 626 4667 2126 4741; baseline 0.003 -18"><span class='ocrx_word' id='word_1_664' title='bbox 626 4667 706 4723; x_wconf 85' lang='lat' dir='ltr'><strong>Tu</strong></span> <span class='ocrx_word' id='word_1_665' title='bbox 742 4668 832 4738; x_wconf 86' lang='lat' dir='ltr'><strong>qui</strong></span> <span class='ocrx_word' id='word_1_666' title='bbox 864 4683 945 4732; x_wconf 86' lang='lat' dir='ltr'><strong>es,</strong></span> <span class='ocrx_word' id='word_1_667' title='bbox 973 4677 1028 4722; x_wconf 91' lang='lat' dir='ltr'><strong>et</strong></span> <span class='ocrx_word' id='word_1_668' title='bbox 1054 4669 1121 4722; x_wconf 89' lang='lat' dir='ltr'><strong>ab</strong></span> <span class='ocrx_word' id='word_1_669' title='bbox 1145 4678 1348 4724; x_wconf 77' lang='lat' dir='ltr'><strong>zeteruo</strong></span> <span class='ocrx_word' id='word_1_670' title='bbox 1383 4671 1733 4738; x_wconf 66' lang='lat' dir='ltr'><strong>puccxsistis,</strong></span> <span class='ocrx_word' id='word_1_671' title='bbox 1756 4680 1811 4726; x_wconf 91' lang='lat' dir='ltr'><strong>et</strong></span> <span class='ocrx_word' id='word_1_672' title='bbox 1837 4686 2126 4741; x_wconf 89' lang='lat' dir='ltr'><strong>permaues</strong></span> 
     </span>
    </p>
   </div>
   <div class='ocr_carea' id='block_1_93' title="bbox 557 4756 2126 4835">
    <p class='ocr_par' dir='ltr' id='par_1_93' title="bbox 557 4756 2126 4835">
     <span class='ocr_line' id='line_1_93' title="bbox 557 4756 2126 4835; baseline 0.003 -20"><span class='ocrx_word' id='word_1_673' title='bbox 557 4759 612 4815; x_wconf 89' lang='lat' dir='ltr'><strong>in</strong></span> <span class='ocrx_word' id='word_1_674' title='bbox 635 4758 851 4823; x_wconf 75' lang='lat' dir='ltr'><strong>szecula,</strong></span> <span class='ocrx_word' id='word_1_675' title='bbox 878 4756 1022 4812; x_wconf 89' lang='lat' dir='ltr'><strong>Patri</strong></span> <span class='ocrx_word' id='word_1_676' title='bbox 1050 4770 1351 4815; x_wconf 63' lang='lat' dir='ltr'><strong>coaeternus</strong></span> <span class='ocrx_word' id='word_1_677' title='bbox 1379 4771 1433 4814; x_wconf 88' lang='lat' dir='ltr'><strong>et</strong></span> <span class='ocrx_word' id='word_1_678' title='bbox 1458 4764 1949 4829; x_wconf 88' lang='lat' dir='ltr'><strong>consubstantialis,</strong></span> <span class='ocrx_word' id='word_1_679' title='bbox 1981 4766 2126 4835; x_wconf 80' lang='lat' dir='ltr'><strong>ejus-</strong></span> 
     </span>
    </p>
   </div>
   <div class='ocr_carea' id='block_1_94' title="bbox 558 4848 2125 4927">
    <p class='ocr_par' dir='ltr' id='par_1_94' title="bbox 558 4848 2125 4927">
     <span class='ocr_line' id='line_1_94' title="bbox 558 4848 2125 4927; baseline 0.006 -26"><span class='ocrx_word' id='word_1_680' title='bbox 558 4848 678 4901; x_wconf 88' lang='lat' dir='ltr'><strong>dem</strong></span> <span class='ocrx_word' id='word_1_681' title='bbox 732 4849 942 4913; x_wconf 86' lang='lat' dir='ltr'><strong>throni,</strong></span> <span class='ocrx_word' id='word_1_682' title='bbox 993 4859 1048 4904; x_wconf 88' lang='lat' dir='ltr'><strong>et</strong></span> <span class='ocrx_word' id='word_1_683' title='bbox 1102 4852 1395 4907; x_wconf 86' lang='lat' dir='ltr'><strong>creatiouis</strong></span> <span class='ocrx_word' id='word_1_684' title='bbox 1446 4855 1649 4910; x_wconf 88' lang='lat' dir='ltr'><strong>socius.</strong></span> <span class='ocrx_word' id='word_1_685' title='bbox 1709 4855 1810 4922; x_wconf 86' lang='lat' dir='ltr'><strong>Qui</strong></span> <span class='ocrx_word' id='word_1_686' title='bbox 1839 4873 1935 4927; x_wconf 89' lang='lat' dir='ltr'><strong>per</strong></span> <span class='ocrx_word' id='word_1_687' title='bbox 1960 4858 2125 4913; x_wconf 86' lang='lat' dir='ltr'><strong>solam</strong></span> 
     </span>
    </p>
   </div>
   <div class='ocr_carea' id='block_1_95' title="bbox 560 4939 2128 5004">
    <p class='ocr_par' dir='ltr' id='par_1_95' title="bbox 560 4939 2128 5004">
     <span class='ocr_line' id='line_1_95' title="bbox 560 4939 2128 5004; baseline 0.006 -11"><span class='ocrx_word' id='word_1_688' title='bbox 560 4939 854 4994; x_wconf 83' lang='lat' dir='ltr'><strong>bonitatem</strong></span> <span class='ocrx_word' id='word_1_689' title='bbox 877 4955 943 4995; x_wconf 75' lang='lat' dir='ltr'><strong>ex</strong></span> <span class='ocrx_word' id='word_1_690' title='bbox 966 4942 1131 4996; x_wconf 89' lang='lat' dir='ltr'><strong>nihilo</strong></span> <span class='ocrx_word' id='word_1_691' title='bbox 1161 4943 1227 4997; x_wconf 90' lang='lat' dir='ltr'><strong>ad</strong></span> <span class='ocrx_word' id='word_1_692' title='bbox 1258 4945 1625 5000; x_wconf 76' lang='lat' dir='ltr'><strong>cxsisteudum</strong></span> <span class='ocrx_word' id='word_1_693' title='bbox 1658 4948 1923 5003; x_wconf 80' lang='lat' dir='ltr'><strong>adduxisti</strong></span> <span class='ocrx_word' id='word_1_694' title='bbox 1957 4950 2128 5004; x_wconf 88' lang='lat' dir='ltr'><strong>homi-</strong></span> 
     </span>
    </p>
   </div>
   <div class='ocr_carea' id='block_1_96' title="bbox 561 5036 2120 5112">
    <p class='ocr_par' dir='ltr' id='par_1_96' title="bbox 561 5036 2120 5112">
     <span class='ocr_line' id='line_1_96' title="bbox 561 5036 2120 5112; baseline 0.007 -27"><span class='ocrx_word' id='word_1_695' title='bbox 561 5046 708 5100; x_wconf 89' lang='lat' dir='ltr'><strong>nem,</strong></span> <span class='ocrx_word' id='word_1_696' title='bbox 735 5042 790 5087; x_wconf 90' lang='lat' dir='ltr'><strong>et</strong></span> <span class='ocrx_word' id='word_1_697' title='bbox 839 5049 962 5088; x_wconf 88' lang='lat' dir='ltr'><strong>eum</strong></span> <span class='ocrx_word' id='word_1_698' title='bbox 1018 5036 1345 5091; x_wconf 81' lang='lat' dir='ltr'><strong>constituisti</strong></span> <span class='ocrx_word' id='word_1_699' title='bbox 1400 5038 1453 5092; x_wconf 92' lang='lat' dir='ltr'><strong>iu</strong></span> <span class='ocrx_word' id='word_1_700' title='bbox 1510 5041 1762 5110; x_wconf 87' lang='lat' dir='ltr'><strong>paradiso</strong></span> <span class='ocrx_word' id='word_1_701' title='bbox 1812 5042 2120 5112; x_wconf 77' lang='lat' dir='ltr'><strong>voluptatis.</strong></span> 
     </span>
    </p>
   </div>
   <div class='ocr_carea' id='block_1_97' title="bbox 634 5206 2139 5283">
    <p class='ocr_par' dir='ltr' id='par_1_97' title="bbox 634 5206 2139 5283">
     <span class='ocr_line' id='line_1_97' title="bbox 634 5206 2139 5283; baseline 0.007 -22"><span class='ocrx_word' id='word_1_702' title='bbox 634 5207 750 5276; x_wconf 73' lang='lat' dir='ltr'><strong>(2t)</strong></span> <span class='ocrx_word' id='word_1_703' title='bbox 792 5206 864 5260; x_wconf 80' lang='lat' dir='ltr'><strong>Ea</strong></span> <span class='ocrx_word' id='word_1_704' title='bbox 898 5206 1306 5283; x_wconf 26' lang='lat' dir='ltr'><strong>solaureperitur</strong></span> <span class='ocrx_word' id='word_1_705' title='bbox 1346 5212 1419 5282; x_wconf 88' lang='lat' dir='ltr'><strong>_iu</strong></span> <span class='ocrx_word' id='word_1_706' title='bbox 1474 5214 1659 5270; x_wconf 88' lang='lat' dir='ltr'><strong>codice</strong></span> <span class='ocrx_word' id='word_1_707' title='bbox 1686 5213 1931 5282; x_wconf 87' lang='lat' dir='ltr'><strong>Coptico,</strong></span> <span class='ocrx_word' id='word_1_708' title='bbox 1965 5230 2139 5283; x_wconf 84' lang='lat' dir='ltr'><strong>neque</strong></span> 
     </span>
    </p>
   </div>
   <div class='ocr_carea' id='block_1_98' title="bbox 567 5279 2140 5357">
    <p class='ocr_par' dir='ltr' id='par_1_98' title="bbox 567 5279 2140 5357">
     <span class='ocr_line' id='line_1_98' title="bbox 567 5279 2140 5357; baseline 0.006 -26"><span class='ocrx_word' id='word_1_709' title='bbox 567 5286 773 5357; x_wconf 78' lang='lat' dir='ltr'><strong>temere</strong></span> <span class='ocrx_word' id='word_1_710' title='bbox 807 5279 1214 5357; x_wconf 66' lang='lat' dir='ltr'><strong>nota_adj_ttttcta</strong></span> <span class='ocrx_word' id='word_1_711' title='bbox 1245 5279 1354 5346; x_wconf 72' lang='lat' dir='ltr'><strong>est,</strong></span> <span class='ocrx_word' id='word_1_712' title='bbox 1383 5300 1486 5354; x_wconf 89' lang='lat' dir='ltr'><strong>qua</strong></span> <span class='ocrx_word' id='word_1_713' title='bbox 1529 5286 1670 5339; x_wconf 88' lang='lat' dir='ltr'><strong>illam</strong></span> <span class='ocrx_word' id='word_1_714' title='bbox 1711 5279 1981 5357; x_wconf 67' lang='lat' dir='ltr'><strong>Egyptiis</strong></span> <span class='ocrx_word' id='word_1_715' title='bbox 2015 5279 2140 5354; x_wconf 83' lang='lat' dir='ltr'><strong>pru-</strong></span> 
     </span>
    </p>
   </div>
   <div class='ocr_carea' id='block_1_99' title="bbox 563 5349 2145 5418">
    <p class='ocr_par' dir='ltr' id='par_1_99' title="bbox 563 5349 2145 5418">
     <span class='ocr_line' id='line_1_99' title="bbox 563 5349 2145 5418; baseline 0.007 -20"><span class='ocrx_word' id='word_1_716' title='bbox 563 5349 737 5418; x_wconf 83' lang='lat' dir='ltr'><strong>priam</strong></span> <span class='ocrx_word' id='word_1_717' title='bbox 769 5361 889 5401; x_wconf 89' lang='lat' dir='ltr'><strong>esse</strong></span> <span class='ocrx_word' id='word_1_718' title='bbox 918 5349 1256 5415; x_wconf 79' lang='lat' dir='ltr'><strong>signiﬁcatur</strong></span> <span class='ocrx_word' id='word_1_719' title='bbox 1289 5371 1302 5406; x_wconf 89' lang='lat'>:</span> <span class='ocrx_word' id='word_1_720' title='bbox 1327 5349 1448 5409; x_wconf 74' lang='lat' dir='ltr'><strong>cuin</strong></span> <span class='ocrx_word' id='word_1_721' title='bbox 1472 5357 1589 5409; x_wconf 65' lang='lat' dir='ltr'><strong>alia!</strong></span> <span class='ocrx_word' id='word_1_722' title='bbox 1612 5372 1675 5411; x_wconf 84' lang='lat' dir='ltr'><strong>ex</strong></span> <span class='ocrx_word' id='word_1_723' title='bbox 1696 5349 1925 5410; x_wconf 73' lang='lat' dir='ltr'><strong>diversis</strong></span> <span class='ocrx_word' id='word_1_724' title='bbox 1960 5349 2145 5409; x_wconf 76' lang='lat' dir='ltr'><strong>Litur-</strong></span> 
     </span>
    </p>
   </div>
   <div class='ocr_carea' id='block_1_100' title="bbox 565 5417 2140 5507">
    <p class='ocr_par' dir='ltr' id='par_1_100' title="bbox 565 5417 2140 5507">
     <span class='ocr_line' id='line_1_100' title="bbox 565 5417 2140 5507; baseline 0.007 -38"><span class='ocrx_word' id='word_1_725' title='bbox 565 5417 670 5507; x_wconf 74' lang='lat' dir='ltr'><strong>giis</strong></span> <span class='ocrx_word' id='word_1_726' title='bbox 697 5418 995 5507; x_wconf 66' lang='lat' dir='ltr'><strong>desumpta:</strong></span> <span class='ocrx_word' id='word_1_727' title='bbox 1026 5420 1135 5507; x_wconf 68' lang='lat' dir='ltr'><strong>sint</strong></span> <span class='ocrx_word' id='word_1_728' title='bbox 1180 5439 1194 5475; x_wconf 88' lang='lat'>:</span> <span class='ocrx_word' id='word_1_729' title='bbox 1238 5439 1359 5507; x_wconf 52' lang='lat' dir='ltr'><strong>qui:</strong></span> <span class='ocrx_word' id='word_1_730' title='bbox 1407 5426 1620 5507; x_wconf 71' lang='lat' dir='ltr'><strong>si_curn</strong></span> <span class='ocrx_word' id='word_1_731' title='bbox 1656 5426 1896 5507; x_wconf 84' lang='lat' dir='ltr'><strong>Copticis</strong></span> <span class='ocrx_word' id='word_1_732' title='bbox 1933 5436 1989 5479; x_wconf 86' lang='lat' dir='ltr'><strong>ct</strong></span> <span class='ocrx_word' id='word_1_733' title='bbox 2020 5426 2140 5480; x_wconf 88' lang='lat' dir='ltr'><strong>aliis</strong></span> 
     </span>
    </p>
   </div>
   <div class='ocr_carea' id='block_1_101' title="bbox 568 5492 2131 5569">
    <p class='ocr_par' dir='ltr' id='par_1_101' title="bbox 568 5492 2131 5569">
     <span class='ocr_line' id='line_1_101' title="bbox 568 5492 2131 5569; baseline 0.006 -28"><span class='ocrx_word' id='word_1_734' title='bbox 568 5496 977 5569; x_wconf 78' lang='lat' dir='ltr'><strong>comparentur,</strong></span> <span class='ocrx_word' id='word_1_735' title='bbox 1014 5492 1116 5544; x_wconf 83' lang='lat' dir='ltr'><strong>etsi</strong></span> <span class='ocrx_word' id='word_1_736' title='bbox 1144 5495 1395 5569; x_wconf 80' lang='lat' dir='ltr'><strong>nonnulla</strong></span> <span class='ocrx_word' id='word_1_737' title='bbox 1436 5497 1513 5569; x_wconf 12' lang='lat' dir='ltr'><strong>rsit</strong></span> <span class='ocrx_word' id='word_1_738' title='bbox 1553 5492 1873 5569; x_wconf 72' lang='lat' dir='ltr'><strong>diversitas,</strong></span> <span class='ocrx_word' id='word_1_739' title='bbox 1897 5506 2022 5569; x_wconf 75' lang='lat' dir='ltr'><strong>sunt</strong></span> <span class='ocrx_word' id='word_1_740' title='bbox 2050 5507 2131 5569; x_wconf 80' lang='lat' dir='ltr'><strong>ta-</strong></span> 
     </span>
    </p>
   </div>
   <div class='ocr_carea' id='block_1_102' title="bbox 566 5558 2134 5634">
    <p class='ocr_par' dir='ltr' id='par_1_102' title="bbox 566 5558 2134 5634">
     <span class='ocr_line' id='line_1_102' title="bbox 566 5558 2134 5634; baseline 0.005 -22"><span class='ocrx_word' id='word_1_741' title='bbox 566 5571 690 5612; x_wconf 86' lang='lat' dir='ltr'><strong>men</strong></span> <span class='ocrx_word' id='word_1_742' title='bbox 712 5558 917 5612; x_wconf 87' lang='lat' dir='ltr'><strong>similes</strong></span> <span class='ocrx_word' id='word_1_743' title='bbox 952 5562 1241 5634; x_wconf 55' lang='lat' dir='ltr'><strong>sententia:</strong></span> <span class='ocrx_word' id='word_1_744' title='bbox 1256 5574 1311 5618; x_wconf 89' lang='lat' dir='ltr'><strong>et</strong></span> <span class='ocrx_word' id='word_1_745' title='bbox 1347 5568 1533 5620; x_wconf 88' lang='lat' dir='ltr'><strong>eadem</strong></span> <span class='ocrx_word' id='word_1_746' title='bbox 1579 5582 1720 5634; x_wconf 60' lang='lat' dir='ltr'><strong>saepe</strong></span> <span class='ocrx_word' id='word_1_747' title='bbox 1759 5568 1943 5620; x_wconf 86' lang='lat' dir='ltr'><strong>verba.</strong></span> <span class='ocrx_word' id='word_1_748' title='bbox 1982 5565 2134 5621; x_wconf 87' lang='lat' dir='ltr'><strong>Unde</strong></span> 
     </span>
    </p>
   </div>
   <div class='ocr_carea' id='block_1_103' title="bbox 567 5631 2136 5707">
    <p class='ocr_par' dir='ltr' id='par_1_103' title="bbox 567 5631 2136 5707">
     <span class='ocr_line' id='line_1_103' title="bbox 567 5631 2136 5707; baseline 0.006 -26"><span class='ocrx_word' id='word_1_749' title='bbox 567 5636 779 5707; x_wconf 74' lang='lat' dir='ltr'><strong>constat</strong></span> <span class='ocrx_word' id='word_1_750' title='bbox 802 5643 989 5707; x_wconf 66' lang='lat' dir='ltr'><strong>preces</strong></span> <span class='ocrx_word' id='word_1_751' title='bbox 1020 5631 1277 5707; x_wconf 42' lang='lat' dir='ltr'><strong>illasuuon</strong></span> <span class='ocrx_word' id='word_1_752' title='bbox 1310 5637 1597 5705; x_wconf 82' lang='lat' dir='ltr'><strong>singularis</strong></span> <span class='ocrx_word' id='word_1_753' title='bbox 1626 5631 1871 5707; x_wconf 84' lang='lat' dir='ltr'><strong>alicujus,</strong></span> <span class='ocrx_word' id='word_1_754' title='bbox 1904 5639 1995 5693; x_wconf 86' lang='lat' dir='ltr'><strong>sed</strong></span> <span class='ocrx_word' id='word_1_755' title='bbox 2017 5638 2136 5692; x_wconf 68' lang='grc' dir='ltr'><strong>υιιίο</strong></span> 
     </span>
    </p>
   </div>
   <div class='ocr_carea' id='block_1_104' title="bbox 569 5697 1609 5764">
    <p class='ocr_par' dir='ltr' id='par_1_104' title="bbox 569 5697 1609 5764">
     <span class='ocr_line' id='line_1_104' title="bbox 569 5697 1609 5764; baseline 0.013 -15"><span class='ocrx_word' id='word_1_756' title='bbox 569 5697 793 5753; x_wconf 82' lang='lat' dir='ltr'><strong>versalis</strong></span> <span class='ocrx_word' id='word_1_757' title='bbox 827 5698 1117 5758; x_wconf 78' lang='lat' dir='ltr'><strong>Orientalis</strong></span> <span class='ocrx_word' id='word_1_758' title='bbox 1148 5697 1609 5764; x_wconf 47' lang='lat' dir='ltr'><strong>Ecclesiwufuissc.</strong></span> 
     </span>
    </p>
   </div>
   <div class='ocr_carea' id='block_1_105' title="bbox 2156 4500 2205 4557">
    <p class='ocr_par' dir='ltr' id='par_1_105' title="bbox 2156 4500 2205 4557">
     <span class='ocr_line' id='line_1_105' title="bbox 2156 4500 2205 4557; baseline 0 0"><span class='ocrx_word' id='word_1_759' title='bbox 2156 4500 2205 4557; x_wconf 91' lang='lat' dir='ltr'><strong>D</strong></span> 
     </span>
    </p>
   </div>
   <div class='ocr_carea' id='block_1_106' title="bbox 2668 4485 3339 4560">
    <p class='ocr_par' dir='ltr' id='par_1_106' title="bbox 2668 4485 3339 4560">
     <span class='ocr_line' id='line_1_106' title="bbox 2668 4485 3339 4560; baseline -0.009 -15"><span class='ocrx_word' id='word_1_760' title='bbox 2668 4489 2835 4560; x_wconf 82' lang='grc' dir='ltr'><strong>Εὺχὴ</strong></span> <span class='ocrx_word' id='word_1_761' title='bbox 2869 4488 2976 4542; x_wconf 86' lang='grc' dir='ltr'><strong>τοῦ</strong></span> <span class='ocrx_word' id='word_1_762' title='bbox 3013 4485 3339 4556; x_wconf 78' lang='grc' dir='ltr'>ἀσπασμοῦ</span> 
     </span>
    </p>
   </div>
   <div class='ocr_carea' id='block_1_107' title="bbox 2809 4578 3463 4649">
    <p class='ocr_par' dir='ltr' id='par_1_107' title="bbox 2809 4578 3463 4649">
     <span class='ocr_line' id='line_1_107' title="bbox 2809 4578 3463 4649; baseline 0.002 -19"><span class='ocrx_word' id='word_1_763' title='bbox 2809 4578 3011 4649; x_wconf 74' lang='grc' dir='ltr'><strong>Εἰρήνη</strong></span> <span class='ocrx_word' id='word_1_764' title='bbox 3043 4578 3228 4631; x_wconf 79' lang='grc' dir='ltr'>πᾶσιν.</span> <span class='ocrx_word' id='word_1_765' title='bbox 3459 4635 3463 4639; x_wconf 53' lang='grc'><strong>,</strong></span> 
     </span>
    </p>
   </div>
   <div class='ocr_carea' id='block_1_108' title="bbox 2316 4662 3802 4740">
    <p class='ocr_par' dir='ltr' id='par_1_108' title="bbox 2316 4662 3802 4740">
     <span class='ocr_line' id='line_1_108' title="bbox 2316 4662 3802 4740; baseline -0.007 -16"><span class='ocrx_word' id='word_1_766' title='bbox 2316 4672 2373 4724; x_wconf 89' lang='grc' dir='ltr'><strong>Ὀ</strong></span> <span class='ocrx_word' id='word_1_767' title='bbox 2400 4670 2496 4736; x_wconf 80' lang='grc' dir='ltr'>ὢν,</span> <span class='ocrx_word' id='word_1_768' title='bbox 2528 4686 2623 4723; x_wconf 87' lang='grc' dir='ltr'><strong>και</strong></span> <span class='ocrx_word' id='word_1_769' title='bbox 2656 4667 2856 4740; x_wconf 85' lang='grc' dir='ltr'>προὼν,</span> <span class='ocrx_word' id='word_1_770' title='bbox 2884 4669 2978 4721; x_wconf 55' lang='grc' dir='ltr'><strong>καὶ⁸</strong></span> <span class='ocrx_word' id='word_1_771' title='bbox 3003 4666 3269 4738; x_wconf 78' lang='grc' dir='ltr'>διαμένων</span> <span class='ocrx_word' id='word_1_772' title='bbox 3304 4666 3381 4728; x_wconf 88' lang='grc' dir='ltr'>είς</span> <span class='ocrx_word' id='word_1_773' title='bbox 3411 4665 3537 4727; x_wconf 84' lang='grc' dir='ltr'>τοὺς</span> <span class='ocrx_word' id='word_1_774' title='bbox 3574 4662 3802 4725; x_wconf 76' lang='grc' dir='ltr'>αίῶναςο</span> 
     </span>
    </p>
   </div>
   <div class='ocr_carea' id='block_1_109' title="bbox 2233 4757 3806 4833">
    <p class='ocr_par' dir='ltr' id='par_1_109' title="bbox 2233 4757 3806 4833">
     <span class='ocr_line' id='line_1_109' title="bbox 2233 4757 3806 4833; baseline -0.006 -16"><span class='ocrx_word' id='word_1_775' title='bbox 2233 4767 2261 4817; x_wconf 89' lang='grc' dir='ltr'>ὁ</span> <span class='ocrx_word' id='word_1_776' title='bbox 2291 4763 2369 4833; x_wconf 87' lang='grc' dir='ltr'>τῷ</span> <span class='ocrx_word' id='word_1_777' title='bbox 2402 4763 2577 4832; x_wconf 74' lang='lat' dir='ltr'><strong>not-cpi.</strong></span> <span class='ocrx_word' id='word_1_778' title='bbox 2611 4760 2881 4823; x_wconf 83' lang='grc' dir='ltr'>συναῖδιος</span> <span class='ocrx_word' id='word_1_779' title='bbox 2908 4760 3001 4813; x_wconf 75' lang='grc' dir='ltr'><strong>καὶ</strong></span> <span class='ocrx_word' id='word_1_780' title='bbox 3048 4757 3348 4829; x_wconf 86' lang='grc' dir='ltr'>ὁμοούσιος,</span> <span class='ocrx_word' id='word_1_781' title='bbox 3388 4758 3481 4811; x_wconf 76' lang='grc' dir='ltr'>καὶ</span> <span class='ocrx_word' id='word_1_782' title='bbox 3520 4757 3806 4827; x_wconf 78' lang='grc' dir='ltr'>σύνθρονος</span> 
     </span>
    </p>
   </div>
   <div class='ocr_carea' id='block_1_110' title="bbox 2237 4852 3804 4930">
    <p class='ocr_par' dir='ltr' id='par_1_110' title="bbox 2237 4852 3804 4930">
     <span class='ocr_line' id='line_1_110' title="bbox 2237 4852 3804 4930; baseline -0.006 -16"><span class='ocrx_word' id='word_1_783' title='bbox 2237 4859 2331 4914; x_wconf 77' lang='grc' dir='ltr'><strong>καὶ</strong></span> <span class='ocrx_word' id='word_1_784' title='bbox 2359 4858 2807 4930; x_wconf 85' lang='grc' dir='ltr'>συνδημιουργός.</span> <span class='ocrx_word' id='word_1_785' title='bbox 2848 4857 2905 4910; x_wconf 86' lang='grc' dir='ltr'>Ὀ</span> <span class='ocrx_word' id='word_1_786' title='bbox 2938 4854 3026 4910; x_wconf 89' lang='grc' dir='ltr'>διά</span> <span class='ocrx_word' id='word_1_787' title='bbox 3059 4855 3225 4927; x_wconf 85' lang='grc' dir='ltr'>μόνην</span> <span class='ocrx_word' id='word_1_788' title='bbox 3266 4854 3575 4924; x_wconf 82' lang='grc' dir='ltr'>ἀγαθὸτητα</span> <span class='ocrx_word' id='word_1_789' title='bbox 3610 4854 3673 4905; x_wconf 84' lang='grc' dir='ltr'>ἐκ</span> <span class='ocrx_word' id='word_1_790' title='bbox 3711 4852 3804 4905; x_wconf 78' lang='grc' dir='ltr'>τοῦ</span> 
     </span>
    </p>
   </div>
   <div class='ocr_carea' id='block_1_111' title="bbox 2236 4945 3807 5024">
    <p class='ocr_par' dir='ltr' id='par_1_111' title="bbox 2236 4945 3807 5024">
     <span class='ocr_line' id='line_1_111' title="bbox 2236 4945 3807 5024; baseline -0.006 -18"><span class='ocrx_word' id='word_1_791' title='bbox 2236 4953 2310 5024; x_wconf 79' lang='grc' dir='ltr'><strong>μὴ</strong></span> <span class='ocrx_word' id='word_1_792' title='bbox 2352 4952 2502 5014; x_wconf 72' lang='grc' dir='ltr'>ὄντος</span> <span class='ocrx_word' id='word_1_793' title='bbox 2541 4952 2620 5014; x_wconf 87' lang='grc' dir='ltr'>είς</span> <span class='ocrx_word' id='word_1_794' title='bbox 2651 4950 2713 5002; x_wconf 83' lang='grc' dir='ltr'>τὸ</span> <span class='ocrx_word' id='word_1_795' title='bbox 2760 4947 2904 5004; x_wconf 77' lang='grc' dir='ltr'>εἶναι</span> <span class='ocrx_word' id='word_1_796' title='bbox 2956 4949 3220 5020; x_wconf 87' lang='grc' dir='ltr'>παράγων</span> <span class='ocrx_word' id='word_1_797' title='bbox 3251 4949 3339 5001; x_wconf 78' lang='grc' dir='ltr'><strong>τὸν</strong></span> <span class='ocrx_word' id='word_1_798' title='bbox 3372 4945 3678 5017; x_wconf 77' lang='grc' dir='ltr'>ἄνθρωπον,</span> <span class='ocrx_word' id='word_1_799' title='bbox 3711 4946 3807 4997; x_wconf 73' lang='grc' dir='ltr'><strong>καὶ</strong></span> 
     </span>
    </p>
   </div>
   <div class='ocr_carea' id='block_1_112' title="bbox 2232 5034 3808 5114">
    <p class='ocr_par' dir='ltr' id='par_1_112' title="bbox 2232 5034 3808 5114">
     <span class='ocr_line' id='line_1_112' title="bbox 2232 5034 3808 5114; baseline -0.005 -18"><span class='ocrx_word' id='word_1_800' title='bbox 2232 5044 2453 5114; x_wconf 81' lang='grc' dir='ltr'>Θὲμενος</span> <span class='ocrx_word' id='word_1_801' title='bbox 2486 5041 2648 5094; x_wconf 71' lang='grc' dir='ltr'>αὑτὸν</span> <span class='ocrx_word' id='word_1_802' title='bbox 2686 5043 2744 5094; x_wconf 86' lang='grc' dir='ltr'><strong>ὲν</strong></span> <span class='ocrx_word' id='word_1_803' title='bbox 2771 5039 3085 5111; x_wconf 84' lang='grc' dir='ltr'>παραδείσῳ</span> <span class='ocrx_word' id='word_1_804' title='bbox 3113 5040 3341 5110; x_wconf 80' lang='grc' dir='ltr'>τρυφῆς.</span> <span class='ocrx_word' id='word_1_805' title='bbox 3387 5037 3598 5109; x_wconf 76' lang='grc' dir='ltr'>’Λπάτῃ</span> <span class='ocrx_word' id='word_1_806' title='bbox 3628 5036 3684 5089; x_wconf 74' lang='grc' dir='ltr'>δὲ</span> <span class='ocrx_word' id='word_1_807' title='bbox 3711 5034 3808 5089; x_wconf 72' lang='grc' dir='ltr'>τοῦ</span> 
     </span>
    </p>
   </div>
   <div class='ocr_carea' id='block_1_113' title="bbox 2322 5212 3807 5282">
    <p class='ocr_par' dir='ltr' id='par_1_113' title="bbox 2322 5212 3807 5282">
     <span class='ocr_line' id='line_1_113' title="bbox 2322 5212 3807 5282; baseline -0.001 -14"><span class='ocrx_word' id='word_1_808' title='bbox 2322 5215 2445 5268; x_wconf 72' lang='lat' dir='ltr'><strong>Dum</strong></span> <span class='ocrx_word' id='word_1_809' title='bbox 2467 5227 2585 5282; x_wconf 75' lang='lat' dir='ltr'><strong>quze</strong></span> <span class='ocrx_word' id='word_1_810' title='bbox 2607 5221 2903 5281; x_wconf 90' lang='lat' dir='ltr'><strong>sequuntur</strong></span> <span class='ocrx_word' id='word_1_811' title='bbox 2922 5214 3195 5268; x_wconf 86' lang='lat' dir='ltr'><strong>orationes</strong></span> <span class='ocrx_word' id='word_1_812' title='bbox 3217 5212 3384 5269; x_wconf 89' lang='lat' dir='ltr'><strong>osculi</strong></span> <span class='ocrx_word' id='word_1_813' title='bbox 3411 5212 3582 5279; x_wconf 88' lang='lat' dir='ltr'><strong>pacis,</strong></span> <span class='ocrx_word' id='word_1_814' title='bbox 3606 5213 3807 5267; x_wconf 67' lang='lat' dir='ltr'><strong>etedem</strong></span> 
     </span>
    </p>
   </div>
   <div class='ocr_carea' id='block_1_114' title="bbox 2246 5283 3812 5353">
    <p class='ocr_par' dir='ltr' id='par_1_114' title="bbox 2246 5283 3812 5353">
     <span class='ocr_line' id='line_1_114' title="bbox 2246 5283 3812 5353; baseline -0.001 -14"><span class='ocrx_word' id='word_1_815' title='bbox 2246 5293 2455 5339; x_wconf 86' lang='lat' dir='ltr'><strong>suntac</strong></span> <span class='ocrx_word' id='word_1_816' title='bbox 2489 5284 2590 5337; x_wconf 68' lang='lat' dir='ltr'><strong>illae</strong></span> <span class='ocrx_word' id='word_1_817' title='bbox 2640 5299 2776 5353; x_wconf 85' lang='lat' dir='ltr'><strong>quas</strong></span> <span class='ocrx_word' id='word_1_818' title='bbox 2826 5283 2990 5337; x_wconf 80' lang='lat' dir='ltr'><strong>codex</strong></span> <span class='ocrx_word' id='word_1_819' title='bbox 3023 5284 3277 5352; x_wconf 86' lang='lat' dir='ltr'><strong>Copticus</strong></span> <span class='ocrx_word' id='word_1_820' title='bbox 3329 5291 3717 5350; x_wconf 69' lang='lat' dir='ltr'><strong>reprzescntat;</strong></span> <span class='ocrx_word' id='word_1_821' title='bbox 3752 5292 3812 5337; x_wconf 90' lang='lat' dir='ltr'><strong>ut</strong></span> 
     </span>
    </p>
   </div>
   <div class='ocr_carea' id='block_1_115' title="bbox 2250 5353 3810 5424">
    <p class='ocr_par' dir='ltr' id='par_1_115' title="bbox 2250 5353 3810 5424">
     <span class='ocr_line' id='line_1_115' title="bbox 2250 5353 3810 5424; baseline -0.002 -14"><span class='ocrx_word' id='word_1_822' title='bbox 2250 5355 2415 5410; x_wconf 87' lang='lat' dir='ltr'><strong>etiam</strong></span> <span class='ocrx_word' id='word_1_823' title='bbox 2447 5354 2567 5408; x_wconf 73' lang='lat' dir='ltr'><strong>alia:</strong></span> <span class='ocrx_word' id='word_1_824' title='bbox 2591 5368 2759 5424; x_wconf 89' lang='lat' dir='ltr'><strong>prope</strong></span> <span class='ocrx_word' id='word_1_825' title='bbox 2781 5368 2973 5424; x_wconf 87' lang='lat' dir='ltr'><strong>omnes</strong></span> <span class='ocrx_word' id='word_1_826' title='bbox 2999 5368 3120 5422; x_wconf 66' lang='lat' dir='ltr'><strong>quae</strong></span> <span class='ocrx_word' id='word_1_827' title='bbox 3154 5363 3483 5424; x_wconf 86' lang='lat' dir='ltr'><strong>sequuntur,</strong></span> <span class='ocrx_word' id='word_1_828' title='bbox 3507 5353 3580 5424; x_wconf 79' lang='lat' dir='ltr'><strong>de</strong></span> <span class='ocrx_word' id='word_1_829' title='bbox 3610 5353 3810 5424; x_wconf 84' lang='lat' dir='ltr'><strong>quibus</strong></span> 
     </span>
    </p>
   </div>
   <div class='ocr_carea' id='block_1_116' title="bbox 2246 5422 3810 5492">
    <p class='ocr_par' dir='ltr' id='par_1_116' title="bbox 2246 5422 3810 5492">
     <span class='ocr_line' id='line_1_116' title="bbox 2246 5422 3810 5492; baseline -0.002 -14"><span class='ocrx_word' id='word_1_830' title='bbox 2246 5425 2380 5479; x_wconf 90' lang='lat' dir='ltr'><strong>nihil</strong></span> <span class='ocrx_word' id='word_1_831' title='bbox 2415 5424 2650 5478; x_wconf 89' lang='lat' dir='ltr'><strong>occurrit</strong></span> <span class='ocrx_word' id='word_1_832' title='bbox 2679 5422 2985 5492; x_wconf 84' lang='lat' dir='ltr'><strong>dicendum,</strong></span> <span class='ocrx_word' id='word_1_833' title='bbox 3023 5423 3242 5492; x_wconf 90' lang='lat' dir='ltr'><strong>quodin</strong></span> <span class='ocrx_word' id='word_1_834' title='bbox 3280 5424 3420 5477; x_wconf 86' lang='lat' dir='ltr'><strong>notis</strong></span> <span class='ocrx_word' id='word_1_835' title='bbox 3454 5422 3521 5476; x_wconf 89' lang='lat' dir='ltr'><strong>ad</strong></span> <span class='ocrx_word' id='word_1_836' title='bbox 3570 5422 3810 5491; x_wconf 86' lang='lat' dir='ltr'><strong>reliquas</strong></span> 
     </span>
    </p>
   </div>
   <div class='ocr_carea' id='block_1_117' title="bbox 2243 5491 3809 5562">
    <p class='ocr_par' dir='ltr' id='par_1_117' title="bbox 2243 5491 3809 5562">
     <span class='ocr_line' id='line_1_117' title="bbox 2243 5491 3809 5562; baseline -0.001 -16"><span class='ocrx_word' id='word_1_837' title='bbox 2243 5496 2442 5549; x_wconf 86' lang='lat' dir='ltr'><strong>dictum</strong></span> <span class='ocrx_word' id='word_1_838' title='bbox 2469 5509 2575 5548; x_wconf 91' lang='lat' dir='ltr'><strong>non</strong></span> <span class='ocrx_word' id='word_1_839' title='bbox 2609 5492 2790 5549; x_wconf 79' lang='lat' dir='ltr'><strong>fuerit.</strong></span> <span class='ocrx_word' id='word_1_840' title='bbox 2821 5491 2954 5548; x_wconf 90' lang='lat' dir='ltr'><strong>Illud</strong></span> <span class='ocrx_word' id='word_1_841' title='bbox 2977 5491 3252 5561; x_wconf 85' lang='lat' dir='ltr'><strong>singulare</strong></span> <span class='ocrx_word' id='word_1_842' title='bbox 3285 5495 3372 5547; x_wconf 89' lang='lat' dir='ltr'><strong>isti</strong></span> <span class='ocrx_word' id='word_1_843' title='bbox 3401 5501 3458 5546; x_wconf 75' lang='lat' dir='ltr'><strong>et</strong></span> <span class='ocrx_word' id='word_1_844' title='bbox 3485 5492 3809 5562; x_wconf 88' lang='lat' dir='ltr'><strong>paucisqui-</strong></span> 
     </span>
    </p>
   </div>
   <div class='ocr_carea' id='block_1_118' title="bbox 2243 5562 3809 5633">
    <p class='ocr_par' dir='ltr' id='par_1_118' title="bbox 2243 5562 3809 5633">
     <span class='ocr_line' id='line_1_118' title="bbox 2243 5562 3809 5633; baseline 0 -16"><span class='ocrx_word' id='word_1_845' title='bbox 2243 5564 2471 5619; x_wconf 83' lang='lat' dir='ltr'><strong>busdam</strong></span> <span class='ocrx_word' id='word_1_846' title='bbox 2501 5564 2619 5618; x_wconf 85' lang='lat' dir='ltr'><strong>aliis</strong></span> <span class='ocrx_word' id='word_1_847' title='bbox 2639 5562 2831 5618; x_wconf 85' lang='lat' dir='ltr'><strong>olIiciis</strong></span> <span class='ocrx_word' id='word_1_848' title='bbox 2860 5564 3124 5629; x_wconf 81' lang='lat' dir='ltr'><strong>liturgicis</strong></span> <span class='ocrx_word' id='word_1_849' title='bbox 3147 5604 3163 5628; x_wconf 95' lang='lat'><strong>,</strong></span> <span class='ocrx_word' id='word_1_850' title='bbox 3216 5564 3358 5633; x_wconf 87' lang='lat' dir='ltr'><strong>quod</strong></span> <span class='ocrx_word' id='word_1_851' title='bbox 3407 5574 3518 5619; x_wconf 90' lang='lat' dir='ltr'><strong>tota</strong></span> <span class='ocrx_word' id='word_1_852' title='bbox 3558 5563 3809 5633; x_wconf 86' lang='lat' dir='ltr'><strong>recitatio</strong></span> 
     </span>
    </p>
   </div>
   <div class='ocr_carea' id='block_1_119' title="bbox 2244 5632 3805 5696">
    <p class='ocr_par' dir='ltr' id='par_1_119' title="bbox 2244 5632 3805 5696">
     <span class='ocr_line' id='line_1_119' title="bbox 2244 5632 3805 5696; baseline 0.003 -10"><span class='ocrx_word' id='word_1_853' title='bbox 2244 5633 2598 5689; x_wconf 72' lang='lat' dir='ltr'><strong>institutionis</strong></span> <span class='ocrx_word' id='word_1_854' title='bbox 2625 5634 2980 5689; x_wconf 74' lang='lat' dir='ltr'><strong>Eucharistite</strong></span> <span class='ocrx_word' id='word_1_855' title='bbox 3015 5634 3086 5687; x_wconf 87' lang='lat' dir='ltr'><strong>ita</strong></span> <span class='ocrx_word' id='word_1_856' title='bbox 3128 5632 3378 5696; x_wconf 76' lang='lat' dir='ltr'><strong>refertur.</strong></span> <span class='ocrx_word' id='word_1_857' title='bbox 3434 5643 3494 5688; x_wconf 90' lang='lat' dir='ltr'><strong>ut</strong></span> <span class='ocrx_word' id='word_1_858' title='bbox 3548 5636 3620 5687; x_wconf 85' lang='lat' dir='ltr'><strong>ad</strong></span> <span class='ocrx_word' id='word_1_859' title='bbox 3648 5632 3805 5690; x_wconf 84' lang='lat' dir='ltr'><strong>Chri-</strong></span> 
     </span>
    </p>
   </div>
   <div class='ocr_carea' id='block_1_120' title="bbox 2245 5704 3551 5777">
    <p class='ocr_par' dir='ltr' id='par_1_120' title="bbox 2245 5704 3551 5777">
     <span class='ocr_line' id='line_1_120' title="bbox 2245 5704 3551 5777; baseline 0 -18"><span class='ocrx_word' id='word_1_860' title='bbox 2245 5715 2407 5768; x_wconf 82' lang='lat' dir='ltr'><strong>stum,</strong></span> <span class='ocrx_word' id='word_1_861' title='bbox 2443 5708 2491 5759; x_wconf 91' lang='lat' dir='ltr'><strong>in</strong></span> <span class='ocrx_word' id='word_1_862' title='bbox 2524 5704 2753 5760; x_wconf 77' lang='lat' dir='ltr'><strong>secunda</strong></span> <span class='ocrx_word' id='word_1_863' title='bbox 2789 5718 3037 5775; x_wconf 86' lang='lat' dir='ltr'><strong>persona,</strong></span> <span class='ocrx_word' id='word_1_864' title='bbox 3072 5708 3247 5761; x_wconf 85' lang='lat' dir='ltr'><strong>oratio</strong></span> <span class='ocrx_word' id='word_1_865' title='bbox 3271 5704 3551 5777; x_wconf 84' lang='lat' dir='ltr'><strong>dirigatur.</strong></span> 
     </span>
    </p>
   </div>
  </div>
