4100 6276
258 276 362 334 703

1220 278 1554 338 LITURGIA
1599 279 1657 334 S.
1699 276 2031 334 GREGORII
2070 278 2598 338 ALEXANDRINA.

3415 282 3526 341 706

255 397 456 469 ἐχθροῦ
483 398 579 450 καὶ
611 398 864 468 παρακοῇ
904 398 1002 468 τῆς
1052 396 1152 468 σῆς
1184 397 1403 468 ἐντολῆς
1434 398 1848 469 παραπεσόντα,

1955 394 2216 451 Eumdem
2266 414 2395 454 vero
2446 415 2568 455 eum
2611 382 2930 469 deceptione
2990 400 3218 466 inimici,
3257 410 3524 458 ettrans-

253 489 606 544 ἁνακαινίσαι
645 488 964 559 βουλόμενος
993 490 1086 542 καὶ
1125 489 1260 561 πρὸς
1286 489 1347 542 τὸ
1392 491 1620 561 ἀρχαῖον
1650 488 1851 555 ἀναγαο

251 583 374 650 γεῖν
399 581 641 651 ἀξίωμα,
667 586 685 603 ⁹
714 580 814 633 οὐκ
852 580 1101 649 ἄγγελος,
1130 581 1233 636 οὐκ
1257 581 1619 653 ἀρχάγγελος,
1653 581 1714 634 οὐ
1745 597 1851 634 πα-

250 674 547 744 τριάρχης,
575 673 635 725 ού
665 674 951 743 προφήτης
978 671 1075 742 τὴν
1097 672 1255 743 ἡμῶν
1288 672 1637 743 ὲνεχείρησας
1673 690 1850 743 σωτη-

253 768 418 838 ρίαν·
466 765 581 819 ἀλλ’
631 765 791 828 αὐτὸς
848 764 1134 835 ἀτρέπτως
1193 762 1330 836 σὰρξ
1383 764 1706 834 γενόμενος,
1758 763 1851 815 καὶ

249 858 705 930 ὲνηνθρώπησας,
762 857 905 911 κατὰ
952 858 1132 911 πάντα
1182 856 1452 928 ὁμοιώθης
1500 859 1654 927 ἡμῖν,
1696 856 1851 919 ἐκτὸς

254 952 431 1021 μόνης
469 951 569 1020 τῆς
604 948 912 1020 ἁμαρτίας·
953 949 1176 1021 μεσίτης
1209 947 1363 1019 ἡμῶν
1399 948 1710 1018 γενόμενος,
1754 948 1851 1000 καὶ

248 1038 349 1091 τοῦ
411 1038 648 1108 Πατρὺς,
692 1039 785 1090 καὶ
830 1038 891 1090 τὸ
937 1038 1248 1109 μεσότοιχον
1286 1038 1379 1091 τοῦ
1430 1036 1708 1108 φραγμοῦ,
1758 1038 1851 1090 καὶ

248 1130 353 1201 τὴν
382 1130 604 1202 χρονίαν
637 1129 837 1202 ἔχθραν
883 1129 1150 1191 καθελὼν,
1181 1130 1248 1183 τὰ
1295 1130 1512 1198 ἐπίγεια
1543 1132 1657 1193 τοῖς
1694 1132 1854 1182 ὲπου-
1888 1114 1897 1119 ’

250 1223 465 1293 ρανίοις
495 1222 763 1293 συνῆψας,
792 1223 887 1276 καὶ
918 1212 989 1275 τὰ
1030 1222 1315 1293 ἀμφότερα
1353 1224 1431 1285 είς
1462 1221 1522 1274 ἓν
1549 1223 1854 1291 συνήγαγες

250 1316 353 1368 καὶ
424 1314 526 1386 τὴν
600 1314 864 1386 ἕνσαρκον
944 1315 1266 1386 ὲπλήρωσας
1356 1316 1688 1385 οἰκονομίαν.
1742 1313 1852 1366 Καὶ

252 1409 469 1480 μέλλων
506 1409 837 1480 σωματικῶς
870 1409 1117 1463 ἐλαύνειν
1152 1410 1231 1472 είς
1267 1408 1393 1472 τοὺς
1426 1408 1709 1479 οὐρανοὺς,
1744 1406 1853 1459 θεῖ-

250 1500 370 1563 κῶς
399 1499 471 1552 τά
514 1500 694 1554 πάντα
739 1500 988 1572 πληρῶν,
1028 1502 1142 1563 τοῖς
1189 1499 1364 1568 ἁγίοις
1398 1515 1490 1551 σου
1547 1497 1848 1569 μαθηταῖς,

248 1593 351 1644 καὶ
393 1591 718 1655 ἀποστόλοις
756 1591 974 1659 ἔλεγες·
1007 1590 1275 1659 Εἰρήνην
1304 1589 1514 1659 ἀφίημι
1554 1588 1721 1658 ὑμῖν
1768 1591 1850 1642 el-

240 1684 453 1752 ρήνην
494 1682 610 1751 τὴν
653 1682 808 1752 ἐμὴν
855 1682 1061 1752 δίδωμι
1117 1681 1276 1750 ὑμῖν.
1341 1680 1555 1752 Ταύτην
1605 1680 1700 1734 καὶ
1751 1679 1846 1733 νῦν

1954 492 2234 560 gressione
2281 492 2522 546 mandati
2572 492 2646 547 lui
2674 492 2987 558 cecidisset,
3025 506 3292 549 renovare
3317 494 3525 560 volens,

1953 585 2006 630 et
2029 578 2096 631 ad
2145 578 2439 647 pristinam
2494 581 2787 635 restituere
2844 581 3184 651 dignitatem,
3223 598 3329 639 non
3359 600 3529 656 auges

1952 668 2086 736 lum,
2120 684 2225 725 non
2258 670 2663 741 archangelum,
2694 687 2800 727 non
2838 674 3229 743 patriarcham,
3266 692 3370 730 non
3405 692 3531 745 pro-

1954 761 2169 830 phetam
2204 762 2439 833 elegisti,
2465 765 2550 818 cui
2577 764 2810 818 salutem
2841 776 3082 820 nostram
3134 769 3527 834 committeres.

1953 854 2048 908 sed
2082 856 2197 923 ipse
2247 869 2354 908 non
2403 864 2660 918 mutatus,
2706 871 2835 911 caro
2875 856 3073 922 factus,
3133 860 3407 914 hominem
3434 876 3527 913 as-

1957 944 2255 1012 sumpsisti,
2288 951 2341 997 et
2388 944 2682 998 secundum
2722 948 2901 999 omnia
2934 947 3126 1002 similis
3158 950 3314 1004 nobis
3350 949 3521 1004 factus

1957 1049 2035 1099 es,
2065 1034 2179 1087 solo
2207 1044 2434 1105 excepto
2456 1045 2683 1103 peccato
2718 1054 2732 1091 :
2767 1037 3033 1092 mediator
3068 1039 3245 1095 factus
3269 1041 3410 1096 inter
3429 1057 3526 1096 nos

1952 1136 2007 1180 et
2039 1125 2281 1193 Patrem,
2311 1138 2364 1181 et
2396 1129 2631 1181 medium
2693 1130 2954 1195 parietem
3015 1132 3285 1197 maceriae,
3321 1133 3528 1187 diutur-

1954 1233 2188 1286 namque
2238 1218 2580 1273 inimicitiam
2642 1236 2762 1273 cum
2797 1222 3129 1288 sustulisses,
3176 1232 3389 1278 terrena
3418 1239 3528 1279 coe-

1952 1309 2180 1365 lestibus
2210 1310 2574 1381 conjunxisti;
2610 1322 2664 1365 et
2697 1322 2928 1383 utraque
2961 1316 3015 1367 in
3044 1330 3211 1368 unum
3245 1315 3528 1383 conjunxi-

1952 1403 2044 1469 sti,
2076 1402 2647 1471 dispensationemque
2682 1405 2733 1458 in
2764 1419 2929 1460 carne
2963 1405 3322 1474 complevisti.
3356 1408 3523 1464 Cum-

1955 1508 2061 1562 que
2088 1492 2200 1560 jam
2232 1495 2590 1563 corporaliter
2622 1495 2674 1549 in
2706 1494 2871 1551 caelos
2903 1511 3226 1552 ascensurus
3251 1501 3535 1564 esses,'di-.

1952 1585 2156 1640 vinitus
2180 1586 2360 1640 omnia
2402 1587 2711 1655 perlicieus,
2761 1589 2963 1644 sanctis
3042 1590 3149 1645 tuis
3174 1592 3450 1660 discipulis
3476 1602 3529 1645 et

1954 1678 2210 1748 apostolis
2234 1679 2415 1733 dixisti
2441 1698 2454 1733 :
2498 1679 2687 1734 Pacem
2713 1683 2949 1752 relinquo
2967 1684 3132 1749 vobis;
3152 1700 3330 1753 pacem
3361 1701 3527 1738 nteant

240 1778 482 1848 εἰρήνην
531 1777 662 1846 ἡμῖν
713 1774 985 1847 δὼρησαι.
1046 1774 1319 1827 Δέσποτα*
1369 1774 1591 1845 χάρισαι
1646 1772 1844 1836 παντὸς

1950 1769 2017 1822 do
2047 1770 2212 1824 vobis.
2246 1770 2375 1824 Eam
2411 1772 2579 1840 ipsam
2632 1788 2820 1841 pacem
2863 1789 3005 1829 nunc
3051 1752 3228 1839 nobis,
3280 1775 3526 1842 Domine,

242 1868 612 1939 ἀποκάθαρον
652 1865 1019 1938 μολύσματος,
1076 1865 1276 1928 παντὸς
1319 1864 1471 1917 δόλου
1516 1863 1610 1916 καὶ
1666 1862 1848 1933 πάσης

244 1961 494 2026 κακίας,
547 1960 642 2013 καὶ
703 1957 1070 2031 πανουργίας,
1128 1958 1223 2010 καὶ
1297 1957 1395 2028 τῆς
1475 1954 1847 2026 θανατηφόρου

244 2054 664 2125 μνησικακίας,
725 2051 822 2103 καὶ
884 2049 1221 2114 καταξίωσον
1280 2050 1429 2120 ἡμᾶς
1488 2047 1847 2103 ἀσπάσασθαι

240 2145 520 2218 ἀλλήλους
548 2145 605 2199 ὲν
649 2143 915 2215 φιλήματι
967 2142 1126 2213 ἁγίῳ,
1161 2144 1240 2205 είς
1281 2142 1342 2194 τὸ
1386 2143 1675 2212 μετασχεῖν
1708 2141 1847 2194 ἀκα-

240 2238 531 2310 τακρίτως
579 2239 680 2307 τῆς
733 2235 1000 2289 ἀθανάτου
1069 2235 1164 2288 καὶ
1212 2234 1537 2308 ἐπουρανίου
1586 2250 1679 2286 σου
1740 2235 1845 2286 δω-

245 2334 421 2406 ρεᾶς·
456 2330 638 2402 χάριτι
690 2328 792 2399 τῆς
841 2327 1086 2393 εὐδοκίας
1133 2326 1228 2382 τοῦ
1270 2327 1517 2396 Πατρὺς,
1563 2329 1655 2380 καὶ
1698 2329 1851 2398 ἐνερ-

242 2423 385 2495 γείᾳ
428 2422 523 2475 τοῦ
574 2421 729 2490 ἁγίου
776 2419 1114 2489 Πνεύματος.
1168 2420 1239 2473 Σὺ
1288 2419 1396 2489 γὰρ
1448 2417 1495 2471 εἷ
1540 2420 1568 2471 ό
1617 2419 1850 2490 χορηγὸς

244 2510 355 2562 καὶ
406 2508 569 2581 δοτὴρ
620 2508 837 2561 πάντων
888 2506 996 2559 τῶν
1057 2506 1298 2575 ἀγαθῶν,
1348 2508 1444 2561 καὶ¹
1494 2508 1578 2561 σοὶ
1629 2508 1728 2579 τὴν
1764 2507 1853 2560 δόο

243 2600 381 2666 ξαν,
421 2600 517 2671 τὴν
568 2600 740 2654 ἀΐδιον
789 2597 1096 2666 δοξολογίαν
1159 2597 1584 2669 ἀναπέμπομεν,
1634 2599 1730 2650 σὺν
1772 2598 1851 2669 τῷ

241 2692 484 2762 ἀνάρχῳ
526 2707 618 2744 σου
653 2690 850 2761 Πατρὶ,
886 2690 981 2742 καὶ
1022 2687 1100 2759 τῷ
1132 2688 1273 2761 ἀγίῳ
1305 2706 1397 2743 σου
1428 2689 1726 2761 ΙΙνεύματι,
1753 2689 1849 2743 νῦν

243 2784 357 2837 καὶ
390 2783 499 2839 ἀεί.

610 2874 780 2944 Εὑχὴ
815 2873 974 2939 ἄλλη
1005 2872 1111 2928 τοῦ
1139 2874 1493 2944 ἀσπασμοῦ.

328 2964 534 3033 Χριατὲ
575 2966 604 3018 ό
647 2964 780 3028 Θεὸς
832 2963 1011 3035 ἡμῶν,
1054 2967 1087 3037 ἡ
1122 2966 1329 3038 φοϐερά
1374 2966 1465 3019 καὶ
1498 2967 1851 3039 ἀπερινόητος

1951 1854 2182 1925 benigne
2234 1860 2508 1914 concede:
2567 1860 2801 1933 benigne
2853 1864 3016 1918 etiam
3045 1867 3242 1919 munda
3304 1881 3404 1920 nos
3460 1870 3529 1920 ab

1950 1949 2094 2002 omni
2120 1950 2553 2017 inquinamento,
2583 1955 2731 2008 onmi
2772 1954 2914 2021 dolo,
2949 1965 3003 2011 et
3052 1957 3277 2021 malitia,
3321 1967 3376 2012 et
3407 1973 3528 2013 ver-

1951 2040 2089 2095 sutia
2123 2042 2414 2113 lethaliqne
2448 2044 2779 2115 iniuriarum
2819 2049 3302 2114 recordatione;et
3330 2061 3527 2120 praesta

1952 2134 2108 2189 nobis
2129 2142 2186 2189 ut
2240 2135 2535 2192 salutemus
2590 2138 2823 2193 invicem
2864 2141 2916 2193 in
2979 2141 3166 2196 osculo
3210 2152 3425 2207 saneto,
3470 2150 3528 2196 ut

1951 2225 2155 2295 absque
2188 2226 2658 2284 eondemnationis
2730 2231 2972 2299 periculo
3020 2233 3312 2301 participes
3357 2235 3528 2290 simus

1952 2317 2280 2373 immortalis
2315 2329 2368 2372 et
2401 2320 2640 2375 cmlestis
2675 2320 2799 2375 doni
2834 2325 2934 2387 tui,
2991 2339 3086 2393 per
3118 2326 3347 2395 gratiam
3377 2336 3525 2381 tuam

1951 2420 2005 2465 et
2036 2410 2433 2481 beneplacitum
2459 2412 2660 2477 Patris,
2685 2422 2740 2468 et
2799 2415 3170 2483 operationem
3206 2417 3379 2472 sancti
3408 2417 3528 2487 Spi-

1956 2506 2112 2559 ritus.
2155 2504 2233 2559 Tu
2267 2506 2409 2559 enim
2444 2521 2503 2561 es
2569 2507 2794 2577 largitor
2825 2517 2879 2563 et
2904 2510 3061 2562 dator
3085 2510 3326 2564 omnium
3354 2510 3528 2564 bono-

1953 2610 2096 2659 rum,
2125 2604 2178 2650 et
2209 2596 2300 2650 tibi
2334 2596 2561 2665 gloriam
2592 2608 2960 2667 atternamque
2993 2599 3355 2654 laudationem
3385 2600 3529 2655 refe-

1954 2688 2141 2752 rimus,
2174 2703 2295 2740 cum
2332 2688 2491 2744 Patre
2529 2699 2620 2743 tuo
2656 2691 2909 2761 principii
2944 2701 3202 2761 experte,
3254 2702 3307 2747 et
3333 2702 3527 2750 sancto

1956 2789 2048 2836 tuo
2086 2780 2312 2852 Spiritu,
2348 2800 2489 2836 nunc
2514 2793 2568 2836 et
2606 2799 2839 2852 semper.

2376 2872 2563 2928 Oratio
2594 2876 2700 2929 alia
2729 2886 2893 2931 oscutt
2929 2878 3099 2946 pacis.

2023 2965 2239 3022 Christe
2268 2964 2407 3019 Deus
2436 2975 2642 3029 noster,
2678 2967 3002 3048 timendaet
3035 2984 3139 3021 non
3168 2968 3528 3039 comprehen-

243 3056 487 3126 δύναμις
514 3054 772 3108 τοῦοΘεοῦ
802 3055 897 3108 καὶ
924 3055 1182 3127 ,Πατρόςο
1217 3058 1245 3109 ὁ
1284 3057 1379 3110 τοῦ
1410 3057 1665 3128 φλογίνου
1719 3059 1845 3131 θρό-

1952 3057 2125 3113 sibilis
2156 3068 2393 3127 potestas
2422 3057 2514 3113 Dei
2545 3068 2599 3113 et
2627 3058 2838 3114 Patris:
2875 3060 2967 3130 qui
3022 3076 3184 3130 super
3214 3059 3523 3115 ﬂammeum

243 3165 354 3203 νου
384 3148 490 3200 τῶν
524 3146 790 3218 χερουὸὶμ
824 3148 1279 3219 ὑπερκαθήμενος
1308 3150 1403 3202 καὶ
1452 3148 1556 3202 ὑπὸ
1604 3151 1846 3221 πυρίνων

242 3241 538 3311 δυνάμεων
578 3241 1047 3313 δορυφορούμενος
1076 3281 1091 3307 ,
1141 3242 1233 3294 καὶ
1283 3241 1394 3312 πῦρ
1453 3244 1847 3297 καταναλίσκον

245 3333 524 3405 ὑπάρχων
555 3333 630 3396 ὼς
667 3333 829 3396 Θεός·
864 3334 958 3387 κοιλ⁸
989 3332 1078 3386 διά
1106 3333 1204 3405 τὴν
1255 3332 1353 3403 σὴν
1395 3333 1604 3403 ἄφατον
1644 3351 1849 3402 συγκα-

244 3424 485 3479 τάὸασιν
519 3424 613 3477 καὶ
656 3423 1070 3495 φιλανθρωπίαν
1114 3422 1187 3493 μὴ
1233 3421 1433 3491 φλέξας
1479 3423 1557 3493 τῷ
1610 3441 1845 3496 προσεγ-

244 3515 442 3588 γισμῷ
485 3517 577 3570 τὸν
640 3515 856 3587 δολερὸν
910 3517 1196 3587 προδότην,
1246 3514 1382 3568 ἀλλὰ
1440 3516 1650 3585 φιλικὸν
1687 3518 1846 3570 αὐτὸν

247 3609 668 3680 ἀσπασάμενος,
699 3608 873 3662 ’ἑλκων
922 3608 1086 3662 αὐτὸν
1124 3610 1204 3672 εἰς
1256 3608 1545 3680 μετάνοιαν
1580 3610 1676 3663 καὶ
1724 3609 1845 3662 ἐπί-

247 3719 458 3773 γνωσιν
495 3702 588 3755 τοῦ
639 3702 768 3756 ἰδίου
822 3703 1194 3773 τολμήματος.
1251 3701 1603 3767 Καταξίωσον
1664 3705 1843 3774 ἡμᾶς,

249 3794 526 3857 Δέσποτα,
567 3795 660 3846 ἐπὶ
697 3794 797 3864 τῆς
828 3795 1062 3865 φρικτῆς
1089 3793 1294 3865 ταύτης
1331 3793 1501 3865 ὥρας,
1538 3795 1596 3846 ὲν
1626 3796 1847 3866 ὁμονοίᾳ

249 3883 355 3937 καὶ
385 3882 508 3953 δίχα
544 3883 741 3946 παντὸς
774 3886 829 3935 ἐν
860 3882 953 3935 δύο
986 3881 1181 3952 θυμοῦ,
1214 3883 1309 3936 καὶ
1356 3882 1608 3953 λειψάνου
1647 3884 1847 3948 κακίας

249 3974 553 4029 ἀπολαϐεῖν
585 3974 849 4046 ἀλλήλους
880 3976 939 4028 ὲν
972 3975 1115 4046 ἁγίῳ
1151 3975 1438 4047 φιλήματι.
1487 3977 1596 4029 Καὶ
1640 3977 1713 4049 μὴ
1747 3994 1847 4031 κα-

249 4068 525 4141 τακρίνῃς
556 4069 703 4139 ἡμᾶς
733 4068 875 4140 ὑπὲρ
911 4067 986 4139 μὴ
1013 4067 1293 4130 ὀλοτελῶς,
1322 4068 1418 4121 καὶ
1442 4066 1625 4132 καθὼς
1650 4068 1845 4140 ἀρέσαι

250 4164 321 4232 τῇ
356 4165 424 4234 σῇ
473 4159 792 4231 ἀγαθότητι,
842 4158 1234 4230 καθαρεύωμεν
1270 4160 1378 4212 ἀπὸ
1426 4159 1605 4229 πάσης
1648 4160 1846 4231 τρυγὸς

252 4254 540 4326 ἁμαρτίας
587 4253 681 4306 καὶ
725 4252 993 4324 πονηρίας
1029 4252 1255 4324 καὶτῆς
1295 4253 1670 4323 θανατηφόρου
1712 4271 1845 4324 μνη-

254 4347 544 4409 σικακίαςο
582 4345 695 4399 ἀλλ’
720 4344 881 4408 αὐτὸς
904 4346 970 4415 τῇ
1008 4346 1073 4414 σῇ
1096 4343 1306 4415 ἀφάτῳ,
1345 4345 1440 4397 καὶ
1468 4344 1842 4415 ἀνεκδιηγήτῳ

1953 3153 2206 3205 thronum
2234 3150 2517 3205 cherubim
2554 3151 2730 3215 sedes,
2767 3152 2858 3220 qui
2894 3169 2921 3205 a
2965 3154 3322 3221 potestatibus
3354 3157 3525 3225 igneis

1949 3244 2207 3313 obsequio
2235 3243 2455 3308 coleris,
2481 3243 2571 3313 qui
2598 3259 2656 3297 es
2716 3244 2854 3313 ignis
2884 3260 3211 3299 consumens
3252 3255 3309 3300 ut
3342 3248 3483 3303 Deus
3510 3266 3524 3302 :

1948 3345 2001 3387 et
2031 3350 2126 3404 per
2184 3333 2504 3388 ineﬂ‘ahilem
2569 3334 2956 3403 benignitatem
3014 3348 3155 3390 tuam
3197 3347 3252 3392 et
3283 3354 3523 3395 amorem

1952 3422 2254 3486 hominum,
2289 3438 2391 3477 non
2460 3424 2806 3478 combussisti
2858 3426 2914 3478 in
2943 3440 3161 3481 accessu
3193 3428 3257 3481 ad
3301 3439 3352 3484 te
3377 3431 3523 3485 dolo—

1949 3531 2067 3570 sum
2099 3517 2435 3580 traditorem,
2482 3518 2576 3570 sed
2607 3516 2780 3569 amice
2822 3532 2945 3570 eum
2993 3518 3271 3574 osculatus
3325 3536 3384 3575 es
3412 3530 3519 3574 tra-

1950 3608 2083 3663 hens
2115 3608 2262 3662 illum
2290 3609 2356 3662 ad
2394 3610 2802 3677 pmniteutiam,
2847 3616 2901 3665 et
2944 3610 3184 3665 audacia:
3234 3626 3346 3667 Sua:
3371 3614 3522 3684 agni-

1951 3690 2171 3755 tionem.
2204 3700 2456 3771 Dignare,
2494 3702 2745 3769 Domine,
2782 3712 2843 3758 ut
2899 3704 3001 3758 hac
3061 3706 3340 3759 tremenda
3392 3708 3523 3761 hora

1951 3792 2002 3845 in
2038 3795 2352 3857 concordia,
2390 3794 2595 3865 absque
2629 3795 2738 3848 ulla
2769 3796 2935 3849 animi
2966 3796 3303 3866 duplicitate,
3353 3807 3409 3852 et
3441 3814 3522 3853 re-

1946 3886 2130 3955 liquiis
2178 3887 2439 3955 malitiae,
2501 3888 2894 3957 amplectamur
2944 3889 3175 3944 invicem
3234 3891 3286 3944 in
3338 3890 3523 3946 osculo

1950 3990 2172 4035 saneto:
2205 3994 2377 4048 neque
2418 3982 2747 4036 condemnes
2794 3998 2913 4046 nos,
2955 3981 3000 4037 si
3052 3997 3156 4037 non
3191 3982 3448 4053 perfecte,
3472 3992 3522 4038 el

1947 4072 2087 4127 sicut
2133 4072 2388 4142 placitum
2436 4085 2519 4127 est
2547 4083 2647 4128 tum
2680 4074 2931 4139 bonitati,
2988 4077 3169 4130 nmndi
3237 4092 3424 4130 sumus
3457 4078 3524 4131 ab

1946 4166 2090 4219 omni
2121 4166 2250 4220 faece
2279 4167 2505 4234 peccati,
2553 4176 2607 4220 et
2639 4168 2911 4233 nequitim,
2950 4170 3352 4239 mortifera-que
3380 4172 3523 4239 inju-

1948 4261 2147 4312 riarum
2197 4259 2610 4311 recurdatiouis.
2650 4258 2755 4313 Sed
2785 4260 2896 4326 ipse
2921 4259 3174 4315 ineﬂ'ahili
3210 4271 3293 4314 tua
3326 4272 3380 4316 et
3435 4264 3521 4315 iu-

1946 4334 2237 4403 enarrabili
2267 4348 2758 4414 commiseratione,
2821 4364 3153 4419 cognoscens
3209 4351 3519 4420 ﬁgmentum

255 4436 636 4509 εὐσπλαγχνίᾳ
666 4435 822 4499 εἰδὼς
846 4436 909 4489 τὸ
936 4436 1160 4507 πλάσμα
1193 4435 1351 4515 ἡμῶν
1381 4436 1442 4489 τὸ
1467 4436 1708 4501 ἀσθενὲς,
1744 4438 1838 4489 καὶ

1950 4453 2189 4496 nostrum
2221 4440 2416 4507 debile,
2450 4450 2503 4494 ct
2535 4439 2601 4493 ad
2654 4439 2910 4494 inferiora
2960 4442 3213 4510 proclive,
3254 4443 3370 4496 dele
3402 4457 3522 4497 om-

252 4550 275 4582 7
294 4531 410 4584 άτω
431 4529 638 4600 βρίθον,
662 4527 944 4598 ὲξάλειψον
966 4530 1145 4583 πᾶσαν
1168 4514 1358 4598 κηλίδα
1380 4528 1840 4599 παραπτωμάτων

254 4621 440 4693 ἡμῶν,
465 4622 553 4674 ἵνα
574 4619 648 4691 μὴ
665 4622 743 4684 είς
758 4621 1001 4693 κρῖμα,ῆ
1036 4622 1115 4685 είς
1133 4620 1451 4691 κατάκριμα
1472 4623 1602 4691 ἡμῖν
1617 4622 1843 4693 γένηται

252 4715 314 4767 τὸ
341 4713 488 4766 θεῖον
513 4712 671 4765 τοῦτο
702 4714 1019 4784 μυστήριον.
1052 4712 1124 4764 Σὺ
1158 4711 1267 4783 γὰρ
1294 4706 1343 4763 εἷ
1364 4713 1391 4763 ό
1413 4711 1709 4783 δυνάμενος
1739 4715 1843 4766 πᾶ-

257 4823 357 4859 σαν
392 4805 577 4874 ἀφίειν
611 4804 906 4875 ἁμαρτίαν,
955 4804 1051 4858 καὶ
1102 4802 1452 4874 ὑπερϐαίνειν
1493 4803 1709 4867 ἀδικίας
1749 4805 1845 4859 καὶ

255 4899 493 4970 ἀνομίας
522 4896 634 4951 τῶν
653 4896 1016 4968 ταλαιπώρων
1038 4895 1365 4968 ἀνθρώπων,
1386 4896 1725 4969 καθαρισμὸς
1749 4897 1842 4950 τοῦ

255 4991 464 5060 κόσμου
517 4987 721 5052 παντὸς
773 4987 1057 5058 ὑπάρχων,
1101 4987 1198 5039 καὶ
1243 4988 1327 5041 σοὶ
1378 4988 1577 5059 πρέπει
1620 4990 1653 5060 ἡ
1694 4989 1843 5061 παρά

254 5081 461 5146 παντὸς
500 5080 806 5152 συμφώνως
832 5078 1132 5148 δοξολογία,
1163 5080 1298 5151 τιμὴ
1325 5082 1421 5134 καὶ
1448 5079 1840 5154 προσκύνησις,

259 5177 375 5246 ἆμα
407 5174 488 5246 τῷ
521 5174 776 5246 ἀχράντῳ
811 5190 905 5227 σου
940 5172 1145 5245 Πατρὶ,
1197 5174 1291 5228 καὶ
1335 5173 1414 5245 τῷ
1457 5173 1707 5239 ζωοποιῶ
1751 5162 1843 5230 σου

259 5268 537 5340 Πνεύματι
576 5267 692 5332 νῦν,
723 5287 777 5322 κ.
806 5266 856 5321 λ.

259 5415 270 5423 ,
330 5360 442 5415 Καὶ
481 5360 706 5430 γίνεται
738 5360 1083 5431 ἀσπασμός.

343 5456 397 5509 '0
424 5453 705 5519 διάκονος
734 5454 897 5523 λέγει
916 5471 931 5484 ·
964 5452 1186 5525 Στῶμεν
1220 5453 1419 5518 καλῶς.

340 5551 405 5604 '0
440 5549 592 5615 λαὸς
612 5548 776 5621 λέγει
798 5565 811 5578 °
854 5550 1043 5615 Ἔλεος
1070 5553 1310 5624 εἰρήνης.

339 5641 402 5695 '0
436 5642 631 5710 ἱερεὺς
662 5643 1003 5713 ἐκφωνήσει
1017 5659 1033 5674 ⁶

358 5736 404 5788 li
438 5734 628 5808 ἀγάπη
666 5734 760 5790 τοῦ
786 5735 921 5791 Θεοῦ
955 5736 1186 5809 Πατρὸς,
1234 5740 1383 5809 καιὴ
1426 5756 1583 5811 χαρις
1626 5739 1721 5794 τοῦ
1754 5757 1848 5809 μο-

1950 4553 2069 4591 nem
2103 4538 2363 4591 maculam
2400 4534 2724 4591 oﬂensarum
2758 4545 3102 4600 nostrarum,
3131 4545 3189 4590 ut
3216 4551 3319 4591 non
3356 4537 3407 4592 in
3435 4538 3522 4607 ju-

1946 4628 2166 4692 dicimn,
2199 4636 2291 4679 aut
2326 4626 2377 4679 in
2416 4625 2926 4680 condemnationem
2979 4624 3133 4679 nobis
3161 4624 3253 4678 ﬁat
3284 4625 3521 4680 divinum

1948 4719 2050 4774 hoc
2082 4718 2416 4790 mysterium.
2452 4717 2531 4773 Tu
2567 4718 2709 4772 enim
2735 4733 2793 4773 es
2827 4727 3018 4786 potens
3050 4717 3324 4771 dimittere
3353 4719 3521 4787 quod-

1947 4827 2156 4881 cunque
2183 4823 2486 4881 peccatum,
2527 4820 2581 4866 et
2628 4825 2884 4881 superare
2935 4810 3268 4879 iniquitates.
3301 4821 3354 4866 et
3384 4811 3522 4880 inju-

1947 4906 2125 4961 stitias
2154 4906 2474 4959 miserorum
2504 4904 2805 4970 hominum,
2839 4919 2958 4956 cum
2984 4904 3058 4957 sis
3082 4905 3331 4973 purgatio
3362 4904 3523 4959 totius

1948 4998 2246 5062 ntundi;et
2273 4995 2367 5052 tibi
2403 4997 2630 5051 debetur
2672 4997 2738 5051 ah
2795 5011 3120 5065 unoquoque
3176 4996 3523 5051 concinenter

1948 5090 2288 5161 gloriﬁcatio,
2322 5089 2515 5152 honor,
2576 5098 2630 5143 et
2688 5088 2953 5153 adoratio,
3019 5088 3522 5144 cumiuunaculato
3582 5089 3591 5099 “

1952 5193 2040 5237 tuo
2069 5181 2248 5245 Patre,
2273 5189 2327 5236 et
2358 5179 2565 5251 Spiritu
2597 5188 2689 5235 tuo
2736 5179 3065 5246 viviﬁcante,
3116 5193 3259 5235 nunc
3291 5188 3346 5233 et
3378 5192 3522 5233 sem-

1949 5294 2064 5347 per,
2099 5275 2205 5331 etc.

2025 5370 2085 5424 Et
2113 5372 2272 5424 datur
2301 5376 2532 5425 osculum
2559 5384 2725 5437 pacis.

2022 5463 2302 5517 Diaconus.
2340 5462 2556 5516 Stemus
2582 5462 2853 5523 decenter.

2024 5554 2280 5621 Populus.
2326 5551 2754 5606 Misericordiam
2783 5552 2954 5621 pacis.

2022 5645 2278 5698 Sacerdos
2292 5645 2427 5697 dicet
2453 5644 2561 5697 alla
2592 5660 2743 5716 uoce:
3502 5718 3507 5721 1

2022 5737 2276 5793 Charitas
2302 5738 2392 5793 Dei
2423 5736 2601 5794 Patris
2635 5747 2687 5793 et
2728 5746 2900 5808 gratia
2954 5731 3212 5806 unigeniti
3246 5729 3366 5789 Filii
3416 5728 3520 5785 Do-
