4100 6276
585 304 690 370 707
1558 307 1894 363 LITURGIA
1932 306 1992 365 3.
2033 304 2364 362 GREGORII
2403 299 2915 360 ALEXANDRINA.
3725 293 3832 349 708

583 427 720 487 mini
749 426 847 483 Dei
872 434 925 482 et
959 424 1262 482 Salvatoris
1285 423 1458 480 nostri
1483 422 1610 478 Jesu
1635 423 1838 478 Christi
1871 440 1885 477 :
1919 432 1975 480 et
2001 438 2152 479 com-

2266 418 2503 490 δογενοῦς
2547 417 2699 482 Υίοῦ,
2737 411 3053 487 -Κυρίουηδὲ
3102 412 3197 465 καὶ
3239 409 3406 474 Θεοῦ,
3455 408 3551 463 καὶ
3575 406 3830 481 Σωτῆρος

588 519 883 578 municatio
902 518 1209 588 donumque
1237 518 1414 573 sancti
1451 514 1694 587 Spiritus
1735 517 1806 571 sit
1833 529 1955 571 cum
2005 514 2158 570 vobis

2266 510 2423 581 ἡμῶν
2485 507 2661 580 Ἰησοῦ
2727 503 3001 578 Χριστοῦ·
3059 504 3155 558 καὶ
3209 504 3243 573 ὴ
3311 500 3594 565 κοινωνία,
3643 503 3738 554 καὶ
3795 502 3834 574 ἡ

586 609 859 666 omnibus.

663 786 918 856 Populus.
960 786 1031 842 Et
1061 801 1184 843 cum
1227 786 1422 858 spiritu
1453 796 1564 842 tuo.

659 881 942 935 Sacerdos.
985 879 1211 936 Sursum
1237 881 1404 935 corda
1427 879 1744 936 habeamus.

661 969 919 1038 Populus.
962 969 1235 1026 Habemus
1260 969 1326 1024 ad
1357 967 1665 1024 Dominum.

661 1061 942 1120 Sacerdos.
981 1063 1198 1118 Gratias
1227 1076 1452 1130 agamus
1491 1061 1742 1116 Domino.

662 1153 921 1221 Pupulus.
951 1153 1178 1224 Dignum
1204 1161 1259 1208 et
1273 1153 1479 1223 justum
1510 1161 1614 1207 est.

661 1247 944 1302 Sacerdos.
985 1245 1212 1314 Dignum
1273 1244 1552 1314 etjustum
1591 1251 1695 1298 est.
1751 1242 1972 1312 dignum
1995 1249 2048 1296 et
2073 1242 2165 1312 ju-

591 1346 755 1394 8111111.

1092 1425 1313 1480 Initium
1365 1424 1664 1480 oblationis.

668 1513 812 1572 Vere
843 1515 987 1572 enim
1012 1515 1233 1587 dignum
1257 1523 1339 1569 est
1381 1523 1435 1570 et
1468 1513 1696 1583 justum,
1755 1523 1808 1569 te
1841 1513 2077 1577 laudare,
2114 1523 2165 1569 te

591 1606 809 1678 hymnis
841 1606 1136 1670 celebrare,
1196 1607 1291 1661 tibi
1377 1605 1720 1670 benedicere,
1795 1615 1848 1660 te
1908 1608 2162 1670 adorare,

2256 601 2435 671 δωρεά
2489 597 2584 653 τοῦ
2640 599 2802 668 ἀγίου
2872 594 3222 667 Πνεὺματος,
3271 595 3356 664 εῐη
3418 591 3559 665 μετά
3611 591 3836 648 πάντων

2261 693 2434 764 ὑμῶν.

2363 788 2406 837 Ο
2441 784 2580 850 λαὸς
2607 782 2787 850 λέγει.
2820 781 2930 835 Καὶ
2969 777 3106 850 μετά
3141 778 3235 832 τοῦ
3267 777 3575 849 πνεύματός
3608 795 3724 832 σου.

2343 874 2406 928 '0
2447 873 2637 942 ἱερεὺς
2665 873 2849 940 λέγει.
2909 872 3055 924 Ἀνω
3083 870 3296 940 σχῶμεν
3319 869 3418 932 τὰς
3444 868 3693 940 καρδίας.
3800 867 3808 876 ’

2348 961 2396 1016 '0
2434 964 2584 1030 λαὸς
2619 963 2800 1032 λέγει.
2834 963 3067 1033 Ἐχομεν
3105 961 3240 1034 πρὸς
3267 960 3360 1014 τὸν
3391 959 3623 1029 Κύριον.

2343 1056 2404 1110 '0
2429 1055 2619 1124 ἱερεὺς
2644 1055 2827 1124 λέγει.
2856 1053 3350 1124 Εὑχαριστήσωμεν
3377 1050 3454 1120 τῷ
3481 1048 3692 1120 Κυρίῳ.

2342 1149 2397 1199 '0
2427 1146 2577 1211 λαός
2608 1146 2790 1214 λέγει.
2821 1142 3004 1207 Ἀξιον
3037 1142 3130 1195 καὶ
3157 1142 3385 1195 δίκαιον.

2344 1240 2398 1292 '0
2447 1240 2639 1308 ἱερεὺς
2683 1238 2863 1306 λέγει.
2897 1234 3081 1300 Ἄξιον
3128 1234 3222 1289 καὶ
3267 1232 3497 1298 δίκαιον,
3545 1230 3694 1296 ἀξιον
3742 1229 3840 1284 καὶ

2263 1333 2488 1390 δίκαιον.

2662 1422 2832 1494 Ἄρχὴ
2867 1422 2977 1491 τῆς
3017 1419 3427 1490 προσκομιδης

2347 1515 2584 1586 Ἀληθῶς
2628 1516 2736 1586 γὰρ
2776 1516 2922 1582 ἄξιόν
2955 1517 3123 1579 ἐστιν,
3155 1515 3250 1567 καὶ
3283 1512 3491 1566 δίκαιόν
3535 1529 3594 1565 σε
3638 1512 3837 1574 αἰνεῖν,

2266 1610 2324 1663 σὲ
2365 1609 2625 1677 εὐλογεῖν,
2665 1609 2724 1662 σὲ
2773 1608 3116 1679 προσκυνεῖν,
3160 1607 3220 1659 σὲ
3263 1604 3508 1670 δοξάζειν
3539 1606 3629 1658 τὸν
3675 1606 3842 1676 μόνον

592 1703 646 1750 te
677 1695 1002 1766 gloriﬁcare,
1032 1695 1206 1750 solum
1231 1709 1416 1748 verum
1453 1694 1646 1761 Deum,
1680 1695 1899 1749 humani
1951 1694 2164 1764 generis

2266 1700 2512 1773 ἀληθινὸν
2544 1701 2695 1765 Θεὸν,
2728 1700 2820 1754 τὸν
2853 1699 3252 1770 φιλάνθρωπον,
3278 1699 3368 1752 τὸν
3401 1698 3700 1770 ἄφραστον.
3741 1698 3841 1750 τὸν

591 1783 1294 1849 amatorcm,ineﬂ‘abilem,
1351 1783 1698 1850 invisibilem,
1763 1784 2162 1840 incircumscri-

2266 1766 2518 1864 ἀόρατον,
2561 1793 2654 1845 τὸν
2697 1766 2998 1863 ἀχῶρητον,
3044 1766 3136 1842 τὸν
3172 1789 3427 1861 ἄναρχον,
3459 1766 3549 1841 τὸν
3594 1789 3842 1851 αἰώνιον,

590 1889 767 1948 ptum,
799 1877 918 1931 sine
953 1875 1240 1947 principio,
1266 1885 1556 1940 aeternum,
1605 1875 1726 1930 sine
1774 1885 2035 1945 tempore,
2066 1878 2164 1930 im-

591 1968 1038 2035 mensurabilem,
1069 1967 1484 2034 immutabilem,
1521 1984 1622 2025 nec
1658 1969 1985 2040 cogitatione
2013 1984 2162 2023 com-

591 2059 1010 2132 prehensibilem
1044 2077 1060 2114 :
1096 2059 1359 2116 factorem
1382 2061 1786 2125 universorum,
1819 2060 2163 2116 liberatorem

589 2151 872 2206 omnium:
901 2151 992 2222 qui
1022 2151 1330 2221 propitiaris
1385 2149 1638 2206 omnibus
1671 2151 2044 2222 iniquitatibus
2077 2166 2169 2208 no-

589 2243 746 2310 stris,
784 2243 876 2313 qui
905 2258 1069 2299 sanas
1094 2258 1284 2299 omnes
1331 2242 1676 2299 inﬁrmitates
1708 2256 1947 2312 nostras,
1971 2245 2062 2315 qui
2086 2261 2168 2300 re-

589 2336 753 2392 dimis
785 2338 852 2392 de
878 2336 1234 2404 corruptione
1267 2337 1430 2389 vitam
1473 2343 1734 2399 nostram,
1786 2335 1878 2405 qui
1937 2351 2166 2392 coronas

591 2442 696 2484 nos
721 2428 775 2482 in
812 2428 1187 2484 misericordia
1209 2437 1264 2484 et
1295 2427 1753 2483 miserationibus.
1807 2428 1884 2484 Te
1943 2427 2168 2484 laudant

591 2520 794 2592 angeli,
829 2531 881 2576 te
911 2520 1140 2577 adorant
1168 2519 1476 2589 archangeli
1500 2561 1516 2586 ,
1551 2531 1601 2574 te
1650 2521 1865 2592 hymnis
1893 2521 2167 2576 celebrant

593 2611 957 2681 principatus,
1005 2621 1058 2666 te
1109 2610 1506 2666 dominationes
1554 2610 1896 2666 inclamant:
1938 2610 2164 2680 gloriam

597 2713 746 2757 tuam
775 2713 1074 2772 potestates
1102 2703 1419 2773 praedicant,
1456 2702 1552 2757 tibi
1583 2703 1760 2757 throni
1820 2703 2164 2758 acclamatio-

597 2805 695 2846 nes
722 2793 972 2858 mittunl,
1015 2792 1160 2847 mille
1186 2792 1401 2848 millena
1425 2792 1519 2847 tibi
1543 2793 1828 2855 assistunt.
1880 2802 1937 2848 et
1990 2793 2167 2847 decies

597 2880 744 2936 mille
769 2881 981 2936 inillena
1019 2881 1111 2936 tibi
1145 2883 1503 2937 ministerium
1523 2880 1774 2936 offerunt.
1795 2881 1869 2938 Te
1888 2883 2168 2937 celebrant

594 2970 908 3038 invisibilia,
960 2981 1012 3027 te
1057 2972 1288 3026 adorant
1333 2987 1398 3028 ea
1456 2987 1576 3044 quae
1615 2973 1863 3028 videntur
1915 2973 2165 3028 facientia

595 3061 821 3116 verbum
857 3071 1027 3124 tuum,
1059 3062 1307 3118 Domine.

669 3151 936 3207 Diaconua
957 3153 1113 3209 dicit.
1142 3155 1245 3222 Qui
1280 3165 1480 3212 senetts
1509 3157 1733 3227 surgite.

665 3241 951 3298 Sacerdos.
975 3244 1053 3299 Tu
1081 3247 1172 3314 qui
1209 3261 1290 3313 es,
1323 3261 1356 3302 o
1383 3246 1542 3310 Deus,
1575 3247 1794 3302 Domine
1831 3261 1956 3302 vere
1980 3260 2046 3301 ex
2062 3245 2169 3301 Deo

595 3347 748 3399 vero,
783 3334 874 3403 qui
902 3333 1084 3389 Patris
1117 3334 1294 3391 lumen
1317 3339 1474 3393 nobis
1496 3339 1911 3406 demonstrasti,
1936 3339 2028 3408 qui
2067 3353 2167 3391 no-

595 3424 679 3479 bis
716 3425 890 3480 sancti
921 3425 1153 3494 Spiritus
1177 3429 1537 3497 cognitionem
1581 3446 1764 3486 veram
1809 3431 2166 3488 concessisti:

597 3517 688 3586 qui
722 3530 972 3587 magnum
1027 3519 1129 3572 hoc
1169 3519 1290 3574 vita:
1343 3522 1658 3590 mysterium
1715 3524 2166 3593 ostendistiz'qni

597 3607 917 3663 hominibus
959 3609 1239 3666 instituisti
1277 3613 1474 3667 choros
1526 3615 1988 3683 incorporearum,
2042 3617 2166 3670 dum

596 3699 940 3767 seraphicnm
1004 3702 1179 3765 nobis,
1235 3704 1325 3771 qui
1377 3704 1428 3757 in
1487 3713 1629 3758 terra
1676 3721 1880 3772 sumus,
1913 3708 2165 3777 hymnum

601 3789 890 3851 tradidisti,
925 3790 1140 3858 suscipe
1171 3805 1295 3845 cum
1325 3792 1677 3848 invisibilium
1709 3810 1860 3861 voce,
1883 3797 2045 3852 etiam
2079 3813 2170 3851 no-

599 3891 798 3938 strain.
827 3881 1107 3952 Conjunge
1169 3898 1268 3938 nos
1307 3886 1663 3954 potestatibus
1709 3887 2039 3943 ctelestibus.
2066 3888 2170 3942 Lo-

597 3989 836 4043 qnainnr
860 3976 1022 4028 etiam
1073 3983 1128 4028 et
1183 3991 1281 4030 nos
1324 3992 1445 4031 cum
1485 3978 1639 4047 ipsis,
1689 3979 1896 4047 abjecta
1929 3981 2165 4036 omnium

597 4068 958 4119 absurdaruin
993 4067 1377 4136 cogitationum
1428 4070 1831 4140 imaginatione,
1878 4082 1934 4127 et
1972 4073 2170 4128 clarue-

602 4171 726 4209 inus
752 4172 872 4226 qua:
895 4157 992 4226 ipsi
1025 4159 1435 4214 incessabilibns
1477 4162 1696 4217 vocibus
1727 4163 2082 4231 proclamant,
2113 4173 2170 4218 et

599 4250 967 4305 indesinenter
1015 4249 1438 4319 magnitudinem
1497 4264 1640 4307 tuam
1686 4255 1871 4309 oribus
1927 4255 2170 4311 celebre-

598 4356 742 4395 unus.

671 4433 940 4488 Diaconus
970 4435 1122 4490 dicit.
1163 4436 1244 4490 Ad
1278 4437 1537 4492 orientem
1571 4439 1811 4508 aspicite.

667 4523 950 4580 Sacerdos.
995 4525 1070 4580 Te
1097 4529 1240 4582 enim
1283 4528 1696 4584 circumsistunt
1750 4530 2044 4598 seraphim,
2072 4546 2168 4586 sex

596 4618 698 4667 ala:
729 4615 844 4678 ui,
884 4625 938 4668 et
964 4631 1056 4671 sex
1085 4615 1182 4670 alte
1205 4617 1393 4671 alteri:
1431 4619 1639 4672 duabus
1676 4619 1888 4687 quidem
1933 4620 2032 4672 alis
2075 4634 2167 4672 ve-

598 4704 712 4758 lant
737 4704 904 4760 facies
936 4721 1085 4771 suas,
1109 4708 1320 4764 duabus
1347 4711 1510 4776 pedes
1535 4723 1687 4774 suos,
1715 4720 1770 4764 et
1829 4711 2034 4765 duabus
2071 4726 2166 4766 vo-

599 4798 792 4862 lantes,
821 4798 1058 4854 clamant
1086 4801 1222 4856 alter
1251 4802 1317 4855 ad
1358 4801 1607 4856 alterum.

667 4975 789 5028 Alia
817 4992 952 5032 uoce.
995 4977 1400 5049 Triumphalem
1433 4980 1690 5049 hymnum
1719 4981 2034 5037 salutarium
2067 4999 2164 5038 no-

516 5109 526 5118 .
593 5077 829 5120 stroruin
889 5082 1018 5122 voce
1073 5069 1218 5123 clara
1283 5079 1338 5124 et
1375 5069 1540 5124 nitida
1589 5071 1862 5127 celebrant
1937 5087 2160 5141 canunt,

593 5156 852 5225 clamant,
886 5158 1130 5226 laudant,
1160 5159 1458 5216 clamantes
1489 5171 1545 5248 et
1572 5162 1831 5218 dicentes.

667 5333 948 5390 Diaconus.
981 5335 1358 5392 Attendamus.

666 5420 930 5490 Populus.
972 5423 1226 5490 Sanctus,
1263 5434 1503 5495 sanctus,
1541 5439 1763 5487 sanctus
1793 5429 2052 5491 Dominus
2072 5449 2158 5490 sa-

593 5513 780 5582 baoth,
808 5515 1024 5584 plenum
1049 5523 1132 5570 est
1154 5515 1376 5583 coelum,
1403 5528 1510 5574 etc.

665 5604 944 5670 Sacerdos,
980 5609 1232 5676 Sanctus,
1255 5622 1478 5668 sanctus
1506 5627 1587 5681 es,
1613 5615 1854 5679 Domine.
1878 5619 2158 5676 etomnino

592 5707 831 5753 Sanetus.
870 5697 1136 5756 Eximium
1201 5709 1284 5758 est
1324 5701 1638 5762 substantiae
1688 5708 1990 5764 tumlumcn
2072 5712 2156 5767 in-

2253 1885 2352 1952 τὸν
2380 1885 2622 1957 ἄχρονον,
2653 1885 2743 1938 τὸν
2780 1884 3109 1956 ἀμέτρητον,
3144 1882 3234 1936 τὸν
3263 1881 3553 1954 ἄτρεπτον,
3577 1879 3670 1933 τὸν
3700 1882 3843 1933 ἀπε-

2266 1977 2508 2048 ρινόητον
2526 1995 2540 2008 ·
2574 1978 2664 2031 τὸν
2705 1977 2934 2046 ποιητὴν
2972 1974 3078 2027 τῶν
3109 1973 3268 2038 ὅλων,
3295 1973 3388 2026 τὸν
3419 1972 3698 2044 λυτρωτὴν
3728 1971 3844 2023 τῶν

2266 2068 2554 2121 ἁπάντων·
2593 2068 2685 2121 τὸν
2732 2066 3114 2120 εὑιλατεὺοντα
3165 2063 3366 2126 πάσαις
3415 2065 3532 2126 ταῖς
3585 2061 3844 2132 ἀνομίαις

2264 2159 2452 2230 ἡμῶν·
2503 2160 2592 2213 τὸν
2646 2157 2874 2230 ἰώμενον
2927 2158 3108 2220 πάσας
3159 2155 3346 2218 νόσους
3388 2154 3573 2225 ήμῶν·
3604 2153 3694 2206 τὸν
3739 2151 3845 2205 λυ-

2264 2249 2559 2321 τρούμενον
2599 2251 2664 2302 ὲκ
2693 2249 2898 2320 φθορᾶς
2937 2249 3037 2320 τὴν
3077 2246 3220 2318 ζωὴν
3263 2246 3452 2317 ἡμῶν·
3486 2243 3578 2298 τὸν
3633 2261 3844 2314 στεφα-

2265 2343 2456 2398 νοῦντα
2487 2345 2666 2414 ἡμᾶς,
2717 2345 2775 2395 ὲν
2807 2342 2948 2395 ἐλέει
2981 2340 3076 2394 καὶ
3121 2341 3441 2409 οίκτιρμοῖς.
3483 2337 3550 2390 Σὲ
3596 2335 3848 2390 αἰνοῦσιν

2265 2437 2515 2506 ἄγγελοι·
2564 2437 2625 2490 σὲ
2684 2433 3077 2507 προσκυνοῦσιν
3144 2430 3470 2504 ἀρχάγγελοι
3491 2447 3505 2461 ·
3559 2430 3618 2483 σὲ
3668 2430 3851 2500 ἀρχαὶ

2267 2528 2528 2599 ὑμνοῦσι·
2566 2528 2627 2582 σὲ
2671 2527 2989 2599 κυριότητες
3031 2523 3430 2598 ἀνακράζουσι·
3465 2524 3565 2594 τὴν
3606 2523 3705 2593 σὴν
3747 2521 3849 2575 δό-

2266 2621 2364 2688 ξαν
2405 2620 2646 2686 ἐξουσίαι
2694 2618 3118 2690 ἀναγορεύουσι·
3159 2619 3241 2670 σοὶ
3290 2616 3467 2688 θρόνοι
3515 2615 3613 2686 τὴν
3665 2614 3852 2687 εὐφη..

2269 2708 2400 2780 μίαν
2447 2708 2832 2780 ἀναπέμπουσι
2853 2724 2867 2737 ·
2913 2707 3082 2778 χίλιαι
3126 2706 3364 2778 χιλιάδες
3417 2722 3497 2758 σοι
3549 2705 3852 2776 παραστήο

2267 2818 2454 2869 κουσι,
2506 2802 2600 2854 καὶ
2651 2799 2843 2872 μύριαι
2895 2799 3155 2872 μυριάδες
3214 2816 3294 2852 σοι
3344 2797 3442 2870 τὴν
3502 2797 3856 2868 λειτουργξειν

2267 2896 2620 2966 προσάγουσι.
2651 2895 2719 2948 Σὲ
2751 2894 2911 2964 ὑμνεῖ
2945 2894 3012 2948 τά
3053 2893 3294 2966 ἀόρατα·
3329 2893 3392 2968 σὲ
3441 2894 3730 2962 προσκυνεῖ
3773 2890 3854 2945 τὰ

2267 2988 2568 3059 φαινόμενα
2590 3027 2606 3053 ,
2660 2986 2838 3040 πάντα
2906 2985 3162 3039 ποιοῦντα
3213 2984 3305 3038 τδν
3365 2983 3520 3052 λόγον
3566 2999 3683 3049 σου,
3738 2983 3852 3036 Δέ-

2190 3065 2235 3161 c
2268 3097 2459 3134 σποτα.

2353 3170 2408 3222 Ὁ
2439 3168 2717 3236 διάκονος
2753 3167 2934 3238 λέγει.
2967 3169 3030 3222 Ol
3060 3167 3358 3239 καθήμενοι
3392 3168 3676 3238 ἀνάστητε.

2351 3259 2414 3312 '0
2447 3259 2636 3328 ἱερεὺς
2678 3259 2859 3330 λέγει.
2914 3260 2971 3314 '0
3016 3258 3090 3312 ὣν
3143 3259 3229 3312 Θεὲ
3283 3259 3455 3332 Κύριε
3512 3259 3729 3330 ἀληθινὲ
3778 3259 3854 3312 ἐκ

2269 3352 2404 3407 Θεοῦ
2448 3353 2737 3425 ἀληθινοῦ·
2784 3355 2813 3408 ό
2854 3352 2948 3407 τοῦ
3005 3354 3216 3425 Πατρδς
3267 3355 3397 3424 ἡμῖν
3445 3353 3728 3420 ὑποδείξας
3781 3353 3854 3406 τὸ

2271 3444 2503 3513 φέγγος·
2539 3447 2567 3498 ό
2604 3443 2699 3497 τοῦ
2740 3444 2892 3513 ἁγίου
2935 3445 3252 3515 Πνεὺματος
3291 3445 3390 3515 τὴν
3432 3444 3608 3516 ἀληθῆ
3641 3444 3854 3512 γνῶσιν

2269 3538 2401 3606 ἡμῖν
2435 3537 2834 3607 χαρισάμενος·
2875 3539 2904 3590 ὁ
2936 3538 2996 3590 τὸ
3028 3536 3169 3608 μέγα
3210 3535 3368 3589 τοῦτο
3394 3536 3492 3607 τῆς
3519 3535 3662 3606 ζωῆς
3705 3537 3855 3590 ἀνα-

2269 3630 2447 3697 δείξας
2473 3629 2535 3683 τὸ
2564 3619 2857 3702 μυστήριον
2876 3645 2889 3659 ·
2924 3631 2953 3681 ό
2985 3629 3084 3700 τὴν
3109 3629 3219 3684 τῶν
3247 3630 3552 3698 ἀσωμάτων
3587 3633 3699 3692 τοῖς
3745 3631 3856 3682 ἀν-

2271 3721 2508 3793 θρώποις
2566 3719 2922 3793 χοροστασίαν
2979 3720 3306 3790 πηξάμενος.
3351 3720 3407 3772 '0
3463 3718 3559 3790 τὴν
3601 3719 3708 3772 τῶν
3752 3737 3856 3773 σε-

2271 3815 2448 3884 ραφὶμ
2473 3815 2587 3876 τοῖς
2631 3812 2723 3865 ἐπὶ
2766 3812 2867 3883 γῆς
2895 3811 3165 3880 παραδοὺς
3204 3810 3491 3880 ὑμνῳδίαν,
3518 3809 3663 3874 δέξαι
3700 3813 3855 3880 μετὰ

2268 3904 2377 3957 τῶν
2411 3905 2656 3976 ἀοράτων
2719 3903 2812 3956 καὶ
2863 3902 2959 3973 τὴν
3011 3901 3286 3972 ἡμετέραν
3343 3903 3545 3972 φωνήν.
3597 3900 3854 3971 Σύναψον

2270 3996 2417 4066 ἡμᾶς
2474 3997 2594 4058 ταῖς
2662 3995 3012 4064 ὲπουρανίαις
3070 3994 3378 4063 δυνάμεσιν.
3429 3994 3682 4064 Εἶπωμεν
3743 3998 3856 4049 καὶ

2267 4088 2428 4158 ἡμεῖς
2463 4088 2580 4156 μετ’
2605 4085 2782 4140 αὑτῶν
2834 4087 3014 4138 πᾶσαν
3063 4086 3264 4139 ἄτοπον
3321 4085 3526 4138 ἔννοιαν
3563 4087 3856 4158 περιστεί-

2269 4176 2458 4241 λαντες
2514 4177 2805 4248 βοήσωμεν
2857 4175 3046 4246 ῶσπερ
3091 4178 3324 4242 ἐκεῖναι,
3375 4179 3494 4239 ταῖς
3559 4177 3852 4249 ἀσιγήτοις

2268 4268 2566 4340 ἀνακράζει
2610 4271 2832 4338 φωναῖς,
2881 4267 3326 4331 ἀκαταπαύστοις
3371 4270 3601 4339 στόμασι
3635 4270 3694 4322 τὸ
3743 4272 3850 4326 σὺν

2272 4358 2553 4429 μεγαλεῖον
2583 4358 2927 4429 ὑμνήσωμεν.

2347 4451 2409 4502 '0
2447 4449 2722 4516 διάκονος
2746 4449 2925 4520 λέγει.
2955 4451 3048 4514 EE;
3075 4449 3337 4512 ἀνατολὰς
3366 4449 3608 4518 βλέπετε.

2350 4535 2412 4587 '0
2446 4536 2639 4603 ἱερεὺς
2682 4535 2860 4606 λέγει.
2895 4537 2984 4590 Sol.
3027 4537 3134 4607 γὰρ
3179 4541 3518 4608 παραστήκει
3553 4538 3732 4609 κύκλῳ
3769 4541 3852 4594 τὰ

2271 4628 2510 4697 σεραφὶμ
2555 4627 2612 4692 ἒξ
2659 4628 2927 4698 πτέρυγες
2977 4627 3052 4697 τῷ
3101 4629 3208 4680 ἐνί·
3255 4630 3347 4681 καὶ
3401 4632 3519 4692 ταῖς
3565 4628 3662 4698 μὲν
3710 4631 3849 4684 δυσὶ

2270 4715 2493 4785 πτέρυξι
2526 4716 2998 4768 κατακαλύπτουσι
3037 4715 3106 4768 τὰ
3138 4717 3402 4787 πρόσωπα
3443 4718 3680 4770 ἑαυτῶν·
3717 4723 3850 4784 ταῖς

2267 4803 2325 4857 δέ
2351 4804 2472 4857 δυσὶ
2499 4806 2624 4868 τοὺς
2657 4805 2823 4868 πόδας
2861 4805 3068 4858 ἑαυτῶν
3093 4822 3107 4835 ·
3139 4807 3231 4858 καὶ
3273 4810 3392 4871 ταῖς
3441 4809 3538 4877 μὲν
3574 4807 3694 4861 δυσὶ
3742 4827 3849 4862 περ

2267 4896 2488 4967 τόμενα,
2519 4897 2613 4948 καί
2641 4896 2940 4966 ὲκέκραγον
2976 4896 3160 4967 ἕτερον
3192 4898 3324 4968 πρὸς
3349 4900 3555 4968 ἕτερον.

2350 4986 2732 5056 Ἐκφωνήσει.
2763 4987 2866 5039 Τὸν
2899 4988 3165 5040 ἐπινίκιον
3213 4988 3378 5058 ὕμνον
3413 4990 3521 5042 τῶν
3555 4993 3846 5063 σωτηριῶν

2267 5079 2446 5150 ἡμῶν,
2482 5081 2618 5150 μετά
2649 5080 2834 5149 φωνῆς
2860 5079 3093 5146 ἐνδόξου,
3123 5080 3348 5153 λαμπρᾷ
3375 5087 3439 5155 τῇ
3475 5089 3646 5157 φωνῇ,
3679 5087 3847 5158 ὑμνο-

2265 5172 2542 5239 λογοῦντα,
2585 5173 2795 5244 ᾅδοντα,
2831 5172 3058 5242 βοῶντα,
3093 5173 3494 5244 δοξολογοῦντα,
3529 5196 3844 5250 κεκραγοτα

2265 5263 2358 5314 καὶ
2390 5262 2634 5330 λέγοντα.

2365 5357 2407 5406 0
2439 5352 2718 5421 διάκονος
2750 5354 2931 5425 λέγει.
2967 5357 3294 5428 Πρόσχωμεν

2349 5444 2410 5498 '0
2440 5446 2590 5511 λαὸς
2620 5446 2806 5517 λέγει.
2849 5450 3059 5518 Ἄγιος,
3095 5451 3267 5519 ἅγιος,
3303 5451 3457 5521 ἅγιος
3494 5453 3696 5524 Κύριος
3740 5471 3841 5508 σα-

2261 5533 2430 5601 ϐαὼο,
2463 5537 2675 5608 πλήρης
2698 5539 2726 5590 ό
2761 5539 3009 5610 οὐρανὸς,
3042 5541 3150 5596 κ.λ.

2341 5627 2403 5679 '0
2445 5628 2635 5696 ἱερεὺς
2688 5630 2870 5699 λέγει.
2904 5631 3114 5700 Ἄγιος,
3165 5632 3320 5702 ἅγιος
3369 5630 3452 5700 εἴ,
3487 5635 3679 5706 Κύριε,
3738 5639 3836 5692 καὶ

2261 5717 2545 5784 πανάγιος.
2590 5719 2896 5789 Ἑξαίρετόν
2953 5737 3046 5773 σου
3103 5722 3201 5792 τῆς
3255 5723 3442 5788 οὐσίας
3489 5723 3550 5778 τὸ
3595 5725 3834 5794 φέγγος·

3253 5957 3298 5973 ,δν
