4100 6276
307 275 418 332 709
1273 274 1600 331 LITURGIA
1644 276 1700 332 S.
1742 277 2071 335 GREGORll
2107 283 2623 343 ALEXANDRINA.
3462 293 3565 354 7H)

303 386 590 460 αφραστός
618 403 716 440 σου
738 386 838 458 τῆς
861 386 1108 457 σοφίαςή
1135 386 1383 459 δύναμις.
1402 390 1592 453 Οὐδεὶς
1612 389 1768 459 λόγος
1802 395 1890 446 ὲκ-

1995 396 2328 465 explicabilis
2348 408 2432 455 est
2458 410 2561 454 tua:
2590 401 2869 469 sapientia:
2899 403 3158 472 potentia.
3177 402 3368 460 Nullus
3390 419 3568 461 sermo

307 479 577 552 μετρήσει
604 478 703 549 τῆς
734 480 834 548 σῆς
863 478 1272 548 φιλανθρωπίας
1304 478 1364 532 τὸ
1391 480 1641 549 πέλαγος.
1676 483 1896 553 Ἐποίη-

305 572 413 635 σάς
448 587 516 641 με
570 569 878 642 ἄνθρωπον,
922 568 999 633 ὡς
1029 570 1426 642 φιλάνθρωπος,
1468 585 1566 625 ουκ
1603 574 1768 637 αὐτὸς
1797 576 1898 645 τῆς

298 663 453 733 ἐμῆς
486 656 703 732 ἐπιδεὴς
731 662 996 726 δουλείας,
1033 662 1142 731 ἐγὼ
1178 663 1233 715 δὲ
1272 663 1469 733 μᾶλλον
1491 665 1590 735 τῆς
1633 665 1731 736 σῆς
1764 667 1899 737 χρῄ-

300 755 419 820 ζων
448 755 787 818 δεσποτείας.
820 756 933 808 Οὑκ
963 754 1092 808 ὄντα
1128 772 1195 826 με
1224 755 1291 807 δι’
1329 756 1729 827 εὐσπλαγχνίαν
1759 775 1897 829 παρ-

300 846 547 916 ήγαγες·
602 845 829 917 οὐρανόν
886 863 977 917 μοι
1028 846 1167 917 πρὸς
1218 846 1413 917 ὄροφον
1469 846 1739 919 ἔστησας·
1793 850 1897 919 γῆν

304 955 404 1008 μοι
444 937 585 1010 πρὸς
616 936 770 1008 βάσιν
810 936 1158 1009 κατέπηξας·
1193 937 1262 992 δι’
1300 938 1400 1009 ἐμὲ
1450 938 1725 993 θάλασσαν
1766 940 1896 1009 ἐχα-

301 1029 575 1093 λίνωσας·
610 1029 677 1082 δι’
724 1016 823 1099 ἐμὲ
873 1029 973 1099 τὴν
1022 1028 1181 1098 φύσιν
1213 1028 1319 1082 τῶν
1376 1028 1529 1093 ζώων
1582 1030 1892 1095 ἀνέδειξας·

305 1121 491 1174 πάντα
525 1120 798 1188 ὑπέταξας
836 1121 939 1174 ὑπὸ
975 1120 1084 1175 τῶν
1127 1120 1306 1174 ποδῶν
1359 1138 1459 1191 μου
1482 1140 1494 1151 ·
1543 1121 1650 1173 οὐδ’
1683 1121 1741 1176 ἓν
1788 1122 1897 1175 τῶν

299 1212 413 1280 τῆς
460 1212 561 1280 σῆς
617 1211 1027 1283 φιλανθρωπίας
1078 1212 1137 1264 ὲν
1185 1211 1308 1282 ἐμοὶ
1366 1211 1706 1282 πραγμάτων
1752 1228 1896 1282 παρ-

302 1304 556 1367 ἑλειπας.

412 1420 456 1470 0
480 1417 632 1483 λαὸς
659 1415 838 1488 λέγει.
874 1414 1066 1487 Κύριε,
1095 1415 1335 1487 ἐλέησον.

413 1530 455 1579 Ο
486 1527 676 1600 ἱερεὺς
708 1527 888 1597 λέγει.
923 1514 1007 1579 Σὺν
1030 1525 1269 1590 ἔπλασάς
1301 1544 1387 1597 με,
1431 1527 1525 1581 καὶ
1573 1528 1779 1599 ἔθηκας
1807 1528 1894 1579 ἐπ’

299 1619 412 1689 ἐμὲ
453 1620 556 1689 τὴν
597 1619 755 1690 χεῖρά
789 1635 916 1671 σου·
955 1619 1054 1688 τῆς
1100 1621 1198 1689 σῆς
1238 1617 1484 1682 ἐξουσίας
1526 1620 1583 1671 ἐν
1628 1619 1752 1689 ἐμοὶ⁵
1795 1619 1895 1689 τὴν

297 1708 496 1762 εἰκόνα
539 1709 890 1781 ὑπέγραψας·
924 1710 1017 1764 τοῦ
1065 1710 1224 1779 λόγου
1264 1712 1326 1765 τὸ
1369 1712 1539 1784 δῶρον
1586 1714 1886 1785 ἐνέθηκας·

1998 1711 2261 1779 scripsisti
2312 1715 2587 1769 :rationis
2642 1717 2840 1769 donum
2894 1718 3133 1774 indidisti

296 1802 390 1863 είς
435 1800 649 1870 τρυφήν
695 1817 784 1871 μοι
830 1800 921 1853 τὸν
975 1801 1303 1873 παράδεισον
1343 1803 1597 1874 ἠνοιξας·
1648 1803 1749 1872 τῆς
1790 1803 1888 1875 σῆς

297 1891 563 1961 γνώσεως
618 1892 719 1962 τὴν
761 1891 1108 1947 διδασκαλίαν
1159 1893 1512 1965 παρέδωκας·
1562 1894 1767 1959 ἔδειξάς
1821 1912 1888 1965 με

296 1983 370 2036 τὸ
406 1982 619 2054 δένδρον
673 1982 774 2053 τῆς
842 1983 1024 2054 ζωῆς·
1072 2002 1162 2055 μοι
1215 1984 1367 2050 ξύλον
1426 1986 1740 2051 ὑπέδειξας·
1792 1985 1887 2039 τοῦ

297 2074 542 2129 θανάτου
571 2075 631 2128 τὸ
669 2074 891 2146 κέντρον
930 2074 1263 2147 ὲγνὼρισας·
1302 2077 1420 2141 ἑνός
1455 2095 1545 2149 μοι
1578 2076 1744 2148 φυτοῦ
1789 2078 1889 2148 τὴν

296 2165 607 2220 ἀπόλαυσιν
636 2167 1020 2237 ἀπηγόρευσας
1044 2184 1058 2197 ·
1109 2166 1168 2232 ἐξ
1199 2167 1361 2220 αὑτοῦ
1412 2168 1574 2234 μόνου
1608 2164 1699 2222 οὖν
1729 2164 1888 2233 εἶπάς

300 2277 403 2330 μοι
438 2260 514 2330 μὴ
550 2262 773 2329 φαγεῖν·
811 2257 1034 2329 ἔφαγον,
1062 2260 1225 2330 νόμον
1251 2258 1492 2331 ἡθέτησα
1513 2277 1525 2290 ·
1560 2259 1752 2333 γνώμῃ
1791 2261 1889 2331 τῆς

295 2351 528 2421 ἐντολῆς
560 2350 926 2424 παρημέλησα
946 2370 960 2383 ·
995 2351 1107 2421 ἐγὼ
1140 2351 1197 2405 δὲ
1235 2350 1330 2406 τοῦ
1358 2350 1589 2406 θανάτου
1622 2352 1721 2424 τὴν
1754 2354 1889 2407 ἀπό-

295 2460 477 2513 φασιν
505 2444 753 2515 ἦρπασα.

394 2534 459 2588 '0
482 2536 633 2601 λαὸς
658 2533 841 2605 λέγει.
872 2534 1065 2607 Κύριε,
1097 2535 1321 2607 ἐλέησον

391 2647 455 2703 '0
487 2648 679 2718 ἱερεὺς
706 2649 884 2721 λέγει.
927 2650 998 2703 Σύ
1036 2668 1146 2721 μοι,
1188 2644 1233 2705 ὦ
1284 2650 1552 2713 Δέσποτα,
1583 2650 1681 2723 τὴν
1715 2669 1890 2722 τιμω-

299 2741 436 2814 ρίαν
476 2742 799 2814 μετέϐαλες·
838 2743 912 2806 ὡς
947 2743 1152 2814 ποιμὴν
1187 2742 1391 2810 ἀγαθὸς
1426 2743 1504 2805 είς
1537 2741 1887 2812 πλανώμενον

294 2836 576 2907 ἔδραμες·
627 2835 703 2899 ὡς
752 2836 936 2907 πατὴρ
984 2833 1236 2905 ἀληθινὸς
1280 2834 1403 2905 ἐμοὶ
1452 2832 1530 2904 τῷ
1579 2834 1889 2887 πεπτωκότι

295 2928 690 2999 συνήλγησας·
735 2928 870 2981 πᾶσι
906 2928 1019 2990 τοῖς
1050 2928 1187 2998 πρὸς
1234 2926 1380 2997 ζωὴν
1417 2927 1727 2998 φαρμάκοις
1765 2942 1889 2978 κατ-

295 3020 528 3090 έδησας.
562 3018 735 3083 Αὐτός
789 3035 879 3089 μοι
930 3019 1216 3090 προφήτας
1270 3016 1623 3081 ἀπέστειλας·
1674 3016 1740 3071 δι’
1783 3017 1884 3086 ἐμὲ

290 3108 401 3163 τὸν
447 3108 739 3172 νοσοῦντα,
790 3108 952 3178 νόμον
1002 3107 1082 3170 είς
1138 3105 1389 3177 βοήθειαν
1442 3105 1667 3169 ἔδωκας.
1716 3106 1889 3169 Αὐτός

298 3204 445 3275 μοι’
484 3202 582 3265 τὰς
625 3202 763 3273 πρὸς
819 3199 1029 3268 ὑγιείαν
1060 3193 1104 3253 ὧ
1156 3197 1660 3270 παρανομηθείσας,
1704 3198 1888 3270 διηκό-

292 3310 509 3365 νησας·
544 3292 659 3363 φῶς
693 3294 807 3357 τοῖς
835 3290 1207 3362 πλανωμένοις
1233 3289 1545 3353 ἀνέτειλας·
1581 3292 1694 3354 τοῖς
1726 3291 1890 3359 ἀγνο-

292 3384 451 3447 οῦσι,
482 3384 510 3437 ὁ
541 3385 627 3437 ἀεὶ
660 3382 851 3456 παρὼν
898 3383 1277 3453 ἐπεδήμησας·
1302 3380 1396 3434 ἐπὶ
1430 3381 1527 3452 τὴν
1561 3380 1890 3452 παρθενικὴν

290 3470 473 3547 ἦλθες
514 3472 696 3546 νηδύν.
739 3472 796 3526 Ὀ
832 3470 1116 3544 άχώρητος
1150 3469 1285 3534 Θεὸς
1334 3469 1431 3534 ὢν,
1455 3470 1554 3540 οὐχ
1594 3470 1889 3540 ἁρπαγμὸν

294 3567 503 3638 ἡγήσω
554 3564 616 3619 τὸ
663 3558 801 3618 εἶναι
862 3563 953 3617 ἴσα
1003 3561 1156 3633 Θεῷ,
1203 3560 1321 3616 ἀλλ’
1366 3561 1556 3614 ἑαυτὸν
1618 3561 1891 3625 ὲκένωσας

302 3656 529 3728 μορφὴν
563 3650 763 3710 δούλου
786 3653 1001 3709 λαϐών·
1042 3654 1141 3724 τὴν
1186 3653 1325 3725 ἐμὴν
1368 3654 1426 3707 ὲν
1470 3654 1552 3706 σοὶ
1599 3652 1759 3722 φύσιν
1793 3653 1892 3724 ηὑ-

294 3749 580 3820 λὸγησας·
638 3746 780 3817 ὑπὲρ
828 3744 963 3818 ἐμοῦ
1018 3746 1109 3799 τὸν
1165 3745 1329 3814 νόμον
1387 3743 1746 3815 ὲπλήρωσας,
1796 3742 1888 3797 τοῦ

296 3839 604 3912 πτῶματός
652 3856 754 3910 μου
799 3839 899 3911 τὴν
940 3836 1235 3892 ἀνάστασιν
1283 3836 1687 3909 ὑπηγόρευσας.
1718 3837 1891 3889 Ἔδω-

297 3948 412 3994 κας
452 3932 565 3993 τοῖς
598 3929 703 3984 ὑπὸ
749 3927 843 3982 τοῦ
888 3927 1017 4000 ᾅδου
1064 3925 1455 3998 κρατουμένοις
1508 3924 1609 3997 τὴν
1660 3924 1885 3994 ἄφεσιν·

296 4023 403 4077 τοῦ
448 4024 613 4095 νόμου
666 4022 767 4095 τὴν
827 4021 969 4093 ἀρὰν
1029 4019 1407 4090 ἁπεσόϐησας·
1457 4020 1515 4071 ὲν
1569 4018 1733 4090 σαρκὶ
1792 4016 1891 4087 τὴν

302 4115 585 4186 ἁμαρτίαν
637 4116 1024 4185 κατήργησας·
1060 4112 1160 4183 τῆς
1218 4111 1315 4182 σῆς
1358 4109 1609 4173 ἐξουσίας
1659 4126 1748 4179 μοι
1792 4108 1890 4179 τὴν

298 4206 627 4261 δυναστείαν
676 4204 1010 4275 ὲγνώρισας·
1047 4203 1267 4273 τυφλοῖς
1309 4202 1369 4255 τὸ
1418 4201 1635 4271 βλέπειν
1684 4200 1892 4253 ἀπέδω⁴

303 4313 446 4360 κας·
494 4296 721 4369 νεκροὺς
780 4296 844 4348 ὲκ
898 4295 1083 4363 τάφων
1142 4293 1474 4363 ἀνέστησας·
1527 4292 1731 4363 ῥήματι
1793 4289 1891 4361 τὴν

304 4389 474 4460 φύσιν
517 4386 882 4458 ἀνώρθωσας·
923 4387 1020 4456 τῆς
1072 4385 1172 4455 σῆς
1220 4383 1618 4452 εὐσπλαγχνίας
1660 4399 1751 4453 μοι
1792 4382 1890 4452 τὴν

301 4479 619 4547 οἰκονομίαν
651 4478 968 4544 ὑπέδειξας·
1008 4477 1115 4531 τῶν
1151 4476 1401 4547 πονηρῶν
1456 4475 1556 4546 τὴν
1619 4473 1738 4543 βίαν
1786 4475 1889 4525 ὑπ-

303 4574 566 4641 ένεγκας·
607 4571 700 4625 τὸν
747 4569 914 4624 νῶτόν
949 4586 1042 4623 σου
1091 4567 1323 4630 δέδωκας
1343 4568 1421 4628 εἰς
1455 4566 1748 4636 μάστιγας·
1794 4566 1891 4628 τὰς

302 4666 367 4718 δὲ
422 4664 679 4732 σιαγόνας
737 4679 831 4715 σου
901 4660 1181 4731 ὑπέθηκας
1244 4660 1323 4722 είς
1377 4658 1731 4729 ῥαπίσματα·
1792 4658 1891 4710 οὑκ

303 4757 657 4828 ἀπέστρεψας
690 4756 756 4809 δι’
787 4756 885 4826 ἐμὲ
924 4756 983 4809 τὸ
1030 4753 1319 4825 πρόσωπόν
1355 4769 1450 4805 σου
1486 4751 1593 4806 ἀπὸ
1630 4751 1891 4823 αἰσχύνης

300 4848 736 4919 ἑμπτυσμάτων.
1336 4874 1337 4877 η

412 4944 455 4995 0
484 4941 636 5006 λαὸς
666 4939 849 4993 λένει.
885 4936 1055 4993 Κύριε
1077 4976 1091 5000 ,
1126 4935 1364 5007 ἐλέησον.

390 5073 446 5127 '0
482 5073 674 5141 ἱερεὺς
709 5071 891 5142 λέγει.
929 5071 1016 5134 Ὠς
1044 5068 1312 5141 πρόϐατον
1341 5069 1431 5120 ἐπὶ
1462 5066 1675 5138 σφαγὴν
1704 5061 1887 5138 ἦλθες,

311 5166 475 5237 μέχρι
518 5164 754 5237 σταυροῦ
792 5164 890 5234 τὴν
921 5162 1058 5233 ἐμὴν
1098 5160 1423 5232 κηδεμονίαν
1456 5158 1771 5223 ὑπέδειξας·
1815 5158 1890 5229 τῷ

309 5258 390 5329 σῷ
420 5260 576 5329 τάφῳ
618 5258 715 5327 τὴν
747 5256 887 5328 ἐμὴν
926 5256 1198 5328 ἁμαρτίαν
1229 5253 1568 5323 ὲνέκρωσας·
1611 5252 1690 5311 είς
1728 5250 1891 5319 οὑρα-

306 5351 399 5407 νὺν
458 5351 560 5419 τὴν
594 5348 731 5420 ἐμὴν
783 5347 1037 5420 ἀπαρχὴν
1102 5344 1463 5406 άνεόίὸασας·
1506 5343 1603 5413 τῆς
1654 5341 1754 5410 σῆς
1788 5342 1891 5410 ὰφ-

309 5439 467 5507 ίξεὼς
487 5458 577 5512 μοι
592 5440 692 5512 τὴν
716 5440 1017 5512 παρουσίαν
1052 5440 1349 5510 ἐμήνυσας,
1367 5436 1423 5486 ὲν
1496 5433 1705 5503 μέλλεις
1734 5432 1889 5503 ἔρχε-

310 5533 436 5587 σθαι
492 5536 674 5604 κρῖναι
740 5532 948 5596 ζῶντας
996 5530 1091 5583 καὶ
1140 5530 1399 5600 νεκροὺς,
1448 5527 1543 5580 καὶ
1597 5522 1890 5578 ἀποδοῦναι

310 5624 526 5692 ἑκάστῳ
551 5622 693 5675 κατὰ
724 5622 792 5675 τὰ
828 5621 966 5693 ἔργα
997 5619 1181 5674 αὑτοῦ.

313 5789 322 5796 ο
392 5717 455 5770 '0
483 5714 629 5781 λαὸς
662 5714 839 5784 λέγει.
881 5714 1035 5767 Κατὰ
1065 5714 1122 5766 τὸ
1154 5711 1299 5775 ἔλεός
1337 5727 1427 5764 σου
1484 5707 1675 5779 Κύριε.

1999 488 2310 543 dimetietur
2333 488 2684 556 benignitatis
2716 501 2819 547 tua:
2866 508 2994 565 erga
3042 496 3287 551 homines
3325 497 3566 568 pelagus.

1997 578 2195 634 Fecisti
2224 594 2307 633 me
2332 581 2627 648 hominem,
2684 590 2940 654 tanquam
2991 602 3117 653 erga
3156 588 3447 642 humanum
3479 604 3571 659 ge-

2000 686 2101 726 nus
2136 673 2419 743 benignus,
2448 690 2553 729 non
2578 677 2717 744 quod
2743 678 2962 732 servitio
2986 692 3106 732 meo
3135 679 3425 747 indigeres,
3446 695 3567 735 cum

1998 777 2099 832 ego
2130 765 2309 834 potius
2343 774 2434 818 tuo
2466 779 2605 834 Opus
2634 767 2889 822 haberem
2916 769 3173 822 dominio.
3210 768 3293 824 Me
3322 786 3441 824 cum
3462 786 3569 825 non

1999 868 2197 921 essem,
2228 857 2599 912 misericordia
2662 866 2749 913 tua
2804 860 3151 927 produxisti,
3208 862 3404 915 caelum
3436 863 3568 917 mihi

2000 946 2154 1015 quasi
2189 956 2393 1001 tectum
2436 950 2766 1003 constituisti
2792 965 2806 1003 :
2836 959 3032 1004 terram
3065 961 3122 1005 ut
3153 952 3204 1005 in
3235 966 3298 1007 ea
3322 952 3569 1007 ambula-

2000 1050 2113 1089 rem
2140 1036 2482 1092 stabilivisti:
2518 1047 2739 1108 propter
2788 1054 2875 1095 me
2911 1055 3060 1095 mare
3138 1040 3403 1106 frenasti;
3453 1057 3570 1110 pro-

1998 1135 2120 1194 pter
2146 1142 2231 1180 me
2282 1139 2530 1181 naturam
2594 1129 2909 1184 animalium
2959 1133 3192 1198 creasti;
3239 1134 3416 1188 omnia
3442 1135 3571 1187 sub-

1991 1213 2170 1282 jecisti
2224 1217 2322 1269 sub
2379 1217 2609 1284 pedibus
2649 1221 2801 1283 meis,
2837 1234 3009 1289 neque
3060 1221 3405 1289 benignitatis
3437 1237 3567 1293 erga

1998 1319 2085 1360 me
2125 1314 2227 1360 tuas
2251 1306 2543 1375 quidquam
2573 1309 2823 1363 omisisti.

2068 1416 2325 1487 Populus.
2352 1418 2539 1490 Kyrie,
2566 1420 2788 1479 eleison.

2069 1531 2348 1586 Sacerdos.
2378 1530 2457 1586 Tu
2494 1533 2737 1589 formasti
2786 1550 2872 1588 me
2911 1545 2965 1590 et
3009 1538 3231 1607 posuisti
3271 1553 3435 1609 super
3481 1556 3568 1596 me

1997 1635 2216 1675 manum
2247 1631 2413 1689 tuam,
2456 1627 2737 1693 potestatis
2789 1635 2891 1681 tua:
2931 1627 2982 1681 in
3021 1643 3105 1683 me
3136 1630 3418 1701 imaginem
3469 1634 3565 1686 de-

3187 1736 3201 1774 :
3255 1722 3565 1789 paradisum

1996 1803 2125 1857 mihi
2170 1803 2236 1857 ad
2288 1804 2739 1860 oblectamentum
2778 1823 2955 1863 meum
3014 1812 3320 1881 aperuisti:
3362 1816 3567 1884 cogita-

1994 1894 2152 1949 tionis
2204 1906 2306 1950 tuze
2357 1896 2656 1951 doctrinam
2723 1899 2995 1955 tradidisti
3039 1919 3053 1955 :
3091 1905 3340 1958 arborem
3408 1906 3563 1973 mihi,

1991 1984 2195 2058 lignum
2244 1986 2369 2042 vita:
2418 1989 2725 2054 ostendisti,
2757 1999 2813 2045 et
2861 1992 3051 2047 mortis
3085 1993 3364 2049 stimulum
3396 1997 3563 2064 signi-

1989 2078 2188 2145 ﬁcasti,
2228 2081 2388 2135 unius
2433 2079 2626 2149 planta:
2662 2080 2971 2137 fruitionem
3029 2083 3161 2139 mihi
3217 2087 3562 2155 prohibuisti,

1989 2185 2054 2224 ex
2095 2184 2157 2223 ea
2186 2171 2299 2225 sola
2344 2171 2526 2226 dixisti
2560 2187 2629 2227 ne
2667 2175 3004 2229 comederem
3047 2195 3062 2231 :
3118 2180 3349 2244 comedi,
3390 2180 3562 2249 legem

1989 2260 2210 2330 insuper
2257 2262 2442 2327 habui,
2472 2270 2527 2316 et
2568 2277 2635 2316 ex
2689 2264 2857 2317 animi
2907 2267 3175 2320 sententia
3238 2276 3561 2337 praeceptum

1989 2349 2227 2422 neglexi;
2256 2365 2356 2422 ego
2382 2362 2560 2406 autem
2595 2353 2921 2408 Sententiam
2942 2354 3134 2408 mortis
3164 2356 3340 2423 rapui.

2059 2529 2316 2600 Populus.
2346 2531 2532 2603 Kyrie,
2567 2531 2791 2588 eleison.

2061 2644 2342 2699 Sacerdos.
2373 2643 2452 2698 Tu
2479 2644 2630 2711 mihi,
2660 2643 2907 2710 Domine,
2946 2658 3159 2713 poenam
3194 2645 3514 2702 transtulisti
3543 2663 3561 2702 :

1991 2745 2046 2792 tu
2098 2736 2244 2792 velut
2305 2746 2490 2806 pastor
2555 2737 2749 2801 bonus,
2788 2735 2852 2789 ad
2913 2745 3183 2791 errantem
3238 2730 3558 2802 cucurristi;

1991 2836 2249 2898 tanquam
2285 2838 2438 2897 pater
2472 2843 2650 2894 verus,
2677 2828 2832 2896 mihi,
2867 2843 2991 2882 cum
3038 2829 3379 2895 cecidissem,
3433 2845 3566 2884 con-

1991 2922 2229 2988 doluisti,
2261 2921 2617 2990 omnibusque
2640 2925 2705 2973 ad
2738 2922 2903 2975 vitam
2955 2921 3209 2975 remediis
3250 2922 3563 2978 confovisti.

1993 3011 2110 3083 lpse
2142 3014 2210 3067 ad
2236 3028 2321 3067 me
2352 3013 2641 3082 prophetas
2663 3011 2891 3077 misisti;
2926 3020 3143 3081 propter
3170 3026 3255 3067 me
3294 3023 3565 3082 aegrotan-

1995 3115 2124 3171 tem,
2155 3103 2328 3174 legem
2370 3104 2436 3157 ad
2486 3103 2743 3157 auxilium
2792 3102 2987 3158 dedisti
3015 3120 3029 3157 :
3055 3103 3168 3173 ipse
3199 3103 3328 3158 mihi
3366 3107 3435 3158 ad
3474 3120 3565 3161 sa-

1990 3197 2225 3252 nandum
2265 3211 2329 3251 ea
2364 3196 2418 3250 in
2453 3196 2647 3266 quibus
2674 3196 3059 3265 praevaricatus
3088 3209 3259 3260 eram,
3280 3213 3399 3265 qua:
3427 3188 3564 3267 opus

1990 3296 2149 3343 erant
2175 3287 2567 3342 administrasti
2606 3306 2619 3343 :
2657 3288 2965 3342 errantibus
2998 3288 3176 3342 lumen
3212 3299 3434 3344 exortus
3466 3305 3560 3346 es:

1991 3378 2365 3449 ignorantibus
2390 3387 2445 3433 tu
2475 3392 2690 3445 semper
2707 3392 2946 3447 premens
2969 3378 3260 3443 advenisti,
3289 3388 3343 3433 et
3382 3380 3435 3433 in
3464 3380 3567 3434 vir-

1988 3470 2219 3539 ginalem
2251 3479 2462 3523 uterum
2495 3469 2712 3523 venisti.
2750 3468 3259 3537 lucircumscriptus
3299 3470 3444 3526 Deus
3476 3489 3564 3527 ex-

1991 3564 2210 3634 sistens,
2246 3578 2352 3616 non
2402 3561 2645 3633 rapinam
2690 3562 2990 3617 arbitratus
3028 3577 3088 3616 es
3139 3576 3259 3618 esse
3304 3564 3562 3631 aequalem

1991 3654 2122 3720 Deo,
2158 3655 2253 3710 sed
2289 3655 2627 3724 temetipsum
2660 3655 3001 3709 exinanivisti
3041 3653 3269 3708 formam
3301 3656 3443 3709 servi
3474 3670 3560 3711 ac-

1991 3742 2242 3811 cipiens:
2282 3757 2455 3797 meam
2504 3743 2557 3797 in
2616 3752 2668 3797 te
2722 3752 2969 3797 naturam
3028 3743 3404 3799 benedixisti:
3455 3746 3562 3800 mei

1990 3849 2154 3891 causa
2176 3834 2345 3906 legem
2382 3834 2669 3904 implevisti
2699 3852 2714 3889 :
2748 3836 3014 3905 quomodo
3049 3852 3079 3890 a
3117 3837 3266 3905 lapsu
3302 3852 3418 3890 meo
3447 3853 3565 3892 sur-

1993 3936 2199 3991 gerem,
2247 3923 2582 3995 suggessisti.
2630 3921 2740 3980 Illis
2792 3940 2928 3995 quos
2970 3925 3215 3981 infernus
3264 3927 3559 3994 detinebat,

1991 4017 2371 4072 remissionem
2431 4017 2645 4082 dedisti,
2680 4017 2918 4087 legisque
2972 4018 3395 4073 maledictionem
3439 4022 3564 4074 abs-

1991 4110 2179 4165 tulisti.
2218 4108 2276 4163 In
2330 4124 2495 4165 carne
2555 4121 2834 4181 peccatum
2891 4111 3236 4175 destruxisti;
3283 4114 3566 4177 potesmtis

1996 4208 2096 4253 tute
2128 4199 2497 4253 auctoritatem
2556 4200 2686 4252 mihi
2738 4201 3117 4254 demonstrasti
3158 4218 3169 4253 :
3202 4201 3361 4253 caecis
3392 4201 3562 4253 visunt

1994 4291 2275 4345 restituisti
2324 4307 2337 4341 :
2371 4300 2609 4344 mortuos
2645 4305 2708 4343 ex
2749 4291 3012 4358 sepulcris
3064 4292 3310 4345 excitasti
3349 4308 3363 4346 :
3397 4294 3565 4346 verbo

1994 4382 2109 4437 solo
2148 4395 2397 4437 naturam
2449 4382 2729 4435 suscitasti
2764 4400 2776 4435 :
2814 4382 3114 4436 clementiae
3144 4393 3245 4435 tum
3285 4382 3566 4449 tliSpcnsa—

2000 4472 2198 4525 tionem
2266 4471 2394 4525 milii
2442 4471 2722 4525 ostendisti
2773 4488 2786 4524 :
2848 4470 3203 4537 malignorum
3258 4471 3563 4525 violentiam

1997 4563 2296 4618 sustinuisti
2332 4580 2344 4615 :
2379 4563 2592 4615 dorsum
2639 4572 2783 4613 tuum
2833 4568 2897 4614 ad
2929 4560 3133 4625 ﬂagella
3171 4564 3403 4630 dedisti;
3437 4578 3566 4617 ma-

1999 4655 2152 4708 xillas
2180 4669 2390 4723 quoque
2423 4653 2726 4721 alapis,nec
2754 4654 2997 4709 avertisti
3025 4664 3241 4724 propter
3266 4672 3347 4709 me
3371 4655 3562 4712 faciem

2002 4752 2146 4796 tuam
2175 4744 2242 4796 ab
2276 4742 2568 4812 ignominia
2599 4752 2880 4811 Sputorum

2068 4942 2326 5014 Populus.
2352 4944 2534 5014 Kyric,
2568 4944 2792 5000 eleison.

2069 5057 2349 5113 Sacerdos.
2393 5059 2669 5129 Tanquam
2724 5058 2839 5112 ovis
2892 5057 2956 5110 ad
3004 5057 3425 5111 immolationem
3473 5072 3565 5111 ve-

2000 5146 2151 5219 nis'ti,
2181 5171 2350 5223 usque
2374 5155 2441 5209 ad
2484 5168 2700 5208 crucem
2742 5152 2844 5205 mei
2890 5167 3077 5204 curam
3121 5152 3444 5216 ostendisti;
3476 5161 3567 5203 tuo

1997 5246 2245 5315 sepulcro
2294 5261 2470 5300 meum
2520 5254 2797 5313 peccatum
2848 5244 3168 5298 interemisti
3215 5261 3228 5296 :
3281 5246 3329 5295 in
3372 5243 3565 5306 ω-Ιμιιι

1997 5336 2262 5405 primitias
2306 5350 2452 5389 meas
2493 5335 2714 5389 clevasti
2760 5354 2772 5389 :
2814 5335 3076 5388 adventus
3110 5334 3185 5386 tui
3220 5331 3564 5400 praesentiam

2000 5427 2127 5480 mihi
2157 5427 2493 5496 signiﬁcasti,
2520 5428 2570 5479 in
2599 5442 2703 5494 quo
2741 5436 2998 5479 venturus
3040 5439 3098 5479 cs
3126 5423 3369 5489 judicare
3419 5420 3565 5474 vivos

1997 5525 2052 5571 et
2083 5524 2344 5583 mortuos,
2379 5525 2432 5570 ct
2468 5516 2691 5571 reddere
2746 5514 3033 5584 unicuique
3070 5512 3364 5567 secundum
3403 5524 3564 5577 opera

1998 5607 2113 5676 ejus

2074 5694 2328 5768 Populus.
2353 5698 2656 5757 Secundum
2683 5696 3101 5755 miscricordiam
3130 5703 3296 5763 tuam,
3320 5692 3565 5747 Domine.
