4100 6276
599 261 697 320 ἸΙΙ

595 473 745 539 bola,
776 480 830 527 et
866 470 1045 526 verbis
1098 469 1204 524 tuis
1251 482 1341 524 res
1374 466 1593 522 eﬂectas
1637 468 1867 522 ascribo.
1906 465 1986 521 Tu
2036 467 2168 521 mihi

596 565 879 636 mysticam
918 563 1056 617 hanc
1108 558 1383 615 tradidisti
1425 559 1607 614 carnis
1659 568 1782 625 tua),
1829 559 1884 613 in
1934 573 2072 627 pane
2116 567 2172 614 et

596 652 722 707 vino
734 649 1220 720 participationem.

669 825 928 895 Populus.
961 825 1262 881 Credimus.

671 918 955 973 Sacerdos.
992 918 1063 972 Ea
1109 918 1251 971 enim
1307 926 1463 972 nocte
1500 931 1603 986 qua
1647 930 1758 987 Ipse
1799 914 2068 971 tradidisti
2118 923 2170 970 te

599 1011 774 1080 ipsum
810 1025 875 1063 ex
913 1008 1124 1078 propria
1160 1017 1448 1077 potestate.

670 1101 929 1171 Populus.
958 1100 1259 1156 Credimus.

673 1195 956 1248 Sacerdos.
996 1192 1283 1260 Accipiens
1317 1206 1508 1259 panem
1541 1205 1592 1242 tn
1616 1197 1832 1242 sanctas
1861 1186 2171 1242 immacula-

603 1295 687 1340 tas
726 1297 780 1340 et
818 1286 1166 1338 intatninatas
1208 1300 1397 1336 manus
1428 1291 1544 1334 tuas
1576 1281 1795 1335 immisti
1834 1295 2047 1334 sursum
2104 1279 2171 1332 ad

601 1378 876 1447 proprium
932 1385 1079 1429 tuum
1127 1374 1381 1436 Patrem,
1423 1373 1586 1426 Deum
1628 1381 1866 1424 nostrum
1906 1381 1960 1425 et
2005 1370 2171 1423 Deum

601 1472 864 1525 omnium.
924 1468 1138 1523 Gratias
1196 1465 1348 1534 egisti
1385 1463 1425 1534 -ξ-
1478 1463 1793 1517 benedixisti
1847 1461 1887 1531 -ι-
1935 1461 2174 1516 sanetill-

603 1564 740 1616 casti
781 1560 819 1630 -ί-
865 1558 1089 1627 fregisti,
1139 1557 1329 1610 dedisti
1389 1555 1590 1609 sanctis
1640 1555 1745 1608 tuis
1798 1552 2073 1620 discipulis
2121 1562 2175 1607 et

602 1653 879 1721 apostolis,
910 1649 1197 1717 dixistique
1230 1664 1244 1700 :
1278 1646 1538 1714 Accipite,
1582 1645 1745 1703 edite.
1780 1644 1880 1697 hoc
1916 1654 2001 1696 est
2041 1658 2163 1697 cor-

604 1760 704 1812 pus
746 1760 921 1798 mettm
967 1743 1105 1811 quod
1138 1755 1233 1809 pro
1267 1739 1420 1792 vobis
1451 1747 1505 1790 et
1534 1753 1628 1804 pro
1665 1737 1847 1790 multis
1879 1735 2167 1804 frangitur,

605 1844 659 1891 et
688 1837 845 1889 datur
880 1835 930 1888 in
973 1833 1341 1886 remissionem
1388 1839 1751 1898 peccatorum,
1792 1829 1893 1881 hoc
1926 1827 2085 1882 facite
2120 1827 2170 1881 in

608 1941 779 1979 meam
807 1922 1391 1979 commemorationem.
1426 1918 1689 1973 Similiter
1728 1927 2008 1987 postquam
2051 1932 2167 1971 ccc-

606 2026 789 2072 natum
833 2025 933 2077 est,
972 2013 1224 2082 accepisti
1254 2010 1497 2074 calicem,
1524 2017 1579 2061 et
1616 2007 1878 2061 miscuisti
1927 2006 2072 2060 illum
2106 2022 2171 2059 ex

605 2107 875 2176 genimine
909 2104 1032 2158 vitis
1058 2112 1111 2156 et
1139 2116 1299 2170 aqua,
1330 2101 1531 2170 gratias
1558 2100 1711 2169 egisti
1736 2097 1776 2168 -ι-
1799 2097 2174 2169 benedixisti-l-

604 2191 982 2254 sanctilicasti,
1019 2188 1061 2260 -ι-
1104 2189 1296 2242 dedisti
1358 2189 1562 2243 sanctis
1618 2188 1721 2241 tuis
1787 2188 2061 2256 discipulis
2123 2197 2176 2242 et

605 2283 886 2351 apostolis,
918 2291 973 2335 et
1007 2281 1187 2335 dixisti
1231 2301 1243 2335 :
1286 2279 1459 2335 Bibite
1492 2294 1556 2332 ex
1595 2294 1658 2333 eo
1692 2293 1879 2333 omnes
1917 2295 1930 2330 :
1966 2280 2053 2333 hic
2095 2289 2177 2334 est

607 2376 828 2442 sanguis
871 2388 1021 2427 meus
1048 2372 1169 2425 novi
1205 2372 1532 2435 testamenti,
1565 2372 1653 2440 qui
1691 2386 1787 2439 pro
1820 2372 1968 2425 vobis
1998 2380 2051 2425 et
2081 2388 2177 2441 pro

610 2467 797 2519 multis
826 2462 1120 2518 ell'unditur
1144 2464 1194 2516 itt
1229 2463 1597 2516 remissionem
1642 2472 1986 2531 peccatorum
2015 2480 2029 2515 :
2074 2465 2173 2517 hoc

610 2557 775 2610 facite
818 2556 869 2609 in
906 2569 1079 2607 meam
1122 2554 1713 2608 commemorationem.
1742 2552 2179 2623 Quotiescunque

614 2648 760 2703 enim
806 2646 1200 2699 tnanducabitis
1244 2660 1435 2714 panem
1484 2647 1646 2708 hunc,
1681 2655 1735 2698 et
1762 2646 1982 2699 calicem
2018 2647 2178 2700 istum

612 2741 830 2805 bibetis,
864 2748 1092 2792 mortem
1152 2753 1327 2791 meam
1373 2738 1783 2801 annuntiabitis,
1840 2747 1894 2792 et
1936 2754 2182 2794 resurre-

613 2832 847 2886 ctionem
871 2829 1348 2898 ascensiOttemque
1371 2842 1543 2882 meant
1578 2829 1976 2883 contitebemini
2013 2831 2183 2885 donec

611 2934 845 2975 νειιισιιι.

686 3010 942 3080 Populus.
977 3011 1167 3064 Amen.
1202 3006 1322 3062 Ter.
1363 3006 1585 3062 Mortem
1618 3017 1786 3071 tuam,
1812 3020 1918 3063 etc.

686 3102 961 3157 Sacerdos.
1002 3101 1189 3171 Igitur,
1240 3099 1485 3163 Domine,
1539 3115 1805 3155 memores
1859 3111 1962 3154 tuae
2022 3116 2181 3172 super

616 3209 814 3251 terram
844 3194 1237 3258 descensionis,
1274 3203 1329 3246 et
1352 3193 1539 3246 mortis
1571 3192 1814 3257 vivilicze,
1846 3204 2055 3261 tuzeqtte
2083 3195 2179 3247 tri-

614 3289 806 3342 duana:
872 3285 1177 3354 sepulturae,
1204 3296 1259 3338 et
1289 3298 1355 3338 ex
1387 3284 1614 3337 mortuis
1654 3286 2083 3347 resurrectionis,
2130 3292 2185 3338 et

616 3382 669 3434 in
703 3380 871 3435 caelos
896 3376 1246 3442 ascensionis,
1285 3375 1645 3443 sessionisque
1672 3377 1738 3428 ad
1766 3376 2042 3429 dex'teram
2082 3376 2184 3429 Pa-

620 3472 737 3539 tris,
768 3471 1085 3538 venturique
1132 3484 1162 3523 e
1212 3467 1384 3529 caelis,
1430 3467 1650 3519 secundi
1688 3467 1942 3521 terribilis
1989 3477 2041 3521 et
2073 3468 2187 3536 glo-

619 3564 750 3618 riosi
781 3566 1044 3616 adventus
1077 3561 1172 3615 tui.
1207 3559 1327 3611 Alta
1351 3574 1491 3611 voce.
1521 3558 1634 3611 Tua
1671 3573 1735 3612 ex
1773 3560 1875 3613 tuis
1908 3560 2061 3613 denis
2093 3562 2185 3613 tibi

619 3654 931 3717 nilei-entes,
964 3653 1258 3708 secundum
1295 3649 1497 3716 omnia,
1538 3664 1633 3719 per
1658 3650 1859 3716 omnia,
1904 3660 1957 3707 et
1994 3645 2051 3705 in
2081 3666 2189 3705 om-

617 3748 797 3805 uibus.

692 3946 948 4017 Populus.
986 3944 1063 4000 'l'e
1095 3945 1395 4009 laudamus,
1438 3943 1532 3997 tibi
1566 3943 1932 3998 benetlicimus

698 4040 980 4095 Diaconut.
1020 4037 1276 4093 lnclinate
1307 4036 1479 4106 capita
1506 4034 1614 4089 Deo
1638 4051 1757 4091 cum
1795 4035 2003 4090 timore.

694 4130 949 4185 Sacerdos
982 4130 1264 4183 inclinatus
1290 4127 1415 4180 dicit
1453 4139 1648 4181 secreto
1680 4143 1700 4179 :

692 4223 813 4292 lpse
842 4222 1026 4291 igitur,
1059 4220 1303 4286 Domine,
1334 4228 1422 4272 tua
1447 4234 1580 4273 voce
1605 4219 1717 4273 lucc
1734 4218 2005 4289 proposita
2026 4226 2200 4275 trans-

622 4312 900 4384 mutati?)
958 4331 971 4367 :
1031 4314 1145 4383 ipse
1197 4326 1468 4380 praesens,
1522 4310 1800 4380 mysticam
1855 4309 1995 4364 lianc
2044 4310 2197 4365 litur-

1545 256 1871 314 LITURGIA
1915 258 1973 313 S.
2011 256 2339 314 GREGORII
2378 257 2895 315 ALEXANDRINA.

668 376 950 436 Sacerdos.
992 376 1153 434 Istius
1195 390 1329 432 mem
1366 374 1631 432 libertatis
1670 375 1838 430 oli'ero
1887 376 1982 430 tibi
2020 391 2168 446 sym-
2195 380 2242 437 Α

3701 278 3793 336 7i!

2351 376 2412 428 ,ο
2460 377 2652 445 te.pr
2709 378 2892 446 λέγει.
2949 378 3165 449 Ταύτης
3227 396 3326 449 μου
3381 385 3477 453 τῆς
3519 385 3793 463 ἑλευθερίας

2271 468 2562 539 προσφέρω
2615 485 2697 521 σοι
2739 469 2807 522 τά
2852 467 3130 539 σύμϐολα,
3171 472 3283 533 τοῖς
3327 472 3527 542 ῥήμασί
3569 494 3655 532 σου
3691 484 3795 538 ἐπι-

2269 555 2466 625 γράφω
2506 555 2575 609 τὰ
2609 557 2926 627 πράγματα.
2971 558 3042 611 Σύ
3076 576 3164 629 μοι
3209 560 3307 630 τὴν
3342 566 3594 637 μυστικὴν
3622 569 3798 639 ταύτην

2270 646 2593 716 παρέδωκας
2630 651 2727 719 τῆς
2760 649 2860 718 σῆς
2893 649 3111 720 σαρκὸς,
3156 651 3214 703 ὲν
3264 651 3411 723 ἄρτῳ
3452 657 3541 708 καὶ
3569 658 3683 729 οἴνῳ
3716 662 3798 732 τὴν

2275 737 2508 806 μέθεξιν.

2354 829 2414 881 '0
2438 829 2584 894 λαὸς
2618 829 2798 899 λέγει.
2840 832 3194 899 Πιστεύομεν.

2355 921 2418 973 '0
2446 921 2636 988 ἱερεὺς
2673 922 2856 992 λέγει.
2893 926 2969 995 Τῇ
3004 925 3110 995 γὰρ
3140 925 3293 978 νυκτὶ
3392 927 3665 1000 παρεδίδης
3688 931 3799 986 ’σὺν

2270 1012 2361 1075 τὸς
2391 1014 2633 1076 σεαυτὸν,
2662 1016 2761 1085 τῆς
2796 1016 3018 1069 σεαυτοῦ
3049 1015 3314 1080 ἐξουσίας.

2352 1104 2415 1155 '0
2446 1105 2595 1170 λαὸς
2626 1106 2804 1173 λέγει.
2842 1106 3173 1176 Πιστεύομεν

2354 1194 2418 1246 '0
2448 1196 2638 1263 ἱερεὺς
2669 1199 2847 1265 λέγει.
2881 1197 3072 1252 Λαϐὼν
3100 1199 3262 1268 ἄρτον
3296 1201 3353 1251 ἐν
3382 1202 3498 1262 ταῖς
3537 1201 3705 1268 ἁγίαις
3730 1205 3808 1255 καὶ

2272 1285 2558 1355 ἀκράντοις
2593 1287 2686 1339 καὶ
2733 1288 3050 1358 ἀμωμήτως
3097 1306 3189 1342 σου
3229 1290 3433 1359 χερσὶν,
3469 1290 3678 1353 ἔνευσας
3715 1293 3808 1344 dna)

2274 1377 2410 1447 πρὸς
2460 1378 2587 1430 ἴδιόν
2643 1395 2735 1430 σου
2792 1379 3007 1448 Πατέρα
3055 1379 3185 1432 Θεὸν
3229 1379 3384 1449 ἡμῶν
3422 1379 3512 1433 καὶ
3560 1379 3681 1433 Θεὸν
3718 1380 3808 1434 τῶν

2275 1467 2444 1520 ὅλων·
2518 1470 2923 1541 ηὑχαρίστησας
2985 1471 3025 1541 -ι-
3092 1470 3403 1541 ηὑλόγησας
3455 1471 3494 1539 ’ξ-
3542 1472 3810 1540 ἡγίασαςιί·

2273 1558 2539 1623 ἕκλασας,
2595 1559 2900 1630 μετέδωκας
2948 1564 3058 1624 τοῖς
3091 1562 3266 1629 ἁγίοις
3296 1579 3387 1613 σου
3441 1561 3692 1631 μαθηταῖς
3732 1562 3810 1613 καὶ

2276 1650 2590 1714 ἀποστόλοις
2619 1648 2807 1714 εἶπας
2845 1652 3072 1715 Λάϐετε,
3105 1653 3308 1722 φάγετε
3328 1670 3342 1681 ’
3378 1652 3531 1705 τοῦτό
3565 1671 3657 1722 μου
3690 1653 3812 1704 ἐστὶν

2272 1741 2329 1793 τὸ
2366 1742 2538 1811 σῶμα,
2582 1743 2640 1794 τὸ
2672 1744 2810 1813 ὑπὲρ
2844 1744 2995 1813 ὑμῶν
3030 1745 3122 1796 καὶ
3173 1743 3381 1797 πολλῶν
3424 1742 3703 1813 κλώμενον,
3734 1741 3814 1793 καὶ

2271 1832 2630 1904 διαδιδόμενον
2659 1838 2737 1896 εἰς
2768 1835 2959 1904 ἄφεσιν
2985 1835 3295 1906 ἁμαρτιῶν⁸
3334 1835 3490 1888 τοῦτο
3533 1836 3715 1887 ποιεῖτε
3750 1833 3816 1894 εἰς
3900 1874 3937 1917 ,ὶ

2271 1928 2370 1995 τὴν
2414 1927 2551 1996 ἐμὴν
2598 1928 2925 1998 ἀνάμνησιν.
2966 1927 3240 1990 Ὡσαύτως
3275 1926 3413 1997 μετά
3453 1927 3513 1978 τὸ
3543 1924 3815 1992 δειπνῆσαι,
3900 1918 3939 1991 ἶ

2274 2017 2452 2069 λαϐὼν
2495 2020 2770 2088 ποτήριον,
2804 2020 2896 2073 καὶ
2929 2020 3197 2091 ἐκέρασας
3239 2019 3371 2071 αὐτὸ
3416 2018 3478 2069 ἐκ
3517 2017 3816 2084 γεννήματος

2275 2111 2517 2181 ἀμπέλου
2542 2112 2634 2163 καὶ
2656 2110 2715 2175 ἐξ
2743 2110 2954 2175 ὓδατος,
2985 2112 3395 2181 ηὑχαρίστησας
3420 2108 3458 2179 ῒ
3487 2102 3816 2179 ηὑλόγησαςει·

2274 2206 2511 2275 ήγίασας
2538 2203 2577 2274 ’ξ-
2610 2203 2918 2275 μετέδωκας
2953 2205 3061 2265 τοῖς
3103 2201 3275 2270 ἁγίοις
3318 2219 3409 2254 σου
3453 2198 3704 2270 μαθηταῖς
3740 2195 3818 2249 καὶ

2275 2295 2607 2357 ἀποστόλοις,
2648 2290 2840 2357 εἶπας·
2890 2294 3047 2347 Πίετε
3095 2293 3153 2356 ἐξ
3208 2292 3375 2346 αὑτοῦ
3427 2292 3647 2353 πάντεςν
3687 2286 3819 2341 τοῦτό

2280 2405 2380 2457 μου
2418 2388 2564 2440 ἐστὶν
2590 2387 2649 2439 τὸ
2683 2382 2841 2457 αἷμα,
2868 2387 2929 2438 τὸ
2956 2385 3054 2455 τῆς
3084 2387 3274 2455 καινῆς
3303 2385 3581 2456 διαθήκης,
3608 2383 3665 2434 τὸ
3704 2382 3820 2448 ὑπὲρ

2279 2479 2431 2549 ὑμῶν
2459 2480 2552 2531 καὶ
2593 2479 2801 2531 πολλῶν
2831 2479 3183 2548 ἑκχυνόμενον
3214 2481 3293 2541 εἰς
3324 2479 3514 2548 ἄφεσιν
3544 2472 3820 2546 ἁμαρτιῶν·

2279 2571 2436 2623 τοῦτο
2466 2574 2665 2623 ποιεῖτε
2704 2573 2782 2633 είς
2814 2571 2909 2641 τὴν
2952 2570 3088 2641 ἐμὴν
3130 2572 3455 2641 ἀνάμνησιν.
3492 2569 3699 2629 Ὁσάκις
3734 2564 3822 2638 γὰρ

2282 2662 2489 2715 ἐσθίετε
2525 2663 2615 2715 τὸν
2644 2663 2803 2733 ἄρτον
2848 2663 3057 2728 τοῦτον,
3090 2663 3270 2716 πίνετε
3298 2664 3355 2715 δὲ
3390 2662 3483 2715 καὶ
3510 2662 3567 2714 τὸ
3599 2660 3824 2728 ποτήριον

2281 2753 2457 2817 τοῦτο,
2485 2753 2575 2805 τὸν
2608 2754 2736 2824 ἐμὸν
2766 2752 2991 2806 θάνατον
3024 2754 3441 2823 καταγγέλλετε,
3470 2753 3563 2806 καὶ
3583 2750 3674 2820 τὴν
3708 2744 3826 2817 ἐμὴν

2281 2845 2578 2898 ἀνάστασιν
2610 2843 2919 2915 ὁμολογεῖτε
2950 2844 3108 2916 ἄχρις
3141 2841 3202 2899 οὗ
3234 2845 3299 2899 ἂν
3330 2845 3467 2898 ἔλθω

2370 3024 2430 3074 '0
2458 3022 2606 3085 λαὸς
2634 3020 2811 3090 λέγει.
2830 3022 3020 3093 ’Λμήν.
3047 3023 3131 3078 Γ’.
3155 3021 3259 3074 Τὸν
3290 3021 3518 3076 θάνατόν
3549 3037 3657 3081 σου,
3680 3017 3823 3087 κτλ.

2365 3112 2426 3163 '0
2464 3111 2651 3179 ἱερεὺς
2688 3110 2866 3179 λέγει.
2902 3113 3062 3164 Ὥστε
3109 3107 3220 3176 οὖν,
3253 3113 3532 3175 Δέσποτα,
3580 3107 3830 3181 μεμνημέ-

2286 3221 2366 3257 νοι
2404 3204 2501 3273 τῆς
2539 3204 2630 3255 ἐπὶ
2670 3203 2774 3271 γῆς
2807 3204 3285 3271 συγκαταϐἀσεως,
3330 3205 3423 3259 καὶ
3460 3203 3553 3256 τοῦ
3596 3197 3829 3267 ζωοποιοῦ

2289 3295 2539 3356 θανάτου,
2571 3296 2662 3346 καὶ
2692 3295 2789 3364 τῆς
2820 3296 3116 3366 τριημέρου
3145 3313 3237 3349 σου
3277 3297 3479 3366 ταφῆς,
3514 3298 3604 3349 καὶ
3649 3294 3739 3363 τῆς
3781 3294 3831 3344 ἐκ

2288 3388 2494 3458 νεκρῶν
2535 3386 2901 3450 ἀναστάσεως,
2948 3388 3041 3440 καὶ
3089 3388 3187 3458 τῆς
3234 3390 3313 3452 είς
3357 3390 3615 3460 οὐρανοὺς
3647 3386 3829 3444 ἀνόδου,

2288 3481 2382 3532 καὶ
2422 3480 2522 3549 τῆς
2573 3480 2636 3532 ἐκ
2684 3478 2871 3546 δεξιῶν
2914 3480 3008 3532 τοῦ
3049 3480 3260 3551 Πατρὸς
3293 3483 3592 3553 καθέδρας,
3631 3481 3716 3533 καὶ
3753 3478 3834 3547 τῆς

2291 3571 2589 3641 μελλούσης
2621 3572 2714 3623 ἀπ’
2764 3571 3005 3641 οὐρανῶν
3050 3571 3305 3642 δευτέρας
3347 3572 3441 3625 καὶ
3483 3571 3725 3642 φοϐερᾶς,
3756 3568 3835 3621 καὶ

2289 3663 2499 3729 ἐνδόξου
2533 3680 2625 3715 σου
2660 3664 2982 3734 παρουσίας.
3024 3664 3406 3733 Ἐκφωνήσει.
3441 3665 3521 3718 Τὰ
3554 3665 3619 3717 σὰ
3649 3665 3707 3715 ἐκ
3745 3660 3835 3713 τῶν

2291 3757 2397 3810 σῶν
2429 3755 2614 3827 δώρων
2655 3773 2737 3809 σοι
2783 3755 3198 3828 προσφέροντες,
3237 3758 3380 3812 κατὰ
3415 3759 3606 3823 πάντα,
3638 3757 3726 3810 καὶ
3765 3752 3836 3805 διὰ

2290 3849 2467 3902 πάντα
2497 3850 2591 3901 καὶ
2617 3851 2673 3901 ὲν
2705 3849 2889 3901 πᾶσιν.

2373 3939 2434 3992 '0
2458 3938 2605 4004 λαὸς
2628 3938 2809 4008 λέγει.
2846 3938 2914 3992 Σὲ
2946 3939 3222 4011 αἱνοῦμεν,
3260 3941 3318 3994 σὲ
3353 3940 3696 4013 εὐλογοῦμεν.

2372 4031 2434 4084 '0
2461 4029 2737 4095 διάκονος
2781 4030 2961 4099 λέγει.
2990 4032 3221 4085 Κλίνατε
3249 4032 3367 4104 Θεῷ
3403 4032 3543 4104 μετά
3573 4031 3748 4101 φόϐου.

2374 4128 2436 4179 '0
2481 4126 2671 4195 ἱερεὺς
2701 4126 2861 4196 λέγει
2886 4128 2956 4181 ἐν
2979 4127 3168 4193 ἑαυτῷ
3195 4130 3411 4195 κλίνας
3430 4146 3443 4159 ο

2362 4217 2531 4282 Αὐτὸς
2559 4213 2671 4281 οὗν;
2710 4218 2974 4281 Δέσποτα,
3018 4221 3083 4289 τῇ
3136 4222 3198 4289 σῇ
3239 4223 3388 4291 φωνῇ
3423 4219 3492 4272 τὰ
3536 4215 3840 4289 προκείμενα

2299 4309 2698 4379 μεταποίησον’
2738 4310 2898 4373 αὐτὸς
2948 4310 3155 4380 παρὼν,
3202 4311 3297 4381 τὴν
3354 4311 3623 4381 μυστικὴν
3665 4307 3840 4374 ταύτην

620 4410 764 4477 giam
803 4407 1000 4478 perfice
1030 4425 1044 4460 :
1081 4406 1194 4475 ipse
1231 4404 1385 4459 nobis
1414 4414 1516 4457 tum
1557 4404 1883 4458 adorationis
1924 4414 1979 4459 et
2015 4405 2185 4461 cultus

2296 4400 2631 4473 λειτουργίαν
2687 4401 3039 4473 κατάρτισον·
3094 4402 3253 4465 αὐτὸς
3296 4405 3431 4473 ἡμῖν
3482 4403 3581 4471 τῆς
3629 4401 3720 4469 σῆς
3759 4396 3840 4449 λασ

624 4502 940 4555 memoriam
994 4512 1277 4553 conserva.
1323 4495 1439 4566 Ipse
1461 4494 1720 4564 Spiritum
1765 4505 1912 4550 tuum
1949 4506 2195 4552 sanctum

702 4681 816 4753 (ΞΩ)
862 4677 1321 4753 llujttsorationis
1368 4677 1706 4753 sententiain
1725 4675 2114 4753 explicavimus
2144 4676 2196 4730 itt

628 4745 776 4808 noiis
799 4745 874 4805 ad
906 4745 1150 4802 eumdem
1173 4749 1347 4801 locum
1378 4746 1633 4814 Liturgite
1667 4745 1922 4813 Coptica,
1959 4761 2078 4813 quae
2101 4761 2196 4800 ex-

627 4821 871 4891 pressius
901 4818 1167 4888 signiticat
1210 4816 1408 4891 realem
1443 4814 1640 4891 Christi
1677 4815 1929 4891 innaltari
1963 4830 2199 4885 prmsen-

628 4883 762 4946 tiam
788 4906 799 4938 :
827 4891 892 4943 de
916 4883 1018 4957 qua
1044 4886 1412 4957 controversia
1440 4883 1811 4957 t_noveri__nulla
1842 4883 2035 4952 potest,
2074 4901 2197 4939 cum

628 4961 720 5016 illa
746 4960 905 5013 verba
932 4954 1158 5028 παρών,
1170 4970 1424 5025 pmseus,
1452 4954 1524 5006 ita
1540 4954 1893 5028 explicentur,
1910 4958 1999 5028 qui
2020 4971 2199 5009 coram

629 5031 779 5084 nobis
805 5029 1000 5097 positus
1018 5025 1094 5081 es.
1133 5025 1215 5097 De;
1243 5033 1516 5097 momento
1540 5025 2015 5097 consecrationis
2040 5039 2200 5097 pera-

625 5110 729 5153 cta:
754 5092 859 5151 non
886 5097 1162 5164 disputant
1187 5094 1506 5157 Orientales,
1539 5092 1763 5161 ideoque
1783 5093 1981 5149 frustra
2002 5092 2057 5147 iti
2085 5095 2202 5148 illo-

630 5185 749 5223 rum
786 5165 1121 5221 orationibus
1150 5164 1472 5236 significatio
1489 5171 1842 5236 quati-eretur,
1866 5164 1994 5218 reali
2023 5174 2200 5219 trans-

630 5238 913 5293 mutationi
950 5233 1236 5305 contraria.
1270 5233 1525 5288 lttvocant
1584 5234 1881 5305 Clit-istum,
1910 5245 1969 5287 ut
1995 5243 2197 5305 myste-

632 5310 771 5362 rium
802 5308 901 5361 ltoc
939 5304 1182 5376 perfltziat
1209 5323 1223 5359 :
1251 5320 1356 5358 non
1407 5313 1606 5375 negant
1646 5303 1873 5368 idcirco,
1903 5303 2197 5376 consecra-

633 5383 832 5431 tionem
861 5372 971 5444 jant
1015 5376 1228 5438 factam,
1265 5391 1384 5429 cum
1415 5372 1532 5444 ejus
1563 5383 1836 5426 auctorem
1861 5372 2201 5444 etpcrfecto-

634 5463 770 5508 rem,
810 5442 1203 5515 utpra-sentcm
1227 5453 1277 5498 et
1298 5442 1477 5515 coram
1497 5460 1554 5498 se
1574 5446 1806 5515 positum
1836 5442 2196 5511 alloquamur.

636 5520 741 5571 Sed
767 5513 904 5570 tunc
928 5517 1139 5569 demum
1191 5513 1483 5584 perfectum
1521 5513 2030 5584 rmysteriumnesse
2073 5528 2196 5567 cre-

641 5590 788 5649 dunt,
834 5602 954 5640 cum
1010 5582 1361 5654 omniaquae
1398 5599 1461 5637 ex
1517 5582 1764 5638 instituto
1829 5582 2032 5654 Christi
2056 5620 2085 5654 ._
2104 5598 2201 5651 per

630 5656 907 5728 apostolos
942 5655 1141 5710 tradito
1165 5650 1501 5713 observanda
1537 5662 1686 5721 sunt,
1723 5650 2015 5724 perfecero.
2048 5650 2199 5709 Cati»

2298 4493 2483 4565 τρείας
2513 4493 2612 4565 τὴν
2646 4496 2861 4564 μνήμην
2899 4494 3181 4548 διάσωσον.
3212 4495 3383 4558 Αὐτὸς
3422 4494 3486 4547 τὸ
3522 4489 3738 4563 Πνεῦμὰ
3763 4504 3841 4540 σου

2299 4697 2412 4736 sant
2443 4679 2909 4734 transmutationis
2935 4679 3264 4748 principcm',
3301 4678 3575 4733 Christum
3605 4685 3660 4730 et
3697 4669 3845 4748 Spiri-

2304 4763 2412 4806 tum
2445 4762 2688 4804 sanctnm
2716 4744 3007 4819 agnoscunt
3033 4767 3044 4800 :
3081 4744 3512 4809 ministerialem.
3533 4744 3840 4819 sacerdotem

2301 4824 2393 4892 qui
2427 4821 2587 4892 verba
2612 4817 2826 4892 ἓϐίιιτὶὲιὶ
2858 4822 2959 4873 rite
2992 4821 3322 4892 pronuntiat,
3358 4829 3414 4871 et
3439 4820 3516 4892 ab
3549 4833 3611 4872 eo
3639 4817 3844 4892 pettt,ut

2302 4885 2484 4945 titillat
2532 4890 2789 4957 Spiritum
2840 4885 3106 4952 sanctum,
3160 4888 3249 4955 qui
3304 4889 3486 4941 omnia
3539 4885 3846 4943 consummet

2302 4972 2462 5021 atque
2495 4959 2760 5028 perficiat.
2791 4957 2896 5012 Sed
2932 4960 3045 5013 ltzec
3076 4959 3247 5013 fusius
3286 4959 3555 5024 explicata
3584 4964 3723 5028 sunt.

2375 5016 2573 5083 Eadém
2603 5038 2724 5083 nota
2765 5030 3139 5098 dispunximus
3190 5016 3636 5082 absurdissimum
3658 5016 3844 5098 Claudii

2303 5098 2548 5153 Salutasii
2578 5095 3023 5153 commentarium
3064 5100 3115 5152 in
3155 5098 3294 5151 illam
3326 5099 3604 5167 periodum
3652 5095 3846 5167 invoca-

2306 5170 2468 5223 tionis
2499 5167 2732 5236 Spiritus
2757 5169 2951 5232 sancti,
2984 5184 3103 5238 quae
3130 5177 3212 5222 est
3252 5169 3302 5220 in
3326 5160 3579 5238 'Liturgia
3612 5160 3843 5238 μυρίκη.

2301 5238 2491 5294 Grazca
2525 5235 2683 5292 lectio
2711 5238 2858 5291 illunt
2888 5239 2963 5291 ita
2997 5235 3213 5301 refellit,
3240 5252 3300 5291 ut
3329 5253 3452 5292 eum
3489 5236 3578 5290 tali
3611 5235 3846 5306 interpret

2305 5310 2509 5363 latione
2541 5322 2685 5362 stare
2713 5309 3019 5378 nullatenus
3069 5294 3256 5378 queat,
3282 5318 3447 5378 atque
3484 5310 3635 5378 adeo,
3660 5301 3701 5356 si
3736 5294 3845 5364 ἱιιιίά

2307 5378 2660 5433 obscuritatis
2718 5377 2857 5432 foret
2904 5379 2955 5432 in
3009 5376 3246 5448 Copticis
3284 5386 3373 5429 aut
3414 5376 3660 5448 Arabicis
3685 5379 3845 5448 exegit:

2304 5448 2572 5529 Pluribus,
2593 5449 2957 5529 disc'jteret'Jr
2987 5439 3295 5529 illa-subito.-
3327 5448 3456 5513 0⁸³³
3477 5439 3846 5529 ί8Ῐ¹¹¹Γξ¹¹¹ῘΕξ³

2306 5501 2670 5640 ἶιηνορθιὶὁιιίέ
2719 5501 2978 5575 formulas
3025 5501 3426 5582 adnotavimus,
3489 5501 3693 5570 abunde
3719 5501 3847 5563 suill-

2306 5602 2422 5640 crutt
2450 5626 2466 5640 .

2302 5602 2466 5642 ειυιιι.
