4100 6276
138 1916 177 1935 ιιι.

104 1964 175 1985 ιλ

114 2004 159 2037 η

305 220 421 279 718

1270 222 1596 283 ΕΙἸὋΠΕΙᾹ
1636 224 1693 279 S.
1737 223 2066 282 GREGORII
2103 223 2619 295 ALEXANDRINA.

3460 232 3563 288 7M

303 343 373 396 τὸ
414 340 685 412 πανάγιον
716 342 1094 414 κατάπεμψον,
1128 342 1215 397 ἵνα
1259 344 1613 417 ὲπιφοιτῆσαν
1651 346 1718 417 τῇ
1763 346 1895 418 ἁγίᾳ

1997 344 2170 411 mitte,
2205 351 2265 399 ut
2306 343 2600 400 adveniens
2638 351 2849 410 sancta,
2896 342 3059 409 bona,
3095 349 3151 398 et
3193 341 3424 414 gloriosa
3462 359 3562 400 sua

303 435 408 490 καὶ
447 435 629 508 ἀγαθῇ
662 435 757 491 καὶ
801 436 998 506 ἐνδόξῳ
1034 435 1197 490 αὐτοῦ
1237 436 1512 509 παρουσίᾳ
1548 438 1752 509 ἁγιάσῃ
1792 439 1889 492 καὶ

306 527 655 598 μεταποιήσῃ
697 525 768 581 τά
812 526 1173 598 προκείμενα,
1217 526 1374 599 τίμια
1419 528 1513 580 καὶ
1558 527 1688 597 ἅγια
1743 528 1889 599 δῶρα

304 615 506 682 ταῦτα,
537 620 617 681 είς
649 616 784 671 αὐτὸ
815 617 875 670 τὸ
905 618 1065 690 σῶμα
1096 618 1277 674 καὶτὸ
1311 613 1450 689 αἷμα
1476 617 1576 689 τῆς
1614 618 1889 691 ἡμετέρας

303 706 763 779 ἀπολυτρώσεως.

393 799 458 853 '0
485 799 637 866 λαὸς
670 800 853 869 λέγει.
890 799 1241 872 Πρόσχωμεν.
1342 874 1343 877 η

390 890 459 944 '0
487 890 762 958 διάκονος
787 891 970 962 λέγει.
1010 892 1204 965 ’Δμήν.

393 980 459 1034 '0
500 982 693 1049 ιερεὺς
736 981 1094 1051 ἐκρωνήσει.
1132 980 1243 1036 Καὶ
1290 982 1503 1053 ποιήσει
1534 980 1626 1033 τὸν
1660 980 1756 1053 μὲν
1800 981 1890 1051 ἄρ-

302 1086 406 1122 τον
459 1068 678 1123 τοῦτον⁹
704 1070 927 1140 γένηται
980 1070 1061 1132 είς
1104 1067 1166 1121 τὸ
1216 1067 1370 1137 ἅγιον
1422 1066 1583 1137 σῶμά
1626 1084 1744 1131 σου,
1794 1064 1887 1119 τοῦ

304 1161 520 1233 Κυρίου
552 1161 611 1215 δὲ
651 1163 747 1215 καὶ
776 1160 911 1215 Θεοῦ
941 1162 1034 1215 καὶ
1062 1160 1333 1231 Σωτῆρος,
1364 1159 1459 1213 καὶ
1492 1157 1889 1231 Παμϐασιλέως

300 1250 472 1322 ἡμῶν
512 1251 684 1321 Ἰησοῦ
741 1250 1013 1325 Χριστοῦ,
1051 1252 1130 1314 είς
1188 1250 1380 1319 ἄφεσιν
1437 1249 1746 1322 ἁμαρτιῶν,
1794 1250 1890 1305 καὶ

303 1342 394 1404 είς
445 1340 590 1413 ζωὴν
637 1341 738 1413 τὴν
785 1340 1002 1396 αἰώνιον
1049 1342 1161 1405 τοῖς
1207 1340 1267 1408 ἐξ
1319 1340 1483 1394 αὐτοῦ
1542 1338 1891 1411 μεταλαμϐά-

301 1449 514 1489 νουσιν.

396 1525 460 1579 '0
486 1525 637 1591 λαὸς
660 1523 844 1596 λέγει.
879 1524 1072 1596 Ἀμήν.

398 1619 461 1671 '0
493 1619 687 1686 ἱερεὺς
712 1618 895 1688 λέγει.
932 1619 1008 1672 Τὸ
1031 1618 1088 1673 δὲ
1116 1617 1372 1691 ποτήριον
1406 1615 1585 1683 τοῦτο,
1614 1616 1676 1671 τὸ
1707 1617 1887 1689 τίμιόν

1991 434 2295 505 praesentia,
2324 434 2622 490 sanctiﬁcet
2670 442 2725 490 et
2771 442 3089 489 trausmutet
3132 435 3403 505 proposita
3440 450 3563 507 pro-

1991 527 2146 590 tiosa,
2178 534 2232 580 et
2258 534 2443 582 sancta
2467 527 2603 582 dona
2636 526 2760 591 ista,
2797 526 2851 580 in
2887 526 3060 596 ipsum
3092 541 3287 597 corpus
3334 536 3391 583 et
3435 541 3562 584 san-

1989 616 2204 687 guinem
2247 626 2446 673 nostra:
2475 616 2833 673 liberationis.

2062 788 2297 858 Populus
2346 791 2717 847 Attendamus.

2060 879 2347 934 Diaconus.
2382 880 2573 936 Amen.

2061 970 2322 1027 Sacerdos
2378 971 2488 1026 alla
2543 989 2683 1028 voce.
2739 973 2808 1037 Et
2860 974 3042 1040 faciat,
3092 990 3281 1044 panem
3343 977 3560 1047 quidem

1991 1060 2152 1116 istum
2197 1061 2315 1116 fieri
2363 1071 2610 1117 sanctum
2647 1078 2845 1133 corpus
2885 1074 3033 1120 tuum
3082 1066 3292 1122 Domini
3352 1068 3443 1124 Dei
3505 1079 3561 1125 et

1992 1151 2311 1221 Salvatoris,
2341 1156 2687 1225 supremique
2708 1154 2870 1227 Regis
2892 1158 3130 1213 omnium
3159 1170 3397 1216 nostrum
3427 1159 3555 1217 ὄρει·

1989 1243 2211 1313 Christi,
2257 1246 2309 1300 in
2366 1247 2736 1303 remissionem
2787 1259 3153 1321 peccatorum,
3184 1260 3237 1307 et
3274 1254 3340 1309 ad
3390 1254 3554 1309 vitam

1988 1345 2245 1392 aeternam
2283 1339 2811 1395 communicantibus
2839 1353 2904 1394 ex
2938 1340 3046 1396 illo.

2061 1518 2317 1590 Populus.
2343 1520 2536 1578 Amen.

2061 1610 2341 1667 Sacerdos.
2388 1611 2623 1669 Calicem
2652 1623 2829 1671 autem
2859 1615 3042 1683 istum,
3072 1618 3367 1687 pretiosum
3409 1628 3556 1675 tuum

303 1725 410 1760 σου
449 1679 607 1777 αἷμα,
642 1679 704 1762 τὸ
732 1679 831 1778 τῖγς
860 1708 1055 1780 καινῆς
1082 1679 1347 1781 διαθήκης
1387 1727 1501 1777 σου,
1545 1679 1640 1763 τοῦ
1680 1679 1886 1782 Κυρίου

1996 1706 2307 1773 sanguinem
2336 1704 2458 1759 novi
2501 1706 2810 1762 testamenti
2848 1706 3202 1775 tui,Domini,
3246 1708 3338 1763 Dei
3379 1709 3559 1765 Salva-

297 1799 391 1862 δὲ,
429 1799 525 1852 καὶ
556 1798 691 1852 Θεοῦ
725 1798 819 1853 καὶ
850 1800 1120 1871 Σωτῆρος,
1166 1800 1259 1854 καὶ
1302 1800 1695 1872 Παμϐασιλέως
1731 1801 1887 1873 ήμῶν

1989 1798 2143 1863 toris,
2201 1804 2258 1853 et
2314 1797 2553 1867 supremi
2611 1797 2777 1867 Regis
2832 1798 3069 1853 omnium
3129 1809 3373 1856 nostrum
3427 1800 3555 1857 Jesu

315 1887 505 1961 Ἰησοῦ
527 1890 787 1962 Χριστοῦ,
821 1890 902 1955 είς
929 1892 1137 1961 ἄφεσιν.
1155 1892 1459 1964 ἁμαρτιῶν,
1503 1893 1598 1946 καὶ
1633 1894 1712 1958 είς
1746 1891 1887 1964 ζωὴν

1996 1887 2213 1955 Christi,
2244 1888 2299 1943 in
2347 1887 2723 1944 remissionem
2771 1896 3139 1960 peccatorum,
3172 1899 3227 1947 et
3272 1890 3338 1949 ad
3391 1893 3556 1947 vitam

301 1980 411 2053 τὴν
439 1980 658 2036 αίὼνιον
679 1984 791 2047 τοῖς
818 1981 879 2050 ἐξ
910 1982 1077 2037 αὐτοῦ
1110 1983 1639 2055 μεταλαμϐάνουσιν.

397 2073 460 2128 '0
487 2073 640 2140 λαὸς
668 2073 853 2145 λέγει.
888 2074 1080 2146 Ἀμήν.
1136 2124 1139 2125 ν

397 2165 460 2219 '0
505 2164 699 2234 ἱερεὺς
734 2165 896 2237 λέγει
952 2166 1051 2223 καὶ
1098 2168 1132 2222 ὁ
1174 2166 1323 2236 λαὸς
1370 2167 1751 2238 ἀποκρίνεται
1798 2170 1886 2235 τὸ,

300 2255 487 2328 Κύριε
516 2256 756 2327 ἐλέησον.

385 2346 454 2399 Σὲ
481 2344 860 2417 δυσωποῦμεν,
889 2346 1092 2420 Χριστὲ
1118 2348 1148 2402 ὁ
1180 2346 1312 2412 Θεὸς
1337 2348 1369 2419 ἠ
1380 2346 1517 2419 μῶν.

382 2437 496 2508 Τῆς
539 2437 864 2509 Ἐκκλησίας
905 2455 1021 2505 σου,
1064 2437 1262 2511 Κύριε,
1303 2440 1403 2513 τὴν
1435 2438 1673 2511 κρηπῖδα
1718 2438 1889 2493 κατά-

303 2528 507 2600 πηξον.

384 2619 500 2690 Τῆς
525 2619 747 2694 ἀγάπης
778 2620 912 2693 ἡμῖν
941 2620 1040 2693 τὴν
1078 2622 1331 2694 ὁμόνοιαν
1358 2622 1605 2694 ῥίζωησον.

384 2711 498 2782 Τῆς
521 2710 758 2777 πίστεως
783 2712 883 2787 τὴν
914 2712 1172 2786 ἀλήθειαν
1207 2714 1460 2787 αὔξησον.

384 2800 500 2872 Τῆς
566 2803 667 2872 σῆς
733 2802 1013 2868 εὐσεϐείας
1078 2805 1208 2878 ἡμῖν
1268 2805 1367 2877 τὴν
1421 2804 1537 2861 ὁδὸν
1586 2803 1889 2878 εὐθυτόμη-

306 2911 431 2949 σον.

387 2987 526 3053 Τοὺς
560 2986 821 3059 ποιμένας
846 2985 1143 3057 ὀχύρωσον.

387 3080 527 3145 Τοὺς
552 3077 1007 3151 ποιμαινομένους
1046 3078 1363 3149 ἀσφάλισαι.

387 3172 488 3237 Δὸς
515 3170 594 3244 τῷ
617 3172 805 3243 κλήρῳ
836 3168 937 3241 τὴν
962 3169 1281 3241 εὐκοσμίαν.

386 3264 513 3326 Τοῖς
546 3264 797 3333 μοναχοῖς
824 3259 924 3335 τὴν
959 3260 1306 3332 ἐγκράτειαν.

388 3354 514 3418 Τοῖς
546 3355 603 3409 ὲν
631 3350 899 3425 παρθενίᾳ
926 3351 989 3405 τὸ
1023 3353 1340 3424 σωφρονεῖν.

388 3446 516 3513 Τοῖς
550 3446 609 3500 ὲν
642 3443 823 3516 σεμνῷ
849 3442 1011 3519 γάμῳ
1030 3444 1131 3517 τὴν
1155 3442 1404 3509 εὐξωῖαν.

390 3622 514 3686 Τοῖς
548 3624 607 3675 ὲν
635 3621 892 3693 μετανοίᾳ
914 3618 976 3674 τὸ
1002 3619 1152 3684 ἔλεος
1171 3658 1186 3674 .

387 3713 516 3777 Τοῖς
554 3711 841 3766 πλουτοῦσι
867 3710 967 3783 τὴν
998 3710 1324 3783 άγαθότητα.

260 3844 289 3881 _.7
336 3848 341 3851 Α
388 3805 516 3868 Τοῖς
550 3801 866 3875 πενομένοις
892 3802 991 3872 τὴν
1023 3801 1363 3877 ἐπικουρίαν.

390 3897 518 3961 Τοῖς
548 3896 781 3967 πτωχοῖς
811 3894 908 3967 τὴν
936 3893 1203 3966 βοήθειαν.

390 3989 535 4053 Τοὺς
565 3986 874 4059 πρεσϐύτας
905 3987 1226 4059 περίζωσον.

392 4081 536 4144 Τοὺς
568 4078 719 4143 νέους
753 4078 1108 4151 σωφρόνισον.

391 4171 535 4235 Τοὺς
563 4169 820 4234 ἀπίστους
850 4169 1193 4238 ἐπίστρεψον.

392 4261 611 4317 Παῦσον
632 4258 736 4334 τῆς
772 4261 1096 4333 Ἐκκλησίας
1122 4261 1190 4317 τὰ
1223 4261 1516 4336 σχίσματα.

392 4356 518 4411 Τῶν
549 4354 810 4428 αἱρέσεων
846 4355 1146 4410 κατάλυσον
1174 4353 1243 4408 τά
1276 4352 1629 4425 φρυάγματα.

393 4448 613 4512 Πάντας
657 4449 806 4520 ἡμᾶς
856 4447 992 4519 πρὸς
1039 4447 1138 4519 τὴν
1167 4446 1268 4518 τῆς
1301 4447 1401 4518 σῆς
1449 4444 1729 4510 εὐσεϐείας
1768 4445 1898 4518 ὁμό-

320 4558 476 4598 νοιαν
506 4540 761 4612 σύναψον.
784 4554 789 4557 ‘

412 4628 472 4688 '0
499 4632 650 4699 λαὸς
671 4630 853 4703 λέγει.
888 4630 1061 4703 Κύριε
1088 4628 1329 4703 ἐλέησον.

407 4723 473 4779 '0
513 4723 703 4795 ἱερεὺς
728 4722 909 4799 λέγει.
945 4721 1252 4795 Μνήσθητι,
1306 4722 1498 4795 Κύριε,
1531 4722 1631 4795 τῆς
1677 4723 1899 4797 εἰρήνης

320 4814 429 4887 τῆς
473 4815 655 4885 ἁγίας,
699 4814 886 4887 μόνης,
930 4813 1245 4885 ηθολικῆς,
1284 4814 1379 4867 καὶ⁸
1411 4814 1773 4888 άποστολικῆς
1804 4833 1899 4870 σου

338 4905 700 4977 Ἐκκλησίας,
741 4904 842 4976 τῆς
888 4904 997 4961 ἀπὸ
1047 4904 1300 4975 περάτων
1361 4902 1468 4968 ἕως
1516 4904 1765 4976 περάτων
1801 4905 1901 4977 τῆς

325 4995 674 5067 οἰκουμένης,
699 4994 795 5052 καὶ
831 4994 938 5051 τῶν
969 4996 1028 5049 ὲν
1060 4995 1199 5067 αὐτῇ
1243 4993 1538 5066 ὀρθοδόξων
1564 4996 1899 5065 ἐπισκόπων,

324 5087 440 5145 τῶν
466 5088 947 5161 ὀρθοτομησάντων
977 5086 1071 5145 τὸν
1101 5087 1261 5158 λόγον
1286 5087 1386 5159 τῆς
1411 5086 1685 5162 ἀληθείας.

933 5182 1316 5253 Ἐκφωνήσει.

413 5273 740 5346 Ἐξαιρέτως
794 5271 892 5330 τοῦ
958 5274 1264 5344 ἁγιωτάτου
1321 5274 1415 5328 καὶ
1483 5274 1902 5346 μακαριωτάτου

1915 3018 1964 3084 C

1987 1990 2241 2035 aeternam
2276 1980 2794 2037 communicanlibus
2826 1995 2894 2037 ex
2920 1980 3032 2037 illo.

2059 2071 2318 2143 Populus.
2344 2075 2535 2127 Amen.
2968 2076 2973 2079 ⁷

2061 2166 2323 2222 Sacerdos
2372 2163 2498 2221 dicit
2552 2166 2822 2236 sequentia
2880 2176 2928 2222 et
2977 2165 3199 2239 populus
3263 2168 3553 2237 respondet,

1989 2258 2151 2332 Kyrie
2183 2258 2407 2315 eleison.

2061 2350 2138 2405 Te
2167 2351 2535 2417 obsecramus,
2562 2349 2776 2407 Christe
2806 2350 2947 2407 Deus
2977 2358 3187 2407 noster.

2059 2440 2313 2497 Ecclesia:
2345 2449 2469 2509 tute,
2522 2439 2770 2508 Domine,
2820 2439 3225 2498 fundamentum
3274 2438 3552 2496 confirma.

2060 2618 2357 2675 Charitatis
2395 2618 2551 2676 nobis
2588 2617 2933 2675 concordiam
2971 2616 3229 2676 radicitus
3261 2618 3464 2677 insere.

2060 2711 2211 2768 Fidei
2239 2710 2523 2767 veritatem
2550 2725 2707 2783 auge.

2058 2802 2142 2859 Pii
2172 2802 2251 2858 tui
2282 2801 2459 2860 cultus
2500 2803 2647 2860 viam
2674 2810 2883 2861 rectam
2913 2802 3067 2860 nobis
3097 2802 3287 2876 dirige.

2060 2973 2313 3033 Pastores
2350 2974 2565 3032 robora.

2062 3067 2170 3123 Eos
2197 3065 2289 3137 qui
2314 3074 2634 3138 pascuntur,
2666 3080 2887 3126 securos
2916 3076 3132 3140 praesta.

2061 3157 2139 3214 Da
2168 3158 2313 3215 clero
2346 3172 2557 3214 morum
2584 3159 2944 3229 honestatem,

2061 3248 2340 3305 Monachis
2368 3248 2803 3319 temperantiam,

2062 3339 2173 3397 illis
2208 3341 2299 3411 qui
2327 3340 2690 3411 virginitatem
2724 3348 2947 3397 servant
2983 3343 3413 3412 temperantiam,

2060 3432 2173 3489 illis
2202 3432 2296 3504 qui
2322 3442 2448 3490 sunt
2478 3432 2534 3491 in
2570 3432 2871 3489 honorabili
2913 3432 3184 3506 coniugio,
3232 3437 3430 3494 bonam
3479 3442 3560 3499 vi-

1992 3533 2138 3592 tam,
3152 3572 3161 3579 .

2063 3617 2173 3675 Illis
2199 3617 2291 3689 qui
2319 3618 2374 3674 in
2407 3618 2730 3689 paenitentia
2756 3627 2902 3687 sunt,
2941 3618 3387 3691 misericordiam,

2062 3708 2329 3764 Divitibus
2360 3708 2676 3776 bonitatem,

2061 3799 2429 3872 indigentibus
2456 3800 2800 3874 adiutorium,

2071 3893 2406 3964 Pauperibus
2432 3888 2711 3951 auxilium.

2064 3987 2235 4043 Senes
2260 3986 2451 4043 robore
2482 3987 2722 4060 accinge.

2060 4076 2294 4135 Iuvenes
2329 4087 2687 4150 temperantes
2718 4078 2889 4137 efﬁce.
2918 4087 2927 4147 ξ

2066 4171 2313 4228 [nﬁdeles
2352 4181 2628 4227 converte.

2063 4264 2372 4335 Comprime
2394 4263 2653 4321 Ecclesiae
2678 4262 2993 4321 schismata.

1923 4362 1970 4421 ι)
2067 4355 2356 4413 Haereseon
2382 4355 2630 4412 fremitus
2652 4354 2891 4411 destruc.

2068 4448 2177 4506 Nos
2215 4462 2406 4505 omnes
2436 4448 2504 4503 ad
2557 4447 2633 4519 pii
2687 4446 2866 4504 cultus
2912 4446 2986 4503 tui
3035 4449 3374 4505 concordiam
3425 4464 3560 4507 con-

1993 4538 2175 4611 iunge.

2069 4634 2327 4703 Populus.
2362 4629 2527 4702 Kyrie
2549 4628 2773 4685 eleison.

2069 4722 2344 4779 Sacerdos.
2374 4721 2664 4785 Memento,
2696 4718 2942 4789 Domine,
2962 4719 3113 4791 pacis
3142 4731 3363 4790 sanctae,
3381 4723 3561 4796 unius,

2001 4814 2298 4881 catholicae,
2324 4822 2381 4871 et
2430 4811 2738 4887 apostolica:
2793 4820 2897 4870 tuae
2945 4812 3219 4881 Ecclesiae,
3263 4831 3381 4887 quas
3415 4828 3500 4876 est
3534 4834 3566 4875 a

2001 4907 2198 4964 finibus
2221 4920 2392 4977 usque
2413 4905 2481 4962 ad
2502 4904 2636 4962 lines
2656 4903 2823 4975 orbis,
2846 4913 2901 4961 et
2929 4920 3113 4962 eorum
3139 4908 3234 4978 qui
3258 4908 3310 4963 in
3332 4909 3420 4964 illa
3442 4919 3569 4967 sunt

2000 4998 2423 5056 orthodoxorum
2473 4997 2869 5069 episcoporum,
2912 4997 3006 5068 qui
3059 5008 3205 5056 recte
3258 4999 3569 5072 dispensant

2003 5092 2226 5149 verbum
2255 5089 2520 5148 veritatis.
2752 5082 2757 5085 ’

2567 5177 2796 5239 Elevans
2822 5194 3013 5239 manus.

2072 5273 2351 5347 Prmeipue
2372 5271 2704 5331 sanctissimi
2730 5280 2789 5329 et
2823 5272 3123 5331 beatissimi
3165 5276 3436 5347 pontiﬁcis
3469 5292 3572 5336 no-

330 5364 635 5440 ἀρχιεριως
669 5364 828 5436 ἡμῶν
857 5364 1000 5422 άϐϐα
1030 5364 1104 5422 Δ’.
1133 5365 1290 5420 πάπα
1321 5364 1416 5420 καὶ
1442 5364 1779 5437 πατριάρχου
1803 5366 1898 5437 τῆς

2005 5366 2105 5422 stri
2140 5365 2279 5424 abba
2323 5366 2390 5422 N.
2441 5380 2594 5438 papae
2633 5374 2691 5424 et
2736 5364 3059 5438 patriarcha:
3090 5380 3298 5440 magna:
3337 5368 3573 5429 civitatis

336 5454 753 5527 μεγαλοπόλεως
792 5454 1215 5528 Ἀλεξανδρείας,
1260 5455 1355 5510 καὶ
1382 5454 1522 5526 ὑπὲρ
1548 5453 1659 5509 τῶν
1690 5455 1906 5528 περιόν-

331 5565 443 5603 των
488 5546 820 5615 ἐπισκόπων,
868 5546 1274 5619 πρεσϐυτέρων,
1320 5546 1602 5613 διακόνων,
1659 5545 1904 5616 ἀναγνω-

336 5639 503 5706 στῶν,
546 5637 788 5709 ψαλτῶν,
827 5639 1175 5712 ἐξορκιστῶν,
1219 5637 1579 5707 μοναζόντων,
1616 5636 1907 5710 ἀειπαρθέ-
1936 5674 1957 5711 η

540 5735 812 5798 Panos.
853 5735 968 5797 Gn.
1014 5734 1286 5797 XXXVI

2003 5456 2365 5527 Alexandriae,
2404 5465 2462 5513 et
2489 5472 2587 5529 pro
2626 5457 2735 5515 illis
2769 5457 2862 5527 qui
2899 5457 3217 5529 superstites
3273 5466 3425 5526 sunt,
3455 5460 3573 5532 epi-

2006 5547 2204 5619 scopis,
2244 5548 2602 5619 presbyteris,
2661 5546 2927 5615 diaconis,
2965 5548 3300 5621 anagnostis,
3362 5547 3574 5622 psaltis,

2007 5641 2313 5711 axorcistis,
2347 5642 2705 5702 monasticam
2725 5642 2891 5701 vitam
2921 5650 2978 5700 et
3001 5650 3314 5714 perpetuam
3348 5642 3575 5716 virgini-
3650 5633 3659 5648 ’
