4100 6276
337 254 440 309 717

1293 240 1623 298 LITURGIA
1663 240 1721 295 S.
1762 240 2090 297 GRECORII
2129 243 2643 298 ALEXANDRINA.

3490 241 3611 308 τίδ’

406 366 690 435 Εὐφρανον
740 360 904 414 πάλιν
962 358 1058 413 καὶ
1112 356 1462 412 ἀνακαίνισον
1510 355 1570 410 τὸ
1628 356 1917 428 πρόσωπον

2092 359 2324 415 Lmtitica
2356 360 2517 414 etiam
2556 367 2610 414 et
2635 372 2835 415 renovo
2867 360 3058 419 faciem
3088 363 3287 419 terrm.‘

334 472 825 608 magifomaxa;
866 540 1036 610 αὐτῆς
1077 538 1329 611 μέθυσον,
1377 536 1647 609 πλήουνον
1689 536 1757 590 τὰ
1795 552 1915 605 γεν-

333 641 555 707 νήματα
596 633 799 703 αὐτῆς·
842 633 1189 703 παράστησον
1220 632 1351 701 ἡμῖν
1389 628 1528 683 αὐτά
1560 630 1639 692 είς
1673 627 1913 699 σπέρμα,

335 729 431 781 καὶ
474 727 555 790 εἰς
598 724 877 795 θερισμὸν,
920 725 1015 777 κα)⁸
1054 721 1149 775 νῦν
1185 720 1422 789 εὐλογῶν
1456 719 1770 791 εὐλόγησον.
1805 718 1915 790 Τὴν

336 819 483 890 ζωὴν
530 816 687 889 ἡμῶν
739 815 1115 886 οίκονόμησον.
1170 812 1478 885 Εὐλόγησον
1515 812 1608 867 τὸν
1659 811 1918 881 στέφανον

332 912 431 965 τοῦ
476 907 726 964 ἐνιαυτοῦ
767 910 864 980 τῆς
914 907 1279 979 χρηστότητός
1324 924 1439 973 σου,
1472 905 1561 960 διὰ
1605 906 1732 969 τοὺς
1775 921 1920 957 πτω-

334 1005 467 1073 χοὺς
496 1001 590 1055 τοῦ
624 1000 753 1055 λαοῦ
789 1017 905 1064 σου,
934 999 1020 1053 διά
1058 997 1157 1069 τὴν
1182 999 1379 1070 χήραν,
1410 997 1504 1050 καὶ
1540 996 1630 1050 τὸν
1659 995 1916 1067 ὀρφανὸν,

333 1094 427 1147 διὰ
470 1094 562 1146 τὸν
603 1092 778 1159 ξένον,
829 1091 924 1145 καὶ
980 1090 1071 1144 τὸν
1122 1091 1480 1162 προσήλυτον,
1522 1091 1617 1143 κα).
1663 1089 1728 1142 δι’
1773 1088 1923 1159 ἡμᾶς

338 1184 550 1247 πάντας
570 1184 696 1247 τοὺς
727 1180 1044 1244 ἐλπίζοντας
1083 1181 1175 1233 ἐπὶ
1214 1180 1319 1243 σοὶ,
1347 1181 1440 1233 καὶ
1466 1178 1924 1248 ἐπικαλουμένους

337 1275 402 1328 τὸ
446 1273 623 1344 ὄνομά
662 1290 755 1325 σου
808 1272 870 1325 τὸ
917 1271 1092 1340 ἅγιον.
1126 1273 1188 1325 Οἱ
1250 1271 1357 1343 γὰρ
1400 1270 1671 1341 ὀφθαλμοὶ
1707 1270 1924 1323 πάντων

337 1366 425 1429 είς
465 1364 526 1417 σὲ
561 1364 868 1429 ἐλπίζουσι,
921 1364 1016 1416 καὶ
1050 1364 1114 1416 σὺ
1158 1362 1315 1426 δίδως
1365 1363 1463 1431 τὴν
1501 1362 1706 1434 τροφὴν
1746 1360 1925 1415 αὐτῶν

337 1457 402 1510 ὲν
450 1454 721 1527 εὐκαιρίᾳ.
767 1453 999 1525 Ποίησον
1048 1453 1165 1524 μεθ’
1206 1453 1363 1524 ἡμῶν
1412 1453 1559 1507 κατὰ
1590 1451 1688 1523 τὴν
1722 1451 1925 1521 ἀγαθό-

337 1550 485 1622 τητά
520 1568 636 1611 σου,
676 1550 703 1602 ὁ
741 1547 916 1610 διδοὺς
950 1545 1157 1617 τροφὴν
1209 1545 1358 1618 πάσῃ
1409 1543 1593 1616 σαρκί.
1633 1543 1927 1615 Πλήρωσον

338 1643 521 1713 χαρᾶς
580 1640 674 1692 καὶ
712 1636 1051 1708 εὐφροσύνης
1096 1636 1195 1700 τάς
1246 1635 1471 1707 καρδίας
1510 1634 1688 1706 ἡμῶν,
1735 1636 1823 1689 ἴνα
1870 1636 1928 1688 ὲν

2095 554 2287 610 Snlcos
2341 554 2457 624 ejus
2513 556 2741 621 inebria,
2781 557 3078 630 multiplica
3130 565 3403 633 genimina
3436 565 3595 636 ejus:

2023 647 2201 715 praebe
2237 647 2392 700 nobis
2439 645 2529 700 illa
2571 647 2635 700 ad
2670 662 2852 704 semen
2886 658 2940 705 et
2970 651 3039 706 ad
3075 667 3327 722 messem,
3364 664 3419 710 et
3456 674 3600 714 nunc

2024 736 2348 791 benedicens
2376 735 2699 793 benedicito.
2732 737 2908 794 Vitam
2958 750 3197 797 nostram
3245 759 3407 813 rege:
3437 747 3601 804 bene-

2025 826 2113 882 dic
2139 842 2349 881 coronae
2385 828 2511 881 anni
2550 828 2892 900 benignitatis
2922 840 3046 898 tum,
3085 844 3303 903 propter
3338 851 3603 906 pauperes

2027 915 2205 986 populi
2255 915 2351 982 lui,
2388 925 2610 986 propter
2642 919 2856 973 viduam
2912 929 2967 975 et
3017 923 3340 990 orphanum,
3384 936 3603 996 propter

2030 1007 2297 1075 hospitem
2340 1015 2396 1060 et
2449 1009 2735 1075 advenam,
2761 1015 2814 1063 et
2852 1018 3072 1080 propter
3105 1026 3203 1068 nos
3243 1028 3435 1070 omnes
3487 1030 3605 1085 spe-

2029 1111 2213 1153 rantes
2238 1099 2292 1153 in
2327 1107 2398 1165 te,
2450 1108 2506 1153 et
2545 1099 2860 1157 invocantes
2892 1117 3087 1159 nomen
3139 1113 3286 1159 tuum
3327 1116 3604 1165 sanctum.

2029 1192 2181 1248 Oculi
2214 1193 2357 1247 enim
2389 1193 2628 1248 omnium
2662 1194 2715 1248 in
2763 1204 2815 1251 te
2836 1206 3075 1265 sperant,
3112 1207 3166 1252 et
3207 1207 3260 1253 tu
3293 1202 3386 1255 das
3423 1215 3606 1257 escam

2032 1282 2242 1338 illorum
2285 1285 2336 1337 in
2395 1294 2636 1353 tempore
2680 1293 3004 1355 opportuno.
3055 1287 3163 1342 Fac
3203 1290 3487 1346 nobiscum
3526 1306 3607 1347 se-

2032 1374 2263 1430 cundum
2299 1374 2591 1429 bonitatem
2620 1383 2786 1441 tuam,
2806 1376 2895 1445 qui
2926 1377 3022 1433 das
3049 1392 3230 1433 escam
3256 1380 3402 1434 omni
3429 1381 3601 1435 carni.

2032 1464 2196 1536 Imple
2234 1464 2428 1536 gaudio
2455 1475 2509 1521 et
2533 1464 2715 1521 laetitia
2750 1466 2915 1522 corda
2943 1477 3147 1534 nostra,
3178 1478 3237 1523 ut
3275 1470 3329 1524 in
3355 1470 3605 1526 omnibus

2034 1570 2248 1627 semper
2296 1571 2511 1611 omnem
2601 1556 2979 1615 suﬁicientiam
3020 1559 3312 1628 habentes,
3369 1562 3608 1618 abunde-

2036 1664 2157 1706 mus
2190 1649 2241 1703 in
2276 1662 2437 1704 omne
2469 1663 2604 1719 opus
2645 1649 2867 1719 bonum,
2904 1652 2971 1707 ad
3010 1650 3313 1709 faciendam
3359 1654 3605 1711 volunta-

337 1736 503 1796 πᾶσι,
550 1732 780 1785 πάντοτε
828 1729 1011 1781 πᾶσαν
1062 1728 1392 1798 αὐτάρκειαν
1447 1726 1692 1798 ἔχοντες,
1737 1742 1925 1798 περισ-

2035 1749 2140 1797 tem
2171 1747 2316 1795 tuam
2357 1748 2623 1796 sanctam.

340 1823 629 1893 σεύσωμεν
657 1824 737 1885 είς
767 1821 876 1874 πᾶν
924 1819 1086 1891 ἔργον
1129 1818 1352 1888 ἀγαθὸν,
1382 1818 1475 1872 τοῦ
1523 1820 1697 1872 ποιεῖν
1737 1818 1797 1871 τὸ
1839 1817 1931 1871 θέ-

336 1914 411 1985 λη
420 1913 498 1983 μά
526 1929 619 1965 σου
646 1912 707 1964 τὸ
736 1912 911 1980 ἅγιον.

430 2003 493 2056 '0
519 2002 669 2068 ,λαός
694 2002 875 2071 λέγει.
907 1999 1080 2072 Κύριε
1114 1999 1356 2071 ἐλέησον.

429 2096 484 2148 Ὀ
520 2095 715 2163 ἱερεὺς
742 2093 926 2163 λέγει,
964 2094 1062 2147 καὶ
1096 2095 1129 2147 ό
1165 2091 1315 2159 λαός
1352 2091 1753 2160 ἀποκρίνεται.

418 2186 592 2258 Κύριε
621 2176 866 2257 ἐλέησον.

417 2277 659 2348 Χάρισαι
696 2274 775 2346 τῷ
811 2274 926 2345 λαῷ
958 2291 1050 2327 σου
1080 2273 1181 2345 τὴν
1212 2273 1487 2344 ὁμόνοιαν.

418 2369 508 2442 Τῷ
542 2371 733 2441 κόσμῳ
760 2368 857 2440 τὴν
883 2366 1225 2422 εὐστάθειαν.

417 2462 509 2532 Τῷ
535 2461 659 2532 άέρι
686 2460 784 2531 τὴν
814 2458 1134 2530 εὐκρασίαν.

419 2555 547 2617 Τοῖς
580 2552 797 2606 νοσοῦσι
826 2550 925 2622 τὴν
952 2550 1246 2622 σωτηρίαν.

420 2646 545 2709 Τοῖς
572 2645 847 2716 δεομένοις
870 2644 968 2715 τὴν
995 2642 1279 2713 ἀνάψυξιν.

418 2737 543 2799 Τοῖς
570 2738 628 2789 ὲν
661 2734 894 2806 ὲξορίαις
917 2733 1016 2806 τὴν
1048 2734 1256 2788 ἄνεσιν.

421 2829 548 2892 Τοῖς
574 2828 831 2898 ὀρφανοῖς
856 2825 955 2897 τὴν
989 2824 1261 2897 βοήθειαν.

422 2921 557 2983 Ταῖς
585 2920 781 2990 χήραις
811 2918 910 2988 τὴν
940 2916 1245 2988 ἀντίληψιν.

421 3009 548 3072 Τοῖς
584 3006 918 3078 θλιϐομένοις
950 3005 1265 3078 ὲπάρκησον
1294 3006 1373 3069 είς
1406 3003 1628 3075 ἀγαθόν.

421 3190 561 3255 Τοὺς
588 3176 832 3253 ἑστῶτας
863 3187 1160 3261 όχύρωσον.

423 3279 563 3342 Τοὺς
597 3276 956 3341 πεπτωκότας
992 3276 1226 3348 ἐγειρον.

425 3367 564 3431 Τοὺς
591 3366 890 3437 ἑστηκότας
916 3365 1236 3435 ἀσφάλισαι.

423 3459 547 3515 Τῶν
575 3459 991 3530 κεκοιμημένων
1028 3457 1318 3530 μνήσθητι.

422 3534 545 3605 Τῶν
575 3552 633 3605 ἐν
659 3549 917 3622 ὁμολογία
944 3548 1043 3613 τὰς
1091 3547 1389 3620 πρεσϐείας
1412 3545 1724 3617 πρόσδεξαι.

422 3734 564 3799 Τοὺς
604 3731 999 3804 ἡμαρτηκότας
1043 3731 1140 3783 καὶ
1192 3728 1664 3801 μετανοήσαντας,
1711 3727 1935 3800 συναρί-

354 3827 566 3899 Θμησον
602 3825 741 3897 μετά
765 3824 877 3882 τῶν
906 3823 1114 3877 πιστῶν
1148 3840 1263 3877 σου.

423 3919 563 3982 Τοὺς
610 3917 836 3980 πιστοὺς
874 3914 1278 3987 συναρίθμησον
1310 3915 1448 3986 μετά
1494 3914 1785 3987 μαρτύρων
1817 3929 1933 3965 σου.

422 4008 685 4080 Μιμητάς
738 4008 863 4070 τοὺς
906 4006 1177 4077 παρόντας
1205 4007 1264 4059 ὲν
1302 4004 1381 4077 τῷ
1428 4006 1577 4077 τόπῳ
1620 4004 1796 4075 τούτῳ
1824 4004 1933 4058 τῶν

353 4101 600 4170 ἀγγέλων
626 4098 986 4169 κατάστησον.
1674 4166 1679 4171 ι

424 4194 536 4246 Καὶ
571 4193 717 4264 ἡμᾶς
758 4193 826 4262 τῇ
877 4192 943 4261 σῇ
982 4189 1165 4261 χάριτι
1209 4190 1346 4261 πρὸς
1390 4189 1490 4261 τὴν
1530 4190 1628 4262 σὴν
1664 4189 1933 4261 κεκλημέ-

353 4304 480 4349 νους
510 4284 785 4339 διακονίαν
816 4280 1068 4349 ἀναξίους
1092 4282 1252 4346 ὄντας
1278 4281 1552 4348 ὑπόδεξαι.

439 4380 503 4430 '0
532 4376 682 4442 λαὸς
707 4374 891 4444 λέγει.
922 4374 1094 4444 Κύριε
1123 4373 1365 4446 ἐλέησον.
1832 4440 1847 4453 .

439 4470 503 4522 '0
532 4467 724 4536 ἱερεὺς
762 4465 945 4534 λέγει.
989 4464 1297 4536 Μνήσθητι,
1323 4463 1520 4536 Κύριε,
1561 4466 1657 4521 καὶ
1698 4466 1800 4537 τῆς
1829 4465 1918 4519 πόα

354 4561 492 4623 λεως
520 4560 676 4631 ἡμῶν
716 4555 941 4628 ταύτης,
966 4555 1062 4609 καὶ
1096 4555 1203 4609 τῶν
1243 4555 1601 4627 ἐνιόρθοδόξῳ
1632 4555 1810 4609 πίστει
1856 4556 1934 4609 ol-

354 4648 596 4703 κούντων
634 4649 691 4700 ἐν
727 4646 888 4715 αὐτῇ,
918 4644 1014 4698 καὶ
1041 4644 1228 4714 πάσης
1254 4643 1461 4708 πόλεως
1492 4645 1587 4698 καὶ
1624 4646 1807 4718 χώρας
1836 4646 1933 4701 σὺν

302 4804 331 4824 '
354 4740 519 4794 παντὶ
555 4736 633 4807 τῷ
659 4737 846 4808 κόσμῳ
878 4736 1075 4791 αὐτῶν.
1105 4736 1217 4789 Καὶ
1250 4735 1411 4807 ῥῦσαι
1463 4738 1609 4808 ἡμᾶς
1639 4737 1747 4791 ἀπὸ
1773 4737 1932 4809 λιμοῦ

355 4833 452 4887 καὶ
472 4832 683 4902 λοιμοῦ,
706 4828 934 4901 σεισμοῦ
956 4828 1049 4882 καὶ
1072 4831 1512 4900 καταποντισμοῦ
1534 4830 1612 4902 (1)
1634 4831 1823 4901 πυρὸς,
1838 4831 1933 4884 καὶ

355 4920 465 4976 ἀπὸ
494 4917 869 4991 αἰχμαλωσίας
901 4916 1213 4989 βαρϐάρων,
1243 4918 1337 4973 καὶ
1360 4917 1468 4972 ἀπὸ
1496 4918 1605 4972 τῶν
1638 4918 1931 4990 ἀλλοτρίων

358 5012 663 5084 μαχαιρῶν,
678 5012 770 5065 καὶ
786 5009 1207 5073 ἐπαναστάσεως
1220 5009 1429 5084 ἐχθρῶν
1439 5028 1497 5064 τε
1512 5011 1605 5065 καὶ
1615 5010 1927 5085 αἱρετικῶν.

439 5105 502 5157 Ὀ
529 5104 678 5168 λαὸς
702 5102 884 5173 λέγει.
914 5102 1086 5173 Κύριε
1128 5101 1365 5172 ἐλέησον.

435 5195 500 5248 '0
516 5195 708 5263 ἱερεὺς
728 5194 907 5262 λέγει.
930 5193 1237 5265 Μνήσθητι,
1269 5193 1463 5265 Κύριε,
1498 5193 1607 5249 τῶν
1637 5193 1933 5266 προλαϐόν-

355 5303 464 5339 των
518 5287 679 5340 ὁσίων
720 5288 979 5358 Πατέρων
1028 5286 1185 5357 ἡμῶν
1234 5272 1531 5357 όρθοδόξων
1598 5286 1928 5351 ἐπισκόπων,

355 5378 451 5432 καὶ
483 5379 698 5433 πάντων
760 5378 869 5433 τῶν
904 5378 1229 5443 ἀπ’·αίῶνός
1284 5395 1366 5431 σοι
1426 5377 1926 5450 εὐαρεστησάντων,

354 5470 528 5538 ἁγίων
548 5471 824 5543 Πατέρων,
845 5469 1219 5545 πατριαρχῶν,
1244 5468 1578 5534 ἀποστόλων,
1614 5468 1927 5540 προφητῶν,

356 5561 635 5632 κηρύκων,
695 5560 1122 5631 εὐαγγελιστῶν,
1193 5561 1504 5633 μαρτύρων,
1562 5559 1930 5633 ὁμολογητῶν,

1960 4412 2007 4469 D

2102 2000 2363 2071 Populus.
2400 1999 2567 2072 Kyrie
2606 2000 2833 2058 eleison.

2101 2092 2360 2147 Sacerdos
2387 2093 2512 2147 dicit
2548 2101 2594 2148 et
2619 2092 2845 2162 populus
2883 2091 3179 2159 respondet.

2099 2183 2264 2254 Kyrie
2293 2183 2516 2239 eleison.

2100 2274 2349 2330 Concede
2376 2274 2573 2345 populo
2603 2283 2694 2329 tuo
2727 2273 3097 2340 concordiam,

2098 2364 2297 2419 Mundo
2325 2363 2645 2434 praclarum
2691 2371 2913 2429 statum,

2097 2455 2227 2513 Aeri
2253 2456 2593 2525 temperiem,

2101 2548 2513 2620 lgrotantibus
2542 2547 2797 2613 salutem,

2102 2640 2472 2711 lndigentibus
2501 2638 2866 2709 refrigerium,

2103 2734 2215 2788 llis
2243 2734 2338 2805 qui
2368 2733 2420 2787 in
2455 2731 2663 2800 exsiliis
2694 2740 2841 2799 sunt,
2870 2732 3131 2803 quietem,

2099 2823 2371 2894 Orphanis
2410 2823 2694 2890 auxilium,

2103 2914 2293 2971 Viduis
2315 2914 2727 2984 prolectionem.

2100 3006 2433 3076 Angustiatis
2480 3004 2833 3062 subministra
2889 3013 3153 3077 quantum
3219 3020 3356 3077 opus
3402 3014 3506 3073 est,
3549 3015 3609 3062 ut

2033 3100 2172 3157 bene
2203 3099 2334 3154 sint.

2108 3190 2330 3246 Stantes
2375 3189 2661 3246 conﬁrma.

2104 3281 2214 3337 Eos
2246 3281 2338 3351 qui
2376 3281 2690 3337 ceciderunt
2713 3280 2881 3352 erige.

2106 3372 2342 3430 Securos
2368 3382 2566 3444 prmsta
2604 3388 2698 3430 eos
2723 3374 2816 3444 qui
2855 3381 3022 3430 stant.

2108 3463 2441 3520 ﬂortuorum
2476 3464 2847 3521 reminiscere.

2106 3556 2309 3611 Eorum
2352 3555 2444 3626 qui
2488 3556 2544 3612 in
2604 3555 2945 3614 confessione
2993 3565 3147 3622 sunt,
3192 3558 3610 3616 intercessiones

2035 3647 2268 3717 suscipe.

2099 3736 2209 3795 Eos
2236 3736 2339 3808 'qui
2397 3747 2781 3809 peccaverunt,
2830 3749 2883 3795 et
2930 3752 3157 3811 egerunt
3208 3744 3603 3813 paenitentiam,

2034 3844 2331 3887 annumera
2356 3846 2479 3887 cum
2520 3830 2767 3888 ﬁdelibus
2808 3833 2934 3888 tuis.

2103 3919 2318 3975 Fideles
2349 3934 2652 3976 annumera
2683 3936 2806 3977 cum
2838 3920 3170 3994 martyribus
3202 3924 3327 3979 tuis.
3356 3912 3357 3915 “

2102 4008 2210 4065 Eos
2249 4009 2342 4080 qui
2390 4010 2445 4066 in
2485 4011 2591 4067 hoc
2627 4010 2745 4068 loco
2782 4021 3076 4082 praesentes
3114 4023 3262 4081 sunt,
3308 4014 3610 4071 imitatores

2033 4101 2347 4171 angelorum
2382 4104 2673 4159 constitue.

2105 4194 2169 4248 Et
2205 4210 2304 4250 nos
2343 4197 2516 4266 gratia
2566 4205 2655 4251 tua
2702 4195 2769 4250 ad
2818 4205 2967 4251 tuum
2995 4205 3212 4254 vocatos
3249 4196 3606 4253 ministerium

2032 4283 2282 4355 indignos
2314 4286 2440 4341 licet
2467 4287 2706 4355 suscipe.

2106 4372 2364 4446 Populus.
2404 4376 2570 4447 Kyrie
2603 4375 2826 4432 eleison.

2105 4465 2383 4523 Sacerdos.
2424 4467 2715 4535 Memento,
2748 4465 2999 4534 Domine,
3030 4476 3085 4524 et
3105 4468 3255 4525 urbis
3284 4477 3482 4525 nostrae
3507 4470 3609 4525 hu-

2028 4559 2118 4631 jus
2154 4568 2209 4615 et
2240 4559 2601 4616 habitantium
2646 4560 2701 4615 in
2743 4574 2811 4615 ea
2843 4560 2899 4616 in
2924 4560 3222 4616 orthodoxa
3269 4560 3395 4629 ﬁde,
3426 4563 3606 4618 omnis

2033 4665 2249 4722 quoque
2272 4652 2423 4708 urbis
2455 4662 2510 4708 et
2552 4651 2812 4725 regionis,
2842 4667 2966 4709 cum
3009 4653 3157 4708 omni
3197 4652 3394 4723 populo
3435 4653 3554 4724 ejus
3585 4669 3601 4708 :

2032 4749 2089 4797 ct
2114 4740 2280 4797 libera
2306 4755 2406 4797 nos
2434 4757 2463 4795 a
2490 4740 2633 4797 fame
2655 4750 2712 4798 et
2748 4750 2919 4812 peste,
2953 4757 2983 4798 a
3016 4751 3173 4798 terrae
3219 4752 3386 4809 motu,
3414 4758 3445 4798 a
3475 4746 3603 4799 sub—

2034 4834 2323 4901 mersione,
2360 4835 2428 4890 ab
2456 4835 2597 4907 igne,
2627 4850 2656 4889 a
2684 4835 2995 4905 captivitate
3025 4836 3403 4901 barbarorum,
3436 4850 3466 4891 a
3490 4837 3605 4907 gla-

2034 4925 2138 4980 diis
2164 4927 2375 4992 alienis,
2403 4928 2470 4981 ab
2501 4927 2704 4983 insultu
2738 4927 2976 4984 hostium
3013 4936 3068 4984 et
3092 4928 3496 4985 hereticorum.

2107 5104 2364 5173 Populus.
2404 5104 2569 5174 Kyrie
2600 5103 2824 5160 eleison.

2107 5194 2383 5252 Sacerdos.
2423 5194 2712 5259 Memento,
2754 5196 3012 5261 Domine,
3057 5211 3244 5252 eorum
3272 5198 3365 5267 qui
3398 5198 3599 5255 dudum

2032 5286 2285 5344 obierunt
2311 5294 2618 5341 sanctorum
2643 5285 2863 5342 Patrum
2895 5297 3245 5354 nostrorum;
3278 5289 3597 5345 orthodoxa-

2038 5394 2158 5435 rum
2192 5378 2588 5447 episcoporum,
2616 5386 2672 5432 et
2698 5377 2938 5433 omnium
2966 5377 3053 5447 qui
3085 5395 3112 5433 a
3131 5378 3327 5434 saeculo
3358 5377 3452 5432 tibi
3478 5380 3595 5447 pla-

2033 5476 2262 5523 cuerunt
2305 5474 2615 5522 sanctorum
2664 5465 2905 5533 Patrum,
2954 5466 3406 5536 patriarcharum,
3447 5479 3582 5535 apo-

2039 5560 2320 5625 stolorum,
2360 5558 2744 5629 prophetarum
2766 5599 2781 5628 ,
2815 5558 3225 5631 praedicatorum
3252 5599 3266 5626 ,
3327 5556 3596 5629 evangeli-

426 5672 501 5746 (l)
546 5675 698 5748 Legit
737 5677 1002 5747 interpres
1039 5694 1053 5733 :
1090 5676 1548 5750 καταποντισμοῦ,
1575 5676 1765 5747 πυρός,
1805 5676 1925 5745 virgl

2038 5672 2371 5743 interposita.
2409 5672 2566 5729 Eoir.
