4100 6276
454 266 556 323 ’118

1372 270 1698 325 LITURGIA
1742 273 1800 328 S.
1843 273 2197 331 GREGORHI
2234 279 2752 337 ALEXANDIHNA.
2821 286 2826 290 ’

3599 295 3705 352 720

454 398 681 457 stnrum,
713 398 1032 460 martyrum,
1064 390 1459 458 coniessorum,
1484 395 1767 464 omnisque
1794 397 2016 465 spiritus

2128 401 2213 453 καὶ
2266 402 2464 466 παντὸς
2524 404 2833 476 πνεύματος
2898 406 3131 473 δικαίου,
3168 409 3225 461 ἐν
3258 410 3700 485 πίστειΧριστοῦ

448 480 602 550 justi,
638 482 689 536 in
716 481 818 538 lide
835 482 1035 539 Christi
1064 487 1443 540 consummati.

1081 625 1205 681 Alta
1246 642 1386 681 voce.

525 736 802 806 Praecipue
861 739 1242 802 sanctissimae,
1298 740 1719 809 gloriosissima},
1753 744 2021 798 immacu-

456 829 597 894 latze,
629 838 684 882 et
717 829 1189 885 benedictionibus
1218 832 1524 899 cumulatze,
1562 832 1791 889 dominae
1822 843 2021 890 nostra:

457 922 696 989 Deipara:
730 930 778 977 et
811 937 1025 992 semper
1057 923 1283 993 virginis
1327 924 1529 978 Maria.

519 1009 706 1067 Sancti
733 1012 975 1083 gloriosi,
1002 1015 1301 1085 praphetos,
1336 1016 1723 1085 praecursoria,
1748 1017 2017 1092 baptista},

447 1113 503 1157 et
542 1104 801 1174 martyris
826 1104 1074 1160 Joannis.

520 1197 710 1251 Sancti
743 1195 1003 1267 Stephani
1035 1197 1193 1267 primi
1225 1199 1437 1257 diaconi
1460 1210 1516 1257 et
1540 1202 1697 1272 primi
1722 1203 1993 1275 martyris.

520 1376 586 1430 Et
619 1377 794 1431 sancti
817 1385 872 1431 et
901 1375 1045 1431 beati
1080 1376 1257 1433 Patris
1288 1378 1455 1434 nostri
1482 1378 1671 1447 Marci,
1707 1381 1935 1451 apostoli
1964 1392 2020 1439 et

452 1468 810 1535 evangelista.

524 1559 590 1613 Et
618 1561 791 1615 sancti
824 1560 1002 1615 Patris
1029 1560 1202 1616 nostri
1240 1560 1510 1630 Gregorii.

534 1647 835 1721 Eorumque
864 1668 1091 1722 quorum
1124 1653 1286 1709 hodie
1323 1653 1637 1708 memoriam
1674 1653 1926 1720 facimus,
1964 1661 2019 1709 et

2124 494 2560 565 τετελειωμένου.

2733 632 3123 701 ’Exsawrriast.

2205 740 2531 812 Ἐξαιρέτως
2598 745 2698 814 τῆς
2752 746 3026 814 παναγίας
3068 747 3444 820 ὐπερενδόξου,
3497 751 3701 822 ἁχρὰν-

2120 848 2237 897 του,
2282 834 2621 906 ὑπερευλογη
2632 836 2799 906 μένης
2827 836 3114 910 δεσποίνης
3141 840 3298 911 ἡμῶν
3335 841 3582 895 Θεοτόκου
3605 843 3702 895 καὶ

2121 924 2479 997 ἀειπαρθὲνου
2497 928 2737 998 Μαρίας.

2192 1015 2298 1068 Τοῦ
2324 1016 2480 1084 ἁγίου
2536 1017 2748 1085 ἐνδόξου
2791 1021 3093 1091 προφήτου,
3135 1022 3464 1094 προδρόμου,
3506 1024 3702 1095 βαπτιο

2124 1106 2271 1170 στοῦ,
2303 1108 2398 1160 καὶ
2426 1108 2703 1179 μάρτυρος
2744 1111 3010 1167 Ἰωάννου.

2192 1196 2299 1250 Τοῦ
2324 1198 2479 1267 ἁγίου
2510 1199 2781 1269 Στεφάνου
2812 1202 2907 1255 τοῦ
2940 1205 3372 1274 πρωτοδιακόνου
3431 1208 3526 1261 καὶ
3554 1227 3701 1280 πρωο

2120 1286 2363 1357 τομάρτυ
2374 1305 2483 1360 ρος.

2191 1380 2303 1433 Καὶ
2318 1378 2410 1433 τοῦ
2440 1381 2598 1450 ἁγίου
2625 1384 2718 1436 καὶ
2750 1383 3018 1456 μακαρίου
3042 1386 3254 1458 Πατρὸς
3274 1388 3431 1460 ἡμῶν
3445 1390 3697 1462 Μάρκου,

2084 1459 2089 1465 ’
2120 1468 2215 1522 τοῦ
2234 1470 2531 1525 ἀποστόλου
2568 1474 2662 1526 καὶ
2686 1474 3098 1543 εὐαγγελιστοῦ.

2190 1561 2302 1614 Καὶ
2334 1562 2429 1615 τοῦ
2456 1565 2513 1617 ὲν
2536 1563 2713 1633 ἁγίοις
2746 1566 2959 1637 Πατρός
2987 1566 3310 1639 Γρηγορίου.

2191 1651 2300 1704 Καὶ
2315 1647 2389 1706 ὧν
2421 1653 2479 1707 ὲν
2506 1656 2573 1724 τῇ
2607 1655 2845 1726 σήμερον
2864 1655 3051 1727 ἡμέρᾳ
3075 1656 3171 1727 τὴν
3195 1658 3497 1729 ὑπόμνησιν
3515 1660 3701 1713 ποιού-

453 1744 629 1799 munis
661 1746 813 1800 chori
842 1756 1152 1801 sanctorum
1184 1754 1424 1811 tuorum,
1446 1760 1675 1815 quorum
1707 1746 1956 1815 precibus
1972 1755 2025 1802 et

2131 1742 2291 1812 μεθα,
2329 1746 2424 1798 καὶ
2470 1744 2671 1808 παντὸς
2714 1744 2877 1817 χοροῦ
2935 1746 3043 1799 τῶν
3096 1746 3264 1814 ἁγίων
3306 1763 3421 1812 σου,
3473 1741 3546 1801 ὧν
3578 1752 3699 1811 ταῖς

452 1836 927 1893 intercessionibus
984 1839 1248 1894 miserere
1319 1840 1528 1904 nostri,
1583 1847 1638 1894 et
1690 1838 1837 1893 salva
1898 1854 2016 1907 nos,

449 1940 672 2001 propter
702 1945 895 1986 nomen
929 1940 1076 1986 tuum
1102 1941 1372 1999 sanctum,
1408 1932 1550 2001 quod
1593 1931 1902 1987 invocatum
1936 1941 2020 1987 est

450 2035 614 2092 super
645 2037 760 2078 nos.

523 2114 788 2170 Diaconus
817 2117 1000 2170 recitat
1030 2115 1311 2186 Diptycha.

521 2202 780 2261 Sacerdos
810 2208 942 2261 dicit
965 2218 1186 2262 secreto.

520 2297 809 2363 Memento,
836 2297 1081 2365 Domine,
1120 2313 1307 2353 eorum
1340 2298 1430 2368 qui
1477 2298 1683 2369 pridem
1715 2298 2020 2355 obdormie-

2122 1834 2310 1904 εὐχαῖς
2353 1836 2448 1889 καὶ
2486 1836 2825 1907 πρεσϐείαις,
2855 1837 2950 1913 καὶ
3003 1838 3150 1907 ἡμᾶς
3193 1836 3435 1907 ἐλέησον,
3463 1839 3554 1892 καὶ
3590 1840 3700 1892 σῶ-

2122 1942 2213 1978 σον
2234 1925 2321 1979 διὰ
2351 1925 2412 1978 τὸ
2454 1926 2627 1996 ὄνομά
2676 1943 2769 1981 σου
2818 1927 2880 1980 τὸ
2938 1926 3118 1994 ἅγιον,
3167 1925 3229 1979 τὸ
3268 1928 3559 2001 ἐπικληθὲν
3608 1930 3701 2001 ἐφ’

2203 2034 2288 2071 ac.

2203 2018 2238 2070 ἆ
2274 2057 2288 2071 .

2118 2018 2267 2161 mag
2296 2106 2573 2176 διάκονος
2598 2108 2759 2178 λέγει
2780 2098 2853 2163 ea
2875 2110 3162 2181 Δίπτυχα.

2203 2196 2265 2252 '0
2292 2199 2483 2268 ἱερεὺς
2514 2200 2675 2270 λέγει
2700 2201 2770 2255 ἐν
2790 2201 3001 2268 ἐαυτῷ.
3062 2234 3085 2247 θ

2180 2290 2495 2362 Μνήσθητι,
2542 2290 2739 2363 Κύριε,
2773 2290 2892 2346 τῶν
2943 2292 3465 2366 προκεκοιμημένων
3515 2292 3575 2349 ὲν
3622 2296 3696 2368 τῇ

450 2399 601 2456 runt,
619 2391 674 2446 in
708 2392 1008 2445 orthodoxa
1033 2392 1158 2456 ﬁde,
1187 2399 1399 2459 patrum
1433 2401 1490 2447 et
1538 2390 1767 2447 fratrum
1814 2401 2022 2448 nostro-

2128 2380 2385 2454 ὁρθοδόξῳ
2436 2380 2616 2435 πίστει
2668 2382 2921 2454 πατέρων
2965 2384 3123 2455 ἡμῶν
3160 2386 3255 2440 καὶ
3309 2384 3572 2455 ἀδελφῶν,
3599 2386 3698 2439 καὶ

452 2497 598 2546 rum,
640 2491 695 2538 et
732 2482 819 2536 fac
852 2482 1061 2537 animas
1109 2496 1295 2537 eorum
1327 2482 1637 2553 quiescere,
1669 2498 1792 2538 cum
1817 2479 2020 2540 sanctis

2128 2471 2433 2526 ἀνάπαυσον
2492 2471 2591 2535 τὰς
2638 2471 2816 2542 ψυχὰς
2868 2473 3046 2528 αὐτῶν
3108 2475 3246 2545 μετὰ
3303 2476 3487 2541 ὁσίων,
3555 2474 3696 2546 μετὰ

453 2572 701 2641 etjustis.
727 2573 908 2628 Deduc
934 2586 1030 2629 eos
1046 2583 1099 2628 et
1128 2588 1393 2644 congrega
1424 2560 1477 2628 iri
1506 2573 1683 2629 locum
1711 2572 2018 2640 herbidum,

2128 2563 2364 2619 δικαίων.
2419 2563 2744 2635 Ἐκθρεψον,
2772 2565 3006 2637 σύναψον
3056 2568 3137 2632 εἰς
3172 2568 3335 2623 τόπον
3393 2567 3574 2639 χλόης,
3602 2568 3696 2621 ἐπὶ

452 2679 616 2733 super
648 2678 842 2733 aquam
877 2663 1210 2729 refectionis,
1240 2664 1294 2716 in
1323 2662 1577 2733 paradiso
1624 2663 1937 2734 voluptatis,
1966 2670 2020 2719 et

2128 2654 2311 2719 ὕδατος
2360 2654 2739 2727 ἀναπαύσεως,
2802 2656 2860 2711 ὲν
2938 2656 3249 2730 παραδείσῳ
3312 2659 3545 2731 τρυφῆς,
3599 2659 3697 2715 καὶ

454 2770 578 2810 cum
610 2754 973 2825 illis'quorum
1012 2755 1227 2809 nomina
1254 2754 1627 2809 recitavimus.

2128 2747 2261 2820 μετὰ
2313 2746 2517 2801 τούτων
2542 2743 2617 2803 ὦν
2661 2750 2886 2819 εἴπομεν
2917 2749 2987 2802 τὰ
3022 2748 3264 2819 ὀνόματα
3292 2749 3492 2804 αὐτῶν.

526 2839 672 2896 Tunc
698 2842 1240 2896 commemorationem
1268 2841 1399 2911 facit
1428 2843 1661 2897 vivorum
1698 2828 1752 2898 iet
1787 2852 2019 2898 mortuo-

2196 2842 2336 2895 Τότε
2356 2840 2719 2910 μνημονεύει
2742 2836 2975 2901 ’ζὶῦντων
3004 2840 3101 2895 καὶ
3128 2840 3377 2912 νεκρῶν,
3406 2841 3504 2895 καὶ
3541 2842 3697 2914 μετὰ

451 2950 591 3002 rum,
617 2944 668 2990 et
691 2933 1079 3005 postDiptycha
1096 2934 1343 2989 sacerdos
1378 2934 1526 2989 dicit.

2128 2933 2383 3001 δίπτυχα
2408 2935 2442 2987 ό
2473 2932 2664 3002 ἱερεὺς
2688 2932 2867 3004 λέγει.

524 3025 814 3091 Memento,
842 3024 1100 3090 Domine,
1137 3037 1322 3079 eorum
1379 3038 1606 3093 quorum
1656 3026 2017 3091 meminimus,

2191 3023 2497 3096 Μνήσθητι,
2550 3021 2746 3096 Κύριε,
2796 3015 3285 3097 ὧνιὲμνήσθημεν,
3340 3026 3433 3079 καὶ
3463 3017 3538 3080 ὧν
3591 3024 3695 3078 οὐκ

452 3126 509 3175 et
529 3132 757 3188 quorum
783 3132 890 3172 non
939 3117 1283 3172 meminimus
1334 3116 1571 3171 ﬁdelium
1606 3126 1660 3171 et
1687 3118 2019 3173 orthodoxo-

2128 3094 2492 3188 ἐμνήσθημεν,
2543 3094 2750 3169 πιστῶν
2800 3115 2895 3169 καὶ
2945 3094 3259 3187 δρθοδόξων,
3317 3116 3436 3188 μεθ’
3474 3110 3547 3171 ὧν
3599 3116 3696 3170 καὶ

454 3223 597 3273 rum,
620 3224 745 3264 cum
774 3208 969 3278 quibus
997 3216 1052 3263 et
1074 3206 1227 3262 nobis
1251 3222 1371 3262 cum
1395 3208 1547 3277 ipsis,
1569 3216 1821 3279 tanquam
1845 3208 2018 3265 bonus

2128 3209 2252 3279 ἡμῖν
2321 3206 2417 3261 σὺν
2489 3206 2671 3269 αὐτοῖς
2735 3205 2811 3269 ὡς
2890 3204 3093 3274 ἀγαθὸς
3157 3206 3251 3261 καὶ
3318 3206 3695 3278 φιλάνθρωπος

455 3310 510 3356 et
539 3300 806 3369 benignus
844 3313 972 3369 erga
1004 3298 1252 3354 homines
1281 3298 1443 3353 Deus.
2120 3298 2271 3361 Θεός.

523 3391 781 3461 Populus.
814 3389 1070 3457 Remitte,
1098 3403 1280 3461 parce,
1310 3391 1574 3446 condona.

2203 3390 2264 3443 Ὅ
2281 3388 2431 3455 λαὸς
2456 3389 2638 3458 λέγει.
2678 3389 2858 3455 Ἀνες,
2881 3390 3036 3459 ἄφες,
3062 3387 3432 3460 συγχώρησον.

525 3482 806 3538 Sacerdos.
843 3482 922 3537 Tu
968 3482 1112 3537 enim
1174 3495 1235 3537 es
1286 3481 1428 3536 Deus
1454 3490 1662 3547 noster,
1689 3482 2017 3548 misericors,

2204 3478 2265 3532 '0
2305 3479 2496 3549 ἱερεὺς
2527 3478 2707 3549 λέγει.
2755 3480 2827 3534 Σὺ
2883 3478 2993 3551 γὰρ
3042 3475 3137 3532 εῐό
3166 3478 3295 3543 Θεὸς
3335 3478 3508 3549 ἡμῶν,
3545 3476 3667 3548 ἑλεή

454 3576 645 3632 nolens
676 3586 905 3631 mortem
938 3574 1258 3644 peccatoris,
1298 3575 1392 3630 sed
1419 3576 1600 3643 potius
1645 3583 1701 3629 ut
1732 3583 2019 3630 converta-

2128 3589 2262 3643 μων,
2291 3574 2320 3625 ὁ
2356 3572 2430 3641 μὴ
2479 3571 2799 3641 βουλόμενος
2843 3571 2934 3624 τὸν
2958 3570 3184 3624 θάνατον
3215 3569 3307 3623 τοῦ
3346 3568 3668 3641 ἁμαρτωλοῦ

456 3679 544 3723 tur
575 3676 629 3721 et
682 3667 848 3721 vivat.
881 3666 1044 3730 Deus,
1074 3666 1229 3720 visita
1282 3680 1380 3721 nos
1425 3666 1477 3720 in
1515 3665 1736 3721 salutari
1773 3675 1885 3731 tuo,
1935 3665 2021 3720 fac

2128 3661 2196 3727 ὡς
2237 3660 2331 3715 τοῦ
2383 3660 2706 3733 ἐπιστρέψαι
2738 3661 2831 3714 καὶ
2856 3660 2957 3732 ζῇν
2976 3660 3156 3715 αὐτόν.
3197 3660 3257 3712 Ὃ
3291 3659 3443 3725 Θεὸς,
3468 3659 3680 3712 εἐπίσκε⁴

455 3759 733 3814 nobiscum
792 3757 1089 3821 secundum
1147 3755 1617 3810 mansuetudinem
1679 3765 1866 3821 tuam,
1929 3757 2021 3825 qui

2128 3753 2222 3824 ψον
2271 3754 2419 3824 ἡμᾶς
2474 3754 2531 3806 ὲν
2555 3751 2632 3822 τῷ
2685 3750 2938 3823 σωτηρίῳ
2986 3767 3101 3804 σου·
3134 3750 3355 3820 ποίησον
3390 3750 3507 3821 μεθ’
3535 3749 3685 3820 ἡμῶν

454 3850 594 3906 facis
622 3848 782 3918 longe
814 3846 969 3916 plura
1000 3860 1161 3916 quam
1192 3846 1447 3915 petimus,
1482 3856 1573 3901 aut
1610 3844 1931 3916 cogitamus,
1964 3857 2024 3906 ut

2128 3844 2262 3898 κατὰ
2293 3844 2394 3914 τὴν
2432 3843 2728 3897 ἐπιείκειάν
2784 3859 2897 3906 σου,
2951 3842 2979 3894 ό
3017 3841 3185 3896 ποιῶν
3232 3840 3373 3913 ὑπὲρ
3405 3842 3469 3894 ἐκ
3500 3856 3689 3911 περισ-

455 3942 508 3995 in
537 3940 659 4007 hoc,
693 3938 837 3992 sicut
864 3947 918 3992 et
946 3937 999 3991 in
1019 3935 1289 4002 omnibus,
1316 3936 1643 4007 gloriﬁcetur
1661 3947 1715 3994 et
1735 3938 2020 4007 exaltetur,

2128 3937 2220 3992 σοῦ
2254 3930 2328 3993 ὦν
2352 3934 2671 4007 αἰτούμεθα,
2725 3935 2760 4006 ἢ
2799 3933 3043 4006 νοοῦμεν
3102 3934 3190 3988 ἵνα
3240 3950 3332 3985 σου
3361 3934 3456 3986 καὶ
3487 3933 3545 3985 ὲν
3574 3931 3696 3986 τοὺ-

453 4030 703 4085 laudetur
739 4037 796 4083 et
824 4026 1195 4093 benedicatur,
1226 4036 1281 4082 et
1328 4027 1700 4084 sanetilicetur
1751 4038 2022 4098 sanctum,

2128 4047 2202 4101 τῳ
2252 4029 2435 4093 καθὼς
2488 4029 2583 4084 καὶ
2631 4029 2690 4082 ὲν
2723 4027 2885 4082 παντὶ
2941 4025 3169 4097 δοξασθῇ
3218 4025 3312 4078 καὶ
3369 4024 3557 4095 scores
3602 4024 3697 4076 καὶ

454 4122 841 4174 honorandum
870 4124 926 4173 et
955 4116 1519 4192 benedictumpomen
1547 4125 1721 4185 tuum,
1769 4133 1892 4175 cum
1923 4118 2025 4174 im-

454 4209 733 4265 maculato
770 4215 864 4263 tuo
892 4205 1054 4263 Patre
1078 4214 1133 4264 et
1158 4215 1348 4263 sancto
1371 4205 1598 4279 Spiritu.

532 4384 787 4455 Populus.
814 4384 969 4440 Sicut
995 4392 1134 4450 erat,
1161 4395 1265 4454 est,
1298 4397 1354 4442 et
1384 4388 1505 4443 erit.

529 4474 820 4528 Diaconus.
861 4473 1204 4542 Descendite,
1244 4476 1477 4532 diaconi.

530 4568 808 4623 Sacerdos.
841 4567 952 4622 Pax
982 4569 1253 4624 omnibus.

532 4660 789 4730 Popuius.
818 4660 884 4714 Et
916 4677 1035 4716 cum
1070 4661 1262 4730 spiritu
1288 4671 1398 4715 tuo.
1430 4666 1431 4669 “

854 4749 1175 4803 Praemium
1208 4752 1484 4818 {rartionis
1511 4752 1646 4821 (24).

535 4840 818 4895 Sacerdos.
851 4837 976 4894 Jesu
1018 4838 1259 4904 Christe,
1314 4854 1508 4894 nomen
1538 4840 1793 4907 salutare,
1828 4844 1920 4913 qui
1948 4843 2029 4899 di-

534 5046 645 5117 (24)
689 5044 813 5117 [hoc
842 5046 1017 5117 oratio
1047 5060 1152 5099 non
1187 5045 1415 5117 habetur
1476 5048 1529 5100 in
1590 5046 1824 5116 Copticis
1844 5065 2030 5104 exem-

464 5115 723 5186 plaribus.
753 5115 1007 5186 (inminet
1036 5127 1217 5171 autem
1244 5116 1461 5170 brevem
1481 5125 1536 5170 et
1554 5115 1858 5171 distinctam
1882 5120 2032 5173 theo-

464 5184 618 5256 logia:
679 5184 973 5256 Orientalis
1027 5186 1471 5255 explicationem,
1514 5186 1634 5241 istis
1676 5187 1902 5241 verbis:
1939 5192 2030 5254 qui

464 5253 760 5311 sacerdotes
787 5253 994 5322 quidem
1032 5257 1087 5309 in
1102 5253 1289 5310 ordine
1314 5256 1673 5311 ministrorum
1692 5253 2029 5323 constituisti,

464 5343 556 5395 per
582 5325 895 5379 inuisibilem
929 5334 1101 5379 autem
1128 5337 1271 5379 tuam
1301 5335 1625 5393 potestatem,
1656 5342 1717 5380 ea
1766 5337 2033 5381 transmuo

467 5397 612 5458 tasti,
643 5395 729 5448 vel
747 5395 813 5448 ad
835 5396 1055 5448 verbum
1082 5395 1569 5451 transelementasti.
1600 5396 1895 5452 Concilium
1925 5397 2033 5451 Ro-

466 5479 688 5536 manum
720 5479 866 5536 anno
886 5463 1024 5536 1079
1050 5465 1104 5519 in
1128 5480 1293 5536 causa
1330 5465 1638 5536 Berengarii
1664 5468 1739 5520 ait
1780 5466 1959 5534 (Tom.
1982 5467 2029 5521 Χ

466 5533 693 5599 Concil.,
720 5534 825 5605 ed.
848 5534 1019 5600 Paris,
1043 5550 1097 5605 p.
1126 5534 1249 5605 578)
1279 5552 1292 5589 :
1328 5533 1591 5591 Paneniet
1624 5533 1799 5591 uinum
1823 5553 1914 5605 per
1942 5556 2031 5592 sa-

467 5619 571 5657 cra:
600 5604 855 5676 orationis
880 5605 1031 5676 verba
1047 5604 1103 5676 :et
1140 5604 1423 5659 sacerdotis
1445 5604 1884 5661 consecrationem
1906 5607 2030 5676 Spi-

472 5680 587 5742 ritu
615 5682 797 5727 sancto
828 5672 1157 5731 invisibiliter
1184 5684 1429 5744 operante
1460 5678 1685 5732 converti
1705 5672 2023 5734 substantia-

2125 4119 2362 4193 ὑμνηθῇ,
2402 4120 2497 4173 καὶ
2553 4118 2819 4189 εὐλογηθῇ
2871 4118 2966 4172 καὶ⁴
3022 4116 3257 4187 ἁγιασθῇ
3313 4115 3375 4169 τὸ
3431 4114 3696 4182 πανὰγιον

2126 4211 2219 4267 καὶ
2269 4211 2503 4283 ἔντιμον,
2529 4210 2625 4264 καὶ
2669 4208 3028 4280 εὐλογημένον
3085 4225 3179 4261 σου
3216 4207 3405 4278 δνομα,
3464 4205 3580 4277 ἁμα
3617 4203 3694 4276 τῷ

2127 4302 2377 4375 ἁχρὰντῳ
2408 4318 2501 4355 σου
2518 4300 2691 4373 Πατρὶ
2724 4300 2816 4353 καὶ
2845 4299 2985 4370 ἁγίῳ
3014 4298 3311 4369 Πνεύματι.

2214 4395 2272 4447 '0
2302 4394 2449 4461 λαὸς
2485 4391 2665 4463 λέγει.
2709 4393 2794 4456 Ὡς
2820 4387 2909 4463 ἦν,
2939 4390 3033 4445 καὶ
3065 4388 3199 4453 ἔστι,
3226 4388 3320 4441 καὶ
3351 4387 3522 4442 ἔσται.

2208 4485 2271 4538 '0
2287 4484 2562 4549 διάκονος
2590 4482 2770 4551 λέγει.
2804 4480 3127 4546 Κατὲλθετε,
3160 4482 3209 4533 oi.
3224 4478 3476 4534 διάκονοι.

2207 4576 2269 4629 '0
2297 4575 2486 4644 ἱερεὺς
2512 4574 2691 4640 λέγει.
2723 4574 2927 4645 Εἰρήνη
2955 4573 3139 4625 πᾶσιν.

2186 4668 2271 4721 ο⁹Ο
2290 4667 2438 4733 λαὸς
2464 4666 2648 4736 λέγει.
2670 4665 2781 4719 Καὶ
2802 4662 2879 4733 τῷ
2895 4662 3163 4735 πνεύματί
3188 4678 3304 4717 σου.

2525 4756 2843 4825 Προοίμιον
2865 4754 2971 4822 τῆς
3007 4752 3298 4819 πλάσεως.
3469 4820 3482 4839 θ

2209 4848 2265 4901 '0
2317 4849 2507 4918 ἱερεὺς
2570 4846 2751 4918 λέγει.
2807 4844 2980 4917 Ἰησοῦ
3031 4844 3256 4918 Χριστὲ,
3323 4842 3385 4897 τὸ
3432 4841 3695 4914 σωτήριον

2130 5054 2248 5107 (iter
2272 5052 2325 5104 in
2347 5066 2533 5117 corpus
2568 5048 2919 5111 Dominicum,
2952 5056 3132 5101 natum
3153 5046 3217 5101 de
3252 5043 3481 5116 Virgine.
3514 5044 3696 5117 Remi-

2132 5124 2247 5193 gius
2273 5120 2361 5188 (In
2391 5119 2417 5173 1
2438 5116 2567 5174 Cor.
2594 5133 2642 5172 c.
2672 5119 2761 5187 x):
2794 5119 2965 5193 Panis
2985 5133 3134 5193 quem
3164 5117 3479 5193 frangimus,
3515 5116 3696 5184 utique

2130 5186 2352 5260 primum
2382 5186 2717 5260 consecratur
2723 5206 2764 5260 ρ
2786 5186 3203 5260 sacerdotibuset
3219 5203 3249 5239 a
3264 5186 3693 5260 Spiritu‘sancto.

2130 5253 2411 5315 Ascelinus
2437 5275 2523 5329 ep.
2553 5259 2590 5313 2
2628 5260 2692 5313 ad
2722 5257 3103 5329 Berenga‘rium
3132 5255 3308 5329 (Tom.
3351 5253 3422 5329 IX
3463 5253 3694 5329 Qoncii"

2132 5346 2186 5400 p.
2218 5330 2371 5397 1058)
2400 5347 2413 5382 :
2444 5324 2667 5393 Panem,
2698 5329 2792 5391 ait,
2824 5336 2873 5400 et
2902 5324 3099 5400 fuinum
3129 5324 3184 5379 in
3213 5327 3417 5400 _altari,
3461 5324 3694 5393 Spiritus

2132 5396 2298 5453 sancti
2323 5403 2511 5451 virtute
2535 5414 2627 5464 per
2657 5397 2943 5450 sacerdotis
2970 5396 3335 5458 ministerium,
3375 5410 3548 5448 verum
3574 5409 3695 5448 cor-

2130 5487 2226 5539 pus
2258 5484 2530 5539 verumque
2560 5469 2863 5539 sanguinem
2893 5466 3241 5539 Christigefﬁci
3266 5481 3285 5519 .'
3306 5480 3425 5539 quae
3447 5465 3694 5539 testimo-

2132 5534 2219 5593 nia
2254 5555 2319 5592 ex
2354 5538 2535 5591 multis
2573 5534 2692 5590 aliis
2726 5537 2946 5601 selecta,
2994 5536 3161 5591 variis
3192 5550 3259 5589 ex
3311 5534 3694 5596 Ambrosiano.

2133 5609 2383 5673 Gothico,
2415 5607 2750 5661 Mos'arabico
2775 5606 3001 5675 aliisque
3048 5605 3463 5659 auctoritatibus
3502 5603 3697 5675 contir-

2133 5689 2385 5734 mautur:
2426 5687 2633 5731 tantum
2663 5677 2834 5744 abest,
2865 5674 2925 5732 ut
2958 5678 3244 5747 quisquam
3276 5676 3404 5733 olim
3422 5674 3696 5732 existima-
