4100 6276
302 267 410 330 72!

1230 278 1573 338 'LITURGIA
1613 279 1670 336 S.
1713 278 2054 337 GREGOllll
2093 281 2605 338 ALEXANDRINA.

3501 280 3606 336 722

304 395 513 466 ὄνομα,
541 394 570 447 6
615 392 683 448 τὰ
709 393 828 449 θεῖα
877 395 973 451 καὶ
1004 397 1248 469 ἄκραντα
1277 400 1370 452 καὶ
1418 399 1718 471 ἐπουράνια
1749 399 1923 454 ταῦτα

2044 401 2171 467 tina,
2201 401 2570 468 immaculata,
2614 408 2670 456 et
2715 390 2958 456 coelestia
3013 398 3130 455 hac
3171 391 3430 470 m'ysteria
3461 399 3606 456 desi-

310 487 601 558 μυστήρια
636 486 1007 554 διατυπώσαςο
1046 493 1074 545 6
1131 494 1257 555 τοὺς
1300 493 1396 563 μὲν
1435 493 1603 564 ἱερεῖς
1657 496 1715 546 ἐν
1767 493 1921 559 τάξει

309 579 617 651 ὑπηρετῶν
652 581 875 654 στήσας·
899 582 985 636 διὰ
1016 583 1072 636 δὲ
1100 584 1201 654 τῆς
1241 585 1476 658 ἀοράτου
1516 603 1610 640 σου
1639 586 1922 658 δυνάμεως

309 671 465 725 αὐτὰ
513 673 1034 744 μεταστοιχειώσας.
1073 676 1132 730 '0
1163 679 1277 742 τοῖς
1323 677 1587 749 καθαροῖς
1615 679 1680 748 τῇ
1717 677 1922 750 καρδία

310 764 769 837 ἐπιφαινόμενος,
799 767 1027 834 καὶτοῖς
1059 773 1300 842 γνησίως
1335 769 1620 843 προσιοῦσι
1644 768 1732 822 διὰ
1759 787 1922 823 σεαυο

311 855 414 908 τοῦ
451 858 472 880 ⁶
495 875 572 910 πα
577 857 854 929 ρέχοντος.

400 948 464 1002 Ὁ
492 948 614 1002 τότε
644 949 970 1022 εὐλογήσας,
1001 946 1098 1002 καὶ
1122 944 1216 1001 νῦν
1247 945 1566 1018 εὐλόγησον.

402 1040 467 1093 '0
495 1039 618 1093 τότε
644 1040 900 1109 ἁγιάσας,
937 1039 1032 1094 καὶ
1056 1038 1152 1094 νῦν
1173 1038 1424 1107 ἁγίασον.

403 1130 464 1184 '0
491 1130 615 1185 τότε
649 1131 880 1196 κλάσας,
912 1133 1009 1186 καὶ
1031 1129 1127 1185 νῦν
1146 1131 1460 1202 διάθρεψον.

401 1221 464 1275 ’0
487 1222 612 1276 τότε
644 1222 858 1287 διαδοὺς
884 1225 1000 1287 τοῖς
1027 1221 1222 1276 ἑαυτοῦ
1266 1222 1538 1296 μαθηταῖς
1561 1225 1655 1278 καὶ
1702 1224 1927 1280 ἀποστό-

315 1313 460 1378 λοις,
493 1315 590 1368 καὶ
613 1314 729 1382 νῦν,
748 1315 1016 1381 Δέσποτα,
1053 1315 1235 1379 διάδος
1258 1318 1390 1386 ἡμῖν
1421 1319 1514 1371 καὶ
1535 1317 1698 1370 παντὶ
1721 1317 1798 1388 τῷ
1815 1317 1926 1388 λαῷ

319 1422 449 1471 σου,
473 1405 844 1480 φιλάνθρωπε,
892 1408 1294 1480 παντόκρατορ,
1324 1407 1496 1482 Κύριε
1521 1411 1550 1464 6
1567 1409 1700 1474 Θεὸς
1744 1410 1922 1482 ἡμῶν.

407 1498 474 1551 Ὃ
505 1497 791 1566 διάκονος
806 1498 992 1569 λέγει.
1028 1497 1429 1571 Προσεύξασθε.

409 1589 474 1643 Ὃ
493 1591 645 1657 λαὸς
673 1591 858 1662 λέγει.
890 1591 1064 1664 Κύριε
1093 1591 1338 1663 ἐλέησον.

409 1681 681 1751 Ὀἱερεὺς
705 1683 890 1753 λέγει.
927 1683 1134 1756 Εἰρήνη
1165 1686 1354 1742 πᾶσιν.

414 1773 477 1828 '0
504 1774 654 1841 λαὸς
681 1774 864 1845 λέγει.
895 1777 1006 1830 Καὶ
1025 1775 1102 1847 τῷ
1132 1775 1405 1848 πνεύματί
1427 1795 1545 1833 σου.

788 1867 958 1937 Εὺχὴ
1005 1868 1118 1938 τῆς
1168 1868 1469 1938 πλάσεως.

419 1955 477 2012 Ὀ
505 1957 604 2023 ὢν,
639 1959 668 2011 6
720 1954 810 2030 ἦν,
863 1961 892 2012 6
953 1959 1149 2026 ἐλθὼν,
1203 1961 1298 2015 καὶ
1339 1962 1503 2018 πάλιν
1540 1962 1856 2036 ἐρχόμενοςο
1903 1962 1936 2016 6

326 2051 388 2102 ἐν
433 2049 586 2121 δεξιᾷ
646 2050 742 2105 τοῦ
782 2052 997 2124 [ἰατρὸς
1027 2053 1358 2125 καθήμενος·
1411 2055 1440 2106 6
1479 2055 1665 2128 ἄρτος,
1697 2057 1726 2108 6
1758 2070 1932 2109 κατα-

331 2145 438 2209 ϐὰς
483 2146 549 2198 ἐκ
589 2144 682 2199 τοῦ
739 2145 994 2218 οὐρανοῦ,
1053 2148 1149 2201 καὶ
1199 2147 1346 2221 ζωὴν
1376 2148 1555 2214 διδοὺς
1603 2149 1684 2221 τῷ
1719 2149 1931 2221 κόσμῳ*

331 2237 363 2288 6
401 2237 578 2307 μέγας
609 2237 916 2309 ἀρχιερεὺς,
966 2240 994 2292 6
1022 2239 1267 2312 ἀρχηγὸς
1295 2240 1398 2312 τῆς
1452 2240 1727 2313 σωτηρίας
1754 2240 1934 2312 ἡμῶν·

333 2330 397 2383 τί)
454 2330 572 2400 φῶς
619 2330 875 2401 ἀληθινὸν
915 2331 976 2385 τὸ
1016 2333 1123 2404 πρὸ
1182 2333 1400 2388 πάντων
1449 2331 1684 2388 αἰώνων.
1731 2331 1936 2396 "Oa-61v

335 2420 685 2492 ἀπαύγασμα
731 2422 830 2493 τῆς
887 2421 1067 2494 δόξης,
1109 2424 1204 2478 καὶ
1250 2423 1536 2496 χαρακτὴρ
1567 2425 1670 2496 τῆς
1700 2424 1938 2479 ὑποστά-

338 2531 476 2577 σεως
529 2513 696 2568 αὑτοῦ
754 2514 848 2568 τοῦ
885 2515 1015 2569 ίδίου
1064 2534 1157 2571 σου
1196 2517 1431 2588 Πατρός
1453 2519 1482 2571 6
1512 2517 1806 2590 εὐδοκήσας
1840 2517 1940 2572 καί⁸

337 2606 688 2674 καταξιώσας
731 2607 1010 2664 κατελθεῖν
1067 2612 1131 2664 ὲκ
1183 2610 1293 2665 τῶν
1315 2611 1622 2684 ὑψωμάτων
1647 2613 1742 2666 τοῦ
1769 2613 1936 2686 οὐρα-

341 2698 458 2758 νοῦ.
507 2700 572 2752 ἐκ
600 2699 817 2754 κόλπων
842 2700 937 2754 τοῦ
991 2702 1284 2774 ἀπροσίτου
1319 2703 1516 2774 φωτὸς,
1548 2705 1643 2759 καὶ
1683 2705 1937 2778 ἀληθινοῦ

344 2791 438 2842 καὶ
481 2790 717 2862 ἀοράτου
767 2791 928 2862 μόνου
974 2794 1210 2864 Πατρός.
1247 2795 1560 2866 Σαρκωθεὶς
1588 2795 1647 2850 δὲ
1673 2797 1739 2850 ὲκ
1764 2795 1939 2850 Πνεύ-

350 2899 516 2951 ματος
546 2883 727 2951 ἁγίου,
755 2885 850 2938 καὶ
877 2885 941 2937 ὲκ
971 2886 1072 2956 τῆς
1095 2885 1440 2953 πανενδόξου,
1459 2886 1752 2959 ἀχράντου,
1779 2889 1940 2959 ἁγίας

345 2973 632 3046 δεσποίνης
691 2961 847 3046 ὑμῶν
905 2978 1190 3045 Θεοτόκου,
1252 2980 1346 3033 καὶ
1400 2980 1761 3053 ἀειπαρθένου
1818 2983 1941 3037 Μα-

349 3064 491 3134 ρίας,
557 3067 652 3119 καὶ
695 3067 895 3132 τελέως
932 3069 1378 3141 ὲναιθρωπήσας·
1434 3071 1532 3124 καὶ
1574 3071 1719 3127 κατὰ
1772 3075 1940 3146 μετά-

2023 495 2236 566 gnasti:
2271 494 2362 565 qui
2389 494 2700 550 sacerdotes
2731 491 2949 564 quidem
3005 491 3060 546 in
3112 491 3302 548 ordine
3330 492 3606 550 ministro-

2029 605 2145 644 rum
2171 589 2526 656 eonstituisti,
2595 604 2691 658 per
2723 586 3052 642 invisibilem
3105 593 3281 640 autem
3323 593 3471 641 tuam
3505 601 3574 657 po
3605 617 3607 620 ‹

2026 683 2246 737 tentiam
2282 697 2345 736 ea
2377 681 2815 737 transformasti:
2874 679 2963 750 qui
3011 679 3228 735 mundis
3259 678 3420 736 corde
3448 680 3604 735 exhi-

2023 770 2174 826 beris
2194 781 2247 826 et
2271 771 2381 826 illis
2401 773 2494 840 qui
2524 772 2736 826 sincere
2766 769 3072 836 accedunt,
3121 783 3220 838 per
3254 777 3305 825 te
3336 769 3512 839 ipsum
3540 783 3603 826 ea

2023 863 2250 933 prazbes.
2665 878 2672 884 '

2095 956 2198 1022 Qui
2230 965 2356 1011 tunc
2383 953 2731 1020 benedixisti,
2763 953 2927 1009 etiam
2955 967 3096 1010 nunc
3126 955 3374 1010 benedie.

2099 1048 2200 1114 Qui
2233 1056 2364 1102 tunc
2402 1045 2788 1112 sanetificasti,
2810 1045 2972 1100 etiam
3006 1060 3149 1100 nunc
3192 1044 3497 1100 sanetilica.

2095 1139 2197 1206 Qui
2224 1148 2355 1194 tune
2382 1137 2616 1209 fregisti,
2655 1137 2817 1192 etiam
2846 1151 2992 1193 nunc
3016 1135 3227 1208 frange.

2097 1228 2200 1296 Qui
2275 1238 2401 1282 tunc
2467 1226 2663 1281 dedisti
2717 1225 3000 1294 discipulis
3066 1234 3120 1278 et
3167 1222 3430 1292 apostolis
3479 1221 3607 1290 tuis,

2028 1322 2378 1384 etiamnunc,
2426 1319 2672 1383 Domine,
2707 1319 2773 1372 da
2801 1318 2957 1374 nobis
2980 1325 3036 1371 et
3082 1315 3227 1370 omni
3258 1314 3452 1384 pepnlo
3494 1323 3606 1382 tuo,

2027 1414 2282 1484 benigne,
2315 1413 2684 1480 omnipotens,
2711 1411 2936 1466 Domine
2963 1409 3108 1465 Dens
3142 1415 3340 1463 noster.

2105 1505 2400 1559 Diacomts.
2433 1503 2623 1559 Orate.

2099 1595 2360 1663 Populus.
2395 1595 2562 1664 Kyrie
2595 1592 2817 1648 eleison.

2102 1689 2382 1746 Sacerdos.
2416 1688 2531 1743 Pax
2560 1687 2835 1743 omnibus.

1959 1772 2004 1828 Β
2103 1783 2363 1854 Populus.
2399 1783 2463 1836 Et
2495 1797 2618 1835 cum
2649 1782 2842 1850 spiritu
2872 1790 2985 1836 tuo.

2495 1872 2680 1926 Oratio
2705 1872 2979 1941 fractionis
3015 1871 3147 1942 (25).

2104 1965 2216 2034 Qui
2243 1980 2327 2032 es,
2355 1964 2446 2034 qui
2469 1978 2610 2029 eras,
2662 1965 2754 2035 qui
2789 1964 3006 2028 venisti,
3037 1972 3091 2017 et
3131 1963 3326 2018 iterum
3358 1978 3615 2020 vetmrtts

2043 2072 2124 2124 es,
2163 2057 2254 2128 qui
2305 2057 2372 2110 ad
2420 2055 2700 2110 dexteram
2737 2054 2925 2123 ,Patris
2956 2055 3150 2109 sedes:
3200 2054 3354 2122 panis
3400 2055 3490 2122 qui
3552 2051 3618 2109 de

2037 2149 2177 2204 coelo
2223 2145 2549 2204 descendisti
2603 2153 2658 2200 et
2697 2146 2796 2201 das
2843 2146 3014 2200 vitam
3068 2145 3268 2201 mundo
3311 2163 3328 2202 :
3365 2144 3618 2203 Pontifex

2038 2255 2287 2312 magnus,
2344 2251 2535 2296 auctor
2567 2248 2622 2296 et
2674 2240 2930 2310 princeps
2985 2239 3176 2294 salutis
3227 2249 3445 2294 nostrae.
3500 2238 3616 2292 Lux

2039 2349 2168 2390 vera
2201 2334 2476 2390 cxsistens
2511 2343 2637 2388 ante
2666 2331 2848 2387 omnia
2880 2330 3114 2387 saecula:
3142 2331 3234 2400 qui
3270 2345 3330 2385 es
3365 2329 3620 2399 splendor

2039 2427 2225 2500 gloria:
2264 2435 2319 2480 et
2359 2425 2649 2480 character
2697 2423 3016 2480 substantia:
3049 2422 3227 2477 Patris
3264 2422 3468 2491 proprii
3502 2423 3615 2477 tui:

2038 2520 2130 2590 qui
2161 2533 2258 2590 per
2289 2516 2687 2588 beneplacitnm
2714 2523 2866 2569 tuum
2895 2515 3150 2586 dignatus
3179 2528 3240 2570 es
3290 2513 3621 2569 descendere

2044 2614 2112 2669 de
2143 2611 2377 2667 excelsis
2407 2611 2556 2677 coeli,
2587 2625 2656 2665 ex
2705 2611 2826 2664 sinu
2861 2610 3083 2664 luminis
3123 2607 3536 2676 inaecessibilis,
3565 2619 3622 2664 et

2040 2706 2180 2772 veri,
2215 2703 2615 2774 invisibilisque
2673 2702 2844 2758 solius
2876 2702 3075 2761 Patris.
3108 2701 3323 2771 Quique
3368 2702 3622 2756 incarna-

2044 2810 2129 2857 tus
2163 2800 2227 2856 de
2255 2797 2462 2868 Spiritu
2493 2805 2706 2865 sancto,
2735 2805 2788 2852 et
2816 2811 2880 2850 ex
2909 2795 3327 2866 gloriosissima,
3354 2794 3622 2848 immacu-

2043 2892 2174 2959 lata,
2230 2898 2446 2957 sancta,
2503 2888 2727 2944 domina
2778 2898 2984 2951 nostra,
3045 2886 3273 2955 Deipara
3305 2893 3361 2940 et
3409 2897 3624 2952 semper

2043 2961 2481 3049 virgine’Maria,
2530 2977 2775 3050 perfecte
2820 2979 2981 3032 homo
3035 2976 3211 3031 factus
3243 2990 3340 3030 es:
3388 2989 3494 3030 non
3527 2987 3624 3044 per

2049 3074 2584 3148 transmutationem,
2613 3070 3005 3126 humanitatem
3037 3079 3276 3142 mutans,
3307 3069 3398 3121 sed
3429 3065 3626 3120 uniens

347 3173 559 3222 στασιν,
585 3159 683 3230 τὴν
710 3161 1104 3233 ἀνθρωπότητα
1138 3161 1526 3229 ἀναλλοιώσας·
1575 3166 1784 3232 ἑνώσας
1808 3169 1938 3224 ἐαυ-

2053 3140 2144 3221 tibi
2174 3181 2294 3222 eam
2329 3133 2628 3220 secundum
2664 3161 3010 3234 hypostasin,
3043 3140 3204 3214 mede
3232 3158 3622 3229 inexplicabili,

346 3249 426 3320 τῷ
489 3251 612 3304 καθ’
659 3253 977 3319 ὑπόστασιν,
1037 3255 1329 3328 ἀφράστως
1391 3256 1487 3309 καὶ
1540 3257 1938 3330 ἀπερινοήτως,

348 3342 638 3414 ἀτρέπτως
680 3343 736 3396 δὲ
784 3345 876 3397 καὶ
927 3345 1266 3417 ἀσυγχύτως,
1321 3346 1501 3418 ψυχὴν
1546 3346 1774 3418 ἔχουσαν
1805 3350 1944 3419 λογι-

349 3436 454 3506 κήν
484 3453 544 3488 τε
585 3437 678 3490 καὶ
722 3437 935 3508 νοεράν,
975 3437 1150 3502 οὕτως
1187 3438 1457 3510 προῆλθες
1501 3437 1562 3504 ἐξ
1590 3439 1761 3510 αὐτῆς
1787 3441 1944 3496 θεαν-

348 3525 691 3597 θρωπωθείς’
723 3528 1008 3599 ὁμοούσιος
1051 3530 1228 3602 Πατρὶ
1272 3530 1412 3584 κατὰ
1439 3529 1537 3602 τὴν
1567 3529 1817 3602 θεότητα,
1849 3533 1946 3586 καὶ

349 3622 638 3693 όμοούσιος
699 3624 833 3693 ἡμῖν
898 3623 1040 3677 κατά
1091 3622 1190 3694 τὴν
1250 3622 1668 3694 ἀνθρωπότητα.
1730 3625 1806 3678 Οὐ
1847 3624 1942 3678 δύο

351 3714 622 3785 πρόσωπα
658 3708 770 3778 οὖν,
815 3713 937 3767 οὐδὲ
979 3712 1073 3766 δύο
1122 3713 1337 3784 μορφὰς
1365 3715 1554 3784 ἤγουν,
1577 3713 1698 3766 οὐδὲ
1729 3727 1788 3770 ea
1819 3715 1941 3768 δυσὶ

354 3806 548 3876 φύσεσι
601 3806 1018 3877 γνωριζόμενος,
1069 3805 1182 3859 ἀλλ’
1236 3801 1316 3870 εἷς
1386 3805 1538 3871 Θεὸς,
1593 3801 1675 3872 εἷς
1709 3805 1937 3880 Κύριος,

357 3899 455 3969 μία
487 3900 661 3962 οὐσία,
702 3900 800 3970 μία
852 3899 1117 3969 βασιλεία,
1167 3898 1264 3968 μία
1320 3898 1620 3962 δεσποτεία,
1654 3898 1755 3969 μία
1789 3899 1942 3971 ἐνέρ-

359 4128 496 4182 verit
526 4126 912 4181 detrimentum
959 4125 1145 4180 inferri
1199 4142 1356 4182 sacro
1397 4128 1742 4183 sacerdotum
1783 4127 1944 4183 mini-

358 4200 546 4261 sterio,
585 4199 628 4251 si
653 4198 868 4268 Christo
893 4205 958 4268 et
983 4195 1236 4268 Spiritui,
1257 4209 1449 4252 sancto
1493 4211 1551 4252 ttt
1581 4213 1760 4253 causa:
1790 4199 1939 4268 prin-

359 4269 488 4335 t-ipi,
527 4267 866 4321 consecratio
895 4266 1184 4322 tribuatur.
1220 4267 1277 4321 In
1336 4269 1524 4322 ultima
1579 4280 1754 4336 parte,
1792 4266 1852 4321 ut
1884 4268 1938 4322 in

361 4341 549 4394 tnuttis
579 4338 722 4399 aliis,
755 4345 994 4391 erratum
1027 4347 1113 4391 est
1153 4353 1182 4391 a
1214 4339 1454 4404 librario,
1479 4339 1568 4408 qui
1602 4339 1825 4407 scripsit
1848 4337 1938 4391 διὰ

363 4408 996 4480 σεαεδτοῦχπαρέχοντος,
1027 4423 1148 4480 eum
1185 4409 1468 4480 manifeste
1523 4408 1780 4479 παρέχων
1836 4408 1936 4480 legi

361 4479 574 4533 debeat.
604 4479 716 4532 lloe
745 4479 865 4532 loco
897 4478 1082 4530 deficit
1123 4478 1303 4532 versio
1327 4479 1580 4534 Arabica.

439 4550 551 4618 (:25)
594 4547 782 4616 Neque
809 4548 895 4601 illa
929 4556 1108 4603 exstat
1141 4548 1191 4600 in
1224 4548 1462 4615 Copticis
1499 4547 1812 4604 codicibus:
1851 4547 1944 4602 sed

363 4621 616 4690 quamvis
645 4621 732 4674 isti
794 4619 930 4690 alios
990 4619 1476 4690 antiqttitate_non
1523 4629 1800 4690 superent,
1830 4618 1946 4690 hate

371 4685 546 4744 tamen
592 4691 768 4743 oratio
817 4689 887 4742 ob
944 4685 1283 4758 perspicuam
1323 4685 1636 4744 Jacobiticae
1688 4689 1948 4744 doctrina:

367 4761 788 4828 expositionem,
824 4759 1248 4814 Cbaleedonensi
1275 4761 1510 4813 concilio
1532 4760 1800 4814 vetustior
1826 4772 1948 4814 esse

371 4848 474 4884 non
500 4841 698 4898 potest,
734 4846 854 4884 cum
883 4831 1042 4883 unius
1072 4839 1278 4882 naturae
1319 4830 1370 4882 in
1406 4829 1625 4884 Christo
1651 4829 1949 4884 confessio-

373 4918 493 4955 nem
526 4903 826 4962 contineat,
856 4901 950 4954 sed
987 4899 1192 4968 absque
1223 4899 1560 4963 confusione,
1609 4908 1704 4954 aut
1748 4900 1948 4952 altera-

377 4976 540 5026 tione.
568 4973 720 5038 Quod
751 4972 1018 5039 sequitur,
1045 4983 1339 5038 agnoscere
1364 4969 1641 5025 Jacobitas
1667 4969 1946 5024 Christum

377 5059 496 5096 esse
529 5040 1024 5095 consubstantialem
1059 5040 1211 5092 Patri
1244 5044 1528 5094 secundum
1581 5041 1949 5095 divinitatem:

382 5112 879 5165 consubstantialem
907 5111 1054 5165 nobis
1079 5112 1364 5163 secundum
1411 5111 1814 5173 hun'tanitatem,
1843 5110 1947 5163 etsi

381 5185 572 5236 mirum
598 5183 702 5236 illis
734 5183 900 5236 videri
927 5183 1116 5250 possit,
1147 5181 1240 5249 qui
1271 5180 1481 5234 illorum
1506 5178 1814 5250 opinionem
1845 5195 1950 5233 non

383 5269 601 5316 novere,
634 5255 732 5306 nisi
762 5267 828 5306 ex
866 5252 1096 5321 vulgatis
1122 5252 1454 5314 auctoribus,
1484 5251 1824 5306 verissimum
1870 5262 1950 5304 ta-

383 5339 501 5376 men
535 5335 637 5377 est.
667 5324 795 5389 Quae
822 5323 966 5377 enim
1018 5321 1072 5375 in
1104 5323 1204 5377 hac
1231 5321 1476 5376 oratione
1521 5321 1767 5391 leguntur
1801 5334 1953 5391 repe-

383 5396 550 5446 rimus
583 5395 632 5446 in
664 5393 887 5460 Coptico
913 5392 1240 5463 Eucltologio
1269 5389 1610 5446 Bibliotheca:
1642 5389 1844 5462 Regiam,
1864 5389 1950 5444 tibi

381 5463 523 5517 inter
554 5463 853 5529 Theotokt‘a,
904 5479 998 5518 seu
1025 5479 1213 5532 preces
1258 5464 1324 5533 ad
1366 5463 1673 5533 Deiparam,
1715 5463 1828 5533 baie
1863 5475 1954 5515 oe-

379 5547 606 5587 currunt
636 5553 648 5588 τ
679 5533 900 5587 Verbum
930 5533 1127 5602 factum
1150 5544 1223 5588 est
1247 5532 1420 5595 homo,
1451 5532 1646 5602 absque
1678 5532 1949 5596 divisione,

377 5621 513 5656 unus
539 5621 603 5658 ea:
635 5605 864 5672 duobus,
890 5605 1160 5658 divinitate
1187 5621 1323 5672 pura
1369 5604 1560 5672 absque
1595 5604 1949 5669 corruptione,

375 5676 596 5741 aqualis
623 5714 638 5738 ,
694 5671 854 5736 sive,
882 5671 1342 5728 tonsttbstantialis
1381 5671 1534 5726 Patri
1575 5690 1592 5727 :
1623 5673 1954 5726 humanitate

373 5745 1110 5812 iudtvisa,consitbsltmlialis
1142 5745 1308 5800 nobis.
1337 5745 1560 5815 lteliqtta
1591 5744 1812 5800 totidetu
1843 5758 1957 5799 ver-

2046 3269 2102 3314 et
2122 3257 2528 3328 inintelligibili,
2549 3259 2642 3312 sed
2669 3257 2874 3324 absque
2898 3253 3198 3308 mutatione
3214 3259 3267 3305 et
3283 3249 3622 3316 confusione,

2049 3351 2286 3404 animam
2318 3351 2609 3406 habentem
2643 3345 2964 3403 rationalem
3020 3353 3075 3398 et
3128 3341 3398 3398 intellectu
3424 3342 3625 3412 praadi-

2051 3451 2180 3496 tam.
2205 3439 2283 3496 lta
2319 3456 2387 3496 ex
2417 3455 2480 3496 ea
2513 3438 2850 3510 processisti,
2889 3436 3029 3492 Deus
3061 3437 3223 3490 homo
3262 3432 3458 3500 factus,
3495 3447 3626 3488 con-

2052 3531 2428 3586 substantialis
2479 3529 2631 3584 Patri
2672 3527 2970 3585 secundum
3010 3525 3372 3588 divinitatem,
3415 3530 3470 3578 et
3498 3535 3628 3578 con-

2049 3623 2428 3678 substantialis
2478 3622 2637 3676 nobis
2671 3618 2971 3676 secundum
3021 3615 3440 3672 humanitatem.
3507 3611 3628 3668 Non

2051 3716 2185 3770 duas
2221 3728 2502 3784 personas,
2554 3719 2648 3766 aut
2699 3711 2834 3765 duas
2866 3707 3072 3762 formas
3107 3706 3336 3772 habens,
3366 3717 3545 3774 neque
3573 3705 3628 3758 iu

2049 3806 2259 3860 duabus
2290 3804 2502 3859 naturis
2524 3802 2772 3874 agnitus:
2803 3799 2899 3856 sed
2927 3813 3063 3852 unus
3089 3797 3252 3862 Deus,
3276 3811 3412 3850 unus
3440 3793 3631 3850 Domi-

2051 3913 2189 3953 nus:
2227 3911 2333 3952 una
2360 3895 2684 3962 substantia,
2705 3908 2872 3950 unum
2900 3906 3146 3962 regnum,
3172 3905 3278 3944 una
3311 3885 3628 3952 dominatio,

2056 4127 2138 4197 bis
2163 4124 2546 4197 exprimuntur
2585 4123 2640 4197 in
2684 4123 2885 4197 hy_mno
2916 4117 3333 4197 ad_Christnm.
3366 4113 3527 4197 i’lnra
3549 4114 3631 4197 "de

2051 4189 2268 4266 illorum
2295 4196 2552 4264 opinione
2580 4189 3176 4266 ei_rca:_lnearttalionettt
3213 4189 3630 4266 reperjnttttgin

2048 4265 2282 4321 Historia
2319 4255 2662 4336 patriarcha“
2683 4261 2855 4336 (Hist.
2893 4259 3043 4336 Patr.
3073 4259 3248 4336 diem,
3275 4255 3627 4336 p375ll5gn5§h

2045 4337 2171 4402 565,
2201 4337 2296 4388 471
2319 4324 2380 4390 et
2406 4334 2558 4402 582),
2586 4341 2640 4404 et
2677 4324 2744 4386 de
2792 4330 2878 4384 illa
2937 4329 3226 4404 dicendum
3253 4326 3359 4404 erit
3379 4325 3507 4404 alibi
3535 4324 3625 4379 l'u-

2047 4397 2177 4461 sius.
2205 4404 2312 4459 Sed
2350 4406 2466 4460 luce
2500 4397 2676 4458 oratio
2709 4407 2966 4455 accurate
3027 4397 3174 4450 illam
3211 4397 3472 4463 explicat,
3507 4409 3628 4447 ma-

1972 4465 2016 4520 D
2046 4491 2314 4546 gnamqne
2345 4472 2755 4546 habere__debet
2804 4467 3184 4546 auctoritatem
3213 4483 3226 4519 :
3285 4479 3408 4519 cum
3437 4465 3629 4546 sar-iis

2051 4534 2175 4600 iidei
2227 4534 2704 4604 confessionibus,
2781 4537 3263 4608 theologorumque
3331 4534 3625 4588 sententiis

2050 4625 2302 4672 accurate
2332 4613 2675 4681 respondeat.

2120 4685 2406 4741 Orationes
2424 4679 2716 4754 Vt'ractionis
2742 4679 2861 4754 alia:
2901 4692 3020 4754 quae
3039 4681 3361 4744 sequuntur,
3396 4687 3458 4754 ea
3491 4686 3631 4754 prm-

2050 4759 2237 4810 sertitn
2291 4771 2411 4823 quae
2445 4753 2687 4808 occurrit
2740 4749 3100 4823 ultimoloco,
3147 4761 3268 4799 cum
3315 4751 3532 4823 exstent
3579 4749 3632 4823 in

2049 4813 2841 4896 Copticisexetnplaribtts,jam
2859 4819 3139 4896 explicatae
3169 4825 3294 4896 διῃμ
3315 4815 3367 4868 in
3388 4814 3530 4896 notis
3556 4813 3624 4866 ad

2051 4885 2581 4964 Gregoriattatn'illa
2633 4885 2815 4967 lingua
2870 4887 3189 4967 Liturgiam.
3224 4885 3299 4967 Ex
3351 4885 3634 4967 utriusque

2053 4955 2217 5036 porro
2235 4967 2440 5022 codicis
2466 4955 2893 5036 comparatione,
2921 4961 2966 5013 si
2995 4974 3112 5026 qnze
3130 4965 3249 5010 erat
3281 4957 3332 5009 in
3367 4955 3629 5036 alterutro

2052 5023 2374 5100 obscuritas,
2403 5037 2559 5105 plene
2587 5023 2894 5106 discutitur,
2921 5038 2976 5083 et
3013 5023 3177 5089 verte,
3210 5041 3313 5106 non
3345 5023 3630 5106 metapho-

2055 5110 2178 5162 ricaz
2209 5102 3032 5178 transniutaliettis__fides_quam
3079 5102 3380 5178 continent,
3419 5102 3634 5178 egregie

2055 5178 2409 5232 confirmatur
2435 5179 2609 5230 tribus
2658 5163 2905 5247 diversis-
2931 5170 3150 5247 linguis,
3190 5164 3402 5247 Graeca,
3427 5163 3632 5230 Aﬂgyp-

2056 5251 2219 5312 tiaca,
2283 5259 2338 5302 et
2365 5247 2620 5301 Arabica.
2670 5241 2776 5296 lsta
2842 5256 2970 5296 vero
3012 5237 3200 5312 ultima
3247 5237 3448 5312 lingua,
3507 5247 3632 5312 cutn

2054 5309 2236 5389 plures
2283 5318 2564 5372 versioncs
2621 5314 2955 5389 habeamus,
3009 5309 3207 5366 crescit
3263 5309 3633 5389 tnajoremﬁin

2057 5384 2274 5443 inodum
2320 5389 2537 5443 testium
2563 5384 2760 5440 veteris
2807 5384 2929 5438 ﬁdei
2982 5392 3240 5453 numerus
3277 5419 3290 5430 .
3324 5385 3635 5453 tttterIqttos

2057 5440 2274 5524 nullus,
2312 5440 2868 5529 auﬁtrinterprelando,
2925 5448 3212 5529 litteralem
3257 5455 3312 5499 et
3336 5440 3632 5529 simplicem

2056 5518 2504 5601 significationem
2529 5565 2544 5592 ,
2577 5518 2666 5601 _'ad
2716 5518 2972 5601 figuratas
3035 5518 3634 5601 locutioneshaverti‘t”,

2059 5586 2152 5655 aut
2197 5615 2292 5669 per
2319 5586 2784 5654 observationem“
2805 5594 3130 5669 atljttnctam,
3175 5597 3244 5669 ut,
3278 5586 3434 5641 aliter
3470 5595 3633 5654 quam

2058 5663 2225 5730 verba
2259 5679 2455 5730 sonant
2483 5669 2921 5741 intelligerentur
2975 5663 3274 5717 admonuit.
