4100 6276
427 313 533 371 725

1344 301 1675 361 LITURGIA
1717 304 1776 361 S.
1815 299 2146 359 GREGORII
2185 293 2699 355 ALEXANDRINA.

3578 287 3690 346 725

432 446 540 487 una
577 428 841 500 operatio,
882 441 988 481 una
1045 423 1373 496 hypostasis,
1427 438 1532 478 una
1563 422 1837 486 voluntas,
1890 435 2030 480 una,

2132 434 2246 483 ἐια,
2310 414 2410 485 μία
2456 412 2774 476 ὑπόστασις,
2829 410 2926 480 μία
2956 408 3191 478 θέλησις,
3263 406 3360 477 μία
3410 405 3567 474 φύσις
3588 402 3689 458 τοῦ

433 498 627 580 natura
659 520 750 576 Dei
778 514 943 574 Verbi
972 518 1252 572 incarnata
1296 524 1353 570 et
1399 514 1640 570 adorata.
1696 513 2003 568 Crucilixus

2132 505 2238 560 ἐοῦ
2261 505 2436 573 Λόγου
2468 500 2882 572 σεσαρκωμένη,
2913 500 3006 552 καὶ
3027 498 3491 571 προσκυνουμένη.
3519 498 3696 560 Σταυ-

432 626 612 671 autem
665 614 764 668 sub
792 611 983 667 Pontio
1018 610 1214 675 Pilato,
1247 607 1644 678 confessusque
1686 607 2003 676 przeclaram

430 708 829 764 confessionem
855 721 870 759 :
912 719 1105 775 passus
1137 713 1192 758 et
1212 701 1453 773 sepultus
1470 701 1819 757 resurrexisti
1847 700 2005 754 tertia

432 799 540 863 die,
569 807 625 852 et
654 797 953 852 ascendens
981 796 1035 850 in
1059 792 1275 858 coelum,
1308 791 1599 848 consedisti
1634 791 1699 845 ad
1733 791 2009 844 dexteram

436 887 823 960 magnitudinis
846 886 1051 953 Patris,
1084 884 1426 941 conculcasti
1454 892 1706 946 mortem,
1739 880 2008 935 infernum

434 980 705 1051 spoliasti,
733 978 1087 1049 confringens
1128 987 1313 1047 portas
1341 990 1537 1040 azreas,
1579 983 1636 1030 et
1684 981 1871 1027 vectes
1906 969 2012 1023 fer-

441 1085 567 1127 reos
592 1068 805 1139 rupisti,
862 1067 1135 1137 captivum
1185 1067 1454 1121 Adamum
1498 1060 1763 1119 revocasti
1793 1075 1861 1115 ex
1892 1072 2014 1114 cor-

439 1162 710 1233 ruptione,
745 1168 951 1229 nosque
968 1158 1210 1215 liberasti
1239 1172 1270 1212 a
1297 1155 1494 1213 diaboli
1517 1152 1801 1211 servitute.

511 1424 718 1481 Idcirco
752 1436 1002 1491 rogamus
1024 1429 1081 1478 et
1112 1420 1468 1492 imploramus
1487 1426 1559 1485 te,
1574 1417 1825 1487 benigne,
1851 1415 2014 1481 bone,

442 1524 706 1587 praestare
739 1514 895 1570 nobis
930 1514 1176 1584 dignare,
1239 1521 1297 1566 ut
1329 1525 1467 1582 puro
1509 1510 1675 1566 corde
1722 1509 2018 1564 audeamus

445 1610 652 1678 absque
695 1607 910 1672 timore,
961 1606 1216 1660 invocare
1260 1604 1503 1659 omnium
1537 1602 1825 1657 Dominum
1851 1602 2019 1656 coale-

448 1704 585 1753 stem
610 1695 801 1764 Deum,
825 1694 1040 1752 Patrem
1075 1702 1341 1757 sanctum,
1377 1704 1431 1747 et
1458 1692 1657 1759 dicere,
1691 1700 1793 1747 etc.

840 1783 1025 1839 Oratio
1053 1781 1160 1836 alia
1186 1781 1457 1851 frattioni:
1490 1779 1623 1853 (26).

522 1873 602 1929 Tu
628 1873 771 1931 enim
829 1887 889 1928 es
926 1871 1159 1928 Verbum
1195 1872 1391 1937 Patris,
1446 1880 1573 1926 ante
1617 1868 1814 1926 saecula
1854 1867 2020 1934 Deus,

450 1981 679 2036 magnus
710 1964 979 2029 Pontifex,
1017 1964 1109 2034 qui
1166 1979 1264 2034 pro
1319 1962 1493 2018 salute
1537 1962 1750 2033 generis
1800 1960 2021 2016 humani

447 2060 782 2127 incarnatus,
816 2067 872 2114 et
912 2059 1076 2113 homo
1128 2058 1301 2113 factus
1336 2072 1417 2123 es,
1454 2056 1828 2112 advocasti’ad
1866 2066 1918 2110 te
1955 2069 2023 2110 ex

447 2151 699 2206 omnibus
729 2149 976 2219 gentibus
1007 2162 1177 2219 genus
1227 2147 1483 2210 electum,
1541 2146 1722 2217 regale
1771 2145 2023 2201 sacerdo-

450 2243 608 2309 tium,
636 2251 850 2313 gentem
878 2249 1148 2305 sanctam,
1179 2239 1435 2310 populum
1478 2240 1531 2294 iu
1586 2240 2019 2309 acquisitionem.

449 2335 659 2390 Idcirco
693 2347 949 2403 rogamus
993 2340 1047 2388 et
1087 2330 1437 2401 imploramus
1487 2341 1556 2399 te,
1580 2332 1834 2401 benigne,
1885 2333 2025 2387 bone

452 2428 698 2491 Domine,
757 2440 823 2479 ne
873 2424 927 2479 in
978 2425 1460 2494 reprehensionem
1518 2432 1573 2478 et
1625 2424 2023 2491 confusionem,

451 2531 561 2572 non
610 2514 947 2584 injudicium
999 2523 1055 2571 et
1107 2515 1611 2571 condemnationem
1673 2527 2023 2585 peccatorum

454 2615 789 2674 nostrorum,
817 2606 914 2661 ﬁat
967 2606 1073 2662 hoc
1121 2606 1476 2670 sacriﬁcium,
1508 2606 1649 2676 quod
1674 2622 1769 2677 pro
1798 2608 2029 2661 inﬁrmi-

346 2718 351 2719 ί
454 2697 658 2752 tatibus
680 2696 881 2751 nostris
908 2696 1224 2760 obtulimus,
1278 2698 1373 2752 sed
1425 2698 1873 2767 quemadmodum
1903 2713 2029 2753 san-

454 2789 698 2844 ctissima
728 2796 817 2842 tua
846 2788 959 2842 haec
978 2797 1034 2843 et
1059 2789 1298 2857 pretiosa
1324 2802 1546 2843 munera
1566 2788 1711 2843 omni
1738 2790 2029 2844 sanctitate

454 2882 667 2953 replere
709 2883 960 2953 dignatus
1004 2898 1084 2949 es,
1143 2898 1241 2954 per
1294 2884 1542 2955 illapsum
1594 2884 1924 2940 sanctissimi
1952 2886 2027 2939 tui

455 2971 691 3043 Spiritus
722 2986 885 3041 super
914 2972 1022 3039 illa,
1058 2974 1129 3033 ita
1162 2984 1217 3029 et
1239 2987 1482 3032 nostrum
1510 2987 1876 3045 peccatorum,
1909 2992 2029 3032 ser-

452 3080 648 3120 vorum
676 3074 887 3120 tuorum
914 3067 1259 3123 sanctiﬁcare
1279 3067 1505 3139 dignare
1522 3070 1750 3135 animas,
1776 3083 2025 3138 corpora,

2108 598 2301 672 ρωθεὶς
2349 596 2406 649 δὲ
2437 595 2541 648 ὑπὸ
2595 594 2819 647 Ποντίου
2878 592 3132 650 Πιλάτου,
3198 589 3288 643 καὶ
3351 588 3697 658 ὁμολογήσας

2107 690 2207 760 τήν
2261 686 2431 758 καλὴν
2485 686 2798 756 ὁμολογίανο
2830 681 3016 736 παθὼν
3055 680 3149 734 καὶ
3186 679 3380 748 ταφεὶς
3432 678 3525 732 καὶ
3553 679 3693 731 ἀνα-

2111 780 2243 843 στὰς
2272 782 2339 850 τῇ
2386 778 2548 851 τρίτῃ
2597 776 2804 850 ἡμέρᾳ,
2866 775 2960 828 καὶ
2997 770 3234 827 ἀνελθὼν
3273 773 3353 834 εἰς
3405 770 3693 841 οὐρανοὺς,

2110 871 2203 927 καὶ
2251 870 2481 934 καθίσας
2524 872 2580 923 ὲν
2621 871 2689 939 τῇ
2734 868 2882 939 δεξιᾷ
2910 865 3009 936 τῆς
3040 861 3427 935 μεγαλωσύνης
3458 859 3551 913 τοῦ
3580 860 3701 913 Πα-

2112 963 2261 1034 τρὸς,
2297 962 2547 1033 πατήσας
2581 959 2674 1013 τὸν
2713 958 2963 1023 θάνατον,
3019 956 3114 1010 καὶ
3163 955 3254 1008 τὸν
3297 953 3428 1025 ᾅδην
3471 951 3702 1005 σκυλεύ-

2114 1071 2233 1117 σας,
2270 1051 2566 1123 συντρίψας
2612 1050 2788 1113 πύλας
2833 1049 3065 1119 χαλκᾶς,
3106 1046 3200 1100 καὶ
3255 1044 3485 1116 μοχλοὺς
3547 1043 3704 1115 σιδη-

2119 1143 2245 1216 ροῦς
2285 1144 2605 1207 συνθλάσας,
2655 1143 2750 1197 καὶ
2800 1141 2892 1194 τὸν
2943 1138 3285 1211 αἰχμάλωτον
3342 1136 3513 1219 ’ᾼδὰμ
3564 1137 3705 1189 ἀνα·

2116 1234 2486 1304 καλεσάμενος
2526 1234 2591 1285 ὲκ
2644 1231 2871 1303 φθορᾶς,
2903 1230 2995 1283 καὶ
3027 1230 3176 1299 ἡμᾶς
3218 1224 3585 1297 ἐλευθερώσας
3630 1225 3704 1278 ὲκ

2116 1327 2217 1398 τῆς
2253 1326 2348 1379 τοῦ
2382 1324 2629 1379 διαϐόλου
2655 1322 2916 1385 δουλείας.

2189 1418 2270 1471 Δι’
2296 1417 2324 1470 ὃ
2362 1416 2596 1487 δεόμεθα
2626 1415 2720 1469 καὶ
2742 1411 3168 1485 παρακαλούμέν
3201 1428 3282 1474 σε,
3325 1408 3701 1480 φιλάνθρωπε,

2119 1508 2310 1578 ἀγαθὲ,
2336 1507 2669 1573 καταξίωσον
2725 1508 2874 1577 ἡμᾶς
2917 1506 2975 1560 ὲν
3006 1504 3225 1575 καθαρᾷ
3258 1502 3453 1574 καρδίᾳ.
3493 1501 3704 1573 τολμᾷν

2118 1599 2337 1669 ἀφόϐως
2378 1597 2697 1651 ὲπιόοᾶσθαι
2720 1598 2811 1652 τὸν
2837 1597 3051 1651 πάντων
3084 1595 3346 1665 δεσπότην
3380 1592 3707 1664 ἐπουράνιον

2118 1690 2271 1757 Θεὸν,
2295 1688 2515 1760 Πατέρα
2555 1688 2729 1757 ἅγιον,
2763 1689 2856 1741 καὶ
2875 1687 3071 1755 λέγειν,
3102 1704 3156 1740 κ.
3185 1704 3239 1741 τ.
3261 1686 3312 1739 λ.

2458 1797 2469 1809 '
2506 1779 2679 1850 Εὺχὴ
2711 1780 2869 1846 ἄλλη
2892 1777 3001 1847 τῆς
3019 1776 3312 1844 κλάσεως.

2193 1873 2266 1925 Συ
2323 1870 2432 1945 γάρ
2497 1867 2548 1925 εἷ
2600 1874 2627 1924 6
2688 1870 2862 1937 Λόγος
2909 1869 3003 1923 τοῦ
3048 1869 3283 1941 Πατρὸς,
3320 1871 3348 1922 6
3381 1867 3708 1939 προαιὼνιος

2121 1966 2275 2031 Θεὸς,
2320 1968 2348 2020 6
2399 1966 2573 2036 μέγας
2651 1966 2990 2037 ’Λρχιερεὺς,
3032 1968 3061 2018 6
3113 1966 3204 2018 ἐπὶ
3283 1966 3554 2036 σωτηρίας
3608 1965 3706 2018 τοῦ

2122 2059 2315 2130 γένους
2353 2059 2462 2113 τῶν
2502 2056 2807 2130 ἀνθρώπων
2860 2057 3166 2130 σαρκωθεὶς
3215 2058 3309 2111 καὶ
3363 2057 3712 2130 ἔνανθρωπή-

2126 2170 2244 2218 σας,
2299 2152 2393 2205 καὶ
2440 2148 2958 2222 προσκαλεσάμενος
3004 2148 3182 2221 ἐαυτῷ
3230 2150 3294 2203 ὲκ
3340 2149 3558 2202 πάντων
3596 2149 3711 2204 τῶν

2125 2242 2293 2296 ὲθνῶν
2331 2242 2487 2311 γένος
2535 2240 2812 2305 ἐκλεκτὸν,
2865 2240 3133 2311 βασίλειον
3177 2242 3494 2312 ἱεράτευμα,
3556 2239 3711 2304 ἔθνος

2124 2332 2301 2400 ἆγιον.
2348 2331 2479 2385 λαὸν
2521 2332 2601 2395 είς
2666 2330 3034 2402 περιποίησιν.
3095 2330 3173 2383 Δι’
3220 2330 3248 2382 δ
3302 2330 3555 2401 δεόμεθα,
3613 2331 3713 2384 καὶ

2126 2422 2551 2495 παρακαλοῦμέν
2598 2439 2679 2487 σε,
2726 2421 3095 2493 φιλάνθρωπε,
3159 2421 3331 2490 ἀγαθὲ
3401 2422 3594 2494 Κύριε,
3633 2422 3713 2493 μὴ

2126 2516 2205 2578 είς
2247 2514 2466 2585 ἔλεγχον
2511 2514 2605 2567 καὶ
2665 2511 2886 2579 ὄνειδος,
2926 2513 3001 2583 μὴ
3054 2513 3133 2575 εἰς
3199 2515 3393 2583 κρῖμα,
3443 2512 3577 2583 μηδὲ
3631 2513 3716 2575 είς

2126 2608 2444 2679 κατάκριμα
2490 2605 2599 2659 τῶν
2659 2605 2943 2676 ἡμετέρων
2992 2603 3276 2677 ἁμαρτιῶν
3341 2603 3626 2675 γενηθήτω
3678 2605 3714 2675 ἡ

2128 2699 2288 2753 θυσία
2314 2699 2473 2771 αύτή’
2522 2697 2664 2769 ὑπὲρ
2716 2697 2823 2769 γὰρ
2848 2701 2865 2719 '
2887 2697 2994 2750 τῶν
3028 2697 3322 2751 ἀσθενειῶν
3366 2696 3522 2768 ἡμῶν
3552 2714 3719 2767 προσ-

2124 2788 2455 2858 ηνέγκαμεν’
2503 2786 2619 2839 ἀλλ’
2644 2785 2833 2857 ὥσπερ
2885 2786 2953 2839 τὰ
2987 2785 3233 2854 πανάγιά
3262 2802 3356 2839 σου
3385 2786 3539 2857 τίμια
3565 2785 3717 2857 δῶρα

2127 2879 2297 2932 ταῦτα
2333 2877 2514 2948 πάσης
2552 2875 2861 2947 ἁγιωσύνης
2900 2876 3180 2947 ἐμπλῆσαι
3219 2876 3590 2949 κατηξίωσας,
3626 2877 3718 2931 διὰ

2127 2971 2227 3039 τῆς
2289 2969 2685 3038 ὲπιφοιτήσεως
2713 2967 2807 3020 τοῦ
2835 2970 3103 3037 παναγίου
3155 2987 3249 3023 σου
3284 2970 3717 3041 Πνεύματος³ὲπ’

2130 3060 2328 3124 αὐτῶν,
2377 3059 2548 3124 οὕτως
2579 3061 2672 3113 καὶ
2723 3060 2879 3131 ἡμῶν
2934 3062 3044 3114 τῶν
3103 3063 3465 3134 ἁμαρτωλῶν,
3516 3063 3719 3117 δούλων

456 3158 703 3228 spiritus,
730 3163 786 3212 et
811 3159 1195 3227 conscientias,
1227 3169 1285 3214 ut
1311 3162 1490 3215 anima
1532 3162 1856 3226 illuminata,
1894 3158 2030 3217 facie

2140 3169 2255 3217 σου,
2315 3152 2540 3219 ἁγιάσαι
2601 3152 2938 3216 καταξίωσον
2972 3152 3070 3216 τὰς
3108 3153 3306 3223 ψυχὰς,
3351 3153 3421 3206 τὰ
3465 3152 3716 3223 σώματα,

455 3262 565 3304 non
595 3248 840 3314 confusa,
866 3253 1029 3306 corde
1049 3265 1207 3320 puro,
1249 3253 1581 3308 conscientia
1606 3254 1909 3324 hypocrisis
1935 3268 2029 3307 va-

457 3354 583 3409 cua,
636 3339 799 3398 labiis
850 3341 1228 3407 sanctiﬁcatis,
1275 3343 1537 3399 charitate
1593 3345 1869 3413 perfecta,
1930 3344 2032 3399 ﬁde

458 3446 675 3497 secura,
693 3434 989 3488 audeamus
1007 3448 1129 3489 cum
1157 3433 1376 3499 fiducia,
1401 3434 1603 3504 absque
1621 3437 1835 3499 timore,
1854 3435 2034 3489 dicere

459 3531 708 3580 sanctam
736 3523 1037 3579 orationem
1063 3537 1222 3593 quam
1266 3525 1539 3579 tradidisti
1562 3526 1767 3581 sanctis
1789 3525 1895 3580 tuis
1921 3525 2035 3580 dis-

386 3640 387 3643 η
459 3614 674 3683 cipulis,
718 3622 774 3670 et
794 3614 967 3670 sacris
990 3614 1272 3684 apostolis,
1306 3615 1532 3672 dicendo
1561 3616 1824 3682 :Quando
1856 3616 2037 3673 orabi-

464 3705 561 3775 tis,
595 3704 652 3761 in
678 3705 822 3761 hunc
844 3705 1063 3761 modum
1093 3713 1279 3761 orate:
1305 3704 1467 3760 Pater
1494 3718 1685 3771 noster,
1715 3717 1821 3761 etc.

540 3963 807 4036 Populus.
832 3964 1239 4033 Sanctiﬁcetur,
1262 3976 1369 4023 etc.

939 4057 1129 4112 Oratio
1156 4059 1263 4113 alia
1293 4060 1588 4129 fractionis.

544 4151 872 4208 Benedictus
891 4164 970 4216 es,
997 4149 1212 4207 Christe
1250 4152 1394 4207 Deus
1421 4153 1758 4222 omnipotens
1783 4153 2040 4209 liberator

468 4242 734 4299 Ecclesiae
769 4251 874 4298 tua:
924 4260 939 4296 :
987 4257 1021 4297 ο
1051 4243 1286 4298 Verbum
1337 4244 1479 4312 quod
1530 4245 1854 4314 cogitatione
1892 4260 2041 4300 asse-

463 4345 723 4405 quuntur,
746 4345 803 4390 et
832 4336 996 4391 homo
1024 4349 1188 4404 quem
1219 4336 1520 4391 intuentur.
1573 4336 1675 4404 Qui
1717 4353 1811 4407 per
1842 4338 2041 4392 incom-

462 4426 880 4495 prehcnsibilem
907 4427 1331 4481 incarnationem
1353 4437 1519 4496 tuam,
1545 4443 1720 4497 pracpa
1732 4429 1857 4483 rasti
1888 4428 2040 4483 nobis

464 4534 661 4589 panem
693 4518 991 4585 caelestem,
1020 4518 1121 4575 hoc
1145 4534 1339 4589 corpus
1372 4530 1522 4575 tuum
1549 4522 1689 4589 quod
1714 4521 2037 4575 constituisti

466 4612 522 4667 in
552 4619 913 4676 sacramento,
939 4612 1343 4665 sanctissimum
1375 4612 1426 4665 in
1460 4613 1733 4667 omnibus.
1780 4612 2039 4667 Miscuisti

470 4703 629 4757 nobis
663 4702 888 4757 calicem
920 4717 988 4756 ex
1035 4702 1144 4757 vite
1199 4717 1349 4767 vera,
1388 4703 1571 4757 divino
1617 4704 1827 4757 scilicet
1880 4712 2043 4773 atque

469 4792 824 4847 immaculato
882 4792 1055 4845 latere
1091 4802 1202 4846 tuo.
1257 4793 1357 4858 Qui
1418 4803 1698 4863 postquam
1728 4796 2044 4850 tradidisses

469 4882 748 4954 Spiritum,
788 4898 854 4936 ex
912 4884 1100 4937 eodem
1141 4883 1314 4937 latere
1371 4884 1603 4939 ell‘udisti
1637 4887 1950 4955 sanguinem
1990 4896 2045 4942 et

472 4989 694 5044 aquam,
732 4974 785 5027 in
815 4973 1010 5042 quibus
1049 4973 1408 5028 sanctiﬁcatio
1436 4984 1579 5029 esset
1611 4977 1865 5033 universo
1890 4994 2044 5033 mun-

473 5067 564 5120 do.
592 5064 816 5121 Posside
849 5078 967 5129 nos,
994 5065 1132 5121 bone
1149 5065 1398 5131 Domine,
1426 5065 1673 5136 indignos
1699 5082 1881 5123 servos
1903 5079 2040 5124 tuos:

474 5156 564 5209 fac
592 5169 691 5209 nos
718 5154 975 5224 populum
999 5155 1396 5225 acquisitionis,
1432 5156 1612 5228 regale
1659 5160 2042 5224 sacerdotium,

473 5257 688 5317 gentem
747 5255 1013 5302 sanctam.
1049 5246 1338 5302 Sanctiﬁca
1373 5240 1534 5303 etiam
1563 5264 1680 5313 nos,
1715 5248 1877 5314 Deus,
1906 5251 2048 5305 sicut

479 5338 839 5394 sanctiﬁcasti
881 5338 1156 5408 proposita
1212 5339 1327 5395 haec
1365 5349 1551 5395 sancta
1606 5354 1851 5405 munera,
1879 5349 1931 5396 et
1969 5342 2047 5394 te—

477 5431 598 5486 cisti
662 5445 726 5486 ea
784 5431 1081 5488 invisibilia
1134 5446 1199 5488 ex
1249 5432 1574 5497 visibilibus,
1624 5433 1882 5503 mysteria
1927 5449 2047 5502 quae

480 5522 627 5579 solus
683 5524 963 5593 intelligis,
1006 5525 1233 5581 Domine
1284 5524 1427 5582 Deus
1466 5533 1519 5581 et
1570 5524 1818 5581 Salvator
1864 5534 2049 5581 noster

551 5633 664 5701 (26)
704 5634 1016 5691 Benedictus
1041 5654 1120 5703 es,
1152 5634 1353 5691 Christe
1378 5636 1520 5691 Deus
1559 5645 1749 5691 noster.
1775 5635 1907 5691 Cum
1930 5636 2046 5692 haec

483 5704 657 5760 oratio
679 5708 883 5775 legatur
914 5709 966 5763 in
1017 5708 1241 5780 Coptica
1291 5707 1608 5779 exemplari,
1651 5706 1815 5765 multa
1845 5709 2043 5778 quaeitt

2138 3243 2206 3297 τὰ
2257 3242 2567 3314 πνεύματα,
2619 3242 2718 3306 τὰς
2769 3243 3119 3315 συνειδήσεις,
3153 3245 3301 3307 ὅπως
3332 3242 3719 3314 πεφωτισμένῃ

2139 3333 2304 3405 ψυχῇ,
2331 3333 2741 3405 ἀνεπαισχύντῳ
2776 3333 3070 3406 προσώπῳ,
3103 3335 3301 3406 καρδία
3336 3334 3571 3405 καθαρᾷ,
3601 3350 3723 3387 συν-

2141 3425 2344 3495 ειδήσει
2397 3424 2763 3495 ἀνυποκρίτῳ,
2818 3424 3169 3495 ἡγιασμένοις
3224 3422 3719 3493 χείλεσιν,’ἀγάπῃ

2142 3514 2350 3586 τελείᾳ,
2402 3514 2577 3569 ἐλπίδι
2639 3513 2890 3582 ἀσφαλεῖ,
2956 3513 3245 3583 τολμῶμεν
3309 3512 3445 3581 μετὰ
3505 3514 3723 3584 παρρη-

2145 3606 2286 3671 σίας,
2316 3604 2444 3659 ἀνευ
2478 3604 2665 3674 φόϐου,
2719 3603 2897 3672 λέγειν
2929 3604 3027 3674 τὴν
3068 3605 3228 3671 ἁγίαν
3281 3605 3609 3676 προσευχὴν,
3652 3606 3722 3676 ἣν

2148 3698 2457 3769 μετέδωκας
2493 3699 2605 3760 τοῖς
2654 3695 2803 3759 ἰδίοις
2860 3698 2973 3760 τοῖς
3001 3696 3177 3765 ἁγίοις
3209 3714 3300 3749 σου
3332 3697 3595 3767 μαθηταῖς
3627 3698 3724 3751 καὶ

2146 3790 2309 3860 ἱεροῖς
2362 3788 2701 3850 ἀποστόλοις.
2731 3788 2900 3847 Ὅταν
2935 3788 3334 3859 προσεύχησθε,
3372 3787 3544 3852 οὕτως
3562 3806 3725 3860 προσο

2146 3877 2365 3948 εύχεσθε
2398 3878 2577 3947 ὑμεῖς.
2604 3877 2797 3945 Πάτερ
2817 3877 3004 3946 ἡμῶν,
3038 3896 3091 3933 κ.
3125 3896 3175 3934 τ.
3209 3879 3257 3932 λ.

2229 3970 2289 4022 '0
2323 3968 2473 4035 λαός
2504 3968 2689 4038 λέγει.
2731 3968 3091 4040 Ἁγιασθήτω.

2531 4060 2699 4129 Εὑχὴ
2718 4060 2877 4128 ἄλλη
2910 4061 3021 4129 τῆς
3043 4061 3328 4129 κλάσεως.

2222 4151 2522 4223 Εὐλογητὸς
2555 4148 2624 4218 εἴ,
2680 4152 2880 4223 Χριστὲ
2905 4152 2961 4203 '6
3012 4152 3165 4218 Θεὸς,
3230 4156 3259 4207 6
3304 4154 3724 4226 παντοκράτωρ,

2145 4246 2174 4298 6
2212 4244 2489 4315 λυτρωτὴς
2533 4243 2632 4313 τῆς
2695 4243 2888 4298 ἑαυτοῦ
2954 4245 3298 4317 Ἐκκλησίαςσ
3357 4241 3403 4300 ὧ
3458 4248 3617 4316 Λόγε,
3664 4247 3725 4300 δν

2147 4336 2463 4410 προνοοῦσιν
2500 4335 2681 4402 αὑτὸν,
2741 4336 2836 4389 καὶ
2888 4336 3163 4409 ἄνθρωπε,
3202 4337 3262 4391 ὃν
3318 4338 3723 4410 προθεωροῦσιν

2149 4428 2328 4484 αὐτόν.
2374 4429 2433 4481 '0
2487 4427 2576 4480 διά
2615 4428 2712 4499 τῆς
2742 4428 3127 4498 ἀκαταλήπτου
3164 4428 3327 4482 αύτοῦ
3371 4431 3721 4502 σαρκώσεως,

2145 4520 2437 4590 ἑτοιμάσας
2496 4520 2627 4590 ἡμῖν
2681 4519 2842 4591 ἄρτον
2903 4520 3240 4592 ἐπουράνιον,
3287 4521 3443 4576 τοῦτο
3468 4523 3529 4576 τὸ
3564 4524 3724 4593 σῶμά

2145 4629 2259 4674 σου,
2305 4611 2363 4664 ὃν
2391 4610 2512 4663 ἔθου
2558 4612 2616 4666 έν
2667 4612 2992 4682 μυστήριον·
3025 4612 3121 4666 καὶ
3169 4613 3434 4681 πανάγιον
3499 4616 3558 4667 ὲν
3610 4617 3723 4678 τοῖς

2144 4702 2367 4756 ἅπασιν.
2425 4702 2723 4774 Ἐκὲρασας
2764 4705 2894 4772 ἡμῖν
2926 4705 3179 4775 ποτήριον
3206 4703 3266 4767 ἐξ
3311 4705 3556 4774 ἀμπέλου
3589 4705 3721 4776 ἀλη-

2145 4793 2314 4859 θείας,
2362 4794 2427 4846 ἐκ
2468 4793 2615 4857 θείας
2639 4794 2733 4847 καὶ
2783 4794 3054 4864 ἀχράντου
3090 4812 3180 4848 σου
3222 4796 3480 4868 πλευρᾶς.
3541 4796 3601 4851 Ὀ
3629 4797 3723 4851 καὶ

2149 4885 2285 4957 μετὰ
2312 4884 2598 4938 δεδωκέναι
2631 4886 2691 4937 τὸ
2728 4884 2941 4955 πνεῦμα
2991 4886 3197 4957 ὲκχέων
3246 4887 3306 4953 ἐξ
3357 4889 3526 4959 αὐτῆς
3584 4884 3721 4961 αἷμα

2145 4980 2241 5034 καὶ
2298 4979 2461 5051 ὓδωρ,
2512 4974 2593 5043 οἷς
2616 4980 2885 5050 ἁγιασμὸς
2912 4980 2990 5050 τῷ
3049 4981 3237 5052 κόσμῳ
3289 4981 3469 5036 παντί.
3510 4984 3723 5053 Κτῆσαι

2147 5073 2313 5142 ἡμᾶς,
2364 5071 2533 5140 ἀγαθὲ
2588 5072 2782 5142 Κύριε,
2848 5073 2974 5135 τοὺς
3028 5071 3278 5137 ἀναξίους
3345 5073 3563 5138 δούλους
3608 5090 3719 5128 σου’

2147 5161 2373 5234 ποίησον
2416 5165 2562 5234 ἡμᾶς
2582 5162 2709 5216 λαὸν
2738 5162 3067 5234 περιούσιον,
3100 5163 3369 5234 βασίλειον
3405 5167 3721 5238 ἱεράτευμα,

2146 5252 2296 5316 ἔθνος
2330 5251 2500 5320 ἅγιον.
2568 5251 2818 5321 Ἀγίασον
2875 5254 2969 5306 καὶ
3016 5256 3184 5325 ἡμᾶς,
3242 5257 3270 5309 6
3325 5256 3474 5321 Θεὸς,
3535 5257 3724 5329 ὥσπερ

2147 5346 2381 5417 ἡγίασας
2438 5344 2507 5397 τὰ
2540 5345 2872 5416 προκείμενα
2931 5346 3025 5399 καὶ
3072 5346 3200 5415 ἅγια
3238 5347 3387 5418 δῶρα
3410 5347 3600 5412 ταῦτα,
3632 5349 3726 5402 καὶ

2149 5439 2410 5508 ἐποίησας
2465 5438 2603 5492 αύτά
2654 5439 2858 5509 ἀόρατα
2908 5440 2974 5492 ἐκ
3012 5439 3120 5493 τῶν
3162 5440 3393 5509 ὁρατῶν,
3456 5443 3727 5512 μυστήρια

2148 5522 2242 5583 ὧν⁶
2277 5527 2609 5599 προνοοῦσιν,
2669 5528 2806 5580 αύτά
2857 5545 2958 5593 σοι,
2996 5528 3164 5600 Κύριε
3209 5529 3237 5580 6
3272 5529 3424 5594 Θεὸς,
3477 5530 3506 5581 6
3538 5528 3727 5600 Σωτὴρ

2152 5653 2216 5694 ea
2249 5639 2534 5710 observant
2571 5636 2889 5703 dignissima
2926 5645 3073 5710 sunt,
3116 5636 3466 5710 exposuimus
3499 5638 3553 5693 iu
3584 5638 3729 5694 nOtis

2153 5711 2221 5767 ad
2246 5708 2491 5766 eumdem
2523 5707 2719 5774 locum,
2745 5724 2877 5776 quas
2910 5708 3046 5763 vide.
