4100 6276
343 285 470 342 ηαδ.

1266 283 1594 339 ιιινιυιιίιιελ
1638 287 1694 341 s.
1732 284 2058 340 t;ttl~‘.GORll
2099 261 2621 344 Abt-ZXANDIHNA.

3506 294 3617 351 7'36

344 399 510 470 ἡμῶν
567 397 773 469 Ἰησοῦς
825 398 1081 468 Χριστός.
1132 399 1202 451 Σὺ
1268 397 1382 462 οὖν,
1447 401 1639 471 Κύριε,
1705 400 1790 453 διὰ
1844 400 1930 468 τῆς

2044 399 2168 454 Jesu
2199 401 2432 455 Christe.
2471 401 2760 471 Τιι·ἰεῐιυι·,
2791 403 3028 468 Domine,
3081 419 3176 473 per
3205 403 3427 459 multam
3460 413 3605 460 tuam

345 492 551 562 πολλῆς
609 507 701 544 σου
731 489 1132 561 εὐσπλαγχνίας
1155 491 1491 557 κατηξίωσας
1523 495 1668 564 ἡμᾶς
1707 493 1792 545 διὰ
1844 491 1936 544 τοῦ

346 583 730 655 βαπτῖυματος
767 582 1020 650 γενέσθαι
1077 584 1157 646 εἰς
1196 585 1346 648 υἱοὺς
1407 585 1500 637 καὶ
1546 584 1931 656 κληρονόμους.

356 675 642 740 Ἐδίδαξας
695 675 846 744 ἡμᾶς
875 673 967 726 τὸν
992 673 1161 726 τύπον
1207 674 1306 744 τῆς
1368 677 1675 746 προσευχῆς
1707 677 1765 739 ὃς
1790 679 1936 728 ἐστιν

349 764 753 835 ἐμμυστὴριος,
780 761 873 815 τοῦ
911 761 1306 831 προσεύχεσθαι
1341 765 1398 814 ἐν
1441 763 1574 833 αὐτῇ
1607 763 1699 815 τὸν
1740 763 1936 834 ἄχραν-

340 856 444 909 τὸν
496 873 592 908 σου
627 854 869 925 Πατέρα.
933 855 1005 906 Σὺ
1040 850 1133 906 οὗν
1187 853 1282 906 καὶ
1323 853 1439 916 νῦν,
1479 853 1715 907 δέσποτα
1742 854 1933 925 Κύριε,

344 945 688 1009 καταξίωσον
734 945 880 1014 ἡμᾶς
912 946 970 997 ἐν
999 945 1304 1016 ἁγιασμένῃ
1342 945 1664 1018 συνειδήσει,
1721 947 1811 998 καὶ
1851 946 1938 998 λο-

343 1036 536 1106 γισμῷ
601 1035 792 1104 ἀγαθῷ
846 1035 905 1088 ὃν
952 1035 1266 1105 πρέπει.....
1326 1035 1475 1105 πόθῳ
1511 1036 1605 1089 καὶ
1654 1035 1937 1107 παρρησία

343 1127 528 1198 ἀγαθῇ
586 1127 790 1197 τολμᾷν
846 1125 1222 1179 ἐπικαλεῖσθαι
1281 1125 1370 1178 τὸν
1417 1127 1474 1178 ἐν
1523 1127 1636 1188 τοῖς
1690 1125 1937 1197 οὐρανοῖς

345 1222 505 1289 ἅγιον
541 1219 694 1281 Θεὸν,
745 1217 964 1288 Πατέρα
987 1234 1101 1280 σου,
1125 1217 1218 1270 καὶ
1243 1216 1441 1285 λέγειν.

433 1312 488 1362 Ὀ
517 1308 669 1374 λαὸς
699 1305 879 1375 ⁸ὶέγει.
917 1307 1098 1377 Πάτερ
1133 1305 1308 1376 ἡμῶν.
1343 1305 1452 1358 Καὶ
1477 1304 1628 1375 μετὰ
1657 1303 1724 1358 τὸ
1756 1304 1936 1376 Πάτερ

344 1402 509 1474 ἡμῶν
547 1406 579 1456 ὀ
613 1402 804 1472 Ιερεὺς
830 1401 1014 1473 λέγει.

418 1496 550 1559 Ναὶ,
580 1495 775 1566 Κύριε,
806 1493 1000 1566 Κύριε,
1051 1495 1080 1547 ὁ
1135 1492 1386 1556 δεδωκὼς
1415 1494 1546 1564 ἡμῖν
1568 1491 1663 1562 τὴν
1690 1490 1936 1558 ἐξουσίαν

344 1588 441 1641 τοῦ
469 1590 658 1640 πατεῖν
686 1587 869 1641 ἐπάνω
899 1587 1075 1656 ὄφεων
1113 1585 1208 1639 καὶ
1261 1585 1557 1656 σκορπίων,
1595 1584 1687 1637 καὶ
1711 1584 1802 1635 ἐπὶ
1835 1585 1937 1637 πᾶ-

347 1689 450 1724 σαν
479 1671 707 1744 δύναμιν
727 1672 819 1726 τοῦ
863 1672 1082 1744 ἐχθροῦ,
1117 1671 1404 1744 σύντριψον
1435 1673 1529 1726 καὶ
1563 1671 1936 1738 καθυπόταξον

2045 491 2476 547 misericordiam
2509 503 2768 562 pnestare
2814 495 2968 549 nobis
2999 494 3251 564 dignatus
3300 509 3380 560 es,
3431 507 3489 550 ut
3520 511 3615 565 per

2043 585 2366 654 baptismum
2413 585 2750 641 elﬁceremur
2803 587 2892 660 ﬁlii
2945 596 2997 641 et
3053 588 3314 640 haeredes.
3376 588 3612 642 Docuisti

2053 691 2150 732 nos
2176 676 2404 731 formam
2435 678 2698 732 orationis
2732 680 3038 750 mysticam,
3066 695 3170 747 qua
3200 693 3480 733 oraretuus
3513 680 3614 734 im-

2047 769 2376 823 maculatum
2431 767 2647 823 Patrem
2711 778 2882 824 tuum.
2932 768 3009 822 Tu
3069 784 3198 838 ergo
3248 769 3608 836 etiamnunc,

2045 858 2360 912 Dominator
2386 859 2632 925 Domine,
2667 859 2858 929 dignos
2885 857 3034 913 emce
3067 874 3187 924 nos,
3232 869 3291 913 ut
3338 876 3457 914 cum
3484 876 3612 915 con-

2043 950 2276 1003 scientia
2305 949 2664 1014 sanetiticata,
2701 958 2756 1003 et
2809 960 2990 1002 mente
3039 949 3176 1003 bona
3244 950 3420 1018 qualis
3473 951 3614 1008 ﬁlios

2043 1039 2214 1101 decet,
2255 1055 2376 1093 cum
2407 1040 2697 1106 desiderio,
2725 1051 2779 1092 et
2807 1039 3002 1092 ﬁducia
3031 1038 3171 1092 bona
3202 1022 3498 1094 audeamus
3528 1041 3615 1094 in-

2045 1145 2262 1199 vocare,
2301 1131 2392 1202 qui
2422 1130 2694 1186 in'cmlis
2745 1139 2828 1185 est
2885 1138 3130 1185 sanetum
3187 1129 3353 1185 Deum
3401 1129 3614 1184 Patrem

2047 1232 2223 1287 tuum,
2249 1233 2302 1276 et
2328 1222 2529 1277 dicere.

2116 1313 2371 1383 Populus.
2399 1314 2558 1370 Pater
2592 1324 2774 1369 noster
2796 1356 2809 1378 ,
2837 1325 2883 1369 et
2923 1326 3258 1383 posteaquam
3298 1315 3512 1371 recitata
3540 1328 3614 1372 cst

2045 1404 2230 1460 Oratio
2262 1405 2558 1472 Dominica,
2585 1408 2829 1461 sacerdos
2852 1408 3000 1462 dicit.

2114 1497 2213 1562 Ita,
2260 1497 2485 1551 Domine
2512 1513 2525 1550 :
2557 1496 2807 1564 Domine,
2840 1499 2930 1568 qui
2962 1498 3155 1553 dedisti
3196 1498 3350 1552 nobis
3375 1506 3616 1568 potesta—

2045 1598 2150 1643 tem
2183 1588 2426 1643 calcandi
2458 1598 2735 1658 serpentes
2761 1599 2814 1643 et
2856 1591 3120 1658 scorpios,
3176 1603 3497 1658 omnemque
3519 1603 3616 1657 po-

2045 1675 2294 1735 testatein
2329 1679 2559 1746 inimici,
2585 1689 2809 1735 contere
2837 1689 2892 1734 et
2921 1681 3123 1747 subjice
3153 1681 3328 1750 capita
3365 1681 3614 1735 inimico-

343 1763 450 1827 τὰς
472 1763 714 1832 κεφαλὰς
737 1764 844 1816 τῶν
880 1764 1089 1836 ἐχθρῶν
1137 1764 1293 1835 ἡμῶν
1322 1764 1426 1816 ὑπὸ
1478 1765 1602 1828 τοὺς
1654 1764 1822 1826 πόδας
1876 1765 1930 1817 ἐν

2039 1789 2158 1828 rum
2190 1783 2500 1828 uostrorurn
2527 1775 2626 1829 sub
2679 1775 2906 1843 pedibus
2957 1776 3157 1828 nostris
3190 1775 3467 1838 velociter,
3497 1788 3615 1828 om-

344 1857 525 1928 τὸιχει,
565 1859 660 1911 καὶ
713 1859 892 1912 πᾶσαν
935 1857 1032 1929 τὴν
1085 1857 1408 1927 κακότεχνον
1469 1856 1647 1910 αὐτῶν
1693 1856 1936 1910 ἐπίνοιαν

343 1951 450 2020 τὴν
485 1949 610 2003 καθ’
637 1950 795 2020 ἡμῶν
821 1949 1304 2014 διασκέδασον,‹ὄτι
1333 1949 1398 2001 σὺ
1433 1943 1483 2000 εἷ
1529 1947 1779 2018 βασιλεὺς
1806 1949 1937 2017 ἡμε-

343 2043 558 2113 τέρων”
605 2042 844 2104 πάντων,
892 2041 1094 2107 Χριστὲ
1125 2043 1152 2094 ὁ
1181 2040 1332 2102 Θεὸς
1369 2039 1461 2093 καί
1519 2039 1600 2091 σοὶ
1638 2037 1734 2108 τὴν
1781 2038 1937 2103 δόξαν

346 2134 442 2186 καὶ
465 2134 563 2203 τὴν
592 2133 970 2204 εύχαριστείαν
994 2131 1087 2185 καὶ
1143 2131 1240 2201 τὴν
1291 2129 1658 2201 προσκύνησιν
1686 2129 1935 2200 ἀναπέμ-

347 2241 549 2294 πομεν,
583 2224 705 2278 καθ’
759 2224 1000 2293 ἑκάστην
1027 2223 1262 2294 ἡμέραν,
1323 2225 1421 2276 σὺν
1467 2223 1542 2295 τῷ
1598 2224 1818 2296 ἀνάρχῳ
1844 2242 1934 2278 σου

346 2314 548 2384 Πατρὶ,
597 2314 690 2366 καὶ
718 2312 794 2383 τῷ
848 2315 986 2383 ἁγίῳ
1015 2311 1313 2383 Πνεύματι,
1351 2311 1464 2378 νῦν,
1498 2330 1550 2367 κ.
1586 2331 1638 2368 τ.
1665 2313 1712 2367 λ.

430 2405 493 2458 '0
519 2405 800 2472 διάκονος
826 2406 1007 2476 λέγει.
1046 2404 1156 2468 Τὰς
1173 2405 1415 2474 κεφαλὰς
1445 2406 1614 2476 ὑμῶν.

705 2501 788 2554 Εὐ
794 2499 873 2568 χὴ
925 2497 1034 2567 τῆς
1085 2499 1579 2568 κεφαλοκλισίας.

427 2590 486 2647 Ὀ
518 2592 705 2655 κλίνας
736 2591 997 2662 οὐρανοὺς
1029 2592 1124 2644 καὶ
1146 2590 1424 2644 κατελθὼν
1459 2591 1550 2643 ἐπὶ
1589 2590 1686 2660 τῆς
1711 2589 1833 2660 γῆς,
1858 2590 1936 2652 εἰς

346 2685 624 2759 σωτηρίαν
657 2683 752 2736 τοῦ
803 2683 994 2751 γένους
1023 2681 1132 2734 τῶν
1155 2680 1474 2752 ἀνθρώπων,
1505 2683 1532 2733 ὀ
1573 2680 1670 2750 τῆς
1704 2681 1801 2750 σῆς
1835 2678 1935 2749 χά-

352 2797 497 2854 ριτος
557 2778 738 2830 πᾶσαν
803 2772 1126 2841 ἐξαπλώσας
1191 2773 1289 2844 τὴν
1347 2772 1620 2842 εὐθηνίαν·
1687 2773 1715 2824 ό
1771 2771 1936 2825 ποιῶν

349 2873 527 2927 πάντα
565 2869 705 2940 ὑπὲρ
741 2869 806 2920 ἐκ
834 2865 1119 2938 περισσοῦ,
1161 2861 1235 2919 ὧν
1280 2864 1654 2936 αἰτούμεθα,ἣ
1687 2863 1931 2935 νοοῦμεν·

350 2961 724 3033 φιλάνθρωπε,
792 2959 986 3028 ἀγαθὲ,
1040 2957 1278 3011 ἔκτεινόν
1331 2975 1426 3010 σου
1475 2957 1572 3027 τὴν
1633 2959 1790 3028 χεῖρα
1837 2956 1936 3026 τὴν

349 3055 597 3126 ἀόρατον,
637 3052 736 3123 τὴν
771 3049 1162 3120 εὐλογημένην,
1215 3047 1312 3120 τὴν
1363 3047 1564 3119 μεστὴν
1614 3037 1794 3111 ἐλέους
1841 3049 1936 3100 καὶ

2040 1880 2272 1934 nemque
2304 1865 2548 1921 dolosam
2588 1882 2774 1922 eorum
2808 1868 3067 1922 adversus
3099 1883 3196 1921 nos
3233 1867 3615 1934 cogitationem

2040 1956 2263 2024 dissipa,
2287 1959 2542 2025 quoniam
2571 1967 2623 2012 tu
2651 1973 2706 2012 es
2724 1957 2837 2012 Rex
2859 1957 3096 2024 omnium
3118 1966 3383 2020 nostrum,
3405 1955 3616 2010 Christe

2041 2046 2219 2112 Deus;
2279 2049 2485 2118 tibique
2515 2049 2763 2118 gloriam,
2815 2059 2869 2104 et
2908 2050 3209 2120 gratiarum
3263 2049 3534 2103 actionem
3561 2058 3616 2103 et

2041 2139 2422 2195 adorationem
2451 2141 2689 2211 quotidie
2719 2140 3020 2209 offerimus,
3047 2141 3311 2209 simulque
3341 2139 3487 2194 Patri
3523 2149 3615 2196 tuo

2039 2232 2127 2300 qui
2156 2231 2272 2287 sine
2299 2232 2562 2303 principio
2591 2241 2694 2298 est,
2722 2244 2776 2288 et
2806 2243 2993 2288 sancto
3026 2231 3272 2302 Spiritui,
3304 2247 3466 2295 nunc,
3499 2240 3606 2286 etc.

2118 2410 2405 2467 Diaconus.
2435 2413 2695 2468 inclinate
2719 2413 2897 2482 capita
2921 2423 3120 2481 vestra,
3148 2423 3254 2468 etc.

2418 2503 2605 2557 Oratio
2635 2503 2999 2558 inclinationis
3033 2505 3240 2572 capitis.

2112 2591 2212 2659 Qui
2263 2593 2530 2649 inclinans
2581 2594 2749 2649 (03105
2799 2596 3123 2650 descendisti
3194 2595 3248 2648 in
3299 2593 3618 2659 terram,ad

2039 2685 2264 2740 salutem
2313 2687 2531 2742 humani
2591 2689 2826 2758 generis,
2878 2688 2968 2758 qui
3016 2687 3204 2758 gratim
3261 2695 3363 2741 tua:
3399 2700 3617 2740 omnem

2040 2775 2429 2830 abundantiam
2459 2777 2740 2846 explicasu
2771 2794 2783 2830 :
2813 2777 2903 2846 qui
2949 2777 3126 2831 omnia
3178 2774 3313 2829 iacis
3335 2774 3618 2827 abundan-

2041 2869 2145 2923 tius
2167 2884 2328 2938 quam
2385 2869 2617 2937 petimus
2664 2878 2716 2924 et
2746 2870 3086 2936 cogitamus:
3147 2867 3412 2935 benigne,
3455 2865 3616 2927 bone,

2038 2961 2269 3014 extende
2299 2977 2513 3014 manum
2548 2970 2690 3015 tuam
2720 2961 3043 3015 invisibilem
3071 3003 3084 3027 ,
3115 2959 3474 3020 benedictam,
3504 2957 3617 3024 ple-

2040 3066 2165 3105 nam
2198 3053 2591 3107 misericordize
2637 3063 2688 3107 et
2738 3053 3172 3118 miscrationum,
3202 3061 3254 3104 et
3283 3049 3610 3104 benedicens

348 3143 667 3216 οἰκτιρμῶν,
701 3141 1047 3210 καὶεύλογῶν
1082 3139 1376 3211 εὐλόγησον
1410 3139 1536 3202 τοὺς
1569 3131 1786 3202 δούλους
1817 3155 1930 3202 σου,

2040 3144 2267 3200 benedic
2297 3145 2468 3200 servis
2503 3146 2628 3211 tuis,
2661 3154 2862 3215 eosque
2894 3145 3090 3198 munda
3124 3145 3190 3198 ab
3229 3143 3373 3197 omni
3428 3141 3612 3210 inqui-

349 3235 441 3288 καὶ
465 3233 763 3304 καθάρισον
795 3231 995 3294 αὐτοὺς
1039 3231 1148 3282 ἀπὸ
1187 3230 1388 3294 παντὸς
1419 3227 1698 3299 μολυσμοῦ
1735 3227 1935 3297 σαρκὸς

349 3325 443 3379 καὶ
478 3323 804 3394 πνεύματος·
851 3324 945 3377 καὶ
975 3323 1198 3392 ποίησον
1222 3323 1368 3392 ἡμᾶς
1400 3322 1660 3392 μετόχους
1694 3322 1784 3372 καὶ
1807 3336 1936 3372 συσ-

351 3416 565 3488 σὼμους
614 3415 865 3483 γενέσθαι
923 3419 989 3487 τῇ
1045 3418 1110 3487 σῇ
1160 3414 1363 3485 χάριτι,
1407 3414 1553 3475 ὅπως
1595 3414 1652 3465 ἐν
1690 3412 1934 3483 ἁγιότητι

347 3509 442 3561 καὶ
494 3506 814 3577 δικαιοσύνῃ
861 3523 941 3560 σοι
988 3506 1088 3578 τὴν
1141 3505 1349 3559 ἱκεσίαν
1397 3503 1812 3576 προσάγοντες¹,
1841 3502 1936 3556 καὶ

348 3603 432 3654 σοὶ
465 3600 666 3672 πρέπει
697 3601 848 3652 πᾶσα
897 3598 1041 3663 δόξα,
1089 3595 1450 3668 μεγαλοσύνη,
1478 3595 1679 3667 κράτος
1726 3612 1785 3648 τε
1842 3595 1936 3648 καὶ

348 3694 584 3758 ἐξουσία,
624 3694 740 3764 ἅμα
767 3692 845 3762 τῷ
875 3681 1130 3762 ἀχράντῴ
1161 3709 1253 3745 σου
1297 3690 1491 3760 Πατρὶ,
1547 3689 1640 3742 καὶ
1688 3687 1765 3759 τῷ
1794 3688 1934 3759 ἁγιῳ

348 3787 646 3856 Πνεύματι,
679 3784 796 3849 νῦν,
827 3801 880 3838 κ.
913 3801 964 3837 τ.
997 3784 1048 3837 λ.

722 3939 724 3941 γ
807 3875 976 3944 Εἰ)χὴ
1027 3876 1187 3943 ἄλλη
1239 3877 1472 3945 ὁμοίως.

419 3969 685 4039 Πρόσχες,
725 3965 896 4037 Κύριε
935 3966 1108 4035 Ἰησοῦ
1149 3966 1350 4036 Χριστὲ
1399 3969 1426 4020 ὁ
1461 3966 1593 4029 Θεὸς
1627 3966 1805 4037 ἡμῶν,
1872 3965 1931 4030 ἐξ

349 4059 502 4128 ἁγίου
556 4057 650 4110 τοῦ
685 4057 1106 4128 κατοικητηρίου
1156 4045 1271 4122 σου,
1304 4058 1396 4110 καὶ
1454 4057 1563 4111 ἀπὸ
1595 4057 1783 4130 θρόνου
1831 4058 1931 4128 τῆς

349 4151 629 4222 βασιλείας
690 4167 804 4213 σου,
857 4151 952 4202 καὶ
994 4149 1115 4202 ἐλθέ
1145 4152 1225 4214 εἰς
1256 4149 1317 4202 τὸ
1350 4149 1574 4219 ἁγιάσαι
1604 4152 1752 4221 ἡμᾶς
1806 4151 1931 4213 τοὺς

348 4243 728 4305 ἐπικλίναντάς
781 4259 893 4294 σου.
946 4242 1003 4294 ὐ
1029 4242 1140 4296 ἅνω
1173 4242 1250 4313 τῷ
1302 4243 1470 4312 πατρὶ
1498 4239 1926 4312 συγκαθήμενος,

349 4338 445 4390 καὶ
488 4329 593 4391 ὦδε
642 4337 772 4405 ἡμῖν
811 4335 1060 4407 ἀοράτως
1113 4335 1306 4388 συνών·
1338 4337 1431 4389 καὶ
1480 4335 1813 4399 καταξίωσον
1860 4338 1926 4406 τῇ

2037 3245 2298 3290 namento
2330 3237 2512 3291 carnis
2542 3247 2596 3292 et
2631 3238 2892 3305 spiritus:
2943 3245 2997 3288 et
3056 3236 3138 3288 fac
3190 3249 3285 3286 nos
3324 3231 3615 3300 participes

2039 3344 2161 3384 esse
2188 3339 2242 3382 et
2271 3344 2664 3398 concorporeos
2702 3339 2804 3383 tum
2829 3329 3042 3399 gratiae,
3073 3338 3130 3380 ut
3151 3328 3202 3379 in
3241 3325 3530 3379 sanctitate
3557 3332 3614 3377 et

2032 3417 2241 3487 justitia
2275 3419 2369 3474 tibi
2402 3419 2844 3489 supplicationem
2895 3418 3184 3473 offeramus
3225 3434 3236 3468 :
3272 3424 3325 3469 et
3373 3423 3422 3467 te
3454 3415 3612 3467 decet

2037 3513 2220 3567 omnis
2257 3512 2456 3582 gloria,
2514 3511 2845 3581 magnitudo,
2900 3519 3137 3578 potestas
3190 3519 3243 3562 et
3300 3507 3608 3574 imperium,

2036 3617 2157 3657 cum
2221 3602 2566 3658 immaculato
2647 3609 2738 3657 tuo
2800 3599 2962 3655 Patre
3015 3607 3068 3653 et
3127 3606 3312 3653 saneto
3373 3595 3606 3666 Spiritu,

2035 3709 2197 3758 nunc,
2230 3703 2334 3751 CIC.

2389 3875 2572 3932 Oratio
2597 3875 2705 3929 alia
2736 3873 2983 3928 similiter
3009 3872 3251 3926 dicenda.

2104 3967 2360 4034 Attende,
2417 3967 2641 4022 Domine
2690 3966 2817 4021 Jesu
2869 3966 3082 4020 Christe
3114 3965 3254 4018 Deus
3303 3973 3503 4027 noster,
3538 3978 3606 4018 ex

2033 4072 2220 4118 sancto
2247 4060 2556 4116 babitaculo
2593 4069 2704 4124 tuo,
2729 4069 2781 4113 et
2807 4074 2873 4112 ex
2909 4058 3100 4112 throno
3120 4056 3303 4126 gloria:
3332 4057 3480 4127 regni
3503 4058 3601 4121 tui,

2032 4164 2087 4210 et
2117 4155 2242 4209 veni
2266 4155 2330 4208 ad
2363 4152 2810 4208 sanctiﬁcandum
2841 4166 2941 4204 nos
2959 4151 3047 4219 qui
3071 4151 3390 4205 inelinamur
3421 4164 3602 4203 coram

2035 4252 2105 4300 te.
2141 4244 2240 4311 Qui
2273 4258 2488 4299 sursum
2519 4243 2677 4296 sedes
2706 4257 2827 4294 eum
2880 4241 3059 4304 Patre,
3098 4249 3152 4294 et
3209 4227 3296 4294 hic
3327 4239 3606 4292 nobiscum

2034 4334 2380 4390 invisibiliter
2418 4327 2551 4386 ades
2603 4350 2618 4406 ι
2678 4331 3011 4399 dignareque
3059 4329 3260 4396 potenti
3295 4343 3454 4381 manu
3493 4338 3609 4391 tua,

350 4428 586 4498 κραταιᾷ
610 4443 702 4478 σου
723 4443 804 4496 χει
813 4425 888 4496 pi,
917 4425 1236 4496 μεταδοῦναι
1253 4429 1383 4497 ἡμῖν
1412 4426 1504 4480 τοῦ
1527 4428 1796 4497 ἀχράντου
1823 4425 1929 4479 σώ-

2038 4426 2327 4498 participes
2387 4425 2569 4478 facere
2619 4438 2718 4477 nos
2773 4420 3101 4475 immaculati
3158 4420 3402 4489 corporis
3445 4421 3519 4474 tui
3553 4429 3610 4474 et

351 4520 517 4590 ματότ
572 4536 684 4582 σου,
737 4520 830 4570 καὶ
875 4519 946 4570 δι’
976 4519 1131 4589 ἡμῶν
1186 4519 1349 4571 παντὶ
1398 4517 1475 4587 τῷ
1521 4518 1654 4588 λαῷ.
1707 4519 1778 4583 Συ
1818 4519 1927 4592 γὰρ

348 4605 445 4661 εἷὸ
478 4609 621 4661 κλῶν
645 4608 739 4661 καὶ
790 4607 1088 4678 κλώμενος,
1118 4608 1212 4661 καὶ
1264 4607 1550 4672 ὀίκλςιιστος⁹
1590 4609 1683 4662 καὶ
1715 4609 1798 4661 σοὶ
1831 4609 1927 4681 τὴν

343 4701 500 4766 δόξαν
551 4698 963 4769 ἀναπέμπομεν,
1023 4699 1119 4753 σὺν
1172 4698 1249 4769 τῷ
1297 4699 1491 4769 Πατρὶ,
1541 4700 1632 4752 καὶ
1658 4698 1735 4769 τῷ
1787 4699 1926 4771 ἁγίῳ

347 4791 645 4862 Πνεύματι,
673 4791 787 4855 νῦν,
811 4807 863 4844 κ.
895 4806 945 4842 τ.
977 4789 1028 4844 λ.

345 5083 348 5086 .
421 5038 530 5106 (9.7)
575 5036 853 5092 Sententia
877 5039 1016 5103 haec,
1059 5047 1112 5093 et
1143 5038 1259 5092 alia:
1299 5035 1504 5092 similes
1535 5052 1652 5104 qua:
1688 5037 1738 5091 iu
1769 5037 1920 5094 Cra:-

349 5123 534 5161 eorum
559 5107 1024 5178 Orientaliumque
1051 5109 1204 5164 libris
1242 5108 1441 5177 passim
1475 5117 1788 5172 occurrunt,
1815 5109 1918 5164 illis

347 5179 436 5244 qui
490 5193 672 5230 veram
719 5179 1106 5232 elementorum
1165 5180 1215 5231 in
1273 5192 1468 5246 corpus
1498 5185 1554 5229 et
1599 5179 1918 5246 sanguinem

347 5247 546 5302 Christi
581 5250 1089 5302 transmutationetn
1127 5248 1399 5317 rejiciunt,
1436 5246 1618 5300 venire
1645 5263 1918 5316 nunquam

349 5330 574 5384 possunt
599 5318 651 5370 in
687 5326 917 5371 tuentem
950 5335 963 5372 :
1000 5333 1099 5371 nec
1119 5321 1184 5372 ab
1223 5318 1346 5375 illis,
1375 5331 1692 5385 quacunque
1715 5319 1921 5372 ratione

347 5388 468 5440 illas
501 5397 803 5452 torqueant,
841 5397 1065 5455 possunt
1119 5387 1398 5456 explicari.
1448 5387 1725 5440 Christum
1777 5388 1922 5442 scili-

346 5465 449 5520 cet,
483 5456 785 5511 Orientales
831 5460 880 5510 in
912 5458 1248 5525 Euchqristia
1282 5466 1596 5524 praesentem
1649 5457 1718 5510 ita
1752 5472 1921 5525 agno-

247 5599 256 5607 .
344 5535 608 5607 settttt,_ttt
638 5528 1416 5607 viventem,'saeerdotem'que
1466 5529 1760 5607 secundum
1783 5526 1928 5580 ordi-

347 5611 467 5648 nent
501 5595 914 5660 Melchisedech,
947 5596 1263 5652 Pontilicem
1302 5597 1603 5650 iutururutn
1637 5596 1924 5662 bonorum,

346 5666 442 5736 qui
461 5676 859 5736 sacramentum
884 5669 1025 5735 quod
1068 5668 1178 5735 ipse
1214 5666 1466 5733 instituit,
1496 5668 1777 5736 praesentia
1801 5682 1922 5729 sua,

347 5745 401 5790 et
433 5735 684 5792 ineffabili
709 5741 1024 5807 operatione
1060 5737 1293 5808 Spiritus
1339 5735 1510 5793 sancti
1545 5737 1809 5807 perﬁciat.
1851 5738 1923 5792 Eo

2037 4519 2258 4589 pretiosi
2285 4517 2582 4586 sanguinis,
2610 4523 2667 4569 et
2701 4529 2796 4584 per
2824 4527 2922 4568 nos
2967 4526 3180 4566 omnem
3218 4513 3490 4580 populum.
3525 4511 3604 4564 Tu

2037 4609 2177 4664 enim
2229 4622 2288 4664 es
2321 4608 2412 4677 qui
2451 4605 2657 4674 frangis
2702 4615 2757 4658 et
2807 4603 3094 4672 l‘rangeris,
3130 4600 3375 4670 quamvis
3406 4599 3606 4655 infrac-

2038 4711 2121 4756 tus
2151 4700 2286 4771 (‘27,,
2339 4709 2392 4754 et
2446 4681 2570 4753 tibi.
2600 4696 2827 4766 gloriam
2876 4695 3163 4749 referimus
3208 4707 3328 4746 cum
3367 4691 3527 4748 Patre
3555 4701 3609 4748 et

2037 4800 2225 4847 saneto
2258 4789 2487 4860 Spiritu,
2524 4801 2686 4854 nunc,
2713 4796 2818 4842 etc.

2028 5044 2270 5104 Spectant
2291 5035 2379 5090 illa
2414 5049 2534 5105 quae
2567 5034 2813 5104 superius
2847 5033 3094 5104 leguntur
3122 5047 3135 5085 :
3165 5031 3268 5096 Qui
3297 5031 3595 5105 tuncAbene-

2027 5102 2232 5173 dixisti,
2265 5102 2598 5160 etiam'nunc
2621 5102 2832 5157 Benedic
2869 5102 3026 5173 :‘qui
3065 5113 3187 5155 tunc
3229 5102 3594 5168 sunctiﬁcasti,

2028 5181 2184 5232 etiam
2208 5172 2342 5229 nunc
2366 5175 2678 5242 sancti/ica:
2723 5175 2814 5243 qui
2847 5185 2966 5226 tunc
3002 5172 3222 5241 fregisti,
3258 5173 3416 5243 etiarn
3460 5187 3598 5243 nunc

2029 5249 2249 5316 frange:
2273 5247 2362 5314 qui
2385 5256 2506 5316 tunc
2539 5240 2744 5295 idedisti
2783 5240 3050 5316 discipulis
3084 5240 3134 5316 et
3189 5240 3436 5316 apostolis
3467 5240 3593 5316 tuis,

2028 5307 2185 5370 etimit
2216 5307 2372 5378 nunc,
2391 5313 2632 5376 Domine,
2656 5317 2722 5365 da
2745 5314 2892 5366 nobis
2917 5307 2965 5365 et
2995 5307 3338 5379 onmipopulo
3361 5322 3466 5379 tuo.
3493 5307 3597 5377 lgi-

2025 5399 2109 5442 tur
2144 5386 2395 5441 sacerdos
2424 5394 2714 5451 antequam
2764 5378 3182 5436 eucharisticum
3217 5395 3421 5451 panem
3439 5378 3590 5451 frau-

2021 5465 2131 5527 gat,
2163 5454 2515 5527 quodqfacere
2540 5447 2719 5527 debet,
2759 5453 3042 5527 ut_Ch_risti
3073 5448 3376 5527 exemplum
3410 5447 3588 5500 imite-

2025 5520 2134 5590 Iur,
2158 5520 2280 5579 eum
2311 5525 2544 5585 invocat,
2579 5532 2636 5576 ut
2682 5522 2928 5576 l‘ractioni
2988 5535 3219 5588 praesens
3241 5520 3331 5590 sit,
3360 5531 3591 5590 eamque

2020 5587 2368 5650 sanctilieet:
2424 5608 2596 5660 eaque
2652 5593 2881 5654 ratione,
2937 5587 3184 5644 Christus
3243 5587 3440 5657 frangit
3494 5601 3590 5660 per

2024 5665 2327 5720 sacerdotis
2368 5658 2750 5726 ministerium,
2784 5664 2920 5714 sicut
2949 5660 3215 5713 benedieit
3268 5667 3321 5712 et
3347 5658 3591 5710 sanctill-

2021 5735 2323 5791 catcodem
2382 5734 2522 5788 illius
2568 5733 2885 5788 ministerio.
2936 5729 3071 5783 Cum
3135 5744 3263 5784 vero
3319 5726 3470 5798 panis
3502 5725 3591 5780 ille
