4100 6276
315 305 423 361 729

1268 301 1602 361 LlTURGIA
1644 300 1704 358 S.
1745 298 2077 358 GREGORII
2115 298 2631 359 ALEXANDRINA.

3455 300 3562 361 7'50

314 426 413 479 καὶ
465 422 576 478 τῶν
602 422 714 477 σῶν
762 422 1014 479 ὲντολῶψ
1044 422 1123 477 ἔτι
1150 423 1207 478 δὲ
1236 423 1331 478 καὶ
1362 423 1543 480 πᾶσαν
1573 423 1892 496 συνείδησιν,

2005 424 2407 495 cogitationem,
2440 440 2628 482 omnes
2661 425 2903 483 actiones
2934 435 2989 482 et
3017 432 3192 482 motus
3215 427 3304 498 qui
3336 427 3388 483 in
3410 428 3567 485 nobis

314 516 413 572 καὶ
440 517 621 570 πᾶσαν
646 514 963 587 ἐνθύμησιν,
998 516 1093 571 καὶ
1123 516 1325 580 πάσαις
1343 520 1361 539 ⁶
1393 516 1645 588 πράξεσι,
1671 514 1764 569 καὶ
1792 514 1900 569 πά-

316 625 439 672 σαις
465 609 713 680 κινήσεσι
758 608 1085 678 γεγωνυίαις
1123 609 1181 663 ἐν
1217 608 1453 673 ἑαυτοῖς,
1495 606 1779 680 ἡμερικῶς
1836 622 1898 658 τε

312 700 411 776 ειαὶ
429 698 764 771 νυκτερικῶς
799 700 1053 772 ἐπιδῆσαι
1080 699 1173 753 καὶ
1199 697 1615 772 κατακρατῆσαι
1638 697 1776 751 κατά
1800 696 1900 767 τῆς

311 791 514 862 ψυχῆς.
540 791 651 846 Καὶ
682 789 921 846 ἀθώοσον
948 790 1147 856 αὐτοὺς
1172 790 1282 845 ἀπὸ
1320 792 1502 863 πάσης
1537 787 1898 859 συνειδήσεως

1997 517 2306 572 excitamur
2328 517 2415 572 die
2441 532 2505 572 ac
2538 524 2716 583 nocte,
2752 524 2811 572 ut
2855 517 3092 572 animam
3124 516 3343 588 alligent
3387 527 3440 575 et
3469 534 3565 574 ca-

1997 609 2199 678 ptivam
2248 618 2488 664 teneant.
2537 609 2647 665 Fac
2688 623 2782 666 eos
2836 610 3104 665 immunes
3163 610 3231 664 ah
3262 611 3406 666 omni
3438 626 3569 667 con-

1999 698 2228 756 scientia
2256 715 2438 756 rerum
2465 700 2749 766 malarum,
2774 708 2829 757 et
2856 701 3001 756 omni
3025 700 3241 756 actione
3269 701 3569 757 infructuo-

2001 804 2084 857 sa,
2122 791 2375 862 omnique
2420 793 2743 862 cogitatione
2785 792 3000 848 sordida
3056 807 3243 849 eorum
3290 808 3411 863 qua!
3439 809 3568 863 pro-

312 898 587 954 πονηρων,
621 883 716 937 καὶ
747 876 928 955 πάσης
954 882 1202 956 ἀκάρπου
1247 882 1520 956 πράξεως,
1579 882 1674 935 καὶ
1703 876 1902 942 παντὸς

310 974 576 1046 λογισμοῦ
606 974 1117 1046 πεπυρωμένου.....
1139 978 1160 1000 '
1181 975 1329 1029 ἐστὶν
1362 972 1565 1047 βέὸηλα
1599 972 1750 1045 παρά
1802 970 1902 1044 τὴν

309 1066 415 1138 τῆς
471 1066 652 1139 ψυχῆς
702 1066 1074 1140 καθαρότητα.
1135 1069 1376 1140 Χάρισαι
1437 1065 1618 1122 αὐτῶν
1647 1065 1747 1138 τὴν
1792 1065 1902 1120 τῶν

310 1159 603 1230 ἁμαρτιῶν
658 1158 976 1228 ἐπίγνωσιν,
1026 1159 1121 1214 καὶ
1181 1158 1401 1223 τελείως
1453 1157 1756 1229 ἀπέχεσθαι
1805 1157 1902 1212 ἀπ’

316 1250 526 1305 αὐτῶν.
582 1248 836 1320 Δώρησαι
873 1249 1055 1314 αὐτοῖς
1107 1249 1397 1321 μετανοίας
1418 1249 1755 1319 ἀγνότητοςθ,
1808 1246 1905 1301 καὶ

2002 878 2125 935 fana
2160 880 2341 937 sintet
2364 882 2556 939 animae
2587 883 2808 955 puritati
2833 883 3129 939 contraria.
3169 881 3413 939 Concede
3440 884 3570 955 ipsis

2000 983 2345 1041 peccatorum
2375 976 2723 1045 agnitionem,
2761 985 2929 1046 utque
2950 975 3189 1046 perfecte
3217 976 3283 1032 ab
3307 976 3410 1032 illis
3441 977 3570 1032 abs-

2003 1065 2232 1122 tineant.
2263 1066 2341 1121 Da
2400 1066 2506 1123 illis
2554 1068 2887 1139 poenitentiae
2941 1070 3271 1135 castitatem,
3317 1078 3371 1125 et
3416 1067 3481 1123 ad
3521 1078 3572 1124 te

2002 1158 2405 1215 conversionem
2428 1177 2442 1214 :
2463 1168 2516 1213 tu
2539 1161 2705 1230 enim,
2741 1160 3053 1217 Dominator
3085 1156 3331 1227 Domine,
3369 1175 3573 1231 pauper

2003 1249 2180 1307 factus
2212 1264 2273 1306 es
2299 1249 2622 1319 voluntarie,
2663 1249 2787 1306 dum
2832 1264 3050 1308 carnem
3110 1252 3472 1323 assumpsisti,
3505 1252 3575 1307 ad

312 1341 418 1412 τὴν
452 1340 535 1405 είς
590 1340 651 1394 σὲ
684 1340 1041 1413 ἐπιστροφήν*
1093 1341 1158 1395 σὺ
1215 1341 1345 1413 γάρ,
1402 1341 1647 1394 Δέσποτα
1709 1339 1903 1411 Κύριε,

2005 1341 2218 1411 generis
2241 1341 2408 1397 nostri
2446 1342 2696 1412 salutem,
2733 1342 3118 1399 etconscidisti
3152 1343 3572 1414 chirographum

308 1432 665 1503 ἐπτώχευσας
686 1431 947 1496 ἑκουσίως
981 1434 1040 1486 ὲν
1078 1431 1156 1504 τῷ
1197 1446 1258 1487 σε
1295 1431 1669 1505 σαρκωθῆναι,
1697 1431 1785 1485 διὰ
1805 1429 1903 1501 τὴν

2006 1432 2147 1501 quod
2185 1440 2301 1487 erat
2333 1432 2619 1488 adversum
2673 1448 2791 1499 nos,
2849 1449 2947 1505 per
2975 1433 3275 1489 divinarum
3319 1448 3575 1487 manuum

304 1524 406 1578 τοῦ
435 1524 628 1594 γένους
659 1524 817 1596 ἡμῶν
873 1524 1169 1596 σωτηρίανο
1203 1524 1298 1578 καὶ
1330 1523 1620 1598 διέρῤηξας
1662 1523 1725 1577 τὸ
1779 1522 1903 1576 καθ’

2008 1528 2219 1597 tuarum
2243 1524 2296 1578 in
2330 1537 2493 1579 cruce
2522 1524 2934 1592 expansionem.
2962 1520 3133 1579 Parce
3161 1523 3436 1588 omnibus,
3469 1523 3577 1577 Do-

308 1616 472 1687 ήμῶν
503 1616 890 1687 χειρόγραφον,
942 1615 1031 1669 διὰ
1080 1615 1179 1687 τὴν
1223 1615 1316 1668 ἐπὶ
1367 1615 1461 1669 τοῦ
1492 1612 1737 1687 σταυροῦ
1794 1612 1903 1668 τῶν

2008 1613 2155 1668 mine
2192 1623 2406 1670 amator
2435 1615 2763 1681 animarum,
2800 1618 2926 1685 quia
2958 1614 3137 1668 omnia
3175 1615 3266 1669 tihi
3307 1613 3575 1678 serviunt,

307 1706 472 1760 θείων
502 1724 595 1759 σου
631 1706 903 1778 παλάμων
942 1706 1279 1777 ὲφάπλωσιν.
1308 1708 1495 1761 Φετσαι
1530 1708 1772 1775 πάντων,
1803 1705 1903 1760 Δέ-

2010 1716 2065 1763 et
2102 1723 2131 1761 a
2162 1716 2213 1763 te
2243 1716 2366 1763 sunt
2399 1709 2618 1779 prmmia
2658 1708 2999 1762 liherationis
3033 1718 3251 1770 nostrae,
3283 1722 3386 1760 non
3419 1707 3577 1774 quid-

310 1815 490 1851 σποτα
536 1798 824 1869 φιλόψυχε,
880 1799 962 1852 ὅτι
1011 1798 1082 1852 τὰ
1135 1798 1426 1871 σύμπαντα
1466 1798 1629 1853 δοῦλα
1678 1798 1768 1866 σά,
1811 1798 1903 1852 καὶ

2006 1813 2165 1870 quam
2197 1814 2326 1853 vero
2374 1814 2508 1870 Opus
2568 1814 2827 1854 manuum
2863 1807 3196 1853 nostrarum.
3255 1796 3459 1852 idcirco
3492 1810 3578 1849 re-

307 1890 466 1961 παρά
496 1890 592 1942 σοῦ
623 1891 868 1961 ἡμέτερα
895 1891 1193 1962 ἀφετήρια,
1234 1890 1331 1945 καὶ
1362 1891 1516 1945 οὐδὲν
1562 1890 1671 1944 τῶν
1715 1892 1903 1962 ἐπιτη-

2006 1906 2170 1961 gnum
2235 1899 2384 1945 tuum
2440 1889 2850 1960 glorificamus,
2907 1888 3186 1945 laudamus
3243 1898 3313 1955 te,
3362 1887 3578 1943 Christe

304 1979 397 2031 δευ
409 1980 595 2049 μάτων
613 1978 723 2033 τῶν
751 1978 951 2050 χειρῶν
1001 1979 1179 2050 ἡμῶν·
1206 1979 1274 2032 δι’
1314 1978 1343 2032 ὃ
1374 1979 1472 2051 τὴν
1499 1978 1597 2051 σὴν
1625 1979 1903 2050 βασιλείαν

2005 1980 2148 2037 Deus
2176 1992 2381 2038 noster.
2427 2020 2443 2036 .
2488 2019 2503 2035 .
2546 2020 2562 2037 .
2606 2022 2621 2039 .
2666 2019 2681 2036 .
2722 2018 2739 2035 .

304 2070 608 2142 δοξάζομεν
642 2072 739 2125 καὶ
772 2068 1116 2142 ἀνυμνοῦμέν
1146 2087 1229 2135 σε,
1263 2070 1467 2141 Χριστὲ
1508 2072 1536 2124 ὁ
1563 2070 1694 2135 Θεὸς
1724 2068 1901 2142 ἡμῶν,

306 2161 471 2216 ἅτινα
700 2179 800 2218 ν...
825 2162 988 2218 λου...
1016 2179 1157 2217 ων...
1182 2162 1377 2231 θορων.

290 3862 296 3891 l

379 2253 593 2318 Πάσαις
622 2253 863 2326 ἡμέραις
890 2251 1003 2319 ἕως
1029 2250 1324 2323 αἱρετικῶν
1350 2249 1446 2306 καὶ
1478 2249 1730 2305 ἐθνικῶν.

383 2432 709 2504 Ἐμπλησον
753 2432 900 2503 ἡμᾶς
923 2429 1017 2484 τοῦ
1078 2428 1175 2484 σοῦ
1218 2428 1406 2499 φόϐου,
1454 2430 1548 2484 καὶ
1578 2428 1905 2484 κατεύθυνον

309 2525 397 2589 είς
425 2524 489 2578 τὸ
510 2523 714 2593 ἀγαθόν
745 2540 838 2576 σου
874 2522 1104 2594 θέλημαο
1143 2521 1208 2576 σὺ
1236 2522 1346 2592 γὰρ
1384 2515 1435 2574 εἶ
1463 2523 1492 2575 ό
1540 2521 1671 2585 Θεὸς
1717 2521 1900 2593 ἡμῶν,

309 2616 412 2670 καὶ
455 2615 657 2687 πρέπει
685 2630 767 2667 σοι
818 2613 975 2681 δόξα,
1010 2612 1144 2685 τιμὴ
1171 2614 1265 2666 καὶ
1300 2612 1689 2684 προσκύνησις.

408 2709 471 2763 '0
497 2708 690 2777 ἱερεὺς
716 2704 896 2777 λέγει.
932 2704 1098 2775 Σῶμα
1132 2704 1225 2758 καὶ
1250 2697 1410 2775 αἷμα.

396 2802 461 2855 '0
520 2799 799 2866 διάκονος
835 2796 1018 2868 λέγει.
1070 2795 1226 2851 Μετά
1266 2795 1431 2865 φόϐου
1475 2792 1609 2848 Θεοῦ
1652 2795 1907 2868 πρόσχω-

391 2912 441 2949 ν.
1225 2946 1230 2951 .

487 2983 680 3054 ιερεὺς
717 2982 872 3053 ὑψοῖ
915 2946 1242 3036 Δεσποτικὸν
1271 2980 1369 3035 καὶ
1416 2979 1773 3051 έκφωνήσει·
1825 2980 1907 3035 Τὰ

311 3077 448 3149 ἅγια
474 3079 587 3140 τοῖς
614 3073 807 3144 ἁγίοις.

397 3171 453 3222 '0
492 3167 644 3234 λαός
678 3165 862 3235 λέγει.
897 3162 1071 3237 Κύριε
1100 3162 1341 3235 ἐλέησον.

386 3258 487 3325 Εἷς
515 3261 705 3332 Πατὴρ
736 3258 910 3328 ἅγιος,
928 3251 1007 3321 εἵς
1024 3255 1153 3319 Υἱὸς
1170 3255 1346 3324 ἅγιος,
1387 3255 1446 3309 ἒν
1476 3253 1700 3325 Πνεῦμα
1728 3254 1905 3323 ἆγιον.

323 3357 531 3427 Ἀμήν.

399 3449 464 3501 '0
488 3446 682 3515 ἱερεὺς
701 3445 884 3513 λέγει.
930 3442 988 3495 '0
1028 3439 1234 3512 Κύριος
1292 3439 1431 3510 μετὰ
1458 3440 1674 3492 πάντων
1731 3437 1905 3508 ὑμῶν.

400 3540 455 3591 Ὁ
502 3537 652 3602 λαὸς
667 3533 849 3602 λέγει.
885 3532 994 3585 Καὶ
1024 3530 1162 3602 μετὰ
1186 3528 1279 3583 τοῦ
1310 3528 1617 3600 πνεύματός
1650 3547 1763 3583 σου.

403 3631 464 3685 '0
494 3629 685 3700 ἱερεὺς
712 3628 894 3697 λέγει.
950 3623 1251 3693 Εὐλογητὸς
1284 3621 1488 3692 Κύριος
1520 3626 1600 3686 είς
1622 3624 1747 3686 τοὺς
1773 3622 1908 3676 αἰῶ-

314 3742 437 3788 νας.
474 3724 666 3793 ’Λμήν.

402 3815 465 3867 'U
489 3813 638 3879 λαὸς
657 3810 839 3880 λέγει.
872 3809 1062 3881 ’Δμήν.

407 3907 463 3959 '0
489 3904 679 3971 ιερεὺς
715 3902 896 3973 λέγει.
928 3902 1129 3973 Εἰρήνη
1158 3901 1342 3955 πᾶσιν.

402 3998 458 4050 '0
484 3992 833 4063 λαὸςλέγςι.
881 3992 992 4046 Καὶ
1022 3990 1099 4060 τῷ
1134 3989 1403 4061 πνεύματί
1451 4006 1564 4041 σου.

406 4088 469 4141 '0
529 4085 720 4153 ίερεὺς
768 4083 949 4153 λέγει.
1006 4082 1171 4152 Σῶμα
1220 4081 1374 4150 ἅγιον
1416 4082 1506 4134 καὶ
1541 4074 1677 4150 αἷμα
1708 4078 1907 4149 τίμιον,

318 4179 595 4250 ἀληθινὸν,
639 4175 810 4246 Ἰησοῦ
856 4173 1091 4244 Χριστοῦ
1124 4172 1254 4226 Υίοῦ
1287 4171 1377 4225 τοῦ
1410 4171 1562 4224 Θεοῦ.
1610 4172 1800 4241 Ἀμήν.

403 4273 469 4324 '0
499 4268 651 4335 λαὸς
679 4267 862 4337 λέγει.
889 4268 1088 4338 Ἀμήν.

406 4365 468 4417 '0
497 4362 689 4430 ἱερεὺς
714 4360 896 4430 λέγει.
930 4359 1098 4430 Σῶμα
1152 4357 1308 4427 ἅγιον
1370 4356 1463 4408 καὶ
1516 4351 1654 4424 αἷμα
1709 4355 1907 4425 τίμιον,

319 4457 598 4528 ἀληθινὸν,
627 4452 802 4523 Ἰησοῦ
828 4453 1062 4524 Χριστοῦ
1094 4453 1221 4506 Υίοῦ
1245 4450 1336 4505 τοῦ
1362 4449 1519 4504 Θεοῦ.
1544 4449 1737 4519 Ἀμήν.

406 4549 469 4600 '0
491 4546 642 4612 λαός
664 4544 846 4615 λέγει.
893 4546 949 4597 ’Δ
958 4546 1082 4615 μήν.

404 4641 467 4692 '0
491 4637 682 4707 ἱερεὺς
720 4636 901 4705 λέγει.
929 4635 1095 4705 Σῶμα
1128 4634 1221 4688 καὶ
1241 4628 1380 4703 αἷμα
1425 4630 1769 4703 Ἐμμανουὴλ
1812 4630 1906 4684 τοῦ

323 4732 458 4788 Θεοῦ
484 4731 662 4803 ἡμῶν,
696 4728 855 4783 τοῦτό
898 4729 1046 4782 ἐστιν
1079 4726 1313 4797 ἀληθῶς.
1363 4726 1553 4797 Ἀμήν.

405 4826 459 4878 Ὀ
477 4822 629 4888 λαὸς
656 4821 839 4891 λέγει.
887 4818 1081 4891 Ἀμήν.

399 4912 670 4976 Πιστεύω,
737 4907 999 4971 πιστεύω,
1068 4904 1310 4961 πιστεύω
1359 4904 1452 4957 καὶ
1508 4902 1753 4976 ὁμολογῶ
1803 4903 1907 4967 ἓως

326 5007 560 5077 ἐσχάτης
609 4998 905 5072 ἀναπνεῆς,
952 5002 1033 5054 ὅτι
1077 4997 1216 5070 αῦτη
1272 4998 1486 5069 ὲστὶνή
1538 4996 1674 5069 σὰρξ
1704 4998 1737 5065 ἡ
1772 4995 1907 5059 ζωο-

328 5099 499 5161 ποιὸς,
535 5097 602 5168 ἣν
626 5095 837 5159 ἔλαϐες,
878 5092 1080 5166 Χριστὲ
1108 5093 1135 5144 ό
1168 5089 1299 5153 Θεὸς
1334 5089 1509 5161 ἡμῶν,
1535 5090 1599 5142 ἐκ
1631 5088 1729 5158 τῆς
1750 5086 1910 5156 ἁγίας

327 5191 614 5261 δεσποίνης
641 5190 673 5259 ἠ
684 5188 799 5259 μῶν
828 5186 1112 5248 Θεοτὸκου,
1157 5183 1251 5235 καὶ
1282 5182 1639 5254 ἀειπαρθένου
1668 5179 1905 5251 Μαρίας·

329 5284 422 5337 καὶ
458 5280 719 5352 ἐποίησας
745 5279 914 5349 αὐτὴν
945 5277 1072 5348 μίαν
1106 5277 1203 5329 σὺν
1235 5279 1300 5346 τῇ
1331 5272 1551 5344 θεότητῖ
1584 5291 1699 5336 σου,
1748 5272 1820 5343 μὴ
1852 5275 1908 5325 ὲν

333 5372 494 5442 μίξει,
522 5371 654 5441 μηδὲ
672 5373 727 5423 ὲν
752 5367 971 5441 φορμῷ,
999 5366 1133 5438 μηδὲ
1157 5365 1216 5419 ὲν
1241 5363 1539 5419 ἀλλοιώσει·
1568 5365 1663 5417 καὶ
1679 5362 1911 5435 ἐμαρτύ-

333 5480 501 5533 ρησας
529 5465 620 5515 ἐπὶ
646 5461 870 5515 Ποντίου
894 5459 1127 5513 Πιλάτου
1152 5459 1250 5530 τὴν
1268 5457 1439 5528 καλὴν
1468 5455 1779 5527 ὁμολογίαν,
1815 5455 1909 5508 καὶ

336 5553 674 5624 παρέδωκεν*
700 5551 870 5623 αὐτὴν
890 5550 1031 5622 ὑπὲρ
1050 5550 1205 5621 ἡμῶν
1232 5550 1516 5603 πάντων...
1536 5547 1675 5619 έρων
1698 5547 1789 5599 ἐπὶ
1813 5545 1907 5600 τοῦ

332 5644 487 5713 ξύλου
522 5644 617 5699 τοῦ
677 5643 909 5718 σταυροῦ
957 5642 1050 5697 τοῦ
1084 5644 1260 5713 ἁγίου,
1285 5644 1341 5695 ὲν
1362 5640 1460 5715 ζτῷ
1485 5639 1748 5713 θελήματί
1785 5657 1902 5697 σου.

1936 4482 1983 4540 ι)

2080 2240 2345 2298 Omnibus
2380 2240 2569 2297 diebus
2601 2257 2763 2310 usque
2798 2241 2867 2296 ad
2894 2241 3269 2297 hereticorum
3298 2249 3352 2296 et
3400 2239 3579 2295 ethni-

2006 2349 2218 2391 corum.

2079 2424 2244 2495 Imple
2271 2440 2369 2480 nos
2400 2424 2594 2481 timore
2629 2433 2741 2491 tuo,
2778 2433 2833 2479 et
2893 2424 3068 2493 dirige
3121 2440 3217 2479 nos
3253 2425 3320 2477 ad
3384 2424 3577 2478 bonam

2008 2516 2337 2570 voluntatem
2376 2525 2519 2571 tuam
2558 2532 2572 2569 :
2623 2526 2677 2570 tu
2731 2516 2875 2571 enim
2917 2529 2975 2571 es
3034 2516 3173 2571 Deus
3204 2524 3408 2583 noster,
3437 2524 3492 2571 et
3528 2524 3581 2570 te

2006 2610 2162 2665 decet
2185 2608 2376 2677 gloria,
2411 2609 2580 2665 honor
2618 2619 2673 2665 et
2710 2609 2979 2665 adoratio.
3056 2674 3059 2677 _

2079 2698 2356 2754 Sacerdos.
2390 2699 2602 2770 Corpus
2631 2710 2685 2755 et
2719 2701 2960 2771 sanguis.

2080 2790 2367 2845 Diaconus.
2406 2789 2539 2845 Cum
2573 2791 2766 2846 timore
2802 2790 2911 2846 Deo
2942 2790 3312 2846 attendamus.

2081 2968 2340 3025 Sacerdos
2371 2970 2535 3025 elevat
2562 2968 2887 3023 Δεσποτικόν
2918 2968 3028 3039 (seu
3048 2979 3246 3037 partem
3263 2969 3445 3023 hostia:
3468 2985 3583 3024 ma-

2001 3060 2195 3130 jorem)
2226 3073 2271 3115 et
2306 3061 2414 3115 alta
2439 3077 2558 3115 voce
2588 3063 2733 3115 dicit.
2766 3061 2966 3115 Sancta
2998 3059 3222 3115 sanctis.

1932 3136 1974 3195 C
2087 3155 2342 3225 Populus.
2374 3155 2540 3227 Kyrie
2564 3154 2792 3209 eleison.

2082 3246 2233 3302 Unus
2268 3247 2427 3301 Pater
2462 3256 2687 3302 sanctus
2710 3286 2725 3310 ,
2782 3260 2922 3299 unus
2973 3243 3141 3299 Filius
3171 3254 3411 3311 sanctus,
3444 3259 3583 3301 unus

2011 3338 2245 3407 Spiritus
2281 3347 2524 3392 sanctus.
2559 3336 2753 3392 Amen.

2082 3430 2363 3486 Sacerdos.
2391 3430 2651 3485 Dominus
2677 3445 2797 3484 cum
2830 3429 3081 3484 omnibus
3113 3429 3285 3482 vobis.

2082 3523 2339 3592 Populus.
2381 3524 2445 3578 Et
2472 3540 2591 3578 cum
2618 3523 2813 3591 spiritu
2842 3530 2951 3575 tuo.

2083 3616 2361 3673 Sacerdos.
2391 3616 2714 3671 Benedictus
2738 3613 2998 3670 Dominus
3027 3615 3079 3669 in
3132 3617 3348 3672 smcula.
3387 3616 3580 3673 Amen.

2085 3800 2338 3867 Populus.
2367 3798 2561 3852 Amcn.

2084 3891 2362 3945 Sacerdos.
2396 3889 2503 3943 Pax
2540 3890 2810 3943 omnibus.

2083 3981 2342 4050 Populus.
2376 3981 2440 4034 Et
2470 3996 2591 4034 cum
2628 3981 2819 4050 Spiritu
2852 3989 2962 4034 tuo.

2083 4072 2361 4127 Sacerdos.
2396 4072 2604 4140 Corpus
2652 4081 2894 4153 sanctum
2940 4082 2996 4126 et
3040 4074 3258 4144 sanguis
3292 4078 3584 4146 pretiosus,

2011 4179 2198 4229 verus,
2234 4163 2360 4219 Jesn
2389 4164 2590 4218 Christi
2626 4160 2746 4216 Filii
2781 4161 2897 4217 Dei.
2926 4161 3123 4218 Amen.

2086 4253 2337 4320 Populus.
2366 4254 2557 4307 Amen.

2083 4348 2364 4401 Sacerdos.
2400 4346 2656 4399 Sanctum
2690 4359 2908 4414 corpus,
2944 4356 2997 4401 et
3034 4346 3255 4416 sanguis
3287 4357 3580 4418 pretiosus,

2013 4455 2196 4503 verus,
2228 4437 2353 4491 Jesu
2387 4436 2590 4491 Christi
2620 4435 2740 4491 Filii
2774 4436 2887 4490 Dei.
2909 4438 3101 4491 Amen.

2082 4528 2333 4596 Populus.
2370 4526 2562 4580 Amen.

2085 4620 2366 4675 Sacerdos.
2400 4619 2607 4687 Corpus
2640 4627 2693 4671 et
2724 4617 2944 4687 sanguis
3001 4617 3322 4673 Emmanuel
3361 4621 3456 4676 Dei
3494 4641 3581 4677 no-

2011 4716 2131 4780 stri,
2168 4715 2267 4766 hoc
2297 4721 2378 4767 est
2407 4726 2554 4767 vere.
2587 4710 2783 4764 Amen.

2088 4803 2343 4874 Populus.
2383 4804 2577 4858 Amen.

2081 4898 2276 4960 Credo,
2305 4896 2487 4962 credo,
2523 4894 2707 4957 credo,
2741 4903 2796 4949 et
2849 4894 3113 4949 confiteor
3160 4909 3331 4966 usque
3362 4895 3428 4950 ad
3457 4896 3586 4950 ltiti-

2013 5005 2158 5045 mum
2188 4989 2439 5059 spiritum
2491 4988 2634 5057 quod
2685 4987 2800 5041 haac
2857 4987 2974 5055 ipsa
3033 4996 3117 5043 est
3159 5002 3286 5041 caro
3343 4988 3581 5054 viviﬁca,

2010 5098 2175 5153 quam
2233 5081 2511 5151 accepisti,
2571 5079 2790 5134 Christe
2854 5080 2994 5135 Deus
3056 5089 3263 5143 noster,
3294 5093 3359 5134 ex
3394 5090 3583 5135 saneta

2011 5174 2230 5229 domina
2265 5182 2447 5227 nostra
2495 5171 2724 5239 Deipara
2770 5180 2825 5226 et
2870 5184 3087 5241 semper
3122 5172 3331 5242 virgine
3376 5171 3579 5225 Μετίου

2010 5281 2283 5339 quamque
2321 5266 2497 5321 fecisti
2535 5279 2695 5319 unam
2727 5278 2851 5319 cum
2892 5262 3174 5333 divinitate
3208 5272 3319 5331 tua,
3350 5277 3453 5317 non
3485 5277 3584 5333 per

2012 5362 2345 5425 mistionem,
2389 5356 2788 5424 confusionem,
2818 5344 2914 5412 aut
2964 5354 3338 5411 alterationem
3379 5364 3476 5410 :et
3503 5364 3585 5409 te-

2010 5464 2181 5510 status
2206 5468 2268 5509 es
2293 5451 2393 5508 sub
2416 5449 2607 5506 Pontio
2628 5448 2804 5503 Pilato
2817 5447 3133 5519 praeclaram
3161 5444 3580 5510 confessionem;

2012 5558 2063 5603 et
2092 5562 2252 5617 quam
2292 5543 2559 5600 tradidisti
2584 5558 2681 5613 pro
2709 5543 2863 5597 nobis
2895 5541 3352 5612 omnibus,super
3382 5540 3582 5611 lignum

2011 5641 2191 5697 crucis
2223 5647 2447 5706 sanctas,
2472 5636 2749 5693 voluntate
2782 5644 2894 5691 tua.
