4100 6276
482 261 580 318 751

480 479 598 523 rata
635 471 732 524 fuit
760 472 826 526 ab
852 472 1184 530 humanitate
1216 485 1324 541 tua,
1346 477 1396 532 in
1427 478 1668 543 instanti,
1692 490 1783 534 aut
1835 481 1886 535 in
1938 483 2044 536 ictu

483 563 644 618 oculi.
685 564 975 620 Tradidisti
1007 583 1124 623 eam
1159 570 1211 624 in
1278 571 1726 639 redemptionem,
1787 583 1840 627 et
1872 573 1921 626 in
1958 589 2046 628 re-

483 655 796 711 missionem
828 669 1192 726 peccatorum,
1228 663 1360 716 etin
1413 665 1576 717 vitam
1631 674 1909 731 mternam,
1945 665 2046 720 illis

482 747 572 816 qui
608 763 673 802 ex
708 765 769 802 ea
803 753 1226 808 communicant.

553 839 726 894 Credo
753 842 894 909 quod
927 842 1040 898 haec
1071 857 1128 897 re
1163 858 1287 899 vera
1315 844 1408 902 sit.
1433 846 1622 903 Amen.

552 932 811 1002 Populus.
849 937 1044 990 Amen.

547 1023 838 1082 Diaconus.
870 1026 926 1082 ln
962 1045 1094 1098 pace
1119 1039 1172 1085 et
1194 1031 1476 1088 charitale.

554 1112 814 1170 Sacerdos
837 1117 948 1170 alta
974 1133 1113 1172 voce.
1143 1115 1713 1189 lncomprehensibilis
1737 1119 1893 1188 Deus,
1912 1120 2045 1176 Ver-

481 1205 607 1260 bum
644 1207 1194 1279 incircumscriptum,
1225 1219 1511 1275 aeternum,
1580 1213 1794 1282 suscipe
1826 1228 1856 1267 a
1891 1214 2046 1268 nobis

477 1299 856 1366 peccatoribus
887 1316 953 1355 ex
1003 1300 1238 1370 indignis
1288 1301 1446 1357 labiis
1490 1303 1771 1374 hymnum,
1803 1318 1922 1359 cum
1955 1319 2046 1358 su-

479 1388 666 1454 pernis
697 1390 1095 1456 poteStatibus:
1161 1403 1212 1448 te
1251 1393 1392 1448 enim
1445 1393 1599 1448 decet
1641 1393 1818 1448 omnis
1849 1393 2043 1463 gloria,

481 1478 657 1531 honor
683 1487 739 1532 et
772 1480 1020 1534 adoratio
1053 1496 1180 1535 cum
1203 1491 1427 1552 experte
1453 1482 1702 1553 principii
1749 1482 1907 1538 Patre
1931 1493 2041 1549 tuo,

480 1575 535 1620 et
561 1568 868 1626 viviﬁcante
899 1581 990 1626 tuo
1016 1570 1246 1643 Spiritu,
1278 1572 1331 1628 in
1357 1574 1537 1628 omnia
1577 1574 1770 1630 siccuIa
1821 1575 2045 1629 saeculo-

481 1676 621 1714 rum.
650 1663 848 1717 Amen.

549 1751 790 1820 Populus
817 1755 947 1809 dicit
973 1756 1231 1825 psalmum
1255 1774 1338 1815 CL.

547 1843 834 1901 Diaconus.
865 1846 1274 1919 Congregamini
1307 1857 1361 1905 et
1396 1850 1618 1918 intrate,
1653 1848 1892 1914 diaconi,
1920 1864 2042 1906 cum

478 1937 806 1990 reverentia.

485 2044 673 2101 Oratio
703 2051 992 2118 gratiarum
1023 2053 1270 2118 actionis,
1326 2062 1440 2122 post
1475 2055 1885 2109 communionem
1913 2073 2039 2111 san-

950 2153 1150 2197 ctorum
1180 2146 1566 2213 mysteriorum.

548 2248 840 2307 Diaconus.
871 2253 953 2309 Ad
989 2255 1289 2312 orationem
1325 2264 1485 2312 state.

548 2334 827 2394 Sacerdos.
860 2339 968 2396 Pax
999 2344 1270 2400 omnibus.

548 2425 807 2497 Populus.
839 2430 1048 2488 Etcum
1082 2437 1271 2505 spiritu
1309 2447 1416 2493 tuo.

551 2518 843 2576 Diaconus.
879 2521 1044 2580 Orate
1068 2540 1166 2596 pro
1189 2529 1347 2598 digna
1375 2531 1774 2588 communione.

547 2715 805 2788 Populus.
831 2721 993 2792 Kyrie
1024 2725 1255 2784 eleison.

547 2807 806 2865 Sacerdos
855 2814 980 2866 dicit
1033 2815 1168 2869 hanc
1217 2819 1521 2873 orationem.
1559 2821 1776 2879 Gratias
1833 2825 2042 2894 agimus

481 2899 600 2965 tibi,
639 2899 868 2957 Verbum
901 2903 992 2958 Dei
1026 2921 1238 2972 verum,
1269 2911 1358 2978 qui
1400 2926 1459 2966 es
1492 2927 1556 2966 ex
1602 2915 1899 2969 substantia
1937 2916 2040 2970 Pa-

478 2991 576 3045 tris
601 2995 918 3064 priucipium
987 3014 1091 3053 nou
1119 2999 1390 3068 habentis,
1446 3005 1703 3073 quoniam
1765 3015 2040 3077 tantopere

1424 265 1752 326 LITURGIA
1797 267 1854 324 S.
1897 268 2222 326 GREGORII
2261 269 2773 328 ALEXANDRLNA.

551 375 694 432 Vere
722 379 901 444 credo,
937 380 1078 450 quod
1112 381 1366 439 divinitas
1419 393 1504 438 tua
1563 401 1838 456 nunquam
1884 402 2039 458 sepa-
2069 394 2116 450 Α

3615 277 3721 334 739.

2227 389 2468 460 Ἀληθῶς
2498 391 2756 454 πιστεύω,
2793 391 2874 444 ὅτι
2923 391 3115 464 Θεὸτης
3165 410 3258 446 σου
3298 394 3406 448 οὐδ’
3451 395 3512 448 ού
3551 397 3716 467 μηδέ-

2149 495 2281 531 ποτε
2321 480 2646 552 χωρισθεῖσα
2701 482 2760 546 ἐξ
2803 481 3216 554 ὰνθρωπότητός
3249 501 3362 548 σου,
3403 487 3460 538 ὲν
3509 488 3716 557 ἀτόμῳ,

2146 569 2268 622 οὐδὲ
2319 571 2375 623 ἐν
2399 573 2530 642 ῥιπῇ
2585 571 2885 642 ὀφθαλμοῦ.
2938 574 3262 637 Μετέδωκας
3317 575 3588 646 αύτὴνείς
3625 577 3722 630 λύ-

2146 677 2367 730 τρωσιν,
2395 662 2486 714 καὶ
2513 664 2592 724 εἰς
2642 662 2833 731 ἄφεσιν
2859 664 3159 734 ἁμαρτιῶν.
3205 667 3298 718 καὶ
3343 669 3422 730 εἰς
3450 667 3593 737 ζωὴν
3620 669 3720 740 τὴν

2146 751 2379 810 αἰώνιον,
2427 755 2534 814 τοῖς
2565 753 2623 816 ἐξ
2653 754 2820 823 αὐτῆς
2843 753 3334 824 μεταλαμϐάνουσι.

2217 841 2463 895 Πιστεύω
2495 843 2574 894 ὅτι
2600 841 2742 914 αῦτη,
2763 842 2906 896 ἔστιν
2930 843 3161 913 άληθῶς.
3210 833 3400 914 Ἀμήν.

2229 933 2291 986 '0
2320 933 2468 999 λαός
2497 933 2678 1002 λέγει.
2720 935 2910 1005 Ἀμήν.

2228 1024 2282 1076 '0
2305 1023 2582 1090 διάκονος
2607 1024 2787 1095 λέγει.
2828 1026 2915 1077 Ἐν
2937 1026 3122 1097 εἰρήνῃ
3150 1027 3242 1078 καὶ
3261 1027 3467 1098 ἀγάπῃ.

2228 1114 2290 1167 '0
2341 1115 2530 1183 ἱερεὺς
2580 1115 2938 1183 ἐκρωνήσει.
2996 1117 3370 1188 ’Λκατάληπτε
3421 1118 3530 1186 Θεὲ,
3574 1121 3721 1188 Λόγε

2145 1204 2414 1274 ἀχώρητε,
2448 1205 2605 1268 ἁῖδιε,
2645 1204 2800 1275 δέχου
2847 1204 2972 1276 παρ’
3029 1205 3183 1274 ἡμῶν
3215 1207 3320 1261 τῶν
3354 1207 3720 1279 ἁμαρτωλῶν,

2146 1295 2204 1360 ἐξ
2231 1295 2461 1362 ἀναξίων
2493 1295 2733 1365 χειλέων,
2766 1294 2953 1366 ὕμνον,
2991 1296 3128 1366 μετὰ
3157 1297 3263 1349 τῶν
3286 1296 3397 1350 ἄνω
3415 1298 3721 1369 δυνάμεωνο

2147 1387 2228 1439 σοὶ¹
2257 1385 2366 1457 γὰρ
2397 1387 2594 1457 πρέπει
2619 1387 2768 1442 πᾶσα
2793 1386 2938 1452 δόξα,
2963 1388 3095 1458 τιμὴ
3113 1389 3206 1440 καὶ
3232 1388 3596 1459 προσκύνησις
3623 1392 3726 1444 σὺν

2143 1476 2223 1546 τῷ
2255 1475 2474 1548 ἀνάρχῳ
2504 1492 2597 1528 σου
2622 1477 2818 1549 Πατρὶ,
2853 1477 3044 1546 καὶτῷ
3067 1476 3312 1547 ζωοποιῷ
3346 1496 3436 1531 σου
3469 1480 3728 1551 Πνεῦμα-

2144 1585 2197 1621 τι
2245 1570 2325 1632 είς
2375 1569 2580 1632 πάντας
2608 1570 2733 1633 τοὺς
2763 1569 2963 1632 αἰῶνας
3001 1569 3108 1624 τῶν
3149 1569 3378 1624 αἰώνων.
3419 1571 3608 1642 ’Λμήν.

2227 1745 2289 1797 '0
2325 1744 2472 1810 λαός
2500 1745 2657 1814 λέγει
2701 1745 2944 1815 ’Ψαλμόν
2961 1753 3074 1813 pr’.

2229 1836 2292 1889 '0
2341 1835 2618 1902 διάκονος
2657 1836 2837 1906 λέγει.
2884 1836 3190 1908 Συνάχθητε
3222 1839 3315 1892 καὶ
3341 1838 3629 1904 είσέλοετε,
3668 1841 3724 1893 οἱ

2067 1955 2071 1958 -
2144 1925 2403 1991 διάκονοι,
2434 1927 2548 1997 μετ’
2569 1927 2873 1991 εὐλαϐείας.

2144 2057 2316 2127 Εὐχὴ
2347 2059 2734 2126 εὐχαριστίας
2754 2057 2901 2128 μετὰ
2926 2057 3039 2130 τὴν
3048 2057 3393 2127 μετάληψιν
3412 2059 3730 2130 τῶνάγίωι·

2741 2129 3109 2199 μυστηρίων.

2224 2241 2286 2295 '0
2319 2241 2596 2309 διάκονος
2618 2243 2798 2313 λέγει.
2844 2243 2965 2295 Ἐπὶ
2998 2242 3301 2312 προσευχῆς
3332 2243 3581 2313 στάθητε.

2223 2333 2284 2386 '0
2319 2333 2509 2401 ἱερεὺς
2545 2332 2726 2402 λέγει.
2767 2334 2968 2404 Εἰρήνη
3000 2335 3181 2386 πᾶσιν.

2227 2424 2288 2476 '0
2309 2424 2457 2488 λαός
2486 2423 2666 2492 λέγει.
2691 2425 2799 2476 Καὶ
2820 2423 2897 2493 τῷ
2926 2425 3194 2494 πνεύματί
3215 2446 3328 2482 σου.

2223 2514 2285 2567 '0
2317 2513 2597 2580 διάκονος
2620 2513 2800 2583 λέγει.
2835 2516 3210 2586 Προσεύξασθε
3259 2519 3398 2590 ὑπὲρ
3424 2519 3519 2586 τῆς
3563 2519 3729 2586 ἀξίας

2145 2603 2516 2674 μεταλήψεως.

2224 2717 2285 2766 '0
2311 2716 2458 2781 λαός
2476 2714 2657 2786 λέγει.
2693 2716 2860 2788 Κύριε
2894 2717 3132 2789 ἐλέησον.

2225 2805 2286 2858 '0
2315 2803 2504 2873 ἱερεὺς
2519 2805 2678 2875 λέγει
2704 2805 2819 2875 τὴν
2845 2808 3037 2876 εὐχὴν
3076 2807 3316 2877 ταύτην.
3348 2810 3724 2883 Εὐχαριστοῦ-

2145 2895 2242 2966 μέν
2297 2912 2398 2959 σοι,
2452 2894 2592 2962 Λόγε
2639 2893 2771 2948 Θεοῦ
2819 2896 3058 2967 omnem,
3104 2898 3132 2950 ό
3170 2899 3233 2952 ὲκ
3268 2901 3367 2970 τῆς
3402 2901 3584 2965 οὐσίας
3621 2899 3725 2956 τοῦ

2143 2985 2376 3056 ἀνάρχου
2406 2984 2639 3056 Πατρὸς,
2678 2987 2759 3039 ὅτι
2783 2986 2952 3048 οὕτως
2979 2988 3271 3058 ἠγάπησας
3289 2992 3435 3060 ἡμᾶς
3465 2990 3556 3043 καὶ
3588 2991 3726 3044 ἔδω-

477 3084 712 3141 dilexisti
747 3102 864 3154 nos,
897 3093 950 3144 et
978 3091 1170 3150 dedisti
1197 3104 1246 3149 te
1273 3096 1444 3165 ipsum
1485 3112 1582 3166 pro
1605 3099 1760 3154 nobis
1795 3075 2040 3154 immola-

2146 3093 2244 3139 κας
2284 3075 2506 3130 σεαυτὸν
2539 3077 2678 3148 ὑπὲρ
2727 3078 2926 3149 ἡμῶν·,
2967 3079 3355 3150 ὲσφαγιάσθης.
3404 3081 3725 3152 Κεχάρισας

479 3185 590 3236 tus.
625 3178 872 3236 Concede
909 3183 1062 3238 nobis
1091 3199 1188 3254 per
1216 3186 1619 3242 immaculatum
1644 3205 1838 3258 corpus
1866 3200 2038 3260 tuum,

479 3277 534 3322 et
563 3273 855 3337 pretiosum
895 3283 1044 3328 tuum
1071 3278 1386 3346 sanguinem
1417 3281 1858 3350 redemptionem,
1879 3284 2041 3350 sicut,

480 3359 734 3432 benigne,
774 3367 1070 3434 praestitisti
1106 3370 1260 3426 nobis
1305 3388 1449 3428 nunc
1491 3382 1548 3429 ut
1576 3390 1640 3429 ex
1673 3374 1802 3445 ipsis
1838 3375 2044 3431 Eucha-

476 3452 683 3507 ristiam
722 3457 1104 3526 acciperemus.
1139 3460 1345 3517 ldcirco
1382 3466 1699 3519 conlitemur
1747 3467 1840 3520 ttbi
1874 3482 2038 3536 nunc,

477 3545 709 3614 benigne
759 3558 814 3602 et
860 3549 1019 3617 bone,
1053 3563 1106 3607 et
1137 3552 1228 3607 tibi
1266 3554 1511 3624 gloriam,
1568 3557 1825 3612 honorem
1857 3569 1911 3613 et
1943 3561 2041 3613 ad-

477 3637 784 3692 orationem
812 3643 1067 3697 continue
1086 3643 1384 3712 oll'erimus,
1411 3663 1530 3701 cum
1549 3658 1767 3717 experte
1794 3651 2039 3722 principii

479 3725 642 3782 Patre
668 3738 779 3794 tuo,
813 3739 866 3784 et
900 3743 1090 3788 sancto
1122 3744 1210 3790 tuo
1238 3735 1461 3806 Spiritu,
1488 3754 1649 3804 nunc,
1684 3749 1792 3796 etc.

551 3817 836 3875 Diaconus.
859 3820 1045 3892 Capita
1083 3834 1260 3880 vestra
1298 3826 1526 3884 Domino
1556 3829 1826 3886 inclinate.

848 4019 1035 4078 Oratio
1065 4024 1419 4082 inclinationis
1449 4030 1656 4096 capitis.

527 4135 755 4203 Quies,
793 4139 882 4208 qui
917 4154 1060 4206 eras,
1091 4151 1145 4196 et
1171 4143 1366 4199 venisti
1416 4145 1470 4201 in
1507 4146 1764 4202 mundum
1821 4147 1886 4203 ad
1917 4163 2038 4204 eum

474 4228 906 4299 illmninandum,
938 4233 1029 4302 qui
1053 4248 1271 4291 carnem
1300 4253 1585 4294 assumens
1612 4279 1628 4308 ,
1681 4239 1842 4296 homo
1867 4240 2042 4297 factus

473 4337 554 4388 es,
589 4333 643 4377 et
676 4325 970 4380 crucifixus
999 4343 1058 4382 es
1085 4343 1183 4397 pro
1214 4330 1391 4395 nobis,
1417 4346 1714 4404 passusque
1741 4335 2041 4392 voluntarie

2145 3171 2296 3239 ἡμῖν,
2355 3168 2442 3222 διὰ
2479 3169 2572 3222 τοῦ
2617 3170 2882 3242 ἀχράντου
2931 3188 3022 3223 σου
3060 3171 3325 3244 σώματος,
3358 3175 3451 3227 καὶ
3496 3175 3587 3228 τοῦ
3637 3192 3727 3228 τι·

2147 3261 2268 3330 μίου
2301 3277 2393 3314 σου
2422 3261 2670 3331 αἵματος,
2706 3261 2804 3332 τὴν
2835 3262 3225 3332 ἀπολύτρωσιν,
3274 3263 3347 3327 ὡς
3380 3265 3725 3334 κατηξίωσας

2143 3353 2289 3424 ἡμᾶς
2317 3351 2431 3418 νῦν,
2466 3351 2830 3424 φιλάνθρωπε,
2860 3353 2944 3406 ἵνα
2971 3353 3224 3424 λάϐωμεν
3271 3353 3329 3419 ἐξ
3355 3354 3529 3408 αὐτῶν
3557 3356 3726 3425 εὐχα-

2145 3445 2368 3516 ριστία⁴”.
2387 3444 2477 3496 Διὸ
2494 3443 3025 3514 ὲξομολογοῦμένσοι
3047 3443 3159 3507 νῦν,
3189 3445 3551 3516 φιλάνθρωπε,
3581 3448 3726 3513 ἀγα-

2145 3536 2225 3601 θὲ,
2253 3536 2346 3589 καὶ
2378 3537 2460 3588 σοὶ
2483 3536 2581 3606 τὴν
2614 3535 2790 3599 δόξαν,
2826 3535 2916 3588 καὶ
2948 3535 3045 3606 τὴν
3077 3536 3262 3606 τιμὴν,
3296 3537 3386 3590 καὶ
3418 3536 3514 3606 τὴν
3551 3555 3723 3607 προσ-

2145 3629 2370 3698 κύνησιν
2398 3627 2660 3698 διηνεκῶς
2693 3627 3110 3698 ἀναπέμπομεν,
3149 3629 3242 3682 σὺν
3267 3627 3343 3697 τῷ
3376 3629 3590 3699 ἀνάρχῳ
3622 3646 3720 3681 σου

2143 3720 2317 3789 Πατρὶ
2361 3719 2454 3772 καὶ
2478 3719 2554 3789 τῷ
2577 3719 2715 3788 ἁγίῳ
2751 3735 2843 3771 σου
2894 3718 3192 3788 Πνεύματι,
3232 3719 3347 3782 νῦν,
3365 3737 3418 3772 κ.
3451 3737 3499 3772 τ.
3519 3719 3570 3772 λ.

2226 3811 2287 3863 '0
2310 3810 2585 3876 διάκονος
2620 3807 2800 3879 λέγει.
2837 3809 2947 3872 Τὰς
2979 3808 3216 3878 κεφαλὰς
3239 3809 3389 3880 ὑμῶν
3417 3809 3494 3880 τῷ
3527 3810 3722 3881 Κυρίῳ

2143 3917 2378 3956 κλινατε.

2494 4033 2662 4104 Εὐχή
2711 4031 2818 4100 τῆς
2866 4035 3358 4102 κεφαλοκλισιάς.

2225 4147 2282 4199 '0
2297 4145 2391 4212 ὢν,
2421 4147 2450 4199 ό
2479 4143 2569 4218 ἦν,
2603 4145 2631 4197 ὀ
2657 4142 2824 4197 ἐλθὼν
2871 4146 2950 4206 εἰς
2976 4144 3068 4198 τὸν
3104 4143 3306 4215 κόσμον
3355 4143 3448 4196 τοῦ
3481 4143 3713 4212 φωτίσαι

2143 4239 2324 4292 αὐτόν’
2351 4239 2379 4292 ὁ
2421 4236 2738 4308 σαρκωθεὶς,
2772 4235 3211 4307 ὲνανθρωπήσας,
3257 4234 3350 4288 καὶ
3387 4233 3715 4304 σταυρωθεὶς

2143 4330 2210 4384 δι’
2246 4331 2412 4401 ἡμᾶς,
2444 4330 2536 4382 καὶ
2552 4328 2738 4382 παθὼν
2758 4328 3015 4391 ἑκουσίως
3041 4328 3220 4399 σαρκὶ,
3247 4327 3340 4380 καὶ
3372 4327 3556 4396 μείνας
3573 4327 3714 4379 ἀπα-

475 4412 527 4466 in
569 4429 756 4478 carne,
795 4417 1042 4472 mansisti
1071 4419 1418 4489 impassibilis
1442 4433 1501 4476 ut
1555 4423 1736 4479 Deus:
1769 4424 2037 4495 sepultus-

2146 4421 2262 4493 θὴς,
2321 4421 2395 4484 ὼς
2449 4420 2600 4483 Θεός·
2650 4421 2743 4474 καὶ
2793 4419 3002 4488 ταφεὶς,
3058 4420 3151 4472 καὶ
3184 4418 3419 4481 ἀναστὰς
3460 4421 3523 4488 τῇ
3558 4417 3715 4488 τρίτῃ

472 4519 599 4570 quc,
633 4505 786 4559 tertia
811 4507 897 4560 die
928 4509 1292 4574 resurrexisti,
1313 4512 1717 4582 ascendensque
1750 4514 1800 4568 in
1819 4515 2035 4578 caelum,

441 4579 659 4649 sodiin
700 4596 767 4650 ad
827 4599 1102 4654 dexteram
1158 4602 1542 4667 magnitudinis
1597 4579 1780 4674 gloria:
1831 4604 2038 4660 Patris:

446 4689 738 4756 .divinum,
803 4702 1069 4757 sanctum,
1112 4695 1626 4750 consubstantialem
1665 4697 1888 4766 aequalis
1947 4715 2039 4767 po-

472 4781 684 4834 testatis
714 4790 768 4834 et
795 4780 999 4850 gloria,
1027 4791 1085 4838 et
1143 4794 1471 4840 coaeternum
1535 4789 1794 4858 Spiritum
1850 4793 2042 4846 misisti

473 4887 636 4940 super
687 4884 904 4929 sanctos
953 4885 1075 4932 tuos
1125 4877 1417 4947 discipulos
1457 4889 1513 4934 et
1561 4884 1852 4952 apostolos,
1880 4894 2043 4954 atque

476 4981 570 5033 per
596 4981 717 5020 cum
750 4969 867 5021 illos
891 4968 1208 5025 illuminasti
1241 4981 1294 5025 et
1335 4987 1429 5039 per
1464 4987 1558 5028 eos
1590 4974 1773 5031 orbem
1822 4979 2041 5033 univer-

477 5074 595 5112 sum
619 5076 634 5126 ;
667 5058 879 5115 Christe
905 5078 1029 5116 vere
1063 5062 1204 5119 Deus
1228 5075 1428 5122 noster.

557 5190 571 5205 .
613 5189 628 5205 .
675 5189 690 5206 .
735 5191 749 5206 .
787 5151 1002 5209 Gabriel
1035 5165 1091 5210 et
1112 5156 1370 5225 Raphael.

479 5240 488 5248 ’
549 5243 618 5297 Et
649 5243 956 5312 angelorqu
1003 5247 1480 5316 quadriformium,
1518 5249 1832 5306 animalium
1867 5253 2044 5306 ineor-

475 5352 798 5407 porcorum:
858 5345 912 5392 et
975 5339 1314 5408 angelorum,
1377 5343 1564 5413 viginti
1597 5355 1828 5414 quatuor
1863 5346 2044 5400 senio-

477 5447 634 5495 rum;
716 5433 992 5501 sanctique
1057 5433 1275 5502 gloriosi
1325 5437 1621 5506 propheta',
1672 5437 2041 5508 prarcursoris,

475 5524 722 5592 baptista!
747 5533 799 5579 et
834 5526 1088 5595 martyris
1115 5525 1337 5582 Joannis

549 5615 731 5670 Sancti
791 5616 1049 5688 Stephani
1125 5620 1284 5690 primi
1328 5621 1540 5679 diaconi
1593 5623 1837 5698 chrimi
1895 5640 2034 5681 mar-

478 5720 632 5778 tyrts.

2148 4514 2350 4584 ἡμέρᾳ,
2407 4513 2500 4566 καὶ
2557 4511 2789 4565 ἀνελθὼν
2830 4513 2908 4574 εἰς
2935 4510 3214 4578 οὐρανοὺς,
3261 4510 3356 4562 καὶ
3381 4507 3605 4571 καθίσας
3659 4510 3717 4559 ὲν

2151 4603 2300 4674 δεξιᾷ
2324 4602 2422 4672 τῆς
2455 4599 2824 4672 μεγαλοσύνης
2846 4601 2943 4671 τῆς
2977 4599 3132 4670 δόξης
3164 4598 3256 4652 τοῦ
3287 4600 3516 4670 Πατρὸς,
3559 4597 3618 4650 τό
3659 4615 3720 4650 τε

2151 4693 2312 4755 οεῖον,
2335 4693 2430 4746 καὶ⁵
2459 4691 2632 4760 ἆγιον,
2664 4692 2756 4745 καὶ
2785 4689 3087 4762 όμοούσιον,
3118 4689 3212 4743 καὶ
3235 4689 3588 4760 όμοδύναμον.
3623 4691 3721 4742 καὶ

2148 4781 2425 4852 ὁμόδοξον,
2481 4781 2574 4835 καὶ
2623 4781 2888 4834 συναῖδιον
2938 4780 3162 4849 Πνεῦμα
3211 4779 3567 4849 καταπέμψας
3623 4779 3721 4831 ὲπὶ

2147 4875 2274 4936 τοὺς
2313 4873 2498 4941 ἀγίους
2532 4889 2625 4924 σου
2663 4870 2926 4942 μαθητὰς,
2981 4870 3075 4924 καὶ
3115 4870 3458 4934 ἀποστόλους,
3492 4871 3582 4922 καὶ
3630 4871 3719 4923 διὰ

2148 4963 2336 5018 τούτου
2368 4963 2608 5033 φωτίσας
2649 4962 2748 5033 μὲν
2776 4961 2990 5028 αὐτοὺς,
3022 4960 3086 5013 δι’
3130 4961 3308 5014 αὐτῶν
3345 4961 3399 5013 δὲ
3426 4963 3601 5014 πᾶσαν
3619 4963 3719 5031 τὴν

2149 5055 2490 5126 οἰκουμένην,
2524 5052 2742 5124 Χριστὲ,
2771 5053 2799 5104 ὁ
2831 5050 3076 5120 ἀληθινὸς
3103 5051 3234 5114 Θεὸς
3267 5051 3442 5121 ήμῶν.

2333 5146 2426 5199 καὶ
2451 5146 2490 5198 Γ
2493 5143 2687 5215 αδριὴλ
2739 5144 2830 5196 καὶ
2873 5141 3130 5213 Ῥαφαήλ.

2221 5238 2332 5291 Καὶ
2356 5236 2464 5289 τῶν
2503 5233 2746 5303 ἀγγέλων
2787 5231 3177 5304 τετραμόρφων
3210 5229 3362 5294 ζώων
3391 5229 3716 5299 ἀσωμάτων·

2152 5329 2248 5381 καὶ
2283 5327 2390 5380 τῶν
2439 5325 2708 5394 ἀγγέλων,
2766 5323 2936 5377 εἴκοσι
2987 5323 3263 5392 τεσσάρων
3316 5321 3716 5392 πρεσϐυτέρων.

2150 5420 2254 5472 Τοῦ
2284 5419 2439 5486 ἀγίου
2477 5417 2706 5483 ἐνδόξου,
2739 5415 3036 5485 προφήτου,
3056 5412 3376 5483 προδρόμου,
3404 5410 3719 5482 βαπτιστοῦ,

2152 5509 2245 5561 καὶ
2271 5509 2540 5578 μάρτυρος
2580 5507 2847 5560 Ἰωάννου.

2221 5620 2326 5674 Τοῦ
2361 5619 2515 5688 ἁγίου
2569 5619 2837 5689 Στεφάνου
2873 5615 2962 5670 τοῦ
2998 5615 3422 5686 πρωτοδιακόνου
3453 5613 3544 5667 καὶ
3575 5629 3726 5682 πρω-

2156 5728 2507 5781 τομαρτυρος.
