4100 6276
330 246 435 306 741
1292 290 1297 291 ν
3486 271 3519 327 7
3532 272 3591 327 η

412 1812 633 1888 Vobis,
667 1811 796 1876 Viri
821 1810 1293 1887 humanissimi,
1328 1810 1450 1875 hoc
1473 1860 1488 1888 ,
1519 1817 1963 1893 qualecunque
1992 1828 2087 1875 esr
2110 1860 2125 1887 ,
2158 1812 2625 1878 Anecdotorum
2661 1831 3039 1897 epuscmum
3070 1817 3360 1901 debetur,

413 1982 564 2045 Nam
586 2030 601 2057 ,
636 1987 706 2044 ut
736 1985 1091 2062 temporum
1120 1981 1427 2044 rationem
1457 1998 1707 2062 sequar,
1754 1980 1972 2059 viginti
1999 1989 2062 2045 et
2093 1986 2266 2065 quod
2301 1984 2573 2049 excurrit
2600 1985 2750 2047 anni
2788 1989 2970 2063 sunt,
3008 2002 3087 2049 ex
3121 2004 3250 2068 quo
3281 1988 3404 2058 Tu,
3435 1983 3592 2046 ami-

322 2106 580 2169 cissime
618 2104 1039 2183 Krabingere,
1080 2104 1271 2179 mihi,
1313 2110 1465 2167 tunc
1500 2103 1814 2166 Monachii
1854 2110 2268 2171 commoranti
2314 2110 2617 2190 librisque
2647 2112 2881 2175 Graacis
2924 2130 3118 2177 manu
3160 2111 3439 2192 scriptis,
3468 2109 3619 2187 illic_

319 2229 392 2289 in
444 2226 825 2290 bibliotheca
856 2226 1027 2305 regia
1074 2226 1431 2301 asservatis,
1471 2225 1786 2301 heluanti,
1820 2244 1964 2289 cum
1995 2229 2113 2293 alia
2162 2230 2429 2311 plurima
2473 2232 2795 2296 Anecdota
2829 2234 3077 2310 Graeca,
3126 2251 3399 2314 quorum
3430 2233 3595 2295 bona

324 2372 475 2435 pars
502 2354 707 2417 adhuc
738 2353 983 2417 edenda
1012 2359 1224 2428 restat,
1255 2358 1387 2415 tum
1413 2351 1663 2416 Scholia
1688 2354 1752 2415 in
1784 2356 1846 2416 S.
1876 2356 2247 2436 Gregorium
2277 2359 2760 2435 Nazianzenum,
2786 2360 3016 2440 quibus
3046 2359 3113 2422 in
3143 2360 3265 2423 hoc
3291 2356 3599 2441 epusculo

328 2496 480 2541 usus
517 2495 680 2552 sum,
716 2478 795 2541 ad
827 2477 1314 2542 describendum
1342 2478 1438 2542 vel
1469 2482 1940 2561 excerpendum
1974 2486 2346 2567 propinasti.
2385 2490 2471 2549 Ac
2504 2485 2747 2549 etiamsi
2776 2485 2885 2549 diu
2915 2493 3031 2562 est,
3067 2486 3241 2567 quod
3277 2502 3394 2564 ego
3425 2485 3599 2547 suavi

323 2609 560 2669 Tecum
586 2606 992 2687 epistolamm
1023 2605 1405 2671 commercio
1435 2623 1602 2686 {egre
1635 2626 1820 2671 careo
1848 2609 2143 2692 (fortasse
2179 2629 2317 2674 mea
2339 2612 2611 2693 quadam
2652 2612 2862 2693 culpa,
2896 2611 3168 2690 negotiis
3201 2610 3431 2673 misere
3462 2609 3599 2672 dis-

320 2727 552 2809 tenti),
592 2746 844 2810 semper
884 2737 1127 2806 tamen,
1176 2731 1326 2793 dum
1362 2730 1595 2808 vivam,
1635 2739 1810 2811 grato
1843 2750 1990 2813 erga
2030 2738 2117 2798 Te
2157 2737 2369 2807 animo
2416 2737 2693 2802 recolam
2720 2736 3236 2802 commorationis
3264 2735 3433 2797 illius
3463 2735 3602 2795 Mo-

324 2852 620 2914 nacensis
640 2852 916 2920 delicias.
947 2872 1212 2935 quarum
1246 2857 1339 2917 Tu
1368 2870 1499 2916 non
1536 2855 1793 2917 minima
1823 2874 1968 2937 pars
1998 2856 2191 2920 fuisti.
2425 2831 2432 2840 l

406 3023 499 3083 Tu
531 3026 740 3085 autem
766 3068 781 3095 ,
812 3019 1131 3083 carissime
1161 3020 1384 3098 Rothi,
1415 3021 1704 3084 amicitiae
1734 3023 1987 3087 vinculo
2033 3041 2171 3099 me,
2199 3024 2339 3087 Tibi
2366 3030 2549 3088 antea
2575 3024 2861 3106 ignotum
2882 3074 2899 3102 ,
2930 3023 3312 3088 adstrinxisti
3352 3024 3607 3103 egregio

320 3145 436 3208 illo
467 3146 801 3220 beneficio,
829 3145 1001 3226 quod
1026 3147 1153 3208 Tua
1185 3144 1640 3209 intercessione
1670 3147 1955 3223 effecisti,
1986 3154 2056 3210 ut
2078 3148 2570 3229 pretiosissimus
2596 3150 2703 3213 ille
2732 3149 2936 3213 codex
2962 3150 3023 3210 S.
3048 3148 3333 3226 Gregorii
3353 3145 3609 3209 Nazian-

324 3274 466 3335 zeni
515 3291 708 3337 manu
745 3272 1045 3353 scriptus,
1090 3288 1217 3352 quo
1248 3271 1400 3334 Elite
1439 3273 1877 3336 commentarii
1923 3274 2355 3350 continentur,
2418 3292 2586 3339 anno
2641 3276 3044 3338 MDCCCXLII
3100 3290 3178 3336 ex
3224 3270 3609 3336 bibliotheca

323 3397 576 3477 publica
624 3399 997 3477 Basileensi,
1060 3402 1398 3465 liberaliter
1436 3404 1861 3467 annuentibus
1905 3404 2041 3468 eius
2085 3392 2509 3482 curatoribus,
2544 3423 2661 3487 per
2702 3405 3115 3469 clarissimum
3163 3400 3604 3476 Gerlachium,

326 3527 497 3589 illius
538 3526 940 3591 bibliothecae
978 3527 1376 3609 praefectum,
1424 3529 1501 3591 ad
1543 3547 1646 3592 me
1686 3531 1954 3592 Bernam
1985 3531 2529 3607 transmitteretur,
2573 3536 2767 3611 utque
2801 3548 2945 3592 eum
2981 3534 3185 3591 terere
3219 3534 3281 3590 et
3316 3526 3382 3588 in
3425 3543 3610 3588 usum

329 3654 682 3717 studiorum
705 3654 1171 3717 Platonicorum
1193 3659 1253 3715 et
1272 3635 1807 3734 Patrologicorum
1831 3674 1947 3738 pro
1976 3657 2178 3720 lubitu
2197 3674 2540 3738 excerpere
2566 3672 2842 3737 possem.
2866 3653 3153 3716 Eundem
3169 3654 3262 3714 Tu
3290 3650 3573 3713 codicem
3592 3695 3608 3722 ,

336 3795 445 3857 pro
487 3779 736 3857 egregia
765 3781 894 3841 Tua
933 3796 1079 3857 erga
1126 3796 1227 3840 me
1268 3779 1738 3856 benevolentia,
1771 3783 1872 3844 cui
1912 3783 2079 3845 idem
2105 3782 2211 3845 ille
2241 3781 2605 3876 Gerlaehius
2642 3780 2871 3842 iterum
2905 3775 3281 3858 epitulatum
3307 3772 3447 3846 ivit,
3486 3788 3611 3832 nu-

332 3901 640 3980 perrimc,
677 3920 872 3981 quum
915 3903 1221 3982 Excerpta
1261 3901 1475 3965 Eliana
1517 3905 1774 3966 Lutetiae
1804 3904 2182 3965 Parisiorum
2213 3903 2495 3965 editurus
2527 3920 2762 3974 essem,
2797 3916 3012 3963 rursus
3046 3897 3125 3959 ad
3155 3914 3256 3959 me.
3291 3896 3613 3957 transmit-

334 4020 590 4081 tendum
618 4021 866 4093 curasti,
900 4028 967 4083 ut
997 4040 1139 4103 quae
1165 4022 1315 4085 inde
1338 4025 1790 4104 excerpsissem
1830 4043 2059 4101 augere
2081 4074 2096 4099 ,
2132 4031 2194 4087 et
2239 4024 2521 4105 plagulas
2553 4023 2956 4103 corrigendas
3001 4021 3078 4083 ad
3109 4030 3417 4102 ἀρχέτυπον
3452 4017 3588 4079 exi-

331 4161 478 4220 gere
510 4161 787 4222 possem.

407 4320 586 4393 Quod
617 4328 823 4383 autem
843 4320 988 4380 Elia)
1010 4319 1265 4382 tandem
1295 4319 1522 4383 edendi
1550 4321 1884 4383 consilium
1913 4319 2086 4401 cepi,
2130 4318 2433 4400 quodque
2462 4318 2673 4398 operis
2702 4316 3125 4379 redemtorem
3172 4314 3431 4376 Lutetiae
3472 4331 3611 4375 sum

326 4456 576 4522 nactus,
609 4445 671 4507 id
706 4445 865 4519 Tibi,
892 4444 1339 4507 humanissime
1368 4446 1795 4523 Darembergi,
1828 4445 1939 4506 uni
1970 4443 2087 4506 soli
2117 4444 2343 4506 debeo.
2373 4445 2529 4504 Nam
2554 4459 2748 4522 quum
2781 4457 2899 4518 ego
2927 4446 3069 4502 ante
3101 4438 3219 4500 hos
3242 4438 3611 4518 quindecim

328 4591 564 4648 annos,
625 4568 890 4633 dilatatis
946 4566 1265 4648 paullatim
1308 4567 1691 4646 antiquitatis
1750 4566 2007 4641 studiis,
2057 4586 2199 4630 cum
2260 4564 2606 4647 philologia
2662 4562 3177 4640 archaeologiam,
3242 4561 3435 4624 etiam
3490 4583 3611 4644 pa-

329 4700 545 4770 triam,
595 4695 979 4774 conjungere
1012 4696 1101 4764 et,
1138 4708 1279 4769 quae
1313 4691 1513 4771 patrio
1546 4696 1689 4751 sunt
1721 4691 1857 4753 solo
1906 4693 2279 4765 reconditae,
2328 4672 2712 4768 antiquitatis
2752 4687 3000 4749 Gallicae
3036 4695 3095 4750 et
3126 4689 3425 4751 Romanae
3462 4690 3609 4752 reli-

329 4822 510 4900 quias
548 4816 923 4899 perscrutari
951 4816 1314 4895 coepissem,
1354 4813 1581 4875 deinde
1614 4813 1891 4877 historia:
1926 4816 2139 4896 patriae
2171 4831 2427 4895 operam
2462 4830 2576 4892 per
2614 4811 3015 4891 septennium
3049 4827 3400 4885 navassem,
3450 4811 3609 4873 iam-

329 4961 454 5023 que
473 4993 486 5017 ,
509 4950 808 5022 tanquam
832 4940 1263 5020 peregrinator
1283 4939 1361 4999 ad
1392 4940 1605 5001 sedem
1636 4939 2068 5014 domesticam,
2091 4938 2168 5001 ad
2203 4936 2463 5018 pristina
2492 4938 2693 4999 studia
2718 4936 3069 5008 rediissem,
3106 4941 3167 4997 et
3191 4952 3335 5015 quze
3362 4934 3612 5015 pridem

326 5068 394 5129 in
442 5083 671 5145 genere
717 5063 1043 5146 philologo
1088 5080 1124 5125 a
1154 5080 1256 5124 me
1303 5062 1629 5127 elaborari,
1661 5070 1865 5143 erepta
1913 5067 2119 5137 erant,
2155 5068 2466 5124 maturare
2503 5060 2921 5132 instituerem,
2965 5094 3039 5102 —-
3082 5060 3191 5132 Te,
3228 5057 3313 5119 mi
3343 5059 3601 5120 Darem-

326 5191 541 5269 bergi,
598 5207 733 5253 sors
780 5189 1053 5270 prepitia
1086 5178 1341 5251 horum
1392 5190 1742 5251 studiorum
1794 5188 2102 5251 fautorem
2152 5188 2335 5250 simul
2394 5195 2455 5250 et
2498 5186 2963 5249 moderatorem
3010 5183 3168 5245 mihi
3218 5184 3468 5246 obtulit.
3522 5184 3615 5242 Tu

334 5331 471 5388 me,
506 5320 741 5391 ἀρχείων
770 5312 1027 5391 pulvere
1058 5311 1350 5373 obrutum
1377 5358 1390 5385 ,
1426 5316 1486 5371 et
1529 5309 1629 5373 hic
1671 5313 1888 5372 Bernze
1933 5311 2152 5391 quovis
2178 5360 2191 5381 ,
2246 5311 2469 5373 I'Iercle
2497 5359 2511 5385 ,
2569 5310 2647 5371 ad
2695 5308 3100 5370 humanitatis
3144 5308 3346 5369 studia
3390 5307 3614 5368 incita-

325 5440 544 5495 mento
580 5437 921 5506 carentem,
956 5449 1028 5492 ea
1066 5448 1132 5493 re
1166 5430 1440 5505 erexisti,
1472 5431 1643 5510 quod
1674 5450 1848 5493 meos
1880 5438 2137 5494 conatus
2158 5432 2294 5493 Tibi
2329 5431 2573 5511 Tuique
2617 5430 2930 5492 similibus
2971 5429 3225 5511 probari
3261 5426 3612 5489 declarasti.

324 5562 418 5621 Tu
484 5575 624 5633 me,
684 5558 840 5622 alios
901 5558 1148 5620 labores
1201 5558 1558 5639 philologos
1626 5559 2062 5636 meditantem,
2118 5560 2195 5623 ad
2251 5560 2478 5634 Eliam,
2536 5560 2785 5623 scriniis
2848 5561 3043 5623 instar
3117 5560 3401 5633 κειμηλίου
3462 5572 3599 5617 ser-

323 5693 531 5748 vatum
556 5728 571 5757 ,
607 5685 923 5748 edendum
970 5686 1249 5747 excitasti
1278 5686 1363 5747 sic
1394 5704 1494 5747 me
1522 5685 1979 5766 interpellando
2019 5706 2031 5746 :
2076 5711 2100 5741 ‹‹
2141 5686 2299 5759 Quin
2331 5689 2427 5748 Tu
2463 5686 2811 5767 pretiosum
2850 5682 3014 5745 istud
3045 5679 3419 5742 Anecdoton
3462 5686 3609 5740 ante

326 5807 538 5872 omnia
565 5808 631 5871 in
662 5808 867 5872 lucem
892 5807 1129 5890 profer,
1164 5826 1243 5872 ne
1266 5808 1327 5871 id
1347 5817 1424 5872 ab
1451 5809 1573 5871 alio
1611 5808 1911 5888 qtmpiam
1940 5813 2304 5889 occupetur,
2329 5824 2485 5873 neve
2515 5822 2707 5888 quem
2730 5809 2824 5869 Tu
2854 5805 2918 5867 in
2951 5821 3029 5867 eo
3061 5801 3478 5867 describenth
3509 5800 3602 5864 la-

4094 5880 4100 5995 ἐ

4092 5998 4100 6079 1
