4100 6276
435 179 544 239 745

3609 200 3712 256 7N

429 298 649 361 borem
699 296 1052 373 collocasti,
1082 296 1220 360 Tibi
1256 296 1469 359 irritus
1499 297 1819 361 reddatur.
1857 319 1886 355 »
1930 300 2263 379 Quumque
2305 316 2424 377 ego
2455 301 2623 364 dicto
2654 278 2909 382 parens,
2961 304 3041 368 ad
3082 312 3332 386 tempus
3380 306 3711 387 sepositis,

431 443 595 508 quos
638 427 894 489 molitus
925 442 1131 501 eram,
1163 424 1524 499 laboribus,
1558 425 1708 487 Eliaa
1753 424 2095 488 editionem
2144 444 2466 506 pararem,
2498 428 2738 492 interea
2783 430 3205 494 redemtorem
3236 435 3330 494 Tu
3368 432 3715 513 plurimum

430 546 847 610 reverendum
873 546 1192 625 Migneum
1220 546 1380 608 mihi
1407 545 1781 621 conciliasti,
1809 545 1875 608 id
1903 552 1999 609 est
2034 546 2235 608 virum
2278 554 2493 608 natum
2523 550 2975 627 promovendis
3011 550 3233 612 studiis
3261 551 3367 612 SS.
3414 548 3713 613 Ecclesiae

431 670 720 742 Patrum,
745 665 857 746 qui
887 681 1086 745 quum
1124 664 1404 742 primum
1430 662 1835 740 instituisset,
1868 664 2019 726 Elite
2054 657 2547 729 commentarios
2584 668 2865 747 integros
2903 669 3124 746 edere,
3167 676 3460 752 essetque
3489 690 3713 737 eorum

422 792 600 855 mole
628 809 664 854 a
692 789 1022 872 proposito
1053 788 1413 863 deterritus,
1449 803 1526 850 eo
1555 786 1874 849 lubentius
1902 786 2025 851 hoc
2053 788 2308 851 illorum
2340 789 2794 871 compendium
2822 791 3264 856 redimendum
3291 794 3588 875 suscepit.

510 954 793 1035 Accipite
821 955 1034 1034 igitur,
1065 957 1366 1021 Fautores
1392 963 1455 1021 et
1482 954 1682 1019 Amici
1712 954 2313 1032 benevolentissimi,
2346 962 2645 1038 tanquam
2677 957 2835 1038 grati
2855 957 3288 1023 testimonium
3314 961 3528 1039 animi,
3559 963 3707 1039 hoc,

427 1078 604 1162 quod
633 1080 828 1143 Vobis
878 1082 1163 1159 debetur,
1215 1084 1626 1164 opusculum,
1683 1082 1786 1145 cui
1818 1083 1872 1145 si
1918 1101 1991 1146 ea
2023 1084 2185 1147 desit
2232 1083 2536 1147 doctrinas
2569 1090 2632 1147 et
2674 1084 2861 1166 copia
2893 1090 2955 1149 et
3006 1087 3378 1169 perpolitio,
3427 1107 3553 1170 qua
3591 1089 3713 1153 viri

428 1214 690 1288 eruditi,
716 1209 916 1273 literis
944 1209 1221 1289 antiquis
1266 1210 1456 1273 cilicii
1489 1228 1640 1290 ergo
1672 1216 1996 1286 vacantes,
2029 1228 2225 1294 Opera
2249 1230 2361 1275 sua
2396 1230 2623 1276 ornare
2649 1220 3114 1277 consueverunt
3143 1232 3156 1276 :
3189 1232 3376 1296 spero
3421 1214 3591 1291 fore,
3640 1230 3713 1283 ut

430 1333 585 1395 mihi
635 1332 995 1412 ignoscatis.
1030 1334 1250 1414 Neque
1298 1332 1469 1395 enim
1503 1335 1631 1396 Vos
1671 1333 1844 1410 latet,
1887 1350 1989 1395 me
2020 1331 2432 1419 philologiam
2461 1339 2761 1415 tanquam
2805 1342 3083 1416 πάρεργον
3110 1339 3374 1399 tractare
3419 1340 3714 1399 coactum

441 1482 570 1529 esse
604 1470 665 1526 et
694 1464 940 1527 erudito
972 1464 1101 1527 otio
1136 1470 1379 1527 tantum
1409 1481 1543 1527 non
1572 1481 1813 1528 carere.
1852 1464 1977 1526 Sed
2019 1464 2119 1526 vel
2149 1464 2239 1528 sic
2279 1464 2358 1527 de
2384 1463 2584 1527 literis
2612 1463 2889 1544 antiquis
2912 1512 2928 1539 ,
2959 1463 3152 1526 sacris
3180 1463 3415 1543 pariter
3448 1480 3522 1527 ac
3554 1481 3716 1545 pro-

439 1594 628 1669 fanis,
657 1594 831 1656 bene
861 1595 1093 1657 mereri
1131 1613 1324 1677 porro
1350 1598 1657 1671 conabor,
1688 1596 1895 1659 donec
1926 1597 2076 1669 Vos,
2101 1595 2231 1658 Viri
2255 1593 2697 1670 eruditissimi,
2729 1611 2874 1656 cum
2902 1591 3211 1655 similibus
3230 1593 3521 1655 Vestrum
3551 1590 3716 1651 meis

438 1722 761 1786 conatibus
787 1720 997 1786 favere
1028 1723 1233 1787 video.
1275 1723 1457 1805 Quod
1478 1731 1548 1788 ut
1576 1742 1771 1807 porro
1803 1724 2044 1787 faciatis
2079 1729 2275 1805 utque
2306 1739 2408 1785 me
2430 1740 2641 1785 amare
2662 1720 2937 1803 pergatis
2957 1768 2973 1797 ,
3008 1721 3135 1785 Vos
3161 1737 3317 1800 rogo
3348 1727 3537 1802 atque
3568 1734 3710 1782 oro.

439 1848 670 1912 Valete.

508 2015 742 2078 Dabam
771 2017 992 2077 Bernae
1020 2013 1453 2081 Helvetiorum
1483 2013 1690 2098 pridie
1720 2013 1845 2078 Cal.
1877 2013 2077 2096 April.
2103 2015 2555 2077 MDCCCLVIII.

2588 2290 2655 2348 A.
2711 2287 2997 2351 humus.
