4100 6276
12 884 73 1069 r

337 244 445 296 τιεί

3508 260 3611 316 718

1428 532 2500 691 PRZEFATIO.

409 781 575 843 Ecce
612 777 775 854 Tibi,
814 776 1016 877 lector
1063 774 1397 853 benevole,
1459 760 1792 841 thesaurus
1851 776 2225 877 eruditionis
2280 782 2657 865 theologica
2714 795 2776 851 et
2820 791 3184 873 philologm,
3227 796 3595 877 depromtus
3635 760 3640 765 η

334 900 413 944 ex
440 882 616 957 Elite,
649 875 1069 959 metrOpolitaa
1106 876 1330 953 Cretae,
1360 876 1848 940 Commentariis
1900 875 1970 939 in
2000 879 2061 941 S.
2093 881 2377 960 Gregorii
2405 883 2779 949 Nazianzeni
2816 884 3133 954 orationes
3165 875 3328 955 ΧΙΧῘ
3362 897 3598 970 Quibus

333 981 593 1061 quidem
622 978 702 1041 de
737 976 1214 1041 Commentariis
1245 976 1613 1057 priusquam
1647 974 1833 1037 verba
1870 975 2195 1054 faciamus,
2226 980 2567 1048 dicendum
2610 985 2727 1049 erit
2760 986 2838 1049 de
2861 988 2987 1051 Elia
3028 991 3170 1054 ipso
3201 994 3409 1077 deque
3446 999 3598 1063 reli-

333 1083 479 1165 quis
508 1081 643 1162 ejus
673 1078 945 1159 scriptis.
2460 1138 2467 1145 ο

408 1185 498 1245 De
528 1186 732 1256 aetate,
758 1195 882 1260 qua
908 1177 1075 1240 Elias
1099 1173 1346 1250 vixerit,
1378 1173 1585 1238 adhuc
1616 1174 1734 1237 sub
1761 1177 1976 1257 judice
1999 1174 2074 1239 lis
2104 1185 2217 1240 est.
2242 1180 2651 1245 Leunclavius
2680 1184 2935 1264 quidem
2967 1206 3159 1268 quum
3190 1211 3496 1273 prooemio
3526 1198 3593 1263 in

334 1298 515 1354 Suam
550 1286 611 1346 S.
648 1279 938 1360 Gregorii
975 1275 1356 1340 Nazianzeni
1396 1276 1743 1339 editionem
1779 1276 1860 1359 (a)
1898 1298 1963 1359 p.
2013 1280 2097 1341 III
2140 1280 2421 1358 dixisset,
2463 1283 2581 1345 sibi
2624 1302 2752 1347 non
2783 1295 3094 1366 constare,
3129 1297 3383 1373 quando
3426 1301 3591 1364 Elius

329 1387 578 1460 vixerit,
606 1392 817 1447 tamen
848 1377 1087 1441 ibidem
1110 1395 1175 1457 p.
1207 1375 1287 1437 IV
1308 1374 1431 1438 hoc
1452 1374 1531 1438 de
1563 1392 1636 1439 ea
1665 1376 2019 1457 quaestione
2040 1378 2182 1440 tulit
2202 1380 2547 1461 judicium:
2583 1407 2612 1439 «
2638 1385 2814 1458 Quod
2837 1386 2888 1448 si
2918 1387 3039 1452 hoc
3070 1409 3328 1474 quoque
3362 1398 3596 1463 adden-

331 1494 481 1556 dum
512 1493 606 1551 est
633 1487 711 1550 de
746 1482 901 1558 Elia,
938 1479 1235 1561 equidem
1265 1477 1558 1542 existimo
1589 1478 1817 1541 vixisse
1848 1480 1911 1542 id
1941 1482 2247 1562 temporis
2270 1482 2619 1561 hominem,
2651 1505 2845 1567 quum
2878 1492 3053 1556 Creta
3081 1513 3197 1575 per
3215 1498 3593 1567 Sarracenos

330 1598 639 1673 occupata
679 1594 740 1651 et
766 1580 1131 1667 Byzantinis
1160 1580 1650 1660 imperatoribus
1689 1580 1856 1642 esset
1894 1580 2163 1657 ademta,
2207 1582 2503 1647 nimirum
2539 1588 2723 1650 annis
2759 1591 2838 1652 ab
2869 1607 3005 1655 aevo
3049 1602 3267 1661 nostro
3294 1600 3438 1681 plus
3466 1605 3585 1665 mi-

327 1715 449 1759 nus
479 1689 809 1757 sexcentis.
863 1685 1095 1750 Scribit
1132 1685 1301 1747 enim
1348 1679 1660 1763 procemio
1689 1681 2164 1745 Commentariis
2195 1686 2543 1764 praamisso,
2580 1687 2659 1751 ab
2693 1706 2761 1751 se
2802 1690 2865 1753 in
2895 1693 3115 1758 exsilio
3143 1679 3443 1780 scriptum
3470 1705 3591 1772 hoc

327 1797 719 1861 elaboratum
753 1790 948 1853 fuisse
986 1787 1069 1869 (ὁ)
1104 1804 1118 1849 :
1151 1785 1325 1867 quod
1358 1782 1647 1846 exsilium
1676 1800 1828 1848 sane
1859 1785 1927 1847 in
1965 1786 2082 1849 hos
2120 1787 2295 1867 ipsos
2331 1804 2533 1850 annos
2569 1789 2818 1853 saevitia:
2859 1795 3278 1861 Sarracenica:
3306 1802 3585 1873 incidero

322 1898 595 1961 videtur.
627 1918 656 1954 ia
680 1882 1061 1957 Leunclavio
1093 1886 1533 1989 adstipulatus,
1560 1885 1936 1989 Streub‘erus
1971 1898 2000 1951 ὁ
2035 1897 2348 1969 μακαρίτης
2392 1890 2455 1951 in
2490 1893 2762 1973 Serapco
2796 1912 2853 1957 a.
2891 1894 3061 1970 1856,
3087 1918 3149 1979 p.
3180 1901 3281 1965 181
3317 1924 3413 1989 sq.
3440 1911 3591 1974 Elia,

326 1995 828 2063 Commentarios
859 1998 1005 2074 post
1035 1993 1106 2052 Α.
1132 1991 1197 2052 C.
1231 1987 1346 2049 823
1388 1986 1659 2067 scriptos
1698 1987 2092 2051 existimavit.
2140 1992 2189 2049 A
2214 1989 2572 2052 Leunclavii
2594 1992 2954 2072 conjectura
2976 1995 3139 2059 illud
3170 1999 3336 2065 haud
3364 1986 3594 2073 abhor-

319 2106 440 2174 ret,
476 2095 646 2177 quod
677 2094 808 2169 alii,
839 2093 906 2155 in
937 2092 1169 2172 quibus
1210 2091 1445 2152 Caveus
1492 2087 1804 2166 Scriptor.
1834 2087 2076 2150 Eccles.
2115 2089 2285 2150 Hist.
2320 2090 2446 2151 Lit.
2498 2091 2818 2155 ed.‘Basi-l.
2852 2102 2897 2156 t.
2927 2098 2954 2157 Ι
2982 2117 3048 2178 p.
3095 2100 3233 2176 641,
3264 2105 3384 2167 col.
3424 2108 3469 2181 1,
3529 2118 3591 2173 et

320 2201 490 2263 Elias
520 2197 806 2278 Dupinus
839 2194 1019 2258 Nova
1046 2189 1352 2253 Biblioth.
1382 2189 1694 2270 Scriptor.
1732 2188 1968 2251 Eccles.
2000 2199 2046 2251 t.
2085 2192 2159 2252 VI
2185 2210 2252 2272 p.
2293 2189 2427 2265 127,
2458 2191 2654 2255 Eliam
2687 2203 2969 2259 nostrum
3001 2202 3272 2266 eundem
3301 2224 3439 2271 esse
3470 2218 3590 2275 sta-

320 2305 604 2372 tuerunt,
633 2310 705 2359 ae
749 2294 948 2356 Eliam
978 2290 1365 2354 Cretensium
1396 2288 1791 2369 episcopum,
1827 2304 2016 2367 quem
2047 2290 2294 2369 synodo
2326 2290 2596 2354 Nicaeum
2626 2295 2704 2369 Π,
2736 2297 2805 2357 Δ.
2834 2298 2899 2357 C.
2935 2298 3046 2360 787
3084 2298 3334 2379 habitae,
3375 2307 3574 2373 inter-

318 2404 524 2467 fuisse
570 2399 835 2461 constat.
867 2391 1053 2473 Atqui
1078 2390 1144 2452 in
1172 2386 1489 2452 Prooemio
1516 2387 1669 2449 Elite
1716 2388 2320 2451 Commentariorum
2352 2397 2519 2454 certa
2564 2392 3130 2474 deprehenduntur
3177 2402 3433 2484 indicia,
3476 2427 3590 2474 no-

320 2514 523 2570 strum
550 2500 629 2564 ab
655 2499 852 2563 altero
873 2494 984 2558 illo
1014 2494 1146 2557 Elia
1178 2508 1439 2575 prorsus
1489 2489 1804 2553 diversum
1834 2489 2027 2553 fuisse
2058 2497 2119 2553 et
2148 2490 2340 2572 longo
2387 2501 2532 2575 post
2562 2513 2708 2560 eum
2741 2501 3099 2581 temporum
3145 2504 3471 2575 intervallo
3499 2515 3587 2577 vi-

318 2608 510 2669 xisse.
543 2603 703 2667 Dicit
732 2604 943 2664 autem
969 2598 1039 2661 in
1079 2592 1396 2659 Prommio
1446 2592 1635 2667 Elias,
1663 2607 1742 2652 ex
1767 2588 1845 2651 iis
1881 2590 1944 2650 S.
1976 2592 2259 2671 Gregorii
2291 2594 2763 2676 interpretibus,
2796 2600 2907 2680 qui
2939 2602 3217 2668 sedecim
3264 2610 3399 2690 ejus
3440 2631 3584 2678 ora-

315 2709 546 2781 tiones,
563 2706 749 2784 vulgo
773 2717 904 2773 uno
927 2698 1245 2762 volumine
1268 2691 1729 2775 comprehendi
1741 2689 1981 2766 solitas,
2006 2692 2499 2772 explanaverint,
2522 2696 2823 2760 Basilium
2840 2707 3082 2767 tantum
3106 2713 3168 2768 et
3186 2709 3581 2791 Gregorium,

313 2811 468 2876 licet
514 2802 969 2891 perfunctorie,
1005 2817 1114 2863 eas
1159 2814 1416 2881 quoque
1446 2800 1770 2870 tractasse,
1823 2813 1981 2876 quas
2008 2795 2172 2876 ipse,
2216 2794 2408 2874 longo
2439 2804 2584 2877 post
2601 2799 2745 2863 illos
2772 2806 3079 2882 temporis
3118 2807 3445 2876 intervallo
3476 2816 3580 2898 (ο),

314 2932 489 2977 nunc
518 2911 639 2974 sibi
665 2905 1067 2972 illustrandas
1098 2908 1323 2967 sumat.
1350 2901 1489 2964 Iam
1513 2915 1665 2962 vero
1692 2903 1960 2974 constat,
1984 2899 2305 2975 Basilium,
2333 2902 2395 2961 S.
2426 2902 2713 2980 Gregorii
2734 2902 3140 2984 scholiasten,
3173 2912 3305 2990 qui,
3336 2932 3417 2978 ne
3439 2934 3584 2981 cum

313 3015 628 3080 S.Basilio
675 3015 903 3091 Magno
951 3005 1473 3079 confunderetur,
1532 3008 1817 3081 ἐλάχιστος
1857 2998 2017 3081 ipse,
2054 3018 2172 3080 pro
2219 3000 2527 3064 modestia
2570 3018 2678 3064 sua
2704 3049 2718 3077 ,
2767 3005 3080 3070 nominari
3117 3012 3333 3089 voluit,
3358 3032 3471 3079 sua
3517 3018 3584 3079 in

313 3120 381 3182 S.
404 3115 775 3198 Gregorium
800 3110 1039 3175 scholia
1059 3106 1465 3172 Constantino
1485 3102 2037 3186 Porphyrogenito
2055 3102 2377 3165 dedicasse
2394 3102 2507 3183 (ἁ),
2530 3103 2743 3185 itaque
2767 3107 2979 3186 priore
3012 3108 3272 3175 dimidio
3295 3116 3509 3179 saeculi
3530 3118 3587 3178 X

313 3220 570 3284 vixisse.
598 3214 741 3279 Vid.
775 3212 1003 3276 Oudin.
1030 3206 1266 3273 Comm.
1300 3206 1374 3268 de
1409 3205 1647 3285 Script.
1679 3202 1852 3266 Eccl.
1883 3209 1930 3265 t.
1954 3204 1982 3264 Ι
2010 3201 2133 3265 col.
2167 3200 2279 3262 649
2300 3207 2484 3282 sq.,t.
2521 3203 2577 3263 lI
2608 3222 2672 3284 p.
2706 3202 2820 3266 438
2853 3205 2954 3286 (ε).
2982 3209 3321 3288 Gregorius
3345 3223 3579 3293 autem,

314 3321 649 3406 presbyter
690 3311 1110 3385 Cmsariensis,
1142 3308 1301 3372 alter
1328 3305 1433 3369 ille
1463 3304 1831 3369 scholiastes
1866 3304 1964 3406 Aab
1989 3302 2124 3365 Elia
2162 3310 2715 3406 commemoratus,
2744 3305 2952 3368 Basilii
2982 3311 3243 3391 tequalis
3268 3313 3407 3376 fuit.
3441 3318 3580 3381 Vid.

313 3403 543 3485 Oudin.
572 3428 621 3482 t.
651 3420 708 3481 ΙΙ
747 3416 869 3482 col.
922 3412 1038 3476 443
1072 3430 1169 3492 sq.
1204 3408 1354 3472 Hac
1385 3424 1582 3490 quum
1628 3406 1714 3470 ita
1751 3422 1819 3468 se
1865 3403 2159 3478 habeant,
2198 3403 2458 3465 dubium
2490 3420 2620 3467 non
2658 3412 2774 3481 est,
2836 3407 2991 3487 quin
3036 3409 3201 3472 Elias
3250 3418 3432 3478 rotate
3457 3417 3581 3480 illis

313 3522 515 3586 multo
548 3519 863 3585 recentior
890 3515 1101 3579 fuerit.
1134 3513 1365 3574 Verum
1401 3526 1480 3572 ex
1504 3508 1656 3571 Elite
1690 3507 1758 3570 in
1790 3504 2285 3571 Commentarios
2314 3506 2632 3569 Prommio
2661 3506 3016 3587 expiscatus
3036 3517 3129 3574 est
3158 3514 3438 3578 Oudinus
3465 3524 3512 3579 t.
3557 3522 3583 3580 Ι

314 3628 442 3693 col.
495 3626 633 3702 649,
668 3632 712 3687 t.
747 3626 802 3687 ll
841 3621 965 3687 col.
1002 3618 1152 3683 1069
1184 3637 1279 3698 sq.
1316 3615 1451 3698 qui,
1481 3614 1630 3681 licet
1664 3613 1952 3692 neglecto
1984 3609 2309 3694 primario,
2338 3628 2469 3692 quo
2499 3628 2617 3676 nos
2637 3629 2830 3694 supra
2867 3614 2968 3677 usi
3010 3626 3251 3695 sumus,
3279 3618 3448 3697 loco,
3481 3630 3578 3687 ta-

315 3748 467 3794 men
494 3729 733 3812 primus
761 3725 981 3808 pulcre
1010 3720 1185 3795 vidit,
1210 3719 1431 3794 Etiam,
1465 3717 1707 3799 quippe
1764 3714 1993 3778 Basilio
2027 3720 2091 3777 et
2128 3713 2458 3791 Gregorio,
2500 3712 2878 3791 scholiastis,
2921 3723 3105 3781 mtate
3134 3723 3577 3798 recentiorem,

313 3835 396 3898 ab
421 3832 620 3896 altero
650 3831 760 3894 illo
784 3826 1001 3893 saeculi
1043 3826 1180 3888 VIII
1208 3823 1341 3886 Elia
1382 3823 1584 3905 probe
1628 3818 2114 3884 discernendum
2144 3825 2206 3881 et
2232 3819 2311 3882 ad
2349 3836 2553 3881 divum
2595 3819 2795 3882 multo
2833 3823 3149 3887 recentius
3179 3826 3578 3893 referendum

312 3936 485 3997 esse.
508 3934 730 4014 Neque
760 3938 973 3994 tamen
1003 3927 1171 3990 idem
1207 3924 1490 3988 Oudinus
1520 3941 1721 3987 novos
1753 3940 1999 3985 errores
2027 3922 2177 3985 satis
2211 3921 2391 3985 cavit.
2424 3923 2580 3985 Nam
2606 3923 2879 4003 primum
2909 3926 3163 4005 quidem
3193 3929 3486 3993 Basilium
3517 3939 3580 3995 et

316 4037 690 4116 Gregorium
718 4034 796 4097 ab
834 4033 965 4096 Elia
990 4032 1057 4095 in
1087 4030 1320 4111 priscis
1362 4024 1814 4109 interpretibus
1843 4029 2213 4091 nominatim
2261 4027 2482 4091 referri
2512 4034 2749 4093 temere
2778 4031 3218 4110 pronunciavit
3265 4039 3311 4095 t.
3346 4037 3404 4097 II
3452 4037 3573 4100 col.

319 4138 474 4201 1069
505 4155 603 4217 sq.
639 4153 834 4217 quum
865 4133 973 4196 ille
1000 4133 1065 4195 id
1087 4138 1326 4195 tantum
1361 4131 1527 4194 dicat
1555 4148 1568 4191 ε
1602 4130 1665 4191 S.
1704 4129 1987 4209 Gregorii
2009 4130 2329 4193 orationes
2353 4131 2540 4206 XVII,
2573 4130 2758 4210 vulgo
2790 4131 2907 4193 teri
2943 4132 3176 4209 solitas,
3210 4135 3441 4201 multos
3484 4139 3580 4200 in-

315 4245 650 4322 terpretes,
693 4243 755 4300 et
783 4243 1028 4298 veteres
1061 4240 1123 4297 et
1151 4240 1462 4309 recentes,
1490 4241 1705 4295 nactas
1734 4248 1896 4293 esse.
1929 4230 2169 4294 Deinde
2199 4248 2329 4293 non
2369 4238 2523 4305 erat,
2556 4250 2669 4294 cur
2709 4231 2989 4294 Oudinus
3024 4234 3177 4296 ibid.
3210 4254 3273 4315 p.
3304 4236 3476 4311 1070,
3508 4239 3578 4304 in

315 4341 680 4407 recentibus
708 4336 1160 4418 interpretibus
1191 4335 1472 4398 Nicetam
1503 4332 1894 4407 Serronium,
1957 4332 2069 4412 qui
2099 4335 2169 4394 A.
2203 4333 2266 4393 C.
2308 4330 2456 4393 1080
2487 4328 2639 4394 vixit
2680 4331 2828 4411 (vid.
2859 4333 3084 4394 Oudin.
3113 4341 3159 4395 t.
3187 4337 3215 4396 Ι
3257 4337 3377 4399 col.
3407 4337 3572 4423 651),

311 4446 394 4510 ab
426 4443 557 4507 Elia
588 4440 948 4521 signiﬁcari,
976 4446 1038 4501 et
1057 4437 1227 4501 hunc
1247 4436 1487 4519 aliquot
1510 4434 1834 4497 decenniis
1860 4433 1951 4494 illi
1986 4433 2399 4514 posteriorem
2426 4432 2645 4507 fuisse,
2673 4432 2888 4511 itaque
2923 4434 3021 4495 vix
3053 4442 3197 4497 ante
3220 4440 3289 4498 Λ.
3316 4439 3378 4499 C.
3425 4438 3573 4501 1120

312 4543 757 4611 collocandum
787 4558 923 4603 esse
954 4545 1275 4602 statueret.
1313 4539 1461 4611 Quae
1493 4540 1711 4598 contra
1742 4549 1886 4612 ego,
1915 4539 1986 4594 ut
2013 4532 2080 4594 in
2111 4551 2180 4595 re
2196 4530 2408 4608 dubia,
2439 4530 2527 4595 ita
2555 4537 2761 4594 statuo
2781 4533 3014 4606 :Quum
3044 4533 3207 4595 Elias
3234 4543 3378 4615 post
3405 4540 3571 4599 Con-

311 4648 657 4711 stantinum
682 4640 1305 4724 Porphyrogenitum
1334 4640 1528 4700 Cretae
1559 4632 1963 4714 metropolita
1993 4634 2320 4709 exstiterit,
2345 4651 2607 4698 necesse
2637 4640 2750 4709 est,
2774 4641 2918 4714 post
2946 4634 3287 4717 Nicephori
3314 4657 3572 4722 quoque

306 4748 539 4809 Phoceu
574 4752 863 4825 tempora
878 4743 1123 4804 vixerit.
1155 4741 1273 4814 Qui
1305 4755 1501 4820 quum
1531 4740 1773 4799 Cretam
1802 4735 2073 4798 insulam
2101 4741 2172 4796 A.
2203 4738 2268 4796 C.
2301 4738 2409 4796 961
2446 4742 2879 4816 recuperasset
2906 4734 3007 4815 (Ι),
3033 4744 3325 4819 essetque
3350 4742 3572 4822 religio

309 4847 680 4922 Christiana,
712 4862 829 4926 pro
860 4861 935 4907 ea
954 4842 1260 4905 militante
1281 4840 1521 4904 Nicone
1536 4835 1874 4914 monacho,
1904 4836 2035 4899 illic
2060 4842 2425 4912 restaurata,
2447 4842 2578 4898 tum
2601 4835 2856 4898 demum
2878 4838 3061 4900 sedes
3088 4841 3573 4922 metrOpolitana

374 384 3574 435 mw

382 4996 463 5068 (a)
486 4996 559 5052 De
582 4994 1075 5068 eaeditioneyqua;
1094 4992 1225 5048 Elia:
1244 4989 1891 5068 CommentariosLatinp
1998 4989 2405 5068 signiﬁcatione
2450 4997 2591 5068 gunt
2642 4990 2827 5068 dicta,
2874 5005 2983 5061 qua
3035 4991 3271 5068 formula
3340 4997 3572 5051 κατόπιν

382 5005 463 5068 (a)
487 5005 559 5052 De
582 5011 647 5052 ea
664 5005 1075 5063 editione,qua3
1094 5005 1225 5048 [suae
1244 5005 1891 5046 Commentariosmune
1998 5005 2405 5114 sngmncauone
2459 5005 2591 5045 sunt
2649 5005 2827 5053 uicta,
2874 5005 2983 5061 qua
3035 5005 3271 5047 Iormula
3340 5005 3567 5051 κατόπιν

310 5083 506 5143 versos
539 5070 789 5143 continet
810 5079 893 5143 ac
915 5064 1158 5143 Basilina
1181 5079 1230 5143 a.
1458 5058 1888 5143 pllqdiituconf.
1996 5061 2058 5143 ἐξ
2096 5063 2175 5143 εἶν
2202 5077 2347 5143 τινος
2384 5075 2413 5114 a
2442 5060 2819 5143 Graeculorum
2860 5064 3222 5143 encomiastia
3249 5076 3567 5143 usurpatur.

313 5138 509 5195 llarles
555 5137 621 5191 ad
660 5136 876 5191 Fabric.
908 5134 1049 5191 Bibl.
1080 5152 1164 5202 gr.
1199 5142 1240 5188 t.
1277 5130 1391 5187 Vlll
1425 5130 1476 5202 p2
1508 5132 1633 5199 594,
1694 5130 1889 5186 Strcu-
1998 5132 2264 5185 nimirum
2297 5133 2362 5186 de
2402 5145 2491 5193 eo,
2525 5134 2621 5201 qui
2651 5134 3026 5202 praestantiam
3060 5133 3297 5201 alicujus
3331 5130 3571 5194 Inimicis

311 5212 479 5265 herus
517 5209 572 5262 in
605 5209 832 5276 δεῖ-ηρεο
863 5221 914 5259 a.
960 5202 1113 5272 1856,
1145 5221 1201 5276 p.
1237 5203 1479 5276 i78_sqq.
1554 5271 1570 5276 Α
1607 5273 1616 5276 _
1684 5270 1710 5276 _
1757 5270 1766 5276 ι
1804 5271 1814 5276 _
1998 5202 2082 5276 vel
2116 5202 2473 5276 re_i_oratiune
2502 5218 2613 5276 no_n
2636 5203 2985 5276 assequitur.
3026 5202 3186 5276 conf.
3219 5219 3355 5276 vpc.
3390 5204 3572 5267 Theo-

382 5270 1524 5353 (b)_Conginseriplio_coInn'ientariorunl
1547 5270 1717 5353 191.ιὲ
1748 5270 1891 5343 (sine
1998 5272 2140 5353 dor.“
2164 5270 2390 5353 llvrtac.
2422 5286 2520 5353 ειν.
2554 5270 2892 5353 Boissojrad;
2913 5274 3114 5353 Λιιεε-ᾴ.
3148 5283 3189 5327 t.
3229 5271 3316 5339 111,
3340 5290 3396 5345 p.
3422 5276 3458 5329 2

318 5341 491 5419 aunt.)
528 5365 575 5404 r.
607 5341 907 5420 κἘξήγησὶς
941 5348 1021 5411 εἰς
1047 5348 1175 5420 τοὺς
1206 5346 1397 5420 λόγους
1434 5341 1527 5420 toi}
1564 5343 1721 5420 ᾁγέου
1750 5341 1890 5414 γρη-

1701 5360 1721 5394 δ
1750 5341 1890 5414 γρη-
2180 5341 2326 5420 _\]ide
2358 5341 2503 5420 infra
2531 5344 2638 5420 col.
2666 5343 2825 5420 ιυῖζ).
2856 5342 3250 5420 ΕψτηΡλτςη.--
3315 5414 3320 5420 ι

320 5411 500 5502 {opim}
535 5419 630 5474 τοῦ
669 5411 945 5487 σεὸλόγου,
988 5411 1290 5487 πονηϐεἰσά
1328 5413 1407 5486 τῷ
1446 5413 1655 5468 εὐτελεῖ
1690 5411 1894 5484 μητέρό-

320 5492 503 5536 ηολίτῇ
529 5492 739 5536 tofm-rc
757 5489 906 5536 ἠλὶα-
936 5488 1233 5536 ﬁni-monia:
1267 5484 1648 5536 rvwa’roru.

2068 5415 2142 5482 (ε)
2178 5411 2464 5466 Notandus
2492 5411 2594 5466 hoc
2619 5413 2738 5468 loco
2767 5411 3066 5478 Lambecii,
3105 5415 3173 5469 ab
3213 5413 3428 5486 Qudino
3458 5416 3566 5474 col.

1996 5485 2103 5536 “‘2
2129 5499 2215 5536 sa.
2254 5482 2486 5536 laudati.
2532 5498 2710 5536 error.
2756 5485 2850 5536 aui
2894 5493 3087 5536 contra
3135 5483 3267 5536 Elia:
3302 5485 3566 5536 disertum

310 5483 504 5561 ἄιολίτῃ
529 5492 739 5573 κρὴτης
757 5483 1233 5571 ὴλῖφηὺπερόρζφ
1267 5483 1648 5575 τυχχάνρνει.
1695 5483 1698 5484 ⁷
1772 5483 1816 5573 ί

315 5631 353 5636 __
377 5561 453 5636 g9)
496 5560 612 5636 Hoc
631 5577 786 5636 enim
817 5563 922 5616 sub:
950 5559 1139 5636 volunt
1163 5566 1268 5615 ista
1290 5578 1301 5613 :
1321 5575 1397 5611 ων
1428 5555 1610 5636 πυέλῳ
1637 5570 1893 5636 καφοεζιν

1996 5485 2103 5540 442
2129 5499 2215 5552 sq.
2254 5483 2486 5545 laudati,
2532 5498 2710 5549 error,
2756 5485 2850 5553 qui
2894 5493 3087 5540 contra
3135 5483 3267 5537 Elia:
3302 5485 3568 5540 disertum

1998 5554 2296 5636 deBa‘silio
2342 5553 2720 5636 testiinonium
2764 5555 2903 5636 falso
2931 5553 3353 5636 pronuncia'yitl,‘
3381 5555 3456 5608 illi
3500 5558 3568 5636 ali

310 5623 492 5706 90030
523 5632 835 5706 αὐτὸς-(ιρι.
874 5644 996 5706 quae
1028 5629 1095 5706 de
1150 5640 1396 5706 tempore
1437 5623 1887 5706 accipienda
1998 5623 2125 5706 Elia.
2147 5624 2588 5706 Commentarios
2616 5625 2670 5678 in
2707 5623 2949 5681 sederim
2986 5633 3195 5680 tantum
3224 5624 3283 5679 S.
3314 5623 3568 5696 Gregorii

310 5698 607 5757 Ruhnken.
644 5702 713 5755 ad
755 5695 907 5755 Tim:
953 5699 1015 5754 L.
1049 5698 1113 5753 γ.
1154 5698 1235 5753 ΡΙ.
1263 5695 1325 5752 ”ν.
1374 5696 1628 5758 κατόπιν,
1664 5712 1718 5766 p.
1756 5695 1875 5749 154.

881 5695 907 5754 .’
953 5699 1015 5754 L.
1049 5698 1113 5753 γ.
1154 5698 1235 5753 ΡΙ.
1263 5695 1325 5752 ’ν.
1374 5696 1628 5758 κατόπιν.
1664 5712 1718 5766 p.
1756 5695 1875 5749 154.
1989 5695 2272 5766 orationes
2304 5695 2494 5766 tribui.

303 5769 622 5829 Sthwebel.
674 5772 742 5826 ad
777 5770 1089 5826 Onusandr.
1131 5768 1362 5840 Slrateg.
1412 5785 1465 5839 p.
1508 5769 1622 5840 7|),
1665 5761 1761 5821 nec
1807 5781 1870 5820 ea

2054 5764 2133 5835 (Γ)
2174 5762 2297 5818 Vitl.
2329 5761 2494 5818 Leon.
2532 5763 2758 5820 Diacon.
2792 5765 2936 5819 Hist.
2966 5764 3042 5821 lib
3096 5764 3140 5819 11
3178 5779 3301 5836 cap.
3345 5767 3375 5823 6
3408 5778 3559 5835 seqq.

584 5868 857 5929 Pnaoa.
905 5867 1020 5928 (in.
1053 5865 1346 5927 XXXVI.

3130 5859 3207 5919 24
