  <div class='ocr_page' id='page_1' title='image "/cluster/home/n/w/nwhite01/storage/ocr_20150623/36/hvd.32044024464877/400.png"; bbox 0 0 4100 6276; ppageno 0'>
   <div class='ocr_carea' id='block_1_1' title="bbox 390 224 2009 300">
    <p class='ocr_par' dir='ltr' id='par_1_1' title="bbox 390 246 498 300">
     <span class='ocr_line' id='line_1_1' title="bbox 390 246 498 300; baseline -0.019 0"><span class='ocrx_word' id='word_1_1' title='bbox 390 246 498 300; x_wconf 70' lang='grc' dir='ltr'>τω</span> 
     </span>
    </p>
   </div>
   <div class='ocr_carea' id='block_1_2' title="bbox 2052 224 3671 300">
    <p class='ocr_par' dir='ltr' id='par_1_2' title="bbox 3568 224 3671 278">
     <span class='ocr_line' id='line_1_2' title="bbox 3568 224 3671 278; baseline 0 0"><span class='ocrx_word' id='word_1_2' title='bbox 3568 224 3671 278; x_wconf 70' lang='grc'>’750</span> 
     </span>
    </p>
   </div>
   <div class='ocr_carea' id='block_1_3' title="bbox 386 341 3677 445">
    <p class='ocr_par' dir='ltr' id='par_1_3' title="bbox 386 341 3677 445">
     <span class='ocr_line' id='line_1_3' title="bbox 386 341 3677 445; baseline -0.006 -17"><span class='ocrx_word' id='word_1_3' title='bbox 386 383 557 428; x_wconf 86' lang='lat' dir='ltr'>mum</span> <span class='ocrx_word' id='word_1_4' title='bbox 590 362 846 445; x_wconf 86' lang='lat' dir='ltr'>quidem</span> <span class='ocrx_word' id='word_1_5' title='bbox 866 409 880 436; x_wconf 93' lang='lat'>,</span> <span class='ocrx_word' id='word_1_6' title='bbox 913 360 1022 440; x_wconf 91' lang='lat' dir='ltr'>qui</span> <span class='ocrx_word' id='word_1_7' title='bbox 1058 358 1133 420; x_wconf 91' lang='lat' dir='ltr'>iis</span> <span class='ocrx_word' id='word_1_8' title='bbox 1163 356 1436 419; x_wconf 85' lang='lat' dir='ltr'>insertus</span> <span class='ocrx_word' id='word_1_9' title='bbox 1466 355 1559 413; x_wconf 89' lang='lat' dir='ltr'>est</span> <span class='ocrx_word' id='word_1_10' title='bbox 1591 348 1924 410; x_wconf 75' lang='lat' dir='ltr'>contextus</span> <span class='ocrx_word' id='word_1_11' title='bbox 1949 341 2315 406; x_wconf 82' lang='lat' dir='ltr'>Orationum</span> <span class='ocrx_word' id='word_1_12' title='bbox 2361 344 2422 403; x_wconf 86' lang='grc'>8.</span> <span class='ocrx_word' id='word_1_13' title='bbox 2458 344 2782 423; x_wconf 88' lang='lat' dir='ltr'>Gregorii,</span> <span class='ocrx_word' id='word_1_14' title='bbox 2814 342 2932 406; x_wconf 91' lang='lat' dir='ltr'>etsi</span> <span class='ocrx_word' id='word_1_15' title='bbox 2964 343 3093 407; x_wconf 90' lang='lat' dir='ltr'>suis</span> <span class='ocrx_word' id='word_1_16' title='bbox 3119 343 3283 407; x_wconf 79' lang='lat' dir='ltr'>vitiis</span> <span class='ocrx_word' id='word_1_17' title='bbox 3314 359 3442 405; x_wconf 90' lang='lat' dir='ltr'>non</span> <span class='ocrx_word' id='word_1_18' title='bbox 3470 352 3677 420; x_wconf 82' lang='lat' dir='ltr'>caret,</span> 
     </span>
    </p>
   </div>
   <div class='ocr_carea' id='block_1_4' title="bbox 384 443 3677 546">
    <p class='ocr_par' dir='ltr' id='par_1_4' title="bbox 384 443 3677 546">
     <span class='ocr_line' id='line_1_4' title="bbox 384 443 3677 546; baseline -0.008 -14"><span class='ocrx_word' id='word_1_19' title='bbox 384 478 597 532; x_wconf 86' lang='lat' dir='ltr'>tamen</span> <span class='ocrx_word' id='word_1_20' title='bbox 612 443 799 546; x_wconf 34' lang='lat' dir='ltr'>‘sazpe</span> <span class='ocrx_word' id='word_1_21' title='bbox 833 478 978 527; x_wconf 92' lang='lat' dir='ltr'>cum</span> <span class='ocrx_word' id='word_1_22' title='bbox 1010 456 1266 542; x_wconf 82' lang='lat' dir='ltr'>Optimis</span> <span class='ocrx_word' id='word_1_23' title='bbox 1288 504 1303 532; x_wconf 93' lang='lat'>,</span> <span class='ocrx_word' id='word_1_24' title='bbox 1337 453 1569 535; x_wconf 86' lang='lat' dir='ltr'>quibus</span> <span class='ocrx_word' id='word_1_25' title='bbox 1612 447 2051 511; x_wconf 88' lang='lat' dir='ltr'>Clemencetus</span> <span class='ocrx_word' id='word_1_26' title='bbox 2080 449 2177 506; x_wconf 88' lang='lat' dir='ltr'>est</span> <span class='ocrx_word' id='word_1_27' title='bbox 2215 461 2403 519; x_wconf 90' lang='lat' dir='ltr'>usus,</span> <span class='ocrx_word' id='word_1_28' title='bbox 2437 443 2767 509; x_wconf 87' lang='lat' dir='ltr'>codicibus</span> <span class='ocrx_word' id='word_1_29' title='bbox 2796 463 2992 509; x_wconf 87' lang='lat' dir='ltr'>manu</span> <span class='ocrx_word' id='word_1_30' title='bbox 3024 447 3276 529; x_wconf 85' lang='lat' dir='ltr'>scriptis</span> <span class='ocrx_word' id='word_1_31' title='bbox 3320 447 3636 528; x_wconf 78' lang='lat' dir='ltr'>conspirat</span> <span class='ocrx_word' id='word_1_32' title='bbox 3663 496 3677 525; x_wconf 83' lang='lat'>,</span> 
     </span>
    </p>
   </div>
   <div class='ocr_carea' id='block_1_5' title="bbox 385 543 3681 640">
    <p class='ocr_par' dir='ltr' id='par_1_5' title="bbox 385 543 3681 640">
     <span class='ocr_line' id='line_1_5' title="bbox 385 543 3681 640; baseline -0.005 -11"><span class='ocrx_word' id='word_1_33' title='bbox 385 566 704 630; x_wconf 82' lang='lat' dir='ltr'>interdum</span> <span class='ocrx_word' id='word_1_34' title='bbox 721 543 891 626; x_wconf 79' lang='lat' dir='ltr'>unus</span> <span class='ocrx_word' id='word_1_35' title='bbox 914 559 1253 640; x_wconf 81' lang='lat' dir='ltr'>genuinam</span> <span class='ocrx_word' id='word_1_36' title='bbox 1283 553 1539 617; x_wconf 87' lang='lat' dir='ltr'>exhibet</span> <span class='ocrx_word' id='word_1_37' title='bbox 1567 548 1932 612; x_wconf 86' lang='lat' dir='ltr'>lectionem.</span> <span class='ocrx_word' id='word_1_38' title='bbox 1967 543 2209 607; x_wconf 82' lang='lat' dir='ltr'>Deinde</span> <span class='ocrx_word' id='word_1_39' title='bbox 2236 543 2404 606; x_wconf 86' lang='lat' dir='ltr'>Elias</span> <span class='ocrx_word' id='word_1_40' title='bbox 2436 543 2575 625; x_wconf 87' lang='lat' dir='ltr'>ipse</span> <span class='ocrx_word' id='word_1_41' title='bbox 2600 546 2993 627; x_wconf 87' lang='lat' dir='ltr'>quandoque</span> <span class='ocrx_word' id='word_1_42' title='bbox 3018 558 3202 630; x_wconf 80' lang='grc' dir='ltr'>κρίσιν</span> <span class='ocrx_word' id='word_1_43' title='bbox 3232 555 3506 613; x_wconf 78' lang='lat' dir='ltr'>exercet.</span> <span class='ocrx_word' id='word_1_44' title='bbox 3540 553 3681 613; x_wconf 85' lang='lat' dir='ltr'>Huc</span> 
     </span>
    </p>
   </div>
   <div class='ocr_carea' id='block_1_6' title="bbox 384 646 3678 748">
    <p class='ocr_par' dir='ltr' id='par_1_6' title="bbox 384 646 3678 748">
     <span class='ocr_line' id='line_1_6' title="bbox 384 646 3678 748; baseline -0.006 -13"><span class='ocrx_word' id='word_1_45' title='bbox 384 668 650 744; x_wconf 86' lang='lat' dir='ltr'>accedit,</span> <span class='ocrx_word' id='word_1_46' title='bbox 683 665 856 748; x_wconf 91' lang='lat' dir='ltr'>quod</span> <span class='ocrx_word' id='word_1_47' title='bbox 887 664 1023 745; x_wconf 89' lang='lat' dir='ltr'>ejus</span> <span class='ocrx_word' id='word_1_48' title='bbox 1050 654 1494 725; x_wconf 89' lang='lat' dir='ltr'>Commentarii</span> <span class='ocrx_word' id='word_1_49' title='bbox 1523 648 1694 714; x_wconf 89' lang='lat' dir='ltr'>haud</span> <span class='ocrx_word' id='word_1_50' title='bbox 1724 664 1868 711; x_wconf 87' lang='lat' dir='ltr'>raro</span> <span class='ocrx_word' id='word_1_51' title='bbox 1897 646 2208 709; x_wconf 90' lang='lat' dir='ltr'>lectiones</span> <span class='ocrx_word' id='word_1_52' title='bbox 2249 646 2540 727; x_wconf 64' lang='lat' dir='ltr'>praebent</span> <span class='ocrx_word' id='word_1_53' title='bbox 2578 646 3012 730; x_wconf 88' lang='lat' dir='ltr'>discrepantes</span> <span class='ocrx_word' id='word_1_54' title='bbox 3050 652 3130 714; x_wconf 90' lang='lat' dir='ltr'>ab</span> <span class='ocrx_word' id='word_1_55' title='bbox 3171 651 3249 714; x_wconf 90' lang='lat' dir='ltr'>iis</span> <span class='ocrx_word' id='word_1_56' title='bbox 3274 700 3289 728; x_wconf 92' lang='lat'>,</span> <span class='ocrx_word' id='word_1_57' title='bbox 3331 670 3490 733; x_wconf 91' lang='lat' dir='ltr'>quas</span> <span class='ocrx_word' id='word_1_58' title='bbox 3519 671 3678 718; x_wconf 87' lang='lat' dir='ltr'>con-</span> 
     </span>
    </p>
   </div>
   <div class='ocr_carea' id='block_1_7' title="bbox 384 748 3680 850">
    <p class='ocr_par' dir='ltr' id='par_1_7' title="bbox 384 748 3680 850">
     <span class='ocr_line' id='line_1_7' title="bbox 384 748 3680 850; baseline -0.006 -12"><span class='ocrx_word' id='word_1_59' title='bbox 384 785 593 838; x_wconf 89' lang='lat' dir='ltr'>textus</span> <span class='ocrx_word' id='word_1_60' title='bbox 614 772 827 846; x_wconf 88' lang='lat' dir='ltr'>habet,</span> <span class='ocrx_word' id='word_1_61' title='bbox 863 784 1098 850; x_wconf 90' lang='lat' dir='ltr'>easque</span> <span class='ocrx_word' id='word_1_62' title='bbox 1127 762 1447 828; x_wconf 87' lang='lat' dir='ltr'>interdum</span> <span class='ocrx_word' id='word_1_63' title='bbox 1474 754 1796 828; x_wconf 84' lang='lat' dir='ltr'>meliores,</span> <span class='ocrx_word' id='word_1_64' title='bbox 1817 756 1889 815; x_wconf 89' lang='lat' dir='ltr'>ut</span> <span class='ocrx_word' id='word_1_65' title='bbox 1917 748 2181 813; x_wconf 90' lang='lat' dir='ltr'>dubium</span> <span class='ocrx_word' id='word_1_66' title='bbox 2203 767 2335 813; x_wconf 92' lang='lat' dir='ltr'>non</span> <span class='ocrx_word' id='word_1_67' title='bbox 2364 750 2464 825; x_wconf 90' lang='lat' dir='ltr'>sit,</span> <span class='ocrx_word' id='word_1_68' title='bbox 2491 750 2647 831; x_wconf 90' lang='lat' dir='ltr'>quin</span> <span class='ocrx_word' id='word_1_69' title='bbox 2669 753 2836 817; x_wconf 90' lang='lat' dir='ltr'>Elias</span> <span class='ocrx_word' id='word_1_70' title='bbox 2861 755 2987 819; x_wconf 91' lang='lat' dir='ltr'>alio</span> <span class='ocrx_word' id='word_1_71' title='bbox 3012 773 3221 839; x_wconf 88' lang='lat' dir='ltr'>eoque</span> <span class='ocrx_word' id='word_1_72' title='bbox 3250 759 3680 823; x_wconf 82' lang='lat' dir='ltr'>emendatiore</span> 
     </span>
    </p>
   </div>
   <div class='ocr_carea' id='block_1_8' title="bbox 385 856 3681 952">
    <p class='ocr_par' dir='ltr' id='par_1_8' title="bbox 385 856 3681 952">
     <span class='ocr_line' id='line_1_8' title="bbox 385 856 3681 952; baseline -0.004 -12"><span class='ocrx_word' id='word_1_73' title='bbox 385 880 464 939; x_wconf 85' lang='lat' dir='ltr'>sit</span> <span class='ocrx_word' id='word_1_74' title='bbox 492 895 644 939; x_wconf 91' lang='lat' dir='ltr'>usus</span> <span class='ocrx_word' id='word_1_75' title='bbox 674 879 996 947; x_wconf 89' lang='lat' dir='ltr'>contextu,</span> <span class='ocrx_word' id='word_1_76' title='bbox 1019 886 1208 952; x_wconf 89' lang='lat' dir='ltr'>quam</span> <span class='ocrx_word' id='word_1_77' title='bbox 1239 868 1351 948; x_wconf 87' lang='lat' dir='ltr'>qui</span> <span class='ocrx_word' id='word_1_78' title='bbox 1378 865 1445 927; x_wconf 92' lang='lat' dir='ltr'>in</span> <span class='ocrx_word' id='word_1_79' title='bbox 1468 859 1690 925; x_wconf 89' lang='lat' dir='ltr'>codice</span> <span class='ocrx_word' id='word_1_80' title='bbox 1718 856 2063 920; x_wconf 88' lang='lat' dir='ltr'>Basileensi</span> <span class='ocrx_word' id='word_1_81' title='bbox 2090 864 2440 937; x_wconf 86' lang='lat' dir='ltr'>comparet.</span> <span class='ocrx_word' id='word_1_82' title='bbox 2462 856 2585 919; x_wconf 86' lang='lat' dir='ltr'>Sed</span> <span class='ocrx_word' id='word_1_83' title='bbox 2615 856 2754 921; x_wconf 61' lang='lat' dir='ltr'>haec</span> <span class='ocrx_word' id='word_1_84' title='bbox 2784 861 2996 924; x_wconf 89' lang='lat' dir='ltr'>omnia</span> <span class='ocrx_word' id='word_1_85' title='bbox 3026 870 3263 943; x_wconf 80' lang='grc' dir='ltr'>κρίσεως</span> <span class='ocrx_word' id='word_1_86' title='bbox 3293 863 3572 929; x_wconf 84' lang='lat' dir='ltr'>subsidia</span> <span class='ocrx_word' id='word_1_87' title='bbox 3604 881 3681 928; x_wconf 85' lang='lat' dir='ltr'>ex</span> 
     </span>
    </p>
   </div>
   <div class='ocr_carea' id='block_1_9' title="bbox 385 961 3685 1050">
    <p class='ocr_par' dir='ltr' id='par_1_9' title="bbox 385 961 3685 1050">
     <span class='ocr_line' id='line_1_9' title="bbox 385 961 3685 1050; baseline -0.005 -3"><span class='ocrx_word' id='word_1_88' title='bbox 385 984 601 1047; x_wconf 88' lang='lat' dir='ltr'>Latina</span> <span class='ocrx_word' id='word_1_89' title='bbox 641 981 931 1046; x_wconf 90' lang='lat' dir='ltr'>versione</span> <span class='ocrx_word' id='word_1_90' title='bbox 960 978 1062 1041; x_wconf 88' lang='lat' dir='ltr'>vix</span> <span class='ocrx_word' id='word_1_91' title='bbox 1090 994 1163 1040; x_wconf 88' lang='lat' dir='ltr'>ac</span> <span class='ocrx_word' id='word_1_92' title='bbox 1194 991 1276 1037; x_wconf 93' lang='lat' dir='ltr'>ne</span> <span class='ocrx_word' id='word_1_93' title='bbox 1301 972 1404 1035; x_wconf 85' lang='lat' dir='ltr'>vix</span> <span class='ocrx_word' id='word_1_94' title='bbox 1434 966 1694 1050; x_wconf 90' lang='lat' dir='ltr'>quidem</span> <span class='ocrx_word' id='word_1_95' title='bbox 1723 963 1861 1025; x_wconf 90' lang='lat' dir='ltr'>erui</span> <span class='ocrx_word' id='word_1_96' title='bbox 1889 962 2176 1043; x_wconf 89' lang='lat' dir='ltr'>potuisse</span> <span class='ocrx_word' id='word_1_97' title='bbox 2198 1010 2214 1037; x_wconf 96' lang='lat'>,</span> <span class='ocrx_word' id='word_1_98' title='bbox 2244 961 2513 1043; x_wconf 89' lang='lat' dir='ltr'>quilibet</span> <span class='ocrx_word' id='word_1_99' title='bbox 2541 963 2857 1044; x_wconf 84' lang='lat' dir='ltr'>intelligit.</span> <span class='ocrx_word' id='word_1_100' title='bbox 2892 965 3051 1040; x_wconf 85' lang='lat' dir='ltr'>Quid</span> <span class='ocrx_word' id='word_1_101' title='bbox 3095 967 3290 1030; x_wconf 90' lang='lat' dir='ltr'>multa</span> <span class='ocrx_word' id='word_1_102' title='bbox 3308 966 3339 1030; x_wconf 72' lang='lat' dir='ltr'>‘I</span> <span class='ocrx_word' id='word_1_103' title='bbox 3381 970 3685 1034; x_wconf 84' lang='lat' dir='ltr'>Leuncla-</span> 
     </span>
    </p>
   </div>
   <div class='ocr_carea' id='block_1_10' title="bbox 386 1066 3687 1165">
    <p class='ocr_par' dir='ltr' id='par_1_10' title="bbox 386 1066 3687 1165">
     <span class='ocr_line' id='line_1_10' title="bbox 386 1066 3687 1165; baseline -0.005 -12"><span class='ocrx_word' id='word_1_104' title='bbox 386 1091 544 1163; x_wconf 91' lang='lat' dir='ltr'>vius,</span> <span class='ocrx_word' id='word_1_105' title='bbox 578 1087 671 1149; x_wconf 91' lang='lat' dir='ltr'>uti</span> <span class='ocrx_word' id='word_1_106' title='bbox 699 1084 983 1165; x_wconf 82' lang='lat' dir='ltr'>Gregorii</span> <span class='ocrx_word' id='word_1_107' title='bbox 1013 1084 1403 1151; x_wconf 86' lang='lat' dir='ltr'>contextum,</span> <span class='ocrx_word' id='word_1_108' title='bbox 1428 1088 1622 1155; x_wconf 88' lang='lat' dir='ltr'>quem</span> <span class='ocrx_word' id='word_1_109' title='bbox 1650 1068 1856 1133; x_wconf 89' lang='lat' dir='ltr'>codex</span> <span class='ocrx_word' id='word_1_110' title='bbox 1885 1066 2265 1130; x_wconf 89' lang='lat' dir='ltr'>Basileensis</span> <span class='ocrx_word' id='word_1_111' title='bbox 2307 1066 2605 1144; x_wconf 85' lang='lat' dir='ltr'>exhibet,</span> <span class='ocrx_word' id='word_1_112' title='bbox 2641 1074 2872 1150; x_wconf 72' lang='lat' dir='ltr'>etquae</span> <span class='ocrx_word' id='word_1_113' title='bbox 2906 1086 2984 1132; x_wconf 86' lang='lat' dir='ltr'>ex</span> <span class='ocrx_word' id='word_1_114' title='bbox 3016 1088 3248 1150; x_wconf 81' lang='lat' dir='ltr'>genere</span> <span class='ocrx_word' id='word_1_115' title='bbox 3279 1074 3498 1139; x_wconf 89' lang='lat' dir='ltr'>critico</span> <span class='ocrx_word' id='word_1_116' title='bbox 3532 1075 3687 1139; x_wconf 73' lang='lat' dir='ltr'>Elite</span> 
     </span>
    </p>
   </div>
   <div class='ocr_carea' id='block_1_11' title="bbox 383 1170 3680 1263">
    <p class='ocr_par' dir='ltr' id='par_1_11' title="bbox 383 1170 3680 1263">
     <span class='ocr_line' id='line_1_11' title="bbox 383 1170 3680 1263; baseline -0.004 -5"><span class='ocrx_word' id='word_1_117' title='bbox 383 1190 859 1263; x_wconf 85' lang='lat' dir='ltr'>Commentariis</span> <span class='ocrx_word' id='word_1_118' title='bbox 886 1187 1138 1263; x_wconf 89' lang='lat' dir='ltr'>insunt,</span> <span class='ocrx_word' id='word_1_119' title='bbox 1170 1200 1301 1247; x_wconf 90' lang='lat' dir='ltr'>non</span> <span class='ocrx_word' id='word_1_120' title='bbox 1324 1198 1420 1255; x_wconf 89' lang='lat' dir='ltr'>ea,</span> <span class='ocrx_word' id='word_1_121' title='bbox 1454 1196 1579 1260; x_wconf 89' lang='lat' dir='ltr'>qua</span> <span class='ocrx_word' id='word_1_122' title='bbox 1605 1192 1718 1258; x_wconf 86' lang='lat' dir='ltr'>par</span> <span class='ocrx_word' id='word_1_123' title='bbox 1748 1177 1917 1248; x_wconf 90' lang='lat' dir='ltr'>erat,</span> <span class='ocrx_word' id='word_1_124' title='bbox 1951 1170 2276 1252; x_wconf 83' lang='lat' dir='ltr'>diligentia</span> <span class='ocrx_word' id='word_1_125' title='bbox 2305 1173 2616 1250; x_wconf 84' lang='lat' dir='ltr'>excussit,</span> <span class='ocrx_word' id='word_1_126' title='bbox 2641 1174 2727 1237; x_wconf 92' lang='lat' dir='ltr'>ita</span> <span class='ocrx_word' id='word_1_127' title='bbox 2760 1174 2885 1238; x_wconf 91' lang='lat' dir='ltr'>illis</span> <span class='ocrx_word' id='word_1_128' title='bbox 2913 1176 3131 1241; x_wconf 90' lang='lat' dir='ltr'>Latine</span> <span class='ocrx_word' id='word_1_129' title='bbox 3164 1181 3515 1257; x_wconf 88' lang='lat' dir='ltr'>vertendis,</span> <span class='ocrx_word' id='word_1_130' title='bbox 3548 1199 3680 1245; x_wconf 91' lang='lat' dir='ltr'>non</span> 
     </span>
    </p>
   </div>
   <div class='ocr_carea' id='block_1_12' title="bbox 381 1273 3678 1366">
    <p class='ocr_par' dir='ltr' id='par_1_12' title="bbox 381 1273 3678 1366">
     <span class='ocr_line' id='line_1_12' title="bbox 381 1273 3678 1366; baseline -0.004 -7"><span class='ocrx_word' id='word_1_131' title='bbox 381 1298 595 1358; x_wconf 71' lang='lat' dir='ltr'>Graace</span> <span class='ocrx_word' id='word_1_132' title='bbox 628 1290 921 1366; x_wconf 90' lang='lat' dir='ltr'>edendis,</span> <span class='ocrx_word' id='word_1_133' title='bbox 947 1306 1131 1353; x_wconf 90' lang='lat' dir='ltr'>usum</span> <span class='ocrx_word' id='word_1_134' title='bbox 1162 1284 1399 1366; x_wconf 78' lang='lat' dir='ltr'>egregii</span> <span class='ocrx_word' id='word_1_135' title='bbox 1432 1281 1680 1347; x_wconf 89' lang='lat' dir='ltr'>critices</span> <span class='ocrx_word' id='word_1_136' title='bbox 1708 1274 2109 1340; x_wconf 89' lang='lat' dir='ltr'>instrumenti</span> <span class='ocrx_word' id='word_1_137' title='bbox 2139 1273 2277 1337; x_wconf 89' lang='lat' dir='ltr'>aliis</span> <span class='ocrx_word' id='word_1_138' title='bbox 2305 1281 2550 1339; x_wconf 88' lang='lat' dir='ltr'>tantum</span> <span class='ocrx_word' id='word_1_139' title='bbox 2579 1294 2711 1342; x_wconf 89' lang='lat' dir='ltr'>non</span> <span class='ocrx_word' id='word_1_140' title='bbox 2752 1278 3150 1360; x_wconf 55' lang='lat' dir='ltr'>praeclusisse</span> <span class='ocrx_word' id='word_1_141' title='bbox 3180 1282 3536 1346; x_wconf 88' lang='lat' dir='ltr'>censendus</span> <span class='ocrx_word' id='word_1_142' title='bbox 3562 1291 3678 1346; x_wconf 78' lang='lat' dir='ltr'>est.</span> 
     </span>
    </p>
   </div>
   <div class='ocr_carea' id='block_1_13' title="bbox 461 1378 3683 1471">
    <p class='ocr_par' dir='ltr' id='par_1_13' title="bbox 461 1378 3683 1471">
     <span class='ocr_line' id='line_1_13' title="bbox 461 1378 3683 1471; baseline -0.003 -11"><span class='ocrx_word' id='word_1_143' title='bbox 461 1399 623 1471; x_wconf 78' lang='lat' dir='ltr'>Iam,</span> <span class='ocrx_word' id='word_1_144' title='bbox 660 1394 776 1458; x_wconf 86' lang='lat' dir='ltr'>etsi</span> <span class='ocrx_word' id='word_1_145' title='bbox 796 1410 964 1456; x_wconf 91' lang='lat' dir='ltr'>unus</span> <span class='ocrx_word' id='word_1_146' title='bbox 992 1399 1054 1455; x_wconf 92' lang='lat' dir='ltr'>et</span> <span class='ocrx_word' id='word_1_147' title='bbox 1083 1389 1242 1453; x_wconf 89' lang='lat' dir='ltr'>alter</span> <span class='ocrx_word' id='word_1_148' title='bbox 1270 1404 1491 1451; x_wconf 89' lang='lat' dir='ltr'>eorum</span> <span class='ocrx_word' id='word_1_149' title='bbox 1519 1434 1534 1462; x_wconf 89' lang='lat'>,</span> <span class='ocrx_word' id='word_1_150' title='bbox 1564 1381 1676 1466; x_wconf 90' lang='lat' dir='ltr'>qui</span> <span class='ocrx_word' id='word_1_151' title='bbox 1704 1387 1850 1462; x_wconf 91' lang='lat' dir='ltr'>post</span> <span class='ocrx_word' id='word_1_152' title='bbox 1874 1379 2054 1442; x_wconf 89' lang='lat' dir='ltr'>illum</span> <span class='ocrx_word' id='word_1_153' title='bbox 2082 1378 2368 1457; x_wconf 86' lang='lat' dir='ltr'>Gregorii</span> <span class='ocrx_word' id='word_1_154' title='bbox 2395 1380 2798 1446; x_wconf 84' lang='lat' dir='ltr'>Orationibus</span> <span class='ocrx_word' id='word_1_155' title='bbox 2827 1383 3244 1449; x_wconf 86' lang='lat' dir='ltr'>emendandis</span> <span class='ocrx_word' id='word_1_156' title='bbox 3277 1393 3339 1449; x_wconf 90' lang='lat' dir='ltr'>et</span> <span class='ocrx_word' id='word_1_157' title='bbox 3366 1380 3683 1450; x_wconf 84' lang='lat' dir='ltr'>illustran-</span> 
     </span>
    </p>
   </div>
   <div class='ocr_carea' id='block_1_14' title="bbox 380 1482 3680 1583">
    <p class='ocr_par' dir='ltr' id='par_1_14' title="bbox 380 1482 3680 1583">
     <span class='ocr_line' id='line_1_14' title="bbox 380 1482 3680 1583; baseline -0.005 -16"><span class='ocrx_word' id='word_1_158' title='bbox 380 1504 481 1566; x_wconf 86' lang='lat' dir='ltr'>dis</span> <span class='ocrx_word' id='word_1_159' title='bbox 508 1517 771 1583; x_wconf 80' lang='lat' dir='ltr'>cperam</span> <span class='ocrx_word' id='word_1_160' title='bbox 801 1501 1132 1569; x_wconf 88' lang='lat' dir='ltr'>navarunt,</span> <span class='ocrx_word' id='word_1_161' title='bbox 1165 1491 1271 1556; x_wconf 92' lang='lat' dir='ltr'>hic</span> <span class='ocrx_word' id='word_1_162' title='bbox 1294 1489 1423 1555; x_wconf 90' lang='lat' dir='ltr'>illic</span> <span class='ocrx_word' id='word_1_163' title='bbox 1458 1487 1819 1552; x_wconf 88' lang='lat' dir='ltr'>Leunclavii</span> <span class='ocrx_word' id='word_1_164' title='bbox 1859 1482 2446 1583; x_wconf 81' lang='lat' dir='ltr'>interpretationem</span> <span class='ocrx_word' id='word_1_165' title='bbox 2472 1484 2872 1559; x_wconf 79' lang='lat' dir='ltr'>consultavit,</span> <span class='ocrx_word' id='word_1_166' title='bbox 2908 1495 3183 1552; x_wconf 86' lang='lat' dir='ltr'>attamen</span> <span class='ocrx_word' id='word_1_167' title='bbox 3215 1489 3501 1569; x_wconf 83' lang='lat' dir='ltr'>egregia,</span> <span class='ocrx_word' id='word_1_168' title='bbox 3535 1505 3680 1570; x_wconf 73' lang='lat' dir='ltr'>qum</span> 
     </span>
    </p>
   </div>
   <div class='ocr_carea' id='block_1_15' title="bbox 382 1580 3679 1670">
    <p class='ocr_par' dir='ltr' id='par_1_15' title="bbox 382 1580 3679 1670">
     <span class='ocr_line' id='line_1_15' title="bbox 382 1580 3679 1670; baseline -0.005 -4"><span class='ocrx_word' id='word_1_169' title='bbox 382 1604 533 1668; x_wconf 73' lang='lat' dir='ltr'>Elite</span> <span class='ocrx_word' id='word_1_170' title='bbox 554 1580 1036 1662; x_wconf 66' lang='lat' dir='ltr'>Commentariis</span> <span class='ocrx_word' id='word_1_171' title='bbox 1056 1597 1297 1667; x_wconf 87' lang='lat' dir='ltr'>insunt,</span> <span class='ocrx_word' id='word_1_172' title='bbox 1330 1588 1704 1654; x_wconf 86' lang='lat' dir='ltr'>eruditionis</span> <span class='ocrx_word' id='word_1_173' title='bbox 1734 1593 1797 1650; x_wconf 89' lang='lat' dir='ltr'>et</span> <span class='ocrx_word' id='word_1_174' title='bbox 1827 1583 2204 1662; x_wconf 71' lang='lat' dir='ltr'>theologicae</span> <span class='ocrx_word' id='word_1_175' title='bbox 2237 1588 2300 1645; x_wconf 89' lang='lat' dir='ltr'>et</span> <span class='ocrx_word' id='word_1_176' title='bbox 2326 1580 2672 1665; x_wconf 69' lang='lat' dir='ltr'>philologaa</span> <span class='ocrx_word' id='word_1_177' title='bbox 2717 1585 3094 1651; x_wconf 91' lang='lat' dir='ltr'>documenta</span> <span class='ocrx_word' id='word_1_178' title='bbox 3121 1588 3206 1669; x_wconf 90' lang='lat' dir='ltr'>(a)</span> <span class='ocrx_word' id='word_1_179' title='bbox 3228 1590 3361 1652; x_wconf 87' lang='lat' dir='ltr'>fere</span> <span class='ocrx_word' id='word_1_180' title='bbox 3393 1590 3679 1670; x_wconf 77' lang='lat' dir='ltr'>neglecta</span> 
     </span>
    </p>
   </div>
   <div class='ocr_carea' id='block_1_16' title="bbox 384 1683 3680 1781">
    <p class='ocr_par' dir='ltr' id='par_1_16' title="bbox 384 1683 3680 1781">
     <span class='ocr_line' id='line_1_16' title="bbox 384 1683 3680 1781; baseline -0.003 -13"><span class='ocrx_word' id='word_1_181' title='bbox 384 1710 773 1777; x_wconf 83' lang='lat' dir='ltr'>manserunt.</span> <span class='ocrx_word' id='word_1_182' title='bbox 805 1703 958 1765; x_wconf 90' lang='lat' dir='ltr'>Nam</span> <span class='ocrx_word' id='word_1_183' title='bbox 991 1703 1219 1781; x_wconf 67' lang='lat' dir='ltr'>praeter</span> <span class='ocrx_word' id='word_1_184' title='bbox 1242 1693 1583 1757; x_wconf 89' lang='lat' dir='ltr'>Cotelerios</span> <span class='ocrx_word' id='word_1_185' title='bbox 1603 1697 1665 1753; x_wconf 90' lang='lat' dir='ltr'>et</span> <span class='ocrx_word' id='word_1_186' title='bbox 1698 1688 1993 1752; x_wconf 90' lang='lat' dir='ltr'>Suiceros</span> <span class='ocrx_word' id='word_1_187' title='bbox 2022 1683 2211 1767; x_wconf 90' lang='lat' dir='ltr'>pauci</span> <span class='ocrx_word' id='word_1_188' title='bbox 2230 1684 2513 1765; x_wconf 83' lang='lat' dir='ltr'>theologi</span> <span class='ocrx_word' id='word_1_189' title='bbox 2540 1687 2738 1750; x_wconf 89' lang='lat' dir='ltr'>Eliam</span> <span class='ocrx_word' id='word_1_190' title='bbox 2761 1689 3103 1754; x_wconf 90' lang='lat' dir='ltr'>advertisse</span> <span class='ocrx_word' id='word_1_191' title='bbox 3134 1692 3445 1771; x_wconf 88' lang='lat' dir='ltr'>videntur,</span> <span class='ocrx_word' id='word_1_192' title='bbox 3480 1714 3680 1777; x_wconf 87' lang='lat' dir='ltr'>quum</span> 
     </span>
    </p>
   </div>
   <div class='ocr_carea' id='block_1_17' title="bbox 382 1790 3679 1874">
    <p class='ocr_par' dir='ltr' id='par_1_17' title="bbox 382 1790 3679 1874">
     <span class='ocr_line' id='line_1_17' title="bbox 382 1790 3679 1874; baseline -0.003 -2"><span class='ocrx_word' id='word_1_193' title='bbox 382 1810 477 1874; x_wconf 85' lang='lat' dir='ltr'>vel</span> <span class='ocrx_word' id='word_1_194' title='bbox 507 1807 889 1874; x_wconf 87' lang='lat' dir='ltr'>clarissimus</span> <span class='ocrx_word' id='word_1_195' title='bbox 926 1802 1297 1867; x_wconf 92' lang='lat' dir='ltr'>Ullmannus</span> <span class='ocrx_word' id='word_1_196' title='bbox 1323 1797 1390 1863; x_wconf 92' lang='lat' dir='ltr'>in</span> <span class='ocrx_word' id='word_1_197' title='bbox 1432 1796 1794 1861; x_wconf 84' lang='lat' dir='ltr'>doctissima</span> <span class='ocrx_word' id='word_1_198' title='bbox 1838 1792 1919 1855; x_wconf 92' lang='lat' dir='ltr'>de</span> <span class='ocrx_word' id='word_1_199' title='bbox 1947 1790 2252 1870; x_wconf 86' lang='lat' dir='ltr'>Gregorio</span> <span class='ocrx_word' id='word_1_200' title='bbox 2284 1790 2678 1854; x_wconf 89' lang='lat' dir='ltr'>Nazianzeno</span> <span class='ocrx_word' id='word_1_201' title='bbox 2709 1793 3055 1874; x_wconf 88' lang='lat' dir='ltr'>scriptione</span> <span class='ocrx_word' id='word_1_202' title='bbox 3084 1796 3252 1859; x_wconf 92' lang='lat' dir='ltr'>illius</span> <span class='ocrx_word' id='word_1_203' title='bbox 3282 1798 3679 1863; x_wconf 86' lang='lat' dir='ltr'>mentionem</span> 
     </span>
    </p>
   </div>
   <div class='ocr_carea' id='block_1_18' title="bbox 380 1892 3678 1997">
    <p class='ocr_par' dir='ltr' id='par_1_18' title="bbox 380 1892 3678 1997">
     <span class='ocr_line' id='line_1_18' title="bbox 380 1892 3678 1997; baseline -0.005 -18"><span class='ocrx_word' id='word_1_204' title='bbox 380 1932 572 1997; x_wconf 87' lang='lat' dir='ltr'>parce</span> <span class='ocrx_word' id='word_1_205' title='bbox 603 1911 844 1975; x_wconf 75' lang='lat' dir='ltr'>fecerit.</span> <span class='ocrx_word' id='word_1_206' title='bbox 870 1903 1183 1985; x_wconf 87' lang='lat' dir='ltr'>Philologi</span> <span class='ocrx_word' id='word_1_207' title='bbox 1211 1908 1421 1968; x_wconf 90' lang='lat' dir='ltr'>autem</span> <span class='ocrx_word' id='word_1_208' title='bbox 1449 1919 1561 1965; x_wconf 93' lang='lat' dir='ltr'>cur</span> <span class='ocrx_word' id='word_1_209' title='bbox 1587 1897 1866 1961; x_wconf 91' lang='lat' dir='ltr'>animum</span> <span class='ocrx_word' id='word_1_210' title='bbox 1888 1895 1967 1958; x_wconf 91' lang='lat' dir='ltr'>ad</span> <span class='ocrx_word' id='word_1_211' title='bbox 1991 1892 2143 1957; x_wconf 71' lang='lat' dir='ltr'>Elim</span> <span class='ocrx_word' id='word_1_212' title='bbox 2165 1894 2666 1958; x_wconf 86' lang='lat' dir='ltr'>Commentarios</span> <span class='ocrx_word' id='word_1_213' title='bbox 2693 1896 3114 1972; x_wconf 84' lang='lat' dir='ltr'>adverterent,</span> <span class='ocrx_word' id='word_1_214' title='bbox 3141 1916 3219 1961; x_wconf 90' lang='lat' dir='ltr'>eo</span> <span class='ocrx_word' id='word_1_215' title='bbox 3240 1900 3451 1965; x_wconf 90' lang='lat' dir='ltr'>minus</span> <span class='ocrx_word' id='word_1_216' title='bbox 3473 1920 3678 1966; x_wconf 78' lang='lat' dir='ltr'>causm</span> 
     </span>
    </p>
   </div>
   <div class='ocr_carea' id='block_1_19' title="bbox 382 1994 3678 2093">
    <p class='ocr_par' dir='ltr' id='par_1_19' title="bbox 382 1994 3678 2093">
     <span class='ocr_line' id='line_1_19' title="bbox 382 1994 3678 2093; baseline -0.003 -11"><span class='ocrx_word' id='word_1_217' title='bbox 382 1994 779 2089; x_wconf 78' lang='lat' dir='ltr'>habuerunt,</span> <span class='ocrx_word' id='word_1_218' title='bbox 813 2008 983 2093; x_wconf 86' lang='lat' dir='ltr'>quod</span> <span class='ocrx_word' id='word_1_219' title='bbox 1012 2010 1232 2071; x_wconf 65' lang='lat' dir='ltr'>Graeco</span> <span class='ocrx_word' id='word_1_220' title='bbox 1270 2000 1616 2085; x_wconf 88' lang='lat' dir='ltr'>exemplari</span> <span class='ocrx_word' id='word_1_221' title='bbox 1640 2002 1960 2064; x_wconf 86' lang='lat' dir='ltr'>carebant.</span> <span class='ocrx_word' id='word_1_222' title='bbox 1994 1999 2127 2071; x_wconf 90' lang='lat' dir='ltr'>Quo</span> <span class='ocrx_word' id='word_1_223' title='bbox 2166 1994 2365 2075; x_wconf 88' lang='lat' dir='ltr'>magis</span> <span class='ocrx_word' id='word_1_224' title='bbox 2394 1996 2747 2060; x_wconf 87' lang='lat' dir='ltr'>laudandus</span> <span class='ocrx_word' id='word_1_225' title='bbox 2768 2005 2862 2062; x_wconf 88' lang='lat' dir='ltr'>est</span> <span class='ocrx_word' id='word_1_226' title='bbox 2888 2001 3363 2081; x_wconf 91' lang='lat' dir='ltr'>Boissonadius,</span> <span class='ocrx_word' id='word_1_227' title='bbox 3397 2007 3678 2088; x_wconf 87' lang='lat' dir='ltr'>quicum</span> 
     </span>
    </p>
   </div>
   <div class='ocr_carea' id='block_1_20' title="bbox 381 2097 3677 2190">
    <p class='ocr_par' dir='ltr' id='par_1_20' title="bbox 381 2097 3677 2190">
     <span class='ocr_line' id='line_1_20' title="bbox 381 2097 3677 2190; baseline -0.005 -5"><span class='ocrx_word' id='word_1_228' title='bbox 381 2120 595 2186; x_wconf 78' lang='lat' dir='ltr'>Basilii</span> <span class='ocrx_word' id='word_1_229' title='bbox 625 2114 893 2180; x_wconf 91' lang='lat' dir='ltr'>Scholiis</span> <span class='ocrx_word' id='word_1_230' title='bbox 919 2113 987 2175; x_wconf 93' lang='lat' dir='ltr'>in</span> <span class='ocrx_word' id='word_1_231' title='bbox 1008 2107 1295 2188; x_wconf 87' lang='lat' dir='ltr'>Gregorii</span> <span class='ocrx_word' id='word_1_232' title='bbox 1324 2102 1701 2169; x_wconf 79' lang='lat' dir='ltr'>Encomium</span> <span class='ocrx_word' id='word_1_233' title='bbox 1730 2099 2004 2163; x_wconf 78' lang='lat' dir='ltr'>Heronis</span> <span class='ocrx_word' id='word_1_234' title='bbox 2026 2097 2179 2160; x_wconf 73' lang='lat' dir='ltr'>Elite</span> <span class='ocrx_word' id='word_1_235' title='bbox 2210 2098 2715 2162; x_wconf 88' lang='lat' dir='ltr'>Commentarios</span> <span class='ocrx_word' id='word_1_236' title='bbox 2729 2098 3068 2179; x_wconf 85' lang='lat' dir='ltr'>diligenter</span> <span class='ocrx_word' id='word_1_237' title='bbox 3090 2109 3547 2186; x_wconf 89' lang='lat' dir='ltr'>comparaverit</span> <span class='ocrx_word' id='word_1_238' title='bbox 3564 2109 3646 2190; x_wconf 74' lang='grc' dir='ltr'>(ὁ)</span> <span class='ocrx_word' id='word_1_239' title='bbox 3661 2154 3677 2169; x_wconf 93' lang='grc'><strong>.</strong></span> 
     </span>
    </p>
   </div>
   <div class='ocr_carea' id='block_1_21' title="bbox 461 2198 3680 2302">
    <p class='ocr_par' dir='ltr' id='par_1_21' title="bbox 461 2198 3680 2302">
     <span class='ocr_line' id='line_1_21' title="bbox 461 2198 3680 2302; baseline -0.004 -16"><span class='ocrx_word' id='word_1_240' title='bbox 461 2228 545 2286; x_wconf 86' lang='lat' dir='ltr'>Ac</span> <span class='ocrx_word' id='word_1_241' title='bbox 587 2218 889 2302; x_wconf 88' lang='lat' dir='ltr'>quoniam</span> <span class='ocrx_word' id='word_1_242' title='bbox 928 2210 1182 2277; x_wconf 91' lang='lat' dir='ltr'>illorum</span> <span class='ocrx_word' id='word_1_243' title='bbox 1217 2205 1617 2271; x_wconf 87' lang='lat' dir='ltr'>Scholiorum</span> <span class='ocrx_word' id='word_1_244' title='bbox 1669 2198 1909 2265; x_wconf 91' lang='lat' dir='ltr'>mentio</span> <span class='ocrx_word' id='word_1_245' title='bbox 1954 2205 2049 2263; x_wconf 88' lang='lat' dir='ltr'>est</span> <span class='ocrx_word' id='word_1_246' title='bbox 2086 2198 2248 2263; x_wconf 88' lang='lat' dir='ltr'>facta</span> <span class='ocrx_word' id='word_1_247' title='bbox 2274 2248 2289 2275; x_wconf 92' lang='lat'>,</span> <span class='ocrx_word' id='word_1_248' title='bbox 2333 2198 2489 2263; x_wconf 90' lang='lat' dir='ltr'>illud</span> <span class='ocrx_word' id='word_1_249' title='bbox 2528 2206 2749 2264; x_wconf 88' lang='lat' dir='ltr'>teneas</span> <span class='ocrx_word' id='word_1_250' title='bbox 2784 2209 3059 2283; x_wconf 83' lang='lat' dir='ltr'>Oportet,</span> <span class='ocrx_word' id='word_1_251' title='bbox 3101 2203 3301 2269; x_wconf 90' lang='lat' dir='ltr'>Eliam</span> <span class='ocrx_word' id='word_1_252' title='bbox 3345 2208 3576 2272; x_wconf 84' lang='lat' dir='ltr'>Basilio</span> <span class='ocrx_word' id='word_1_253' title='bbox 3617 2221 3680 2272; x_wconf 85' lang='lat' dir='ltr'>et</span> 
     </span>
    </p>
   </div>
   <div class='ocr_carea' id='block_1_22' title="bbox 383 2304 3677 2412">
    <p class='ocr_par' dir='ltr' id='par_1_22' title="bbox 383 2304 3677 2412">
     <span class='ocr_line' id='line_1_22' title="bbox 383 2304 3677 2412; baseline -0.01 -14"><span class='ocrx_word' id='word_1_254' title='bbox 383 2331 644 2412; x_wconf 86' lang='lat' dir='ltr'>reliquis</span> <span class='ocrx_word' id='word_1_255' title='bbox 686 2322 970 2405; x_wconf 88' lang='lat' dir='ltr'>Gregorii</span> <span class='ocrx_word' id='word_1_256' title='bbox 1012 2315 1378 2383; x_wconf 84' lang='lat' dir='ltr'>Scholiastis</span> <span class='ocrx_word' id='word_1_257' title='bbox 1422 2312 1779 2377; x_wconf 90' lang='lat' dir='ltr'>eruditione</span> <span class='ocrx_word' id='word_1_258' title='bbox 1813 2304 2172 2412; x_wconf 83' lang='lat' dir='ltr'>theologica</span> <span class='ocrx_word' id='word_1_259' title='bbox 2231 2314 2294 2369; x_wconf 92' lang='lat' dir='ltr'>et</span> <span class='ocrx_word' id='word_1_260' title='bbox 2322 2306 2646 2412; x_wconf 83' lang='lat' dir='ltr'>philologa</span> <span class='ocrx_word' id='word_1_261' title='bbox 2702 2307 2969 2372; x_wconf 89' lang='lat' dir='ltr'>multum</span> <span class='ocrx_word' id='word_1_262' title='bbox 3012 2318 3345 2392; x_wconf 61' lang='lat' dir='ltr'>praestare,</span> <span class='ocrx_word' id='word_1_263' title='bbox 3394 2314 3459 2378; x_wconf 87' lang='lat' dir='ltr'>id</span> <span class='ocrx_word' id='word_1_264' title='bbox 3502 2317 3677 2397; x_wconf 77' lang='lat' dir='ltr'>quod</span> 
     </span>
    </p>
   </div>
   <div class='ocr_carea' id='block_1_23' title="bbox 380 2408 3680 2517">
    <p class='ocr_par' dir='ltr' id='par_1_23' title="bbox 380 2408 3680 2517">
     <span class='ocr_line' id='line_1_23' title="bbox 380 2408 3680 2517; baseline -0.015 -15"><span class='ocrx_word' id='word_1_265' title='bbox 380 2408 615 2517; x_wconf 80' lang='lat' dir='ltr'>ipsein</span> <span class='ocrx_word' id='word_1_266' title='bbox 638 2427 955 2494; x_wconf 74' lang='lat' dir='ltr'>Prommio</span> <span class='ocrx_word' id='word_1_267' title='bbox 993 2421 1347 2502; x_wconf 84' lang='lat' dir='ltr'>signiﬁcare</span> <span class='ocrx_word' id='word_1_268' title='bbox 1394 2433 1527 2479; x_wconf 92' lang='lat' dir='ltr'>non</span> <span class='ocrx_word' id='word_1_269' title='bbox 1558 2411 1885 2477; x_wconf 88' lang='lat' dir='ltr'>dubitavit.</span> <span class='ocrx_word' id='word_1_270' title='bbox 1927 2410 2340 2517; x_wconf 82' lang='lat' dir='ltr'>Quamquam,</span> <span class='ocrx_word' id='word_1_271' title='bbox 2368 2415 2435 2471; x_wconf 91' lang='lat' dir='ltr'>ut</span> <span class='ocrx_word' id='word_1_272' title='bbox 2464 2408 2668 2472; x_wconf 89' lang='lat' dir='ltr'>dicam</span> <span class='ocrx_word' id='word_1_273' title='bbox 2702 2410 2874 2489; x_wconf 85' lang='lat' dir='ltr'>quod</span> <span class='ocrx_word' id='word_1_274' title='bbox 2902 2411 2990 2474; x_wconf 89' lang='lat' dir='ltr'>rei</span> <span class='ocrx_word' id='word_1_275' title='bbox 3016 2418 3132 2489; x_wconf 89' lang='lat' dir='ltr'>est,</span> <span class='ocrx_word' id='word_1_276' title='bbox 3157 2414 3372 2495; x_wconf 90' lang='lat' dir='ltr'>paullo</span> <span class='ocrx_word' id='word_1_277' title='bbox 3398 2415 3680 2499; x_wconf 58' lang='lat' dir='ltr'>iniquiol.</span> 
     </span>
    </p>
   </div>
   <div class='ocr_carea' id='block_1_24' title="bbox 382 2510 2690 2611">
    <p class='ocr_par' dir='ltr' id='par_1_24' title="bbox 382 2510 2690 2611">
     <span class='ocr_line' id='line_1_24' title="bbox 382 2510 2690 2611; baseline -0.012 -8"><span class='ocrx_word' id='word_1_278' title='bbox 382 2510 568 2603; x_wconf 78' lang='lat' dir='ltr'>estin</span> <span class='ocrx_word' id='word_1_279' title='bbox 595 2534 772 2607; x_wconf 91' lang='lat' dir='ltr'>illos,</span> <span class='ocrx_word' id='word_1_280' title='bbox 807 2527 1039 2611; x_wconf 90' lang='lat' dir='ltr'>quibus</span> <span class='ocrx_word' id='word_1_281' title='bbox 1068 2541 1212 2587; x_wconf 91' lang='lat' dir='ltr'>eum</span> <span class='ocrx_word' id='word_1_282' title='bbox 1238 2520 1404 2585; x_wconf 88' lang='lat' dir='ltr'>haud</span> <span class='ocrx_word' id='word_1_283' title='bbox 1438 2534 1638 2600; x_wconf 89' lang='lat' dir='ltr'>pauca</span> <span class='ocrx_word' id='word_1_284' title='bbox 1670 2515 1905 2578; x_wconf 87' lang='lat' dir='ltr'>debere</span> <span class='ocrx_word' id='word_1_285' title='bbox 1933 2510 2333 2593; x_wconf 83' lang='lat' dir='ltr'>exploratum</span> <span class='ocrx_word' id='word_1_286' title='bbox 2364 2511 2690 2575; x_wconf 90' lang='lat' dir='ltr'>habemus.</span> 
     </span>
    </p>
   </div>
   <div class='ocr_carea' id='block_1_25' title="bbox 462 2612 3679 2711">
    <p class='ocr_par' dir='ltr' id='par_1_25' title="bbox 462 2612 3679 2711">
     <span class='ocr_line' id='line_1_25' title="bbox 462 2612 3679 2711; baseline -0.008 -10"><span class='ocrx_word' id='word_1_287' title='bbox 462 2636 611 2711; x_wconf 88' lang='lat' dir='ltr'>Sed,</span> <span class='ocrx_word' id='word_1_288' title='bbox 644 2642 710 2697; x_wconf 88' lang='lat' dir='ltr'>ut</span> <span class='ocrx_word' id='word_1_289' title='bbox 737 2632 816 2695; x_wconf 90' lang='lat' dir='ltr'>de</span> <span class='ocrx_word' id='word_1_290' title='bbox 842 2629 973 2693; x_wconf 85' lang='lat' dir='ltr'>Elia</span> <span class='ocrx_word' id='word_1_291' title='bbox 1005 2623 1306 2702; x_wconf 90' lang='lat' dir='ltr'>theologo</span> <span class='ocrx_word' id='word_1_292' title='bbox 1328 2620 1603 2703; x_wconf 89' lang='lat' dir='ltr'>primum</span> <span class='ocrx_word' id='word_1_293' title='bbox 1644 2616 1953 2690; x_wconf 88' lang='lat' dir='ltr'>dicamus,</span> <span class='ocrx_word' id='word_1_294' title='bbox 1987 2619 2133 2678; x_wconf 90' lang='lat' dir='ltr'>ante</span> <span class='ocrx_word' id='word_1_295' title='bbox 2166 2613 2379 2676; x_wconf 91' lang='lat' dir='ltr'>omnia</span> <span class='ocrx_word' id='word_1_296' title='bbox 2409 2612 2593 2677; x_wconf 90' lang='lat' dir='ltr'>velim</span> <span class='ocrx_word' id='word_1_297' title='bbox 2625 2612 2713 2677; x_wconf 90' lang='lat' dir='ltr'>sic</span> <span class='ocrx_word' id='word_1_298' title='bbox 2744 2613 3000 2689; x_wconf 86' lang='lat' dir='ltr'>habeas,</span> <span class='ocrx_word' id='word_1_299' title='bbox 3036 2616 3171 2695; x_wconf 87' lang='lat' dir='ltr'>ejus</span> <span class='ocrx_word' id='word_1_300' title='bbox 3200 2616 3679 2684; x_wconf 74' lang='lat' dir='ltr'>Commentariis</span> 
     </span>
    </p>
   </div>
   <div class='ocr_carea' id='block_1_26' title="bbox 383 2716 3679 2829">
    <p class='ocr_par' dir='ltr' id='par_1_26' title="bbox 383 2716 3679 2829">
     <span class='ocr_line' id='line_1_26' title="bbox 383 2716 3679 2829; baseline -0.007 -21"><span class='ocrx_word' id='word_1_301' title='bbox 383 2741 696 2829; x_wconf 78' lang='lat' dir='ltr'>permulta</span> <span class='ocrx_word' id='word_1_302' title='bbox 723 2740 959 2808; x_wconf 90' lang='lat' dir='ltr'>inesse,</span> <span class='ocrx_word' id='word_1_303' title='bbox 999 2716 1142 2813; x_wconf 57' lang='lat' dir='ltr'>qua;</span> <span class='ocrx_word' id='word_1_304' title='bbox 1172 2729 1269 2792; x_wconf 87' lang='lat' dir='ltr'>vel</span> <span class='ocrx_word' id='word_1_305' title='bbox 1302 2729 1368 2790; x_wconf 91' lang='lat' dir='ltr'>in</span> <span class='ocrx_word' id='word_1_306' title='bbox 1399 2743 1472 2789; x_wconf 90' lang='lat' dir='ltr'>ea</span> <span class='ocrx_word' id='word_1_307' title='bbox 1495 2775 1511 2802; x_wconf 92' lang='lat'>,</span> <span class='ocrx_word' id='word_1_308' title='bbox 1551 2743 1677 2805; x_wconf 90' lang='lat' dir='ltr'>qua</span> <span class='ocrx_word' id='word_1_309' title='bbox 1711 2722 1904 2787; x_wconf 81' lang='lat' dir='ltr'>hodie</span> <span class='ocrx_word' id='word_1_310' title='bbox 1935 2737 2278 2793; x_wconf 89' lang='lat' dir='ltr'>versamur,</span> <span class='ocrx_word' id='word_1_311' title='bbox 2319 2718 2656 2799; x_wconf 58' lang='lat' dir='ltr'>theologia;</span> <span class='ocrx_word' id='word_1_312' title='bbox 2685 2718 2825 2782; x_wconf 92' lang='lat' dir='ltr'>luce</span> <span class='ocrx_word' id='word_1_313' title='bbox 2858 2720 3223 2798; x_wconf 87' lang='lat' dir='ltr'>dignissima</span> <span class='ocrx_word' id='word_1_314' title='bbox 3263 2721 3407 2799; x_wconf 91' lang='lat' dir='ltr'>sint,</span> <span class='ocrx_word' id='word_1_315' title='bbox 3445 2724 3679 2806; x_wconf 83' lang='lat' dir='ltr'>quibus</span> 
     </span>
    </p>
   </div>
   <div class='ocr_carea' id='block_1_27' title="bbox 381 2819 3678 2920">
    <p class='ocr_par' dir='ltr' id='par_1_27' title="bbox 381 2819 3678 2920">
     <span class='ocr_line' id='line_1_27' title="bbox 381 2819 3678 2920; baseline -0.007 -11"><span class='ocrx_word' id='word_1_316' title='bbox 381 2819 669 2920; x_wconf 73' lang='lat' dir='ltr'>theologi</span> <span class='ocrx_word' id='word_1_317' title='bbox 699 2839 1060 2917; x_wconf 87' lang='lat' dir='ltr'>dogmatum</span> <span class='ocrx_word' id='word_1_318' title='bbox 1104 2830 1383 2893; x_wconf 75' lang='lat' dir='ltr'>historiae</span> <span class='ocrx_word' id='word_1_319' title='bbox 1413 2825 1677 2890; x_wconf 90' lang='lat' dir='ltr'>studiosi</span> <span class='ocrx_word' id='word_1_320' title='bbox 1709 2823 1992 2886; x_wconf 88' lang='lat' dir='ltr'>animum</span> <span class='ocrx_word' id='word_1_321' title='bbox 2027 2821 2376 2920; x_wconf 79' lang='lat' dir='ltr'>advertant.</span> <span class='ocrx_word' id='word_1_322' title='bbox 2418 2822 2518 2884; x_wconf 91' lang='lat' dir='ltr'>Sic</span> <span class='ocrx_word' id='word_1_323' title='bbox 2545 2867 2561 2897; x_wconf 89' lang='lat'>,</span> <span class='ocrx_word' id='word_1_324' title='bbox 2596 2827 2665 2883; x_wconf 88' lang='lat' dir='ltr'>ut</span> <span class='ocrx_word' id='word_1_325' title='bbox 2705 2819 2827 2883; x_wconf 92' lang='lat' dir='ltr'>hoc</span> <span class='ocrx_word' id='word_1_326' title='bbox 2878 2827 3037 2896; x_wconf 89' lang='lat' dir='ltr'>utar,</span> <span class='ocrx_word' id='word_1_327' title='bbox 3070 2824 3448 2888; x_wconf 90' lang='lat' dir='ltr'>Eunomiani</span> <span class='ocrx_word' id='word_1_328' title='bbox 3488 2827 3678 2906; x_wconf 83' lang='lat' dir='ltr'>vulgo</span> 
     </span>
    </p>
   </div>
   <div class='ocr_carea' id='block_1_28' title="bbox 386 2918 3677 3029">
    <p class='ocr_par' dir='ltr' id='par_1_28' title="bbox 386 2918 3677 3029">
     <span class='ocr_line' id='line_1_28' title="bbox 386 2918 3677 3029; baseline -0.007 -20"><span class='ocrx_word' id='word_1_329' title='bbox 386 2946 529 3029; x_wconf 88' lang='lat' dir='ltr'>puri</span> <span class='ocrx_word' id='word_1_330' title='bbox 562 2918 698 3025; x_wconf 82' lang='lat' dir='ltr'>puti</span> <span class='ocrx_word' id='word_1_331' title='bbox 733 2920 1110 3001; x_wconf 79' lang='lat' dir='ltr'>Aristotelici</span> <span class='ocrx_word' id='word_1_332' title='bbox 1141 2930 1470 2994; x_wconf 87' lang='lat' dir='ltr'>habentur.</span> <span class='ocrx_word' id='word_1_333' title='bbox 1500 2922 2029 3029; x_wconf 59' lang='lat' dir='ltr'>Conf.U_ll_mann.</span> <span class='ocrx_word' id='word_1_334' title='bbox 2068 2922 2153 3029; x_wconf 62' lang='lat' dir='ltr'>De</span> <span class='ocrx_word' id='word_1_335' title='bbox 2186 2918 2490 3029; x_wconf 48' lang='lat' dir='ltr'>Gregorio</span> <span class='ocrx_word' id='word_1_336' title='bbox 2521 2922 2679 2985; x_wconf 83' lang='lat' dir='ltr'>Naz.</span> <span class='ocrx_word' id='word_1_337' title='bbox 2730 2941 2795 3003; x_wconf 90' lang='lat' dir='ltr'>p.</span> <span class='ocrx_word' id='word_1_338' title='bbox 2829 2921 2945 2985; x_wconf 71' lang='lat'>320</span> <span class='ocrx_word' id='word_1_339' title='bbox 2980 2940 3075 3004; x_wconf 92' lang='lat' dir='ltr'>sq.</span> <span class='ocrx_word' id='word_1_340' title='bbox 3117 2926 3306 3005; x_wconf 87' lang='lat' dir='ltr'>Atqui</span> <span class='ocrx_word' id='word_1_341' title='bbox 3338 2926 3503 2991; x_wconf 85' lang='lat' dir='ltr'>Elias</span> <span class='ocrx_word' id='word_1_342' title='bbox 3533 2927 3677 2990; x_wconf 83' lang='lat' dir='ltr'>illos</span> 
     </span>
    </p>
   </div>
   <div class='ocr_carea' id='block_1_29' title="bbox 384 3020 3677 3113">
    <p class='ocr_par' dir='ltr' id='par_1_29' title="bbox 384 3020 3677 3113">
     <span class='ocr_line' id='line_1_29' title="bbox 384 3020 3677 3113; baseline -0.006 0"><span class='ocrx_word' id='word_1_343' title='bbox 384 3020 531 3113; x_wconf 77' lang='lat' dir='ltr'>cum</span> <span class='ocrx_word' id='word_1_344' title='bbox 562 3020 1038 3108; x_wconf 60' lang='lat' dir='ltr'>Macedonianis</span> <span class='ocrx_word' id='word_1_345' title='bbox 1086 3034 1275 3097; x_wconf 88' lang='lat' dir='ltr'>etiam</span> <span class='ocrx_word' id='word_1_346' title='bbox 1329 3049 1407 3094; x_wconf 90' lang='lat' dir='ltr'>ex</span> <span class='ocrx_word' id='word_1_347' title='bbox 1453 3025 1861 3112; x_wconf 83' lang='lat' dir='ltr'>phiIOSOphia</span> <span class='ocrx_word' id='word_1_348' title='bbox 1894 3023 2325 3087; x_wconf 86' lang='lat' dir='ltr'>recentiorum</span> <span class='ocrx_word' id='word_1_349' title='bbox 2369 3020 2837 3086; x_wconf 88' lang='lat' dir='ltr'>Platonicorum</span> <span class='ocrx_word' id='word_1_350' title='bbox 2885 3026 3235 3106; x_wconf 86' lang='lat' dir='ltr'>profecisse</span> <span class='ocrx_word' id='word_1_351' title='bbox 3289 3032 3677 3108; x_wconf 85' lang='lat' dir='ltr'>argumentis</span> 
     </span>
    </p>
   </div>
   <div class='ocr_carea' id='block_1_30' title="bbox 382 3124 3675 3217">
    <p class='ocr_par' dir='ltr' id='par_1_30' title="bbox 382 3124 3675 3217">
     <span class='ocr_line' id='line_1_30' title="bbox 382 3124 3675 3217; baseline -0.006 0"><span class='ocrx_word' id='word_1_352' title='bbox 382 3146 724 3217; x_wconf 89' lang='lat' dir='ltr'>luculentis</span> <span class='ocrx_word' id='word_1_353' title='bbox 746 3143 1159 3212; x_wconf 87' lang='lat' dir='ltr'>demonstrat,</span> <span class='ocrx_word' id='word_1_354' title='bbox 1195 3141 1418 3215; x_wconf 86' lang='lat' dir='ltr'>estque</span> <span class='ocrx_word' id='word_1_355' title='bbox 1463 3131 1587 3194; x_wconf 90' lang='lat' dir='ltr'>hoc</span> <span class='ocrx_word' id='word_1_356' title='bbox 1613 3130 1758 3193; x_wconf 89' lang='lat' dir='ltr'>loco</span> <span class='ocrx_word' id='word_1_357' title='bbox 1789 3126 2052 3191; x_wconf 89' lang='lat' dir='ltr'>omnino</span> <span class='ocrx_word' id='word_1_358' title='bbox 2085 3125 2162 3189; x_wconf 89' lang='lat' dir='ltr'>ad</span> <span class='ocrx_word' id='word_1_359' title='bbox 2195 3142 2268 3187; x_wconf 88' lang='lat' dir='ltr'>ea</span> <span class='ocrx_word' id='word_1_360' title='bbox 2309 3124 2809 3205; x_wconf 89' lang='lat' dir='ltr'>provocandum,</span> <span class='ocrx_word' id='word_1_361' title='bbox 2852 3143 2997 3207; x_wconf 73' lang='lat' dir='ltr'>qute</span> <span class='ocrx_word' id='word_1_362' title='bbox 3038 3128 3203 3190; x_wconf 88' lang='lat' dir='ltr'>Elias</span> <span class='ocrx_word' id='word_1_363' title='bbox 3238 3128 3317 3192; x_wconf 91' lang='lat' dir='ltr'>de</span> <span class='ocrx_word' id='word_1_364' title='bbox 3356 3129 3675 3212; x_wconf 84' lang='lat' dir='ltr'>theologia</span> 
     </span>
    </p>
   </div>
   <div class='ocr_carea' id='block_1_31' title="bbox 384 3228 3675 3329">
    <p class='ocr_par' dir='ltr' id='par_1_31' title="bbox 384 3228 3675 3329">
     <span class='ocr_line' id='line_1_31' title="bbox 384 3228 3675 3329; baseline -0.007 -8"><span class='ocrx_word' id='word_1_365' title='bbox 384 3252 664 3320; x_wconf 85' lang='lat' dir='ltr'>Platonis</span> <span class='ocrx_word' id='word_1_366' title='bbox 698 3254 760 3310; x_wconf 92' lang='lat' dir='ltr'>et</span> <span class='ocrx_word' id='word_1_367' title='bbox 794 3239 1164 3329; x_wconf 89' lang='lat' dir='ltr'>recentioris</span> <span class='ocrx_word' id='word_1_368' title='bbox 1188 3235 1558 3321; x_wconf 84' lang='lat' dir='ltr'>prepaginis</span> <span class='ocrx_word' id='word_1_369' title='bbox 1588 3232 2053 3296; x_wconf 87' lang='lat' dir='ltr'>Platonicorum</span> <span class='ocrx_word' id='word_1_370' title='bbox 2080 3229 2160 3321; x_wconf 85' lang='lat' dir='ltr'>ab</span> <span class='ocrx_word' id='word_1_371' title='bbox 2198 3228 2511 3292; x_wconf 67' lang='lat' dir='ltr'>haereticis</span> <span class='ocrx_word' id='word_1_372' title='bbox 2538 3228 2605 3292; x_wconf 92' lang='lat' dir='ltr'>in</span> <span class='ocrx_word' id='word_1_373' title='bbox 2627 3228 2978 3293; x_wconf 88' lang='lat' dir='ltr'>doctrinam</span> <span class='ocrx_word' id='word_1_374' title='bbox 3018 3230 3432 3298; x_wconf 88' lang='lat' dir='ltr'>Christianam</span> <span class='ocrx_word' id='word_1_375' title='bbox 3465 3241 3675 3301; x_wconf 79' lang='lat' dir='ltr'>trans-</span> 
     </span>
    </p>
   </div>
   <div class='ocr_carea' id='block_1_32' title="bbox 384 3335 3675 3431">
    <p class='ocr_par' dir='ltr' id='par_1_32' title="bbox 384 3335 3675 3431">
     <span class='ocr_line' id='line_1_32' title="bbox 384 3335 3675 3431; baseline -0.005 -7"><span class='ocrx_word' id='word_1_376' title='bbox 384 3368 503 3431; x_wconf 81' lang='lat' dir='ltr'>lata</span> <span class='ocrx_word' id='word_1_377' title='bbox 547 3359 593 3421; x_wconf 86' lang='lat' dir='ltr'>f.</span> <span class='ocrx_word' id='word_1_378' title='bbox 644 3353 748 3417; x_wconf 85' lang='lat'>167</span> <span class='ocrx_word' id='word_1_379' title='bbox 792 3369 851 3411; x_wconf 91' lang='lat' dir='ltr'>v.</span> <span class='ocrx_word' id='word_1_380' title='bbox 897 3366 949 3410; x_wconf 92' lang='lat' dir='ltr'>s.</span> <span class='ocrx_word' id='word_1_381' title='bbox 1003 3344 1114 3409; x_wconf 87' lang='lat'>168</span> <span class='ocrx_word' id='word_1_382' title='bbox 1158 3363 1211 3406; x_wconf 92' lang='lat' dir='ltr'>r.</span> <span class='ocrx_word' id='word_1_383' title='bbox 1274 3360 1361 3405; x_wconf 91' lang='lat' dir='ltr'>m.</span> <span class='ocrx_word' id='word_1_384' title='bbox 1421 3338 1534 3402; x_wconf 76' lang='lat'>236</span> <span class='ocrx_word' id='word_1_385' title='bbox 1575 3357 1634 3399; x_wconf 91' lang='lat' dir='ltr'>v.</span> <span class='ocrx_word' id='word_1_386' title='bbox 1687 3336 1731 3400; x_wconf 90' lang='lat' dir='ltr'>i.</span> <span class='ocrx_word' id='word_1_387' title='bbox 1786 3340 2025 3399; x_wconf 88' lang='lat' dir='ltr'>monet.</span> <span class='ocrx_word' id='word_1_388' title='bbox 2092 3335 2333 3398; x_wconf 88' lang='lat' dir='ltr'>Deinde</span> <span class='ocrx_word' id='word_1_389' title='bbox 2399 3335 2752 3418; x_wconf 90' lang='lat' dir='ltr'>permultos</span> <span class='ocrx_word' id='word_1_390' title='bbox 2800 3337 3139 3421; x_wconf 69' lang='lat' dir='ltr'>Scriptura:</span> <span class='ocrx_word' id='word_1_391' title='bbox 3205 3342 3411 3406; x_wconf 71' lang='lat' dir='ltr'>Sacrae</span> <span class='ocrx_word' id='word_1_392' title='bbox 3471 3343 3675 3421; x_wconf 89' lang='lat' dir='ltr'>locos,</span> 
     </span>
    </p>
   </div>
   <div class='ocr_carea' id='block_1_33' title="bbox 384 3438 3675 3538">
    <p class='ocr_par' dir='ltr' id='par_1_33' title="bbox 384 3438 3675 3538">
     <span class='ocr_line' id='line_1_33' title="bbox 384 3438 3675 3538; baseline -0.005 -10"><span class='ocrx_word' id='word_1_393' title='bbox 384 3489 421 3533; x_wconf 72' lang='grc' dir='ltr'><strong>δ</strong></span> <span class='ocrx_word' id='word_1_394' title='bbox 449 3470 514 3528; x_wconf 93' lang='grc'>8.</span> <span class='ocrx_word' id='word_1_395' title='bbox 554 3455 860 3538; x_wconf 83' lang='lat' dir='ltr'>Gregorio</span> <span class='ocrx_word' id='word_1_396' title='bbox 893 3450 1180 3515; x_wconf 89' lang='lat' dir='ltr'>laudatos</span> <span class='ocrx_word' id='word_1_397' title='bbox 1210 3445 1303 3509; x_wconf 91' lang='lat' dir='ltr'>vel</span> <span class='ocrx_word' id='word_1_398' title='bbox 1341 3442 1646 3507; x_wconf 91' lang='lat' dir='ltr'>imitando</span> <span class='ocrx_word' id='word_1_399' title='bbox 1675 3455 2033 3521; x_wconf 82' lang='lat' dir='ltr'>expressos,</span> <span class='ocrx_word' id='word_1_400' title='bbox 2066 3438 2258 3515; x_wconf 88' lang='lat' dir='ltr'>Elias,</span> <span class='ocrx_word' id='word_1_401' title='bbox 2293 3457 2517 3504; x_wconf 91' lang='lat' dir='ltr'>eorum</span> <span class='ocrx_word' id='word_1_402' title='bbox 2548 3439 2804 3503; x_wconf 89' lang='lat' dir='ltr'>sedibus</span> <span class='ocrx_word' id='word_1_403' title='bbox 2833 3448 3123 3505; x_wconf 88' lang='lat' dir='ltr'>accurate</span> <span class='ocrx_word' id='word_1_404' title='bbox 3158 3444 3473 3523; x_wconf 77' lang='lat' dir='ltr'>indicatis,</span> <span class='ocrx_word' id='word_1_405' title='bbox 3504 3465 3675 3511; x_wconf 63' lang='lat' dir='ltr'>sanae</span> 
     </span>
    </p>
   </div>
   <div class='ocr_carea' id='block_1_34' title="bbox 296 3539 3676 3643">
    <p class='ocr_par' dir='ltr' id='par_1_34' title="bbox 296 3539 3676 3643">
     <span class='ocr_line' id='line_1_34' title="bbox 296 3539 3676 3643; baseline -0.003 -23"><span class='ocrx_word' id='word_1_406' title='bbox 296 3543 305 3551; x_wconf 50' lang='grc'>”</span> <span class='ocrx_word' id='word_1_407' title='bbox 383 3570 702 3643; x_wconf 75' lang='grc' dir='ltr'>ἐξηγήσεως</span> <span class='ocrx_word' id='word_1_408' title='bbox 735 3574 861 3638; x_wconf 89' lang='lat' dir='ltr'>ope</span> <span class='ocrx_word' id='word_1_409' title='bbox 888 3552 1141 3632; x_wconf 89' lang='lat' dir='ltr'>egregie</span> <span class='ocrx_word' id='word_1_410' title='bbox 1166 3548 1457 3641; x_wconf 88' lang='lat' dir='ltr'>illustrat.</span> <span class='ocrx_word' id='word_1_411' title='bbox 1482 3547 1680 3609; x_wconf 92' lang='lat' dir='ltr'>Porro</span> <span class='ocrx_word' id='word_1_412' title='bbox 1700 3542 1832 3616; x_wconf 91' lang='lat' dir='ltr'>ille,</span> <span class='ocrx_word' id='word_1_413' title='bbox 1864 3539 2187 3604; x_wconf 88' lang='lat' dir='ltr'>uberrimo</span> <span class='ocrx_word' id='word_1_414' title='bbox 2212 3559 2367 3604; x_wconf 91' lang='lat' dir='ltr'>usus</span> <span class='ocrx_word' id='word_1_415' title='bbox 2388 3539 2763 3620; x_wconf 61' lang='lat' dir='ltr'>theologica:</span> <span class='ocrx_word' id='word_1_416' title='bbox 2796 3542 3168 3607; x_wconf 84' lang='lat' dir='ltr'>eruditionis</span> <span class='ocrx_word' id='word_1_417' title='bbox 3192 3562 3388 3627; x_wconf 90' lang='lat' dir='ltr'>penu,</span> <span class='ocrx_word' id='word_1_418' title='bbox 3427 3563 3501 3610; x_wconf 91' lang='lat' dir='ltr'>ea</span> <span class='ocrx_word' id='word_1_419' title='bbox 3531 3565 3676 3629; x_wconf 64' lang='lat' dir='ltr'>quae</span> 
     </span>
    </p>
   </div>
   <div class='ocr_carea' id='block_1_35' title="bbox 383 3640 3681 3745">
    <p class='ocr_par' dir='ltr' id='par_1_35' title="bbox 383 3640 3681 3745">
     <span class='ocr_line' id='line_1_35' title="bbox 383 3640 3681 3745; baseline -0.004 -16"><span class='ocrx_word' id='word_1_420' title='bbox 383 3640 726 3745; x_wconf 85' lang='lat' dir='ltr'>Gregorius</span> <span class='ocrx_word' id='word_1_421' title='bbox 754 3680 835 3726; x_wconf 88' lang='lat' dir='ltr'>ex</span> <span class='ocrx_word' id='word_1_422' title='bbox 862 3665 1146 3722; x_wconf 89' lang='lat' dir='ltr'>veterum</span> <span class='ocrx_word' id='word_1_423' title='bbox 1178 3640 1621 3732; x_wconf 86' lang='lat' dir='ltr'>theologorum</span> <span class='ocrx_word' id='word_1_424' title='bbox 1651 3650 1903 3731; x_wconf 91' lang='lat' dir='ltr'>scriptis</span> <span class='ocrx_word' id='word_1_425' title='bbox 1922 3665 2109 3710; x_wconf 90' lang='lat' dir='ltr'>suum</span> <span class='ocrx_word' id='word_1_426' title='bbox 2136 3647 2205 3710; x_wconf 90' lang='lat' dir='ltr'>in</span> <span class='ocrx_word' id='word_1_427' title='bbox 2220 3665 2408 3710; x_wconf 88' lang='lat' dir='ltr'>usum</span> <span class='ocrx_word' id='word_1_428' title='bbox 2438 3647 2772 3725; x_wconf 89' lang='lat' dir='ltr'>convertit,</span> <span class='ocrx_word' id='word_1_429' title='bbox 2797 3647 2875 3711; x_wconf 90' lang='lat' dir='ltr'>ad</span> <span class='ocrx_word' id='word_1_430' title='bbox 2905 3648 3115 3713; x_wconf 90' lang='lat' dir='ltr'>fontes</span> <span class='ocrx_word' id='word_1_431' title='bbox 3144 3658 3399 3716; x_wconf 88' lang='lat' dir='ltr'>revocat</span> <span class='ocrx_word' id='word_1_432' title='bbox 3427 3670 3681 3717; x_wconf 86' lang='lat' dir='ltr'>eorum-</span> 
     </span>
    </p>
   </div>
   <div class='ocr_carea' id='block_1_36' title="bbox 384 3748 3678 3849">
    <p class='ocr_par' dir='ltr' id='par_1_36' title="bbox 384 3748 3678 3849">
     <span class='ocr_line' id='line_1_36' title="bbox 384 3748 3678 3849; baseline -0.004 -19"><span class='ocrx_word' id='word_1_433' title='bbox 384 3784 512 3848; x_wconf 88' lang='lat' dir='ltr'>que</span> <span class='ocrx_word' id='word_1_434' title='bbox 533 3766 709 3829; x_wconf 91' lang='lat' dir='ltr'>locos</span> <span class='ocrx_word' id='word_1_435' title='bbox 737 3760 973 3845; x_wconf 87' lang='lat' dir='ltr'>pariles</span> <span class='ocrx_word' id='word_1_436' title='bbox 1006 3755 1230 3821; x_wconf 87' lang='lat' dir='ltr'>adfert.</span> <span class='ocrx_word' id='word_1_437' title='bbox 1266 3757 1402 3849; x_wconf 83' lang='lat' dir='ltr'>Quo</span> <span class='ocrx_word' id='word_1_438' title='bbox 1429 3771 1510 3845; x_wconf 85' lang='lat' dir='ltr'>ex</span> <span class='ocrx_word' id='word_1_439' title='bbox 1539 3768 1773 3833; x_wconf 90' lang='lat' dir='ltr'>genere</span> <span class='ocrx_word' id='word_1_440' title='bbox 1802 3749 1999 3813; x_wconf 88' lang='lat' dir='ltr'>multa</span> <span class='ocrx_word' id='word_1_441' title='bbox 2043 3754 2192 3812; x_wconf 88' lang='lat' dir='ltr'>sunt</span> <span class='ocrx_word' id='word_1_442' title='bbox 2220 3749 2571 3826; x_wconf 89' lang='lat' dir='ltr'>recondita,</span> <span class='ocrx_word' id='word_1_443' title='bbox 2601 3756 2665 3812; x_wconf 88' lang='lat' dir='ltr'>et</span> <span class='ocrx_word' id='word_1_444' title='bbox 2694 3767 2838 3837; x_wconf 51' lang='lat' dir='ltr'>quae</span> <span class='ocrx_word' id='word_1_445' title='bbox 2885 3748 3079 3815; x_wconf 88' lang='lat' dir='ltr'>hodie</span> <span class='ocrx_word' id='word_1_446' title='bbox 3108 3752 3295 3832; x_wconf 89' lang='lat' dir='ltr'>pauci</span> <span class='ocrx_word' id='word_1_447' title='bbox 3322 3753 3389 3815; x_wconf 91' lang='lat' dir='ltr'>in</span> <span class='ocrx_word' id='word_1_448' title='bbox 3418 3762 3678 3837; x_wconf 88' lang='lat' dir='ltr'>promtu</span> 
     </span>
    </p>
   </div>
   <div class='ocr_carea' id='block_1_37' title="bbox 385 3850 3677 3939">
    <p class='ocr_par' dir='ltr' id='par_1_37' title="bbox 385 3850 3677 3939">
     <span class='ocr_line' id='line_1_37' title="bbox 385 3850 3677 3939; baseline -0.004 -6"><span class='ocrx_word' id='word_1_449' title='bbox 385 3869 642 3932; x_wconf 85' lang='lat' dir='ltr'>habent.</span> <span class='ocrx_word' id='word_1_450' title='bbox 701 3866 801 3929; x_wconf 92' lang='lat' dir='ltr'>Sic</span> <span class='ocrx_word' id='word_1_451' title='bbox 841 3863 982 3939; x_wconf 89' lang='lat' dir='ltr'>ille,</span> <span class='ocrx_word' id='word_1_452' title='bbox 1028 3877 1161 3923; x_wconf 92' lang='lat' dir='ltr'>non</span> <span class='ocrx_word' id='word_1_453' title='bbox 1224 3864 1563 3921; x_wconf 88' lang='lat' dir='ltr'>contentus</span> <span class='ocrx_word' id='word_1_454' title='bbox 1619 3856 1725 3918; x_wconf 92' lang='lat' dir='ltr'>SS.</span> <span class='ocrx_word' id='word_1_455' title='bbox 1770 3855 1988 3917; x_wconf 87' lang='lat' dir='ltr'>Patres</span> <span class='ocrx_word' id='word_1_456' title='bbox 2035 3850 2476 3938; x_wconf 79' lang='lat' dir='ltr'>Athanasium,</span> <span class='ocrx_word' id='word_1_457' title='bbox 2526 3852 2856 3937; x_wconf 85' lang='lat' dir='ltr'>Basilium,</span> <span class='ocrx_word' id='word_1_458' title='bbox 2917 3853 3471 3935; x_wconf 79' lang='lat' dir='ltr'>Chrysostomum,</span> <span class='ocrx_word' id='word_1_459' title='bbox 3516 3857 3677 3921; x_wconf 83' lang='lat' dir='ltr'>alios</span> 
     </span>
    </p>
   </div>
   <div class='ocr_carea' id='block_1_38' title="bbox 385 3952 3679 4053">
    <p class='ocr_par' dir='ltr' id='par_1_38' title="bbox 385 3952 3679 4053">
     <span class='ocr_line' id='line_1_38' title="bbox 385 3952 3679 4053; baseline -0.004 -18"><span class='ocrx_word' id='word_1_460' title='bbox 385 3972 463 4035; x_wconf 90' lang='lat' dir='ltr'>ad</span> <span class='ocrx_word' id='word_1_461' title='bbox 498 3973 706 4053; x_wconf 91' lang='lat' dir='ltr'>partes</span> <span class='ocrx_word' id='word_1_462' title='bbox 736 3979 1017 4038; x_wconf 89' lang='lat' dir='ltr'>vocasse,</span> <span class='ocrx_word' id='word_1_463' title='bbox 1048 3960 1351 4040; x_wconf 88' lang='lat' dir='ltr'>frequens</span> <span class='ocrx_word' id='word_1_464' title='bbox 1378 3964 1474 4020; x_wconf 88' lang='lat' dir='ltr'>est</span> <span class='ocrx_word' id='word_1_465' title='bbox 1497 3957 1565 4019; x_wconf 91' lang='lat' dir='ltr'>in</span> <span class='ocrx_word' id='word_1_466' title='bbox 1592 3953 1925 4019; x_wconf 90' lang='lat' dir='ltr'>laudandis</span> <span class='ocrx_word' id='word_1_467' title='bbox 1946 3952 2253 4033; x_wconf 85' lang='lat' dir='ltr'>Dionysii,</span> <span class='ocrx_word' id='word_1_468' title='bbox 2286 3953 2399 4035; x_wconf 91' lang='lat' dir='ltr'>qui</span> <span class='ocrx_word' id='word_1_469' title='bbox 2430 3952 2652 4030; x_wconf 88' lang='lat' dir='ltr'>fertur,</span> <span class='ocrx_word' id='word_1_470' title='bbox 2683 3955 3079 4036; x_wconf 72' lang='lat' dir='ltr'>AreOpagitae</span> <span class='ocrx_word' id='word_1_471' title='bbox 3110 3957 3360 4039; x_wconf 89' lang='lat' dir='ltr'>scriptis</span> <span class='ocrx_word' id='word_1_472' title='bbox 3382 4005 3400 4033; x_wconf 91' lang='lat'>,</span> <span class='ocrx_word' id='word_1_473' title='bbox 3429 3975 3508 4021; x_wconf 88' lang='lat' dir='ltr'>ex</span> <span class='ocrx_word' id='word_1_474' title='bbox 3539 3962 3679 4040; x_wconf 76' lang='lat' dir='ltr'>qui-</span> 
     </span>
    </p>
   </div>
   <div class='ocr_carea' id='block_1_39' title="bbox 387 4053 3675 4154">
    <p class='ocr_par' dir='ltr' id='par_1_39' title="bbox 387 4053 3675 4154">
     <span class='ocr_line' id='line_1_39' title="bbox 387 4053 3675 4154; baseline -0.005 -17"><span class='ocrx_word' id='word_1_475' title='bbox 387 4076 506 4149; x_wconf 83' lang='lat' dir='ltr'>bus</span> <span class='ocrx_word' id='word_1_476' title='bbox 535 4068 707 4154; x_wconf 88' lang='lat' dir='ltr'>quod</span> <span class='ocrx_word' id='word_1_477' title='bbox 737 4064 1110 4145; x_wconf 87' lang='lat' dir='ltr'>Gregorium</span> <span class='ocrx_word' id='word_1_478' title='bbox 1140 4060 1423 4124; x_wconf 88' lang='lat' dir='ltr'>hausisse</span> <span class='ocrx_word' id='word_1_479' title='bbox 1462 4057 1731 4139; x_wconf 86' lang='lat' dir='ltr'>putavit,</span> <span class='ocrx_word' id='word_1_480' title='bbox 1760 4054 1877 4118; x_wconf 91' lang='lat' dir='ltr'>etsi</span> <span class='ocrx_word' id='word_1_481' title='bbox 1903 4061 2144 4117; x_wconf 87' lang='lat' dir='ltr'>temere</span> <span class='ocrx_word' id='word_1_482' title='bbox 2169 4054 2396 4117; x_wconf 87' lang='lat' dir='ltr'>fecisse</span> <span class='ocrx_word' id='word_1_483' title='bbox 2425 4054 2638 4117; x_wconf 88' lang='lat' dir='ltr'>multis</span> <span class='ocrx_word' id='word_1_484' title='bbox 2666 4053 3003 4133; x_wconf 89' lang='lat' dir='ltr'>videbitur,</span> <span class='ocrx_word' id='word_1_485' title='bbox 3034 4056 3231 4121; x_wconf 88' lang='lat' dir='ltr'>multa</span> <span class='ocrx_word' id='word_1_486' title='bbox 3264 4064 3476 4122; x_wconf 91' lang='lat' dir='ltr'>tamen</span> <span class='ocrx_word' id='word_1_487' title='bbox 3504 4062 3675 4143; x_wconf 88' lang='lat' dir='ltr'>apud</span> 
     </span>
    </p>
   </div>
   <div class='ocr_carea' id='block_1_40' title="bbox 384 4151 3669 4254">
    <p class='ocr_par' dir='ltr' id='par_1_40' title="bbox 384 4151 3669 4254">
     <span class='ocr_line' id='line_1_40' title="bbox 384 4151 3669 4254; baseline -0.005 -15"><span class='ocrx_word' id='word_1_488' title='bbox 384 4151 761 4254; x_wconf 80' lang='lat' dir='ltr'>Gregorium</span> <span class='ocrx_word' id='word_1_489' title='bbox 788 4164 1213 4249; x_wconf 88' lang='lat' dir='ltr'>reperiuntur,</span> <span class='ocrx_word' id='word_1_490' title='bbox 1236 4177 1378 4243; x_wconf 70' lang='lat' dir='ltr'>qum</span> <span class='ocrx_word' id='word_1_491' title='bbox 1406 4159 1554 4222; x_wconf 88' lang='lat' dir='ltr'>huic</span> <span class='ocrx_word' id='word_1_492' title='bbox 1585 4156 1875 4239; x_wconf 86' lang='lat' dir='ltr'>Opinioni</span> <span class='ocrx_word' id='word_1_493' title='bbox 1909 4155 2160 4219; x_wconf 87' lang='lat' dir='ltr'>faveant</span> <span class='ocrx_word' id='word_1_494' title='bbox 2194 4155 2295 4234; x_wconf 80' lang='grc' dir='ltr'>(ο).</span> <span class='ocrx_word' id='word_1_495' title='bbox 2326 4151 2531 4228; x_wconf 79' lang='lat' dir='ltr'>Quid?</span> <span class='ocrx_word' id='word_1_496' title='bbox 2560 4156 2731 4237; x_wconf 90' lang='lat' dir='ltr'>quod</span> <span class='ocrx_word' id='word_1_497' title='bbox 2762 4174 2880 4220; x_wconf 89' lang='lat' dir='ltr'>nec</span> <span class='ocrx_word' id='word_1_498' title='bbox 2910 4156 3270 4233; x_wconf 88' lang='lat' dir='ltr'>Clementis,</span> <span class='ocrx_word' id='word_1_499' title='bbox 3302 4158 3410 4238; x_wconf 88' lang='lat' dir='ltr'>qui</span> <span class='ocrx_word' id='word_1_500' title='bbox 3445 4159 3669 4235; x_wconf 81' lang='lat' dir='ltr'>fertur,</span> 
     </span>
    </p>
   </div>
   <div class='ocr_carea' id='block_1_41' title="bbox 389 4255 3673 4350">
    <p class='ocr_par' dir='ltr' id='par_1_41' title="bbox 389 4255 3673 4350">
     <span class='ocr_line' id='line_1_41' title="bbox 389 4255 3673 4350; baseline -0.006 -10"><span class='ocrx_word' id='word_1_501' title='bbox 389 4272 660 4341; x_wconf 78' lang='lat' dir='ltr'>Romani</span> <span class='ocrx_word' id='word_1_502' title='bbox 687 4267 915 4350; x_wconf 90' lang='lat' dir='ltr'>scripta</span> <span class='ocrx_word' id='word_1_503' title='bbox 937 4267 1086 4329; x_wconf 59' lang='lat' dir='ltr'>Elia;</span> <span class='ocrx_word' id='word_1_504' title='bbox 1112 4264 1325 4346; x_wconf 86' lang='lat' dir='ltr'>ignota</span> <span class='ocrx_word' id='word_1_505' title='bbox 1353 4260 1554 4324; x_wconf 88' lang='lat' dir='ltr'>fuere.</span> <span class='ocrx_word' id='word_1_506' title='bbox 1592 4261 1730 4322; x_wconf 90' lang='lat' dir='ltr'>Huc</span> <span class='ocrx_word' id='word_1_507' title='bbox 1759 4257 2005 4322; x_wconf 90' lang='lat' dir='ltr'>accedit</span> <span class='ocrx_word' id='word_1_508' title='bbox 2023 4304 2040 4333; x_wconf 91' lang='lat'>,</span> <span class='ocrx_word' id='word_1_509' title='bbox 2070 4255 2246 4337; x_wconf 90' lang='lat' dir='ltr'>quod</span> <span class='ocrx_word' id='word_1_510' title='bbox 2274 4261 2508 4335; x_wconf 65' lang='lat' dir='ltr'>praeter</span> <span class='ocrx_word' id='word_1_511' title='bbox 2536 4271 2611 4317; x_wconf 90' lang='lat' dir='ltr'>ea</span> <span class='ocrx_word' id='word_1_512' title='bbox 2638 4304 2653 4329; x_wconf 92' lang='lat'>,</span> <span class='ocrx_word' id='word_1_513' title='bbox 2680 4274 2823 4337; x_wconf 66' lang='lat' dir='ltr'>qua:</span> <span class='ocrx_word' id='word_1_514' title='bbox 2851 4256 2957 4319; x_wconf 91' lang='lat' dir='ltr'>ille</span> <span class='ocrx_word' id='word_1_515' title='bbox 2987 4274 3065 4319; x_wconf 82' lang='lat' dir='ltr'>ex</span> <span class='ocrx_word' id='word_1_516' title='bbox 3102 4264 3384 4320; x_wconf 83' lang='lat' dir='ltr'>veterum</span> <span class='ocrx_word' id='word_1_517' title='bbox 3418 4256 3673 4322; x_wconf 89' lang='lat' dir='ltr'>theolo-</span> 
     </span>
    </p>
   </div>
   <div class='ocr_carea' id='block_1_42' title="bbox 387 4356 3677 4458">
    <p class='ocr_par' dir='ltr' id='par_1_42' title="bbox 387 4356 3677 4458">
     <span class='ocr_line' id='line_1_42' title="bbox 387 4356 3677 4458; baseline -0.005 -17"><span class='ocrx_word' id='word_1_518' title='bbox 387 4394 611 4458; x_wconf 84' lang='lat' dir='ltr'>gorum</span> <span class='ocrx_word' id='word_1_519' title='bbox 638 4371 913 4453; x_wconf 87' lang='lat' dir='ltr'>scriptis,</span> <span class='ocrx_word' id='word_1_520' title='bbox 951 4383 1249 4448; x_wconf 83' lang='lat' dir='ltr'>expressa</span> <span class='ocrx_word' id='word_1_521' title='bbox 1284 4368 1615 4426; x_wconf 89' lang='lat' dir='ltr'>auctorum</span> <span class='ocrx_word' id='word_1_522' title='bbox 1642 4359 1967 4424; x_wconf 86' lang='lat' dir='ltr'>mentione</span> <span class='ocrx_word' id='word_1_523' title='bbox 2001 4356 2198 4433; x_wconf 86' lang='lat' dir='ltr'>facta,</span> <span class='ocrx_word' id='word_1_524' title='bbox 2229 4357 2456 4433; x_wconf 88' lang='lat' dir='ltr'>attulit,</span> <span class='ocrx_word' id='word_1_525' title='bbox 2485 4357 2684 4420; x_wconf 91' lang='lat' dir='ltr'>multa</span> <span class='ocrx_word' id='word_1_526' title='bbox 2726 4371 2805 4419; x_wconf 85' lang='lat' dir='ltr'>ex</span> <span class='ocrx_word' id='word_1_527' title='bbox 2833 4357 3058 4420; x_wconf 89' lang='lat' dir='ltr'>iisdem</span> <span class='ocrx_word' id='word_1_528' title='bbox 3093 4358 3173 4421; x_wconf 91' lang='lat' dir='ltr'>ab</span> <span class='ocrx_word' id='word_1_529' title='bbox 3205 4376 3283 4422; x_wconf 92' lang='lat' dir='ltr'>eo</span> <span class='ocrx_word' id='word_1_530' title='bbox 3311 4360 3498 4425; x_wconf 91' lang='lat' dir='ltr'>tacite</span> <span class='ocrx_word' id='word_1_531' title='bbox 3528 4371 3677 4424; x_wconf 89' lang='lat' dir='ltr'>sunt</span> 
     </span>
    </p>
   </div>
   <div class='ocr_carea' id='block_1_43' title="bbox 385 4458 3679 4554">
    <p class='ocr_par' dir='ltr' id='par_1_43' title="bbox 385 4458 3679 4554">
     <span class='ocr_line' id='line_1_43' title="bbox 385 4458 3679 4554; baseline -0.005 -11"><span class='ocrx_word' id='word_1_532' title='bbox 385 4477 836 4554; x_wconf 87' lang='lat' dir='ltr'>transsumpta.</span> <span class='ocrx_word' id='word_1_533' title='bbox 858 4470 957 4533; x_wconf 87' lang='lat' dir='ltr'>Sic</span> <span class='ocrx_word' id='word_1_534' title='bbox 988 4466 1093 4529; x_wconf 85' lang='lat' dir='ltr'>ille</span> <span class='ocrx_word' id='word_1_535' title='bbox 1126 4462 1429 4528; x_wconf 89' lang='lat' dir='ltr'>abstrusis</span> <span class='ocrx_word' id='word_1_536' title='bbox 1458 4460 1745 4542; x_wconf 88' lang='lat' dir='ltr'>Gregorii</span> <span class='ocrx_word' id='word_1_537' title='bbox 1769 4459 2099 4523; x_wconf 87' lang='lat' dir='ltr'>sententiis</span> <span class='ocrx_word' id='word_1_538' title='bbox 2120 4458 2513 4542; x_wconf 84' lang='lat' dir='ltr'>explicandis</span> <span class='ocrx_word' id='word_1_539' title='bbox 2535 4475 2982 4540; x_wconf 70' lang='lat' dir='ltr'>saepenumero</span> <span class='ocrx_word' id='word_1_540' title='bbox 3011 4459 3272 4524; x_wconf 90' lang='lat' dir='ltr'>adhibet</span> <span class='ocrx_word' id='word_1_541' title='bbox 3301 4478 3448 4525; x_wconf 91' lang='lat' dir='ltr'>cum</span> <span class='ocrx_word' id='word_1_542' title='bbox 3474 4462 3679 4545; x_wconf 89' lang='lat' dir='ltr'>ipsius</span> 
     </span>
    </p>
   </div>
   <div class='ocr_carea' id='block_1_44' title="bbox 386 4560 3677 4658">
    <p class='ocr_par' dir='ltr' id='par_1_44' title="bbox 386 4560 3677 4658">
     <span class='ocr_line' id='line_1_44' title="bbox 386 4560 3677 4658; baseline -0.005 -17"><span class='ocrx_word' id='word_1_543' title='bbox 386 4577 696 4658; x_wconf 86' lang='lat' dir='ltr'>Gregorii,</span> <span class='ocrx_word' id='word_1_544' title='bbox 733 4583 867 4636; x_wconf 92' lang='lat' dir='ltr'>tum</span> <span class='ocrx_word' id='word_1_545' title='bbox 896 4572 959 4632; x_wconf 91' lang='lat' dir='ltr'>S.</span> <span class='ocrx_word' id='word_1_546' title='bbox 986 4567 1195 4632; x_wconf 89' lang='lat' dir='ltr'>Basilii</span> <span class='ocrx_word' id='word_1_547' title='bbox 1222 4570 1283 4629; x_wconf 89' lang='lat' dir='ltr'>et</span> <span class='ocrx_word' id='word_1_548' title='bbox 1304 4564 1571 4629; x_wconf 90' lang='lat' dir='ltr'>aliorum</span> <span class='ocrx_word' id='word_1_549' title='bbox 1591 4563 1769 4627; x_wconf 89' lang='lat' dir='ltr'>locos</span> <span class='ocrx_word' id='word_1_550' title='bbox 1798 4561 2085 4643; x_wconf 88' lang='lat' dir='ltr'>geminos</span> <span class='ocrx_word' id='word_1_551' title='bbox 2122 4568 2185 4625; x_wconf 89' lang='lat' dir='ltr'>et</span> <span class='ocrx_word' id='word_1_552' title='bbox 2212 4562 2290 4624; x_wconf 88' lang='lat' dir='ltr'>ad</span> <span class='ocrx_word' id='word_1_553' title='bbox 2319 4560 2804 4642; x_wconf 88' lang='lat' dir='ltr'>intelligendum</span> <span class='ocrx_word' id='word_1_554' title='bbox 2831 4561 3179 4638; x_wconf 83' lang='lat' dir='ltr'>faciliores;</span> <span class='ocrx_word' id='word_1_555' title='bbox 3212 4563 3302 4627; x_wconf 90' lang='lat' dir='ltr'>sic</span> <span class='ocrx_word' id='word_1_556' title='bbox 3325 4565 3388 4626; x_wconf 93' lang='grc'>8.</span> <span class='ocrx_word' id='word_1_557' title='bbox 3424 4564 3677 4628; x_wconf 81' lang='lat' dir='ltr'>Maximi</span> 
     </span>
    </p>
   </div>
   <div class='ocr_carea' id='block_1_45' title="bbox 389 4664 3679 4762">
    <p class='ocr_par' dir='ltr' id='par_1_45' title="bbox 389 4664 3679 4762">
     <span class='ocr_line' id='line_1_45' title="bbox 389 4664 3679 4762; baseline -0.004 -20"><span class='ocrx_word' id='word_1_558' title='bbox 389 4691 677 4762; x_wconf 65' lang='grc' dir='ltr'>ἐξηγήσεις</span> <span class='ocrx_word' id='word_1_559' title='bbox 701 4678 767 4739; x_wconf 92' lang='lat' dir='ltr'>in</span> <span class='ocrx_word' id='word_1_560' title='bbox 797 4677 858 4737; x_wconf 92' lang='lat' dir='ltr'>S.</span> <span class='ocrx_word' id='word_1_561' title='bbox 892 4670 1296 4752; x_wconf 90' lang='lat' dir='ltr'>Gregorium,</span> <span class='ocrx_word' id='word_1_562' title='bbox 1322 4665 1608 4749; x_wconf 90' lang='lat' dir='ltr'>quamvis</span> <span class='ocrx_word' id='word_1_563' title='bbox 1640 4665 2019 4749; x_wconf 89' lang='lat' dir='ltr'>plerumque</span> <span class='ocrx_word' id='word_1_564' title='bbox 2050 4681 2352 4748; x_wconf 90' lang='lat' dir='ltr'>expresse</span> <span class='ocrx_word' id='word_1_565' title='bbox 2374 4664 2659 4729; x_wconf 88' lang='lat' dir='ltr'>laudatas</span> <span class='ocrx_word' id='word_1_566' title='bbox 2679 4713 2696 4740; x_wconf 93' lang='lat'>,</span> <span class='ocrx_word' id='word_1_567' title='bbox 2727 4670 2941 4728; x_wconf 89' lang='lat' dir='ltr'>tamen</span> <span class='ocrx_word' id='word_1_568' title='bbox 2965 4665 3285 4731; x_wconf 89' lang='lat' dir='ltr'>interdum</span> <span class='ocrx_word' id='word_1_569' title='bbox 3319 4669 3506 4732; x_wconf 88' lang='lat' dir='ltr'>tacite</span> <span class='ocrx_word' id='word_1_570' title='bbox 3531 4686 3679 4732; x_wconf 84' lang='lat' dir='ltr'>suas</span> 
     </span>
    </p>
   </div>
   <div class='ocr_carea' id='block_1_46' title="bbox 389 4769 3678 4864">
    <p class='ocr_par' dir='ltr' id='par_1_46' title="bbox 389 4769 3678 4864">
     <span class='ocr_line' id='line_1_46' title="bbox 389 4769 3678 4864; baseline -0.005 -13"><span class='ocrx_word' id='word_1_571' title='bbox 389 4789 556 4853; x_wconf 86' lang='lat' dir='ltr'>facit.</span> <span class='ocrx_word' id='word_1_572' title='bbox 608 4788 812 4864; x_wconf 80' lang='lat' dir='ltr'>Atque</span> <span class='ocrx_word' id='word_1_573' title='bbox 857 4780 923 4842; x_wconf 91' lang='lat' dir='ltr'>in</span> <span class='ocrx_word' id='word_1_574' title='bbox 968 4778 1091 4841; x_wconf 89' lang='lat' dir='ltr'>hoc</span> <span class='ocrx_word' id='word_1_575' title='bbox 1131 4772 1518 4857; x_wconf 91' lang='lat' dir='ltr'>eompilandi</span> <span class='ocrx_word' id='word_1_576' title='bbox 1554 4770 1812 4852; x_wconf 91' lang='lat' dir='ltr'>negotio</span> <span class='ocrx_word' id='word_1_577' title='bbox 1873 4788 2072 4852; x_wconf 91' lang='lat' dir='ltr'>quum</span> <span class='ocrx_word' id='word_1_578' title='bbox 2111 4769 2219 4833; x_wconf 86' lang='lat' dir='ltr'>ille</span> <span class='ocrx_word' id='word_1_579' title='bbox 2249 4769 2700 4848; x_wconf 89' lang='lat' dir='ltr'>integrioribus</span> <span class='ocrx_word' id='word_1_580' title='bbox 2745 4769 3250 4851; x_wconf 84' lang='lat' dir='ltr'>exemplaribus,</span> <span class='ocrx_word' id='word_1_581' title='bbox 3284 4780 3475 4854; x_wconf 84' lang='lat' dir='ltr'>quam</span> <span class='ocrx_word' id='word_1_582' title='bbox 3533 4789 3678 4854; x_wconf 78' lang='lat' dir='ltr'>qua)</span> 
     </span>
    </p>
   </div>
   <div class='ocr_carea' id='block_1_47' title="bbox 390 4875 3678 4959">
    <p class='ocr_par' dir='ltr' id='par_1_47' title="bbox 390 4875 3678 4959">
     <span class='ocr_line' id='line_1_47' title="bbox 390 4875 3678 4959; baseline -0.005 -1"><span class='ocrx_word' id='word_1_583' title='bbox 390 4891 581 4958; x_wconf 85' lang='lat' dir='ltr'>hodie</span> <span class='ocrx_word' id='word_1_584' title='bbox 608 4888 918 4953; x_wconf 88' lang='lat' dir='ltr'>habemus</span> <span class='ocrx_word' id='word_1_585' title='bbox 939 4931 955 4959; x_wconf 95' lang='lat'>,</span> <span class='ocrx_word' id='word_1_586' title='bbox 980 4899 1133 4948; x_wconf 90' lang='lat' dir='ltr'>usus</span> <span class='ocrx_word' id='word_1_587' title='bbox 1164 4880 1274 4955; x_wconf 91' lang='lat' dir='ltr'>sit,</span> <span class='ocrx_word' id='word_1_588' title='bbox 1309 4878 1446 4942; x_wconf 90' lang='lat' dir='ltr'>eius</span> <span class='ocrx_word' id='word_1_589' title='bbox 1481 4878 1926 4941; x_wconf 90' lang='lat' dir='ltr'>Commentarii</span> <span class='ocrx_word' id='word_1_590' title='bbox 1954 4875 2247 4941; x_wconf 90' lang='lat' dir='ltr'>nonnihil</span> <span class='ocrx_word' id='word_1_591' title='bbox 2291 4875 2491 4939; x_wconf 88' lang='lat' dir='ltr'>critici</span> <span class='ocrx_word' id='word_1_592' title='bbox 2528 4892 2682 4938; x_wconf 90' lang='lat' dir='ltr'>usus</span> <span class='ocrx_word' id='word_1_593' title='bbox 2712 4877 3023 4956; x_wconf 83' lang='lat' dir='ltr'>praebent.</span> <span class='ocrx_word' id='word_1_594' title='bbox 3077 4875 3194 4949; x_wconf 87' lang='lat' dir='ltr'>Qui</span> <span class='ocrx_word' id='word_1_595' title='bbox 3228 4876 3489 4957; x_wconf 89' lang='lat' dir='ltr'>quidem</span> <span class='ocrx_word' id='word_1_596' title='bbox 3524 4896 3678 4942; x_wconf 88' lang='lat' dir='ltr'>usus</span> 
     </span>
    </p>
   </div>
   <div class='ocr_carea' id='block_1_48' title="bbox 388 4979 3678 5065">
    <p class='ocr_par' dir='ltr' id='par_1_48' title="bbox 388 4979 3678 5065">
     <span class='ocr_line' id='line_1_48' title="bbox 388 4979 3678 5065; baseline -0.005 -2"><span class='ocrx_word' id='word_1_597' title='bbox 388 4998 589 5065; x_wconf 88' lang='lat' dir='ltr'>multo</span> <span class='ocrx_word' id='word_1_598' title='bbox 616 4994 819 5059; x_wconf 90' lang='lat' dir='ltr'>maior</span> <span class='ocrx_word' id='word_1_599' title='bbox 846 4993 1035 5064; x_wconf 86' lang='lat' dir='ltr'>esset,</span> <span class='ocrx_word' id='word_1_600' title='bbox 1065 4987 1119 5053; x_wconf 89' lang='lat' dir='ltr'>si</span> <span class='ocrx_word' id='word_1_601' title='bbox 1145 4985 1311 5050; x_wconf 89' lang='lat' dir='ltr'>Elias</span> <span class='ocrx_word' id='word_1_602' title='bbox 1340 4983 1579 5065; x_wconf 86' lang='lat' dir='ltr'>ubique</span> <span class='ocrx_word' id='word_1_603' title='bbox 1608 4982 1747 5063; x_wconf 89' lang='lat' dir='ltr'>ipsa</span> <span class='ocrx_word' id='word_1_604' title='bbox 1767 4982 2174 5064; x_wconf 89' lang='lat' dir='ltr'>scriptorum,</span> <span class='ocrx_word' id='word_1_605' title='bbox 2195 4999 2232 5045; x_wconf 92' lang='lat' dir='ltr'>a</span> <span class='ocrx_word' id='word_1_606' title='bbox 2251 4998 2318 5043; x_wconf 88' lang='lat' dir='ltr'>se</span> <span class='ocrx_word' id='word_1_607' title='bbox 2348 4980 2860 5061; x_wconf 89' lang='lat' dir='ltr'>compilatorum,</span> <span class='ocrx_word' id='word_1_608' title='bbox 2891 4979 3083 5041; x_wconf 91' lang='lat' dir='ltr'>verba</span> <span class='ocrx_word' id='word_1_609' title='bbox 3101 4980 3441 5057; x_wconf 89' lang='lat' dir='ltr'>attulisset,</span> <span class='ocrx_word' id='word_1_610' title='bbox 3466 5000 3678 5065; x_wconf 87' lang='lat' dir='ltr'>neque</span> 
     </span>
    </p>
   </div>
   <div class='ocr_carea' id='block_1_49' title="bbox 390 5086 3679 5182">
    <p class='ocr_par' dir='ltr' id='par_1_49' title="bbox 390 5086 3679 5182">
     <span class='ocr_line' id='line_1_49' title="bbox 390 5086 3679 5182; baseline -0.005 -16"><span class='ocrx_word' id='word_1_611' title='bbox 390 5120 489 5178; x_wconf 87' lang='lat' dir='ltr'>ea,</span> <span class='ocrx_word' id='word_1_612' title='bbox 532 5098 644 5182; x_wconf 92' lang='lat' dir='ltr'>qui</span> <span class='ocrx_word' id='word_1_613' title='bbox 670 5098 808 5162; x_wconf 92' lang='lat' dir='ltr'>eius</span> <span class='ocrx_word' id='word_1_614' title='bbox 838 5112 978 5159; x_wconf 91' lang='lat' dir='ltr'>mos</span> <span class='ocrx_word' id='word_1_615' title='bbox 1007 5091 1127 5156; x_wconf 87' lang='lat' dir='ltr'>fuit</span> <span class='ocrx_word' id='word_1_616' title='bbox 1155 5091 1223 5155; x_wconf 91' lang='lat' dir='ltr'>in</span> <span class='ocrx_word' id='word_1_617' title='bbox 1252 5089 1585 5154; x_wconf 88' lang='lat' dir='ltr'>laudandis</span> <span class='ocrx_word' id='word_1_618' title='bbox 1611 5089 2048 5171; x_wconf 85' lang='lat' dir='ltr'>scriptoribus,</span> <span class='ocrx_word' id='word_1_619' title='bbox 2079 5105 2523 5171; x_wconf 67' lang='lat' dir='ltr'>saepenumero</span> <span class='ocrx_word' id='word_1_620' title='bbox 2555 5086 2921 5151; x_wconf 89' lang='lat' dir='ltr'>memoriter</span> <span class='ocrx_word' id='word_1_621' title='bbox 2948 5091 3189 5171; x_wconf 88' lang='lat' dir='ltr'>tantum</span> <span class='ocrx_word' id='word_1_622' title='bbox 3220 5087 3545 5152; x_wconf 90' lang='lat' dir='ltr'>recitasset</span> <span class='ocrx_word' id='word_1_623' title='bbox 3571 5096 3679 5152; x_wconf 85' lang='lat' dir='ltr'>aut</span> 
     </span>
    </p>
   </div>
   <div class='ocr_carea' id='block_1_50' title="bbox 389 5187 3683 5279">
    <p class='ocr_par' dir='ltr' id='par_1_50' title="bbox 389 5187 3683 5279">
     <span class='ocr_line' id='line_1_50' title="bbox 389 5187 3683 5279; baseline -0.004 -11"><span class='ocrx_word' id='word_1_624' title='bbox 389 5198 968 5269; x_wconf 87' lang='lat' dir='ltr'>circumscribendo</span> <span class='ocrx_word' id='word_1_625' title='bbox 996 5195 1461 5279; x_wconf 84' lang='lat' dir='ltr'>ampliticasset.</span> <span class='ocrx_word' id='word_1_626' title='bbox 1487 5190 1610 5255; x_wconf 91' lang='lat' dir='ltr'>Sed</span> <span class='ocrx_word' id='word_1_627' title='bbox 1640 5191 1718 5255; x_wconf 91' lang='lat' dir='ltr'>de</span> <span class='ocrx_word' id='word_1_628' title='bbox 1741 5198 1874 5255; x_wconf 91' lang='lat' dir='ltr'>toto</span> <span class='ocrx_word' id='word_1_629' title='bbox 1906 5190 2031 5256; x_wconf 90' lang='lat' dir='ltr'>hoc</span> <span class='ocrx_word' id='word_1_630' title='bbox 2063 5192 2313 5256; x_wconf 88' lang='lat' dir='ltr'>critices</span> <span class='ocrx_word' id='word_1_631' title='bbox 2342 5190 2622 5270; x_wconf 89' lang='lat' dir='ltr'>negotio,</span> <span class='ocrx_word' id='word_1_632' title='bbox 2646 5189 2819 5270; x_wconf 91' lang='lat' dir='ltr'>quod</span> <span class='ocrx_word' id='word_1_633' title='bbox 2849 5189 2919 5251; x_wconf 90' lang='lat' dir='ltr'>in</span> <span class='ocrx_word' id='word_1_634' title='bbox 2949 5187 3457 5271; x_wconf 85' lang='lat' dir='ltr'>compilatorum,</span> <span class='ocrx_word' id='word_1_635' title='bbox 3491 5190 3683 5255; x_wconf 82' lang='lat' dir='ltr'>etiam</span> 
     </span>
    </p>
   </div>
   <div class='ocr_carea' id='block_1_51' title="bbox 390 5288 3681 5391">
    <p class='ocr_par' dir='ltr' id='par_1_51' title="bbox 390 5288 3681 5391">
     <span class='ocr_line' id='line_1_51' title="bbox 390 5288 3681 5391; baseline -0.007 -18"><span class='ocrx_word' id='word_1_636' title='bbox 390 5302 985 5377; x_wconf 81' lang='lat' dir='ltr'>ecclesiasticarum,</span> <span class='ocrx_word' id='word_1_637' title='bbox 1020 5297 1270 5381; x_wconf 85' lang='lat' dir='ltr'>scriptis</span> <span class='ocrx_word' id='word_1_638' title='bbox 1306 5294 1700 5391; x_wconf 70' lang='lat' dir='ltr'>excutiendis</span> <span class='ocrx_word' id='word_1_639' title='bbox 1747 5301 2050 5371; x_wconf 87' lang='lat' dir='ltr'>versatur,</span> <span class='ocrx_word' id='word_1_640' title='bbox 2100 5294 2169 5357; x_wconf 91' lang='lat' dir='ltr'>in</span> <span class='ocrx_word' id='word_1_641' title='bbox 2206 5295 2524 5357; x_wconf 65' lang='lat' dir='ltr'>Examina</span> <span class='ocrx_word' id='word_1_642' title='bbox 2562 5290 3037 5371; x_wconf 79' lang='lat' dir='ltr'>Plagiariorum</span> <span class='ocrx_word' id='word_1_643' title='bbox 3085 5300 3144 5353; x_wconf 81' lang='lat' dir='ltr'>et</span> <span class='ocrx_word' id='word_1_644' title='bbox 3186 5288 3681 5371; x_wconf 77' lang='lat' dir='ltr'>Compilatorum</span> 
     </span>
    </p>
   </div>
   <div class='ocr_carea' id='block_1_52' title="bbox 461 5409 3677 5500">
    <p class='ocr_par' dir='ltr' id='par_1_52' title="bbox 461 5409 3677 5500">
     <span class='ocr_line' id='line_1_52' title="bbox 461 5409 3677 5500; baseline -0.004 -18"><span class='ocrx_word' id='word_1_645' title='bbox 461 5420 1082 5500; x_wconf 8' lang='lat' dir='ltr'>(a)gConl‘._Le_unclav.</span> <span class='ocrx_word' id='word_1_646' title='bbox 1121 5418 1362 5500; x_wconf 48' lang='lat' dir='ltr'>Progn).</span> <span class='ocrx_word' id='word_1_647' title='bbox 1393 5415 1575 5500; x_wconf 63' lang='lat' dir='ltr'>p._lll,</span> <span class='ocrx_word' id='word_1_648' title='bbox 1608 5417 1773 5500; x_wconf 67' lang='lat' dir='ltr'>cuius</span> <span class='ocrx_word' id='word_1_649' title='bbox 1814 5416 1981 5473; x_wconf 86' lang='lat' dir='ltr'>verba</span> <span class='ocrx_word' id='word_1_650' title='bbox 2082 5418 2277 5500; x_wconf 80' lang='lat' dir='ltr'>spirat,</span> <span class='ocrx_word' id='word_1_651' title='bbox 2314 5412 2769 5500; x_wconf 32' lang='lat' dir='ltr'>itanquidemhut</span> <span class='ocrx_word' id='word_1_652' title='bbox 2803 5413 2988 5498; x_wconf 73' lang='lat' dir='ltr'>potius</span> <span class='ocrx_word' id='word_1_653' title='bbox 3014 5412 3429 5500; x_wconf 27' lang='lat' dir='ltr'>exillopqula‘m</span> <span class='ocrx_word' id='word_1_654' title='bbox 3468 5409 3677 5500; x_wconf 49' lang='lat' dir='ltr'>Dion}-</span> 
     </span>
    </p>
   </div>
   <div class='ocr_carea' id='block_1_53' title="bbox 393 5476 3742 5561">
    <p class='ocr_par' dir='ltr' id='par_1_53' title="bbox 393 5476 3742 5561">
     <span class='ocr_line' id='line_1_53' title="bbox 393 5476 3742 5561; baseline -0.004 -7"><span class='ocrx_word' id='word_1_655' title='bbox 393 5476 808 5556; x_wconf 50' lang='lat' dir='ltr'>sdéttk&#39;rii‘s&#39;m</span> <span class='ocrx_word' id='word_1_656' title='bbox 836 5492 1067 5561; x_wconf 77' lang='lat' dir='ltr'>Serapeo</span> <span class='ocrx_word' id='word_1_657' title='bbox 1098 5506 1149 5545; x_wconf 81' lang='lat' dir='ltr'>a.</span> <span class='ocrx_word' id='word_1_658' title='bbox 1176 5482 1336 5553; x_wconf 71' lang='grc'>1856,</span> <span class='ocrx_word' id='word_1_659' title='bbox 1453 5476 1830 5561; x_wconf 43' lang='lat' dir='ltr'>l§t;retulit:_</span> <span class='ocrx_word' id='word_1_660' title='bbox 2082 5476 2201 5545; x_wconf 78' lang='lat' dir='ltr'>sius</span> <span class='ocrx_word' id='word_1_661' title='bbox 2249 5476 2316 5544; x_wconf 78' lang='lat' dir='ltr'>ex</span> <span class='ocrx_word' id='word_1_662' title='bbox 2372 5476 2667 5561; x_wconf 73' lang='lat' dir='ltr'>Gregorio</span> <span class='ocrx_word' id='word_1_663' title='bbox 2690 5476 2974 5561; x_wconf 57' lang='lat' dir='ltr'>immisisse</span> <span class='ocrx_word' id='word_1_664' title='bbox 3005 5476 3298 5561; x_wconf 47' lang='lat' dir='ltr'>videatur:</span> <span class='ocrx_word' id='word_1_665' title='bbox 3329 5476 3680 5561; x_wconf 65' lang='lat' dir='ltr'>Quapmpt&#39;rr</span> <span class='ocrx_word' id='word_1_666' title='bbox 3731 5500 3742 5516; x_wconf 67' lang='grc' dir='ltr'>ν</span> 
     </span>
    </p>
   </div>
   <div class='ocr_carea' id='block_1_54' title="bbox 464 5555 3680 5640">
    <p class='ocr_par' dir='ltr' id='par_1_54' title="bbox 464 5555 3680 5640">
     <span class='ocr_line' id='line_1_54' title="bbox 464 5555 3680 5640; baseline -0.003 -20"><span class='ocrx_word' id='word_1_667' title='bbox 464 5570 538 5640; x_wconf 83' lang='lat' dir='ltr'>(b)</span> <span class='ocrx_word' id='word_1_668' title='bbox 568 5564 692 5640; x_wconf 60' lang='grc' dir='ltr'>νῆά.</span> <span class='ocrx_word' id='word_1_669' title='bbox 724 5563 943 5640; x_wconf 61' lang='lat' dir='ltr'>Notice:</span> <span class='ocrx_word' id='word_1_670' title='bbox 962 5555 1012 5640; x_wconf 66' lang='grc' dir='ltr'>ῥα</span> <span class='ocrx_word' id='word_1_671' title='bbox 1042 5561 1285 5640; x_wconf 58' lang='lat' dir='ltr'>Exn-aiis</span> <span class='ocrx_word' id='word_1_672' title='bbox 1305 5571 1345 5615; x_wconf 84' lang='grc' dir='ltr'><strong>ι.</strong></span> <span class='ocrx_word' id='word_1_673' title='bbox 1366 5555 1460 5640; x_wconf 55' lang='lat' dir='ltr'>XI,</span> <span class='ocrx_word' id='word_1_674' title='bbox 1481 5557 1632 5640; x_wconf 42' lang='lat' dir='ltr'>P_..ll.</span> <span class='ocrx_word' id='word_1_675' title='bbox 1659 5557 1831 5640; x_wconf 42' lang='lat' dir='ltr'>p.331</span> <span class='ocrx_word' id='word_1_676' title='bbox 1859 5573 1980 5640; x_wconf 70' lang='lat' dir='ltr'>sqq.</span> <span class='ocrx_word' id='word_1_677' title='bbox 2080 5575 2272 5615; x_wconf 85' lang='lat' dir='ltr'>eorum</span> <span class='ocrx_word' id='word_1_678' title='bbox 2308 5559 2577 5640; x_wconf 66' lang='lat' dir='ltr'>rationes,</span> <span class='ocrx_word' id='word_1_679' title='bbox 2616 5558 2709 5631; x_wconf 87' lang='lat' dir='ltr'>qui</span> <span class='ocrx_word' id='word_1_680' title='bbox 2756 5556 3119 5640; x_wconf 75' lang='lat' dir='ltr'>Dionysianos</span> <span class='ocrx_word' id='word_1_681' title='bbox 3149 5555 3320 5640; x_wconf 75' lang='lat' dir='ltr'>libros</span> <span class='ocrx_word' id='word_1_682' title='bbox 3348 5555 3680 5640; x_wconf 32' lang='lat' dir='ltr'>quartade-</span> 
     </span>
    </p>
   </div>
   <div class='ocr_carea' id='block_1_55' title="bbox 388 5624 3682 5712">
    <p class='ocr_par' dir='ltr' id='par_1_55' title="bbox 388 5624 3682 5712">
     <span class='ocr_line' id='line_1_55' title="bbox 388 5624 3682 5712; baseline -0.004 -16"><span class='ocrx_word' id='word_1_683' title='bbox 388 5624 637 5712; x_wconf 52' lang='lat' dir='ltr'>[et‘a’pud</span> <span class='ocrx_word' id='word_1_684' title='bbox 664 5634 931 5712; x_wconf 57' lang='lat' dir='ltr'>nos_injra</span> <span class='ocrx_word' id='word_1_685' title='bbox 961 5635 1016 5689; x_wconf 86' lang='lat' dir='ltr'>in</span> <span class='ocrx_word' id='word_1_686' title='bbox 1043 5633 1150 5712; x_wconf 62' lang='lat' dir='ltr'>hoc</span> <span class='ocrx_word' id='word_1_687' title='bbox 1177 5624 1478 5712; x_wconf 64' lang='lat' dir='ltr'>volumine.</span> <span class='ocrx_word' id='word_1_688' title='bbox 1514 5624 1675 5686; x_wconf 73' lang='grc' dir='ltr'>Ευιτζ</span> <span class='ocrx_word' id='word_1_689' title='bbox 1709 5624 1959 5712; x_wconf 49' lang='lat' dir='ltr'>Parnl&#39;</span> <span class='ocrx_word' id='word_1_690' title='bbox 2082 5646 2233 5712; x_wconf 73' lang='lat' dir='ltr'>muni</span> <span class='ocrx_word' id='word_1_691' title='bbox 2267 5630 2612 5712; x_wconf 53' lang='lat' dir='ltr'>num-timo</span> <span class='ocrx_word' id='word_1_692' title='bbox 2634 5624 2826 5712; x_wconf 73' lang='lat' dir='ltr'>seculo</span> <span class='ocrx_word' id='word_1_693' title='bbox 2859 5624 3388 5712; x_wconf 50' lang='lat' dir='ltr'>scriptosnstatuunt</span> <span class='ocrx_word' id='word_1_694' title='bbox 3420 5627 3499 5712; x_wconf 51' lang='lat' dir='ltr'>l(v.</span> <span class='ocrx_word' id='word_1_695' title='bbox 3542 5624 3682 5712; x_wconf 63' lang='lat' dir='ltr'>Vae:</span> 
     </span>
    </p>
   </div>
   <div class='ocr_carea' id='block_1_56' title="bbox 462 5644 3681 5779">
    <p class='ocr_par' dir='ltr' id='par_1_56' title="bbox 462 5644 3681 5779">
     <span class='ocr_line' id='line_1_56' title="bbox 462 5644 3681 5711; baseline -0.005 -15"><span class='ocrx_word' id='word_1_696' title='bbox 462 5644 637 5710; x_wconf 72' lang='lat' dir='ltr'>Laptld</span> <span class='ocrx_word' id='word_1_697' title='bbox 664 5652 764 5692; x_wconf 86' lang='lat' dir='ltr'>nos</span> <span class='ocrx_word' id='word_1_698' title='bbox 790 5644 931 5690; x_wconf 83' lang='lat' dir='ltr'>intra</span> <span class='ocrx_word' id='word_1_699' title='bbox 961 5644 1016 5689; x_wconf 87' lang='lat' dir='ltr'>in</span> <span class='ocrx_word' id='word_1_700' title='bbox 1044 5644 1150 5689; x_wconf 73' lang='lat' dir='ltr'>hoc</span> <span class='ocrx_word' id='word_1_701' title='bbox 1177 5644 1478 5688; x_wconf 76' lang='lat' dir='ltr'>velamine.</span> <span class='ocrx_word' id='word_1_702' title='bbox 1518 5644 1675 5686; x_wconf 72' lang='lat' dir='ltr'>non.</span> <span class='ocrx_word' id='word_1_703' title='bbox 1709 5644 1907 5711; x_wconf 53' lang='lat' dir='ltr'>mra.)</span> <span class='ocrx_word' id='word_1_704' title='bbox 2082 5646 2233 5685; x_wconf 83' lang='lat' dir='ltr'>mum</span> <span class='ocrx_word' id='word_1_705' title='bbox 2267 5644 2361 5683; x_wconf 76' lang='lat' dir='ltr'>aut</span> <span class='ocrx_word' id='word_1_706' title='bbox 2407 5644 2604 5701; x_wconf 77' lang='lat' dir='ltr'>quinto</span> <span class='ocrx_word' id='word_1_707' title='bbox 2638 5644 2826 5685; x_wconf 84' lang='lat' dir='ltr'>secuto</span> <span class='ocrx_word' id='word_1_708' title='bbox 2859 5644 2966 5685; x_wconf 66' lang='lat' dir='ltr'>scr:</span> <span class='ocrx_word' id='word_1_709' title='bbox 3012 5644 3098 5683; x_wconf 81' lang='lat' dir='ltr'>tos</span> <span class='ocrx_word' id='word_1_710' title='bbox 3145 5644 3388 5683; x_wconf 72' lang='lat' dir='ltr'>Statuunt</span> <span class='ocrx_word' id='word_1_711' title='bbox 3427 5644 3499 5695; x_wconf 72' lang='lat' dir='ltr'>tv.</span> <span class='ocrx_word' id='word_1_712' title='bbox 3548 5644 3681 5682; x_wconf 78' lang='lat' dir='ltr'>voe—</span> 
     </span>
     <span class='ocr_line' id='line_1_57' title="bbox 462 5644 3681 5779; baseline -0.004 -13"><span class='ocrx_word' id='word_1_713' title='bbox 462 5716 537 5779; x_wconf 68' lang='lat' dir='ltr'>tc)</span> <span class='ocrx_word' id='word_1_714' title='bbox 558 5709 718 5765; x_wconf 85' lang='lat' dir='ltr'>Certe</span> <span class='ocrx_word' id='word_1_715' title='bbox 748 5706 807 5762; x_wconf 92' lang='lat' dir='ltr'>S.</span> <span class='ocrx_word' id='word_1_716' title='bbox 829 5705 1128 5779; x_wconf 68' lang='lat' dir='ltr'>Gregorius</span> <span class='ocrx_word' id='word_1_717' title='bbox 1153 5704 1344 5760; x_wconf 83' lang='lat' dir='ltr'>multis</span> <span class='ocrx_word' id='word_1_718' title='bbox 1370 5703 1533 5779; x_wconf 61' lang='lat' dir='ltr'>locis,</span> <span class='ocrx_word' id='word_1_719' title='bbox 1565 5712 1862 5779; x_wconf 74' lang='lat' dir='ltr'>praesertim</span> <span class='ocrx_word' id='word_1_720' title='bbox 1891 5701 1979 5765; x_wconf 78' lang='lat' dir='ltr'>iis,</span> <span class='ocrx_word' id='word_1_721' title='bbox 2083 5702 2211 5756; x_wconf 84' lang='lat' dir='ltr'>mel.</span> <span class='ocrx_word' id='word_1_722' title='bbox 2248 5701 2313 5756; x_wconf 80' lang='lat' dir='ltr'>ad</span> <span class='ocrx_word' id='word_1_723' title='bbox 2347 5697 2806 5779; x_wconf 81' lang='lat' dir='ltr'>Nicol._Methon.</span> <span class='ocrx_word' id='word_1_724' title='bbox 2844 5716 2899 5773; x_wconf 73' lang='grc' dir='ltr'>ῃ.</span> <span class='ocrx_word' id='word_1_725' title='bbox 2940 5644 3067 5770; x_wconf 60' lang='lat' dir='ltr'>rgo,</span> <span class='ocrx_word' id='word_1_726' title='bbox 3101 5698 3232 5766; x_wconf 74' lang='lat'>259,</span> <span class='ocrx_word' id='word_1_727' title='bbox 3270 5696 3371 5770; x_wconf 90' lang='lat' dir='ltr'>b.),</span> <span class='ocrx_word' id='word_1_728' title='bbox 3402 5697 3578 5752; x_wconf 81' lang='lat' dir='ltr'>denuo</span> <span class='ocrx_word' id='word_1_729' title='bbox 3610 5698 3681 5754; x_wconf 82' lang='lat' dir='ltr'>ad</span> 
     </span>
    </p>
   </div>
   <div class='ocr_carea' id='block_1_57' title="bbox 390 5771 2788 5855">
    <p class='ocr_par' dir='ltr' id='par_1_57' title="bbox 390 5771 2788 5855">
     <span class='ocr_line' id='line_1_58' title="bbox 390 5771 2788 5855; baseline -0.005 -15"><span class='ocrx_word' id='word_1_730' title='bbox 390 5771 487 5841; x_wconf 84' lang='lat' dir='ltr'>ubi</span> <span class='ocrx_word' id='word_1_731' title='bbox 516 5771 577 5847; x_wconf 70' lang='lat' dir='ltr'>se</span> <span class='ocrx_word' id='word_1_732' title='bbox 604 5781 727 5855; x_wconf 86' lang='lat' dir='ltr'>ipso</span> <span class='ocrx_word' id='word_1_733' title='bbox 756 5771 1046 5836; x_wconf 71' lang='lat' dir='ltr'>sublimior</span> <span class='ocrx_word' id='word_1_734' title='bbox 1085 5777 1163 5843; x_wconf 85' lang='lat' dir='ltr'>tit,</span> <span class='ocrx_word' id='word_1_735' title='bbox 1199 5790 1323 5830; x_wconf 85' lang='lat' dir='ltr'>cum</span> <span class='ocrx_word' id='word_1_736' title='bbox 1370 5771 1628 5846; x_wconf 80' lang='lat' dir='ltr'>Dionysio</span> <span class='ocrx_word' id='word_1_737' title='bbox 1664 5774 1799 5828; x_wconf 85' lang='lat' dir='ltr'>mire</span> <span class='ocrx_word' id='word_1_738' title='bbox 1847 5788 1984 5830; x_wconf 84' lang='lat' dir='ltr'>con-</span> <span class='ocrx_word' id='word_1_739' title='bbox 2082 5786 2314 5829; x_wconf 80' lang='lat' dir='ltr'>examen</span> <span class='ocrx_word' id='word_1_740' title='bbox 2348 5771 2609 5829; x_wconf 69' lang='lat' dir='ltr'>vocanda:</span> <span class='ocrx_word' id='word_1_741' title='bbox 2640 5780 2788 5829; x_wconf 80' lang='lat' dir='ltr'>sunt.</span> 
     </span>
    </p>
   </div>
  </div>
