4100 6276
457 203 489 254 7
505 204 563 256 Ι
3613 225 3706 282 7553

460 319 810 378 Graecorum
853 311 1102 376 dicendi
1163 308 1344 388 capia
1389 307 1526 368 erit.
1578 307 1883 369 Caeterum
1922 306 2105 380 Elias,
2140 309 2250 398 ubi
2306 309 2441 392 ipse
2487 312 2697 384 docet.
2730 317 2966 398 quippe
3025 320 3302 385 imbutus
3340 326 3446 390 SS.
3475 330 3708 400 Patrum

457 421 761 496 doctrina,
795 439 871 483 eo
904 419 1097 481 utitur
1138 413 1438 496 loquendi
1477 406 1742 490 genere,
1772 413 1946 491 quod
1979 414 2361 494 exquisitum
2393 427 2487 482 est
2512 425 2574 494 et
2599 419 2890 500 dignum,
2922 423 3021 485 cui
3052 425 3332 496 animum
3370 429 3706 516 advertant,

457 523 566 603 qui
603 523 839 585 Suiceri
872 513 1260 584 Thesaurum
1291 513 1794 578 Ecclesiasticum
1826 513 2028 577 ditare
2057 513 2272 578 velint.

469 622 474 626 “
531 628 670 688 Jam
714 639 861 689 vero
891 623 943 687 si
973 630 1223 686 παιδείαν
1251 619 1366 682 viri
1395 625 1684 700 ἑλληνικὴν
1710 616 2088 697 respicimus

2097 665 2114 692 ,
2151 635 2297 683 eum
2334 623 2400 684 in
2438 623 2544 685 illa
2573 642 2704 687 non
2735 627 2945 692 minus
2965 631 3274 696 excellere
3298 635 3709 704 conﬁtendum

455 737 568 796 est.
599 762 677 775 —
699 717 786 791 Ac
816 725 1088 808 primum
1120 723 1378 804 quidem
1414 722 1480 782 in
1504 725 1785 781 veterum
1812 718 2340 802 philosophatum
2372 724 2622 805 placitis
2644 735 2738 792 est
2769 732 3246 796 versatissimus.
3283 736 3438 798 Nam
3466 749 3711 820 praeter-

453 847 642 912 quam
680 829 853 909 quod
893 826 1254 900 Chilonem,
1283 830 1751 903 Anaxagoram,
1788 821 2237 898 Democritum,
2263 825 2628 905 Epicurum,
2671 829 2936 907 Stoicos,
2965 833 3256 912 Cynicos,
3291 835 3447 900 alios
3476 841 3714 919 excitat,

452 935 803 992 accuratam
833 927 1181 1009 praesertim
1198 924 1475 990 Platonis
1497 930 1557 986 et
1578 921 1928 984 Aristotelis
1951 923 2164 1002 prodit
2194 925 2506 1002 notitiam,
2524 945 2872 1011 eorumque
2903 931 2999 995 vel
3024 935 3268 999 abditas
3298 941 3632 1004 sententias
3657 945 3716 1006 in

451 1039 780 1098 numerato
811 1031 1002 1094 habet
1030 1037 1091 1094 et
1142 1026 1706 1126 smpiusculesuas
1749 1026 1916 1088 facit.
1957 1029 2466 1126 Ne‘recentiores
2503 1031 2762 1112 quidem
2793 1035 3169 1102 Aristotelici
3197 1041 3255 1102 ei
3296 1041 3498 1120 ignoti
3524 1043 3716 1126 fuere,

449 1151 482 1194 e
520 1135 757 1215 quibus
796 1129 1224 1195 Alexandrum
1269 1124 1719 1208 Aphrodisium
1765 1123 2138 1189 nominatim
2185 1126 2418 1190 laudat.
2469 1131 2919 1196 Recentiorum
2965 1143 3175 1200 autem
3225 1123 3715 1227 Platonicorum,

447 1233 806 1316 Porphyrii,
837 1229 1196 1306 Jamblichi,
1232 1227 1462 1302 Procli,
1496 1245 1640 1289 eum
1667 1227 1832 1289 bene
1874 1244 2140 1306 gnarum
2183 1229 2400 1306 fuisse,
2434 1249 2623 1314 supra
2652 1235 2778 1297 iam
2805 1234 3095 1300 vidimus.
3129 1238 3337 1314 Quid?
3364 1245 3538 1323 quod
3565 1248 3724 1314 Elias

446 1339 761 1401 interdum
787 1338 910 1400 illis
934 1335 1096 1398 adeo
1122 1332 1421 1404 adhaeret,
1450 1337 1538 1405 ut,
1574 1331 1864 1410 neglecto
1884 1331 2168 1410 Platone,
2211 1334 2447 1398 rivulos
2468 1337 2961 1419 Neoplatonicos
2994 1352 3268 1410 sectetur
3284 1355 3346 1412 et
3379 1353 3720 1434 Neoplato-

445 1444 588 1506 nica
610 1459 726 1522 pro
741 1439 1077 1504 Platonicis
1108 1433 1405 1498 venditet.
1427 1433 1711 1516 Denique
1733 1434 1827 1496 vel
1850 1435 2187 1512 Hermetis,
2203 1437 2311 1516 qui
2330 1437 2548 1515 fertur,
2572 1441 2957 1524 Trismegisti
2985 1449 3215 1531 scripta
3239 1469 3306 1514 se
3336 1451 3569 1533 legisse
3591 1457 3633 1518 f.
3655 1459 3715 1522 1'1

446 1565 504 1608 v.
521 1546 574 1608 s.
596 1544 705 1607 153
733 1563 781 1606 r.
810 1561 894 1605 m.
924 1542 1254 1604 manifesto
1284 1539 1519 1622 prodit.
1539 1536 1923 1599 —Venimus
1943 1537 2022 1599 ad
2051 1537 2427 1604 rhetoricam
2455 1541 2602 1603 Eliae
2625 1543 3068 1611 eruditionem.
3090 1551 3245 1614 Nam
3267 1572 3462 1635 quum
3486 1558 3548 1618 S.
3572 1559 3718 1620 Gre-

447 1651 661 1730 gorius
673 1653 885 1708 orator
904 1645 1090 1706 rebus
1113 1650 1173 1705 et
1191 1641 1517 1705 sententiis
1541 1638 1874 1718 theologus
1884 1639 2098 1718 fuerit,
2113 1641 2362 1705 dicendi
2383 1650 2590 1706 autem
2605 1662 2837 1726 genere
2851 1668 3002 1713 usus
3024 1651 3362 1732 rhetorico,
3386 1679 3521 1724 suae
3533 1663 3722 1724 etatis

444 1749 768 1833 sephistis,
801 1747 1082 1820 Libanio,
1106 1744 1410 1817 Himerio,
1444 1742 1792 1804 Proaeresio
1819 1740 1928 1820 (a),
1952 1742 2282 1805 aemulatus
2313 1745 2412 1818 sit,
2437 1753 2687 1826 Oportet
2713 1767 2862 1814 sane
2895 1769 3064 1830 eum,
3088 1758 3200 1837 qui
3230 1758 3364 1839 ejus
3400 1761 3734 1827 orationes,

449 1855 561 1916 lite
602 1847 1002 1930 interpretari
1043 1843 1227 1919 velit,
1263 1843 1573 1904 imbutum
1606 1858 1742 1904 esse
1790 1847 1852 1902 et
1888 1840 2231 1903 rhetorices
2274 1846 2610 1925 praeceptis
2643 1854 2704 1910 et
2749 1850 2954 1914 atticae
3005 1853 3385 1937 eloquentiae
3423 1863 3724 1931 interiore

446 1957 828 2038 cognitione.
871 1953 981 2014 Cui
1017 1950 1271 2031 quidem
1307 1946 1514 2010 ofﬁcio
1559 1945 1726 2007 Elias
1767 1943 2018 2023 egregie
2048 1945 2344 2007 satisfecit
2367 1995 2384 2022 ,
2420 1949 2530 2028 qui
2571 1958 2632 2013 et
2659 1953 3076 2035 Hermogenis
3118 1966 3314 2023 artem
3347 1963 3720 2033 rhetoricam

445 2041 669 2116 crebro
714 2051 792 2114 ad
830 2055 1042 2132 partes
1093 2052 1272 2109 vocet
1325 2043 1631 2122 locosque
1685 2041 2159 2118 Demosthenis,
2207 2062 2242 2106 a
2289 2045 2594 2126 Gregorio
2627 2052 2930 2117 imitando
2983 2074 3338 2138 expressos,
3390 2065 3723 2148 diligenter

445 2162 728 2221 annotet.
761 2154 956 2226 Quam
985 2167 1135 2214 vero
1161 2147 1388 2215 subtile
1420 2147 1498 2209 sit
1521 2144 1652 2224 ejus
1663 2141 1974 2222 judicium
2003 2143 2065 2206 in
2098 2145 2396 2208 notandis
2415 2151 2778 2231 50phisticis
2796 2157 3082 2236 Gregorii
3104 2163 3402 2242 artificiis,
3430 2141 3725 2254 exemplo

443 2259 593 2334 sint,
638 2273 783 2336 quae
822 2252 898 2316 ad
941 2250 1432 2331 descriptionem
1471 2246 1735 2354 pavonis
1756 2246 1856 2354 ΟΞ.
1896 2245 2168 2354 XXVIII,
2208 2264 2274 2326 p.
2319 2245 2455 2324 515,
2491 2255 2562 2312 A.
2601 2252 2714 2318 fol.
2751 2255 2822 2317 50
2861 2278 2914 2320 r.
2946 2277 2998 2322 s.
3027 2272 3310 2328 annotat.
3342 2270 3389 2329 E
3418 2245 3720 2354 scphistis

445 2361 662 2422 saltem
687 2354 1010 2418 Aristidem
1039 2350 1408 2414 nominatim
1439 2347 1686 2410 excitat.
1703 2381 1784 2392 --
1801 2347 2108 2426 Praeterea
2132 2363 2341 2427 neque
2363 2355 2718 2431 poetarum,
2740 2373 2949 2438 neque
2971 2360 3413 2430 historicorum
3442 2347 3721 2437 veterum

449 2461 641 2523 Ellam
660 2468 920 2535 ἄγευστον
951 2453 1170 2527 fuisse,
1187 2448 1546 2512 testimonio
1577 2454 1722 2509 sunt
1739 2446 1864 2509 loci
1893 2454 2026 2509 tum
2049 2464 2127 2510 ex
2148 2451 2448 2526 Homero,
2468 2454 3145 2540 Hesiodo,The0crito,
3163 2466 3480 2548 Oppiane,
3502 2479 3633 2536 tum
3649 2493 3718 2537 ex

444 2559 769 2622 Herodoto
799 2564 860 2617 et
887 2552 1252 2632 Thucydide
1283 2551 1360 2614 ab
1384 2567 1460 2612 eo
1481 2548 1993 2629 allati.Denique,
2016 2558 2084 2611 ut
2110 2549 2312 2614 Eliam
2337 2551 2579 2654 nullum
2599 2573 2729 2618 non
2758 2561 3159 2641 antiquarum
3188 2567 3510 2634 literarum
3532 2593 3724 2654 genus

445 2663 720 2742 attigisse
750 2657 1064 2734 intelligas
1084 2703 1098 2729 ,
1136 2653 1409 2716 musicos
1435 2655 1676 2714 veteres
1706 2657 1766 2712 et
1795 2650 2294 2730 mathematicos,
2315 2654 2382 2714 in
2408 2652 2506 2715 his
2522 2657 3028 2742 Eratosthenem,
3047 2666 3487 2750 Posidonium,
3519 2650 3719 2740 Ptole-

449 2779 674 2828 maeum
704 2768 764 2824 et
783 2761 1126 2830 Heronem,
1151 2772 1228 2816 ex
1247 2753 1508 2816 medicis
1535 2753 1841 2815 Galenum
1873 2753 2106 2817 laudat.
2123 2757 2530 2830 —Restat,ut
2551 2756 2632 2819 de
2657 2760 2789 2823 Elia
2818 2770 3224 2842 grammatico
3246 2771 3559 2842 dicamus.
3575 2783 3719 2845 Nam

446 2887 524 2931 ne
556 2871 810 2947 ἀκρίϐεια
841 2860 1095 2942 quidem
1118 2858 1518 2938 grammatica
1535 2859 1602 2919 in
1619 2857 1749 2920 Elia
1771 2856 2188 2934 desideratur,
2217 2858 2459 2941 quippe
2492 2861 2603 2941 qui
2628 2864 2963 2930 verborum
2993 2873 3410 2953 proprietates
3435 2893 3721 2948 accurate

425 2968 814 3050 'perpendat,
856 2962 1206 3023 Atticismos
1237 2959 1299 3020 in
1332 2961 1633 3037 Gregorio
1679 2959 2015 3036 diligenter
2041 2967 2354 3024 scrutetur
2385 2970 2448 3024 et
2479 2959 2785 3041 άυντάξεώς
2817 2968 3021 3032 nodos
3055 2972 3447 3040 sollertersol
3461 2988 3577 3044 vat.
3602 2984 3716 3046 διο-

447 3065 552 3126 ubi
591 3069 798 3126 autem
841 3059 1008 3122 Elias
1028 3075 1059 3120 a
1091 3057 1331 3119 ratione
1355 3057 1754 3135 grammatica
1783 3060 2052 3134 aberrat,
2090 3061 2224 3140 ejus
2255 3075 2618 3146 παροράματα
2643 3065 2871 3148 partim
2895 3070 3364 3141 Atticismorum
3384 3088 3714 3150 sectandu-

445 3183 578 3227 i'um
611 3165 806 3226 nimio
843 3162 1052 3224 studio
1071 3209 1086 3236 ,
1119 3159 1348 3240 partim
1379 3159 1672 3236 mystico,
1697 3162 1868 3242 quod
1898 3179 2026 3225 non
2069 3164 2217 3228 satis
2244 3167 2424 3242 cavit,
2457 3169 2916 3252 interpretandi
2945 3178 3162 3253 generi
3186 3180 3526 3249 tribuenda
3555 3199 3714 3253 sunt.

459 3265 464 3272 '
520 3265 660 3327 Haec
693 3259 996 3326 hactenus
1017 3260 1095 3322 de
1125 3257 1256 3322 Elia
1275 3259 1575 3340 theologo
1603 3268 1665 3323 et
1694 3261 2054 3343 philologo;
2087 3283 2233 3328 nam
2268 3269 2658 3350 philologum
2694 3273 3099 3354 intelligimus
3127 3297 3256 3343 non
3285 3290 3716 3360 grammatices

441 3367 855 3448 magistellum
875 3416 889 3442 ,
919 3363 1028 3428 sed
1053 3381 1220 3440 eum,
1247 3365 1357 3445 qui
1387 3365 1630 3428 nullum
1661 3383 1786 3430 non
1817 3368 2219 3449 antiquarum
2243 3371 2566 3438 literarum
2591 3394 2790 3456 genus
2815 3389 3262 3460 perscrutatur.
3292 3391 3431 3463 Quo
3457 3393 3713 3468 accedit,

442 3476 614 3556 quod
646 3474 796 3536 Eliaa
826 3472 1290 3545 Commentarii,
1327 3472 1379 3533 si
1409 3473 1476 3534 in
1500 3472 1865 3536 universum
1897 3483 2281 3556 spectentur,
2314 3479 2578 3543 multum
2613 3482 2946 3548 conferunt
2971 3486 3051 3561 ad
3080 3489 3307 3554 melius
3335 3511 3714 3575 cognoscen.

441 3577 585 3639 dam
616 3575 812 3639 seculi
836 3575 919 3636 XI
953 3580 1013 3637 et
1042 3591 1176 3636 rem
1207 3573 1545 3636 literariam
1575 3582 1636 3637 et
1664 3578 1852 3656 graeci
1879 3580 2190 3642 sermonis
2218 3585 2694 3664 proprietatem.

521 3683 604 3742 Ac
645 3676 982 3755 theologica
1017 3675 1274 3756 quidem
1317 3681 1378 3736 et
1425 3674 1786 3756 philologiae
1835 3680 2110 3742 studium
2143 3681 2249 3744 illa
2290 3692 2472 3747 astate
2518 3687 2615 3748 vel
2653 3688 2718 3750 in
2767 3693 3024 3754 remotis
3053 3711 3089 3756 a
3121 3695 3426 3776 Byzantio
3471 3701 3713 3784 imperii

444 3778 782 3856 provinciis
808 3776 1015 3840 adhuc
1045 3777 1352 3851 ﬂoruisse,
1379 3787 1752 3858 argumento
1784 3789 1950 3856 sunt,
1974 3800 2118 3864 quas
2141 3784 2220 3848 de
2255 3787 2608 3852 eruditione
2635 3790 2785 3854 Elim
2814 3811 3004 3875 supra
3033 3797 3328 3864 diximus.
3361 3776 3714 3886 Porro-ejus

443 3875 882 3942 Commentarii
916 3875 1237 3954 egregium
1267 3882 1411 3939 sunt
1441 3877 1888 3942 documentum
1917 3879 2086 3944 illius
2124 3884 2476 3950 studiorum
2508 3889 2789 3968 rationis,
2822 3911 2964 3974 quae
3003 3897 3473 3981 philosophiam
3509 3875 3708 3972 Plato-

445 3981 650 4042 nicam
683 3986 745 4040 et
777 3976 1226 4039 Aristotelicam
1258 3995 1453 4058 quum
1475 3979 1640 4042 inter
1669 3999 1758 4057 se,
1787 3989 1922 4044 tum
1949 4001 2095 4046 cum
2117 3985 2438 4068 theologia
2467 3976 3044 4064 Christianaintime
3078 3976 3469 4085 conjungere
3495 4020 3712 4073 conata

446 4089 539 4145 est
562 4079 665 4160 (b).
694 4075 1014 4139 Sermonis
1041 4083 1247 4139 autem
1267 4079 1714 4159 proprietatem
1737 4084 1910 4162 quod
1929 4085 2169 4162 attinet,
2197 4090 2315 4152 etsi
2340 4093 2476 4154 eius
2495 4101 2679 4158 tenor
2698 4097 2964 4162 subinde
2987 4075 3390 4182 Byzaniinain
3422 4111 3711 4175 volubili-

447 4188 633 4245 tatem
664 4188 724 4242 ct
756 4177 1182 4255 anhelantem,
1204 4186 1274 4240 ut
1299 4179 1383 4242 ita
1415 4180 1644 4258 dicam,
1669 4184 2240 4268 multiloquentiam
2271 4195 2501 4272 prodit,
2535 4199 2825 4262 universe
2855 4177 3063 4264 tamen
3109 4224 3298 4270 sanus
3325 4221 3420 4272 est
3457 4221 3520 4276 et
3553 4233 3704 4295 qua-

445 4287 568 4347 lem
606 4283 786 4345 decet
815 4297 954 4343 esse
981 4281 1115 4342 eius
1139 4327 1154 4354 ,
1195 4281 1304 4360 qui
1338 4281 1710 4362 scriptorem
1741 4285 2325 4368 elquentissimum
2359 4295 2824 4378 interpretatur.
2864 4301 3255 4386 Quidl’quod
3291 4311 3457 4375 Elias
3492 4281 3708 4380 dictio-

446 4391 545 4452 nis
574 4388 638 4451 in
667 4384 968 4464 Gregorio
992 4384 1365 4463 elegantiam
1391 4388 1611 4484 sedulo
1642 4389 1942 4468 imitatur,
1970 4395 2102 4458 imo
2131 4395 2444 4460 interdum
2467 4419 2765 4482 superare
2796 4405 3065 4472 voluisse
3085 4384 3328 4474 videtur
3363 4415 3470 4496 (ο).
3495 4420 3712 4491 Quam-

444 4507 631 4570 quam
679 4487 847 4550 idem
893 4487 962 4548 in
1008 4494 1187 4560 λέξεσι
1233 4504 1415 4549 suum
1447 4506 1650 4551 aevum
1691 4489 1858 4554 haud
1906 4511 2048 4557 raro

2089 4498 2334 4576 prodit,
2373 4500 2437 4561 in
2478 4505 2706 4582 quibus
2747 4508 3034 4587 quaedam
3088 4487 3473 4598 61:065'196apct.
3516 4487 3704 4584 multa

444 4597 591 4663 ἅπαξ
609 4597 898 4667 λεγόμενα,
935 4583 1128 4648 multa
1169 4587 1321 4650 item
1352 4588 1648 4651 audacter
1687 4591 1982 4656 innovata
2011 4605 2342 4676 apparent,
2391 4608 2458 4662 ut
2489 4604 2621 4681 ejus
2650 4583 3091 4674 Commentarii
3123 4629 3158 4673 a
3203 4583 3456 4679 nomine
3493 4635 3705 4681 eorum

447 4893 564 4954 dus
597 4892 696 4964 sit,
731 4907 849 4966 ego
879 4889 1000 4952 iam
1034 4895 1177 4949 ante
1207 4887 1324 4950 hos
1351 4891 1712 4970 quindecim
1743 4913 1964 4971 annos,
1991 4902 2283 4966 Codicem
2315 4905 2732 4970 Basileensem
2767 4914 3097 4976 terendum
3121 4887 3370 4994 vnactds,
3403 4924 3540 4984 eius
3573 4941 3706 5004 par-

449 4996 563 5056 tim
593 4993 813 5054 saltcm
851 4991 1082 5053 edendi
1123 4990 1454 5054 consilium
1494 4994 1637 5075 cepi
1677 5013 1953 5079 eumque
1985 5006 2388 5086 excerpendo
2419 5011 2687 5072 excussi.
2719 5014 2846 5085 Qua
2875 5017 3132 5093 quidem
3160 5021 3226 5082 in
3255 5039 3324 5084 re
3352 4990 3412 5084 id
3450 4990 3701 5104 poti-ssi-

445 5114 618 5159 mum
648 5094 947 5174 spectavi,
978 5101 1040 5154 ut
1071 5092 1291 5154 sedulo
1321 5103 1709 5175 annotarem,
1739 5103 1972 5183 quibus
2000 5107 2196 5169 Eliam
2231 5109 2292 5170 in
2355 5127 2585 5187 genere
2624 5113 2985 5194 theologico
3017 5127 3078 5181 et
3118 5092 3470 5204 philologo.
3503 5123 3706 5190 excel-

518 5235 604 5328 (αὶ
633 5233 756 5291 Vid.
786 5233 1058 5316 Ullmann.
1088 5231 1287 5328 Grego'r;
1331 5241 1812 5328 nondyuaijmtzzp.
1839 5248 1898 5302 51
1938 5266 2021 5319 sq.
2135 5265 2137 5294 έ

2135 5253 2442 5328 lenit-urunt
2469 5271 2579 5311 sine
2601 5261 2776 5315 aetatis
2797 5262 3166 5328 adxersarins,
3193 5267 3244 5322 in
3271 5270 3520 5326 doctrina
3547 5275 3698 5328 Chri-

444 5317 539 5399 ιειιι
850 5307 1226 5399 titillt't'fllt'fl.
1241 5307 1319 5399 Pl;
1351 5312 1414 5399 t1:
1427 5309 1648 5399 W26-
1681 5307 1876 5399 natura
1896 5307 2026 5399 ,ινδ-

2129 5322 2388 5399 stianaah
2410 5327 2867 5399 illisi-indicanda
2891 5309 3172 5392 Platonicd
3194 5307 3697 5399 ctnnf‘n‘ris‘tdte‘lli'ci's

448 5376 1666 5482 ἓθξιιὶῗλρξί.τῗὲὲἳῑέἱ¹.¹ἓςἱῐίέἒὶἐῗὶἳ
1705 5376 1944 5444 Himerio
1973 5399 2026 5445 ει
2129 5376 3698 5482 ορωιυὲξιῖίείῖ’νΞίξόἷὲἒῗῑῖὲρὲἒὶἱὶἱὲἱιῗιιῖιῖιῗὺὶἑἑιὶῒὶτὶξέἑῖξἰ

445 5447 1596 5550 ι’τῖῑδξτιξξὲς..ῐ“ἓξξίξξτξξξηξεειέξιξ.,ςςδηειῖτημη
2129 5464 2272 5550 sle;
2299 5465 2458 5550 ιδεμ)
2492 5485 2543 5538 ρο
2570 5469 2641 5523 π
2665 5447 2765 5550 sui
3061 5447 3142 5547 ’δῖ’
3165 5447 3694 5550 Ξόῑιὶϊῖίὲῖεὲιέὶῖιῖν

520 5518 594 5588 (δ)
629 5517 975 5619 Ουεειιβιξαθ
1009 5517 1122 5573 lucc
1155 5520 1352 5619 1ξιιιιιιίξι
1389 5521 1600 5619 radices
1635 5527 1778 5619 apud
1819 5527 2026 5619 ρης-ειη·
2129 5517 3322 5614 aristarum};'ci.{.{liiu'iiiiuﬁk'éo'liciiia‘ié

407 5617 412 5650 -.
446 5589 592 5644 tinos
620 5589 852 5655 egerint,
891 5595 1210 5658 argumento
1260 5599 1345 5642 est
1389 5591 1543 5657 illud,
1584 5589 1730 5662 quod
1759 5599 1841 5654 vel
1870 5589 2026 5657 Cen:

448 5660 641 5693 ιι-..ιῑηρ
678 5657 995 5693 αμιιμιιηιίιιε
1052 5657 1439 5693 «napitham...
1489 5662 1764 5693 DI...|.....:-
1819 5676 1862 5693 ,α
1903 5668 1991 5693 m-

2238 5589 2247 5592 _
2353 5589 2362 5597 ,_
2543 5589 2662 5594 π---
2695 5589 2715 5595 _
2741 5589 2992 5603 .----...ν..,
3023 5589 3373 5606 πηνα-ω..
3415 5589 3506 5606 ...η
3592 5589 3693 5608 ...ν-

2129 5603 2272 5693 nuit,
2299 5623 2478 5693 neque
2502 5618 2683 5693 tamen
2717 5613 2819 5668 hoc
2838 5629 3226 5693 argumentum
3245 5589 3694 5693 satisvexglicnit.

447 5660 644 5714 nudius
669 5657 1018 5736 ,ὃςιυιιιιι-ἰιις,
1051 5657 1442 5746 acerbissimus
1485 5657 1769 5725 Plethonis
1815 5676 1868 5726 et
1901 5668 2026 5724 Pla-
2131 5657 2162 5658 η
2297 5657 2821 5754 calta-Silii};
